4116 6224
390 355 504 417 135

1205 356 1269 409 S.
1317 348 1759 412 CLEMENTIS
1809 352 1827 409 l
1878 349 2063 410 ItOM.
2112 348 2345 410 PONT.
2394 350 2653 411 OPERA
2700 350 2961 412 DUBIA.

3677 356 3791 417 136

386 487 542 543 enim
581 485 707 557 ipse
736 489 793 539 et
820 482 1035 539 dicitur
1062 487 1120 539 et
1164 486 1253 539 est
1287 500 1298 538 :
1333 482 1514 538 alium
1545 499 1678 539 vero
1710 496 1899 553 neque
1930 498 2023 537 ar—

2138 476 2348 535 νΔλλον
2383 477 2439 535 δὶ
2470 476 2592 536 οὔτε
2637 479 2877 554 νομίσαι,
2911 476 3034 536 (iii-re
3086 480 3254 539 εἰπεῖν
3287 480 3504 556 ἔξεστιν·
3539 486 3585 541 εί
3619 484 3677 542 δέ
3704 507 3793 551 τις

389 573 591 631 bitrari
624 589 811 644 neque
839 572 1029 627 dicere
1063 572 1195 627 licet
1249 588 1261 627 :
1313 578 1370 628 et
1415 589 1571 639 eum,
1626 570 1727 644 qui
1758 571 1814 626 id
1850 587 2032 626 ausus

388 662 584 727 fuerit,
618 667 897 732 perpetua
929 667 1128 717 manet
1156 662 1364 716 animas
1400 678 1587 733 pmna.

460 750 750 806 XXXVIII.
784 749 918 813 Quae
950 767 1083 805 cum
1120 751 1318 806 Petrus
1349 749 1612 815 dixisset,
1642 748 1841 804 Simon
1873 752 2036 805 extra

388 840 623 895 turbam
655 855 793 894 voce
825 856 1038 911 magna
1068 838 1197 893 infit
1224 857 1241 893 :
1274 838 1419 903 Quid
1463 843 1748 893 astantem
1784 836 1889 892 tibi
1918 836 2034 891 im-

388 929 631 1000 peritam
666 926 1105 983 multitudinem
1128 928 1213 983 vis
1244 926 1578 983 mentiendo
1603 927 2033 999 decipere,dum

385 1018 704 1090 persuades
734 1017 809 1084 ei,
841 1018 979 1073 deos
1010 1034 1115 1071 nec
1159 1016 1426 1072 arbitrari
1478 1016 1701 1072 licitum
1748 1032 1897 1082 esse,
1930 1031 2034 1071 nec

386 1107 598 1177 dicere,
646 1122 778 1161 cum
828 1105 1045 1178 publici
1079 1106 1418 1161 Judaaorum
1469 1105 1597 1161 libri
1650 1104 1865 1160 multos
1908 1120 2036 1161 esse

390 1198 529 1252 deos
559 1195 929 1251 asseverant?
961 1196 1028 1249 Et
1074 1211 1209 1250 vero
1243 1211 1397 1249 nunc
1426 1210 1621 1249 coram
1663 1193 1936 1249 omnibus
1966 1208 2035 1248 ex

386 1284 459 1340 iis
494 1284 662 1341 libris
694 1289 886 1339 tecum
920 1283 1221 1355 disputare
1271 1282 1394 1339 volo
1444 1283 1513 1337 de
1561 1300 1647 1351 eo,
1699 1283 1850 1353 quod
1893 1282 2035 1338 deos

381 1374 631 1430 existere
651 1373 729 1429 sit
752 1372 1210 1431 existimandum
1239 1389 1251 1426 :
1279 1378 1337 1427 et
1360 1371 1522 1444 prius
1554 1374 1611 1426 te
1631 1388 1696 1426 e3
1720 1370 1835 1426 Deo
1856 1386 2031 1442 quem

384 1462 698 1534 protulisti,
730 1462 1045 1517 ostendens
1097 1478 1230 1516 eum
1265 1477 1380 1515 non
1410 1476 1540 1515 esse
1583 1476 1925 1530 supremum
1966 1474 2033 1515 ac

381 1550 1013 1622 omnipotentem,quia
1035 1548 1400 1621 improvidus
1432 1550 1762 1604 futurorum
1794 1553 1902 1617 est,
1925 1548 2032 1603 im-

391 1640 700 1712 perfectus,
751 1639 1045 1711 indigens,
1109 1649 1223 1694 non
1275 1637 1719 1707 bonus,multis
1770 1636 2030 1694 millibus

381 1729 774 1801 gravibusque
803 1728 1107 1799 subjectus
1140 1728 1465 1783 affectibus.
1504 1727 1666 1783 Unde
1698 1726 1805 1782 hac
1835 1742 1895 1783 re
1925 1727 2029 1782 de-

383 1823 706 1873 monstrata
744 1834 812 1872 ex
849 1817 1191 1889 Scripturis,
1239 1816 1737 1888 quemadmodum
1778 1831 1884 1887 ego
1934 1831 2026 1871 as-

379 1923 529 1974 sero,
572 1911 768 1973 restat,
803 1911 865 1961 ut
896 1906 973 1961 sit
1002 1904 1152 1961 alius
1186 1906 1244 1960 in
1276 1905 1579 1976 Scriptura
1619 1922 1734 1960 non
1767 1920 2027 1960 comme-

379 1999 661 2065 moratus,
695 1994 973 2066 praescius
1006 1995 1360 2063 futurorum,
1393 1996 1702 2066 perfectus,
1737 2010 1851 2048 non
1882 1990 2029 2047 indi-

375 2100 541 2157 gens,
573 2086 780 2154 bonus,
836 2084 905 2138 ab
956 2084 1233 2139 omnibus
1276 2081 1449 2137 malis
1489 2081 1795 2137 affectibus
1842 2080 2015 2137 liber.

378 2173 478 2229 Ille
508 2191 579 2229 au
593 2179 731 2239 tem,
761 2189 934 2244 quem
966 2171 1458 2244 loqueris,mundi
1492 2172 1685 2244 opifex
1714 2169 2024 2227 contrariis

374 2262 678 2333 oppositus
714 2268 821 2316 est.

444 2349 674 2405 XXXIX.
707 2348 914 2405 Statim
948 2366 1084 2421 ergo
1118 2349 1219 2421 qui
1275 2349 1347 2404 ad
1398 2350 1527 2420 ejus
1568 2347 2021 2404 similitudinem

378 2440 566 2494 factus
597 2443 705 2507 est,
735 2439 1015 2501 Adamus,
1047 2439 1225 2493 etiam
1257 2454 1446 2493 czscus
1480 2444 1711 2493 creatur
1740 2442 1796 2492 et
1824 2436 2020 2508 cogni-

374 2527 590 2584 tionem
642 2527 776 2582 boni
824 2526 912 2582 vel
954 2526 1093 2582 mali
1146 2544 1261 2583 non
1314 2527 1589 2582 habuisse
1640 2526 1915 2589 traditur,
1965 2528 2023 2581 et

374 2622 773 2688 transgressor
800 2614 1114 2682 invenitur,
1148 2620 1205 2669 et
1241 2614 1473 2683 eiicitur
1499 2631 1530 2669 e
1562 2613 1832 2686 paradiso
1863 2629 2020 2668 mor-

373 2711 546 2777 teque
592 2703 929 2759 muIctatur.
963 2702 1153 2759 Simili
1202 2720 1437 2775 quoque
1492 2704 1686 2769 modo,
1718 2703 1816 2775 qui
1852 2702 2020 2757 ﬁnxit

374 2792 576 2860 illum;
612 2792 1085 2863 quandoquidem
1109 2792 1365 2864 undique
1399 2808 1512 2847 non
1544 2792 1719 2861 videt,
1754 2792 1809 2845 in
1843 2792 2019 2847 Sodo-

376 2898 607 2939 morum
634 2881 805 2937 exitio
835 2881 916 2936 ait
950 2898 962 2936 :
1004 2882 1187 2937 Venite
1231 2886 1284 2936 et
1313 2880 1689 2936 descendentes
1716 2880 2015 2951 videamus,

369 2988 445 3028 an
472 2970 769 3027 secundum
800 2969 1099 3026 clamorem
1155 2972 1426 3038 ipsorum,
1473 2971 1574 3041 qui
1626 2970 1696 3024 ad
1727 2987 1810 3025 me
1846 2972 2013 3037 venit,

366 3059 700 3133 perﬁciant;
728 3060 815 3114 sin
843 3060 1028 3114 minus
1075 3066 1134 3115 ut
1162 3059 1333 3114 sciam
1364 3058 1443 3130 (a)
1477 3075 1490 3113 :
1525 3076 1619 3124 en,
1650 3059 1922 3130 ignarum
1955 3075 2017 3115 se

370 3148 645 3206 ostendit.
680 3150 747 3203 Et
778 3164 911 3203 cum
943 3148 1084 3203 dicit
1113 3148 1184 3203 de
1216 3148 1440 3203 Adamo
1474 3165 1490 3201 :
1543 3149 1837 3219 Ejiciamus
1867 3164 2012 3216 eum,

2138 568 2489 643 τολμήσειεν,
2522 568 2711 634 ἀϊδίως
2742 572 2841 641 τὴν
2875 572 3060 648 ψυχὴν
3086 570 3420 643 κολασθῆναι
3453 570 3591 651 ἔχει.

2214 749 2524 806 XXXVIII.
2574 753 2678 803 Τοῦ
2729 750 2935 826 Πέτρου
2984 754 3150 806 ταῦτα
3203 750 3476 824 εἰπόντος,
3520 754 3549 808 6
3604 753 3789 826 Σίμων

2142 840 2256 911 (67)
2286 834 2385 907 ἔξω
2433 841 2529 893 τοῦ
2580 833 2757 913 ὅχλου
2809 839 2911 914 βοῇ
2964 839 3172 915 μεγάλῃ
3204 839 3326 919 ἔφη·
3360 842 3420 895 Τί
3461 841 3793 915 ψευδόμενος

2142 924 2346 996 ἀπατᾷν
2406 925 2582 989 θέλεις
2627 927 2717 982 τὸν
2777 928 3093 1002 παρεστῶτά
3152 950 3235 984 σοι
3295 927 3521 1001 ἰδιώτην
3577 927 3791 1008 ὄχλον,

2143 1013 2341 1070 πείθων
2392 1014 2551 1071 αὐτὸν
2603 1014 2756 1079 θεοὺς
2800 1018 2940 1089 μήτε
2983 1016 3243 1091 νομίζειν,
3300 1022 3439 1092 μήτε
3468 1018 3643 1097 λέγειν
3683 1021 3797 1093 ἐξὸν

2145 1103 2300 1174 εἶναι,
2327 1109 2435 1159 τῶν
2468 1106 2615 1182 παρὰ
2664 1102 2945 1167 Ἰουδαίοις
2976 1104 3256 1180 δημοσίων
3294 1103 3501 1185 βίϐλων
3543 1108 3794 1173 πολλοὺς

2142 1192 2294 1255 θεοὺς
2343 1193 2478 1249 εἶναι
2528 1193 2801 1271 λεγουσῶν
2836 1214 2850 1265 ;
2882 1195 2981 1250 Καὶ
3025 1200 3115 1250 νῦν
3162 1193 3218 1251 δὲ
3271 1198 3405 1262 μετᾶ
3444 1197 3655 1255 πάντων
3702 1200 3794 1254 ἀπ’

2144 1283 2319 1338 αὐτῶν
2345 1304 2429 1337 σοι
2478 1288 2584 1338 τῶν
2623 1278 2831 1359 βίϐλων
2878 1283 3001 1361 περὶ
3049 1290 3147 1340 τοῦ
3198 1282 3308 1340 δεῖν
3352 1286 3503 1351 θεοὺς
3546 1288 3792 1361 νομίζειν

2143 1375 2441 1443 συζητῆσαι
2489 1375 2533 1411 ⁸⁵
2590 1372 2754 1428 θέλω·
2808 1373 3070 1451 πρότερον
3120 1377 3245 1452 περὶ
3295 1374 3357 1431 οὗ
3412 1375 3545 1455 ἔφης
3604 1382 3740 1433 Θεοῦ
3771 1424 3788 1452 ,

2142 1456 2312 1531 δείξας
2377 1462 2452 1534 μὴ
2512 1460 2669 1518 αὐτὸν
2743 1462 2875 1518 εἶναι
2932 1464 3023 1518 τὸν
3074 1466 3118 1501 ⁹⁶
3169 1464 3427 1521 ἀνωτάτω
3474 1466 3565 1521 καὶ
3617 1467 3792 1521 πάντα

2142 1546 2435 1622 δυνάμενον
2490 1553 2580 1624 ⁸⁷,
2639 1552 2773 1607 καθὸ
2838 1552 3222 1628 ἀπρόγνωστός
3287 1553 3428 1610 ἐστιν
3467 1600 3483 1625 ,
3543 1555 3787 1630 άτελής,

2140 1634 2346 1710 ἐνδεὴς,
2380 1637 2480 1694 οὐκ
2506 1638 2727 1714 ἀγαθὸς,
2776 1640 2864 1695 καὶ
2913 1638 3149 1704 πολλοῖς
3196 1641 3409 1716 μυρίοις
3442 1645 3485 1680 ⁸⁸
3516 1643 3787 1719 χαλεποῖς

2142 1726 2492 1800 ὑποκείμενος
2542 1730 2759 1782 πάθεσιν
2791 1771 2805 1785 .
2850 1730 3005 1792 Ὅθεν
3058 1729 3255 1785 τούτου
3314 1727 3622 1807 δειχθέντος
3680 1731 3788 1788 ἀπὸ

2139 1820 2243 1870 τῶν
2276 1820 2523 1893 Γραφῶν,
2570 1816 2643 1879 ὡς
2678 1816 2782 1893 ἐγὼ
2833 1816 3000 1893 λέγω,
3031 1815 3215 1895 ἕτερος
3260 1819 3515 1898 ἀγράφως
3554 1824 3599 1859 ⁸³
3632 1842 3787 1897 περι-

2138 1902 2377 1959 λείπεται
2436 1904 2617 1978 εῖναι,
2675 1908 3083 1981 προγνωστικὸς
3118 1952 3132 1976 ,
3189 1908 3440 1976 τέλειος,
3502 1907 3784 1982 ἀνενδεὴς,

2136 1992 2355 2067 ἀγαθὸς,
2388 1994 2599 2049 πάντων
2652 1993 2912 2070 χαλεπῶν
2962 1999 3063 2053 99
3113 1996 3535 2074 ἀπηλλαγμένος
3578 2001 3785 2055 παθῶν.

2135 2082 2226 2137 Ὃν
2261 2080 2318 2136 δὲ
2366 2082 2428 2137 σὺ
2478 2082 2582 2161 φῄς
2614 2080 2978 2160 δημιουργὸν,
3018 2090 3134 2147 τοῖς
3187 2086 3443 2149 ἐναντίοις
3480 2086 3786 2161 ἀντικείμε-

2133 2191 2221 2232 νος
2257 2173 2323 2209 ¹⁰⁰
2350 2170 2605 2248 τυγχάνει
2621 2215 2632 2230 .

2204 2352 2444 2408 XXXIX.
2479 2349 2681 2406 Αὐτίκα
2709 2354 2840 2425 γοῦν
2872 2352 2900 2406 6
2929 2352 3047 2416 καθ’
3094 2351 3357 2426 ὁμοίωσιν
3410 2351 3575 2409 αὐτοῦ
3619 2375 3782 2431 γεγο-

2130 2438 2233 2502 νὼς
2294 2436 2470 2513 ’Δδᾶμ
2535 2440 2624 2495 καὶ
2689 2438 2894 2519 τυφλὸς
2951 2440 3188 2510 κτίζεται
3415 2442 3504 2497 καὶ
3578 2448 3781 2518 γνῶσιν

2129 2527 2335 2603 ἀγαθοῦ
2386 2529 2420 2598 ἢ
2452 2533 2620 2584 κακοῦ
2681 2528 2778 2584 οὐκ
2834 2528 2975 2606 ἔχων
3032 2527 3415 2606 παραδέδοται,
3476 2530 3565 2586 καὶ
3612 2553 3783 2609 παρα-

2129 2611 2298 2687 ϐάτης
2362 2616 2658 2694 εόρίσκεται
2712 2612 2805 2673 καί
2877 2623 2974 2673 τοῦ
3051 2615 3376 2694 παραδείσου
3451 2615 3774 2676 ἐκϐάλλεται

2126 2705 2215 2760 καὶ
2272 2706 2482 2779 θανάτῳ
2528 2711 2879 2781 τιμωρεῖται.
2932 2707 3167 2780 Ὁμοίως
3217 2729 3276 2762 τε
3328 2709 3418 2763 καὶ
3478 2710 3506 2764 6
3562 2708 3773 2774 πλάσας

2126 2794 2307 2868 αὐτὸν,
2341 2794 2455 2850 ἐπεὶ
2490 2797 2566 2869 μὴ
2621 2796 2958 2872 πανταχόθεν
3013 2796 3223 2872 βλεπει,
3267 2796 3354 2852 ἐπὶ
3384 2801 3452 2872 τῇ
3507 2796 3771 2871 Σοδόμων

2126 2887 2467 2961 καταστροφῇ
2553 2886 2665 2957 (69)
2742 2882 2890 2960 λέγει
2971 2907 2984 2919 ·
3046 2884 3205 2940 Δεῦτε
3281 2887 3372 2940 καὶ
3449 2881 3775 2950 καταϐάντες

2127 2970 2348 3046 ἴδωμεν,
2409 2973 2454 3027 εἰ
2510 2974 2645 3028 κατά
2699 2975 2799 3042 τὴν
2874 2976 3116 3050 κραυγὴν
3194 2974 3368 3030 αὐτῶν
3439 2977 3537 3045 την
3608 2975 3772 3052 ἐρχο-

2128 3060 2293 3135 μένην
2354 3061 2490 3138 πρός
2552 3083 2617 3135 με
2674 3060 3069 3118 συντελοῦνται·
3135 3063 3180 3118 εί
3234 3061 3292 3119 δὲ
3348 3066 3447 3136 μὴ,
3495 3063 3588 3120 ’ἱνα
3634 3070 3772 3139 γνῶ’

2123 3150 2212 3205 καὶ
2271 3149 2565 3225 ἀγνοοῦντα
2621 3151 2805 3206 ἑαυτὸν
2868 3155 2883 3188 ¹
2946 3149 3245 3209 δείκνυσιν.
3292 3158 3379 3225 Τῷ
3425 3156 3446 3190 ³
3497 3150 3554 3209 δὲ
3603 3154 3774 3210 εἰπεῖν

367 3255 436 3294 ne
460 3240 601 3310 forte
627 3247 854 3294 extensa
897 3254 1067 3292 manu
1114 3254 1215 3292 sua
1260 3239 1501 3305 attingat
1546 3239 1761 3307 tignum
1805 3240 1933 3295 vitae
1961 3246 2013 3294 et

2137 3239 2372 3314 περὶτοῦ
2420 3237 2610 3313 Ἀδάμ’
2645 3235 2999 3314 Ἐκὸάλωμεν
3055 3240 3233 3308 αὐτὸν,
3287 3243 3488 3315 μήπως
3541 3241 3776 3305 ἐκτείνας

364 3327 629 3395 comedat,
670 3336 722 3383 et
749 3328 887 3382 vivet
918 3328 981 3382 in
1011 3330 1287 3383 aeternum
1318 3326 1429 3398 (b);
1458 3327 1726 3392 dicendo,
1756 3344 1825 3382 ne
1850 3329 2010 3398 forte,

365 3416 630 3487 ignorat;
664 3414 930 3471 addendo
979 3420 1202 3481 autem,
1244 3431 1313 3470 ne
1355 3420 1495 3486 forte
1539 3416 1819 3471 comedens
1865 3418 2017 3472 vivat

367 3508 427 3559 in
481 3508 771 3571 a'ternum,
820 3504 1040 3559 invidet
1069 3520 1322 3575 quoque.
1374 3504 1517 3559 Cum
1549 3504 1833 3575 scriptum
1866 3510 1957 3561 est
1996 3520 2010 3561 :

370 3592 567 3649 Secum
614 3594 907 3663 reputavit,
958 3593 1117 3660 Deus,
1152 3592 1293 3663 quod
1342 3592 1561 3665 fecisset
1607 3593 1899 3659 hominem,
1958 3598 2017 3649 et

370 3682 714 3753 paenitentia
743 3682 977 3736 ducitur
1006 3686 1062 3736 et
1091 3685 1146 3736 et
1178 3683 1407 3753 ignorat
1438 3698 1451 3736 :
1488 3698 1622 3736 nam
1648 3681 1812 3752 illud,
1834 3698 2015 3737 secum

369 3774 671 3842 reputavit,
719 3770 1102 3827 consideratio
1150 3775 1258 3836 est,
1300 3787 1416 3841 qua
1446 3770 1661 3842 aliquis
1706 3771 1779 3826 ob
1812 3787 2012 3827 eorum

368 3880 497 3936 quis
528 3862 689 3933 cupit
718 3860 1142 3932 ignorationem
1168 3860 1345 3914 finem
1378 3858 1689 3931 diligenter
1717 3859 2015 3932 explorare

428 3988 506 4060 (a)
537 3990 678 4043 Gen.
710 4002 869 4055 xvm,
901 3986 992 4040 21.
1072 3984 1149 4057 (b)
1183 3984 1327 4041 Gen.
1363 4002 1441 4053 ιιι,
1474 3986 1563 4040 22.

2122 3329 2222 3397 τήν
2279 3334 2440 3405 χεῖρα
2485 3327 2650 3384 αὐτοῦ
2703 3331 2905 3404 ἅψηται
2950 3334 3046 3385 τοῦ
3100 3328 3268 3401 ξύλου
3315 3337 3417 3400 τῆς
3478 3336 3625 3401 ζωῆς
3682 3332 3773 3386 καὶ

2124 3414 2268 3496 φάγῃ
2318 3418 2407 3471 καὶ
2468 3419 2682 3488 ζήσεται
2715 3421 2736 3455 ³
2784 3417 2859 3480 εἰς
2914 3417 3007 3473 τὸν
3067 3418 3255 3473 αἰῶνα·
3317 3423 3397 3491 τῷ
3446 3418 3616 3473 εἰπεῖν
3673 3420 3778 3492 μή·

2123 3527 2239 3569 πως
2268 3549 2281 3573 ,
2342 3507 2529 3582 ἀγνοεῖ
2559 3526 2572 3539 ο
2630 3511 2710 3579 τῷ
2767 3504 2825 3562 δὲ
2883 3506 3203 3584 ἐπαγαγεῖν,
3270 3510 3343 3581 μή
3404 3528 3522 3570 πως
3586 3508 3772 3585 φαγὼν

2126 3597 2340 3665 ζήσεται
2392 3599 2412 3633 ⁴
2454 3598 2529 3657 εἰς
2584 3596 2675 3650 τὸν
2731 3596 2921 3667 αἰῶνα,
2979 3597 3070 3651 καὶ
3129 3597 3311 3674 φθονεῖ
3535 3596 3637 3653 Καὶ
3693 3594 3775 3670 τῷ

2122 3685 2464 3762 γεγράφθαι·
2522 3688 2638 3739 Ὅτι
2713 3684 3012 3758 ἐνεθυμήθη
3076 3686 3104 3740 6
3162 3685 3289 3747 Θεὸς
3322 3729 3336 3755 ,
3397 3684 3481 3741 ὅτι
3550 3684 3774 3755 ἐποίησε

2120 3773 2210 3827 τὸν
2273 3773 2573 3849 ἄνθρωπον,
2631 3771 2720 3827 καὶ
2796 3778 3046 3846 μετανοεῖ
3113 3774 3202 3828 καὶ
3261 3775 3483 3849 ἀγνοεῖ·
3542 3774 3607 3829 τὸ
3664 3774 3769 3850 γὰρ

2122 3859 2421 3935 ἐνεθυμήθη
2476 3860 2659 3937 σκέψις
2712 3861 2870 3935 ἐστὶν,
2902 3861 2939 3937 ᾖ
2970 3866 2992 3899 ⁵
3021 3883 3103 3926 τις
3153 3859 3221 3918 δι’
3270 3859 3489 3939 ἄγνοιαν
3530 3863 3601 3917 ὧν
3639 3861 3774 3940 βού-

1720 4110 1960 4167 VARIZE
2008 4112 2416 4169 LEC'I‘IONES.

433 4227 478 4263 ⁸⁸
532 4225 773 4298 νομίζειν
807 4224 920 4298 ,καὶ
985 4228 1292 4298 ⁸συζητῆσαι

1484 4225 1684 4301 κιτήν
1722 4226 1919 4301 _C.i"
1975 4228 2190 4301 Scripsi
2268 4224 2621 4301 Boveipievov,
2659 4233 2721 4284 ut
2774 4226 2865 4301 τόν
2946 4232 3073 4301 art.
3134 4227 3403 4301 habeat,
3453 4243 3570 4299 quo
3627 4226 3771 4284 refe-

372 4304 569 4374 ratur;
602 4292 919 4374 ’δυναμένην
973 4296 1141 4374 C,_O.
1192 4297 1328 4374 licet
1361 4292 1669 4374 _8uvzp..='.v1,v
1709 4298 1775 4374 in
1824 4300 1967 4371 Epit.
2018 4292 2192 4374 0536:
2237 4292 2480 4374 additur
2517 4292 2793 4374 πρόνοιαν.
2840 4300 2899 4355 8.
2962 4296 3185 4374 δύναμιν
3245 4292 3531 4374 excidisse
3581 4303 3768 4374 putat,

367 4372 517 4426 Tum
544 4369 662 4422 καθ’
694 4366 723 4422 8
752 4366 813 4425 C.
867 4369 909 4404 ⁸⁸
960 4367 1146 4424 Delevi
1196 4368 1255 4423 Ci
1287 4367 1375 4421 καὶ
1408 4366 1540 4422 ante

1592 4366 1806 4448 Euplovc
1829 4366 1895 4448 βό.
1923 4371 2105 4448 ΑΟ.-⁹⁸
2157 4372 2450 4448 Fprtasse_
2466 4366 2603 4448 legi
2630 4369 2865 4448 ἄγραφος
2894 4376 2958 4448 S_.
2988 4373 3055 4408 ¹⁰⁰
3098 4366 3455 4448 ’ὑποκείμενον
3488 4370 3563 4448 Ο..
3582 4366 3768 4448 aud

366 4440 537 4496 male.
570 4444 585 4476 ¹
618 4438 777 4493 αὐτόν
811 4443 869 4509 C,
904 4437 1061 4512 αὐτόν
1093 4441 1151 4495 S.
1233 4436 1324 4512 τῷ-
1345 4436 1700 4512 Epit._c.'35,_
1728 4438 1790 4493 τό
1820 4442 1881 4504 C.
1916 4441 1978 4496 Ο.
2015 4443 2165 4497 Tum
2198 4440 2382 4496 ἑαυτόν
2415 4443 2478 4498 Ο.
2503 4436 2792 4511 θνζὲσηῗταί
2820 4443 2879 4498 S.
2913 4444 3063 4499 Tum
3106 4442 3166 4496 τὸ
3215 4436 3383 4495 εἰπεῖν
3415 4472 3483 4483 -
3511 4440 3574 4494 τὸ
3620 4437 3679 4494 δέ
3707 4446 3764 4496 C.

358 4514 379 4547 ⁸
413 4513 641 4582 ζήσηται
673 4512 737 4569 S.
775 4508 922 4567 Tum
954 4511 1015 4565 τὸ
1044 4508 1335 4587 γεγράφθαι
1362 4508 1420 4567 C.
1452 4512 1473 4546 ⁸
1501 4508 1538 4584 ᾗ
1574 4512 1638 4579 D,
1670 4510 1705 4580 ἥ
1736 4513 1796 4583 C,
1830 4513 1875 4567 Ο
1905 4518 1961 4568 et
1992 4515 2137 4585 Epit.
2173 4514 2320 4575 Illud
2352 4508 2622 4587 exprimit
2651 4508 2839 4571 versio
2870 4515 2954 4570 Ci.

1732 4644 2113 4702 VARIORUM
2153 4646 2382 4702 NOT/E.

429 4753 545 4823 (67)
575 4750 632 4803 '0
658 4750 866 4823 Σίμων.
917 4751 978 4806 In
1039 4750 1297 4807 Cedreno

1357 4768 1414 4823 p7.
1466 4752 1589 4817 170,
1630 4752 1753 4808 471.
1786 4752 1897 4807 Sed
1954 4757 2011 4808 et
2117 4752 2356 4808 absurda
2400 4753 2698 4823 turpiaque
2743 4752 2887 4807 dictu
2936 4751 3235 4823 collegisse,
3270 4752 3466 4823 quibus
3504 4749 3650 4821 apud
3680 4765 3770 4806 eos

366 4822 699 4879 notabiliter
732 4822 932 4879 Moses
980 4823 1321 4895 Bar-Cepba
1370 4822 1899 4879 Commentariorum
1945 4824 2010 4879 de
2117 4826 2213 4895 qui
2242 4826 2300 4879 in
2332 4840 2456 4879 vera
2485 4823 2590 4893 ﬁde
2608 4822 2904 4889 durarent,
2937 4822 3138 4879 mundi
3155 4822 3427 4879 auctorem
3450 4824 3621 4878 Deum
3642 4837 3770 4891 sug-

363 4894 627 4950 Paradiso
662 4900 822 4966 parte
851 4912 934 4963 III,
958 4911 1084 4966 cap.
1125 4900 1139 4947 ι
1183 4894 1432 4966 {Objicit
1461 4895 1651 4950 Simon
1684 4901 1897 4966 Magus,
1930 4897 2013 4950 in-

364 4969 556 5038 quiens
590 4983 607 5021 :

2121 4896 2343 4968 gillqret
2373 4912 2386 4950 :
2411 4903 2701 4968 propterea
2728 4911 3020 4968 corporum
3047 4911 3269 4968 quoque
3316 4896 3769 4968 resurrectionem

696 4982 800 5039 eus~
839 4967 939 5039 ille,
977 4969 1074 5038 qui
1118 4966 1387 5021 Adamum
1434 4966 1697 5038 coudidit,
1746 4968 2014 5036 impotens
2115 4966 2325 5039 perﬁde
2355 4966 2528 5023 illum
2559 4982 2803 5039 negasse.
2826 4966 3002 5023 Tom.
3037 4967 3079 5022 I.
3120 4966 3479 5023 Bibliotheca
3508 4966 3764 5021 Patrum.

362 5037 480 5094 erat
510 5042 671 5109 atque
700 5037 997 5110 imbecillis
1034 5056 1051 5092 :
1095 5053 1269 5109 neque
1296 5039 1447 5110 enim
1475 5037 1688 5109 efﬁcere
1724 5042 1921 5110 potuit,
1952 5040 2013 5095 ut
2116 5037 2251 5094 Co'r.

362 5108 609 5165 maneret
657 5109 918 5182 Adamus,
950 5108 1569 5182 qualemiessevolebat,
1624 5108 1756 5178 etci,
1792 5127 1893 5182 per
1922 5114 2010 5182 t_o~

362 5188 488 5236 tum
522 5184 717 5252 caput,
754 5181 907 5305 quod
944 5179 1243 5264 concludit
1275 5180 1365 5236 bis
1388 5180 1579 5237 verbis
1606 5199 1619 5237 :
1644 5179 1813 5264 Porro
1842 5181 1908 5236 de
1927 5180 2011 5237 Si-

362 5268 518 5305 mone
546 5252 694 5305 Μααο
725 5253 769 5305 il
798 5252 869 5305 ud
913 5268 1055 5305 scire
1082 5256 1320 5305 nretium
1366 5255 1464 5305 est.
1515 5269 1630 5305 esse
1672 5270 1766 5305 aut
1796 5254 2005 5305 dicant-

362 5268 518 5307 mone
546 5252 694 5322 Mago
725 5252 869 5308 illud
913 5254 1055 5307 scire
1080 5254 1320 5323 pretium
1366 5255 1464 5317 est,
1515 5269 1630 5308 esse
1672 5255 1768 5324 qui
1796 5254 1984 5308 dicant

362 5327 540 5395 ipsum
570 5297 892 5393 inaspeciem
930 5297 1155 5393 quidém
1206 5297 1501 5379 assensisse
1547 5297 1712 5381 Mosi’s
1760 5327 1886 5394 legi,
1915 5297 2008 5380 sed

355 5394 540 5468 plures
572 5396 801 5468 interim
830 5394 951 5450 deos
999 5395 1266 5468 posuisse.
1299 5411 1534 5468 quorum
1561 5412 1705 5468 unus
1732 5398 1805 5451 sit
1832 5396 2005 5451 imbe-

356 5466 525 5523 cillus
556 5471 719 5539 atque
749 5466 1089 5538 impotens,is
1109 5468 1206 5537 qui
1233 5466 1503 5522 Adamum
1538 5467 1703 5537 ﬁnxit
1730 5469 1966 5539 fecitque
1983 5484 2005 5529 ,'

2190 5110 2303 5181 (68)
2331 5105 2545 5186 Τυφλὸς
2574 5105 2829 5186 κτίζεται.
2874 5107 3141 5186 Memipit
3188 5105 3537 5186 Philastrius
3584 5105 3767 5186 Ingre-

2119 5177 2368 5253 ticorum
2402 5177 2817 5252 quorumdam,
2864 5180 2963 5253 qui
2994 5180 3283 5235 Adamum
3315 5183 3373 5234 et
3404 5177 3766 5253 Evamdice-

2118 5252 2259 5308 bant
2290 5249 2471 5309 caecos
2503 5253 2681 5324 fuisse
2704 5249 3021 5324 antequam
3046 5256 3385 5324 gustassent
3413 5249 3484 5303 de
3514 5249 3720 5324 arbore
3743 5264 3766 5311 .'

2118 5329 2434 5450 posteaque
2478 5323 2779 5396 aperuisse
2826 5319 3078 5391 oculos,-
3096 5329 3155 5379 et
3190 5321 3407 5378 vidisse
3437 5319 3763 5376 nuditatem

2118 5412 2306 5450 suam.
2366 5412 2421 5450 ο.

2366 5412 2421 5450 ι).

2115 5412 2306 5451 suam.

2184 5468 2296 5538 (69)
2500 5468 2565 5538 τῇ
2606 5461 2884 5541 ..Σοδόμων
2912 5463 3308 5541 ίκαταστροφῇ.
3364 5464 3511 5519 Vide
3566 5462 3764 5519 locum

357 5522 499 5595 alter
528 5522 656 5594 vero
688 5538 789 5594 hoc
814 5522 1086 5609 Superior,
1116 5522 1789 5609 major,potentior.ﬂzltios
1819 5522 2000 5594 autem
2113 5522 2300 5609 Gl‘yca':
2332 5538 2388 5591 in
2412 5522 2571 5609 Nota
2602 5539 2669 5593 73
2698 5522 2868 5594 inira.
2906 5540 2987 5594 Io.

357 5621 557 5685 putare
594 5610 841 5665 Simonis
887 5611 1029 5681 Magi
1072 5612 1397 5685 sententiam
1436 5610 1630 5685 fuisse,
1674 5610 1940 5685 mundum
1965 5628 2003 5685 ρ

2203 5611 2304 5685 70),
2326 5606 2427 5665 Καὶ
2468 5609 2675 5685 φθονεῖ.
2722 5610 2914 5669 Moses
2962 5607 3304 5685 Bar-Cepha
3358 5606 3545 5683 capite
3589 5621 3766 5681 supe-

358 5680 508 5741 mala
535 5698 705 5741 causa
732 5690 913 5741 ortum
940 5680 1089 5746 esse;
1119 5690 1285 5756 atque
1322 5680 1448 5741 ideo
1478 5683 1643 5741 illum
1687 5680 2003 5757 hujusmodi
2109 5680 2229 5741 rius
2258 5680 2450 5739 aitato.
2480 5680 2572 5741 'Io.
