4116 6224
268 384 390 444 137

1406 383 1932 447 CLEMENTINA.
1966 415 2044 428 —
2083 382 2413 445 HOMILIA
2457 386 2562 446 ΠΙ.

3567 386 3683 447 138

265 512 421 569 λεται
469 515 537 570 τὸ
583 514 743 577 τέλος
791 509 1090 591 ἀκριϐὦσαι
1140 514 1303 589 θέλει,
1353 513 1390 585 ἥ
1423 514 1508 571 ἐπὶ
1556 520 1635 587 τῷ
1669 516 1745 588 μὴ
1788 515 1924 569 κατᾶ

2053 514 2182 581 vult,
2216 520 2317 570 aut
2345 517 2613 572 convenit
2639 533 2767 573 eam
2798 517 2870 573 ob
2904 532 3025 571 rem
3048 515 3389 588 paenitendi,
3412 533 3543 588 qua:
3563 534 3680 573 non

261 605 499 677 γνώμην
553 603 816 659 ἀποοάντι
867 602 1356 678 μεταμελομένου⁶
1389 649 1401 662 .
1464 604 1563 659 Καὶ
1616 605 1679 659 τὸ
1736 601 1929 679 γεγρά-

264 694 395 768 φθαι
448 711 461 724 °
550 693 650 748 Καὶ
711 693 995 771 ὡσφράνθη
1076 692 1273 770 Κύριος
1352 693 1529 767 ὀσμήν
1588 696 1743 750 100
1799 692 1929 747 εὐω-

264 779 410 849 δίας,
469 780 689 844 ἐνδεοῦς
745 782 926 852 ἐστιν,
984 782 1074 837 καὶ
1126 782 1189 837 τὸ
1261 781 1348 837 ἐπὶ
1406 782 1594 856 κνίσσῃ
1633 785 1655 819 ⁷
1714 786 1924 858 σαρκῶν

262 872 533 942 ἡσθῆναι,
594 871 695 926 οὐκ
747 871 971 947 ἀγαθοῦ.
1025 871 1095 926 Τὸ
1156 868 1214 926 δὲ
1261 870 1558 948 πειράζειν,
1609 871 1683 934 ὡς
1733 872 1926 947 γέγρα-

260 980 417 1014 τπαι·
456 961 559 1015 Καὶ
617 960 864 1036 ἐπείρασε
919 959 1119 1035 Κύριος
1170 962 1262 1016 τὸν
1291 956 1561 1037 Ἀϐραὰμ,
1623 964 1792 1016 κακοῦ
1836 959 1927 1014 καὶ

259 1052 325 1103 τὸ
358 1049 526 1112 τέλος
557 1056 660 1118 τῆς
692 1050 975 1122 ὑπομονῆς
1006 1047 1343 1126 ἀγνοοῦντος.

338 1142 457 1196 XL.
521 1141 702 1211 Ὀμῶς
751 1139 832 1193 ιδ
890 1138 1078 1212 Σίμων
1137 1137 1325 1195 πολλὰ
1376 1136 1482 1194 ἀπό
1531 1142 1641 1195 τῶν
1698 1141 1925 1216 Γραφῶν

263 1225 446 1282 ἐδόκει
510 1224 769 1282 δεικνύειν
826 1226 919 1283 τὸν
965 1226 1093 1283 Θεὸν
1141 1227 1302 1283 παντὶ
1348 1226 1506 1291 πάθει
1548 1227 1924 1300 ὑποκείμενον.

267 1317 371 1371 Καὶ
423 1317 453 1370 6
516 1315 724 1390 Πέτρος
768 1317 903 1392 πρὸς
951 1320 974 1353 ⁹
1012 1313 1179 1373 ταῦτα
1225 1315 1349 1392 ἔφη·
1410 1317 1475 1372 Εἰ
1525 1313 1695 1390 μηδὲν
1745 1316 1929 1391 ἀγαπᾷ

263 1407 294 1459 6
324 1407 500 1467 κακὸς
557 1405 649 1461 καὶ
706 1407 841 1461 πάνυ
893 1406 1177 1481 μοχθηρὸς
1226 1405 1308 1484 ἐφ’
1353 1405 1433 1468 οἷς
1483 1404 1776 1479 ἁμαρτάνει
1810 1406 1929 1460 ὲαυ-

260 1494 361 1548 τὸν
395 1492 677 1569 ἐλέγχειν,
730 1489 1016 1569 ἀπόκριναί
1064 1515 1179 1567 μοι.
1226 1493 1325 1549 Καὶ
1375 1495 1404 1549 6
1446 1493 1635 1567 Σίμων
1664 1492 1790 1573 ἔφη’
1821 1493 1931 1549 Οὐκ

269 1584 481 1657 ἀγαπᾷ.
546 1582 645 1637 Καὶ
702 1583 731 1637 6
785 1582 986 1657 Πέτρος
1046 1580 1176 1660 ἔφη·
1246 1586 1370 1645 Πῶς
1422 1585 1467 1620 ¹⁰
1515 1580 1606 1638 οὖν
1652 1583 1814 1645 κακὸς
1839 1582 1929 1637 καὶ

272 1672 573 1748 μοχθηρὸς
624 1670 755 1726 εἶναι
804 1668 1023 1726 δύναται
1064 1672 1092 1727 6
1124 1672 1277 1739 Θεὸς,
1311 1668 1459 1745 εἴπερ
1508 1671 1673 1726 αὐτοῦ
1704 1671 1933 1745 λήμμα-

266 1781 319 1814 τι
358 1765 399 1797 ¹¹
450 1761 524 1815 τὰ
568 1762 687 1815 κατ’
740 1760 902 1815 αὑτοῦ
949 1762 1087 1815 κακὰ
1134 1757 1377 1833 δημοσίᾳ
1417 1759 1684 1839 γραφέντα
1735 1780 1931 1836 προσε-

2039 605 2365 660 secundum
2389 606 2739 662 sententiam
2756 606 3185 678 contigit.Quod
3200 606 3374 661 etiam
3397 606 3683 677 scriptum

2038 699 2145 759 est,
2177 698 2229 749 et
2257 694 2515 751 odoratus
2550 701 2629 750 est
2678 696 2941 750 Dominus
2988 693 3205 750 odorem
3253 695 3541 749 suavitatis
3583 696 3681 768 (α),

2037 783 2354 856 indigentis
2384 788 2492 852 est,
2526 788 2583 839 et
2633 783 2834 839 nidore
2889 783 3153 839 carnium
3204 783 3499 854 delectari,
3564 802 3679 840 non

2035 878 2124 928 est
2152 872 2310 928 boni.
2346 874 2593 929 Tentare
2641 877 2859 939 autem,
2908 872 3064 928 sicut
3110 871 3395 943 scriptum
3442 878 3577 928 est:
3612 875 3689 929 Et

2036 963 2266 1016 tentavit
2292 963 2554 1017 Dominus
2582 962 2961 1018 Abrahamum
2991 962 3088 1033 (b),
3137 960 3275 1016 mali
3305 974 3412 1030 est,
3460 978 3526 1017 ac
3555 963 3683 1034 ejus

2036 1050 2138 1121 qui
2170 1051 2399 1124 ignoret
2427 1052 2646 1107 exitum
2680 1050 2994 1123 patientia.

2106 1140 2218 1196 XL.
2251 1140 2463 1213 Sicque
2492 1140 2693 1196 Simon
2725 1139 2928 1195 multis
2962 1157 3032 1196 ex
3081 1140 3380 1212 Scriptura
3409 1139 3553 1196 locis
3585 1158 3681 1196 as-

2036 1230 2292 1301 sumptis
2320 1230 2632 1286 videbatur
2659 1230 3115 1302 probare,Deum
3138 1229 3297 1286 omni
3326 1231 3706 1302 perpessioui

2036 1333 2164 1374 esse
2196 1318 2535 1375 obnoxium.
2570 1319 2639 1373 Et
2688 1318 2890 1375 Petrus
2940 1319 3012 1374 ad
3062 1319 3186 1375 haec
3232 1320 3377 1376 dixit
3407 1339 3420 1379 :
3455 1327 3542 1376 An
3574 1322 3685 1395 qui

2038 1406 2230 1463 malus
2261 1424 2327 1463 ac
2358 1407 2528 1480 plane
2558 1407 2863 1480 improbus
2892 1413 3002 1473 est,
3054 1407 3389 1464 nullatenus
3433 1410 3571 1466 velit
3616 1427 3680 1467 se

2040 1496 2165 1568 ipse
2193 1513 2437 1569 arguere
2468 1496 2529 1552 in
2561 1496 2632 1552 iis
2687 1513 2814 1567 quis
2863 1501 3083 1568 peccat,
3135 1500 3421 1569 responde
3472 1500 3619 1555 mihi
3652 1500 3682 1556 ?

2040 1586 2359 1657 Respondit
2389 1586 2592 1641 Simon
2626 1603 2640 1642 :
2673 1584 2913 1641 Minime
2942 1585 3097 1642 velit.
3157 1587 3394 1659 Excepit
3423 1590 3629 1645 Petrus
3666 1606 3681 1645 :

2041 1690 2156 1745 quo
2188 1675 2359 1730 modo
2389 1673 2568 1746 igitur
2615 1673 2808 1730 malus
2862 1690 2929 1729 ac
2968 1674 3273 1746 improbus
3321 1693 3448 1732 esse
3498 1682 3689 1749 potest

2042 1763 2215 1833 Deus,
2249 1780 2384 1819 cum
2429 1764 2615 1835 ipsius
2672 1763 2967 1819 voluntate
3026 1766 3341 1836 opprobria
3392 1765 3452 1821 in
3512 1766 3687 1823 illum

265 1849 444 1919 τέθη;
484 1850 589 1906 Καὶ
622 1850 651 1903 6
684 1848 891 1922 Σίμων·
945 1847 1254 1925 Ἐνδέχεται
1308 1851 1383 1922 μή
1420 1852 1464 1887 ¹²
1494 1851 1630 1905 κατὰ
1676 1849 1932 1925 προαίρεο

2053 1852 2373 1924 conscripta
2403 1852 2634 1924 publice
2666 1853 2932 1924 apposita
2959 1853 3096 1908 sint.
3142 1860 3220 1909 Ae
3251 1855 3452 1910 Simon
3489 1874 3502 1912 :
3543 1856 3688 1911 Fieri

267 1960 357 1993 σιν
416 1935 589 1993 αὐτοῦ
649 1939 735 2016 ὑφ’
810 1938 993 2015 ἐτέρας
1072 1936 1352 2010 δυνάμεως
1422 1940 1513 1993 τὸν
1588 1944 1702 1994 κατ’
1771 1938 1936 1993 αὐτοῦ

268 2034 560 2105 γραφῆναι
614 2023 865 2103 ἔλεγχον.
926 2026 1031 2084 Καὶ
1088 2028 1117 2083 6
1170 2028 1374 2102 Πέτρος
1426 2024 1548 2106 ἔφη’
1598 2032 1819 2103 Πρῶτον
1845 2027 1936 2082 οὗν

266 2121 438 2172 τοῦτο
495 2119 844 2189 ζητήσωμεν.
898 2115 961 2171 Εἰ
1016 2116 1111 2189 μὲν
1164 2116 1268 2171 ὑπὸ
1324 2119 1424 2185 τῆς
1482 2116 1673 2171 ἑαυτοῦ
1727 2113 1934 2191 βουλῆς

270 2207 468 2261 ἑαυτὸν
513 2204 757 2281 ἤλεγξεν,
810 2205 885 2267 ὡς
935 2204 1139 2283 φθάσας
1190 2204 1677 2281 συνωμολόγησας,
1714 2215 1936 2280 μοχθη-

272 2296 367 2371 ρὸς
402 2294 511 2349 οὐκ
558 2290 725 2364 ἔστιν,
758 2294 802 2348 εἰ
836 2292 893 2349 δὲ
948 2294 1035 2372 ὑφ’
1082 2293 1266 2370 ἑτέρας
1319 2291 1618 2367 δυνάμεως,
1673 2295 1935 2364 ζητητέον

268 2385 359 2438 καὶ
413 2382 584 2437 παντὶ
658 2382 827 2447 σθένει
886 2382 1222 2453 ἐξεταστέον,
1283 2385 1358 2456 μή
1410 2403 1493 2443 τις
1550 2382 1710 2437 αὐτὸν
1775 2382 1935 2455 μόνον

272 2474 484 2548 ἀγαθὸν
517 2468 647 2527 ὄντα
676 2471 764 2527 ἐπὶ
794 2478 924 2527 πᾶσι
952 2478 1069 2535 τοῖς
1100 2477 1289 2535 κακοῖς
1322 2466 1585 2527 ὑπέϐαλεν
1616 2474 1678 2529 ¹³.

339 2661 494 2713 XLI.
538 2654 646 2711 Καὶ
704 2655 732 2710 6
793 2654 1003 2727 Σίμων·
1067 2651 1359 2729 Πρόδηλος
1416 2654 1461 2708 εί
1517 2654 1770 2732 φεύγων,
1832 2653 1938 2709 ἀπὸ

276 2751 378 2801 τῦν
446 2749 681 2821 Γραφῶν
740 2746 830 2799 τὸν
891 2744 1028 2799 κατά
1086 2748 1219 2799 Θεοῦ
1268 2765 1364 2798 σου
1414 2741 1638 2798 ἀκοῦσαι
1679 2740 1936 2818 ἔλεγχον.

280 2836 371 2890 ΚΞῖ
414 2836 448 2890 6
510 2835 745 2909 Πέτρος
806 2832 978 2895 Αύτός
1041 2854 1135 2907 μοι
1194 2832 1353 2910 φαίνῃ
1408 2837 1567 2888 τοῦτο
1620 2836 1823 2888 ποιῶν.
1881 2832 1938 2886 Ὀ

278 2927 378 2999 γὰρ
439 2922 595 2993 τάξιν
674 2924 953 2991 ζητήσεως
1032 2920 1240 2999 φεύγων
1299 2920 1531 2992 ἐξέτασιν
1606 2920 1787 2990 ἀληθῆ
1842 2941 1936 2994 γε·

276 3015 466 3067 νέσθαι
496 3011 561 3066 οὐ
600 3010 875 3085 βούλεται.
906 3014 1059 3074 Ὅθεν
1092 3013 1239 3067 101
1276 3009 1386 3085 ἐγὼ
1414 3014 1483 3084 τῇ
1529 3010 1672 3080 τάξει
1712 3009 1938 3085 χρώμε-

276 3123 390 3169 νος,
440 3099 535 3155 καὶ
588 3098 928 3173 βουλόμενος
977 3104 1193 3175 πρῶτον
1246 3100 1337 3154 τὸν
1386 3098 1689 3177 συγγραφέα
1741 3099 1935 3167 νοηθῆ-

271 3213 383 3258 ναι,
437 3186 730 3265 πρόδηλός
780 3188 893 3261 εἶμι
936 3190 1033 3257 τήν
1079 3187 1283 3252 εὐθεῖαν
1335 3185 1537 3243 ὁδεύειν
1589 3186 1780 3251 θέλων.
1835 3186 1935 3244 Καὶ

2048 1945 2239 2012 potest
2270 1946 2334 1997 ut
2359 1941 2519 1997 illius
2545 1942 2917 2013 reprehensio
2966 1946 3170 1996 contra
3219 1942 3405 2014 ipsius
3455 1951 3695 2001 senten-

2047 2030 2189 2085 tiam
2223 2030 2296 2084 ab
2328 2029 2442 2085 alia
2467 2031 2678 2085 virtute
2708 2030 2785 2085 sit
2814 2030 3052 2101 scripta.
3085 2030 3239 2085 Dixit
3280 2032 3486 2088 Petrus
3522 2050 3534 2089 :
3571 2034 3692 2089 Pri-

2047 2135 2211 2173 mum
2242 2134 2378 2190 ergo
2409 2118 2517 2174 hoc
2549 2135 2901 2190 quaeramus.
2934 2120 2989 2173 Si
3024 2136 3128 2174 suo
3161 2120 3397 2192 quidem
3443 2122 3687 2178 consilio

2047 2224 2109 2262 se
2150 2206 2541 2279 reprehendit,
2593 2212 2658 2261 ut
2704 2212 2765 2262 tu
2811 2208 2974 2279 prius
3025 2208 3174 2263 ultro
3242 2211 3545 2266 confessus
3602 2227 3690 2278 es,

2046 2295 2352 2367 improbus
2379 2313 2493 2351 non
2520 2301 2646 2364 est;
2680 2297 2770 2351 sin
2802 2313 2934 2351 vero
2966 2295 3078 2352 alia
3109 2298 3338 2366 virtute,
3388 2298 3690 2371 inquiren-

2048 2386 2189 2439 dum
2220 2389 2309 2440 est
2337 2402 2403 2440 ac
2431 2385 2707 2440 omnibus
2749 2384 2970 2440 viribus
3013 2386 3492 2458 examinandum,
3545 2406 3690 2444 num

2048 2474 2181 2545 quis
2213 2490 2370 2540 eum,
2403 2474 2503 2546 qui
2533 2473 2694 2530 solus
2726 2473 2915 2529 bonus
2945 2474 3173 2545 existat,
3207 2476 3482 2532 omnibus
3515 2476 3691 2534 malis

1968 2564 1971 2565 ⁷
2048 2563 2381 2633 subjecerit.

2116 2653 2254 2709 XLI.
2283 2654 2354 2708 Et
2381 2652 2579 2708 Simon
2616 2670 2628 2708 :
2663 2652 3035 2708 Manifestum
3068 2657 3160 2708 est
3202 2657 3259 2708 te
3289 2655 3688 2726 reprehensio-

2048 2759 2182 2798 nem
2214 2743 2313 2797 Dei
2344 2741 2428 2797 tui
2462 2759 2530 2797 ex
2560 2742 2882 2813 Scripturis
2913 2742 3066 2797 nolle
3096 2742 3318 2798 audire.
3349 2745 3428 2799 Ac
3460 2749 3686 2801 Petrus:

2046 2831 2129 2887 Tu
2166 2831 2291 2903 ipse
2320 2831 2378 2886 id
2407 2832 2594 2886 facere
2624 2830 2769 2885 mihi
2797 2831 3032 2886 videris.
3066 2830 3172 2895 Qui
3213 2832 3369 2887 enim
3424 2834 3689 2890 ordinem

2048 2919 2390 2992 quaestionis
2422 2920 2587 2989 fugit,
2620 2936 2863 2974 examen
2919 2936 3124 2974 vorum
3184 2921 3307 2975 ﬁeri
3368 2939 3482 2977 non
3540 2923 3685 2979 vult.

2048 3008 2210 3065 Unde
2240 3025 2367 3080 ego,
2398 3008 2495 3079 qui
2527 3007 2728 3063 ordine
2759 3014 2908 3074 utor,
2942 3013 2998 3064 et
3023 3008 3151 3064 volo
3212 3010 3467 3081 primum
3500 3012 3691 3068 consi-

2048 3097 2236 3153 derari
2267 3097 2629 3168 scriptorem,
2666 3097 2972 3151 manifeste
3002 3098 3173 3169 cupio
3206 3104 3362 3154 recta
3391 3099 3480 3155 via
3533 3101 3689 3157 ince-

2048 3187 2201 3242 dere.
2234 3187 2384 3241 Tum
2416 3185 2615 3241 Simon
2644 3202 2658 3240 :
2694 3185 2885 3240 Primo
2918 3186 3115 3241 fatere.
3140 3204 3213 3241 an
3246 3205 3379 3243 vera
3409 3189 3529 3244 sint
3559 3207 3688 3261 quas

272 3281 301 3333 6
362 3278 590 3349 Σίμων’
648 3275 1029 3353 Ὁμολόγησον
1086 3282 1325 3353 πρῶτον,
1383 3274 1491 3353 εἶ’γε
1542 3281 1609 3331 τά
1664 3277 1800 3331 κατὰ
1837 3279 1935 3331 τοῦ

2053 3276 2265 3346 scripta
2294 3278 2436 3329 sunt
2463 3273 2520 3328 in
2546 3274 2749 3329 mundi
2777 3275 3044 3346 opificem
3068 3293 3171 3330 nec
3204 3277 3280 3331 sit
3301 3278 3565 3333 omnium
3594 3296 3690 3334 su-

272 3367 634 3441 δημιουργοῦ
691 3367 1045 3441 γεγραμμένα
1104 3364 1282 3435 ἀληθῆ
1342 3364 1475 3433 ἐστι,
1530 3369 1618 3420 καί
1676 3364 1776 3420 ούκ
1826 3362 1937 3419 ἔστι

270 3462 381 3512 τῶν
416 3453 572 3511 ὅλων
624 3456 908 3530 ἀνώτερος,
962 3455 1097 3510 κατὰ
1142 3455 1238 3517 τὰς
1286 3456 1499 3533 Γραφὰς
1530 3456 1672 3529 πάσῃ
1716 3453 1937 3509 ὑποκεί-

279 3564 447 3618 μενος
510 3542 817 3617 μοχθηρίᾳ,
877 3542 967 3596 καὶ
1026 3541 1242 3618 ὕστερον
1298 3545 1605 3615 ζητήσομεν
1661 3542 1753 3597 τὸν
1806 3563 1937 3617 συγ-

276 3634 593 3708 γράψαντα.
639 3632 744 3687 Καὶ
793 3632 821 3685 ὁ
871 3632 1095 3707 Πέτρος·
1141 3633 1253 3687 ’Ίνα
1300 3632 1374 3705 μή
1422 3628 1595 3702 δόξω,
1640 3629 1936 3705 ἀντιλέγειν

280 3744 378 3777 σου
441 3720 513 3795 τῇ
574 3719 757 3792 ἀταξίᾳ
814 3721 890 3792 μή
951 3718 1123 3784 θέλων
1186 3723 1249 3789 ¹⁴,
1303 3725 1501 3791 ζητεῖν,
1552 3719 1938 3795 ἀποκρίνομαι.

281 3812 429 3887 Ἐγώ
461 3831 609 3885 φημι
642 3807 724 3863 ὅτι
756 3808 800 3863 εἷ
830 3808 897 3863 τὰ.
924 3808 1061 3863 κατά
1085 3808 1182 3864 τοῦ
1212 3812 1344 3867 Θεοῦ
1371 3810 1720 3885 γεγραμμένα
1758 3808 1939 3879 ἀληθῆ

282 3896 396 3967 εἴη,
435 3894 593 3951 οὔπω
619 3896 711 3950 τὸν
743 3898 871 3952 Θεὸν
906 3893 1140 3951 δείκνυσι
1192 3896 1501 3973 μοχθηρόν.
1535 3896 1637 3955 Καὶ
1688 3898 1715 3953 6
1757 3895 1942 3970 Σίμων

281 3985 412 4064 ἔφη’
452 3990 579 4047 Πῶς
608 3990 766 4041 τοῦτο
798 3992 1057 4054 συστῆσαι
1090 3982 1349 4055 δύνασαι;

356 4076 532 4133 XLII.
567 4074 671 4130 Καὶ
701 4075 729 4129 6
777 4073 1001 4147 Πέτρος’
1050 4077 1170 4129 Ὅτι
1227 4079 1346 4135 ταῖς
1403 4072 1561 4129 αὐτὸν
1613 4078 1795 4137 κακῶς
1854 4073 1946 4131 λε-

2046 3381 2306 3436 premus,
2338 3380 2472 3419 cum
2496 3364 2667 3434 juxta
2694 3364 3024 3436 Scripturas
3055 3366 3211 3420 omni
3240 3367 3509 3437 nequitiae
3542 3369 3687 3423 sub-

2039 3455 2253 3526 jaceat,
2304 3458 2360 3508 et
2408 3458 2608 3525 postea
2652 3452 2993 3524 scriptorem
3061 3471 3415 3525 quaramus.
3483 3458 3687 3513 Petrus

2050 3546 2293 3598 autem:
2348 3542 2431 3597 Ne
2478 3540 2675 3597 videar
2718 3542 3038 3612 inquirere,
3098 3543 3301 3598 nolens
3359 3546 3689 3601 confusioni

2050 3636 2167 3688 tuae
2194 3630 3091 3703 oontradicere,respondeo.Ego
3122 3631 3213 3686 aio
3244 3633 3421 3702 quod,
3454 3635 3687 3691 etiamsi

2053 3738 2179 3792 quae
2210 3719 2490 3774 adversus
2524 3720 2703 3773 Deum
2736 3718 2954 3790 scripta
2983 3724 3140 3787 sunt,
3182 3726 3381 3776 essent
3408 3738 3561 3791 vera,
3578 3739 3693 3778 non

2052 3814 2249 3866 tamen
2316 3808 2494 3863 etiam
2560 3808 2646 3863 sic
2716 3809 2896 3863 Deum
2965 3809 3338 3864 ostenderent
3400 3826 3530 3865 esse
3590 3810 3697 3865 im-

2056 3897 2323 3970 probum.
2355 3897 2424 3952 Et
2450 3896 2647 3952 Simon
2679 3896 2825 3952 dixit
2855 3913 2869 3952 :
2903 3897 3025 3962 Quo
3056 3899 3227 3954 modo
3267 3903 3431 3970 potes
3461 3898 3570 3955 hoc
3600 3916 3695 3956 as-

2054 3992 2249 4043 truere
2268 3986 2298 4042 ?

2128 4075 2314 4131 XLIII.
2374 4076 2449 4130 At
2504 4074 2710 4131 Petrus
2742 4092 2757 4143 ;
2789 4074 3072 4141 Quoniam
3131 4078 3426 4132 contraria
3481 4075 3702 4150 scripta

284 4164 516 4240 γούσαις
549 4169 755 4241 φωναῖς
787 4166 832 4202 ¹⁸
858 4163 926 4219 τά
974 4162 1184 4218 ἐναντία
1229 4163 1548 4239 γέγραπται,
1582 4162 1644 4218 οὗ
1679 4165 1722 4201 ﬂ
1753 4161 1936 4219 ei'vsxei

2061 4168 2201 4221 sunt
2230 4164 2302 4219 iis
2332 4162 2570 4219 vocibus
2601 4179 2731 4235 quas
2763 4168 2877 4220 Deo
2898 4163 3297 4236 obloquuntur
3320 4170 3704 4238 :quapropter

288 4251 410 4308 οὐδ’
461 4252 723 4327 ὁπότερον
785 4247 1148 4328 βεϐαιωθῆναι
1208 4248 1447 4309 δύναται.
1507 4251 1607 4306 Καὶ
1657 4253 1685 4307 6
1738 4252 1949 4327 Σίμων·

290 4347 423 4403 Πῶς
456 4338 574 4410 οὖν,
602 4346 709 4395 τῶν
766 4346 990 4417 Γραφῶν
1037 4345 1144 4395 τῶν
1200 4340 1295 4413 μὲν
1344 4339 1502 4395 αὐτὸν
1553 4341 1717 4395 κακὸν
1758 4339 1953 4417 λεγου-

294 4435 407 4485 σῶν
434 4433 502 4498 ίτ,
533 4434 642 4484 τῶν
693 4426 753 4485 δὲ
801 4429 1024 4504 ἀγαθὸν,
1072 4429 1135 4484 τὸ
1183 4426 1387 4498 ἀληθὲς
1438 4424 1578 4484 ἔστιν
1615 4429 1954 4504 ἐπιγνῶναι;

294 4518 401 4576 Καὶ
434 4519 464 4573 6
495 4517 715 4593 Πέτρος·
756 4520 917 4573 ’Ὅσαι
962 4521 1070 4572 τῶν
1127 4521 1350 4595 Γραφῶν
1401 4517 1575 4595 φωναὶ
1608 4523 1936 4596 συμφωνοῦσ

2068 4520 2291 4576 bonum
2339 4518 2367 4573 ?
2398 4519 2465 4572 Et
2524 4519 2729 4574 Petrus
2782 4534 2795 4574 :

2062 4258 2335 4309 neutrum
2369 4256 2560 4324 potest
2588 4256 2812 4307 certum
2838 4269 2904 4308 ac
2938 4252 3172 4309 ﬁrmum
3213 4253 3395 4309 reddi.
3430 4255 3581 4309 Tum
3612 4252 3704 4308 Si-

2063 4359 2202 4398 mon
2237 4358 2250 4397 :
2285 4341 2410 4405 Qua
2438 4356 2574 4413 ergo
2605 4341 2830 4396 ratione
2874 4357 3075 4396 verum
3134 4358 3483 4413 cognoscere
3539 4341 3697 4412 licet,

2067 4447 2202 4486 cum
2233 4447 2302 4486 ex
2331 4430 2642 4501 Scripturis
2673 4429 2797 4485 aliae
2836 4432 3013 4485 Deum
3053 4429 3275 4486 malum
3326 4431 3542 4501 dicant,
3575 4430 3703 4486 alia;

2849 4520 3219 4590 Quaecunque
3275 4519 3709 4591 Scripturarum

295 4613 369 4680 τῇ
404 4608 495 4662 ὑπ’
524 4607 690 4662 αὐτοῦ
719 4607 983 4683 γενομένῃ
1029 4604 1222 4676 κτίσει,
1273 4603 1499 4677 ἀληθεῖς
1556 4605 1708 4660 εἰσιν
1752 4606 1870 4662 ὅσαι
1903 4604 1936 4661 δ

2070 4609 2246 4664 verba
2277 4623 2411 4662 cum
2434 4606 2725 4662 creatione
2751 4607 2821 4661 ab
2851 4607 2977 4678 ipso
3011 4609 3161 4663 facta
3192 4609 3717 4674 concordant,vera

299 4697 559 4764 ἐναντίαι,
616 4693 829 4770 ψευδεῖς
879 4696 1282 4770 τυγχάνουσιν.
1343 4694 1444 4752 Καὶ
1502 4696 1531 4749 6
1590 4694 1779 4769 Σίμων
1832 4691 1956 4775 ἔφη’

304 4788 431 4844 Πῶς
482 4781 703 4837 δύνασαι
753 4782 1165 4855 ἐναντιουμένοις
1217 4782 1429 4845 ἑαυταῖς
1482 4780 1648 4856 δεῖξαι
1695 4785 1792 4846 τὰς
1828 4790 1960 4859 Γρα-

2071 4701 2229 4763 sunt,
2264 4710 2627 4767 quaecunque
2646 4711 2778 4749 vero
2810 4711 2945 4749 cum
2986 4712 3053 4751 ea
3086 4701 3367 4767 pugnant,
3403 4697 3568 4751 falsa.
3602 4696 3717 4750 Ex-

2071 4784 2222 4857 cepit
2252 4784 2448 4839 Simon
2487 4801 2500 4838 :
2534 4782 2641 4847 Qui
2682 4784 2986 4839 ostendere
3034 4791 3200 4856 potes
3231 4783 3342 4841 sibi
3393 4784 3721 4840 contrarias

304 4876 409 4951 φάς
440 4890 458 4942 ;
493 4872 594 4927 Καὶ
643 4873 672 4927 6
718 4872 925 4948 Πέτρος
974 4869 1098 4950 ἔφη·
1148 4872 1248 4926 Τὸν
1299 4870 1479 4945 ’Δδάμ
1525 4870 1730 4951 τυφλὸν
1778 4870 1936 4947 λέγει.

2072 4889 2202 4930 esse
2226 4872 2559 4945 Scripturas
2586 4873 2615 4927 ?
2643 4872 2926 4944 Respndit
2970 4873 3205 4930 Petrus:
3241 4875 3537 4930 Adamum
3568 4873 3720 4929 dicis

300 4962 651 5040 γεγενῆσθαι,
681 4960 815 5037 ὅπερ
847 4961 947 5015 οὐκ
973 4963 1061 5030 ῆν.
1094 4959 1165 5014 Οὐ
1212 4960 1315 5037 γὰρ
1364 4959 1427 5015 ’ἀν
1473 4960 1665 5039 τυφλῷ
1710 4959 1960 5017 ἐντελλόο

383 5116 467 5189 (α)
499 5117 642 5171 Gen.
673 5131 798 5184 VIII,
826 5115 917 5171 21.
952 5114 1030 5187 (b)
1056 5113 1199 5171 Gen.
1230 5130 1347 5184 xxi,
1381 5114 1433 5169 1.

2072 4978 2291 5020 caecum
2351 4961 2666 5017 formatum
2742 4961 2958 5029 fuisse;
3010 4963 3168 5033 quod
3218 4967 3419 5019 tamen
3465 4961 3563 5018 ille
3608 4978 3724 5018 nou

1686 5239 1931 5296 VARIIE
1970 5236 2276 5296 LECTION
2285 5237 2392 5294 ES.

385 5364 408 5445 ξ
443 5361 1105 5445 μἐταμελομένου-,ν-ᾳυρά
1138 5366 1375 5445 spectat.
1391 5362 1461 5417 ad
1493 5358 1679 5445 σκέψις
1706 5367 1798 5445 Il,
1834 5358 2270 5445 perapflq'uévcp
2285 5362 2419 5445 “(1.,
2457 5358 2935 5445 μέταμελουμένου
2980 5358 3619 5445 βρίιηΑμεταμελομένῳ

314 5436 335 5471 ⁷
366 5431 453 5492 Iu’
484 5436 541 5490 S.
583 5431 744 5491 Idem'
770 5442 862 5492 est
889 5431 1261 5492 Uttoboniani
1295 5431 1511 5502 κνίσσει,
1542 5431 1612 5490 CI
1632 5432 1804 5506 κνίσῃ.
1835 5431 1858 5469 ⁸
1889 5431 2063 5502 Ῐῐάδ,
2096 5431 2250 5507 ὅμως
2281 5433 2342 5496 C,
2379 5431 2615 5488 ΟρΡοεὶ
2679 5431 2857 5509 ραφῶν
2889 5431 3035 5507 Epit:
3068 5453 3114 5491 ο.
3135 5431 3218 5491 ’38
3258 5431 3527 5506 adiungit
3555 5431 3735 5491 κακῶς

318 5499 711 5559 ἐκλαμϐάνων.
754 5508 775 5542 ⁹
812 5505 947 5559 ποόε
978 5506 1352 5559 nmtermisit
1379 5508 1435 5559 8.
1467 5521 1517 5559 ο.
1550 5505 1634 5559 Cl.
1670 5507 1714 5543 ιο
1744 5508 2132 5559 Subnotatum
2177 5510 2266 5559 est
2296 5501 2481 5557 ἑαυτόν
2530 5504 2588 5557 in
2780 5507 2849 5559 ad
2901 5508 3016 5559 cui.
3068 5525 3226 5559 oram
3279 5507 3353 5559 al.
3403 5521 3561 5559 man.
3608 5497 3735 5559 ἴσως

318 5499 711 5579 ἐκλαμϐάνων.
754 5508 775 5542 ⁹
812 5505 947 5580 πρός
978 5506 1435 5580 ρῐιςξειετωὶεἱιβ.
1550 5505 1634 5580 _Cl.
1670 5507 1714 5543 ¹⁰
1744 5499 2144 5580 Subnotatum
2177 5510 2266 5561 est
2296 5501 2481 5580 ἔαυτόν
2523 5504 2588 5580 in

2780 5507 2849 5560 ad
2901 5497 3016 5577 c'uj.
3068 5525 3226 5563 oram
3279 5497 3353 5561 al'.
3403 5497 3561 5577 m'an.
3608 5497 3735 5577 ἴσως

314 5574 541 5640 πῶς.’¹¹
578 5583 748 5650 Itaq‘U
774 5574 864 5650 Ac;
898 5574 995 5645 D.,
1044 5575 1306 5650 λείμματι
1356 5578 1441 5644 0.,
1490 5574 1761 5650 θελήματι
1812 5581 1956 5645 Epit.
1996 5575 2464 5650 Tum‘jtpoetéOQ
2512 5576 2652 5650 Epit.
2707 5575 2753 5612 ¹²
2806 5578 2881 5647 μή
2919 5574 2994 5650 ,S.
3046 5596 3114 5633 ex
3159 5580 3404 5650 Epitome
3436 5575 3738 5650 Ldeestjn

316 5651 472 5724 GLO.
508 5650 556 5685 ¹³
589 5643 855 5703 ὑπέλαϐεν
884 5643 1034 5722 Epit.
1077 5643 1228 5705 “Ita
1256 5648 1316 5704 S.
1348 5663 1401 5703 ο.
1452 5663 1573 5703 var.
1612 5643 1755 5706 lect.
1808 5643 2081 5721 Epitomes
2128 5643 2304 5703 θέλειν
2338 5649 2399 5719 C,
2431 5646 2499 5703 D.
2534 5643 2577 5682 ¹⁵
2622 5643 2878 5724 γραφαῖς
2903 5649 2966 5705 Ο.
3016 5650 3057 5686 ¹⁶
3103 5643 3214 5703 τοῦ
3245 5654 3302 5704 S.
3350 5664 3399 5704 c.
3450 5646 3533 5715 C1,
3565 5644 3739 5703 male.

319 5723 364 5763 ιτ
394 5718 684 5796 λεγουσῶν
716 5725 894 5783 κακῶς
922 5718 988 5779 Ο.

614 5850 882 5914 ΡΑτιιοι..
912 5850 1026 5913 Gn.
1068 5848 1149 5912 II.

3428 5844 3468 5912 5
