4116 6224
343 380 459 439 id!

1486 379 2022 443 CLEMENTINA.
2058 410 2133 424 —
2163 380 2493 443 HOMILIA
2534 382 2641 443 III.

3645 390 3762 451 142

348 511 466 583 μετ’
525 510 788 587 εἰρήνης,
840 511 1063 591 τραφεὶς
1121 511 1173 567 ἐν
1228 513 1386 588 γήρει
1438 510 1613 584 καλῷ·
1672 511 1898 586 τετάρτῃ
1946 507 2005 565 δὲ

2121 516 2473 581 generatione
2500 519 2842 571 revertentur
2870 516 2975 573 huc
3002 534 3021 571 :
3050 515 3281 574 necdum
3309 519 3459 575 enim
3485 521 3761 592 completa

343 604 501 675 γενεᾷ
572 600 1085 677 ἆποστραφήσονται
1160 598 1267 656 ὧδε
1298 619 1312 631 ⁸
1394 598 1551 655 οὔπω
1624 602 1728 678 γὰρ
1806 601 2001 655 ἀναπε-

342 689 675 765 πλήρωνται
734 690 788 744 αἱ
850 688 1111 767 ἁμαρτίαι
1176 693 1282 745 τῶν
1342 688 1690 767 ’Δμορῥαίων
1744 686 1849 752 ἕως
1904 691 2003 744 τοῦ

341 800 459 834 νυν.

414 868 612 924 XLIV.
645 867 707 922 Τί
739 864 819 937 δὲ,
869 866 998 942 οὐχὶ
1046 866 1135 922 καὶ
1186 873 1424 937 Μωΰσῆς
1459 870 1505 905 ²⁸
1531 868 1598 922 τὰ
1636 869 2005 944 ἁμαρτήματα

338 960 440 1009 τοῦ
474 954 621 1010 λαοῦ
651 956 1045 1031 προσημαίνει,
1092 958 1181 1011 καὶ
1229 958 1329 1026 τήν
1376 955 1671 1033 διασπορὰν
1700 957 1801 1026 τήν
1831 956 1907 1019 εἷς
1938 956 2005 1011 τὰ

341 1042 467 1114 ἔθνη
503 1042 788 1121 προδηλοῖ
825 1063 840 1113 ;
875 1045 937 1099 Εἰ
970 1042 1028 1100 δὲ
1074 1050 1292 1101 Μωυσεῖ
1342 1049 1388 1083 ²⁰
1416 1046 1576 1108 αὐτὸς
1627 1043 1829 1101 δέδωκε
1864 1066 2001 1119 προ-

340 1136 663 1208 γινώσκειν,
721 1138 838 1196 πῶς
895 1133 1057 1196 αὐτὸς
1117 1134 1216 1190 οὐκ
1267 1134 1412 1211 εἶχεν
1449 1153 1463 1205 ;
1497 1136 1655 1211 Ἔχει
1704 1132 1780 1190 δέ.
1830 1134 1894 1190 Εἰ
1944 1132 2003 1191 δὲ

341 1221 488 1298 ἔχει,
554 1222 737 1296 ὥσπερ
784 1223 874 1277 καὶ
927 1220 1224 1297 ἐδείξαμεν,
1283 1223 1535 1297 περισσόν
1597 1223 1708 1279 ἐστι
1760 1224 1824 1279 τὸ
1881 1245 1999 1301 γε-

336 1310 686 1389 γριμμένον·
748 1311 1077 1385 ἐνεθυμήθη,
1141 1313 1252 1385 καὶ,
1316 1312 1708 1387 μετεμελήθη·
1768 1314 1857 1369 καὶ
1914 1313 1999 1387 τὸ,

336 1395 584 1462 καταϐάς
642 1396 873 1475 ὄψομαι,
934 1400 979 1455 εἰ
1034 1400 1170 1455 κατὰ
1224 1403 1323 1471 τὴν
1395 1403 1640 1479 κραυγὴν
1699 1402 1874 1457 αὐτῶν
1932 1404 1997 1439 ³⁸)·

338 1491 429 1544 καὶ
480 1490 585 1544 ὅσα
632 1494 875 1544 τοιαῦτα·
910 1491 1088 1544 ἅτινα
1136 1491 1242 1566 πρὸ
1287 1494 1384 1545 τοῦ
1432 1493 1692 1566 γενέσθαι,
1744 1491 1820 1554 ὡς
1864 1491 2000 1546 ἀπο-

340 1574 554 1633 ϐαίνειν
624 1576 872 1651 ἤμελλεν
907 1624 923 1647 ,
979 1578 1438 1655 προῃωσθέντα,
1497 1578 1785 1654 οἰκονομίᾳ
1859 1583 1999 1659 σοφῇ

344 1666 770 1741 ἀμεταμέλητον
802 1669 846 1706 ³1
880 1662 1148 1741 λαμϐάνει
1176 1670 1276 1737 την
1310 1663 1546 1724 ἔκϐασιν.

2112 612 2241 656 sunt
2266 607 2491 673 peccata
2538 605 2983 662 Amorrhaeorum
3010 622 3183 679 usque
3219 606 3290 662 ad
3332 623 3577 679 praesens
3621 614 3757 665 tem-

2106 690 2343 763 pus(at

2182 869 2363 927 XLIV.
2395 869 2540 937 Quid
2588 887 2742 943 vero,
2787 887 2980 929 nonne
3026 875 3084 929 et
3129 876 3352 946 Moyses
3398 873 3609 930 delicta
3651 892 3754 948 po-

2112 955 2236 1027 puli
2269 958 2619 1028 praenuntiat
2648 958 3146 1031 etdispersionem
3165 960 3223 1014 in
3242 964 3447 1032 gentes
3468 962 3756 1034 praedicit?

2110 1045 2165 1100 Si
2198 1050 2391 1102 autem
2427 1046 2583 1103 Deus
2616 1048 2794 1121 Moysi
2826 1048 3095 1120 praescire
3125 1050 3553 1123 concessit,quo
3583 1052 3785 1108 modo-

2111 1134 2537 1205 przescieutiam
2586 1136 2712 1209 ipse
2760 1154 2874 1193 non
2925 1138 3137 1195 habeat
3165 1138 3193 1193 ‘I
3240 1140 3428 1195 Habet
3478 1140 3753 1211 profecto.

2111 1224 2273 1289 Quod
2306 1224 2355 1279 si
2388 1224 2582 1293 habet,
2616 1230 2682 1282 ut
2728 1230 2784 1282 et
2822 1227 3210 1297 ostendimus,
3244 1228 3484 1284 modum
3534 1230 3759 1287 excedit

2112 1313 2268 1384 quod
2299 1313 2584 1386 scriptum
2616 1319 2704 1370 est
2736 1332 2749 1370 :
2785 1316 2972 1370 Secum
3004 1317 3298 1387 reputavit,
3332 1320 3410 1388 et,
3434 1320 3759 1389 paenitentia

2110 1401 2301 1457 ductus
2330 1406 2449 1467 est;
2478 1408 2535 1458 et
2565 1401 2709 1458 illud
2745 1403 3109 1459 :Deseendens
3136 1404 3328 1460 videbo
3357 1422 3431 1459 an
3461 1406 3759 1463 secundum

2110 1489 2422 1547 clamorem
2466 1506 2671 1559 eorum,
2728 1490 2960 1563 aliaque
3008 1493 3320 1564 ejusmodi,
3373 1510 3504 1566 qus:
3568 1496 3755 1567 prius,

2113 1597 2289 1652 quam
2322 1580 3053 1653 accidissent,praacognita
3068 1582 3563 1654 quemadmodum
3597 1600 3761 1640 even-

2111 1673 2245 1725 tura
2274 1674 2456 1740 erant,
2489 1669 2763 1741 prudenti
2796 1670 3304 1727 administratione
3332 1688 3447 1728 non
3477 1673 3759 1744 pceniteu-

2111 1758 2252 1813 dum
2280 1758 2487 1814 sortita
2510 1762 2650 1814 sunt
2678 1758 2918 1814 exitum.

412 1847 581 1905 XLV.
614 1847 686 1901 Τὸ
732 1843 789 1901 δὲ
837 1846 1033 1900 θυσιῶν
1083 1844 1240 1901 αὐτὸν
1302 1850 1378 1919 μὴ
1445 1846 1762 1922 ὀρεχθῆναυ
1820 1846 2000 1926 φαίνε-

2180 1847 2343 1902 XLV.
2377 1847 2672 1903 Sacriﬁcia
2701 1851 2900 1903 autem
2927 1847 2999 1903 ab
3031 1865 3096 1905 eo
3128 1864 3243 1904 non
3274 1848 3485 1920 expeti,
3517 1854 3761 1923 apparet

339 1956 432 1990 ται
485 1934 548 1990 ἐκ
598 1938 699 1990 τοῦ
727 1933 853 1996 τοὺς
885 1933 1323 2006 ἐπιθυμήσαντας
1376 1939 1547 2010 κρεῶν
1597 1936 1709 2009 ἅμα
1753 1940 1832 2008 τῷ
1874 1936 2000 2011 γεύ-

343 2026 538 2079 σασθαι
596 2023 987 2098 ἀναιρεθῆναι,
1045 2021 1135 2077 καὶ
1197 2022 1509 2098 χωσθέντας
1562 2023 1647 2078 ἐπὶ
1715 2026 1795 2097 τῷ
1848 2024 2004 2104 τάφῳ

350 2113 552 2187 βουνὸν
608 2111 907 2183 ἐπιθυμιῶν
965 2112 1488 2186 προσαγορευθῆναι.
1542 2112 1598 2166 Ὀ
1657 2109 1715 2167 δὲ
1768 2114 1867 2181 τήν
1909 2114 2004 2189 ἀρ-

344 2203 456 2276 χὴν
521 2199 608 2255 ἐπὶ
668 2199 815 2264 θύσει
868 2199 1020 2268 ζώων
1069 2198 1441 2274 χαλεπαίνων,
1490 2199 1700 2255 θύεσθαι
1750 2200 1885 2256 αὐτᾶ
1926 2202 2001 2275 μὴ

342 2289 566 2358 θέλων,
628 2288 811 2350 θυσίας
868 2289 941 2350 ὡς
994 2287 1269 2360 ἐπιθυμῶν
1325 2288 1392 2342 οὐ
1456 2291 1810 2364 προσετασσεν
1842 2338 1857 2364 ,
1914 2291 2004 2346 καὶ

342 2378 607 2453 ἀπαρχάς
642 2380 689 2414 ³²
742 2376 841 2431 οὐκ
885 2376 1103 2450 ἀπῄτει.
1136 2378 1299 2431 Ἀνευ
1330 2379 1431 2453 γάρ
1462 2377 1663 2441 θύσεως
1698 2380 1850 2448 ζώων
1885 2377 2008 2434 οὔτε

340 2468 525 2521 θπίαι
575 2464 879 2536 τελοῦνται,
931 2464 1055 2520 οὔτε
1106 2468 1151 2502 ³³
1182 2465 1424 2542 ἀπαρχαὶ
1477 2463 1699 2537 δοθῆναι
1733 2466 2003 2527 δύνανται.

340 2562 469 2619 Πῶς
505 2553 565 2610 δὲ
594 2554 776 2627 σκότῳ
823 2554 913 2609 καὶ
961 2553 1149 2633 γνόφῳ
1197 2555 1285 2610 καὶ
1332 2558 1487 2613 104
1518 2556 1720 2631 θυέλλῃ
1765 2560 1812 2595 ³⁸
1841 2563 2009 2613 συνεῖ-

337 2667 425 2700 ναι
459 2642 694 2699 δυνατὸν
742 2646 789 2681 ³³
826 2643 936 2718 (καὶ
984 2643 1086 2718 γάρ
1135 2648 1296 2699 τοῦτο
1346 2645 1668 2721 γέγραπται)
1715 2652 1795 2719 τῷ
1842 2659 2007 2711 καθα-

342 2736 435 2807 ρὸν
488 2736 819 2804 συστήσαντι
874 2733 1120 2807 οὐρανὸν,
1176 2732 1265 2787 καὶ
1326 2738 1440 2812 φῶς
1488 2733 1693 2813 φαίνειν
1745 2733 2011 2813 δημιουρ-

343 2828 573 2899 γήσαντι
635 2823 728 2877 τὸν
805 2820 1005 2891 ἥλιον,
1061 2821 1151 2876 καὶ
1224 2827 1355 2876 πᾶσι
1428 2829 1544 2886 τοῖς
1619 2825 2010 2901 ἀναριθμήτοις

344 2912 569 2987 ἄστροις
631 2913 676 2948 ³⁸
738 2904 1155 2983 ἀμεταμέλητον
1207 2911 1445 2987 ὁρίσαντι
1502 2916 1609 2967 τῶν
1656 2911 1876 2989 δρόμων
1907 2916 2005 2984 τήν

345 3001 522 3071 τάξιν.
556 2999 768 3069 Οὕτως,
803 3000 848 3053 ὧ
878 3002 922 3035 ³⁷
964 2999 1169 3072 Σίμων,
1198 3000 1261 3055 τὸ
1302 3005 1398 3056 τοῦ
1438 3006 1573 3056 Θεοῦ
1622 3003 2005 3082 χειρόγραφον,

346 3089 502 3163 λέγω
555 3086 734 3145 ἂτὸν
786 3087 1036 3165 οὐρανὸν,
1084 3090 1318 3162 καθαρὰν
1369 3090 1459 3144 καὶ
1511 3085 1730 3167 βεϐαίαν
1763 3094 1863 3162 τὴν
1910 3097 2009 3148 τοῦ

344 3178 725 3246 πεποιηκότος
758 3174 993 3232 δείκνυσι
1026 3178 1271 3252 γνώμην.

2111 1952 2181 1991 ex
2213 1951 2278 1992 eo
2329 1936 2504 2008 quod,
2541 1936 2641 2007 qui
2684 1952 2887 1992 carnes
2935 1937 3429 2007 desideraverant,
3462 1938 3642 1994 simul
3691 1956 3758 1995 ac

2112 2029 2425 2096 gustarunt
2454 2024 2740 2080 interfecti
2772 2028 2946 2093 sunt;
2981 2025 3173 2097 iisque
3203 2026 3262 2081 in
3293 2026 3558 2099 sepulcro
3589 2044 3759 2101 agge-

2114 2112 2239 2180 stis,
2273 2112 2437 2168 locus
2486 2112 2813 2185 appellatus
2861 2119 2949 2169 est
2986 2115 3234 2171 tumulus
3279 2118 3757 2187 concupiscentia.

2115 2200 2220 2266 Qui
2252 2218 2388 2274 ergo
2420 2202 2490 2257 ab
2521 2201 2686 2257 initio
2718 2201 3179 2258 immolationem
3231 2203 3576 2259 animalium
3610 2221 3760 2277 aegre

2114 2287 2269 2359 tulit,
2301 2288 2440 2360 quia
2469 2305 2535 2343 ea
2561 2288 2804 2344 mactari
2837 2288 3088 2357 nolebat,
3122 2291 3425 2359 sacriﬁcia,
3460 2292 3627 2363 quasi
3657 2309 3758 2364 ap-

2117 2382 2355 2448 peteret,
2406 2395 2520 2432 non
2554 2379 2844 2450 praecepit,
2880 2395 2983 2433 nec
3032 2378 3323 2451 primitias
3372 2382 3577 2453 exegit.
3612 2382 3758 2438 Nam

2116 2466 2242 2521 sine
2299 2465 2644 2521 animalium
2695 2466 3067 2538 jugulatione
3126 2485 3229 2523 nec
3268 2469 3557 2524 sacriﬁcia
3613 2470 3757 2527 cele-

2116 2556 2383 2626 brantur,
2418 2570 2523 2610 nec
2574 2556 2845 2627 primitiae
2877 2556 3068 2611 otl'erri
3114 2564 3384 2629 possunt.
3418 2562 3540 2625 Quo
3588 2560 3761 2615 modo

2117 2649 2311 2699 autem
2343 2648 2570 2716 poterat
2614 2643 2674 2698 in
2704 2644 2980 2713 tenebris,
3012 2650 3071 2700 et
3116 2645 3383 2717 caligine,
3410 2652 3466 2701 et
3510 2647 3764 2719 procella

2118 2732 2336 2788 versari
2370 2731 2500 2802 (hoc
2530 2732 2744 2788 etenim
2772 2732 3056 2805 scriptum
3088 2734 3329 2806 est),qui
3359 2752 3573 2807 purum
3606 2752 3761 2793 sere-

2119 2837 2379 2894 numque
2410 2820 2715 2877 constituit
2747 2821 3051 2888 caalum,et
3081 2824 3262 2880 solem
3291 2829 3355 2880 ut
3383 2823 3573 2881 lucem
3599 2824 3764 2880 exhi-

2118 2909 2281 2965 beret
2312 2909 2727 2981 creavit,atque
2744 2911 3019 2967 omnibus
3036 2910 3565 2969 innumerabilibus
3579 2912 3764 2969 stellis

2119 3015 2402 3055 cursuum
2443 2998 2881 3055 irrevocabilem
2913 3000 3179 3056 ordinem
3228 3002 3507 3059 deﬁnivit.
3544 3004 3650 3069 Ita,
3680 3001 3764 3057 Si-

2120 3104 2278 3154 mon,
2319 3088 2418 3144 Dei
2475 3087 2953 3161 chirographum,
2995 3090 3205 3145 ccelum
3258 3091 3525 3163 inquam,
3558 3107 3765 3164 puram

2120 3182 2178 3232 et
2208 3176 2475 3232 stabilem
2504 3176 2730 3249 opiﬁcis
2757 3178 3011 3234 ostendit
3040 3180 3413 3236 sententiam.

415 3269 613 3325 XLVI.
642 3266 827 3328 Οὕτως
870 3268 927 3321 αἱ
966 3271 1061 3320 τοῦ
1112 3267 1203 3321 τὸν
1264 3266 1489 3344 οὐρανὸν
1549 3268 1826 3332 κτίσαντος
1875 3275 2007 3326 Θεοῦ

2192 3265 2381 3322 XLVI.
2432 3240 2740 3321 Sic-voces
2787 3282 2925 3338 erga
2974 3268 3333 3324 conditorem
3403 3268 3528 3325 caeli
3583 3274 3764 3325 Deum

345 3352 609 3412 διάϐολοι
663 3356 836 3434 φωναὶ
895 3356 987 3409 καὶ
1042 3355 1145 3410 ὑπὸ
1199 3361 1308 3410 τῶν
1367 3355 1459 3411 σὺν
1519 3357 1705 3421 αὐταῖς
1754 3358 2007 3415 ἐναντίων

348 3450 549 3525 φωνῶν
604 3445 951 3521 ἀκυροῦνται,
1002 3443 1091 3499 καὶ
1124 3444 1227 3499 ὑπὸ
1273 3453 1375 3515 τῆς
1402 3445 1629 3510 κτίσεως
1662 3447 2007 3524 ἐλέγχονται·

352 3536 418 3591 οὐ
450 3536 559 3610 γὰρ
586 3536 689 3590 ὑπὸ
731 3535 919 3610 χειρὸς
970 3541 1315 3612 προφητικῆς
1363 3534 1693 3614 ἐγράφησαν·
1732 3535 1814 3592 διὸ
1846 3541 1890 3575 ³⁸
1918 3538 2008 3593 καὶ

350 3628 424 3697 τῇ
454 3629 557 3679 τοῦ
603 3624 670 3679 τὰ
716 3624 887 3677 πάντα
932 3622 1209 3686 κτίσαντος
1258 3629 1391 3679 Θεοῦ
1423 3626 1568 3700 χειρὶ
1619 3626 1851 3682 ἐναντίαι
1892 3627 2010 3706 φαί-

350 3734 564 3769 νονται.
603 3712 699 3767 Καὶ
729 3713 757 3766 ὁ
791 3713 980 3785 Σίμων
1011 3708 1135 3790 ἔφη’
1170 3718 1291 3775 Πῶς
1320 3718 1481 3769 τοῦτο
1513 3713 1787 3789 ἀποδεῖξαι
1831 3714 1960 3791 δύνῃ
1993 3736 2007 3788 ;

430 3802 655 3858 XLVII.
706 3801 805 3857 Καὶ
855 3802 883 3855 ὁ
932 3799 1154 3873 Πέτρος·
1186 3807 1241 3855 Ὁ
1271 3806 1367 3857 τοῦ
1417 3808 1550 3858 Θεοῦ
1579 3804 1747 3878 νόμος
1779 3808 1892 3880 (76)
1922 3803 2012 3861 διὰ

354 3891 638 3952 Ιωϋσέως
695 3892 739 3927 ³9
798 3885 1179 3963 ἑϐδομήκοντα
1224 3896 1414 3969 σοφοῖς
1464 3890 1714 3969 ἀνδράσιν
1756 3894 2012 3973 ἀγράφως

356 3977 523 4047 ἐδόθη
586 3975 1018 4054 παραδεδόσθαι,
1070 3976 1161 4033 ’ίνα
1212 3983 1281 4053 τῇ
1341 3977 1577 4056 διαδοχῇ
1636 3980 2012 4039 πολιτεύεσθαι

361 4066 615 4137 ὂόνηται.
650 4070 803 4126 Μετὰ
852 4066 909 4123 δὲ
953 4069 1054 4136 τὴν
1104 4070 1376 4131 Μωϋσέως
1406 4073 1451 4107 ⁴⁰
1494 4070 1763 4145 ἀνάληψιν
1806 4072 2011 4152 ἐγράφη

363 4158 472 4212 ὑπό
513 4179 680 4227 τινος,
729 4156 793 4212 οὔ
852 4158 962 4231 μὴν
1014 4158 1116 4212 ὑπὸ
1162 4157 1436 4221 Μωϋσέως
1483 4162 1551 4215 ⁴¹.
1582 4160 1667 4215 Ἐν
1720 4160 1865 4234 αὖτῷ
1911 4163 2016 4240 γὰρ

356 4244 444 4318 τῷ
496 4246 658 4319 νόμῳ
708 4247 1051 4322 γέγραπται·
1114 4246 1212 4300 Καὶ
1289 4246 1518 4302 ἀπέθανε
1592 4254 1870 4322 Μωϋσῆς,
1926 4250 2016 4306 καὶ

358 4332 566 4408 ἔθαψαν
656 4332 814 4387 αὐτὸν
894 4332 1055 4409 ἐγγὺς
1130 4330 1284 4388 οἷ’κου
1349 4334 1529 4410 Φογὸρ
1590 4379 1605 4407 ,
1682 4334 1771 4390 καὶ
1840 4334 2019 4400 οὐδεὶς

2119 3354 2495 3410 οαιυωοίοεω
2545 3370 2647 3426 per
2677 3370 2844 3409 voces
2894 3356 3215 3411 contrarias
3264 3356 3537 3413 similiter
3579 3359 3765 3414 dictas

2118 3443 2515 3515 inﬁrmantur,
2547 3448 2604 3498 et
2633 3460 2666 3497 a
2695 3444 2984 3499 creatione
3015 3452 3362 3517 arguuntur,
3387 3463 3576 3518 neque
3605 3448 3762 3502 enim

2119 3550 2188 3588 ex
2219 3550 2399 3588 manu
2431 3532 2766 3604 prophetica
2812 3533 3041 3604 scriptas
3073 3540 3248 3602 sunt;
3283 3552 3462 3606 quare
3498 3536 3763 3591 omnium

2118 3622 2405 3677 Creatoris
2438 3621 2636 3677 manui
2663 3622 2961 3676 contraria:
2999 3622 3536 3694 deprehenduntur.
3572 3626 3639 3679 Et
3669 3624 3762 3679 Si-

2121 3728 2257 3767 mon
2292 3710 2437 3765 dixit
2466 3726 2479 3764 :
2515 3726 2630 3781 quo
2662 3715 2828 3780 pacto
2859 3709 2916 3763 id
2949 3711 3165 3782 poteris
3195 3713 3499 3768 ostendere
3519 3712 3547 3767 ?

2190 3798 2404 3856 XLVII.
2452 3798 2773 3870 Respondit
2820 3802 3064 3855 Petrus:
3100 3799 3200 3855 Dei
3249 3800 3339 3855 lex
3385 3817 3487 3873 per
3532 3805 3764 3874 Moysen

2122 3888 2493 3961 septuaginta
2534 3886 2673 3942 viris
2704 3880 3068 3958 sapientibus
3113 3889 3334 3960 absque
3365 3889 3581 3962 scripto
3630 3891 3769 3946 data

2124 3982 2233 4046 est,
2264 3983 2329 4033 ut
2358 3977 2580 4033 caeteris
2615 3976 2957 4044 traderetur,
2993 3983 3170 4048 utque
3200 3994 3302 4049 per
3332 3979 3766 4035 successionem

2125 4065 2416 4123 observari
2449 4069 2665 4136 posset.
2709 4068 2849 4120 Post
2878 4065 3092 4137 Moysis
3122 4082 3254 4121 vero
3301 4067 3768 4139 assumptionem

2128 4154 2347 4228 scripta
2375 4159 2462 4210 est
2492 4154 2564 4208 ab
2594 4153 2813 4224 aliquo,
2846 4170 2961 4209 non
3010 4158 3205 4210 autem
3238 4172 3271 4210 a
3302 4155 3514 4229 Moyse.
3546 4158 3607 4211 In
3642 4158 3771 4229 ipsa

2130 4243 2287 4300 enim
2322 4242 2447 4314 lege
2478 4242 2763 4314 scriptum
2792 4248 2883 4299 est
2910 4259 2924 4299 :
2956 4245 3021 4301 Et
3060 4251 3313 4301 mortuus
3341 4250 3418 4301 est
3464 4245 3688 4318 Moyses,
3721 4249 3776 4301 et

2131 4333 2462 4405 sepelierunt
2488 4348 2614 4387 eum
2636 4347 2807 4403 prope
2834 4331 3057 4387 domum
3109 4335 3329 4407 Phogor
3356 4352 3375 4388 .·
3406 4342 3457 4390 ει
3486 4350 3642 4391 nemo
3686 4349 3777 4390 co-

364 4420 482 4479 οἷδε
538 4424 642 4491 τήν
697 4423 871 4499 ταφὴν
934 4421 1099 4476 αὐτοῦ
1148 4418 1253 4484 ἕως
1309 4424 1407 4492 τῆς
1466 4425 1730 4499 σήμερον.
1786 4426 1910 4480 Οἷόν
1964 4448 2007 4482 τι

2130 4423 2318 4495 gnovit
2344 4421 2656 4494 sepulcrum
2683 4422 2800 4492 ejus
2847 4437 3015 4492 usque
3043 4421 3099 4475 in
3128 4432 3457 4494 praesentem
3498 4425 3646 4479 diem
3676 4422 3774 4495 (b).

362 4515 433 4580 ἦν
481 4510 821 4575 ἀποθανόντα
877 4516 1113 4579 Μωυσῆν
1156 4511 1400 4589 γράφειν,
1458 4511 1681 4567 ἀπέθανε
1736 4518 2020 4586 Μωϋσῆς;

2137 4512 2399 4568 Potuitne
2458 4515 2725 4565 mortuus
2780 4513 3004 4581 Moyses
3062 4510 3351 4580 scribere,
3402 4516 3648 4567 mortuus
3699 4513 3781 4566 est

365 4600 485 4655 ἐπεὶ
518 4599 574 4653 ἐν
622 4603 703 4671 τῷ
756 4598 891 4672 μετᾶ
940 4600 1172 4654 Μωυσέα
1218 4602 1264 4636 ⁴²
1315 4599 1522 4676 χρόνῳ,
1574 4599 1650 4663 ὥς
1696 4623 1757 4678 γε
1794 4600 1886 4673 ἔτη
1918 4625 2007 4659 ποι

2133 4602 2332 4673 Moyses
2382 4602 2407 4652 .9
2459 4597 2945 4668 Quandoquidem
3001 4603 3261 4671 tempore
3334 4604 3467 4673 post
3519 4603 3777 4673 Moysen,

370 4686 705 4744 πατακόσια
752 4689 786 4756 ἢ
814 4687 905 4741 καὶ
946 4688 1101 4763 πρὸς,
1154 4686 1207 4743 ἐν
1237 4693 1319 4761 τῷ
1366 4689 1633 4745 κτισθὲντι
1684 4689 1798 4765 ναῷ
1843 4692 2028 4768 κείμε-

444 4817 529 4884 (α)
560 4814 702 4870 Gen.
736 4830 827 4881 xv,
864 4813 1049 4869 13-16.
1082 4814 1157 4886 (b)
1192 4815 1354 4871 Deut.
1387 4817 1652 4885 xxxxv,5.

2140 4690 2308 4764 quasi
2359 4688 2698 4761 quingentis
2728 4686 2898 4743 annis
2948 4694 3052 4743 aut
3099 4687 3349 4760 circiter,
3380 4689 3440 4745 in
3487 4692 3781 4746 exstructo

1746 4915 1976 4974 VARLE
2014 4915 2425 4976 LECTlONES.

447 5010 501 5091 ξ
528 5013 731 5091 Μωσῆς
790 5008 880 5090 0..
917 5009 968 5091 ”_
1018 5008 1221 5091 Μωυσῇ
1280 5009 1344 5066 Ο.
1382 5011 1654 5091 ,δοιῆνωλ
1686 5010 1734 5065 εἲ
1763 5013 1899 5068 κατᾶ
1925 5015 2294 5091 τῇνΑκραυγήν
2326 5010 2531 5091 αὐτῶνΛ
2558 5012 2929 5091 accesserunt
2969 5025 3037 5091 ex
3084 5008 3147 5091 O_.
3176 5010 3241 5091 _3‘
3293 5006 3683 5091 ἀμεταμέλητα

373 5082 715 5159 nﬂNeand-ri
753 5080 1147 5159 conjecturam
1168 5080 1426 5159 ἐπαρχάς
1450 5082 1658 5159 (ϐνξοξι.
1690 5094 1821 5159 syst.
1854 5104 1913 5159 p.
1961 5079 2104 5159 382)'
2139 5079 2452 5159 conﬁrmat
2494 5081 2585 5151 0.,
2635 5079 2807 5159 ἀπ’ᾼᾴ

2886 5085 2953 5147 ῆς
3000 5086 3057 5135 G.
3106 5082 3191 5135 Ad
3242 5081 3403 5137 oram
3436 5081 3561 5137 cOd.
3597 5081 3789 5138 Uttob.

377 5097 421 5118 "
459 5097 715 5137 manuari
753 5097 1147 5149 conjecmram
1178 5097 1658 5156 anapxactb'nost.
1690 5097 1821 5156 syst.
1854 5104 1913 5159 p.
1961 5097 2087 5156 382)
2139 5097 2446 5144 conﬁrmat
2494 5097 2585 5151 U.,
2635 5100 2710 5165 απ
2775 5097 2953 5205 epam
3000 5097 3057 5135 υ.
3106 5097 3191 5135 Λα
3242 5098 3403 5137 oram
3436 5097 3561 5137 coa.
3597 5097 3789 5138 Utton.

377 5151 511 5205 νόθα
541 5150 677 5205 κατᾶ
703 5154 801 5205 τοῦ
829 5148 1022 5222 νόμου,
1059 5152 1104 5187 ³³
1130 5147 1241 5234 οὔτ’
1268 5152 1323 5207 αἱ
1370 5160 1475 5236 C.,.
1505 5151 1618 5217 οὗθ’
1668 5154 1723 5207 αἱ
1762 5157 1845 5222 S.,
1894 5159 1941 5193 3‘
1986 5157 2178 5219 σκότος
2226 5156 2316 5211 καὶ
2361 5153 2558 5280 rogo:
2606 5171 2694 5205 και
2738 5148 2863 5232 ἢυελ
2904 5170 2942 5241 ,α
2989 5150 3054 5206 Ο·
3102 5153 3148 5186 ³³
3196 5152 3278 5207 Ita
3325 5153 3384 5209 So
3438 5160 3668 5209 auclore
3699 5153 3792 5219 Dos

381 5221 610 5279 ἐδύνατο
642 5230 699 5280 ί).
734 5222 798 5278 0.
835 5226 993 5278 Hane
1033 5222 1340 5280 lectionem
1372 5230 1582 5280 retinet
1610 5229 1880 5280 Neander
1910 5229 2094 5280 Gnost.
2128 5238 2264 5280 sust.
2299 5246 2355 5280 n.
2388 5227 2458 5280 39
2500 5268 2513 5280 .
2547 5229 2603 5280 et
2634 5222 2797 5278 addit
2827 5221 2915 5275 ἐπι
2947 5227 3078 5280 post
3112 5222 3426 5280 γέγραπται.
3475 5225 3585 5279 Cfr.
3638 5221 3791 5278 Psal.

381 5221 610 5321 res“?
642 5230 699 5321 ς),
734 5222 798 5278 0.
835 5221 993 5307 Hanc
1033 5222 1340 5312 lectionem
1372 5225 1880 5321 retinetnNeaanxdefr
2128 5238 2264 5321 soi/st“.
2290 5221 2458 5321 ,μιξΒὲ

2496 5268 2513 5289 ,
2545 5229 2603 5298 et
2634 5222 2806 5298 addit
2827 5220 3078 5298 ἐπί-ροβε
3112 5222 3426 5298 γέγραπται.
3475 5225 3585 5298 Cfr.
3638 5221 3791 5298 PAsal2

380 5314 524 5352 xvn.
556 5296 603 5373 ἦ*
634 5292 813 5373 ἥλιον-
835 5299 1162 5373 πᾷσινλτοῖς
1192 5294 1278 5373 (ΞινΖ
1308 5296 1524 5368 ἄστροις
1685 5299 1729 5334 ³⁷
1760 5297 1789 5352 ὁ
1838 5303 1921 5373 0.,
1952 5295 1998 5354 ὥ
2029 5303 2089 5360 S.
2141 5292 2188 5341 δῖ’
2233 5292 2319 5354 δι”
2354 5295 2384 5352 ὅ
2428 5300 2489 5356 C.
2540 5296 2692 5352 Tum
2740 5292 3035 5366 addidici,
3088 5292 3139 5351 cl
3169 5292 3234 5352 0⁷.
3266 5295 3311 5331 ³⁰
3340 5293 3597 5356 Μωϋσέος
3654 5294 3720 5350 Ο.
3749 5293 3796 5329 ⁸ο

379 5366 644 5427 Μωυσέος
676 5366 741 5422 Ο.
772 5366 815 5401 ⁴¹
849 5365 1106 5426 Μωϋσέος
1138 5374 1202 5424 0.
1233 5368 1280 5402 ⁴²
1309 5365 1530 5438 Μοΰσῆν
1552 5369 1619 5426 Ο.

1759 5467 2144 5527 VARIORUM
2192 5468 2425 5526 ΝΟΤίΕ.

463 5563 582 5635 (76)
612 5560 682 5635 'O_
703 5562 801 5612 τοῦ
830 5563 963 5635 Θεοῦ
996 5559 1192 5635 νόμος.
1226 5564 1394 5635 Apud
1434 5563 1853 5635 Epiphanium,
1911 5566 2048 5624 Pto-
2158 5567 2322 5622 zarzei
2346 5567 2619 5621 asserunt
2638 5562 2873 5635 Moysen
2898 5561 3071 5618 aliam
3100 5561 3391 5634 accepisse
3412 5577 3477 5617 ac
3499 5559 3801 5635 scripsisse

384 5631 976 5708 lemgushaereticus
996 5631 1369 5708 Pentateucbi
1390 5631 1887 5708 quédamitribuit
1916 5639 2047 5708 Deo,

387 5702 1071 5777 aliahlosi,aliadenique
1084 5702 1722 5781 senioribusipopuliJn
1734 5702 2051 5768 eodemNa;

2160 5638 2343 5712 legem
2377 5638 2450 5693 ab
2481 5652 2549 5691 ea
2577 5651 2711 5712 qua:
2736 5632 2927 5705 Vulgo
2948 5632 3385 5712 circumfertur.
3419 5636 3493 5688 De
3522 5632 3648 5712 loco
3676 5649 3801 5712 __au-

2161 5703 2281 5766 tein
2309 5710 2471 5766 Deut.
2492 5703 2660 5764 xxxiv
2678 5705 2735 5777 5,
2759 5703 3104 5762 consulendi
3125 5710 3266 5760 sunt
3287 5705 3654 5778 interpretes.
3670 5704 3804 5764 Co'r.
