4116 6224
390 422 507 482 M3

1213 417 1278 479 S.
1327 414 1770 477 CLEMENTIS
1815 416 1839 476 Ι
1888 415 2080 478 ROM.
2123 416 2353 479 PONT.
2400 418 2661 481 OPERA
2704 419 2970 482 DUBIA.

3679 421 3799 480 144

387 551 608 623 templo
633 549 823 622 posita
852 548 944 605 lex
988 548 1293 621 reperitur,
1326 553 1382 604 et
1413 554 1542 621 post
1567 548 1712 604 alios
1761 548 2033 604 similiter

2159 569 2236 610 νος
2293 547 2612 624 εὑρίσκεται,
2670 550 2762 605 καὶ
2817 552 2931 623 μεθ’
2982 552 3130 611 105
3175 546 3335 622 ἓτερά
3378 570 3484 605 που
3541 550 3803 605 πεντακό-

388 640 742 711 quingentos
773 655 959 694 annos
989 638 1275 693 remansit
1306 654 1319 693 :
1354 638 1556 709 sicque
1586 638 1695 694 sub
1728 637 2035 693 Nabucho-

389 728 675 783 donosore
722 726 898 799 periit
942 727 1234 782 incendio.
1269 728 1337 782 Et
1384 731 1577 781 tamen
1627 730 1758 798 post
1801 728 2035 799 Moysen

388 818 608 889 scripta
647 821 705 872 et
732 833 884 888 saepe
914 816 1218 888 deperdita
1249 816 1427 871 etiam
1461 814 1679 887 Moysis
1729 816 2037 887 praescien-

385 907 529 963 tiam
563 908 825 979 professa
855 912 962 976 est,
996 906 1133 977 quia
1162 905 1260 960 ille
1300 907 1427 976 ejus
1459 905 1836 961 abolitionem
1887 922 2038 977 pras-

388 996 597 1052 videns
630 1013 743 1052 non
776 995 1104 1067 composuit
1133 1011 1264 1050 eam
1296 1011 1309 1049 :
1344 996 1444 1067 qui
1475 999 1670 1050 autem
1702 1011 2039 1066 composue-

390 1090 531 1142 runt
560 1086 715 1157 quod
745 1083 1119 1139 abolitionem
1134 1099 1247 1138 non
1282 1083 1748 1155 przeviderent,in
1767 1083 2039 1155 ignoran-

392 1174 475 1230 tia
503 1177 642 1228 sunt
678 1172 1047 1245 deprehensi,
1081 1172 1328 1243 ideoque
1376 1171 1671 1244 prophetae
1703 1189 1817 1228 non
1847 1176 2035 1228 erant.

464 1278 701 1335 XLVIII.
752 1278 900 1333 Tum
949 1277 1149 1333 Simon
1184 1294 1197 1332 :
1229 1278 1737 1349 Quandoquidem,
1785 1296 1911 1350 quae
1965 1279 2037 1335 ad

393 1369 579 1425 Deum
594 1367 975 1439 pertinent,ut
1004 1366 1615 1439 dixisti,intelligenda
1636 1372 1775 1423 sunt
1798 1385 1865 1424 ex
1888 1385 2041 1424 com-

394 1457 695 1531 paratione
726 1456 798 1511 ad
829 1456 1204 1525 creationem,
1239 1472 1351 1528 quo
1397 1456 1568 1511 modo
1599 1455 1825 1529 reliqua
1872 1457 2037 1530 legis,

396 1564 525 1619 quis
554 1563 624 1602 ex
667 1545 878 1617 Moysis
907 1544 1218 1600 traditione
1266 1549 1322 1600 et
1352 1562 1486 1600 vera
1529 1550 1685 1613 sunt,
1720 1546 1820 1601 sed
1876 1546 2039 1603 falsis

395 1633 967 1709 permista,dignosci
1000 1633 1392 1705 possunt?Ad
1428 1633 1549 1690 haec
1582 1638 1826 1691 Petrus:
1854 1636 2041 1700 Quod-

397 1726 554 1791 dam,
587 1723 797 1795 inquit,
844 1722 1166 1793 capitulum
1200 1723 1257 1777 in
1310 1722 1525 1795 scripta
1553 1721 1680 1796 lege
1714 1726 2038 1779 secundum

395 1814 496 1869 Dei
542 1811 967 1882 providentiam
1007 1811 1319 1867 salubriter
1369 1816 1896 1868 commemoratum
1928 1819 2038 1879 est,

396 1906 463 1959 ut
497 1902 649 1958 clare
693 1905 1015 1973 appareret,
1051 1916 1317 1972 quaenam
1366 1917 1397 1956 e
1427 1901 1663 1973 scriptis
1713 1918 1849 1958 vera
1900 1902 2038 1974 sint,
2072 1921 2119 1986 Β

394 2007 664 2063 quaenam
698 1989 941 2045 falsa.Et
971 1989 1173 2045 Simon
1210 2007 1222 2045 :
1257 1989 1565 2054 Quodnam
1593 1989 1737 2046 illud
1770 1991 2042 2060 sit,nobis

397 2079 615 2135 indica.

469 2166 654 2223 XLIX.
706 2166 1025 2238 Respondit
1073 2170 1281 2223 Petrus
1317 2183 1329 2222 :
1362 2167 1495 2223 Jam
1544 2169 1692 2224 dico.
1744 2169 2041 2242 Scriptum

394 2262 485 2314 est
512 2256 571 2312 in
605 2256 793 2329 primo
825 2255 970 2328 legis
1003 2255 1317 2322 volumine,
1346 2256 1498 2312 circa
1529 2258 1702 2313 finem
1738 2276 1751 2314 :
1784 2259 1902 2314 Non
1948 2259 2043 2314 de-

394 2347 538 2417 ﬁciet
564 2361 816 2419 princeps
838 2346 905 2401 de
949 2344 1288 2415 Juda,neque
1317 2345 1433 2401 dum
1460 2346 1526 2401 de
1553 2348 1856 2417 femoribus
1887 2350 2001 2411 eius
2020 2364 2043 2410 ,°

395 2435 563 2491 donec
590 2437 781 2490 veniat
796 2435 951 2503 cuius
969 2439 1079 2490 est:
1098 2438 1148 2489 et
1171 2436 1287 2504 ipse
1316 2437 1640 2506 exspectatio
1667 2438 1915 2505 gentium
1943 2436 2041 2509 (α).

399 2525 458 2581 Si
489 2524 623 2595 quis
646 2540 781 2596 ergo
811 2523 1073 2594 eum,qui
1108 2524 1263 2577 venit
1294 2529 1425 2595 post
1457 2525 1743 2579 defectum
1763 2525 2043 2597 principis

399 2630 465 2669 ac
496 2612 661 2670 ducis
683 2614 753 2668 de
780 2613 953 2679 Juda,
986 2612 1203 2685 quique
1244 2629 1276 2666 a
1304 2613 1577 2683 gentibus
1620 2614 2043 2686 exspectandus

398 2707 739 2775 erat,potest
769 2701 1243 2773 cognoocere,ille
1276 2719 1377 2773 per
1406 2701 1729 2773 capitulum
1751 2708 1807 2757 et
1825 2719 1925 2774 per
1953 2720 2041 2772 ea,

398 2809 526 2865 quae
553 2795 889 2860 evenerunt,
920 2794 1198 2863 agnoscet
1226 2806 1425 2845 verum
1457 2807 1585 2845 esse
1614 2790 1781 2846 illum
1814 2792 1913 2863 qui
1942 2808 2043 2847 ve-

399 2882 507 2949 nit,
540 2881 708 2952 cuius
752 2880 1029 2935 doctrinae
1063 2879 1438 2950 acquiescent
1488 2880 1652 2943 sciet,
1686 2897 1951 2951 quasnam
1985 2882 2043 2936 in

399 2969 717 3042 Scripturis
746 2985 881 3024 vera
916 2968 1036 3023 sint
1087 2972 1144 3023 et
1173 2984 1442 3038 quaenam
1476 2968 1640 3023 falsa.
1674 2972 1752 3025 Ac
1798 2969 1996 3025 Simon
2027 2988 2041 3026 :

402 3058 689 3129 Intelligo,
724 3057 878 3130 quod
910 3057 1115 3112 Jesum
1143 3061 1401 3112 vestrum
1433 3057 1581 3112 dicis
1633 3058 1801 3129 quasi
1834 3075 1867 3112 a
1895 3059 2047 3114 Scri-

402 3153 576 3221 ptura
606 3145 1123 3219 prophetatumzid
1150 3161 1287 3216 ergo
1322 3145 1402 3200 ita
1433 3145 1645 3202 habere
1674 3147 2044 3203 concedatur.

405 3237 509 3294 Dic
538 3237 735 3308 itaque
768 3251 881 3307 quo
914 3236 1086 3290 modo
1113 3251 1217 3290 vos
1247 3234 1508 3289 docuerit
1547 3234 1876 3292 discernere
1894 3236 2047 3292 Scri-

405 3331 508 3399 ptu
516 3342 633 3381 ras.

475 3505 540 3560 L.
572 3504 643 3559 Et
669 3502 877 3559 Petrus
912 3519 925 3558 :
959 3502 1121 3568 Quod
1153 3517 1289 3557 vera
1317 3517 1451 3557 cum
1505 3501 1667 3557 falsis
1698 3502 1875 3558 mista
1924 3503 2050 3559 fue-

401 3593 541 3658 rint,
574 3591 814 3647 memini
846 3592 916 3645 ab
946 3606 1033 3663 eo,
1066 3607 1201 3645 cum
1230 3590 1579 3646 Sabducaeos
1610 3592 2054 3659 accusaret,dic-

400 3685 528 3737 tum
557 3682 638 3737 ita
673 3697 687 3738 :
714 3682 835 3737 Ideo
864 3683 1081 3745 erratis,
1114 3681 1412 3735 nescientes
1458 3695 1586 3735 vera
1616 3682 2047 3753 Scripturarum,

396 3780 618 3844 propter
661 3770 800 3844 quod
830 3770 1094 3841 ignoratis
1146 3772 1406 3824 virtutem
1451 3770 1552 3825 Dei
1601 3770 1697 3841 (b).
1746 3770 1804 3825 Si
1853 3775 2049 3826 autem

401 3860 636 3932 objecit,
668 3876 767 3915 eos
796 3874 929 3913 vera
957 3857 1394 3929 Scripturarum
1448 3858 1691 3924 nescire,
1726 3857 1870 3914 falsa
1900 3876 2050 3931 quo-

403 3965 517 4020 que
565 3946 999 4020 Scripturarum
1049 3962 1175 4001 esse
1219 3951 1478 4018 apparet.
1512 3947 1623 4002 Sed
1673 3952 1729 4002 et
1759 3947 2045 4004 dicendo:

401 4040 591 4094 Estote
631 4037 791 4105 probi
837 4037 1136 4106 trapezitae,
1189 4035 1468 4104 ostendit,
1517 4036 1574 4089 in
1628 4036 1946 4105 Scripturis
1991 4040 2050 4091 et

402 4128 618 4198 probos
650 4124 931 4181 contineri
963 4139 1264 4178 sermones
1294 4130 1350 4178 et
1380 4123 1759 4179 adulterinos.
1784 4125 2049 4197 Cumque

402 4215 485 4271 ait
516 4233 528 4271 :
564 4216 739 4282 Quare
765 4229 878 4268 non
906 4213 1221 4281 intelligitis
1251 4216 1390 4282 quod
1421 4214 1481 4267 in
1513 4212 1810 4284 Scripturis
1838 4216 2051 4269 rationi

399 4320 699 4360 consonum
743 4301 866 4358 est?
896 4302 1214 4357 ﬁrmiorem
1264 4301 1453 4356 reddit
1482 4302 1747 4357 animum
1793 4302 2049 4358 hominis

403 4392 505 4464 qui
536 4392 781 4448 candide
811 4389 1133 4463 intelligere
1165 4389 1307 4446 vult.

476 4483 561 4539 LI.
613 4481 776 4549 Quod
826 4486 1021 4536 autem
1071 4480 1509 4553 Scripturarum
1558 4480 1922 4553 propositum
1972 4480 2045 4537 ad

469 4652 548 4726 (α)
580 4651 722 4709 Gen.
753 4667 903 4720 χιιι,
937 4652 1024 4708 10.
1103 4651 1173 4724 (b)
1201 4648 1403 4706 Matth.
1438 4666 1579 4719 xxu,
1610 4650 1703 4707 29.

2146 658 2234 692 σια
2263 633 2354 708 ἔτη
2389 639 2626 716 φέρεται,
2684 640 2774 694 καὶ
2825 638 2912 694 ἐπὶ
2956 643 3053 695 τοῦ
3084 634 3571 715 Ναϐουχοδονόσορ
3622 639 3796 703 οὕτως

2147 725 2478 802 ἐμπρησθεὶς
2529 732 2574 766 ⁴³
2623 726 2957 786 ἀπόλλυται.
3008 728 3107 783 Καὶ
3157 728 3313 801 ὅμως
3373 729 3507 800 μετά
3560 735 3796 798 Μωϋσῆν

2144 817 2366 894 γραφεὶς
2396 817 2486 871 καὶ
2534 816 2807 880 πολλάκις
2841 815 3151 880 ἀπολωλὼς
3179 818 3279 886 τὴν
3318 821 3416 872 τοῦ
3446 818 3723 880 Μωϋσέως
3753 821 3801 855 “

2144 903 2449 979 πρόγνωσιν
2481 904 2569 959 καὶ
2603 905 2760 967 οὗτος
2807 902 3190 981 ὡμολόγησεν,
3232 903 3315 959 δτι
3362 903 3454 958 τὸν
3497 904 3798 983 ἀφανισμὸν

2146 991 2312 1047 αὐτοῦ
2369 991 2638 1067 προειδὼς
2691 992 2792 1050 οὐκ
2842 989 3090 1068 ἔγραψεν·
3150 994 3204 1048 o't
3262 991 3320 1049 δὲ
3369 994 3671 1069 γράψαντες
3720 994 3802 1067 τῷ

2145 1081 2237 1137 τὸν
2324 1082 2626 1160 ἀφανισμὸν
2717 1084 2791 1157 μὴ
2876 1081 3273 1159 προεγνωκέναι
3369 1080 3450 1137 ἐπ’
3536 1082 3804 1159 ἀγνωσίας

2147 1168 2519 1247 ἐλεγχθέντες,
2552 1177 2829 1250 προφῆται
2861 1170 2960 1227 οὐκ
2990 1172 3145 1241 ἦσαν.

2218 1278 2452 1334 XLVIII.
2496 1279 2590 1334 Καὶ
2641 1276 2669 1332 ὀ
2719 1278 2929 1351 Σίμων’
2962 1275 3183 1347 Ἐπειδὴ
3237 1278 3303 1333 τὰ
3352 1278 3478 1354 περὶ
3522 1282 3676 1349 Θεοῦ,
3719 1279 3800 1342 ὡς

2150 1359 2306 1441 ἔφης,
2346 1361 2406 1418 ἐκ
2446 1370 2548 1433 τῆς
2580 1366 2715 1441 πρὸς
2766 1365 2862 1433 τήν
2910 1365 3081 1420 κτίσιν
3131 1359 3456 1441 παραϐολῆς
3506 1364 3615 1420 ἔστι
3663 1372 3799 1436 νοῆ-

2149 1473 2259 1519 σαι,
2316 1457 2434 1515 πῶς
2490 1454 2557 1507 τὰ
2614 1453 2783 1509 λοιπά
2838 1454 2889 1508 έν
2944 1460 3023 1527 τῷ
3077 1454 3277 1528 νόμῳ,
3337 1454 3399 1510 ἐκ
3452 1453 3804 1531 παραδόσεως

2148 1543 2423 1605 Μωϋσέως
2482 1544 2525 1578 ⁴⁵
2582 1538 2711 1598 ὄντα
2754 1544 2843 1598 καὶ
2902 1541 3088 1614 ἀληθῆ
3142 1542 3488 1620 τυγχάνοντα
3543 1545 3631 1599 καὶ
3683 1551 3799 1607 τοῖς

2148 1627 2362 1703 ψευδέσι
2416 1630 2721 1707 μεμιγμένα
2778 1631 3067 1709 έπιγνῶναί
3126 1632 3235 1687 ἐστι
3296 1630 3568 1702 δυνατόν;
3620 1634 3717 1688 Καὶ
3770 1633 3799 1687 ὁ

2149 1714 2351 1795 Πέτρος
2383 1715 2506 1797 ἔφη·
2552 1723 2829 1794 Περικοπή
2880 1742 2962 1783 τις
2993 1719 3044 1776 ἐν
3090 1726 3169 1794 τῷ
3213 1722 3467 1799 γραφέντι
3511 1721 3668 1795 νόμῳ
3702 1743 3799 1795 με·

2146 1809 2213 1862 τὰ
2241 1809 2338 1877 τήν
2386 1812 2429 1845 ⁸⁸
2483 1814 2580 1864 τοῦ
2629 1814 2763 1865 Θεοῦ
2820 1804 3079 1883 πρόνοιαν
3125 1810 3430 1874 ἀπταίστως
3482 1810 3801 1885 έπεμνημο-

2148 1896 2330 1969 νεόθη,
2363 1896 2491 1952 ὥστ’
2521 1898 2580 1953 ἂν
2620 1904 2804 1977 σαφῶς
2857 1898 3024 1972 δεῖξαι
3066 1905 3171 1955 τῶν
3222 1902 3617 1976 γεγραμμένων
3668 1901 3804 1957 ποῖά

2152 1984 2291 2041 ἐστιν
2323 1984 2525 2057 ἀληθῆ,
2559 1993 2691 2043 ποῖα
2721 1986 2779 2043 δὲ
2829 1986 3023 2063 ψευδῆ.
3058 1989 3157 2044 Καὶ
3205 1991 3233 2045 ὁ
3288 1989 3500 2064 Σίμων⁶
3536 1990 3632 2054 Τίς
3662 1990 3806 2047 ἐστιν

2151 2074 2310 2145 αὕτη,
2349 2077 2587 2147 μήνυσον
2620 2078 2779 2150 ἡμῖν.

2222 2166 2402 2221 XLIX.
2457 2162 2557 2219 Καί
2615 2166 2643 2221 ὁ
2703 2166 2907 2244 Πέτρος
2966 2166 3090 2247 ἔφη·
3149 2167 3352 2226 Αὐτίκα
3408 2167 3545 2245 έρῶ.
3601 2168 3802 2246 Γέγρα-

2151 2274 2279 2307 πται
2313 2251 2364 2307 tv
2393 2257 2471 2325 τῷ
2501 2254 2705 2328 πρώτῳ
2735 2260 2831 2311 τοῦ
2860 2256 3029 2330 νόμου
3080 2251 3282 2333 βιϐλίῳ
3330 2258 3466 2333 πρὸς
3495 2260 3539 2294 ⁸⁷
3568 2263 3687 2320 τοῖς
3716 2278 3806 2313 τε-

2153 2340 2448 2404 λευταίοις’
2480 2342 2589 2397 Οὐκ
2636 2342 2871 2419 ἐκλείψει
2923 2344 3110 2422 ἅρχων
3160 2345 3210 2419 ἐξ
3242 2344 3437 2419 Ἰούδα,
3479 2344 3602 2402 οὐδέ
3632 2346 3807 2423 ἡγού-

2157 2452 2315 2505 μενος
2361 2429 2421 2485 ἐκ
2466 2435 2571 2486 τῶν
2628 2438 2820 2509 μηρῶν
2870 2434 3056 2507 αὐτοῦ,
3102 2431 3208 2497 ἕως
3262 2433 3321 2489 ἂν
3372 2434 3502 2510 ἔλθῃ
3545 2434 3607 2490 οὗ
3639 2435 3805 2491 ἐστιν’

2152 2519 2239 2575 καὶ
2291 2519 2450 2582 αὐτὸς
2495 2519 2793 2596 προσδοκία
2840 2522 3025 2586 ἐθνῶν.
3074 2524 3194 2580 Ἐάν
3238 2545 3323 2586 τις
3372 2522 3463 2579 οὗν
3512 2525 3626 2595 τὸν,
3673 2524 3813 2599 μετά

2150 2610 2241 2665 τὸν
2299 2611 2342 2645 ⁴⁸
2378 2608 2428 2679 ἐξ
2487 2608 2663 2665 Ἰούδα
2721 2610 2967 2685 ἐκλεῖψαι
3026 2610 3266 2688 ἄρχοντα
3322 2613 3411 2668 καὶ
3470 2614 3808 2689 ἡγούμενον,

2155 2697 2462 2768 ἐληλυθότα
2518 2698 2607 2754 καὶ
2682 2700 2783 2754 ὑπὸ
2840 2699 3003 2764 ἐθνῶν
3078 2698 3477 2777 προσδοκᾶσθαι
3533 2701 3809 2776 μέλλοντα

2153 2794 2348 2856 νοῆσαι
2380 2784 2609 2861 δυνηθῇ,
2653 2789 2810 2852 οὗτος
2837 2789 2937 2858 τὴν
2968 2791 3272 2864 περικοπὴν
3315 2794 3358 2828 ‘9
3415 2790 3474 2846 ἐκ
3528 2796 3633 2846 τῶν
3664 2791 3804 2846 ἀπο-

2152 2873 2504 2931 τελεσθέντων
2562 2876 2747 2947 ἀληθῆ
2787 2879 2877 2933 τὸν
2931 2876 3240 2949 ἐληλυθότα
3286 2883 3439 2937 106
3488 2879 3801 2955 ἐπιγνῶναι·

2155 2964 2217 3019 οὗ
2268 2964 2337 3039 τῇ
2404 2962 2725 3037 διδασκαλίᾳ
2792 2967 3117 3039 πειθόμενος
3187 2970 3445 3042 γνώσεται
3511 2971 3633 3024 τίνα
3691 2968 3805 3023 ἐστὶ

2153 3057 2259 3107 τῶν
2296 3056 2520 3131 Γραφῶν
2551 3054 2618 3109 τὰ
2664 3052 2871 3125 ἀληθῆ,
2903 3054 3023 3109 τίνα
3069 3053 3127 3110 δέ
3171 3058 3238 3111 τὰ
3276 3054 3468 3131 ψευδῆ.
3514 3058 3611 3111 Καὶ
3645 3058 3673 3112 ὁ
3706 3057 3803 3112 Σί-

2161 3159 2299 3215 μων·
2362 3141 2598 3215 Συνίημι
2649 3137 2732 3197 ὅτι
2782 3144 2873 3199 τὸν
2927 3147 2972 3181 ⁸ο
3027 3145 3237 3215 Ἰησοῦν
3289 3145 3442 3218 ὑμῶν
3488 3143 3689 3221 λέγεις,
3731 3146 3808 3208 ὡς

2160 3230 2318 3285 αὐτὸν
2408 3230 2510 3285 ὑπὸ
2569 3237 2669 3300 τῆς
2736 3235 2951 3310 Γραφῆς
3009 3236 3494 3312 προφητευθέντα·
3564 3232 3805 3290 δεδόσθω

2157 3323 2449 3394 τοιγαροῦν
2484 3319 2657 3383 οὕτως
2705 3318 2873 3397 ἔχειν.
2909 3322 3046 3398 Λέγε
3088 3323 3289 3398 τοίνυν,
3338 3328 3458 3387 πῶς
3506 3324 3648 3397 ὑμᾶς
3688 3321 3808 3379 δια-

2158 3408 2355 3484 κρίνειν
2385 3408 2482 3471 τᾶς
2509 3411 2719 3488 Γραφάς
2750 3407 2983 3482 ἐδιδαξεν
3009 3429 3023 3481 ;

2234 3506 2292 3554 L.
2326 3496 2425 3551 Καὶ
2483 3497 2510 3550 ὁ
2565 3496 2787 3574 Πέτρος·
2838 3499 2955 3554 Ὀτι
3019 3498 3274 3573 μέμικται
3327 3501 3395 3557 τὰ
3452 3501 3639 3573 ἀληθῆ
3690 3506 3809 3565 τοῖς

2159 3584 2427 3661 ψευδέσιν,
2463 3585 2747 3660 μέμνημαί
2786 3609 2892 3643 που
2942 3588 3097 3644 αὐτὸν
3131 3590 3455 3663 αἰτιώμενον
3506 3591 3632 3654 τοὺς
3668 3589 3807 3647 Σαδ-

2161 3674 2443 3737 δουκαίους
2500 3675 2688 3731 εἰπεῖν’
2750 3678 2848 3731 Διὰ
2902 3683 3065 3734 τοῦτο
3124 3676 3415 3752 πλανᾶσθε,
3473 3681 3548 3754 μή
3602 3678 3806 3744 εἰδότες

2157 3764 2225 3818 τὰ
2281 3762 2460 3834 ἀληθῆ
2511 3768 2616 3819 τῶν
2669 3770 2916 3841 Γραφῶν,
2962 3767 3025 3821 οὗ
3074 3769 3114 3803 ⁶¹
3169 3766 3363 3824 ε’ίνεκεν
3414 3769 3659 3844 ἀγνοεῖτε
3703 3771 3804 3839 τὴν

2160 3850 2387 3926 δύναμιν
2429 3857 2526 3908 τοῦ
2572 3858 2726 3911 Θεοῦ.
2778 3854 2842 3909 Εἰ
2891 3852 2949 3910 δὲ
2995 3855 3061 3910 τὰ
3106 3854 3290 3927 ἀληθῆ
3322 3862 3429 3912 τῶν
3474 3863 3700 3937 Γραφῶν
3744 3859 3806 3914 ἀ-

2157 3947 2335 4017 γνοεῖν
2378 3941 2571 4004 αὐτοὺς
2605 3937 2894 4015 ὑπέϐαλεν,
2930 3942 3100 4014 δῆλον
3122 3946 3194 4008 ὡς
3217 3942 3385 4002 ὄντων
3417 3945 3653 4020 ψευδῶν.
3680 3946 3811 4004 Ἀλ-

2159 4030 2231 4086 λά
2289 4031 2377 4087 καὶ
2434 4029 2485 4085 ἐν
2542 4035 2621 4104 τῷ
2678 4039 2866 4111 φῆναι’
2930 4032 3143 4089 Γίνεσθε
3196 4041 3511 4110 τραπεζῖται
3551 4039 3597 4073 ⁵³
3655 4034 3809 4092 δόκι-

2161 4142 2276 4194 μοι,
2338 4121 2411 4182 ὡς
2470 4118 2713 4194 δοκίμων
2771 4122 2859 4176 καὶ
2907 4118 3189 4194 κιϐδήλων
3240 4123 3419 4201 λόγων
3468 4121 3659 4184 ὄντων.
3708 4126 3808 4181 Καὶ

2155 4214 2234 4282 τῷ
2289 4212 2334 4247 ⁸³
2392 4208 2599 4264 εἷ’πεῖνο
2654 4210 2751 4265 Διὰ
2819 4211 2873 4266 τί
2949 4211 3010 4267 οὐ
3068 4218 3240 4269 νοεῖτε
3294 4214 3356 4269 τὸ
3414 4214 3638 4291 εὔλογον
3696 4220 3807 4270 τῶν

2157 4302 2382 4376 Γραφῶν
2656 4294 2996 4376 βεϐαιότερον
3068 4306 3163 4357 τοῦ
3219 4301 3549 4381 αὐθαιρέτως
3628 4304 3805 4380 εὑγνω

2161 4392 2453 4461 μονοῦντος
2480 4387 2664 4458 τίθησι
2694 4388 2787 4443 τὸν
2814 4394 2938 4444 νοῦν
2969 4393 3032 4446 ⁵⁸.

2228 4479 2314 4534 LI.
2368 4477 2445 4534 Τὸ
2500 4473 2557 4531 δὲ
2604 4475 2693 4531 καὶ
2749 4482 2857 4533 τῶν
2916 4484 3140 4557 Γραφῶν
3196 4480 3553 4558 προκείμενον
3610 4484 3655 4519 ⁸⁸
3712 4480 3818 4536 ἐπὶ

1756 4816 1997 4874 νΑιιΙλΕ
2035 4816 2451 4875 LECTIONES.

470 4971 516 5007 ‘3
542 4969 850 5079 ἑμπρησθέν
883 4975 947 5028 Ο.
974 4971 1021 5007 ⁴⁴
1048 4967 1303 5031 Μωϋσέος
1333 4973 1392 5025 Ο.
1427 4970 1514 5025 Ita
1535 4972 1887 5025 constanter.
1920 4970 2069 5026 Tum
2103 4966 2276 5029 οὕτως
2308 4967 2527 5024 mavult
2556 4967 2615 5024 S.
2646 4969 2692 5003 “
2721 4966 2980 5029 Μωυσέος
3010 4969 3099 5036 0.,
3134 4968 3234 5041 qui
3263 4968 3472 5026 deinde
3510 4970 3817 5045 τυνχάνον-

473 5063 483 5079 .
611 5044 710 5079 ...ιν
744 5061 835 5079 ...η
894 5045 939 5079 n
1017 5042 1114 5079 ηης
1151 5048 1273 5079 inm
1320 5058 1415 5079 ann
1480 5039 1704 5079 πηηυηιη
1753 5038 2031 5079 eam"...
2101 5041 2146 5076 ιι
2192 5038 2296 5079 MA
2329 5039 2372 5079 n
2442 5041 2485 5075 ιε
2515 5037 2605 5079 ...ιν
2661 5057 2753 5079 nm
2818 5040 2859 5079 (ι
2919 5041 2965 5077 ιο
3012 5040 3194 5079 ῐηηιια
3244 5057 3487 5079 πωπω...
3542 5042 3811 5079 amni”:

398 5060 507 5099 ται.
542 5037 585 5079 ⁸⁸
611 5037 725 5113 τήν⁷
744 5061 860 5099 om.
894 5045 983 5114 0.,
1017 5042 1117 5114 qui
1151 5048 1276 5097 tum
1320 5058 1432 5115 scr.
1480 5039 1706 5115 προνοίᾳ
1753 5038 2051 5115 ἀπταίστῳ.
2101 5041 2146 5076 ‘7
2192 5037 2605 5115 πρόιΟζωλτόν
2661 5057 2777 5095 om.
2818 5040 2879 5096 C.
2919 5041 2965 5077 ‘9
3010 5037 3195 5097 Locus
3244 5057 3508 5097 mancus.
3542 5037 3815 5115 suppleri

402 5120 595 5186 potest
624 5107 731 5170 hoc
764 5115 937 5170 modo
968 5107 982 5169 Ξ
1019 5107 1307 5186 Ᾰυνήσεται
1344 5111 1500 5173 οὗτος
1524 5107 1623 5165 ’διὰ
1649 5107 1746 5179 τὴν
1778 5107 2105 5183 περικοπήν,
2134 5130 2187 5164 κ.
2218 5107 2269 5166 τ.
2392 5111 2455 5186 C._
2477 5112 2700 5186 Locum
2729 5127 3004 5167 mancum
3034 5128 3170 5186 esse
3202 5129 3317 5169 non
3350 5118 3509 5184 puto,
3533 5107 3649 5186 sed:
3667 5107 3815 5170 non-

402 5178 548 5258 nihi‘l
581 5192 891 5258 corruptus
922 5190 1032 5251 est,
1066 5178 1241 5258 atque
1270 5184 1378 5258 hac
1409 5186 1631 5258 ratione
1662 5178 1963 5258 sanandus
1995 5201 2009 5240 :
2037 5178 2255 5258 voﬁaav
2298 5178 2502 5258 δυνηθῇ
2534 5182 2788 5258 οὗτος-τῇ
2831 5185 3103 5257 περικοπῇ
3153 5181 3211 5237 ἐκ
3242 5178 3383 5258 τῶν,
3430 5178 3504 5258 κέ
3531 5204 3582 5239 τ.
3741 5186 3813 5258 Ι).

399 5257 444 5293 80

400 5257 444 5293 ³ο
472 5254 563 5311 τόν
598 5254 970 5330 prastermisit
998 5258 1050 5311 S.
1085 5254 1256 5309 δι’τοῦ
1286 5257 1337 5309 8.
1376 5273 1424 5310 c.
1458 5256 1539 5309 Cl.
1575 5256 1700 5310 sine
1734 5272 1761 5310 c

400 5333 459 5385 C.
495 5331 540 5364 ⁵⁸
571 5349 616 5384 ιν
648 5330 729 5402 (id
760 5334 847 5387 est
879 5327 1089 5400 ίησοῦν)
1117 5327 1181 5383 Ο.
1217 5328 1261 5362 ⁸⁸
1291 5323 1663 5398 προκειμένων
1698 5328 1761 5383 C.

598 5253 970 5330 preetérmisit
998 5258 1050 5311 S.
1077 5253 1258 5330 3:105}
1286 5257 1337 5309 8.
1376 5273 1424 5310 c.
1458 5256 1903 5330 Cl._sinegcodd.
1935 5254 2297 5311 auctoritate.
2330 5254 2374 5289 ⁵³
2405 5254 2490 5309 Ita
2512 5261 2577 5309 υ.
2610 5272 2659 5311 ο.
2695 5253 2777 5323 8.,
2809 5253 3151 5327 τραπεζεῖται
3199 5255 3279 5310 Cl.
3330 5256 3374 5291 ⁸³
3420 5253 3499 5328 τῷ
3535 5260 3594 5319 8,
3623 5256 3715 5325 0.,
3746 5256 3813 5311 τό

1778 5521 2151 5580 VARIORUM
2193 5520 2423 5581 ΝΟΤΕ.

470 5670 583 5744 (77)
614 5668 713 5724 Διὰ
738 5667 792 5724 τί
818 5666 880 5724 οὗ
910 5670 1083 5724 νοεῖτε
1113 5664 1175 5721 τὸ
1208 5660 1435 5740 εὔλογον
1466 5667 1574 5720 τῶν
1607 5667 1851 5744 Γραφῶν.
1884 5666 2074 5724 Verba
2105 5665 2422 5739 cujusdam
2470 5663 2808 5738 apocryphi.
2858 5665 3026 5725 Forte
3073 5667 3367 5741 Evangelii
3405 5666 3822 5729 Ebionitarum

396 5738 535 5801 Co‘r.
