4116 6224
350 380 467 440 145

1471 379 2001 441 CLEMENTINA.
2036 410 2115 428 —
2151 380 2487 443 HOMILIA
2529 380 2638 443 III.

3645 379 3765 443 146

342 516 691 586 γραμματεῖς
737 512 827 566 καὶ
875 508 1232 575 διδασκάλους
1297 513 1551 585 πέμπειν,
1600 513 1675 574 ὡς
1745 517 1843 567 τοῦ
1908 508 1997 567 ὅν-

2121 515 2333 571 aoribas
2363 519 2420 571 et
2450 516 2718 571 doctores
2749 515 3021 585 remittit,
3063 514 3288 571 clarum
3319 519 3408 571 est
3463 515 3763 572 remittere

342 621 455 662 τως
502 604 549 637 ⁸⁸
594 601 767 674 νόμου
810 598 1021 663 εἰδότας
1068 603 1135 656 τὰ
1182 600 1383 671 ἀληθῆ,
1413 599 1583 671 δῆλόν
1634 601 1792 659 ἐστιν.
1833 603 1903 656 Τὸ
1953 600 2010 657 δὲ

343 689 438 744 καὶ
505 689 677 745 εἰπεῖν
733 689 917 744 αὐτόν·
988 689 1096 744 Ούκ
1168 690 1336 759 ἦλθον
1407 690 1702 746 καταλῦσαι
1764 691 1855 745 τὸν
1914 691 2007 746 νό-

346 799 478 851 μον,
522 778 614 832 καὶ
674 777 951 856 φαίνεσθαι
1010 778 1168 833 αὐτὸν
1227 777 1583 851 καταλύοντα,
1643 779 2005 851 σημαίνοντος

342 869 439 939 ἦν,
471 867 579 935 ὅτι,
623 867 658 921 ἆ
706 866 1017 935 κατέλυσεν,
1068 868 1167 922 οὐκ
1213 868 1279 937 ἦν
1329 873 1425 922 τοῦ
1474 868 1664 940 νόμου.
1696 868 1767 923 Τὸ
1815 866 1872 923 δὲ
1916 867 2005 922 καὶ

341 956 541 1012 εἴϊεεῖν⁸
599 961 657 1010 '0
713 956 938 1031 οὐρανὸς
995 956 1085 1011 καὶ
1142 959 1177 1026 ἠ
1234 964 1308 1032 γῆ
1377 957 1819 1031 παρελεύσονται,
1875 957 2008 1011 ἰῶτα

339 1044 404 1101 δὲ
434 1049 478 1082 ⁸⁷
525 1045 583 1101 ’ἐν
628 1047 664 1115 ἣ
712 1046 812 1118 μία
858 1046 1046 1121 κεραία
1099 1045 1162 1100 οὐ
1218 1049 1292 1118 μὴ
1344 1046 1586 1121 παρέλθῃ
1633 1046 1740 1101 ἀπὸ
1775 1050 1873 1101 τοῦ
1918 1046 2005 1100 νό-

339 1158 471 1209 μον
504 1135 574 1190 τὰ
602 1135 710 1208 πρὸ
737 1134 971 1208 ούρανοῦ
1009 1135 1099 1189 καὶ
1159 1142 1263 1211 γῆς
1326 1136 1715 1213 παρερχόμενα
1770 1135 2007 1208 ἐσήμανε

342 1226 426 1297 μή
458 1219 588 1278 ὄντα
615 1228 715 1278 τοῦ
747 1219 920 1285 ὅντως
949 1223 1143 1297 νόμου.

412 1316 567 1370 107
618 1315 732 1370 LII.
776 1312 928 1369 Ἐπεὶ
976 1310 1066 1367 οὖν
1119 1312 1351 1387 ούρανοῦ
1399 1314 1489 1369 καὶ
1537 1320 1641 1390 γῆς
1708 1309 1787 1369 ἔτι
1858 1334 2005 1369 συνεσ-

333 1402 565 1457 στώτων
614 1401 898 1478 παρῆλθον
950 1402 1145 1471 θυσίαι,
1192 1402 1481 1478 βασιλεῖαι,
1516 1404 1571 1458 αἱ
1619 1401 1669 1457 ἐν
1718 1408 2004 1477 γεννητοῖς

329 1495 611 1567 γυναικῶν
645 1496 994 1568 προφητεῖαι,
1025 1491 1115 1545 καὶ
1147 1490 1247 1546 ὅσα
1276 1494 1320 1528 ⁸⁸
1348 1496 1591 1563 τοιαῦτα,
1623 1492 1700 1553 ὡς
1730 1492 1829 1546 οὐκ
1876 1487 2005 1546 ὄντα

331 1584 475 1635 Θεοῦ
536 1581 953 1655 προστάγματα,
985 1577 1127 1634 ἔνθεν
1180 1584 1308 1656 γοῦν
1371 1580 1541 1655 λέγει’
1596 1586 1746 1634 Πᾶσα
1794 1580 1999 1658 φυτεία,

326 1670 394 1737 ἣν
477 1667 582 1723 οὐκ
654 1667 934 1746 ἐφύτευσεν
1012 1669 1040 1722 6
1102 1670 1287 1745 Πατὴρ
1357 1670 1385 1723 6
1444 1669 1711 1745 οὐράνιος,
1770 1668 2001 1743 ἐκριζω-

331 1759 590 1828 θήσεται.
624 1758 721 1811 Διὰ
748 1760 909 1812 τοῦτο
950 1756 1113 1819 αὐτὸς
1163 1754 1379 1826 ἀληθὴς
1424 1754 1497 1811 ὢν
1545 1758 1834 1835 προφήτης
1882 1753 1999 1812 ἔλε-

328 1866 471 1954 τενἸ
503 1846 645 1921 Ἐγώ
694 1846 807 1954 εἶμι
864 1847 899 1916 ἡ
953 1844 1108 1954 πύλη
1164 1848 1261 1915 τῆς
1326 1852 1492 1916 ζωῆςο
1527 1847 1556 1901 6
1589 1843 1657 1954 δι’
1705 1846 1841 1954 ἐμρῦ
1888 1846 1997 1951 εἰσ·
2032 1890 2079 1954 Β

333 1934 643 2011 ερχόμενος
700 1934 1003 2010 εἷσέρχεται
1060 1932 1135 1996 εἲς
1198 1935 1298 2003 τὴν
1362 1936 1528 2004 ζωήν’
1588 1934 1664 1997 ὥς
1739 1933 1840 1989 ούκ
1905 1931 1998 1989 οὔ·

332 2044 441 2094 σης
474 2020 661 2098 ἑτέρας
690 2030 791 2093 τῆς
835 2024 1023 2092 σώζειν
1078 2020 1378 2097 δυναμένης
1426 2020 1797 2086 διδασκαλίας.
1833 2023 1926 2078 Διὸ
1955 2026 2001 2061 ⁸9

333 2113 427 2168 καὶ
486 2107 620 2167 ἐϐόα
675 2111 871 2189 λέγων·
906 2117 1063 2167 Δεῦτε
1114 2111 1253 2188 πρδς
1312 2113 1377 2185 μὲ
1430 2112 1625 2176 πάντες
1656 2114 1709 2168 οὶ
1764 2116 1999 2168 κοπιῶν-

330 2224 446 2269 τες,
500 2201 799 2269 τουτέστιν,
849 2203 901 2255 οἱ
949 2203 1050 2270 τὴν
1106 2200 1366 2271 ἀλήθειαν
1428 2206 1710 2272 ζητοῦντες
1778 2201 1867 2256 καὶ
1921 2202 1997 2275 μὴ

334 2292 681 2366 εὑρίσκοντες
759 2290 948 2362 αὐτήν.
1010 2291 1110 2347 Καὶ
1185 2290 1371 2346 πάλιψ
1429 2292 1505 2345 Τὰ
1572 2290 1679 2363 ἐμὰ
1753 2285 2001 2366 πρόϐατα

335 2380 529 2436 ἀκούει
588 2384 637 2418 ⁶⁰
689 2387 791 2450 τῆς
851 2379 990 2453 ἐμῆς
1061 2387 1265 2459 φωνῆς.
1327 2381 1425 2435 Καὶ
1500 2377 1720 2437 ἄλλοτε·
1782 2386 2002 2451 Ζητεῖτε

333 2471 427 2526 καὶ
472 2468 770 2546 εὑρίσκετε,
804 2470 879 2533 ὡς
933 2471 1009 2543 μή
1065 2467 1362 2546 προδήλως
1407 2471 1662 2544 κειμένης
1709 2476 1809 2540 τῆς
1859 2469 1998 2541 ἀλη-

335 2558 513 2621 θείας.

410 2649 561 2706 LIII.
600 2645 776 2702 Ἀλλᾶ
805 2648 894 2702 καὶ
935 2647 986 2720 ἐξ
1020 2646 1260 2723 οὐρανῶν
1288 2650 1333 2685 ⁸1
1369 2646 1573 2723 μάρτυς
1630 2649 1780 2726 φωνή
1837 2646 2004 2718 ἠκού-

338 2740 437 2808 σθη
503 2736 766 2812 λέγουσα⁸
830 2736 999 2799 Οὗτός
1058 2736 1199 2792 ἔστιν
1261 2738 1286 2792 6
1346 2736 1471 2799 Υἱός
1534 2758 1638 2810 μου
1694 2740 1740 2773 ⁶²
1789 2737 1817 2791 6
1872 2737 2000 2813 ἀγα-

340 2828 543 2897 πητὸς,
632 2826 708 2888 εἷς
790 2826 849 2881 ὃν
936 2824 1224 2898 εὐδόκησα,
1308 2825 1504 2881 τούτου
1586 2825 1826 2882 ἀκούετε.
1904 2826 2001 2881 Καὶ

340 2916 481 2990 πρὸς
555 2913 771 2976 τούτοις
848 2911 1129 2969 ἑπιπλεῖον
1205 2912 1400 2976 αὐτοὺς
1455 2916 1502 2950 ⁸³
1548 2913 2003 2986 πεπλανημένους

344 3002 563 3078 έλέγξαι
625 3001 799 3065 θέλων
858 3000 987 3064 τοὺς
1039 3004 1346 3080 προφήτας,
1378 3004 1505 3079 παρ’
1537 3004 1609 3057 ὧν
1651 3000 1717 3071 δὴ
1757 3015 2003 3076 μεμαθη-

348 3094 497 3146 κέναι
549 3086 855 3161 έϐεϐαίουν,
888 3090 1283 3164 ἐπιθυμοῦντας
1328 3090 1586 3163 ἀληθείας
1632 3092 1722 3147 καὶ
1776 3093 1850 3165 μή
1908 3113 2006 3164 με·

2119 608 2402 676 tanquam
2436 605 2507 658 ad
2540 621 2638 659 eos
2653 605 2751 676 qui
2768 621 2913 659 verte
2928 604 3071 677 legis
3092 621 3225 660 vera
3245 605 3759 677 cognoscebant(a)

2118 694 2279 758 Quod
2313 694 2487 748 etiam
2520 694 2647 765 ipsa
2678 693 2757 747 ait
2789 711 2801 749 :
2838 699 2959 750 Non
3015 696 3143 749 veni
3197 695 3401 749 solvere
3459 695 3627 765 legem
3663 694 3759 766 (b),

2116 790 2175 837 et
2207 787 2399 837 tamen
2429 782 2788 853 conspicitur
2816 782 3121 847 solvere,id
3162 782 3549 854 significantis
3579 788 3762 850 est,ea

2119 887 2245 942 quaa
2272 871 2421 926 sovit
2452 888 2564 925 non
2614 871 2967 943 pertinuisse
3025 872 3096 925 ad
3154 871 3363 943 legem.
3417 872 3525 925 Sed
3583 875 3641 926 et
3670 872 3759 925 di-

2117 962 2298 1015 cendo
2333 977 2345 1014 :
2382 960 2583 1016 Casium
2612 971 2665 1016 et
2697 965 2851 1016 terra
2900 961 3233 1028 transibunt,
3282 960 3375 1016 sed
3422 962 3539 1015 iota
3586 976 3761 1015 unum

2115 1053 2219 1104 aut
2248 1066 2392 1105 unus
2420 1066 2564 1122 apex
2590 1067 2699 1106 non
2728 1051 3041 1119 prmteribit
3065 1066 3099 1104 a
3129 1050 3243 1120 lege
3271 1049 3339 1119 te)
3362 1066 3383 1110 ,·
3417 1050 3571 1103 mani
3584 1050 3760 1104 festa-

2115 1139 2218 1203 vit,
2242 1154 2390 1193 verae
2421 1139 2567 1211 legis
2598 1157 2713 1195 non
2746 1155 2874 1195 esse
2902 1137 3005 1193 illa
3032 1154 3157 1210 quae
3179 1143 3313 1194 ante
3338 1137 3545 1192 cmlum
3577 1142 3632 1194 et
3650 1142 3759 1193 ter-

2115 1243 2242 1282 ram
2275 1229 2655 1284 transierunt.

2185 1317 2553 1382 LII.Quando
2584 1317 2766 1389 igitur
2795 1316 2936 1372 coelo
2967 1321 3024 1371 et
3052 1322 3209 1372 terra
3240 1316 3431 1372 adhuc
3462 1316 3759 1372 stantibus

2113 1404 2474 1460 transierunt
2504 1406 2812 1477 sacriﬁcia,
2850 1423 3047 1478 regna,
3082 1405 3415 1478 prophetiae,
3446 1422 3574 1478 qua:
3605 1405 3757 1460 inter

2114 1498 2280 1548 natos
2312 1493 2650 1561 mulierum,
2684 1499 2741 1550 et
2761 1512 2889 1566 quae
2920 1495 3012 1550 his
3044 1494 3457 1566 similia,quasi
3489 1511 3616 1566 qua:
3638 1510 3755 1549 non

2112 1588 2307 1638 essent
2340 1584 2434 1638 Dei
2468 1584 2783 1651 mandata;
2816 1585 2951 1639 inde
2979 1600 3114 1656 ergo
3161 1585 3240 1639 ait
3274 1600 3287 1638 :
3325 1584 3512 1639 Omnis
3540 1584 3755 1654 planta-

2110 1672 2206 1741 tio,
2238 1688 2403 1742 quam
2455 1689 2567 1727 non
2610 1674 2885 1741 plantavit
2935 1675 3094 1728 Pater
3140 1674 3393 1737 caelestis,
3444 1672 3751 1728 eradicabi-

2110 1767 2204 1813 tur
2233 1760 2329 1831 (ά).
2372 1760 2617 1832 Propter
2653 1762 2763 1817 hoc
2812 1763 2957 1834 ipse,
3003 1779 3173 1817 verus
3224 1761 3523 1833 propheta,
3571 1761 3753 1819 dixit:

2112 1850 2222 1915 Ego
2249 1864 2370 1902 sum
2398 1858 2555 1919 porta
2584 1852 2716 1905 vitae
2744 1868 2765 1904 :
2797 1851 2895 1921 qui
2937 1867 3037 1922 per
3087 1866 3175 1906 me
3220 1852 3437 1916 introii,
3480 1851 3675 1906 introii
3698 1851 3759 1905 in

2110 1938 2279 1990 vitam
2310 1937 2403 2008 (e),
2439 1938 2577 2008 quia
2608 1955 2721 1993 non
2772 1944 2859 1993 est
2913 1938 3027 1993 alia
3070 1939 3352 2005 doctrina,
3404 1955 3531 2009 qua:
3573 1939 3759 2010 possit

2109 2023 2334 2079 salvum
2369 2026 2574 2081 facere.
2609 2026 2894 2089 Quocirca
2924 2026 3235 2095 clamabat,
3289 2026 3533 2082 dicens:
3575 2028 3759 2083 Venite

2108 2113 2178 2167 ad
2207 2129 2315 2180 me,
2346 2129 2532 2170 omnes
2561 2117 2659 2187 qui
2680 2116 2946 2170 laboratis
2972 2117 3064 2185 (Γ),
3112 2115 3221 2171 hoc
3266 2120 3375 2183 est,
3410 2115 3511 2186 qui
3545 2115 3755 2186 quieri-

2107 2200 2183 2256 tis
2210 2202 2537 2271 veritatem,
2571 2220 2675 2259 nec
2706 2203 2981 2260 invenitis
3010 2220 3159 2259 eam.
3207 2207 3275 2258 Et
3325 2204 3538 2258 iterum
3572 2219 3586 2258 :
3622 2203 3755 2259 Oves

2108 2305 2248 2347 mea?
2275 2307 2455 2347 vocem
2500 2308 2680 2348 meam
2724 2293 2963 2348 audiunt
3009 2292 3105 2365 (g).
3164 2294 3235 2348 Et
3291 2292 3481 2348 alias:
3515 2293 3756 2362 Quaerite

2108 2387 2159 2435 et
2189 2381 2481 2437 invenietis
2525 2382 2647 2455 (It);
2678 2383 2831 2455 quod
2886 2381 3100 2438 veritas
3147 2380 3300 2438 clare
3346 2398 3462 2437 non
3521 2383 3598 2437 sit
3649 2398 3752 2454 po.

2108 2467 2239 2527 sita.

2190 2657 2333 2711 LIII.
2364 2652 2472 2708 Sed
2504 2656 2561 2707 et
2591 2652 2659 2706 de
2693 2650 2853 2706 caelis
2882 2649 3050 2706 testis
3079 2665 3186 2704 vox
3236 2648 3435 2705 audita
3490 2654 3602 2718 est,
3661 2648 3749 2703 di-

2112 2761 2249 2801 cens
2280 2760 2293 2800 :
2327 2745 2424 2798 Hic
2452 2750 2530 2797 est
2584 2742 2765 2797 Filius
2822 2756 2973 2795 meus
3027 2738 3276 2805 dilectus,
3336 2740 3397 2793 in
3458 2753 3563 2810 quo
3617 2739 3759 2793 mihi

2111 2834 2419 2905 eomptacui
2448 2850 2467 2887 :
2498 2833 2682 2902 ipsum
2713 2829 2900 2884 audite
2929 2829 3014 2901 (i).
3051 2828 3117 2883 Et
3173 2828 3363 2883 adhuc
3428 2828 3617 2899 magis
3664 2827 3759 2882 de-

2115 2929 2444 2979 monstrare
2474 2920 2672 2975 volens
2705 2920 2862 2991 ipsos
2894 2916 3206 2990 prophetas
3236 2933 3480 2983 errasse,
3537 2934 3571 2971 a
3626 2916 3755 2988 qui-

2115 3013 2224 3068 bus
2257 3028 2319 3067 se
2350 3010 2625 3065 didicisse
2639 3008 3141 3072 afﬁrmabant,eos
3156 3005 3629 3061 mortuosessein
3657 3006 3757 3061 de-

2117 3100 2331 3157 siderio
2346 3105 2402 3155 et
2415 3115 2526 3153 non
2546 3098 2600 3152 in
2617 3096 2949 3168 cognitione
2965 3095 3224 3150 veritatis
3245 3093 3758 3165 pronuntiavit,his

354 3180 670 3252 μαθηκότας
715 3178 1139 3251 τελευτήσαντας
1188 3181 1496 3258 ἀπεφήνατο
1546 3180 1733 3236 εἰπών·
1794 3179 2005 3237 Πολλοὶ

2121 3190 2307 3246 verbis
2351 3204 2364 3242 :
2414 3188 2571 3243 Multi
2624 3186 2898 3258 propheta:
2945 3192 2996 3240 et
3046 3200 3197 3253 reges
3244 3186 3531 3254 cupierunt
3574 3183 3761 3239 videre

351 3277 637 3347 προφῆται
694 3267 781 3339 καί
858 3267 1100 3345 βασιλεῖς
1179 3268 1523 3343 ἐπεθύμησαν
1588 3267 1719 3324 ἰδεῖν
1778 3268 1809 3324 ἃ
1858 3271 2005 3342 ὑμεῖς

2122 3296 2235 3351 qua:
2258 3293 2349 3333 vos
2378 3278 2574 3332 videtis
2612 3280 2661 3330 et
2695 3273 2889 3329 audire
2921 3290 3039 3345 quae
3082 3288 3175 3329 vos
3216 3271 3422 3327 auditis
3451 3290 3470 3327 :
3500 3279 3553 3327 et
3599 3287 3762 3327 amen

357 3358 613 3433 βλέπετε,
673 3358 761 3413 καὶ
817 3359 1041 3413 ἀκοῦσαι
1100 3356 1132 3412 ἃ
1190 3359 1343 3432 ὑμεῖς
1422 3358 1662 3425 ἀκούετε,
1713 3358 1803 3413 καὶ
1860 3358 2005 3431 ἀμην

358 3446 513 3521 λέγω
574 3447 724 3520 ὑμῖν,
783 3445 908 3502 οὔτε
956 3444 1095 3502 εἶδον
1151 3449 1216 3516 ⁸⁸,
1249 3443 1373 3502 οὔτε
1417 3444 1677 3515 ἤκουσαν.
1722 3453 1841 3502 ’Ἔτι
1904 3448 2010 3520 μὴν

355 3533 569 3611 ἔλεγεν
629 3535 772 3611 Ἐγώ
830 3535 945 3609 εἰμι
993 3535 1116 3610 περὶ
1173 3536 1237 3590 οὗ
1309 3542 1546 3605 Μωυσῆς
1612 3538 2010 3614 προεφήτευσεν

356 3625 554 3680 εἰπών·
616 3626 909 3703 Προφήτην
986 3625 1158 3701 ἐγερεῖ
1213 3627 1258 3661 ⁸⁸
1316 3625 1442 3699 ὑμῖν
1508 3625 1703 3702 Κύριος
1766 3626 1794 3680 ὁ
1855 3626 2008 3682 108

355 3714 493 3776 Θεός
523 3716 712 3787 ἡμῶν,
744 3714 803 3769 ἐκ
858 3718 963 3769 τῶν
1009 3711 1258 3791 ἀδελφῶν
1313 3715 1484 3787 ὑμῶν,
1518 3714 1698 3790 ὥσπερ
1753 3713 1841 3769 καί
1890 3714 2007 3787 ἐμὲ,

354 3804 529 3859 αὐτοῦ
588 3802 807 3858 ἀκούετε
870 3805 1006 3857 κατᾶ
1061 3804 1252 3857 πάντα·
1286 3804 1346 3864 ὃς
1403 3802 1462 3857 ἂν
1515 3801 1573 3858 δὲ
1598 3806 1644 3840 ⁶⁶
1692 3804 1769 3877 μὴ
1811 3802 2011 3878 ἀκούσῃ

354 3897 457 3947 τοῦ
486 3894 773 3970 προφήτου
803 3892 1031 3960 ἐκείνου,
1067 3893 1432 3949 ἀποθανεῖται.

435 3984 583 4039 LIV.
617 3984 766 4036 Ὅθεν
816 3979 1075 4036 ἀδύνατόν
1120 3981 1259 4036 ἐστιν
1308 3981 1431 4036 ἄνευ
1474 3988 1573 4050 τῆς
1614 3980 1811 4036 τούτου
1860 3978 2009 4036 διδα-

363 4070 594 4133 σκαλίας
624 4070 852 4142 ἀληθείᾳ
878 4070 1125 4144 σωζούσῃ
1143 4069 1446 4143 ἐπιστῆναι,
1478 4070 1575 4125 κᾶν
1604 4071 1695 4125 τὸν
1728 4069 1900 4125 αἰῶνά
1925 4091 2010 4133 τις

363 4162 527 4231 ζητῇ,
560 4159 681 4215 ἔνθα
696 4161 759 4215 τὸ
792 4158 1119 4233 ζητούμενον
1153 4159 1253 4215 ούκ
1282 4158 1444 4215 ἔστιν·
1475 4161 1541 4229 ἦν
1576 4157 1634 4214 δὲ
1661 4159 1750 4214 καὶ
1789 4156 1930 4214 ἔστιν
1961 4158 2012 4214 έν

356 4254 441 4320 τῷ
468 4252 650 4319 Ἰησοῦ
678 4252 838 4322 ἡμῶν
859 4247 1028 4325 λόγῳ.
1046 4248 1197 4318 Πλήν
1218 4247 1432 4319 τάληθῆ
1454 4252 1498 4286 ⁸⁷
1526 4253 1623 4304 τοῦ
1652 4248 1825 4323 νόμου
1855 4245 2014 4310 εἰδὼς

360 4336 754 4401 Σαδδουκαίοις
801 4339 1251 4411 πυνθανομένοις,
1281 4339 1397 4393 καθ’
1445 4340 1503 4394 ’ὀν
1562 4336 1729 4413 λόγον
1774 4345 2011 4408 Μωϋσῆς

364 4428 503 4484 ἔπτᾶ
552 4427 933 4503 συνεχώρησεν
980 4432 1190 4503 γαμεῖν,
1245 4425 1369 4505 ἔφη’
1431 4433 1667 4497 Μωυσῆς
1731 4427 1868 4481 κατὰ
1911 4428 2010 4495 τήν

361 4513 801 4592 σκληροκαρδίαν
888 4516 1040 4589 ὑμῶν
1128 4515 1411 4590 ἐπέτρεψεν
1502 4516 1651 4589 ὑμῖν.
1720 4516 1840 4572 Ἀπ’
1918 4516 2015 4591 ἀρ-

2118 3369 2236 3425 dico
2261 3368 2434 3432 vobis,
2462 3380 2635 3437 neque
2662 3364 2915 3419 viderunt
2949 3377 3123 3434 neque
3165 3362 3461 3417 audierunt
3489 3361 3577 3432 (j).
3610 3359 3763 3415 Dixit

2120 3462 2397 3531 praeterea
2430 3472 2442 3509 :
2476 3456 2582 3525 Ego
2607 3471 2728 3509 sum
2770 3453 2836 3508 de
2878 3468 2981 3523 quo
3029 3456 3239 3523 Moyses
3280 3449 3644 3522 prophetavit,
3673 3447 3761 3503 di-

2117 3563 2241 3603 cens
2279 3564 2298 3599 :
2346 3544 2682 3616 Prophetam
2728 3542 3013 3597 suscitabit
3068 3541 3218 3596 vobis
3283 3541 3549 3595 Dominus
3620 3540 3762 3593 Deus

2116 3646 2300 3691 noster
2322 3651 2392 3690 ex
2417 3632 2691 3705 fratribus
2723 3632 2937 3696 vestris,
2967 3631 3106 3685 sicut
3143 3645 3271 3697 me,-
3300 3631 3488 3700 ipsum
3536 3629 3597 3682 in
3639 3643 3759 3681 om-

2116 3725 2282 3779 nibus
2305 3723 2510 3778 audite.
2547 3722 2849 3791 Quiautem
2868 3735 2978 3775 non
2993 3717 3234 3774 audierit
3251 3718 3567 3790 prophetam
3596 3716 3762 3771 illum

2119 3813 2385 3868 morietur
2414 3809 2509 3882 (k).

2192 3987 2329 4043 LIV.
2364 3988 2553 4051 Quare
2584 3983 2949 4057 impossibile
2978 3987 3085 4051 est,
3119 3982 3245 4039 sine
3281 3979 3470 4053 ipsius
3499 3979 3763 4035 doctrina

2121 4076 2434 4132 salutiferae
2464 4074 2735 4130 insistere
2772 4072 3020 4137 veritati,
3072 4070 3341 4142 quamvis
3389 4069 3446 4124 in
3479 4073 3761 4124 aeternum

2122 4166 2256 4236 quis
2287 4168 2528 4235 queret,
2563 4163 2661 4218 ubi
2693 4162 2844 4234 quod
2878 4161 3157 4233 qumritur
3185 4177 3299 4215 non
3323 4157 3760 4225 consistit,con-

2124 4253 2273 4309 stitit
2302 4259 2498 4307 autem
2530 4256 2589 4307 et
2619 4251 2891 4306 consistit
2920 4249 2979 4303 in
3032 4249 3171 4304 Jesu
3230 4247 3415 4303 nostri
3473 4262 3759 4303 sermone.

2124 4344 2328 4414 Itaque
2360 4357 2494 4397 cum
2528 4339 2701 4395 sciret
2730 4355 2865 4394 vera
2906 4337 3071 4410 legis,
3129 4336 3461 4392 Sadducaeis
3516 4336 3763 4391 interro-

2122 4430 2426 4504 gantibus,
2460 4446 2579 4501 qua
2608 4427 2832 4484 ratione
2862 4427 3088 4499 Moyses
3133 4423 3575 4480 matrimonium
3628 4440 3763 4479 cum

2124 4526 2349 4593 septem
2381 4517 2722 4574 contrahere
2753 4514 3168 4588 permississet,
3183 4513 3487 4585 respondit
3519 4529 3531 4567 :
3560 4514 3764 4583 Moyses

359 4608 471 4682 χῆς
528 4604 634 4681 γὰρ
690 4603 863 4667 οὕτως
922 4604 1023 4659 οὐκ
1069 4603 1304 4696 ¹ἐγένετο.
1336 4605 1394 4659 Ὀ
1422 4604 1526 4681 γὰρ
1583 4604 1766 4667 κτίσας
1794 4604 1887 4659 ἀπ’
1920 4605 2005 4680 ἀρ.

2125 4609 2195 4665 ad
2223 4608 2490 4664 duritiam
2520 4609 2758 4662 vestram
2783 4606 3042 4676 permisit
3076 4602 3242 4659 vobis.
3292 4602 3373 4657 Ab
3424 4603 3587 4657 initio
3614 4602 3766 4656 enim

357 4702 472 4771 χῆς
531 4694 625 4749 τὸν
674 4690 988 4769 ἄνθρωπον,
1048 4689 1204 4768 ἄρσεν
1256 4691 1346 4747 καὶ
1406 4690 1548 4762 θῆλυ
1605 4692 1856 4764 ἐποίησεν
1919 4693 2013 4749 αύ-

356 4784 476 4843 τόν.

455 4944 515 5007 a)
545 4942 759 5000 Matth.
788 4957 950 5007 mn,
978 4942 1033 4997 2.

458 5013 513 5081 b)
544 5014 758 5072 Matth.
789 5030 849 5081 ν,
876 5013 964 5068 17.

452 5084 509 5153 e)
528 5086 739 5144 Matth.
774 5099 932 5149 xxiv,
961 5084 1070 5153 35;
1098 5101 1155 5153 ν,
1190 5084 1278 5141 18.

455 5155 516 5231 at)
547 5156 755 5215 Matth.
786 5172 882 5231 xv,
916 5155 1004 5212 13.

461 5228 515 5301 e)
542 5233 714 5301 Joan.
746 5244 805 5295 ι,
837 5228 894 5282 9.

485 5298 505 5375 )
534 5300 749 5359 Matth.
780 5316 863 5370 xx,
889 5298 981 5354 28.

428 4949 452 5233 ἓ

2122 4714 2235 4753 non
2262 4698 2373 4768 fuit
2400 4697 2613 4765 sic.Qui
2640 4696 2790 4751 enim
2815 4693 2883 4749 ab
2906 4695 3065 4748 initio
3085 4692 3289 4748 creavit
3312 4693 3762 4756 hominem,mas-

2124 4787 2314 4842 culum
2337 4794 2391 4842 et
2416 4786 2686 4856 feminam
2713 4784 2847 4855 fecit
2875 4798 2998 4838 eum
3024 4780 3116 4853 (ι).

2224 4946 2278 5071 ἕ)
2306 4945 2477 5002 Joan.
2508 4961 2566 5012 x,
2594 4943 2687 5033 27:

2264 5022 2281 5071 )
2312 5016 2518 5071 Matth.
2543 5032 2643 5071 vn.
2685 5056 2687 5065 .

2260 5014 2281 5086 )
2312 5016 2518 5072 Matth.
2543 5032 2643 5081 vn,
2667 5014 2731 5086 7'77.

2222 5085 2266 5153 i)
2296 5087 2499 5144 Matih.
2529 5102 2633 5153 χιι,
2662 5085 2718 5140 5.

2230 5089 2244 5143 i
2296 5088 2499 5144 Matih.
2529 5102 2633 5153 χιι,
2662 5088 2718 5140 5.

2230 5088 2266 5232 ii
2287 5158 2495 5232 Matth.
2526 5174 2656 5232 Jun,
2681 5156 2789 5232 ης
2817 5154 2957 5232 Luc.
2988 5153 3169 5232 1524.

2220 5226 2275 5302 7i)
2305 5231 2473 5286 Joan.
2504 5245 2560 5300 v,
2594 5228 2854 5302 46;.ftct.
2883 5242 2969 5293 ιιι,
2994 5226 3091 5302 _22.

2221 5297 2266 5374 ι)
2293 5302 2497 5358 Matth.
2527 5297 2667 5367 im,
2694 5299 2766 5355 23
2796 5315 2812 5367 ;
2841 5314 2958 5369 xxx,
2988 5297 3045 5365 8,
3077 5297 3131 5352 4.

1712 5441 1957 5500 VARIIE
2022 5442 2438 5501 LECTIONES.

431 5554 666 5631 ⁸(ὄντος
698 5560 756 5613 C.
832 5557 884 5631 '_"_
907 5551 964 5609 δέ
988 5555 1121 5631 add.
1152 5572 1203 5631 ᾳ,
1234 5555 1309 5631 0:
1376 5554 1790 5631 "filiouexcidit
1819 5575 1912 5631 ap.
1945 5559 2005 5615 Cl
2036 5563 2093 5615 et
2121 5560 2181 5615 S.
2258 5560 2303 5595 ⁸⁸
2333 5554 2404 5631 δι’
2431 5554 2462 5611 ὅ
2489 5563 2547 5631 0.
2578 5552 2971 5631 «pigeat-om:
3002 5555 3121 5631 0.“
3143 5554 3189 5589 ⁶⁰
3228 5550 3488 5631 ,ἀξοῦοιέξῖι
3525 5549 3670 5631 ,(εξς)
3696 5548 3763 5631 9;

354 5635 401 5707 ξι
435 5617 673 5707 ο-ὸρανοβ
703 5632 768 5686 Ο.
842 5628 889 5664 ⁸³
923 5646 1028 5700 μου
1060 5625 1089 5679 6
1115 5625 1239 5707 I‘ibc
1271 5627 1331 5683 C.
1372 5630 1456 5707 ﬂ”
1483 5626 1610 5707 τούς
1643 5634 1705 5707 ΟΣ
1783 5631 1829 5665 ⁸⁸
1857 5617 1959 5688 Ἧι
2016 5632 2079 5689 Ο.
2133 5648 2183 5688 c.
2234 5633 2289 5700 S,
2332 5627 2452 5684 Ἱδον
2504 5630 2562 5685 C.
2622 5617 2684 5662 ’⁸⁵
2723 5617 2903 5701 ἐγείρη
2938 5627 3004 5683 Ο.
3079 5626 3124 5661 ⁸⁸
3150 5622 3239 5677 καί
3270 5623 3336 5681 Ο.
3410 5623 3454 5657 ⁸⁷
3480 5617 3553 5674 τᾶ
3577 5617 3763 5693 ἀληθῆ

356 5706 429 5775 0,
461 5697 527 5761 ixi
556 5703 731 5775 cuius
760 5697 945 5773 marg.
978 5703 1249 5757 monetur
1276 5717 1297 5759 .'
1328 5697 1619 5776 v60a_xa1&
1644 5699 1839 5776 νόμου.
