4116 6224
356 388 470 447 H7

1180 386 1245 447 S.
1292 386 1733 449 CLEMENTIS
1780 389 1802 448 l
1848 387 2041 448 BOM.
2088 386 2320 447 PONT.
2366 386 2628 447 OPEBA
2671 383 2932 445 DUBIA.

3650 389 3770 451 148

426 520 532 576 LV.
594 518 671 575 Iis
725 535 855 575 vero
898 519 998 594 qui
1060 520 1439 592 arbitrantur,
1497 520 1999 593 quemadmodum

2186 518 2298 574 LV.
2332 522 2454 579 Τοῖς
2488 514 2545 572 δὲ
2600 516 2934 590 νομίζουσιν,
2968 515 3044 578 ὡς
3101 516 3158 570 αἱ
3210 518 3415 596 Γραφαῖ
3476 515 3767 575 διδάσκου-

356 608 565 663 docent
595 607 927 681 Scriptura,
986 614 1167 665 Deum
1210 611 1435 682 jurare,
1495 612 1637 667 dicit
1670 629 1683 667 :
1716 612 1800 667 Sit
1828 626 2003 666 sermo

355 705 545 763 vester,
577 701 674 763 est,
708 701 834 761 est;
863 707 914 754 et
945 715 1076 768 non,
1121 715 1233 753 non
1260 716 1280 761 ,'
1313 700 1452 771 quod
1499 702 1648 755 enim
1700 702 1779 756 his
1827 700 2003 756 abun-

358 785 587 841 dantius
614 790 716 852 est,
746 804 781 842 a
808 789 955 843 malo
980 792 1059 845 est
1090 788 1186 859 (a).
1216 789 1285 843 Et
1315 789 1389 845 iis
1420 790 1520 861 qui
1552 790 1776 856 dicunt,
1824 790 2004 845 Abra-

359 875 626 939 hamum,
657 876 925 931 lsaacum
957 881 1013 933 et
1042 877 1326 933 Jacobum
1355 894 1482 933 esse
1540 883 1823 945 mortuos,
1876 880 1956 934 ait
1989 895 2003 933 :

359 963 477 1019 Non
502 968 579 1019 est
610 966 749 1020 Deus
776 970 1141 1032 mortuorum,
1173 965 1266 1021 sed
1302 968 1604 1022 viventium
1652 968 1748 1039 (b).
1798 967 1875 1023 Iis
1904 985 2006 1023 au-

360 1056 479 1107 tem
513 1053 613 1125 qui
652 1054 828 1108 Deum
862 1058 1069 1126 putant
1099 1071 1225 1110 esse
1256 1060 1629 1126 tentatorem,
1662 1056 1817 1112 sicut
1844 1058 2011 1112 aiunt

363 1140 696 1213 Scriptura),
731 1142 872 1198 dicit
901 1147 1246 1199 tentatorem
1293 1160 1421 1200 esse
1464 1145 1788 1215 diabolum,
1823 1145 1923 1218 qui
1953 1151 2011 1202 et

362 1231 611 1287 tentavit
642 1248 796 1288 eum.
827 1232 901 1287 Iis
932 1248 1062 1287 vero
1095 1233 1193 1304 qui
1229 1233 1412 1288 Deum
1465 1234 1847 1306 suspicantur
1896 1253 2011 1290 nun

369 1319 658 1391 praescire,
690 1320 821 1375 inﬁt
845 1338 858 1387 ;
890 1320 1001 1376 Scit
1027 1323 1179 1376 enim
1205 1323 1373 1377 Pater
1404 1330 1576 1378 vester
1603 1324 1860 1391 cxtestis,
1885 1326 2015 1396 quia

370 1407 455 1462 his
480 1409 731 1463 omnibus
761 1409 1036 1479 indigetis,
1069 1413 1365 1481 antequam
1403 1413 1603 1482 petatis
1659 1428 1783 1467 eum
1825 1412 1914 1484 (e).
1947 1414 2017 1469 Et

374 1496 448 1552 iis
480 1496 773 1568 quijuxta
815 1498 1142 1570 Scripturas
1202 1500 1447 1554 credunt
1504 1500 1683 1554 Deum
1747 1518 1861 1557 non
1893 1519 2018 1557 om-

377 1584 474 1640 nia
502 1601 734 1642 cernere
766 1602 779 1642 :
815 1586 999 1656 Orate,
1034 1586 1246 1658 inquit,
1282 1590 1343 1642 in
1371 1588 1704 1655 abscondito,
1756 1599 1811 1646 et
1863 1591 2022 1647 Pater

377 1678 570 1739 vester,
605 1676 702 1746 qui
729 1674 869 1730 videt
901 1675 1234 1743 abscondita,
1268 1676 1457 1731 reddet
1486 1677 1633 1732 vobis
1663 1678 1761 1749 (ά).

2111 625 2214 677 σιν,
2248 604 2331 660 ὅτι
2362 607 2390 662 6
2421 608 2547 668 Θεὸς
2583 604 2790 678 ὀμνύει,
2823 599 2947 683 ἔφη·
2981 606 3160 659 Ἔστω
3212 607 3363 679 ὑμῶν
3424 607 3488 662 τὸ
3517 606 3627 678 ναί,
3658 607 3767 678 ναί,

2112 694 2202 748 καὶ
2258 697 2301 732 ⁸⁸
2340 696 2400 750 τὸ
2458 692 2545 767 οὕ,
2581 692 2664 750 οὕ’
2712 695 2775 749 τὸ
2833 695 2936 769 γὰρ
2995 695 3249 769 περισσὸν
3309 695 3517 752 τούτων
3571 696 3632 751 ἐκ
3672 702 3768 753 τοῦ

2112 787 2357 860 πονηροῦ
2410 782 2570 840 ἐστιν.
2604 783 2701 838 Καὶ
2759 788 2873 845 τοῖς
2936 782 3185 860 λέγουσιν
3244 783 3326 839 ὅτι
3370 780 3623 859 Ἀϐραὰμ
3680 785 3768 841 διαέ

2115 872 2293 927 Ἰσαὰκ
2347 872 2436 927 καὶ
2492 876 2538 910 ⁸ο
2576 867 2770 927 Ἰακὼϐ
2827 871 3089 935 ἀπέθανον
3146 874 3211 943 ⁷ο,
3272 871 3397 951 ἔφη’
3458 874 3569 930 Ούκ
3628 874 3768 930 ἔστιν

2117 961 2245 1023 Θεὸς
2300 964 2525 1036 νεκρῶν,
2560 959 2707 1017 ἀλλᾶ
2764 961 3003 1031 ζώντων.
3054 967 3181 1023 Τοῖς
3233 958 3290 1016 δὲ
3346 962 3625 1035 οἷομένοις
3684 962 3771 1019 ὅτι

2118 1051 2147 1105 6
2179 1051 2306 1112 Θεὸς
2354 1050 2617 1127 πειράζει,
2650 1050 2726 1113 ὡς
2793 1050 2847 1104 αἱ
2887 1051 3093 1127 Γραφαῖ
3136 1048 3410 1125 λέγουσιν,
3446 1050 3569 1130 ἔφη’
3607 1053 3635 1107 ὁ
3668 1074 3775 1109 πο-

2118 1138 2284 1210 νηρός
2328 1138 2466 1195 ἐστιν
2518 1140 2546 1194 ὸ
2592 1139 2883 1214 πειράζων,
2918 1140 2945 1194 6
2976 1138 3064 1194 καὶ
3114 1139 3273 1194 αὐτὸν
3326 1138 3606 1217 πειράσας·
3654 1147 3775 1205 τοῖς

2122 1226 2180 1284 δὲ
2236 1231 2275 1265 ⁷¹
2321 1224 2821 1302 ὑπολαμϐάνουσιν,
2853 1228 2937 1284 ὅτι
2999 1228 3026 1282 ὁ
3082 1229 3210 1291 Θεὸς
3266 1228 3329 1283 οὗ
3385 1231 3777 1305 προγινώσκει,

2123 1315 2245 1395 ἔφη’
2309 1314 2437 1375 Οἵδε
2490 1319 2593 1393 γὰρ
2648 1318 2677 1372 6
2734 1318 2922 1392 Πατὴρ
2981 1317 3133 1391 ὑμῶν
3191 1320 3238 1355 ⁷³
3296 1319 3324 1373 6
3383 1317 3632 1393 οὐράνιος
3691 1319 3777 1376 ὅτι

2126 1405 2361 1481 χρῄζετε
2442 1404 2648 1461 τούτων
2722 1403 2992 1478 ἁπάντων,
3069 1404 3195 1481 πρὶν
3271 1404 3430 1462 αὐτὸν
3502 1407 3776 1478 ἀξιώσετε.

2126 1500 2253 1556 Τοῖς
2311 1491 2368 1549 δὲ
2423 1492 2791 1568 πιστεύουσιν,
2825 1494 2899 1557 ὡς
2950 1495 3005 1549 αἱ
3046 1498 3198 1552 I09
3248 1494 3452 1575 Γραφαὶ
3504 1495 3778 1572 λέγουσιν,

2129 1583 2212 1639 ὅτι
2274 1585 2348 1657 μὴ
2406 1584 2575 1639 πάντα
2632 1583 2843 1660 βλέπει,
2878 1579 2977 1661 ἔφη
3037 1586 3101 1620 ⁷³·
3136 1585 3221 1639 Ἐν
3278 1588 3359 1656 τῷ
3413 1590 3634 1658 κρυπτῷ
3690 1583 3779 1641 εὕ-

2131 1684 2315 1749 χεσθε,
2366 1672 2481 1727 εἷπε
2536 1676 2599 1744 7‘,
2650 1674 2739 1728 καὶ
2800 1674 2828 1728 6
2881 1673 3069 1747 Πατὴρ
3122 1673 3292 1747 δμῶν,
3352 1675 3380 1728 6
3441 1674 3656 1750 βλέπων
3713 1677 3781 1730 τὰ

2132 1761 2364 1838 κρυπτὰ,
2400 1760 2669 1817 ἀποδώσει
2704 1761 2855 1835 ύμῖν.

453 1852 585 1907 LVI.
618 1851 1103 1908 Existimantibus
1137 1869 1307 1924 porro
1349 1853 1534 1909 Deum
1586 1871 1699 1910 non
1750 1872 1877 1912 esse
1928 1857 2024 1912 bo-

2209 1854 2351 1909 LVI.
2382 1857 2506 1913 Τοῖς
2563 1849 2621 1907 δέ
2679 1851 2953 1924 οἰομένοις
2986 1851 3144 1907 αὐτὸν
3184 1853 3258 1926 μὴ
3294 1852 3491 1928 ἀγαθὸν
3525 1852 3681 1926 εῖναι,
3709 1853 3783 1916 ὡς

384 1958 549 2011 num,
586 1948 646 1995 ut
678 1941 842 1996 aiunt
872 1942 1205 2012 Scripturaa,
1238 1942 1318 1997 ita
1346 1942 1577 1999 locutus
1607 1949 1724 2000 est:
1749 1952 1795 1999 Α
1826 1962 1931 2017 quo
1959 1963 2029 2002 ea:

384 2032 539 2087 vobis
566 2031 718 2101 ﬁlius
745 2033 888 2101 petet
917 2031 1393 2103 panem,nunquid
1414 2032 1661 2099 lapidem
1687 2035 1931 2105 porriget
1950 2037 2030 2091 ei?

385 2120 486 2176 Aut
514 2132 565 2175 et
587 2121 793 2191 piscem
822 2126 989 2189 petet,
1019 2120 1280 2191 nunquid
1300 2129 1601 2191 serpentem
1630 2124 1682 2177 ei
1725 2126 1976 2197 porriget
2005 2127 2031 2177 .9

384 2210 447 2265 Si
475 2225 598 2280 ergo
628 2224 737 2274 vos,
769 2224 895 2262 eum
921 2209 1044 2263 sitis
1073 2208 1231 2275 mali,
1289 2210 1458 2264 nostis
1511 2210 1649 2267 bona
1702 2211 1844 2267 dona
1898 2213 2030 2268 dare

382 2300 519 2371 ﬁtiis
549 2299 758 2363 vestris,
789 2302 991 2368 quanto
1021 2298 1195 2367 magis
1225 2301 1395 2353 Pater
1433 2299 1662 2355 caelestis
1703 2301 1859 2355 dabit
1890 2302 2029 2357 bona

380 2388 687 2460 petentibus
710 2402 764 2442 se
794 2390 843 2442 et
879 2386 1205 2458 facientibus
1230 2387 1565 2443 voluntatem
1593 2405 1751 2444 suam
1782 2391 1852 2462 (e)
1877 2394 1903 2444 .9
1928 2393 2028 2447 As-

383 2477 716 2533 serentibus
745 2479 967 2539 autem,
998 2492 1131 2530 eum
1164 2475 1223 2529 in
1255 2474 1474 2546 templo
1506 2492 1655 2543 esse,
1701 2479 1847 2534 dixit
1877 2497 1889 2535 :
1923 2482 2028 2535 No-

384 2567 478 2621 lite
506 2567 695 2635 iurare
720 2581 820 2635 per
848 2564 1066 2631 caelum,
1099 2566 1231 2635 quia
1273 2563 1502 2619 thronus
1557 2568 1662 2621 Dei
1710 2576 1808 2632 est,
1858 2584 2031 2643 neque

380 2672 479 2727 per
505 2654 869 2724 terram,quia
897 2653 1197 2707 scabellum
1227 2657 1303 2707 est
1327 2653 1530 2723 pedum
1559 2655 1675 2723 ejus
1704 2656 1868 2727 (f).Et
1889 2674 2030 2730 prte-

384 2742 781 2809 sumentibus,
816 2741 999 2797 Deum
1030 2740 1336 2796 sacriﬁciis
1369 2741 1665 2810 delectari,
1729 2745 1810 2800 ait
1841 2763 1854 2801 :
1890 2747 2030 2801 Deus

383 2831 825 2888 misericordiam
866 2830 1000 2896 vult,
1061 2834 1114 2885 et
1163 2845 1275 2885 non
1330 2831 1635 2902 sacriﬁcia,
1690 2836 2030 2904 agnitionem

384 2937 566 2988 suam,
596 2923 648 2975 et
676 2935 785 2974 non
809 2919 1123 2975 holocausta
1152 2918 1252 2992 (g).

459 3097 649 3154 LVIII.
686 3097 763 3151 Ad
797 3112 894 3152 eos
925 3100 1144 3162 autem,
1178 3096 1278 3168 qui
1341 3098 1663 3153 secundum
1703 3098 2028 3171 Scripturas

384 3186 569 3243 Deum
601 3202 730 3241 esse
762 3184 981 3241 malum
1015 3186 1278 3251 credunt,
1310 3187 1392 3241 ait
1423 3204 1435 3242 :
1469 3188 1544 3243 Ne
1572 3203 1661 3243 me
1688 3188 1893 3245 dicatis
1935 3190 2025 3246 bo-

382 3292 539 3345 num,
571 3291 715 3330 unus
747 3277 946 3330 etenim
979 3276 1153 3329 bonus
1182 3283 1263 3330 est
1306 3275 1401 3347 (b).
1455 3275 1521 3331 Et
1567 3293 1774 3332 rursus
1808 3293 1821 3335 :
1851 3278 2027 3335 Estote

386 3364 514 3420 boni
540 3372 593 3419 et
632 3364 1028 3429 misericordes,
1056 3366 1196 3419 sicut
1246 3365 1434 3434 Pater,
1484 3367 1582 3435 qui
1626 3367 1685 3420 in
1732 3369 1879 3422 caelis
1926 3376 2028 3435 est,

384 3456 484 3525 qui
514 3454 690 3509 sotem
719 3454 870 3508 oriri
898 3454 1033 3522 facit
1059 3469 1222 3524 super
1269 3452 1431 3508 bonos
1477 3456 1530 3508 et
1570 3455 1765 3521 malos,
1825 3465 1875 3511 et
1897 3457 2028 3528 ptu-

384 3546 532 3598 viam
560 3542 800 3597 demittit
831 3557 998 3612 super
1030 3543 1198 3611 iustos
1227 3550 1277 3596 et
1298 3541 1529 3613 injustos
1558 3543 1737 3614 (i).Ad
1768 3561 1866 3600 eos
1896 3562 2029 3601 vero

388 3632 489 3701 qui
520 3631 577 3685 in
610 3646 736 3685 eam
773 3630 1034 3684 fraudem
1068 3629 1290 3685 inducti
1324 3634 1487 3697 sunt,
1521 3636 1584 3686 ut
1614 3648 1747 3687 cum
1772 3633 2033 3705 Scriptu-

388 3719 470 3775 ris
501 3723 778 3774 censeant
810 3718 1027 3773 multos
1057 3734 1185 3774 esse
1216 3719 1375 3790 deos,
1410 3719 1495 3774 sic
1552 3718 1812 3791 loquitur
1846 3738 1858 3777 :
1891 3723 2033 3778 Audi

387 3809 581 3872 Israel,
616 3808 876 3863 Dominus
906 3809 1045 3862 Deus
1074 3816 1197 3863 tuus
1227 3808 1364 3862 Deus
1396 3824 1539 3863 unus
1561 3811 1635 3864 est
1658 3811 1744 3882 (j).

464 3897 657 3952 LVIII.
690 3902 888 3968 Itaque
919 3895 1484 3967 Simon,intelligens
1501 3898 1655 3967 quod
1676 3898 1879 3954 Petrus
1896 3916 2031 3955 eum

390 3991 620 4056 cogeret
650 3984 969 4055 Scripturis
995 3983 1075 4037 uti
1108 3983 1605 4054 quemadmodum
1623 3984 2031 4053 docuitJesus,

390 4073 830 4145 inquisitionem
848 4070 1035 4127 noluit
1064 4071 1281 4126 versari
1303 4072 1801 4128 circasermonem
1826 4078 1896 4130 de
1921 4079 2033 4131 Deo

388 4162 525 4218 licet
555 4163 756 4217 Petrus
786 4166 990 4233 rogatu
1022 4160 1210 4231 ipsius
1241 4159 1555 4216 consilium
1602 4166 1912 4234 mutasset,
1944 4163 2033 4219 in-

390 4250 884 4324 quisitionemque
897 4248 1281 4304 concessisset
1301 4264 1405 4320 per
1426 4249 1944 4323 interrogationem
1968 4268 2034 4309 ac

392 4339 830 4410 responsionem
871 4338 1015 4392 ﬁeri.
1068 4339 1353 4393 Caeterum
1403 4337 1723 4409 disputatio
1773 4355 1877 4412 per
1917 4345 2035 4398 tres

392 4429 514 4484 dies
585 4427 834 4482 duravit.
890 4428 1103 4492 Quarto
1153 4430 1347 4481 autem
1396 4425 1785 4500 illucescente,
1835 4428 2035 4486 Simon

392 4521 558 4572 nocte
586 4531 791 4573 versus
819 4516 1036 4588 Tyrum
1064 4515 1368 4571 Phamiciaa
1400 4515 1797 4589 profugit.Nec
1829 4518 2035 4576 multis

466 4660 543 4731 (α)
574 4656 781 4731 Matth.
812 4673 869 4724 ν,
901 4658 992 4713 37.

491 4727 543 4799 b)
575 4727 781 4785 Matth.
814 4745 952 4799 χχιι,
985 4728 1075 4783 32.

491 4736 543 4802 b)
575 4736 781 4785 Matth.
814 4745 952 4799 χχιι,
985 4736 1075 4783 32.

466 4736 533 4873 ie)
563 4799 763 4873 Matth.
795 4816 872 4869 νι,
903 4800 959 4873 8,
988 4800 1078 4856 32.

468 4802 533 4928 (e)
563 4802 763 4855 Matth.
795 4816 872 4869 γι,
903 4802 959 4866 8,

465 4877 487 4943 (
529 4873 545 4943 )
576 4871 781 4943 Matth.
808 4888 887 4941 v1,
916 4871 972 4926 6.

464 4941 536 5017 (e)
567 4942 772 4998 Matth.
804 4958 907 5011 vn,
937 4942 1068 4997 9-11
1106 4959 1121 5013 ;
1152 4941 1291 4999 Luc.
1325 4959 1404 5013 χι,
1441 4942 1627 5000 11-43.

2070 4612 2115 4677 D

2137 1941 2193 1996 ai.
2235 1942 2439 2018 Γραφαὶ
2480 1939 2747 2017 λέγουσιν,
2794 1938 2916 2019 ἔφη·
2947 1941 3073 1995 Τίνα
3123 1941 3274 2014 ὑμῶν
3321 1944 3366 1979 ⁷⁵
3413 1942 3623 2012 αἰτήσει
3668 1943 3785 2004 υἱὸς

2138 2030 2317 2106 ἄρτον,
2364 2030 2440 2102 μὴ
2500 2029 2653 2093 λίθον
2712 2027 2964 2085 ἐπιδώσει
3019 2028 3203 2102 αῦτῷς
3252 2030 3287 2099 ἢ
3345 2030 3434 2084 καὶ
3492 2031 3649 2107 ἰχθὺν
3700 2031 3783 2086 αἴ-

2136 2120 2312 2189 τήσει,
2377 2119 2452 2191 μὴ
2540 2113 2660 2196 ὅφιν
2740 2117 2993 2173 ἐπιδώσει
3070 2118 3254 2191 αὖτῷ;
3315 2119 3361 2174 εί
3439 2117 3530 2174 οὖν
3599 2122 3785 2193 ἡμεῖς,

2137 2207 2371 2284 πονηροὶ
2428 2202 2596 2276 ὅντες,
2655 2205 2835 2262 οἷ’δατε
2891 2205 3100 2280 δόματα
3160 2209 3335 2283 ἀγαθὰ
3399 2205 3607 2263 διδόναι
3668 2214 3786 2271 τοῖς

2137 2296 2343 2358 τέκνοις
2421 2296 2596 2370 ὑμῶν,
2654 2296 2807 2369 πόσῳ
2884 2295 3095 2369 μᾶλλον
3177 2297 3201 2352 6
3278 2297 3465 2371 Πατὴρ
3544 2298 3696 2371 ὑμῶν
3760 2299 3789 2352 6

2138 2384 2397 2460 οὐράνιος
2457 2383 2619 2440 δώσει
2676 2386 2846 2461 ἀγαθά
2900 2390 3016 2448 τοῖς
3074 2385 3417 2458 αἶ’τουμένοις
3470 2384 3627 2441 αὐτὸν
3698 2386 3791 2441 καὶ

2135 2479 2251 2536 τοῖς
2308 2478 2524 2528 ποιοῦσι
2583 2473 2646 2528 τὸ
2703 2473 2921 2546 θέλημα
2976 2474 3179 2543 αὐτοῦς
3239 2479 3365 2536 Τοῖς
3413 2471 3471 2528 δὲ
3527 2473 3686 2529 αὐτὸν
3748 2476 3795 2511 ’³⁸

2140 2558 2647 2636 διαϐεϐαιουμένοις
2707 2561 2757 2617 έν
2814 2567 2924 2635 ναῷ
2985 2562 3139 2633 εἶναι,
3206 2561 3329 2641 ἔφη⁴
3547 2561 3794 2635 ὁμόσητε

2135 2652 2227 2707 τὸν
2262 2650 2620 2727 ούρανὸν,8τι
2677 2647 2864 2728 θρόνος
2923 2650 3032 2706 ἐστὶ
3085 2655 3183 2706 τοῦ
3233 2655 3366 2706 Θεοῦ
3396 2653 3461 2721 ⁷⁷,
3499 2653 3636 2724 μήτε
3688 2651 3792 2720 τήν

2137 2748 2266 2817 γῆν,
2324 2740 2405 2796 ὅτι
2469 2739 2762 2795 ὑποπόδιον
2816 2745 2923 2795 τῶν
2996 2737 3180 2795 ποδῶν
3230 2739 3393 2795 αὐτοῦ
3452 2739 3610 2796 ἐστιν.
3668 2744 3795 2802 Τοῖς

2139 2827 2196 2885 δὲ
2251 2825 2643 2905 προλαϐοῦσιν,
2678 2829 2762 2885 ὅτι
2822 2834 3020 2894 θυσιῶν
3083 2829 3329 2905 ὀρέγεται
3384 2830 3411 2884 6
3461 2829 3609 2899 Θεὸς,
3661 2826 3787 2907 ἔφη’

2136 2921 2193 2974 '0
2222 2920 2348 2982 Θεὸς
2381 2917 2535 2981 ἔλεος
2591 2918 2733 2974 θέλει
2790 2918 2879 2974 καὶ
2934 2918 2995 2975 οὐ
3044 2918 3249 2991 θυσίας,
3284 2917 3572 2994 ἐπίγνωσιν
3626 2918 3789 2972 αὐτοῦ

2136 3008 2226 3063 καὶ
2256 3007 2364 3084 οὐχ
2393 3005 2843 3080 ὁλοκαυτώματα.

2208 3099 2372 3155 LVII.
2404 3099 2535 3159 Τοῖς
2565 3095 2624 3152 δὲ
2654 3094 2999 3170 πειθομένοις
3029 3095 3195 3150 κακὸν
3227 3094 3387 3150 αὐτὸν
3420 3094 3577 3163 εἶναι,
3611 3093 3685 3156 ὡς
3736 3094 3794 3148 αἱ

2138 3186 2344 3264 Γραφαὶ
2403 3185 2673 3262 λέγουσιν,
2734 3183 2858 3263 ἔφη·
2917 3186 3008 3255 Μή
3071 3205 3138 3258 με
3194 3183 3381 3259 λέγετε
3429 3186 3473 3221 ⁷⁸
3513 3182 3727 3258 ἀγαθόν·
3763 3183 3793 3237 6

2139 3276 2243 3351 γὰρ
2294 3275 2494 3346 ἀγαθὸς
2553 3276 2631 3337 εἷς
2692 3274 2851 3331 ἐστιν.
2912 3275 3017 3330 Καὶ
3075 3272 3239 3329 πάλιν
3291 3276 3356 3331 ⁷⁸.
3404 3272 3615 3336 Γίνεσθε
3670 3271 3799 3347 ἀγα-

2139 3364 2224 3419 θοὶ
2283 3364 2374 3419 καὶ
2436 3362 2800 3441 οἰκτίρμονες,
2835 3363 2910 3425 ὡς
2958 3364 2986 3418 6
3035 3364 3222 3439 Πατὴρ
3272 3363 3300 3417 6
3351 3362 3402 3417 ἐν
3460 3367 3577 3423 τοῖς
3636 3360 3796 3437 οὐρα-

2137 3458 2275 3526 νοῖς,
2334 3454 2393 3515 ’ὸς
2476 3450 2758 3508 ἀνατέλλει
2843 3452 2936 3507 τὸν
3020 3449 3181 3521 ἥλιον
3270 3450 3351 3506 ἐπ’
3406 3450 3624 3527 ἀγαθοῖς
3702 3448 3795 3503 καὶ

2137 3547 2425 3615 πονηροῖς,
2484 3541 2573 3595 καὶ
2627 3540 2774 3618 φέρει
2832 3542 2877 3577 ⁸ο
2923 3542 3013 3594 τὸν
3062 3539 3213 3595 ύετὸν
3265 3539 3352 3594 ἐπὶ
3415 3537 3648 3600 δικαίοις
3701 3537 3794 3593 καὶ

2138 3629 2366 3692 ἀδίκοις.
2398 3635 2521 3692 Τοῖς
2555 3627 2611 3684 δὲ
2642 3629 3021 3703 ⁴ἠπαίιτημένοις
3051 3627 3300 3690 πολλοὺς
3334 3627 3488 3691 θεοὺς
3512 3628 3783 3698 ὑπονοεῖν,

2139 3721 2215 3782 ὡς
2246 3720 2302 3774 αἱ
2346 3719 2551 3796 Γραφαῖ
2600 3717 2872 3794 λέγουσιν,
2903 3714 3027 3796 ἔφη’
3062 3719 3282 3787 Ἀκουε,
3317 3716 3560 3789 Ἰσραήλ,
3594 3715 3791 3793 Κύριος

2140 3810 2169 3864 6
2202 3808 2329 3870 Θεὸς
2360 3829 2455 3862 σου
2485 3811 2529 3846 εί
2563 3807 2764 3883 Κύριος
2797 3807 2871 3869 εἷς
2906 3806 3068 3862 ἐστιν.

2213 3900 2367 3955 no
2400 3898 2582 3954 LVIII.
2615 3897 2809 3968 ’Όμως
2839 3896 2867 3949 6
2918 3895 3128 3967 Σίμων,
3177 3891 3405 3949 συνιδὼν
3455 3894 3537 3950 ὅτι
3588 3893 3793 3968 Πέτρος

2140 3985 2298 4041 αύτὸν
2349 3986 2565 4061 συνάγει
2610 3989 2727 4046 ταῖς
2778 3989 3012 4060 Γραφαῖς
3055 3990 3294 4060 χρῆσθαι
3326 3983 3399 4045 ὡς
3437 3985 3644 4053 Ἰησοῦς
3690 3980 3800 4038 ἐδί-

2143 4072 2313 4145 δαξεν,
2343 4074 2420 4136 εἷς
2475 4075 2573 4141 τὴν
2605 4075 2651 4110 ⁸³
2683 4074 2805 4146 περὶ
2863 4076 2996 4128 Θεοῦ
3054 4070 3221 4147 λόγον
3284 4071 3514 4142 ἐξέτασιν
3548 4072 3795 4147 γενέσθαι

2143 4164 2242 4219 οὐκ
2295 4160 2581 4234 ἠθέλησεν,
2640 4160 2816 4215 καίτοι
2873 4182 2934 4237 γε
2994 4158 3356 4234 μεταθεμένου
3410 4164 3507 4215 τοῦ
3564 4159 3795 4235 Πέτρου,

2142 4252 2218 4314 ὡς
2248 4251 2409 4314 αὐτὸς
2442 4250 2629 4324 Σίμων
2667 4250 2915 4321 ἠξίωσεν,
2943 4250 3080 4327 πρὸς
3127 4254 3314 4305 πεῦσιν
3357 4250 3449 4305 καὶ
3508 4249 3794 4327 ἀπόκρισιν

2140 4338 2380 4417 γενέσθαι
2406 4340 2505 4408 τὴν
2539 4337 2791 4409 ἐξέτασιν.
2826 4337 2979 4408 Πλὴν
3012 4341 3046 4409 ἡ
3084 4341 3309 4409 ζήτησις
3356 4341 3522 4414 τριῶν
3575 4338 3802 4414 ἐπεκρά-

2140 4450 2300 4500 τησεν
2331 4431 2552 4504 ἡμερῶν
2587 4430 2721 4501 (78).
2756 4426 3203 4506 Ἐπιφωσκούσης
3262 4424 3322 4483 δὲ
3367 4433 3471 4498 τῆς
3527 4428 3799 4503 τετάρτης

2142 4517 2334 4593 νύχιος
2364 4517 2437 4572 ὡς
2471 4515 2559 4570 ἐπὶ
2589 4515 2758 4593 Τύρον
2786 4522 2887 4586 τῆς
2913 4516 3180 4587 Φοινίκης
3213 4514 3549 4590 ἐξώρμησεν.
3586 4515 3683 4573 Καὶ
3732 4513 3797 4570 οὗ

2220 4661 2289 4733 (κ)
2320 4658 2523 4733 Matth.
2556 4676 2611 4726 ν,
2643 4658 2742 4733 34,
2765 4658 2855 4714 35.

2218 4729 2295 4799 (ῃ)
2328 4729 2535 4786 Matth.
2571 4747 2649 4796 ιχ,
2684 4729 2788 4796 13;
2819 4746 2920 4795 χιι,
2950 4729 3007 4783 7.

2219 4738 2238 4799 (
2328 4733 2535 4786 Matth.
2571 4747 2649 4796 ιχ,
2684 4733 2788 4796 13;
2819 4746 2920 4795 χιι,
2950 4733 3007 4783 7.

2219 4733 2297 4874 (illi
2329 4802 2530 4857 Matth.
2564 4818 2678 4874 xix,
2712 4801 2819 4874 i_7_;
2854 4801 2991 4874 Luc.
3014 4817 3177 4874 χγιιι,
3219 4801 3302 4857 19.

2219 4871 2288 4945 (i)
2318 4875 2454 4945 Luc.
2486 4889 2562 4940 v1,
2590 4873 2660 4927 36
2684 4889 2707 4945 ;7
2732 4871 2937 4929 Matth.
2970 4889 3023 4941 ν,
3054 4872 3149 4929 45.

2217 4944 2282 5018 (j)
2315 4944 2492 5001 Marc.
2518 4960 2621 5015 χιι,
2651 4944 2741 4998 29.

1742 5070 1984 5125 VARIIE
2022 5069 2434 5127 LECTIONES.

453 5167 496 5202 ⁸³
527 5162 618 5240 καί
673 5164 894 5240 inserui
923 5181 1004 5240 _c.
1048 5164 1125 5240 _O.
1200 5165 1246 5201 θ’
1287 5161 1392 5240 ⁵καί
1448 5181 1566 5221 om.
1622 5169 1683 5240 ρ.
1736 5166 1830 5240 hic
1879 5173 1944 5240 et
1990 5172 2121 5240 post
2164 5159 2377 5240 Ἰακώϐ.
2454 5168 2499 5202 ⁷ο
2531 5167 2617 5240 Ita
2642 5166 2795 5235 conj.
2827 5160 3178 5240 CLdnéOava
3211 5163 3293 5240 id,
3327 5164 3386 5240 in
3419 5166 3601 5240 textu,
3635 5167 3701 5219 ut
3731 5162 3797 5220 Ο.

382 5238 528 5313 Υὺὶ).
564 5231 982 5313 οῦκ-ἔπινῖὼς
999 5234 1303 5313 ,αἱκΓραφαὶ
1336 5232 1611 5313 λέγουσιν,
1638 5233 1738 5313 ἔφᾼη
1774 5238 1907 5313 des.
1932 5231 2086 5295 ἱηὈ.
2166 5240 2207 5276 ⁷¹
2331 5231 2828 5313 praetermiserunt
2876 5231 2948 5291 'C1
2971 5240 3064 5313 ὀί.
3193 5305 3224 5313 _
3250 5236 3297 5270 ’³³
3328 5234 3499 5313 fama”
3560 5251 3678 5313 om.
3709 5240 3799 5313 ΑΟ.

382 5311 531 5383 Tum
566 5308 961 5383 égltitc’q‘tEAC.‘
998 5309 1044 5342 ⁷²
1071 5302 1176 5383 ξερὴ
1210 5302 1334 5383 om._
1359 5302 1424 5363 c.‘
1493 5308 1540 5344 τι
1572 5302 1655 5363 Ita
1678 5302 1745 5383 Β,
1771 5306 1947 5383 Δείπών
1997 5315 2075 5383 C,
2102 5313 2176 5383 Ο.
2253 5311 2297 5383 7⁸
2329 5302 2479 5381 ὖμῶν
2539 5308 2752 5383 excidit
2810 5324 2917 5383 ap:
2964 5306 3025 5383 gi
3083 5312 3151 5383 et
3190 5305 3249 5383 S,
3328 5302 3401 5383 7‘:
3431 5308 3803 5383 Repetuptur

379 5382 526 5456 Vbh.
562 5376 619 5434 δέ
648 5378 894 5456 αὐτόγμὶιι
927 5380 1001 5456 Οἐ
1070 5376 1282 5456 "pago
1310 5376 1456 5456 ἐστιν
1488 5385 1619 5437 Lor.
1696 5376 1739 5415 ⁷⁸
1771 5376 1898 5456 λέγε
1928 5385 1991 5438 Ο.
2040 5376 2113 5417 ’⁷ο
2142 5376 2414 5450 Credner,
2472 5380 2650 5437 Beitr.
2711 5384 2760 5447 Ι,
2816 5376 2923 5435 3Ο9
2975 5378 3035 5434 S.
3110 5378 3156 5413 ³ο
3186 5376 3313 5454 φέρε
3369 5380 3434 5451 0,
3494 5376 3798 5435 mendose.

380 5453 423 5489 ⁸¹
458 5452 609 5525 ὑμῶν
643 5455 701 5506 C.
778 5452 823 5485 ⁸²
856 5451 936 5505 Ita
968 5450 1053 5521 S.,
1085 5448 1176 5503 τόν
1207 5451 1270 5519 C,
1302 5449 1367 5505 Ο.

1772 5539 2152 5599 VARIORUM
2192 5541 2422 5598 NOTIE.

454 5638 659 5713 Ἡ
719 5636 965 5713 ζήτησις.
1000 5638 1163 5709 τριῶν
1224 5634 1580 5708 ἐπεκράτησεν
1639 5637 1885 5713 ¹ἡμερῶν.
1946 5638 2172 5698 Condit.
2232 5638 2459 5712 apostol.
2520 5637 2617 5693 lib.
2680 5654 2758 5707 v1,
2812 5653 2939 5710 cap.
2970 5636 3004 5690 8
3041 5652 3055 5693 :
3091 5631 3190 5689 Καὶ
3246 5632 3428 5709 τρίτον
3486 5633 3572 5689 ἐπ’
3618 5630 3799 5690 αὐτῶν

388 5705 696 5784 διαλεχθεὶς
728 5705 893 5780 αὐτῷ.
925 5705 1056 5765 Cm".
