4116 6224
290 395 410 456 149

1420 393 1953 457 CLEMENTINA.
1987 427 2065 443 —-
2098 396 2426 459 HOMILIA
2466 396 2574 458 III.

3595 390 3713 455 150

293 526 432 599 μετὰ
460 521 685 587 πολλὰς
711 523 923 601 ἡμέρας
955 524 1126 595 ἦλθόν
1156 546 1300 588 τινες
1330 530 1438 581 τῶν
1466 525 1737 602 προόδων,
1763 528 1954 603 Πέτρῳ

2071 534 2201 601 post
2249 530 2457 586 diebus
2503 533 2788 585 venerunt
2817 530 3054 602 quidam
3102 543 3326 593 eorum,
3359 526 3457 600 qui
3506 527 3709 600 praeire

288 612 567 691 λέγοντες·
603 613 792 687 Σίμων
856 612 1067 691 μεγάλα
1124 614 1396 688 θαυμάσια
1456 614 1506 669 ἐν
1573 615 1729 691 Τύρῳ
1777 621 1949 670 ποιῶν

286 702 544 765 πολλοὺς
573 708 684 758 τῶν
717 703 827 757 ἐκεῖ
874 703 1271 775 κατεπλήξατο,
1304 704 1395 760 καί
1445 724 1501 759 σε
1547 703 1786 767 πολλαῖς
1834 703 1949 760 δια-

286 787 487 853 ϐολαῖς
528 794 799 865 μισεῖσθαι
830 790 927 846 ἐπο
938 792 1101 863 ίησεν.

358 880 505 936 LIX.
554 884 731 933 Ταῦτα
776 880 1012 941 ἀκούσας
1060 882 1087 935 6
1140 879 1362 954 Πέτρος,
1412 884 1481 954 τῇ
1530 880 1756 955 ἐπιούσῃ
1802 880 1950 935 νυκτὶ

282 972 393 1023 τῶν
454 969 737 1043 ἀκροατῶν
778 970 871 1023 τὸν
928 964 1101 1045 ὄχλον
1161 968 1438 1023 συνελθεῖν
1496 969 1765 1040 ἐποίησεν·
1797 970 1951 1043 ὁμως

283 1056 642 1120 συνελθοῦσιν
704 1053 827 1133 ἔφη·
880 1057 1188 1132 Ὀρμῶντός
1239 1080 1341 1130 μου
1391 1060 1436 1094 ³³
1493 1058 1568 1121 εἷς
1604 1060 1672 1113 τὰ
1710 1058 1835 1128 ἔθνη
1884 1058 1952 1111 τὰ

281 1144 541 1207 πολλοὺς
569 1145 723 1207 θεοὺς
773 1145 1023 1222 λεγοντα,
1054 1147 1281 1221 κηρῦξαι
1328 1146 1417 1201 καὶ
1470 1144 1674 1218 διδάξαι
1731 1146 1815 1201 ὅτι
1872 1148 1949 1209 εἷς

282 1234 426 1289 ἐστιν
459 1235 493 1289 6
526 1236 678 1303 Θεὸς,
712 1234 769 1296 ὃς
831 1233 1055 1307 οὐρανὸν
1116 1230 1289 1289 ἔκτισε
1344 1235 1433 1289 καὶ
1484 1242 1587 1310 γῆν
1641 1235 1729 1290 καὶ
1777 1235 1845 1289 τὰ
1895 1234 1947 1289 ἐν

281 1323 476 1385 αὐτοῖς
535 1322 731 1392 πάντα,
792 1321 944 1385 ὅπως
1021 1322 1393 1399 ἀγαπήσαντες
1471 1323 1631 1379 αὐτὸν
1708 1331 1951 1393 σωθῆναι

282 1410 625 1483 δυνηθῶσιν,
656 1408 1010 1485 προλαϐοῦσα
1064 1414 1100 1480 ἡ
1153 1411 1315 1466 κακία
1361 1416 1440 1485 τῷ
1469 1414 1515 1449 ⁸⁸
1546 1420 1648 1482 τῆς
1697 1412 1951 1487 συζυγίας

278 1501 445 1573 νόμῳ
506 1499 908 1576 προαπέστειλε
964 1500 1211 1573 Σίμωνα,
1253 1498 1343 1555 ’ίνα
1400 1502 1454 1556 οἱ
1512 1498 1807 1573 ἄνθρωποι,
1861 1501 1949 1556 ἐὰν

280 1590 408 1651 τοὺς
467 1589 726 1652 πολλοὺς
784 1588 937 1653 θεοὺς
984 1588 1161 1665 λέγειν
1211 1589 1547 1662 παύσωνται,
1598 1589 1951 1665 καταγνόντες

280 1685 391 1735 τῶν
454 1679 547 1734 ἐπὶ
606 1682 713 1755 γῆς
774 1677 1107 1755 λεγομένων,
1142 1677 1193 1732 ἐν
1255 1677 1464 1755 οὐρανῷ
1517 1678 1765 1741 πολλοὺς
1796 1677 1950 1740 θεοὺς

284 1769 420 1823 εἶναι
453 1767 767 1840 νομίσωσιν
796 1766 979 1822 ⁸⁸’ἵνα
1040 1764 1313 1840 μηδεποτε
1366 1768 1430 1822 τὸ
1485 1776 1583 1837 τῆς
1647 1768 1950 1843 μοναρχίας

281 1860 630 1930 τιμήσαντες
662 1856 829 1912 καλὸν
863 1856 941 1918 εἰς
966 1856 1029 1911 τὸ
1060 1856 1321 1919 παντελὲς
1369 1858 1500 1929 μετὰ
1545 1855 1768 1911 κόλασιν
1814 1856 1951 1912 ἀπύ-

286 1946 523 2001 λωνται.
562 1945 663 1999 Καὶ
694 1946 757 2000 τὸ
789 1943 1109 2014 δεινότατον,
1145 1944 1260 1999 ἐπεὶ
1311 1944 1525 2013 ἀληθὴς
1557 1944 1723 2019 λόγος
1756 1947 1957 2021 ἀπαρά-

285 2030 504 2104 ϐλητον
536 2034 699 2109 ἰσχὺν
734 2032 872 2109 ἔχει,
903 2028 1311 2108 προλαμϐάνων
1351 2038 1469 2095 ταῖς
1504 2029 1787 2095 διαϐολαῖς
1838 2034 1955 2089 πεί-

276 2136 359 2188 θει
389 2123 602 2184 αὐτοὺς
636 2122 786 2190 αὐτὸ,
823 2126 969 2178 111
1029 2119 1171 2194 μηδὲ
1225 2124 1325 2191 τήν
1385 2123 1561 2199 ἀρχὴν
1612 2113 1955 2195 ἀναδέξασθαί

278 2235 387 2287 μου
404 2215 478 2248 ⁸⁸·
500 2214 579 2283 μή
601 2232 721 2273 πως
737 2212 765 2265 6
785 2205 1098 2265 διαϐάλλων
1119 2209 1277 2272 αὐτὸς
1291 2212 1372 2282 τῷ
1390 2206 1505 2265 ὄντι
1527 2206 1788 2273 διάϐολος
1808 2211 1963 2288 ἔλεγ’

271 2304 409 2378 χθῇ,
463 2302 559 2354 καὶ
612 2301 641 2354 6
700 2298 917 2368 ἀληθὴς
976 2297 1140 2374 λόγος
1207 2297 1545 2374 ἀναδειχθεὶς
1603 2298 1956 2369 πιστευθῆναι

271 2389 513 2465 δυνηθῇ.
566 2390 686 2465 Χρὴ
748 2386 838 2443 οὖν
908 2408 971 2460 με
1013 2386 1228 2464 ταχέως
1295 2387 1456 2443 αὐτὸν
1516 2384 1955 2458 ἐπικαταλαϐεἷν,

262 2480 356 2534 εἕνα
388 2481 473 2553 μὴ
508 2483 547 2549 ἡ
586 2473 827 2545 διαϐολὴ
861 2476 1225 2552 ἐγχρονίσασα
1252 2476 1533 2539 παντελῶς
1561 2477 1775 2532 πάντων
1837 2477 1957 2534 ἐπι-

282 2572 543 2644 ιρπτῖσῒι
575 2569 641 2623 87-

352 2662 463 2717 LX.
496 2655 657 2712 Ἐπεὶ
700 2655 790 2710 οὗν
836 2652 921 2710 δεῖ
953 2675 1076 2711 τινα
1124 2654 1301 2731 ὁρίσαι
1361 2656 1473 2711 ἀντ’
1504 2655 1641 2729 ἐμοῦ
1686 2656 1779 2711 τὸν
1828 2655 1956 2729 ἐμὸν

279 2748 712 2821 ἑναπληροῦντα
757 2746 947 2815 τόπον,
1001 2749 1099 2817 μιᾷ
1140 2743 1467 2820 προαιρέσει
1518 2742 1797 2818 δεηθῶμεν
1862 2750 1959 2799 τοῦ

286 2841 422 2892 Θεοῦ
454 2838 501 2872 ⁸³
534 2836 595 2889 οἱ
647 2832 864 2906 πάντες,
897 2832 1046 2895 ὅπως
1100 2837 1206 2887 τῶν
1264 2828 1434 2888 ὄντων
1491 2832 1543 2888 ἐν
1593 2836 1728 2906 ἡμῖν
1784 2834 1876 2889 τὸν
1915 2835 1961 2871 ⁸⁸

287 2926 575 3001 κρείττονα
608 2923 773 2978 αὐτὸσ
811 2920 1096 2997 πρόδηλον
1131 2925 1357 2996 ποιήσῃ,
1394 2920 1487 2977 ’ἱνα
1535 2922 1620 2976 ἐπὶ
1677 2929 1777 2992 τῆς
1828 2928 1958 2996 Χρι-

288 3020 419 3069 σποῦ
474 3011 740 3087 καθέδρας
792 3011 1065 3073 καθεσθεὶς
1129 3012 1230 3080 τὴν
1277 3010 1442 3066 αὐτοῦ
1493 3012 1816 3082 Ἐκκλησίαν
1870 3010 1956 3066 εὐ-

288 3098 469 3163 σεϐῶς
550 3101 843 3173 οἱκονομῆ.
895 3100 986 3162 Τίς
1055 3101 1160 3175 ἄρα
1225 3100 1607 3175 ὁρισθήσεταις
1659 3104 1791 3155 Θεοῦ
1853 3102 1958 3176 γὰρ

291 3189 481 3266 βουλῇ
513 3193 561 3227 ⁸⁸
590 3187 957 3244 ἀναδείκνυται
1012 3190 1276 3261 μακάριος
1324 3190 1353 3243 6
1393 3190 1679 3265 ἄνθρωπος
1730 3189 1954 3258 ἐκεῖνος,

1983 1904 2032 1969 Β

2062 618 2411 684 solebant,et
2440 618 2710 674 dixerunt
2740 624 2907 674 Petro
2943 637 2955 675 :
2991 618 3191 675 Simon
3220 632 3462 688 magnas
3483 616 3707 689 praesti-

2058 707 2181 780 gias
2211 708 2346 781 Tyri
2376 708 2599 763 edendo
2634 707 2850 763 multos
2879 708 3204 763 incolarum
3239 706 3505 778 perculit,
3539 711 3708 776 teque

2060 796 2262 852 multis
2292 796 2605 852 calumniis
2637 796 2905 853 odiosum
2942 796 3215 851 reddidit.

2133 885 2264 941 LIX.
2300 887 2431 950 Quae
2484 889 2797 957 postquam
2850 885 3070 939 audivit
3119 884 3344 947 Petrus,
3373 882 3706 954 insequenti

2060 980 2227 1030 nocte
2275 974 2609 1029 auditorum
2680 974 2910 1029 turbam
2965 972 3101 1028 fecit
3149 972 3475 1040 convenire,
3530 976 3707 1044 atque

2059 1062 2423 1135 congregatis
2455 1062 2598 1116 dixit
2634 1079 2646 1117 :
2682 1064 2824 1117 Cum
2856 1077 2962 1132 ego
2992 1077 3365 1132 prOperarem
3407 1060 3477 1114 ad
3506 1064 3706 1131 gentes

2059 1168 2187 1224 quae
2212 1151 2427 1206 multos
2441 1151 2578 1205 deos
2594 1149 3704 1222 asserunt,preedicaturusetdocturus,

2060 1258 2135 1295 un
2147 1258 2241 1296 um
2257 1257 2384 1295 esse
2408 1245 2589 1295 Deum
2605 1245 2926 1294 creatorem
2941 1238 3065 1293 caeli
3080 1242 3135 1293 et
3146 1242 3309 1293 terra
3323 1237 3708 1309 omniumque

2059 1346 2185 1401 quae
2219 1330 2276 1383 in
2310 1330 2383 1385 iis
2413 1329 2931 1399 continentur,quo
2950 1326 3160 1382 dilecto
3188 1331 3427 1398 possent
3457 1325 3707 1382 salutem

2058 1418 2357 1489 consequi,
2379 1418 2734 1490 praeveniens
2766 1417 2993 1472 malitia
3024 1434 3101 1471 ex.
3122 1415 3551 1487 conjugationis
3581 1415 3708 1487 lege

2058 1506 2342 1579 praemisit
2387 1507 2707 1576 Simonem,
2749 1511 2813 1561 ut
2859 1506 3148 1576 homines,
3202 1508 3250 1560 si
3297 1506 3440 1561 forte
3490 1506 3708 1561 multos

2057 1596 2520 1663 deos,damnatis
2550 1595 2623 1651 iis
2652 1595 2749 1667 qui
2784 1595 2841 1649 in
2872 1598 3029 1650 terra
3057 1595 3353 1662 dicuntur,
3380 1594 3710 1649 desinerent

2058 1685 2371 1752 affirmare,
2398 1685 2524 1756 jam
2584 1684 2799 1739 multos
2830 1685 2889 1738 in
2924 1684 3067 1739 caelo
3115 1683 3364 1739 existere
3393 1686 3704 1753 putarent;

2060 1790 2195 1846 quo,
2228 1774 2369 1829 dum
2402 1774 2751 1829 monarchie
2784 1790 2884 1829 seu
2919 1772 3162 1827 unitatis
3194 1772 3293 1827 Dei
3327 1773 3543 1827 bonum
3574 1770 3705 1826 nul-

2060 1862 2291 1918 latenus
2322 1864 2379 1917 in
2416 1863 2602 1934 pretio
2632 1862 2935 1929 habent,in
2970 1866 3313 1933 perpetuum
3334 1865 3464 1931 post
3489 1859 3707 1932 suppli-

2064 1951 2151 2007 cia
2182 1951 2489 2007 intereant.
2542 1951 2822 2021 Quodque
2852 1949 3177 2021 pessimum
3208 1954 3314 2014 est,
3348 1948 3487 2019 quia
3514 1950 3705 2018 Iverus

2065 2057 2257 2096 sermo
2303 2039 2820 2110 incomparabilem
2874 2038 3045 2094 habet
3090 2038 3229 2107 vim,
3259 2037 3585 2110 anticipans
3614 2037 3706 2093 Si-

2068 2146 2205 2184 mon
2236 2128 2550 2184 calumniis
2600 2128 2910 2200 persuadet
2938 2127 3277 2182 hominibus
3331 2143 3401 2180 ne
3445 2143 3537 2181 me
3585 2124 3705 2181 ullo

2068 2218 2241 2273 modo
2272 2218 2573 2289 recipiant,
2602 2233 2675 2272 ne
2716 2217 2878 2283 forte,
2914 2215 3013 2287 qui
3066 2214 3477 2281 calumniatur,
3511 2231 3711 2270 revera

2067 2324 2195 2363 esse
2226 2306 2615 2362 calumniator
2662 2304 3155 2377 deprehendatur,
3188 2308 3245 2359 et
3274 2321 3346 2359 ne
3376 2320 3547 2359 verus
3589 2320 3711 2359 ser-

2069 2412 2185 2464 mo,
2218 2412 2351 2450 cum
2401 2395 2577 2450 fuerit
2620 2395 2965 2466 patefactus,
3015 2392 3170 2448 credi
3220 2392 3424 2465 possit.
3478 2393 3718 2464 Oportet

2067 2501 2205 2557 ergo
2237 2500 2329 2539 me
2359 2483 2474 2541 cito
2504 2482 2804 2539 hominem
2826 2481 3152 2552 assequi,ut
3177 2496 3249 2536 ne
3274 2480 3573 2536 calumnia
3594 2480 3720 2537 diu-

2067 2575 2187 2629 tius
2218 2573 2530 2628 immorata
2559 2588 2762 2627 omnes
2794 2571 3030 2643 penitus
3058 2570 3312 2625 invadat.

2142 2662 2245 2717 LX.
2278 2661 2562 2725 Quoniam
2613 2660 2793 2732 igitur
2822 2676 3062 2715 necesse
3112 2664 3201 2714 est
3228 2657 3446 2730 aliquis
3495 2657 3715 2715 consti-

2066 2754 2267 2807 tuatur
2282 2750 2384 2823 qui
2416 2767 2613 2806 meum
2634 2748 2907 2821 suppleat
2935 2748 3278 2819 locum,uno
3310 2747 3508 2803 animo
3534 2747 3720 2803 Deum

2068 2839 2262 2895 cuncti
2291 2856 2548 2907 oremus,
2581 2843 2646 2893 ut
2696 2854 2899 2893 eorum
2931 2837 3030 2910 qui
3084 2837 3237 2892 inter
3266 2854 3373 2892 nos
3402 2840 3541 2893 sunt
3572 2853 3716 2908 prm-

2069 2928 2502 2984 stantissimuin
2558 2927 2914 2997 manifestet,
2967 2943 3082 2998 quo
3130 2927 3342 2982 sedens
3388 2926 3450 2981 in
3499 2924 3717 2981 Christi

2068 3017 2344 3072 cathedra
2386 3016 2575 3088 ipsius
2627 3015 2944 3071 Ecclesiam
2998 3015 3090 3087 pie
3138 3015 3530 3070 administret.
3577 3013 3718 3080 Quis

2068 3111 2265 3161 autem
2298 3104 2703 3177 designabitur
2722 3105 2750 3159 ‘?
2779 3104 2872 3159 Dei
2897 3104 3114 3175 quippe
3143 3103 3557 3175 pronuntiatur
3586 3118 3720 3159 con-

2068 3194 2197 3249 silio
2229 3195 2433 3249 beatus
2466 3193 2561 3248 ille
2599 3192 2798 3262 homo,
2819 3209 2991 3263 quem
3022 3191 3336 3247 constituet
3367 3192 3495 3261 ejus
3525 3191 3718 3247 domi-

289 3283 350 3336 ὂν
409 3281 737 3348 καταστήσει
796 3279 825 3332 6
876 3276 1066 3352 κύριος
1133 3276 1299 3331 αὐτοῦ
1357 3276 1444 3331 ἐπὶ
1500 3285 1602 3347 τῆς
1672 3276 1955 3353 θεραπείας

2072 3300 2184 3338 nus
2215 3299 2392 3354 super
2419 3280 2777 3337 famulitium
2810 3296 3223 3336 conservorum
3257 3284 3594 3349 suorum,ut
3623 3280 3721 3336 det

264 3374 402 3425 ’τῶν
449 3365 767 3423 συνδούλων
830 3366 1015 3434 αὐτοῦ,
1048 3371 1145 3421 τοῦ
1202 3363 1408 3420 διδόναι
1464 3366 1648 3429 αὐτοῖς
1696 3367 1790 3429 τὰς
1837 3387 1959 3437 τρο-

293 3459 397 3535 φὰς
457 3457 511 3511 ἐν
565 3461 740 3531 καιρῷ
786 3455 986 3523 αὐτῶν,
1039 3457 1114 3528 μὴ
1167 3453 1519 3527 ἐννοούμενον
1571 3456 1661 3510 καὶ
1728 3454 1959 3531 λέγοντα

292 3546 345 3601 ἐν
520 3542 718 3618 καρδίᾳ
763 3544 948 3599 αὐτοῦ·
1007 3567 1035 3595 ‹‹
1083 3543 1331 3620 Χρονίζει
1385 3544 1412 3598 ὁ
1458 3543 1647 3618 κύριός
1711 3566 1815 3618 μου
1862 3543 1957 3599 ἐλ-

292 3638 432 3690 θεῖν·
493 3633 589 3688 καὶ
648 3632 873 3707 ἄρξηται
916 3631 1134 3687 τύπτειν
1195 3632 1325 3694 τοὺς
1394 3630 1723 3695 συνδούλους
1770 3632 1957 3706 αὐτοῦ,

298 3724 493 3780 ἐσθίων
542 3723 632 3777 καί
681 3721 852 3776 πίνων
908 3720 1042 3794 μετά
1069 3742 1128 3775 τε
1156 3724 1195 3758 ⁹¹
1226 3721 1442 3794 πόρνων
1487 3722 1576 3776 καὶ
1631 3722 1956 3794 μεθυόντων

295 3815 389 3869 καὶ
429 3810 553 3883 ἥξει
586 3813 615 3866 6
646 3810 835 3887 κύριος
866 3814 910 3847 ⁹²
939 3814 1036 3865 τοῦ
1084 3807 1287 3865 δούλου
1337 3810 1540 3865 ἐκείνου
1591 3809 1643 3865 ἐν
1684 3810 1802 3887 ὥρᾳ
1896 3832 1959 3865 ου

297 3900 606 3979 προσδοκᾷ,
640 3900 730 3955 καὶ
779 3898 832 3954 ἐν
881 3900 1065 3974 ἡμέρᾳ
1110 3899 1147 3973 ᾖ
1195 3898 1255 3953 οὗ
1299 3900 1575 3975 γινώσκει,
1602 3900 1692 3955 καὶ
1737 3897 1959 3975 διχοτο-

304 3993 473 4066 μήσει
498 3989 685 4057 αὐτὸν,
716 3989 898 4043 καὶτὸ
936 3988 1192 4044 ἀπιστοῦν
1242 3986 1406 4043 αὐτοῦ
1460 3988 1624 4061 μέρος
1672 3990 1806 4062 μετὰ
1850 3992 1959 4044 τῶν

302 4082 619 4155 ὑποκριτῶν
648 4079 823 4148 θήσει.
858 4101 879 4127 ι

376 4171 519 4227 LXI.
555 4167 619 4225 Εἰ
651 4164 709 4221 δέ
732 4187 816 4228 τις
842 4169 949 4220 τῶν
979 4166 1362 4241 παρεστώτων,
1396 4163 1618 4220 διοικεῖν
1665 4163 1962 4239 δυνάμενος

297 4260 402 4327 τήν
452 4255 851 4331 ἀγνωμοσύνην
894 4258 1003 4308 τῶν
1042 4254 1365 4330 ἀνθρώπων,
1418 4253 1830 4323 ὑποστέλλεται,
1861 4261 1962 4324 τῆς

302 4347 471 4403 αὑτοῦ
502 4346 851 4407 ἀναπαύσεως
884 4344 1183 4421 φροντίζων
1221 4344 1415 4418 μόνης,
1445 4344 1536 4399 καὶ
1584 4344 1745 4407 αὐτὸς
1788 4365 1963 4419 προσ-

303 4436 524 4493 δοκάτω
543 4437 789 4490 ἀκοῦσαν
823 4433 997 4489 Δοῦλε
1025 4433 1234 4509 πονηρὲ
1263 4432 1353 4487 καὶ
1389 4432 1607 4509 ὀκνηρὲ,
1641 4430 1748 4488 ἔδει
1789 4453 1847 4488 σε
1899 4434 1963 4489 τὸ

302 4529 463 4583 Il!
496 4523 757 4598 ἀργύριόν
811 4543 916 4595 μου
965 4515 1263 4597 προϐαλεῖν
1315 4519 1401 4575 ἐπὶ
1446 4525 1554 4576 τῶν
1604 4526 1961 4596 τραπεζιτῶν,

303 4616 397 4669 καὶ
602 4613 661 4666 ἂν
710 4609 882 4665 ἐλθὼν
928 4606 1129 4682 ἔπραξα
1174 4610 1237 4663 τὸ
1285 4607 1434 4682 ἐμόν·
1478 4606 1732 4665 ἐκϐάλετε
1780 4612 1824 4646 ³³
1873 4611 1963 4665 τὸν

306 4706 538 4779 ἀχρεῖον
572 4699 769 4755 δοῦλον
805 4699 882 4760 εἷς
909 4699 973 4754 τὸ
1003 4698 1195 4760 σκότος
1237 4698 1301 4752 τὸ
1352 4697 1631 4771 ἐξώτερον.
1664 4699 1761 4753 Καὶ
1812 4697 1967 4754 εὐλό-

2068 3372 2183 3427 illis
2213 3371 2409 3426 cibum
2442 3371 2500 3424 in
2532 3376 2815 3441 tempore,
2850 3369 2949 3441 qui
2980 3386 3097 3424 non
3124 3368 3339 3441 cogitat
3369 3385 3435 3423 ac
3464 3368 3609 3423 dicit
3656 3368 3716 3423 in

2066 3461 2241 3517 corde
2270 3477 2377 3515 suo
2404 3476 2415 3514 :
2450 3482 2476 3513 α
2497 3463 2714 3515 Moram
2748 3458 2883 3513 facit
2915 3459 3191 3513 dominus
3222 3474 3394 3513 meus
3424 3456 3719 3513 venire:si

2068 3549 2224 3605 enim
2257 3548 2340 3603 sic
2368 3547 2605 3621 coeperit
2636 3552 2936 3619 percutere
2990 3562 3322 3613 conservos,
3358 3546 3720 3601 manducans

2069 3643 2125 3694 et
2156 3638 2363 3693 bibens
2395 3654 2526 3691 cum
2560 3635 2966 3691 meretricibus
2998 3651 3063 3690 ac
3093 3633 3363 3700 ebriosis,
3396 3635 3585 3689 veniet
3615 3634 3716 3689 do-

2069 3727 2268 3782 minus
2299 3725 2447 3781 servi
2471 3724 2629 3779 illius
2673 3725 2732 3779 in
2763 3724 2907 3779 hora
2937 3740 3055 3795 qua
3082 3740 3196 3778 non
3228 3727 3424 3794 sperat
3452 3728 3507 3778 et
3537 3722 3595 3777 in
3622 3721 3717 3778 die

2070 3833 2185 3887 quo
2233 3815 2438 3881 nescit,
2470 3819 2527 3870 et
2573 3814 2791 3869 dividet
2820 3830 2977 3880 eum,
3030 3817 3372 3884 partemque
3401 3812 3530 3883 ejus
3575 3810 3714 3866 infl-

2068 3905 2258 3962 delem
2291 3908 2468 3977 ponet
2496 3920 2630 3960 cum
2660 3903 2977 3975 hypocritis
3008 3902 3107 3972 (a).
3142 3923 3171 3951 »

2143 4171 2277 4227 LXI.
2309 4171 2468 4237 Quod
2505 4170 2555 4225 si
2585 4170 2719 4243 quis
2754 4168 3102 4235 astantium,
3135 4182 3270 4223 cum
3311 4166 3497 4238 possit
3526 4164 3718 4222 homi-

2073 4276 2215 4315 num
2246 4260 2683 4331 improbitatem
2715 4275 2931 4331 regere,
2964 4262 3159 4313 tamen
3193 4258 3496 4321 detrectat,
3512 4256 3581 4311 de
3612 4271 3722 4311 sua

2073 4348 2263 4404 solum
2296 4348 2491 4419 quiete
2539 4347 2847 4412 sollicitus,
2880 4350 2938 4401 et
2966 4346 3093 4418 ipse
3139 4349 3428 4417 exspectet
3469 4344 3672 4400 audire
3703 4361 3718 4402 :

2073 4437 2237 4493 Serve
2266 4438 2417 4492 male
2465 4444 2520 4492 et
2548 4438 2737 4510 piger,
2788 4436 3027 4507 Oportuit
3066 4439 3118 4490 te
3166 4434 3382 4490 tradere
3426 4434 3722 4505 pecuniam

2071 4543 2252 4582 meam
2294 4525 2708 4595 nummulariis,
2740 4530 2792 4579 et
2839 4540 2933 4595 ego
2971 4523 3189 4579 veniens
3236 4524 3537 4593 exegissem
3581 4519 3723 4593 quod

2072 4631 2257 4670 meum
2285 4616 2382 4669 est.
2416 4615 2612 4681 Ejieile
2641 4613 2894 4668 inutilem
2933 4628 3154 4667 servum
3181 4612 3242 4666 in
3278 4613 3523 4667 tenebras
3569 4616 3720 4666 exte-

2076 4706 2252 4759 riores
2299 4702 2396 4774 (b).
2434 4703 2502 4757 Et
2550 4702 2773 4757 merito.
2823 4702 3013 4756 Tuum
3060 4699 3239 4763 enim,
3291 4699 3503 4771 inquit,
3545 4703 3653 4766 est,
3686 4714 3719 4753 ο

305 4814 442 4869 γως.
483 4795 594 4845 Σοῦ
641 4791 769 4865 γὰρ,
800 4786 983 4866 φησὶν,
1016 4785 1284 4863 ἄνθρωπε,
1314 4786 1441 4849 τοὺς
1492 4786 1692 4861 λόγους
1742 4810 1847 4862 μου
1896 4788 1956 4843 ὡς

2078 4792 2275 4857 homo,
2308 4792 2551 4862 probare
2580 4790 2753 4845 verba
2784 4794 3220 4860 mea,tanquam
3252 4789 3405 4860 apud
3442 4804 3720 4842 nummu-

312 4881 579 4957 ἀργύριον
621 4877 710 4933 ἐπὶ
753 4880 1088 4954 τραπεζιτῶν
1136 4874 1321 4951 βαλεῖν
1356 4878 1401 4913 ⁹⁴
1445 4877 1535 4931 καὶ
1593 4876 1666 4939 ὡς
1708 4879 1956 4954 χρήματα

2078 4880 2258 4936 larios
2287 4884 2591 4951 argentum
2623 4882 2680 4934 et
2710 4878 3017 4950 pecuniam
3046 4878 3316 4949 pendere.
3349 4882 3548 4948 Itaque
3579 4876 3721 4931 ﬁde-

313 4968 633 5043 δογιμάσαι.
663 4968 735 5022 Τὸ
792 4966 884 5022 οῦν
942 4965 1158 5034 πλῆθος
1214 4968 1321 5019 τῶν
1374 4969 1579 5019 πιστῶν
1626 4963 1707 5020 δεῖ
1748 4966 1825 5022 ὲνί
1868 4987 1951 5022 τιν

2082 4969 2227 5024 lium
2259 4967 2574 5023 multitudo
2604 4969 2705 5022 uni
2737 4966 2908 5021 debet
2937 4966 3190 5032 credere,
3225 4970 3289 5020 ut
3316 4966 3397 5020 ita
3430 4965 3614 5037 possit
3640 4963 3723 5019 vi-

311 5060 613 5127 πείθεσθαι,
654 5054 745 5110 ’ἱνα
794 5054 967 5116 οὕτως
1031 5052 1082 5108 ἐν
1150 5052 1379 5126 ὁμονοίᾳ
1438 5051 1702 5109 διατελεῖν
1746 5053 1973 5129 δυνηθῇ.

2083 5073 2214 5112 vere
2263 5056 2645 5113 concorditer.
2679 5055 2841 5119 Quod
2891 5054 3049 5109 enim
3089 5054 3147 5108 in
3197 5054 3374 5109 unius
3422 5051 3727 5125 potestatis

310 5150 390 5205 Τὸ
448 5147 553 5223 γὰρ
609 5144 687 5207 εἷς
742 5144 921 5220 ἀρχὴν
988 5148 1115 5215 μιᾶς
1167 5140 1337 5218 λῆγον
1384 5141 1956 5220 ἐξουσίας,μοναρχίαι

2086 5146 2401 5218 imperium
2433 5144 2672 5213 desinit,
2703 5143 3056 5200 monarchiae
3086 5142 3617 5215 representation,
3641 5143 3731 5197 fa-

388 5298 475 5371 (a)
504 5295 714 5353 Matth.
744 5311 896 5360 xxiv,
928 5293 1035 5361 48;
1069 5292 1209 5349 Luc.
1241 5309 1340 5363 xu,
1371 5293 1459 5349 42.
1537 5293 1615 5366 (b)
1646 5294 1848 5352 Matth.
1882 5312 2011 5362 xxv,
2041 5296 2150 5363 26;
2186 5296 2316 5351 Luc.
2350 5310 2466 5363 xxx,
2498 5294 2588 5349 22.

1692 5455 1925 5511 VARI/E
1961 5454 2375 5513 LECTIONES.

392 5574 446 5609 ⁸⁸
473 5567 662 5639 ἐπειδὴ
710 5567 993 5644 ὁρμῶντός
1027 5587 1132 5638 μου
1163 5585 1217 5644 ρ.
1253 5566 1535 5644 ὁρμῶντός
1566 5589 1670 5641 μου
1693 5574 1751 5644 0.
1829 5571 1877 5606 ⁸⁴
1904 5568 2051 5644 αύτῷ
2076 5572 2136 5644 C.
2213 5571 2258 5606 ⁸⁵
2284 5567 2597 5644 νομίσουσιν
2630 5573 2687 5623 C.
2763 5567 2997 5644 “ULege
3047 5566 3133 5644 μέ.
3164 5570 3251 5644 S._
3296 5566 3339 5600 ⁸⁷
3384 5562 3731 5644 ἐπικρατήσει

321 5650 386 5702 ο⁸
466 5646 511 5680 ω
551 5634 662 5698 τοῦ’
706 5634 792 5698 θ’,’
825 5634 1106 5711 δεηθῶμεν
1164 5634 1226 5696 C.
1288 5634 1348 5678 ὀδ
1394 5634 1501 5711 τόν.
1544 5634 1662 5697 dm.
1722 5642 1782 5697 C.

1861 5635 2050 5714 una
2104 5642 2148 5697 Ο
2206 5659 2235 5696 ο
2298 5635 2364 5707 D,
2424 5637 2623 5714 βουλή.
2673 5644 2732 5694 C.
2810 5639 2850 5674 ⁹¹
2879 5635 3464 5709 1é'praatermiserunt
3491 5635 3551 5692 Cl
3583 5641 3640 5691 et
3668 5640 3726 5691 8.

321 5719 371 5755 *³
401 5714 611 5770 ἐκείνου
641 5713 856 5770 excidit
883 5706 975 5786 ap.
1007 5706 1069 5767 Cl
1100 5716 1156 5768 et
1186 5712 1245 5768 S.
1323 5713 1368 5748 ⁸³
1398 5706 1664 5784 ἐμϐάλετε
1694 5714 1759 5770 Ο.
1836 5715 1882 5750 9‘
1915 5710 2100 5787 βαλεῖν
2130 5706 2369 5784 adjunxi
2400 5706 2448 5767 ό.
2483 5713 2547 5767 0.
