4116 6224
409 383 514 444 151

1230 382 1296 441 S.
1343 382 1784 444 CLEMENTIS
1834 385 1856 444 Ι
1907 379 2096 442 ROM.
2145 382 2377 443 PONT.
2425 385 2685 444 UPEIIA
2730 384 2995 446 DUBIA.

3700 389 3816 448 152

405 515 487 572 cit
516 519 581 568 ut
609 512 856 584 subjecti
889 528 993 584 per
1021 513 1241 568 bonum
1273 514 1534 570 ordinem
1568 516 1837 571 fruantur
1867 532 2007 588 pace
2032 530 2046 568 :

2187 510 2354 582 ιίκόνι,
2393 512 2520 576 τοὺς
2567 514 2880 576 ὑπείκοντας
2929 513 3074 586 αἰτίᾳ
3121 513 3359 586 εὐταξίας
3408 514 3632 590 εἲρήνης
3681 517 3815 573 ἀπο-

409 605 504 672 qui
541 620 671 658 vero
719 619 922 657 omnes
955 601 1159 658 volunt
1205 604 1514 676 imperare,
1546 622 1651 660 nec
1683 605 1781 660 uni
1825 605 1930 661 soli
1964 623 2054 661 ce-

411 695 578 757 dere,
634 692 705 747 ob
764 691 1107 748 divisionem
1170 694 1402 765 penitus
1461 694 1771 750 concidant
1824 711 2057 751 necesse

410 786 522 837 est.

486 871 761 926 LXII.Sed
795 876 852 926 et
880 876 936 926 te
968 873 1356 943 persuadeant
1387 890 1516 946 quae
1546 879 1680 930 ante
1727 875 1926 930 oculos
1957 893 2057 947 po-

414 960 528 1016 sita
583 961 985 1015 observantur.
1037 960 1268 1017 Scilicet
1316 979 1504 1026 nunc.
1553 980 1685 1018 cum
1738 964 1906 1018 multi
1959 981 2077 1037 per-

415 1065 646 1104 omnem
680 1053 893 1104 terram
926 1050 1044 1104 sint
1080 1067 1266 1123 reges,
1300 1052 1535 1106 assidue
1566 1052 1718 1108 bella
1766 1054 2055 1109 oriuntur.

415 1138 830 1209 Unusquisque
862 1140 1014 1193 enim
1043 1141 1404 1195 occasionem
1441 1143 1512 1196 ad
1545 1141 1762 1197 bellum
1789 1144 1972 1197 sumit
1993 1161 2060 1198 ex

418 1226 658 1282 alterius
691 1227 1022 1298 imperio.Si
1057 1234 1248 1283 autem
1282 1247 1435 1284 unus
1465 1235 1619 1286 esset
1649 1233 1852 1286 mundi
1877 1234 2058 1304 impe-

419 1320 595 1383 rator,
627 1315 725 1370 ille
756 1317 1057 1373 desinente
1088 1318 1342 1373 bellandi
1391 1336 1565 1375 causa
1593 1326 1868 1376 aeternam
1911 1322 2058 1377 obti-

420 1409 585 1460 neret
617 1405 1106 1476 pacem.Denique
1137 1408 1206 1462 iis
1235 1409 1330 1478 qui
1363 1409 1541 1464 vitam
1568 1416 1906 1482 perpetuam
1930 1427 2063 1467 con-

422 1499 762 1564 sequentur,
816 1511 996 1548 unum
1053 1501 1200 1550 Deus
1249 1498 1305 1551 in
1357 1496 1458 1551 illo
1500 1499 1708 1554 saeculo
1757 1499 2062 1554 constituit

423 1583 676 1637 universi
711 1599 926 1654 regem,
959 1589 1019 1637 ut
1048 1600 1150 1655 per
1183 1586 1578 1641 monarchiam
1616 1605 1724 1659 pax
1771 1590 2064 1644 exoriatur

422 1671 670 1728 stabilis.
709 1671 930 1726 Debent
959 1671 1155 1741 itaque
1186 1673 1376 1727 cuncti
1411 1692 1592 1729 unum
1633 1680 1910 1747 tanquam
1960 1678 2061 1731 visa

421 1762 629 1815 ducem
678 1761 866 1832 sequi,
901 1761 1098 1832 sicque
1149 1761 1248 1817 Dei
1282 1763 1598 1834 imaginem
1648 1764 1931 1820 honorare
1965 1783 1976 1821 :
2012 1766 2062 1822 is

2166 599 2348 656 λαύειν
2414 603 2645 672 τίθησιν·
2691 605 2755 658 τὸ
2823 600 2881 658 δὲ
2929 606 2972 640 9⁸
3020 605 3218 666 πάντας
3281 603 3681 682 φικαρχοῦντας
3739 606 3817 664 ἑνὶ

2170 689 2322 763 μόνῳ
2357 691 2560 762 ὑπεῖξαι
2600 693 2673 765 μὴ
2713 690 2907 765 θέλειν,
2941 693 3030 747 καὶ
3078 692 3225 765 αἰτίᾳ
3273 697 3316 731 ⁹⁶
3365 690 3677 769 διαιρέσεως
3706 698 3814 770 (79)

2167 779 2381 841 πάντως
2411 780 2499 833 καὶ
2531 785 2839 856 περιπεσεῖν
2871 783 2914 817 ⁹⁷
2947 780 3182 856 ἔχουσιν.

2239 874 2394 924 LXII.
2414 867 2568 924 Ἀλλ’
2583 867 2658 924 ἔτι
2681 871 2786 942 μὴν
2806 870 3034 925 πειθέτω
3050 871 3116 924 τὰ
3136 871 3261 944 παρ’
3282 869 3590 948 ὀφθαλμοῖς
3606 874 3819 946 τιθέμεο

2175 976 2231 1009 ια
2262 958 2457 1024 ⁹⁸,πῶς
2488 962 2578 1011 νῦν
2608 957 2831 1013 πολλῶν
2864 959 2998 1013 κατᾶ
3028 965 3197 1013 πᾶσαν
3227 961 3327 1029 τὴν
3357 967 3458 1036 γῆν
3487 959 3653 1015 ὄντων
3673 962 3822 1038 βασι-

2170 1042 2308 1098 λέων
2335 1051 2579 1121 συνεχῶς
2599 1046 2836 1119 πόλεμοι
2859 1048 3118 1121 γίνονται.
3135 1050 3290 1123 Ἔχει
3317 1048 3423 1125 γάρ
3451 1046 3672 1112 ἕκαστος
3692 1050 3824 1127 πρό-

2169 1154 2326 1211 φασιν
2359 1133 2436 1195 εἰς
2466 1133 2710 1208 πόλεμον
2736 1137 2837 1204 τὴν
2871 1135 3053 1212 ἐτέρου
3083 1137 3284 1212 ἀρχὴν.
3311 1139 3429 1192 Ἐὰν
3466 1136 3522 1192 δὲ
3554 1140 3630 1200 εἷς
3723 1138 3822 1194 τοῦ

2169 1223 2363 1284 παντὸς
2394 1225 2643 1297 ἡγεμὼν,
2676 1224 2736 1277 οῦ
2782 1222 2978 1280 ετίνεκεν
3023 1222 3260 1298 πολεμεῖ
3307 1225 3404 1281 ούκ
3449 1225 3590 1302 ἔχων
3645 1225 3821 1283 ἀίδιον

2168 1313 2266 1380 τήν
2319 1311 2539 1387 εἷ’ρήνην
2592 1310 2727 1388 ἔχει.
2763 1314 2935 1389 Πέρας
2985 1319 3111 1390 γοῦν
3146 1315 3173 1367 6
3207 1315 3334 1377 Θεὸς
3373 1321 3490 1377 τοῖς
3538 1318 3822 1388 καταξιου-

2175 1403 2356 1474 μένοις
2384 1401 2608 1457 αἰωνίου
2642 1409 2786 1473 ζωῆς
2816 1401 2908 1458 ἕνα
2937 1403 2987 1458 έν
3018 1405 3097 1476 τῷ
3128 1405 3250 1459 τότε
3279 1405 3434 1459 αἰῶνι
3472 1406 3697 1481 βασιλέα
3721 1412 3822 1463 τοῦ

2170 1491 2368 1552 παντὸς
2423 1491 2760 1564 καθίστησιν,
2816 1490 2904 1547 τίνα
2977 1493 3122 1564 αἰτίᾳ
3199 1492 3506 1570 μοναρχίας
3572 1493 3822 1559 ἄπτωτος

2173 1578 2360 1654 εἰρήνη
2414 1579 2632 1654 γένηται
2665 1584 2726 1634 '9.
2762 1583 2877 1657 Χρή
2919 1582 3011 1636 οὗν
3068 1581 3142 1636 ένί
3183 1603 3287 1635 τινι
3337 1582 3412 1643 ὡς
3460 1579 3648 1658 ὁδηγῷ
3690 1585 3821 1647 τοὺς

2171 1669 2373 1729 πάντας
2402 1665 2641 1740 ἕπεσθαι,
2676 1669 2749 1731 ὡς
2780 1670 2960 1724 εἰκόνα
3001 1675 3135 1726 Θεοῦ
3185 1675 3592 1746 προτιμῶντας,
3621 1672 3711 1727 τὸν
3762 1671 3823 1728 δὶ

2173 1753 2369 1832 ὁδηγὸν
2404 1758 2536 1812 εἶναι
2569 1765 2666 1828 τῆς
2703 1758 2777 1821 εἰς
2807 1760 2906 1828 τὴν
2941 1759 3092 1836 ἁγίαν
3139 1759 3302 1815 πόλιν
3355 1759 3626 1831 εἰσιούσης
3677 1761 3819 1817 εἰσό-

418 1854 611 1903 autem
662 1849 869 1903 ductor
916 1850 1064 1904 scire
1113 1851 1283 1905 debet
1334 1852 1510 1918 viam,
1541 1869 1657 1923 qua
1702 1853 1958 1909 intratur
2004 1854 2062 1910 in

2187 1843 2268 1900 ἴου
2299 1845 2489 1918 έπιστή
2501 1868 2657 1920 μονα.

417 1942 680 1992 sanctam
715 1937 1023 1992 civitatem.

494 2025 672 2080 LXIII.
707 2028 886 2090 Quem
939 2043 1071 2082 vero
1099 2026 1279 2082 alium
1336 2044 1403 2082 ex
1445 2030 1779 2085 astantibus
1831 2029 2065 2103 eligam,

421 2132 596 2185 quam
631 2115 988 2180 Zacchaeum,
1025 2117 1174 2184 apud
1230 2134 1403 2188 quem
1436 2124 1491 2172 et
1537 2118 1822 2175 Dominus
1873 2125 2072 2176 noster

427 2205 728 2276 ingressus
765 2205 1284 2273 mansit,judicans
1317 2207 1558 2278 dignum
1593 2224 1723 2262 esse
1754 2207 1854 2279 qui
1885 2209 2071 2264 salva-

429 2297 634 2348 retur?
666 2294 786 2356 Quo
830 2293 982 2348 dicto
1015 2311 1255 2348 manum
1308 2297 1574 2366 praesenti
1619 2297 1888 2352 Zacchazo
1936 2297 2070 2368 inji-

429 2383 611 2448 ciens,
661 2383 901 2454 cogebat
970 2399 1103 2438 eum
1153 2384 1211 2437 in
1261 2401 1367 2438 sua
1416 2384 1690 2439 cathedra
1738 2387 1954 2440 sedere.
2006 2389 2076 2441 At

432 2472 739 2528 Zacchaeus
770 2472 1039 2526 accidens
1068 2473 1137 2526 ad
1172 2473 1348 2544 pedes
1378 2473 1504 2541 ejus
1535 2475 1776 2545 rogabat
1808 2474 1891 2529 uti
1925 2475 2078 2545 prin-

437 2561 630 2633 cipatu
662 2561 856 2633 ipsum
884 2560 1158 2615 liberaret
1189 2578 1201 2615 :
1241 2560 1538 2631 simulque
1582 2561 1966 2633 pollicebatur
2012 2579 2077 2617 ac

437 2649 663 2705 dicebat
696 2667 708 2704 :
738 2649 1107 2719 Quaecunque
1155 2649 1252 2720 qui
1287 2654 1494 2719 praest
1541 2650 1726 2706 facere
1770 2651 1958 2717 debet,
1994 2652 2076 2706 Ia-

437 2738 608 2802 ciam,
643 2742 870 2792 tantum
927 2737 1070 2790 mihi
1100 2738 1252 2792 dona
1283 2754 1396 2792 non
1430 2737 1641 2793 habere
1675 2738 1782 2794 hoc
1814 2757 2022 2795 nomen
2061 2757 2074 2794 :

434 2843 635 2882 vereor
665 2827 820 2882 enim
852 2826 1213 2898 principatus
1243 2843 1453 2882 nomen
1485 2827 2077 2901 inducere,quoniam

435 2917 643 2972 acerba
671 2915 890 2970 invidia
921 2920 973 2969 et
1006 2915 1260 2986 periculo
1293 2917 1570 2972 abundat.

511 3094 686 3148 LXIV.
728 3093 879 3148 Dixit
899 3094 1105 3149 Petrus
1130 3111 1142 3148 :
1167 3093 1224 3149 Si
1249 3093 1359 3149 hoc
1387 3096 1624 3160 vereris,
1662 3094 1780 3150 noli
1815 3095 2081 3167 princeps

435 3184 756 3249 vocari,sed
792 3183 1144 3237 constitutus
1175 3183 1299 3252 (seu
1335 3183 1683 3255 praefectus),
1705 3201 1831 3239 eam
1866 3185 2082 3257 quippe

2252 2025 2433 2080 LXIII.
2465 2022 2591 2077 Τίνα
2637 2020 2695 2078 δὲ
2742 2022 2912 2079 ἄλλον
2958 2025 3259 2100 αἱρήσομαι
3299 2029 3408 2080 τῶν
3454 2025 3755 2102 παρόντων,
3787 2027 3822 2096 ἥ

2181 2117 2471 2187 Ζακχαῖον,
2504 2113 2639 2187 πρὸς
2672 2116 2826 2170 ua
2859 2114 2916 2168 ’ὸν
2950 2114 3040 2167 καὶ
3070 2114 3098 2168 6
3130 2113 3325 2190 Κύριος
3382 2117 3542 2188 ἡμῶν
3604 2119 3671 2153 ¹⁰⁰
3717 2116 3824 2170 εἰσ-

2185 2201 2278 2254 ιὼν
2330 2199 2689 2268 ἀνεπαύσατο,
2743 2206 2840 2255 τοῦ
2896 2203 3156 2271 σώζεσθαι
3214 2203 3399 2278 κρίνας
3449 2204 3592 2274 ἄξιον
3654 2204 3828 2272 εἶναι;

2183 2287 2286 2346 Καὶ
2345 2294 2504 2343 τοῦτο
2575 2290 2761 2362 εἰπὼν,
2818 2295 3124 2366 παρεστῶτι
3181 2290 3262 2364 τῷ
3327 2293 3580 2367 Ζακχαίῳ
3641 2288 3831 2346 ἐπιϐα-

2184 2376 2296 2433 λὼν
2359 2379 2458 2446 τήν
2522 2383 2704 2454 χεῖρα,
2769 2374 3010 2448 ἐϐιάζετο
3078 2379 3165 2434 ἐπὶ
3245 2384 3345 2450 τήν
3435 2381 3599 2435 αὐτοῦ
3681 2383 3834 2436 καθε-

2185 2469 2373 2535 σθῆναι
2433 2465 2710 2539 καθέδραν.
2770 2474 2824 2522 Ὁ
2892 2467 2949 2523 δὲ
3004 2474 3274 2545 Ζακχαῖος
3345 2471 3663 2542 προσπεσὼν
3711 2476 3833 2533 τοῖς

2184 2556 2339 2610 ποσὶν
2381 2556 2543 2610 αὐτοῦ
2575 2554 2771 2627 ἐδέετο,
2804 2556 2954 2619 ὅπως
2983 2563 3081 2613 τοῦ
3113 2560 3299 2635 ἄρχειν
3345 2559 3504 2614 αὐτὸν
3560 2558 3832 2633 ἀπολύσῃ,

2191 2646 2324 2718 μετά
2350 2649 2447 2698 τοῦ
2481 2645 2856 2720 ὑπισχνεῖσθαι
2884 2647 2972 2701 καὶ
3005 2644 3206 2722 λέγειν,
3238 2646 3320 2701 ὅτι
3354 2647 3524 2702 ὁπόσα
3552 2648 3684 2702 ποτὶ
3715 2649 3831 2723 χρή

2184 2735 2275 2789 τὸν
2335 2735 2574 2810 ἄρχοντα
2625 2741 2822 2804 ποιεῖν,
2873 2738 3110 2807 ποιήσω,
3169 2735 3333 2808 μόνον
3393 2757 3487 2810 μοι
3537 2737 3598 2791 τὸ
3657 2736 3834 2809 δνομα

2185 2827 2346 2878 τοῦτο
2398 2825 2472 2895 μή
2535 2820 2678 2898 ἔχειν
2739 2823 2981 2899 χάρισαι·
3043 2820 3381 2898 εὐλαϐοῦμαι
3439 2826 3539 2901 γὰρ
3610 2824 3672 2880 rd
3728 2833 3832 2894 τῆς

2188 2911 2367 2987 ἀρχῆς
2421 2908 2730 2966 ἐνδύσασθαι
2783 2906 2977 2985 ὄνομα·
3034 2916 3234 2989 πικροῦ
3297 2914 3400 2990 γὰρ
3476 2912 3672 2992 φθόνου
3739 2913 3834 2968 καὶ

2187 2998 2438 3054 κινδύνου
2469 3001 2646 3074 γέμει.

2264 3092 2447 3146 LXIV.
2485 3090 2580 3142 Καὶ
2614 3090 2641 3142 6
2673 3088 2875 3165 Πέτρος
2914 3087 3036 3168 ἔφη·
3067 3089 3131 3145 Εἰ
3173 3095 3333 3146 τοῦτο
3383 3086 3614 3164 εὐλαϐῇ,
3645 3089 3834 3166 ἄρχων

2194 3179 2287 3251 μὲν
2338 3179 2412 3250 μή
2463 3177 2659 3245 καλοῦ,
2692 3177 2835 3233 ἀλλὰ
2879 3181 2906 3232 ὁ
2953 3181 3244 3248 καθεστὼς,
3288 3185 3446 3235 τοῦτο
3488 3184 3586 3235 τοῦ
3634 3179 3837 3254 Κυρίου

436 3272 883 3344 appellationem
918 3271 1199 3326 Dominus
1248 3274 1534 3326 concessit
1561 3289 1664 3343 per
1695 3272 1813 3327 haec
1855 3275 2028 3329 verba
2056 3291 2069 3328 :

2189 3265 2487 3328 δεδωκότος
2545 3265 2813 3342 λέγεσθαι,
2864 3272 2942 3340 τῷ
2988 3267 3178 3322 εἰπεῖν’
3240 3271 3516 3342 Μακάριος
3562 3270 3590 3322 6
3640 3266 3840 3344 ἄνθρω-

436 3363 628 3417 Beatus
660 3362 757 3416 ille
786 3360 964 3426 homo,
996 3377 1152 3431 quem
1183 3361 1297 3430 ejus
1327 3360 1578 3415 dominus
1607 3363 1890 3417 constituet
1919 3379 2078 3434 super

434 3451 783 3522 famulitium
804 3465 1184 3504 conservorum
1213 3465 1440 3504 suorum
1461 3449 1727 3520 (a).Quod
1760 3451 1806 3504 si
1840 3451 2076 3506 omnino

439 3539 657 3610 refugis
689 3539 921 3608 agnosci
950 3556 1050 3610 pro
1081 3555 1146 3593 eo
1178 3537 1276 3608 qui
1296 3538 1506 3592 habeat
1534 3538 1894 3608 gubernandi
1928 3544 2080 3611 pote-

438 3627 947 3699 statem,ignorare
976 3626 1546 3698 videris,professam
1580 3628 1946 3698 prasidentis
1977 3646 2078 3701 po-

434 3719 702 3771 testatem
737 3716 990 3771 multum
1021 3715 1210 3771 valere
1243 3717 1314 3770 ad
1350 3717 1810 3788 persuadendam
1853 3718 2081 3773 ﬂecten-

437 3806 690 3876 damque
739 3804 988 3876 plebem.
1026 3805 1086 3861 Ei
1141 3806 1356 3876 quippe
1395 3809 1674 3876 tanquam
1731 3810 2078 3877 potestatem

436 3896 645 3966 adepto
677 3896 922 3950 credunt
966 3893 1203 3965 singuli,
1256 3894 1671 3949 conscientiam
1714 3910 1818 3966 pro
1868 3911 2082 3966 magna

438 3984 785 4039 necessitate
836 3984 1135 4038 habentes.
1189 3982 1334 4046 Quid
1388 3999 1543 4052 vero,
1587 3998 1776 4037 nonne
1823 3987 1880 4038 et
1928 3989 2080 4039 certo

438 4073 574 4137 scis.
607 4078 662 4127 te
695 4089 806 4127 non
841 4077 904 4126 ut
934 4071 1226 4143 principes
1249 4072 1506 4142 gentium
1537 4071 1821 4142 imperare
1850 4072 2079 4142 debere,

440 4162 539 4215 sed
575 4166 638 4215 ut
688 4178 918 4216 servum
968 4159 1302 4214 ministrare
1352 4159 1709 4226 hominibus,
1744 4164 1809 4214 ut
1854 4166 2081 4232 patrem

440 4249 588 4304 tueri
614 4250 830 4318 injuria
857 4249 1184 4315 ati‘ectos,ut
1216 4248 1506 4303 medicum
1540 4248 1863 4314 visitare,ut
1896 4254 2084 4321 pasto-

440 4355 558 4394 rem
596 4338 906 4402 custodire,
944 4353 1059 4391 uno
1089 4337 1283 4403 verbo,
1317 4341 1556 4391 cunctas
1591 4354 1691 4408 pro
1745 4338 2082 4393 eorumdem

442 4427 630 4483 salute
679 4427 973 4497 suscipere
1021 4443 1191 4480 curas
1229 4426 1256 4480 ?
1304 4431 1392 4479 An
1441 4430 1614 4497 putas
1654 4426 1921 4497 ignorare
1969 4443 2083 4497 me,

442 4515 646 4588 quales
679 4519 734 4570 te
763 4514 1105 4586 compellam
1139 4513 1364 4570 labores
1394 4515 1801 4582 sumere,dum
1827 4519 1882 4570 te
1903 4514 2030 4570 volo
2054 4533 2086 4569 a

2187 3379 2287 3419 πος
2360 3355 2586 3424 ἐκεῖνος,
2654 3357 2712 3410 ὃν
2776 3359 3095 3427 καταστήσει
3170 3357 3197 3412 ὀ
3264 3357 3454 3432 κύριος
3519 3357 3682 3412 αὐτοῦ
3748 3356 3867 3411 ἐπὶν

2185 3451 2284 3513 τῆς
2351 3444 2634 3520 θεραπείας
2698 3449 2806 3499 τῶν
2858 3442 3167 3500 συνδούλων
3236 3447 3420 3502 αὐτοῦ.
3473 3445 3533 3500 Εἰ
3601 3443 3659 3501 δὲ
3704 3467 3838 3500 παν-

2186 3538 2359 3594 τελῶς
2417 3533 2478 3588 ού
2537 3532 2712 3595 θέλεις
2770 3535 3069 3609 γνωσθῆναι
3103 3534 3186 3589 ὅτι
3234 3533 3471 3604 ἐξουσίαν
3512 3532 3838 3606 διοικήσεως

2191 3619 2360 3696 ἔχεις,
2411 3621 2629 3696 ἀγνοεῖν
2675 3643 2771 3694 μοι
2821 3620 3020 3694 ἔοικας,
3055 3621 3138 3678 ὅτι
3182 3625 3216 3692 ἡ
3269 3622 3691 3698 ὁμολογουμένη
3741 3628 3839 3678 τοῦ

2189 3710 2654 3784 προκαθεζομένου
2687 3709 2895 3780 ἐξουσία
2924 3709 3070 3765 πολύ
3117 3731 3169 3764 τι
3217 3709 3433 3766 δύναται
3483 3712 3618 3787 πρὸς
3662 3708 3838 3766 δυσω-

2189 3798 2315 3853 πίαν
2360 3803 2457 3853 τοῦ
2499 3797 2766 3869 πλήθους.
2809 3800 2897 3861 Ὠς
2931 3805 2948 3837 ¹
2997 3800 3098 3875 γὰρ
3149 3798 3400 3878 εἰληφότι
3450 3801 3549 3869 τήν
3600 3800 3835 3874 ἐξουσίαν

2187 3885 2412 3950 ἕκαστος
2459 3887 2719 3959 πείθεται,
2779 3887 2853 3949 ὡς
2909 3885 3148 3964 μεγάλην
3218 3889 3453 3964 ἀνάγκην
3515 3890 3615 3958 τήν
3664 3889 3838 3943 συνεί-

2191 3975 2346 4046 δησιν
2399 3973 2560 4052 ἔχων.
2594 3976 2654 4030 Τί
2700 3973 2757 4030 δὲ
2804 3977 2932 4051 οὐχὶ
2973 3975 3062 4031 καὶ
3111 3975 3367 4055 ἀσφαλῶς
3416 3977 3721 4051 γινώσκεις,
3754 3976 3838 4032 ὅτι

2192 4066 2298 4142 οὐχ
2327 4066 2404 4127 ὡς
2430 4065 2480 4119 οἱ
2513 4067 2773 4140 ἄρχοντες
2802 4070 2909 4120 τῶν
2942 4065 3104 4120 ἐθνῶν
3151 4067 3338 4141 ἄρχειν
3384 4065 3554 4141 ἔχεις,
3587 4065 3712 4121 ἀλλ’
3763 4065 3838 4129 ὠς

2194 4153 2390 4216 δοῦλος
2442 4153 2624 4216 αὐτοῖς
2676 4153 2982 4229 ὑπηρετῶν,
3016 4153 3091 4216 ὠς
3144 4155 3323 4230 πατὴρ
3366 4152 3744 4227 ἀδικουμένοις
3795 4159 3838 4228 ³,

2193 4242 2266 4305 ὠς
2326 4241 2504 4318 ἰατρὸς
2560 4241 3034 4315 ἐπισκεπτόμενος,
3091 4241 3164 4305 ὠς
3240 4243 3451 4316 ποιμήν
3527 4241 3838 4322 φυλάσσων,

2192 4330 2429 4386 συνελὼν
2481 4329 2608 4407 ἐρῶ,
2639 4331 2733 4393 τὰς
2790 4332 2959 4392 πάσας
3014 4330 3148 4406 ύπὶρ
3199 4334 3296 4400 τῆς
3348 4331 3521 4386 αὐτῶν
3564 4330 3839 4406 σωτηρίας

2195 4418 2480 4500 φροντίδας
2530 4416 2712 4495 ἔχωνς
2759 4421 2876 4474 Ὅτι
2925 4415 3024 4474 οἷέι
3079 4419 3289 4495 ἀγνοεῖν
3341 4440 3428 4493 με,
3471 4418 3620 4482 σ’ίους
3668 4420 3842 4492 καμά-

2193 4531 2318 4572 τους
2352 4507 2693 4578 ἀναδέξασθαί
2741 4529 2799 4562 σε
2855 4506 3132 4582 βιάζομαι,
3167 4508 3269 4562 ὐπο
3327 4504 3514 4584 ὅχλων
3573 4508 3841 4584 κρίνεσθαί

442 4605 610 4677 plebe
649 4605 924 4674 judicari,
959 4603 1050 4658 cui
1083 4603 1309 4674 placere
1358 4620 1527 4658 nemo
1575 4603 1691 4658 ullo
1741 4604 1936 4659 studio
1985 4621 2072 4675 po-

2197 4605 2351 4657 ’114
2383 4620 2439 4653 σε
2470 4600 2653 4670 ἀξιῶν,
2681 4597 2761 4658 οἷς
2786 4596 2970 4672 ἀρέσαι
3000 4598 3120 4651 τινὰ
3148 4596 3435 4673 ἀμήχανον
3460 4617 3472 4666 ;
3506 4603 3622 4669 Θεῷ
3672 4596 3729 4652 δὲ
3782 4595 3839 4652 ὦ

439 4698 590 4761 test;
622 4711 755 4750 cum
789 4693 1042 4748 maxime
1077 4692 1197 4747 ﬁeri
1229 4697 1425 4763 queat,
1457 4697 1539 4764 ut,
1565 4693 1664 4764 qui
1697 4692 1840 4747 bene
1879 4709 2080 4763 opera-

436 4787 552 4852 tur,
589 4785 700 4839 Deo
731 4787 936 4855 gratus
965 4783 1194 4838 existat.
1227 4780 1508 4846 Quocirca
1537 4797 1637 4837 oro
1667 4786 1742 4852 te,
1777 4784 1840 4836 ut
1871 4781 2080 4837 alacri-

506 4909 582 4981 (a)
614 4906 820 4965 Matth.
851 4922 998 4974 xx1v,
1029 4905 1135 4974 44;
1170 4905 1306 4961 Luc.
1337 4922 1437 4974 xu,
1467 4905 1557 4961 44.

2191 4690 2494 4755 πράττοντα
2522 4690 2543 4723 ³
2574 4684 2963 4742 δυνατώτατον.
2995 4686 3086 4740 Διὸ
3127 4683 3318 4759 δέομαι
3358 4686 3655 4763 προθύμως
3713 4687 3839 4741 ἀναο

2192 4776 2455 4849 δέξασθαι,
2490 4772 2578 4830 διὰ
2607 4775 2734 4830 Θεὸν
2767 4777 2807 4848 ⁴,
2841 4771 2929 4829 διὰ
2960 4774 3211 4851 Χριστὸν,
3241 4775 3372 4850 ὑπὲρ
3429 4782 3528 4845 τῆς
3587 4773 3837 4853 ἀδελφῶν

1790 5010 2030 5066 VARIZE
2069 5008 2483 5067 LECTIONES.

506 5132 550 5168 '5
581 5130 915 5204 Legendum
945 5131 1026 5198 τῷ
1065 5123 1122 5181 δέ
1149 5129 1208 5204 _S.
1261 5127 1330 5204 _9‘
1359 5122 1528 5204 αἰτίαν
1561 5143 1681 5204 var.
1714 5127 1845 5182 lect.
1880 5143 1972 5198 ap.
2007 5126 2278 5204 Tu_rri_an.
2312 5126 2422 5179 Pro
2449 5123 2608 5195 epist.
2656 5121 2862 5204 pqntff.
2910 5138 2964 5189 v,
3013 5121 3068 5177 9.
3236 5124 3415 5204 πεσεῖν
3433 5123 3524 5204 κῼ.
3602 5121 3658 5204 ⁸⁸.
3695 5117 3844 5195 γινό-

439 5222 572 5274 μενα
624 5189 698 5258 CT
759 5203 803 5236 9°
859 5189 1080 5274 γένηται
1138 5200 1202 5256 Ο.
1260 5201 1344 5274 Ita
1399 5198 1711 5274 legendum
1773 5189 2110 5274 esse'notat
2167 5197 2249 5274 8,⁸
2278 5189 2728 5274 quanquaml'et
2783 5189 2908 5265 ipse
2958 5192 3184 5274 'repetit
3236 5192 3366 5274 lect.
3429 5193 3489 5249 Ci
3543 5189 3839 5274 γεγένηται.

438 5259 504 5313 ίοο
539 5275 690 5345 ἡμῶν
730 5259 1014 5345 ἀθεεὶηερ.
1049 5275 1106 5325 C.
1141 5274 1202 5345 __‘
1234 5272 1313 5345 τῷ
1340 5259 1491 5342 θοαί
1525 5269 1936 5345 D.—-Seq._'gvﬁv
1966 5269 2099 5345 add.
2134 5259 2993 5345 c._0.'_’_8t_axg_86u§voc'conj.
3041 5259 3108 5334 Ῑ),
3142 5262 3438 5345 ἀνιώμενος
3497 5259 3841 5345 γάξᾲδίκυψ

435 5331 749 5416 uiav'conj.
781 5344 862 5399 Cl.
894 5331 1418 5415 Ego.scribendum
1443 5331 1781 5414 putaverim'
1805 5331 2160 5412 ἀδικούμενος
2189 5343 2246 5394 S.
2321 5339 2342 5372 ³
2372 5335 2500 5392 Θεὸν
2533 5331 2592 5391 δὲ
2641 5331 2697 5389 εὖ
2753 5331 3057 5409 πράττοντα
3094 5331 3313 5389 ⁷πείθειν
3367 5342 3426 5390 G.
3502 5336 3525 5371 ‘
3571 5331 3662 5389 διὰ
3709 5333 3840 5390 Θεόν

436 5435 552 5474 om.
596 5417 660 5473 Ο.

1805 5508 2194 5566 VARIORUM
2232 5505 2464 5565 NOTzE.

508 5632 621 5704 (79)
655 5628 751 5686 Καὶ
809 5626 955 5698 αἰτίᾳ
1011 5624 1339 5702 διαιρέσεως.
1373 5628 1558 5683 Habet
1611 5626 1927 5682 Turrianus
1980 5625 2080 5681 lib.
2112 5641 2166 5694 v,
2200 5624 2308 5680 Pro
2362 5621 2628 5694 epistolis
2684 5619 3028 5692 pontificum
3085 5635 3214 5691 cap.
3270 5619 3326 5689 9,
3388 5617 3582 5691 αἰτίαν,
3641 5620 3845 5681 minus

436 5703 605 5759 bene.
636 5703 768 5759 Co'r.
