4116 6224
370 333 492 395 153

1515 332 2045 396 CLEMENTINA.
2079 366 2156 380 —
2184 336 2519 400 HOMILIA
2579 339 2684 400 III.

3667 343 3783 402 154

367 464 674 539 σωτηρίας,
735 462 866 539 ὑπὲρ
918 463 1092 520 αὐτῶν
1145 465 1166 500 ⁸
1206 462 1520 538 οἰκονομίας
1576 464 1666 520 καὶ
1725 471 1823 534 σῆς
1883 464 2023 545 ὠφε-

2148 472 2225 525 ter
2253 470 2654 542 episcopatum
2680 472 2991 544 suscipias,
3034 476 3270 546 propter
3323 472 3641 545 Christum,
3676 490 3780 546 pro

370 551 546 614 λείας.

446 730 601 785 LXV.
631 729 729 784 Καὶ
761 730 824 784 τὸ
868 726 1050 805 ἓτερον
1108 728 1165 785 δὲ
1213 727 1450 807 λόγισαι,
1501 730 1609 798 ὅτι,
1642 729 1821 803 ὥσπερ
1852 732 2027 804 κάμα-

365 838 462 871 τον
518 818 610 872 καὶ
663 815 906 872 κίνδυνον
966 815 1082 895 ἔχει
1136 819 1200 874 τὸ
1254 821 1353 888 τὴν
1412 824 1648 890 Χριστοῦ
1705 819 2025 891 Ἐκκλησίαν

366 906 713 979 οἰκονομεῖν,
761 907 1007 980 τοσούτῳ
1058 907 1254 978 μείζων
1308 909 1334 962 ὁ
1386 908 1596 980 μισθός·
1639 906 1765 964 ἀλλ’
1806 908 1885 963 ἔτι
1918 910 2025 982 μὴν

367 995 460 1049 καὶ
491 998 529 1063 ἡ
562 994 789 1057 κόλασις
840 998 1040 1069 μείζων
1088 1001 1167 1069 τῷ
1215 994 1497 1070 δυναμένῳ
1529 997 1617 1052 καὶ
1658 998 2025 1069 ἀπειθήσαντι.

367 1082 659 1156 Βούλομαι
690 1083 804 1155 οὖν,
838 1084 1315 1161 πολυμαθέστερω
1345 1083 1502 1147 εἰδώς
1533 1107 1591 1141 σε
1618 1091 1724 1141 τῶν
1758 1088 2031 1162 παρεστώ-

366 1192 504 1242 των,
542 1170 799 1242 δανείζειν
833 1177 856 1210 ⁶
885 1172 1054 1235 καλάς
1102 1174 1346 1248 γνώμας,
1400 1173 1463 1237 ἃς
1511 1176 1657 1251 παρά
1701 1180 1798 1230 τοῦ
1829 1175 2027 1250 Κύρίου

364 1260 725 1316 πεπίστευσαι
761 1283 775 1296 ο
832 1264 994 1333 Ἵνα,
1052 1261 1127 1317 Eii
1159 1310 1175 1336 ,
1236 1260 1403 1318 δοῦλε
1460 1262 1625 1340 ἀγαθὲ
1678 1264 1768 1319 καὶ
1824 1266 2028 1338 πιστὲ,

364 1349 627 1425 ἀκούσῃς,
670 1350 760 1406 καὶ
814 1353 892 1424 μή
926 1354 946 1387 ⁷
977 1346 1219 1427 ὥσπεριὸ
1244 1352 1308 1407 τὸ
1353 1352 1409 1407 ἓν
1458 1352 1779 1429 ἀποκρύψας
1828 1352 2026 1410 τάλαν-

361 1460 483 1508 τον,
554 1438 812 1514 ἔγκλημα
872 1435 1055 1495 λαϐὼν
1105 1439 1328 1496 κολάσει
1389 1442 1677 1506 ὑπεύθυνος
1728 1442 2025 1522 ἀναφανῇς.

363 1529 428 1584 Εἰ
464 1527 529 1584 δὲ
561 1530 639 1600 μή
677 1528 864 1604 βούλει
911 1530 1110 1605 ἀγαθὸς
1159 1530 1332 1609 φύλαξ
1375 1538 1698 1601 καταστῆναι
1729 1535 1749 1569 ⁸
1777 1539 1876 1603 τῆς
1907 1534 2027 1589 Ἐκ-

363 1617 629 1691 κλησίας,
657 1614 841 1694 ἓτερον
889 1618 1005 1673 ἀντὶ
1053 1623 1148 1674 σοῦ
1196 1622 1456 1693 μήνυσον,
1490 1625 1585 1675 σοῦ
1615 1619 2028 1694 πολυμαθέστε-

364 1727 461 1782 ρον
492 1707 584 1762 καὶ
613 1706 952 1782 πιστότερον.
1000 1707 1154 1765 Ἀλλ’
1185 1711 1206 1745 ⁰
1234 1707 1296 1763 οὐ
1329 1706 1549 1772 δώσειςο
1590 1710 1651 1764 σὺ
1700 1712 1802 1785 γάρ
1833 1711 1922 1765 καὶ
1951 1716 2029 1784 τῷ

2138 558 2385 613 fratrum
2417 561 2625 628 salute,
2659 578 2761 633 pro
2787 562 3126 618 eorumdem
3158 562 3661 635 gubernatione,et
3682 571 3782 619 tua

2138 646 2410 703 utilitate.

2212 736 2370 790 LXV.
2410 736 2575 791 Aliud
2611 737 2787 792 etiam
2822 743 3045 810 reputa.
3079 740 3254 811 quod,
3303 739 3455 795 sicut
3498 740 3695 795 labore
3727 746 3784 796 et

2138 824 2395 896 periculo
2427 843 2540 879 non
2574 832 2749 892 caret,
2804 827 3131 897 gubernare
3181 828 3496 884 Ecclesiam
3549 829 3781 897 Christi,

2137 930 2204 970 eo
2237 918 2424 985 major
2450 920 2537 970 est
2571 932 2812 986 merces,
2866 917 2965 970 sed
3024 922 3082 971 et
3133 918 3320 986 maior
3371 933 3541 989 pcena
3584 918 3636 974 ei
3684 918 3784 990 qui

2140 1008 2591 1074 potest,recusat
2620 1009 2839 1060 tamen.
2871 1005 3053 1076 Cupio
3100 1005 3302 1077 igitur,
3351 1006 3453 1077 qui
3503 1012 3558 1061 te
3602 1006 3783 1063 sciam

2138 1092 2455 1147 astantium
2497 1092 2980 1161 eruditissimum,
3014 1094 3216 1149 fcenori
3236 1095 3338 1150 des
3352 1095 3630 1166 pulchras
3653 1112 3785 1152 sen~

2137 1182 2369 1249 tentias,
2404 1198 2530 1253 qua:
2561 1181 2661 1237 tibi
2693 1199 2726 1237 a
2778 1182 3016 1238 Domino
3072 1183 3297 1239 traditae
3344 1187 3485 1239 sunt
3519 1201 3532 1251 ;
3565 1190 3630 1239 ut
3683 1200 3787 1239 au-

2137 1269 2264 1326 dias
2297 1287 2309 1325 :
2344 1272 2490 1342 Euge
2517 1288 2678 1326 serve
2712 1274 2846 1327 bone
2876 1272 3129 1342 etﬁdelis
3161 1272 3329 1343 (a),et
3360 1275 3790 1344 non,quemad-

2138 1360 2376 1415 modum
2410 1359 2510 1431 qui
2542 1377 2725 1415 unum
2756 1361 3041 1416 talentum
3073 1362 3787 1433 abscondit,0pprobrium

2138 1449 2310 1517 feras,
2343 1454 2400 1504 et
2429 1449 2712 1504 obnoxius
2735 1449 3018 1521 supplicio
3048 1449 3486 1506 declareris.Sin
3513 1467 3646 1506 vero
3673 1468 3787 1506 non

2135 1538 2226 1593 vis
2256 1538 2445 1593 bonus
2490 1538 2755 1594 Ecclesia;
2788 1538 3063 1594 constitui
3114 1545 3330 1605 custos,
3382 1539 3563 1594 alium
3598 1556 3701 1611 pro
3734 1545 3790 1595 te

2139 1626 2462 1699 indica,qui
2492 1633 2548 1683 te
2578 1628 2655 1683 sit
2684 1628 2907 1683 doctior
2936 1644 3001 1683 ac
3034 1628 3277 1694 ﬁdelior,
3300 1628 3408 1683 Sed
3444 1645 3558 1684 non
3591 1629 3787 1696 dabis,

2136 1720 2201 1771 tu
2231 1716 2388 1770 enim
2411 1720 2468 1772 et
2488 1732 2620 1771 cum
2651 1714 2889 1771 Domino
2905 1722 3173 1773 versatus
3203 1732 3264 1771 es
3296 1733 3361 1772 ac
3382 1716 3574 1772 vidisti
3604 1716 3785 1772 mira-

366 1796 555 1901 Ku‘pi‘q)
586 1803 718 1910 συνῆ
730 1818 773 1869 ς,
796 1795 892 1910 Lai
922 1796 1017 1910 ⁸τὰς
1046 1796 1395 1910 Ιθαυμασίιέυς
1444 1796 1662 1871 πράξεις
1705 1798 2023 1877 ’ἱστόρησας,

2148 1803 2283 1859 bilia
2312 1821 2507 1877 opera,
2526 1810 2583 1860 et
2613 1804 2877 1861 Ecclesia:
2909 1805 3478 1862 administrationem
3507 1806 3787 1862 didicisti.

363 1887 457 1938 καὶ
492 1881 761 1951 διοίκησιν
796 1884 1123 1956 Ἐκκλησίας
1158 1886 1498 1959 μεμάθηκας.

447 1975 642 2030 LXVI.
676 1973 774 2027 Καὶ
826 1978 923 2028 σοῦ
971 1974 1064 2047 μὲν
1110 1970 1265 2049 ἔργον
1315 1974 1426 2030 ἐστὶ
1453 1975 1692 2032 κελεύειν
1724 1974 1888 2047 ἃλδεῖ,
1919 1981 2027 2033 τῶν

372 2060 631 2140 ἀδελφῶν
687 2066 752 2129 ¹⁰,
814 2063 1046 2119 ὑπείκειν
1104 2064 1194 2119 καὶ
1254 2066 1330 2137 μὴ
1392 2066 1646 2123 ἀπειθεῖν.
1705 2067 2032 2138 ’Υπείξαντες

376 2153 476 2225 μὲν
511 2148 607 2206 οῦν
653 2154 1012 2223 σωθήσονται,
1061 2153 1450 2225 ἀπειθήσαντες
1501 2152 1560 2209 δὲ
1607 2154 1712 2210 ὐπὸ
1765 2161 1861 2211 τοῦ
1899 2163 2032 2233 Χρι-

371 2246 506 2296 στοῦ
539 2244 582 2279 ¹¹
614 2239 1069 2313 κολασθήσονται,
1111 2242 1193 2298 ὅτι
1226 2244 1255 2298 ὁ
1286 2244 1754 2319 προκαθεζόμενος
1799 2251 2033 2322 Χριστοῦ

368 2329 542 2384 τόπον
574 2330 944 2387 πεπίστευται.
976 2332 1070 2387 Διὸ
1099 2329 1224 2402 ἤτοι
1272 2334 1409 2405 τιμή
1442 2334 1477 2402 ἢ
1515 2328 1670 2409 ὕϐρις
1698 2338 1796 2389 τοῦ
1825 2355 2034 2408 προκα-

370 2418 675 2492 θεζομὲνου
708 2419 784 2481 εἷς
816 2418 1045 2497 Χριστὸν
1096 2422 1334 2499 φέρεται,
1367 2424 1519 2481 115
1557 2424 1663 2478 ἀπὸ
1711 2420 1768 2478 δὲ
1797 2425 2034 2499 Χριστοῦ

370 2508 450 2569 εἷς
503 2510 638 2564 Θεὸν
694 2512 739 2545 ¹²
797 2508 1133 2589 ἀναφέρεται.
1193 2514 1362 2566 Τοῦτο
1413 2508 1471 2566 δὲ
1515 2510 1703 2585 εἷ’ρηκσ
1741 2556 1757 2582 ,
1801 2509 1894 2567 ἵνα
1944 2513 2034 2567 καὶ

366 2597 529 2651 αὐτοὶ
564 2598 618 2651 οἳ.
646 2595 876 2674 ἀδελφοὶ
923 2605 1023 2667 τῆς
1072 2599 1209 2675 πρὸς
1259 2599 1319 2654 at
1352 2599 1625 2664 ἀπειθείας
1667 2600 1758 2656 τὸν
1786 2598 2032 2657 κίνδυνον

368 2685 555 2740 αὐτῶν
617 2688 662 2724 ¹⁸
722 2688 800 2759 μὴ
860 2687 1145 2762 ἀγνοῶσιν,
1198 2686 1280 2743 ὅτι
1337 2688 1397 2751 ὃς
1455 2686 1515 2743 ἄν
1576 2711 1661 2744 σοι
1721 2689 2033 2745 κελεύσαντι

370 2776 670 2850 ἀπειθήσῃ,
717 2774 935 2850 Χριστῷ
981 2775 1196 2840 ἀπειθεῖ
1251 2778 1314 2849 υ,
1366 2782 1585 2854 Χριστῷ
1632 2776 1691 2833 δὲ
1738 2778 2036 2850 ἀπειθήσας

372 2865 506 2920 Θεὸν
533 2864 875 2941 παροργίζει.

449 2955 649 3010 LXVI.
688 2955 808 3029 Χρὴ
860 2953 953 3008 οῦν
1002 2955 1101 3023 τὴν
1154 2952 1499 3025 Ἐκκλησίαν,
1532 2954 1606 3017 ὡς
1635 2954 1797 3011 πόλιν
1830 2953 1882 3010 ἐν
1916 2954 2039 3030 ὕψει

2212 1980 2395 2037 LXVI.
2425 1982 2559 2037 Tua:
2590 1981 2771 2055 igitur
2802 1988 2996 2055 partes
3056 1988 3216 2051 sunt,
3266 1983 3474 2055 jubere
3517 2000 3604 2052 ea,
3665 2000 3791 2057 qua

2141 2075 2402 2143 oportet;
2432 2076 2627 2143 partes
2658 2072 2926 2151 fratrum,
2956 2072 3247 2144 subjicere
3276 2089 3338 2128 se
3366 2078 3423 2128 et
3452 2089 3569 2127 non
3600 2074 3788 2129 retra-

2142 2160 2288 2233 gari.
2321 2160 2705 2232 Subjicientes
2735 2177 2871 2234 ergo
2897 2178 2959 2217 se
3013 2160 3156 2217 salvi
3212 2162 3351 2217 fient
3382 2178 3395 2217 :
3428 2161 3789 2234 refragantes

2142 2266 2276 2305 vero
2307 2267 2340 2305 a
2368 2250 2595 2305 Christo
2627 2250 2942 2321 punientur
2974 2275 2988 2317 ς
3020 2250 3299 2321 quoniam
3340 2251 3441 2321 qui
3495 2250 3787 2322 presidet,

2143 2337 2359 2395 Christi
2392 2337 2583 2394 locum
2616 2339 2855 2410 accepit.
2890 2341 3079 2404 Quare
3129 2338 3496 2410 praesidentis
3541 2338 3661 2394 sive
3690 2338 3791 2396 ho-

2145 2443 2253 2482 nor
2300 2427 2419 2483 sive
2466 2426 2821 2483 contumelia
2868 2428 2940 2483 ad
2990 2427 3287 2483 Christum
3337 2428 3604 2495 refertur,
3654 2432 3711 2483 et
3756 2445 3793 2485 a

2144 2514 2374 2571 Christo
2404 2516 2477 2571 ad
2512 2516 2713 2571 Deum.
2762 2517 2821 2571 ld
2880 2520 3075 2571 autem
3126 2515 3465 2587 prolocutus
3514 2533 3669 2586 sum,
3726 2520 3792 2573 ut

2143 2596 2257 2675 ipsi
2280 2620 2513 2676 quoque
2532 2603 2745 2659 fratres
2768 2604 3416 2676 nonignorent,quanto
3446 2604 3506 2661 in
3531 2604 3789 2676 periculo

2143 2697 2449 2748 versentur
2478 2694 2575 2763 qui
2600 2692 2705 2748 tibi
2728 2709 2841 2748 non
2866 2692 3529 2765 obtemperabunt.Nam
3560 2694 3659 2766 qui
3682 2694 3789 2749 tibi

2137 2781 2371 2853 jubenti
2401 2797 2515 2836 non
2548 2780 2997 2853 obtemperabit,
3029 2780 3258 2838 Christo
3302 2799 3415 2838 non
3447 2782 3697 2851 obediet,
3732 2787 3789 2839 et

2147 2870 2287 2925 dum
2320 2887 2434 2925 non
2462 2870 2657 2925 obedit
2685 2870 2934 2938 Christo,
2967 2875 3151 2925 Deum
3183 2871 3253 2925 ad
3288 2871 3436 2927 iram
3464 2870 3689 2928 incitat.

2218 2958 2435 3013 LXVII.
2470 2958 2707 3030 Oportet
2735 2974 2871 3031 ergo
2905 2964 2968 3013 ut
3000 2958 3275 3029 Ecclesia,
3307 2959 3468 3015 velut
3496 2961 3699 3017 civitas
3730 2960 3790 3016 in

375 3039 859 3115 οἷκοδομουμένην
896 3045 959 3109 ⁸⁵,
992 3041 1249 3120 φιλόθεον
1283 3040 1427 3118 ἔχειν
1460 3043 1604 3113 τάξιν
1633 3043 1721 3098 καὶ
1774 3041 2031 3113 διοίκησιν

2148 3046 2371 3102 excelso
2402 3046 2828 3118 aedificata,Deo
2850 3046 3097 3119 dignum
3128 3047 3342 3104 habeat
3364 3049 3626 3105 ordinem
3651 3066 3791 3122 prae-

374 3128 578 3201 καλήν.
633 3132 747 3205 Πρὸ
787 3129 1003 3186 πάντων
1036 3132 1064 3185 ὁ
1098 3130 1396 3194 ἐπίσκοπος
1447 3131 1521 3194 ὡς
1569 3129 1757 3208 ἄρχων
1804 3132 1930 3209 περὶ
1962 3134 2031 3188 ὧν

2148 3135 3106 3209 claramqueladministrationem.
3139 3138 3285 3192 Ante
3336 3138 3535 3193 omnia
3566 3139 3791 3209 episco-

374 3215 528 3295 λέγει
588 3219 885 3274 ἀκουέσθω’
950 3221 1001 3273 οἱ
1058 3214 1416 3296 πρεσϐύτεροι
1471 3221 1539 3275 τὰ
1584 3219 1914 3295 κελευόμενα
1954 3221 2031 3297 γί-

2149 3242 2279 3298 pus,
2312 3224 2469 3280 velut
2500 3230 2705 3296 rector,
2738 3225 2797 3280 in
2831 3225 2904 3281 iis
2946 3242 3072 3298 qua:
3118 3225 3261 3281 dicit
3307 3226 3623 3296 audiatur;
3656 3244 3792 3299 pre-

373 3309 562 3361 νεσθαι
612 3310 657 3345 ί⁶
709 3305 1177 3377 σπουδαζέπωσανο
1230 3309 1282 3363 οἱ
1322 3306 1565 3364 διάκονοι
1611 3308 2036 3387 ἐκπεριερχομε-

373 3417 461 3450 νοι
495 3400 604 3450 τῶν
642 3394 888 3474 ἀδελφῶν
937 3398 1005 3451 τὰ
1053 3398 1279 3471 σώματα
1322 3398 1409 3452 καὶ
1457 3400 1551 3460 τάς
1594 3401 1773 3475 ψυχὰς
1824 3398 2035 3454 ἐπισκε-

375 3486 719 3558 πτέσθωσαν,
752 3486 841 3541 καὶ
868 3489 949 3558 τῷ
992 3485 1273 3559 ἐπισκόπῳ
1302 3482 1799 3543 ἀντιϐαλλὲτωσανσ
1833 3488 1884 3543 οἱ
1916 3486 2035 3543 λοι-

378 3574 475 3628 ποὶ
505 3575 703 3637 πάντες
753 3572 978 3651 ἀδελφοὶ
1026 3575 1089 3630 τὸ
1138 3572 1438 3640 ἀδικεῖσθαι
1487 3573 1948 3653 ἀναδεχέσθωσαν·
1990 3577 2037 3632 εἷ

380 3659 438 3718 δὲ
476 3663 752 3737 κρίνεσθαι
807 3663 1022 3727 θέλουσι
1071 3664 1195 3738 περὶ
1253 3666 1327 3719 ὧν
1388 3662 1732 3736 ἀδικοῦνται,
1792 3665 1879 3721 ἐπὶ
1926 3670 2035 3721 τῶν

376 3747 762 3829 πρεσϐυτέρων
814 3747 1356 3826 ωμϐιϐαζὲσθωσαν·
1413 3753 1505 3810 τὸν
1558 3752 1615 3810 δὲ
1652 3750 2034 3830 συμϐιϐασμὸν

380 3843 433 3896 οἱ
463 3836 825 3917 πρεσϐύτεροι
854 3846 933 3914 τῷ
963 3840 1245 3916 ἐπισκόπῳ
1274 3844 1846 3921 προσαναφερὲτωσαν.

454 3931 699 3987 LXVIII.
734 3930 881 3986 Νέων
911 3928 970 3986 δὲ
1002 3932 1079 4004 μή
1116 3931 1282 4006 μόνον
1332 3933 1789 4010 ητεπειγὲτωσαν
1826 3936 1869 3972 ³⁷
1905 3934 2035 3998 τοὺς

379 4021 621 4095 γάμους,
651 4017 797 4075 ἀλλά
824 4020 915 4074 καὶ
943 4024 1052 4075 τῶν
1085 4014 1534 4096 προϐεϐηκότων,
1570 4023 1645 4095 μή
1679 4043 1796 4085 πως
1848 4023 2037 4093 ζὲουσα

378 4111 414 4178 ἠ
448 4104 629 4183 ὄρεξις
658 4107 919 4186 προφάσει
968 4109 1222 4183 πορνείας
1252 4112 1287 4180 ἢ
1323 4110 1575 4185 μοιχείας
1624 4110 1818 4185 λοιμὸν
1868 4132 2036 4186 προσ-

378 4201 571 4273 ενέγκῃ
632 4199 674 4235 ⁸⁸
726 4201 793 4270 τῇ
851 4196 1181 4270 Ἐκκλησίᾳ.
1240 4199 1400 4274 ’Υπὲρ
1456 4205 1627 4254 πᾶσαν
1684 4202 1785 4277 γάρ
1843 4201 2036 4277 ἁμαρο

376 4286 498 4342 τίαν
530 4288 566 4355 ἡ
604 4288 705 4356 τῆς
757 4286 1011 4363 μοιχείας
1060 4281 1277 4342 ἀσέϐεια
1321 4292 1433 4360 Θεῷ
1479 4286 1789 4363 ἐστύγηται,
1839 4287 1921 4344 ὅτι
1970 4288 2033 4345 οὐ

381 4375 551 4448 μόνον
604 4373 763 4430 αὐτὸν
792 4373 886 4430 τὸν
916 4376 1301 4452 ἀμαρτήσαντα
1328 4376 1553 4453 ἀναιρεῖ,
1587 4376 1733 4434 ἀλλὰ
1780 4378 1867 4434 καὶ
1907 4377 2034 4442 τοὺς

378 4462 843 4535 συνεστιωμὲνους
906 4464 996 4518 καὶ
1055 4462 1579 4538 συναμιλλωμὲνους
1620 4484 1634 4499 ⁸
1693 4464 1863 4542 λύσσῃ
1928 4469 2031 4543 γὰρ

2147 3313 2360 3386 sbyteri
2389 3318 2594 3368 curent
2623 3312 2747 3369 ﬁeri
2778 3331 2904 3387 qua:
2929 3315 3251 3386 jubentur;
3286 3315 3515 3371 diaconi
3546 3316 3792 3372 circum-

2146 3402 2906 3474 ambulantesjconsiderent
2927 3404 3172 3460 fratrum
3205 3410 3514 3477 corporeet
3540 3406 3789 3473 animas,

2147 3497 2320 3565 atque
2349 3493 2621 3565 episcopo
2653 3492 3041 3561 denuntient;
3076 3492 3284 3565 reliqui
3326 3510 3531 3550 omnes
3581 3495 3791 3550 fratres

2146 3582 2299 3637 attici
2332 3582 2548 3653 injuria
2578 3581 2903 3653 suscipiant
2931 3581 3215 3649 libenter;
3252 3584 3405 3654 quod
3429 3583 3481 3639 si
3511 3585 3581 3637 de
3612 3583 3703 3653 iis,
3730 3582 3791 3637 in

2146 3670 2364 3743 quibus
2398 3670 2621 3741 injuria
2649 3671 3010 3736 afficiuntur,
3042 3671 3289 3742 cupiunt
3327 3672 3602 3743 judicari,
3637 3673 3791 3743 apud

2146 3761 2515 3833 presbyteros
2543 3759 2949 3827 concilientur,
2981 3765 3037 3815 et
3067 3760 3389 3832 presbyteri
3443 3760 3792 3817 conciliatio-

2146 3863 2279 3903 nem
2313 3849 2383 3903 ad
2413 3847 2751 3920 episcopum
2786 3848 3055 3904 referant.

2218 3936 2455 3992 LXVIII.
2490 3936 2612 3991 Non
2644 3937 2817 3992 modo
2848 3941 3043 3992 autem
3067 3937 3317 4007 juvenes
3362 3937 3435 3993 ad
3485 3936 3788 3993 matrimo-

2147 4025 2310 4081 nium
2343 4024 2717 4096 compellant,
2753 4025 2851 4080 sed
2886 4029 2943 4080 et
2968 4030 3105 4080 natu
3131 4030 3534 4096 provectos,ne
3565 4025 3788 4081 fervens

2144 4112 2437 4185 cupiditas
2466 4130 2571 4185 per
2600 4114 3045 4170 fornicationem
3076 4114 3165 4170 vel
3183 4114 3539 4170 adulterium
3566 4118 3789 4186 pestem

2145 4204 2202 4257 in
2238 4202 2549 4258 Ecclesiam
2580 4202 2810 4258 inferat.
2844 4204 3027 4275 Super
3064 4220 3238 4260 omne
3285 4204 3440 4260 enim
3483 4208 3788 4276 peccatum

2145 4291 2419 4363 impietas
2449 4289 2722 4346 adulterii
2754 4290 2884 4347 odio
2917 4309 2951 4347 a
2998 4296 3111 4348 Deo
3156 4292 3404 4350 habetur
3438 4309 3450 4348 :
3485 4292 3624 4365 quia
3672 4308 3788 4348 non

2144 4380 2337 4436 solum
2367 4379 2643 4435 interﬁcit
2671 4379 2867 4453 ipsum
2916 4386 3279 4454 peccatorem
3330 4382 3432 4437 sed
3479 4386 3535 4437 et
3574 4397 3784 4437 conve-

2144 4473 2372 4526 scentes
2403 4486 2469 4525 ac
2500 4485 2867 4541 congressos.
2901 4470 3099 4526 Rabiei
3147 4471 3364 4543 quippe
3411 4475 3499 4526 est
3550 4468 3787 4537 similis,

375 4550 579 4625 ἔοικεν,
626 4551 707 4607 ὅτι
763 4559 864 4621 τῆς
907 4550 1046 4615 ἰδίας
1097 4552 1288 4626 μανίας
1333 4552 1675 4626 μεταδιδόναι
1706 4555 1861 4632 φύσιν
1894 4551 2031 4633 ἔχει.

2148 4557 2616 4631 quandoquidem
2651 4576 2685 4613 a
2715 4564 2923 4613 natura
2951 4559 3226 4627 habet,ut
3257 4576 3425 4615 suam
3459 4558 3789 4615 communi-

379 4640 758 4719 Σωφροσύνης
789 4639 881 4696 οὗν
910 4642 1071 4717 χάριν
1101 4638 1471 4698 σπευδέτωσαν
1502 4642 1628 4706 τοὺς
1659 4646 1871 4719 γάμους
1916 4644 2034 4700 ἐπι-

376 4730 560 4787 τελεῖν
596 4731 674 4803 μὴ
705 4729 873 4803 μόνον
898 4731 951 4784 οἱ
970 4724 1349 4805 πρεσϐύτεροι,
1372 4730 1519 4787 ἀλλά
1538 4731 1627 4786 καὶ
1650 4736 1804 4791 ne
1835 4734 1886 4787 οἱ
1906 4732 2035 4789 πάν-

378 4838 491 4882 τες·
524 4822 561 4890 ἡ
592 4821 697 4896 γὰρ
743 4823 842 4875 τοῦ
874 4820 1288 4896 μοιχησαμὲνου
1337 4819 1577 4896 ἁμαρτία
1604 4820 1693 4877 ἐπὶ
1739 4821 1867 4886 τοὺς
1897 4821 2031 4878 πάν-

375 4928 478 4971 τας
507 4906 685 4973 ἐλθεῖν
716 4903 979 4984 βιάζεται.
1009 4908 1081 4963 Τὸ
1112 4909 1157 4945 ¹⁹
1186 4904 1279 4963 οῦν
1306 4905 1552 4964 σπεύδειν
1586 4915 1881 4990 σωφρονεῖν
1901 4910 2030 4976 τοὺς

451 5086 530 5161 (α)
560 5086 769 5144 Matth.
798 5102 931 5158 xxv,
960 5087 1052 5143 21.

2144 4652 2234 4703 cet
2262 4646 2727 4717 insaniam.Ergo
2759 4653 2992 4717 propter
3022 4647 3349 4703 castitatem
3382 4646 3660 4702 festinent
3684 4662 3791 4700 nu-

2143 4736 2296 4808 ptias
2326 4734 2635 4791 conciliare
2666 4751 2781 4790 non
2811 4736 2982 4791 modo
3014 4734 3571 4808 presbyteri,verum
3605 4733 3782 4790 etiam

2142 4840 2347 4882 omnes
2373 4841 2387 4892 ;
2421 4838 2557 4879 nam
2582 4822 2791 4879 mwchi
2821 4822 3095 4879 delictum
3127 4823 3198 4879 ad
3226 4839 3430 4879 omnes
3461 4823 3788 4879 necessario

2141 4912 2317 4970 venit.
2352 4910 2548 4969 Prima
2576 4926 2712 4983 ergo
2743 4910 3146 4969 misericordia
3184 4915 3295 4980 est,
3328 4911 3537 4969 fratres
3576 4912 3647 4968 ad
3680 4927 3787 4984 pu-

1726 5231 1971 5289 VARIE
2008 5231 2418 5291 LECTIONES.

449 5376 655 5452 ξῦπὶρ
731 5384 833 5447 τῆς
917 5377 1095 5434 αὐτῶν
1174 5385 1233 5452 C.

1380 5384 1403 5420 ⁸
1461 5378 1663 5451 δανίζει
1739 5385 1804 5439 Ο.

375 5450 507 5508 vult
578 5450 995 5519 κατασταθῆναι.

1107 5452 1129 5488 ⁹
1182 5449 1329 5508 ἀλλά
1385 5455 1456 5511 Ο.

382 5592 1149 5703 ῧηέξέἒῖἓληῖἠννξῗθὲπ

457 5663 815 5743 προσειρήκοι
844 5663 909 5722 Ο.
983 5667 1030 5705 ι’
1054 5667 1154 5720 τοῦ
1181 5667 1245 5724 C.

1950 5385 1971 5456 ξ’
2030 5384 2108 5456 μή
2192 5401 2309 5440 non
2392 5382 2663 5456 omittere
2733 5382 2992 5456 debebat
3044 5384 3081 5438 S
3125 5401 3212 5456 c.,
3266 5382 3349 5456 Cl.

1573 5450 1620 5492 ιδ
1669 5452 1797 5533 τοὺς
1855 5450 2125 5533 ἀδελφούς
2158 5460 2243 5533 _O.

380 5524 427 5559 ⁸³
456 5527 549 5598 Ita
577 5521 624 5578 D
656 5523 1015 5598 approbante
1045 5522 1127 5591 0;
1159 5522 1305 5598 αὐτῷ
1361 5529 1418 5598 C,
1451 5525 1549 5597 qui
1606 5528 1755 5598 conj.
1820 5521 2013 5580 αὐτόν]
2081 5529 2126 5565 ¹⁸
2157 5530 2240 5583 ita
2293 5527 2349 5592 S,
2406 5525 2529 5579 ἀπει

674 5540 689 5577 ι
733 5539 1127 5596 pronameu;
1159 5539 1305 5595 αῡτῳ
1361 5539 1400 5580 C
1451 5542 1549 5597 qut
1606 5543 1755 5598 conj.
1820 5539 2000 5580 αὐτόν.
2081 5539 2126 5565 ι’
2158 5539 2240 5583 lta
2293 5539 2349 5592 δ,
2406 5539 2599 5591 άπειυή
2658 5539 2696 5581 υ
2775 5539 2837 5582 U.
2920 5539 2964 5563 "
3020 5539 3463 5598 οικοδομημενην
3493 5539 3552 5596 u,
3586 5539 3783 5596 φκοοο-

674 5539 730 5673 ξ
809 5592 1149 5673 ίξγινξσθαι-
1170 5596 1232 5673 (Ξ.
1311 5598 1354 5633 ¹⁷
1384 5571 1523 5656 βοει
1568 5597 2024 5673 ητεπειγὲτωσαν
2070 5603 2415 5673 repetuntur
2460 5599 2518 5653 in
2548 5584 2588 5651 ό
2618 5572 2750 5656 vhb.
2776 5596 2869 5653 τὸν
2926 5594 2982 5653 δὲ
3038 5593 3416 5671 συμϐιοασμόν
3472 5599 3783 5669 eXpuncta.

3460 5384 3482 5418 ο
3551 5386 3594 5418 n
3673 5381 3785 5418 Ῐοηῖ

2392 5382 2663 5441 omittere
2742 5382 2992 5441 debebat
3044 5384 3081 5438 S
3135 5401 3212 5450 c.,
3266 5382 3349 5440 Cl.
3460 5384 3482 5418 ⁸
3547 5386 3594 5437 D
3673 5380 3787 5455 legi

2360 5458 2430 5530 ιι-
2463 5453 2661 5530 Κυρίου
2719 5455 2810 5530 C.A
2895 5456 3067 5530 "ﬁmi
3122 5455 3221 5530 Xp.
3273 5453 3359 5530 sie
3395 5450 3663 5530 tov_65§v
3707 5457 3783 5530 Δ(ἆ.

2534 5474 2661 5579 stoc
2719 5474 2779 5512 υ.
2896 5474 2939 5492 ι·
2967 5475 3064 5510 του
3122 5474 3221 5530 Λρ.
3273 5474 3348 5516 εις
3395 5474 3485 5507 τον
3536 5474 3663 5507 υεον
3724 5474 3783 5508 υ.

2565 5529 2599 5598 ᾖ
2658 5530 2716 5598 C,
2775 5525 2837 5598 Ο.
2920 5527 2964 5598 ¹ᾎ⁵
3020 5523 3463 5598 οἶκοδομημὲνην
3493 5524 3552 5596 Β,
3586 5519 3789 5596 ᾠκοδο-
