4116 6224
344 341 460 403 155

1163 339 1229 399 S.
1275 336 1716 400 CLEMENTIS
1758 338 1784 399 Ι
1829 336 2020 399 ROM.
2068 337 2301 398 PONT.
2347 337 2610 398 OPERA
2651 336 2915 400 DUBIA.

3625 335 3742 399 156

347 473 604 528 dicitiam
637 471 952 544 impellere,
988 469 1262 542 quoniam
1295 470 1502 526 animae
1532 473 1621 526 est
1649 468 1892 535 medela,
1925 473 1985 524 at

2104 463 2390 543 ἀδελφοὺς,
2438 470 2599 521 τοῦτο
2647 467 2838 543 πρώτη
2871 465 3235 537 ἐλεημοσύνη·
3273 468 3461 542 ψυχῆς
3493 464 3596 542 γάρ
3629 465 3740 520 ἐστι

345 561 510 616 cibus
543 561 803 632 corporis
835 565 923 616 est
955 559 1254 615 recreatio.

419 737 605 792 LXIX.
640 737 924 793 Caeterum
959 738 1007 793 si
1046 739 1253 793 fratres
1285 742 1505 794 vestros
1541 737 1818 810 diligatis,
1843 734 1989 791 nihil

342 841 544 882 eorum
578 828 1001 892 auferetis,imo
1034 834 1230 883 vestra
1261 827 1775 883 communicabitis
1810 843 1822 880 :
1857 842 1988 880 esu-

343 916 561 971 rientes
593 916 884 988 nutrietis,
919 917 1254 972 sitientibus
1286 917 1614 988 praebebitis
1646 922 1871 988 potum,
1906 915 1989 969 in-

347 1005 539 1060 ductis
570 1006 1100 1075 nudos,visitabitis
1123 1011 1724 1078 aagrotantes,carcere
1744 1003 1988 1059 inclusis

348 1096 704 1150 succurretis
737 1113 839 1167 pro
871 1095 1113 1160 viribus,
1147 1096 1482 1167 peregrinos
1511 1095 1569 1149 in
1617 1099 1808 1150 vestra
1836 1097 1989 1148 tecta

351 1184 683 1254 suscipietis
716 1184 1004 1252 lubenter,
1038 1185 1330 1240 neminem
1367 1185 1498 1239 odio
1531 1183 1984 1256 prosequemini.

351 1273 473 1338 Quo
506 1275 678 1328 modo
711 1279 903 1329 autem
933 1272 1024 1344 pie
1051 1273 1241 1329 vivere
1271 1278 1552 1346 oporteat,
1602 1290 1704 1328 vos
1734 1275 1989 1328 attentos

348 1367 537 1417 vester
569 1363 796 1417 docebit
826 1363 1079 1418 animus.
1139 1363 1355 1417 Verum
1415 1367 1546 1418 ante
1602 1362 1818 1429 omnia,
1852 1360 1899 1416 si
1933 1365 1989 1415 et

347 1450 511 1505 vobis
543 1451 732 1506 dicere
759 1468 995 1506 necesse
1026 1452 1121 1519 sit,
1151 1452 1481 1523 frequenter
1519 1452 1840 1520 convenite,
1874 1450 1984 1504 uti-

346 1555 483 1594 nam
514 1539 764 1611 singulis
795 1541 975 1608 boris,
1009 1540 1269 1612 alioquin
1303 1546 1626 1596 conventus
1662 1541 1833 1596 statis
1865 1540 1984 1594 die-

343 1627 477 1682 bus.
511 1629 655 1682 Nam
690 1629 737 1684 si
769 1629 877 1684 hoc
906 1629 1178 1696 feceritis,
1210 1629 1364 1683 intra
1396 1646 1593 1684 muros
1625 1629 1768 1684 estis
1798 1627 1983 1700 asyli;

340 1717 683 1788 perditionis
715 1719 931 1790 quippe
962 1718 1194 1773 initium
1230 1723 1317 1773 est
1351 1719 1463 1772 ista
1494 1717 1855 1773 desertio.Ne
1883 1716 1986 1788 igi-

2098 556 2369 628 θεραπείω
2429 559 2465 626 ἡ
2523 555 2626 631 γὰρ
2700 557 2876 635 τροφή
2948 560 3044 610 τοῦ
3121 557 3372 628 σώματος
3447 554 3736 617 ἀνάπαυσίς

2097 642 2259 701 ἐστιν.

2169 735 2350 790 LXIX.
2384 734 2562 806 Ὀμῶς
2612 733 2699 788 ἐὰν
2750 735 3070 807 ἀγαπήσητε
3109 731 3236 795 τοῦς
3269 731 3535 810 ἀδελφοὺς
3569 733 3734 806 ὑμῶν,

2099 819 2250 876 οὐδὲν
2283 822 2454 876 αὐτῶν
2490 824 2870 900 ἀφαιρήσεσθε,
2903 823 2976 876 ὧν
3027 820 3083 877 δὲ
3114 820 3267 897 ἔχετε
3309 820 3642 894 μεταδώσετε
3673 825 3735 858 ²⁰’

2097 916 2384 973 πεινῶντας
2440 913 2543 987 γὰρ
2592 910 2829 986 θρέψετε,
2891 909 3086 984 διψῶσι
3146 910 3310 966 ποτὸν
3361 912 3612 984 παρέξετε
3669 913 3736 968 ²¹.

2095 1000 2333 1076 γυμνοὺς
2394 999 2678 1067 ἐνδύσετε,
2735 1004 3024 1062 νοσοῦντας
3087 999 3450 1074 ἐπισκέψεσθε,
3509 1005 3626 1062 τοῖς
3685 999 3736 1054 ἐν

2099 1090 2333 1166 εἰρκταῖς
2365 1090 2438 1152 ὡς
2489 1087 2708 1145 δυνατὸν
2764 1090 3082 1164 βοηθήσετε,
3117 1089 3293 1159 ξένους
3329 1089 3403 1151 εἰς
3431 1090 3496 1143 τὰ
3537 1090 3737 1144 ἑαυτῶν

2096 1180 2427 1252 σκηνώματα
2472 1179 2770 1254 προθύμως
2817 1176 3158 1249 ἀποδέξεσθε,
3201 1175 3406 1250 μηδένα
3462 1180 3737 1250 μισήσετε.

2096 1268 2182 1330 Ὠς
2213 1265 2270 1322 δὲ
2299 1265 2381 1323 δεῖ
2410 1263 2668 1336 εὐσεϐεῖν,
2698 1267 3173 1343 εὐγνωμονοῦντας
3222 1267 3360 1339 ὑμᾶς
3406 1268 3433 1321 ὁ
3482 1267 3742 1343 ὑμέτερος

2097 1354 2294 1428 διδάξει
2325 1362 2471 1420 νοῦς.
2506 1357 2618 1433 Πρὸ
2667 1354 2724 1412 δὲ
2773 1357 3010 1424 πάντων,
3042 1356 3085 1411 εἰ
3136 1355 3225 1411 καὶ
3259 1354 3338 1411 δεῖ
3378 1355 3503 1429 ὐμῖν
3537 1354 3738 1430 λέγειν,

2096 1445 2473 1522 συνεχέστερον
2517 1446 2856 1520 συνέρχεσθε,
2903 1441 3008 1498 εἷ’θε
3057 1445 3104 1479 ²²
3151 1444 3272 1507 καθ’
3320 1442 3489 1518 ὥραν,
3536 1442 3648 1497 έπεὲ
3679 1463 3742 1516 γε

2096 1533 2148 1589 ἐν
2175 1540 2293 1597 ταῖς
2342 1535 2756 1607 νενομισμέναις
2806 1539 2905 1602 τῆς
2960 1535 3005 1568 ³³
3049 1529 3274 1594 ςυνόδου
3317 1531 3571 1606 ἡμέραις.
3615 1531 3736 1588 Ἐὰν

2093 1624 2197 1700 γὰρ
2244 1628 2406 1678 τοῦτο
2463 1630 2659 1692 ποιῆτε
2707 1625 2796 1692 ³⁸,
2857 1620 3004 1683 ἐντὸς
3061 1624 3262 1696 τειχῶν
3322 1617 3544 1682 ἀσυλίας
3601 1619 3736 1674 ἐστέ”

2092 1713 2238 1789 ἀρχὴ
2298 1713 2398 1788 γὰρ
2449 1709 2720 1773 ἀπωλείας
2775 1709 3069 1780 ἀποταξία.
3121 1711 3272 1780 Μήτε
3320 1707 3410 1764 οὗν
3471 1709 3736 1787 προφάσει

336 1808 434 1859 tur
464 1806 616 1876 quis,
636 1811 912 1877 prastextu
947 1808 1099 1878 quod
1126 1808 1321 1861 animo
1347 1824 1483 1878 erga
1513 1809 1746 1862 fratrem
1766 1805 1979 1878 pusillo

2104 1800 2468 1877 μικροψυχίας
2521 1807 2623 1870 τῆς
2675 1803 2721 1836 π
2767 1801 2902 1873 πρὸς
2955 1796 3187 1875 ἀδελφὸν
3237 1797 3612 1853 ἀπολειπέσθω
3655 1819 3738 1860 τις

341 1909 407 1948 ac
439 1893 638 1965 iniquo
668 1895 764 1960 sit,
799 1895 1043 1950 desistat
1083 1896 1406 1950 convenire.
1461 1896 1513 1949 Si
1564 1894 1718 1950 enim
1763 1894 1977 1966 aliquis

340 1987 598 2037 vestrum
632 2001 665 2037 a
694 1986 1138 2055 congregatione
1169 1983 1618 2054 destiterit,cum
1651 1984 1720 2038 iis
1754 1987 1983 2053 reputa-

343 2070 501 2125 bitur
531 2071 629 2142 qui
661 2071 872 2127 Christi
916 2072 1204 2144 dissipant
1255 2073 1586 2139 Ecclesiam,
1637 2077 1693 2128 et
1745 2078 1807 2126 ut
1853 2073 1981 2142 ejus

340 2159 763 2230 discipulorum
796 2160 1166 2215 inimicorum
1203 2162 1472 2233 princeps
1505 2161 1782 2233 punietur
1807 2165 1982 2230 atque

339 2263 473 2303 cum
522 2247 803 2303 adulteris
853 2248 1161 2319 ejicietur;
1206 2267 1340 2304 nam
1391 2254 1675 2320 tanquam
1730 2248 1981 2316 adulter,

341 2353 442 2408 per
472 2337 748 2408 spiritum
780 2337 837 2391 in
862 2337 988 2408 ipso
1020 2338 1708 2410 exsistentem,przetextu
1726 2338 1981 2409 quodam

341 2431 597 2496 sumpto,
632 2427 894 2498 seipsum
929 2427 1240 2498 separavit,
1275 2432 1331 2482 et
1362 2428 1516 2482 malo
1558 2427 1748 2482 locum
1784 2432 1985 2483 contra

343 2531 405 2570 se
435 2515 614 2582 dedit,
648 2521 713 2570 ut
741 2532 900 2570 ovem
949 2521 1194 2588 raperet,
1249 2516 1528 2572 nimirum
1578 2521 1738 2572 extra
1785 2516 1983 2574 caulas

342 2603 662 2659 inventam.

417 2697 585 2746 LXX.
616 2692 789 2747 Porro
820 2692 1156 2764 episcopum
1187 2698 1447 2750 vestrum
1480 2695 1696 2764 audite,
1721 2711 1985 2751 omnem-

349 2797 462 2854 que
493 2780 544 2836 ei
577 2781 853 2836 honorem
885 2781 1140 2836 tribuere
1168 2799 1237 2837 ne
1270 2784 1508 2839 cessetis
1542 2799 1553 2837 :
1588 2785 1791 2840 scitote
1830 2786 1985 2856 quod

350 2889 453 2944 per
480 2869 646 2924 illum
684 2871 1043 2925 adducimini
1075 2872 1144 2925 ad
1175 2871 1566 2939 Christum,et
1601 2890 1634 2928 a
1665 2873 1891 2929 Christo
1914 2875 1984 2929 ad

353 2961 554 3015 Deum.
579 2960 902 3014 Adducenti
927 2976 1061 3031 ergo
1093 2959 1492 3032 multipliciter
1519 2962 1840 3017 retribuite.
1876 2966 1988 3018 Ho-

348 3052 550 3104 norate
581 3047 792 3103 Christi
825 3048 1121 3103 thronum.
1155 3049 1638 3120 Quandoquidem
1671 3057 1728 3105 et
1775 3051 1990 3123 Moysis

351 3137 690 3193 cathedram
723 3137 1179 3207 honorarejussi
1211 3138 1728 3208 estis,quamvisin
1757 3157 1823 3194 ea
1847 3158 1987 3211 prae-

2085 1895 2182 1944 106
2240 1887 2589 1966 συνεδρεύειν.
2649 1889 2768 1944 Ἐάν
2818 1890 2922 1963 γάρ
2977 1910 3062 1950 τις
3121 1889 3275 1961 ὑμῶν
3335 1890 3380 1923 ²⁶
3429 1884 3738 1965 ἀπολειφθῇ

2086 1976 2183 2034 τοῦ
2214 1979 2542 2055 ξυνάγεσθαι,
2589 1982 2696 2033 τῶν
2749 1977 3148 2053 σκορπιζόντων
3195 1988 3294 2045 την
3343 1978 3576 2052 Χριστοῦ
3606 1977 3700 2030 Ἐκ

2089 2066 2318 2137 κλησίαν
2353 2066 2852 2142 λογισθήσεται,καὶ
2885 2067 2960 2128 ὡς
3007 2069 3114 2119 τῶν
3166 2065 3300 2120 κατὰ
3326 2069 3434 2119 τῶν
3477 2069 3573 2119 τοῦ
3605 2067 3734 2140 Χρι-

2092 2161 2219 2211 στοῦ
2279 2158 2535 2229 μαθητῶν
2596 2155 2829 2231 ὑπάρξας
2888 2152 3280 2224 κολασθήσεται
3349 2154 3438 2208 καὶ
3498 2156 3542 2190 ³⁷
3601 2153 3737 2226 μετᾶ

2096 2251 2309 2321 μοιχῶν
2344 2241 2791 2315 ἀποϐληθήσεται
2820 2246 2883 2280 ’δ’
2917 2243 2990 2304 ὡς
3033 2244 3136 2318 γὰρ
3171 2242 3368 2318 μοιχὸς
3420 2242 3521 2296 ὑπὸ
3551 2247 3651 2296 τοῦ
3683 2241 3734 2296 ἐν

2090 2334 2235 2407 αὐτῷ
2283 2333 2587 2408 πνεύματος
2637 2334 2900 2411 προφάσει
2934 2336 3081 2388 117
3134 2332 3279 2394 τινὸς
3313 2331 3496 2386 ἑαυτὸν
3530 2332 3740 2408 ἀφώρι-

2093 2445 2200 2494 σεν,
2253 2423 2341 2478 καὶ
2391 2428 2468 2496 τῷ
2517 2427 2742 2499 πονηρῷ
2791 2423 2906 2476 κατ’
2949 2421 3111 2476 αὐτοῦ
3156 2420 3342 2497 χώραν
3394 2418 3567 2475 ἔδωκε
3605 2419 3739 2495 πρό-

2094 2508 2254 2568 ϐατον
2290 2514 2522 2589 ἁρπάσαι
2554 2515 2620 2584 ³9,
2654 2512 2728 2574 ὡς
2761 2508 3012 2588 μανδρῶν
3043 2508 3141 2581 ἔξω
3172 2509 3401 2584 εὐρεθέν.

2164 2693 2317 2749 LXX.
2351 2690 2505 2760 Πλὴν
2553 2694 2650 2745 τοῦ
2699 2687 2992 2744 ἐπισκόπου
3045 2689 3195 2761 ὑμῶν
3248 2687 3487 2757 ἀκούετε,
3538 2688 3627 2743 καὶ
3660 2708 3743 2742 τι·

2099 2783 2205 2856 μὴν
2249 2787 2420 2835 πᾶσαν
2464 2779 2608 2852 αὐτῷ
2654 2777 3014 2852 ἀπονέμοντες
3067 2780 3142 2850 μὴ
3193 2776 3426 2850 κάμητε,
3461 2774 3663 2838 εἰδότες
3696 2779 3740 2813 ³ο

2097 2870 2181 2925 ὅτι
2210 2871 2472 2947 προφάσει
2520 2872 2588 2942 τῇ
2619 2868 2753 2942 πρὸς
2784 2866 2942 2921 αὐτὸν
2989 2866 3064 2928 εἷς
3114 2866 3342 2941 Χριστὸν
3394 2867 3601 2942 φέρετε,
3631 2865 3737 2920 ἀπὸ

2099 2957 2156 3013 δὲ
2187 2961 2422 3034 Χριστοῦ
2468 2956 2544 3018 εἷς
2596 2957 2722 3011 Θεὸν
2773 2955 3061 3033 ἀναφέρετε
3087 2958 3154 2993 ³¹⁶
3189 2955 3278 3009 καὶ
3323 2959 3401 3026 τῷ
3447 2955 3739 3029 προσενέγ-

2096 3069 2245 3102 καντι
2289 3044 2682 3107 πολυπλασίως
2730 3042 3116 3099 ἀνταποδίδοτε
3145 3048 3212 3099 3’.
3243 3043 3439 3118 Θρόνον
3491 3041 3582 3097 οῦν
3618 3050 3745 3119 Χρι-

2101 3136 2226 3191 στοῦ
2274 3137 2532 3207 τιμήσετε
2578 3137 2642 3171 ³³·
2687 3133 2769 3189 ὅτι
2817 3134 2904 3188 καὶ
2957 3133 3226 3195 Μωϋσέως
3277 3130 3538 3208 καθέδραν
3582 3137 3746 3205 τιμᾷν

356 3226 615 3282 sidentes
644 3230 971 3296 peccatores
1004 3199 1566 3298 habeanturidtque
1599 3228 1720 3283 hac
1751 3199 1988 3300 quidem

2104 3199 2472 3292 ἐκελεύσθητε,
2504 3223 2598 3278 κᾶν
2651 3224 2701 3278 οἱ
2747 3223 3204 3299 προκαθεζόμενοι
3238 3199 3558 3297 ἁμαρτωλοὶ
3591 3199 3751 3294 νομί-

354 3316 518 3370 vobis
549 3314 906 3370 sufﬁcienter
936 3315 1055 3370 sint
1081 3315 1255 3369 dicta.
1296 3316 1564 3370 Zacchaao
1623 3322 1816 3371 autem
1878 3335 1995 3389 qua

354 3403 882 3475 rationeinculpate
897 3403 1139 3472 vivat,su
1151 3405 1288 3475 perﬂ
1300 3421 1436 3458 uum
1459 3410 1594 3476 puto
1617 3408 1806 3462 dicere
1829 3425 1841 3473 ;
1860 3423 1993 3462 cum

359 3494 536 3549 etiam
569 3493 728 3548 illius
759 3493 858 3564 qui
893 3510 984 3549 me
1013 3494 1210 3548 docuit
1239 3494 1457 3565 probus
1492 3495 1572 3549 sit
1602 3495 1947 3568 discipulus.

428 3671 620 3727 LXXI.
679 3671 917 3737 Verum,
969 3671 1194 3738 fratres,
1273 3672 1556 3728 nonnulla
1629 3678 1694 3728 ut
1745 3674 1996 3729 audiatis

355 3767 690 3832 exspectare
723 3777 834 3815 non
877 3764 1131 3831 oportet,
1169 3762 1267 3816 sed
1321 3778 1388 3816 ex
1437 3761 1598 3817 vobis
1646 3762 1791 3833 ipsis
1841 3763 1996 3834 quod

355 3866 584 3922 aequum
619 3854 709 3905 est
738 3849 1080 3921 intelligere.
1110 3850 1418 3905 Zacchaeus
1467 3849 1648 3921 solus,
1699 3868 1759 3907 se
1807 3857 1997 3906 totum

357 3956 471 4010 quo
503 3939 667 3995 vobis
697 3943 859 3994 vacet
888 3939 1145 4004 tradens,
1179 3956 1310 3994 cum
1344 3945 1607 3996 ventrem
1657 3941 1886 4006 habeat,
1920 3941 1998 3996 si-

359 4028 535 4100 bique
566 4045 681 4082 non
712 4029 1033 4100 provideat,
1065 4044 1179 4098 quo
1213 4029 1382 4083 modo
1414 4034 1603 4100 potest
1660 4030 1854 4084 cibum
1900 4047 1999 4085 ne-

361 4115 682 4170 cessarium
715 4132 1053 4186 comparare
1079 4115 1107 4170 ?
1139 4116 1340 4170 Nonne
1371 4134 1502 4172 vero
1543 4119 1765 4188 justum
1797 4123 1905 4189 est,
1938 4123 2002 4173 ut

362 4220 562 4259 omnes
595 4221 695 4258 vos
724 4203 912 4258 victus
962 4205 1089 4274 ejus
1138 4220 1338 4259 curam
1396 4205 1631 4277 geratis,
1695 4224 1883 4279 neque
1912 4224 2003 4262 ex-

361 4293 633 4363 spectetis
664 4297 729 4346 ut
759 4297 916 4362 petat
962 4309 996 4347 a
1052 4292 1263 4347 vobis?
1295 4293 1402 4348 hoc
1459 4294 1673 4351 etenim
1733 4297 2000 4352 mendico

361 4380 850 4452 convenit,potius
884 4386 1079 4434 autem
1104 4381 1314 4452 peribit
1341 4382 1697 4454 fame,quam
1729 4385 1781 4438 id
1814 4385 2002 4440 facere

361 4470 670 4524 sustineat.
705 4470 773 4523 Et
801 4485 917 4540 qua
947 4469 1174 4524 ratione
1202 4487 1306 4525 vos
1333 4488 1534 4541 poenas
1566 4489 1680 4526 non
1709 4473 2000 4541 dabitis,si

2105 3321 2298 3384 ζωνται
2335 3317 2398 3367 ³⁴.
2441 3312 2540 3367 Καὶ
2595 3317 2761 3366 ταῦτα
2817 3312 2910 3384 μὲν
2963 3312 3089 3384 ὑμῖν
3150 3310 3430 3386 αὐτάρκως
3490 3307 3700 3384 εἷ’ρηται
3736 3328 3750 3342 ⁸

2104 3401 2250 3476 αὐτῷ
2299 3400 2375 3473 δὲ,
2429 3405 2548 3463 πῶς
2595 3400 2897 3474 ἀμέμπτως
2951 3401 3099 3475 βιοῦν
3136 3442 3150 3467 ,
3203 3399 3452 3474 περιττὸν
3506 3401 3751 3474 ἠγοῦμαι

2104 3492 2301 3567 λέγειν,
2353 3489 2516 3545 ὁπότε
2555 3493 2653 3544 τοῦ
2700 3490 2842 3563 κάμὲ
2894 3486 3202 3558 διδάξαντος
3255 3485 3484 3561 δόκιμος
3538 3489 3756 3564 ὑπάρχῃ

2109 3581 2374 3655 μαθητής.
2484 3577 2486 3579 ’

2178 3671 2363 3726 LXXI.
2388 3667 2562 3737 Πλὴν,
2585 3665 2834 3744 ἀδελφοὶ,
2857 3664 2969 3721 ἔνια
2992 3665 3053 3720 οὐ
3075 3666 3186 3742 χρὴ
3210 3662 3494 3739 ἀναμένειν
3515 3663 3750 3732 ἀκούειν,

2106 3757 2252 3814 ἀλλὰ
2269 3758 2359 3812 καὶ
2385 3757 2473 3835 ἀφ’
2495 3757 2694 3811 ἑαυτῶν
2721 3756 2781 3810 τὸ
2804 3751 3031 3829 εὔλογον
3058 3759 3498 3830 νοεῖν.Ζακχαῖος
3527 3752 3692 3827 μόνος
3709 3755 3756 3789 ⁸⁸

2109 3849 2235 3921 ὑμῖν
2269 3845 2398 3908 ὅλος
2429 3846 2612 3900 ἑαυτὸν
2646 3842 2903 3920 ἀσχολεῖν
2927 3841 3313 3913 ἀποδεδωκὼς,
3363 3842 3575 3899 κοιλίαν
3605 3840 3745 3918 ἔχων

2109 3937 2196 3992 καὶ
2227 3937 2399 4007 ἑαυτῷ
2461 3936 2535 4008 μή
2569 3933 2874 4009 εὐσχολῶν,
2909 3937 3023 3994 πῶς
3055 3930 3270 3988 δύναται
3317 3932 3416 4001 τήν
3467 3930 3758 4006 ἀναγκαίαν

2109 4025 2349 4102 πορίζειν
2381 4025 2587 4102 τρῦφήν
2625 4043 2639 4093 ;
2671 4021 2799 4098 οὐχὶ
2847 4020 2903 4076 δὲ
2937 4020 3158 4098 εὕλογόν
3214 4021 3325 4075 ἐστι
3371 4020 3572 4082 πάντας
3617 4021 3759 4092 ὑμᾶς

2107 4119 2204 4169 τοῦ
2257 4117 2349 4186 ζῇν
2400 4112 2564 4167 αὐτοῦ
2608 4111 2865 4184 πρόνοιαν
2919 4112 2966 4146 ⁸⁸
3006 4114 3202 4179 ποιεῖν,
3252 4107 3351 4163 οὐκ
3393 4108 3761 4182 ἀναμένοντας

2109 4203 2267 4258 αὐτὸν
2320 4203 2458 4276 ὑμᾶς
2499 4200 2689 4270 αἰτεῖν,
2747 4203 2908 4254 τοῦτο
2965 4200 3069 4275 γὰρ
3130 4198 3548 4274 προσαιτοῦντός
3599 4196 3756 4252 ἐστιν·

2115 4290 2324 4365 μᾶλλον
2352 4288 2408 4345 δὲ
2430 4291 2732 4362 τεθνήξεται
2756 4287 2927 4361 λιμῷ,
2949 4288 2984 4357 ἢ
3015 4292 3174 4342 τοῦτο
3199 4292 3374 4342 ποιεῖν
3404 4287 3668 4356 ὐποσταίη
3693 4289 3760 4342 ³⁷.

2111 4382 2264 4438 IIS
2295 4383 2419 4441 Πῶς
2451 4376 2516 4447 δὴ
2557 4375 2644 4432 καί
2683 4376 2839 4450 ὐμεῖς
2890 4376 2952 4430 οὐ
2984 4374 3138 4447 δίκην
3189 4375 3429 4454 ὐφὲξετε,
3471 4377 3548 4448 μή
3603 4372 3762 4450 λογι-

2111 4471 2330 4543 σάμενοι
2361 4467 2443 4522 ὅτι
2476 4464 2621 4538 ἄξιός
2672 4466 2810 4520 ἐστιν
2842 4466 2869 4520 ὁ
2903 4464 3134 4541 ἐργάτης
3174 4469 3270 4519 τοῦ
3319 4467 3515 4538 μισθοῦ
3548 4463 3711 4519 αὐτοῦ
3744 4481 3760 4533 ;

363 4574 476 4613 non
509 4557 1188 4630 reputaveritis,dignum
1217 4574 1344 4614 esse
1374 4559 1708 4631 cperarium
1737 4564 1988 4618 mercede

2107 4559 2196 4615 καὶ
2232 4558 2308 4632 μὴ
2343 4556 2547 4633 λεγέτω
2577 4573 2680 4618 τις·
2707 4554 2898 4610 οὐκοῦν
2924 4555 2951 4609 ὁ
2976 4552 3179 4631 δωρεάν
3207 4552 3570 4631 παρασχεθείς
3595 4553 3762 4627 λόγος

1720 4755 1959 4813 νΑΗΙλΕ
1996 4756 2401 4815 LECTIONES.

433 4879 480 4915 ²⁰
516 4875 976 4957 μεταδῴσητε-Ο.
1039 4878 1186 4933 Tum
1233 4877 1405 4957 idem.
1461 4874 1715 4951 θρέψητε.
1755 4879 2163 4957 ,πλπαρέχετε
2216 4880 2380 4957 (lege_
2440 4876 2707 4957 παρέξητε
2763 4877 2808 4932 D

686 4950 1046 5078 ἐπιςκὲὸιιησθε
1103 4980 1169 4990 -
1207 4947 1668 5075 (βοηθήσητε-ς
1746 4947 2077 5024 ἀποδέξασθῖ
2124 4947 2232 4993 -’

714 5042 832 5096 ταις
872 5063 972 5096 __.__
1007 5023 1054 5057 ²⁴
1085 5025 1168 5096 Ita
1215 5091 1226 5096 _
1305 5021 1467 5096 c.ﬂS,
1516 5040 1723 5096 ποιειτε
1769 5024 1828 5079 C.
1881 5027 2031 5080 Tum
2092 5023 2238 5096 ἀσυχ

360 4969 476 5004 σετε
540 4983 610 4992 -—

359 5019 466 5075 εἷ’θε
496 5026 561 5078 0.
638 5024 684 5058 ³³
714 5028 832 5076 ταῖς
864 5019 928 5078 Ο.
1007 5023 1054 5057 ²⁴
1085 5025 1168 5075 Ita

2245 4880 2364 4952 lege
2440 4876 2707 4984 παρέξζιὲεε
2763 4875 2949 5002 Dg'C,
2981 4875 3109 4998 6qui
3145 4873 3377 4998 ﬁdginde
3431 4871 3562 4998 exhé.
3621 4868 3770 4996 6:806-

2245 4950 2693 5074 ιξστειῖῖηιῖυλιας
2720 4969 2809 5072 τεὴν
2851 4965 3100 5074 iam
3118 4964 3198 5072 2*?
3216 4964 3275 5073 si.
3307 4962 3374 5074 3.;
3408 4964 3520 5072 ἓν
3545 4961 3772 5074 iam;

2264 5042 2325 5082 ας
2369 5014 2693 5092 ⁷ρξιῖισυλίας
2724 5024 2784 5072 Ο.
2825 5087 2839 5092 _
2862 5014 3026 5092 “ita
3056 5018 3100 5074 0
3131 5033 3179 5072 c.
3216 5017 3275 5073 S.
3307 5014 3374 5088 τῇ
3408 5015 3468 5072 C.
3545 5014 3768 5092 1(ἷῦμιιιέν

359 5095 402 5169 0
434 5111 519 5169 pr.
557 5110 714 5149 man.
795 5094 1018 5169 “AV
1044 5090 1139 5169 Δκαὶ
1199 5091 1274 5152 ὡς
1320 5095 1427 5169 τῶν
1486 5092 1622 5146 κατὰ
1641 5096 1768 5169 τῶν
1808 5100 1904 5149 τοῦ
1935 5097 2169 5169 Χριστοῦ
2201 5086 2454 5169 μαθητῶν
2490 5090 2725 5169 ὑπάρξας
2755 5087 3171 5169 κολασθήσεται,
3185 5086 3579 5169 facetiae-runt
3608 5104 3676 5143 ex

358 5156 736 5238 Subsequens
763 5164 854 5218 καί
879 5165 1081 5238 addidi
1111 5181 1178 5238 ei}
1209 5165 1586 5238 conjectura._
1639 5165 1682 5199 ³⁸
1717 5156 2027 5238 βληθήσετε
2056 5170 2117 5234 Ο,
2152 5156 2251 5238 qui
2298 5156 2678 5238 tumpozx'dv.
2749 5164 2804 5238 3’
2837 5156 3061 5238 ἁρπάσει
3092 5156 3335 5238 S_."I_‘um
3391 5156 3668 5238 εὑρεθέντα

361 5239 410 5311 3_°
442 5231 706 5311 i’301é¢_0.
782 5237 824 5271 ³¹
861 5237 900 5292 C
931 5236 1041 5311 legi
1075 5234 1197 5311 vult
1227 5231 1449 5311 φέρεσθε
1478 5241 1533 5311 et
1564 5231 1908 5311 ἀναφέρεσθε,
1942 5231 2116 5310 atque
2149 5231 2300 5311 hanc
2340 5231 2690 5311 scripturam
2745 5234 2806 5311 i_n_
2833 5231 3098 5311 versione
3132 5231 3334 5311 Latina
3364 5231 3616 5311 secutus
3663 5235 3774 5285 est.

364 5307 672 5393 RectiusnD
705 5305 1011 5393 proposuit
1035 5305 1248 5393 φέρεταί
1276 5312 1338 5393 et
1369 5305 1687 5393 ἀναφέρεται
1716 5305 1824 5393 (sc.
1859 5305 2088 5393 ﬂftiéﬂ)

2139 5309 2240 5363 cfr.
2276 5301 2553 5378 supra'rc.
2584 5307 2675 5378 66,
2709 5304 3047 5378 ιὼίηὶἀεεω⁸
3080 5301 3295 5378 legitur
3362 5301 3582 5378 iisdem
3630 5316 3779 5372 pene

2095 5355 2109 5379 ,

361 5380 574 5435 verbis.
605 5372 886 5434 Praeterea
917 5372 1057 5433 cum'
1085 5372 1143 5431 Cl
1176 5372 1551 5432 scribendum
1584 5372 1847 5456 προφάσει
1879 5372 2113 5453 ὲῆς’(έὸζ
2175 5372 2380 5504 Huic?)
2398 5377 2532 5450 πρὸς
2591 5373 2773 5430 αὐτόν.
2806 5372 3162 5431 Vertendum
3218 5373 3416 5455 itaque
3451 5389 3463 5428 :
3496 5372 3775 5438 Scientes,

364 5451 514 5504 auod
549 5451 658 5504 sub
689 5451 878 5504 soecie
911 5449 1149 5504 honoris
1181 5449 1239 5501 in
1271 5449 1462 5504 ipsum
1487 5449 1874 5504 (enisconuml
1897 5452 2088 5504 collati
2121 5451 2337 5504 fertur(
2387 5467 2528 5504 onor
2549 5448 2740 5504 illelin
2761 5447 3053 5503 Christum
3088 5450 3146 5500 et
3176 5444 3460 5500 aChristo
3491 5444 3561 5499 ad
3594 5445 3775 5500 Deum

364 5451 514 5521 quod
549 5451 658 5506 sub
689 5451 878 5523 specie
911 5449 1149 5523 honoris
1181 5449 1239 5501 in
1271 5449 1874 5523 ipsum_(epis'copum)
1897 5449 2088 5508 collati
2121 5449 2338 5523 fertur(

364 5515 612 5577 refertur
642 5527 696 5575 Β.
722 5515 738 5522 ’
776 5523 820 5557 ³³
853 5515 1268 5574 ἀνταποδίδοται

365 5594 411 5630 ³⁵
432 5595 709 5720 ξοὲαιεδθ
741 5593 1052 5666 legendum
1087 5589 1275 5665 μόνοις
1309 5592 1366 5648 S-
1401 5593 1548 5649 Tum
1573 5589 1580 5593 ⁷
1608 5589 1755 5657 ὅλως
1810 5600 1869 5650 0-

367 5683 428 5718 στ
457 5685 491 5720 η
566 5706 580 5720 ο

367 5683 491 5738 στεῃ
521 5683 580 5721 u.

1301 5524 1360 5593 Ο.
1437 5518 1778 5593 3³τιμήσει-τε
1807 5518 1866 5580 (1.
1898 5527 2049 5580 Tum
2091 5518 2359 5593 ,Mwiiqéovc
2390 5520 2454 5576 0.

1949 5597 1994 5632 ⁸⁸
2043 5591 2434 5668 αὐτοπρόνοιαν
2467 5608 2525 5664 p.
2560 5588 2724 5644 αὐτοῦ
2761 5588 3016 5664 πρόνοιαν
3047 5588 3114 5645 Ο.
3188 5587 3232 5624 ⁸⁷
3264 5588 3352 5645 Ita
3379 5590 3420 5640 Ο
3445 5584 3504 5644 ὸ.
3557 5586 3618 5658 8,
3645 5584 3778 5641 ὑπο-

2387 5444 2528 5505 onor
2549 5448 2740 5518 ille)in
2761 5447 3053 5518 Christum
3088 5450 3146 5500 et
3176 5460 3209 5518 ᾳ
3229 5444 3460 5500 Christo
3490 5444 3561 5518 ad
3594 5445 3776 5518 Deum

2533 5521 2579 5556 ³⁵
2608 5513 2693 5574 Ita
2722 5523 2762 5572 Ο
2794 5535 2841 5572 c.
2877 5516 3162 5574 Turriano
3192 5515 3234 5572 l.
3267 5532 3341 5581 c.,
3371 5513 3680 5586 νομίζονται
3709 5516 3773 5573 C.
