4116 6224
304 340 425 398 15³7

1440 342 1971 405 CLEMENTINA.
2003 375 2083 389 —-
2120 342 2449 409 HOMILIA
2496 345 2598 408 IV.

3602 344 3723 407 158

302 470 578 527 πωλεῖται
616 500 629 541 ς
663 474 753 542 Μὴ
800 471 1035 548 γίνοιτο.
1085 470 1159 529 Ei’
1194 496 1275 537 τις
1325 476 1426 552 γὰρ
1476 473 1807 552 ἔχων,πόθεν
1841 480 1958 550 ζῇν,

2085 494 2182 534 sua
2210 479 2320 549 (al?
2348 480 2463 536 Nec
2490 481 2644 536 dicat
2672 477 2886 552 aliquis
2913 495 2984 533 an
3016 494 3151 550 ergo
3181 478 3364 551 gratis
3395 478 3569 534 datus
3600 496 3720 535 ser-

302 555 447 632 Λάϐῃ
474 563 545 629 ³⁸,
578 562 739 623 οὗτος
766 560 948 617 πωλεῖ
965 562 1055 617 τὸν
1085 562 1273 638 λόγον,
1299 563 1349 619 εἴ
1376 561 1433 619 δὲ
1467 567 1541 637 μή
1577 562 1720 641 ἔχων
1746 570 1841 620 τοῦ
1867 569 1962 639 ζῇν

301 648 467 723 χάριν
503 645 779 722 λαμϐάνει
802 651 1031 727 τροφὴν,
1064 652 1139 714 ὡς
1168 652 1254 706 καὶ
1288 653 1316 706 6
1355 652 1548 728 Κύριος
1596 648 1787 709 ἔλαϐεν
1826 652 1877 708 ἔν
1907 674 1966 708 τε

304 735 548 800 δείπνοις
581 739 673 793 καὶ
693 738 896 816 φίλοις,
929 738 1082 795 οὐδὲν
1116 738 1279 816 ἔχων,
1306 742 1332 795 6
1365 741 1599 804 εἰσαῦθις
1628 743 1695 797 τὰ
1726 743 1895 797 πάντα
1921 744 1967 780 ³³

305 826 477 901 ἔχων,
532 826 643 903 οὐχ
691 828 1006 903 ἁμαρτάνει.
1058 829 1407 893 Ἀκολούθως
1466 831 1556 884 οὖν
1601 838 1795 903 τιμᾶτε
1842 852 1967 907 πρε-

305 910 628 991 σϐυτέρους,
660 918 1002 991 κατηχητᾶς,
1028 915 1309 980 διακόνους
1332 919 1664 995 χρησίμους,
1698 922 1878 995 χήρας
1911 917 1967 975 εὖ

311 1000 669 1079 βεϐιωκυίας,
719 1004 990 1082 ἆρφανοὺς
1024 1007 1096 1069 ὡς
1130 1005 1455 1077 Ἐκκλησίας
1484 1007 1658 1062 τέκνα·
1693 1006 1839 1063 ἀλλὰ
1876 1008 1967 1064 καὶ

307 1092 473 1147 ὁπότε
505 1092 671 1168 χρεία
693 1095 841 1155 τινὸς
871 1094 1044 1170 πόρου
1077 1095 1212 1170 πρός
1249 1117 1303 1150 τι
1332 1099 1376 1133 ⁸ο
1400 1096 1690 1171 ἀναγκαῖον
1736 1098 1965 1172 γένοιτο,

306 1182 419 1254 ἅμα
450 1183 506 1235 οἱ
538 1182 730 1244 πάντες
779 1178 1181 1256 συμϐάλλεσθε.
1215 1184 1309 1247 Εἷς
1356 1184 1643 1256 ἀλλήλους
1682 1182 1967 1253 εὐσεϐεῖτε,

305 1272 384 1343 μή
419 1270 712 1334 ὀκνοῦντες
744 1279 847 1326 πᾶν
886 1274 1064 1328 ὁτιοῦν
1116 1273 1247 1348 ὑπὲρ
1294 1281 1395 1344 τῆς
1442 1276 1645 1330 ἑαυτῶν
1693 1276 1967 1351 σωτηρίας

304 1360 632 1433 ὑπομένειν.

379 1539 600 1595 LXXII.
636 1537 734 1592 Καὶ
782 1543 951 1593 ταῦτα
988 1539 1155 1594 εἰπὼν
1210 1538 1435 1607 ἐπέθηκε
1492 1547 1654 1617 χεῖρα
1706 1545 1786 1613 τῷ
1842 1547 1971 1596 Ζακ-

308 1626 459 1702 χαίῳ
496 1626 700 1701 λέγων·
736 1628 976 1682 Δέσποτα
1014 1628 1101 1683 καὶ
1152 1628 1314 1705 Κύριε
1358 1634 1468 1684 τῶν
1519 1628 1687 1700 ὅλων,
1722 1632 1750 1684 6
1782 1632 1969 1706 Πατὴρ

303 1716 392 1769 καὶ
426 1716 588 1786 Θεὸς,
634 1715 695 1770 σὺ
747 1715 1070 1793 διαφύλαξον
1116 1716 1350 1791 ποιμένα
1401 1718 1534 1791 μετὰ
1580 1720 1838 1792 ποίμνης.
1892 1720 1969 1774 Σὺ

304 1808 352 1902 ἡ.
389 1804 691 1902 πρότασις,
743 1805 817 1902 σὺ.
853 1808 887 1876 ἡ
932 1803 1189 1902 δύναμις.
1221 1809 1411 1880 Ἡμεῖς
1448 1808 1511 1862 τὸ
1570 1809 1965 1883 βοηθούμενον,
2002 1837 2049 1902 Β

308 1894 372 1948 σὺ
404 1896 434 1948 6
472 1895 711 1969 βοηθὸς,
742 1896 770 1948 6
800 1894 1008 1970 ἷατρὸς,
1041 1897 1069 1950 6
1098 1897 1303 1972 σωτὴρ,
1334 1898 1398 1952 τὸ
1442 1903 1652 1972 τεῖχος,
1684 1900 1719 1967 ἠ
1764 1899 1901 1967 ζωή,
1932 1900 1968 1968 ἡ

305 1982 495 2054 ἐλπὶς,
541 1986 577 2053 ἡ
630 1985 942 2061 καταφυγή,
990 1986 1025 2054 ὴ
1076 1987 1241 2060 χαρὰ,
1291 1988 1325 2055 ἡ
1384 1984 1704 2060 προσδοκία,
1758 1989 1792 2055 ἠ
1846 1987 1970 2041 ἀνά-

308 2092 551 2133 παυσις·
620 2070 853 2127 συνελὼν
909 2072 1058 2147 ἐρῶ’
1121 2072 1184 2127 σὺ
1235 2076 1370 2147 ἡμῖν
1427 2075 1495 2129 τὰ
1550 2076 1723 2130 πάντα
1758 2118 1770 2131 .
1831 2075 1973 2152 Πρὸς

310 2160 540 2215 αῗώνιον
590 2161 813 2236 ὕπαρξιν
863 2161 1134 2235 σωτηρίας
1178 2164 1529 2238 συνεργησον,
1576 2163 1750 2239 ῥῦσαι,
1797 2163 1971 2243 φύλα-

307 2250 418 2319 an.
458 2248 645 2304 Πάντα
692 2247 933 2307 δύνασαι.
986 2252 1062 2305 Σὺ
1110 2253 1213 2326 γὰρ
1260 2254 1484 2328 Ἀρχων
1537 2252 1832 2329 ἐρχόντων,
1881 2253 1970 2308 καὶ

308 2338 511 2413 Κύριος
562 2338 784 2410 κυρίων,
836 2339 1111 2408 Δεσπότης
1162 2340 1452 2414 βασιλέων.
1487 2342 1562 2396 Σὺ
1595 2341 1683 2405 δὸς
1734 2342 1969 2416 ἐξουσίαν

266 2428 899 2505 ,τῷπροκαθεζομὲνῳ,
950 2426 1098 2483 λύειν
1150 2428 1182 2483 ἃ
1231 2427 1313 2484 δεῖ
1342 2428 1512 2501 λύειν,
1559 2431 1648 2486 καὶ
1697 2429 1910 2505 δεσμεῖν
1939 2431 1973 2487 ἃ

302 2513 386 2570 δεῖ
417 2514 667 2588 δεσμεῖν.
706 2517 780 2571 Σὺ
811 2517 1053 2594 σόφισον·
1079 2516 1142 2572 σὺ
1165 2517 1241 2580 ὡς
1273 2516 1343 2573 δι’
1374 2518 1609 2594 ὀργάνου
1638 2523 1681 2559 ⁴¹
1716 2518 1786 2575 δι’
1806 2521 1972 2575 αὐτοῦ

300 2606 404 2672 τήν
455 2603 791 2674 Ἐκκλησίαν
846 2609 944 2659 τοῦ
998 2607 1237 2681 Χριστοῦ
1296 2628 1391 2661 σου
1449 2609 1524 2670 ὡς
1583 2608 1758 2677 καλὴν
1816 2612 1969 2667 119

304 2692 535 2770 νύμφην
600 2690 949 2771 ὃιαφύλαξον.
1007 2699 1117 2749 Σοῦ
1170 2693 1272 2771 γάρ
1330 2695 1470 2751 ἐστιν
1528 2694 1655 2767 δόξα
1712 2697 1969 2771 αἰώνιος,

308 2782 505 2853 ὕμνος,
542 2782 715 2858 Πατρὶ
746 2782 835 2836 καὶ
863 2783 971 2854 Υἱῷ
998 2784 1088 2837 καὶ
1138 2783 1279 2858 ἁγίῳ
1310 2784 1583 2858 Πνεύματι
1616 2788 1683 2859 δ’,
1716 2786 1793 2849 είς
1844 2786 1972 2851 τοὺς

308 2871 633 2943 σύμπαντας
659 2870 883 2942 αίῶνας,
912 2874 1087 2945 Ἀμήν
1099 2915 1111 2928 .

382 2962 628 3017 LXXIII.
680 2961 782 3015 Καὶ
828 2965 996 3015 ταῦτα
1042 2960 1232 3034 εἰπὼν,
1285 2962 1418 3037 μετᾶ
1446 2968 1615 3019 ταῦτα
1658 2958 1781 3041 ἔφη*
1815 2967 1970 3021 ’Όσοι

309 3049 448 3103 ποτὶ
503 3048 865 3123 βαπτισθῆναι
913 3047 1116 3120 θέλετε,
1166 3051 1273 3106 ἀπὸ
1321 3060 1422 3123 τῆς
1471 3050 1657 3127 αὔριον
1696 3054 1968 3125 νηστεύειν

310 3136 565 3211 ἄρξασθε,
624 3139 713 3192 καὶ
766 3141 1075 3216 καθημὲραν
1128 3142 1175 3178 ⁸³
1231 3144 1646 3217 χειροθετεῖσθε,
1706 3144 1794 3197 καὶ
1844 3143 1967 3216 περὶ

312 3204 407 3279 ὧν-
441 3204 628 3289 θέλετε
674 3204 1019 3291 πυνθάνεσθε.
1076 3230 1195 3284 Ἔτι
1234 3204 1343 3306 ἶάῥ
1392 3204 1613 3305 ἦμερῶν
1638 3204 1792 3287 ⁷’δέκα
1841 3204 1970 3305 ὑμῖν
2001 3204 2044 3272 C

312 3313 591 3386 ἐπιμεῖναι
654 3314 798 3371 θὲλω
833 3360 845 3372 .
895 3318 1041 3371 Μετὰ
1098 3316 1155 3373 δὲ
1210 3324 1355 3394 τρεῖς
1413 3319 1623 3393 ἡμέρας
1695 3320 1970 3396 βαπτίζειν

310 3405 639 3478 ἀρξάμενος,
673 3404 769 3477 ἐμὲ
799 3408 1055 3483 φωνήσας
1104 3408 1194 3461 καὶ
1245 3408 1476 3464 Ἀκύλαν
1526 3409 1616 3463 καὶ
1658 3412 1899 3481 Νικήτην
1930 3412 1976 3453 ¹ο⁴

312 3491 441 3569 ἔφη·
492 3492 730 3547 Μέλλων
782 3492 871 3548 ἐπὶ
918 3496 1018 3563 τήν
1067 3495 1235 3571 Τύρον
1289 3498 1460 3571 ὁρμᾷν
1515 3499 1629 3569 μεθ’
1676 3500 1720 3534 ⁸⁸
1762 3498 1971 3575 ἡμέρας

309 3582 450 3635 ἒπτᾶ
513 3580 791 3655 βούλομαι
843 3580 1065 3653 ἐξαυτῆς
1126 3583 1267 3657 ὑμᾶς
1316 3583 1670 3655 ἀπελθόντας,
1720 3588 1866 3663 παρὰ
1902 3590 1972 3661 τῇ

310 3667 664 3726 Χαναανίτιδι
713 3674 757 3707 ⁸⁸
803 3672 1029 3747 Βερνίκῃ
1060 3676 1172 3746 (80)
1213 3674 1425 3745 ’ἰούσης
1504 3675 1727 3751 θυγατρὶ
1782 3676 1976 3732 λανθα-

308 3759 521 3821 νόντως
602 3758 1002 3829 ἐπίξενωθὲντας
1034 3807 1049 3833 ,
1107 3763 1234 3836 παρ’
1304 3762 1471 3832 αὐτῆς
1540 3765 1607 3819 τὰ
1671 3767 1807 3820 κατὰ
1880 3766 1973 3821 τὸν

314 3847 548 3919 Σίμωνα
578 3843 820 3923 ἀκριϐῶς
854 3850 1120 3922 μαθόντας
1171 3853 1213 3888 ⁴“¹
1263 3850 1466 3926 γράψαι
1523 3873 1636 3925 μοι.
1689 3853 1840 3910 Πολὺ
1870 3856 1974 3930 γάρ

315 3958 412 4007 μοι
448 3932 848 4008 συμϐάλλεται,
882 3934 967 3992 ἵνα
1013 3939 1152 4012 πρὸς
1196 3937 1327 3993 αὐτὸ
1384 3935 1733 4015 ἁρμόσωμαι.
1769 3944 1861 3998 Διὸ
1892 3943 1974 4015 ἐξ·

313 4032 485 4093 aurrj;
515 4025 808 4099 πορεύεσθε
840 4027 953 4099 μετ’
1007 4026 1250 4103 εἰρήνης.
1285 4028 1383 4083 Καὶ
1433 4027 1500 4098 δή
1552 4032 1595 4067 ⁴⁸
1648 4030 1977 4105 βαπτίζοντα

313 4113 476 4167 αύτὸν
536 4113 807 4187 ἐάσαντες,
858 4116 1039 4179 καθὼς
1100 4114 1408 4190 ἐκέλευσεν,
1468 4118 1542 4180 είς
1595 4118 1764 4196 Τύρον
1814 4120 1974 4177 αὐτὸν

311 4203 634 4277 προήξαμεν
660 4209 763 4272 τῆς
793 4203 1081 4276 Φοινίκης.

957 4411 1215 4467 ὈΜΙΛΙΔ
1258 4416 1328 4469 Δ’.

384 4497 431 4553 Ι.
465 4494 792 4569 Καισαρείας
841 4495 900 4553 ὃὶ
944 4505 1047 4569 τῆς
1099 4500 1414 4572 Στράτωνος
1454 4499 1607 4571 ἐξιὼν
1663 4499 1773 4576 ἐγὼ
1825 4499 1976 4573 Κλή-

2076 584 2170 623 mo
2201 569 2517 625 venditur?
2544 570 2747 625 Absit!
2774 568 2921 623 Nam
2952 568 3001 622 si
3033 568 3187 639 quis,
3223 568 3325 639 qui
3359 567 3534 624 habet
3566 568 3723 624 unde

2073 657 2245 724 vivat,
2300 658 2528 730 accipit,
2560 658 2653 712 hic
2700 656 2896 712 vendit
2940 672 3317 711 sermonem:
3354 672 3467 711 non
3525 661 3725 728 peccat

2074 747 2281 815 vero,si
2316 764 2428 801 non
2458 747 2679 802 habens
2712 744 2957 816 accipiat
2985 744 3182 799 cibum
3216 745 3285 799 ad
3321 745 3722 815 victum,sicut

2075 838 2134 888 et
2165 834 2449 889 Dominus
2493 834 2549 888 in
2583 833 2761 889 omnis
2813 838 2870 888 et
2900 834 3053 903 apud
3088 833 3312 887 amicos
3345 832 3585 904 accepit,
3620 833 3719 904 qui

2076 921 2221 977 nihil
2257 923 2527 991 habebat,
2564 923 2621 977 in
2655 929 2952 995 posterum
2998 926 3194 975 tamen
3225 922 3423 975 omnia
3454 922 3718 992 posside-

2076 1009 2179 1065 bit.
2214 1012 2633 1067 Convenienter
2671 1011 2851 1083 igitur
2876 1010 3155 1064 honorate
3205 1011 3596 1082 presbyteros,
3627 1027 3722 1065 ca-

2076 1099 2379 1169 techistas,
2430 1100 2711 1155 diaconos
2747 1098 2942 1165 utiles,
2991 1098 3197 1153 viduas
3243 1102 3395 1153 recte
3445 1098 3723 1167 viventes,

2012 1248 2024 1257 .
2077 1187 2374 1260 orphanos
2406 1189 2562 1243 velut
2595 1188 2747 1244 filios
2781 1187 3067 1243 Ecclesiae.
3102 1187 3212 1242 Sed
3246 1191 3304 1242 et
3332 1202 3466 1242 cum
3517 1187 3589 1241 ad
3622 1202 3727 1242 ne-

2077 1277 2398 1333 cessarium
2446 1293 2592 1349 opus
2623 1276 2733 1332 erit
2764 1276 3029 1348 pecunia,
3064 1290 3267 1330 omnes
3314 1275 3530 1347 pariter
3586 1292 3723 1330 con-

2077 1364 2239 1421 ferte.
2274 1366 2475 1422 Mutuo
2521 1370 2780 1421 exercete
2834 1365 3128 1436 pietatem,
3158 1380 3263 1420 neo
3307 1364 3501 1436 pigeat
3528 1364 3729 1421 omnia

2078 1471 2181 1527 pro
2217 1454 2403 1510 salute
2431 1460 2622 1510 vestra
2651 1454 2963 1509 sustinere.

2152 1543 2599 1609 LXXII.Quibus
2631 1543 2824 1607 dictis,
2848 1558 3089 1597 manum
3119 1540 3388 1597 Zacchaeo
3420 1540 3722 1613 imposuit,

2078 1630 2277 1687 dicens
2310 1649 2322 1686 :
2362 1634 2503 1687 Here
2534 1649 2600 1687 ac
2630 1632 2874 1687 Domine
2904 1631 3364 1700 omnium,Pater
3393 1634 3448 1685 et
3478 1631 3724 1696 Deus,tu

2079 1725 2371 1793 pastorem
2405 1738 2539 1776 cum
2570 1737 2743 1793 grege
2773 1720 3111 1777 custodi.Tu
3148 1722 3413 1784 causa,tu
3447 1723 3723 1790 potestas.

2080 1811 2195 1866 Nos
2229 1809 2494 1866 sumusii
2526 1810 2625 1882 qui
2657 1810 3046 1881 adjuvantur;
3080 1814 3145 1863 tu
3178 1807 3727 1879 adjutor,medicus,

2082 1905 2359 1964 servator,
2396 1899 2768 1967 murus,vita,
2804 1915 2961 1968 spes,
2991 1897 3305 1969 refugium,
3329 1896 3731 1968 gaudium,ex-

2081 1987 2382 2059 spectatio,
2420 1988 2690 2057 requies;
2724 1986 2975 2042 breviter
3004 1986 3214 2051 dicam,
3249 1991 3308 2040 tu
3338 1984 3506 2039 nobis
3535 1984 3729 2039 omnia

2080 2077 2253 2132 es.Ad
2288 2076 2761 2148 consequendam
2781 2075 3028 2131 salutem
3045 2078 3321 2129 aeternam
3352 2072 3729 2144 opitulare,li-

2080 2166 2239 2235 bera,
2274 2166 2525 2220 custodi.
2560 2164 2781 2219 Cuncta
2830 2168 3012 2236 potes.
3044 2167 3126 2217 'I‘u
3158 2162 3312 2216 enim
3346 2178 3407 2216 es
3446 2160 3725 2233 Princeps

2082 2254 2435 2327 principum,
2468 2259 2525 2309 et
2558 2254 2838 2309 Dominus
2869 2252 3259 2318 dominorum,
3280 2250 3464 2305 Herus
3496 2266 3721 2321 regum.

2082 2344 2166 2398 Tu
2211 2343 2460 2399 antistiti
2513 2344 2587 2398 da
2619 2348 2960 2415 potestatem
3017 2340 3276 2397 solvendi
3326 2357 3452 2411 qum
3502 2341 3729 2412 oportet

2081 2433 2303 2488 solvere
2332 2436 2390 2487 et
2421 2431 2641 2505 ligandi
2671 2449 2798 2503 quae
2834 2432 3016 2505 ligare
3058 2434 3302 2502 oportet.
3335 2430 3420 2485 Tu
3449 2430 3611 2485 doce.
3643 2430 3729 2485 Tu

2082 2538 2183 2594 per
2219 2537 2354 2576 eum
2407 2526 2687 2593 tanquam
2739 2536 2843 2593 per
2894 2520 3358 2575 instrumentum
3408 2517 3729 2573 Ecclesiam

2081 2610 2293 2666 Christi
2324 2610 2410 2665 tui
2442 2609 2600 2665 velut
2648 2608 2953 2681 pulchram
2986 2624 3263 2680 sponsam
3311 2611 3523 2663 tutare.
3556 2607 3640 2661 Ad
3671 2610 3729 2662 te

2080 2698 2237 2754 enim
2270 2700 2521 2771 pertinet
2550 2706 2765 2754 aeterna
2795 2697 3002 2769 gloria,
3036 2698 3184 2766 laus,
3216 2696 3373 2751 Patri
3408 2701 3466 2751 et
3498 2695 3640 2751 Filio
3671 2699 3729 2751 et

2080 2787 2323 2860 Spiritui
2355 2793 2577 2855 sancto,
2611 2788 2670 2843 in
2701 2786 2900 2844 omnia
2930 2785 3165 2843 saecula.
3205 2787 3413 2842 Amen.

2155 2964 2580 3036 LXXIII..Qua5
2631 2981 2765 3020 cum
2814 2964 3076 3030 dixisset,
3124 2967 3327 3036 postea
3370 2963 3500 3019 infit
3537 2979 3551 3019 :
3586 2963 3724 3029 Qui-

2079 3072 2312 3126 cunque
2361 3053 2643 3126 baptizari
2696 3053 2896 3123 vultis,
2927 3070 2995 3109 ex
3024 3053 3278 3109 crastino
3320 3052 3411 3108 die
3452 3053 3724 3124 jejunare

2081 3144 2400 3216 incipite,et
2425 3142 2674 3214 singulis
2705 3143 2914 3199 diebus
2945 3141 3601 3213 manusimpositionem
3636 3157 3731 3196 ao-

2083 3233 2278 3305 cipite,
2312 3248 2378 3288 ac
2407 3232 2759 3304 interrogate
2806 3230 2876 3285 de
2909 3229 3123 3303 quibus
3158 3227 3491 3285 .volueritis.
3524 3228 3728 3284 Adhuc

2082 3322 2239 3376 enim
2271 3321 2470 3375 decem
2504 3320 2629 3375 dies
2660 3318 2786 3375 volo
2816 3319 3119 3374 vobiscum
3152 3333 3408 3373 manere.
3442 3317 3579 3373 Post
3609 3324 3725 3372 tres

2083 3414 2277 3466 autem
2310 3409 2455 3474 dies,
2488 3424 2621 3463 cum
2656 3407 2949 3479 baptizare
2980 3407 3271 3478 cmpisset,
3296 3406 3519 3461 vocavit
3548 3421 3641 3460 me
3672 3408 3731 3460 et

2081 3499 2352 3570 Aquilam
2386 3502 2444 3553 et
2470 3497 2753 3567 Nicetam,
2787 3501 2845 3553 et
2873 3496 3018 3551 dixit
3048 3513 3061 3551 :
3095 3496 3308 3568 Tyrum
3360 3494 3728 3566 profecturus

2084 3593 2218 3660 post
2247 3592 2469 3659 septem
2523 3585 2649 3641 dies
2689 3584 2812 3641 volo
2844 3601 2945 3640 vos
2994 3584 3194 3640 statim
3242 3583 3421 3654 abire,
3470 3588 3529 3638 et
3576 3582 3730 3653 apud

2082 3677 2466 3733 Cbananaeam
2501 3678 2811 3730 Berenicen
2826 3674 3005 3729 Justzs
3038 3672 3219 3727 filiam
3251 3671 3401 3727 clam
3428 3671 3730 3743 hospitari,

2084 3770 2259 3836 atque
2288 3764 2597 3835 diligenter
2625 3780 2751 3819 eam
2786 3766 3156 3834 percontatos
3188 3761 3331 3815 mihi
3376 3761 3731 3833 perscribere

2084 3871 2211 3926 quae
2243 3855 2314 3910 ad
2366 3853 2661 3908 Simonem
2695 3852 3087 3924 pertinebunt.
3129 3849 3377 3905 Multum
3410 3848 3565 3905 enim
3598 3866 3731 3920 pro-

2084 3942 2235 3998 derit
2282 3941 2448 4010 mihi,
2491 3946 2555 3996 ut
2604 3941 2675 3996 ad
2726 3941 2784 3996 id
2835 3957 2928 3996 me
2977 3955 3317 4012 praaparem.
3370 3939 3732 4009 Quapropter

2075 4032 2324 4104 jamjam
2370 4046 2505 4086 cum
2538 4046 2677 4102 pace
2731 4031 2970 4101 pergite.
3006 4028 3189 4101 Igitur
3219 4027 3552 4082 deserentes
3592 4040 3729 4079 eum

2084 4120 2497 4192 baptizantem,
2550 4118 3048 4190 quemadmodum
3093 4118 3376 4189 jusserat,
3410 4115 3469 4171 in
3510 4115 3729 4187 Tyrum

2085 4208 2388 4265 Phceniciaa
2421 4206 2828 4280 praecessimus
2860 4223 3017 4263 eum.

2688 4410 2986 4466 HOMIIJA
3026 4409 3120 4465 IV.

2156 4504 2197 4557 Ι.
2232 4505 2490 4558 Cmsarea
2516 4516 2652 4571 ergo
2682 4498 2971 4554 Stratonis
3002 4514 3274 4571 egressus
3305 4513 3411 4570 ego
3460 4495 3732 4551 Clemens

317 4607 453 4657 μης,
488 4586 603 4658 ἅμα
634 4587 878 4657 Νικήτης
902 4607 963 4642 τε
1008 4590 1054 4626 ⁴⁹
1098 4569 1188 4643 καί
1236 4569 1502 4658 Ἀκύλας,
1542 4589 1617 4651 είς
1664 4569 1841 4667 Τύρον
1872 4569 1970 4661 της

2085 4591 2380 4662 simulque
2427 4569 2659 4644 Nicetes
2689 4592 2747 4643 et
2785 4586 2997 4658 Aquila
3039 4569 3098 4641 in
3151 4569 3365 4658 Tyrum
3417 4584 3727 4641 thniciaa

313 4673 587 4743 Φοινίκης
630 4668 973 4748 εἰσέϐαλλον,
1022 4677 1112 4731 καὶ
1158 4679 1274 4733 κατ’
1322 4676 1547 4748 ἐντολὴν
1581 4682 1736 4738 120
1767 4678 1972 4754 Πέτρου

311 4761 411 4819 τοῦ
461 4761 892 4828 ἀποστείλαντος
940 4767 1109 4840 ἡμᾶς,
1164 4766 1505 4842 ἐξενίσθημεν
1560 4767 1707 4844 παρᾶ
1743 4768 1973 4846 Βερνίκῃ

385 4890 468 4963 (α)
500 4894 637 4946 Luc.
668 4907 726 4962 ι,
752 4889 810 4947 7.

2081 4681 2452 4745 intravimus,
2482 4682 2540 4733 et
2562 4678 2730 4748 juxta
2760 4675 2909 4732 Petri
2953 4675 3325 4741 mandatum,
3357 4674 3454 4745 qui
3489 4673 3733 4729 miserat

2082 4786 2209 4838 nos,
2243 4766 2522 4841 hospitati
2574 4781 2784 4821 sumus
2814 4764 2970 4837 apud
3009 4763 3346 4834 Berenicen,
3375 4761 3556 4819 Justaa
3583 4761 3731 4819 Cha-

1669 4991 1917 5050 VARUE
1954 4990 2366 5051 LECTIONES.

384 5088 434 5123 ⁸³
464 5078 629 5140 Λάϐοι
659 5084 719 5141 C.
797 5087 845 5122 ³9
874 5086 951 5146 εἷς
978 5083 1128 5150 αὖθις
1154 5087 1329 5143 πάντα
1359 5089 1421 5147 C.
1496 5091 1541 5126 ‘0
1569 5109 1619 5142 τι
1652 5090 1851 5145 addidi
1884 5107 1934 5145 c.
1966 5091 2032 5147 0.
2112 5092 2152 5127 ⁴¹
2188 5088 2336 5145 Vbb.
2370 5082 2438 5141 δι’
2469 5084 2719 5193 dpyaivoo,
2753 5101 2881 5157 quas
2940 5082 3090 5140 male
3143 5082 3475 5139 exciderant
3511 5096 3542 5136 θ
3570 5082 3729 5135 textu

388 5157 790 5193 ιιηιρσιορςοηη
846 5159 1076 5193 nam“:
1137 5177 1165 5193 η
1222 5165 1263 5193 n
1320 5166 1379 5193 ι..
1440 5164 1638 5193 MA...“
1702 5178 1804 5193 ..οη
1860 5163 2134 5193 mna...“
2171 5157 2241 5193 an
2272 5158 2415 5193 -.'.-::.
2512 5160 2533 5193 ι
2588 5156 2795 5193 nn")..-
2823 5154 2910 5193 νηὶ
2944 5155 3072 5193 νιος-ι
3120 5152 3207 5193 νηὶ
3262 5152 3421 5193 Awhm
3482 5149 3728 5193 Πνςιςηη-

311 5157 813 5230 Schwegleriano,
846 5159 1078 5230 reposui
1137 5177 1187 5215 c.
1222 5165 1283 5215 0.
1318 5166 1383 5216 In
1440 5164 1640 5217 eodem
1701 5178 1836 5266 seq‘.‘

311 5251 406 5266 ,ηρ
462 5233 504 5266 n
602 5229 647 5263 ιε
699 5228 820 5266 νηιν
872 5228 1081 5266 ᾇιοέηηυ
1113 5233 1152 5266 l‘.
1251 5233 1297 5266 ιι
1353 5233 1588 5266 Νηρέα-η..
1650 5231 1693 5266 n

308 5228 559 5301 109.70:
602 5229 647 5263 ⁸³
699 5228 820 5281 καθ’
855 5228 1081 5301 ’ἡμέραν
1113 5233 1173 5287 C.
1251 5233 1297 5267 “
1353 5233 1588 5301 Νικήταν
1650 5231 1713 5287 Ο.

1860 5163 2135 5217 mendum
2171 5157 2241 5215 δι’
2270 5158 2436 5215 αύτῶ.

2588 5149 2795 5235 Πατρὸξ
2823 5154 2925 5235 καὶ.
2944 5155 3072 5209 Υἱοῦ
3120 5152 3209 5208 καὶ
3262 5149 3728 5235 ᾁγίουυΠνεύμα-

1892 5232 2009 5286 καθ’
2067 5238 2126 5291 Ο,
2204 5232 2248 5267 ⁴⁶
2305 5224 2613 5284 Χανανίτιδι
2686 5221 2729 5263 ⁸⁸
2791 5225 3056 5298 μαθόντας
3111 5221 3478 5298 textui'dedi
3534 5239 3603 5278 ex
3658 5221 3724 5278 0.

309 5304 352 5338 "
380 5299 469 5362 δίς
500 5305 563 5354 0.
638 5301 685 5335 “
709 5318 769 5355 τε
800 5295 934 5356 add.
966 5295 1016 5356 ό.
1049 5306 1111 5372 Ο,
1144 5302 1258 5374 ἅμα
1288 5295 1495 5376 Nini-ri}
1522 5302 1611 5357 καὶ
1644 5301 1853 5374 ’Δκύλᾳ
1879 5301 1955 5365 είς
1984 5302 2155 5379 Τύρον
2185 5308 2285 5371 τῆς
2319 5300 2583 5370 Φοινίκης
2612 5295 2978 5373 ἐπορευόμεθα
3006 5299 3145 5355 Cod.
3179 5298 3318 5368 Reg.
3350 5295 3476 5351 804.

1697 5427 2071 5486 VARIORUM
2110 5427 2344 5484 ΝΟΤίΕ.

386 5524 503 5597 (80)
535 5520 973 5605 Βερνίκῃλάεῳ
1026 5540 1241 5605 nomen
1272 5525 1541 5583 Bernices
1585 5525 1967 5605 seudBereni-

312 5592 434 5679 aes,
470 5592 702 5677 mulieri
737 5592 1149 5725 'aipqﬁnﬁoovSa-p,
1182 5614 1359 5670 quam
1402 5599 1630 5681 sanavit
1677 5597 1965 5670 Christus,

312 5669 599 5725 tribuitur
627 5665 702 5723 ab
730 5664 843 5723 alio
971 5666 1195 5725 uiatore
1222 5668 1448 5725 Joanne
1469 5667 1833 5725 Antiocheno
1851 5672 1965 5725 Ma-

311 5668 599 5725 tribuitur
627 5665 702 5723 ab
730 5664 843 5723 alio
872 5664 1448 5729 fabulator-(Joanne
1469 5667 1833 5729 Antiocheno
1851 5664 1967 5727 Ma;

2079 5526 2218 5599 lala,
2250 5524 2405 5599 apud
2444 5524 2872 5579 Damascenum
2903 5524 3049 5576 orat.
3080 5519 3135 5585 3,
3168 5534 3270 5590 pro
3300 5515 3483 5572 saoris
3515 5512 3724 5589 imagi-

2080 5597 2440 5655 nibus.'Co'r.
