4116 6224
410 343 525 404 159

1230 342 1297 404 8.
1343 343 1789 405 CLEMENTIS
1833 341 1858 402 Ι
1903 340 2096 402 ROM.
2141 340 2373 402 PONT.
2420 339 2685 402 OPERA
2727 337 2995 401 DUBIA.

3700 338 3820 399 160

409 491 624 531 nausea:
654 474 989 545 ﬁliam,quae
1021 472 1426 529 lubentissime
1457 491 1563 529 nos
1596 474 2037 545 suscepit;atqu£

2166 468 2391 545 θυγατρὶ
2420 476 2517 538 τῆς
2548 465 2897 531 Χανανίτιδος
2927 470 2972 505 ⁸ο
2999 465 3259 538 ’ῐούστηςο
3294 465 3417 537 ἥτις
3452 465 3815 539 ἀσμενέστατα

409 562 597 619 multo
628 578 766 633 erga
796 579 888 617 me
918 561 1135 618 honore
1164 568 1219 618 et
1266 562 1573 619 dilectione
1601 579 1737 636 erga
1774 561 2049 635 Aquilam

408 656 468 707 et
499 651 759 706 Nicetam
813 657 1178 719 concertans,
1225 657 1290 707 ut
1320 652 1625 708 familiaris
1674 652 1937 725 gaudens
1984 668 2050 706 ac

407 739 728 807 conﬁdens,
775 756 989 812 magna
1018 757 1125 795 nos
1175 740 1539 796 humanitate
1587 744 1893 812 prosecuta
1939 743 2048 805 est,

404 844 629 898 nosque
660 827 729 881 ad
762 844 974 900 corpus
1005 829 1331 883 curandum
1365 829 1606 884 comiter
1634 828 1915 883 incitavit.
1952 829 2047 883 ln-

396 915 580 972 tuitus
627 932 788 988 ergo,
821 916 972 988 quod
1009 917 1343 972 hortaretur
1375 922 1437 971 ut
1468 920 1791 973 faceremus
1847 917 2047 972 breves

391 1004 682 1073 inducias,
720 1005 914 1069 Recte,
946 1004 1212 1076 inquam,
1249 1005 1395 1077 agis,
1431 1006 1569 1060 dum
1603 1005 1904 1061 charitatis
1934 1006 2043 1060 im-

392 1093 551 1167 plere
582 1094 787 1149 munia
820 1094 1084 1150 festinas.
1117 1097 1191 1149 At
1218 1094 1329 1166 ipsi
1362 1095 1619 1166 praferri
1649 1094 1817 1151 debet
1868 1094 2046 1150 timor

388 1198 528 1255 erga
561 1188 740 1238 Deum
773 1188 1040 1239 nostrum
1068 1200 1357 1253 ;veremur
1387 1184 1676 1256 enim,qui
1705 1201 1807 1257 pro
1840 1184 2044 1241 multis

389 1271 703 1328 animabus
733 1272 1167 1344 contendimus,
1202 1273 1623 1329 recreationem
1659 1277 1923 1330 nostram
1948 1290 2045 1329 an-

389 1364 663 1432 teponere
692 1376 893 1415 earum
928 1360 1124 1416 saluti.

465 1450 533 1503 Il.
568 1448 856 1505 Audimus
885 1450 1040 1505 enim
1073 1451 1228 1522 quod
1258 1451 1459 1507 Simon
1495 1451 1721 1524 Magus,
1754 1452 1810 1506 in
1846 1451 2042 1523 dispu-

388 1537 607 1594 tatione
661 1554 840 1610 quam
872 1554 1005 1594 cum
1059 1539 1296 1595 domino
1331 1546 1527 1595 nostro
1558 1541 1720 1596 Petro
1773 1542 2039 1595 Caesareae

389 1626 595 1682 habuit
626 1632 957 1699 superatus,
992 1627 1308 1700 statimque
1348 1629 1680 1702 aufugiens,
1713 1628 1807 1683 hic
1856 1628 2042 1683 multa

386 1720 683 1789 perpetrat
715 1715 888 1770 mala.
921 1717 1089 1788 Apud
1122 1733 1324 1772 omnes
1354 1718 1509 1772 enim
1540 1716 1653 1772 sibi
1705 1717 1905 1772 obvios
1938 1716 2037 1772 Pe-

390 1809 548 1860 trum
583 1804 727 1860 falso
756 1804 1150 1871 calumnians,
1185 1807 1503 1862 multorum
1539 1806 1757 1879 abripit
1787 1805 2036 1861 animas.

392 1893 539 1949 Nam
572 1910 704 1948 cum
756 1894 881 1964 ipse
912 1894 987 1949 sit
1041 1912 1269 1967 magus,
1302 1912 1436 1950 eum
1472 1911 1709 1967 magum
1740 1893 1993 1966 appellat
2021 1911 2035 1950 :

392 1986 451 2038 et
481 1999 613 2037 cum
644 1982 720 2038 sit
748 1983 1052 2054 impostor,
1088 1987 1467 2054 impostorem
1498 2000 1633 2038 eum
1668 1983 1991 2055 proclamat
2017 2008 2032 2051 ;

390 2087 644 2143 cumque
700 2071 758 2126 in
791 2070 1185 2143 disputatione
1217 2088 1317 2143 per
1337 2072 1535 2128 omnia
1563 2073 1747 2128 victus
1795 2072 2037 2128 cesserit

390 2176 458 2217 ac
512 2160 744 2232 fugerit,
798 2161 1008 2217 vicisse
1056 2177 1117 2216 se
1176 2162 1537 2233 proﬁtetur;
1590 2162 2037 2233 frequenterque

390 2249 654 2320 praecipit
683 2250 921 2306 Petrum
953 2267 1065 2307 non
1093 2267 1220 2306 esse
1266 2251 1649 2316 audiendum,
1680 2250 1849 2322 quasi
1880 2250 2033 2306 vide-

388 2336 528 2393 licet
556 2337 864 2407 sollieitus,
893 2356 966 2395 ne
995 2356 1029 2395 a
1058 2339 1313 2412 pessimo
1343 2339 1669 2395 illudantur
1700 2355 1890 2412 mago.

464 2515 563 2570 III.
615 2516 744 2571 Haec
798 2518 1090 2590 accipiens
1124 2517 1397 2573 dominus
1428 2521 1624 2574 noster
1654 2521 1859 2572 Petrus
1890 2533 2033 2588 prea-

396 2603 562 2659 misit
592 2621 698 2660 nos
731 2605 959 2661 futuros
988 2608 1295 2661 verborum
1327 2605 1488 2662 illius
1517 2605 1936 2678 exploratores:
1970 2609 2036 2660 ut

391 2693 442 2748 si
475 2694 557 2748 ita
590 2693 816 2763 habeat,
848 2694 973 2766 ipse
1005 2694 1396 2750 scribentibus
1430 2695 1597 2749 nobis
1628 2695 1954 2761 edoceatur,
1978 2696 2036 2748 et

391 2781 706 2837 adveniens
756 2788 963 2855 arguat
992 2784 1262 2839 eumdem
1311 2784 1580 2839 cominus
1611 2784 1680 2838 de
1720 2782 2033 2838 calumniis

389 2885 528 2941 erga
566 2887 648 2925 se.
681 2872 921 2937 Quando
972 2872 1151 2944 igitur
1199 2888 1301 2943 pro
1352 2872 1674 2927 multorum
1722 2872 2034 2927 animabus

396 2958 717 3030 periculum
752 2961 921 3015 nobis
965 2961 1210 3031 adjacet,
1242 2962 1392 3027 ideo,
1425 2961 1685 3034 corporis
1717 2961 1898 3016 nostri
1946 2978 2035 3016 re-

396 3046 645 3103 fectione
676 3050 744 3104 ad
796 3049 966 3105 breve
1011 3055 1245 3122 tempus
1292 3048 1571 3123 neglecta,
1605 3054 1722 3106 ate
1769 3066 1897 3122 quae
1940 3049 2034 3104 hic

398 3136 561 3208 degis
590 3141 744 3194 certo
774 3138 921 3194 scire
950 3138 1240 3208 volumus,
1271 3156 1345 3194 an
1393 3156 1527 3194 vera
1553 3139 1672 3195 sint
1702 3156 1827 3211 quae
1865 3139 2032 3195 audi-

396 3225 589 3281 vimus
624 3242 637 3281 :
660 3228 907 3299 jamque
937 3229 1106 3283 nobis
1137 3228 1370 3301 singula
1398 3229 1675 3284 edissere.

465 3401 556 3457 IV.
593 3403 859 3460 Berenice
902 3422 1035 3461 vero
1066 3414 1305 3477 rogata:
1334 3405 1463 3461 Haec
1508 3406 1766 3478 quidem,
1818 3406 2030 3478 inquit,

392 3507 460 3546 eo
491 3492 662 3547 modo
709 3509 771 3548 se
810 3494 1043 3565 habent,
1092 3511 1208 3566 quo
1258 3494 1609 3551 audivistis:
1644 3501 1847 3551 caetera
1894 3512 2029 3551 vero

391 3580 657 3650 ejusdem
705 3581 983 3654 Simonis,
1035 3600 1162 3654 qua
1217 3585 1361 3638 forte
1410 3584 1711 3655 ignoratis,
1766 3584 1960 3640 audite
2013 3600 2028 3639 :

396 3667 811 3740 phantasmata
831 3672 986 3726 enim
1018 3677 1073 3727 et
1103 3678 1408 3745 spectraac
1422 3669 1813 3728 simulacrain
1840 3674 2031 3729 medio

392 3756 516 3812 foro
550 3759 809 3831 quotidie
838 3762 1152 3817 ostendens
1186 3767 1367 3817 tutam
1398 3762 1786 3834 obstupefecit
1833 3763 2029 3819 civita-

392 3849 510 3901 tem
548 3864 561 3902 :
594 3853 651 3902 et
674 3850 1021 3921 procedente
1049 3866 1115 3906 eo
1145 3855 1352 3906 statuae
1384 3856 1707 3921 moventur,
1742 3867 1807 3906 ac
1834 3850 2030 3906 multae

396 3935 619 3992 umbra:
649 3943 928 4009 praeeunt,
961 3955 1106 4010 quas
1138 3939 1296 4011 ipsas
1341 3939 1480 3994 dicit
1506 3955 1635 3995 esse
1683 3940 1911 3996 animas
1941 3940 2033 3995 de-

390 4023 968 4082 functorum.Multos
1000 4034 1218 4096 autem,
1253 4028 1352 4100 qui
1384 4044 1515 4083 eum
1552 4029 2031 4100 praestigiatorem

392 4113 730 4169 nitebantur
775 4117 1097 4183 ostendere,
1131 4132 1264 4172 cum
1314 4116 1425 4172 sibi
1468 4117 1853 4189 conciliasset,
1903 4122 2030 4175 tum

391 4206 613 4272 postea,
663 4208 942 4274 praetextu
985 4204 1249 4273 convivii,
1276 4209 1529 4260 mactato
1576 4206 1718 4261 bove
1770 4206 2071 4279 ipsisque-

389 4287 452 4344 in
480 4305 672 4346 escam
703 4291 860 4363 dato,
909 4292 1086 4349 variis
1133 4292 1426 4365 implicuit
1457 4294 1698 4363 morbis,
1751 4296 2032 4352 daemoni-

2161 559 2309 631 ἡμᾶς
2342 554 2656 629 ἀπεδέξατο,
2677 556 2767 612 καὶ
2797 555 2986 630 πολλῇ
3024 556 3118 630 μὲν
3149 554 3219 630 τῇ
3250 557 3384 625 πρὸς
3413 556 3480 629 μὶ
3496 560 3637 629 τιμῇ
3668 556 3809 633 ἀγω-

2158 650 2348 718 νιῶσα,
2378 650 2581 721 στοργῇ
2616 643 2674 700 δὲ
2700 649 2770 720 τῇ
2791 644 2928 719 πρὸς
2957 643 3188 699 ’Δκύλαν
3210 643 3299 699 καὶ
3331 643 3695 715 Νικήτην,διά
3713 664 3809 721 χα-

2159 734 2253 809 ρὰν
2302 735 2377 797 ὡς
2430 737 2667 806 συνήθης
2713 732 3187 810 παρρησιαζομένη
3238 732 3670 812 ἐφιλοφρονεῖτο,
3717 734 3804 789 καὶ

2156 823 2293 897 πρὸς
2322 824 2421 892 τὴν
2470 828 2567 878 τοῦ
2611 823 2865 895 σώματος
2912 820 3195 898 θεραπείαν
3244 824 3391 895 ἡμᾶς
3420 819 3680 884 δεκτικῶς
3709 844 3802 877 κα-

2154 913 2434 987 τήπειγεν.
2471 909 2708 966 Συνιδὼν
2760 908 2850 965 οὖν
2900 909 2982 965 δτι
3039 911 3297 987 βραχεῖαν
3346 912 3480 983 ἡμῖν
3526 910 3801 987 ὑπέρθεσιν

2154 1003 2421 1056 ποιεῖσθαι
2455 1000 2761 1077 ἐπέτρεπεν,
2797 999 2973 1077 ὀρθῶς
3011 1000 3128 1073 μὲν,
3154 998 3307 1077 ἔφην,
3329 1004 3527 1072 ποιεῖς,
3552 998 3807 1055 ἐπισπεύ-

2155 1087 2321 1145 δουσα
2363 1091 2431 1145 τὰ
2474 1098 2577 1161 τῆς
2631 1089 2846 1166 ἀγάπης
2895 1086 3299 1165 ἀποπληρῶσαι
3329 1091 3372 1127 εί
3409 1088 3571 1162 μέρη.
3605 1095 3809 1164 Προτι-

2155 1180 2357 1254 μητέος
2390 1177 2447 1235 δὲ
2473 1178 2677 1251 ταύτης
2709 1180 2737 1235 ὁ
2768 1178 2903 1253 πρὸς
2931 1179 3022 1234 τὸν
3053 1178 3181 1234 Θεὸν
3230 1179 3391 1251 ἡμῶν
3433 1172 3621 1255 φόϐοςο
3658 1174 3811 1232 δέδι-

2155 1289 2250 1341 μεν
2284 1270 2329 1304 ⁸²
2358 1268 2463 1344 γὰρ
2496 1267 2628 1344 ὑπὲρ
2658 1265 2889 1323 πολλῶν
2918 1269 3111 1342 ψυχῶν
3133 1266 3223 1321 τὸν
3258 1266 3439 1342 ἀγῶνα
3470 1263 3688 1341 ἔχοντες
3707 1272 3810 1336 τῆς

2152 1356 2368 1412 ἐκείνων
2404 1356 2677 1433 σωτηρίας
2727 1361 3000 1430 προτιμᾷν
3044 1357 3143 1425 τήν
3187 1354 3455 1431 ἡμετέραν
3486 1356 3804 1412 ἀνάπαυσιν.

2220 1452 2291 1502 ΙΙ.
2321 1445 2699 1519 Πυνθανόμεθα
2739 1446 2785 1482 ⁸³
2833 1446 2936 1522 γὰρ
2984 1443 3068 1500 ὅτι
3119 1444 3307 1518 Σίμων
3358 1448 3386 1497 ὁ
3435 1443 3663 1519 Μάγος,
3713 1443 3804 1500 ἐπὶ

2146 1541 2247 1604 τῆς
2281 1534 2332 1589 ἐν
2365 1534 2653 1609 Καισαρείᾳ
2700 1533 2836 1609 πρὸς
2880 1533 2973 1588 τὸν
3016 1532 3204 1610 κύριον
3251 1535 3412 1605 ἡμῶν
3464 1532 3666 1609 Πέτρον
3700 1538 3803 1603 ζηο

2146 1625 2356 1694 τήσεως
2386 1623 2665 1695 ἡττηθεὶς,
2697 1629 3045 1699 παραχρῆμα
3089 1619 3328 1697 ἀποδρὰς
3369 1621 3589 1677 ἐνταῦθα
3614 1619 3804 1678 πολλά

2147 1712 2286 1767 κακά
2342 1710 2721 1787 διαπράσσεται
2778 1714 2825 1748 ⁵⁴
2856 1755 2870 1769 .
2935 1716 3069 1766 Πᾶσι
3125 1710 3228 1786 γὰρ
3284 1715 3403 1773 τοῖς
3461 1710 3801 1774 ὑπεναντίοις

2148 1803 2292 1878 παρὰ
2337 1802 2436 1870 τὴν
2507 1799 2767 1872 ἀλήθειαν
2816 1797 3086 1874 λοιδορῶν
3144 1800 3236 1855 τὸν
3287 1799 3488 1876 Πέτρον
3543 1800 3637 1862 τὰς
3689 1804 3801 1854 τῶν

2147 1889 2374 1946 πολλῶν
2425 1889 2745 1966 συναρπάζει
2794 1890 2995 1966 ψυχάς.
3048 1888 3231 1966 Μάγος
3280 1909 3339 1944 τε
3383 1891 3427 1925 ⁵⁸
3481 1888 3584 1964 γὰρ
3641 1887 3805 1951 αὐτὸς

2149 1977 2241 2049 ὢν,
2300 1980 2470 2055 μάγον
2521 1979 2723 2035 ἐκεῖνον
2772 1977 3061 2047 ἀποκαλεῖ,
3112 1978 3202 2033 καὶ
3253 1976 3459 2040 πλάνος
3509 1976 3669 2039 αὐτὸς
3702 1974 3800 2047 ὣν,

2144 2068 2350 2126 πλάνον
2396 2067 2598 2124 ἐκεῖνον
2648 2067 3039 2144 ἀποκηρύσσει,
3088 2067 3177 2121 καὶ
3235 2065 3288 2121 ἐν
3335 2071 3456 2129 ταῖς
3514 2068 3801 2137 ζητήσεσιν

2146 2158 2235 2215 ἐπὶ
2292 2160 2503 2213 πάντων
2558 2158 2623 2213 τὸ
2698 2160 2860 2227 ἧττον
2947 2156 3377 2232 ἀπενεγκάμενος
3450 2155 3541 2210 καὶ
3612 2156 3796 2233 φυγὼν

2144 2248 2305 2310 αὐτὸς
2336 2248 2523 2326 φάσκει
2553 2246 2889 2318 νενικηκέναι
2922 2248 2987 2316 ⁸⁸,
3016 2245 3108 2301 καὶ
3139 2250 3236 2301 τοῦ
3296 2246 3502 2321 Πέτρου
3553 2245 3630 2319 μὴ
3684 2241 3792 2300 δεῖν

2144 2336 2357 2392 ἀκούειν
2397 2336 2723 2413 πυκνότερον
2768 2332 3094 2409 ἐντέλλεται,
3129 2336 3204 2398 ὡς
3254 2333 3412 2404 δῆθεν
3461 2328 3794 2407 κηδόμενος,

2137 2423 2230 2481 ἵνα
2263 2426 2338 2499 μὴ
2374 2425 2476 2481 ὑπὸ
2507 2422 2688 2480 δεινοῦ
2719 2428 3191 2501 καταγοητευθῶσι
3226 2424 3420 2500 μάγου.

2215 2521 2314 2571 ΙΙΙ.
2345 2519 2520 2569 Ταῦτα
2552 2511 2642 2569 οὖν
2691 2514 2873 2587 μαθὼν
2906 2514 2934 2568 ὁ
2964 2512 3150 2587 κύριος
3193 2514 3353 2586 ἡμῶν
3403 2512 3604 2587 Πέτρος
3651 2531 3789 2587 προ-

2143 2602 2453 2660 ἀπέστειλεν
2481 2606 2629 2676 ἡμᾶς
2662 2606 2807 2661 121
2846 2603 3123 2676 ἐξεταστὰς
3150 2607 3259 2657 τῶν
3302 2600 3607 2678 λεχθέντων
3639 2601 3789 2673 αὐτῷ

2144 2693 2453 2767 ἐσομένους’
2479 2690 2573 2747 ἵνα
2603 2691 2649 2747 εἰ
2678 2692 2849 2755 οὕτως
2882 2689 3026 2767 ἔχοι,
3056 2690 3373 2768 γραψάντων
3420 2693 3578 2764 ἡμῶν
3624 2689 3787 2752 αὐτὸς

2147 2781 2306 2856 μάθοι
2336 2785 2399 2850 ⁸⁷,
2433 2781 2521 2837 καὶ
2554 2779 2795 2846 ἐπελθὼν
2830 2780 3077 2856 ἐξελέγξῃ
3108 2779 3266 2835 αύτὸν
3300 2779 3504 2835 ἐκεῖνον
3545 2777 3790 2854 ἄντικρυς

2143 2872 2224 2949 ἐφ’
2245 2873 2317 2926 ὧν
2352 2870 2508 2926 αὐτὸν
2542 2866 3015 2927 διέϐαλλεν.Ἐπεὶ
3049 2867 3139 2924 οὖν
3175 2869 3307 2946 ὑπὲρ
3337 2866 3563 2924 πολλῶν
3595 2870 3788 2944 ψυχῶν

2143 2958 2447 3022 ὁκίνδυνος
2503 2961 2639 3032 ἡμῖν
2698 2958 3000 3034 πρόκειται,
3049 2956 3246 3013 τούτου
3303 2954 3503 3031 ἕνεκεν,
3532 2963 3633 3027 τῆς
3692 2960 3791 3011 τοῦ

2142 3051 2395 3123 σώματος
2425 3050 2585 3122 ἡμῶν
2616 3047 2961 3110 ἀναπαύσεως
2991 3047 3127 3124 πρὸς
3162 3046 3343 3123 βραχὺ
3390 3044 3784 3119 ἀμελήσαντες,

2142 3141 2287 3216 παρά
2315 3142 2412 3194 σοῦ
2440 3145 2537 3209 τῆς
2586 3136 2812 3192 ἐνταῦθα
2855 3134 3221 3209 διαιτωμένης
3281 3134 3594 3211 βουλόμεθα
3632 3135 3794 3209 ἀψευ-

2062 3217 2105 3285 C
2145 3226 2251 3290 δῶς
2299 3231 2503 3301 μαθεῖν,
2536 3226 2581 3281 εί
2612 3228 2747 3303 ἅπερ
2797 3224 3105 3299 ἠκούσαμεν
3162 3223 3341 3296 ἀληθῆ
3390 3225 3666 3301 τυγχάνει·
3699 3223 3794 3279 καὶ

2141 3318 2325 3392 λέγοις
2356 3317 2413 3371 ἃν
2446 3313 2555 3387 ἤδη
2588 3318 2723 3388 ἡμῖν
2755 3314 2969 3372 ἕκαστα.

2210 3408 2303 3463 1V.
2337 3407 2400 3461 Ἡ
2433 3404 2657 3481 Βερνίκη
2712 3401 2769 3459 δὲ
2817 3405 3101 3477 ἀξιωθεῖσα
3128 3406 3191 3442 ‘3'
3223 3407 3397 3459 Ταῦτα
3448 3402 3542 3476 μὲν
3593 3400 3793 3473 οὕτως,

2139 3491 2264 3574 ἔφη,
2316 3492 2431 3571 ἔχει
2491 3493 2567 3555 ὡς
2615 3492 2901 3562 ἠκούσατε,
2952 3494 3020 3548 τὰ
3071 3489 3128 3548 δὲ
3174 3490 3319 3547 ἄλλα
3360 3491 3429 3546 τὰ
3472 3492 3588 3546 κατ’
3628 3489 3790 3545 αὐτὸν

2137 3586 2228 3641 τὸν
2293 3583 2538 3657 Σίμωνα,
2574 3581 2709 3658 ἃπερ
2771 3580 2899 3645 ἷ¹σως
2951 3581 3216 3657 ἀγνοεῖτε,
3259 3580 3539 3637 ἀκούσατε·
3590 3580 3794 3658 φαντά-

2141 3673 2317 3747 σματά
2344 3693 2404 3727 τε
2432 3672 2535 3748 γὰρ
2565 3671 2654 3727 καὶ
2689 3668 2995 3744 ἰνδάλματα
3035 3671 3086 3726 ἐν
3143 3670 3276 3745 μέσῃ
3323 3669 3392 3745 τῇ
3447 3671 3621 3746 ἀγορᾷ
3665 3668 3794 3747 φαί-

2138 3764 2319 3818 νεσθαι
2367 3766 2539 3817 ποιῶν
2591 3759 2658 3816 δι’
2709 3760 2920 3835 ἡμέρας
2978 3766 3149 3815 πᾶσαν
3202 3758 3492 3830 ἐκπλήττει
3540 3760 3640 3828 τὴν
3689 3757 3793 3813 πό-

2140 3850 2225 3907 λιν
2286 3852 2421 3924 (81),
2450 3849 2539 3904 καὶ
2595 3848 2884 3922 προϊόντος
2934 3847 3101 3903 αὐτοῦ
3144 3845 3454 3925 ἀνδριάντες
3495 3850 3794 3914 κινοῦνται,

2139 3940 2229 3996 καὶ
2258 3938 2402 3994 σκιαὶ
2448 3936 2656 3994 πολλαὶ
2702 3941 3101 4013 προηγοῦνται,
3135 3937 3302 4013 ἅσπερ
3348 3936 3507 4000 αὐτὸς
3538 3939 3583 3973 δ’
3610 3936 3795 4011 ψυχὰς

2139 4033 2247 4084 τῶν
2276 4027 2615 4096 τεθνηκότων
2661 4026 2797 4082 εἶναι
2848 4024 3000 4101 λέγει
3053 4028 3181 4100 (82).
3216 4023 3470 4089 Πολλοὺς
3520 4022 3578 4081 δὲ
3622 4024 3800 4101 γόητα

2140 4118 2301 4173 αὐτὸν
2351 4116 2599 4192 ἐλέγχειν
2652 4114 3025 4188 πειρωμένους
3073 4112 3369 4186 διαλλάξας
3416 4113 3552 4191 πρὸς
3582 4114 3795 4183 ἑαυτὸν,

2142 4204 2307 4264 ἔπειθ’
2352 4203 2573 4282 ὕστερον
2603 4207 2648 4242 ⁸ο
2686 4203 2953 4282 προφάσει
3005 4202 3266 4279 εὐωχίας,
3320 4200 3446 4279 βοῦν
3495 4202 3655 4265 θύσας
3704 4202 3798 4257 καὶ

2143 4294 2388 4356 ἑστιάσας
2447 4292 2666 4365 αὐτοὺς,
2727 4289 3007 4369 διαφόροις
3083 4291 3265 4355 νόσοις
3333 4285 3650 4367 περιέϐαλεν
3700 4290 3794 4345 καὶ

1744 4495 1986 4553 νΑΗΙΛΕ
2026 4497 2446 4555 LECTIONES.

461 4647 505 4682 ⁸ο
534 4642 878 4722 ξανανξῖιδος
909 4650 966 4703 C.
1027 4645 1473 4722 ξίῗάποπληροῦν
1502 4647 1563 4704 C.
1639 4648 1684 4722 3f
1714 4649 1800 4722 Ita
1828 4648 2251 4722 Sisuffragante
2281 4647 2347 4722 Ο,
2381 4647 2589 4722 in‘cuj.
2613 4664 2811 4722 .marg.
2847 4663 2960 4703 sec.
3009 4663 3167 4722 man.
3219 4647 3475 4722 notavit“
3496 4642 3627 4722 ἴσως
3685 4643 3789 4705 δεῖ.

388 4719 558 4789 Apud
588 4722 627 4773 Ο
674 4714 940 4793 δέδειμεν.
1016 4721 1060 4754 ⁸⁸
1092 4721 1277 4793 ItaiO
1330 4714 1390 4793 6.
1442 4721 1500 4775 S.
1546 4719 1935 4793 πυνθανῴμεθα
1980 4724 2039 4777 C.
2077 4714 2164 4755 v“
2209 4719 2345 4773 κακά
2378 4716 2467 4793 Δτὰ
2520 4714 2807 4793 τξράσσετᾷι
2940 4719 3198 4793 Subinde
3299 4734 3313 4773 :
3346 4717 3544 4793 Malim
3570 4720 3637 4793 _in
3665 4736 3790 4775 om-

389 4786 557 4846 nibus
600 4792 749 4846 enim
793 4786 1105 4847 contrariis.
1182 4792 1227 4827 ⁸⁸
1270 4810 1330 4845 τε
1376 4790 1597 4848 inserui
1648 4808 1698 4847 c.
1748 4786 1812 4848 0.
1850 4792 2006 4848 Idem
2036 4807 2153 4848 om.
2188 4792 2334 4846 Vbb.
2368 4786 2654 4857 ἀποκαλεῖ,
2685 4790 2776 4844 καὶ
2802 4787 3009 4851 πλάνος
3038 4788 3199 4852 αὐτὸς
3226 4786 3299 4843 ὢν
3332 4788 3537 4845 πλάνον
3566 4787 3789 4848 ἐκεῖνον.

388 4862 433 4936 ξ⁶
484 4861 842 4936 νενικέναιῇο,
909 4864 961 4936 7‘7
1021 4862 1163 4936 μάθῃ
1329 4863 1493 4936 Tum,
1536 4860 1753 4936 ἐκείνων
1809 4866 1901 4936 O._
1946 4864 1989 4898 ⁸⁸

2048 4860 2266 4937 ἀξιωθεῖ
2322 4866 2409 4937 O._
2448 4862 2606 4918 Idem
2660 4878 2776 4919 om.
2828 4863 3072 4937 conject.
3106 4857 3790 4937 Gi._Exet,Ain_cuj.texlu

388 4929 561 5063 ἔχειν.
638 4935 683 4970 ⁶⁰
710 4931 869 4995 αὐτός
898 4935 936 4990 S
965 4929 1033 4990 ei
1065 4929 1365 5025 cod.,Reg.
1397 4935 1503 4989 804
1532 4939 1590 4991 et
1615 4935 1760 5008 Epit.
1793 4950 1842 4990 c.
1877 4934 1965 5003 45,
1998 4929 2161 4996 αὐτάς
2190 4937 2250 5002 C,
2282 4937 2343 4989 Ο.
2375 4932 2546 4990 Deest
2574 4949 2682 4989 vox
2726 4935 2882 5006 apud
2929 4929 3689 5005 Anastasiuih,Cedrenum
3731 4940 3794 4992 et

443 5004 805 5063 lemborum.
879 5007 926 5043 ⁸ο
954 5005 1139 5061 ἑαυτὸν
1173 5006 1486 5063 ευθυστεοον
1518 5007 1579 5063 C.

466 5004 805 5078 cephorum.
879 5007 926 5043 ⁸ο
954 5005 1139 5061 ἑαυτὸν
1173 5003 1486 5081 εύθύᾶτερον
1518 5007 1579 5064 C.

1764 5155 2142 5216 VARIORUM
2180 5156 2413 5215 NOTAE.

461 5307 577 5435 (Si)
606 5308 938 5382 Excerpunt
964 5308 1086 5365 hmo
1101 5307 1445 5365 Anastasius
1474 5307 1718 5392 Sinaita,
1740 5308 2033 5391 Qedrenus

528 5380 1119 5435 icenhorus.0uorum
1152 5380 1308 5435 locos
1334 5385 1606 5435 annosuit
1624 5385 1680 5435 et
1702 5381 2033 5435 discrepan-

386 5385 444 5465 et
470 5380 1315 5465 Ni_cephorus.0uorum.locros
1334 5380 1606 5465 apposuit
1624 5385 1680 5436 et
1702 5381 2035 5465 discrepan-

387 5451 865 5527 tiamilorationis
912 5452 1164 5508 enotavit
1225 5451 1697 5509 Schliemannus.
1751 5451 1917 5507 Clem'.
1970 5470 2025 5524 p.

384 5526 483 5581 341
543 5533 599 5580 8.
636 5527 900 5581 BLESSEL.

451 5598 564 5726 (822
596 5598 799 5672 ’Δσπερ
875 5593 1036 5656 αύτάς
1111 5592 1291 5669 ψυχὰς
1356 5597 1463 5648 τῶν
1543 5591 1882 5678 τεθνηκότων
1951 5591 2026 5647 εἶ-

454 5690 469 5724 ι
498 5668 532 5725 λ
561 5690 665 5726 γει.
700 5669 1054 5726 Memoratus
1085 5668 1283 5725 codex.
1318 5659 1500 5726 αὐτός.
1528 5670 1594 5724 ut
1648 5682 1712 5724 1n
1756 5669 2026 5726 mutam.

381 5659 469 5727 ναὶ
498 5659 665 5746 λέγει.
700 5659 1054 5727 Memoratus
1085 5659 1283 5725 cod'e'x.
1318 5659 1500 5739 αὐτός,
1528 5670 1594 5724 ut
1648 5659 1712 5724 in
1756 5667 2026 5740 Epitom.

2140 5306 2411 5376 Videndi,
2442 5306 3173 5393 Anastasiusgncedrenus,
3226 5306 3591 5393 Nicephorus
3623 5324 3638 5393 ξ
3667 5309 3792 5393 pri-

2142 5396 2274 5453 mus
2305 5384 2513 5453 quaest.
2545 5381 2636 5445 20,
2670 5397 2724 5451 p.
2751 5379 2897 5453 242;
2929 5379 3226 5453 secundus
3272 5379 3588 5453 Compendit
3614 5379 3792 5453 Ιιιῗςιο-

2138 5452 2244 5524 ricz'
2273 5449 2340 5524 pg
2383 5452 2505 5524 173,
2544 5449 2747 5524 tertius
2794 5452 2930 5524 Hist.
2963 5450 3091 5524 εδει.
3141 5449 3247 5524 lib.
3296 5468 3359 5517 ιι,
3390 5449 3518 5524 cap.
3558 5451 3658 5524 _2‘_7.
3708 5453 3791 5524 Ac

2139 5520 2290 5579 forte
2315 5523 2376 5577 in
2422 5522 2547 5578 loco
2588 5522 2829 5579 Cedreni
2852 5522 3066 5579 rectius
3115 5522 3405 5578 scribetur
3432 5520 3569 5580 ε’καί
3610 5522 3791 5577 ἱστιά-

2138 5614 2232 5655 σας
2263 5590 2478 5670 αὐτοὺς,
2513 5589 2791 5670 διαφόροις
2820 5592 2911 5648 καὶ
2942 5589 3215 5656 δυσιάτοις
3244 5591 3423 5657 νόσοις
3452 5591 3544 5650 καί
3584 5590 3788 5668 δαίμο-

2138 5683 2223 5721 σιν
2258 5658 2514 5723 ὗπέϐαλὶ.
2545 5658 2675 5723 Οότ.
