4116 6224
278 403 414 463 161

1447 400 2075 464 CLEMENTINA.—
2107 403 2437 465 HOMILIA
2480 406 2587 467 IV.

3604 413 3717 474 I62

281 532 564 608 δαίμοσιν
620 528 910 590 ὑπέϐαλεν·
944 532 1034 588 καὶ
1077 531 1167 588 ἵνα
1199 535 1274 607 μὴ
1306 532 1492 591 πολλᾶ
1520 535 1690 611 λέγω,
1722 533 1967 596 πολλοὺς

2088 538 2307 609 busque
2339 540 2588 610 subjecit
2635 560 2647 597 :
2700 559 2763 597 ac
2813 559 2884 597 ne
2934 542 3099 614 plura
3146 541 3457 615 proloquar
3500 545 3716 602 multos

270 627 548 687 κακώσας
601 626 722 688 θεὸς
778 624 909 678 εἶναι
969 621 1325 701 ὑποληφθεὶς,
1356 626 1491 701 πρὸς
1540 630 1619 698 τῷ
1648 628 1690 664 ⁹¹
1724 619 1955 703 φοϐερὸν

275 713 428 769 εἶναι
460 714 559 768 καὶ
590 713 1014 787 προτετίμηται.

358 809 435 859 ν.
470 804 631 857 ’Ὁθεν
698 802 797 857 οὐκ
881 800 1072 875 οἷόμαι
1129 799 1449 872 δυνήσεσθαί
1531 824 1651 859 τινα
1702 806 1960 857 τοσοῦτον

278 894 530 971 ἆναφθὶν
563 897 673 968 πῦρ
706 886 911 947 σϐέσαι.
949 889 1083 946 Οὐδὲ
1123 892 1224 967 γὰρ
1275 889 1537 962 ἐνδοιάζει
1583 914 1667 954 τις
1716 892 1837 966 περὶ
1887 894 1960 947 ὧν

279 981 507 1044 ἐκεῖνος
563 980 987 1057 ἐπαγγέλλεται,
1020 979 1166 1037 ἀλλὰ
1211 986 1375 1037 τοῦτο
1417 982 1590 1045 οὕτως
1622 985 1777 1041 122
1821 980 1967 1057 ἔχειν

281 1065 712 1126 διαϐεϐαιοῦται
760 1067 1009 1133 ἕκαστος.
1044 1070 1139 1125 Διὸ
1180 1075 1277 1125 τοῦ
1323 1073 1398 1145 μή
1449 1069 1772 1126 κινδυνεύειν
1826 1072 1965 1145 ὑμᾶς

280 1161 465 1236 χάριν
497 1158 806 1236 παρακαλῶ
852 1156 1021 1233 μηδὲν
1068 1158 1389 1236 ἐγχειρῆσαι
1437 1160 1574 1237 πρὸς
1622 1160 1805 1229 αὐτὸν,
1837 1160 1962 1234 πρὶν

283 1249 348 1304 ἂν
403 1252 619 1323 Πέτρος
667 1246 816 1323 ἔλθῃ,
850 1249 909 1311 ὃς
961 1248 1125 1322 μόνος
1176 1246 1459 1320 δυνήσέται
1510 1252 1646 1326 πρὸς
1683 1254 1728 1287 ⁸³
1773 1248 1966 1305 τοσαύ-

278 1360 392 1409 την
446 1337 787 1405 δυναστείαν,
843 1337 941 1393 τοῦ
1000 1338 1198 1414 Κυρίου
1270 1341 1433 1411 ἡμῶν
1494 1340 1675 1410 Ἰησοῦ
1734 1335 1967 1416 Χριστοῦ

288 1426 690 1501 δοκιμώτατος
782 1428 1043 1503 ὑπάρχων
1140 1429 1407 1501 μαθητὴς,
1486 1427 1969 1503 ἀνταγωνίσασθαι.

295 1523 584 1573 Τοσοῦτον
618 1519 721 1594 γὰρ
752 1512 1070 1595 πεφόϐημαι
1101 1518 1192 1572 τὸν
1226 1515 1412 1594 ἄνδρα,
1438 1518 1531 1590 ὡς,
1567 1518 1612 1573 εί
1649 1520 1724 1591 μὴ
1758 1518 1846 1572 καὶ
1880 1516 1974 1572 ἄλ-

293 1606 432 1661 λοτε
464 1608 614 1680 πρὸς
643 1608 737 1662 τὸν
766 1606 952 1683 κύριόν
987 1628 1092 1680 μου
1139 1605 1339 1681 Πέτρον
1374 1604 1685 1683 διαλεχθεὲς
1714 1608 1778 1662 τὸ
1808 1610 1969 1676 ἦττον

298 1698 679 1772 ἀπηνέγκατο,
709 1691 1104 1751 συνεϐούλευσα
1134 1696 1193 1750 ἂν
1252 1697 1377 1769 ὑμῖν
1421 1698 1511 1752 καὶ
1560 1696 1718 1752 αὐτὸν
1767 1695 1969 1752 πείθειν

292 1787 390 1841 τὸν
436 1788 671 1863 Πέτρον,
709 1787 785 1860 μή
835 1791 1117 1859 πειρᾶσθαι
1170 1786 1598 1857 ἀντεξετάζεσθαι
1630 1791 1708 1860 τῷ
1741 1786 1971 1861 Σίμωνι.

369 1965 472 2022 VI.
506 1963 671 2039 Κάγὼ
702 1962 857 2042 ἔφην·
889 1964 947 2017 Ὀ
987 1962 1176 2040 κύριος
1231 1965 1390 2036 ἡμῶν
1444 1964 1645 2040 Πέτρος
1694 1963 1740 2019 εἰ
1786 1963 1972 2038 ἠγνόει

305 2053 398 2108 δτι
456 2053 621 2114 αὐτὸς
672 2048 839 2127 μόνος
905 2052 1189 2128 κατισχύει
1239 2060 1337 2122 τῆς
1388 2052 1590 2108 ἐκείνου
1649 2050 1974 2124 δυναστείας,

310 2141 419 2196 ούκ
452 2141 513 2196 ἂν
546 2145 703 2215 ἡμᾶς
742 2141 1081 2218 προπέμπων
1121 2140 1453 2215 ἐνετέλλετο,
1488 2141 1859 2207 λανθανόντως
1910 2144 1979 2198 τὰ

302 2233 453 2285 κατᾶ
502 2231 738 2304 Σίμωνα
784 2228 1243 2304 διαμανθάνοντας
1290 2230 1436 2304 αὐτῷ
1495 2231 1738 2310 γράφειν.
1787 2235 1975 2305 Ὅμως

298 2320 421 2375 ἐπεὶ
472 2320 680 2395 ἑσπέρα
725 2318 1067 2397 κατειλήφει,
1118 2319 1267 2375 ἁλῶν
1325 2315 1719 2394 μεταλαϐόντες
1796 2321 1975 2375 ὑπνώ-

300 2431 497 2482 σαμεν.
576 2415 780 2474 Ἕωθεν
833 2406 890 2464 δέ
953 2430 1036 2471 τις
1095 2413 1164 2483 τῇ
1215 2408 1439 2484 Βερνίκῃ
1501 2412 1735 2480 συνήθης
1804 2410 1975 2465 ἐλθὼν

301 2497 435 2575 ἔφη,
457 2499 557 2553 τὸν
592 2498 818 2571 Σίμωνα
849 2497 923 2560 εἷς
978 2500 1075 2567 τήν
1130 2496 1347 2553 Σιδῶνα
1403 2498 1839 2567 ἐκπεπλευκέναι,
1867 2502 1975 2554 τῶν

308 2586 367 2643 δὲ
438 2588 616 2642 αὐτοῦ
684 2589 940 2659 μαθητῶν
1012 2585 1463 2642 καταλελοιπέναι
1530 2588 1815 2645 Ἀππίωνα
1887 2590 1979 2644 τὸν

310 2676 717 2747 Πλειστονίκην
786 2679 851 2749 ⁵³,
902 2673 1070 2753 ἄνδρα
1146 2674 1520 2751 ’Δλεξανδρέα,
1598 2678 1979 2753 γραμματικὸν

307 2769 406 2835 τήν
454 2766 798 2839 ἐπιστήμην,
831 2766 891 2820 ’ὸν
943 2766 1080 2841 πρὸς
1131 2766 1335 2842 πατρός
1388 2787 1480 2840 μοι
1538 2766 1697 2843 φίλον
1753 2762 1881 2822 ὅντα
1935 2770 1981 2804 ⁸⁸

311 2854 582 2929 ἐπέγνων,
645 2855 736 2909 καὶ
806 2849 1180 2911 Ἀννουϐιῶνα
1251 2856 1342 2911 τὸν
1419 2854 1782 2927 Διοσπολίτην
1859 2858 1980 2911 τινα

309 2942 678 3019 ἀστρολόγον,
709 2944 799 2998 καὶ
831 2941 1214 3018 Ἀθηνόδωρον
1250 2945 1342 3000 τὸν
1376 2946 1665 3017 Ἀθηναῖον
1714 2951 1791 3018 τῷ
1820 2948 1978 3003 Ἐπι-

316 3032 532 3108 κούρου
581 3035 625 3068 ⁸⁸
686 3031 1042 3108 ἀρεσκόμενον
1109 3030 1279 3110 λόγῳ.
1330 3035 1518 3107 Ἡμεῖς
1588 3032 1664 3107 δὲ,
1723 3039 1791 3089 τὰ
1845 3035 1981 3089 κατὰ

309 3122 414 3175 τὸν
466 3119 694 3192 Σίμωνα
747 3120 1023 3193 μαθόντες,
1071 3118 1237 3186 ἕωθεν
1298 3124 1473 3178 πάντα
1539 3126 1839 3199 γράψαντες
1888 3123 1978 3178 καὶ

314 3211 519 3284 Πέτρῳ
578 3208 998 3283 διαπέμψαντες,
1044 3210 1123 3272 είς
1189 3211 1484 3287 περίπατον
1537 3212 1972 3287 ἀπετραπόμεθα.

390 3300 518 3355 VII.
555 3299 652 3353 Καὶ
701 3297 950 3353 ’Δππίων
1000 3300 1349 3371 ἀπηντήσατο
1395 3305 1440 3340 ⁸⁸
1489 3304 1647 3376 ἡμῖν,
1687 3302 1748 3357 ού
1815 3302 1976 3375 μόνον

313 3388 463 3460 μετᾶ
508 3392 616 3441 τῶν
673 3387 1086 3463 προειρημένων
1137 3392 1291 3447 128
1342 3389 1565 3467 ἑταίρων
1613 3394 1657 3428 ⁸⁷
1701 3396 1808 3446 τῶν
1859 3390 1974 3465 δύο,

301 3473 468 3531 ἀλλὰ
496 3476 589 3529 καὶ
625 3478 738 3549 μεθ’
768 3476 965 3553 ἑτέρων
1007 3475 1215 3553 ἀνδρῶν
1266 3478 1343 3541 ὡς
1386 3481 1696 3556 τριάκοντα,
1726 3481 1815 3535 καὶ
1865 3481 1977 3553 ἅμα

296 3570 392 3636 τῷ
455 3563 591 3619 ἰδεῖν
646 3586 713 3638 με
757 3566 1194 3643 προσαγορεύσας
1260 3568 1349 3622 καὶ
1414 3569 1787 3640 καταφιλήσας
1850 3566 1972 3647 ἔφη’

305 3654 493 3715 Οὗτός
552 3653 663 3709 ἐστι
724 3654 982 3729 Κλήμης,
1015 3660 1143 3732 περὶ
1193 3654 1255 3711 οὗ
1306 3657 1433 3730 ὑμῖν
1477 3665 1578 3728 τῆς
1621 3680 1679 3714 τε
1710 3658 1977 3734 εὐγενείας

308 3743 547 3811 καὶτῆς
580 3742 1096 3817 έλευθεροπρεπείας
1126 3747 1170 3783 ⁸⁸
1218 3744 1392 3801 πολὺν
1440 3746 1743 3821 ἐποιούμην
1790 3746 1978 3823 λόγον,

304 3832 402 3887 ὅτι
446 3832 585 3906 ἀνὴρ
617 3832 753 3907 πρὸς
785 3832 970 3907 γένους
1014 3828 1263 3909 Τιϐερίου
1312 3834 1575 3911 Καίσαρος
1616 3835 1689 3890 ὣν
1738 3837 1827 3891 καὶ
1876 3836 1976 3891 πά-

314 3942 423 3990 σης
457 3920 795 3991 Ἑλληνικῆς
844 3920 1089 3985 παιδείας
1121 3926 1166 3960 ⁸³
1196 3923 1582 3997 ἐξησκημένος,
1619 3925 1720 3980 ὑπὸ
1774 3920 1976 4001 βαρϐά-

325 4030 430 4084 ρου
477 4010 648 4081 τινὸς,
677 4010 775 4079 την
821 4012 1195 4088 προσηγορίαν
1248 4014 1475 4089 Πέτρου,
1507 4016 1573 4068 τὰ
1616 4018 1723 4070 τῶν
1765 4017 1811 4051 ’⁷ο
1844 4017 1976 4071 Ἰου-

306 4095 485 4153 δαίων
518 4104 694 4154 ποιεῖν
739 4100 829 4153 καὶ
882 4099 1060 4175 λέγειν
1112 4102 1412 4171 ἠπάτηται.
1444 4104 1599 4158 Ὅθεν
1647 4104 1779 4176 ἀξιῶ
1828 4125 1979 4159 συνα-

302 4188 646 4262 γωνίσασθαί
700 4209 790 4261 μοι
841 4189 978 4263 πρὸς
1027 4190 1125 4259 τήν
1175 4187 1462 4265 διόρθωσιν
1525 4191 1707 4247 αὐτοῦ·
1758 4194 1846 4247 καὶ
1896 4192 1979 4271 ἐφ’

310 4277 474 4348 ὑμῶν
535 4276 702 4331 αύτοῦ
766 4276 1122 4351 πυνθάνομαι.
1173 4279 1390 4354 Λεγέτω
1439 4302 1554 4354 μοι,
1605 4279 1791 4351 ἐπειδή
1841 4282 1979 4355 πρὸς

305 4366 379 4420 τὸ
427 4360 667 4419 εύσεϐεῖν
712 4366 899 4421 ἑαυτὸν
948 4365 1347 4423 ἀποδεδωκέναι
1396 4368 1627 4443 νομίζει,
1677 4376 1796 4433 πῶς
1849 4370 1978 4447 οὐχί

310 4457 387 4509 τὰ
449 4455 681 4529 μέγιστα
738 4451 940 4528 ἀσεϐεῖ,
997 4455 1313 4513 καταλιπὼν
1371 4461 1415 4497 ⁷¹
1478 4458 1573 4533 μὲν
1628 4461 1696 4514 τὰ
1756 4461 1976 4536 πάτρια,

320 4542 629 4606 ἀποκλίνας
664 4541 721 4599 δὲ
752 4544 829 4607 εἷς
862 4542 955 4617 ἔθη
993 4542 1259 4623 βάρϐαρα.

389 4637 549 4689 VIII.
604 4632 763 4710 Κάγὼ
819 4636 867 4671 ’τ’
917 4634 1314 4710 ἀπεκρινάμηνο
1365 4635 1471 4705 Τἠν
1526 4636 1622 4710 μὲν
1684 4637 1820 4715 πρὸς
1885 4637 1982 4712 ἐμέ

319 4742 419 4777 σου
452 4723 664 4795 ἀγαθὴν
696 4722 1009 4798 προαίρεσιν
1054 4722 1426 4801 ἀποδέχομαι,
1458 4726 1558 4795 τήν
1610 4723 1668 4781 δὲ
1716 4727 1978 4803 ἀγνωσίαν

315 4810 669 4884 ἀποσείομαι
708 4814 772 4871 Ἦ
819 4814 913 4886 μὲν
965 4816 1010 4850 ’⁷⁸
1039 4815 1143 4890 γὰρ
1192 4814 1505 4891 προαίρεσις
1546 4814 1748 4891 ἀγαθὴ,
1780 4816 1886 4890 ὅτι,
1928 4815 1981 4874 ἐν

316 4902 405 4962 οἷς
456 4897 638 4962 δοκεῖς
692 4903 740 4937 ’⁷⁸
783 4900 1000 4974 καλοῖς,
1040 4901 1094 4956 ὲν
1138 4902 1361 4965 τούτοις
1412 4903 1546 4958 εἷναί
1595 4925 1663 4977 με
1708 4904 1904 4969 θέλεις·
1945 4908 1983 4977 ἡ

318 4986 379 5043 δὶ
428 4993 633 5061 γνῶσις
700 4988 799 5045 ούκ
846 4990 1024 5068 ὀρθῶς
1067 4988 1270 5067 ἔχουσα
1321 4991 1508 5071 φιλίας
1566 4993 1829 5073 προφάσει
1880 4995 1985 5051 Eve-

2070 626 2380 700 afﬂigendo
2411 630 2557 684 deus
2585 647 2713 686 esse
2745 632 3017 698 creditur,
3042 636 3119 697 et,
3149 638 3532 704 praeterquam
3558 635 3713 706 quod

2071 717 2460 774 formidabilis
2493 724 2601 789 est,
2635 720 2809 775 etiam
2843 720 3061 777 honore
3094 722 3366 777 afficitur.

2142 805 2209 861 V.
2246 806 2525 870 Quocirca
2554 825 2667 864 non
2702 813 2843 879 puto
2875 827 2908 865 a
2938 826 3237 881 quoquam
3271 811 3464 882 ignem
3484 816 3716 869 tantum

2075 911 2385 951 accensum
2420 914 2592 969 posse
2623 897 2938 969 exstingui.
2971 898 3151 953 Nemo
3192 898 3347 953 enim
3380 898 3437 954 in
3470 900 3716 956 dubium

2073 989 2241 1039 vocat
2269 1001 2395 1056 quae
2436 984 2531 1041 ille
2581 985 2906 1057 pollicetur,
2960 987 3059 1042 sed
3110 986 3325 1059 singuli
3372 988 3723 1044 confirmant

2077 1089 2200 1128 rem
2237 1073 2318 1127 ita
2347 1090 2409 1129 se
2440 1073 2869 1139 habere.Quare
2897 1092 2983 1146 ea,
3014 1076 3225 1147 gratia,
3260 1080 3326 1130 ut
3354 1093 3454 1133 vos
3482 1077 3538 1131 in
3576 1078 3726 1149 peri-

2080 1161 2277 1217 culum
2310 1180 2425 1219 non
2476 1164 2743 1232 veniatis,
2788 1163 2988 1220 hortor
3018 1181 3091 1220 ne
3137 1165 3461 1237 quidquam
3494 1166 3731 1223 tentetis

2081 1252 2359 1307 adversus
2394 1270 2549 1324 eum,
2583 1258 2719 1309 ante
2750 1270 2924 1325 quam
2959 1253 3162 1308 Petrus
3191 1254 3432 1319 venerit,
3466 1270 3565 1326 qui
3597 1270 3732 1310 cum

2082 1341 2160 1395 sit
2189 1341 2417 1397 Domini
2451 1343 2637 1398 nostri
2664 1343 2805 1398 Jesu
2838 1342 3047 1398 Christi
3081 1342 3533 1415 probatissimus
3564 1343 3737 1399 disci-

2083 1429 2278 1502 pulus,
2306 1433 2517 1503 poterit
2540 1431 2702 1487 solus
2728 1437 2932 1487 contra
2962 1436 3185 1487 tantam
3211 1431 3528 1503 potentiam
3560 1431 3735 1487 dimi-

2083 1535 2233 1575 care.
2268 1520 2519 1575 Tantum
2564 1520 2781 1593 quippe
2830 1525 3024 1576 metuo
3066 1520 3221 1575 hunc
3276 1520 3598 1587 hominem,
3649 1524 3735 1591 ut,

2084 1608 2198 1663 nisi
2219 1609 2364 1664 alias
2383 1626 2514 1664 cum
2548 1610 2785 1664 domino
2809 1626 2937 1666 meo
2968 1614 3136 1664 Petro
3156 1610 3489 1681 disceptans
3519 1611 3734 1666 disces-

2084 1698 2258 1753 sisset
2306 1698 2565 1765 inferior,
2610 1698 2925 1754 consilium
2977 1698 3268 1754 dedissem
3326 1699 3508 1766 vobis,
3543 1698 3734 1769 ipsum

2083 1802 2315 1858 quoque
2348 1786 2581 1842 Petrum
2616 1788 3043 1861 persuaderetis
3076 1805 3147 1844 ne
3176 1804 3311 1843 cum
3344 1788 3581 1843 Simone
3611 1788 3733 1845 dis-

2004 1909 2052 1973 B
2084 1881 2290 1973 putare
2318 1875 2621 1932 niteretur.

2156 1963 2251 2019 VI.
2287 1966 2355 2020 Et
2395 1981 2500 2037 ego
2534 1966 2807 2037 respondi
2842 1984 2855 2022 :
2908 1966 2967 2022 Si
2999 1965 3276 2021 dominus
3306 1970 3503 2021 noster
3533 1966 3735 2023 Petrus

2086 2054 2385 2125 ignoraret
2416 2055 2569 2126 quod
2602 2055 2727 2127 ipse
2757 2054 2920 2111 solus
2945 2055 3226 2110 adversus
3257 2057 3386 2125 ejus
3417 2055 3737 2127 potentiam

2088 2142 2376 2213 praevalet,
2410 2160 2526 2199 non
2557 2149 2760 2216 utique
2790 2143 3201 2216 praemittendo
3233 2160 3340 2199 nos
3372 2145 3735 2213 mandasset,

2087 2237 2153 2286 ut
2181 2230 2330 2287 clam
2389 2232 2645 2288 Simonis
2698 2239 2865 2305 gesta
2893 2233 3185 2288 discentes
3216 2232 3269 2288 ei
3317 2233 3731 2289 scriberemus.

2089 2321 2264 2377 Porro
2297 2338 2431 2377 cum
2467 2338 2578 2377 nox
2608 2322 2881 2390 venisset,
2907 2327 3146 2394 sumpto
3180 2321 3305 2377 cibo
3324 2322 3729 2379 dormivimus.

2088 2410 2255 2466 Mane
2313 2427 2445 2467 vero
2503 2411 2713 2483 aliquis
2779 2412 3083 2467 Berenices
3142 2410 3447 2467 familiaris
3494 2413 3734 2469 veniens

2089 2499 2251 2566 dixit,
2288 2500 2587 2555 Simonem
2620 2501 2675 2554 in
2708 2500 2986 2556 Sidonem
3020 2501 3345 2572 navigasse,
3378 2518 3445 2556 ex
3478 2502 3603 2557 suis
3634 2518 3738 2557 au-

2087 2594 2205 2644 tem
2248 2588 2555 2662 discipulis
2605 2589 2920 2661 reliquisse
2964 2590 3285 2662 Appionem
3339 2589 3732 2656 Plistonicem,

2087 2678 2274 2732 virum
2292 2677 2683 2734 Alexandrinu
2696 2696 2747 2733 m
2764 2684 2903 2743 ,arte
2918 2680 3305 2750 grammatico
3318 2684 3732 2750 m,paternum,

2089 2784 2285 2822 meum
2336 2769 2591 2823 amicum
2642 2768 2783 2822 mihi
2832 2769 3155 2839 cognitum,
3224 2776 3280 2823 et
3330 2768 3732 2824 Annubionem

2090 2858 2399 2928 quemdam
2433 2856 2837 2928 Diospolitam,
2864 2856 3247 2928 astrologum,
3281 2861 3459 2927 atque
3485 2856 3734 2912 Atheno-

2089 2948 2297 3001 dorum
2332 2945 2748 3001 Atheniensem
2777 2945 3066 3017 Epicurea:
3089 2950 3257 3001 sectaa
3287 2944 3730 3002 addictum.Nos

2090 3039 2283 3089 autem
2316 3035 2502 3090 edocti
2547 3051 2638 3089 res
2669 3034 2927 3091 Simonis
2971 3051 3143 3090 mane
3178 3038 3387 3089 cuncta
3418 3050 3551 3089 cum
3584 3033 3729 3089 scri-

2089 3124 2415 3195 psissemus
2441 3129 2494 3179 et
2526 3125 2597 3179 ad
2622 3129 2856 3179 Petrum
2881 3123 3354 3189 misissemus,ad
3382 3122 3730 3180 ambulatio-

2088 3230 2222 3268 nem
2254 3213 2645 3268 convertimus
2676 3214 2949 3285 gradum.

2007 3276 2050 3343 C
2161 3302 2280 3357 VII.
2328 3303 2398 3357 Et
2426 3276 2875 3358 occurritvnobis
2923 3301 3174 3374 Appion,
3207 3317 3320 3356 non
3369 3300 3559 3357 solum
3592 3319 3729 3358 cum

2088 3392 2377 3465 praedictis
2409 3393 2640 3448 duobus
2670 3391 2868 3460 sociis,
2898 3392 2999 3447 sed
3031 3396 3089 3447 et
3118 3408 3250 3446 cum
3282 3390 3413 3446 aliis
3444 3390 3582 3447 viris
3623 3392 3729 3447 tri-

2086 3482 2249 3554 ginta
2287 3481 2533 3537 circiter.
2566 3483 2644 3536 Ac
2666 3481 2842 3536 simul
2866 3485 3039 3552 atque
3069 3497 3161 3536 me
3191 3480 3356 3548 vidit,
3379 3479 3644 3536 salutans
3674 3484 3733 3536 et

2086 3571 2388 3627 osculatus
2420 3572 2501 3627 ait
2534 3589 2547 3626 :
2580 3571 2682 3625 Hic
2712 3577 2801 3625 est
2822 3570 3105 3635 Clemens,
3141 3571 3209 3624 de
3230 3587 3345 3641 quo
3380 3569 3629 3624 multum
3653 3569 3727 3625 ad

2085 3678 2185 3715 vos
2204 3676 2532 3716 sermonem
2558 3660 2837 3725 habui,de
2857 3658 3014 3713 illius
3042 3658 3339 3713 nobilitate
3362 3674 3427 3713 ac
3461 3660 3726 3714 moribus

2086 3748 2467 3815 liberalibus;
2501 3748 2656 3821 quod
2688 3748 2777 3803 vir
2803 3764 2869 3803 ex
2901 3762 3111 3819 genere
3140 3746 3354 3801 Tiberii
3379 3746 3642 3817 Caesaris,
3678 3750 3737 3803 et

2089 3838 2147 3894 in
2178 3838 2339 3893 omni
2389 3837 2584 3893 Graeca
2634 3836 2946 3908 disciplina
2989 3835 3357 3898 exercitatus.
3405 3852 3439 3890 a
3486 3836 3733 3891 barbaro

2089 3928 2367 4000 quodam,
2413 3926 2514 3998 qui
2576 3929 2814 3981 vocatur
2857 3925 3080 3991 Petrus,
3131 3924 3332 3978 fraude
3392 3922 3732 3994 compulsus

2088 4022 2243 4072 esset
2271 4016 2342 4071 ad
2372 4014 2734 4088 peragendos
2761 4031 2827 4069 ac
2860 4013 3257 4085 prazdicandos
3284 4011 3621 4067 Judaeorum
3654 4009 3733 4065 ri-

2086 4110 2203 4160 tus.
2239 4106 2425 4168 Quare
2456 4121 2614 4176 rogo,
2652 4109 2714 4158 ut
2758 4120 2849 4158 me
2885 4102 2941 4157 in
2989 4101 3087 4157 illo
3120 4101 3461 4172 corrigendo
3499 4099 3740 4170 adjuve-

2087 4194 2203 4261 tis;
2261 4199 2317 4248 et
2365 4210 2557 4248 coram
2609 4192 2771 4248 vobis
2820 4208 2950 4246 eum
3002 4192 3315 4263 interrogo.
3370 4188 3741 4260 Respondeat

2090 4282 2256 4352 mihi,
2291 4282 2767 4355 quandoquidem
2799 4280 3132 4345 arbitratur,
3159 4280 3311 4350 quod
3346 4295 3427 4348 se,
3462 4282 3527 4333 ut
3560 4278 3739 4349 pieta-

2087 4376 2204 4426 tem
2240 4371 2471 4439 coleret,
2507 4370 2813 4437 dediderit,
2852 4386 2966 4440 quo
3001 4369 3173 4423 modo
3205 4384 3316 4423 non
3352 4366 3605 4421 maxime
3631 4366 3741 4420 im-

2089 4461 2222 4532 pius
2253 4460 2351 4529 sit,
2383 4460 2483 4531 qui
2515 4458 2734 4531 patrios
2765 4458 3161 4529 dereliquerit,
3194 4454 3570 4511 declinaverit
3606 4469 3740 4510 vero

2088 4550 2159 4605 ad
2194 4549 2476 4605 barbaros
2508 4564 2723 4604 mores.

2012 4645 2059 4710 D
2160 4637 2301 4693 Vill.
2335 4638 2404 4693 Et
2431 4654 2537 4710 ego
2590 4636 2865 4709 respondi
2917 4655 2931 4693 :
2978 4637 3165 4691 Tuam
3215 4634 3452 4705 quidem
3497 4633 3557 4688 in
3614 4647 3738 4687 me-

2092 4727 2431 4798 prmclaram
2465 4725 2784 4782 volutatem
2833 4725 3020 4781 habeo
3067 4728 3404 4795 acceptam;
3459 4726 3518 4777 at
3566 4721 3741 4793 igno-

2093 4816 2378 4872 rationem
2409 4814 2672 4870 amolior.
2703 4812 3238 4887 Scilicet,praaclara
3269 4812 3504 4883 quidem
3534 4809 3741 4865 volun-

2092 4909 2187 4961 tas
2227 4909 2338 4971 est,
2386 4905 2540 4974 quod
2591 4904 2649 4958 in
2702 4903 2797 4975 iis,
2849 4920 2975 4975 quae
3024 4900 3105 4957 ibi
3136 4901 3290 4957 bona
3318 4899 3615 4969 videntur,
3644 4912 3742 4953 me

2091 4993 2311 5052 versari
2338 4992 2551 5064 cupis;
2602 5009 2803 5048 verum
2852 4990 3103 5064 cognitio
3154 5006 3268 5044 non
3318 4994 3469 5044 rccte
3518 4986 3741 5042 habens

320 5075 538 5151 δρεύειν
594 5080 933 5153 ἀγωνίζεται.
986 5080 1085 5135 Καὶ
1146 5082 1175 5136 ὁ
1235 5080 1477 5136 ’Δππίων
1536 5078 1661 5161 ἔφη·
1720 5084 1974 5161 Ἀγνωσία

2095 5087 2378 5159 praetextu
2410 5080 2679 5137 amicitia:
2712 5080 2977 5138 insidiari
3010 5079 3238 5135 nititur.
3265 5076 3419 5133 Dixit
3463 5075 3689 5148 Appion
3724 5089 3738 5130 :

1681 5208 1922 5266 VARLE
1961 5207 2353 5267 LECTIONES

396 5301 438 5336 ⁶¹
474 5303 583 5380 Ιίιι⁸
618 5305 669 5380 Ο,
713 5320 794 5380 ο.Δ
820 5302 1008 5380 Βητό
1066 5308 1124 5380 C.
1202 5304 1250 5339 ⁶²
1307 5304 1448 5380 Post
1492 5303 1628 5380 1:955:
1681 5312 1770 5380 est
1802 5305 1972 5362 αὐτόν

2016 5308 2074 5363 in
2124 5311 2163 5360 Ο
2212 5307 2591 5377 expunctum.
2674 5304 2719 5377 ξε
2768 5298 3148 5377 Πλειστονίκον
3205 5305 3264 5355 0.
3340 5300 3402 5377 ξἰ-
3434 5292 3562 5350 ὄντα
3592 5301 3651 5377 _(_)
3686 5298 3746 5353 et

322 5389 393 5427 ex
452 5373 695 5448 conject.
758 5376 844 5443 C.,
877 5369 963 5431 Vin
1025 5378 1149 5448 cuj.
1183 5380 1357 5448 Atextu
1421 5374 1496 5430 ὄν.
1537 5369 1766 5434 ’Πανίείἱ
1826 5380 2087 5436 notulam
2147 5396 2213 5435 eo
2270 5369 2626 5448 spectantem
2664 5375 2702 5448 _S
2735 5392 2847 5429 non
2875 5374 3275 5448 intellexisse
3312 5371 3559 5448 videtur.
3592 5369 3741 5448 Tum

325 5437 697 5522 ἑαὶστῖοῖίτην
756 5437 840 5522 δ’⁷
872 5451 932 5517 θ’
966 5437 1294 5522 Διρῖτῆλίτην
1323 5452 1396 5522 0,-
1435 5449 1507 5522 ,⁸⁸
1553 5454 1643 5522 ,Ιῐει
1673 5468 1768 5522 _ex
1824 5455 2069 5522 conject.
2105 5455 2163 5518 C,
2198 5437 2322 5522 qui:
2360 5449 2443 5522 in.
2475 5452 2632 5522 textu
2668 5443 2973 5522 Ἑπικούρω
3006 5452 3068 5522 ut
3097 5449 3136 5497 Ο
3234 5444 3277 5477 ⁸⁸
3308 5437 3738 5522 avgurio.

324 5516 371 5593 ff
412 5514 610 5593 ἑτέρων
641 5510 701 5571 0.
737 5510 895 5593 Idem
919 5510 1038 5593 3can
1061 5510 1281 5593 ἑτέρων.
1358 5520 1401 5553 ⁸⁸
1433 5520 1515 5575 Ila
1544 5520 1807 5593 intellige
1840 5510 2545 5593 lectionem'O‘ttoboniani
2578 5510 3103 5593 ἐλευθερωπρεπείας
3132 5531 3263 5593 cum
3311 5513 3414 5593 ροᾷ
3450 5510 3737 5593 8θὲιὲρῇ

323 5580 837 5671 ὲλεξξθέροτρρῖτείες
863 5595 963 5671 C-__
998 5580 1306 5671 ‘°_Re'poue
1336 5595 1508 5671 πᾷσαν
1542 5580 1876 5671 minim
1906 5592 2177 5671 παιδείαν,
2210 5591 2293 5671 ιιςί
2327 5604 2557 5671 semper
2612 5580 2934 5671 loquuntqu
2960 5588 3183 5671 “idonei
3232 5580 3565 5671 scriptores.
3595 5580 3741 5671 Vincis

323 5659 473 5730 Epit.
520 5659 586 5715 'c.
618 5659 731 5717 Ἀθ.
782 5663 844 5717 D.
920 5663 966 5697 ⁷ο
1008 5664 1117 5716 τῶν
1159 5659 1394 5717 inserui
1445 5679 1495 5717 c.
1547 5668 1607 5719 0.
1685 5659 1727 5699 τι

322 5730 375 5767 ⁷⁸
413 5729 558 5807 Ἐγώ
584 5736 645 5788 C.
720 5732 766 5768 ⁷³
792 5733 940 5807 ἡμᾶς
970 5750 1028 5807 p.
1060 5734 1097 5804 ἠ
1134 5729 1230 5806 μέν
1264 5736 1325 5789 Ο.
1400 5734 1449 5770 ⁷⁸
1478 5730 1659 5789 δοκεῖν
1690 5738 1751 5793 Ο.

458 5702 473 5717 .
518 5652 586 5734 ’9.
618 5652 844 5734 ’ἄθεα
920 5663 966 5697 ⁷ο
1008 5664 1117 5716 τῶν
1158 5652 1394 5734 inserui
1445 5679 1501 5734 c1
1547 5668 1607 5719 0.
1685 5652 1727 5699 τι
1759 5652 1844 5723 lia
1884 5670 1924 5720 0
1971 5682 2023 5724 c.
2064 5664 2125 5723 Cl
2164 5652 2225 5720 et
2252 5664 2308 5731 8,
2338 5652 2837 5734 κατάλειπών’(εἱο)
2868 5660 2926 5715 C.
2958 5660 3099 5716 Dein
3132 5655 3251 5727 ἔθνη
3283 5652 3410 5710 cod.
3444 5653 3581 5725 Reg.
3613 5652 3740 5711 804.
