4116 6224
382 362 497 422 163

1208 357 1272 416 8.
1321 352 1764 416 CLEMENTIS
1809 352 1830 411 l
1878 348 2069 410 ROM.
2113 349 2341 411 PONT.
2389 352 2649 411 OPERA
2691 352 2957 413 DUBIA.

3674 357 3798 419 164

383 494 538 549 Num
572 490 870 563 ignoratio
902 488 1010 545 tibi
1038 488 1290 555 videtur,
1325 488 1546 561 patrios
1567 487 1714 542 ritus
1746 483 2020 540 servando

2138 500 2221 533 σοι
2280 483 2325 517 ⁷⁵
2388 481 2517 537 εἶναι
2569 479 2736 556 δοκεῖ,
2790 484 2858 538 τὰ
2913 485 3113 558 πάτρια
3170 482 3261 555 ἔθη
3330 483 3673 564 φυλάττοντα
3724 490 3797 545 τὰ

381 580 599 635 sentire
629 594 761 633 cum
798 577 1006 632 Graecis
1028 580 1053 629 .9
1095 578 1163 631 Et
1211 592 1316 648 ego
1349 575 1623 648 respondi
1657 591 1669 631 :
1702 574 1809 638 Qui
1849 574 2028 627 vitam

382 667 473 739 pie
505 682 677 738 agere
706 666 932 735 statuit,
967 683 1082 721 non
1110 666 1351 721 omnino
1382 664 1553 720 debet
1582 678 1812 719 servare
1842 660 2030 734 patria

381 754 670 821 instituta,
702 756 804 810 sed
835 770 1066 811 servare
1104 755 1365 827 quidem,
1401 753 1449 809 si
1481 754 1577 825 pia
1605 752 1743 822 sint,
1776 751 2027 821 abjicere

378 861 535 913 vero,
568 844 616 899 si
649 844 771 899 sint
800 843 1000 916 impia.
1039 844 1158 900 Usu
1190 844 1344 898 enim
1378 842 1573 897 venire
1624 840 1788 907 solet,
1823 846 1888 894 ut
1919 840 2026 895 ali-

380 934 536 1005 quis,
587 938 750 1005 patre
798 932 980 1005 impio
1027 939 1222 1002 natus,
1272 931 1412 987 velit
1459 932 1644 986 vivere
1698 931 1807 1001 pie,
1844 930 2027 1002 patris

382 1039 573 1078 mores
606 1022 769 1093 sequi
804 1020 1026 1077 nolens.
1060 1021 1294 1093 Excepit
1321 1020 1547 1093 Appion
1596 1037 1609 1076 :
1655 1020 1804 1085 Quid
1836 1035 1972 1087 ergo
2000 1018 2028 1073 ‘I

382 1115 606 1183 patrem
637 1116 806 1166 tuum
856 1112 942 1166 ais
974 1110 1139 1166 malae
1188 1110 1315 1164 vitae
1355 1108 1690 1165 exstitisse?
1731 1107 2025 1181 Respondi

382 1215 488 1272 ego
521 1215 535 1255 :
568 1200 692 1255 Non
745 1200 983 1271 quidem
1016 1204 1139 1255 erat
1168 1198 1334 1254 mala;
1364 1199 1516 1264 vitae,
1569 1200 1668 1255 sed
1704 1198 1868 1254 malae
1900 1198 2024 1270 opi-

383 1288 596 1344 nionis.
631 1289 701 1343 Et
730 1289 954 1360 Appian
988 1306 1001 1343 :
1038 1288 1171 1351 Quae
1202 1287 1360 1342 illius
1393 1287 1569 1343 fuerit
1599 1286 1755 1342 mala
1785 1291 2025 1342 senten-

381 1376 464 1432 tia
493 1378 663 1449 cupio
694 1376 916 1432 audire.
950 1378 1019 1431 Et
1051 1393 1154 1450 ego
1186 1376 1303 1431 dixi
1338 1392 1350 1431 :
1386 1377 1546 1442 Quod
1592 1375 1756 1431 falsis
1794 1392 1861 1431 ac
1892 1392 2025 1447 pra-

380 1467 469 1521 vis
503 1466 829 1522 Grazcorum
864 1464 1077 1521 fabulis
1105 1466 1313 1521 habuit
1345 1466 1540 1520 ﬁdem.
1583 1466 1769 1535 Atque
1798 1465 2021 1535 Appion

378 1555 708 1611 sciscitatus
741 1558 830 1610 est
864 1572 876 1610 :
909 1554 1182 1618 Quaenam
1215 1558 1354 1610 sunt
1384 1554 1472 1608 hae
1507 1556 1837 1609 Graecorum
1867 1554 2023 1609 falsaa

378 1662 445 1701 ac
495 1662 680 1716 prava:
734 1643 988 1699 fabulae?
1036 1644 1327 1715 Respondi
1361 1660 1374 1697 :
1408 1643 1535 1698 Non
1586 1647 1740 1699 recta
1787 1644 1858 1699 de
1910 1644 2021 1698 diis

376 1732 632 1804 opinatio
659 1750 674 1799 ;
708 1749 907 1805 quam,
931 1732 981 1788 si
1012 1749 1175 1804 aequo
1206 1732 1401 1788 animo
1433 1732 1723 1801 fers,cum
1756 1732 2019 1788 discendi

373 1822 606 1894 cupidis
638 1823 863 1877 audies.

445 1997 541 2053 IX.
575 1998 763 2062 Quare
789 2001 921 2052 ante
943 1997 1411 2054 dissertationem
1435 1999 1560 2069 jam
1594 2000 1935 2055 accedamus
1957 1999 2018 2055 in

374 2086 724 2157 quietiorem
757 2086 1012 2157 aliquem
1043 2085 1362 2152 locum,ubi
1386 2088 1687 2143 vobiscum
1709 2088 2017 2145 disseram.

375 2177 537 2241 Quod
569 2181 766 2231 autem
800 2175 967 2231 velim
992 2192 1255 2231 seorsum
1280 2175 1528 2248 colloqui
1555 2194 1732 2233 causa
1763 2178 1878 2233 haec
1909 2184 2017 2247 est,

375 2268 513 2341 quia
538 2285 651 2323 non
685 2269 967 2323 accedunt
1014 2268 1237 2323 sincere
1281 2268 1561 2340 plerique,
1610 2285 1798 2340 neque
1844 2269 2018 2324 etiam

372 2374 576 2413 omnes
609 2357 963 2430 philosophi,
986 2358 1054 2413 ad
1083 2357 1472 2428 judicandum
1506 2358 1577 2413 de
1607 2357 2021 2415 rebus.Multos

376 2446 669 2518 siquidem
723 2448 1015 2510 novimus,
1067 2462 1265 2501 eorum
1324 2463 1553 2517 quoque
1604 2448 1702 2517 qui
1748 2449 1819 2503 dc
1856 2465 1917 2503 se
1946 2449 2020 2504 ob

373 2534 754 2608 philosophica
778 2534 1199 2607 professionem
1233 2534 1540 2606 magnifice
1572 2536 2019 2606 sentiunt,inani

372 2623 559 2696 gloria
588 2624 745 2692 duci,
770 2628 870 2678 aut
900 2622 1043 2677 lucri
1076 2623 1399 2694 cupiditate
1422 2640 1534 2679 non
1567 2626 2023 2695 autem,virtutis

374 2728 571 2768 amore
600 2711 766 2766 indui
800 2711 973 2783 pallio
1007 2728 1020 2766 :
1055 2710 1177 2782 qui,
1211 2712 1261 2766 si
1295 2728 1409 2766 non
1442 2713 1767 2768 invenerint
1798 2714 1852 2769 id
1889 2732 2019 2787 pro-

374 2806 501 2873 pter
530 2800 684 2872 quod
714 2800 1462 2872 philosophantur,vertunt
1487 2818 1548 2857 se
1577 2803 1647 2857 ad
1680 2802 2018 2861 cachinnos.

377 2889 461 2944 Ob
491 2888 635 2944 istos
664 2904 801 2961 ergo
831 2893 1033 2960 aptum
1065 2889 1318 2961 aliquem
1374 2889 1567 2946 locum
1617 2891 1928 2964 eligamus,
1960 2892 2020 2949 in

375 2994 489 3049 quo
520 2976 628 3032 soli
659 2978 866 3033 simus.

447 3069 513 3121 X.
549 3067 697 3121 Tum
731 3066 967 3139 quidam
1019 3084 1087 3122 ex
1132 3066 1270 3134 illis,
1302 3068 1390 3122 vir
1435 3068 1614 3135 dives,
1660 3070 1760 3142 qui
1812 3087 2019 3143 agrum

376 3155 710 3226 possidebat
733 3154 1035 3210 frondibus
1066 3155 1502 3228 elegantissime
1524 3164 1817 3229 ornatum,
1834 3162 2013 3218 dixit:

374 3244 856 3313 Quandoquidem
901 3243 1273 3299 vehementer
1317 3246 1514 3301 adurit
1558 3252 1755 3317 aestus,
1806 3250 2013 3319 paulu-

373 3331 496 3386 lum
531 3348 564 3385 a
592 3330 825 3386 civitate
856 3332 926 3385 ad
964 3332 1164 3387 hortos
1190 3349 1349 3389 meos
1381 3334 1745 3390 secedamus.
1779 3337 1847 3391 Et
1886 3354 2016 3409 pro-

375 3420 561 3493 gressi
593 3420 1107 3486 consederunt,ubi
1142 3420 1309 3493 plura
1338 3427 1504 3477 erant
1535 3422 1859 3495 gelidorum
1895 3427 2019 3481 lati-

373 3525 509 3563 cum
533 3508 771 3577 ﬂuenta,
795 3514 852 3564 et
871 3509 1144 3564 arborum
1164 3511 1541 3582 omnigenum
1566 3518 1796 3584 tegmen
1813 3515 2014 3572 viride.

375 3598 457 3653 Ibi
489 3614 595 3670 ego
626 3597 835 3653 lubens
879 3597 1024 3666 sedi,
1074 3602 1130 3653 et
1178 3598 1384 3670 reliqui
1438 3601 1593 3656 circa
1639 3619 1770 3669 me;
1804 3604 1901 3675 qui
1935 3605 2016 3659 si-

372 3685 580 3753 lentes,
616 3704 718 3759 pro
766 3703 901 3742 voce
950 3703 1065 3759 qua
1096 3704 1188 3743 me
1218 3690 1473 3760 rogaturi
1523 3697 1708 3757 erant,
1744 3708 1845 3763 per
1874 3694 2017 3750 ﬁxos

373 3774 432 3830 in
466 3792 559 3831 me
589 3775 787 3831 oculos
835 3775 987 3831 clare
1032 3776 1382 3832 videbantur
1411 3794 1589 3849 quam
1633 3782 2016 3851 promiseram

373 3864 938 3921 demonstrationem
970 3881 1225 3936 poscere.
1260 3867 1461 3936 Itaque
1508 3868 1593 3924 sic
1634 3867 1789 3939 loqui
1821 3873 1965 3944 σαιρὶ
2001 3889 2014 3927 :

448 4041 537 4097 x1.
573 4041 761 4097 Multa
777 4046 885 4108 est,
908 4042 1015 4096 viri
1051 4042 1252 4109 Graeci,
1285 4042 1609 4101 differentia
1630 4045 1781 4103 inter
1809 4051 2020 4107 verita-

2047 1848 2097 1915 B

2136 567 2421 640 Ἑλλήνων
2480 578 2736 649 φρονεῖν;
2789 572 2950 648 Κάγὼ
3030 573 3423 648 ἀπεκρινάμην·
3474 576 3573 630 Τὸν
3642 576 3791 632 εὗσε-

2138 651 2250 712 ϐεῖν
2301 662 2345 696 76
2392 660 2828 736 προαιρούμενον
2874 660 2937 715 ού
2984 662 3201 724 πάντως
3250 662 3543 741 φυλάσσειν
3594 662 3675 720 δεῖ
3720 668 3790 721 τά

2135 748 2356 821 πάτρια,
2417 746 2561 802 ἀλλὰ
2628 748 2917 827 φυλάσσειν
2987 750 3082 823 μὲν
3146 750 3231 805 ἐὰν
3374 748 3589 825 εὐσεϐῆ,
3650 755 3784 810 ἀπο-

2136 834 2363 889 σείεσθαι
2421 835 2687 918 124-δὲ
2741 836 2827 892 ἐὰν
2903 833 3069 908 ἀσεϐῆ
3141 841 3405 915 τυγχάνῃ,
3474 840 3785 918 Ἐνδὲχεται

2133 924 2233 999 γάρ
2281 945 2397 979 τινα
2442 910 2646 1002 πατρδς
2696 922 2920 989 ἀσεϐοῦς
2958 924 3105 999 ὄντα,
3138 923 3373 984 εὐσεϐεῖν
3423 929 3785 1006 βουλόμενον,

2132 1016 2212 1083 τῷ
2273 1014 2347 1085 μή
2407 1019 2504 1068 τοῦ
2556 1017 2758 1091 πατρὸς
2809 1014 3125 1081 ἀκολουθεῖν
3176 1012 3486 1091 σεϐάσματα
3525 1023 3588 1074 ⁷⁷.
3625 1022 3788 1075 Καὶὸ

2138 1100 2231 1173 μὲν
2293 1102 2537 1158 ’Δππίων
2598 1103 2938 1180 ἀπεκρίνατο·
2987 1106 3047 1160 Τί
3104 1104 3236 1175 οὖν;
3293 1107 3386 1161 τὸν
3444 1108 3534 1163 σὸν
3580 1110 3791 1185 πατέρα

2134 1186 2267 1266 ἔφης
2316 1196 2483 1246 κακοῦ
2530 1192 2651 1269 βίου
2699 1193 3015 1270 γεγονέναι;
3049 1195 3210 1270 Κάγὼ
3260 1193 3414 1271 ἔφην·
3459 1203 3636 1252 Κακοῦ
3688 1200 3790 1271 μὲν

2134 1278 2232 1333 ούκ
2288 1280 2353 1349 ἦν
2403 1280 2545 1357 βίου,
2577 1284 2750 1351 κακῆς
2796 1280 2852 1338 δὲ
2904 1283 3256 1358 ὑπολήψεως.
3290 1285 3387 1340 Καὶ
3438 1286 3465 1340 ὁ
3510 1287 3784 1343 Ἀππίων·

2130 1367 2221 1453 Τίς
2249 1368 2315 1437 ἦν
2364 1371 2399 1438 ἡ
2449 1372 2586 1439 κακὴ
2645 1371 2809 1426 αὐτοῦ
2858 1372 3083 1427 ὑπόνοια
3130 1373 3351 1428 ἀκοῦσαι
3401 1372 3567 1439 θέλω.
3620 1377 3788 1453 Κάγὼ

2132 1452 2283 1535 ἔφην·
2312 1460 2433 1516 ’Ότι
2472 1465 2587 1521 τοῖς
2638 1463 2681 1497 ⁷⁸
2726 1465 2834 1515 τῶν
2884 1460 3168 1533 Ἑλλήνων
3213 1459 3429 1537 ψευδέσι
3475 1465 3565 1519 καὶ
3592 1468 3637 1503 ’⁷⁸
3683 1452 3785 1521 κα-

2130 1551 2249 1608 κοῖς
2298 1547 2540 1603 έπίστευε
2592 1549 2804 1621 μύθοις.
2852 1551 2954 1608 Καὶ
3003 1551 3031 1605 ὁ
3082 1552 3326 1607 Ἀππίων
3394 1551 3637 1617 ἐπύθετο·
3688 1554 3789 1610 Τί-

2130 1656 2215 1698 νες
2276 1635 2404 1690 εἰσὶν
2458 1638 2607 1693 οὗτοι
2663 1644 2769 1693 τῶν
2828 1639 3109 1711 Ἑλλήνων
3171 1642 3223 1695 οἱ
3277 1639 3491 1715 ψευδεῖς
3523 1664 3579 1699 τε
3608 1646 3652 1681 ⁸ο
3687 1644 3783 1699 καὶ

2128 1725 2284 1779 κακοὶ
2345 1729 2542 1798 μῦθοι;
2593 1728 2756 1802 Κάγὼ
2814 1724 2968 1807 ἔφην·
3020 1730 3083 1786 Ἡ
3141 1730 3265 1805 περὶ
3311 1736 3443 1794 θεῶν
3496 1731 3599 1786 ούκ
3642 1733 3783 1809 ὀρθή

2130 1810 2372 1885 δόκησις,
2399 1816 2459 1884 ἣν
2488 1814 2573 1870 ἐὰν
2610 1821 2987 1891 μακροθυμῇς,
3020 1818 3223 1893 ἀκούσῃ
3274 1821 3408 1892 μετᾶ
3453 1824 3560 1875 τῶν
3614 1819 3783 1899 φιλο-

2133 1904 2313 1976 μαθῶν
2324 1947 2337 1960 .

2199 1998 2291 2049 ΙΧ.
2329 1994 2420 2048 Διὸ
2473 1995 2579 2070 πρὸ
2625 1998 2734 2050 τῶν
2784 1991 3053 2072 διαλόγων
3084 1995 3159 2059 ε”ς
3189 2017 3306 2053 τινα
3338 2000 3690 2076 ὴσυχώτερον
3731 2003 3781 2041 εί

2131 2081 2583 2158 ὑποχωρήσωμεν
2618 2082 2726 2155 ἤδη
2758 2084 2945 2139 τόπον·
2979 2084 3201 2149 ἐνταῦθα
3234 2087 3359 2159 ὑμῖν
3414 2085 3784 2165 διαλεχθήσο-

2134 2193 2247 2245 μαι.
2282 2177 2387 2227 Τοῦ
2438 2169 2495 2228 δὲ
2544 2170 2936 2249 ἷδιολογεῖσθαί
2982 2196 3047 2247 με
3083 2174 3369 2251 βούλεσθαι
3425 2178 3571 2232 αἰτία
3615 2181 3781 2254 γέγο-

2128 2282 2211 2315 νεν
2262 2261 2395 2331 αὕτη
2441 2264 2509 2330 ⁸³,
2544 2260 2730 2331 ἐπειδὴ
2783 2262 2891 2338 οὐχ
2938 2264 2990 2318 οἱ
3036 2263 3241 2319 πολλοὶ
3292 2263 3419 2320 οὐδὲ
3468 2266 3520 2321 οἱ
3558 2267 3785 2346 φιλοσο-

2131 2353 2354 2426 φοῦντες
2385 2350 2536 2405 αὑτοὶ
2571 2352 2795 2413 ἅπαντες
2826 2350 3066 2428 γνησίως
3114 2355 3511 2429 προσέρχονται
3550 2359 3619 2429 τῇ
3668 2362 3781 2411 τῶν

2131 2434 2300 2493 ὄντων
2342 2440 2534 2516 κρίσει.
2567 2442 2749 2513 Ἴσμεν
2779 2441 2881 2517 γὰρ
2912 2439 3155 2502 πολλοὺς
3184 2442 3272 2496 καὶ
3320 2448 3428 2498 τῶν
3483 2443 3569 2498 ἐπὶ
3618 2444 3783 2522 φιλο-

2130 2527 2291 2605 σοφίᾳ
2342 2527 2892 2607 μεγαλοφρονούντων
2922 2532 2967 2567 ⁸³
3002 2528 3436 2601 κενοδοξοῦντας,
3470 2532 3504 2601 ἢ
3549 2553 3781 2609 χρημα-

2127 2622 2327 2691 τισμοῦ
2378 2618 2536 2694 χάριν
2596 2612 3099 2694 περιϐεϐλημένους
3146 2620 3235 2674 τὸν
3286 2616 3521 2695 τρίϐωνα
3558 2622 3645 2677 καὶ
3678 2622 3782 2679 οὐκ

2130 2706 2296 2776 αὐτῆς
2348 2706 2543 2783 ἀρετῆς
2602 2704 2799 2774 ἕνεκεν,
2859 2705 3037 2782 οἵπερ,
3089 2707 3175 2763 ἐὰν
3242 2709 3315 2780 μὴ
3379 2708 3572 2785 εὕρωσι
3631 2708 3698 2765 δι’
3746 2712 3779 2767 ὃ

2132 2796 2541 2875 φιλοσοφοῦσιν,
2593 2795 2678 2851 ἐπὶ
2721 2797 2785 2851 τὸ
2837 2794 3121 2873 χλευάζειν
3191 2796 3501 2873 τρέπονται.
3551 2802 3648 2853 Διά
3702 2797 3776 2871 δὴ

2126 2884 2252 2947 τοὺς
2282 2884 2565 2949 τοιούτους
2598 2882 2903 2956 ἐπιτήδειόν
2928 2906 3049 2940 τινα
3078 2886 3212 2962 πρὸς
3244 2886 3305 2941 τὸ
3355 2883 3573 2956 ἷδιάζειν
3605 2888 3774 2945 τόπον

2128 2971 2521 3047 ἐπιλεξώμεθα.

2199 3065 2264 3121 Χ.
2298 3063 2396 3118 Καί
2425 3084 2507 3125 τις
2545 3062 2596 3118 ἐν
2630 3062 2815 3126 αὐτοῖς
2863 3061 3128 3125 πλούσιος
3177 3063 3335 3139 ἀνὴρ,
3367 3064 3456 3119 καὶ
3506 3061 3596 3120 διὰ
3638 3086 3779 3120 παν-

2128 3152 2222 3215 τὸς
2270 3153 2455 3229 χῶρόν
2501 3174 2622 3207 τινα
2664 3155 2813 3211 125
2866 3152 2990 3228 περὶ
3029 3152 3213 3207 ἑαυτὸν
3242 3154 3572 3227 κεκτημένος
3628 3176 3779 3228 παμ-

2134 3243 2320 3316 μήνων
2363 3240 2587 3317 φύλλων
2629 3244 2695 3311 ⁸⁴,
2744 3240 2867 3318 ἔφη·
2900 3238 3120 3309 Ἐπειδὴ
3170 3238 3377 3318 σφόδρα
3423 3247 3607 3315 καῦμα
3657 3242 3779 3298 ἐπι-

2128 3330 2335 3407 φλέγει,
2373 3329 2551 3406 βραχὺ
2578 3336 2678 3399 τῆς
2726 3332 2770 3366 ⁸⁸
2801 3327 3015 3391 πόλεως
3061 3328 3139 3391 εἷς
3182 3328 3346 3402 ἐμοὺς
3392 3332 3604 3400 κήπους
3649 3332 3782 3387 ὑπο-

2128 3422 2496 3495 χωρήσωμεν.
2532 3419 2627 3473 Καὶ
2688 3416 2754 3488 δὴ
2813 3418 3095 3494 προϊόντες
3154 3418 3486 3488 ἐκαθέζοντο,
3536 3417 3659 3484 ἔνθα
3705 3422 3777 3491 ἦν

2124 3509 2332 3583 καθαρὰ
2361 3511 2587 3584 ψυχρῶν
2636 3507 2889 3580 ναμάτων
2942 3505 3181 3583 ῥεύματα
3228 3507 3317 3562 καὶ
3364 3504 3594 3584 δένδρων
3644 3529 3779 3563 παν-

2123 3598 2284 3653 τοίων
2319 3596 2527 3672 χλοερὰ
2556 3597 2749 3667 σκέπη.
2781 3597 2946 3660 Ἔνθα
2986 3594 3095 3671 ἐγὼ
3142 3595 3391 3669 ἀσμένως
3441 3595 3777 3670 ἐκαθεζόμην

2124 3687 2213 3741 καὶ
2264 3687 2315 3741 οἱ
2362 3684 2548 3741 λοιποὶ
2593 3684 2715 3761 περὶ
2761 3684 2878 3757 ἐμὲ,
2929 3684 3019 3739 καὶ
3069 3685 3454 3760 ἡσυχάζοντες,
3511 3685 3626 3740 ἀντὶ
3671 3692 3775 3755 τῆς

2129 3774 2441 3850 μελλούσης
2498 3772 2677 3845 ἀξιοῦν
2729 3795 2795 3848 με
2842 3776 3048 3851 φωνῆς,
3101 3770 3190 3828 διὰ
3233 3777 3332 3828 τοῦ
3381 3774 3632 3843 ἀτενίζειν
3691 3774 3773 3838 εἰς

2128 3865 2224 3939 ἐμὲ
2255 3864 2417 3935 δῆλοι
2450 3867 2583 3933 ἦσαν
2615 3866 2712 3932 τῆς
2746 3862 3090 3938 ὑποσχέσεως
3122 3865 3166 3899 ⁸⁸
3188 3864 3287 3931 τήν
3322 3860 3591 3936 ἀπόδειξιν
3625 3863 3785 3918 ἀπαι-

2124 3959 2363 4015 τοῦντες,
2397 3954 2494 4008 Καὶ
2525 3951 2591 4023 δὴ
2626 3952 2797 4015 οὕτως
2828 3950 3008 4028 λέγειν
3037 3952 3312 4028 ἠρξάμην·

2200 4046 2292 4101 XI.
2329 4042 2521 4113 Πολλή
2552 4063 2658 4115 τις,
2692 4043 2737 4096 ὧ
2769 4039 2957 4118 ἄνδρες
2990 4040 3287 4111 Ἕλληνες,
3318 4044 3352 4111 ἡ
3387 4038 3620 4119 διαφορά
3646 4061 3781 4117 τυγ-

379 4133 498 4185 tem
549 4136 726 4202 atque
777 4131 1284 4188 consuetudinem.
1334 4132 1562 4189 Veritas
1612 4135 1766 4190 enim
1800 4138 2020 4197 sincere

2136 4134 2279 4210 χάνει
2313 4135 2427 4207 (83)
2457 4130 2714 4202 ἀληθείας
2745 4151 2804 4185 τε
2827 4130 2917 4185 καὶ
2948 4129 3251 4201 συνηθείας.
3283 4131 3345 4186 Ἡ
3378 4130 3473 4204 μὲν
3506 4132 3610 4207 γὰρ
3642 4129 3785 4201 ἀλή-

376 4217 622 4287 ᾳυωεὶιει
646 4218 942 4274 invenitur
972 4235 986 4272 :
1020 4220 1379 4275 consuetudo
1410 4226 1625 4293 autem,
1659 4241 2020 4301 quaecunque

2136 4226 2246 4278 θεια
2319 4221 2559 4297 γνησίως
2642 4221 2947 4293 ζητουμένη
3026 4219 3345 4295 εὑρίσκεται,
3402 4220 3466 4275 τὰ
3524 4217 3582 4275 δὲ
3636 4217 3789 4291 ἔθος,

377 4311 739 4376 assumatur,
783 4323 884 4363 seu
934 4325 1088 4375 vera,
1139 4324 1242 4363 seu
1294 4308 1459 4380 falsa,
1493 4314 1709 4368 temere
1740 4330 1774 4368 a
1802 4332 1864 4371 se
1895 4317 2020 4390 ipsa

2136 4314 2323 4368 ὁποῖον
2352 4312 2411 4366 ἂν
2440 4313 2792 4388 παραθηφθῇ,
2828 4306 2934 4364 εἷ’τε
2984 4307 3182 4379 ἀληθές
3231 4305 3336 4364 εἴτε
3384 4306 3600 4382 ψευδὲς,
3632 4308 3787 4384 ἀκρί-

377 4393 796 4463 confirmatur;
830 4412 1021 4469 neque
1052 4413 1183 4452 cum
1206 4413 1340 4452 vera
1369 4398 1716 4469 est,laatatur
1735 4402 1786 4458 is
1815 4406 1910 4475 qui
1935 4424 2020 4463 as-

2136 4425 2239 4458 τως
2300 4402 2382 4480 ὑφ’
2414 4401 2606 4455 ἑαυτοῦ
2663 4397 3114 4476 κρατύνεται,καὶ
3144 4395 3269 4453 οὕτε
3325 4396 3523 4468 ἀληθεῖ
3576 4399 3619 4435 ⁸⁷
3669 4391 3787 4453 ὄντι

1733 4543 1972 4604 νΑιιιΑς
2009 4546 2419 4604 LECTIONES.

441 4641 486 4677 ’³⁵
514 4638 788 4722 ἀγνωσίας
812 4643 1050 4722 sinecot
1082 4649 1142 4722 ς).
1220 4646 1264 4681 ⁷⁸
1292 4638 1568 4722 ἀσεϐεῖνρ
1600 4648 1659 4703 in
1693 4654 1872 4716 textu,
1908 4650 2035 4716 ἷ¹σως
2069 4648 2303 4709 εὐσεϐεῖν
2337 4654 2412 4708 al.
2448 4667 2605 4706 man.
2636 4652 2697 4705 in
2742 4665 2928 4722 marg.
3004 4648 3051 4722 τ’(
3092 4649 3182 4703 Ita
3230 4646 3441 4722 scripsi
3478 4662 3538 4722 Ac.
3567 4649 3613 4722 ρ
3656 4661 3791 4722 ver-

372 4712 579 4800 ξονυηῐξὶ
616 4712 701 4800 μὴ,
723 4717 801 4785 τῷ
831 4716 1034 4800 ordine
1064 4716 1337 4800 _inverso,
1356 4717 1431 4788 μὴ
1467 4715 1640 4800 θέλειν
1671 4712 1874 4800 cii-1705'
1904 4712 2105 4800 πατρὸς
2128 4724 2442 4800 ἀκολουθεῖν
2478 4723 2726 4800 C."_I‘um_
2744 4720 2839 4800 μέν
2871 4712 3004 4800 ponat,
3022 4718 3062 4800 :3
3094 4736 3211 4800 om.
3230 4722 3316 4800 .ολ
3340 4712 3384 4754 τθ
3410 4717 3707 4800 fpic'deest
3728 4716 3791 4772 in

374 4787 461 4871 0.,
512 4785 557 4819 7’
609 4782 701 4871 καί
738 4782 875 4871 .om.
927 4791 987 4841 Ο.
1050 4788 1109 4871 ’⁸ο
1164 4806 1222 4840 τε
1260 4782 1496 4871 inserui
1517 4807 1572 4871 (ξἒ
1722 4782 1775 4828 ’⁸¹
1812 4800 1893 4871 Ita
2078 4782 2139 4866 Ε,
2172 4793 2604 4871 ἡσυχότερον-Ο.
2681 4782 2891 4861 “aii-:1}
2915 4793 2981 4871 ξ,
3014 4795 3075 4871 ρ,
3110 4788 3241 4871 αὐτή
3278 4789 3367 4871 C_._
3414 4790 3460 4871 'f
3493 4785 3631 4861 μέγα
3660 4806 3794 4864 φρο-

368 4851 605 4942 νςούντωτν
634 4861 698 4942 Ο..
738 4858 785 4893 ⁸⁸
814 4856 1432 4942 παμμιούσωνηφζύλλων
1457 4860 1517 4917 C.
1536 4862 1694 4942 Prior
1722 4882 1828 4921 vox
1858 4851 2045 4942 dubio
2068 4851 2267 4942 procul
2285 4851 2387 4924 Est
2415 4851 2683 4942 barbara,
2708 4881 2813 4942 nec
2842 4851 2985 4942 satis
3019 4851 3202 4942 liquet
3223 4851 3370 4942 :qUid
3394 4861 3471 4916 Sit
3493 4851 3791 4942 'reboq'én‘

375 4927 533 5016 dum.
565 4928 729 5016 Forte
760 4927 1091 5016 παμμίκτων
1122 4927 1371 5016 φύλλων,
1393 4949 1525 4988 nam
1563 4940 1765 5005 postea
1788 4927 2330 5016 παντοίωνίδένδρων
2362 4936 2649 5016 meminit.
2669 4927 3105 5016 D._Crediderim
3126 4927 3446 5016 legi'posse
3470 4927 3788 5016 πεμμῄνων

370 4994 617 5077 φύλλων,
647 5006 709 5054 ut
740 4994 1144 5077 sighi'ﬁce_utur
1171 4994 1406 5077 arbores
1438 5021 1540 5077 per
1563 4994 1774 5064 omnes
1806 5027 2036 5068 menses
2068 4994 2232 5068 foliis'
2253 5011 2642 5073 abundantes,
2678 5009 2855 5062 etiam
2889 5006 3081 5061 media
3120 4994 3340 5077 aestate.
3392 4994 3795 5077 Cl._If§é3térea

371 5070 1045 5157 coniectaverit"aliqnuis
1099 5070 1597 5157 nappuptwvl‘sved
1657 5080 1905 5157 maxime
1963 5083 2168 5157 placet,
2201 5084 2352 5153 quod
2388 5070 2687 5157 proposuit
2718 5075 3354 5157 Lobeckiusﬁglaﬁlph-
3389 5092 3447 5146 P-
3482 5074 3606 5157 107;
3639 5091 3792 5157 πῖθ’

368 5136 633 5227 πλούσιον
667 5136 1363 5227 φύλλωνβκπαμμξούῄσὼν
1389 5143 1619 5227 ,φύλλων
1657 5136 2081 5227 0._Cotelerrii1ﬂsv
2098 5136 2303 5210 vacat;
2326 5136 2778 5227 πάμμῖούσωνιὶη
2811 5149 2969 5227 cal_ce
2999 5136 3277 5227 editionis
3308 5136 3793 5227 suaahmutavit'in

368 5210 728 5299 παμμούσων.
806 5216 851 5249 ⁸⁸
880 5210 1032 5270 ΙῑειὈ
1064 5210 1110 5271 οξ
1145 5210 1200 5277 S.
1238 5210 1418 5299 βραχὸ
1446 5220 1515 5290 τῇ
1549 5220 1614 5288 C,
1646 5222 1743 5292 qui
1810 5225 2057 5313 conrjecit
2121 5224 2298 5300 βρρχύ
2326 5210 2417 5279 τι..
2453 5210 2521 5258 ’⁸⁸
2551 5221 2856 5284 ὑποθέσεως
2887 5221 2946 5277 S.
3021 5219 3067 5254 ³⁵⁷
3100 5220 3186 5274 Ita
3236 5219 3394 5290 conj.
3426 5216 3488 5285 C,
3552 5216 3611 5271 in
3670 5216 3792 5287 cuj.

368 5289 529 5339 textu
565 5284 786 5353 αληθές.
820 5287 885 5341 Et
914 5290 972 5339 Ο.
1008 5284 1228 5357 ἀληθές,
1265 5306 1323 5343 1n
1358 5306 1542 5363 marg.
1578 5290 1651 5347 al.
1688 5310 1851 5351 man.
1893 5316 2017 5359 ισως
2046 5293 2264 5363 ἀληθεῖ.

714 5312 786 5345 ες.
820 5312 885 5341 ml.
914 5312 972 5339 υ.
1008 5312 1228 5357 αΛηυες,
1266 5312 1323 5343 1n
1358 5312 1542 5363 marg.
1578 5312 1651 5347 at.
1688 5312 1851 5351 man.
1893 5312 2017 5359 ισως
2046 5312 2264 5366 almam.

1812 5427 2097 5487 VARIUM
2138 5430 2368 5487 NOTIE.

441 5534 553 5623 (8.3)
579 5606 590 5623 ,
612 5536 863 5623 Αξαῖῗορά,
920 5535 1201 5623 τιιγχάνξι-
1238 5538 1472 5623 ,Τοίυτη
1560 5547 1782 5623 Ραρυιμ
1817 5546 2020 5623 coge!!!
2130 5545 2274 5623 τύχῃ
2301 5552 2360 5604 et
2389 5543 2643 5620 πατρῴαν
2679 5545 2977 5611 scribitur,
3011 5546 3151 5599 item
3197 5540 3414 5598 rectius
3445 5532 3801 5607 ἀληθεύοντα.

373 5607 545 5692 modo
575 5606 826 5692 habetur
853 5612 917 5692 in
954 5606 1175 5692 Ectbgis
1218 5613 1575 5692 .D_amasceni
1631 5606 1825 5692 capite
1891 5616 2023 5692 Περὶ
2134 5606 2270 5676 Coc}:

372 5676 651 5747 συνηθείας
711 5684 973 5758 πονηρᾶς,
1008 5676 1140 5752 οἰοῖ,
1174 5680 1288 5737 nisi
1347 5683 1501 5756 quod
1562 5676 1861 5744 omittitur
1915 5676 2025 5747 vox
