4116 6224
378 381 491 441 167

1202 376 1269 432 ς.
1317 372 1759 435 CLEMENTIS
1803 370 1828 433 Ι
1873 371 2064 432 ΒΟΜ.
2110 370 2339 431 ΡΟΝΤ.
2386 370 2645 431 OPERA
2694 371 2956 434 DUBIA.

3659 373 3780 433 168

377 510 474 583 pia
503 508 731 575 sit,vitzs
750 523 861 561 non
895 509 1052 561 esset
1082 502 1573 577 inutilis.Singula
1602 519 1855 574 namque
1876 502 2019 556 dum

2142 494 2296 569 σεεής
2328 520 2389 574 γε
2419 496 2512 572 ὢν,
2545 499 2643 555 οὐκ
2671 499 2987 578 ἀσύμφορος
3018 499 3077 554 ἂν
3111 496 3194 569 εἶή
3225 504 3305 572 τῷ
3352 500 3478 576 βίῳ.
3510 503 3776 565 Ἕκαστος

378 601 714 669 exspectant
744 597 1006 650 futurum
1023 610 1159 665 erga
1180 610 1242 649 se
1263 594 1359 649 Dei
1388 598 1598 648 cuncta
1628 592 2023 661 intuentisju-

377 685 700 754 dicium,ad
728 688 1047 755 temperate
1074 683 1385 739 vivendum
1421 682 1703 753 majorem
1736 681 2023 752 impetum

377 774 808 846 capiunt.Quod
841 773 888 827 si
920 773 1063 829 adeo
1082 788 1218 827 vera
1249 770 1325 829 sit
1354 772 1860 834 doctrina,zeterno
1892 786 2027 841 sup-

378 864 551 937 plicio
583 863 791 918 liberat
819 878 952 918 eum
1003 862 1102 933 qui
1136 860 1314 916 vitam
1349 860 1709 915 moderatam
1748 858 2023 925 traduxit,

379 952 673 1023 simulque
707 968 809 1024 pro
842 948 1122 1005 beneﬁcio
1162 948 1409 1021 largitur
1438 948 1635 1004 futura
1664 965 1698 1004 a
1726 947 1841 1003 Deo
1871 946 2027 1002 bona

380 1048 596 1099 aeterna
624 1046 679 1097 et
711 1038 1045 1095 ineffabilia.

450 1148 683 1203 XV.Sed
714 1146 783 1201 ad
818 1146 1074 1218 primam
1106 1148 1363 1200 revertor
1391 1144 1720 1200 Graecorum
1744 1160 1810 1198 ac
1841 1141 2026 1215 genti-

378 1237 525 1293 lium
556 1235 1046 1309 opinionem,quae
1078 1233 1219 1289 deos
1251 1232 1548 1289 fabulatur
1578 1232 1879 1303 multos,et
1907 1248 2027 1286 om-

378 1327 552 1382 nibus
583 1324 863 1381 obnoxios
890 1322 1448 1396 perturbationibus.
1473 1324 1554 1377 Ac
1584 1338 1658 1377 ne
1689 1322 1746 1376 in
1780 1338 1870 1377 res
1902 1337 2025 1377 cer-

377 1420 468 1471 tas
502 1414 753 1470 multum
787 1414 1085 1468 insumam
1119 1411 1419 1483 temporis,
1454 1414 1593 1466 dum
1640 1412 2025 1481 uniuscujus-

379 1522 491 1577 que
519 1520 720 1559 eorum
767 1503 865 1574 qui
899 1502 1052 1573 apud
1102 1518 1203 1556 vos
1256 1500 1335 1555 dii
1386 1500 1763 1556 nominantur
1812 1499 2024 1570 impios

378 1599 542 1650 actus
592 1609 880 1657 recenseo,
915 1594 1156 1645 cunctos
1210 1589 1444 1660 quidem
1496 1606 1611 1644 non
1652 1588 1839 1644 dicam
1895 1587 2023 1643 illo-

379 1700 508 1738 rum
542 1698 791 1747 amores,
824 1680 1004 1745 Jovis,
1058 1678 1332 1751 Neptuni,
1388 1678 1666 1749 Plutonis,
1717 1676 2022 1750 Apollinis.

378 1771 609 1839 Bacchi,
641 1769 926 1839 Herculis,
960 1785 1026 1824 ac
1068 1767 1457 1841 singulorum,
1490 1784 1637 1839 quos
1675 1783 1861 1837 neque
1913 1765 2024 1837 ipsi

2133 588 2235 663 γὰρ
2290 586 2589 663 προσδοκίᾳ
2637 594 2735 645 τοῦ
2789 592 3137 666 κριθήσεσθαι
3198 590 3300 645 ὑπὸ
3359 594 3455 645 τοῦ
3515 592 3779 647 παντεπό-

2132 697 2269 731 πτου
2296 682 2429 732 Θεοῦ
2459 678 2595 753 πρὸς
2622 676 2685 733 τὸ
2716 683 3011 756 σωφρονεῖν
3050 677 3262 750 μᾶλλον
3293 680 3392 748 τήν
3422 680 3601 755 ὁρμὴν
3636 680 3777 753 λαμ-

2133 759 2298 823 ϐάνει.
2349 766 2411 821 El
2444 763 2500 821 δὲ
2528 767 2617 821 καὶ
2673 764 2880 835 ἀληθὴς
2930 764 3013 838 εἴη
3049 768 3078 821 6
3109 765 3301 842 λόγος,
3349 766 3632 842 ἀπήλλαξε
3685 772 3775 843 μὲν

2132 854 2221 908 τὸν
2256 854 2549 933 σωφρόνως
2584 850 2887 929 βεϐιωκότα
2912 858 3010 924 τῆς
3039 854 3261 911 αἰωνίου
3290 854 3592 930 κολάσεως,
3616 879 3779 935 προσ-

2135 942 2454 1018 ευεργέτηκε
2486 946 2553 982 ¹ο⁰
2583 941 2641 998 δὲ
2667 949 2783 1006 τοῖς
2828 943 2933 999 ὑπὸ
2986 948 3081 998 τοῦ
3138 948 3272 1000 Θεοῦ
3318 941 3516 1009 ἀϊδίοις
3570 968 3629 1002 τε
3686 947 3777 1003 καὶ

2134 1030 2467 1108 ἀπορῥήτοις
2498 1033 2841 1108 γιγνομένοις
2873 1032 3117 1109 ἀγαθοῖς.

2203 1141 2317 1197 Χν.
2352 1137 2503 1208 Πλὴν
2534 1137 2783 1211 ἐπάνειμι
2816 1138 2903 1195 ἐπὶ
2948 1140 3048 1208 τὴν
3092 1139 3401 1214 πρωτίστην
3443 1146 3549 1197 τῶν
3583 1140 3779 1214 Ἐλλή-

2133 1249 2238 1283 νων
2269 1222 2447 1301 δόξαν,
2476 1229 2576 1297 τὴν
2616 1226 2863 1290 πολλοὺς
2910 1230 2999 1283 καὶ
3043 1231 3401 1293 παντοπαθεῖς
3443 1230 3597 1295 θεοὺς
3644 1231 3777 1287 εἶναι

2137 1315 2547 1392 μυθολογοῦσαν
2581 1320 2620 1373 ¹.
2654 1317 2752 1371 Καὶ
2776 1315 2870 1371 ’ίνα
2903 1318 2978 1390 μή
3011 1317 3088 1380 είς
3116 1319 3183 1373 τὰ
3214 1325 3355 1396 σαφῆ
3389 1322 3410 1356 ³
3439 1318 3613 1375 πολὺν
3658 1323 3782 1377 ἀνα-

2134 1404 2308 1462 λίσκω
2338 1406 2558 1482 γρόνον,
2587 1406 2808 1461 ἑκάστου
2837 1411 2945 1461 τῶν
2974 1405 3290 1482 λεγομενων
3335 1412 3467 1472 θεῶν
3515 1411 3610 1472 τάς
3656 1411 3779 1467 ἀσε-

2134 1490 2247 1557 ϐεῖς
2302 1497 2519 1571 πράξεις
2569 1494 2983 1570 εἰσηγούμενος,
3039 1496 3238 1559 πάντας
3300 1497 3394 1570 μὶν
3447 1498 3546 1554 οῦκ
3601 1499 3661 1554 ἂν
3711 1500 3782 1555 εἷ’-

2134 1605 2295 1657 ποιμι
2327 1583 2497 1638 αὐτῶν
2528 1584 2657 1646 τοὺς
2690 1582 2912 1658 ἔρωτας,
2944 1588 3041 1639 τοῦ
3090 1585 3213 1647 Διός
3261 1606 3317 1641 τε
3363 1587 3454 1641 καὶ
3510 1587 3781 1644 Ποσειδῶ-

2133 1693 2246 1739 νος,
2279 1670 2603 1734 Πλούτωνός
2630 1693 2689 1727 τε
2734 1672 2824 1727 καὶ
2855 1672 3229 1742 ’Δπόλλωνος,
3264 1675 3521 1731 Διονύσου
3572 1698 3632 1732 τε
3689 1678 3778 1733 καὶ

2136 1764 2288 1820 128
2347 1760 2677 1838 Ἡρακλεόυς
2706 1764 2729 1798 ⁸
2758 1761 2847 1817 καὶ
2902 1767 3011 1817 τῶν
3055 1766 3170 1818 καθ’
3222 1761 3315 1820 ἕνα
3363 1764 3611 1837 ἕκαστον,
3652 1769 3727 1823 ὧν
3757 1770 3781 1805 ⁸

377 1860 888 1934 ignoratis,utpote
917 1858 974 1912 in
997 1861 1325 1913 Graecorum
1356 1856 1567 1911 litteris
1598 1855 2025 1927 instituti,quas

2142 1849 2260 1906 οὐδὲ
2288 1851 2440 1906 αὐτοὶ
2474 1853 2739 1927 ἀγνοεῖτε,
2773 1850 2832 1906 ἐκ
2860 1850 3104 1915 παιδείας
3137 1852 3469 1925 Ἑλληνικῆς
3517 1856 3779 1930 ὁρμώμε-

376 1949 526 2005 vitas
553 1948 738 2004 edocti
769 1948 930 2017 estis,
964 1950 1028 2001 ut
1057 1950 1339 2017 tanquam
1373 1945 1613 2001 deorum
1655 1943 2024 2001 aemulatores

379 2037 598 2095 similia
628 2037 942 2109 peragatis.

450 2144 719 2200 XVI.Sed
754 2142 824 2198 ab
855 2143 981 2214 ipso
1014 2140 1267 2197 maximo
1299 2157 1432 2213 rege
1458 2141 1597 2197 Jove
1627 2139 2025 2207 ordiar;illius

380 2234 616 2305 quidem
652 2238 813 2305 pater
841 2232 1149 2296 Saturnus,
1185 2230 1381 2286 liberis
1426 2230 1572 2301 suis,
1608 2236 1671 2285 ut
1702 2229 1902 2285 soletis
1933 2245 2026 2285 re-

378 2324 547 2389 ferre,
581 2321 955 2387 devoratis,et
984 2318 1361 2374 adamantina
1390 2319 1536 2374 falce
1566 2318 1852 2373 demessis
1878 2315 2026 2389 patri

379 2411 531 2466 Cazlo
573 2409 947 2483 genitalibus,
982 2406 1213 2479 pietatis
1243 2424 1381 2480 erga
1411 2412 1677 2479 parentes
1706 2412 1764 2462 et
1808 2406 2026 2462 amoris

380 2500 439 2554 in
470 2499 682 2554 liberos
698 2498 767 2552 iis
798 2495 1154 2568 quideorum
1175 2495 1451 2567 mysteria
1471 2494 1823 2550 aemulantur
1839 2500 2027 2550 osten-

383 2589 472 2644 dit
501 2585 990 2657 exemplumese
1017 2600 1152 2638 vero
1178 2584 1407 2655 Jupiter
1438 2588 1659 2654 patrem
1691 2600 1865 2638 suum
1896 2584 2026 2637 vin-

382 2684 542 2732 ctum
574 2676 631 2729 in
662 2675 905 2729 Tartaro
937 2671 1240 2741 conclusit,
1273 2676 1330 2727 et
1359 2672 1505 2727 alios
1539 2672 1678 2726 deos
1705 2671 1892 2742 punit.
1917 2672 2025 2727 Pro

379 2766 456 2824 iis
486 2769 702 2829 autem,
736 2762 836 2834 qui
869 2763 1179 2818 nefandam
1214 2766 1440 2834 patrare
1469 2761 1669 2817 volunt
1697 2761 2026 2817 obscenita-

383 2860 524 2923 tem,
559 2853 735 2909 Metin
766 2869 900 2907 cum
949 2851 1252 2924 genuisset
1281 2851 1574 2922 absorpsit
1605 2867 1618 2905 :
1662 2867 1831 2922 porro
1862 2850 2027 2906 Metis

383 2949 508 3000 erat
536 2959 771 2999 semen:
807 2942 1088 2995 infantem
1120 2940 1277 2996 enim
1310 2940 1605 2995 absorberi
1641 2938 2024 3010 impossibile.

383 3032 448 3088 In
498 3030 892 3087 defensionem
922 3045 1056 3084 vero
1103 3046 1304 3085 eorum
1338 3029 1440 3101 qui
1490 3045 1801 3101 puerorum
1834 3028 2025 3083 indul-

381 3126 521 3194 gent
549 3119 1030 3190 amoribus,rapit
1060 3117 1454 3190 Ganymedem
1482 3118 1799 3184 ;adulteris
1830 3123 2026 3173 autem

2132 1961 2237 2013 νοι,
2272 1940 2364 2004 οὓς
2396 1938 2745 2011 ἐπαιδεύθητε
2779 1940 2950 2017 βίους,
2974 1939 3066 1997 ’ίνα
3105 1942 3181 2004 ὡς
3224 1939 3467 2012 ζηλωταὶ
3495 1950 3604 1999 τῶν
3646 1948 3782 2002 θεῶν

2130 2030 2199 2085 τά
2227 2028 2396 2103 ὅμοια
2425 2029 2715 2103 πράττητε.

2204 2137 2347 2193 XVI.
2382 2137 2503 2190 Ἀπ’
2531 2135 2696 2191 αὐτοῦ
2728 2133 2785 2191 δὲ
2829 2141 2926 2191 τοῦ
2977 2136 3409 2213 βασιλικωτάτου
3452 2141 3573 2204 Διὸς
3621 2139 3780 2216 ἄρξο-

2137 2247 2253 2298 μαι,
2289 2225 2350 2280 οὗ
2382 2226 2409 2279 ὁ
2441 2226 2534 2297 μὶν
2562 2226 2742 2300 πατὴρ
2776 2225 2978 2301 Κρόνος
3006 2227 3075 2281 τά
3105 2224 3215 2282 ἴδια
3242 2229 3418 2300 τέκνα,
3453 2230 3529 2292 ὡς
3570 2229 3779 2305 λέγετε,

2132 2314 2430 2382 καταπιὼν,
2462 2318 2531 2387 τῇ
2562 2316 2584 2350 ⁸
2615 2313 2666 2384 ἐξ
2695 2311 3002 2387 ἀδάμαντος
3034 2315 3178 2391 ἅρπῃ
3222 2322 3318 2371 τοῦ
3365 2318 3565 2391 πατρὸς
3613 2320 3784 2394 Οὐρα-

2131 2407 2228 2458 νοῦ
2269 2404 2336 2458 τά
2370 2403 2534 2479 μόρια
2566 2403 2796 2480 θερίσας,
2827 2410 2927 2473 τῆς
2972 2404 3108 2477 πρὸς
3154 2411 3326 2481 γονεῖς
3371 2402 3641 2470 εὐσεϐείας
3690 2406 3782 2463 καί

2132 2499 2232 2561 τῆς
2264 2493 2400 2566 πρὸς
2430 2492 2589 2547 τέκνα
2617 2495 2638 2529 ⁸
2668 2491 2853 2570 φιλίας
2898 2498 3015 2554 τοῖς
3072 2494 3140 2548 τὰ
3199 2496 3432 2567 μυστικά
3484 2501 3590 2551 τῶν
3647 2502 3783 2561 θεῶν

2138 2582 2363 2651 ζηλοῦσι
2422 2580 2513 2635 τὸν
2571 2581 2929 2657 ὑπογραμμὸν
2957 2584 2977 2619 ⁷
3009 2579 3224 2652 ἔδειξεν.
3258 2583 3432 2645 Αὐτὸς
3480 2582 3537 2639 δὲ
3594 2586 3623 2640 6
3652 2585 3781 2649 Ζεὺς

2130 2670 2224 2725 τὸν
2275 2669 2440 2724 αὑτοῦ
2494 2671 2697 2743 πατέρα
2755 2667 2923 2740 δήσας
2962 2672 3233 2747 καθεῖρξεν
3263 2671 3338 2734 εἰς
3368 2672 3656 2749 Τάρταρον,
3688 2674 3779 2729 καὶ

2131 2758 2261 2820 τοὺς
2292 2756 2498 2819 ἄλλους
2535 2756 2755 2827 κολάζει
2790 2757 2960 2820 θεούς.
2993 2764 3115 2820 Τοῖς
3149 2758 3207 2813 δὲ
3254 2760 3645 2837 ἀῤῥητουργεῖν
3690 2765 3776 2819 θὲ-

2136 2846 2293 2903 λουσι
2346 2849 2447 2916 τὴν
2508 2854 2679 2917 Μῆτιν
2740 2849 2993 2923 γεννήσας
3041 2849 3310 2903 κατέπιενι
3352 2852 3419 2919 ἦν
3449 2847 3506 2905 δὲ
3534 2854 3568 2920 ἠ
3603 2858 3777 2921 Μῆτις

2134 2939 2287 3014 γονή’
2347 2938 2542 3014 βρέφος
2618 2937 2722 3010 γὰρ
2806 2942 3083 2991 καταπιεῖν
3163 2935 3444 2995 ἀδύνατον.
3502 2941 3659 3016 Ὑπὲρ
3718 2939 3781 2996 δὶ

2134 3024 2433 3101 ἀπολογίας
2484 3022 2853 3101 παιδεραστῶν
2904 3023 3227 3098 Γανυμήδην
3281 3030 3302 3063 ⁸
3356 3028 3599 3103 ἀρπάζει·
3663 3051 3784 3103 μοι·

2135 3120 2261 3191 χοῖς
2294 3111 2351 3169 δὶ
2379 3114 2509 3190 ὑπὲρ
2546 3114 2795 3190 μοιχείας
2832 3115 3047 3189 βοηθῶν
3078 3114 3235 3179 αὐτὸς
3266 3115 3536 3180 πολλάκις
3580 3120 3782 3194 μοιχὸς

381 3209 441 3264 in
476 3208 760 3264 adulterio
792 3224 960 3278 opem
996 3208 1206 3275 ferens,
1239 3206 1363 3277 ipse
1394 3222 1545 3278 saepe
1573 3206 1833 3261 moechus
1865 3205 2022 3261 inve-

2142 3202 2457 3278 soploxstat'
2511 3200 2934 3281 ἀδελφοφθορεῖν
2990 3206 3011 3239 ⁵
3069 3201 3127 3258 δὲ.
3181 3204 3472 3279 προτρέπει
3521 3203 3783 3283 ἀδελφαῖς

383 3300 563 3354 nitur.
598 3297 683 3351 Ad
716 3312 946 3351 sorores
977 3294 1152 3350 etiam
1194 3295 1491 3349 ducendas
1520 3294 1747 3365 invitat,
1781 3310 2022 3368 congre-

383 3386 552 3442 diens
604 3402 738 3441 cum
770 3384 1090 3450 sororibus,
1120 3384 1368 3451 Junone,
1415 3389 1635 3446 Cerere,
1669 3384 1885 3439 Venere
1916 3401 2025 3439 cm-

385 3474 725 3546 lesti,quam
758 3471 1023 3529 nonnulli
1060 3473 1354 3528 Dodonam
1384 3478 1629 3540 vocant;
1663 3472 1735 3528 iis
1765 3489 1897 3528 vero
1928 3472 2027 3544 qui

383 3579 520 3621 cum
555 3562 784 3618 ﬁliabus
815 3561 1179 3617 commisceri
1215 3560 1477 3631 cupiunt,
1511 3577 1644 3616 cum
1686 3561 2031 3633 Proserpina

386 3667 737 3723 congressus
749 3650 1077 3722 exemplum
1091 3649 1424 3721 improbum
1441 3666 1509 3705 ex
1529 3649 1741 3705 fabulis
1755 3651 2027 3706 efficitur.

384 3740 509 3797 Alia
560 3756 793 3813 quoque
847 3740 1157 3795 innumera
1204 3738 1383 3811 impie
1413 3739 1614 3811 gessit,
1638 3745 1703 3794 ut
1732 3740 1802 3795 ab
1833 3739 2033 3810 impiis

386 3830 729 3887 hominibus
760 3833 996 3901 propter
1024 3832 1469 3899 exsuperantem
1518 3828 2031 3900 intemperantiam

388 3917 725 3975 fabulosum
777 3917 992 3989 dogma
1021 3916 1092 3972 de
1139 3915 1301 3973 illius
1331 3916 1635 3972 divinitate
1685 3933 2033 3989 persuasum

388 4006 580 4063 fuerit.

461 4112 914 4168 XVII.Homines
943 4112 1179 4183 quidem
1212 4110 1479 4167 indoctos
1508 4128 1742 4183 aequum
1771 4113 2039 4169 videatur

391 4200 547 4257 circa
576 4201 683 4255 has
704 4201 1010 4271 Opiniones
1042 4200 1196 4254 haud
1232 4198 1481 4254 multum
1513 4200 1909 4272 indignari.lis
1939 4220 2039 4258 au-

390 4294 532 4359 tem,
564 4289 664 4359 qui
698 4288 756 4342 in
790 4288 997 4343 litteris
1046 4288 1303 4343 instituti
1336 4288 1592 4352 fuerunt,
1625 4289 1907 4360 quidnam
1944 4291 2040 4346 di-

392 4393 520 4432 cere
550 4375 822 4447 oportet?
853 4376 953 4446 qui
983 4376 1353 4447 grammatici
1385 4381 1443 4432 et
1474 4376 1751 4449 sophista:
1782 4394 1909 4433 esse
1940 4396 2040 4451 ge-

392 4465 636 4520 stientes
659 4464 767 4519 has
788 4465 1045 4520 actiones
1063 4464 1177 4521 diis
1206 4465 1413 4537 dignas
1428 4482 1555 4521 esse
1572 4467 2038 4523 affirmant.Cum

391 4553 549 4610 enim
573 4552 1129 4625 ipsiincontinentes
1159 4553 1630 4619 sint,fabularum
1654 4561 1889 4628 accepto
1904 4573 2043 4628 pra-

394 4642 752 4713 textu,quasi
785 4642 1098 4698 numinum
1129 4642 1474 4710 imitatores,
1497 4643 1675 4700 libere
1709 4649 2044 4717 perpetrant

393 4730 610 4802 turpia.

2136 3290 2424 3363 συνελθὼν,
2456 3294 2599 3364 ’Ήρᾳ
2652 3292 2743 3346 καὶ
2785 3293 3035 3368 Δήμητρι
3092 3292 3182 3347 καὶ
3223 3297 3292 3366 τῇ
3336 3293 3559 3369 οὐρανίᾳ
3590 3296 3784 3373 ’Δφρο-

2138 3379 2276 3456 δίτῃ,
2310 3381 2375 3450 ἥν
2402 3402 2538 3443 τινες
2571 3378 2838 3451 Δωδώνην
2876 3384 2919 3419 ¹⁰
2948 3364 3191 3456 λέγουσι·
3222 3364 3341 3444 τοῖς
3390 3364 3447 3437 δὲ
3488 3364 3784 3461 θυγατράσι

2142 3470 2419 3546 μίγνυσθαι
2454 3468 2810 3545 βουλομένοις
2862 3470 3165 3548 Περσεφόνῃ
3195 3468 3574 3541 συνεληλυθὼς
3614 3474 3787 3549 παρά-

2140 3558 2334 3634 δειγμα
2388 3558 2626 3633 πονηρὸν
2660 3557 2719 3612 ἐκ
2749 3561 2900 3616 129
2956 3564 3061 3614 τῶν
3109 3559 3289 3632 μύθων
3347 3560 3568 3636 γίνεται.
3599 3560 3781 3618 ’Ἄλλα

2137 3668 2196 3703 τε
2227 3651 2264 3686 ¹¹
2314 3647 2477 3723 μυρία
2507 3642 2791 3717 ἠσέϐηκεν,
2817 3644 2909 3701 ἵνα
2940 3648 3043 3702 ὑπὸ
3071 3652 3178 3702 τῶν
3230 3643 3499 3703 δυσσεὸῶν
3538 3646 3626 3703 διὰ
3677 3651 3777 3718 τήν

2141 3732 2590 3813 ὑπερϐάλλουσαν
2622 3735 2878 3811 ἀκρασίαν
2910 3736 3026 3798 θεὸς
3058 3739 3103 3775 ¹²
3136 3736 3269 3792 εἶναι
3301 3738 3329 3792 6
3359 3740 3525 3810 μῦθος
3575 3735 3781 3813 δογμα-

2138 3824 2318 3900 τισθῇ.

2215 4110 2381 4167 XVII.
2416 4106 2679 4172 ’ἰδιώταις
2737 4106 2891 4185 ἔχοις
2946 4109 3069 4186 περὶ
3128 4113 3235 4165 τῶν
3285 4109 3550 4167 τοιούτων
3585 4110 3795 4184 ὑπολή-

2145 4202 2288 4271 ψεων
2339 4199 2648 4274 ἀγανακτεῖν
2701 4196 2935 4274 μετρίως
2985 4195 3231 4276 εὔλογον.
3263 4204 3388 4262 Τοῖς
3445 4198 3502 4256 δὲ
3560 4201 3619 4256 ἐκ
3672 4222 3796 4257 παι-

2147 4285 2290 4349 δείας
2366 4287 2710 4363 ὁρμωμένοις
2763 4287 2816 4342 τί
2872 4285 2955 4343 δεῖ
3010 4289 3099 4343 καὶ
3156 4287 3371 4365 λέγεινς
3432 4290 3505 4345 ὧν
3553 4312 3693 4353 τινες
3749 4292 3797 4329 ⁸³

2145 4376 2515 4452 γραμματικοὶ
2544 4376 2632 4430 καὶ
2666 4376 2912 4454 σοφισταὶ
2964 4377 3234 4447 ἀξιοῦντες
3284 4378 3414 4433 εἶναι
3469 4379 3563 4441 τάς
3610 4378 3793 4434 τοιαύ-

2146 4485 2240 4527 τας
2271 4463 2485 4540 πράξεις
2517 4465 2647 4519 θεῶν
2690 4464 2838 4535 ἀξίας
2885 4464 3017 4520 εἶναι
3080 4461 3408 4542 βεϐαιοῦσιν,
3442 4467 3609 4523 Αὐτοὶ
3666 4468 3794 4543 γὰρ,

2149 4554 2397 4629 ἀκρατεῖς
2428 4549 2595 4625 ὄντες,
2626 4552 2826 4624 ταύτης
2870 4556 2970 4623 τῆς
3024 4557 3256 4628 μυθικῆς
3316 4557 3638 4634 προφάσεως
3697 4555 3799 4611 λα·-

2153 4638 2398 4716 6όμενοι,
2422 4640 2498 4704 ὡς
2529 4639 2586 4697 δὶ
2618 4642 2855 4715 μιμηταὶ
2905 4647 3015 4699 τῶν
3070 4644 3392 4720 κρειττόνων
3449 4642 3655 4719 ἄσεμνα
3685 4642 3801 4700 δια-

2152 4730 2520 4809 πραττόμενοι
2548 4730 3030 4807 παῤῥησιάζονται.

1738 4908 1983 4967 νΔΒΙᾸΞ
2019 4911 2435 4969 LEGTIONES.

470 5056 538 5093 ¹⁰⁰
590 5054 1066 5144 προσευηργὲτηκε
1267 5063 1284 5098 ί
1344 5060 1493 5116 Vbb.
1533 5058 1648 5143 ,τῂν
1682 5056 1953 5144 ’πολλοὺς
2007 5060 2098 5115 καὶ
2155 5092 2224 5144 τ-
2274 5059 2691 5144 ⁵μυθολογοῦσαν
2714 5060 2842 5144 εἷσε.
2876 5060 3059 5144 in_0_.
3094 5062 3346 5144 Adnotat
3383 5062 3517 5144 S_,_C
3545 5060 3803 5144 edidisse

398 5128 781 5209 πανταπαθεῖς,
816 5128 970 5209 quod
1027 5130 1264 5209 quidem
1323 5148 1439 5187 non
1492 5130 1603 5209 nisi
1665 5131 1761 5209 de_
1792 5132 2011 5209 Glerico
2070 5139 2235 5209 recte
2270 5128 2637 5206 intelligitur.
2714 5128 2978 5209 ²ἀσφαλῇ
3011 5137 3070 5188 C.
3142 5128 3804 5209 εμαβκξρακλέωςρρ

396 5196 694 5273 Ἡρακλέος
724 5200 789 5266 Ο,
824 5196 921 5271 qui
981 5196 1229 5258 su'binde
1286 5219 1399 5258 scr.
1458 5202 1670 5258 καθὲνα,
1746 5204 1768 5238 ⁴
1797 5201 1944 5260 Sede
2015 5222 2117 5261 ron

399 5268 553 5323 αὐτοὶ
585 5269 730 5332 ἀγν,,
759 5268 911 5326 παιδ.
943 5270 1064 5327 ἐλλ.
1100 5274 1252 5332 ὁρμ..
1287 5274 1361 5327 ὧν
1390 5270 1738 5332 ἐπαιδεύθητε
1773 5273 1945 5332 βίους.

399 5268 553 5348 αὐτοὶ
585 5269 735 5348 ἀγν.,
759 5268 1064 5348 παὶδ.λέλλ.
1100 5274 1252 5348 ὁρμ..
1287 5274 1361 5327 ὧν
1390 5270 1738 5348 ἐπαιδεύθητε
1773 5273 1945 5348 βίους.

401 5338 774 5441 ῦὲολγραμζμᾶὲν
792 5338 1141 5441 Αὲοςζηὲἓξ
1171 5338 1314 5429 ’804,
1368 5347 1423 5441 ,δὲ
1446 5338 1802 5434 Γαννυμήδην
1852 5348 1957 5441 ρετ
1994 5349 2016 5383 ⁸
2044 5338 2460 5441 ἀδελφοκτονῗεῖν
2503 5348 2563 5413 C,
2613 5338 3017 5441 ἀδελφογαμεῖν

2123 5206 2388 5279 ominum
2416 5198 2663 5279 m'utatg,
2696 5198 3072 5279 scribendum
3107 5222 3121 5279 ς
3156 5204 3261 5279 οὓς,
3282 5198 3386 5279 (sc.
3420 5198 3806 5279 Epwtac)_oo§i

2118 5278 2281 5349 (ἅμα
2308 5279 2376 5349 τῇ
2428 5277 2554 5349 cod.
2607 5276 2742 5349 Βρες.
2773 5276 2899 5332 804.
2974 5277 2997 5313 ⁸
3026 5275 3163 5349 πρὸς
3208 5275 3299 5331 τά
3328 5275 3594 5349 magn
3632 5275 3670 5310 Ὕ¹⁷
3699 5277 3810 5329 τῶν

3141 5351 3205 5405 it.
3256 5366 3307 5406 ο.
3338 5350 3430 5415 51,
3482 5343 3808 5420 ἀδελφοκοι-

396 5415 692 5500 ignem.
725 5418 761 5468 ὃ
789 5430 857 5470 ex
886 5415 1149 5500 analogia
1179 5419 1334 5474 vocis
1363 5415 1780 5500 ἀρῥενοκοιτεῖν.
1859 5420 1904 5500 ξο
1934 5419 2051 5493 Leg
2103 5415 2335 5500 A_v.o')vr,v.
2368 5420 2499 5475 Haac
2523 5436 2630 5474 vox
2660 5415 2979 5500 haud'raro
3012 5421 3071 5491 (v
3096 5415 3318 5500 Jacobii
3381 5422 3511 5476 Lex.
3543 5415 3710 5500 ἔξιθι.
3744 5434 3805 5500 ρ.

397 5486 546 5559 260),
580 5484 680 5540 illa
710 5503 1015 5559 nunquam

1098 5506 1328 5563 enerem
1362 5490 1978 5563 significat._l‘}amdem
2012 5490 2405 5563 conjecturam
2439 5490 2815 5563 proposuisse
2862 5490 3028 5547 video
3075 5493 3505 5563 Volckenarum
3528 5492 3715 5563 μίαν.
3748 5490 3812 5545 ῐη

398 5558 682 5644 Euripi}.
720 5558 821 5613 163
850 5558 986 5644 edit.
1006 5561 1374 5644 ,ᾕρεε-ξηρο-
1396 5558 1560 5644 lfom_1
1584 5577 1643 5644 ν,
1678 5561 1747 5615 13
1774 5558 2223 5644 eodemjteriim
2258 5558 2469 5644 mendo
2494 5558 2714 5644 legitur
2742 5559 2984 5644 ξίύλπρις,
2998 5563 3065 5644 ἢ]
3097 5564 3186 5644 καὶ
3216 5560 3485 5644 Δωδιίζνην
3515 5558 3810 5644 λεγουσιν,

401 5628 661 5709 ἓὺὶᾼνὶἀο
692 5628 1142 5709 quaa_adnotavit
1157 5632 1255 5709 _Cl.
1290 5632 1478 5709 Etiam
1507 5633 1762 5709 Epitome
1791 5649 1858 5709 c._
1873 5636 1963 5702 51,
1987 5634 2166 5693 habet
2194 5631 2465 5703 Δωδώνην
2492 5628 2585 5690 8.’
2633 5635 2677 5670 ¹¹
2709 5630 2770 5709 γὲ
2797 5628 2872 5691 C.'
2938 5628 2985 5671 ¹Ἵ²
3017 5628 3284 5694 Fortasse
3313 5628 3481 5697 θεῖος.
3512 5638 3571 5692 8.
3607 5628 3618 5635 ’
3648 5633 3695 5671 ¹³
3724 5628 3816 5690 Ita

403 5697 465 5772 8,
497 5697 542 5754 Ο
574 5714 625 5754 c.
656 5697 784 5758 cod.
816 5701 957 5777 Reg.
988 5704 1115 5775 804,
1145 5702 1192 5777 ᾦ
1222 5722 1363 5765 τινες
1394 5703 1457 5774 C,
1489 5697 1588 5775 qu'i
1616 5703 1772 5776 conj.
1804 5698 1859 5757 οἵ
1888 5697 2047 5768 τινες.
