4116 6224
242 350 366 413 469

1414 348 1952 412 CLEMENTINA.
1983 380 2060 394 --
2096 347 2426 410 HOMILIA
2472 349 2579 409 IV.

3547 349 3665 409 170

315 484 519 539 XVIII.
553 481 651 536 Διά
695 484 856 536 τοῦτο
921 479 1091 536 αὐτῶν
1146 479 1345 553 πολλῷ
1406 478 1628 536 ἔλαττον
1689 481 1740 535 οἱ
1786 485 1902 534 κατ’

2082 480 2569 546 XVIII.Quocirca
2599 480 2783 538 multo
2817 481 3014 537 minus
3046 480 3119 537 iis
3140 481 3414 537 aberrant
3442 480 3525 536 illi
3559 481 3663 555 qui

242 572 405 647 ἀγρὸν
474 572 720 646 βιοῦντες
778 568 1231 645 ἐξαμαρτάνουσιν
1267 611 1282 638 ,
1343 568 1442 624 οὐκ
1496 567 1807 646 εἰσηγμένοι
1862 570 1907 603 ¹⁶

2032 570 2134 625 'uri
2168 571 2409 641 degunt,
2444 588 2558 626 non
2590 586 2763 644 prave
2789 570 3041 626 instituti
3073 571 3132 625 iu
3165 569 3258 637 iis,
3292 570 3508 643 quibus
3548 570 3657 626 im-

242 664 507 733 πονηρῶς
539 657 612 713 δι’
658 658 731 712 ὧν
784 658 1120 734 εἰσήχθησαν
1163 660 1221 712 οἱ
1267 662 1435 713 ταῦτα
1478 656 1814 731 τολμῶντες,
1848 655 1909 711 ἐκ

240 747 497 809 παιδείας
547 755 723 817 κακῆς
774 743 985 803 ἀσεϐεῖν
1022 747 1416 820 μεμαθηκότες.
1453 748 1515 801 Oi
1558 749 1657 824 γάρ
1690 747 1744 802 ἐκ
1779 767 1905 801 παι-

246 836 338 899 δὸς
370 835 465 891 διὰ
494 841 608 891 τῶν
652 835 919 891 τοιούτων
958 836 1137 909 μύθων
1192 837 1541 909 μανθάνοντες
1588 837 1907 912 γράμματα,

246 927 321 982 ἔτι
376 926 571 999 ἀπαλῇ
624 923 754 999 οὔσῃ
790 928 859 999 τῇ
906 928 1059 1001 ψυχῇ
1108 925 1204 987 τὰς
1242 929 1350 979 τῶν
1406 923 1714 1001 λεγομὲνων
1773 926 1907 979 θεῶν

246 1012 463 1076 inﬁci:
496 1012 721 1089 πράξεις
754 1013 830 1075 εἰς
880 1014 974 1068 τὸν
1015 1013 1186 1069 αὐτῶν
1238 1013 1541 1093 συμφύουσι
1572 1019 1719 1069 νοῦν·
1767 1013 1907 1083 ὅθεν,

178 1106 181 1107 ⁷
248 1101 652 1173 ἐπαυξηθείσης
694 1108 792 1171 τῆς
820 1099 1068 1171 ⁴ἡλικίας,
1119 1102 1192 1164 ὡς
1237 1102 1376 1157 κακὰ
1421 1101 1703 1176 σπέρματα
1750 1122 1910 1157 κατα-

248 1188 527 1261 ὃληθέντα
554 1195 627 1264 τῇ
659 1189 812 1264 ψυχῇ
842 1189 1279 1269 τελεσφοροῦσιν·
1312 1191 1403 1246 καὶ
1449 1192 1513 1247 τὸ
1560 1193 1772 1247 πάντων
1804 1211 1909 1267 χα-

249 1282 599 1351 λεπώτατον,
632 1278 717 1334 ὅτι
746 1277 872 1334 οὐδὲ
906 1282 953 1317 ¹³
980 1280 1268 1349 ἐκκοπῆναι
1321 1278 1521 1356 ῥᾳδίως
1570 1280 1680 1336 ἐστὶ
1727 1282 1795 1357 τᾷ
1833 1280 1912 1334 ἑν-

250 1368 600 1446 ερῥιζωμὲνα
628 1363 794 1439 ἀσεόή
806 1388 970 1441 ματα,
1022 1368 1220 1424 ὁπόταν
1254 1371 1297 1406 ¹⁶
1345 1366 1692 1445 ἀνδρωθεῖσιν
1726 1369 1909 1431 αὐτοῖς

248 1461 473 1534 χαλεπά
532 1457 671 1512 εῖναι
728 1464 937 1526 νοῆται.
997 1458 1079 1512 Ἐν
1140 1459 1223 1519 οἷς
1269 1458 1373 1532 γὰρ
1423 1461 1536 1532 (85)
1584 1456 1807 1521 ἕκαστος
1853 1458 1913 1513 ἐκ

250 1546 460 1602 παίδων
494 1546 750 1615 ἐθίζεται,
779 1545 999 1608 τούτοις
1031 1545 1283 1619 ἐμμένειν
1325 1543 1534 1616 ἥδεται,
1579 1547 1667 1602 καὶ
1717 1546 1910 1616 οὕτως,

251 1644 340 1706 τῆς
375 1634 671 1705 συνηθείας
719 1635 781 1688 ού
834 1633 983 1689 πολὺ
1032 1632 1253 1690 ἔλαττον
1303 1636 1441 1709 πρὸς
1480 1636 1578 1704 τὴν
1628 1635 1783 1714 φύσιν
1818 1632 1911 1689 δυ-

250 1726 511 1797 ναμένης,
572 1718 1017 1796 δυσμετάϐλητοι
1070 1722 1310 1799 γίνονται
1365 1725 1500 1800 πρὸς
1556 1726 1625 1780 τὰ
1686 1727 1761 1799 μὴ
1822 1725 1914 1780 ἀπ’

250 1815 431 1890 ἀρχῆς
466 1813 659 1875 αὐτοῖς
691 1806 1102 1882 καταϐληθέντα
1130 1812 1199 1888 τῇ
1225 1816 1380 1889 ψυχῇ
1412 1812 1572 1869 καλά.

320 1923 481 1978 181)
512 1924 656 1975 XIX.
710 1918 803 1973 Διὸ
846 1919 962 1995 χρὴ
1001 1920 1089 1973 καὶ
1136 1918 1265 1982 τοὺς
1314 1918 1465 1981 νέους
1507 1921 1582 1993 μὴ
1632 1924 1748 1981 τοῖς
1797 1917 1913 1975 δια-

251 2009 570 2088 φθείρουσιν
604 2009 879 2062 ἀσκεῖσθαι
934 2011 978 2047 "
1028 2009 1359 2081 μαθήμασιν,
1391 2008 1481 2062 καὶ
1530 2007 1656 2071 τοὺς
1698 2008 1783 2063 ἐπὶ
1814 2014 1915 2077 τῆς

254 2102 441 2169 ἀκμῆς
494 2098 653 2157 ὅντας
704 2096 985 2169 ἐπιμελῶς
1037 2096 1461 2162 ὑποστέλλεσθαι
1493 2104 1595 2167 τῆς
1634 2095 1914 2168 Ἐλλήνων

254 2186 545 2241 ἐπακούειν
608 2185 966 2260 μυθολογίας.
1026 2184 1178 2240 Ηολὺ
1236 2186 1340 2262 γὰρ
1404 2186 1639 2259 ἀμαθίας
1698 2185 1919 2262 χείρονά

256 2276 363 2331 ἐστι
392 2276 464 2330 τά
496 2276 629 2351 παρ’
660 2274 847 2336 αὐτοῖς
902 2276 1215 2347 μαθήματα,
1248 2276 1321 2337 ὡς
1369 2272 1429 2329 ἐκ
1473 2279 1579 2330 τῶν
1609 2276 1725 2329 κατ’
1757 2276 1920 2352 ἀγρὸν

256 2364 586 2434 οἰκούντων,
620 2360 801 2417 διὰτὸ
853 2363 930 2435 μὴ
978 2360 1328 2433 παιδευθῆναι
1374 2364 1441 2417 τὰ
1491 2364 1613 2439 παρ’
1649 2361 1917 2434 Ἕλλησιν

256 2451 484 2509 ’ἔλαττον
552 2451 1010 2527 ἁμαρτανόντων,
1070 2449 1418 2525 ἀπεδείξαμεν
1454 2496 1467 2510 .
1528 2453 1788 2508 Φιυκτὲον
1851 2449 1917 2521 δὴ

257 2544 384 2604 τοὺς
413 2540 711 2602 τοιούτους
766 2540 967 2613 μύθους
1011 2540 1185 2595 αὐτῶν
1237 2541 1325 2596 καὶ
1369 2542 1436 2596 τὰ
1486 2540 1679 2616 θέατρα
1725 2541 1814 2596 καὶ
1858 2541 1923 2595 τά

264 2626 471 2706 βιϐλία·
510 2628 626 2685 ei“);
676 2626 895 2683 δυνατὸν
945 2630 1032 2701 ἦν,
1062 2631 1151 2684 καὶ
1202 2630 1297 2692 τὰς
1345 2625 1556 2687 πόλεις.
1592 2632 1783 2687 Κακῶν
1817 2631 1920 2706 γὰρ

270 2721 616 2793 μαθημάτων
675 2719 933 2793 γέμοντες
982 2718 1071 2773 καὶ
1118 2719 1362 2781 πνέοντες
1403 2724 1520 2774 τοῖς
1572 2722 1616 2758 ¹³
1666 2718 1923 2792 συναμιλ-

271 2808 575 2881 λωμὲνοις,
609 2806 791 2879 ὥσπερ
836 2806 1033 2862 λύσσαν
1072 2811 1134 2877 η,
1164 2812 1283 2870 τοῖς
1329 2809 1564 2879 πλησίον
1603 2806 1923 2882 μεταδιδόα-

272 2919 344 2951 σιν
376 2899 451 2951 ὧν
486 2896 821 2951 πεπόνθασιν
872 2895 1042 2954 αὐτοί.
1091 2897 1163 2951 Τὸ
1213 2894 1270 2951 δὲ
1318 2895 1733 2973 χαλεπώτατον,
1777 2898 1923 2961 ὅστις

268 2989 391 3063 παρ’
424 2986 618 3047 αὐτοῖς
649 2984 843 3041 πλεῖον
893 2982 1263 3056 πεπαιδευται,
1312 2984 1511 3060 πολλῷ
1556 2991 1654 3042 τοῦ
1709 2990 1755 3024 ²⁰
1792 2986 1928 3042 κατά

271 3076 428 3153 φύσιν
459 3072 624 3136 οὗτος
656 3076 701 3111 ²¹
734 3079 945 3151 φρονεῖν
978 3073 1348 3151 ἐπιτέτραπται.

2015 657 2142 714 buti
2174 666 2312 715 sunt
2342 659 2439 731 qui
2471 660 2583 715 ista
2609 658 3074 732 audent,quique
3096 676 3128 715 a
3150 658 3305 715 mala
3333 658 3663 715 eruditione

2016 747 2380 820 impietatem
2404 747 2905 805 didicerunt.Nam
2939 747 3041 819 qui
3063 764 3290 821 apuero
3317 765 3420 821 per
3447 748 3553 803 has
3583 748 3667 804 fa-

2018 836 2187 893 bulas
2219 838 2403 893 edocti
2438 842 2578 893 sunt
2609 837 2996 904 litteras,cum
3021 837 3212 893 adhuc
3243 841 3407 893 tener
3426 841 3517 893 est
3544 836 3666 893 ani-

2019 926 2395 999 mus,impias
2419 930 2756 999 putatorum
2790 926 3031 982 deorum
3053 924 3309 981 actiones
3340 925 3519 981 menti
3544 942 3663 981 suae

2020 1015 2289 1071 inserunt
2322 1032 2335 1071 :
2371 1032 2550 1088 quare
2581 1016 2784 1072 adulta
2813 1018 3003 1081 aetate,
3036 1014 3223 1070 instar
3253 1012 3539 1070 malorum
3572 1030 3663 1070 se-

2021 1104 2250 1159 minum
2278 1104 2336 1160 in
2368 1105 2626 1159 animam
2659 1104 3039 1175 dejectorum,
3072 1103 3327 1159 fructum
3358 1102 3581 1159 ferunt:
3607 1106 3668 1159 et

2020 1194 2175 1265 quod
2207 1197 2296 1249 est
2323 1192 2587 1249 omnium
2619 1191 3055 1265 gravissimum,
3090 1191 3259 1248 facile
3289 1209 3404 1247 non
3448 1191 3671 1247 exscin-

2021 1283 2243 1338 duntur
2271 1283 2541 1338 radicatm
2561 1280 3253 1354 impietates,quandoilli
3278 1281 3383 1336 viri
3407 1280 3542 1337 facti
3567 1296 3667 1337 eas

2021 1387 2225 1444 graves
2256 1372 2573 1443 noxiasque
2605 1387 2733 1427 esse
2764 1370 3119 1443 intelligunt.
3155 1371 3218 1426 ln
3252 1369 3468 1443 quibus
3507 1370 3667 1425 enim

2022 1461 2426 1533 unusquisque
2457 1478 2490 1515 a
2513 1460 2730 1517 teneris
2770 1460 3075 1528 assuescit,
3108 1458 3183 1515 iis
3231 1459 3407 1532 gestit
3454 1459 3667 1515 immo-

2021 1550 2137 1605 rari
2172 1567 2184 1605 :
2219 1549 2586 1622 sicque,quia
2614 1549 2975 1605 consuetudo
2994 1565 3108 1604 non
3142 1548 3329 1604 multo
3360 1547 3559 1604 minus
3574 1564 3671 1603 va-

2020 1638 2102 1695 let
2133 1656 2309 1712 quam
2341 1644 2573 1705 natura,
2609 1655 2757 1712 aegre
2788 1641 3207 1694 convertuntur
3253 1638 3325 1694 ad
3380 1654 3448 1693 ea
3493 1638 3668 1707 bona,

2022 1745 2148 1799 quae
2181 1728 2464 1801 principio
2495 1727 2553 1783 in
2584 1728 2848 1800 ipsorum
2880 1728 3110 1805 animos
3161 1744 3275 1783 non
3310 1727 3545 1783 fuerunt
3574 1726 3666 1783 in-

1942 1854 1990 1918 B
2014 1819 2192 1889 jecta.

2094 1923 2235 1980 XIX.
2268 1924 2454 1988 Quare
2480 1926 2727 1994 Oportet,
2761 1926 2825 1978 ut
2854 1923 3019 1995 pueri
3062 1920 3525 1994 corruptricibus
3556 1938 3673 1978 non

2026 2018 2401 2069 exerceantur
2429 2011 2781 2083 disciplinis,
2813 2016 2869 2067 et
2900 2012 3000 2083 qui
3032 2012 3090 2065 in
3120 2011 3262 2066 ﬂore
3290 2010 3477 2066 aetatis
3507 2014 3671 2081 sunt,

2029 2101 2340 2173 diligenter
2386 2100 2773 2156 cohibeantur
2820 2100 3151 2156 Graecorum
3184 2100 3388 2155 audire
3421 2098 3671 2155 fabulas.

2029 2190 2211 2247 Multo
2241 2190 2420 2256 enim,
2455 2206 2633 2262 quam
2660 2189 2915 2261 inscitia,
2949 2190 3110 2262 pejor
3137 2194 3226 2244 est
3256 2205 3458 2244 eorum
3492 2188 3675 2244 scien-

2030 2282 2148 2349 tia;
2182 2279 2677 2351 quemadmodum
2728 2294 2797 2334 ex
2840 2278 3079 2335 rusticis
3129 2277 3518 2346 ostendimus,
3549 2277 3672 2349 qui,

2030 2370 2186 2441 quod
2236 2368 2493 2425 Grmcam
2524 2385 2637 2423 non
2690 2371 3042 2439 acceperunt
3089 2365 3498 2434 eruditionem,
3542 2381 3675 2437 pec-

2030 2463 2165 2513 cant
2197 2458 2411 2513 minus.
2444 2457 2664 2529 Fugere
2696 2457 2875 2529 igitur
2898 2460 3126 2528 oportet
3154 2455 3299 2512 tales
3329 2453 3567 2511 illorum
3599 2454 3679 2510 fa-

2031 2546 2220 2614 bulas,
2253 2552 2309 2602 et
2338 2546 2584 2609 theatra,
2618 2550 2674 2601 et
2704 2544 2906 2612 libros,
2940 2544 3248 2610 et,utinam
3282 2544 3406 2599 ﬁeri
3441 2543 3672 2616 posset!

2032 2636 2206 2692 etiam
2232 2633 2803 2691 civitates.Ma1arum
2837 2633 2992 2689 enim
3016 2633 3455 2689 institutionum
3488 2631 3676 2688 homi-

2035 2744 2137 2781 nes
2170 2724 2322 2797 pleni
2371 2730 2429 2780 et
2467 2724 2778 2796 spirantes,
2813 2723 3325 2796 congredientibus
3371 2721 3673 2795 proximis,
3760 2744 3761 2751 η

2033 2818 2316 2887 tanquam
2332 2813 2709 2886 rabiem,quae
2732 2812 2839 2885 ipsi
2854 2813 3013 2885 passi
3026 2817 3164 2869 sunt
3183 2810 3686 2883 tradunt.thu0d

2036 2914 2125 2960 est
2156 2901 2842 2976 pessimum,quicunque
2871 2902 3027 2974 apud
3058 2918 3155 2958 eos
3189 2899 3376 2975 magis
3399 2904 3487 2957 est
3508 2899 3679 2956 insti-

2035 2998 2222 3060 tutus,
2257 2991 2389 3064 plus
2420 2992 2491 3047 ab
2523 3008 2611 3063 ea,
2646 3008 2773 3063 qua
2805 2991 3131 3048 secundum
3162 2994 3434 3048 naturam
3463 2992 3574 3057 est,
3590 3004 3683 3045 ra-

2034 3082 2194 3138 tione
2220 3081 2479 3137 deﬂexus
2509 3084 2616 3136 est.

338 3183 463 3240 XX.
504 3182 665 3243 Τινὲς
714 3178 773 3236 δὲ
817 3185 923 3236 τῶν
956 3182 1080 3257 παρ’
1111 3180 1294 3243 αὐτοῖς
1321 3181 1411 3237 καὶ
1461 3179 1751 3260 φιλόσοφοι
1792 3182 1918 3239 εἶναι

2108 3189 2221 3245 ΧΧ.
2255 3187 2503 3255 Quidam
2552 3191 2747 3243 autem
2780 3187 2931 3243 inter
2960 3203 3080 3254 eos,
3113 3186 3210 3258 qui
3241 3190 3299 3242 et
3343 3184 3680 3259 philosophi

266 3271 554 3341 ἀξιοῦντες
607 3270 673 3324 τά
722 3273 947 3324 τοιαῦτα
1003 3270 1369 3344 ἁμαρτήματα
1424 3268 1688 3350 ἀδιάφορα
1744 3274 1788 3309 ²²
1842 3271 1926 3328 τί-

257 3362 467 3430 θενται,
500 3359 593 3412 καὶ
622 3357 752 3421 τοὺς
783 3358 871 3413 ἐπὶ
916 3364 1035 3421 ταῖς
1080 3359 1356 3422 τοιαύταις
1402 3360 1620 3436 πράξεσι
1653 3360 1923 3437 χαλεπαί-

255 3470 457 3510 νοντας
518 3450 778 3518 ἀνοήτους
834 3446 1102 3524 λὲγουσιν.
1163 3448 1234 3503 Οὐ
1292 3451 1392 3526 γάρ
1453 3448 1617 3521 ἐστιν,
1667 3450 1814 3527 φασὶ,
1859 3450 1926 3506 τὰ

255 3543 494 3594 τοιαῦτα
552 3542 620 3611 τῇ
679 3538 827 3615 φύσει
890 3539 1275 3615 ἁμαρτήματα,
1338 3538 1436 3594 ὅσα
1493 3544 1667 3604 θετοῖς
1724 3540 1926 3617 ἀπηγό-

258 3648 454 3701 ρευται
485 3625 683 3697 νόμοις
716 3627 817 3681 ὑπὸ
844 3631 954 3681 τῶν
980 3628 1098 3681 κατ’
1146 3628 1319 3703 ἀρχάς
1368 3628 1671 3702 γενομένων
1720 3634 1923 3707 σοφῶν,

260 3715 353 3771 δια
390 3718 453 3770 τὸ
508 3713 728 3781 εῗδὲναι,
761 3714 843 3770 δτι
893 3716 945 3770 οἱ
992 3713 1268 3791 ἄνθρωποι
1320 3715 1616 3792 εύριπίστῳ
1648 3720 1802 3794 ψυχῇ
1836 3718 1924 3773 ἐπὶ

256 3811 385 3866 τοῖς
412 3803 691 3865 τοιούτοις
728 3804 976 3880 μεγάλως
1009 3803 1302 3880 ἀχθόμενοι
1340 3805 1476 3880 πρὸς
1508 3803 1791 3877 ἀλλήλους
1825 3807 1923 3862 πό-

261 3894 443 3968 λεμον
480 3891 749 3969 αἴρονται.
797 3896 892 3948 Ὧν
933 3889 1087 3948 ἕνεκα
1132 3894 1296 3967 νόμον
1347 3894 1523 3957 θὲντες
1574 3896 1625 3949 οἱ
1675 3897 1831 3975 σοφοὶ
1860 3898 1928 3952 τὰ

260 3982 505 4039 τοιαύτα
558 3981 637 4044 ὠς
684 3983 1050 4058 ἁμαρτήματα
1082 3982 1455 4059 ἀπηγόρευσαν
1494 4027 1507 4041 .
1542 3983 1761 4040 Γελοῖον
1795 3988 1841 4022 ²³
1871 3983 1928 4041 δὲ

261 4074 447 4133 οῧτως
484 4066 914 4143 ὑπολαμϐάνειν.
967 4076 1091 4133 Πῶς
1138 4072 1240 4148 γὰρ
1272 4072 1381 4147 οὑχ
1428 4074 1796 4149 ἁμαρτήματά
1826 4075 1925 4130 εἶσι

2038 3295 2166 3335 esse
2213 3277 2558 3350 gloriantur,
2591 3276 2705 3332 ista
2751 3282 2987 3349 peccata
3018 3275 3240 3332 faciunt
3267 3273 3677 3345 indiil‘erentia,

2034 3384 2265 3437 eosque,
2295 3367 2395 3437 qui
2425 3365 2641 3421 talibus
2671 3370 3020 3421 succensent
3065 3365 3415 3432 actionibus,
3463 3362 3676 3419 stultos

2036 3457 2259 3512 dicunt.
2291 3455 2416 3510 Non
2446 3454 2625 3521 enim,
2659 3454 2953 3526 inquiunt,
2987 3454 3106 3509 haec
3140 3459 3349 3509 natura
3378 3457 3517 3509 sunt
3546 3468 3680 3524 pec-

2035 3552 2185 3613 cata,
2219 3562 2351 3617 quze
2382 3560 2485 3615 per
2512 3542 2662 3599 latas
2693 3542 2851 3615 leges
2899 3543 3210 3598 interdicta
3240 3547 3379 3598 sunt
3403 3558 3437 3596 a
3468 3539 3679 3613 primis

2035 3633 2422 3707 sapientibus,
2454 3632 2675 3688 scilicet
2705 3633 2922 3704 quibus
2951 3636 3313 3703 exploratum
3346 3628 3684 3693 erat,homi-

2036 3741 2141 3779 nes
2173 3722 2371 3777 mobili
2408 3720 2574 3776 facile
2605 3720 2823 3789 animo,
2844 3719 2999 3776 circa
3028 3719 3167 3775 talia
3195 3719 3568 3774 vehementer
3595 3717 3681 3772 of-

2035 3813 2251 3879 fensos,
2286 3809 2504 3865 bellum
2537 3809 2593 3864 in
2627 3826 2689 3865 se
2719 3813 2925 3864 mutuo
2973 3812 3350 3879 suscepturos
3380 3823 3391 3861 :
3428 3820 3680 3878 quapro-

2035 3907 2165 3975 pter
2193 3900 2509 3972 sapientes,
2540 3898 2667 3971 lege
2696 3896 3024 3968 posita,ista
3053 3895 3209 3951 velut
3237 3895 3449 3951 delicta
3480 3893 3676 3967 prohi-

2035 3992 2233 4045 buere.
2274 3990 2351 4043 lta
2382 4004 2515 4043 vero
2547 3986 2815 4042 arbitrari
2865 3989 2955 4041 est
2981 3984 3314 4040 ridiculum.
3348 3986 3474 4050 Qua
3523 3984 3681 4038 enim

2038 4080 2262 4135 ratione
2295 4082 2531 4150 peccata
2562 4092 2674 4130 non
2699 4078 2993 4144 sunt,quze
3021 4073 3311 4129 tumultus
3330 4073 3683 4145 producunt,

260 4163 333 4215 τὶ
367 4156 621 4236 θορύϐων
672 4162 819 4216 131
874 4160 961 4213 καὶ
1012 4159 1189 4236 φόνων
1240 4161 1329 4215 καὶ
1376 4169 1627 4239 ταραχῆς
1674 4162 1850 4234 πάσης
1883 4166 1918 4200 ²⁴

2038 4172 2094 4224 et
2124 4166 2459 4231 homicidia,
2491 4180 2846 4235 omnemque
2894 4162 3401 4219 conturbationem
3429 4160 3457 4216 7
3483 4161 3687 4216 Nonne

264 4248 421 4303 α’τια
454 4268 469 4317 ;
505 4248 541 4317 ἧ
574 4248 679 4323 γὰρ
729 4248 827 4302 οὐκ
868 4246 927 4302 ἐκ
978 4248 1232 4324 μοιχείας
1282 4248 1641 4305 ἀνακύπτουσι
1677 4252 1808 4327 βίων
1842 4273 1929 4308 πε-

269 4337 565 4415 ριγραφαὶ,
599 4334 761 4391 οἷ’κων
793 4336 1126 4412 ἀναστάσεις,
1162 4343 1401 4415 μαγεῖαι,
1432 4336 1610 4415 δόλοι,
1639 4341 1857 4418 ἀπορίαι
1884 4344 1930 4379 ³³

264 4428 365 4483 καὶ
398 4424 545 4482 ἄλλα
576 4423 751 4481 πλείω
782 4427 922 4481 κακά
956 4445 971 4497 ;

348 4535 489 4592 XXI.
522 4531 703 4589 Ἀλλά
731 4529 820 4588 διά
858 4532 932 4605 τί,
964 4533 1149 4612 φησὶν,
1203 4532 1232 4590 ὀ
1265 4534 1426 4611 ἀνὴρ,
1473 4534 1560 4592 ἐὰν
1609 4537 1780 4613 ἀγνοῇ
1826 4541 1926 4610 τήν

1959 4476 2007 4542 Ι)

2038 4255 2193 4311 enim
2224 4272 2293 4311 ex
2339 4252 2626 4309 adulterio
2658 4252 2930 4307 oriuntur
2978 4251 3197 4307 festinae
3243 4254 3482 4317 mortes,
3516 4247 3685 4304 fami-

2037 4344 2251 4401 liarum
2283 4341 2773 4416 perturbationes,
2828 4341 3057 4414 magiae,
3089 4340 3347 4408 fraudes,
3378 4336 3689 4411 angustiae,

2039 4440 2097 4491 et
2126 4434 2297 4507 plura
2327 4432 2441 4489 alia
2474 4430 2677 4488 mala?

2108 4540 2249 4597 XXI.
2282 4540 2393 4596 Sed
2424 4556 2551 4607 cur,
2582 4536 2882 4609 inquit,vir
2910 4535 2960 4593 si
2989 4535 3219 4609 ignorat
3247 4548 3486 4591 uxorem
3516 4545 3687 4588 suam

1649 4708 1886 4766 νΑΗΙίΕ
1927 4708 2339 4769 LECTIONES.

348 4824 396 4857 ¹⁸
426 4818 818 4895 εἰσηγούμενοι
848 4824 912 4879 Ο.
948 4821 992 4860 ¹⁸
1024 4822 1213 4895 Ιιαίδ,
1265 4817 1387 4895 οὔτε
1434 4822 1495 4894 C,
1548 4823 1612 4879 Ο.
1650 4826 1692 4861 ¹⁶
1721 4826 1876 4881 ὁπότ’
1906 4828 1967 4882 ἄν
1998 4829 2060 4885 C.
2093 4830 2242 4885 Tum
2291 4830 2484 4892 νοῆται
2528 4822 2571 4879 Ο
2621 4839 2672 4879 ο·
2696 4894 2701 4895 γ
2724 4823 2808 4890 Su
2848 4824 3052 4895 νοεῖταί
3099 4823 3157 4875 C-
3180 4820 3235 4895 _"
3264 4816 3691 4895 éﬂezaei‘jay'

277 4887 747 4968 lcct.Aap._'J_oan.
778 4894 1290 4968 DamLaccedente
1312 4893 1375 4968 ο.
1411 4887 1592 4968 quam
1612 4896 1920 4956 lectionem
1957 4903 2161 4957 merito
2192 4887 2561 4954 commendat
2590 4899 2650 4957 Ο,
2683 4887 2956 4968 ἀρκεῖσθαι
2989 4893 3142 4947 idem
3177 4888 3524 4968 intentu.‘is
3555 4887 3693 4943 Dele

279 4970 398 5043 ταῖς
428 4958 577 5043 εἰς
608 4961 803 5024 λύσσας
929 4966 1081 5043 Tum
1130 4958 1676 5043 p6113t303_&tv‘c._2°
1723 4972 1807 5043 Ita
1854 4973 1936 5040 S.,
1985 4975 2172 5043 1513p,
2220 4988 2305 5021 τοι
2355 4973 2420 5043 ρἒ
2472 4958 2887 5043 βεβοηθρἀυω
2947 4970 3087 5037 puto
3123 4980 3135 5018 :
3168 4958 3367 5043 πολλῴ
3413 4959 3503 5041 τον
3560 4977 3696 5043 κατα

282 5036 446 5112 φύσιν
501 5035 660 5112 οὗτος
710 5039 921 5112 φρονῶν
972 5027 1338 5112 ἐπιτέτραπταιΪ
1405 5039 1475 5112 D._
1517 5039 1560 5074 ²¹
1616 5041 1699 5112 Itaf
1744 5042 1787 5098 Ο
1837 5060 1886 5098 c.
1923 5027 2002 5097 ID.
2038 5027 2222 5100 ὀὕτως
2271 5039 2423 5112 ϐη²²
2474 5027 2578 5112 Ιῐαδ
2602 5042 2659 5093 et
2704 5038 2769 5104 Ο,
2821 5027 3153 5112 sec.‘man._
3179 5033 3237 5087 in
3288 5027 3574 5103 margine,
3603 5027 3694 5112 καὶ

276 5098 521 5183 διάφορα
554 5111 613 5161 in
644 5098 848 5183 teit'u“.
874 5109 920 5143 ²³
950 5110 1092 5183 inde
1122 5098 1156 5162 ὸ.
1184 5109 1373 5164 verbis
1393 5105 1615 5183 γελοῖον
1649 5107 1705 5164 δὲ
1734 5114 2001 5183 Clemens
2048 5130 2155 5170 suo
2178 5181 2185 5183 Α
2206 5098 2443 5166 nomine
2491 5098 2875 5183 refutat_eam_
2907 5105 3278 5183 sententiam,
3312 5098 3487 5183 qua'm
3522 5105 3694 5183 antea

277 5172 656 5254 exposuerat.
710 5183 771 5254 δέ
800 5180 846 5214 ²⁴
892 5180 1067 5247 πάσης
1115 5172 1463 5254 παραχῆςᾼίξ.
1505 5182 1556 5254 ²ξ
1587 5183 1724 5238 Vbb.
1779 5180 1943 5254 οἴκων
1995 5181 2328 5252 ἀναστάσεις,
2349 5183 2607 5254 μαγεῖαι,
2641 5175 2818 5254 δόλοι,
2851 5176 3068 5254 ἀπορίαι
3101 5172 3472 5233 accesserunt
3499 5187 3569 5227 ex
3606 5172 3691 5240 0;

279 5247 401 5307 var.
439 5251 575 5307 lect.
606 5267 700 5322 ap.
732 5250 773 5306 C
801 5256 934 5324 post
964 5247 1304 5327 περιγραφαῖ
1325 5252 1458 5308 add.
1494 5247 1658 5306 0'3th
1692 5253 2035 5326 καταλύσεις,
2072 5247 2324 5331 μαγεῖαι,
2345 5247 2526 5321 δόλοι,
2560 5247 2810 5325 ἀπορίαι.

1664 5405 2046 5464 VARIORUM
2086 5403 2321 5463 ΝΟΤίΕ.

358 5526 478 5597 (85)
511 5525 597 5579 Ἐν
657 5527 740 5588 οἷς

1144 5523 1498 5600 μυθολογίας.
1563 5529 1943 5604 Subjungun-

2054 5530 2230 5599 hanc,
2249 5527 2488 5585 omnino
2518 5528 2671 5599 certe
2703 5524 3171 5599 amplectendam
3200 5517 3497 5589 ἀσκεῖσθαι,
3528 5529 3700 5573 exer-

358 5527 478 5597 (85)
511 5527 597 5579 Ἐν
657 5527 740 5588 οἷς
1144 5527 1498 5600 μυθολογίας.
1563 5529 1943 5604 Subjungun-
2054 5527 2488 5599 hanc,omnino
2518 5528 2671 5581 certe
2703 5542 2836 5596 amp

288 5599 599 5678 tur_capiti
633 5600 695 5654 11
731 5617 765 5655 a
792 5548 844 5678 ξς
882 5600 1265 5678 Damasceno,
1298 5617 1332 5678 a
1361 5616 1489 5678 quo
1528 5602 1782 5678 citantur
1810 5621 1945 5660 cum
2054 5605 2187 5678 ceri,
2220 5618 2325 5676 pro
2371 5598 2670 5676 ἀρκεῖσθαι.
2704 5596 2836 5655 Cor.

290 5670 655 5744 quibusdam
686 5672 849 5744 parvi
895 5672 1178 5728 momenti
1207 5670 1609 5744 varietatibus,
1643 5674 1693 5732 si
1742 5674 1946 5736 demas

583 5797 845 5861 PATBOL.
892 5798 1002 5863 Gn.
1049 5797 1127 5862 ll.

3384 5788 3424 5859 6
