4086 6216
386 375 496 435 Πί

1223 361 1288 419 8.
1335 350 1778 418 CLEMENTIS
1822 347 1848 409 Ι
1894 343 2085 406 ROM.
2131 341 2362 401 PONT.
2410 336 2672 401 OPERA
2713 333 2979 396 DUBIA.

3677 330 3792 390 I73

388 506 733 570 adulterare,
784 495 1067 571 zelotypia
1111 510 1227 551 non
1275 491 1532 559 effertur,
1567 501 1681 543 non
1732 478 2022 543 irascitur,

2160 474 2330 527 μαυτοῦ
2386 474 2611 548 γυναῖκα
2663 461 3087 541 μοιχευομένην,
3140 460 3203 517 οὗ
3253 459 3435 534 ζηλοῖ,
3485 461 3549 516 οὑ
3588 462 3793 534 θυμοῦ-

2325 560 2339 571 .
2520 553 2549 571 Ω
2581 562 2604 571 κ
2697 555 2711 571 θ
2840 551 2861 571 Χ
2978 556 3000 568 υ
3082 550 3152 571 ΛΟΙ
3349 550 3363 571 Ι
3435 546 3459 571 η
3635 554 3663 565 ⁸⁸
3748 550 3763 571 Ι

390 546 733 570 “summe,
784 546 1065 571 πωπω
1112 546 1226 551 ____
1285 546 1299 548 _
1340 546 1369 547 η
1519 546 1532 559 ,

390 614 505 654 non
536 591 954 659 tumultuatur,
985 603 1100 643 non
1151 582 1302 640 bella
1332 581 1444 637 ciet
1464 579 1492 634 ‘2
1520 577 1721 647 Itaque
1748 571 1865 628 ista
1916 585 2032 624 non

2160 583 2252 635 ται,
2285 560 2347 616 οὑ
2380 553 2623 637 θορυϐεῖ,
2658 555 2719 611 οὑ
2763 551 3001 626 πολεμεῖ
3034 572 3048 621 ;
3080 550 3264 613 Οὕτως
3310 550 3407 606 οὑκ
3435 546 3549 605 ἔστι
3596 554 3666 624 τῇ
3699 550 3794 628 φύ-

2308 649 2320 659 .
2500 653 2527 659 ρ.
2759 643 2772 659 \
2865 644 2879 659 ο
2928 640 2948 659 Ἴ
2976 640 2992 659 \
3054 642 3068 659 ο
3137 637 3188 659 W‘
3390 641 3403 659 ξ
3446 641 3470 659 Δ
3534 640 3546 659 Ι
3714 638 3738 659 δ
3757 639 3770 659 Ι

389 688 530 744 sunt
555 688 765 740 natura
793 677 971 743 mala,
1001 690 1202 732 verum
1250 671 1452 742 iniqua
1479 667 1789 723 hominum
1837 656 2032 732 opinio

390 775 588 850 gravia
620 788 688 829 ea
718 770 873 826 facit.
909 768 1027 840 Ego
1059 768 1253 821 autem
1282 760 1394 827 aio,
1428 756 1604 830 quod,
1636 749 1905 826 quamvis
1936 746 2036 802 illa

393 881 511 922 non
560 861 829 918 accidant
875 852 1269 919 incommoda,
1320 865 1388 905 ex
1430 841 1850 903 consuetudine
1900 852 2035 893 cum

393 951 679 1012 adulterio
712 950 797 1019 fit,
831 950 899 1004 ut
924 945 1015 1002 vel
1045 941 1292 999 maritus
1338 938 1662 1002 deseratur,
1693 930 1780 987 vel
1807 934 1865 986 et
1893 942 2038 982 uxor

392 1042 641 1100 insidias
670 1041 880 1105 struat,
910 1034 999 1092 vel
1036 1033 1235 1089 labore
1263 1027 1371 1084 viri
1420 1029 1586 1099 parta
1618 1019 1841 1078 moecho
1890 1031 2036 1090 prae-

395 1133 531 1190 beat
560 1156 575 1200 ;
610 1134 791 1202 utque
820 1140 1059 1200 peregre
1088 1121 1342 1195 profecto
1373 1115 1639 1186 conjuge,
1673 1126 1806 1165 cum
1841 1106 1943 1162 illa
1971 1120 2039 1160 ex

394 1221 656 1279 adultero
684 1214 1035 1288 conceperit,
1067 1194 1227 1267 metu
1258 1199 1729 1280 reprehensionis
1776 1195 1925 1252 uteri
1958 1194 2037 1250 fe-

393 1317 521 1369 tum
552 1310 775 1367 nitatur
803 1285 1142 1367 labefacere,
1167 1300 1383 1369 ﬁatque
1411 1285 2039 1355 infanticida,vel,dum

396 1399 741 1475 perdit,ipsa
770 1392 947 1452 simul
977 1385 1362 1465 pereat.Quod
1388 1384 1460 1450 si,
1492 1397 1625 1437 cum
1656 1396 1723 1435 ea
1768 1377 2040 1432 manente

393 1490 537 1559 viro,
569 1505 637 1545 ex
667 1484 890 1543 moecho
921 1479 1252 1552 concipiens
1282 1472 1743 1548 parit.educatus
1772 1481 1917 1538 puer
1946 1479 2043 1535 pa-

394 1588 544 1637 trem
577 1576 920 1641 nescit,eum
941 1587 1074 1626 vero
1095 1567 1197 1641 qui
1215 1582 1330 1621 non
1348 1566 1591 1633 est,esse
1623 1560 1817 1631 putat;
1842 1554 2042 1624 sicque

398 1667 675 1736 moriens,
738 1664 836 1737 qui
897 1664 1062 1734 pater
1116 1672 1231 1712 non
1290 1657 1406 1720 est,
1467 1650 1653 1706 alieno
1714 1645 1833 1700 filio
1890 1644 2043 1697 bona

400 1775 510 1815 sua
540 1728 1146 1825 derelin-quitbuanta
1169 1748 1359 1801 autem
1396 1744 1451 1795 et
1482 1737 1597 1794 alia
1615 1733 1768 1790 mala
1783 1749 1847 1787 ex
1882 1728 2040 1785 adul-

400 1847 532 1905 terii
563 1849 773 1901 natura
798 1839 936 1897 oriri
955 1836 1144 1894 solent
1167 1834 1179 1888 l
1202 1829 1507 1888 Nescimus
1530 1831 1724 1881 tamen
1749 1820 2039 1876 malorum

402 1933 648 1993 occulta.
682 1925 1189 1996 Quemadmodum
1220 1922 1377 1976 enim
1407 1914 1675 1971 rabiosus
1707 1909 2047 1980 canis,quos

400 2016 921 2096 tangit,interimit,
955 2010 1417 2070 occultissimam
1463 2002 1685 2059 rabiem
1717 1994 2046 2055 communi-

402 2082 564 2180 cans,
602 2082 697 2166 ita
742 2113 800 2164 et
847 2082 1118 2162 adulterii
1169 2095 1579 2155 absconditum
1633 2088 1884 2155 malum,
1935 2082 2046 2141 etsi

402 2204 726 2276 ignoretur,
759 2191 1123 2269 posteritatis
1154 2187 1428 2261 procurat
1468 2179 1867 2238 exscisionem.

472 2379 642 2439 XXII.
672 2377 892 2433 Verum
922 2372 1031 2428 hoc
1062 2384 1219 2425 nunc
1250 2364 1673 2434 relinquamus.
1707 2356 1859 2411 Illud
1895 2356 2050 2409 certe

404 2472 626 2530 scimus
673 2481 898 2532 omnes,
930 2460 1278 2534 plerumque
1309 2468 1438 2508 eam
1483 2450 1554 2504 ob
1586 2461 1824 2503 causam
1856 2442 2048 2498 homi-

404 2579 509 2618 nes
537 2559 813 2616 effrenate
851 2531 1045 2616 ira—sci,
1078 2549 1383 2619 propterea
1414 2538 1566 2595 bella
1613 2538 1830 2599 exorta,
1867 2531 2048 2586 factas

405 2653 715 2708 domorum
758 2640 1106 2708 eversiones,
1157 2651 1221 2690 ac
1275 2630 1510 2687 urbium
1568 2621 2047 2696 expugnationes,

407 2740 638 2811 aliaque
675 2735 1006 2791 innumera.
1040 2726 1228 2791 Quare
1258 2736 1363 2793 ego
1413 2717 1484 2772 ad
1517 2718 1786 2771 sanctum
1816 2710 2048 2765 Judzeo-

404 2846 535 2887 rum
570 2828 752 2883 Deum
784 2824 1165 2887 sanctamque
1193 2807 1532 2867 eorumdem
1558 2804 1741 2876 legem
1775 2818 1876 2855 con
1890 2797 2044 2871 fugi;

405 2935 541 2976 cum
554 2916 726 2971 fidem
740 2909 925 2980 certoj
937 2905 1126 2963 udicio
1149 2899 1511 2963 habuissem,
1528 2892 1681 2966 quod
1698 2908 1766 2946 ex
1781 2889 2043 2956 Deijusto

400 3007 621 3081 judicio
652 3010 709 3061 et
735 3001 828 3057 lex
859 3000 971 3055 ﬁxa
1000 2995 1075 3051 sit
1106 3009 1171 3048 ac
1202 2986 1461 3052 definita,
1494 2989 1552 3039 et
1584 2981 1783 3037 anima
1811 2976 2049 3033 omnino

406 3065 510 3171 pro
542 3092 764 3151 meritis
795 3102 1021 3155 eorum,
1055 3098 1179 3155 quae
1212 3076 1417 3151 gessit,
1449 3070 1760 3143 aliquando
1792 3065 2046 3137 recipiet.

2146 671 2225 706 σει
2265 649 2331 705 τὰ
2375 653 2599 705 τοιαῦτα
2646 643 2803 716 κακὰ,
2855 640 3000 697 ἀλλὰ
3044 642 3079 711 ἡ
3132 637 3332 716 ἄλογος
3379 640 3677 714 ἀνθρώπων
3711 638 3794 695 δόο

2145 761 2305 809 κησις
2349 743 2517 794 ταῦτα
2565 736 2876 792 δεινοποιεῖ.
2927 731 3071 806 Ἐγὼ
3103 726 3160 785 δέ
3202 751 3369 808 φημι,
3419 729 3525 797 ὅτι,
3574 728 3668 784 κᾶν
3710 732 3783 801 μὴ

2144 829 2211 883 τὰ
2266 826 2411 883 δεινά
2464 831 2632 883 ταῦτα
2698 818 2969 897 συμϐαίνῃ
3004 866 3020 892 ,
3081 816 3355 894 ἐνδέχεται
3414 818 3669 891 συνηθείᾳ
3717 823 3786 893 τῇ

2273 878 2411 883 """
2476 878 2630 883 *ν’-’-
2770 878 2780 897 ι
2944 878 2969 895 ι·
3006 878 3019 892 1
3202 878 3241 894 η.
3534 878 3577 888 .-
3648 878 3659 891 .
3763 878 3786 893 ,.

2144 918 2282 995 πρὸς
2312 919 2402 973 τὸν
2440 916 2639 992 μοιχὸν
2688 915 2723 983 ἢ
2768 913 2858 968 τὸν
2907 907 3074 985 ἄνδρα
3122 908 3436 973 ἀπολιπεῖν,
3467 908 3503 977 ἢ
3536 906 3625 962 καὶ
3675 928 3794 962 συν-

2147 1011 2399 1063 οικοῦσαν
2450 1000 2857 1072 ἐπιϐουλεῦσαι,
2889 1000 2924 1070 ἢ
2953 998 3020 1054 τὰ
3063 1001 3162 1053 τοῦ
3206 994 3395 1072 ἀνδρὸς
3442 995 3600 1069 κόπῳ
3629 1015 3798 1051 πεπο-

2148 1096 2371 1169 ρισμένα
2399 1098 2478 1165 τῷ
2512 1096 2697 1168 μοιχῷ
2741 1093 3058 1165 παρασχεῖν·
3093 1084 3181 1141 καὶ
3231 1081 3650 1157 ἀποδημοῦντος
3695 1088 3796 1140 τοῦ

2149 1182 2341 1259 ἀνδρὸς
2374 1177 2749 1238 συλλαϐοῦσαν
2801 1178 2861 1234 ἐκ
2896 1182 2993 1232 τοῦ
3040 1179 3264 1252 μοιχοῦ,
3299 1171 3390 1229 διὰ
3436 1175 3500 1228 τὸ
3529 1170 3796 1237 αἰδεῖσθαι

2146 1273 2236 1329 τὸν
2270 1271 2520 1348 ἔλεγχον,
2570 1270 2632 1324 τὸ
2680 1268 2816 1323 κατά
2862 1265 3095 1341 γαστρὸς
3144 1267 3361 1341 φθεῖραι
3406 1259 3658 1332 θελῆσαι,
3704 1260 3797 1316 καὶ

2148 1360 2391 1439 γενέσθαι
2441 1357 2812 1427 τεκνοκτόνον,
2872 1357 2907 1426 ἢ
2959 1354 3049 1409 καὶ
3108 1351 3427 1431 φθείρουσαν
3476 1351 3799 1429 συμφθαρῆ-

2148 1434 2255 1508 ναι.
2290 1450 2352 1505 EI
2383 1448 2461 1520 δὲ,
2496 1446 2745 1509 συνόντος
2768 1449 2864 1501 τοῦ
2887 1440 3182 1520 ἀνδρὸς,ἐκ
3213 1444 3418 1515 μοιχοῦ
3446 1434 3798 1495 συλλαϐοῦσα

2151 1542 2321 1611 τέκοι,
2358 1537 2679 1614 ἀνατραφεὶς
2711 1537 2738 1591 6
2770 1539 2896 1596 παῖς
2926 1533 3019 1588 τὸν
3057 1532 3152 1605 μὶν
3211 1529 3415 1605 πατέρα
3462 1529 3663 1604 ἀγνοεῖ,
3703 1528 3797 1582 τὸν

2152 1627 2210 1685 δὲ
2241 1628 2341 1684 ούκ
2369 1622 2497 1682 ὄντα
2525 1624 2759 1698 νομίζει,
2789 1624 2878 1678 καὶ
2930 1621 3104 1683 οὕτως
3137 1620 3164 1676 6
3198 1620 3273 1692 μὴ
3307 1619 3487 1693 πατὴρ
3528 1615 3797 1673 τελευτῶν

2154 1716 2432 1794 ἀλλοτρίῳ
2462 1712 2615 1771 παιδὶ
2656 1714 2748 1769 τὸν
2796 1713 2989 1767 ἑαυτοῦ
3034 1707 3347 1766 καταλείπει
3382 1706 3522 1784 βίον.
3566 1705 3713 1762 Πόσα
3742 1702 3803 1761 δὲ

2151 1808 2239 1863 καὶ
2273 1805 2419 1861 ἅλλά
2464 1804 2603 1859 κακὰ
2651 1802 2709 1857 ἐκ
2752 1808 2853 1872 τῆς
2907 1798 3159 1875 μοιχείας
3210 1800 3450 1874 φυσικῶς
3481 1794 3801 1850 ἀνακύπτειν

2156 1896 2341 1975 (pilai!
2374 1893 2463 1949 καὶ
2495 1892 2595 1948 ούκ
2642 1888 2794 1964 ἷ¹σμεν
2831 1891 2900 1945 τά
2944 1887 3147 1967 κρύφια
3191 1891 3299 1942 τῶν
3347 1888 3549 1940 κακῶν.
3598 1886 3803 1959 ’Ὠσπερ

2153 1988 2254 2064 γὰρ
2288 1986 2315 2039 6
2348 1983 2560 2039 λυσσῶν
2592 1980 2735 2036 κύων
2766 1979 2995 2041 τούτους
3043 1977 3252 2052 ἀναιρεῖ
3299 1976 3477 2051 ὧνπερ
3512 1972 3571 2029 ἂν
3603 1972 3803 2047 ψαύσῃ,

2153 2083 2253 2146 τῆς
2282 2071 2647 2153 ἀφανεστάτης
2680 2069 2885 2139 λύσσης
2938 2063 3280 2141 μεταδιδοὺς,
3315 2063 3457 2119 οὕτω
3488 2065 3534 2099 ²⁶
3576 2062 3665 2117 καὶ
3701 2068 3804 2131 τῆς

2162 2164 2412 2240 μοιχείας
2441 2162 2503 2217 τὸ
2533 2160 2757 2239 κρύφιον
2800 2157 2991 2226 κακὸν,
3019 2156 3115 2211 κᾶν
3165 2154 3448 2231 ἀγνοῆται,
3478 2158 3578 2222 τῆς
3629 2146 3809 2207 διαδο-

2158 2260 2268 2330 χῆς
2298 2253 2394 2321 τὴν
2429 2250 2666 2318 ἐκκοπὴν
2700 2247 3058 2325 ἐξεργάζεται,

2230 2345 2382 2400 132
2412 2342 2581 2397 ΧΧΙΙ.
2612 2336 2788 2393 Ἀλλά
2834 2333 2995 2391 τοῦτο
3049 2334 3142 2408 μὲν
3174 2337 3265 2387 νῦν
3312 2334 3447 2405 ἡμῖν
3480 2325 3810 2406 παραλελεί-

2159 2444 2299 2510 φθω.
2358 2432 2559 2485 Ἐκεῖνο
2615 2424 2673 2482 δὲ
2730 2427 2955 2487 ἅπαντες
3010 2427 3053 2460 ²⁷
3109 2419 3288 2496 ἴσμεν,
3348 2421 3422 2483 ὡς
3478 2418 3672 2475 ἐπίπαν
3722 2416 3813 2472 ἐπὶ

2156 2522 2335 2593 τούτῳ
2365 2518 2492 2580 τοὺς
2542 2513 2738 2593 ἄνδρας
2785 2512 3155 2588 ἀνεπισχέτως
3206 2507 3676 2585 δυσχεραίνοντας,
3710 2527 3814 2561 πο-

2161 2610 2364 2684 λέμους
2394 2628 2450 2662 τε
2497 2608 2542 2643 29
2574 2604 2660 2660 ἐπὶ
2709 2604 2889 2675 τούτῳ
2940 2599 3364 2677 ἐγηγερμένους,
3397 2598 3486 2653 καὶ
3526 2595 3690 2652 οῗκων
3721 2615 3813 2671 γε-

2157 2700 2390 2773 νομένας
2439 2693 2765 2772 ἀνατροπὰς,
2811 2691 2901 2747 καὶ
2950 2688 3164 2745 πόλεων
3213 2687 3477 2759 ἁλώσεις,
3526 2685 3615 2741 καὶ
3664 2682 3813 2739 ἄλλα

2166 2788 2351 2865 μυρία.
2383 2786 2480 2841 Διά
2522 2788 2683 2838 τοῦτο
2733 2781 2837 2858 ἐγὼ
2870 2785 2948 2852 τῷ
2982 2780 3123 2855 ἁγίῳ
3156 2781 3202 2815 ²⁹
3231 2782 3335 2831 τῶν
3378 2773 3649 2832 Ἰουδαίων
3691 2777 3812 2845 Θεῷ

2160 2863 2251 2933 καί
2279 2876 2435 2949 νόμῳ
2465 2871 2822 2950 προσέφυγον,
2870 2866 3234 2930 ἀποδεδωκὼς
3279 2868 3378 2935 τὴν
3410 2865 3585 2920 πίστιν
3635 2863 3811 2941 ἀσφα-

2157 2965 2246 3022 λεῖ
2277 2969 2322 3004 ³ο
2351 2969 2418 3040 τῇ
2449 2962 2644 3037 κρίσει,
2673 2961 2755 3017 ὅτι
2790 2959 2848 3015 ἐκ
2875 2966 2975 3029 τῆς
3004 2962 3102 3014 τοῦ
3133 2960 3266 3013 Θεοῦ
3317 2953 3528 3017 δικαίας
3576 2953 3806 3026 κρίσεως

2156 3054 2246 3111 καὶ
2301 3054 2470 3127 νόμος
2527 3051 2800 3126 ὥρισται,
2858 3047 2946 3103 καὶ
2995 3049 3030 3117 ἠ
3081 3046 3233 3123 ψυχὴ
3305 3044 3520 3106 πάντως
3569 3043 3633 3098 τὸ
3687 3043 3807 3097 κατ’

2161 3145 2306 3217 ἀξίαν
2341 3148 2385 3182 ³1
2419 3143 2490 3196 ὧν
2525 3137 2744 3217 ἔπραξεν
2778 3134 3125 3209 ὁπουδήποτε
3155 3128 3553 3207 ἀπολαμϐάνει.

479 3274 673 3331 XXIII.
706 3269 835 3326 Haec
866 3280 999 3322 cum
1029 3259 1329 3327 dixissem,
1357 3250 1582 3325 Appion
1631 3244 1876 3305 orationi
1910 3242 2047 3299 sub-

2164 3324 2179 3331 _
2219 3235 2430 3331 XXIII:
2452 3229 2626 3286 Ταῦτά
2660 3250 2763 3304 μου
2813 3226 3078 3298 εἰπόντος,
3112 3226 3139 3281 6
3166 3222 3419 3281 ’Δππίων
3446 3222 3707 3297 ἐπήνεγκε
3730 3219 3811 3292 τῷ

401 3365 545 3439 jecit
576 3381 590 3420 :
621 3360 769 3427 Quid
801 3356 1002 3414 enim?
1031 3364 1244 3415 nonne,
1278 3341 1491 3415 inquit,
1524 3343 1580 3394 et
1608 3337 1938 3394 Graecorum
1972 3332 2053 3387 le-

415 3424 516 3530 ges
547 3424 703 3509 mala
733 3443 1139 3521 prohibent,et
1168 3433 1467 3530 adulteros
1498 3425 1794 3502 puniunt?
1826 3424 1941 3495 Ego
1974 3438 2058 3477 re-

417 3509 626 3617 ἔμοι]άὶ
659 3555 673 3595 :
706 3509 856 3609 Ergo
888 3532 1215 3588 Graecorum
1250 3521 1352 3589 dii,
1386 3518 1541 3591 quod
1592 3512 1883 3571 contraria
1912 3509 2056 3582 legi-

419 3603 530 3689 bus
560 3603 817 3693 faciunt:
824 3617 1177 3695 supplicium
1211 3603 1834 3672 merenturQuomodo
1861 3604 2057 3656 autem

422 3729 478 3779 et
508 3733 770 3778 coercere
819 3729 911 3769 me
961 3713 1180 3782 potero,
1214 3704 1353 3758 dum
1407 3697 1677 3755 existimo
1709 3693 1847 3748 deos
1897 3689 2060 3760 ipsos

420 3811 641 3886 primos
654 3822 770 3862 una
800 3818 934 3858 cum
957 3778 1240 3855 adulterio
1267 3793 1476 3846 cuncta
1498 3778 2058 3856 ﬂagitiaperfecisse,

417 3867 525 3958 nec
556 3912 755 3972 pinnas
803 3890 1054 3953 dedisse,
1095 3899 1244 3957 quas
1290 3879 1415 3934 ideo
1464 3873 1651 3944 magis
1699 3872 1836 3926 dare
1885 3867 2059 3922 debe-

413 3954 721 4061 haudquia
751 3999 867 4040 non
897 3954 1159 4036 serviunt
1189 3964 1494 4042 cupiditati
1518 3968 1541 4021 Ρ
1562 3961 1723 4031 Quod
1758 3958 1807 4014 si
1838 3954 2060 4029 cupidi-

412 4079 519 4135 tati
550 4048 781 4133 obnoxii
830 4070 1089 4132 l‘uerunt,
1119 4078 1232 4134 quo
1281 4062 1447 4131 pacto
1481 4054 1561 4109 dii
1593 4048 1810 4107 erant?
1841 4048 1909 4103 Et
1937 4048 2058 4118 Ap-

411 4168 548 4241 pion
580 4182 594 4221 :
630 4164 762 4220 Sint
790 4158 958 4215 nobis
988 4170 1093 4227 pro
1124 4164 1298 4221 scopo
1331 4163 1446 4202 non
1474 4143 1552 4199 dii
1584 4141 1685 4197 sed
1711 4137 1962 4210 judices,
1995 4134 2055 4190 in

412 4272 560 4328 quos
583 4247 1213 4324 respiciendo,peccare
1244 4232 1671 4291 metuemus.At
1691 4244 1797 4300 ego
1819 4223 2014 4296 excepi
2040 4240 2052 4280 :

409 4345 535 4401 Non
568 4339 759 4398 simile
807 4340 917 4404 est,
951 4315 1256 4403 oiAppion.
1290 4322 1398 4390 Qui
1446 4320 1603 4377 enim
1638 4318 1708 4373 ad
1755 4315 2055 4371 hominem

411 4431 777 4505 respicit,spe
800 4422 1019 4481 latendi
1043 4415 1280 4475 audebit
1300 4426 1538 4486 peccare
1562 4427 1574 4464 :
1599 4406 1697 4479 qui
1720 4421 1852 4460 vero
1872 4404 2053 4458 Deum

410 4521 676 4593 omnium
705 4498 1094 4587 inspectorem
1130 4509 1293 4561 metae
1326 4502 1450 4557 loco
1473 4498 1686 4554 animae
1704 4511 1821 4551 suae
1851 4508 2055 4564 propo-

2164 3323 2336 3398 λόγῳο
2368 3319 2430 3376 Τί
2476 3320 2602 3396 γὰρ,
2654 3317 2783 3393 οὐχὶ
2830 3316 2919 3372 καὶ
2952 3317 3004 3370 οἱ
3052 3312 3357 3385 Ἑλλήνων,
3390 3311 3516 3390 ἔφη,
3558 3310 3717 3383 νόμοι
3748 3309 3815 3363 τὰ

2166 3412 2345 3493 φαῦλα
2392 3407 2836 3486 ἀπαγορεύουσιν,
2867 3406 2956 3460 καὶ
2985 3403 3111 3466 τοὺς
3158 3401 3395 3477 μοιχοὺς
3443 3398 3813 3468 κολάζουσιν;

2166 3487 2330 3577 ίζάγὼ
2363 3498 2517 3579 ἔφην’
2550 3497 2753 3553 Οὐκοῦν
2806 3496 2856 3550 οἳ
2903 3492 3186 3564 Ἑλλήνων
3221 3492 3333 3555 θεοὶ
3365 3489 3433 3544 τὰ
3462 3487 3675 3544 ἐναντία
3701 3490 3819 3547 τοῖς

2166 3572 2360 3665 νόμοις
2403 3572 2708 3663 ’πράξαντες
2765 3584 2987 3640 κόλασιν
3049 3580 3381 3659 ὀφείλουσιν.
3443 3581 3568 3639 Πῶς
3621 3572 3679 3630 δέ
3726 3573 3819 3629 καὶ

2169 3661 2519 3759 σωφρονίζειν
2570 3676 2798 3751 ἐμαυτὸν
2855 3671 3181 3745 δυνήσομαι,
3244 3661 3672 3740 ὑπολαμϐάνων,
3731 3661 3820 3718 ὅτι

2169 3772 2221 3825 οἱ
2253 3770 2365 3834 θεοὶ
2397 3767 2547 3823 αὐτοὶ
2578 3770 2787 3843 πρῶτοι
2813 3765 2924 3836 ἅμα
2952 3766 3021 3836 τῇ
3057 3758 3282 3835 μοιχείᾳ
3306 3758 3373 3813 τὰ
3402 3754 3620 3832 χαλεπά
3640 3753 3818 3807 πάντα

2170 3857 2541 3935 διεπράξαντο,
2581 3854 2670 3910 καὶ
2724 3850 2881 3922 δίκην
2929 3850 2991 3905 ού
3043 3846 3329 3917 δεδώκασι,
3378 3843 3545 3911 ταύτη
3601 3838 3819 3916 μᾶλλον

2170 3929 2476 4029 ὀφείλοντες
2522 3941 2751 4016 διδόναι,
2801 3941 2876 4004 ὡς
2931 3940 3006 4013 μή
3042 3935 3389 3997 δουλεύοντες
3432 3931 3735 4005 ἐπιθυμίᾳ;
3770 3929 3818 3985 εί

2169 4019 2226 4093 δέ
2284 4036 2559 4092 ὑπέκειντο
2616 4036 2692 4104 ³⁵³,
2742 4035 2859 4093 πῶς
2910 4029 3045 4098 ἦσαν
3096 4025 3265 4095 θεοί;
3317 4023 3416 4079 Καὶ
3466 4023 3494 4077 ὁ
3540 4019 3814 4076 ’Δππίωψ

2167 4130 2439 4183 Ἔστωσαν
2471 4127 2605 4198 ἡμῖν
2659 4119 2850 4176 σκοποὶ
2906 4118 3101 4191 μηκέτι
3147 4115 3279 4185 θεοὶ,
3306 4110 3437 4169 ἀλλ’
3464 4112 3514 4166 οἱ
3546 4107 3817 4179 δικασταὶ,

2167 4217 2242 4281 εἰς
2276 4215 2366 4278 οὓς
2416 4196 2745 4292 ἀφορῶντες,
2792 4202 3221 4288 φοϐηθησόμεθα
3268 4201 3616 4278 ἁμαρτάνειν.
3653 4196 3816 4273 Κάγὼ

2165 4304 2319 4385 ἔφην⁸
2374 4287 2483 4358 Οὐκ
2528 4287 2635 4356 ἐσθ’
2690 4303 2736 4337 ³³
2789 4287 3001 4372 ὅμοιον,
3054 4294 3098 4348 ὧ
3151 4291 3423 4347 ’Δππίων.
3471 4290 3528 4343 Ὀ
3579 4288 3673 4361 μὶν
3711 4287 3815 4362 γὰρ

2163 4396 2299 4472 πρὸς
2350 4391 2628 4470 ἄνθρωπον
2680 4387 2822 4465 ἔχων
2871 4385 2963 4441 τὰν
3018 4383 3216 4439 σκοπὸν
3270 4376 3451 4436 ἐλπίδι
3497 4381 3594 4433 τοῦ
3636 4376 3818 4433 λαϐεῖν

2162 4467 2454 4558 τολμήσειν
2491 4479 2857 4556 ἁμαρτάνειν,
2921 4476 2948 4529 ὁ
3008 4472 3065 4528 δὲ
3122 4472 3248 4528 Θεὸν
3309 4467 3685 4537 παντεπόπτην
3746 4468 3815 4539 τῇ

410 4555 676 4593 υιιιυιυμι
706 4555 1094 4587 ιυῡιιινυνυινοο-
1130 4555 1287 4561 ...ννν-
1328 4555 1370 4557 ,-
1395 4555 1407 4556 κ
1433 4555 1438 4556 γ
1851 4555 1867 4564 ⁸
1959 4555 1975 4562 _

408 4614 550 4683 suit,
583 4622 799 4683 gnarus
821 4602 974 4675 quod
998 4613 1133 4655 eum
1152 4595 1331 4651 latere
1352 4607 1466 4646 non
1491 4585 1695 4660 possit,
1722 4582 1873 4640 clam
1908 4597 2047 4653 quo-

2164 4575 2354 4629 ἑαυτοῦ
2403 4574 2557 4646 ψυχῇ
2608 4570 2763 4626 133
2816 4565 3170 4638 ὁρισάμενος,
3223 4556 3381 4620 εἰδὼς
3425 4557 3583 4612 αὐτὸν
3634 4555 3818 4611 λαθεῖν

2217 4664 2231 4683 ς
2276 4659 2330 4683 *δν
2394 4672 2519 4683 ,,..___
2581 4658 2669 4683 ---Α
2703 4657 2757 4683 -1
2794 4655 2965 4683 31.0-..
3006 4653 3263 4683 ,ιη-.-.τη
3291 4648 3677 4683 ..κληη-πιηεηηι

407 4718 518 4775 que
548 4712 785 4772 peccare
814 4684 1241 4765 supersedebit.

475 4806 666 4866 XXIV.
698 4804 832 4869 Quae
881 4813 1014 4855 cum
1063 4791 1325 4851 audisset
1368 4784 1615 4858 Appion,
1650 4778 1793 4835 dixit
1827 4796 1839 4834 :
1874 4775 2047 4831 Intel-

403 4898 678 4963 lexeram,
710 4910 779 4949 ex
807 4905 922 4964 quo
962 4881 1155 4956 accepi
1184 4878 1289 4936 tibi
1321 4892 1456 4933 cum
1487 4870 1705 4930 Iudaeis
1752 4884 1880 4923 esse
1911 4882 2048 4921 con-

405 4985 803 5051 suetudinem,
850 4982 907 5034 te
964 4954 1286 5030 mutavisse
1333 4961 1708 5022 sententiam.
1768 4954 2047 5011 Praeclare

404 5077 561 5134 enim
579 5091 613 5130 a
629 5044 885 5146 quodam
903 5066 1126 5122 dictum
1144 5064 1234 5117 est
1254 5059 1352 5129 (a):
1372 5050 1737 5121 Corrumpunt
1765 5061 1941 5102 mores
1956 5044 2046 5098 bo-

2163 4664 2239 4737 μή
2273 4659 2547 4729 δύνασθαι,
2580 4658 2671 4713 καὶ
2701 4657 2763 4712 τὸ
2794 4655 2966 4731 λάθρα
3004 4653 3263 4726 ἁμαρτεῖν
3291 4648 3704 4724 παραιτήσεται.

2230 4769 2419 4826 XXIV.
2451 4771 2627 4821 Ταῦτα
2683 4763 2711 4819 ὀ
2770 4759 3016 4818 Ἀππίων
3095 4756 3327 4818 ἀκούσας
3404 4751 3505 4832 ἔφη
3553 4771 3569 4786 ·
3620 4746 3811 4820 ’ᾚδειν

2160 4858 2211 4929 ἐξ
2262 4857 2351 4912 ὅτε
2392 4854 2602 4926 ἤκουσα
2650 4850 2933 4913 Ἰουδαίοις
2980 4869 3038 4903 σε
3087 4850 3133 4885 ³⁸
3180 4840 3647 4922 προσομιλοῦντα,
3702 4837 3813 4909 ἠλ-

2158 4945 2421 5010 λοιῶσθαι
2480 4946 2578 5013 τήν
2637 4942 2864 5019 γνώμην
2901 4984 2914 4998 .
2976 4934 3169 4997 Καλῶς
3223 4934 3324 5010 γὰρ
3383 4929 3595 5008 εἷ’ρηταί
3651 4949 3759 4984 τινι
3792 4945 3808 4960 ⁸

2158 5034 2473 5111 Φθείρουσιν
2521 5014 2894 5107 ἤθη-χρηστά
2943 5024 3161 5101 ὁμιλίαι
3208 5020 3390 5078 κακαί.
3444 5019 3611 5095 Κάγώ
3651 5014 3810 5096 ἔφην’

472 5218 550 5293 (a)
581 5220 602 5271 Ι
633 5213 763 5273 Cor.
793 5227 888 5281 xv,
920 5208 1010 5264 33.
1044 5205 1143 5261 Est
1172 5194 1477 5259 Menandri
1508 5207 1732 5257 versus,
1766 5187 1867 5261 qui
1896 5185 2011 5258 legi
2042 5205 2047 5235 ‹

2160 5185 2213 5238 et
2246 5198 2258 5236 :
2295 5176 2610 5252 Φθείρουσιν
2644 5174 2745 5243 ἢθη
2779 5170 2976 5249 χρήσθ’
3005 5164 3223 5243 ὁμιλίαι
3252 5162 3435 5222 κακαί.

1760 5346 2001 5404 VARIzE
2041 5339 2339 5400 LECTION
2351 5336 2453 5393 ES.

467 5503 513 5540 αα
544 5499 718 5563 οὕτως
748 5504 806 5556 c.
833 5498 876 5533 ’τ
908 5490 1097 5551 πάντες
1127 5488 1191 5546 ο.
1222 5484 1372 5563 Tun}
1406 5476 1492 5563 ἐπῖ
1738 5491 1858 5563 κίεν·
1881 5472 2021 5563 ,ιεειισ
2078 5486 2168 5559 ξρ-
2215 5466 2286 5563 0;.
2321 5457 3054 5563 εἰξῖῖεθίλξίίὲτηωθηέῗοὲ
3085 5451 3182 5563 “‘3‘
3210 5468 3268 5563 δι’

2018 5560 2065 5563 7-
2115 5558 2218 5563 --.η
2418 5550 2521 5563 ...ιη
2558 5550 2601 5563 ..ι
2680 5546 2733 5563 ηε
2813 5545 2842 5563 n
3018 5562 3023 5563 ,
3063 5544 3093 5563 I‘I
3144 5543 3198 5563 In
3248 5540 3268 5563 ﬂ

3278 5494 3289 5506 .
3321 5447 3451 5510 τούς
3482 5448 3539 5502 in
3583 5446 3648 5502 Ο.
3680 5446 3724 5481 ³⁸
3754 5462 3815 5499 τε

468 5514 513 5540 ’⁵
544 5514 686 5557 οὕτω
776 5514 806 5555 ‘.
834 5514 873 5533 ι’
908 5514 1071 5550 παντε
1127 5514 1191 5546 υ.
1235 5514 1372 5541 ιυιιι
1407 5514 1492 5534 sm
1546 5514 1694 5531 ..υ-μυ
1748 5514 1858 5531 τι...
1893 5514 2021 5527 ων..
2078 5514 2110 5524 ..
2157 5514 2168 5521 .
2221 5514 2274 5522 τ-
2326 5514 2397 5517 ﬂ-
2424 5514 2427 5515 ,
2455 5514 2495 5516 η

397 5577 533 5633 add.
567 5592 623 5645 ο.
645 5520 718 5642 Of
879 5514 1129 5625 subindce
1176 5558 1306 5615 exh.
1341 5551 1435 5645 sui,
1458 5547 1636 5622 τούτῳ
1668 5564 1718 5604 e.
1753 5546 1846 5613 D.,
1878 5542 1966 5597 ἐπὶ
2011 5514 2219 5595 τούτων
2341 5535 2386 5569 ²⁹
2417 5514 2601 5604 ἀγαθῷ
2637 5531 2780 5601 Epit.
2813 5545 2862 5584 ο.
2891 5527 2983 5583 51.
3016 5514 3279 5582 Subinde
3326 5525 3405 5592 τῷ
3437 5514 3712 5576 Ἰουδαίων
3745 5518 3811 5575 C.

1038 5634 1082 5645 μ,
1182 5636 1220 5645 Α
1280 5629 1320 5645 η
1354 5625 1367 5645 τ
1448 5640 1616 5645 μμ.--
1654 5625 1697 5645 n
1751 5618 1810 5645 ι..
1856 5616 2052 5645 ...ιλιι-η
2102 5609 2551 5645 annumin-antur
2595 5602 2729 5645 vhh-
2763 5598 2853 5645 καὶ
2886 5600 2914 5645 ὁ
2943 5596 3210 5645 Ἀττικίων-
3240 5596 3286 5632 ³³
3316 5592 3415 5645 ούκ
3449 5589 3519 5645 ἔθ’
3547 5593 3606 5645 C.
3641 5596 3710 5645 In
3741 5588 3811 5645 Ο,

397 5588 533 5633 add.
567 5592 617 5631 Ο.
645 5588 711 5642 υ,
746 5588 845 5645 qui
879 5588 1129 5625 sumnue
1176 5588 1306 5615 usu.
1342 5588 1428 5607 ιιιι
1469 5588 1636 5622 wn?
1669 5588 1718 5604 υ.
1754 5588 1846 5613 ν.,
1880 5588 1966 5597 -..-
2023 5588 2211 5595 ------.
2262 5588 2305 5590 _,
2465 5588 2475 5604 Ι
2574 5588 2584 5601 _
2675 5588 2688 5601 ⁸
3379 5588 3387 5592 ν

395 5649 441 5684 so
469 5643 687 5723 ἀᾳφαλῇ
713 5644 789 5723 ὀἳ
820 5642 865 5678 ιι
898 5634 1145 5723 ἒατᾳξίξχν
1337 5616 2080 5723 2.³Ξῖὲθὲξίηϐωη
2101 5608 2551 5669 considerantur
2595 5602 2729 5657 vbb.
2763 5598 2853 5654 καὶ
2886 5600 2914 5654 6
2943 5596 3210 5654 ’Δππίων.
3240 5596 3286 5632 ³³
3316 5592 3415 5649 ούκ
3449 5589 3519 5646 ἔθ’
3547 5593 3606 5646 C.
3641 5596 3710 5647 In
3741 5588 3811 5663 Ο,

397 5684 687 5779 θεῖ
709 5684 864 5772 inter
891 5684 1301 5767 Eéi‘lmam
1333 5699 1697 5771 expunctum
1725 5690 1771 5725 ³⁸
1800 5688 1858 5743 σέ
1886 5703 2004 5745 om.
2036 5684 2101 5743 Ο.
