4086 6216
266 390 346 450 l73
1299 385 1828 449 CLEMENTINA.
1864 421 1879 431 -

1981 386 2312 450 HOMILIA
2344 388 2436 451 ν.
3468 398 3582 457 174

261 520 404 573 Οέκοῦν
451 515 808 589 ἐπανορθοῦσιν
864 513 977 587 ¹ἤθη
1038 517 1290 593 ἄχρηστα
1358 516 1573 591 ὁμιλίαι
1628 515 1874 585 καλαί.έ

1970 535 2026 574 os
2054 520 2328 592 colloquia
2356 522 2530 578 mala.
2556 521 2765 594 Excepi
2794 540 2900 595 ego
2936 539 2949 578 :
2983 522 3170 596 Igitur
3212 541 3405 581 mores
3458 543 3583 583 ma-

262 604 603 663 ΚσὲὁἈππῖων
652 604 773 681 ἔφη’
823 607 1075 681 Σήμερον
1132 604 1661 684 πεπληροφορήμην
1715 605 1815 675 τὴν

1964 625 2015 665 )δ
2046 608 2338 681 colloquia
2369 610 2522 667 bona
2546 611 2867 684 corrigunt.
2899 611 3055 668 Dixit
3083 613 3309 687 Appion
3347 631 3361 670 :
3397 614 3577 672 Hodie

260 700 327 765 τήν
355 696 592 769 ἐπιγνῶναι
622 690 880 748 ἔνστασιν·
924 692 1009 749 διὸ
1054 695 1139 750 σοὶ
1187 696 1395 771 πρώτῳ
1446 694 1616 750 εἰπεῖν
1664 715 1817 750 mave-

1966 697 2160 754 bunde
2191 698 2337 753 mihi
2371 699 2465 768 sit,
2497 703 2667 756 tuum
2700 704 2855 756 certo
2887 700 3195 773 agnovisse
3218 701 3579 761 institutum:

259 787 531 860 χωρήςαμεν.
578 778 770 857 Αὔριον
819 781 876 838 δὲ
922 782 1167 853 ἐνταῦθα,
1217 783 1269 839 εἷ’
1305 805 1389 839 σοι
1443 783 1603 863 φίλον
1653 784 1815 854 ἐστὶν,

1971 802 2109 841 uare
2138 786 2367 858 primus
2397 791 2462 843 ut
2494 788 2812 859 loquereris
2844 788 3245 862 permisimus.
3275 792 3416 848 Cras
3445 809 3578 850 vero

257 875 419 929 ἐπὶτῶν
461 870 617 925 αὒτῶν
664 870 842 949 φίλων
892 870 1254 928 συνελθόντων
1310 872 1599 945 ἀποδείξω,
1628 872 1710 929 ὅτι
1764 873 1817 929 οἱ

1963 874 2042 946 .ic,
2076 876 2125 931 si
2156 876 2260 931 tibi
2292 875 2545 945 videtur,
2576 876 2785 934 iisdem
2839 877 3046 934 amicis
3098 879 3576 937 convenientibus

254 964 331 1017 θεοὶ
362 963 493 1031 ἡμῶν
538 958 654 1014 οὔτε
704 961 899 1036 μοιχοὶ
942 956 1089 1024 ὄντες
1135 961 1517 1039 τυγχάνουσιν,
1557 958 1679 1018 οὔτε
1718 983 1815 1041 φο-

1966 965 2253 1037 stendam,
2289 967 2442 1039 quod
2474 966 2553 1022 dii
2588 966 2769 1023 nostri
2797 983 2983 1040 neque
3015 967 3267 1024 adulteri
3290 973 3449 1037 sunt,
3482 985 3579 1026 ne-

250 1057 341 1123 νεῖς,
378 1046 478 1105 οὔτε
527 1046 727 1104 παίδων
785 1051 1029 1128 φθορεῖς,
1076 1051 1178 1107 ούκ
1243 1050 1505 1132 ἀδελφαῖς
1551 1052 1587 1122 ἢ
1650 1053 1815 1128 θυγα-

1961 1071 2041 1110 ue
2096 1054 2518 1126 interfectores,
2550 1072 2739 1129 neque
2767 1056 3083 1113 liberorum
3109 1057 3574 1130 interemptores,

248 1140 357 1214 ςρὲσι
402 1137 789 1209 πλησιάσαντες·
823 1138 953 1196 ἀλλ’
1008 1141 1062 1195 οἳ
1119 1141 1367 1217 ἀρχαῖοι,
1414 1142 1483 1196 τὰ
1545 1143 1817 1215 μυστήρια

1958 1160 2117 1216 teque
2146 1161 2413 1201 sororum
2443 1145 2532 1201 vel
2564 1146 2815 1203 filiarum
2859 1147 3195 1215 vitiatores;
3245 1151 3303 1203 at
3325 1151 3571 1218 veteres,

248 1230 391 1303 μόνους
414 1227 528 1289 τοὺς
564 1225 890 1306 φιλομαθεῖς
937 1227 1129 1285 εἷδέναι
1180 1230 1455 1303 θέλοντες,
1493 1229 1689 1304 μύθοις
1733 1232 1817 1293 οῖς

1970 1249 2068 1288 um
2102 1235 2380 1307 mysteria
2412 1251 2445 1290 a
2475 1234 2616 1291 solis
2646 1236 2921 1292 descendi
2954 1235 3183 1309 cupidis
3234 1235 3435 1292 volunt
3482 1237 3575 1293 in-

248 1318 407 1393 εῗρηκας
445 1316 566 1372 αύτὰ
600 1315 986 1394 προεκάλυψαν
1032 1321 1099 1376 ⁸³.
1151 1325 1292 1389 Ζῆνα
1337 1321 1439 1396 γὰρ
1502 1321 1602 1389 τήν
1668 1319 1815 1389 ζέου-

1961 1320 2132 1395 elligi,
2165 1339 2232 1379 ea
2259 1323 2472 1381 fabulis
2499 1341 2647 1397 quas
2677 1325 2874 1382 dixisti
2906 1324 3574 1383 occultaverunt.Jovem

246 1428 308 1461 σιν
338 1404 486 1461 ούσίαν
533 1406 661 1461 εἶναι
713 1406 1151 1485 φυσιολογοῦσιν,
1185 1406 1388 1484 Κρόνον
1438 1405 1496 1463 δὶ
1542 1408 1633 1464 τὸν
1683 1408 1818 1486 χρό-

1963 1410 2083 1467 nim
2116 1412 2432 1469 ferventem
2464 1430 2592 1471 esse
2624 1415 3041 1482 substantiam,
3075 1414 3318 1489 physica
3346 1416 3572 1473 ratione

247 1494 563 1565 νον,καὶῬέαν
615 1497 718 1565 τὴν
779 1496 863 1550 ἀεὶ
914 1496 1137 1569 ῥέουσαν
1184 1500 1356 1552 τοῦ³¹⁵
1386 1495 1584 1560 ὕδατος
1633 1496 1815 1577 φύσιν.

1966 1505 2250 1557 sserunt:
2301 1503 2620 1560 Saturnum
2675 1510 2872 1560 autem
2919 1508 3193 1576 tempus;
3246 1508 3305 1561 et
3353 1504 3577 1562 Rheam

250 1584 369 1656 Πλὴν,
394 1584 460 1646 ὡς
486 1585 824 1661 ὑπεσχόμην,
858 1585 1064 1658 αὔριον,
1093 1587 1157 1642 τὸ
1195 1588 1315 1641 καθ’
1342 1584 1569 1642 ἕκαστον
1600 1590 1644 1625 ⁸⁷
1676 1585 1818 1650 εἶδος

1968 1607 2163 1664 smper
2191 1591 2470 1649 ﬂuentem
2498 1610 2659 1665 aqua
2692 1597 2987 1650 naturam.
3038 1593 3481 1660 Verumtamen,
3514 1598 3581 1651 ut

250 1674 358 1728 ἕωθεν
384 1674 493 1745 ὑμῖν
523 1673 866 1738 συνελθοῦσιν
894 1675 1305 1752 ἀλληγορήσας,
1337 1678 1438 1746 τὴν
1478 1680 1588 1731 τῶν
1645 1672 1815 1733 ὄντων

1970 1679 2225 1736 ollicitus
2273 1698 2429 1746 sum,
2462 1698 2591 1737 eras
2637 1682 2805 1739 vobis
2852 1699 3024 1739 mane
3074 1683 3577 1756 convenientibus,

247 1762 439 1833 ἀλήθειαν
491 1764 716 1842 ἐκφανῶ.
770 1764 931 1840 Κάγὼ
985 1767 1121 1840 πρὸς
1165 1764 1333 1821 ταῦτα
1383 1764 1541 1844 ἔφην’
1596 1762 1815 1843 Αὔριον,

1966 1768 2191 1839 iugulas
2223 1770 2444 1840 species
2474 1771 2785 1843 allegorice
2814 1788 3108 1843 exponens
3141 1789 3336 1828 rerum
3388 1772 3579 1829 mani-

244 1853 294 1912 ὡς
335 1852 557 1929 ὑπέσχου,
605 1854 782 1916 οὕτως
842 1853 1095 1924 ποίησον·
1154 1852 1265 1925 ἤδη
1322 1852 1379 1910 δὲ
1435 1855 1669 1911 ἐντεῦθεν
1726 1853 1857 1955 καὶ]

1965 1864 2137 1913 astam
2192 1859 2400 1915 faciam
2450 1860 2774 1917 veritatem.
2805 1863 2889 1916 Ad
2940 1862 3061 1917 hac
3110 1878 3216 1934 ego
3248 1861 3365 1918 dixi
3401 1879 3413 1917 :
3446 1868 3578 1918 Cra-

240 1941 334 2013 πρὸς
356 1941 484 2009 αὐτὰ,
516 1942 547 1996 ἃ
582 1941 809 2014 μέλλεις
839 1941 1041 2018 λέγειν,
1073 1941 1325 2000 ἄκουσον.
1849 1947 1853 1955 ⁴

1965 1946 2087 2002 tina
2115 1947 2229 2013 die,
2265 1954 2329 2003 ut
2357 1948 2701 2020 promisisti,
2734 1949 2814 2004 ita
2852 1950 3045 2005 facito.
3073 1950 3206 2006 Jam
3254 1967 3388 2007 vero
3439 1949 3578 2006 hinc

289 2032 407 2087 XXV.
436 2032 495 2086 Δὶ
542 2037 649 2086 τῶν
702 2037 835 2095 θεῶν
885 2032 1100 2108 πράξεις
1144 2032 1191 2087 εἰ
1243 2033 1361 2105 μὲν,
1403 2032 1596 2109 ἀγαθαὶ
1646 2031 1820 2107 οὖσαι,

1514 2033 1596 2088 Bai
1646 2031 1820 2107 οὖσαι,
1932 2041 1988 2092 et
2018 2037 2299 2093 adversus
2328 2054 2395 2093 ea
2426 2055 2551 2109 qua:
2583 2038 2848 2094 dicturus
2878 2054 2939 2094 es
2971 2038 3127 2094 audi.

238 2125 376 2182 moi:
431 2119 607 2193 μύθοις
674 2120 1190 2200 προεκαλύφθησαν,
1239 2120 1429 2191 πολλή
1476 2126 1575 2177 τοῦ
1623 2120 1822 2178 σκεπά-

2002 2125 2168 2181 ΧΧν.
2205 2131 2450 2181 Deorum
2482 2130 2644 2199 gesta
2675 2127 2747 2193 si,
2780 2127 2933 2182 bona
2972 2143 3106 2183 cum
3154 2130 3373 2195 essent,
3406 2125 3577 2183 malis

241 2229 375 2270 σαντος
438 2207 697 2266 δείκνυται
764 2211 947 2277 κακία,
1004 2211 1089 2267 ὅτι
1132 2210 1199 2266 τὰ
1254 2212 1427 2284 σεμνὰ
1482 2214 1641 2269 1³4
1699 2212 1825 2268 ἀπέ-

1964 2213 2148 2270 abulis
2178 2214 2405 2270 obtecta
2434 2219 2593 2281 sunt,
2627 2230 2842 2287 magna
2868 2214 2996 2285 ejus
3048 2214 3148 2287 qui
3196 2213 3338 2270 texit
3380 2218 3577 2269 osten-

243 2301 363 2371 ιρνψε
384 2304 550 2361 κακοῖς
599 2297 963 2373 διηγήμασιν,
989 2298 1079 2355 ἵνα
1128 2302 1291 2374 μήτις
1336 2299 1513 2355 αὐτῶν
1566 2299 1825 2371 ζηλωτὴς

1975 2303 2093 2359 itur
2113 2302 2359 2372 malitia,
2384 2303 2539 2375 quod
2562 2303 2809 2360 honesta
2831 2303 3023 2376 pravis
3045 2301 3352 2359 occultarit
3382 2320 3581 2359 narra-

242 2387 422 2459 γένηταιο
474 2388 519 2443 εἴ
570 2386 627 2443 δὲ
686 2388 914 2459 ἀληθῶς
984 2384 1149 2459 ἀσεϐῆ
1225 2386 1599 2465 διεπράξαντο,
1652 2389 1822 2467 ἐχρῆν

1967 2392 2213 2461 ionibus,
2249 2408 2321 2447 ne
2369 2392 2503 2463 quis
2550 2408 2751 2448 eorum
2800 2392 2965 2448 ﬁeret
3015 2392 3294 2448 imitator.
3328 2392 3490 2456 Quod
3531 2390 3580 2448 si

241 2474 481 2531 τούναντίον
536 2478 758 2552 ἀγαθοῖς
815 2478 1007 2549 μύθοις
1064 2480 1109 2515 ³⁸
1167 2477 1303 2537 αύτά
1363 2476 1693 2548 ἐπισκέπειν,
1732 2475 1826 2533 ἵνα

1978 2481 2013 2535 ii
2044 2498 2172 2537 vere
2204 2485 2509 2552 gesserant
2539 2481 2741 2553 impia,
2775 2485 2978 2536 contra
3008 2481 3311 2553 oportebat
3340 2480 3440 2536 illa
3480 2480 3585 2537 bo-

251 2566 303 2633 μὴ
346 2567 387 2618 οἳ
450 2567 738 2642 ἅνθρωποι,
796 2567 873 2628 ὡς
948 2566 1025 2629 εἷς
1100 2566 1411 2642 κρείττονας
1495 2568 1822 2645 ἀφορῶντες,

1978 2570 2027 2625 is
2074 2570 2286 2626 fabulis
2335 2570 2542 2638 velare,
2576 2587 2649 2626 ne
2696 2570 2987 2640 homines,
3020 2569 3180 2626 velut
3226 2570 3327 2642 qui
3373 2569 3433 2625 in
3474 2587 3580 2626 nu-

254 2654 501 2728 ἱμαρτάνειν
549 2654 903 2731 ἐπιχειρῶσιν
970 2654 1195 2717 ἐκείνοις
1250 2653 1628 2732 παραπλήσια.
1687 2660 1824 2710 Ταῦ-

1971 2659 2097 2715 nina
2128 2659 2504 2732 respicerent,
2538 2659 2655 2715 illis
2706 2658 3036 2715 consimilia
3084 2659 3409 2715 niterentur
3454 2676 3584 2732 pec-

251 2743 294 2793 τί
334 2764 414 2813 μου
464 2744 725 2813 εἰπόντος,
758 2745 811 2799 οἱ
867 2745 1129 2819 παρόντες
1188 2745 1410 2823 φανεροὶ
1469 2746 1606 2814 ἦσαν
1644 2746 1822 2820 ἀρχὴν

1971 2766 2084 2804 are.
2124 2748 2253 2805 Haec
2297 2765 2392 2805 me
2442 2748 2687 2815 dicente,
2723 2749 2823 2821 qui
2874 2749 3140 2814 aderant,
3172 2766 3287 2805 non
3337 2750 3584 2806 obscure

254 2825 545 2899 λαμὸάνοντες
571 2840 678 2901 τῆς
709 2834 849 2909 πρὸς
891 2833 1018 2895 τοὺς
1066 2834 1154 2888 ὑπ’
1201 2833 1336 2907 ἐμοῦ
1386 2832 1675 2908 λεχθέντας
1728 2832 1823 2889 λό-

1971 2837 2281 2894 idebantur
2326 2838 2580 2911 incipere
2620 2838 2809 2893 dictos
2854 2855 2888 2893 a
2932 2854 3025 2894 me
3054 2854 3355 2895 sermones
3385 2855 3582 2895 amore

248 2939 335 2991 γους
356 2921 561 2995 ἀγάπης.
612 2921 716 2977 Καὶ
773 2921 877 2997 γὰρ
934 2926 1177 2997 συνεχῶς
1234 2922 1322 2976 καὶ
1371 2919 1821 2995 ἐσπουδασμένῶς

1965 2927 2229 2999 ιτοεοιιυί.
2259 2928 2485 2983 Etenim
2517 2927 2852 2999 frequenter
2881 2931 2937 2983 et
2974 2927 3236 2984 studiose
3282 2932 3578 3002 rogantes,

249 3006 451 3075 ἀξιοῦντες
479 3010 694 3073 πάντως
729 3030 794 3085 με
818 3014 885 3084 τῇ
910 3010 1160 3087 ὑστεραίᾳ
1189 3008 1366 3075 ἐλθεῖν
1394 3009 1817 3088 ἀπηλλάγησαν.

1742 3032 1817 3070 αν.
1932 3020 1999 3072 ut
2028 3016 2267 3073 omnino
2298 3015 2577 3089 postridie
2604 3016 2884 3086 venirem,
2918 3015 3168 3090 digressi
3198 3020 3355 3073 sunt.

806 3206 946 3263 'OMI
954 3211 1068 3263 AIA
1108 3206 1164 3261 E’
1857 3257 1893 3268 __
2546 3211 2847 3268 HOMILIA
2885 3210 2954 3267 V.

285 3314 401 3385 [Τῇ
448 3313 534 3385 μὲν
580 3311 679 3369 οὖν
730 3311 781 3368 ἐν
834 3313 991 3388 Τύρῳ
1031 3313 1254 3389 ἐπιούσῃ
1283 3310 1645 3391 ἡμέρᾳ,καθὲι
1700 3335 1819 3369 συν-
1851 3257 1894 3325 C

2006 3319 2051 3375 Ι.
2085 3318 2376 3389 Sequente
2403 3316 2583 3390 igitur
2611 3319 2765 3389 apud
2796 3318 3013 3390 Tyrum
3062 3317 3177 3385 die,
3212 3320 3574 3390 quemadno-

236 3397 488 3471 ετςιξᾶμεθα,
535 3402 611 3465 εἷς
674 3402 767 3457 τὸν
827 3402 1060 3479 ἡσύχιον
1114 3402 1283 3459 τόπον
1337 3405 1383 3440 ⁸³
1440 3401 1632 3476 ἐλθὼν,
1690 3403 1820 3467 τοὺς

1966 3410 2078 3463 lum
2108 3408 2258 3479 pacti
2288 3423 2543 3478 eramus,
2584 3407 2643 3462 in
2690 3407 2957 3479 quietum
2998 3405 3193 3462 locum
3242 3407 3579 3475 adveniens,

237 3485 512 3565 μὶνέτέρους
546 3492 686 3565 μετά
711 3513 872 3546 τινων
900 3491 989 3546 καὶ
1038 3489 1224 3547 ἄλλων
1286 3488 1416 3547 ἰδὼν
1470 3491 1557 3548 καὶ
1616 3513 1819 3569 προσα-

1973 3502 2173 3552 aateros
2206 3496 2441 3568 quidem
2486 3512 2620 3551 cum
2675 3496 3031 3567 quibusdam
3079 3500 3137 3551 et
3173 3494 3303 3551 aliis
3333 3495 3582 3552 intuitus

234 3576 455 3648 τοξεύσας,
482 3580 752 3636 Αππίωνα
782 3578 840 3636 δὲ
868 3582 943 3654 μὴ
1005 3581 1284 3659 ἑωρακὼς,
1315 3580 1533 3658 ἠρόμην
1588 3586 1685 3638 τοῦ
1744 3584 1821 3656 μὴ

1974 3602 2075 3641 um
2131 3583 2518 3650 salutassem,
2563 3584 2889 3656 Appionem
2945 3601 3077 3641 vero
3136 3601 3250 3640 non
3306 3586 3584 3652 viderem,

236 3674 426 3740 παρεῖναι
481 3670 687 3726 ἐκεῖνον
744 3671 843 3739 τὴν
899 3670 1092 3728 αἰτίαν.
1128 3670 1227 3725 Καί
1260 3692 1342 3733 τις
1394 3666 1520 3750 ἔφη,
1552 3669 1825 3749 δυσαρῥώ-

1975 3691 2180 3730 ausam
2220 3691 2325 3729 cur
2350 3671 2449 3729 ille
2480 3690 2593 3728 non
2625 3674 2854 3729 adesset
2884 3672 3101 3746 rogavi.
3134 3674 3204 3728 Et
3251 3672 3467 3745 aliquis
3496 3689 3586 3729 re-

237 3772 336 3817 στως
382 3758 527 3814 αὐτὸν
588 3761 685 3815 ἀπ’
740 3760 907 3825 αὐτῆς
966 3758 1190 3835 ἑσπέρας
1233 3760 1521 3837 ἐσχηκέναι
1550 3761 1612 3816 τὸ
1641 3760 1825 3835 σωμάο

1978 3762 2203 3835 pondit,
2233 3761 2403 3816 illum
2434 3778 2502 3817 ex
2531 3762 2661 3834 ipsa
2689 3778 2931 3833 vespera
2950 3766 3161 3833 aegroto
3178 3762 3438 3832 jacuisse
3458 3777 3584 3817 cor-

232 3863 331 3901 τιον.
360 3847 514 3922 Ἐμοῦ
564 3847 623 3905 δὲ
686 3852 974 3927 φήσαντος,
1007 3848 1228 3926 εῧλογον
1289 3851 1425 3905 εἶναι
1481 3858 1824 3927 παραχρῆμα

1976 3850 2211 3907 ιυεουιο.
2243 3852 2508 3923 Cumque
2535 3868 2641 3923 ego
2662 3851 2962 3921 dixissem,
2987 3867 3221 3923 aequum
3245 3866 3373 3906 esse
3395 3855 3459 3905 ut
3478 3854 3589 3906 sta-

233 3931 518 4005 δρμήσαντας
584 3938 971 4013 ἐπισκέψασθαι
1025 3938 1207 4011 αὐτὸν,
1260 3936 1452 4016 σχεδὸν
1521 3940 1572 3994 οἱ
1632 3941 1824 4002 πάντες

1976 3942 2049 3996 im
2081 3940 2320 4013 profecti
2350 3956 2487 3994 eum
2517 3939 2910 4006 visitaremus,
2944 3939 3061 3994 fere
3081 3938 3276 3994 cuncti
3296 3937 3589 4010 deprecati

233 4020 370 4092 ἠξίουν
405 4027 667 4104 πρότερον
726 4024 1085 4105 διαλεχθῆναί
1134 4048 1203 4102 με
1262 4027 1465 4097 αὐτοῖς,
1499 4027 1591 4084 εἶθ’
1652 4027 1824 4091 οὕτως

1980 4035 2103 4097 unt,
2137 4034 2204 4084 ut
2251 4028 2415 4101 prius
2463 4028 2548 4084 eis
2592 4028 3011 4094 edissererem;
3044 4027 3129 4083 sic
3176 4026 3333 4083 enim
3387 4030 3588 4098 postea

228 4112 420 4169 ιὲκεῖνον
465 4116 851 4191 ἐπισκέψασθαι
907 4114 1161 4173 δύνασθαι
1219 4120 1264 4155 ⁸ο
1320 4117 1501 4175 αὐτόν.
1551 4123 1689 4181 Μιᾶς
1736 4118 1826 4173 οὗν

1976 4135 2117 4175 μοεεθ
2138 4118 2259 4173 fieri
2284 4122 2347 4171 ut
2366 4116 2533 4172 illum
2556 4117 2965 4173 inviseremus.
2993 4116 3140 4183 Quia
3158 4132 3293 4189 ergo
3326 4132 3444 4171 una
3465 4120 3589 4171 erat

228 4200 395 4258 πάντων
417 4207 651 4280 γνώμης
681 4204 1002 4282 γενομένης,
1036 4205 1216 4283 λέγειν
1248 4206 1520 4283 ἠρξάμην.

1296 4206 1520 4283 ρξάμην.
1946 4207 2212 4264 omnium
2242 4206 2531 4277 voluntas,
2561 4205 2716 4277 loqui
2743 4205 2909 4278 coepi.

280 4291 317 4347 Il
361 4294 536 4370 1210‘s;
588 4300 658 4369 ⁸¹,
691 4295 925 4352 ἐντεῦθεν
962 4295 1337 4377 νάπαλλαγεὶς,
1384 4298 1428 4351 ὦ
1476 4295 1647 4375 φίλοι,
1690 4298 1826 4370 ὁμο-

2017 4300 2089 4351 II.
2122 4295 2254 4351 Heri
2288 4295 2422 4350 hinc
2454 4295 2681 4363 abiens,
2724 4312 2756 4350 o
2807 4295 3001 4363 amici,
3053 4292 3329 4364 multum,
3384 4292 3589 4361 fateor,

231 4372 341 4454 λαγῶ
380 4383 478 4453 δτι,
506 4386 653 4440 πάνυ
699 4372 996 4465 φροντίζων
1048 4387 1178 4460 ὑπὲρ
1217 4372 1329 4456 τῆς
1372 4372 1506 4462 πρὸς
1547 4384 1831 4444 Ἀππῖωνα

1980 4384 2238 4442 ollicitus
2268 4384 2338 4440 de
2370 4384 2569 4439 futura
2598 4384 2876 4439 adversus
2922 4382 3249 4455 Appionem
3298 4382 3590 4454 discepta-

232 4466 494 4543 μελλούσης
522 4472 738 4539 ἔσεσθαι
781 4476 1082 4548 ζητήσεως,
1114 4474 1285 4530 ὕπνου
1313 4480 1500 4551 τυχεῖν
1534 4478 1683 4535 135
1736 4474 1834 4530 οὐκ

1980 4474 2103 4529 ione
2133 4490 2407 4529 somnum
2439 4489 2642 4544 capere
2674 4488 2787 4527 non
2838 4470 3022 4545 potui.
3058 4470 3349 4543 Vigilante
3396 4475 3593 4525 autem

232 4551 469 4633 ἐδυνάμην,
526 4565 963 4640 ’Δγρυπνοῦντος
1032 4562 1090 4619 δέ
1144 4586 1250 4639 μου
1318 4562 1603 4641 εἶ’σὲδραμε
1654 4565 1722 4620 τὰ
1779 4564 1831 4620 ἐν

1983 4580 2046 4619 ne
2076 4565 2611 4632 occurrerunt,quze
2634 4560 2828 4616 Roma:
2859 4565 3063 4616 contra
3091 4559 3260 4615 illum
3292 4575 3596 4615 commen-

228 4629 372 4721 Ῥώμη
401 4652 531 4727 πρὸς
562 4629 726 4709 αύτόν
774 4670 870 4726 μοι
908 4629 1370 4730 μεμηχανημένα.
1409 4629 1507 4710 Ἦν
1536 4629 1618 4709 ’δὲ
1665 4657 1840 4709 τοιαῦ-

1983 4670 2046 4709 us
2079 4652 2181 4708 fui.
2212 4652 2363 4707 Sunt
2417 4629 2613 4706 autem
2669 4649 2811 4706 haec.
2845 4652 2892 4705 A
2949 4665 3127 4719 puero
3183 4665 3289 4721 ego
3328 4647 3596 4704 Clemens

232 4752 293 4786 τι·
320 4738 400 4793 Ἐκ
425 4740 614 4805 παιδὸς
648 4742 753 4818 ἐγὼ
790 4742 1028 4816 Κλήμης
1085 4743 1344 4815 ἀληθείας
1403 4741 1685 4819 ἐρῶν,Μῖ
1744 4748 1840 4813 ζη-

1986 4740 2210 4798 eritatis
2240 4739 2563 4810 studiosus,
2590 4754 2975 4810 quzerensque
2995 4736 3203 4793 animae
3233 4734 3420 4806 utilia,
3452 4740 3508 4791 et
3536 4736 3596 4791 in

233 4827 310 4877 τῶν
334 4830 394 4881 τὰ
418 4833 570 4907 ψυχῇ
622 4829 966 4909 διαφέροντα,
998 4832 1089 4887 καὶ
1140 4830 1214 4893 εἷς
1263 4832 1551 4894 ἁνασκευὰς
1603 4832 1693 4887 καὶ
1743 4852 1842 4886 κα·

1986 4830 2379 4888 onfutationes
2410 4844 2476 4883 ac
2500 4827 2871 4899 probationes
2892 4831 3127 4899 tempus
3148 4826 3476 4894 insumens,
3507 4823 3596 4880 ni-

231 4918 444 4980 τπκευᾶς
498 4917 744 4975 δαπανῶν
792 4920 918 4984 τοὺς
967 4920 1227 4997 χρόνους,
1272 4920 1363 4976 καὶ
1412 4922 1580 4994 μηθὲν
1629 4917 1841 4976 τέλειον

1983 4919 2155 4991 ιὶιᾳυε
2185 4917 2387 4973 valens
2417 4917 2537 4972 veri
2580 4916 2859 4984 invenire,
2892 4916 2951 4970 in
2983 4914 3254 4971 morbum
3286 4931 3355 4970 ex
3384 4913 3596 4970 mentis

232 5000 370 5075 εὖρεῖν
425 5005 743 5083 δυνάμενος,
795 5010 898 5065 ὑπὸ
953 5016 1052 5081 τῆς
1109 5009 1289 5072 ἀνοίας
1348 5009 1609 5081 ἐξώκειλα
1664 5012 1709 5047 ⁸³
1766 5007 1843 5072 εἷς

1986 5007 2308 5080 mpotentia
2336 5006 2560 5062 deveni.
2592 5004 2855 5077 Cumque
2884 5004 3316 5073 decumberem,
3352 5002 3599 5059 Romam

227 5089 376 5151 νόσον.
416 5098 510 5151 Καὶ
543 5096 611 5168 δὴ
646 5099 782 5173 ἐμοῦ
841 5100 1250 5173 κατακειμένου,
1283 5100 1311 5155 ὁ
1341 5098 1590 5155 Ἀππίων
1652 5095 1840 5170 ἐπιδη-

1992 5096 2184 5153 dvenit
2216 5094 2461 5169 Appion,
2494 5100 2772 5168 paternus
2803 5093 3048 5164 amicus,
3084 5097 3143 5149 et
3182 5093 3337 5164 apud
3371 5108 3463 5147 me
3493 5092 3601 5147 ho-

230 5185 303 5247 μεῖ
446 5187 652 5262 Ῥώμη,
685 5188 948 5263 πατρικὸς
1011 5183 1084 5244 ὤν
1148 5210 1241 5263 μοι
1301 5187 1479 5267 φίλος,
1528 5187 1621 5243 καὶ
1672 5187 1843 5259 ἐπιξε-

1991 5186 2207 5259 pitatur
2234 5202 2247 5240 :
2281 5185 2647 5255 audiensque
2678 5183 2737 5238 in
2768 5182 2913 5238 lecto
2946 5198 3039 5237 me
3059 5182 3277 5253 jacere,
3300 5180 3372 5236 ad
3406 5196 3499 5235 me
3520 5179 3604 5235 in~

228 5271 375 5324 νοῦται
428 5273 574 5347 ἐμοὶ,
631 5276 722 5332 καὶ
776 5274 1014 5353 κλινήρη
1079 5277 1261 5350 μαθὼν
1310 5277 1448 5352 πρὸς
1510 5274 1607 5349 ἐμὲ
1672 5274 1841 5349 εἰσέρ-

1985 5293 2195 5346 ;ressus
2226 5280 2334 5342 est,
2366 5279 2649 5345 tanquam
2684 5272 2922 5327 medica:
2956 5271 3098 5327 artis
3122 5287 3236 5326 non
3259 5269 3598 5341 imperitus;

228 5374 377 5434 χεται,
406 5361 477 5427 ὡς
524 5363 772 5443 ἰατρικῆς
805 5367 904 5422 οὐκ
932 5364 1199 5439 ἀμύητος,
1232 5366 1323 5422 καὶ
1370 5364 1689 5431 πυνθάνεται
1745 5367 1841 5435 τῆς

1989 5370 2131 5436 tque
2163 5368 2329 5436 rogat
2353 5378 2593 5419 causam
2630 5360 2962 5417 decubitus.
2997 5358 3112 5433 Ego
3141 5374 3274 5414 vero
3306 5356 3602 5413 hominem

1551 5492 1795 5549 VARI/E
1834 5490 2245 5548 LECTIONES.

288 5583 1141 5672 ἐπροεκᾲλυψξνοωεοάρεθ-
1218 5591 1634 5672 “Mein--0-
1673 5583 2696 5672 ..δίξιαθέὶεαστρνβοΐ-οο,.ῗῗ.μέθοις
2756 5585 2891 5641 add.
2952 5583 3119 5665 0-.0-
3181 5572 3605 5672 πάθωιέπξηῖκέῖ

234 5648 396 5725 πτειν,’
417 5677 471 5734 p.
504 5648 826 5719 ὲπισίιὲπειν.
900 5664 947 5699 ³ο
974 5661 1141 5717 τόπον
1177 5680 1293 5721 non
1322 5667 1414 5721 est
1442 5663 1504 5721 in
1528 5665 1592 5722 Ο.
1667 5663 1713 5699 ⁸ο
1742 5648 1996 5718 δύνασθαι
2042 5661 2227 5719 textui
2272 5648 2523 5727 reddidi,
2556 5661 2871 5732 postquam
2925 5654 3212 5713 omissum
3242 5654 3366 5710 erat
3394 5666 3429 5710 a
3456 5648 3518 5711 Cl
3550 5652 3608 5711 et

236 5724 280 5783 δ’
339 5731 380 5771 ⁶¹
409 5733 540 5810 χθὲς
569 5734 636 5792 Ο.
710 5737 755 5772 ⁴²
786 5732 1035 5808 ἐξώκειον
1063 5734 1130 5793 Ο.
