4086 6216
437 421 550 480 1⁸15

1259 417 1323 477 8.
1373 416 1813 478 CLEMENTIS
1860 417 1881 476 Ι
1932 418 2119 477 ΡιΟΜ.
2164 416 2397 476 ΡΟΝΤ.
2446 417 2705 477 OPERA
2752 416 3016 477 DUBIA.

3734 417 3846 479 176

435 569 552 609 non
583 548 923 623 ignorabam
946 564 1180 605 summo
1200 548 1434 605 Judaeos
1458 547 1728 621 prosequi
1759 548 1911 615 odio,
1936 548 2073 604 adeo

2190 544 2555 607 κατακλίσεως
2610 546 2708 614 τὴν
2767 544 2961 603 αἰτίαν.
3026 545 3168 619 Ἐγὼ
3229 543 3288 600 δὲ
3337 546 3428 600 τὸν
3510 543 3676 622 ἄνδρα
3752 549 3847 603 οὐκ

436 645 499 695 ut
541 643 599 695 et
654 644 855 695 contra
901 655 1000 694 eos
1049 638 1270 695 multos
1318 638 1618 711 scripserit
1660 638 1881 706 libros;
1924 655 2081 693 nunc

435 732 589 785 certe
616 728 916 785 Simonem
965 728 1158 801 ipsum
1214 727 1271 783 in
1323 726 1642 782 amicitiam
1693 726 1934 781 admisit
1966 742 2080 781 non

433 818 665 891 quidem
699 819 770 874 ob
803 818 1063 874 discendi
1098 816 1361 873 studium
1406 833 1473 871 ac
1524 816 1944 881 eruditionem,
1977 816 2079 871 sed

437 907 575 982 quia
604 907 764 965 novit
794 924 929 964 eum
981 923 1109 963 esse
1155 905 1588 961 Samaritanum
1640 909 1697 960 et
1740 905 2080 960 Judzeorum

435 998 690 1068 hostem,
724 997 1003 1053 adversus
1034 1012 1180 1068 quos
1211 994 1389 1051 etiam
1432 993 1508 1049 sit
1553 1010 1918 1067 progressus,
1953 994 2080 1049 ideo

438 1102 573 1144 eum
604 1085 715 1142 sibi
747 1084 1099 1155 conciliavit,
1122 1101 1233 1156 quo
1265 1083 1452 1157 possit
1479 1083 1699 1156 aliquid
1730 1081 1922 1139 abillo
1951 1098 2084 1137 con-

437 1181 527 1233 tra
557 1176 791 1232 Judaeos
821 1174 1063 1230 discere.

508 1270 608 1321 III.
641 1264 770 1321 Haec
800 1281 904 1337 ego
935 1263 1127 1320 sciens
1157 1264 1227 1319 de
1246 1263 1529 1335 Appione,
1552 1260 1731 1318 simul
1754 1278 1820 1317 ac
1840 1276 2079 1317 causam

438 1355 627 1411 morbi
659 1354 843 1427 petiit,
876 1352 1148 1425 respondi
1177 1351 1469 1419 simulate,
1494 1367 1587 1407 me
1612 1351 1895 1422 juvenum
1922 1365 2081 1405 more

439 1445 709 1502 affectum
737 1444 933 1499 dolere
965 1442 1182 1498 animo.
1209 1442 1285 1497 Ad
1311 1440 1431 1496 haac
1455 1439 1551 1497 ille
1582 1441 1727 1496 dixit
1761 1458 1773 1495 :
1810 1438 1935 1507 Fili,
1957 1444 2082 1495 tan-

440 1551 617 1606 quam
650 1534 800 1605 patri
832 1532 1089 1588 confisus
1122 1548 1312 1602 narra,
1346 1531 1588 1603 quinam
1640 1531 1717 1586 sit
1764 1529 1943 1585 animi
1995 1528 2079 1584 tui

439 1623 701 1680 morbus.
735 1622 996 1693 Cumque
1033 1620 1246 1676 iterum
1276 1620 1408 1676 ﬁcte
1445 1619 1759 1676 vehemens
1807 1619 2080 1674 ducerem

438 1712 784 1784 suspirium,
816 1710 983 1782 quasi
1015 1709 1234 1765 veritus
1267 1710 1429 1765 fateri
1463 1725 1744 1779 amorem,
1778 1707 2003 1763 silendo
2026 1711 2083 1763 et

436 1802 665 1860 vultum
700 1800 1058 1855 demittendo
1081 1798 1475 1870 suspicionem
1510 1798 1641 1853 dedi
1665 1798 1794 1869 ejus
1821 1799 1972 1869 quod
2000 1797 2083 1852 in-

436 1890 615 1946 dicari
634 1889 895 1945 volebam
915 1907 927 1956 ;
950 1895 1006 1943 at
1030 1886 1127 1942 ille
1146 1904 1341 1942 revera
1362 1903 1453 1942 me
1486 1886 1792 1941 mulierem
1821 1885 2082 1957 deperire

435 1996 750 2053 persuasus
781 1976 926 2033 dixit
959 1995 971 2032 :
1003 1975 1159 2031 Nihil
1188 1976 1248 2031 in
1287 1976 1406 2031 vita
1451 1980 1558 2043 est,
1588 1975 1679 2030 cui
1729 1992 1843 2029 non
1896 1973 2082 2047 possit

437 2068 701 2125 adhiberi
725 2066 1069 2123 remedium.
1107 2068 1234 2137 Ipse
1264 2065 1418 2121 enim
1452 2081 1579 2137 ego,
1611 2063 2075 2135 adhucjuvenis,

435 2175 569 2215 cum
594 2158 652 2212 in
674 2173 931 2212 amorem
951 2155 1287 2210 incidissem
1311 2154 1759 2226 elegantissimae
1793 2153 2078 2224 mulieris,

434 2264 549 2304 non
583 2246 753 2302 modo
783 2242 1147 2317 impossibile
1170 2244 1511 2314 judicabam
1562 2242 1658 2299 illa
1709 2242 1844 2310 frui,
1879 2259 2079 2299 verum

437 2352 623 2408 neque
644 2334 897 2392 salutare
921 2350 1181 2406 unquam
1206 2333 1545 2405 sperabam:
1572 2337 1627 2387 et
1650 2336 1848 2388 tamen
1874 2338 2080 2388 nactus

434 2425 689 2498 aliquem
722 2423 1082 2495 Egyptium,
1118 2422 1362 2494 magicis
1414 2422 1470 2476 in
1521 2422 1747 2476 artibus
1794 2421 2076 2493 peritissi-

436 2531 621 2582 mum,
683 2518 740 2569 et
798 2516 1095 2568 contracta
1152 2528 1286 2565 cum
1346 2526 1412 2565 eo
1480 2510 1759 2579 amicitia,
1819 2524 2077 2564 amorem

438 2616 631 2659 meum
665 2601 932 2657 declaro:
968 2616 1034 2655 ac
1066 2616 1179 2654 non
1209 2598 1399 2653 solum
1419 2597 1513 2653 ille
1536 2615 1596 2653 se
1620 2598 1762 2653 mihi
1789 2598 1858 2653 ad
1884 2599 2080 2668 cupita

435 2691 633 2749 omnia
662 2689 940 2757 tradidit;
993 2689 1092 2745 sed
1144 2688 1475 2759 largissime
1528 2687 1668 2742 mihi
1717 2687 2075 2758 gratificans,

438 2782 612 2837 etiam
644 2778 921 2835 carminis
949 2796 1051 2850 per
1081 2776 1232 2848 quod
1262 2777 1481 2847 potitus
1512 2775 1592 2830 fui
1626 2775 1929 2831 scientiam
1962 2793 2076 2831 non

437 2868 683 2924 invidit:
717 2872 890 2939 atque
920 2884 1022 2940 per
1050 2866 1209 2921 illius
1239 2864 1497 2919 hominis
1526 2864 1812 2919 occultam
1843 2865 2078 2919 demon-

435 2959 803 3024 strationem,
835 2972 1152 3029 persuasus
1187 2953 1448 3027 magistri
1472 2953 1891 3023 munificentia,
1915 2958 1971 3007 et
1992 2971 2078 3008 se-

434 3046 542 3103 mel
578 3048 821 3119 potitus,
854 3060 1050 3101 amare
1082 3044 1324 3099 cessavi.

499 3230 593 3289 IV.
626 3230 786 3287 Unde
816 3230 865 3286 si
895 3232 951 3286 et
981 3232 1045 3285 tu
1076 3228 1189 3285 tale
1228 3227 1368 3300 quid
1399 3227 1705 3284 hominum
1739 3244 1899 3284 more
1922 3232 2075 3301 pate-

2190 634 2396 712 ἀγνοῶν
2440 638 2486 672 ⁴³
2536 634 2674 690 πάνυ
2724 632 3026 697 Ἰουδαίους
3058 631 3128 690 δι’
3176 632 3473 711 ἀπεχθείας
3522 634 3742 712 ἔχοντα,
3774 637 3846 700 ὡς

2188 723 2277 779 καὶ
2327 722 2516 780 πολλὰ
2564 719 2754 799 βιϐλία
2803 725 2918 779 κατ’
2950 724 3126 779 αὐτῶν
3174 725 3607 803 συγγεγραφέναι
3660 730 3724 762 ⁸⁵⁸
3755 727 3839 781 καί

2190 814 2349 869 αὐτὸν
2392 813 2615 887 Σίμωνα
2653 818 2745 867 νῦν
2794 812 2855 867 οὗ
2908 810 2996 868 διὰ
3039 812 3396 891 φιλομάθειαν
3432 817 3477 852 ⁴⁸
3530 816 3606 877 sic
3657 814 3836 894 φιλίαν

2189 904 2571 979 προσιέμενον,
2619 900 2745 957 ἀλλ’
2794 900 2978 972 ἐπειδὴ
3028 904 3285 979 Σαμαρέα
3348 902 3507 958 αὑτὸν
3579 903 3694 959 οἶδε
3753 928 3841 979 μι-

2190 990 2495 1046 σοϊουδαῖόν
2528 1013 2585 1046 τε
2615 986 2742 1047 ὄντα
2772 990 2860 1047 καὶ
2909 993 3045 1047 κατά
3077 989 3352 1047 Ἰουδαίων
3403 990 3844 1067 προεληλυθότα,

2190 1078 2279 1135 διὰ
2334 1086 2494 1137 τοῦτο
2543 1081 2702 1137 αὐτὸν
2762 1082 3239 1158 προσῳκειώσατο,
3283 1078 3376 1137 ἵνα
3435 1079 3651 1139 δύναιτο
3709 1083 3846 1140 κατὰ

2187 1168 2462 1227 Ἰουδαίων
2489 1193 2542 1225 τι
2566 1172 2693 1248 παρ’
2724 1169 2887 1225 αὑτοῦ
2922 1171 3221 1243 μανθάνειν.

2261 1266 2350 1318 Ill.
2384 1263 2565 1317 Ταῦτα
2622 1259 2730 1335 ἐγὼ
2781 1258 3049 1336 προειδὼς
3098 1263 3142 1297 ⁵⁸
3190 1260 3310 1338 περὶ
3360 1265 3457 1317 τοῦ
3508 1262 3843 1336 Ἀππίωνος,

2190 1348 2302 1421 ἅμα
2347 1353 2425 1421 τῷ
2470 1350 2724 1413 πυθέσθαι
2775 1349 2933 1404 αύτὸν
2982 1350 3082 1420 τὴν
3134 1349 3309 1405 αἰτίαν
3354 1356 3455 1421 τῆς
3484 1351 3641 1407 νόσου
3671 1372 3843 1428 προσ-

2188 1442 2488 1508 ποιητικῶς
2539 1440 2581 1475 ⁸⁷
2632 1438 3028 1515 ἀπεκρινάμην,
3080 1437 3163 1495 ὅτι
3211 1440 3277 1494 τὰ
3323 1438 3457 1495 νέων
3508 1443 3706 1518 πάσχω
3754 1441 3846 1497 καὶ

2190 1524 2346 1601 ἀλγῶ
2396 1529 2494 1597 τήν
2554 1530 2761 1605 ψυχήν.
2809 1530 2867 1585 Ὀ
2918 1525 2975 1583 δὲ
3023 1528 3161 1604 πρὸς
3216 1533 3383 1584 ταῦτα
3448 1527 3577 1607 ἔφη’
3628 1530 3843 1602 Τέκνον,

2190 1616 2265 1679 ὡς
2294 1617 2457 1693 πατρὶ
2488 1619 2756 1694 θαρσήσας
2789 1614 2937 1693 λέγε,
2960 1618 3043 1680 τίς
3078 1639 3173 1672 σου
3202 1625 3303 1689 τῆς
3357 1621 3545 1695 ψυχῆς
3576 1621 3609 1690 ἡ
3641 1619 3840 1690 νόσοςς

2189 1706 2359 1779 Ἐμοῦ
2417 1704 2474 1761 δὲ
2528 1712 2972 1779 προσποιητικῶς
3034 1710 3077 1744 ⁸⁸
3134 1708 3299 1763 πάλιν
3373 1709 3840 1780 ἀναστενάξαντος,

2191 1794 2267 1857 ὡς
2312 1793 2379 1864 δὴ
2431 1796 2553 1870 περῖ
2624 1794 2825 1872 ἔρωτος
2874 1796 3042 1851 εἰπεῖν
3101 1794 3447 1870 αῗδουμένου,
3502 1796 3590 1853 διά
3634 1820 3697 1873 γε
3743 1806 3843 1869 τῆς

2191 1891 2403 1953 σιωπῆς
2436 1887 2588 1941 I36
2637 1885 2725 1939 καὶ
2770 1889 2868 1940 τοῦ
2919 1885 3223 1940 κατανεύειν
3256 1889 3321 1956 ⁴⁹,
3354 1886 3479 1963 περῖ
3531 1887 3592 1941 οὗ
3639 1885 3839 1957 ἤθελον

2190 1972 2570 2044 ἐνδείκνυσθαι,
2603 1979 2867 2051 παρεῖχον
2924 1976 3021 2045 τήν
3086 1975 3339 2030 ὑπόνοιαν
3411 1977 3438 2031 ὁ
3496 1973 3572 2046 δὲ,
3621 1976 3742 2053 ἐρᾷν
3797 1981 3843 2015 ⁸ο

2192 2084 2259 2137 με
2304 2064 2555 2140 γυναικὸς
2600 2062 2817 2130 ἀληθῶς
2868 2064 3230 2132 ἀναπεισθεὶς,
3284 2063 3407 2143 ἔφη·
3467 2063 3629 2120 Οὐδὲν
3697 2066 3839 2122 ἐστιν

2189 2152 2240 2207 ἐν
2285 2158 2365 2226 τῷ
2428 2153 2531 2229 βίῳ
2586 2153 2837 2228 βοηθείας
2882 2159 3067 2231 τυχεῖν
3121 2155 3197 2227 μή
3251 2150 3567 2227 δυνάμενον.
3600 2157 3702 2211 Καὶ
3734 2157 3840 2233 γὰρ

2188 2241 2368 2312 αὐτὸς,
2401 2241 2489 2296 ὅτε
2537 2242 2657 2303 νὲος
2705 2240 2857 2315 ἤμην
2908 2245 2970 2300 δί.
3019 2241 3256 2316 ἐρασθεὶς
3316 2243 3574 2318 γυναικὸς
3621 2243 3839 2315 ἀξιολο-

2187 2332 2461 2407 γωτάτης,
2496 2330 2556 2385 ού
2592 2325 2749 2404 μόνον
2779 2330 2943 2401 αὐτῆς
2975 2334 3020 2368 ⁵²
3051 2337 3238 2407 τυχεῖν
3270 2332 3530 2407 ἡγούμην
3576 2330 3837 2389 ἀδύνατον

2188 2421 2342 2490 εἶναι,
2395 2418 2520 2476 ἀλλ’
2574 2418 2698 2475 οὐδὲ
2764 2419 3195 2497 προσαγορεῦσαί
3246 2442 3376 2476 ποτε
3442 2419 3707 2492 ἤλπιζον·
3748 2422 3839 2478 καὶ

2187 2512 2363 2582 ὅμως,
2421 2512 2730 2586 περιτυχών
2790 2532 2896 2565 τινι
2960 2508 3261 2586 Αἰγυπτίῳ,
3321 2510 3460 2565 πάνυ
3516 2513 3583 2565 τά
3651 2513 3837 2588 μάγων

2186 2594 2519 2675 ἀκριϐοῦντι,
2578 2600 2666 2653 καὶ
2726 2598 2985 2677 φιλωθεὶς
3040 2598 3275 2675 ἐκφαίνω
3337 2621 3441 2673 μου
3498 2602 3589 2655 τὸν
3640 2599 3840 2674 ἔρωτα,

2184 2688 2273 2743 καὶ
2306 2688 2367 2743 οὐ
2402 2688 2566 2761 μόνον
2600 2689 2784 2743 ἑαυτόν
2822 2710 2914 2762 μοι
2946 2694 3176 2765 παρεῖχε
3215 2689 3350 2766 πρὸς
3397 2696 3499 2744 πᾶν
3547 2691 3575 2745 ’ὀ
3614 2685 3843 2746 ἐϐουλό-

2190 2800 2318 2851 μην,
2352 2776 2497 2833 ἀλλᾶ
2527 2774 2909 2853 δαψιλέστερον
2943 2778 3080 2854 πρός
3116 2799 3182 2851 με
3231 2776 3695 2856 φιλοτιμούμενος
3746 2778 3838 2834 καὶ

2183 2868 2282 2935 τὴν
2314 2865 2595 2937 ἐπαοιδὴν,
2640 2864 2708 2922 δι’
2760 2870 2827 2936 ἧς
2884 2866 3101 2943 ἔτυχον,
3136 2865 3403 2923 διδάσκειν
3465 2868 3564 2922 οὐκ
3618 2869 3840 2947 ἐφθόνη-

2185 2976 2271 3009 σεν
2345 2955 2403 3011 ἐκ
2451 2955 2508 3010 δὲ
2563 2960 2662 3026 τῆς
2722 2955 2926 3011 ἐκείνου
3000 2956 3255 3031 λαθραίας
3324 2955 3667 3029 ὑποδείξεως,
3716 2980 3837 3013 πει-

2184 3044 2324 3107 σθεὶς
2375 3050 2442 3119 τῇ
2492 3050 2588 3100 τοῦ
2638 3042 2947 3115 διδάξαντος
2998 3045 3245 3124 ἀφθονίᾳ,
3301 3046 3389 3101 καὶ
3451 3049 3588 3118 ἅπαξ
3656 3046 3838 3103 ἐπιτυ-

2185 3135 2327 3209 χὼν,
2359 3133 2673 3208 ἐπαυσάμην
2704 3138 2801 3189 τοῦ
2833 3131 3056 3208 ἔρωτος.

2258 3224 2347 3278 IV.
2382 3226 2559 3293 Ὅθεν,
2594 3223 2638 3279 εἷ
2687 3224 2775 3278 καὶ
2815 3223 2877 3278 σὺ
2924 3223 3175 3279 τοιοῦτόν
3223 3245 3275 3279 τι
3326 3225 3598 3289 πέπονθας
3638 3224 3840 3303 ἀνθρω·

427 3321 530 3385 ris,
560 3319 703 3374 mihi
732 3319 989 3375 confisus
1021 3319 1243 3390 depone
1272 3335 1464 3373 curas.
1491 3318 1648 3373 Intra
1668 3318 1823 3374 enim
1847 3323 2070 3390 septem

2188 3311 2371 3385 πίνως,
2426 3312 2693 3388 θάρσησον
2748 3315 2883 3386 ἡμῖν
2952 3314 3087 3389 πρὸς
3163 3311 3225 3368 τὸ
3303 3314 3624 3390 ἀμέριμνον·
3687 3314 3834 3377 ἐντὸς

427 3409 552 3464 dies
582 3408 821 3464 omnino
854 3412 910 3464 te
943 3406 1207 3463 mulieris
1238 3408 1447 3463 faciam
1472 3412 1819 3479 compotem.
1844 3408 1945 3463 His
1968 3426 2073 3480 ego

428 3497 666 3569 auditis,
702 3514 897 3553 meum
930 3496 1244 3569 respiciens
1268 3497 1338 3552 ad
1370 3514 1637 3569 scopum,
1660 3498 1749 3554 aio
1784 3516 1797 3553 :
1833 3502 2074 3569 Ignosce

430 3586 574 3642 mihi
607 3604 721 3642 non
745 3587 979 3659 penitus
1001 3586 1259 3642 credenti
1282 3586 1533 3657 magiam
1565 3593 1819 3643 exstare:
1858 3586 2073 3643 multos

428 3677 648 3749 quippe
669 3676 794 3746 jam
827 3680 1098 3749 expertus
1119 3693 1273 3747 sum,
1300 3675 1485 3732 multa
1510 3675 1797 3748 pollicitos
1820 3694 1885 3732 ac
1908 3694 2071 3733 men-

426 3766 585 3822 titos.
619 3768 888 3821 Attamen
921 3770 1111 3822 movet
1142 3782 1235 3821 me
1266 3782 1331 3821 ac
1362 3764 1420 3820 in
1455 3783 1619 3838 spem
1652 3766 1890 3822 adducit
1937 3784 2068 3838 pro-

427 3855 631 3912 missio
662 3860 784 3912 tua.
817 3854 1033 3911 Vereor
1083 3860 1300 3927 autem,
1331 3856 1471 3911 dum
1526 3857 1735 3929 cogito,
1775 3856 1918 3911 forte
1951 3855 2068 3910 dae-

423 3961 627 4002 mones
659 3945 955 4002 interdum
986 3944 1175 4018 magis
1206 3945 1277 4001 ad
1320 3945 1598 4002 mandata
1645 3963 1760 4002 non
1811 3944 2067 4001 obedire.

489 4123 557 4179 V.
586 4123 905 4196 Respondit
933 4122 1158 4195 Appion
1186 4141 1198 4179 :
1235 4121 1371 4177 Mihi
1404 4122 1675 4191 concede,
1705 4127 1767 4177 ut
1790 4121 1911 4177 haec
1934 4121 2068 4194 plus

420 4231 594 4285 quam
625 4218 689 4269 tu
722 4229 1091 4285 cognoscam.
1126 4211 1207 4266 Ne
1253 4216 1449 4267 tamen
1504 4211 1647 4266 nihil
1696 4211 1948 4268 videaris
1998 4230 2067 4268 ex

420 4318 511 4358 me
533 4302 827 4358 audivisse
857 4302 927 4357 de
960 4317 1026 4356 eo
1050 4301 1204 4373 quod
1232 4300 1453 4367 dixisti,
1481 4301 1661 4370 disce,
1694 4318 1811 4373 qua
1842 4301 2065 4358 ratione

418 4395 700 4463 cogantur
731 4391 1023 4446 daemones
1074 4390 1315 4461 obsequi
1372 4390 1663 4445 mandatis
1712 4406 2060 4461 magorum;

415 4497 549 4537 nam
583 4480 736 4535 sicut
769 4479 889 4535 fieri
926 4496 1039 4535 non
1073 4483 1283 4550 potest,
1318 4482 1383 4533 ut
1431 4478 1599 4534 miles
1647 4478 1781 4533 duci
1832 4484 2059 4534 contra-

413 4568 587 4637 dicat,
620 4574 677 4624 et
706 4568 859 4624 sicut
898 4567 1009 4639 ipsi
1041 4568 1222 4624 duces
1267 4585 1380 4623 non
1428 4572 1676 4639 possunt
1723 4568 2059 4640 imperatori

2181 3402 2280 3477 γᾶρ
2312 3404 2533 3477 ἡμερῶν
2566 3402 2699 3456 ἐπτᾶ
2729 3402 2943 3466 πάντως
2976 3402 3142 3472 αὐτῆς
3177 3402 3452 3478 ἐπιτυχεῖν
3494 3425 3553 3458 σε
3594 3407 3833 3474 ποιήσω.

2181 3496 2353 3545 Ταῦτα
2382 3490 2613 3553 ἀκούσας
2648 3490 2777 3567 ἐγὼ,
2812 3491 2888 3554 είς
2928 3492 3020 3546 τὸν
3076 3492 3203 3565 ἐμὸν
3251 3495 3296 3530 ⁸³
3346 3493 3545 3548 σκοπὸν
3593 3489 3832 3548 ἀποϐλέ-

2182 3602 2321 3652 πων,
2376 3576 2531 3659 ἔφην·
2584 3579 2865 3658 Σύγγνωθί
2916 3602 3009 3654 μοι
3060 3583 3135 3653 μὴ
3189 3582 3328 3636 πάνυ
3376 3580 3679 3637 πιστεύοντι
3730 3605 3834 3656 μα-

2179 3669 2325 3747 γείαν
2390 3671 2692 3749 ὑφεστάναι·
2744 3668 2969 3725 πολλῶν
3034 3672 3137 3748 γὰρ
3188 3668 3373 3727 πολλά
3430 3671 3836 3746 ἐπαγγελλομέ-

2180 3782 2285 3815 νων
2318 3760 2406 3815 καὶ
2458 3758 2897 3834 διαψευσαμένων
2941 3757 3050 3830 ἤδη
3101 3760 3458 3835 πεπείραμαι.
3494 3759 3646 3829 Πλὴν
3708 3758 3834 3815 δυσο

2180 3854 2320 3904 ωπεῖ
2347 3852 2392 3885 “
2424 3855 2491 3921 μέ
2544 3849 2633 3903 καὶ
2694 3848 2767 3911 εἷς
2826 3846 3051 3911 ἐλπίδας
3112 3850 3231 3925 ἄγει
3290 3851 3325 3919 ἠ
3389 3851 3454 3919 σή
3514 3849 3831 3925 ὑπόσχεσις.

2180 3936 2404 3993 Δέδοικα
2462 3935 2519 3992 δὲ
2572 3937 2989 4011 ἐνθυμούμενος,
3026 3939 3101 4010 μὴ
3163 3938 3262 4011 ἄρα
3313 3939 3365 3992 οἱ
3418 3935 3667 4012 δαίμονες
3715 3945 3832 4002 τοῖς

2183 4027 2374 4105 μάγοις
2406 4027 2576 4083 ἐνίοτε
2605 4028 2742 4105 πρὸς
2769 4026 2836 4081 τά
2863 4024 3197 4100 κελευόμενα
3227 4026 3335 4104 οὐχ
3369 4027 3701 4084 ὑπείκουσιν.

2248 4119 2314 4175 ν.
2350 4119 2450 4175 Καὶ
2508 4116 2805 4174 δἈππίων
2861 4114 2983 4194 ἔφη’
3043 4121 3217 4171 Ταῦτα
3275 4115 3399 4189 ἐμοί
3457 4138 3552 4171 σου
3612 4116 3828 4191 μᾶλλον

2175 4208 2446 4283 συγχώρεν
2482 4204 2699 4264 εἷ’δέναι.
2732 4208 2881 4262 137
2930 4204 3084 4275 Πλήν
3124 4203 3215 4260 ’ίνα
3267 4206 3343 4279 μὴ
3395 4203 3581 4281 δοκῇς,
3616 4208 3751 4282 πρὸς
3800 4206 3829 4261 ὃ

2175 4294 2328 4375 ἔφης,
2368 4293 2534 4370 μηδὲν
2586 4295 2873 4366 ἀκηκοέναι
2927 4296 3052 4372 παρ’
3104 4294 3261 4369 ἐμοῦ,
3308 4294 3441 4368 μάθε
3489 4300 3603 4358 πῶς
3655 4296 3825 4372 ἀνάγ-

2171 4408 2273 4456 κην
2324 4384 2539 4461 ἔχουσιν
2586 4386 2637 4440 οἱ
2691 4382 2941 4457 δαίμονες
2989 4389 3103 4447 τοῖς
3153 4385 3349 4459 μάγοις
3411 4384 3643 4439 ὑπείκειν
3701 4386 3826 4462 περὶ

2172 4477 2244 4531 ὧν
2304 4475 2636 4531 κελεύονται’
2700 4474 2775 4537 ὡς
2830 4475 2933 4550 γάρ
2993 4471 3254 4528 ἀδύνατόν
3313 4473 3425 4529 ἐστι
3482 4476 3823 4550 στρατιώτην

2170 4566 2435 4620 ἀντειπεῖν
2484 4569 2563 4637 τῷ
2611 4562 2923 4640 ἡγουμένῳ,
2952 4562 3141 4625 αὐτοῖς
3198 4584 3257 4618 τε
3312 4568 3431 4626 τοῖς
3485 4565 3822 4639 ἡγουμένοις

415 4675 529 4713 non
561 4658 962 4729 obtemperare
994 4658 1064 4728 (si
1099 4657 1232 4729 quis
1262 4656 1415 4711 enim
1444 4655 1772 4728 praepositis
1824 4658 2059 4712 resistat

2188 4654 2277 4730 ›ύχ
2309 4654 2420 4709 οἷόν
2448 4675 2506 4709 τε
2564 4658 2896 4726 παρακοῦσαι
2946 4651 3235 4728 βασιλεως·
3271 4652 3339 4726 (εἰ
3397 4655 3499 4728 γάρ
3541 4674 3623 4715 τις
3673 4654 3822 4709 ἀντε-

412 4746 652 4802 omnino
682 4763 884 4818 pcenas
916 4746 1143 4818 solvet),
1170 4746 1251 4800 ita
1283 4746 1402 4799 ﬁeri
1430 4746 1653 4816 nequit,
1678 4750 1744 4803 ut
1764 4746 2057 4802 daemones

411 4835 635 4908 angelis
688 4835 938 4891 ducibus
981 4836 1105 4891 suis
1157 4852 1271 4890 non
1320 4834 1726 4900 subserviant;
1778 4852 1879 4905 per
1910 4852 2056 4906 quos

408 4924 661 4995 adjurati
691 4924 908 4979 cedunt
936 4926 1275 4991 trementes,
1302 4927 1366 4978 ut
1395 4923 1492 4994 qui
1525 4923 1669 4978 bene
1702 4924 1966 4978 noverint
1994 4940 2057 4979 se

406 5030 522 5069 non
556 5013 863 5070 obsecutos
894 5012 1134 5071 omnino
1165 5012 1380 5086 puniri.
1414 5011 1531 5083 Ipsi
1574 5028 1808 5084 quoque
1840 5012 2053 5085 angeli,

2174 4750 2255 4821 ρεῖ
2305 4749 2421 4806 τοῖς
2484 4742 2856 4821 ἐφεστηκόσιν,
2902 4763 3115 4804 παντως
3187 4742 3458 4817 τιμωρίας
3532 4742 3822 4815 ἀξιοῦται’)

2167 4832 2341 4896 οὕτως
2389 4829 2645 4887 ἀδύνατόν
2699 4831 2808 4887 ἐστι
2854 4830 2980 4894 τοὺς
3035 4828 3294 4904 δαίμονας
3345 4832 3421 4903 μὴ
3457 4831 3741 4908 ὑπουργεῖν
3775 4836 3822 4868 ⁵⁵

2164 4929 2281 4985 τοῖς
2332 4921 2504 4977 αὐτῶν
2546 4920 2869 4997 ἡγουμένοις
2920 4918 3198 4997 ἀγγέλοις,
3245 4920 3364 4984 καθ’
3414 4921 3486 4973 ὧν
3534 4920 3820 4995 ὁρκιζόμε-

2165 5033 2248 5067 νοι
2298 5011 2602 5090 φρίττοντες
2654 5008 2911 5083 εἶ’κουσιν,
2966 5010 3022 5064 εὗ
3072 5006 3272 5072 εἰδότες
3341 5008 3422 5063 ὅτι
3488 5008 3817 5080 ἀπειθήσαν-

1746 5190 1987 5248 VARI/ii
2040 5191 2337 5248 LECTION
2345 5192 2447 5247 ES.

464 5318 512 5393 ξοδ
558 5322 617 5393 D_
657 5317 766 5390 legi
794 5317 957 5393 “vult
993 5314 1192 5391 ἀγνοῶ.
1227 5321 1310 5393 At.
1352 5316 1537 5393 oratio
1575 5320 1678 5393 est
1717 5315 2127 5393 dvgxélouooc,
2160 5334 2296 5393 cum
2327 5313 2773 5393 verbonpo't'BuSv
2804 5324 3141 5393 resumatur
3172 5318 3547 5393 participium
3578 5315 3811 5393 ἀγνοῶν.

392 5388 664 5471 Alioquin
695 5386 1073 5471 scribendum.
1102 5392 1255 5443 esset
1277 5386 1545 5471 ﬁyvﬁdouv:
1572 5387 1629 5442 S.
1711 5389 1766 5471 ‘1
1786 5386 2211 5471 ἀναγεγραφᾷναι
2246 5389 2306 5444 C.
2384 5390 2427 5471 ‘5.
2458 5386 2611 5471 Ejeéi
2653 5406 2701 5444 c.
2741 5393 2787 5471 ρ

2842 5388 3007 5467 αὑτὴν
3065 5388 3198 5467 post.
3246 5388 3814 5467 QEAOEQ'BELGVSII'UFB

3107 5460 3130 5479 ἡ

392 5455 751 5537 προσιέμενον
817 5463 886 5537 1),
912 5455 1425 5537 προσέμενενῌΟξΑΟ.
1480 5459 1547 5537 -ξθ
1577 5455 2241 5537 προειδώςᾼᾼέοἶίρὲῇθπς
2299 5455 2567 5537 conject,
2596 5455 2841 5537 προιδιῷ
2872 5455 3212 5537 Οηπροτίδώς
3259 5455 3333 5518 Ὀ.
3385 5455 3545 5537 Tum
3591 5465 3683 5537 5G:
3740 5466 3809 5537 Ο,

394 5530 447 5604 ς).
481 5532 547 5599 Ι),
578 5530 675 5585 τοῦ
704 5537 763 5587 C.
844 5534 887 5568 ‘7
919 5530 1304 5604 π’ροσποιητῶς
1337 5530 1396 5585 C.
1474 5530 1518 5564 ⁴⁸
1548 5535 1935 5604 προσποιητῶς
1968 5538 2023 5587 C.

2103 5532 2147 5565 ‘9
2176 5530 2322 5584 κάτω
2382 5528 2560 5583 νεύειν
2581 5536 2638 5585 C.

2716 5534 2761 5567 δθ
2796 5535 2875 5588 Ita
2927 5533 3098 5599 O,'et
3151 5551 3219 5589 ex
3277 5535 3520 5604 conject.
3582 5533 3645 5597 C,
3705 5534 3811 5604 qui

394 5601 541 5676 ἐρῶν,
565 5605 621 5658 in
654 5609 836 5658 textu.
868 5601 1014 5659 Vbb.
1048 5603 1199 5658 Nihil
1231 5604 1289 5676 ἱξζ
1323 5601 1823 5676 vitarat-unquam
1854 5620 1945 5675 spe
1972 5604 2227 5676 (rallam),
2249 5603 2629 5676 Cotelerianze
2668 5605 2918 5659 versioni
2982 5605 3229 5671 reddidi,
3263 5601 3400 5661 cum
3452 5601 3813 5676 excidissent

395 5675 489 5747 ap.
524 5675 582 5730 S.
658 5677 701 5712 δί
735 5676 818 5731 lta
848 5676 891 5731 Ο
922 5676 978 5729 in
1014 5675 1389 5758 marg.,_{ipw
1440 5675 1499 5727 in
1534 5679 1715 5759 textu:
1752 5675 1831 5729 Ide

395 5744 458 5802 Ο.
535 5746 579 5781 ⁸⁸
611 5745 696 5803 Ita
723 5746 767 5805 Ο
794 5764 844 5804 c.
878 5748 937 5820 S,
969 5743 1237 5802 δουσωπει
1266 5745 1327 5801 C.
1404 5744 1449 5780 ⁸⁸
1481 5743 1732 5821 ὑποργειν
1766 5745 1831 5803 Ο.

658 5677 701 5712 ⁶¹
731 5676 818 5752 με
848 5676 994 5752 Οᾲὶῐ)Δ
1014 5670 1500 5752 ωειιεεημῆμινηὶῃ
1534 5670 1715 5752 textu_.
1752 5670 1932 5752 Idem.
1968 5670 2420 5750 ἀξιολογώτατος.
2498 5674 2543 5709 ⁵⁵³
2573 5672 2763 5745 αὑτήν,
2797 5677 2834 5732 S
2867 5677 3050 5734 invita
3106 5670 3513 5752 grammatica.
3592 5677 3636 5714 ⁵⁸
3668 5674 3809 5750 ἐμοῦ
