4086 6216
364 384 482 451 I79

1184 386 1248 449 s.
1297 338 1742 449 CLEMENTlS
1786 385 1812 448 ι
1858 382 2048 447 ROM.
2094 382 2328 447 pom.
2373 384 2638 449 OPERA
2680 386 2953 450 DUBIA.

3666 386 3789 449 180

364 519 563 576 scribi.
597 518 665 575 Et
693 534 798 591 ego
830 516 948 575 dixi
979 517 1038 574 id
1069 518 1305 589 quidem
1341 518 1505 574 ﬁderi
1538 519 1881 593 posse.Tum
1905 518 2012 588 Ap-

2153 516 2423 572 πιστεῖλαι
2475 517 2609 592 αὐτῇ
2659 516 2882 573 δυνατόν
2933 516 3096 575 ἐστιν.
3138 515 3303 592 Κάγὼ
3348 513 3503 597 ἔφην’
3550 517 3781 573 Δυνατὸν

368 609 504 681 pion
538 625 551 663 :
582 608 713 664 Jam
747 611 913 664 nocte
936 608 1045 665 hac
1075 608 1440 664 conscribam
1465 606 2014 677 libellum,mmchiae

2152 605 2283 660 ὀὖτὸ
2316 627 2399 680 γε.
2429 606 2525 661 Καὶ
2566 609 2594 662 6
2627 607 2871 664 Ἀππίων
2905 604 3029 685 ἔφη·
3067 608 3185 662 Ἐτι
3216 610 3262 644 δ’
3308 611 3375 682 τῇ
3419 606 3570 661 νυκτὶ
3617 607 3782 683 ταύτῃ

369 696 606 753 laudem
634 713 648 765 ;
684 712 860 767 quem
893 700 958 752 tu
991 714 1025 752 a
1055 712 1146 751 me
1178 702 1480 769 acceptum
1515 698 1585 752 ad
1619 713 1744 752 eam
1779 695 2013 762 mittes;

369 791 429 842 et
456 802 627 858 spero
658 787 816 858 quod
849 786 997 842 ﬂexa
1027 786 1367 842 consentiet.
1390 788 1579 857 Atque
1607 785 1833 858 Appion
1867 800 2022 840 com-

374 875 628 947 positam
659 892 788 931 eam
818 875 1127 947 epistolam
1160 875 1304 930 mihi
1347 876 1524 943 dedit,
1576 877 1647 931 de
1697 891 1815 946 qua
1852 878 2021 929 nocte

371 964 485 1020 ista
516 964 763 1038 cogitavi
796 981 1091 1036 quamque
1134 968 1459 1037 Opportune
1506 964 1846 1019 recordatus
1887 979 2021 1017 sum

372 1069 466 1109 me
499 1053 713 1109 habere
742 1069 860 1109 una
890 1070 1025 1109 cum
1050 1051 1183 1109 aliis
1223 1051 1454 1121 libellis,
1479 1070 1627 1125 quos
1657 1069 1886 1109 mecum
1919 1053 2023 1107 de—

373 1142 514 1198 fero.
550 1142 681 1198 Haec
711 1158 844 1198 cum
876 1158 1229 1211 narrassem,
1263 1141 1596 1198 astantibus
1645 1141 1874 1196 ostendi
1901 1140 2026 1211 epi-

374 1230 610 1298 stolam,
641 1231 987 1304 cupidisque
1036 1231 1240 1287 audire
1284 1230 1537 1287 recitavi.
1572 1230 1794 1303 Legens
1828 1234 2026 1284 autem

375 1318 493 1377 dixi
522 1337 534 1375 :
574 1321 703 1375 Haec
732 1325 843 1388 est,
869 1336 901 1375 ο
922 1320 1031 1375 viri
1063 1320 1394 1376 Graecorum
1429 1319 1898 1392 disciplina,quae
1917 1317 2028 1374 lar-

377 1424 511 1482 gam
545 1409 762 1481 prabet
795 1409 863 1465 ad
899 1409 1200 1465 audaciter
1232 1408 1590 1481 peccandum
1634 1408 2026 1464 occasionem.

388 1498 651 1572 Epistola
679 1514 812 1555 vero
840 1497 925 1555 ita
953 1498 1225 1555 habebat.

454 1680 526 1731 X.
557 1677 801 1733 Amator
822 1679 1026 1731 amata
1059 1676 1305 1749 (absque
1330 1676 1669 1733 nominibus
1696 1679 1930 1748 propter
1950 1674 2030 1731 le-

384 1782 487 1840 ges
519 1782 552 1820 a
581 1765 778 1822 stultis
808 1764 1148 1822 hominibus
1178 1766 1456 1839 sancitas)
1470 1767 1649 1837 jussu
1678 1765 2033 1833 Amoris,an-

385 1854 709 1929 tiquissimi
736 1855 1001 1910 omnium
1022 1855 1205 1927 pueri,
1232 1854 1482 1911 salutem
1508 1855 1669 1918 dicit.
1704 1854 1954 1927 Cognovi
1978 1858 2031 1909 te
2062 1890 2110 1954 Β

386 1945 651 2001 animum
683 1944 754 1999 ad
777 1943 1039 1999 studium
1057 1943 1353 2015 sapientize
1384 1944 1700 2017 applicare,
1731 1947 1785 2000 et
1816 1943 1889 1999 ob
1920 1942 2031 1997 vir-

386 2038 569 2089 tutem
601 2032 863 2088 aemulari
894 2031 1201 2088 meliorum
1234 2033 1433 2088 vitam.
1467 2033 1717 2097 Quinam
1749 2048 1880 2087 vero
1912 2048 2033 2087 me-

383 2122 560 2178 liores
586 2121 726 2189 sint,
752 2138 930 2193 quam
963 2120 1115 2176 inter
1144 2121 1342 2177 omnia
1374 2121 1474 2184 dii,
1507 2127 1565 2177 et
1589 2121 1741 2177 inter
1765 2121 2034 2176 homines

386 2209 763 2285 philosophi?
790 2209 877 2265 Illi
913 2226 1168 2281 namque
1198 2210 1307 2266 soli
1339 2210 1531 2266 sciunt
1551 2228 1817 2282 quamam
1850 2227 1919 2266 ex
1948 2226 2037 2266 ac-

386 2299 651 2356 tionibus
678 2304 892 2355 natura
920 2298 1041 2355 sint
1063 2299 1232 2355 malae
1253 2304 1356 2355 aut
1384 2300 1548 2355 bona;
1571 2305 1626 2354 et
1647 2316 1915 2370 quasnam
1936 2315 2037 2371 per

390 2389 588 2462 legum
619 2388 853 2445 decreta
880 2387 1049 2456 tales,
1068 2404 1203 2443 cum
1233 2406 1349 2444 non
1380 2388 1518 2457 sint,
1553 2388 2036 2443 habeantur.Jam

393 2495 531 2551 ergo
563 2476 943 2544 adulterium,
976 2477 1133 2548 quod
1175 2477 1415 2547 dicitur,
1450 2476 1722 2532 nonnulli
1753 2476 2041 2532 actionem

393 2567 611 2625 malam
642 2582 772 2622 esse
802 2565 1197 2635 crediderunt,
1230 2565 1362 2622 licet
1384 2564 1720 2621 omnimode
1749 2566 1903 2621 bona
1933 2565 2039 2633 sit;

396 2673 536 2714 nam
567 2655 639 2711 ad
671 2653 901 2727 generis
933 2652 1483 2724 multiplicationem
1521 2654 1694 2723 jussu
1737 2653 2041 2725 Cupidinis

401 2748 822 2803 exercetur.Est
852 2747 1048 2799 autem
1079 2744 1300 2815 Cupido
1330 2744 1574 2799 deorum
1602 2742 1867 2799 omnium
1898 2743 2043 2799 anti-

404 2832 770 2908 quissimus;
801 2832 1024 2905 absque
1069 2833 1227 2888 enim
1271 2831 1554 2904 Cupidine
1584 2848 1698 2888 non
1728 2832 2044 2888 elemento-

403 2938 559 2992 rum,
593 2938 706 2977 non
738 2921 1003 2991 deorum,
1053 2937 1167 2976 non
1199 2921 1528 2989 hominum,
1571 2938 1687 2978 non
1736 2922 2041 2978 brutorum

400 3009 814 3076 animantium,
852 3026 968 3065 non
999 3014 1336 3066 casterorum
1380 3011 1644 3067 omnium
1693 3027 2044 3082 congressus

398 3098 488 3157 vel
517 3098 809 3171 generatio
842 3097 966 3153 fieri
1016 3104 1247 3172 potest;
1297 3115 1502 3156 omnes
1550 3100 1764 3156 etenim
1814 3100 2044 3155 Amoris

401 3205 611 3246 sumus
663 3187 1077 3244 instrumenta.
1126 3187 1239 3244 Sed
1284 3187 1410 3261 ipse
1440 3204 1543 3260 per
1590 3205 1696 3244 nos
1727 3188 1937 3261 opifex,
1971 3187 2042 3244 ad

2127 694 2424 770 συγγράψω
2456 692 2693 771 βιϐλίον,
2749 696 3002 772 μοιχείας
3058 695 3355 773 ἐγκώμιον,
3388 696 3522 770 ὅπερ
3564 696 3626 750 σὺ
3656 717 3759 772 παρ

2128 782 2263 856 ἐμοῦ
2312 779 2493 839 λαϐὼν
2542 783 2867 859 διαπέμψεις
2911 784 3081 859 αὐτῇ,
3128 785 3217 840 καὶ
3269 783 3478 854 ἐλπίζω
3529 784 3613 839 δτι
3656 806 3775 841 πει-

2130 874 2313 927 σθεῖσα
2361 875 2699 944 συνθήσεται.
2750 874 2848 929 Καὶ
2898 873 3210 951 συγγράψας
3260 875 3288 929 ὁ
3321 874 3566 932 Ἀππίων
3609 873 3777 930 ἐκεῖνο

2130 961 2191 1015 τὸ
2227 955 2440 1036 βιϐλίον
2486 960 2663 1018 ἐδίδου
2714 961 2861 1037 ἐμοὶ,
2910 963 3033 1039 περὶ
3083 964 3146 1018 οὗ
3193 964 3282 1018 καὶ
3333 961 3385 1018 ἐν
3426 968 3493 1038 τῇ
3546 965 3698 1018 νυκτὶ
3738 967 3783 1000 ’³ο

2129 1049 2298 1124 ταύτῃ
2355 1049 2629 1124 ἐνενόησα,
2685 1052 2775 1107 καὶ
2831 1052 3095 1129 εὐκαίρως
3153 1056 3200 1091 ⁷1
3260 1049 3407 1129 ἔχειν
3466 1052 3598 1108 αὐτὸ
3657 1052 3783 1108 ὑπε-

2138 1140 2408 1212 μνήσθην,
2442 1139 2533 1194 σὺν
2561 1138 2755 1203 ἄλλοις
2789 1135 3030 1216 βιϐλίοις
3061 1143 3144 1203 οἷς
3180 1142 3293 1214 μετ’
3322 1140 3559 1215 ἐμαυτοῦ
3587 1145 3634 1178 ⁷³
3668 1141 3785 1196 ἐπι-

2135 1228 2391 1305 φέρομαι.
2445 1232 2855 1306 Διηγησάμενος
2903 1227 2961 1285 δὲ
2988 1234 3156 1285 ταῦτα
3194 1228 3369 1301 ἔδειξα
3395 1237 3515 1294 τοῖς
3552 1236 3787 1307 παροῦσι

2134 1318 2196 1372 τὸ
2232 1312 2471 1394 βιϐλίον,
2502 1319 2592 1373 καὶ
2644 1318 3008 1395 βουλομένοις
3058 1319 3351 1374 ἐπακοῦσαι
3394 1318 3652 1397 ἀνέγνων,
3698 1320 3788 1376 καὶ

2138 1403 2204 1476 δὴ
2239 1406 2495 1483 ἀναγνοὺς
2534 1406 2685 1486 ἔφην’
2735 1407 2884 1479 Αὕτη
2940 1407 3105 1476 ἐστὶν,
3160 1405 3371 1482 ἄνδρες,
3422 1410 3457 1478 ἠ
3508 1413 3614 1463 τῶν
3660 1407 3790 1465 Ἐλ-

2140 1496 2318 1567 λήνων
2367 1493 2614 1567 παιδεία,
2672 1496 2912 1573 γενναίαν
2973 1497 3221 1552 ὑπόθεσιν
3277 1493 3479 1573 ἔχουσα
3532 1498 3669 1570 πρὸς
3724 1499 3789 1553 τὸ

2140 1582 2309 1647 ἀδεῶς
2343 1584 2752 1660 ἐξαμαρτάνειν.
2784 1583 2945 1656 Τὸ,δέ
2980 1580 3193 1661 βιϐλίον
3226 1586 3294 1655 ἦν
3324 1585 3495 1648 οὕτως
3526 1583 3678 1663 ἔχον.

2210 1679 2274 1730 Χ.
2307 1675 2362 1729 Ὀ
2395 1673 2528 1748 ἐρῶν
2557 1678 2626 1748 τῇ
2680 1673 2925 1750 ἐρωμένῃ
2971 1674 3293 1749 (ἀνωνύμως
3322 1672 3413 1730 διὰ
3439 1675 3563 1738 τοὺς
3594 1675 3653 1731 ἐκ
3678 1680 3787 1731 τῶν

2142 1762 2387 1833 ἀνοήτων
2440 1764 2741 1837 ἀνθρώπων
2780 1763 3007 1837 νόμους)
3057 1763 3333 1840 ἐπιταγαῖς
3392 1766 3638 1840 Ἔρωτος
3694 1770 3790 1820 τοῦ

2142 1853 2355 1907 πάντων
2401 1847 2769 1927 πρεσϐυτάτου
2820 1850 3013 1915 παιδὸς
3062 1852 3223 1929 χάριν
3277 1856 3343 1910 ⁷³.
3378 1857 3534 1911 140
3582 1859 3789 1930 ’Έγνων

2143 1962 2199 1996 σε
2227 1940 2525 2020 φιλοσοφίᾳ
2553 1944 2598 1978 7‘
2642 1941 3105 2018 προσανέχουσαν,
3140 1942 3229 1997 καὶ
3275 1942 3472 2017 ἀρετῆς
3518 1939 3671 1999 ἕνεκα
3697 1943 3792 1999 τὸν

2143 2034 2249 2086 τῶν
2301 2030 2623 2106 κρειττόνων
2683 2028 2953 2101 ζηλοῦσαν
3020 2030 3133 2107 βίον
3163 2076 3177 2088 .
3235 2030 3382 2093 Τίνες
3440 2029 3497 2087 δὲ
3569 2032 3628 2087 ἃν
3689 2032 3791 2087 εἶεν

2143 2119 2464 2195 κρείττονες,
2496 2120 2531 2188 ἢ
2565 2119 2674 2175 θεοὶ
2731 2120 2825 2194 μὲν
2876 2120 3145 2192 ἁπάντων,
3180 2120 3478 2195 ἀνθρώπων
3533 2118 3591 2177 δὲ
3623 2122 3675 2176 οἱ
3706 2143 3795 2201 φι-

2145 2206 2373 2286 λόσοφοι
2406 2227 2419 2277 ;
2454 2208 2614 2263 Οὗτοι
2646 2208 2748 2285 γὰρ
2784 2208 2942 2282 μόνοι
2975 2206 3168 2277 ἴσασιν,
3201 2213 3306 2263 τῶν
3342 2207 3516 2284 ἔργων
3542 2215 3673 2264 ποῖα
3701 2208 3797 2283 μέν

2146 2298 2287 2353 ἐστιν
2311 2295 2462 2376 φύσει
2484 2295 2622 2351 κακά
2642 2298 2676 2366 ἢ
2694 2296 2858 2371 καλά,
2878 2303 3013 2352 ποῖα
3038 2294 3096 2352 δὲ
3114 2300 3182 2365 τῆ
3200 2301 3307 2351 τῶν
3329 2319 3509 2370 νομων
3532 2298 3801 2370 θέσει,οὐκ

2146 2381 2290 2458 ὄντα,
2323 2384 2624 2459 νομίζεται.
2658 2385 2861 2441 Αὐτίκα
2902 2390 3031 2462 γοῦν
3074 2387 3176 2455 τὴν
3206 2383 3512 2462 λεγομένην
3544 2385 3796 2463 μοιχείαν

2146 2474 2334 2552 πρΞιξίν
2385 2496 2527 2538 τινες
2578 2474 2937 2554 ὑπειλήφασιν
2981 2475 3116 2530 εἶναι
3168 2476 3378 2546 κακὴν,
3410 2475 3585 2532 καίτοι
3622 2476 3803 2544 καλὴν

2148 2565 2285 2621 κατᾶ
2330 2566 2503 2620 πάντα
2551 2564 2920 2641 ὑπάρχουσαν·
2954 2564 3031 2628 εἷς
3078 2565 3183 2641 γὰρ
3229 2566 3330 2635 τήν
3377 2570 3474 2621 τοῦ
3530 2566 3651 2642 βίου
3698 2586 3804 2620 πο-

2151 2653 2405 2729 λυγονίαν
2456 2653 2732 2730 ἐπιταγαῖς
2782 2655 3023 2729 Ἔρωτος
3074 2652 3302 2728 γίνεται.
3349 2655 3528 2731 Ἔρως
3576 2652 3633 2710 δέ
3663 2654 3805 2709 ἐστιν

2151 2744 2181 2799 6
2230 2742 2443 2798 πάντων
2492 2744 2627 2798 θεῶν
2678 2737 3075 2819 πρεσϐύτατος·
3123 2740 3244 2797 ἄνευ
3291 2741 3392 2818 γὰρ
3437 2739 3503 2812 δὴ
3556 2745 3803 2818 Ἔρωτος

2153 2832 2215 2889 ού
2262 2832 2591 2909 στοιχείων,
2650 2831 2713 2887 οὐ
2770 2834 2927 2901 Θεῶν,
2989 2830 3088 2887 οὐκ
3143 2830 3465 2908 ἀνθρώπων,
3524 2830 3586 2886 οὐ
3647 2830 3802 2900 ζώων

2152 2921 2394 2997 ἀλόγων,
2441 2920 2502 2976 οὗ
2552 2926 2659 2977 τῶν
2717 2921 2925 2976 λοιπῶν
2978 2919 3226 2975 ἁπάντων
3279 2920 3424 2992 μίξις
3454 2921 3488 2989 ἣ
3524 2919 3727 2996 γένεσις
3759 2921 3808 2955 ⁷⁸

2151 3009 2392 3088 γενέσθαι
2442 3008 2679 3066 δύναται·
2732 3011 2925 3073 πάντες
2967 3011 3068 3087 γάρ
3114 3030 3201 3066 τοι
3243 3008 3448 3085 ὄργανά
3500 3008 3658 3082 ἐσμεν
3707 3012 3806 3063 τοῦ

2154 3107 2431 3176 Ἔρωτος.
2480 3099 2651 3162 Αύτὸς
2696 3097 2755 3154 δὲ
2801 3102 2845 3137 ⁷⁸
2893 3101 2921 3154 6
2972 3096 3040 3154 δι’
3089 3101 3251 3173 ἡμῶν
3304 3098 3558 3175 τεχνίτης
3610 3098 3810 3160 παντὸς

2153 3194 2249 3245 τοῦ
2294 3189 2635 3265 γεννωμένου
2685 3192 2889 3264 ψυχαῖς
2941 3185 3227 3261 ἐπιδημῶν
3276 3186 3388 3243 ἐστι
3433 3191 3598 3249 νοῦς.
3648 3188 3806 3244 ’Ὀθεν

407 3282 754 3334 cunctorum
776 3292 904 3348 qua:
934 3276 1259 3349 gignuntur
1278 3277 1507 3333 animas
1538 3276 2039 3335 adveniens.Unde

2154 3278 2253 3335 οὐκ
2281 3276 2432 3333 αὐτοὶ
2481 3275 2749 3346 θέλοντες,
2801 3274 2930 3332 ἀλλ’
2977 3274 3101 3332 ὅταν
3155 3276 3243 3331 ὑπ’
3288 3275 3453 3331 αὐτοῦ
3502 3274 3809 3331 κελευσθῶο

400 3382 519 3423 non
551 3365 785 3438 quando
818 3364 932 3437 ipsi
964 3364 1257 3432 volumus,
1281 3366 1382 3422 sed
1414 3366 1648 3438 quando
1679 3366 1751 3421 ab
1780 3383 1845 3423 eo
1869 3367 2041 3439 jube-

402 3471 557 3527 mur,
590 3453 751 3510 illius
780 3452 1140 3510 voluntatem
1192 3454 1379 3510 facere
1419 3453 1844 3511 desideramus.
1879 3457 2042 3520 Quod

402 3542 473 3610 si,
507 3542 607 3615 qui
636 3544 764 3614 eius
792 3541 1091 3599 voluntate
1114 3543 1406 3615 cupimus,
1430 3543 1814 3617 cupiditatem
1842 3550 2047 3618 popter

402 3632 461 3689 id
494 3632 647 3704 quod
672 3634 911 3688 vocatur
930 3631 1212 3705 pudicitia
1229 3632 1489 3689 nitamur
1517 3634 2047 3707 comprimere,quo

401 3721 576 3778 modo
598 3721 739 3777 dum
765 3720 1030 3777 omnium
1049 3722 1292 3777 deorum
1312 3721 1741 3796 hominumque
1761 3724 2047 3797 antiquis-

403 3809 557 3868 simo
589 3810 974 3883 refragamur,
1026 3827 1142 3867 non
1194 3811 1509 3869 maximam
1554 3813 1914 3886 impietatem
1947 3815 2051 3871 ad-

405 3899 713 3957 mittemus
736 3898 765 3955 7

476 3986 574 4046 XI.
630 3987 914 4045 Universa
961 3987 1159 4061 itaque
1206 3988 1319 4061 ipsi
1365 3995 1566 4062 aperta
1607 3991 1729 4047 sint
1774 3991 1943 4061 ostia,
1993 3996 2051 4048 et

406 4093 612 4134 omnes
642 4076 900 4133 molesta:
931 4093 997 4133 ac
1028 4078 1290 4135 ascititiaa
1322 4078 1627 4136 solvantur
1671 4079 1850 4153 leges,
1898 4081 2047 4137 zelo-

406 4167 562 4240 typis
594 4166 936 4223 hominibus
966 4167 1187 4239 positae,
1220 4167 1321 4239 qui
1370 4174 1563 4225 mente
1612 4170 1786 4242 capti,
1820 4186 1925 4226 nec
1956 4188 2053 4227 vo-

2155 3388 2273 3443 μεν,
2303 3366 2366 3422 τὸ
2400 3365 2602 3421 ἐκείνου
2647 3364 2910 3443 βούλημα
2947 3370 3123 3421 ποιεῖν
3158 3363 3551 3440 ἐπιθυμοῦμεν.
3583 3366 3649 3419 Οἱ
3678 3362 3738 3421 δὲ
3764 3367 3809 3401 ⁷⁷

2152 3456 2356 3513 ἐκείνου
2409 3456 2585 3530 βουλῇ
2641 3454 3062 3529 ἐπιθυμοῦντες,
3116 3456 3283 3532 χάριν
3334 3462 3436 3525 τῆς
3499 3453 3810 3531 λεγομένης

2154 3544 2507 3625 σωφροσύνης
2583 3549 2798 3617 κρατεῖν
2870 3551 2972 3615 τῆς
3056 3543 3341 3617 ἐπιθυμίας
3420 3544 3807 3621 ἐπιχειρήσω-

2159 3657 2251 3710 μεν
2301 3636 2369 3703 τδ,
2420 3639 2537 3696 πῶς
2590 3638 2669 3706 τῷ
2724 3633 2939 3689 πάντων
2996 3628 3351 3709 πρεσϐυτάτῳ
3410 3634 3542 3688 θεῶν
3598 3654 3657 3688 τε
3716 3631 3809 3687 καὶ

2156 3724 2455 3801 ἀνθρώπων
2508 3721 2959 3799 ἀντιπράττοντες
3005 3725 3051 3760 ⁷⁹
3108 3722 3169 3778 ού
3224 3722 3291 3777 τὰ
3340 3721 3566 3799 μέγιστα
3612 3715 3813 3793 ἀσεϐή-

2159 3835 2237 3869 σω
2246 3834 2339 3888 μεν
2374 3830 2389 3883 ;

2239 3991 2330 4049 XI.
2364 3987 2549 4045 Ἀλλᾶ
2589 3993 2753 4044 πᾶσαι
2807 3988 2901 4062 μὶν
2948 3987 3309 4065 ἀνεῴχθωσαν
3357 3989 3406 4049 ⁸9
3456 3986 3602 4059 αύτῷ
3643 3985 3823 4062 θύραι,

2171 4078 2364 4142 πάντες
2412 4075 2470 4133 δὲ
2524 4076 2803 4153 μοχθηροὶ
2852 4081 3002 4135 Idl
3056 4078 3148 4132 καὶ
3198 4076 3343 4141 θετοὶ
3394 4075 3701 4133 λυέσθωσαν
3733 4074 3824 4130 νό-

2174 4189 2289 4243 μοι,
2351 4166 2685 4237 ζηλοτύποις
2740 4166 3049 4243 ἀνθρώποις
3104 4165 3368 4240 κείμενοι,
3427 4164 3657 4234 οἵτινες,
3719 4164 3824 4220 ὑπὸ

411 4254 598 4312 lentes
649 4272 883 4327 aequum
936 4255 1282 4330 intelligere,
1341 4257 1700 4331 insuperque
1758 4263 1816 4316 et
1871 4258 2039 4316 dicto:

2164 4256 2350 4319 ἀνοίας
2381 4255 2744 4332 κρατούμενοι
2792 4254 2883 4309 καὶ
2931 4254 2994 4309 τὸ
3044 4250 3268 4331 εὔλογον
3317 4259 3459 4309 νοεῖν
3507 4255 3584 4327 μὴ
3621 4250 3822 4329 βουλό-

411 4343 711 4401 adulteros
763 4345 1066 4418 suspicati,
1118 4363 1152 4401 a
1189 4346 1331 4403 Jove
1384 4346 1511 4419 ipso
1556 4364 1658 4418 per
1702 4347 1954 4404 Minoem
2003 4367 2039 4405 e‘

2169 4367 2343 4420 μενοι,
2376 4346 2596 4421 προσέτι
2631 4342 2689 4400 δὲ
2733 4342 2825 4400 καί
2868 4342 2994 4406 τοὺς
3049 4343 3377 4420 λεγομένους
3423 4342 3657 4419 μοιχοὺς
3692 4342 3827 4422 Enyo-

408 4432 885 4490 Rhadamantum
911 4436 1072 4506 juste
1104 4433 1471 4492 illunduntus
1493 4435 1627 4491 latis
1658 4436 2039 4510 legibus.Nan

2166 4436 2428 4512 ρώμενοι,
2480 4434 2568 4489 ὑπ’
2621 4433 2785 4488 αὐτοῦ
2831 4437 2928 4488 τοῦ
2977 4433 3097 4494 Διὸς
3150 4430 3238 4487 διά
3287 4452 3349 4507 γε
3394 4429 3493 4487 τοῦ
3540 4430 3693 4489 Μίνω
3731 4431 3822 4485 γαί

407 4524 682 4579 Amorem
715 4523 930 4580 animis
974 4525 1345 4580 accedentem
1394 4540 1655 4581 coercere
1704 4542 1817 4581 non
1847 4544 2057 4599 possu-

2163 4528 2261 4581 τοῦ
2337 4521 2736 4596 Ῥαδαμάνθυος
2789 4525 2831 4560 ⁸¹
2898 4521 3137 4598 εὐλόγως
3194 4523 3368 4583 Θετοῖς
3434 4521 3719 4592 παίζονται
3776 4524 3824 4558 ⁸³

410 4628 565 4669 mus.
598 4611 798 4685 Neque
831 4613 990 4668 enim
1020 4613 1389 4669 voluntarius
1418 4619 1510 4670 est
1540 4615 1865 4670 amantium
1896 4617 2035 4673 affec

2164 4614 2378 4688 νόμοις.
2411 4615 2625 4689 Ἔρωτα
2672 4613 2773 4689 γὰρ
2828 4609 3243 4684 ἐπιδημήσαντα
3290 4615 3493 4687 ψυχαῖς
3541 4611 3641 4666 οὐκ
3676 4608 3821 4666 ἔστιν

411 4705 530 4759 tus.
558 4706 688 4775 Ipse
720 4702 923 4773 itaque
950 4701 1201 4774 Jupiter,
1234 4702 1443 4758 harum
1474 4700 1668 4775 legum
1704 4705 1856 4760 lator
1883 4705 2056 4761 innu-

411 4791 591 4848 meris
620 4790 939 4848 concubuit
968 4807 1103 4847 cum
1141 4790 1490 4847 mulieribus
1523 4808 1536 4859 ;
1569 4796 1627 4848 et
1656 4792 1895 4865 quidem
1926 4810 2057 4865 pro-

412 4884 542 4954 pter
573 4879 859 4952 quosdam
895 4879 1190 4952 sapientes
1238 4880 1395 4937 viros
1423 4881 1722 4937 beneﬁcus
1754 4880 1812 4936 in
1845 4880 2058 4939 libero-

412 4985 545 5025 rum
578 4968 975 5041 procreatione
996 4970 1187 5025 factus
1218 4986 1642 5041 nonnunquam
1677 4986 2059 5043 congressum

412 5072 590 5114 suum
620 5056 961 5115 hominibus
992 5058 1249 5124 donavit,
1284 5059 1439 5133 apud
1470 5074 1569 5115 eos
1607 5075 1761 5129 vero,
1795 5060 1895 5132 qui
1927 5076 2057 5133 gra-

2167 4705 2433 4779 ἐπισχεῖν.
2496 4702 2568 4757 Οὐ
2627 4703 2731 4778 γάρ
2791 4701 2931 4756 ἐστιν
2994 4700 3237 4756 ἑκούσιον
3291 4701 3354 4755 τὸ
3400 4705 3508 4755 τῶν
3570 4698 3822 4775 ἐρώντων

2166 4794 2358 4855 πάθος.
2390 4791 2594 4848 Αὐτίκα
2644 4795 2773 4866 γοῦν
2808 4791 2836 4845 6
2867 4790 2995 4853 Ζεὺς
3046 4788 3227 4862 αὐτὸς,
3262 4790 3289 4844 6
3333 4788 3541 4844 τούτων
3586 4791 3826 4863 νομοθέ-

2166 4904 2290 4953 της,
2345 4880 2561 4957 μυρίαις
2607 4877 2903 4951 συνήλυθεν
2957 4879 3219 4956 γυναιξὶν,
3265 4876 3356 4933 καί
3406 4878 3495 4933 ὑπ’
3543 4876 3694 4933 ἐνίων
3727 4879 3826 4953 μὲν

2170 4976 2350 5051 σοφῶν
2397 4968 2684 5045 εὐεργέτης
2743 4968 2881 5045 πρὸς
2926 4966 3303 5034 τεκνοποιίαν,
3352 4964 3524 5022 ἐνίοτε
3575 4968 3674 5036 τήν
3726 4967 3827 5022 αύ-

2166 5065 2263 5118 τοῦ
2324 5059 2466 5135 μίξιν
2523 5060 2569 5096 ⁸⁸
2625 5058 2936 5135 ἀνθρώποις
2995 5054 3383 5135 δωρούμενος·
3440 5055 3569 5133 παρ’
3625 5057 3709 5117 οἷς
3768 5052 3832 5112 δὲ

1775 5211 2016 5270 VARIE
2054 5212 2444 5272 LECTIONES

481 5348 673 5423 “ﬁni
734 5353 887 5423 coni.
964 5357 1027 5407 D.
1103 5353 1148 5388 το
1210 5350 1300 5406 καί
1373 5353 1643 5410 omittere
1696 5371 1811 5411 non
1890 5355 2139 5414 debebat
2195 5357 2252 5415 S.
2313 5373 2362 5413 c.
2434 5355 2516 5411 Cl.
2576 5355 2645 5423 τί,
2694 5353 2855 5409 Hanc
2927 5352 2987 5409 Ci
3061 5351 3454 5421 conjecturam
3520 5338 3836 5423 confirma.

408 5426 491 5509 Ο,Δ
528 5418 780 5509 εὔκαιρος
806 5418 894 5509 ‘C,
934 5423 992 5509 in
1044 5428 1248 5509 textu;
1274 5426 1336 5509 7"
1373 5427 1456 5481 Ita
1497 5429 1595 5509 ὃ.ζ
1634 5425 1994 5509 μεθζιέαυτοῦ
2046 5434 2105 5509 (Ξ,
2155 5430 2345 5509 9.33.
2361 5428 2497 5509 ng:
2525 5422 2759 5509 χαίρειν
2915 5424 3091 5509 “alia
3135 5418 3309 5509 amet
3337 5424 3695 5509 ein-conject.
3738 5422 3827 5484 0.,

407 5490 732 5570 φιλοσοφίαν
766 5494 846 5551 id.
870 5490 940 5570 vin
971 5500 1126 5570 text_u
1159 5537 1173 5550 .
1207 5496 1249 5531 ⁷⁸
1280 5493 1529 5570 γέννησις
1560 5490 1694 5552 α’τδ
1815 5501 1947 5555 add.
1984 5518 2034 5556 c.
2156 5502 2200 5536 ⁷⁷
2231 5498 2277 5553 δ’
2305 5500 2364 5555 C.
2400 5490 2499 5553 νὲι
2525 5490 2619 5570 hic
2642 5490 2951 5570 legendum
2976 5494 3041 5570 1ξὶ
3064 5511 3166 5570 pro
3197 5492 3281 5570 Οἱ,
3305 5494 3390 5570 vel
3423 5490 3577 5570 infra
3607 5490 3696 5547 ἐὰν
3721 5510 3826 5570 po-_-

408 5556 666 5623 nenduin
698 5575 831 5656 ante
860 5565 1041 5641 χάριν.
1076 5567 1174 5621 ED.
1213 5556 1377 5650 ΡΑῙῙἮ.
1410 5556 1453 5603 7"
1470 5566 1907 5656 ἐπιχειρήσομεν
1942 5572 2005 5627 Ο.
2039 5556 2084 5608 π
2113 5556 2895 5656 ὝΡοεϐἀντιπράττοντῖςῆίη.
2919 5567 2963 5622 Ο
2985 5556 3209 5656 legitur
3246 5556 3630 5656 άχεηξχρωσξν,
3662 5556 3825 5656 gtiod

405 5654 475 5715 ex
510 5632 901 5715 sequentibus:
928 5632 1229 5715 perperam
1278 5632 1617 5715 irre_psit._3"7
1657 5632 2014 5715 άνεώχθωσαν
2055 5649 2121 5707 0,
2167 5648 2233 5699 ut
2268 5644 2395 5715 jam
2416 5632 2834 5715 _pi-opos_uit_S;
2870 5632 3221 5715 ἀνεῴχῧησαν
3268 5632 3822 5715 βέθΓῬαδαμένΘου

409 5708 473 5764 Ο.
509 5709 555 5745 ⁸³
589 5707 674 5766 Ita
704 5711 746 5766 Ο
779 5728 828 5766 c.
862 5710 899 5766 S
929 5707 945 5776 ξ
978 5707 1260 5764 παίσονται
1292 5711 1350 5767 C.
1384 5707 1429 5747 "3
1460 5709 1595 5786 πρὸς
1614 5707 1958 5768 τεκνοποιίαν
1988 5711 2205 5785 ἐνοήθη,
2238 5707 2337 5783 τῆν
2370 5707 2711 5786 αὐτοῦ’μίξιν
2744 5707 3059 5782 legendum
3090 5712 3285 5766 censet
3311 5707 3378 5763 D.
