4086 6216
367 366 485 428 189

1518 365 2046 428 CLEMENTINA.
2081 399 2160 411 —
2190 365 2526 427 HOMILIA
2567 366 2646 427 ν.

3669 366 3786 428 I90

370 496 701 571 μεμνημένη
760 498 884 572 περὶ
966 496 1039 553 ὥν
1100 518 1184 553 σοι
1243 497 1463 578 ἐξὲφῃνα
1524 497 1876 573 μυστηρίων,
1932 494 2016 552 διὰ

2135 498 2308 554 tabis.
2342 498 3258 568 Caeterum,charissima,memor
3288 514 3321 552 a
3342 513 3436 552 me
3463 496 3778 554 relatorum

363 586 707 663 γραμμάτων
741 608 836 660 μοι
872 588 973 657 τήν
1026 589 1124 657 σήν
1172 585 1341 659 δεῖξον
1391 587 1725 664 προαίρεσιν.
1774 585 2023 663 ’Έρῥωσό

368 697 490 749 μοι.

435 766 550 823 XX.
587 767 733 841 Ἐγὼ
778 764 959 821 τοίνυν
1002 765 1126 821 τότε
1174 769 1219 803 ⁸⁷
1264 761 1448 821 λαϐὼν
1492 766 1554 821 τὸ
1602 760 1818 822 ϐιϐλίον
1860 768 2021 819 τοῦτο

364 855 513 929 παρᾶ
560 858 661 909 τοῦ
718 855 1044 925 Ἀππίωνος,
1096 856 1175 917 ὡς
1221 851 1391 917 ὅντως
1442 852 1762 929 διαπέμψων
1794 852 1923 909 αὐτὸ
1954 857 2020 927 τῇ

365 941 641 1018 ἐρωμένῃ,
710 942 1035 1018 ἐπλασάμην
1083 945 1159 1007 ὡς
1210 943 1418 1015 ἐκείνης
1476 945 1613 1021 πρὸς
1668 949 1835 999 ταῦτα
1883 945 2025 999 άντι-

2134 588 2545 659 mysteriorum
2576 588 2717 643 mihi
2747 606 2849 661 per
2878 587 3103 644 litteras
3122 592 3283 642 tuam
3307 586 3501 642 indica
3522 587 3781 642 volunta-
3874 596 3879 603 '

2133 680 2272 731 tem.
2306 676 2470 732 Vale.

2203 765 2309 821 XX.
2371 767 2488 839 Ego
2543 765 2724 838 igitur
2777 766 2887 822 hoc
2942 765 3140 821 libello
3199 766 3270 821 ab
3337 766 3599 837 Appione
3652 771 3777 821 tum

2133 861 2389 928 accepto,
2424 856 2592 927 quasi
2624 872 2753 911 vere
2778 856 3073 910 missurus
3105 855 3175 909 ad
3210 860 3775 927 amatam,tanquam

2131 945 2233 1001 illa
2289 945 2688 1017 rescripsisset
2744 943 2974 1007 conﬁxi,
3036 948 3093 999 et
3169 944 3450 1015 postridie
3528 944 3779 999 venienti

362 1034 678 1107 γραψάσης,
710 1034 798 1088 καὶ
841 1033 914 1108 τῇ
971 1034 1219 1108 ὑστεραίᾳ
1265 1036 1310 1071 ²⁸
1341 1032 1549 1089 ἐλθόντι
1600 1033 1748 1105 αὖτῷ
1780 1030 2016 1087 ἐπέδωκα

2135 1034 2346 1090 tradidi
2377 1034 2624 1106 Appioni
2654 1034 2812 1089 velut
2869 1032 3134 1088 mulieris
3193 1032 3561 1103 rescriptum,
3625 1034 3777 1104 quod

359 1121 443 1195 τῷ
471 1122 746 1178 Ἀππίωνι
780 1122 856 1186 ὠς
900 1121 1057 1194 δῆθεν
1109 1125 1207 1194 τήν
1258 1125 1383 1201 παρ’
1416 1122 1623 1195 ἐκείνης
1668 1123 2021 1200 ἀντιγραφὴν,

362 1210 541 1275 οὕτως
577 1209 834 1289 ἓχουσαψ

423 1318 791 1399 Ἀντίγραφον
828 1319 1131 1399 ἐπιπολῆς
1155 1322 1202 1357 ²⁹
1226 1321 1362 1399 πρὸς
1393 1320 1677 1376 Ἀππίωνα
1707 1318 1781 1383 ὠς
1814 1321 1962 1397 παρὰ

978 1399 1078 1462 τῆς
1113 1391 1413 1469 ἐρωμένης.

430 1481 579 1537 XXI.
630 1478 901 1553 Θαυμάζω
950 1486 1091 1550 πῶς,
1143 1479 1231 1536 ἐπὲ
1276 1481 1437 1560 σοφίᾳ
1492 1501 1558 1554 με
1605 1480 1903 1550 ἐπαινέσας,
1945 1480 2022 1543 ὠς

362 1570 591 1642 ἀνοήτῳ
646 1571 892 1648 γράφεις.
954 1570 1045 1633 Εἰς
1101 1572 1205 1647 γὰρ
1269 1572 1360 1626 σὸν
1408 1570 1576 1633 πάθος
1624 1572 1670 1607 ³ο
1716 1570 1895 1626 πεῖσαί
1956 1590 2022 1643 με

362 1658 608 1729 θελήσας
668 1659 727 1715 ἐκ
798 1664 904 1715 τῶν
959 1660 1082 1733 περὶ
1156 1659 1285 1723 τοὺς
1325 1658 1475 1722 θεοὺς
1546 1656 2018 1736 μυθολογημάτων

361 1748 615 1817 ἐποιήσω
664 1751 728 1803 τὰ
775 1746 1191 1825 παραδείγματα
1225 1793 1239 1818 ,
1290 1751 1512 1825 Ἔρωτα
1556 1750 1649 1804 τὸν
1700 1748 1914 1804 πάντων
1974 1751 2018 1787 ⁸ί

2132 1123 2217 1179 ita
2246 1123 2422 1179 habet
2455 1141 2469 1179 :

2132 1321 2483 1394 Rescriplum
2508 1318 2583 1375 ad
2610 1319 2919 1447 epistolar‘riza
2938 1317 3038 1444 adt
3061 1318 3358 1390 Appionem
3404 1324 3667 1390 tanquam
3712 1318 3781 1373 ab

2806 1409 2844 1447 a
2921 1408 3013 1445 ma
3044 1407 3097 1445 a.

2806 1407 3097 1447 adamata.

2200 1481 2341 1537 XXI.
2377 1481 2555 1537 Miror
2583 1498 2702 1554 qua
2740 1481 2983 1543 ratione.
3033 1496 3166 1535 cum
3221 1496 3317 1535 me
3363 1480 3435 1535 de
3486 1480 3778 1551 sapientia

2129 1570 2355 1641 laudes,
2387 1576 2691 1643 tamquam
2750 1570 2992 1625 stultam
3051 1568 3388 1642 compellas.
3434 1569 3579 1623 Nam
3636 1572 3777 1624 dum

2130 1661 2296 1732 cupis
2326 1662 2396 1716 ad
2431 1666 2599 1716 tuum
2634 1676 2726 1715 me
2758 1660 3047 1715 adducere
3079 1660 3374 1728 affectum,
3425 1674 3491 1713 ex
3536 1659 3775 1713 deorum

2134 1750 2347 1805 fabulis
2378 1749 2686 1821 sumpsisti
2719 1749 3005 1820 exempla,
3064 1752 3357 1811 Amorem,
3390 1747 3589 1820 (quem
3650 1763 3777 1801 om-

358 1833 758 1912 πρεσϐύτατον,
810 1838 886 1900 ὡς
936 1836 1069 1916 ἔφης
1114 1841 1182 1907 ³³,
1233 1836 1321 1893 ἐπὶ
1367 1837 1582 1893 πάντων
1633 1842 1764 1902 θεῶν
1809 1838 1898 1892 καὶ
1929 1837 2016 1892 ἆν-

358 1929 386 1942 Δ
454 1928 465 1942 Ι
664 1924 719 1942 A‘
937 1934 964 1942 .-
1165 1928 1179 1942 l
1313 1922 1343 1942 ο
1389 1929 1413 1942 Α
1449 1927 1462 1942 ε
1557 1926 1582 1942 ΩΙ
1790 1928 1804 1942 \
1881 1925 1895 1942 Ἰ
1961 1928 1975 1942 ι

2135 1840 2295 1894 nium
2330 1838 2813 1910 antiquissimum
2844 1837 3129 1903 dixisti,et
3159 1854 3336 1906 supra
3368 1841 3606 1891 cunctos
3638 1836 3776 1891 deos

356 1928 624 2002 θρώπων,
664 1924 1058 2005 βλασφημῆσαι
1112 1928 1187 2000 μὴ
1238 1922 1518 2006 φοϐηθεὶς,
1552 1926 1701 1989 ὅπως
1744 1928 1842 1996 τὴν
1879 1925 2016 2000 ἐμὴν

357 2016 588 2095 φθείρῃς
618 2017 828 2092 ψυχήν,
859 2016 950 2071 καὶ
977 2017 1039 2071 τὸ
1067 2015 1197 2090 ἐμὸν
1231 2020 1391 2089 σῶμα
1436 2011 1811 2093 περιυϐρίσῃς.
1838 2018 2018 2094 Ἔρως

355 2106 464 2183 γᾶρ
497 2110 635 2169 θεῶν
671 2105 770 2159 οὐκ
798 2104 940 2159 ἔστιν
987 2104 1326 2181 ἀρχηγέτης,
1359 2105 1387 2159 6
1418 2104 1469 2161 ἐν
1518 2112 1638 2168 ταῖς
1681 2105 2017 2179 ἐπιθυμίαις.

358 2197 426 2250 Εἰ
457 2197 563 2271 γὰρ
616 2195 753 2250 halm
803 2193 1078 2267 ἐπιθυμεῖ,
1111 2193 1270 2256 αὐτός
1304 2198 1457 2252 149
1490 2194 1628 2249 ἐστιν
1678 2194 1868 2251 ἑαυτοῦ
1913 2198 2017 2250 πά-

355 2288 453 2346 θος
482 2284 576 2339 καὶ
606 2283 855 2355 κόλασις,
888 2283 978 2338 καὶ
1017 2282 1137 2345 θεὸς
1184 2282 1282 2338 οὐκ
1312 2282 1371 2337 ἂν
1420 2282 1502 2354 εἴη
1538 2285 1565 2338 6
1595 2285 1823 2361 πάσχων
1856 2285 2015 2339 ἐκώνσ

360 2373 411 2430 εἲ
442 2371 504 2429 δὲ
532 2375 676 2427 ἄκων
722 2371 818 2447 ἐρᾷ
861 2378 964 2440 τῆς
1011 2373 1231 2446 μίξεως,
1275 2372 1363 2427 καὶ
1410 2373 1506 2435 τὰς
1555 2373 1824 2449 ἡμετέρας
1875 2371 2018 2450 διερ-

356 2463 611 2539 χόμενος
642 2460 823 2537 ψυχὰς
854 2460 1037 2537 ὥσπερ
1070 2458 1139 2516 δι’
1185 2460 1427 2537 ὀργάνων
1459 2465 1567 2517 τῶν
1598 2461 1880 2539 ἡμετέρων
1912 2484 2019 2519 σω-

362 2546 557 2617 μάτων
612 2542 691 2606 εἷς
743 2541 839 2605 τὰς
895 2545 1001 2597 τῶν
1061 2547 1271 2612 νοητῶν
1328 2542 1543 2620 φέρεται
1602 2544 1885 2606 συνουσίας
1917 2589 1931 2616 ,
1990 2544 2019 2598 6

354 2638 559 2689 τοῦτον
606 2632 729 2708 ἐρᾷν
777 2636 953 2686 ποιῶν
998 2632 1089 2686 καὶ
1136 2631 1313 2708 φέρων
1362 2630 1559 2705 μείζων
1609 2632 1773 2688 αὐτοῦ
1808 2633 2018 2709 τυγχά-

357 2741 464 2778 νει·
526 2722 619 2777 καὶ
670 2720 837 2777 πάλιν
896 2720 1061 2776 αὐτοῦ
1120 2720 1323 2777 ἐκείνου
1376 2725 1475 2776 τοῦ
1542 2722 1799 2800 φέροντος
1851 2722 2019 2798 ἑτέρῳ

359 2813 523 2884 πόθῳ
569 2812 896 2890 φερομένου,
942 2810 1141 2884 μείζων
1191 2808 1368 2873 ἄλλος
1407 2811 1434 2866 6
1463 2811 1638 2888 φέρων
1687 2812 1888 2867 ἐκεῖνον
1935 2812 2019 2867 εὐ-

362 2902 631 2976 ρίσκεται·
707 2900 797 2955 καὶ
876 2899 952 2963 εἷς
1029 2898 1325 2976 ἀπέραντον
1401 2899 1739 2980 ἐπαναφορᾶν
1797 2904 1842 2940 ³³
1911 2907 2017 2957 τῶν

364 2990 616 3064 ἐρώντων
646 2988 873 3065 γίνεται,
929 2987 959 3043 6'
1006 2989 1145 3045 ἐστιν
1175 2986 1454 3044 ἀδύνατον·
1506 2990 1695 3054 Οὕτως
1735 2991 1835 3047 οὐκ
1879 2990 2017 3049 ἔστιν

364 3076 493 3135 οὔτε
543 3080 572 3133 6
633 3078 833 3155 φέρων,
893 3075 1017 3133 οὔτε
1068 3079 1097 3132 ὁ
1155 3077 1475 3155 φερόμενος,
1535 3078 1660 3136 ἀλλ’
1707 3080 1872 3136 αὐτοῦ
1922 3087 2019 3137 τοῦ

364 3168 603 3245 ἐρῶντος
634 3167 697 3223 τὸ
729 3166 1122 3241 ἐπιθυμητικόν
1154 3167 1266 3223 ἐστι
1295 3165 1485 3239 πάθος,
1511 3166 1695 3225 ἐλπίδι
1724 3169 2018 3245 αὐξόμενον

362 3258 453 3314 καὶ
488 3258 798 3332 ἀπογνώσει
832 3255 1177 3330 μειούμενον.

433 3438 607 3494 XXII.
640 3436 704 3490 Οἱ
735 3432 793 3490 δὲ
825 3439 1038 3511 κρατεῖν
1083 3433 1315 3511 αἰσχρᾶς
1363 3433 1651 3509 ἐπιθυμίας
1702 3438 1778 3511 μή
1814 3435 2019 3514 βουλό-

366 3546 525 3600 μενοι
568 3530 681 3580 τῶν
726 3526 860 3579 θεῶν
904 3522 1368 3597 καταψεύδονται,
1408 3522 1500 3580 ’ίνα
1546 3527 1669 3601 περὶ
1727 3528 1801 3582 ὧν
1846 3528 2018 3603 πράτ-

360 3636 573 3685 τουσιν,
622 3611 751 3675 τοὺς
797 3612 951 3675 θεοὺς
1004 3613 1079 3675 ὡς
1125 3615 1422 3689 προτέρους
1474 3612 1767 3691 δράσαντας
1800 3614 2017 3671 ὑποδει-

355 3704 605 3775 κνύντες,
640 3700 1101 3757 ἀπαλλάσσωνται
1127 3705 1174 3739 ³⁸
1198 3710 1299 3772 τῆς
1350 3703 1607 3778 μέμψεως
1662 3705 1726 3760 Εἰ
1764 3707 1867 3780 γάρ
1898 3728 2020 3761 παι-

357 3791 615 3853 δοποιίας
669 3788 870 3861 ἕνεκεν,
926 3792 1016 3846 καὶ
1075 3790 1173 3846 οὐκ
1228 3789 1509 3867 ἀσελγείας
1544 3838 1558 3864 ,
1619 3794 1669 3848 οἱ
1730 3793 2016 3871 λεγόμενοι

354 3883 474 3938 θεοὶ
527 3882 627 3943 τὰς
693 3878 947 3956 μοιχείας
1002 3879 1321 3953 ἐπετέλουν,
1376 3880 1431 3936 τί
1481 3883 1571 3937 καὶ
1626 3888 1743 3946 τοῖς
1802 3881 2015 3961 ἄρσεσιν

352 3970 651 4046 ἐμίγνυντο
699 3972 776 4038 ³⁸;
813 3968 991 4024 Ἀλλά
1043 3969 1423 4047 χαριζόμενοι,
1477 3971 1661 4050 φησὶν,
1709 3978 1827 4036 ταῖς
1881 3973 2016 4049 ἐρω-

356 4061 546 4133 μέναις
598 4058 983 4132 κατηστέριζον
1038 4060 1082 4095 ³⁸
1140 4058 1337 4122 αὐτάς.
1397 4059 1599 4115 Οὐκοῦν
1657 4062 1763 4136 πρὸ
1818 4062 2016 4118 τούτου

347 4149 455 4203 οὐκ
502 4151 641 4217 ἦσαν
695 4147 911 4223 ἀστέρες
948 4189 962 4213 ,
1015 4146 1211 4224 μέχρις
1261 4148 1351 4204 ὅτε
1412 4148 1699 4225 ἀσελγείας
1750 4150 2014 4229 προφάσει

350 4238 460 4293 ὑπὸ
514 4240 735 4311 μοιχῶν
784 4237 813 4291 6
868 4235 1093 4312 οὐρανὸς
1138 4235 1355 4313 ἄστροις
1403 4237 1734 4311 ἐκοσμήθη;
1779 4244 1902 4302 Πῶς
1959 4238 2017 4296 δὶ

346 4327 441 4383 καὶ
493 4327 548 4380 oi.
599 4330 706 4381 τῶν
759 4327 1259 4401 κατηστερισμένευν
1309 4330 1353 4364 ³⁷
1402 4324 1615 4403 ἔκγονοι
1649 4327 1698 4383 ἐν
1752 4325 1884 4400 ᾅδου
1920 4351 2015 4385 κο-

348 4415 636 4486 λάζονται,
688 4413 719 4468 6'
755 4434 815 4469 τε
865 4413 1068 4477 ’Ἄτλας
1116 4415 1476 4491 βαρούμενος,
1528 4418 1615 4471 καὶ
1667 4418 1694 4472 ὁ
1742 4418 2015 4481 Τάνταλος

351 4502 485 4579 δίψῃ
533 4507 580 4541 ³⁸
630 4502 975 4576 ἀνιώμενος,
1025 4504 1113 4559 καὶ
1164 4506 1192 4558 6
1244 4505 1478 4573 Σίσυφος
1526 4504 1746 4578 ἐρείδων
1792 4511 2014 4583 πέτραν,

2129 1932 2186 1984 et
2216 1928 2504 1999 homines)
2537 1944 2651 1982 non
2684 1927 2906 1981 veritus
2931 1926 3239 1988 infamare.
3272 1942 3385 1995 quo
3421 1942 3615 1979 meum
3650 1942 3772 1979 cor-

2130 2033 2431 2088 rumperes
2462 2016 2747 2082 animum,
2777 2031 3093 2087 meumque
3123 2014 3481 2069 contumelia
3512 2014 3775 2069 at‘ficeres

2128 2122 2359 2178 corpus.
2396 2108 2567 2161 Amor
2593 2105 2750 2160 enim
2792 2121 2905 2159 non
2957 2109 3047 2159 est
3095 2104 3336 2159 deorum
3389 2102 3656 2174 princeps
3708 2119 3774 2157 ac

2128 2196 2355 2260 ductor,
2390 2194 2440 2250 is
2480 2194 2578 2267 qui
2630 2194 2688 2248 in
2738 2193 3161 2262 cupiditatibus
3208 2198 3475 2248 versatur
3506 2210 3519 2260 ;
3554 2209 3686 2246 nam
3723 2192 3773 2247 si

2128 2288 2334 2356 sponte
2362 2284 2544 2357 cupit,
2578 2283 2703 2355 ipse
2732 2287 2821 2339 est
2849 2283 2941 2338 sui
2975 2282 3272 2355 perpessio
3305 2287 3363 2337 et
3392 2281 3772 2353 supplicium,

2130 2390 2235 2430 nec
2266 2375 2408 2430 deus
2439 2378 2548 2440 est,
2583 2373 2683 2445 qui
2714 2371 3039 2428 voluntarie
3068 2373 3326 2444 patitur:
3359 2372 3449 2427 sin
3492 2388 3627 2427 vero
3680 2372 3771 2425 in-

2127 2462 2282 2518 vitus
2319 2463 2544 2535 appetit
2590 2462 2990 2531 concubitum,
3048 2465 3105 2516 et
3163 2464 3392 2516 nostras
3450 2461 3774 2531 pervadens

2128 2551 2356 2608 animas
2386 2557 2667 2625 tanquam
2700 2568 2803 2623 per
2834 2567 3143 2623 corporum
3177 2555 3511 2606 nostrorum
3542 2550 3769 2605 instru-

2130 2647 2329 2698 menta
2360 2641 2543 2696 fertur
2571 2642 2641 2696 ad
2674 2656 3054 2713 congressum
3087 2656 3287 2695 eorum
3322 2656 3449 2711 quze
3472 2641 3580 2695 sub
3606 2639 3771 2694 intel-

2129 2730 2432 2803 ligentiam
2465 2731 2702 2796 cadunt,
2735 2731 2832 2802 qui
2868 2745 3002 2784 eum
3036 2729 3262 2783 inducit
3292 2730 3364 2783 ad
3423 2729 3767 2799 amandum,

2131 2822 2320 2891 major
2350 2826 2438 2876 est
2467 2837 2533 2875 eo
2567 2838 2580 2875 :
2616 2820 2949 2891 iterumque
2980 2835 3114 2874 cum
3146 2817 3240 2872 hic
3276 2818 3373 2889 qui
3433 2818 3659 2873 inducit
3713 2818 3772 2871 in

2130 2909 2311 2965 alium
2340 2908 2654 2964 inducatur
2684 2909 3161 2977 amorem,major
3187 2906 3337 2961 alius
3368 2906 3469 2978 qui
3501 2906 3657 2961 hunc
3683 2907 3771 2960 in-

2129 2998 2291 3053 ducit
2320 2998 2687 3068 reperitur,et
2718 2997 2774 3050 in
2803 2995 3100 3050 inﬁnitum
3118 2995 3443 3049 amantium
3459 3010 3771 3048 numerum

2129 3086 2194 3141 ﬁt
2224 3102 2570 3159 progressus
2605 3104 2618 3154 ;
2654 3086 2808 3157 quod
2842 3085 2963 3139 ﬁeri
3000 3101 3114 3139 non
3147 3084 3551 3155 potest.lgitur
3581 3098 3773 3154 neque

2131 3179 2220 3232 est
2250 3176 2349 3246 qui
2382 3174 2824 3246 inducit,neque
2854 3174 2954 3245 qui
2985 3173 3307 3240 inducitur;
3339 3172 3439 3228 sed
3472 3177 3559 3227 est
3589 3171 3775 3242 ipsius

2049 3248 2093 3316 C
2130 3265 2384 3321 amantis
2416 3266 2656 3320 affectus
2686 3263 3127 3335 concupiscens,
3163 3262 3263 3335 qui
3312 3278 3415 3334 spe
3446 3266 3694 3333 augetur
3722 3264 3778 3315 et

2127 3352 2531 3426 desperatione
2563 3353 2871 3408 minuitur.

2199 3443 2361 3498 XXII.
2394 3443 2500 3508 Qui
2529 3459 2664 3497 vero
2694 3447 2924 3513 turpem
2959 3441 3167 3497 nolunt
3197 3439 3579 3513 cupiditatem
3612 3456 3776 3494 coer-

2129 3547 2279 3599 cere,
2311 3533 2382 3587 de
2412 3533 2523 3587 diis
2572 3532 2933 3587 mendaciter
2990 3531 3221 3603 fingunt
3254 3548 3267 3598 ;
3303 3535 3367 3585 ut
3401 3530 3460 3583 in
3519 3530 3591 3583 iis
3647 3546 3774 3600 qua:

2128 3626 2469 3694 perpetrant
2500 3622 2640 3676 deos
2673 3621 2892 3692 primos
2925 3636 3054 3675 esse
3093 3624 3362 3675 auctores
3412 3618 3773 3673 ostendendo

2128 3709 2297 3781 culpa
2328 3709 2729 3766 liberentur.Si
2764 3710 2919 3764 enim
2938 3709 3324 3779 suscipiendae
3349 3707 3566 3763 sabolis
3587 3706 3776 3777 gratia

2127 3805 2186 3855 et
2215 3816 2330 3854 non
2360 3799 2626 3854 libidinis
2669 3816 2825 3871 ergo,
2881 3799 2979 3870 qui
3030 3797 3108 3851 dii
3156 3802 3454 3863 vocantur,
3488 3796 3774 3851 adulteria

2127 3888 2681 3953 commiserunt,cur
2703 3904 2835 3942 cum
2868 3885 3149 3941 masculis
3183 3902 3414 3958 quoque
3446 3885 3772 3939 misceban-

2124 3981 2223 4033 tur
2250 3977 2277 4032 ‘I
2308 3978 2418 4033 Sed
2451 3981 2517 4031 ut
2548 3976 3038 4049 gratificarentur,
3074 3974 3648 4047 inquit,mulieribus
3670 3973 3771 4027 ad-

2128 4065 2359 4132 amatis,
2394 4065 2524 4119 illas
2573 4065 2631 4119 in
2683 4069 2842 4119 astra
2885 4068 3313 4119 converterunt.
3370 4062 3553 4134 Igitur
3600 4066 3771 4115 antea

2126 4160 2284 4211 astra
2314 4171 2428 4209 non
2460 4159 2840 4226 erant,usque
2871 4154 3012 4208 dum
3044 4152 3290 4208 lascivia
3322 4152 3625 4208 occasione
3656 4167 3769 4205 cce-

2124 4243 2247 4299 lum
2281 4243 2468 4299 stellis
2496 4249 2873 4299 exornaretur
2895 4244 2922 4298 ‘I
2958 4244 3026 4298 Et
3055 4243 3347 4313 quomodo
3371 4242 3427 4295 in
3462 4240 3659 4296 stellas
3689 4256 3771 4294 ro-

2126 4332 2377 4388 latarum
2413 4331 2575 4389 liberi
2609 4350 2673 4386 ac
2705 4337 2946 4404 nepotes
2979 4333 3129 4402 apud
3165 4331 3383 4385 inferos
3417 4332 3776 4402 puniuntur?

2127 4422 2280 4479 Atlas
2311 4429 2587 4494 gravatus
2618 4423 2891 4493 pondere,
2926 4420 3210 4476 Tantalus
3251 4427 3491 4475 enectus
3525 4420 3643 4479 siti.
3680 4420 3771 4471 Si-

2126 4511 2348 4585 syphus
2383 4516 2604 4583 petram
2637 4511 2915 4576 retinens,
2968 4511 3131 4583 Titys
3193 4514 3466 4580 pertusus
3527 4508 3769 4569 viscera,

350 4592 558 4654 Τιτυὸς
604 4593 675 4646 τά
723 4589 1018 4668 σπλάγχνα
1065 4590 1499 4666 διορυττόμενος,
1532 4595 1702 4667 Ἰξίων
1732 4597 1854 4673 περὶ
1882 4617 2016 4672 τρο-

2135 4602 2244 4656 [xio
2276 4602 2428 4655 circa
2461 4606 2644 4654 rotam
2678 4600 3074 4653 indesinenter
3112 4600 3430 4653 volutatus.
3468 4597 3772 4661 Quomodo

347 4684 456 4761 χόν
506 4680 796 4743 ἀπαύστως
855 4678 1279 4755 κυλινδούμενος
1313 4701 1326 4751 ;
1360 4685 1515 4742 150
1561 4688 1677 4747 πῶς
1727 4684 1785 4739 δὲ
1831 4686 1920 4740 καὶ
1960 4688 2011 4741 οἱ

2135 4706 2255 4745 vero
2281 4695 2338 4745 ut
2371 4694 2660 4744 amatores
2716 4688 2793 4742 dii
2829 4705 2948 4756 eos,

349 4770 575 4847 ἐρασταὶ
626 4768 737 4825 θεοὶ
794 4768 986 4837 ὅντες,
1046 4769 1138 4832 οὒς
1195 4770 1416 4843 ἐμίαναν
1451 4818 1466 4845 ,
1504 4773 1890 4850 κατηστέριζον
1944 4777 2010 4846 ³³,

350 4862 574 4923 ἱαυτοῖς
601 4862 718 4935 (95)
745 4862 907 4915 τοῦτο
943 4860 1019 4933 μή
1052 4859 1413 4936 χαρισάμενοι
1438 4879 1453 4931 ;

425 4952 623 5007 XXIII.
668 4947 780 5004 Οὔκ
823 4949 927 5026 ἄρα
970 4951 1101 5019 ἦσαν
1149 4948 1285 5021 θεοὶ,
1336 4949 1482 5007 ἀλλὰ
1528 4950 1801 5028 τυράννων
1835 4953 2009 5031 αίνίγ-

3010 4704 3157 4759 quos
3220 4687 3572 4758 polluerant,
3624 4685 3773 4737 inter

2122 4783 2283 4835 astra
2316 4777 2657 4846 retulerunt,
2691 4776 2803 4833 sibi
2836 4781 3030 4833 autem
3063 4776 3121 4831 id
3184 4775 3446 4831 muneris
3488 4791 3603 4830 non
3636 4778 3775 4828 sunt

2121 4866 2320 4940 largiti
2350 4867 2378 4923 ?

2190 4956 2385 5012 XXIII.
2420 4956 2543 5012 Non
2580 4971 2715 5029 ergo
2746 4958 2912 5011 erant
2941 4954 3042 5023 dii,
3078 4954 3180 5011 sed
3233 4958 3620 5026 tyrannorum
3674 4968 3769 5006 ve-

1723 5096 1962 5153 VARUE
2002 5098 2305 5155 LECTION
2311 5100 2415 5156 ES.

426 5217 471 5251 ³⁷
500 5214 633 5270 Τότε
680 5216 923 5289 adjunxi
972 5233 1021 5275 c.
1071 5217 1137 5275 0.
1189 5218 1233 5254 ³³
1281 5219 1369 5275 Ita
1414 5223 1460 5276 0
1507 5237 1558 5277 c.
1610 5237 1797 5294 marg.
1849 5221 1933 5288 Ci,
1983 5223 2043 5278 in
2091 5223 2206 5280 ου’.
2255 5228 2410 5280 textu
2474 5222 2596 5278 ὑστε
2634 5220 2693 5294 ἑᾳ
2739 5223 2787 5258 ²⁹
2836 5217 3098 5290 ἐπιστολή
3152 5220 3214 5277 0.
3261 5221 3307 5256 ³ο
3354 5219 3524 5279 πάθος
3575 5235 3691 5274 om.
3726 5220 3768 5274 0

440 5284 653 5342 παίδων
704 5288 769 5346 0.
816 5290 863 5325 ³³
914 5287 1062 5346 Vbb.
1113 5287 1187 5348 ὡς
1226 5287 1359 5348 ἔφης
1398 5292 1523 5348 des.
1574 5292 1631 5347 in
1683 5297 1747 5348 0.
1781 5294 2043 5348 Subinde
2093 5239 2183 5348 ἐπί
2228 5301 2329 5348 τῆς
2378 5295 2437 5348 C.
2490 5241 2691 5348 émllpelc
2733 5294 2790 5348 in
2844 5310 3025 5348 mare.
3056 5294 3101 5328 ³³
3142 5290 3453 5348 ἐπαναφορὰ
3500 5293 3650 5348 coni.
3684 5291 3765 5343 Cl.

436 5284 653 5368 3:315ng
704 5284 770 5368 ρΣ
816 5290 863 5368 ξ’
1113 5287 1187 5351 ὡς
1226 5287 1359 5368 ἔφῃς
1390 5292 1523 5368 ges.
1565 5292 1631 5368 in
1683 5284 2043 5368 Ofsubinde
2079 5293 2158 5368 ﬁn

2228 5301 2329 5363 τῆς
2378 5295 2437 5363 C,
2490 5290 2691 5355 ἐπιθείς
2733 5294 2790 5350 in
2844 5290 3453 5367 ωειτεεδδχέπαναφορά
3500 5293 3650 5367 conj.
3684 5291 3765 5343 Cl.

354 5359 403 5441 ξ*
552 5364 599 5416 Ο
620 5377 685 5441 ρ.
804 5356 1250 5441 ἀπαλλάσσονται
1266 5356 1343 5418 Ὀ.
1388 5364 1433 5399 ³⁸
1481 5361 1771 5437 ἐμίγνυντο
1805 5365 1849 5421 Ο
1880 5383 1932 5422 c.
1958 5367 2042 5435 S.,
2077 5356 2390 5441 ἐμιγνοῗντο
2420 5356 2478 5423 C.
2509 5369 2553 5405 ³⁸
2580 5356 3070 5437 κατηστήριζοννῧ.
3098 5365 3142 5400 ³⁷
3172 5356 3677 5433 κατεστηρισμένων
3708 5366 3767 5416 (ᾦ.

353 5432 399 5466 ³³
432 5428 586 5504 δίψει
616 5430 678 5487 Ο.
710 5432 757 5467 ⁸⁸
784 5433 1173 5507 κατεστήριζον
1202 5434 1265 5505 C,

1740 5532 2122 5592 VARIORUM
2153 5537 2386 5594 ΝΟΤᾸΒ.

403 5628 548 5710 ,ς95)
582 5626 731 5713 ξτες..
748 5626 933 5690 αὐτοῖς
963 5646 1045 5685 sc.
1068 5633 1193 5713 τοῖς
1226 5626 1523 5713 ἐρωμένοις
1556 5673 1570 5713 ,
1603 5634 1736 5713 Cur,
1793 5632 2006 5713 inquit,

358 5698 444 5755 dii
479 5698 830 5758 mulieribus
859 5718 895 5758 a
921 5717 985 5758 se
1014 5698 1503 5774 adamatis,'quas
1555 5698 1901 5762 inter'astra
1925 5698 2014 5763 re-

2117 5635 2333 5707 lerunt,
2367 5653 2481 5707 non
2516 5635 2572 5690 id
2607 5651 2839 5707 quoque
2870 5633 3073 5707 largiti,
3095 5636 3325 5707 sunt,ut
3353 5648 3554 5707 eorum
3582 5637 3767 5704 poste-

2126 5724 2223 5765 ros
2254 5706 2554 5784 (ἐκγόνους)
2584 5704 2837 5779 a’paa‘nis
2868 5704 3111 5764 infernis
3141 5704 3457 5764 liberarent
3484 5704 3512 5761 ?
3538 5708 3595 5762 S.
