4086 6216
327 363 435 428 191

1142 368 1206 428 8.
1252 366 1696 430 CLEMENTIS
1740 369 1764 429 Ι
1811 368 2003 429 RO‘ti.
2050 369 2278 429 PONT.
2328 366 2587 430 OPERA
2636 366 2903 428 DUBIA.

3618 367 3736 429 192

324 496 799 555 lamina.Saturni
834 516 1088 573 namque
1120 500 1175 555 in
1198 500 1493 558 Caucasiis
1523 502 1965 569 montibus,non

2086 520 2247 573 ματα.
2289 498 2497 573 Κρόνου
2544 499 2645 575 γάρ
2704 496 2755 552 ἐν
2798 501 2914 560 τοῖς
2974 494 3299 559 Καυκασίοις
3355 490 3531 573 ὄρεσιν
3592 499 3730 569 (96)’

325 587 382 643 in
418 588 577 657 caelo,
611 588 707 642 sed
746 588 799 641 in
833 594 1005 652 terra,
1039 589 1373 661 sepulcrum
1406 592 1751 661 ostenditur,
1784 591 1969 647 homi—

326 676 415 731 nis
451 676 549 731 feri
586 693 650 731 ac
682 676 995 733 liberorum
1030 679 1332 735 voratoris.
1367 680 1507 735 Item
1559 680 1754 736 lascivi
1787 680 1966 752 Jovis,

324 765 825 837 fabulosi,quique
857 767 1129 823 similiter
1158 769 1335 824 Metin
1361 769 1542 825 filiam
1576 769 1968 842 deglutivit,in

322 858 485 910 Creta
518 855 776 910 cernitur
814 855 1173 928 sepulcrum,
1206 865 1262 913 et
1291 858 1349 912 in
1395 859 1715 914 Acherusia
1756 858 1971 931 palude

325 943 587 999 Plutonis
618 962 683 999 ac
731 945 1009 1017 Neptuni,
1056 946 1207 1003 Solis
1258 964 1391 1002 vero
1438 948 1649 1013 Astris,
1692 952 1749 1004 et
1794 949 1971 1003 Lunae

326 1032 539 1099 Garris;
574 1034 837 1089 Mercurii
871 1037 1024 1107 apud
1062 1035 1665 1109 Hermapolin,Martis
1695 1037 1753 1092 in
1785 1038 1970 1093 Thra-

327 1122 435 1192 cia,
468 1122 710 1178 Veneris
741 1125 890 1194 apud
925 1125 1200 1197 Cyprum,
1248 1126 1437 1183 Liberi
1498 1127 1653 1199 apud
1715 1127 1968 1193 Thebas,

325 1210 691 1284 aliorumque
734 1212 865 1268 aliis
895 1214 953 1268 in
985 1214 1147 1270 locis.
1185 1219 1383 1287 Itaque
1406 1232 1604 1270 eorum
1640 1216 1739 1289 qui
1773 1216 1849 1271 dii
1875 1234 1970 1271 vo-

326 1304 552 1369 cantur,
585 1300 853 1372 sepulcra
880 1308 1235 1375 comparent.
1269 1305 1548 1360 Homines
1608 1305 1767 1360 enim
1804 1310 1972 1361 erant

326 1387 483 1459 iique
514 1388 765 1461 improbi
797 1395 853 1446 et
884 1392 1060 1465 magi.
1092 1392 1272 1448 Aliter
1311 1394 1601 1465 siquidem
1662 1412 1776 1450 non
1836 1395 1969 1450 facti

332 1477 581 1533 fuissent
614 1480 938 1534 monarchae
972 1498 1035 1536 ac
1083 1481 1327 1549 domini,
1390 1482 1641 1556 Jupiter,
1705 1484 1970 1555 inquam,

330 1567 635 1623 fabulosus
667 1574 722 1624 et
750 1570 1030 1640 Bacchus,
1068 1571 1180 1625 nisi
1213 1588 1313 1643 per
1372 1573 1967 1640 transformationem,

331 1673 479 1728 quos
509 1660 565 1712 et
589 1674 735 1729 quas
761 1658 1127 1728 volebant,ad
1160 1661 1215 1714 id
1251 1662 1405 1733 quod
1437 1660 1709 1718 volebant
1739 1678 1972 1735 compu-

326 1745 537 1801 lissent
568 1746 700 1818 (98).

400 1836 590 1890 XXIV.
626 1837 786 1903 Quod
820 1836 868 1892 si
899 1854 1100 1893 eorum
1159 1839 1490 1895 aemulanda
1542 1844 1632 1896 est
1685 1840 1823 1912 vita,
1853 1858 1967 1896 non

330 1926 503 1980 modo
536 1925 764 1981 illorum
800 1927 1108 1994 adulteria,
1143 1930 1241 1985 sed
1276 1934 1335 1984 et
1367 1946 1600 1985 mensas
1646 1930 1967 1985 imitemur.

328 2015 470 2069 Nam
504 2006 793 2071 Saturnus
822 2016 1036 2073 liberos
1077 2036 1219 2074 suos
1265 2019 1578 2092 absorpsit,
1633 2020 1971 2092 pariterque

326 2104 551 2176 Jupiter
580 2122 747 2161 suam
772 2106 1050 2163 ﬁliam.Et
1071 2108 1211 2179 quid
1244 2126 1390 2180 opus
1423 2113 1512 2164 est
1542 2108 1970 2179 verbis?Pelops

330 2193 594 2248 omnium
614 2194 855 2249 deorum
874 2195 1109 2267 epulum
1134 2197 1431 2253 fuit.Unde
1448 2202 1503 2253 et
1519 2214 1624 2253 nos
1655 2202 1788 2253 ante
1812 2196 1971 2252 nefa-

330 2282 481 2336 rium
507 2283 847 2355 conjugium
863 2285 1103 2341 deorum
1121 2302 1467 2358 peragamus
1482 2286 1723 2360 epulum
1738 2285 1968 2355 simile;

332 2369 416 2425 sic
448 2373 603 2427 enim
640 2373 883 2445 dignum
918 2374 1378 2447 fueritconjugio
1396 2375 1887 2448 epulum.Verum
1912 2375 1970 2429 id

331 2476 500 2515 nemo
536 2462 720 2517 facere
748 2462 1114 2535 sustinuerit,
1151 2468 1213 2519 ut
1255 2481 1361 2519 nec
1390 2481 1495 2538 ego
1555 2464 1853 2520 mtechari.
1887 2465 1971 2519 Ad

332 2548 452 2604 haec
479 2566 610 2605 vero
644 2550 786 2605 mihi
817 2553 1035 2607 amoris
1064 2552 1221 2608 velut
1266 2554 1520 2624 potentis
1578 2554 1667 2609 dei
1730 2552 1973 2609 minaris

332 2637 813 2709 indignationem.
849 2643 1024 2697 Amor
1054 2642 1198 2697 deus
1230 2660 1343 2697 non
1378 2643 1682 2715 est,qualis
1714 2642 1969 2711 videtur;

334 2728 433 2782 sed
466 2733 556 2782 est
587 2728 899 2800 cupiditas,
935 2747 1064 2802 qum
1093 2747 1160 2785 ex
1189 2736 1648 2804 temperamento
1680 2730 1971 2797 animalis,

332 2820 568 2888 propter
596 2818 1027 2874 successionem
1048 2820 1414 2885 vitae,accidit
1434 2838 1537 2892 per
1556 2821 1821 2877 omnium
1850 2821 1972 2893 opi-

333 2905 459 2960 ﬁcis
494 2908 934 2974 providentiam,
970 2927 1038 2965 ne
1072 2911 1410 2965 universum
1443 2928 1627 2984 genus
1658 2911 1973 2983 aliquando

335 2993 582 3060 deficiat,
616 2997 717 3050 sed
768 3002 834 3052 ut
880 2999 1183 3055 occasione
1231 3000 1545 3072 voluptatis
1588 3018 1655 3055 ex
1708 3001 1973 3055 morituri

334 3081 592 3139 hominis
622 3086 960 3142 substantia
984 3088 1195 3143 iterum
1228 3088 1386 3143 alius
1411 3089 1975 3162 nascatur,legitimo

332 3174 651 3243 productus
685 3175 1058 3233 matrimonio
1093 3196 1105 3245 ;
1140 3194 1252 3251 quo
1286 3183 1507 3250 patrem
1557 3195 1733 3234 suum
1764 3196 1974 3251 cogno—

2079 588 2179 644 οὒκ
2210 587 2260 643 ἐν
2308 588 2541 663 οὐρανῷ,
2590 586 2717 643 ἀλλ’
2769 587 2820 641 ἐν
2863 590 2935 663 γῇ
2982 587 3152 664 τάφος
3199 607 3283 647 τις
3324 583 3616 657 δείκνυται,
3647 588 3734 641 ἀν-

2081 675 2206 755 δρὸς
2240 679 2432 754 ἀγρίου
2476 678 2565 733 καί
2613 672 2962 753 τεκνοϐόρου.
2999 673 3175 731 Ἀλλά
3220 674 3307 729 καὶ
3337 679 3435 730 τοῦ
3466 673 3731 751 ἀσελγοῦς

2080 769 2224 837 Διὸς,
2254 772 2350 823 τοῦ
2398 771 2628 841 μυθικοῦ
2658 770 2723 837 ⁴⁰,
2754 770 2851 823 τοῦ
2902 764 3110 839 ὁμοίως
3157 766 3256 835 τήν
3307 764 3569 841 θυγατέρα
3616 772 3729 836 Μῆ-

2076 879 2159 912 τιν
2204 859 2584 925 καταπιόντος,
2637 856 2687 912 ἐν
2737 858 2920 931 Κρήτῃ
2969 859 3250 928 θεωρεῖται
3290 856 3481 931 τάφοςο
3539 855 3627 911 καὶ
3678 855 3727 910 ἐν

2078 950 2146 1021 τῇ
2206 947 2529 1024 Ἀχερουσία
2578 945 2636 1002 δὲ
2697 945 2873 1020 λίμνῃ
2924 944 3252 1007 Πλούτωνος
3305 943 3395 999 καὶ
3458 942 3731 999 Ποσειδῶ-

2078 1057 2168 1099 νος
2199 1040 2331 1111 (97)*
2363 1034 2552 1093 Ἠλίου
2602 1034 2660 1091 δὲ
2707 1034 2758 1090 ἐν
2791 1040 3046 1111 ’Ἄπροις
3092 1033 3182 1088 καὶ
3216 1032 3467 1105 Σελήνης
3509 1032 3560 1088 ἐν
3595 1036 3734 1109 Καρ-

2077 1131 2218 1189 κοῖς’
2252 1127 2456 1202 Ἑρμοῦ
2488 1123 2546 1180 δὲ
2594 1124 2645 1180 ἐν
2693 1122 3080 1199 Ἐρμουπόλει·
3114 1126 3325 1197 Ἄρεως
3357 1126 3400 1160 ⁴¹
3448 1122 3501 1177 ἐν
3532 1123 3735 1199 Θρᾴκῃ·

2080 1212 2406 1293 Ἀφροδίτης
2456 1214 2507 1270 ἐν
2560 1214 2781 1289 Κύπρῳ⁹
2836 1213 3093 1268 Διονύσου
3141 1211 3192 1268 ἐν
3243 1207 3472 1285 Θήϐαις·
3503 1213 3733 1267 καὶτῶν

2080 1302 2267 1359 ἄλλων
2322 1303 2372 1358 ἐν
2424 1303 2617 1366 ἄλλοις
2648 1303 2861 1366 τόποις.
2898 1300 3051 1372 Πλὴν
3091 1302 3371 1382 φαίνονται
3416 1301 3588 1357 αὐτῶν
3619 1307 3728 1358 τῶν

2080 1391 2384 1469 λεχθέντων
2418 1393 2468 1447 οἱ
2518 1394 2699 1471 τάφοι.
2742 1394 3055 1467 Ἄνθρωποι
3104 1392 3207 1467 γάρ
3233 1392 3392 1463 ἦσαν,
3422 1390 3511 1446 καὶ
3562 1396 3731 1447 ταῦτα

2084 1480 2361 1559 μοχθηροί
2406 1482 2494 1537 καὶ
2549 1482 2735 1558 μάγοι.
2770 1478 2906 1537 Οὐδὲ
2949 1483 3050 1558 γὰρ
3105 1478 3293 1543 ἄλλως
3333 1482 3729 1557 μονοκράτορες

2082 1571 2437 1649 ἐγεγόνεισαν,
2485 1571 2613 1634 Ζεὺς
2664 1570 2812 1648 λέγω
2860 1572 2887 1627 ὁ
2943 1571 3170 1644 μυθικὸς
3213 1568 3304 1625 καῖ
3352 1569 3637 1639 Διόνυσος,
3690 1569 3736 1624 εί

2082 1662 2158 1734 μή
2192 1665 2258 1735 τῇ
2314 1661 2752 1738 μεταςιορφώσει,
2803 1661 2876 1715 ὧν
2928 1657 3125 1730 ἤθελον
3178 1657 3506 1733 ἐπεκράτουν
3560 1662 3627 1733 ⁸³,
3660 1658 3735 1722 εἷς

2080 1749 2211 1825 ὅπερ
2245 1750 2401 1805 αὐτοὶ
2432 1748 2647 1820 ἤθελον.

2148 1842 2335 1898 XXIV.
2368 1840 2431 1894 Εἰ
2482 1838 2537 1894 δὲ
2583 1837 2791 1895 τούτων
2841 1835 2924 1893 δεῖ
2977 1836 3177 1909 ζηλοῦν
3227 1836 3355 1901 τοὺς
3410 1836 3600 1914 βίους,
3656 1839 3731 1911 μὴ

2082 1928 2247 2004 μόνον
2296 1930 2393 1991 τὰς
2448 1928 2722 2005 μοιχείας,
2756 1931 2903 1988 151
2942 1926 3088 1983 ἀλλά
3133 1927 3223 1982 καὶ
3263 1928 3360 1990 τάς
3391 1930 3435 1964 ³³
3464 1928 3733 2003 τραπέζας

2078 2017 2251 2073 αὐτῶν
2316 2019 2651 2092 μιμώμεθα.
2710 2018 2768 2071 Ὀ
2821 2017 2923 2095 γάρ
2976 2016 3181 2091 Κρόνος
3237 2018 3305 2071 τὰ
3356 2015 3522 2071 αὐτοῦ
3573 2016 3735 2071 τέκνα

2078 2107 2351 2177 κατέπιεν,
2403 2108 2492 2163 καὶ
2543 2106 2675 2170 Ζεὺς
2722 2108 2929 2181 ὁμοίως
2976 2106 3076 2175 τὴν
3108 2105 3271 2161 αὐτοῦ
3315 2105 3600 2182 θυγατέρα.
3634 2106 3733 2160 Καὶ

2078 2196 2131 2253 τί
2165 2194 2247 2252 δεῖ
2286 2196 2505 2273 λέγειν;
2552 2192 2737 2271 Πέλοψ
2782 2198 2997 2252 πάντων
3050 2198 3183 2251 θεῶν
3235 2193 3452 2251 δεῖπνον
3503 2194 3730 2272 ἐγένετο.

2078 2288 2236 2350 ’Όθεν
2290 2287 2379 2341 καὶ
2430 2289 2595 2359 ἡμεῖς
2653 2287 2759 2363 πρὸ
2806 2290 2912 2341 τῶν
2956 2284 3226 2359 ἀθεμίτων
3286 2284 3477 2361 γάμων
3540 2284 3733 2358 ὅμοιον

2081 2374 2297 2431 δεῖπνον
2345 2372 2464 2438 τοῖς
2514 2381 2657 2440 θεοῖς
2708 2373 3106 2448 ἐπιτελέσωμεν
3143 2393 3155 2405 ·
3208 2373 3350 2430 οὕτω
3398 2375 3501 2450 γάρ
3542 2372 3603 2428 ἃν
3649 2373 3733 2442 εἴη

2077 2465 2141 2520 τὸ
2190 2462 2404 2519 δεῖπνον
2454 2469 2560 2520 τῶν
2625 2467 2816 2541 γάμων
2870 2462 3036 2535 ἄξιον.
3087 2462 3264 2519 Ἀλλά
3310 2467 3476 2518 τοῦτο
3527 2462 3626 2517 οὐκ
3676 2463 3734 2517 ἃν

2081 2554 2343 2625 ὑποσταίη
2407 2558 2452 2590 “
2506 2555 2677 2627 ποτὲ,
2738 2554 2813 2617 ὡς
2870 2551 2997 2609 οὐδὲ
3052 2552 3160 2628 ἐγὼ
3220 2553 3281 2608 τὸ
3342 2554 3734 2627 μοιχήσασθαι.

2083 2644 2223 2719 Πρὸς
2273 2642 2488 2705 τούτοὶς
2539 2640 2595 2698 δέ
2643 2664 2735 2716 μοι
2768 2649 3012 2718 ’Ἑρωτος
3061 2642 3135 2704 ὡς
3170 2639 3395 2697 δυνατοῦ
3428 2646 3551 2705 θεοῦ
3582 2642 3733 2695 ἀπει-

2082 2730 2197 2794 λεῖς
2248 2730 2442 2809 χόλον·
2495 2734 2672 2809 Ἔρως
2720 2732 2839 2794 θεὸς
2883 2731 2981 2787 οὐκ
3028 2729 3191 2798 ἔστιν,
3233 2732 3349 2793 οἷος
3398 2727 3567 2797 δοκεῖ,
3608 2727 3734 2784 ἀλλ’

2083 2820 2141 2876 ἐκ
2188 2828 2287 2891 τῆς
2315 2825 2412 2876 τοῦ
2465 2821 2608 2890 ζώου
2656 2822 2898 2895 κράσεως
2950 2821 3085 2896 πρὸς
3132 2817 3400 2895 διαδοχήν
3449 2824 3547 2875 τοῦ
3591 2818 3732 2895 βίου,

2082 2910 2217 2964 κατά
2254 2909 2511 2985 πρόνοιαν
2556 2914 2653 2965 τοῦ
2694 2910 2761 2965 τά
2803 2908 2978 2964 πάντα
3033 2908 3444 2985 ἐνεργήσαντος,
3501 2905 3737 2980 συμϐαί-

2082 3020 2245 3053 νουσα
2296 2998 2572 3073 ἐπιθυμία,
2618 2996 2711 3053 ’ἶνα
2762 2999 2824 3053 τὸ
2873 3005 2976 3054 πᾶν
3020 2996 3172 3074 γένος
3215 2994 3581 3069 μηδεπώποτε
3620 2996 3736 3051 ἐπι-

2084 3087 2246 3163 λείπῃ
2275 3091 2338 3159 ⁴¹⁵,
2394 3087 2540 3144 ἀλλά
2582 3087 2846 3166 προφάσει
2879 3084 3080 3157 ἡδονῆς
3113 3086 3173 3142 ἐκ
3217 3093 3318 3156 τῆς
3364 3089 3459 3140 τοῦ
3502 3083 3736 3157 μέλλον-

2084 3198 2178 3241 τος
2228 3175 2482 3248 τελευτᾷν
2536 3177 2721 3239 οὐσίας
2776 3175 2941 3232 πάλιν
2992 3174 3165 3238 ἄλλος
3214 3176 3455 3249 γένηται,
3510 3174 3738 3247 νομίμῳ

333 3267 453 3317 seat
486 3279 659 3333 quem
693 3263 751 3318 in
780 3272 1076 3321 senectute
1126 3268 1347 3322 nutriat
1379 3284 1391 3323 :
1427 3268 1579 3339 quod
1638 3268 1822 3323 facere
1875 3285 1968 3323 ne-

2088 3266 2510 3344 προεκπεφυκὼς
2544 3269 2588 3304 ⁸⁸
2630 3264 2815 3341 γάμῳ,
2863 3264 3013 3327 ὅπως
3060 3265 3123 3320 τὸ
3171 3268 3213 3301 ⁸⁷
3241 3268 3601 3341 γηροτροφεῖν
3630 3263 3736 3336 ξτὸν

334 3358 557 3422 queunt
591 3353 687 3424 qui
739 3371 807 3408 ex
833 3355 1116 3410 adulterio
1150 3356 1329 3429 geniti
1361 3362 1518 3427 sunt,
1574 3374 1708 3412 cum
1740 3362 1973 3413 natura-

335 3437 447 3495 lem
482 3458 595 3497 non
630 3442 881 3498 habeant
910 3461 1047 3516 erga
1077 3445 1371 3517 genitores
1405 3445 1889 3503 benevolentiam.

407 3618 571 3673 XXV.
607 3621 1088 3694 Quandoquidem
1118 3622 1296 3695 igitur
1315 3626 1619 3697 etpropter
1646 3622 1975 3695 legitimum

2084 3356 2252 3413 αὐτοῦ
2309 3357 2513 3433 πατέρα
2564 3356 2772 3433 γνώσῃ*
2834 3353 2967 3431 ὅπερ
3026 3358 3202 3409 ποιεῖν
3263 3354 3318 3408 οἱ
3367 3351 3427 3408 ἐκ
3483 3350 3738 3427 μοιχείας

2082 3445 2360 3524 γεγονότες
2391 3444 2490 3500 οὐκ
2537 3444 2595 3500 ἂν
2647 3442 2921 3517 ἐδύναντο,
2970 3442 3125 3523 φύσιν
3176 3450 3414 3520 στοργῆς
3445 3440 3583 3513 πρὸς
3609 3440 3741 3503 τοὺς

2086 3537 2446 3609 γεννήσαντας
2473 3533 2573 3588 οὐκ
2598 3531 2838 3609 ἔχοντες.

2158 3625 2319 3680 XXV.
2352 3621 2501 3678 Ἐπεὶ
2534 3620 2624 3677 οὖν
2658 3618 2924 3696 διαδοχῆς
2953 3616 3129 3675 ’ἑνεκεν
3149 3618 3238 3674 καὶ
3263 3621 3307 3657 ⁸⁸
3327 3618 3551 3695 γνησίας
3583 3616 3743 3673 ἐπαυ-

338 3709 637 3779 progeniei
670 3710 1116 3778 incrementum,
1151 3711 1303 3767 sicut
1336 3712 1474 3783 dixi,
1524 3712 1742 3769 amoris
1796 3714 1968 3769 oritur

2089 3712 2316 3785 ξήσεως,
2368 3711 2441 3774 ὡς
2489 3707 2644 3790 ἔφην,
2677 3713 2712 3781 ἡ
2764 3709 3025 3783 ἐπιθυμία
3072 3704 3352 3783 συμϐαίνει
3402 3710 3437 3778 ἡ
3480 3707 3737 3784 ἐρωτικὴ,

337 3797 648 3867 cupiditas,
680 3805 905 3870 Oportet
934 3806 998 3855 ut
1028 3806 1319 3872 parentes,
1353 3802 1423 3856 de
1452 3802 1717 3857 castitate
1748 3800 1979 3858 solliciti

2089 3804 2201 3879 χρὴ
2254 3800 2381 3863 τοὺς
2424 3806 2620 3878 γονεῖς,
2683 3798 3038 3879 σωφροσύνης
3095 3797 3551 3873 προνοουμένους,
3610 3795 3738 3857 τοὺς

334 3882 549 3941 liberos
581 3904 739 3953 suos,
775 3895 1091 3960 antequam
1125 3891 1317 3946 veniat
1366 3890 1679 3962 cupiditas,
1712 3893 1968 3946 erudiant

2090 3890 2265 3946 αὐτῶν
2301 3887 2498 3953 παῖδας
2541 3891 2646 3966 πρὸ
2692 3896 2793 3960 τῆς
2837 3886 3125 3962 ἐπιθυμίας
3173 3885 3261 3942 διὰ
3308 3890 3414 3941 τῶν
3466 3905 3737 3963 σωφρονι-

338 3972 399 4028 in
432 3974 722 4050 libris,qui
739 3978 951 4033 bonam
968 3985 1222 4035 mentem
1245 3980 1586 4052 ingenerare
1609 3979 1983 4048 valeant,eos-

2094 3981 2289 4051 ζόντων
2346 3975 2577 4056 βιϐλίων
2627 3976 3010 4057 προπαιδεύειν
3060 3980 3124 4050 ⁴⁹,
3158 3976 3248 4031 καὶ
3292 3981 3409 4039 τοῖς
3440 3975 3737 4049 κρείττοσιν

1719 4104 1965 4160 VARI/1E
2004 4106 2414 4163 LECTIONES.

410 4196 652 4278 ‘°_t{‘{Q0}5
682 4204 727 4256 0
751 4242 771 4278 ,ι
806 4201 1077 4278 ⁴¹ηᾊρεος
1211 4202 1257 4278 ⁸-³
1301 4203 1391 4278 _I_ta
1424 4202 1468 4259 Ο
1517 4219 1567 4258 c.
1591 4202 1685 4278 _S.,
1720 4202 2058 4278 ἀπεκράτουν
2104 4209 2159 4278 Q.
2194 4205 2238 4239 ‘3
2457 4200 2559 4278 Τάς
2592 4199 2884 4278 μοιχείαις,
2909 4198 3061 4278 ἀλλά
3082 4197 3196 4278 μκαὶ
3220 4198 3663 4278 _repetu_nt_ur_i_n

341 4267 645 4339 ροεῐάλλὰ
673 4269 781 4326 καί.
841 4274 885 4306 “
915 4267 1178 4343 ὑποσταίη
1212 4274 1343 4329 dedi
1375 4291 1443 4330 ex
1474 4267 1744 4345 conject,
1780 4267 2011 4348 ὑπὸστέῃ
2031 4277 2093 4345 C,
2129 4275 2335 4348 ὑποστῇ
2368 4276 2426 4344 S,
2460 4275 2559 4347 qui
2591 4267 2876 4348 legi-vult
2904 4272 3163 4345 ὑποστῇς,
3214 4267 3443 4325 ὑπὸσταῖ
3487 4275 3551 4326 0.
3584 4271 3628 4304 “
3663 4270 3737 4339 μή

341 4352 400 4433 δὲ
428 4358 651 4433 πώποτε
681 4358 905 4433 ἐπιλίπῃ

338 4432 403 4486 Ο.
436 4432 481 4466 ⁴⁹
510 4433 593 4487 Ita
624 4433 667 4488 Ο
700 4450 747 4487 c.
780 4434 837 4504 S,
870 4431 1282 4508 προσπαιδεύειν
1315 4439 1373 4489 C.

934 4366 994 4417 Ο.
1023 4364 1065 4397 ⁸⁸
1100 4363 1257 4441 [ιαιο
1287 4380 1351 4441 c._
1373 4364 1431 4431 S,
1466 4364 1819 4441 προεκφυκώς
1851 4369 1909 4421 C.
1943 4366 1985 4401 ‘7
2010 4364 2073 4418 τό
2104 4365 2169 4433 0,
2202 4370 2260 4422 et
2287 4369 2326 4420 Ο
2373 4381 2441 4421 ex
2487 4365 2842 4435 conjectura,
2872 4362 2936 4417 τὸ
2990 4361 3065 4434 μή
3102 4364 3159 4417 in
3190 4366 3372 4419 textu.
3405 4360 3447 4396 ‘3
3478 4358 3569 4413 καί
3601 4359 3737 4415 add.

1710 4525 2090 4582 VARIORUM
2131 4525 2360 4581 ΝΟΤᾸΞ.

407 4639 520 4711 (96)
553 4639 659 4713 Ἐν,
694 4642 812 4699 τοῖς
866 4636 1185 4713 Καυκασίοις
1244 4633 1457 4713 ὄρεσιν.
1521 4641 1591 4697 Et
1648 4639 1782 4697 hom
1821 4682 1833 4699 .
1898 4658 1974 4713 v1,

338 4728 463 4785 cap.
497 4714 585 4767 21.
620 4711 761 4767 Hinc
794 4712 1076 4785 Cmsarius
1125 4711 1522 4785 Responsione
1553 4714 1624 4785 ad
1655 4711 1977 4785 interroga-

336 4780 557 4856 tionem
605 4785 721 4856 112,
771 4783 912 4856 Πρᾷς
963 4780 1185 4856 δὶλτοῖς
1233 4780 1480 4856 Καυσίοις
1531 4784 1591 4855 (1.
1623 4780 1978 4856 ΑΚαυκασίόις)

337 4847 503 4941 tipath
522 4847 743 4941 Κρόνος,
782 4847 993 4941 μᾶλλον
1029 4849 1278 4941 ¹δὲ’ὄνθρς
1323 4855 1426 4909 ὑπὸ
1466 4847 1585 4941 τών.
1619 4850 1755 4941 ξένιον
1788 4847 1979 4941 apage;

334 4924 574 5001 κυνήθη,
600 4924 907 5001 ἀνακράζων
956 4924 1044 4980 καὶ
1086 4925 1397 5001 ὀγκώμενος
1429 4927 1546 4990 καθ’
1575 4924 1879 5001 Ἑλλήνων.
1914 4927 1976 4983 In

338 4999 647 5071 Epiphanii
680 4996 941 5056 Ancoralo
975 5016 1100 5070 cap.
1132 4996 1286 5055 108‘:
1316 4997 1441 5059 Ζεὺς
1476 4996 1759 5073 Κρονίδης,
1794 5000 1821 5053 ὁ
1850 5017 1976 5123 ταρ-

338 5070 583 5123 ταρώσας
644 5071 733 5123 τὸν
794 5067 930 5123 ἴδιον
991 5070 1152 5123 αὐτοῦ
1207 5068 1411 5123 πατέοα
1462 5069 1513 5123 ἐν
1563 5075 1643 5123 τῶ
1694 5077 1904 5123 Καυκασ
1932 5092 1976 5123 ω

335 5067 583 5144 ⁸ιςαρῶσπις
644 5071 733 5125 τὸν
794 5067 930 5144 ἴδιον
991 5067 1152 5124 αὐτοῦ
1207 5068 1411 5144 πατέρα
1462 5067 1528 5144 ἐν’
1563 5075 1643 5142 τῷ
1694 5067 1977 5142 Καυκασίῳ

335 5135 471 5215 ὄρει.
502 5144 609 5198 Sed
645 5145 797 5214 apud
831 5143 1187 5198 Clementem
1220 5135 1678 5215 Aleiandrinu'm
1712 5135 1978 5214 ProlrepL

335 5214 438 5271 ubi
469 5232 522 5284 p.
556 5216 642 5279 18,
679 5216 761 5281 19,
794 5215 1083 5270 Saturnus
1133 5215 1190 5268 in
1238 5214 1435 5269 Sicilia
1480 5215 1746 5287 sepultus
1799 5216 1979 5269 fuisse

335 5287 569 5344 dicitur.
592 5287 724 5341 Co'r.

406 5359 518 5431 (97)
552 5363 687 5431 Post
724 5356 812 5410 καὶ
863 5352 1583 5431 ΠοσειδιῖινοςΙιοὶιοοιίίιιιιΔ
1616 5357 1881 5429 Aglaoph.
1918 5373 1973 5431 p.

332 5426 439 5486 576
488 5426 773 5484 excidisse
822 5434 1018 5483 censet
1061 5426 1110 5481 ἐν
1151 5428 1321 5498 Τήνῳ.
1372 5429 1429 5484 S.
1483 5431 1537 5483 ln
1572 5426 1730 5484 hom.
1776 5426 1849 5491 vi,
1885 5426 1973 5497 21,

336 5499 386 5573 ἐν
418 5499 650 5573 Πάτραις
700 5520 755 5573 p.
802 5498 851 5553 ἐν
903 5505 1177 5573 ’¹Αστροες.
1220 5500 1297 5573 Et
1343 5500 1405 5553 τὸ
1453 5499 1596 5572 ἱερὸν
1626 5504 1722 5553 τοῦ
1769 5498 1976 5555 Ἀπόλ-

338 5569 595 5632 λωνοςέν
632 5569 863 5644 Πάτραις
899 5569 1183 5626 memorat
1215 5569 1529 5627 Pausanias
1575 5574 1646 5644 in,
1677 5574 1972 5628 lrchaicis.

234 5640 253 5675 ί
335 5645 420 5717 Ad
453 5640 761 5700 lectionem
790 5644 1041 5717 ’Ἄστροις
1095 5644 1333 5715 prepius
1375 5644 1599 5717 accedit
1628 5643 1977 5717 'AftpomLTd

334 5713 508 5791 Ἀτρα
537 5721 735 5774 autem
780 5732 882 5774 seu
910 5713 965 5771 αἱ
1008 5713 1218 5791 Ἀτραι-
1252 5715 1535 5787 oppidum
1565 5720 1653 5773 est
1681 5713 1835 5773 inter
1864 5716 1975 5773 Eu-

2088 4641 2356 4713 phratem
2380 4657 2445 4697 ac
2475 4640 2715 4712 Tigrim.
2770 4638 2906 4711 Legi
2947 4653 3178 4713 quoque
3216 4640 3418 4709 posset
3449 4632 3737 4713 [Ia-cgipot_¢,

2087 4707 2160 4769 ob
2195 4712 2514 4785 Apollinem
2551 4707 2889 4785 'Patareum'.
2922 4707 3049 4785 Sed
3088 4707 3321 4785 ³¹Ατροις
3370 4707 3737 4785 cer_ta_l_ectio

2088 4790 2196 4846 est,
2230 4779 2368 4853 quia
2415 4785 2569 4840 hom.
2615 4800 2693 4850 v1,
2722 4784 2813 4852 32,
2843 4782 3159 4854 Soljacere
3206 4779 3511 4854 dicitur_in
3537 4779 3738 4854 Meso-

2091 4851 2368 4923 potamia.
2401 4855 2509 4911 hoc
2540 4859 2628 4911 est
2650 4851 2804 4910 inter
2830 4851 2980 4910 duos
3012 4857 3369 4908 memoratos
3413 4851 3641 4923 ﬂuvios.
3674 4852 3734 4923 Ο.

2087 4926 2309 5004 ’Ἄτροις
2357 4928 2565 5004 probat.
2614 4926 2835 4982 Lobeck
2872 4926 2913 4980 1.
2960 4941 3025 5004 ο..
3059 4924 3118 5004 8ἷ
3170 4924 3257 4977 Ad
3307 4922 3737 5004 oram_c.odicis

2090 4994 2272 5071 nostri
2292 4994 2480 5071 po'sita
2496 5004 2585 5055 est
2602 5014 2780 5071 manu
2814 4995 3117 5054 recentiori
3140 4995 3482 5071 emendatio
3496 4994 3589 5050 his
3608 5011 3734 5071 ver-

2089 5071 2199 5155 bis,
2234 5063 2309 5131 ὡέ
2360 5070 2517 5155 οἶμαι
2563 5067 2864 5155 καρκίνοις..
2895 5076 3031 5155 ego.
3074 5072 3271 5155 autem
3304 5066 3549 5155 l‘dgerim
3576 5063 3735 5155 "Ku'é-

2089 5135 2230 5216 ῥαις,
2264 5160 2332 5198 ex
2366 5135 2520 5216 hom.
2553 5135 2645 5216 vi;
2672 5143 2762 5207 21,
2809 5140 2908 5216 ubi
2942 5135 3188 5216 Habetur
3219 5135 3274 5216 ἐν,
3318 5135 3736 5216 Kaipmc._(_lerte

2088 5209 2159 5269 ad
2194 5220 2393 5269 Carras
2420 5215 2566 5269 deus
2588 5209 2787 5269 Lunus
2818 5211 3139 5274 colebatur,
3171 5209 3524 5265 testantibus
3557 5209 3735 5264 Hero-

2086 5286 2259 5341 diano
2288 5291 2345 5341 et
2371 5287 2675 5358 Spartiano
2706 5285 2764 5340 in
2793 5286 3015 5358 Αηιρῃ,⁸
3035 5281 3323 5358 ςαναεαιια
3347 5281 3580 5358 ;_I.una_.
3610 5285 3734 5336 tes-

2088 5361 2247 5412 tante
2276 5349 2583 5412 Ammiano
2622 5356 2661 5411 l.
2699 5372 2858 5411 χχιιι.
2908 5349 3340 5427 Κάῤῥαιᾼαιιιθω
3370 5352 3734 5427 Theodoreto

2086 5430 2150 5484 H.
2184 5431 2245 5484 E.
2281 5446 2365 5495 ιιι,
2399 5429 2489 5497 21,
2521 5435 2577 5484 et
2607 5428 2925 5483 Sozomeno
2966 5422 3041 5490 νί,
3073 5424 3164 5491 33,
3195 5428 3335 5479 sunt
3365 5422 3533 5497 Κάραι
3563 5427 3623 5478 C.

2157 5500 2269 5572 (98)
2327 5500 2465 5555 Viro
2513 5500 2762 5555 maxime
2821 5501 2970 5572 inter
3025 5502 3430 5572 cooperatores
3497 5499 3731 5572 nostros

2085 5568 2278 5628 Graece
2307 5572 2509 5641 perito,
2544 5571 2626 5627 sic
2650 5576 2867 5625 vertere
2890 5568 3141 5641 placeret
3165 5585 3177 5622 :
3202 5570 3736 5641 unatrans/arman-

2085 5648 2163 5700 ιω
2191 5659 2249 5699 se
2277 5636 2336 5698 ἰὴ
2366 5636 2593 5715 eaquae
2616 5643 2830 5711 vellent,
2862 5636 3081 5715 eaquae
3105 5640 3218 5715 ipsi
3235 5636 3447 5715 pellent
3472 5653 3726 5709 asseque-

2082 5723 2296 5773 rentur.
2322 5708 2555 5773 Judicet
2580 5713 2761 5773 lector
2787 5708 3069 5771 eruditus.
3105 5708 3204 5769 En.
3234 5708 3483 5770 ΡΑτιιοι..
