  <div class='ocr_page' id='page_1' title='image "/cluster/home/n/w/nwhite01/storage/ocr_20150623/2/hvd.32044073501397/102.png"; bbox 0 0 4086 6216; ppageno 0'>
   <div class='ocr_carea' id='block_1_1' title="bbox 335 393 449 453">
    <p class='ocr_par' dir='ltr' id='par_1_1' title="bbox 335 393 449 453">
     <span class='ocr_line' id='line_1_1' title="bbox 335 393 449 453; baseline 0 0"><span class='ocrx_word' id='word_1_1' title='bbox 335 393 449 453; x_wconf 75' lang='grc'>193</span> 
     </span>
    </p>
   </div>
   <div class='ocr_carea' id='block_1_2' title="bbox 1476 385 2603 449">
    <p class='ocr_par' dir='ltr' id='par_1_2' title="bbox 1476 385 2603 449">
     <span class='ocr_line' id='line_1_2' title="bbox 1476 385 2603 449; baseline 0.002 -2"><span class='ocrx_word' id='word_1_2' title='bbox 1476 385 2008 447; x_wconf 85' lang='lat' dir='ltr'>CLEMENTINA.</span> <span class='ocrx_word' id='word_1_3' title='bbox 2040 418 2117 429; x_wconf 90' lang='lat'><strong>——</strong></span> <span class='ocrx_word' id='word_1_4' title='bbox 2156 387 2486 449; x_wconf 81' lang='lat' dir='ltr'><strong>HOMILIA</strong></span> <span class='ocrx_word' id='word_1_5' title='bbox 2532 393 2603 448; x_wconf 86' lang='lat' dir='ltr'><strong>V.</strong></span> 
     </span>
    </p>
   </div>
   <div class='ocr_carea' id='block_1_3' title="bbox 3630 395 3744 453">
    <p class='ocr_par' dir='ltr' id='par_1_3' title="bbox 3630 395 3744 453">
     <span class='ocr_line' id='line_1_3' title="bbox 3630 395 3744 453; baseline 0.009 -1"><span class='ocrx_word' id='word_1_6' title='bbox 3630 395 3744 453; x_wconf 71' lang='grc'>194</span> 
     </span>
    </p>
   </div>
   <div class='ocr_carea' id='block_1_4' title="bbox 336 513 2013 597">
    <p class='ocr_par' dir='ltr' id='par_1_4' title="bbox 336 513 1986 595">
     <span class='ocr_line' id='line_1_4' title="bbox 336 513 1986 595; baseline -0.004 -19"><span class='ocrx_word' id='word_1_7' title='bbox 336 522 531 582; x_wconf 66' lang='grc' dir='ltr'>ςτότοῦς</span> <span class='ocrx_word' id='word_1_8' title='bbox 580 518 885 593; x_wconf 78' lang='grc' dir='ltr'>προεθίζειν</span> <span class='ocrx_word' id='word_1_9' title='bbox 935 515 1142 595; x_wconf 78' lang='grc' dir='ltr'>λόγοις·</span> <span class='ocrx_word' id='word_1_10' title='bbox 1182 514 1266 572; x_wconf 76' lang='grc' dir='ltr'>ὅτι</span> <span class='ocrx_word' id='word_1_11' title='bbox 1313 513 1534 593; x_wconf 71' lang='grc' dir='ltr'>δευτέρα</span> <span class='ocrx_word' id='word_1_12' title='bbox 1583 516 1740 595; x_wconf 73' lang='grc' dir='ltr'>φύσις</span> <span class='ocrx_word' id='word_1_13' title='bbox 1782 518 1817 585; x_wconf 79' lang='grc' dir='ltr'>ἠ</span> <span class='ocrx_word' id='word_1_14' title='bbox 1867 535 1986 569; x_wconf 88' lang='grc' dir='ltr'>συν-</span> 
     </span>
    </p>
   </div>
   <div class='ocr_carea' id='block_1_5' title="bbox 2129 513 3745 597">
    <p class='ocr_par' dir='ltr' id='par_1_5' title="bbox 2129 520 3745 597">
     <span class='ocr_line' id='line_1_5' title="bbox 2129 520 3745 597; baseline 0.005 -25"><span class='ocrx_word' id='word_1_15' title='bbox 2129 535 2218 588; x_wconf 84' lang='lat' dir='ltr'>[ue</span> <span class='ocrx_word' id='word_1_16' title='bbox 2249 520 2445 590; x_wconf 82' lang='lat' dir='ltr'>probis</span> <span class='ocrx_word' id='word_1_17' title='bbox 2477 522 2987 593; x_wconf 68' lang='lat' dir='ltr'>prmassuefaciant</span> <span class='ocrx_word' id='word_1_18' title='bbox 3017 524 3409 589; x_wconf 81' lang='lat' dir='ltr'>sermonibus,</span> <span class='ocrx_word' id='word_1_19' title='bbox 3439 526 3575 597; x_wconf 89' lang='lat' dir='ltr'>quia</span> <span class='ocrx_word' id='word_1_20' title='bbox 3606 543 3745 580; x_wconf 90' lang='lat' dir='ltr'>con-</span> 
     </span>
    </p>
   </div>
   <div class='ocr_carea' id='block_1_6' title="bbox 335 603 1991 683">
    <p class='ocr_par' dir='ltr' id='par_1_6' title="bbox 335 603 1991 683">
     <span class='ocr_line' id='line_1_6' title="bbox 335 603 1991 683; baseline -0.005 -18"><span class='ocrx_word' id='word_1_21' title='bbox 335 616 515 681; x_wconf 71' lang='grc' dir='ltr'>τςθειαο</span> <span class='ocrx_word' id='word_1_22' title='bbox 570 610 705 683; x_wconf 85' lang='grc' dir='ltr'>πρὸς</span> <span class='ocrx_word' id='word_1_23' title='bbox 748 608 967 669; x_wconf 69' lang='grc' dir='ltr'>τούτοις</span> <span class='ocrx_word' id='word_1_24' title='bbox 1020 604 1077 662; x_wconf 74' lang='grc' dir='ltr'>δὲ</span> <span class='ocrx_word' id='word_1_25' title='bbox 1106 611 1322 669; x_wconf 79' lang='grc' dir='ltr'>πυκνῶς</span> <span class='ocrx_word' id='word_1_26' title='bbox 1372 605 1566 667; x_wconf 71' lang='grc' dir='ltr'>αὐτοὺς</span> <span class='ocrx_word' id='word_1_27' title='bbox 1594 606 1690 667; x_wconf 71' lang='grc' dir='ltr'>τὰς</span> <span class='ocrx_word' id='word_1_28' title='bbox 1741 603 1991 665; x_wconf 77' lang='grc' dir='ltr'>κολάσεις</span> 
     </span>
    </p>
   </div>
   <div class='ocr_carea' id='block_1_7' title="bbox 336 689 1992 770">
    <p class='ocr_par' dir='ltr' id='par_1_7' title="bbox 336 689 1992 770">
     <span class='ocr_line' id='line_1_7' title="bbox 336 689 1992 770; baseline -0.005 -15"><span class='ocrx_word' id='word_1_29' title='bbox 336 703 491 760; x_wconf 71' lang='grc'>152</span> <span class='ocrx_word' id='word_1_30' title='bbox 526 700 969 770; x_wconf 65' lang='grc' dir='ltr'>ὑπομιμνήσκειν</span> <span class='ocrx_word' id='word_1_31' title='bbox 1010 696 1103 758; x_wconf 75' lang='grc' dir='ltr'>τὰς</span> <span class='ocrx_word' id='word_1_32' title='bbox 1153 696 1211 750; x_wconf 82' lang='grc' dir='ltr'>ἐκ</span> <span class='ocrx_word' id='word_1_33' title='bbox 1259 701 1365 751; x_wconf 88' lang='grc' dir='ltr'>τῶν</span> <span class='ocrx_word' id='word_1_34' title='bbox 1411 695 1620 769; x_wconf 89' lang='grc' dir='ltr'>νόμων,</span> <span class='ocrx_word' id='word_1_35' title='bbox 1656 693 1770 763; x_wconf 66' lang='grc' dir='ltr'>ἵνα,</span> <span class='ocrx_word' id='word_1_36' title='bbox 1813 689 1992 767; x_wconf 78' lang='grc' dir='ltr'>ὥσπερ</span> 
     </span>
    </p>
   </div>
   <div class='ocr_carea' id='block_1_8' title="bbox 336 782 1991 866">
    <p class='ocr_par' dir='ltr' id='par_1_8' title="bbox 336 782 1991 866">
     <span class='ocr_line' id='line_1_8' title="bbox 336 782 1991 866; baseline -0.004 -23"><span class='ocrx_word' id='word_1_37' title='bbox 336 790 560 866; x_wconf 77' lang='grc' dir='ltr'>χαλινῷ</span> <span class='ocrx_word' id='word_1_38' title='bbox 590 788 671 859; x_wconf 82' lang='grc' dir='ltr'>τῷ</span> <span class='ocrx_word' id='word_1_39' title='bbox 700 782 857 864; x_wconf 78' lang='grc' dir='ltr'>φόὗῳ</span> <span class='ocrx_word' id='word_1_40' title='bbox 905 787 1209 862; x_wconf 84' lang='grc' dir='ltr'>χρώμενοι,</span> <span class='ocrx_word' id='word_1_41' title='bbox 1240 791 1359 847; x_wconf 88' lang='grc' dir='ltr'>ταῖς</span> <span class='ocrx_word' id='word_1_42' title='bbox 1402 784 1624 846; x_wconf 79' lang='grc' dir='ltr'>ἀτόποις</span> <span class='ocrx_word' id='word_1_43' title='bbox 1667 786 1741 857; x_wconf 72' lang='grc' dir='ltr'>μή</span> <span class='ocrx_word' id='word_1_44' title='bbox 1776 783 1991 857; x_wconf 73' lang='grc' dir='ltr'>συντρέ-</span> 
     </span>
    </p>
   </div>
   <div class='ocr_carea' id='block_1_9' title="bbox 335 870 1995 956">
    <p class='ocr_par' dir='ltr' id='par_1_9' title="bbox 335 870 1995 956">
     <span class='ocr_line' id='line_1_9' title="bbox 335 870 1995 956; baseline -0.005 -23"><span class='ocrx_word' id='word_1_45' title='bbox 335 900 511 956; x_wconf 82' lang='grc' dir='ltr'>χωσιν</span> <span class='ocrx_word' id='word_1_46' title='bbox 546 874 775 946; x_wconf 79' lang='grc' dir='ltr'>ἡδοναῖς</span> <span class='ocrx_word' id='word_1_47' title='bbox 820 879 883 912; x_wconf 76' lang='grc'>⁸⁰⁹</span> <span class='ocrx_word' id='word_1_48' title='bbox 917 876 1181 951; x_wconf 75' lang='grc' dir='ltr'>προσήκει</span> <span class='ocrx_word' id='word_1_49' title='bbox 1230 872 1288 929; x_wconf 72' lang='grc' dir='ltr'>δὲ</span> <span class='ocrx_word' id='word_1_50' title='bbox 1331 874 1419 929; x_wconf 84' lang='grc' dir='ltr'>καὶ</span> <span class='ocrx_word' id='word_1_51' title='bbox 1468 874 1576 950; x_wconf 88' lang='grc' dir='ltr'>πρὸ</span> <span class='ocrx_word' id='word_1_52' title='bbox 1622 878 1719 928; x_wconf 87' lang='grc' dir='ltr'>τοῦ</span> <span class='ocrx_word' id='word_1_53' title='bbox 1748 873 1845 941; x_wconf 72' lang='grc' dir='ltr'>τὴν</span> <span class='ocrx_word' id='word_1_54' title='bbox 1881 870 1995 927; x_wconf 77' lang='grc' dir='ltr'>ἐπι-</span> 
     </span>
    </p>
   </div>
   <div class='ocr_carea' id='block_1_10' title="bbox 338 960 1993 1041">
    <p class='ocr_par' dir='ltr' id='par_1_10' title="bbox 338 960 1993 1041">
     <span class='ocr_line' id='line_1_10' title="bbox 338 960 1993 1041; baseline -0.004 -20"><span class='ocrx_word' id='word_1_55' title='bbox 338 967 538 1040; x_wconf 82' lang='grc' dir='ltr'>θυμίαν</span> <span class='ocrx_word' id='word_1_56' title='bbox 594 965 905 1039; x_wconf 71' lang='grc' dir='ltr'>ἐπακμὲσαι</span> <span class='ocrx_word' id='word_1_57' title='bbox 961 966 1123 1041; x_wconf 83' lang='grc' dir='ltr'>γάμῳ</span> <span class='ocrx_word' id='word_1_58' title='bbox 1197 963 1261 1019; x_wconf 86' lang='grc' dir='ltr'>τὸ</span> <span class='ocrx_word' id='word_1_59' title='bbox 1337 963 1556 1041; x_wconf 84' lang='grc' dir='ltr'>φυσικὸν</span> <span class='ocrx_word' id='word_1_60' title='bbox 1616 970 1717 1032; x_wconf 78' lang='grc' dir='ltr'>τῆς</span> <span class='ocrx_word' id='word_1_61' title='bbox 1774 960 1993 1031; x_wconf 71' lang='grc' dir='ltr'>ἡλικίας</span> 
     </span>
    </p>
   </div>
   <div class='ocr_carea' id='block_1_11' title="bbox 338 1048 1994 1134">
    <p class='ocr_par' dir='ltr' id='par_1_11' title="bbox 338 1048 1994 1134">
     <span class='ocr_line' id='line_1_11' title="bbox 338 1048 1994 1134; baseline -0.005 -21"><span class='ocrx_word' id='word_1_62' title='bbox 338 1056 722 1134; x_wconf 78' lang='grc' dir='ltr'>πληροφορεῖν</span> <span class='ocrx_word' id='word_1_63' title='bbox 774 1054 945 1117; x_wconf 87' lang='grc' dir='ltr'>πάθος</span> <span class='ocrx_word' id='word_1_64' title='bbox 979 1100 995 1121; x_wconf 84' lang='grc'>,</span> <span class='ocrx_word' id='word_1_65' title='bbox 1052 1048 1313 1130; x_wconf 83' lang='grc' dir='ltr'>πρότερον</span> <span class='ocrx_word' id='word_1_66' title='bbox 1374 1052 1657 1115; x_wconf 74' lang='grc' dir='ltr'>πείσαντας</span> <span class='ocrx_word' id='word_1_67' title='bbox 1716 1050 1793 1114; x_wconf 73' lang='grc' dir='ltr'>εἷς</span> <span class='ocrx_word' id='word_1_68' title='bbox 1853 1048 1994 1113; x_wconf 73' lang='grc' dir='ltr'>εἶδος</span> 
     </span>
    </p>
   </div>
   <div class='ocr_carea' id='block_1_12' title="bbox 337 1141 1233 1220">
    <p class='ocr_par' dir='ltr' id='par_1_12' title="bbox 337 1141 1233 1220">
     <span class='ocr_line' id='line_1_12' title="bbox 337 1141 1233 1220; baseline -0.002 -20"><span class='ocrx_word' id='word_1_69' title='bbox 337 1145 530 1219; x_wconf 71' lang='grc' dir='ltr'>ἑτέρας</span> <span class='ocrx_word' id='word_1_70' title='bbox 562 1144 815 1220; x_wconf 85' lang='grc' dir='ltr'>γυναικὸς</span> <span class='ocrx_word' id='word_1_71' title='bbox 852 1143 928 1216; x_wconf 83' lang='grc' dir='ltr'>μὴ</span> <span class='ocrx_word' id='word_1_72' title='bbox 964 1141 1233 1211; x_wconf 85' lang='grc' dir='ltr'>ἀτενίζειν.</span> 
     </span>
    </p>
   </div>
   <div class='ocr_carea' id='block_1_13' title="bbox 411 1229 1998 1308">
    <p class='ocr_par' dir='ltr' id='par_1_13' title="bbox 411 1229 1998 1308">
     <span class='ocr_line' id='line_1_13' title="bbox 411 1229 1998 1308; baseline -0.005 -17"><span class='ocrx_word' id='word_1_73' title='bbox 411 1235 607 1291; x_wconf 78' lang='lat' dir='ltr'><strong>XXVI.</strong></span> <span class='ocrx_word' id='word_1_74' title='bbox 643 1234 701 1288; x_wconf 88' lang='grc' dir='ltr'><strong>Ὀ</strong></span> <span class='ocrx_word' id='word_1_75' title='bbox 728 1234 829 1308; x_wconf 77' lang='grc' dir='ltr'>γὰρ</span> <span class='ocrx_word' id='word_1_76' title='bbox 873 1236 1001 1293; x_wconf 92' lang='grc' dir='ltr'>νοῦς</span> <span class='ocrx_word' id='word_1_77' title='bbox 1050 1234 1235 1303; x_wconf 80' lang='grc' dir='ltr'>ἡμῶν,</span> <span class='ocrx_word' id='word_1_78' title='bbox 1283 1229 1481 1286; x_wconf 84' lang='grc' dir='ltr'>ὁπόταν</span> <span class='ocrx_word' id='word_1_79' title='bbox 1513 1233 1556 1269; x_wconf 79' lang='grc'>⁸¹</span> <span class='ocrx_word' id='word_1_80' title='bbox 1588 1229 1655 1286; x_wconf 78' lang='grc' dir='ltr'>τὰ</span> <span class='ocrx_word' id='word_1_81' title='bbox 1703 1233 1893 1306; x_wconf 87' lang='grc' dir='ltr'>πρῶτα</span> <span class='ocrx_word' id='word_1_82' title='bbox 1928 1232 1998 1303; x_wconf 77' lang='grc' dir='ltr'>τῇ</span> 
     </span>
    </p>
   </div>
   <div class='ocr_carea' id='block_1_14' title="bbox 338 1316 1998 1399">
    <p class='ocr_par' dir='ltr' id='par_1_14' title="bbox 338 1316 1998 1399">
     <span class='ocr_line' id='line_1_14' title="bbox 338 1316 1998 1399; baseline -0.004 -20"><span class='ocrx_word' id='word_1_83' title='bbox 338 1324 530 1399; x_wconf 64' lang='grc' dir='ltr'>τέρψει</span> <span class='ocrx_word' id='word_1_84' title='bbox 588 1324 652 1376; x_wconf 88' lang='grc' dir='ltr'>τὸ</span> <span class='ocrx_word' id='word_1_85' title='bbox 693 1320 836 1384; x_wconf 82' lang='grc' dir='ltr'>εἶδος</span> <span class='ocrx_word' id='word_1_86' title='bbox 880 1328 980 1391; x_wconf 72' lang='grc' dir='ltr'>τῆς</span> <span class='ocrx_word' id='word_1_87' title='bbox 1036 1320 1316 1397; x_wconf 76' lang='grc' dir='ltr'>ἐρωμένης</span> <span class='ocrx_word' id='word_1_88' title='bbox 1374 1319 1760 1394; x_wconf 78' lang='grc' dir='ltr'>ἀπομάξηται,</span> <span class='ocrx_word' id='word_1_89' title='bbox 1819 1316 1998 1394; x_wconf 82' lang='grc' dir='ltr'>ὥσπερ</span> 
     </span>
    </p>
   </div>
   <div class='ocr_carea' id='block_1_15' title="bbox 342 1406 1998 1487">
    <p class='ocr_par' dir='ltr' id='par_1_15' title="bbox 342 1406 1998 1487">
     <span class='ocr_line' id='line_1_15' title="bbox 342 1406 1998 1487; baseline -0.005 -19"><span class='ocrx_word' id='word_1_90' title='bbox 342 1414 395 1468; x_wconf 81' lang='grc' dir='ltr'>ἐν</span> <span class='ocrx_word' id='word_1_91' title='bbox 428 1411 726 1487; x_wconf 80' lang='grc' dir='ltr'>κατόπτρῳ</span> <span class='ocrx_word' id='word_1_92' title='bbox 783 1409 982 1487; x_wconf 75' lang='grc' dir='ltr'>ἐνορῶν</span> <span class='ocrx_word' id='word_1_93' title='bbox 1032 1409 1112 1464; x_wconf 80' lang='grc' dir='ltr'>ἀεὶ</span> <span class='ocrx_word' id='word_1_94' title='bbox 1159 1410 1258 1478; x_wconf 75' lang='grc' dir='ltr'>τὴν</span> <span class='ocrx_word' id='word_1_95' title='bbox 1308 1412 1546 1487; x_wconf 76' lang='grc' dir='ltr'>μορφὴν,</span> <span class='ocrx_word' id='word_1_96' title='bbox 1597 1406 1686 1463; x_wconf 69' lang='grc' dir='ltr'>διὰ</span> <span class='ocrx_word' id='word_1_97' title='bbox 1715 1415 1813 1478; x_wconf 79' lang='grc' dir='ltr'>τῆς</span> <span class='ocrx_word' id='word_1_98' title='bbox 1862 1410 1998 1481; x_wconf 81' lang='grc' dir='ltr'>μνή-</span> 
     </span>
    </p>
   </div>
   <div class='ocr_carea' id='block_1_16' title="bbox 345 1496 2000 1577">
    <p class='ocr_par' dir='ltr' id='par_1_16' title="bbox 345 1496 2000 1577">
     <span class='ocr_line' id='line_1_16' title="bbox 345 1496 2000 1577; baseline -0.004 -22"><span class='ocrx_word' id='word_1_99' title='bbox 345 1523 459 1576; x_wconf 84' lang='grc' dir='ltr'>μης</span> <span class='ocrx_word' id='word_1_100' title='bbox 503 1500 864 1577; x_wconf 74' lang='grc' dir='ltr'>βασανίζεται·</span> <span class='ocrx_word' id='word_1_101' title='bbox 916 1497 1005 1553; x_wconf 80' lang='grc' dir='ltr'>καὶ</span> <span class='ocrx_word' id='word_1_102' title='bbox 1058 1498 1134 1571; x_wconf 78' lang='grc' dir='ltr'>μή</span> <span class='ocrx_word' id='word_1_103' title='bbox 1188 1499 1475 1574; x_wconf 76' lang='grc' dir='ltr'>τυγχάνων</span> <span class='ocrx_word' id='word_1_104' title='bbox 1530 1497 1623 1571; x_wconf 75' lang='grc' dir='ltr'>μὶν</span> <span class='ocrx_word' id='word_1_105' title='bbox 1668 1504 1767 1567; x_wconf 77' lang='grc' dir='ltr'>τῆς</span> <span class='ocrx_word' id='word_1_106' title='bbox 1819 1496 2000 1552; x_wconf 76' lang='grc' dir='ltr'>ἐπιθυ-</span> 
     </span>
    </p>
   </div>
   <div class='ocr_carea' id='block_1_17' title="bbox 346 1582 2002 1663">
    <p class='ocr_par' dir='ltr' id='par_1_17' title="bbox 346 1582 2002 1663">
     <span class='ocr_line' id='line_1_17' title="bbox 346 1582 2002 1663; baseline -0.001 -21"><span class='ocrx_word' id='word_1_107' title='bbox 346 1589 500 1662; x_wconf 71' lang='grc' dir='ltr'>μίας,</span> <span class='ocrx_word' id='word_1_108' title='bbox 534 1597 635 1659; x_wconf 76' lang='grc' dir='ltr'>τῆς</span> <span class='ocrx_word' id='word_1_109' title='bbox 668 1587 953 1663; x_wconf 80' lang='grc' dir='ltr'>ἐπιτυχῖας</span> <span class='ocrx_word' id='word_1_110' title='bbox 1007 1585 1207 1661; x_wconf 79' lang='grc' dir='ltr'>μελετᾷ</span> <span class='ocrx_word' id='word_1_111' title='bbox 1254 1587 1347 1648; x_wconf 83' lang='grc' dir='ltr'>τὰς</span> <span class='ocrx_word' id='word_1_112' title='bbox 1397 1583 1578 1654; x_wconf 73' lang='grc' dir='ltr'>ὁδοὺς,</span> <span class='ocrx_word' id='word_1_113' title='bbox 1620 1585 1892 1662; x_wconf 75' lang='grc' dir='ltr'>ἐπιτυχὼν</span> <span class='ocrx_word' id='word_1_114' title='bbox 1922 1582 2002 1656; x_wconf 70' lang='grc' dir='ltr'>δὲ,</span> 
     </span>
    </p>
   </div>
   <div class='ocr_carea' id='block_1_18' title="bbox 347 1674 2003 1755">
    <p class='ocr_par' dir='ltr' id='par_1_18' title="bbox 347 1674 2003 1755">
     <span class='ocr_line' id='line_1_18' title="bbox 347 1674 2003 1755; baseline -0.004 -20"><span class='ocrx_word' id='word_1_115' title='bbox 347 1680 571 1755; x_wconf 69' lang='grc' dir='ltr'>μᾶλλον</span> <span class='ocrx_word' id='word_1_116' title='bbox 625 1676 856 1751; x_wconf 70' lang='grc' dir='ltr'>αὔξεται,</span> <span class='ocrx_word' id='word_1_117' title='bbox 908 1676 1088 1752; x_wconf 78' lang='grc' dir='ltr'>ὥσπερ</span> <span class='ocrx_word' id='word_1_118' title='bbox 1134 1677 1195 1730; x_wconf 88' lang='grc' dir='ltr'>τὸ</span> <span class='ocrx_word' id='word_1_119' title='bbox 1234 1680 1339 1751; x_wconf 88' lang='grc' dir='ltr'>πῦρ</span> <span class='ocrx_word' id='word_1_120' title='bbox 1386 1683 1487 1746; x_wconf 79' lang='grc' dir='ltr'>τῆς</span> <span class='ocrx_word' id='word_1_121' title='bbox 1535 1674 1672 1747; x_wconf 77' lang='grc' dir='ltr'>ὕλης</span> <span class='ocrx_word' id='word_1_122' title='bbox 1716 1674 2003 1752; x_wconf 79' lang='grc' dir='ltr'>εὐποροῦν,</span> 
     </span>
    </p>
   </div>
   <div class='ocr_carea' id='block_1_19' title="bbox 343 1765 2004 1842">
    <p class='ocr_par' dir='ltr' id='par_1_19' title="bbox 343 1765 2004 1842">
     <span class='ocr_line' id='line_1_19' title="bbox 343 1765 2004 1842; baseline -0.003 -18"><span class='ocrx_word' id='word_1_123' title='bbox 343 1771 435 1824; x_wconf 67' lang='grc' dir='ltr'><strong>καῖ</strong></span> <span class='ocrx_word' id='word_1_124' title='bbox 490 1768 710 1841; x_wconf 76' lang='grc' dir='ltr'>μάλισθ’</span> <span class='ocrx_word' id='word_1_125' title='bbox 760 1767 837 1821; x_wconf 82' lang='grc' dir='ltr'>ὅτ’</span> <span class='ocrx_word' id='word_1_126' title='bbox 888 1766 947 1821; x_wconf 74' lang='grc' dir='ltr'>ἂν</span> <span class='ocrx_word' id='word_1_127' title='bbox 1118 1765 1273 1841; x_wconf 72' lang='grc' dir='ltr'>ψυχῇ</span> <span class='ocrx_word' id='word_1_128' title='bbox 1329 1770 1427 1820; x_wconf 86' lang='grc' dir='ltr'>τοῦ</span> <span class='ocrx_word' id='word_1_129' title='bbox 1476 1765 1706 1842; x_wconf 77' lang='grc' dir='ltr'>ἐρῶντος</span> <span class='ocrx_word' id='word_1_130' title='bbox 1754 1766 1860 1841; x_wconf 90' lang='grc' dir='ltr'>πρὸ</span> <span class='ocrx_word' id='word_1_131' title='bbox 1907 1768 2004 1819; x_wconf 81' lang='grc' dir='ltr'>τοῦ</span> 
     </span>
    </p>
   </div>
   <div class='ocr_carea' id='block_1_20' title="bbox 2105 609 3748 686">
    <p class='ocr_par' dir='ltr' id='par_1_20' title="bbox 2105 609 3748 686">
     <span class='ocr_line' id='line_1_20' title="bbox 2105 609 3748 686; baseline 0.005 -24"><span class='ocrx_word' id='word_1_132' title='bbox 2105 609 2352 664; x_wconf 88' lang='lat' dir='ltr'>suetudo</span> <span class='ocrx_word' id='word_1_133' title='bbox 2382 615 2470 665; x_wconf 90' lang='lat' dir='ltr'>est</span> <span class='ocrx_word' id='word_1_134' title='bbox 2498 611 2682 666; x_wconf 85' lang='lat' dir='ltr'>altera</span> <span class='ocrx_word' id='word_1_135' title='bbox 2714 616 2921 667; x_wconf 91' lang='lat' dir='ltr'>natura</span> <span class='ocrx_word' id='word_1_136' title='bbox 2953 630 2965 668; x_wconf 91' lang='lat'>:</span> <span class='ocrx_word' id='word_1_137' title='bbox 3002 614 3069 667; x_wconf 88' lang='lat' dir='ltr'>ad</span> <span class='ocrx_word' id='word_1_138' title='bbox 3110 613 3225 668; x_wconf 55' lang='lat' dir='ltr'>haec</span> <span class='ocrx_word' id='word_1_139' title='bbox 3256 619 3449 669; x_wconf 87' lang='lat' dir='ltr'>autem</span> <span class='ocrx_word' id='word_1_140' title='bbox 3482 617 3748 686; x_wconf 82' lang='lat' dir='ltr'>frequen-</span> 
     </span>
    </p>
   </div>
   <div class='ocr_carea' id='block_1_21' title="bbox 2102 697 3740 774">
    <p class='ocr_par' dir='ltr' id='par_1_21' title="bbox 2102 697 3740 774">
     <span class='ocr_line' id='line_1_21' title="bbox 2102 697 3740 774; baseline 0.005 -23"><span class='ocrx_word' id='word_1_141' title='bbox 2102 701 2192 751; x_wconf 86' lang='lat' dir='ltr'>ter</span> <span class='ocrx_word' id='word_1_142' title='bbox 2216 697 2273 752; x_wconf 93' lang='lat' dir='ltr'>in</span> <span class='ocrx_word' id='word_1_143' title='bbox 2305 716 2507 754; x_wconf 90' lang='lat' dir='ltr'>eorum</span> <span class='ocrx_word' id='word_1_144' title='bbox 2542 703 2883 755; x_wconf 83' lang='lat' dir='ltr'>memoriam</span> <span class='ocrx_word' id='word_1_145' title='bbox 2932 708 3200 757; x_wconf 79' lang='lat' dir='ltr'>revocent</span> <span class='ocrx_word' id='word_1_146' title='bbox 3247 702 3440 773; x_wconf 84' lang='lat' dir='ltr'>legum</span> <span class='ocrx_word' id='word_1_147' title='bbox 3491 721 3694 774; x_wconf 82' lang='lat' dir='ltr'>pcenas</span> <span class='ocrx_word' id='word_1_148' title='bbox 3728 723 3740 759; x_wconf 94' lang='lat'>:</span> 
     </span>
    </p>
   </div>
   <div class='ocr_carea' id='block_1_22' title="bbox 2104 790 3747 861">
    <p class='ocr_par' dir='ltr' id='par_1_22' title="bbox 2104 790 3747 861">
     <span class='ocr_line' id='line_1_22' title="bbox 2104 790 3747 861; baseline 0.004 -19"><span class='ocrx_word' id='word_1_149' title='bbox 2104 803 2220 858; x_wconf 91' lang='lat' dir='ltr'>quo</span> <span class='ocrx_word' id='word_1_150' title='bbox 2254 793 2409 843; x_wconf 89' lang='lat' dir='ltr'>metu</span> <span class='ocrx_word' id='word_1_151' title='bbox 2443 795 2723 861; x_wconf 90' lang='lat' dir='ltr'>tanquam</span> <span class='ocrx_word' id='word_1_152' title='bbox 2757 790 2915 845; x_wconf 81' lang='lat' dir='ltr'>freno</span> <span class='ocrx_word' id='word_1_153' title='bbox 2949 790 3037 845; x_wconf 88' lang='lat' dir='ltr'>usi</span> <span class='ocrx_word' id='word_1_154' title='bbox 3066 792 3339 846; x_wconf 83' lang='lat' dir='ltr'>absurdis</span> <span class='ocrx_word' id='word_1_155' title='bbox 3362 809 3473 846; x_wconf 92' lang='lat' dir='ltr'>non</span> <span class='ocrx_word' id='word_1_156' title='bbox 3506 810 3747 849; x_wconf 91' lang='lat' dir='ltr'>consen-</span> 
     </span>
    </p>
   </div>
   <div class='ocr_carea' id='block_1_23' title="bbox 2103 877 3749 952">
    <p class='ocr_par' dir='ltr' id='par_1_23' title="bbox 2103 877 3749 952">
     <span class='ocr_line' id='line_1_23' title="bbox 2103 877 3749 952; baseline 0.004 -21"><span class='ocrx_word' id='word_1_157' title='bbox 2103 877 2253 932; x_wconf 86' lang='lat' dir='ltr'>tiant</span> <span class='ocrx_word' id='word_1_158' title='bbox 2282 878 2697 949; x_wconf 82' lang='lat' dir='ltr'>voluptatibus.</span> <span class='ocrx_word' id='word_1_159' title='bbox 2731 880 3008 934; x_wconf 81' lang='lat' dir='ltr'>Convenit</span> <span class='ocrx_word' id='word_1_160' title='bbox 3033 896 3168 951; x_wconf 88' lang='lat' dir='ltr'>ergo</span> <span class='ocrx_word' id='word_1_161' title='bbox 3194 885 3273 947; x_wconf 90' lang='lat' dir='ltr'>ut,</span> <span class='ocrx_word' id='word_1_162' title='bbox 3298 886 3612 952; x_wconf 84' lang='lat' dir='ltr'>antequam</span> <span class='ocrx_word' id='word_1_163' title='bbox 3644 884 3749 937; x_wconf 79' lang='lat' dir='ltr'>fer-</span> 
     </span>
    </p>
   </div>
   <div class='ocr_carea' id='block_1_24' title="bbox 2102 966 3748 1040">
    <p class='ocr_par' dir='ltr' id='par_1_24' title="bbox 2102 966 3748 1040">
     <span class='ocr_line' id='line_1_24' title="bbox 2102 966 3748 1040; baseline 0.002 -18"><span class='ocrx_word' id='word_1_164' title='bbox 2102 970 2234 1022; x_wconf 87' lang='lat' dir='ltr'>veat</span> <span class='ocrx_word' id='word_1_165' title='bbox 2263 968 2573 1039; x_wconf 84' lang='lat' dir='ltr'>cupiditas,</span> <span class='ocrx_word' id='word_1_166' title='bbox 2607 966 2862 1023; x_wconf 86' lang='lat' dir='ltr'>naturali</span> <span class='ocrx_word' id='word_1_167' title='bbox 2894 968 3080 1023; x_wconf 55' lang='lat' dir='ltr'>sitatis</span> <span class='ocrx_word' id='word_1_168' title='bbox 3111 968 3336 1023; x_wconf 80' lang='lat' dir='ltr'>atl‘ectui</span> <span class='ocrx_word' id='word_1_169' title='bbox 3381 985 3482 1040; x_wconf 93' lang='lat' dir='ltr'>per</span> <span class='ocrx_word' id='word_1_170' title='bbox 3528 986 3748 1025; x_wconf 89' lang='lat' dir='ltr'>connu-</span> 
     </span>
    </p>
   </div>
   <div class='ocr_carea' id='block_1_25' title="bbox 2104 1056 3754 1129">
    <p class='ocr_par' dir='ltr' id='par_1_25' title="bbox 2104 1056 3754 1129">
     <span class='ocr_line' id='line_1_25' title="bbox 2104 1056 3754 1129; baseline 0.002 -17"><span class='ocrx_word' id='word_1_171' title='bbox 2104 1056 2271 1112; x_wconf 91' lang='lat' dir='ltr'>bium</span> <span class='ocrx_word' id='word_1_172' title='bbox 2322 1056 2611 1124; x_wconf 81' lang='lat' dir='ltr'>satisﬁat;</span> <span class='ocrx_word' id='word_1_173' title='bbox 2662 1057 3237 1128; x_wconf 84' lang='lat' dir='ltr'>persuadeamusque</span> <span class='ocrx_word' id='word_1_174' title='bbox 3283 1056 3401 1113; x_wconf 88' lang='lat' dir='ltr'>illis</span> <span class='ocrx_word' id='word_1_175' title='bbox 3450 1059 3635 1129; x_wconf 89' lang='lat' dir='ltr'>prius,</span> <span class='ocrx_word' id='word_1_176' title='bbox 3681 1076 3754 1116; x_wconf 90' lang='lat' dir='ltr'>ne</span> 
     </span>
    </p>
   </div>
   <div class='ocr_carea' id='block_1_26' title="bbox 2108 1141 3443 1216">
    <p class='ocr_par' dir='ltr' id='par_1_26' title="bbox 2108 1141 3443 1216">
     <span class='ocr_line' id='line_1_26' title="bbox 2108 1141 3443 1216; baseline 0.001 -18"><span class='ocrx_word' id='word_1_177' title='bbox 2108 1143 2356 1198; x_wconf 84' lang='lat' dir='ltr'>formam</span> <span class='ocrx_word' id='word_1_178' title='bbox 2388 1141 2627 1199; x_wconf 89' lang='lat' dir='ltr'>alterius</span> <span class='ocrx_word' id='word_1_179' title='bbox 2662 1143 2925 1198; x_wconf 89' lang='lat' dir='ltr'>mulieris</span> <span class='ocrx_word' id='word_1_180' title='bbox 2956 1143 3443 1216; x_wconf 88' lang='lat' dir='ltr'>contemplentur.</span> 
     </span>
    </p>
   </div>
   <div class='ocr_carea' id='block_1_27' title="bbox 2179 1232 3757 1305">
    <p class='ocr_par' dir='ltr' id='par_1_27' title="bbox 2179 1232 3757 1305">
     <span class='ocr_line' id='line_1_27' title="bbox 2179 1232 3757 1305; baseline 0.003 -19"><span class='ocrx_word' id='word_1_181' title='bbox 2179 1232 2367 1287; x_wconf 85' lang='lat' dir='ltr'><strong>XXVI.</strong></span> <span class='ocrx_word' id='word_1_182' title='bbox 2403 1232 2625 1287; x_wconf 85' lang='lat' dir='ltr'>Etenim</span> <span class='ocrx_word' id='word_1_183' title='bbox 2678 1250 2842 1288; x_wconf 89' lang='lat' dir='ltr'>mens</span> <span class='ocrx_word' id='word_1_184' title='bbox 2891 1240 3109 1303; x_wconf 89' lang='lat' dir='ltr'>nostra,</span> <span class='ocrx_word' id='word_1_185' title='bbox 3145 1250 3277 1288; x_wconf 91' lang='lat' dir='ltr'>cum</span> <span class='ocrx_word' id='word_1_186' title='bbox 3326 1234 3585 1305; x_wconf 90' lang='lat' dir='ltr'>primum</span> <span class='ocrx_word' id='word_1_187' title='bbox 3636 1235 3757 1291; x_wconf 88' lang='lat' dir='ltr'>sibi</span> 
     </span>
    </p>
   </div>
   <div class='ocr_carea' id='block_1_28' title="bbox 2107 1320 3751 1396">
    <p class='ocr_par' dir='ltr' id='par_1_28' title="bbox 2107 1320 3751 1396">
     <span class='ocr_line' id='line_1_28' title="bbox 2107 1320 3751 1396; baseline 0.002 -20"><span class='ocrx_word' id='word_1_188' title='bbox 2107 1322 2473 1393; x_wconf 84' lang='lat' dir='ltr'>impresserit</span> <span class='ocrx_word' id='word_1_189' title='bbox 2521 1338 2654 1377; x_wconf 88' lang='lat' dir='ltr'>cum</span> <span class='ocrx_word' id='word_1_190' title='bbox 2702 1320 2997 1393; x_wconf 89' lang='lat' dir='ltr'>voluptate</span> <span class='ocrx_word' id='word_1_191' title='bbox 3054 1323 3339 1377; x_wconf 66' lang='lat' dir='ltr'>adamata;</span> <span class='ocrx_word' id='word_1_192' title='bbox 3410 1323 3751 1396; x_wconf 84' lang='lat' dir='ltr'>imaginem,</span> 
     </span>
    </p>
   </div>
   <div class='ocr_carea' id='block_1_29' title="bbox 2111 1409 3749 1485">
    <p class='ocr_par' dir='ltr' id='par_1_29' title="bbox 2111 1409 3749 1485">
     <span class='ocr_line' id='line_1_29' title="bbox 2111 1409 3749 1485; baseline 0.002 -20"><span class='ocrx_word' id='word_1_193' title='bbox 2111 1412 2276 1483; x_wconf 90' lang='lat' dir='ltr'>quasi</span> <span class='ocrx_word' id='word_1_194' title='bbox 2309 1411 2368 1465; x_wconf 94' lang='lat' dir='ltr'>in</span> <span class='ocrx_word' id='word_1_195' title='bbox 2399 1409 2635 1482; x_wconf 92' lang='lat' dir='ltr'>speculo</span> <span class='ocrx_word' id='word_1_196' title='bbox 2668 1427 2901 1483; x_wconf 88' lang='lat' dir='ltr'>semper</span> <span class='ocrx_word' id='word_1_197' title='bbox 2928 1411 3172 1465; x_wconf 80' lang='lat' dir='ltr'>formam</span> <span class='ocrx_word' id='word_1_198' title='bbox 3207 1411 3462 1483; x_wconf 89' lang='lat' dir='ltr'>intuens,</span> <span class='ocrx_word' id='word_1_199' title='bbox 3498 1430 3600 1485; x_wconf 89' lang='lat' dir='ltr'>per</span> <span class='ocrx_word' id='word_1_200' title='bbox 3632 1430 3749 1469; x_wconf 88' lang='lat' dir='ltr'>me-</span> 
     </span>
    </p>
   </div>
   <div class='ocr_carea' id='block_1_30' title="bbox 2112 1499 3752 1571">
    <p class='ocr_par' dir='ltr' id='par_1_30' title="bbox 2112 1499 3752 1571">
     <span class='ocr_line' id='line_1_30' title="bbox 2112 1499 3752 1571; baseline 0.002 -16"><span class='ocrx_word' id='word_1_201' title='bbox 2112 1500 2357 1556; x_wconf 90' lang='lat' dir='ltr'>moriam</span> <span class='ocrx_word' id='word_1_202' title='bbox 2393 1505 2715 1571; x_wconf 86' lang='lat' dir='ltr'>torquetur,</span> <span class='ocrx_word' id='word_1_203' title='bbox 2747 1505 2803 1555; x_wconf 90' lang='lat' dir='ltr'>et</span> <span class='ocrx_word' id='word_1_204' title='bbox 2833 1499 2881 1555; x_wconf 89' lang='lat' dir='ltr'>si</span> <span class='ocrx_word' id='word_1_205' title='bbox 2913 1499 3145 1571; x_wconf 88' lang='lat' dir='ltr'>quidem</span> <span class='ocrx_word' id='word_1_206' title='bbox 3179 1506 3306 1556; x_wconf 90' lang='lat' dir='ltr'>voto</span> <span class='ocrx_word' id='word_1_207' title='bbox 3356 1518 3468 1556; x_wconf 90' lang='lat' dir='ltr'>non</span> <span class='ocrx_word' id='word_1_208' title='bbox 3522 1502 3752 1568; x_wconf 85' lang='lat' dir='ltr'>fruitur,</span> 
     </span>
    </p>
   </div>
   <div class='ocr_carea' id='block_1_31' title="bbox 2112 1588 3754 1662">
    <p class='ocr_par' dir='ltr' id='par_1_31' title="bbox 2112 1588 3754 1662">
     <span class='ocr_line' id='line_1_31' title="bbox 2112 1588 3754 1662; baseline 0.001 -17"><span class='ocrx_word' id='word_1_209' title='bbox 2112 1588 2373 1662; x_wconf 90' lang='lat' dir='ltr'>potiendi</span> <span class='ocrx_word' id='word_1_210' title='bbox 2399 1592 2551 1644; x_wconf 91' lang='lat' dir='ltr'>artes</span> <span class='ocrx_word' id='word_1_211' title='bbox 2585 1588 2932 1657; x_wconf 87' lang='lat' dir='ltr'>meditatur;</span> <span class='ocrx_word' id='word_1_212' title='bbox 2966 1589 3055 1643; x_wconf 89' lang='lat' dir='ltr'>sin</span> <span class='ocrx_word' id='word_1_213' title='bbox 3089 1594 3282 1644; x_wconf 89' lang='lat' dir='ltr'>autem</span> <span class='ocrx_word' id='word_1_214' title='bbox 3328 1590 3561 1656; x_wconf 86' lang='lat' dir='ltr'>fruitur,</span> <span class='ocrx_word' id='word_1_215' title='bbox 3594 1608 3754 1647; x_wconf 78' lang='lat' dir='ltr'>cres~</span> 
     </span>
    </p>
   </div>
   <div class='ocr_carea' id='block_1_32' title="bbox 2113 1678 3753 1753">
    <p class='ocr_par' dir='ltr' id='par_1_32' title="bbox 2113 1678 3753 1753">
     <span class='ocr_line' id='line_1_32' title="bbox 2113 1678 3753 1753; baseline 0 -18"><span class='ocrx_word' id='word_1_216' title='bbox 2113 1680 2193 1735; x_wconf 85' lang='lat' dir='ltr'>cit</span> <span class='ocrx_word' id='word_1_217' title='bbox 2222 1678 2529 1751; x_wconf 87' lang='lat' dir='ltr'>cupiditas,</span> <span class='ocrx_word' id='word_1_218' title='bbox 2564 1679 2716 1733; x_wconf 92' lang='lat' dir='ltr'>sicut</span> <span class='ocrx_word' id='word_1_219' title='bbox 2758 1678 2909 1750; x_wconf 84' lang='lat' dir='ltr'>ignis</span> <span class='ocrx_word' id='word_1_220' title='bbox 2956 1678 3200 1734; x_wconf 85' lang='lat' dir='ltr'>materia</span> <span class='ocrx_word' id='word_1_221' title='bbox 3244 1680 3573 1751; x_wconf 81' lang='lat' dir='ltr'>abundans,</span> <span class='ocrx_word' id='word_1_222' title='bbox 3609 1699 3753 1753; x_wconf 70' lang='lat' dir='ltr'>pra:-</span> 
     </span>
    </p>
   </div>
   <div class='ocr_carea' id='block_1_33' title="bbox 2115 1767 3757 1839">
    <p class='ocr_par' dir='ltr' id='par_1_33' title="bbox 2115 1767 3757 1839">
     <span class='ocr_line' id='line_1_33' title="bbox 2115 1767 3757 1839; baseline 0.001 -15"><span class='ocrx_word' id='word_1_223' title='bbox 2115 1767 2436 1838; x_wconf 85' lang='lat' dir='ltr'>sertimque</span> <span class='ocrx_word' id='word_1_224' title='bbox 2467 1768 2701 1839; x_wconf 89' lang='lat' dir='ltr'>quando</span> <span class='ocrx_word' id='word_1_225' title='bbox 2740 1767 2796 1821; x_wconf 90' lang='lat' dir='ltr'>in</span> <span class='ocrx_word' id='word_1_226' title='bbox 2831 1768 3113 1823; x_wconf 87' lang='lat' dir='ltr'>amatoris</span> <span class='ocrx_word' id='word_1_227' title='bbox 3163 1768 3357 1823; x_wconf 89' lang='lat' dir='ltr'>animo</span> <span class='ocrx_word' id='word_1_228' title='bbox 3400 1771 3576 1824; x_wconf 87' lang='lat' dir='ltr'>timor</span> <span class='ocrx_word' id='word_1_229' title='bbox 3624 1774 3757 1827; x_wconf 86' lang='lat' dir='ltr'>ante</span> 
     </span>
    </p>
   </div>
   <div class='ocr_carea' id='block_1_34' title="bbox 346 1851 2013 1956">
    <p class='ocr_par' dir='ltr' id='par_1_34' title="bbox 346 1851 2002 1933">
     <span class='ocr_line' id='line_1_34' title="bbox 346 1851 2002 1933; baseline -0.002 -20"><span class='ocrx_word' id='word_1_230' title='bbox 346 1861 561 1920; x_wconf 72' lang='grc' dir='ltr'>πάθους</span> <span class='ocrx_word' id='word_1_231' title='bbox 619 1857 1197 1931; x_wconf 78' lang='grc' dir='ltr'>προσεντετυπωμένος</span> <span class='ocrx_word' id='word_1_232' title='bbox 1278 1856 1355 1929; x_wconf 77' lang='grc' dir='ltr'>μή</span> <span class='ocrx_word' id='word_1_233' title='bbox 1416 1856 1729 1931; x_wconf 77' lang='grc' dir='ltr'>προῦπάρξῃ</span> <span class='ocrx_word' id='word_1_234' title='bbox 1786 1851 1953 1933; x_wconf 73' lang='grc' dir='ltr'>φόϐος</span> <span class='ocrx_word' id='word_1_235' title='bbox 1990 1898 2002 1911; x_wconf 92' lang='grc'>.</span> 
     </span>
    </p>
   </div>
   <div class='ocr_carea' id='block_1_35' title="bbox 2129 1851 3759 1956">
    <p class='ocr_par' dir='ltr' id='par_1_35' title="bbox 2129 1856 3759 1930">
     <span class='ocr_line' id='line_1_35' title="bbox 2129 1856 3759 1930; baseline 0.001 -17"><span class='ocrx_word' id='word_1_236' title='bbox 2129 1858 2387 1913; x_wconf 64' lang='lat' dir='ltr'>illectum</span> <span class='ocrx_word' id='word_1_237' title='bbox 2414 1856 2736 1928; x_wconf 84' lang='lat' dir='ltr'>impressus</span> <span class='ocrx_word' id='word_1_238' title='bbox 2750 1874 2862 1911; x_wconf 93' lang='lat' dir='ltr'>non</span> <span class='ocrx_word' id='word_1_239' title='bbox 2890 1857 3246 1928; x_wconf 71' lang='lat' dir='ltr'>praeexstitit.</span> <span class='ocrx_word' id='word_1_240' title='bbox 3282 1858 3425 1912; x_wconf 86' lang='lat' dir='ltr'>Nam</span> <span class='ocrx_word' id='word_1_241' title='bbox 3442 1859 3759 1930; x_wconf 84' lang='lat' dir='ltr'>sicutaqua</span> 
     </span>
    </p>
   </div>
   <div class='ocr_carea' id='block_1_36' title="bbox 344 1939 2006 2024">
    <p class='ocr_par' dir='ltr' id='par_1_36' title="bbox 344 1939 2006 2024">
     <span class='ocr_line' id='line_1_36' title="bbox 344 1939 2006 2024; baseline -0.003 -21"><span class='ocrx_word' id='word_1_242' title='bbox 344 1952 439 2011; x_wconf 84' lang='grc' dir='ltr'>Ὠς</span> <span class='ocrx_word' id='word_1_243' title='bbox 486 1950 591 2024; x_wconf 69' lang='grc' dir='ltr'>γὰρ</span> <span class='ocrx_word' id='word_1_244' title='bbox 644 1945 790 2021; x_wconf 73' lang='grc' dir='ltr'>ὕδωρ</span> <span class='ocrx_word' id='word_1_245' title='bbox 837 1949 944 2020; x_wconf 87' lang='grc' dir='ltr'>πῦρ</span> <span class='ocrx_word' id='word_1_246' title='bbox 988 1940 1420 2018; x_wconf 75' lang='grc' dir='ltr'>κατασϐέννυσιν,</span> <span class='ocrx_word' id='word_1_247' title='bbox 1464 1944 1638 2007; x_wconf 76' lang='grc' dir='ltr'>οὕτως</span> <span class='ocrx_word' id='word_1_248' title='bbox 1692 1943 1782 2000; x_wconf 85' lang='grc' dir='ltr'>καὶ</span> <span class='ocrx_word' id='word_1_249' title='bbox 1839 1939 2006 2023; x_wconf 75' lang='grc' dir='ltr'>φόϐος</span> 
     </span>
    </p>
   </div>
   <div class='ocr_carea' id='block_1_37' title="bbox 345 2028 2009 2111">
    <p class='ocr_par' dir='ltr' id='par_1_37' title="bbox 345 2028 2009 2111">
     <span class='ocr_line' id='line_1_37' title="bbox 345 2028 2009 2111; baseline -0.003 -18"><span class='ocrx_word' id='word_1_250' title='bbox 345 2045 451 2107; x_wconf 76' lang='grc' dir='ltr'>τῆς</span> <span class='ocrx_word' id='word_1_251' title='bbox 487 2035 697 2111; x_wconf 80' lang='grc' dir='ltr'>ἀλόγου</span> <span class='ocrx_word' id='word_1_252' title='bbox 748 2034 1032 2108; x_wconf 80' lang='grc' dir='ltr'>ἐπιθυμίας</span> <span class='ocrx_word' id='word_1_253' title='bbox 1082 2033 1192 2089; x_wconf 80' lang='grc' dir='ltr'>ἐστὶ</span> <span class='ocrx_word' id='word_1_254' title='bbox 1242 2028 1581 2111; x_wconf 72' lang='grc' dir='ltr'>σϐεστήριος.</span> <span class='ocrx_word' id='word_1_255' title='bbox 1614 2036 1771 2092; x_wconf 83' lang='grc' dir='ltr'>Ὅθεν</span> <span class='ocrx_word' id='word_1_256' title='bbox 1813 2033 1918 2111; x_wconf 78' lang='grc' dir='ltr'>ἐγὼ</span> <span class='ocrx_word' id='word_1_257' title='bbox 1949 2029 2009 2089; x_wconf 77' lang='grc' dir='ltr'>ἔκ</span> 
     </span>
    </p>
   </div>
   <div class='ocr_carea' id='block_1_38' title="bbox 348 2120 2009 2201">
    <p class='ocr_par' dir='ltr' id='par_1_38' title="bbox 348 2120 2009 2201">
     <span class='ocr_line' id='line_1_38' title="bbox 348 2120 2009 2201; baseline -0.004 -18"><span class='ocrx_word' id='word_1_258' title='bbox 348 2148 502 2188; x_wconf 80' lang='grc' dir='ltr'>τινος</span> <span class='ocrx_word' id='word_1_259' title='bbox 558 2122 826 2181; x_wconf 85' lang='grc' dir='ltr'>Ἰουδαίου</span> <span class='ocrx_word' id='word_1_260' title='bbox 888 2124 957 2179; x_wconf 73' lang='grc' dir='ltr'>τὰ</span> <span class='ocrx_word' id='word_1_261' title='bbox 1015 2128 1129 2196; x_wconf 81' lang='grc' dir='ltr'>Θεῷ</span> <span class='ocrx_word' id='word_1_262' title='bbox 1178 2122 1453 2201; x_wconf 81' lang='grc' dir='ltr'>πρέποντα</span> <span class='ocrx_word' id='word_1_263' title='bbox 1497 2124 1585 2179; x_wconf 81' lang='grc' dir='ltr'>καὶ</span> <span class='ocrx_word' id='word_1_264' title='bbox 1630 2126 1675 2161; x_wconf 68' lang='grc'>⁵³</span> <span class='ocrx_word' id='word_1_265' title='bbox 1722 2128 1859 2179; x_wconf 88' lang='grc' dir='ltr'>νοεῖν</span> <span class='ocrx_word' id='word_1_266' title='bbox 1920 2120 2009 2178; x_wconf 74' lang='grc' dir='ltr'>καί</span> 
     </span>
    </p>
   </div>
   <div class='ocr_carea' id='block_1_39' title="bbox 349 2212 2007 2289">
    <p class='ocr_par' dir='ltr' id='par_1_39' title="bbox 349 2212 2007 2289">
     <span class='ocr_line' id='line_1_39' title="bbox 349 2212 2007 2289; baseline -0.003 -18"><span class='ocrx_word' id='word_1_267' title='bbox 349 2221 533 2271; x_wconf 79' lang='grc' dir='ltr'>ποιεῖν</span> <span class='ocrx_word' id='word_1_268' title='bbox 568 2214 898 2287; x_wconf 76' lang='grc' dir='ltr'>ἐκμαθοῦσα,</span> <span class='ocrx_word' id='word_1_269' title='bbox 932 2212 1203 2275; x_wconf 80' lang='grc' dir='ltr'>εὐάλωτος</span> <span class='ocrx_word' id='word_1_270' title='bbox 1254 2214 1388 2289; x_wconf 87' lang='grc' dir='ltr'>πρὸς</span> <span class='ocrx_word' id='word_1_271' title='bbox 1438 2212 1687 2289; x_wconf 81' lang='grc' dir='ltr'>μοιχείαν</span> <span class='ocrx_word' id='word_1_272' title='bbox 1739 2213 1841 2267; x_wconf 86' lang='grc' dir='ltr'>ὑπὸ</span> <span class='ocrx_word' id='word_1_273' title='bbox 1879 2215 2007 2286; x_wconf 74' lang='grc' dir='ltr'>ψευ-</span> 
     </span>
    </p>
   </div>
   <div class='ocr_carea' id='block_1_40' title="bbox 351 2299 2006 2378">
    <p class='ocr_par' dir='ltr' id='par_1_40' title="bbox 351 2299 2006 2378">
     <span class='ocr_line' id='line_1_40' title="bbox 351 2299 2006 2378; baseline -0.003 -18"><span class='ocrx_word' id='word_1_274' title='bbox 351 2304 462 2360; x_wconf 84' lang='grc' dir='ltr'>δῶν</span> <span class='ocrx_word' id='word_1_275' title='bbox 503 2304 685 2378; x_wconf 68' lang='grc' dir='ltr'>μόθων</span> <span class='ocrx_word' id='word_1_276' title='bbox 737 2302 799 2357; x_wconf 76' lang='grc' dir='ltr'>οὐ</span> <span class='ocrx_word' id='word_1_277' title='bbox 848 2301 1093 2377; x_wconf 85' lang='grc' dir='ltr'>γίνομαι.</span> <span class='ocrx_word' id='word_1_278' title='bbox 1144 2299 1368 2357; x_wconf 83' lang='grc' dir='ltr'>Θέλοντι</span> <span class='ocrx_word' id='word_1_279' title='bbox 1403 2304 1448 2339; x_wconf 78' lang='grc'>⁵³</span> <span class='ocrx_word' id='word_1_280' title='bbox 1480 2300 1537 2357; x_wconf 75' lang='grc' dir='ltr'>δὲ</span> <span class='ocrx_word' id='word_1_281' title='bbox 1584 2324 1667 2357; x_wconf 92' lang='grc' dir='ltr'>σοι</span> <span class='ocrx_word' id='word_1_282' title='bbox 1718 2301 1808 2357; x_wconf 83' lang='grc' dir='ltr'>καὶ</span> <span class='ocrx_word' id='word_1_283' title='bbox 1841 2322 2006 2356; x_wconf 83' lang='grc' dir='ltr'>σπου-</span> 
     </span>
    </p>
   </div>
   <div class='ocr_carea' id='block_1_41' title="bbox 353 2388 2012 2468">
    <p class='ocr_par' dir='ltr' id='par_1_41' title="bbox 353 2388 2012 2468">
     <span class='ocr_line' id='line_1_41' title="bbox 353 2388 2012 2468; baseline -0.002 -19"><span class='ocrx_word' id='word_1_284' title='bbox 353 2393 576 2464; x_wconf 73' lang='grc' dir='ltr'>δαζοντι</span> <span class='ocrx_word' id='word_1_285' title='bbox 645 2396 939 2468; x_wconf 79' lang='grc' dir='ltr'>σωφρονεῖν</span> <span class='ocrx_word' id='word_1_286' title='bbox 976 2438 990 2463; x_wconf 93' lang='grc'>,</span> <span class='ocrx_word' id='word_1_287' title='bbox 1049 2388 1461 2465; x_wconf 70' lang='grc' dir='ltr'>φλεγμαινοῦσῃ</span> <span class='ocrx_word' id='word_1_288' title='bbox 1532 2394 1578 2428; x_wconf 72' lang='grc'><strong>⁸⁸</strong></span> <span class='ocrx_word' id='word_1_289' title='bbox 1649 2393 1805 2467; x_wconf 71' lang='grc' dir='ltr'>ψυχῇ</span> <span class='ocrx_word' id='word_1_290' title='bbox 1876 2391 2012 2464; x_wconf 83' lang='grc' dir='ltr'>πρὸς</span> 
     </span>
    </p>
   </div>
   <div class='ocr_carea' id='block_1_42' title="bbox 352 2476 1769 2559">
    <p class='ocr_par' dir='ltr' id='par_1_42' title="bbox 352 2476 1769 2559">
     <span class='ocr_line' id='line_1_42' title="bbox 352 2476 1769 2559; baseline -0.002 -21"><span class='ocrx_word' id='word_1_291' title='bbox 352 2483 555 2559; x_wconf 76' lang='grc' dir='ltr'>ἔρωτα,</span> <span class='ocrx_word' id='word_1_292' title='bbox 594 2480 821 2556; x_wconf 81' lang='grc' dir='ltr'>βοηθοίη</span> <span class='ocrx_word' id='word_1_293' title='bbox 855 2479 986 2542; x_wconf 86' lang='grc' dir='ltr'>Θεὸς</span> <span class='ocrx_word' id='word_1_294' title='bbox 1016 2478 1103 2535; x_wconf 77' lang='grc' dir='ltr'>καὶ</span> <span class='ocrx_word' id='word_1_295' title='bbox 1134 2481 1234 2548; x_wconf 74' lang='grc' dir='ltr'>τὴν</span> <span class='ocrx_word' id='word_1_296' title='bbox 1267 2476 1404 2534; x_wconf 58' lang='grc' dir='ltr'>ἴασιν</span> <span class='ocrx_word' id='word_1_297' title='bbox 1434 2479 1769 2557; x_wconf 84' lang='grc' dir='ltr'>παρασχοίη.</span> 
     </span>
    </p>
   </div>
   <div class='ocr_carea' id='block_1_43' title="bbox 426 2566 2012 2642">
    <p class='ocr_par' dir='ltr' id='par_1_43' title="bbox 426 2566 2012 2642">
     <span class='ocr_line' id='line_1_43' title="bbox 426 2566 2012 2642; baseline -0.003 -15"><span class='ocrx_word' id='word_1_298' title='bbox 426 2577 657 2628; x_wconf 76' lang='lat' dir='ltr'><strong>XXVII.</strong></span> <span class='ocrx_word' id='word_1_299' title='bbox 710 2570 1043 2631; x_wconf 76' lang='grc' dir='ltr'>Ἐπακοόσας</span> <span class='ocrx_word' id='word_1_300' title='bbox 1104 2566 1162 2624; x_wconf 79' lang='grc' dir='ltr'>δὲ</span> <span class='ocrx_word' id='word_1_301' title='bbox 1208 2570 1237 2624; x_wconf 85' lang='grc' dir='ltr'>ὁ</span> <span class='ocrx_word' id='word_1_302' title='bbox 1284 2568 1528 2624; x_wconf 85' lang='grc' dir='ltr'>Ἀππίων</span> <span class='ocrx_word' id='word_1_303' title='bbox 1575 2576 1675 2639; x_wconf 82' lang='grc' dir='ltr'>τῆς</span> <span class='ocrx_word' id='word_1_304' title='bbox 1720 2567 2012 2642; x_wconf 84' lang='grc' dir='ltr'>ὑποκρίτου</span> 
     </span>
    </p>
   </div>
   <div class='ocr_carea' id='block_1_44' title="bbox 356 2656 2010 2738">
    <p class='ocr_par' dir='ltr' id='par_1_44' title="bbox 356 2656 2010 2738">
     <span class='ocr_line' id='line_1_44' title="bbox 356 2656 2010 2738; baseline 0.007 -2"><span class='ocrx_word' id='word_1_305' title='bbox 356 2663 720 2738; x_wconf 74' lang='grc' dir='ltr'>ἀντιγραφῆς,</span> <span class='ocrx_word' id='word_1_306' title='bbox 780 2656 898 2736; x_wconf 70' lang='grc' dir='ltr'>ἔφη·</span> <span class='ocrx_word' id='word_1_307' title='bbox 951 2660 1040 2729; x_wconf 71' lang='grc' dir='ltr'>Μή</span> <span class='ocrx_word' id='word_1_308' title='bbox 1099 2657 1153 2713; x_wconf 81' lang='grc' dir='ltr'>τί</span> <span class='ocrx_word' id='word_1_309' title='bbox 1205 2657 1425 2733; x_wconf 75' lang='grc' dir='ltr'>ἀλόγως</span> <span class='ocrx_word' id='word_1_310' title='bbox 1480 2656 1772 2720; x_wconf 65' lang='grc' dir='ltr'>Ἰουδαίους</span> <span class='ocrx_word' id='word_1_311' title='bbox 1826 2662 2010 2732; x_wconf 49' lang='lat' dir='ltr'>WG);</span> 
     </span>
    </p>
   </div>
   <div class='ocr_carea' id='block_1_45' title="bbox 354 2745 2013 2825">
    <p class='ocr_par' dir='ltr' id='par_1_45' title="bbox 354 2745 2013 2825">
     <span class='ocr_line' id='line_1_45' title="bbox 354 2745 2013 2825; baseline -0.001 -20"><span class='ocrx_word' id='word_1_312' title='bbox 354 2757 448 2806; x_wconf 75' lang='grc' dir='ltr'>νῦν</span> <span class='ocrx_word' id='word_1_313' title='bbox 486 2754 622 2825; x_wconf 83' lang='grc' dir='ltr'>γοῦν</span> <span class='ocrx_word' id='word_1_314' title='bbox 652 2748 853 2819; x_wconf 70' lang='grc' dir='ltr'>ταῦτην</span> <span class='ocrx_word' id='word_1_315' title='bbox 882 2751 925 2784; x_wconf 77' lang='grc'>⁵⁵</span> <span class='ocrx_word' id='word_1_316' title='bbox 952 2748 1036 2810; x_wconf 82' lang='grc' dir='ltr'>τίς</span> <span class='ocrx_word' id='word_1_317' title='bbox 1069 2768 1201 2802; x_wconf 88' lang='grc' dir='ltr'>ποτε</span> <span class='ocrx_word' id='word_1_318' title='bbox 1229 2748 1507 2825; x_wconf 85' lang='grc' dir='ltr'>συντυχὼν</span> <span class='ocrx_word' id='word_1_319' title='bbox 1543 2745 1825 2819; x_wconf 82' lang='grc' dir='ltr'>Ἰουδαῖος,</span> <span class='ocrx_word' id='word_1_320' title='bbox 1860 2750 2013 2805; x_wconf 78' lang='lat' dir='ltr'>I53</span> 
     </span>
    </p>
   </div>
   <div class='ocr_carea' id='block_1_46' title="bbox 357 2835 2016 2915">
    <p class='ocr_par' dir='ltr' id='par_1_46' title="bbox 357 2835 2016 2915">
     <span class='ocr_line' id='line_1_46' title="bbox 357 2835 2016 2915; baseline -0.002 -20"><span class='ocrx_word' id='word_1_321' title='bbox 357 2840 447 2896; x_wconf 77' lang='grc' dir='ltr'>καὶ</span> <span class='ocrx_word' id='word_1_322' title='bbox 504 2839 584 2901; x_wconf 76' lang='grc' dir='ltr'>εἷς</span> <span class='ocrx_word' id='word_1_323' title='bbox 639 2840 737 2907; x_wconf 76' lang='grc' dir='ltr'>τήν</span> <span class='ocrx_word' id='word_1_324' title='bbox 789 2836 1073 2913; x_wconf 71' lang='grc' dir='ltr'>θρησκείαν</span> <span class='ocrx_word' id='word_1_325' title='bbox 1134 2837 1455 2912; x_wconf 83' lang='grc' dir='ltr'>μεταγαγὼν</span> <span class='ocrx_word' id='word_1_326' title='bbox 1514 2835 1757 2891; x_wconf 75' lang='grc' dir='ltr'>ἀνέπεισε</span> <span class='ocrx_word' id='word_1_327' title='bbox 1807 2857 2016 2915; x_wconf 84' lang='grc' dir='ltr'>σωφρο-</span> 
     </span>
    </p>
   </div>
   <div class='ocr_carea' id='block_1_47' title="bbox 358 2922 2013 2995">
    <p class='ocr_par' dir='ltr' id='par_1_47' title="bbox 358 2922 2013 2995">
     <span class='ocr_line' id='line_1_47' title="bbox 358 2922 2013 2995; baseline -0.002 -12"><span class='ocrx_word' id='word_1_328' title='bbox 358 2935 497 2995; x_wconf 84' lang='grc' dir='ltr'>νεῖν,</span> <span class='ocrx_word' id='word_1_329' title='bbox 527 2926 619 2982; x_wconf 73' lang='grc' dir='ltr'>καὶ</span> <span class='ocrx_word' id='word_1_330' title='bbox 649 2922 911 2981; x_wconf 64' lang='grc' dir='ltr'>ἀδύνατόν</span> <span class='ocrx_word' id='word_1_331' title='bbox 959 2924 1067 2980; x_wconf 80' lang='grc' dir='ltr'>ἐστι</span> <span class='ocrx_word' id='word_1_332' title='bbox 1119 2930 1214 2981; x_wconf 86' lang='grc' dir='ltr'>τοῦ</span> <span class='ocrx_word' id='word_1_333' title='bbox 1261 2924 1460 2981; x_wconf 88' lang='grc' dir='ltr'>λοιποῦ</span> <span class='ocrx_word' id='word_1_334' title='bbox 1508 2925 1675 2994; x_wconf 75' lang='grc' dir='ltr'>αὐτὴν</span> <span class='ocrx_word' id='word_1_335' title='bbox 1717 2928 1761 2963; x_wconf 75' lang='grc'>⁸⁸</span> <span class='ocrx_word' id='word_1_336' title='bbox 1792 2925 1865 2987; x_wconf 80' lang='grc' dir='ltr'>είς</span> <span class='ocrx_word' id='word_1_337' title='bbox 1893 2947 2013 2980; x_wconf 90' lang='grc' dir='ltr'>κοι-</span> 
     </span>
    </p>
   </div>
   <div class='ocr_carea' id='block_1_48' title="bbox 360 3004 2013 3089">
    <p class='ocr_par' dir='ltr' id='par_1_48' title="bbox 360 3004 2013 3089">
     <span class='ocr_line' id='line_1_48' title="bbox 360 3004 2013 3089; baseline -0.002 -17"><span class='ocrx_word' id='word_1_338' title='bbox 360 3016 561 3072; x_wconf 68' lang='grc' dir='ltr'>νωνίαν</span> <span class='ocrx_word' id='word_1_339' title='bbox 626 3015 813 3089; x_wconf 79' lang='grc' dir='ltr'>ἒτὲρου</span> <span class='ocrx_word' id='word_1_340' title='bbox 868 3015 1012 3077; x_wconf 84' lang='grc' dir='ltr'>τινὸς</span> <span class='ocrx_word' id='word_1_341' title='bbox 1064 3013 1356 3086; x_wconf 76' lang='grc' dir='ltr'>συνελθεῖν,</span> <span class='ocrx_word' id='word_1_342' title='bbox 1409 3013 1493 3069; x_wconf 78' lang='grc' dir='ltr'>δτι</span> <span class='ocrx_word' id='word_1_343' title='bbox 1537 3016 1590 3069; x_wconf 77' lang='grc' dir='ltr'>οἱ</span> <span class='ocrx_word' id='word_1_344' title='bbox 1638 3004 1875 3069; x_wconf 85' lang='grc' dir='ltr'>τοιοῦτοῖ</span> <span class='ocrx_word' id='word_1_345' title='bbox 1924 3014 2013 3069; x_wconf 87' lang='grc' dir='ltr'>τὸν</span> 
     </span>
    </p>
   </div>
   <div class='ocr_carea' id='block_1_49' title="bbox 363 3103 2016 3183">
    <p class='ocr_par' dir='ltr' id='par_1_49' title="bbox 363 3103 2016 3183">
     <span class='ocr_line' id='line_1_49' title="bbox 363 3103 2016 3183; baseline -0.002 -21"><span class='ocrx_word' id='word_1_346' title='bbox 363 3108 499 3162; x_wconf 83' lang='grc' dir='ltr'>Θεὸν</span> <span class='ocrx_word' id='word_1_347' title='bbox 533 3107 609 3168; x_wconf 82' lang='grc' dir='ltr'>ὡς</span> <span class='ocrx_word' id='word_1_348' title='bbox 658 3104 1037 3175; x_wconf 84' lang='grc' dir='ltr'>παντεπόπτην</span> <span class='ocrx_word' id='word_1_349' title='bbox 1066 3108 1172 3159; x_wconf 89' lang='grc' dir='ltr'>τῶν</span> <span class='ocrx_word' id='word_1_350' title='bbox 1223 3103 1466 3181; x_wconf 80' lang='grc' dir='ltr'>πράξεων</span> <span class='ocrx_word' id='word_1_351' title='bbox 1517 3105 1837 3179; x_wconf 70' lang='grc' dir='ltr'>προθέμενοι</span> <span class='ocrx_word' id='word_1_352' title='bbox 1887 3103 2016 3183; x_wconf 83' lang='grc' dir='ltr'>σφό-</span> 
     </span>
    </p>
   </div>
   <div class='ocr_carea' id='block_1_50' title="bbox 364 3192 2015 3273">
    <p class='ocr_par' dir='ltr' id='par_1_50' title="bbox 364 3192 2015 3273">
     <span class='ocr_line' id='line_1_50' title="bbox 364 3192 2015 3273; baseline -0.002 -21"><span class='ocrx_word' id='word_1_353' title='bbox 364 3195 470 3273; x_wconf 80' lang='grc' dir='ltr'>δρα</span> <span class='ocrx_word' id='word_1_354' title='bbox 516 3201 817 3273; x_wconf 84' lang='grc' dir='ltr'>σωφρονεῖν</span> <span class='ocrx_word' id='word_1_355' title='bbox 868 3194 1310 3270; x_wconf 79' lang='grc' dir='ltr'>ὲγκαρτεροῦσιν,</span> <span class='ocrx_word' id='word_1_356' title='bbox 1360 3194 1434 3256; x_wconf 83' lang='grc' dir='ltr'>ὡς</span> <span class='ocrx_word' id='word_1_357' title='bbox 1493 3192 1676 3250; x_wconf 84' lang='grc' dir='ltr'>λαθεῖν</span> <span class='ocrx_word' id='word_1_358' title='bbox 1732 3194 1808 3269; x_wconf 74' lang='grc' dir='ltr'>μὴ</span> <span class='ocrx_word' id='word_1_359' title='bbox 1859 3192 2015 3249; x_wconf 86' lang='grc' dir='ltr'>δυνά-</span> 
     </span>
    </p>
   </div>
   <div class='ocr_carea' id='block_1_51' title="bbox 368 3307 543 3360">
    <p class='ocr_par' dir='ltr' id='par_1_51' title="bbox 368 3307 543 3360">
     <span class='ocr_line' id='line_1_51' title="bbox 368 3307 543 3360; baseline 0.011 -21"><span class='ocrx_word' id='word_1_360' title='bbox 368 3307 543 3360; x_wconf 81' lang='grc' dir='ltr'>μενοι.</span> 
     </span>
    </p>
   </div>
   <div class='ocr_carea' id='block_1_52' title="bbox 439 3370 2017 3450">
    <p class='ocr_par' dir='ltr' id='par_1_52' title="bbox 439 3370 2017 3450">
     <span class='ocr_line' id='line_1_52' title="bbox 439 3370 2017 3450; baseline -0.002 -20"><span class='ocrx_word' id='word_1_361' title='bbox 439 3376 693 3430; x_wconf 79' lang='lat' dir='ltr'>XXVIII.</span> <span class='ocrx_word' id='word_1_362' title='bbox 726 3377 903 3429; x_wconf 83' lang='grc' dir='ltr'>Ταῦτα</span> <span class='ocrx_word' id='word_1_363' title='bbox 956 3371 1205 3444; x_wconf 71' lang='grc' dir='ltr'>ἀκούσας,</span> <span class='ocrx_word' id='word_1_364' title='bbox 1260 3371 1392 3450; x_wconf 76' lang='grc' dir='ltr'>ἔφην</span> <span class='ocrx_word' id='word_1_365' title='bbox 1442 3376 1521 3445; x_wconf 81' lang='grc' dir='ltr'>τῷ</span> <span class='ocrx_word' id='word_1_366' title='bbox 1574 3371 1861 3430; x_wconf 85' lang='grc' dir='ltr'>Ἀππίωνι’</span> <span class='ocrx_word' id='word_1_367' title='bbox 1913 3370 2017 3427; x_wconf 73' lang='grc' dir='ltr'>Νῦν</span> 
     </span>
    </p>
   </div>
   <div class='ocr_carea' id='block_1_53' title="bbox 366 3460 2022 3537">
    <p class='ocr_par' dir='ltr' id='par_1_53' title="bbox 366 3460 2022 3537">
     <span class='ocr_line' id='line_1_53' title="bbox 366 3460 2022 3537; baseline -0.002 -18"><span class='ocrx_word' id='word_1_368' title='bbox 366 3486 455 3519; x_wconf 81' lang='grc' dir='ltr'>σοι</span> <span class='ocrx_word' id='word_1_369' title='bbox 506 3464 573 3518; x_wconf 67' lang='grc' dir='ltr'>τὰ</span> <span class='ocrx_word' id='word_1_370' title='bbox 618 3462 800 3531; x_wconf 79' lang='grc' dir='ltr'>ἀληθῆ</span> <span class='ocrx_word' id='word_1_371' title='bbox 848 3460 1202 3537; x_wconf 74' lang='grc' dir='ltr'>ὁμολογήσω.</span> <span class='ocrx_word' id='word_1_372' title='bbox 1254 3462 1393 3537; x_wconf 87' lang='grc' dir='ltr'>Ἐγὼ</span> <span class='ocrx_word' id='word_1_373' title='bbox 1442 3462 1689 3537; x_wconf 83' lang='grc' dir='ltr'>γυναικὸς</span> <span class='ocrx_word' id='word_1_374' title='bbox 1740 3461 1839 3517; x_wconf 83' lang='grc' dir='ltr'>οὐκ</span> <span class='ocrx_word' id='word_1_375' title='bbox 1884 3461 2022 3535; x_wconf 81' lang='grc' dir='ltr'>ἠρά-</span> 
     </span>
    </p>
   </div>
   <div class='ocr_carea' id='block_1_54' title="bbox 368 3548 2023 3627">
    <p class='ocr_par' dir='ltr' id='par_1_54' title="bbox 368 3548 2023 3627">
     <span class='ocr_line' id='line_1_54' title="bbox 368 3548 2023 3627; baseline -0.001 -19"><span class='ocrx_word' id='word_1_376' title='bbox 368 3566 504 3621; x_wconf 77' lang='grc' dir='ltr'>σθην</span> <span class='ocrx_word' id='word_1_377' title='bbox 538 3549 666 3606; x_wconf 70' lang='grc' dir='ltr'>οὐδὲ</span> <span class='ocrx_word' id='word_1_378' title='bbox 698 3550 867 3607; x_wconf 74' lang='grc' dir='ltr'>ἂλκου</span> <span class='ocrx_word' id='word_1_379' title='bbox 900 3551 1070 3612; x_wconf 88' lang='grc' dir='ltr'>τινὸς,</span> <span class='ocrx_word' id='word_1_380' title='bbox 1111 3549 1249 3604; x_wconf 85' lang='grc' dir='ltr'>πάνυ</span> <span class='ocrx_word' id='word_1_381' title='bbox 1303 3571 1407 3623; x_wconf 87' lang='grc' dir='ltr'>μου</span> <span class='ocrx_word' id='word_1_382' title='bbox 1436 3558 1536 3620; x_wconf 85' lang='grc' dir='ltr'>τῆς</span> <span class='ocrx_word' id='word_1_383' title='bbox 1567 3553 1751 3627; x_wconf 79' lang='grc' dir='ltr'>ψυχῆς</span> <span class='ocrx_word' id='word_1_384' title='bbox 1795 3548 2023 3606; x_wconf 86' lang='grc' dir='ltr'>δεδαπα-</span> 
     </span>
    </p>
   </div>
   <div class='ocr_carea' id='block_1_55' title="bbox 366 3637 2022 3717">
    <p class='ocr_par' dir='ltr' id='par_1_55' title="bbox 366 3637 2022 3717">
     <span class='ocr_line' id='line_1_55' title="bbox 366 3637 2022 3717; baseline 0 -22"><span class='ocrx_word' id='word_1_385' title='bbox 366 3644 619 3714; x_wconf 73' lang='grc' dir='ltr'>νημὲνης</span> <span class='ocrx_word' id='word_1_386' title='bbox 651 3640 788 3717; x_wconf 85' lang='grc' dir='ltr'>πρὸς</span> <span class='ocrx_word' id='word_1_387' title='bbox 836 3638 1009 3701; x_wconf 73' lang='grc' dir='ltr'>ἄλλας</span> <span class='ocrx_word' id='word_1_388' title='bbox 1060 3637 1344 3712; x_wconf 71' lang='grc' dir='ltr'>ἐπιθυμίας</span> <span class='ocrx_word' id='word_1_389' title='bbox 1389 3638 1478 3693; x_wconf 80' lang='grc' dir='ltr'>καὶ</span> <span class='ocrx_word' id='word_1_390' title='bbox 1527 3640 1664 3715; x_wconf 87' lang='grc' dir='ltr'>πρὸς</span> <span class='ocrx_word' id='word_1_391' title='bbox 1712 3640 1933 3711; x_wconf 81' lang='grc' dir='ltr'>ἀληθῶν</span> <span class='ocrx_word' id='word_1_392' title='bbox 1979 3643 2022 3678; x_wconf 76' lang='grc'>⁵⁷</span> 
     </span>
    </p>
   </div>
   <div class='ocr_carea' id='block_1_56' title="bbox 369 3727 2022 3807">
    <p class='ocr_par' dir='ltr' id='par_1_56' title="bbox 369 3727 2022 3807">
     <span class='ocr_line' id='line_1_56' title="bbox 369 3727 2022 3807; baseline -0.001 -21"><span class='ocrx_word' id='word_1_393' title='bbox 369 3730 668 3807; x_wconf 74' lang='grc' dir='ltr'>δογμάτων</span> <span class='ocrx_word' id='word_1_394' title='bbox 701 3729 923 3805; x_wconf 69' lang='grc' dir='ltr'>εὕρεσιν.</span> <span class='ocrx_word' id='word_1_395' title='bbox 960 3728 1054 3782; x_wconf 79' lang='grc' dir='ltr'>Καὶ</span> <span class='ocrx_word' id='word_1_396' title='bbox 1090 3729 1255 3803; x_wconf 60' lang='grc' dir='ltr'>μέχρι</span> <span class='ocrx_word' id='word_1_397' title='bbox 1282 3732 1381 3783; x_wconf 88' lang='grc' dir='ltr'>τοῦ</span> <span class='ocrx_word' id='word_1_398' title='bbox 1411 3733 1517 3797; x_wconf 85' lang='grc' dir='ltr'>νῦν,</span> <span class='ocrx_word' id='word_1_399' title='bbox 1549 3727 1761 3791; x_wconf 77' lang='grc' dir='ltr'>πολλὰς</span> <span class='ocrx_word' id='word_1_400' title='bbox 1795 3731 2022 3803; x_wconf 77' lang='grc' dir='ltr'>γνώμας</span> 
     </span>
    </p>
   </div>
   <div class='ocr_carea' id='block_1_57' title="bbox 369 3815 2021 3898">
    <p class='ocr_par' dir='ltr' id='par_1_57' title="bbox 369 3815 2021 3898">
     <span class='ocr_line' id='line_1_57' title="bbox 369 3815 2021 3898; baseline 0.002 -27"><span class='ocrx_word' id='word_1_401' title='bbox 369 3818 693 3898; x_wconf 59' lang='grc' dir='ltr'>φιλοσόφων</span> <span class='ocrx_word' id='word_1_402' title='bbox 744 3815 1134 3887; x_wconf 61' lang='grc' dir='ltr'>διασιωπήσας,</span> <span class='ocrx_word' id='word_1_403' title='bbox 1182 3816 1319 3894; x_wconf 86' lang='grc' dir='ltr'>πρὸς</span> <span class='ocrx_word' id='word_1_404' title='bbox 1361 3815 1551 3872; x_wconf 70' lang='grc' dir='ltr'>οὐδένα</span> <span class='ocrx_word' id='word_1_405' title='bbox 1602 3817 1775 3873; x_wconf 82' lang='grc' dir='ltr'>αὐτῶν</span> <span class='ocrx_word' id='word_1_406' title='bbox 1815 3816 2021 3891; x_wconf 79' lang='grc' dir='ltr'>ἔνευσα,</span> 
     </span>
    </p>
   </div>
   <div class='ocr_carea' id='block_1_58' title="bbox 365 3904 2024 3982">
    <p class='ocr_par' dir='ltr' id='par_1_58' title="bbox 365 3904 2024 3982">
     <span class='ocr_line' id='line_1_58' title="bbox 365 3904 2024 3982; baseline 0.001 -19"><span class='ocrx_word' id='word_1_407' title='bbox 365 3911 401 3978; x_wconf 69' lang='grc' dir='ltr'><strong>ἢ</strong></span> <span class='ocrx_word' id='word_1_408' title='bbox 452 3910 593 3982; x_wconf 81' lang='grc' dir='ltr'>πρὸς</span> <span class='ocrx_word' id='word_1_409' title='bbox 638 3909 703 3963; x_wconf 87' lang='grc' dir='ltr'>τὸ</span> <span class='ocrx_word' id='word_1_410' title='bbox 752 3904 1026 3963; x_wconf 83' lang='grc' dir='ltr'>Ἰουδαίων</span> <span class='ocrx_word' id='word_1_411' title='bbox 1083 3906 1246 3979; x_wconf 84' lang='grc' dir='ltr'>μόνον</span> <span class='ocrx_word' id='word_1_412' title='bbox 1284 3950 1297 3975; x_wconf 90' lang='grc'>,</span> <span class='ocrx_word' id='word_1_413' title='bbox 1347 3905 1591 3981; x_wconf 80' lang='grc' dir='ltr'>ἐμπόρου</span> <span class='ocrx_word' id='word_1_414' title='bbox 1638 3908 1784 3970; x_wconf 87' lang='grc' dir='ltr'>τινὸς</span> <span class='ocrx_word' id='word_1_415' title='bbox 1848 3908 2024 3964; x_wconf 78' lang='grc' dir='ltr'>αὐτῶν</span> 
     </span>
    </p>
   </div>
   <div class='ocr_carea' id='block_1_59' title="bbox 366 3994 2028 4073">
    <p class='ocr_par' dir='ltr' id='par_1_59' title="bbox 366 3994 2028 4073">
     <span class='ocr_line' id='line_1_59' title="bbox 366 3994 2028 4073; baseline -0.001 -19"><span class='ocrx_word' id='word_1_416' title='bbox 366 3998 567 4062; x_wconf 71' lang='grc' dir='ltr'>ὀθόνας</span> <span class='ocrx_word' id='word_1_417' title='bbox 616 3997 1019 4073; x_wconf 81' lang='grc' dir='ltr'>πιπράσκοντος</span> <span class='ocrx_word' id='word_1_418' title='bbox 1070 3995 1293 4059; x_wconf 81' lang='grc' dir='ltr'>ἐνταῦθα</span> <span class='ocrx_word' id='word_1_419' title='bbox 1340 3994 1409 4070; x_wconf 70' lang='grc' dir='ltr'>τῇ</span> <span class='ocrx_word' id='word_1_420' title='bbox 1460 3996 1646 4071; x_wconf 80' lang='grc' dir='ltr'>Ῥώμῃ</span> <span class='ocrx_word' id='word_1_421' title='bbox 1693 3995 2028 4071; x_wconf 83' lang='grc' dir='ltr'>ἐπιδεδημη-</span> 
     </span>
    </p>
   </div>
   <div class='ocr_carea' id='block_1_60' title="bbox 364 4084 2024 4163">
    <p class='ocr_par' dir='ltr' id='par_1_60' title="bbox 364 4084 2024 4163">
     <span class='ocr_line' id='line_1_60' title="bbox 364 4084 2024 4163; baseline -0.001 -21"><span class='ocrx_word' id='word_1_422' title='bbox 364 4088 556 4159; x_wconf 81' lang='grc' dir='ltr'>κότος,</span> <span class='ocrx_word' id='word_1_423' title='bbox 588 4088 677 4142; x_wconf 83' lang='grc' dir='ltr'>καὶ</span> <span class='ocrx_word' id='word_1_424' title='bbox 710 4085 769 4141; x_wconf 81' lang='grc' dir='ltr'>ἔκ</span> <span class='ocrx_word' id='word_1_425' title='bbox 798 4106 944 4148; x_wconf 86' lang='grc' dir='ltr'>τινος</span> <span class='ocrx_word' id='word_1_426' title='bbox 976 4084 1265 4161; x_wconf 86' lang='grc' dir='ltr'>συντυχίας</span> <span class='ocrx_word' id='word_1_427' title='bbox 1296 4084 1496 4161; x_wconf 82' lang='grc' dir='ltr'>ἀγαθῆς</span> <span class='ocrx_word' id='word_1_428' title='bbox 1528 4084 1893 4163; x_wconf 79' lang='grc' dir='ltr'>άπλούστερόν</span> <span class='ocrx_word' id='word_1_429' title='bbox 1931 4108 2024 4160; x_wconf 90' lang='grc' dir='ltr'>μοι</span> 
     </span>
    </p>
   </div>
   <div class='ocr_carea' id='block_1_61' title="bbox 364 4174 1518 4252">
    <p class='ocr_par' dir='ltr' id='par_1_61' title="bbox 364 4174 1518 4252">
     <span class='ocr_line' id='line_1_61' title="bbox 364 4174 1518 4252; baseline -0.003 -19"><span class='ocrx_word' id='word_1_430' title='bbox 364 4179 433 4233; x_wconf 83' lang='grc' dir='ltr'>τὸ</span> <span class='ocrx_word' id='word_1_431' title='bbox 469 4175 809 4252; x_wconf 78' lang='grc' dir='ltr'>μοναρχικὸν</span> <span class='ocrx_word' id='word_1_432' title='bbox 842 4174 1095 4252; x_wconf 84' lang='grc' dir='ltr'>φρόνημα</span> <span class='ocrx_word' id='word_1_433' title='bbox 1119 4176 1518 4249; x_wconf 56' lang='grc' dir='ltr'>παραθεμένου.</span> 
     </span>
    </p>
   </div>
   <div class='ocr_carea' id='block_1_62' title="bbox 443 4260 2026 4336">
    <p class='ocr_par' dir='ltr' id='par_1_62' title="bbox 443 4260 2026 4336">
     <span class='ocr_line' id='line_1_62' title="bbox 443 4260 2026 4336; baseline 0.001 -16"><span class='ocrx_word' id='word_1_434' title='bbox 443 4268 639 4324; x_wconf 77' lang='lat' dir='ltr'><strong>XXIX.</strong></span> <span class='ocrx_word' id='word_1_435' title='bbox 691 4265 952 4326; x_wconf 62' lang='grc' dir='ltr'>Ἀκούσας</span> <span class='ocrx_word' id='word_1_436' title='bbox 1008 4260 1065 4318; x_wconf 76' lang='grc' dir='ltr'><strong>δέ</strong></span> <span class='ocrx_word' id='word_1_437' title='bbox 1116 4284 1222 4335; x_wconf 84' lang='grc' dir='ltr'>μου</span> <span class='ocrx_word' id='word_1_438' title='bbox 1268 4270 1369 4333; x_wconf 82' lang='grc' dir='ltr'>τῆς</span> <span class='ocrx_word' id='word_1_439' title='bbox 1410 4262 1666 4333; x_wconf 82' lang='grc' dir='ltr'>ἀληθείας</span> <span class='ocrx_word' id='word_1_440' title='bbox 1699 4264 2026 4336; x_wconf 82' lang='grc' dir='ltr'>ὁἈππίων,</span> 
     </span>
    </p>
   </div>
   <div class='ocr_carea' id='block_1_63' title="bbox 368 4348 2027 4427">
    <p class='ocr_par' dir='ltr' id='par_1_63' title="bbox 368 4348 2027 4427">
     <span class='ocr_line' id='line_1_63' title="bbox 368 4348 2027 4427; baseline -0.001 -18"><span class='ocrx_word' id='word_1_441' title='bbox 368 4356 398 4409; x_wconf 80' lang='grc' dir='ltr'>ὁ</span> <span class='ocrx_word' id='word_1_442' title='bbox 432 4352 659 4427; x_wconf 80' lang='grc' dir='ltr'>ἀλόγως</span> <span class='ocrx_word' id='word_1_443' title='bbox 710 4356 883 4425; x_wconf 83' lang='grc' dir='ltr'>μισῶν</span> <span class='ocrx_word' id='word_1_444' title='bbox 932 4352 994 4405; x_wconf 87' lang='grc' dir='ltr'>τὸ</span> <span class='ocrx_word' id='word_1_445' title='bbox 1041 4348 1343 4420; x_wconf 80' lang='grc' dir='ltr'>Ἰουδαίων,</span> <span class='ocrx_word' id='word_1_446' title='bbox 1393 4351 1482 4405; x_wconf 81' lang='grc' dir='ltr'>καὶ</span> <span class='ocrx_word' id='word_1_447' title='bbox 1510 4350 1564 4406; x_wconf 88' lang='grc' dir='ltr'>τί</span> <span class='ocrx_word' id='word_1_448' title='bbox 1602 4351 1733 4407; x_wconf 74' lang='grc' dir='ltr'>ποτὲ</span> <span class='ocrx_word' id='word_1_449' title='bbox 1762 4352 1900 4408; x_wconf 80' lang='grc' dir='ltr'>ἐστιν</span> <span class='ocrx_word' id='word_1_450' title='bbox 1934 4353 2027 4408; x_wconf 73' lang='grc' dir='ltr'>αὖ·</span> 
     </span>
    </p>
   </div>
   <div class='ocr_carea' id='block_1_64' title="bbox 364 4437 2028 4519">
    <p class='ocr_par' dir='ltr' id='par_1_64' title="bbox 364 4437 2028 4519">
     <span class='ocr_line' id='line_1_64' title="bbox 364 4437 2028 4519; baseline 0 -21"><span class='ocrx_word' id='word_1_451' title='bbox 364 4449 475 4499; x_wconf 79' lang='grc' dir='ltr'>τῶν</span> <span class='ocrx_word' id='word_1_452' title='bbox 508 4443 573 4497; x_wconf 89' lang='grc' dir='ltr'>τὸ</span> <span class='ocrx_word' id='word_1_453' title='bbox 602 4442 791 4496; x_wconf 85' lang='grc' dir='ltr'>πιστὸν</span> <span class='ocrx_word' id='word_1_454' title='bbox 824 4438 947 4495; x_wconf 71' lang='grc' dir='ltr'>οὔτε</span> <span class='ocrx_word' id='word_1_455' title='bbox 979 4438 1135 4502; x_wconf 78' lang='grc' dir='ltr'>εἰδὼς</span> <span class='ocrx_word' id='word_1_456' title='bbox 1185 4437 1306 4494; x_wconf 73' lang='grc' dir='ltr'>οὔτε</span> <span class='ocrx_word' id='word_1_457' title='bbox 1338 4439 1534 4495; x_wconf 67' lang='grc' dir='ltr'>εἰδέναι</span> <span class='ocrx_word' id='word_1_458' title='bbox 1572 4440 1767 4509; x_wconf 71' lang='grc' dir='ltr'>θέλων,</span> <span class='ocrx_word' id='word_1_459' title='bbox 1793 4441 2028 4519; x_wconf 86' lang='grc' dir='ltr'>ἀκρίτως</span> 
     </span>
    </p>
   </div>
   <div class='ocr_carea' id='block_1_65' title="bbox 372 4527 2031 4609">
    <p class='ocr_par' dir='ltr' id='par_1_65' title="bbox 372 4527 2031 4609">
     <span class='ocr_line' id='line_1_65' title="bbox 372 4527 2031 4609; baseline -0.001 -21"><span class='ocrx_word' id='word_1_460' title='bbox 372 4532 650 4609; x_wconf 74' lang='grc' dir='ltr'>ὀργισθεῖς</span> <span class='ocrx_word' id='word_1_461' title='bbox 692 4532 763 4601; x_wconf 73' lang='grc' dir='ltr'>τῇ</span> <span class='ocrx_word' id='word_1_462' title='bbox 803 4529 983 4603; x_wconf 71' lang='grc' dir='ltr'>σιωπῇ</span> <span class='ocrx_word' id='word_1_463' title='bbox 1014 4528 1064 4599; x_wconf 73' lang='grc' dir='ltr'>ἐξ</span> <span class='ocrx_word' id='word_1_464' title='bbox 1116 4528 1279 4598; x_wconf 67' lang='grc' dir='ltr'>αὐτῆς</span> <span class='ocrx_word' id='word_1_465' title='bbox 1322 4527 1430 4599; x_wconf 72' lang='grc' dir='ltr'>ἤδη</span> <span class='ocrx_word' id='word_1_466' title='bbox 1474 4537 1573 4600; x_wconf 82' lang='grc' dir='ltr'>τῆς</span> <span class='ocrx_word' id='word_1_467' title='bbox 1603 4532 1820 4603; x_wconf 83' lang='grc' dir='ltr'>Ῥώμης</span> <span class='ocrx_word' id='word_1_468' title='bbox 1851 4530 2031 4603; x_wconf 89' lang='grc' dir='ltr'>ἀπηλ-</span> 
     </span>
    </p>
   </div>
   <div class='ocr_carea' id='block_1_66' title="bbox 2118 1946 3762 2019">
    <p class='ocr_par' dir='ltr' id='par_1_66' title="bbox 2118 1946 3762 2019">
     <span class='ocr_line' id='line_1_66' title="bbox 2118 1946 3762 2019; baseline 0 -15"><span class='ocrx_word' id='word_1_469' title='bbox 2118 1946 2435 2019; x_wconf 84' lang='lat' dir='ltr'>exstinguit</span> <span class='ocrx_word' id='word_1_470' title='bbox 2464 1946 2678 2018; x_wconf 86' lang='lat' dir='ltr'>ignem,</span> <span class='ocrx_word' id='word_1_471' title='bbox 2711 1946 2789 2001; x_wconf 87' lang='lat' dir='ltr'>ita</span> <span class='ocrx_word' id='word_1_472' title='bbox 2818 1947 2994 2002; x_wconf 87' lang='lat' dir='ltr'>etiam</span> <span class='ocrx_word' id='word_1_473' title='bbox 3018 1948 3194 2003; x_wconf 91' lang='lat' dir='ltr'>timor</span> <span class='ocrx_word' id='word_1_474' title='bbox 3214 1947 3327 2002; x_wconf 91' lang='lat' dir='ltr'>vim</span> <span class='ocrx_word' id='word_1_475' title='bbox 3354 1948 3527 2003; x_wconf 83' lang='lat' dir='ltr'>habet</span> <span class='ocrx_word' id='word_1_476' title='bbox 3548 1952 3762 2005; x_wconf 79' lang='lat' dir='ltr'>exstin-</span> 
     </span>
    </p>
   </div>
   <div class='ocr_carea' id='block_1_67' title="bbox 2117 2037 3756 2111">
    <p class='ocr_par' dir='ltr' id='par_1_67' title="bbox 2117 2037 3756 2111">
     <span class='ocr_line' id='line_1_67' title="bbox 2117 2037 3756 2111; baseline 0.001 -19"><span class='ocrx_word' id='word_1_477' title='bbox 2117 2037 2332 2111; x_wconf 87' lang='lat' dir='ltr'>guendi</span> <span class='ocrx_word' id='word_1_478' title='bbox 2366 2053 2601 2108; x_wconf 85' lang='lat' dir='ltr'>pravam</span> <span class='ocrx_word' id='word_1_479' title='bbox 2634 2037 3035 2107; x_wconf 87' lang='lat' dir='ltr'>cupiditatem.</span> <span class='ocrx_word' id='word_1_480' title='bbox 3072 2038 3351 2103; x_wconf 88' lang='lat' dir='ltr'>Quocirca</span> <span class='ocrx_word' id='word_1_481' title='bbox 3380 2054 3506 2109; x_wconf 88' lang='lat' dir='ltr'>ego,</span> <span class='ocrx_word' id='word_1_482' title='bbox 3541 2044 3601 2093; x_wconf 92' lang='lat' dir='ltr'>ut</span> <span class='ocrx_word' id='word_1_483' title='bbox 3631 2056 3756 2110; x_wconf 71' lang='lat' dir='ltr'>quas</span> 
     </span>
    </p>
   </div>
   <div class='ocr_carea' id='block_1_68' title="bbox 2118 2124 3762 2197">
    <p class='ocr_par' dir='ltr' id='par_1_68' title="bbox 2118 2124 3762 2197">
     <span class='ocr_line' id='line_1_68' title="bbox 2118 2124 3762 2197; baseline 0.002 -16"><span class='ocrx_word' id='word_1_484' title='bbox 2118 2143 2151 2181; x_wconf 91' lang='lat' dir='ltr'>a</span> <span class='ocrx_word' id='word_1_485' title='bbox 2181 2126 2435 2197; x_wconf 90' lang='lat' dir='ltr'>quodam</span> <span class='ocrx_word' id='word_1_486' title='bbox 2465 2124 2663 2179; x_wconf 66' lang='lat' dir='ltr'>Judaeo</span> <span class='ocrx_word' id='word_1_487' title='bbox 2717 2125 3020 2180; x_wconf 85' lang='lat' dir='ltr'>didicerim</span> <span class='ocrx_word' id='word_1_488' title='bbox 3067 2129 3123 2180; x_wconf 89' lang='lat' dir='ltr'>et</span> <span class='ocrx_word' id='word_1_489' title='bbox 3169 2126 3421 2197; x_wconf 88' lang='lat' dir='ltr'>cogitare</span> <span class='ocrx_word' id='word_1_490' title='bbox 3473 2133 3528 2182; x_wconf 88' lang='lat' dir='ltr'>et</span> <span class='ocrx_word' id='word_1_491' title='bbox 3575 2128 3762 2185; x_wconf 82' lang='lat' dir='ltr'>facere</span> 
     </span>
    </p>
   </div>
   <div class='ocr_carea' id='block_1_69' title="bbox 2119 2213 3760 2288">
    <p class='ocr_par' dir='ltr' id='par_1_69' title="bbox 2119 2213 3760 2288">
     <span class='ocr_line' id='line_1_69' title="bbox 2119 2213 3760 2288; baseline 0.001 -18"><span class='ocrx_word' id='word_1_492' title='bbox 2119 2233 2247 2287; x_wconf 65' lang='lat' dir='ltr'>qua:</span> <span class='ocrx_word' id='word_1_493' title='bbox 2278 2223 2460 2270; x_wconf 78' lang='lat' dir='ltr'>neum</span> <span class='ocrx_word' id='word_1_494' title='bbox 2487 2215 2710 2277; x_wconf 90' lang='lat' dir='ltr'>decent,</span> <span class='ocrx_word' id='word_1_495' title='bbox 2744 2232 2846 2286; x_wconf 87' lang='lat' dir='ltr'>per</span> <span class='ocrx_word' id='word_1_496' title='bbox 2879 2213 3054 2270; x_wconf 83' lang='lat' dir='ltr'>falsas</span> <span class='ocrx_word' id='word_1_497' title='bbox 3104 2215 3331 2270; x_wconf 87' lang='lat' dir='ltr'>fabulas</span> <span class='ocrx_word' id='word_1_498' title='bbox 3380 2216 3437 2270; x_wconf 92' lang='lat' dir='ltr'>in</span> <span class='ocrx_word' id='word_1_499' title='bbox 3487 2224 3760 2288; x_wconf 89' lang='lat' dir='ltr'>stuprum</span> 
     </span>
    </p>
   </div>
   <div class='ocr_carea' id='block_1_70' title="bbox 2120 2304 3761 2376">
    <p class='ocr_par' dir='ltr' id='par_1_70' title="bbox 2120 2304 3761 2376">
     <span class='ocr_line' id='line_1_70' title="bbox 2120 2304 3761 2376; baseline 0.002 -17"><span class='ocrx_word' id='word_1_500' title='bbox 2120 2304 2328 2361; x_wconf 89' lang='lat' dir='ltr'>adduci</span> <span class='ocrx_word' id='word_1_501' title='bbox 2358 2321 2471 2359; x_wconf 92' lang='lat' dir='ltr'>non</span> <span class='ocrx_word' id='word_1_502' title='bbox 2505 2320 2771 2375; x_wconf 89' lang='lat' dir='ltr'>possum.</span> <span class='ocrx_word' id='word_1_503' title='bbox 2798 2304 2923 2358; x_wconf 90' lang='lat' dir='ltr'>Tibi</span> <span class='ocrx_word' id='word_1_504' title='bbox 2953 2320 3103 2368; x_wconf 87' lang='lat' dir='ltr'>vero,</span> <span class='ocrx_word' id='word_1_505' title='bbox 3129 2305 3383 2376; x_wconf 86' lang='lat' dir='ltr'>cupienti</span> <span class='ocrx_word' id='word_1_506' title='bbox 3413 2322 3478 2360; x_wconf 92' lang='lat' dir='ltr'>ac</span> <span class='ocrx_word' id='word_1_507' title='bbox 3502 2306 3761 2362; x_wconf 87' lang='lat' dir='ltr'>studenti</span> 
     </span>
    </p>
   </div>
   <div class='ocr_carea' id='block_1_71' title="bbox 2121 2392 3765 2466">
    <p class='ocr_par' dir='ltr' id='par_1_71' title="bbox 2121 2392 3765 2466">
     <span class='ocr_line' id='line_1_71' title="bbox 2121 2392 3765 2466; baseline 0.002 -18"><span class='ocrx_word' id='word_1_508' title='bbox 2121 2397 2277 2449; x_wconf 88' lang='lat' dir='ltr'>caste</span> <span class='ocrx_word' id='word_1_509' title='bbox 2307 2392 2513 2459; x_wconf 88' lang='lat' dir='ltr'>vivere,</span> <span class='ocrx_word' id='word_1_510' title='bbox 2548 2392 2873 2464; x_wconf 59' lang='lat' dir='ltr'>animmque</span> <span class='ocrx_word' id='word_1_511' title='bbox 2905 2393 2974 2447; x_wconf 90' lang='lat' dir='ltr'>ad</span> <span class='ocrx_word' id='word_1_512' title='bbox 3000 2410 3257 2448; x_wconf 87' lang='lat' dir='ltr'>amorem</span> <span class='ocrx_word' id='word_1_513' title='bbox 3290 2394 3581 2466; x_wconf 86' lang='lat' dir='ltr'>ﬂagranti,</span> <span class='ocrx_word' id='word_1_514' title='bbox 3616 2400 3765 2451; x_wconf 87' lang='lat' dir='ltr'>Deus</span> 
     </span>
    </p>
   </div>
   <div class='ocr_carea' id='block_1_72' title="bbox 2122 2481 3570 2553">
    <p class='ocr_par' dir='ltr' id='par_1_72' title="bbox 2122 2481 3570 2553">
     <span class='ocr_line' id='line_1_72' title="bbox 2122 2481 3570 2553; baseline 0.002 -15"><span class='ocrx_word' id='word_1_515' title='bbox 2122 2481 2401 2538; x_wconf 77' lang='lat' dir='ltr'>auxilium</span> <span class='ocrx_word' id='word_1_516' title='bbox 2434 2481 2706 2553; x_wconf 68' lang='lat' dir='ltr'>praebeat,</span> <span class='ocrx_word' id='word_1_517' title='bbox 2741 2486 2913 2553; x_wconf 88' lang='lat' dir='ltr'>atque</span> <span class='ocrx_word' id='word_1_518' title='bbox 2946 2482 3167 2538; x_wconf 90' lang='lat' dir='ltr'>tribuat</span> <span class='ocrx_word' id='word_1_519' title='bbox 3199 2483 3570 2541; x_wconf 82' lang='lat' dir='ltr'>medicinam.</span> 
     </span>
    </p>
   </div>
   <div class='ocr_carea' id='block_1_73' title="bbox 2194 2570 3764 2646">
    <p class='ocr_par' dir='ltr' id='par_1_73' title="bbox 2194 2570 3764 2646">
     <span class='ocr_line' id='line_1_73' title="bbox 2194 2570 3764 2646; baseline 0.002 -20"><span class='ocrx_word' id='word_1_520' title='bbox 2194 2570 2406 2627; x_wconf 82' lang='lat' dir='ltr'><strong>XXVII.</strong></span> <span class='ocrx_word' id='word_1_521' title='bbox 2443 2570 2654 2626; x_wconf 90' lang='lat' dir='ltr'>Audito</span> <span class='ocrx_word' id='word_1_522' title='bbox 2705 2575 2901 2626; x_wconf 89' lang='lat' dir='ltr'>autem</span> <span class='ocrx_word' id='word_1_523' title='bbox 2953 2571 3154 2627; x_wconf 81' lang='lat' dir='ltr'>ﬁctitio</span> <span class='ocrx_word' id='word_1_524' title='bbox 3198 2572 3502 2643; x_wconf 88' lang='lat' dir='ltr'>rescripto,</span> <span class='ocrx_word' id='word_1_525' title='bbox 3533 2574 3764 2646; x_wconf 84' lang='lat' dir='ltr'>Appion</span> 
     </span>
    </p>
   </div>
   <div class='ocr_carea' id='block_1_74' title="bbox 2124 2659 3767 2735">
    <p class='ocr_par' dir='ltr' id='par_1_74' title="bbox 2124 2659 3767 2735">
     <span class='ocr_line' id='line_1_74' title="bbox 2124 2659 3767 2735; baseline 0.001 -18"><span class='ocrx_word' id='word_1_526' title='bbox 2124 2661 2315 2717; x_wconf 84' lang='lat' dir='ltr'>dixit:</span> <span class='ocrx_word' id='word_1_527' title='bbox 2361 2664 2448 2716; x_wconf 86' lang='lat' dir='ltr'>An</span> <span class='ocrx_word' id='word_1_528' title='bbox 2498 2661 2623 2716; x_wconf 91' lang='lat' dir='ltr'>sine</span> <span class='ocrx_word' id='word_1_529' title='bbox 2670 2660 2893 2715; x_wconf 90' lang='lat' dir='ltr'>ratione</span> <span class='ocrx_word' id='word_1_530' title='bbox 2934 2659 3167 2716; x_wconf 65' lang='lat' dir='ltr'>Judmos</span> <span class='ocrx_word' id='word_1_531' title='bbox 3216 2661 3360 2717; x_wconf 82' lang='lat' dir='ltr'>odi?</span> <span class='ocrx_word' id='word_1_532' title='bbox 3405 2661 3570 2717; x_wconf 87' lang='lat' dir='ltr'>Nunc</span> <span class='ocrx_word' id='word_1_533' title='bbox 3630 2680 3767 2735; x_wconf 89' lang='lat' dir='ltr'>ergo</span> 
     </span>
    </p>
   </div>
   <div class='ocr_carea' id='block_1_75' title="bbox 2126 2749 3766 2823">
    <p class='ocr_par' dir='ltr' id='par_1_75' title="bbox 2126 2749 3766 2823">
     <span class='ocr_line' id='line_1_75' title="bbox 2126 2749 3766 2823; baseline 0.001 -16"><span class='ocrx_word' id='word_1_534' title='bbox 2126 2752 2273 2808; x_wconf 88' lang='lat' dir='ltr'>hanc</span> <span class='ocrx_word' id='word_1_535' title='bbox 2305 2749 2516 2822; x_wconf 88' lang='lat' dir='ltr'>aliquis</span> <span class='ocrx_word' id='word_1_536' title='bbox 2545 2750 2785 2805; x_wconf 67' lang='lat' dir='ltr'>Judmus</span> <span class='ocrx_word' id='word_1_537' title='bbox 2815 2753 3039 2818; x_wconf 88' lang='lat' dir='ltr'>nactus,</span> <span class='ocrx_word' id='word_1_538' title='bbox 3056 2751 3485 2823; x_wconf 89' lang='lat' dir='ltr'>adductamque</span> <span class='ocrx_word' id='word_1_539' title='bbox 3503 2752 3573 2807; x_wconf 91' lang='lat' dir='ltr'>ad</span> <span class='ocrx_word' id='word_1_540' title='bbox 3592 2770 3766 2808; x_wconf 89' lang='lat' dir='ltr'>suum</span> 
     </span>
    </p>
   </div>
   <div class='ocr_carea' id='block_1_76' title="bbox 2125 2839 3767 2913">
    <p class='ocr_par' dir='ltr' id='par_1_76' title="bbox 2125 2839 3767 2913">
     <span class='ocr_line' id='line_1_76' title="bbox 2125 2839 3767 2913; baseline 0 -17"><span class='ocrx_word' id='word_1_541' title='bbox 2125 2842 2372 2909; x_wconf 88' lang='lat' dir='ltr'>cultum,</span> <span class='ocrx_word' id='word_1_542' title='bbox 2405 2839 2464 2895; x_wconf 91' lang='lat' dir='ltr'>in</span> <span class='ocrx_word' id='word_1_543' title='bbox 2496 2839 2764 2895; x_wconf 88' lang='lat' dir='ltr'>castitate</span> <span class='ocrx_word' id='word_1_544' title='bbox 2795 2839 3001 2911; x_wconf 88' lang='lat' dir='ltr'>degere</span> <span class='ocrx_word' id='word_1_545' title='bbox 3042 2841 3351 2910; x_wconf 87' lang='lat' dir='ltr'>persuasit,</span> <span class='ocrx_word' id='word_1_546' title='bbox 3386 2845 3444 2896; x_wconf 90' lang='lat' dir='ltr'>et</span> <span class='ocrx_word' id='word_1_547' title='bbox 3492 2840 3767 2913; x_wconf 87' lang='lat' dir='ltr'>deinceps</span> 
     </span>
    </p>
   </div>
   <div class='ocr_carea' id='block_1_77' title="bbox 2124 2927 3770 3002">
    <p class='ocr_par' dir='ltr' id='par_1_77' title="bbox 2124 2927 3770 3002">
     <span class='ocr_line' id='line_1_77' title="bbox 2124 2927 3770 3002; baseline 0.001 -17"><span class='ocrx_word' id='word_1_548' title='bbox 2124 2928 2489 3002; x_wconf 87' lang='lat' dir='ltr'>impossibile</span> <span class='ocrx_word' id='word_1_549' title='bbox 2520 2935 2608 2984; x_wconf 90' lang='lat' dir='ltr'>est</span> <span class='ocrx_word' id='word_1_550' title='bbox 2637 2934 2703 2983; x_wconf 92' lang='lat' dir='ltr'>ut</span> <span class='ocrx_word' id='word_1_551' title='bbox 2730 2945 2798 2983; x_wconf 91' lang='lat' dir='ltr'>ea</span> <span class='ocrx_word' id='word_1_552' title='bbox 2827 2927 2884 2982; x_wconf 92' lang='lat' dir='ltr'>in</span> <span class='ocrx_word' id='word_1_553' title='bbox 2931 2929 3239 2999; x_wconf 85' lang='lat' dir='ltr'>cujusdam</span> <span class='ocrx_word' id='word_1_554' title='bbox 3291 2930 3628 3002; x_wconf 84' lang='lat' dir='ltr'>complexus</span> <span class='ocrx_word' id='word_1_555' title='bbox 3674 2947 3770 2986; x_wconf 84' lang='lat' dir='ltr'>ve-</span> 
     </span>
    </p>
   </div>
   <div class='ocr_carea' id='block_1_78' title="bbox 2129 3018 3767 3092">
    <p class='ocr_par' dir='ltr' id='par_1_78' title="bbox 2129 3018 3767 3092">
     <span class='ocr_line' id='line_1_78' title="bbox 2129 3018 3767 3092; baseline 0 -17"><span class='ocrx_word' id='word_1_556' title='bbox 2129 3021 2271 3086; x_wconf 90' lang='lat' dir='ltr'>niat,</span> <span class='ocrx_word' id='word_1_557' title='bbox 2314 3018 2453 3090; x_wconf 91' lang='lat' dir='ltr'>quia</span> <span class='ocrx_word' id='word_1_558' title='bbox 2503 3018 2623 3083; x_wconf 90' lang='lat' dir='ltr'>isti,</span> <span class='ocrx_word' id='word_1_559' title='bbox 2658 3024 2837 3073; x_wconf 90' lang='lat' dir='ltr'>Deum</span> <span class='ocrx_word' id='word_1_560' title='bbox 2886 3022 3165 3089; x_wconf 74' lang='lat' dir='ltr'>tanquam</span> <span class='ocrx_word' id='word_1_561' title='bbox 3212 3018 3475 3074; x_wconf 90' lang='lat' dir='ltr'>omnium</span> <span class='ocrx_word' id='word_1_562' title='bbox 3525 3036 3767 3092; x_wconf 87' lang='lat' dir='ltr'>operum</span> 
     </span>
    </p>
   </div>
   <div class='ocr_carea' id='block_1_79' title="bbox 2126 3106 3769 3180">
    <p class='ocr_par' dir='ltr' id='par_1_79' title="bbox 2126 3106 3769 3180">
     <span class='ocr_line' id='line_1_79' title="bbox 2126 3106 3769 3180; baseline 0.001 -16"><span class='ocrx_word' id='word_1_563' title='bbox 2126 3110 2514 3180; x_wconf 83' lang='lat' dir='ltr'>inspectorem</span> <span class='ocrx_word' id='word_1_564' title='bbox 2560 3106 2670 3162; x_wconf 90' lang='lat' dir='ltr'>sibi</span> <span class='ocrx_word' id='word_1_565' title='bbox 2724 3112 3134 3179; x_wconf 89' lang='lat' dir='ltr'>proponentes,</span> <span class='ocrx_word' id='word_1_566' title='bbox 3175 3107 3519 3180; x_wconf 86' lang='lat' dir='ltr'>pudicitiam</span> <span class='ocrx_word' id='word_1_567' title='bbox 3568 3109 3769 3166; x_wconf 85' lang='lat' dir='ltr'>admo-</span> 
     </span>
    </p>
   </div>
   <div class='ocr_carea' id='block_1_80' title="bbox 2129 3195 3501 3269">
    <p class='ocr_par' dir='ltr' id='par_1_80' title="bbox 2129 3195 3501 3269">
     <span class='ocr_line' id='line_1_80' title="bbox 2129 3195 3501 3269; baseline 0.001 -16"><span class='ocrx_word' id='word_1_568' title='bbox 2129 3199 2267 3253; x_wconf 88' lang='lat' dir='ltr'>dum</span> <span class='ocrx_word' id='word_1_569' title='bbox 2305 3197 2557 3253; x_wconf 91' lang='lat' dir='ltr'>retinent</span> <span class='ocrx_word' id='word_1_570' title='bbox 2584 3195 2741 3252; x_wconf 85' lang='lat' dir='ltr'>velut</span> <span class='ocrx_word' id='word_1_571' title='bbox 2769 3195 2866 3267; x_wconf 84' lang='lat' dir='ltr'>qui</span> <span class='ocrx_word' id='word_1_572' title='bbox 2897 3213 3010 3252; x_wconf 91' lang='lat' dir='ltr'>non</span> <span class='ocrx_word' id='word_1_573' title='bbox 3043 3196 3273 3269; x_wconf 88' lang='lat' dir='ltr'>possint</span> <span class='ocrx_word' id='word_1_574' title='bbox 3306 3196 3501 3254; x_wconf 86' lang='lat' dir='ltr'>latere.</span> 
     </span>
    </p>
   </div>
   <div class='ocr_carea' id='block_1_81' title="bbox 2200 3374 3773 3448">
    <p class='ocr_par' dir='ltr' id='par_1_81' title="bbox 2200 3374 3773 3448">
     <span class='ocr_line' id='line_1_81' title="bbox 2200 3374 3773 3448; baseline 0.001 -17"><span class='ocrx_word' id='word_1_575' title='bbox 2200 3376 2446 3431; x_wconf 82' lang='lat' dir='ltr'><strong>XXVIII.</strong></span> <span class='ocrx_word' id='word_1_576' title='bbox 2470 3378 2603 3439; x_wconf 59' lang='lat' dir='ltr'>Qua:</span> <span class='ocrx_word' id='word_1_577' title='bbox 2627 3391 2758 3430; x_wconf 90' lang='lat' dir='ltr'>cum</span> <span class='ocrx_word' id='word_1_578' title='bbox 2784 3374 3289 3443; x_wconf 82' lang='lat' dir='ltr'>audivissem,dixi</span> <span class='ocrx_word' id='word_1_579' title='bbox 3318 3375 3566 3448; x_wconf 90' lang='lat' dir='ltr'>Appioni</span> <span class='ocrx_word' id='word_1_580' title='bbox 3598 3396 3611 3433; x_wconf 87' lang='lat'><strong>:</strong></span> <span class='ocrx_word' id='word_1_581' title='bbox 3638 3378 3773 3433; x_wconf 89' lang='lat' dir='ltr'>Jam</span> 
     </span>
    </p>
   </div>
   <div class='ocr_carea' id='block_1_82' title="bbox 2130 3463 3775 3539">
    <p class='ocr_par' dir='ltr' id='par_1_82' title="bbox 2130 3463 3775 3539">
     <span class='ocr_line' id='line_1_82' title="bbox 2130 3463 3775 3539; baseline 0 -18"><span class='ocrx_word' id='word_1_582' title='bbox 2130 3465 2233 3521; x_wconf 87' lang='lat' dir='ltr'>tibi</span> <span class='ocrx_word' id='word_1_583' title='bbox 2265 3481 2465 3539; x_wconf 87' lang='lat' dir='ltr'>verum</span> <span class='ocrx_word' id='word_1_584' title='bbox 2499 3464 2742 3520; x_wconf 84' lang='lat' dir='ltr'>fatebor.</span> <span class='ocrx_word' id='word_1_585' title='bbox 2779 3464 2894 3536; x_wconf 87' lang='lat' dir='ltr'>Ego</span> <span class='ocrx_word' id='word_1_586' title='bbox 2926 3463 3231 3520; x_wconf 88' lang='lat' dir='ltr'>mulierem</span> <span class='ocrx_word' id='word_1_587' title='bbox 3284 3483 3398 3521; x_wconf 90' lang='lat' dir='ltr'>non</span> <span class='ocrx_word' id='word_1_588' title='bbox 3448 3466 3637 3521; x_wconf 85' lang='lat' dir='ltr'>amavi</span> <span class='ocrx_word' id='word_1_589' title='bbox 3671 3482 3775 3521; x_wconf 88' lang='lat' dir='ltr'>ne-</span> 
     </span>
    </p>
   </div>
   <div class='ocr_carea' id='block_1_83' title="bbox 2132 3552 3779 3626">
    <p class='ocr_par' dir='ltr' id='par_1_83' title="bbox 2132 3552 3779 3626">
     <span class='ocr_line' id='line_1_83' title="bbox 2132 3552 3779 3626; baseline 0 -18"><span class='ocrx_word' id='word_1_590' title='bbox 2132 3572 2243 3626; x_wconf 92' lang='lat' dir='ltr'>que</span> <span class='ocrx_word' id='word_1_591' title='bbox 2274 3552 2411 3625; x_wconf 90' lang='lat' dir='ltr'>quid</span> <span class='ocrx_word' id='word_1_592' title='bbox 2448 3553 2828 3623; x_wconf 79' lang='lat' dir='ltr'>bujusmodi;</span> <span class='ocrx_word' id='word_1_593' title='bbox 2861 3553 3094 3608; x_wconf 90' lang='lat' dir='ltr'>animus</span> <span class='ocrx_word' id='word_1_594' title='bbox 3127 3553 3341 3625; x_wconf 89' lang='lat' dir='ltr'>quippe</span> <span class='ocrx_word' id='word_1_595' title='bbox 3374 3570 3539 3609; x_wconf 89' lang='lat' dir='ltr'>meus</span> <span class='ocrx_word' id='word_1_596' title='bbox 3573 3554 3629 3610; x_wconf 92' lang='lat' dir='ltr'>in</span> <span class='ocrx_word' id='word_1_597' title='bbox 3662 3553 3779 3609; x_wconf 88' lang='lat' dir='ltr'>alia</span> 
     </span>
    </p>
   </div>
   <div class='ocr_carea' id='block_1_84' title="bbox 2132 3640 3776 3715">
    <p class='ocr_par' dir='ltr' id='par_1_84' title="bbox 2132 3640 3776 3715">
     <span class='ocr_line' id='line_1_84' title="bbox 2132 3640 3776 3715; baseline 0 -17"><span class='ocrx_word' id='word_1_598' title='bbox 2132 3644 2369 3699; x_wconf 90' lang='lat' dir='ltr'>omnino</span> <span class='ocrx_word' id='word_1_599' title='bbox 2400 3642 2768 3697; x_wconf 85' lang='lat' dir='ltr'>consumitur</span> <span class='ocrx_word' id='word_1_600' title='bbox 2798 3640 3105 3711; x_wconf 90' lang='lat' dir='ltr'>desideria,</span> <span class='ocrx_word' id='word_1_601' title='bbox 3121 3641 3362 3709; x_wconf 90' lang='lat' dir='ltr'>scilicet,</span> <span class='ocrx_word' id='word_1_602' title='bbox 3397 3642 3455 3697; x_wconf 92' lang='lat' dir='ltr'>in</span> <span class='ocrx_word' id='word_1_603' title='bbox 3488 3643 3776 3715; x_wconf 89' lang='lat' dir='ltr'>reperien-</span> 
     </span>
    </p>
   </div>
   <div class='ocr_carea' id='block_1_85' title="bbox 2133 3730 3778 3803">
    <p class='ocr_par' dir='ltr' id='par_1_85' title="bbox 2133 3730 3778 3803">
     <span class='ocr_line' id='line_1_85' title="bbox 2133 3730 3778 3803; baseline -0.001 -15"><span class='ocrx_word' id='word_1_604' title='bbox 2133 3733 2224 3788; x_wconf 90' lang='lat' dir='ltr'>dis</span> <span class='ocrx_word' id='word_1_605' title='bbox 2256 3730 2405 3787; x_wconf 90' lang='lat' dir='ltr'>veris</span> <span class='ocrx_word' id='word_1_606' title='bbox 2437 3731 2833 3803; x_wconf 85' lang='lat' dir='ltr'>dogmatibus.</span> <span class='ocrx_word' id='word_1_607' title='bbox 2868 3731 2934 3785; x_wconf 83' lang='lat' dir='ltr'>Et</span> <span class='ocrx_word' id='word_1_608' title='bbox 2959 3730 3073 3785; x_wconf 89' lang='lat' dir='ltr'>huc</span> <span class='ocrx_word' id='word_1_609' title='bbox 3106 3748 3292 3802; x_wconf 88' lang='lat' dir='ltr'>usque</span> <span class='ocrx_word' id='word_1_610' title='bbox 3332 3730 3529 3787; x_wconf 89' lang='lat' dir='ltr'>animo</span> <span class='ocrx_word' id='word_1_611' title='bbox 3562 3732 3633 3786; x_wconf 92' lang='lat' dir='ltr'>ad</span> <span class='ocrx_word' id='word_1_612' title='bbox 3682 3749 3778 3786; x_wconf 88' lang='lat' dir='ltr'>va-</span> 
     </span>
    </p>
   </div>
   <div class='ocr_carea' id='block_1_86' title="bbox 2134 3819 3777 3893">
    <p class='ocr_par' dir='ltr' id='par_1_86' title="bbox 2134 3819 3777 3893">
     <span class='ocr_line' id='line_1_86' title="bbox 2134 3819 3777 3893; baseline -0.002 -16"><span class='ocrx_word' id='word_1_613' title='bbox 2134 3822 2251 3877; x_wconf 91' lang='lat' dir='ltr'>rias</span> <span class='ocrx_word' id='word_1_614' title='bbox 2283 3819 2767 3893; x_wconf 83' lang='lat' dir='ltr'>philosophorum</span> <span class='ocrx_word' id='word_1_615' title='bbox 2800 3819 3104 3892; x_wconf 86' lang='lat' dir='ltr'>opiniones</span> <span class='ocrx_word' id='word_1_616' title='bbox 3143 3820 3389 3889; x_wconf 82' lang='lat' dir='ltr'>adjecto,</span> <span class='ocrx_word' id='word_1_617' title='bbox 3422 3822 3492 3875; x_wconf 92' lang='lat' dir='ltr'>ad</span> <span class='ocrx_word' id='word_1_618' title='bbox 3545 3819 3777 3875; x_wconf 89' lang='lat' dir='ltr'>nullum</span> 
     </span>
    </p>
   </div>
   <div class='ocr_carea' id='block_1_87' title="bbox 2133 3908 3777 3981">
    <p class='ocr_par' dir='ltr' id='par_1_87' title="bbox 2133 3908 3777 3981">
     <span class='ocr_line' id='line_1_87' title="bbox 2133 3908 3777 3981; baseline -0.002 -15"><span class='ocrx_word' id='word_1_619' title='bbox 2133 3910 2369 3967; x_wconf 90' lang='lat' dir='ltr'>illorum</span> <span class='ocrx_word' id='word_1_620' title='bbox 2420 3909 2713 3976; x_wconf 88' lang='lat' dir='ltr'>inclinavi,</span> <span class='ocrx_word' id='word_1_621' title='bbox 2746 3908 2859 3965; x_wconf 90' lang='lat' dir='ltr'>nisi</span> <span class='ocrx_word' id='word_1_622' title='bbox 2909 3910 2980 3965; x_wconf 92' lang='lat' dir='ltr'>ad</span> <span class='ocrx_word' id='word_1_623' title='bbox 3029 3909 3366 3965; x_wconf 70' lang='lat' dir='ltr'>Judaaorum</span> <span class='ocrx_word' id='word_1_624' title='bbox 3402 3909 3777 3981; x_wconf 87' lang='lat' dir='ltr'>religionem,</span> 
     </span>
    </p>
   </div>
   <div class='ocr_carea' id='block_1_88' title="bbox 2134 3997 3779 4070">
    <p class='ocr_par' dir='ltr' id='par_1_88' title="bbox 2134 3997 3779 4070">
     <span class='ocr_line' id='line_1_88' title="bbox 2134 3997 3779 4070; baseline -0.002 -14"><span class='ocrx_word' id='word_1_625' title='bbox 2134 4017 2266 4056; x_wconf 91' lang='lat' dir='ltr'>cum</span> <span class='ocrx_word' id='word_1_626' title='bbox 2290 4016 2360 4055; x_wconf 85' lang='lat' dir='ltr'>ex</span> <span class='ocrx_word' id='word_1_627' title='bbox 2390 3997 2507 4054; x_wconf 91' lang='lat' dir='ltr'>illis</span> <span class='ocrx_word' id='word_1_628' title='bbox 2538 4004 2823 4053; x_wconf 88' lang='lat' dir='ltr'>mercator</span> <span class='ocrx_word' id='word_1_629' title='bbox 2844 3998 3055 4070; x_wconf 89' lang='lat' dir='ltr'>aliquis</span> <span class='ocrx_word' id='word_1_630' title='bbox 3080 3998 3390 4054; x_wconf 89' lang='lat' dir='ltr'>linteorum</span> <span class='ocrx_word' id='word_1_631' title='bbox 3418 3997 3511 4054; x_wconf 91' lang='lat' dir='ltr'>bic</span> <span class='ocrx_word' id='word_1_632' title='bbox 3534 3999 3779 4053; x_wconf 83' lang='lat' dir='ltr'>Romam</span> 
     </span>
    </p>
   </div>
   <div class='ocr_carea' id='block_1_89' title="bbox 2134 4086 3784 4159">
    <p class='ocr_par' dir='ltr' id='par_1_89' title="bbox 2134 4086 3784 4159">
     <span class='ocr_line' id='line_1_89' title="bbox 2134 4086 3784 4159; baseline -0.002 -14"><span class='ocrx_word' id='word_1_633' title='bbox 2134 4090 2486 4156; x_wconf 88' lang='lat' dir='ltr'>advenisset,</span> <span class='ocrx_word' id='word_1_634' title='bbox 2519 4092 2578 4143; x_wconf 89' lang='lat' dir='ltr'>et</span> <span class='ocrx_word' id='word_1_635' title='bbox 2608 4088 2758 4144; x_wconf 92' lang='lat' dir='ltr'>bono</span> <span class='ocrx_word' id='word_1_636' title='bbox 2790 4088 3043 4159; x_wconf 89' lang='lat' dir='ltr'>quodam</span> <span class='ocrx_word' id='word_1_637' title='bbox 3079 4104 3216 4143; x_wconf 89' lang='lat' dir='ltr'>casu</span> <span class='ocrx_word' id='word_1_638' title='bbox 3256 4088 3398 4143; x_wconf 88' lang='lat' dir='ltr'>mihi</span> <span class='ocrx_word' id='word_1_639' title='bbox 3433 4086 3784 4159; x_wconf 87' lang='lat' dir='ltr'>simpliciter</span> 
     </span>
    </p>
   </div>
   <div class='ocr_carea' id='block_1_90' title="bbox 2136 4176 3781 4249">
    <p class='ocr_par' dir='ltr' id='par_1_90' title="bbox 2136 4176 3781 4249">
     <span class='ocr_line' id='line_1_90' title="bbox 2136 4176 3781 4249; baseline -0.002 -15"><span class='ocrx_word' id='word_1_640' title='bbox 2136 4178 2487 4234; x_wconf 88' lang='lat' dir='ltr'>sententiam</span> <span class='ocrx_word' id='word_1_641' title='bbox 2515 4180 2584 4232; x_wconf 91' lang='lat' dir='ltr'>de</span> <span class='ocrx_word' id='word_1_642' title='bbox 2617 4194 2732 4231; x_wconf 92' lang='lat' dir='ltr'>uno</span> <span class='ocrx_word' id='word_1_643' title='bbox 2765 4176 2864 4231; x_wconf 88' lang='lat' dir='ltr'>Dei</span> <span class='ocrx_word' id='word_1_644' title='bbox 2905 4176 3237 4249; x_wconf 82' lang='lat' dir='ltr'>principatu</span> <span class='ocrx_word' id='word_1_645' title='bbox 3288 4176 3781 4231; x_wconf 87' lang='lat' dir='ltr'>commendasset.</span> 
     </span>
    </p>
   </div>
   <div class='ocr_carea' id='block_1_91' title="bbox 2208 4264 3783 4338">
    <p class='ocr_par' dir='ltr' id='par_1_91' title="bbox 2208 4264 3783 4338">
     <span class='ocr_line' id='line_1_91' title="bbox 2208 4264 3783 4338; baseline -0.001 -17"><span class='ocrx_word' id='word_1_646' title='bbox 2208 4266 2393 4322; x_wconf 74' lang='lat' dir='ltr'><strong>XXIX.</strong></span> <span class='ocrx_word' id='word_1_647' title='bbox 2428 4266 2649 4337; x_wconf 82' lang='lat' dir='ltr'>Appion</span> <span class='ocrx_word' id='word_1_648' title='bbox 2698 4282 2852 4330; x_wconf 89' lang='lat' dir='ltr'>vero,</span> <span class='ocrx_word' id='word_1_649' title='bbox 2886 4284 2919 4322; x_wconf 92' lang='lat' dir='ltr'>a</span> <span class='ocrx_word' id='word_1_650' title='bbox 2969 4283 3060 4321; x_wconf 89' lang='lat' dir='ltr'>me</span> <span class='ocrx_word' id='word_1_651' title='bbox 3104 4271 3341 4338; x_wconf 85' lang='lat' dir='ltr'>accepta</span> <span class='ocrx_word' id='word_1_652' title='bbox 3387 4266 3649 4334; x_wconf 90' lang='lat' dir='ltr'>veritate,</span> <span class='ocrx_word' id='word_1_653' title='bbox 3683 4264 3783 4336; x_wconf 91' lang='lat' dir='ltr'>qui</span> 
     </span>
    </p>
   </div>
   <div class='ocr_carea' id='block_1_92' title="bbox 2135 4354 3787 4429">
    <p class='ocr_par' dir='ltr' id='par_1_92' title="bbox 2135 4354 3787 4429">
     <span class='ocr_line' id='line_1_92' title="bbox 2135 4354 3787 4429; baseline -0.002 -18"><span class='ocrx_word' id='word_1_654' title='bbox 2135 4356 2320 4429; x_wconf 84' lang='lat' dir='ltr'>legem</span> <span class='ocrx_word' id='word_1_655' title='bbox 2352 4356 2687 4411; x_wconf 70' lang='lat' dir='ltr'>Judzeorum</span> <span class='ocrx_word' id='word_1_656' title='bbox 2720 4354 2920 4427; x_wconf 89' lang='lat' dir='ltr'>inique</span> <span class='ocrx_word' id='word_1_657' title='bbox 2950 4356 3169 4423; x_wconf 90' lang='lat' dir='ltr'>oderat,</span> <span class='ocrx_word' id='word_1_658' title='bbox 3196 4372 3299 4411; x_wconf 92' lang='lat' dir='ltr'>nec</span> <span class='ocrx_word' id='word_1_659' title='bbox 3317 4372 3443 4426; x_wconf 68' lang='lat' dir='ltr'>quae</span> <span class='ocrx_word' id='word_1_660' title='bbox 3478 4361 3631 4411; x_wconf 88' lang='lat' dir='ltr'>esset</span> <span class='ocrx_word' id='word_1_661' title='bbox 3662 4354 3787 4409; x_wconf 89' lang='lat' dir='ltr'>illo-</span> 
     </span>
    </p>
   </div>
   <div class='ocr_carea' id='block_1_93' title="bbox 2138 4443 3780 4516">
    <p class='ocr_par' dir='ltr' id='par_1_93' title="bbox 2138 4443 3780 4516">
     <span class='ocr_line' id='line_1_93' title="bbox 2138 4443 3780 4516; baseline -0.002 -16"><span class='ocrx_word' id='word_1_662' title='bbox 2138 4462 2269 4500; x_wconf 90' lang='lat' dir='ltr'>rum</span> <span class='ocrx_word' id='word_1_663' title='bbox 2293 4445 2437 4501; x_wconf 79' lang='lat' dir='ltr'>fides</span> <span class='ocrx_word' id='word_1_664' title='bbox 2468 4445 2688 4500; x_wconf 90' lang='lat' dir='ltr'>sciebat</span> <span class='ocrx_word' id='word_1_665' title='bbox 2717 4448 2821 4500; x_wconf 90' lang='lat' dir='ltr'>aut</span> <span class='ocrx_word' id='word_1_666' title='bbox 2850 4443 3078 4499; x_wconf 88' lang='lat' dir='ltr'>volebat</span> <span class='ocrx_word' id='word_1_667' title='bbox 3103 4444 3275 4512; x_wconf 89' lang='lat' dir='ltr'>scire,</span> <span class='ocrx_word' id='word_1_668' title='bbox 3308 4445 3532 4516; x_wconf 90' lang='lat' dir='ltr'>absque</span> <span class='ocrx_word' id='word_1_669' title='bbox 3554 4443 3780 4515; x_wconf 89' lang='lat' dir='ltr'>judicio</span> 
     </span>
    </p>
   </div>
   <div class='ocr_carea' id='block_1_94' title="bbox 2136 4532 3783 4601">
    <p class='ocr_par' dir='ltr' id='par_1_94' title="bbox 2136 4532 3783 4601">
     <span class='ocr_line' id='line_1_94' title="bbox 2136 4532 3783 4601; baseline -0.002 -12"><span class='ocrx_word' id='word_1_670' title='bbox 2136 4534 2321 4590; x_wconf 89' lang='lat' dir='ltr'>iratus</span> <span class='ocrx_word' id='word_1_671' title='bbox 2353 4532 2502 4589; x_wconf 89' lang='lat' dir='ltr'>clam</span> <span class='ocrx_word' id='word_1_672' title='bbox 2532 4534 2731 4589; x_wconf 89' lang='lat' dir='ltr'>statim</span> <span class='ocrx_word' id='word_1_673' title='bbox 2765 4533 2951 4589; x_wconf 82' lang='lat' dir='ltr'>Roma</span> <span class='ocrx_word' id='word_1_674' title='bbox 2988 4533 3279 4601; x_wconf 90' lang='lat' dir='ltr'>discessit,</span> <span class='ocrx_word' id='word_1_675' title='bbox 3313 4538 3370 4589; x_wconf 91' lang='lat' dir='ltr'>et</span> <span class='ocrx_word' id='word_1_676' title='bbox 3400 4550 3464 4588; x_wconf 82' lang='lat' dir='ltr'>ex</span> <span class='ocrx_word' id='word_1_677' title='bbox 3512 4549 3579 4587; x_wconf 90' lang='lat' dir='ltr'>eo</span> <span class='ocrx_word' id='word_1_678' title='bbox 3628 4547 3783 4587; x_wconf 90' lang='lat' dir='ltr'>nunc</span> 
     </span>
    </p>
   </div>
   <div class='ocr_carea' id='block_1_95' title="bbox 373 4617 2013 4697">
    <p class='ocr_par' dir='ltr' id='par_1_95' title="bbox 373 4617 2007 4697">
     <span class='ocr_line' id='line_1_95' title="bbox 373 4617 2007 4697; baseline 0 -21"><span class='ocrx_word' id='word_1_679' title='bbox 373 4621 630 4677; x_wconf 75' lang='grc' dir='ltr'>λάασετο·</span> <span class='ocrx_word' id='word_1_680' title='bbox 661 4619 751 4673; x_wconf 85' lang='grc' dir='ltr'>καὶ</span> <span class='ocrx_word' id='word_1_681' title='bbox 800 4617 982 4673; x_wconf 78' lang='grc' dir='ltr'>ἔκτοτε</span> <span class='ocrx_word' id='word_1_682' title='bbox 1027 4622 1114 4671; x_wconf 87' lang='grc' dir='ltr'>νῦν</span> <span class='ocrx_word' id='word_1_683' title='bbox 1163 4623 1379 4694; x_wconf 88' lang='grc' dir='ltr'>πρῶτον</span> <span class='ocrx_word' id='word_1_684' title='bbox 1417 4618 1563 4690; x_wconf 81' lang='grc' dir='ltr'>αὖτῷ</span> <span class='ocrx_word' id='word_1_685' title='bbox 1594 4623 2007 4697; x_wconf 87' lang='grc' dir='ltr'>συντετυχηκὼς</span> 
     </span>
    </p>
   </div>
   <div class='ocr_carea' id='block_1_96' title="bbox 2129 4617 3783 4697">
    <p class='ocr_par' dir='ltr' id='par_1_96' title="bbox 2138 4620 3783 4695">
     <span class='ocr_line' id='line_1_96' title="bbox 2138 4620 3783 4695; baseline -0.003 -16"><span class='ocrx_word' id='word_1_686' title='bbox 2138 4624 2396 4695; x_wconf 88' lang='lat' dir='ltr'>primum</span> <span class='ocrx_word' id='word_1_687' title='bbox 2431 4623 2597 4679; x_wconf 91' lang='lat' dir='ltr'>illum</span> <span class='ocrx_word' id='word_1_688' title='bbox 2629 4627 2862 4689; x_wconf 88' lang='lat' dir='ltr'>nactus,</span> <span class='ocrx_word' id='word_1_689' title='bbox 2893 4624 3041 4678; x_wconf 91' lang='lat' dir='ltr'>iram</span> <span class='ocrx_word' id='word_1_690' title='bbox 3074 4622 3357 4694; x_wconf 90' lang='lat' dir='ltr'>temporis</span> <span class='ocrx_word' id='word_1_691' title='bbox 3385 4620 3545 4677; x_wconf 90' lang='lat' dir='ltr'>illius</span> <span class='ocrx_word' id='word_1_692' title='bbox 3578 4621 3783 4676; x_wconf 88' lang='lat' dir='ltr'>merito</span> 
     </span>
    </p>
   </div>
   <div class='ocr_carea' id='block_1_97' title="bbox 368 4706 2030 4782">
    <p class='ocr_par' dir='ltr' id='par_1_97' title="bbox 368 4706 2030 4782">
     <span class='ocr_line' id='line_1_97' title="bbox 368 4706 2030 4782; baseline 0.004 -21"><span class='ocrx_word' id='word_1_693' title='bbox 368 4712 463 4765; x_wconf 77' lang='grc' dir='ltr'>τὸν</span> <span class='ocrx_word' id='word_1_694' title='bbox 494 4709 548 4779; x_wconf 70' lang='grc' dir='ltr'><strong>ἐξ</strong></span> <span class='ocrx_word' id='word_1_695' title='bbox 581 4708 787 4764; x_wconf 79' lang='grc' dir='ltr'>ἐκείνου</span> <span class='ocrx_word' id='word_1_696' title='bbox 833 4711 932 4762; x_wconf 87' lang='grc' dir='ltr'>τοῦ</span> <span class='ocrx_word' id='word_1_697' title='bbox 982 4706 1187 4782; x_wconf 87' lang='grc' dir='ltr'>χρόνου</span> <span class='ocrx_word' id='word_1_698' title='bbox 1237 4708 1406 4779; x_wconf 83' lang='grc' dir='ltr'>θυμὸν</span> <span class='ocrx_word' id='word_1_699' title='bbox 1460 4708 1747 4763; x_wconf 79' lang='grc' dir='ltr'>ὑποπτεύω</span> <span class='ocrx_word' id='word_1_700' title='bbox 1786 4709 2030 4773; x_wconf 84' lang='grc' dir='ltr'>εἰκότως,</span> 
     </span>
    </p>
   </div>
   <div class='ocr_carea' id='block_1_98' title="bbox 374 4793 2032 4875">
    <p class='ocr_par' dir='ltr' id='par_1_98' title="bbox 374 4793 2032 4875">
     <span class='ocr_line' id='line_1_98' title="bbox 374 4793 2032 4875; baseline 0.001 -22"><span class='ocrx_word' id='word_1_701' title='bbox 374 4800 535 4865; x_wconf 73' lang='grc' dir='ltr'>Πλὴν</span> <span class='ocrx_word' id='word_1_702' title='bbox 568 4797 647 4872; x_wconf 75' lang='grc' dir='ltr'>ἐφ’</span> <span class='ocrx_word' id='word_1_703' title='bbox 675 4798 825 4869; x_wconf 86' lang='grc' dir='ltr'>ὑμῶν</span> <span class='ocrx_word' id='word_1_704' title='bbox 872 4794 1041 4851; x_wconf 77' lang='grc' dir='ltr'>αὐτοῦ</span> <span class='ocrx_word' id='word_1_705' title='bbox 1091 4794 1385 4868; x_wconf 80' lang='grc' dir='ltr'>πεύσομαι,</span> <span class='ocrx_word' id='word_1_706' title='bbox 1435 4795 1489 4850; x_wconf 87' lang='grc' dir='ltr'>τί</span> <span class='ocrx_word' id='word_1_707' title='bbox 1523 4795 1581 4851; x_wconf 78' lang='grc' dir='ltr'>ἂν</span> <span class='ocrx_word' id='word_1_708' title='bbox 1611 4793 1731 4871; x_wconf 77' lang='grc' dir='ltr'>ἔχοι</span> <span class='ocrx_word' id='word_1_709' title='bbox 1776 4796 1955 4875; x_wconf 69' lang='grc' dir='ltr'>λέγειν</span> <span class='ocrx_word' id='word_1_710' title='bbox 1988 4803 2032 4839; x_wconf 79' lang='grc'>⁸⁸</span> 
     </span>
    </p>
   </div>
   <div class='ocr_carea' id='block_1_99' title="bbox 374 4885 2033 4962">
    <p class='ocr_par' dir='ltr' id='par_1_99' title="bbox 374 4885 2033 4962">
     <span class='ocr_line' id='line_1_99' title="bbox 374 4885 2033 4962; baseline 0.003 -23"><span class='ocrx_word' id='word_1_711' title='bbox 374 4888 641 4962; x_wconf 76' lang='grc' dir='ltr'>περὶτῶν</span> <span class='ocrx_word' id='word_1_712' title='bbox 690 4885 1002 4959; x_wconf 71' lang='grc' dir='ltr'>λεγομὲνων</span> <span class='ocrx_word' id='word_1_713' title='bbox 1053 4886 1209 4952; x_wconf 89' lang='grc' dir='ltr'>θεῶν,</span> <span class='ocrx_word' id='word_1_714' title='bbox 1266 4886 1340 4939; x_wconf 83' lang='grc' dir='ltr'>ὧν</span> <span class='ocrx_word' id='word_1_715' title='bbox 1393 4885 1446 4939; x_wconf 74' lang='grc' dir='ltr'>οἱ</span> <span class='ocrx_word' id='word_1_716' title='bbox 1493 4885 1621 4959; x_wconf 90' lang='grc' dir='ltr'>βίοι,</span> <span class='ocrx_word' id='word_1_717' title='bbox 1672 4891 2033 4952; x_wconf 87' lang='grc' dir='ltr'>παντοπαθεῖς</span> 
     </span>
    </p>
   </div>
   <div class='ocr_carea' id='block_1_100' title="bbox 376 4974 2028 5051">
    <p class='ocr_par' dir='ltr' id='par_1_100' title="bbox 376 4974 2028 5051">
     <span class='ocr_line' id='line_1_100' title="bbox 376 4974 2028 5051; baseline -0.002 -19"><span class='ocrx_word' id='word_1_718' title='bbox 376 4978 515 5032; x_wconf 73' lang='grc' dir='ltr'>εἶναι</span> <span class='ocrx_word' id='word_1_719' title='bbox 550 4974 1048 5049; x_wconf 74' lang='grc' dir='ltr'>μυθολογούμενοι,</span> <span class='ocrx_word' id='word_1_720' title='bbox 1080 4974 1217 5050; x_wconf 78' lang='grc' dir='ltr'>πρὸς</span> <span class='ocrx_word' id='word_1_721' title='bbox 1272 4976 1369 5043; x_wconf 72' lang='grc' dir='ltr'>τὴν</span> <span class='ocrx_word' id='word_1_722' title='bbox 1417 4978 1515 5029; x_wconf 86' lang='grc' dir='ltr'>τοῦ</span> <span class='ocrx_word' id='word_1_723' title='bbox 1556 4975 1751 5048; x_wconf 81' lang='grc' dir='ltr'>ὁμοίου</span> <span class='ocrx_word' id='word_1_724' title='bbox 1800 4977 2028 5051; x_wconf 76' lang='grc' dir='ltr'>μίμησιν</span> 
     </span>
    </p>
   </div>
   <div class='ocr_carea' id='block_1_101' title="bbox 376 5061 2033 5140">
    <p class='ocr_par' dir='ltr' id='par_1_101' title="bbox 376 5061 2033 5140">
     <span class='ocr_line' id='line_1_101' title="bbox 376 5061 2033 5140; baseline 0.001 -19"><span class='ocrx_word' id='word_1_725' title='bbox 376 5063 633 5136; x_wconf 77' lang='grc' dir='ltr'>ἐπιτηδὲς</span> <span class='ocrx_word' id='word_1_726' title='bbox 656 5062 873 5135; x_wconf 73' lang='grc' dir='ltr'>ᾅδονται</span> <span class='ocrx_word' id='word_1_727' title='bbox 900 5061 966 5133; x_wconf 90' lang='grc' dir='ltr'>δη</span> <span class='ocrx_word' id='word_1_728' title='bbox 978 5063 1236 5137; x_wconf 79' lang='grc' dir='ltr'>μοσίᾳ,ὢν</span> <span class='ocrx_word' id='word_1_729' title='bbox 1256 5063 1393 5140; x_wconf 89' lang='grc' dir='ltr'>πρὸς</span> <span class='ocrx_word' id='word_1_730' title='bbox 1414 5069 1531 5126; x_wconf 88' lang='grc' dir='ltr'>τοῖς</span> <span class='ocrx_word' id='word_1_731' title='bbox 1554 5064 1909 5140; x_wconf 85' lang='grc' dir='ltr'>ἀνθρωπίνοις</span> <span class='ocrx_word' id='word_1_732' title='bbox 1934 5067 2033 5122; x_wconf 59' lang='grc' dir='ltr'>πάρ</span> 
     </span>
    </p>
   </div>
   <div class='ocr_carea' id='block_1_102' title="bbox 372 5150 2028 5236">
    <p class='ocr_par' dir='ltr' id='par_1_102' title="bbox 372 5150 2028 5236">
     <span class='ocr_line' id='line_1_102' title="bbox 372 5150 2028 5236; baseline 0.001 -25"><span class='ocrx_word' id='word_1_733' title='bbox 372 5158 546 5225; x_wconf 86' lang='grc' dir='ltr'>θεσιν,</span> <span class='ocrx_word' id='word_1_734' title='bbox 585 5154 661 5217; x_wconf 81' lang='grc' dir='ltr'>ὡς</span> <span class='ocrx_word' id='word_1_735' title='bbox 707 5152 866 5231; x_wconf 81' lang='grc' dir='ltr'>ἔφην,</span> <span class='ocrx_word' id='word_1_736' title='bbox 897 5152 986 5208; x_wconf 80' lang='grc' dir='ltr'>καὶ</span> <span class='ocrx_word' id='word_1_737' title='bbox 1033 5152 1087 5208; x_wconf 80' lang='grc' dir='ltr'>οἱ</span> <span class='ocrx_word' id='word_1_738' title='bbox 1123 5152 1261 5209; x_wconf 85' lang='grc' dir='ltr'>κατᾶ</span> <span class='ocrx_word' id='word_1_739' title='bbox 1288 5153 1454 5208; x_wconf 84' lang='grc' dir='ltr'>τόπον</span> <span class='ocrx_word' id='word_1_740' title='bbox 1507 5150 1803 5210; x_wconf 78' lang='grc' dir='ltr'>δείκνυνται</span> <span class='ocrx_word' id='word_1_741' title='bbox 1847 5158 2028 5236; x_wconf 81' lang='grc' dir='ltr'>τάφοι.</span> 
     </span>
    </p>
   </div>
   <div class='ocr_carea' id='block_1_103' title="bbox 2140 4708 3786 4783">
    <p class='ocr_par' dir='ltr' id='par_1_103' title="bbox 2140 4708 3786 4783">
     <span class='ocr_line' id='line_1_103' title="bbox 2140 4708 3786 4783; baseline -0.005 -13"><span class='ocrx_word' id='word_1_742' title='bbox 2140 4729 2357 4770; x_wconf 88' lang='lat' dir='ltr'>vereor.</span> <span class='ocrx_word' id='word_1_743' title='bbox 2388 4715 2656 4768; x_wconf 85' lang='lat' dir='ltr'>Attanem</span> <span class='ocrx_word' id='word_1_744' title='bbox 2689 4728 2885 4768; x_wconf 90' lang='lat' dir='ltr'>coram</span> <span class='ocrx_word' id='word_1_745' title='bbox 2917 4711 3081 4767; x_wconf 91' lang='lat' dir='ltr'>vobis</span> <span class='ocrx_word' id='word_1_746' title='bbox 3115 4710 3502 4783; x_wconf 85' lang='lat' dir='ltr'>interrogabo,</span> <span class='ocrx_word' id='word_1_747' title='bbox 3527 4709 3665 4782; x_wconf 89' lang='lat' dir='ltr'>quid</span> <span class='ocrx_word' id='word_1_748' title='bbox 3698 4708 3786 4763; x_wconf 91' lang='lat' dir='ltr'>di-</span> 
     </span>
    </p>
   </div>
   <div class='ocr_carea' id='block_1_104' title="bbox 2141 4799 3786 4873">
    <p class='ocr_par' dir='ltr' id='par_1_104' title="bbox 2141 4799 3786 4873">
     <span class='ocr_line' id='line_1_104' title="bbox 2141 4799 3786 4873; baseline -0.004 -15"><span class='ocrx_word' id='word_1_749' title='bbox 2141 4819 2269 4858; x_wconf 88' lang='lat' dir='ltr'>cere</span> <span class='ocrx_word' id='word_1_750' title='bbox 2298 4801 2512 4857; x_wconf 89' lang='lat' dir='ltr'>babeat</span> <span class='ocrx_word' id='word_1_751' title='bbox 2542 4802 2611 4856; x_wconf 92' lang='lat' dir='ltr'>de</span> <span class='ocrx_word' id='word_1_752' title='bbox 2640 4800 2982 4873; x_wconf 89' lang='lat' dir='ltr'>vulgaribus</span> <span class='ocrx_word' id='word_1_753' title='bbox 3014 4801 3147 4871; x_wconf 88' lang='lat' dir='ltr'>diis,</span> <span class='ocrx_word' id='word_1_754' title='bbox 3180 4816 3430 4872; x_wconf 92' lang='lat' dir='ltr'>quorum</span> <span class='ocrx_word' id='word_1_755' title='bbox 3459 4799 3607 4867; x_wconf 69' lang='lat' dir='ltr'>vitae,</span> <span class='ocrx_word' id='word_1_756' title='bbox 3641 4813 3786 4867; x_wconf 89' lang='lat' dir='ltr'>quas</span> 
     </span>
    </p>
   </div>
   <div class='ocr_carea' id='block_1_105' title="bbox 2141 4886 3786 4961">
    <p class='ocr_par' dir='ltr' id='par_1_105' title="bbox 2141 4886 3786 4961">
     <span class='ocr_line' id='line_1_105' title="bbox 2141 4886 3786 4961; baseline -0.004 -15"><span class='ocrx_word' id='word_1_757' title='bbox 2141 4891 2417 4947; x_wconf 90' lang='lat' dir='ltr'>omnibus</span> <span class='ocrx_word' id='word_1_758' title='bbox 2445 4890 2606 4945; x_wconf 90' lang='lat' dir='ltr'>vitiis</span> <span class='ocrx_word' id='word_1_759' title='bbox 2635 4892 2929 4961; x_wconf 80' lang='lat' dir='ltr'>subjectae</span> <span class='ocrx_word' id='word_1_760' title='bbox 2952 4891 3213 4945; x_wconf 79' lang='lat' dir='ltr'>referunt</span> <span class='ocrx_word' id='word_1_761' title='bbox 3246 4887 3473 4957; x_wconf 76' lang='lat' dir='ltr'>fabulae,</span> <span class='ocrx_word' id='word_1_762' title='bbox 3500 4886 3689 4959; x_wconf 81' lang='lat' dir='ltr'>palam</span> <span class='ocrx_word' id='word_1_763' title='bbox 3717 4887 3786 4940; x_wconf 90' lang='lat' dir='ltr'>de</span> 
     </span>
    </p>
   </div>
   <div class='ocr_carea' id='block_1_106' title="bbox 2140 4979 3787 5048">
    <p class='ocr_par' dir='ltr' id='par_1_106' title="bbox 2140 4979 3787 5048">
     <span class='ocr_line' id='line_1_106' title="bbox 2140 4979 3787 5048; baseline -0.004 -13"><span class='ocrx_word' id='word_1_764' title='bbox 2140 4979 2435 5035; x_wconf 88' lang='lat' dir='ltr'>industria</span> <span class='ocrx_word' id='word_1_765' title='bbox 2483 4979 2553 5034; x_wconf 89' lang='lat' dir='ltr'>ad</span> <span class='ocrx_word' id='word_1_766' title='bbox 2606 4979 2993 5034; x_wconf 81' lang='lat' dir='ltr'>imitationem</span> <span class='ocrx_word' id='word_1_767' title='bbox 3044 4986 3354 5045; x_wconf 90' lang='lat' dir='ltr'>canuntur,</span> <span class='ocrx_word' id='word_1_768' title='bbox 3416 4990 3787 5048; x_wconf 90' lang='lat' dir='ltr'>quorumque</span> 
     </span>
    </p>
   </div>
   <div class='ocr_carea' id='block_1_107' title="bbox 2140 5062 3789 5142">
    <p class='ocr_par' dir='ltr' id='par_1_107' title="bbox 2140 5062 3789 5142">
     <span class='ocr_line' id='line_1_107' title="bbox 2140 5062 3789 5142; baseline -0.005 -17"><span class='ocrx_word' id='word_1_769' title='bbox 2140 5075 2349 5142; x_wconf 69' lang='lat' dir='ltr'>praeter</span> <span class='ocrx_word' id='word_1_770' title='bbox 2376 5067 2670 5124; x_wconf 88' lang='lat' dir='ltr'>humanos</span> <span class='ocrx_word' id='word_1_771' title='bbox 2702 5069 2964 5137; x_wconf 71' lang='lat' dir='ltr'>affectus,</span> <span class='ocrx_word' id='word_1_772' title='bbox 3008 5070 3071 5122; x_wconf 90' lang='lat' dir='ltr'>ut</span> <span class='ocrx_word' id='word_1_773' title='bbox 3117 5067 3258 5137; x_wconf 85' lang='lat' dir='ltr'>dixi,</span> <span class='ocrx_word' id='word_1_774' title='bbox 3291 5066 3466 5122; x_wconf 88' lang='lat' dir='ltr'>etiam</span> <span class='ocrx_word' id='word_1_775' title='bbox 3519 5062 3789 5137; x_wconf 85' lang='lat' dir='ltr'>sepulcra</span> 
     </span>
    </p>
   </div>
   <div class='ocr_carea' id='block_1_108' title="bbox 2140 5157 2856 5232">
    <p class='ocr_par' dir='ltr' id='par_1_108' title="bbox 2140 5157 2856 5232">
     <span class='ocr_line' id='line_1_108' title="bbox 2140 5157 2856 5232; baseline -0.001 -18"><span class='ocrx_word' id='word_1_776' title='bbox 2140 5175 2245 5232; x_wconf 88' lang='lat' dir='ltr'>per</span> <span class='ocrx_word' id='word_1_777' title='bbox 2280 5157 2408 5214; x_wconf 89' lang='lat' dir='ltr'>loca</span> <span class='ocrx_word' id='word_1_778' title='bbox 2444 5157 2856 5213; x_wconf 88' lang='lat' dir='ltr'>ostenduntur.</span> 
     </span>
    </p>
   </div>
   <div class='ocr_carea' id='block_1_109' title="bbox 1742 5317 2433 5378">
    <p class='ocr_par' dir='ltr' id='par_1_109' title="bbox 1742 5317 2433 5378">
     <span class='ocr_line' id='line_1_109' title="bbox 1742 5317 2433 5378; baseline 0 -6"><span class='ocrx_word' id='word_1_779' title='bbox 1742 5317 1978 5375; x_wconf 66' lang='lat' dir='ltr'><strong>VARI/IS</strong></span> <span class='ocrx_word' id='word_1_780' title='bbox 2019 5318 2433 5378; x_wconf 90' lang='lat' dir='ltr'>LECTIONES.</span> 
     </span>
    </p>
   </div>
   <div class='ocr_carea' id='block_1_110' title="bbox 449 5436 3790 5512">
    <p class='ocr_par' dir='ltr' id='par_1_110' title="bbox 449 5436 3790 5512">
     <span class='ocr_line' id='line_1_110' title="bbox 449 5436 3790 5512; baseline -0.001 -17"><span class='ocrx_word' id='word_1_781' title='bbox 449 5442 497 5477; x_wconf 82' lang='grc' dir='ltr'>⁸ο</span> <span class='ocrx_word' id='word_1_782' title='bbox 523 5436 730 5511; x_wconf 76' lang='grc' dir='ltr'>ἡδονῆς</span> <span class='ocrx_word' id='word_1_783' title='bbox 762 5445 825 5497; x_wconf 92' lang='grc' dir='ltr'>Ο.</span> <span class='ocrx_word' id='word_1_784' title='bbox 859 5442 899 5477; x_wconf 79' lang='grc'>⁶¹</span> <span class='ocrx_word' id='word_1_785' title='bbox 930 5437 1081 5512; x_wconf 75' lang='grc' dir='ltr'>ὁπότ’</span> <span class='ocrx_word' id='word_1_786' title='bbox 1112 5436 1173 5512; x_wconf 75' lang='grc' dir='ltr'>ἄν</span> <span class='ocrx_word' id='word_1_787' title='bbox 1196 5445 1253 5512; x_wconf 28' lang='grc' dir='ltr'>.οη</span> <span class='ocrx_word' id='word_1_788' title='bbox 1291 5440 1336 5475; x_wconf 73' lang='grc'>⁸³</span> <span class='ocrx_word' id='word_1_789' title='bbox 1361 5438 1451 5512; x_wconf 81' lang='grc' dir='ltr'>καί</span> <span class='ocrx_word' id='word_1_790' title='bbox 1485 5440 1703 5512; x_wconf 87' lang='lat' dir='ltr'>inserui</span> <span class='ocrx_word' id='word_1_791' title='bbox 1733 5457 1783 5498; x_wconf 92' lang='lat' dir='ltr'>c.</span> <span class='ocrx_word' id='word_1_792' title='bbox 1815 5446 1879 5499; x_wconf 94' lang='grc' dir='ltr'>Ο.</span> <span class='ocrx_word' id='word_1_793' title='bbox 1912 5446 1955 5481; x_wconf 79' lang='grc'>⁵³</span> <span class='ocrx_word' id='word_1_794' title='bbox 1980 5446 2277 5502; x_wconf 86' lang='lat' dir='ltr'>Turbatus</span> <span class='ocrx_word' id='word_1_795' title='bbox 2298 5447 2407 5511; x_wconf 87' lang='lat' dir='ltr'>est,</span> <span class='ocrx_word' id='word_1_796' title='bbox 2434 5445 2499 5496; x_wconf 90' lang='lat' dir='ltr'>ut</span> <span class='ocrx_word' id='word_1_797' title='bbox 2525 5440 2751 5512; x_wconf 74' lang='lat' dir='ltr'>opinor,</span> <span class='ocrx_word' id='word_1_798' title='bbox 2786 5442 2927 5512; x_wconf 90' lang='lat' dir='ltr'>ordo</span> <span class='ocrx_word' id='word_1_799' title='bbox 2955 5442 3286 5512; x_wconf 85' lang='lat' dir='ltr'>verborum,</span> <span class='ocrx_word' id='word_1_800' title='bbox 3315 5437 3415 5510; x_wconf 87' lang='lat' dir='ltr'>qui</span> <span class='ocrx_word' id='word_1_801' title='bbox 3449 5436 3530 5512; x_wconf 76' lang='lat' dir='ltr'>sic</span> <span class='ocrx_word' id='word_1_802' title='bbox 3562 5436 3790 5512; x_wconf 80' lang='lat' dir='ltr'>videtur</span> 
     </span>
    </p>
   </div>
   <div class='ocr_carea' id='block_1_111' title="bbox 376 5505 3784 5593">
    <p class='ocr_par' dir='ltr' id='par_1_111' title="bbox 376 5505 3784 5593">
     <span class='ocr_line' id='line_1_111' title="bbox 376 5505 3784 5593; baseline -0.003 -24"><span class='ocrx_word' id='word_1_803' title='bbox 376 5505 872 5593; x_wconf 58' lang='lat' dir='ltr'>constituendus:</span> <span class='ocrx_word' id='word_1_804' title='bbox 910 5510 1121 5575; x_wconf 77' lang='grc' dir='ltr'>Θέλοντι</span> <span class='ocrx_word' id='word_1_805' title='bbox 1155 5508 1322 5593; x_wconf 61' lang='grc' dir='ltr'>δὲροι</span> <span class='ocrx_word' id='word_1_806' title='bbox 1368 5510 1456 5565; x_wconf 83' lang='grc' dir='ltr'>καὶ</span> <span class='ocrx_word' id='word_1_807' title='bbox 1507 5509 1860 5593; x_wconf 42' lang='grc' dir='ltr'>σπουδαζο-ντι</span> <span class='ocrx_word' id='word_1_808' title='bbox 1909 5522 2205 5593; x_wconf 79' lang='grc' dir='ltr'>σωφρονεῖν</span> <span class='ocrx_word' id='word_1_809' title='bbox 2260 5505 2489 5589; x_wconf 77' lang='grc' dir='ltr'>βοηθοίη</span> <span class='ocrx_word' id='word_1_810' title='bbox 2544 5505 2692 5593; x_wconf 63' lang='grc' dir='ltr'>ᾇεὸς,</span> <span class='ocrx_word' id='word_1_811' title='bbox 2736 5505 2824 5593; x_wconf 67' lang='grc' dir='ltr'>καὶ</span> <span class='ocrx_word' id='word_1_812' title='bbox 2878 5505 3284 5593; x_wconf 72' lang='grc' dir='ltr'>φλεγμαινοόση</span> <span class='ocrx_word' id='word_1_813' title='bbox 3315 5505 3784 5593; x_wconf 38' lang='grc' dir='ltr'>’ᾧυχῇιτὴνηῗασιν</span> 
     </span>
    </p>
   </div>
   <div class='ocr_carea' id='block_1_112' title="bbox 374 5579 3791 5711">
    <p class='ocr_par' dir='ltr' id='par_1_112' title="bbox 374 5579 3791 5711">
     <span class='ocr_line' id='line_1_112' title="bbox 374 5579 3791 5711; baseline 0.003 -73"><span class='ocrx_word' id='word_1_814' title='bbox 374 5586 675 5659; x_wconf 67' lang='grc' dir='ltr'>παράσχοι.</span> <span class='ocrx_word' id='word_1_815' title='bbox 715 5587 775 5641; x_wconf 87' lang='lat' dir='ltr'><strong>D.</strong></span> <span class='ocrx_word' id='word_1_816' title='bbox 805 5588 863 5641; x_wconf 85' lang='lat' dir='ltr'><strong>S.</strong></span> <span class='ocrx_word' id='word_1_817' title='bbox 899 5590 1118 5640; x_wconf 86' lang='lat' dir='ltr'>textum</span> <span class='ocrx_word' id='word_1_818' title='bbox 1150 5584 1449 5711; x_wconf 62' lang='lat' dir='ltr'>vulgatum</span> <span class='ocrx_word' id='word_1_819' title='bbox 1479 5601 1649 5655; x_wconf 91' lang='lat' dir='ltr'>posse</span> <span class='ocrx_word' id='word_1_820' title='bbox 1681 5579 1913 5642; x_wconf 84' lang='lat' dir='ltr'>retineri</span> <span class='ocrx_word' id='word_1_821' title='bbox 1943 5579 2270 5656; x_wconf 59' lang='lat' dir='ltr'>existimat,</span> <span class='ocrx_word' id='word_1_822' title='bbox 2296 5579 2612 5640; x_wconf 71' lang='lat' dir='ltr'>dummodo</span> <span class='ocrx_word' id='word_1_823' title='bbox 2658 5579 2947 5641; x_wconf 52' lang='lat' dir='ltr'>scribatur</span> <span class='ocrx_word' id='word_1_824' title='bbox 2995 5579 3449 5693; x_wconf 48' lang='grc' dir='ltr'>ξολεγμαυίούάηξ</span> <span class='ocrx_word' id='word_1_825' title='bbox 3484 5583 3690 5687; x_wconf 48' lang='grc' dir='ltr'>’ἒυὲςῆξι</span> <span class='ocrx_word' id='word_1_826' title='bbox 3745 5580 3791 5614; x_wconf 69' lang='grc'>⁵⁸</span> 
     </span>
     <span class='ocr_line' id='line_1_113' title="bbox 375 5649 3786 5711; baseline 0 0"><span class='ocrx_word' id='word_1_827' title='bbox 375 5659 464 5711; x_wconf 83' lang='lat' dir='ltr'>Ita</span> <span class='ocrx_word' id='word_1_828' title='bbox 493 5664 540 5711; x_wconf 85' lang='lat'><strong>0</strong></span> <span class='ocrx_word' id='word_1_829' title='bbox 570 5675 622 5711; x_wconf 91' lang='lat' dir='ltr'>c.</span> <span class='ocrx_word' id='word_1_830' title='bbox 653 5657 744 5711; x_wconf 90' lang='lat' dir='ltr'>D..</span> <span class='ocrx_word' id='word_1_831' title='bbox 777 5654 1214 5711; x_wconf 73' lang='grc' dir='ltr'>φλαιγμαινούση</span> <span class='ocrx_word' id='word_1_832' title='bbox 1284 5697 1297 5709; x_wconf 92' lang='grc'><strong>.</strong></span> <span class='ocrx_word' id='word_1_833' title='bbox 1335 5656 1485 5711; x_wconf 86' lang='lat' dir='ltr'>Tum</span> <span class='ocrx_word' id='word_1_834' title='bbox 1518 5654 1790 5711; x_wconf 74' lang='grc' dir='ltr'>παράσγοι</span> <span class='ocrx_word' id='word_1_835' title='bbox 1819 5661 1885 5711; x_wconf 91' lang='grc' dir='ltr'>Ο.</span> <span class='ocrx_word' id='word_1_836' title='bbox 1916 5660 1960 5695; x_wconf 79' lang='grc'>⁸⁵</span> <span class='ocrx_word' id='word_1_837' title='bbox 1990 5666 2037 5711; x_wconf 84' lang='lat' dir='ltr'><strong>D</strong></span> <span class='ocrx_word' id='word_1_838' title='bbox 2059 5660 2172 5711; x_wconf 68' lang='lat' dir='ltr'>leni</span> <span class='ocrx_word' id='word_1_839' title='bbox 2204 5658 2325 5711; x_wconf 88' lang='lat' dir='ltr'>vult</span> <span class='ocrx_word' id='word_1_840' title='bbox 2353 5654 2520 5711; x_wconf 73' lang='grc' dir='ltr'>ταύτῃ</span> <span class='ocrx_word' id='word_1_841' title='bbox 2550 5657 2657 5711; x_wconf 88' lang='lat' dir='ltr'>(sc.</span> <span class='ocrx_word' id='word_1_842' title='bbox 2689 5658 2925 5711; x_wconf 73' lang='grc' dir='ltr'>γυναικί)</span> <span class='ocrx_word' id='word_1_843' title='bbox 2960 5696 2972 5710; x_wconf 90' lang='grc'>.</span> <span class='ocrx_word' id='word_1_844' title='bbox 3078 5655 3243 5711; x_wconf 77' lang='grc' dir='ltr'>αὐτήν</span> <span class='ocrx_word' id='word_1_845' title='bbox 3283 5669 3398 5709; x_wconf 87' lang='lat' dir='ltr'>om.</span> <span class='ocrx_word' id='word_1_846' title='bbox 3432 5652 3496 5708; x_wconf 91' lang='grc' dir='ltr'>Ο.</span> <span class='ocrx_word' id='word_1_847' title='bbox 3650 5649 3786 5711; x_wconf 80' lang='grc' dir='ltr'>πρὸς</span> 
     </span>
    </p>
   </div>
   <div class='ocr_carea' id='block_1_113' title="bbox 1284 5669 3786 5728">
    <p class='ocr_par' dir='ltr' id='par_1_113' title="bbox 1284 5669 3786 5728">
     <span class='ocr_line' id='line_1_114' title="bbox 1284 5669 3786 5728; baseline -0.006 -8"><span class='ocrx_word' id='word_1_848' title='bbox 1284 5697 1297 5709; x_wconf 73' lang='grc' dir='ltr'><strong>ο</strong></span> <span class='ocrx_word' id='word_1_849' title='bbox 1335 5669 1485 5711; x_wconf 73' lang='lat' dir='ltr'>Tum</span> <span class='ocrx_word' id='word_1_850' title='bbox 1518 5675 1790 5728; x_wconf 77' lang='grc' dir='ltr'>παρασχοι</span> <span class='ocrx_word' id='word_1_851' title='bbox 1819 5669 1885 5714; x_wconf 92' lang='lat' dir='ltr'>U.</span> <span class='ocrx_word' id='word_1_852' title='bbox 1916 5669 1960 5695; x_wconf 74' lang='lat'><em>“</em></span> <span class='ocrx_word' id='word_1_853' title='bbox 1990 5669 2037 5716; x_wconf 83' lang='grc' dir='ltr'>υ</span> <span class='ocrx_word' id='word_1_854' title='bbox 2059 5669 2172 5728; x_wconf 83' lang='lat' dir='ltr'>legi</span> <span class='ocrx_word' id='word_1_855' title='bbox 2204 5669 2325 5715; x_wconf 85' lang='lat' dir='ltr'>vult</span> <span class='ocrx_word' id='word_1_856' title='bbox 2353 5669 2520 5728; x_wconf 79' lang='grc' dir='ltr'>ταυτῃ</span> <span class='ocrx_word' id='word_1_857' title='bbox 2550 5669 2657 5728; x_wconf 79' lang='lat' dir='ltr'>(sc.</span> <span class='ocrx_word' id='word_1_858' title='bbox 2689 5669 2925 5728; x_wconf 78' lang='grc' dir='ltr'>γυναικί)</span> <span class='ocrx_word' id='word_1_859' title='bbox 2960 5696 2972 5710; x_wconf 92' lang='grc'><strong>.</strong></span> <span class='ocrx_word' id='word_1_860' title='bbox 3005 5669 3049 5693; x_wconf 71' lang='grc' dir='ltr'>ου</span> <span class='ocrx_word' id='word_1_861' title='bbox 3078 5669 3243 5726; x_wconf 79' lang='grc' dir='ltr'>αοτην</span> <span class='ocrx_word' id='word_1_862' title='bbox 3283 5669 3398 5709; x_wconf 93' lang='lat' dir='ltr'>om.</span> <span class='ocrx_word' id='word_1_863' title='bbox 3432 5669 3496 5708; x_wconf 91' lang='lat' dir='ltr'>U.</span> <span class='ocrx_word' id='word_1_864' title='bbox 3557 5669 3596 5687; x_wconf 76' lang='grc' dir='ltr'>σι</span> <span class='ocrx_word' id='word_1_865' title='bbox 3650 5669 3786 5728; x_wconf 91' lang='grc' dir='ltr'>προς</span> 
     </span>
    </p>
   </div>
   <div class='ocr_carea' id='block_1_114' title="bbox 375 5654 1214 5730">
    <p class='ocr_par' dir='ltr' id='par_1_114' title="bbox 375 5654 1214 5730">
     <span class='ocr_line' id='line_1_115' title="bbox 375 5654 1214 5730; baseline -0.008 -16"><span class='ocrx_word' id='word_1_866' title='bbox 375 5654 464 5714; x_wconf 64' lang='lat' dir='ltr'>Ita</span> <span class='ocrx_word' id='word_1_867' title='bbox 493 5654 622 5730; x_wconf 40' lang='lat'>(2:6.</span> <span class='ocrx_word' id='word_1_868' title='bbox 653 5657 744 5725; x_wconf 87' lang='lat' dir='ltr'>D.,</span> <span class='ocrx_word' id='word_1_869' title='bbox 777 5654 1214 5730; x_wconf 70' lang='grc' dir='ltr'>φλαιγμαινούσῃ</span> 
     </span>
    </p>
   </div>
   <div class='ocr_carea' id='block_1_115' title="bbox 373 5676 813 5800">
    <p class='ocr_par' dir='ltr' id='par_1_115' title="bbox 373 5676 813 5800">
     <span class='ocr_line' id='line_1_116' title="bbox 375 5676 744 5725; baseline -0.008 -11"><span class='ocrx_word' id='word_1_870' title='bbox 375 5676 464 5714; x_wconf 79' lang='lat' dir='ltr'>ua</span> <span class='ocrx_word' id='word_1_871' title='bbox 493 5676 540 5713; x_wconf 87' lang='grc' dir='ltr'>υ</span> <span class='ocrx_word' id='word_1_872' title='bbox 570 5676 622 5713; x_wconf 94' lang='lat' dir='ltr'><strong>c.</strong></span> <span class='ocrx_word' id='word_1_873' title='bbox 653 5676 744 5725; x_wconf 86' lang='lat' dir='ltr'>u.,</span> 
     </span>
     <span class='ocr_line' id='line_1_117' title="bbox 373 5676 813 5800; baseline -0.002 -13"><span class='ocrx_word' id='word_1_874' title='bbox 373 5732 485 5787; x_wconf 81' lang='grc' dir='ltr'>τῶν</span> <span class='ocrx_word' id='word_1_875' title='bbox 512 5726 739 5800; x_wconf 80' lang='grc' dir='ltr'>ἀληθῶν</span> <span class='ocrx_word' id='word_1_876' title='bbox 769 5676 813 5786; x_wconf 58' lang='grc' dir='ltr'>ἔ</span> 
     </span>
    </p>
   </div>
   <div class='ocr_carea' id='block_1_116' title="bbox 1335 5654 2972 5734">
    <p class='ocr_par' dir='ltr' id='par_1_116' title="bbox 1335 5654 2972 5734">
     <span class='ocr_line' id='line_1_118' title="bbox 1335 5654 2972 5734; baseline 0 -24"><span class='ocrx_word' id='word_1_877' title='bbox 1335 5654 1493 5734; x_wconf 77' lang='lat' dir='ltr'>Tum</span> <span class='ocrx_word' id='word_1_878' title='bbox 1518 5654 1790 5734; x_wconf 79' lang='grc' dir='ltr'>παράσχοι</span> <span class='ocrx_word' id='word_1_879' title='bbox 1819 5661 1885 5714; x_wconf 92' lang='grc' dir='ltr'>Ο.</span> <span class='ocrx_word' id='word_1_880' title='bbox 1916 5660 1960 5695; x_wconf 80' lang='grc'>⁸⁵</span> <span class='ocrx_word' id='word_1_881' title='bbox 1990 5666 2037 5716; x_wconf 85' lang='lat' dir='ltr'><strong>D</strong></span> <span class='ocrx_word' id='word_1_882' title='bbox 2059 5660 2172 5734; x_wconf 89' lang='lat' dir='ltr'>legi</span> <span class='ocrx_word' id='word_1_883' title='bbox 2204 5654 2325 5734; x_wconf 77' lang='lat' dir='ltr'>vult</span> <span class='ocrx_word' id='word_1_884' title='bbox 2353 5654 2520 5730; x_wconf 79' lang='grc' dir='ltr'>ταύτῃ</span> <span class='ocrx_word' id='word_1_885' title='bbox 2550 5657 2657 5730; x_wconf 90' lang='lat' dir='ltr'>(sc.</span> <span class='ocrx_word' id='word_1_886' title='bbox 2689 5658 2925 5731; x_wconf 85' lang='grc' dir='ltr'>γυναικί)</span> <span class='ocrx_word' id='word_1_887' title='bbox 2960 5696 2972 5710; x_wconf 92' lang='grc'><strong>.</strong></span> 
     </span>
    </p>
   </div>
   <div class='ocr_carea' id='block_1_117' title="bbox 816 5726 2417 5805">
    <p class='ocr_par' dir='ltr' id='par_1_117' title="bbox 816 5726 2417 5805">
     <span class='ocr_line' id='line_1_119' title="bbox 816 5726 2417 5805; baseline 0 -19"><span class='ocrx_word' id='word_1_888' title='bbox 816 5769 829 5786; x_wconf 92' lang='grc'>.</span> <span class='ocrx_word' id='word_1_889' title='bbox 864 5726 1087 5805; x_wconf 75' lang='grc' dir='ltr'>⁵⁸’λέγει</span> <span class='ocrx_word' id='word_1_890' title='bbox 1117 5726 1200 5786; x_wconf 78' lang='lat' dir='ltr'>Cl.</span> <span class='ocrx_word' id='word_1_891' title='bbox 1233 5744 1350 5785; x_wconf 89' lang='lat' dir='ltr'>non</span> <span class='ocrx_word' id='word_1_892' title='bbox 1379 5732 1462 5796; x_wconf 80' lang='lat'>0.,</span> <span class='ocrx_word' id='word_1_893' title='bbox 1497 5731 1562 5784; x_wconf 91' lang='lat' dir='ltr'>ut</span> <span class='ocrx_word' id='word_1_894' title='bbox 1590 5726 1798 5802; x_wconf 76' lang='lat' dir='ltr'>parum</span> <span class='ocrx_word' id='word_1_895' title='bbox 1830 5736 2101 5791; x_wconf 86' lang='lat' dir='ltr'>accurate</span> <span class='ocrx_word' id='word_1_896' title='bbox 2116 5726 2343 5792; x_wconf 57' lang='lat' dir='ltr'>asserit</span> <span class='ocrx_word' id='word_1_897' title='bbox 2359 5734 2417 5786; x_wconf 88' lang='lat' dir='ltr'><strong>S.</strong></span> 
     </span>
    </p>
   </div>
   <div class='ocr_carea' id='block_1_118' title="bbox 3078 5652 3496 5726">
    <p class='ocr_par' dir='ltr' id='par_1_118' title="bbox 3078 5652 3496 5726">
     <span class='ocr_line' id='line_1_120' title="bbox 3078 5652 3496 5726; baseline -0.007 -16"><span class='ocrx_word' id='word_1_898' title='bbox 3078 5652 3243 5726; x_wconf 69' lang='grc' dir='ltr'>αὒτήν</span> <span class='ocrx_word' id='word_1_899' title='bbox 3283 5669 3398 5709; x_wconf 93' lang='lat' dir='ltr'>om.</span> <span class='ocrx_word' id='word_1_900' title='bbox 3432 5652 3496 5708; x_wconf 92' lang='grc' dir='ltr'>Ο.</span> 
     </span>
    </p>
   </div>
  </div>
