4086 6216
341 398 455 458 195

1099 358 1102 361 ’
1164 393 1227 454 s.
1259 373 1716 454 .CLEMENTIS
1764 394 1785 453 ι
1835 390 2023 454 nom.
2069 394 2299 454 pom.
2346 394 2605 454 OPERA
2649 393 2913 455 DUBIA.

3630 397 3753 458 196

410 529 568 584 XXX.
604 532 720 582 Ista
770 542 905 580 cum
955 542 989 580 a
1038 541 1129 579 me
1174 524 1269 579 alii
1330 530 1463 580 ante
1512 524 1893 588 audivissent,
1927 530 1970 578 ei

2164 524 2324 579 XXX.
2382 527 2556 577 Ταῦτα
2611 523 2663 577 οἱ
2718 519 2892 598 ἕτεροι
2965 524 3398 599 προακούσαντες
3458 522 3595 598 ἐμοῦ
3649 526 3739 582 καὶ

339 616 758 687 consequentia
821 615 1223 670 desiderarent
1297 613 1539 679 discere,
1595 617 1989 669 convenerunt

338 722 450 770 me,
485 709 549 758 ut
579 704 895 775 Appionem
925 702 1191 758 invisuri.
1224 706 1288 757 Iit
1319 719 1456 757 vero
1488 719 1621 758 eum
1645 702 1770 771 jam
1802 702 1987 757 lotum

338 794 693 857 invenimus,
728 810 933 848 mensa
967 798 1185 863 parata.
1221 793 1409 856 Quare
1457 808 1642 863 pauca
1689 791 1987 846 examina-

338 883 550 949 vimus,
583 883 737 936 circa
767 882 1095 937 doctrinam
1129 882 1199 936 de
1230 881 1362 935 diis.
1400 880 1497 935 Ille
1528 896 1659 936 vero
1700 885 1984 950 nostram,

338 972 563 1043 opinor,
598 970 933 1041 intelligens
964 970 1343 1040 voluntatem,
1378 969 1636 1024 crastina
1664 969 1757 1024 die
1788 984 1849 1023 se
1879 967 1983 1023 ali-

338 1062 476 1132 quid
511 1062 581 1116 de
611 1060 725 1115 diis
754 1060 1048 1115 dicturum
1076 1059 1364 1131 promisit,
1400 1058 1791 1129 eumdemque
1818 1057 1986 1113 nobis

335 1150 614 1206 indicavit
642 1149 859 1218 locum,
893 1148 951 1203 in
986 1165 1101 1221 quo
1127 1153 1282 1203 esset
1302 1147 1623 1203 locuturus.
1642 1146 1758 1201 Nos
1788 1150 1984 1201 autem

338 1256 467 1294 cum
504 1238 913 1311 promissione,
948 1237 1151 1309 gratiis
1182 1234 1264 1291 illi
1296 1236 1460 1302 actis,
1493 1234 1709 1308 singuli
1741 1236 1983 1291 domum

336 1328 551 1385 reversi
583 1344 810 1384 sumus.

945 1503 1239 1559 HOMILIA
1278 1502 1373 1559 VI.

405 1600 449 1650 Ι.
476 1595 671 1650 Tertio
704 1598 896 1649 autem
929 1593 1022 1648 die
1068 1594 1138 1648 ad
1190 1592 1540 1665 praefinitum
1593 1591 1723 1663 Tyri
1775 1607 1980 1663 agrum

334 1702 469 1741 cum
507 1683 986 1739 familiarissimis
1018 1699 1122 1755 ego
1153 1683 1388 1737 veniens
1408 1681 1731 1753 Appionem
1757 1682 1982 1737 nancis-

338 1790 457 1842 cor,
492 1774 550 1827 in
583 1772 772 1828 medio
802 1772 1126 1827 Anubionis
1169 1776 1223 1826 et
1252 1769 1608 1826 Athenodori
1655 1771 1976 1840 sedentem,

2104 613 2287 685 μαθεῖν
2314 611 2381 667 τὰ
2412 611 2534 683 ἐξῆς
2565 616 2881 681 ποθοῦντες,
2911 614 3067 671 164
3092 610 3360 681 συνῆλθόν
3389 634 3504 686 μοι,
3538 615 3613 678 ὡς
3635 616 3748 671 ἐπι-

2098 701 2422 776 σκεψόμενοι
2453 702 2756 761 Ἀππίωνα,
2792 702 2889 756 Καὶ
2939 700 3005 770 δὴ
3056 699 3391 774 λελουμένον
3443 702 3600 759 αὐτὸν
3633 702 3739 776 ἤδη

2095 786 2581 863 κατελαμϐάνομεν
2613 790 2694 869 ἐφ’
2739 790 2944 863 ἑτοίμῳ
2985 790 3243 866 τραπέζῃ.
3272 790 3467 867 Διόπερ
3498 796 3543 829 ⁵⁸
3585 791 3743 868 ὀλίγα
3817 792 3823 797 ”

2095 875 2654 956 ἠκριϐολογησάμεθα
2703 880 2777 942 είς
2823 878 2917 935 τὸν
2965 879 3089 955 περὶ
3138 881 3271 935 θεῶν
3322 878 3508 956 λόγον,
3560 881 3617 935 '0
3665 880 3743 953 δὲ,

2096 969 2272 1041 οἶμαι,
2305 970 2476 1031 συνεὶς
2506 971 2666 1043 ἡμῶν
2714 970 2813 1039 τήν
2862 969 3196 1046 προαίρεσιν,
3227 968 3303 1033 εἷς
3346 971 3444 1039 τὴν
3489 969 3741 1027 ἐπιοῦσαν

2095 1054 2241 1133 ἔχειν
2272 1060 2317 1095 ⁶⁰
2345 1079 2395 1112 τι
2428 1058 2596 1113 εἰπεῖν
2632 1057 2897 1133 ὑπέσχετο
2947 1058 3073 1134 περὶ
3124 1062 3283 1127 θεῶν,
3312 1059 3401 1114 καὶ
3449 1058 3543 1114 τὸν
3586 1060 3746 1116 αὐτὸν

2093 1143 2479 1222 προεδήλωσεν
2534 1149 2669 1220 ἡμῖν
2717 1146 2907 1217 τόπον,
2942 1147 3019 1209 ὡς
3068 1145 3179 1202 ἐκεῖ
3216 1144 3613 1221 διαλεξόμενος.
3648 1149 3742 1206 Ἡο

2098 1240 2217 1309 μεῖς
2251 1233 2309 1290 δὲ
2334 1235 2424 1290 σὺν
2457 1239 2525 1310 τῇ
2560 1236 2874 1312 ὑποσχέσει,
2906 1236 3067 1313 χάριν
3102 1234 3543 1314 ὁμολογήσαντες
3573 1238 3743 1312 αύτῷ,

2093 1321 2278 1380 οἷ’καδε
2304 1321 2529 1388 ἕκαστος
2558 1325 3018 1402 ἀπεχωρήσαμεν.

2723 1504 2988 1561 ὈΜΙΛΙΔ
3032 1504 3095 1561 ζ’.

2723 1504 2988 1561 ὈΜΙΛΙΑ
3032 1504 3095 1574 ς.

2161 1599 2203 1649 Ι.
2233 1592 2396 1669 Τρίτῃ
2428 1590 2485 1648 δὲ
2512 1592 2692 1668 ἡμέρᾳ
2739 1592 2815 1654 εἷς
2854 1591 2918 1647 τὸ
2962 1592 3376 1668 προωρισμένον
3414 1599 3518 1663 τῆς
3564 1594 3736 1671 Τύρου

2090 1681 2299 1759 χωρίον
2333 1682 2425 1736 σὺν
2456 1688 2572 1745 τοῖς
2602 1682 2955 1743 οἰκειοτάτοις
2985 1680 3159 1746 ἐλθὼν
3189 1678 3359 1758 ἔγωγε
3388 1685 3456 1752 ⁶¹,
3506 1682 3734 1759 εὑρίσκω

2086 1774 2178 1826 τὸν
2212 1771 2516 1843 Ἀππίωνα,
2569 1767 2932 1833 ’Δνουϐίωνύς
2979 1791 3038 1826 τε
3082 1771 3170 1826 καὶ
3220 1769 3598 1848 Ἀθηνοδώρου
3638 1792 3735 1826 κα-

332 1879 566 1933 unaque
598 1861 795 1933 plures
827 1860 972 1916 alios
1004 1860 1263 1916 eruditos
1286 1860 1463 1931 viros,
1499 1859 1599 1930 qui
1648 1877 1754 1915 nos
1803 1876 1970 1932 oppe-

2091 1861 2375 1935 θεζόμενον
2440 1862 2627 1934 μέσον,
2678 1861 2767 1916 καὶ
2822 1861 2958 1933 μετά
3001 1858 3229 1916 πολλῶν
3286 1859 3473 1916 ἄλλων
3522 1865 3631 1916 τῶν
3675 1860 3734 1916 ἐκ

332 1951 651 2007 riebantur.
687 1953 953 2005 Attamen
988 1949 1135 2004 nihil
1162 1949 1381 2005 veritus
1426 1949 1690 2005 salutans
1739 1948 1972 2004 consedi

330 2057 399 2096 ex
454 2040 695 2095 adverso
738 2039 1037 2110 Appionis,
1071 2037 1171 2110 qui
1229 2056 1343 2093 non
1396 2037 1577 2093 multo
1636 2041 1767 2109 post
1817 2036 1976 2109 loqui

330 2130 540 2200 cmpit:
577 2127 741 2195 Volo,
776 2127 1033 2199 primum
1068 2126 1354 2200 incipiens
1386 2126 1540 2197 hinc,
1566 2127 1692 2197 jam
1735 2125 1848 2182 cito
1880 2142 1976 2181 ve-

329 2220 456 2273 nire
487 2218 560 2272 ad
589 2218 993 2289 quaestionem.
1026 2219 1173 2272 Ante
1221 2232 1397 2289 quam
1439 2220 1524 2281 tu,
1560 2215 1640 2270 ﬁli
1688 2215 1973 2284 Clemens,

331 2310 567 2363 adesses
618 2308 806 2374 nobis,
839 2306 1109 2362 Anubion
1160 2305 1255 2361 hic
1302 2310 1361 2361 et
1406 2304 1833 2373 Athenodorus,
1875 2304 1974 2377 qui

287 2407 290 2411 ’
332 2396 453 2452 heri
489 2413 605 2451 una
636 2413 769 2451 cum
803 2395 933 2451 aliis
964 2396 1278 2451 audierunt
1316 2400 1371 2451 te
1401 2394 1806 2463 disserentem,
1842 2412 1975 2449 nar-

333 2490 604 2540 raverunt
633 2483 798 2551 mihi,
826 2500 938 2553 quo
971 2484 1140 2538 modo
1175 2482 1367 2539 Romae
1401 2482 1504 2537 tibi
1541 2488 1603 2538 ut
1631 2482 1849 2538 amanti
1881 2498 1973 2538 oc-

330 2592 569 2629 currens
600 2572 785 2628 multa
815 2577 1018 2628 contra
1059 2573 1198 2627 deos
1250 2572 1529 2627 mentitus
1578 2570 1809 2636 fuerim,
1842 2570 1975 2627 illos

333 2665 655 2737 praedicans
671 2664 1015 2734 paedicones,
1029 2661 1300 2725 lascivos,
1317 2666 1679 2734 stupratores
1694 2664 1973 2732 matrum,

331 2770 621 2819 sororum,
655 2750 933 2817 ﬁliarum,
968 2751 1412 2824 innumerisque
1442 2750 1727 2806 obnoxios
1753 2749 1976 2807 adulte-

330 2842 451 2896 riis.
503 2842 616 2897 Sed
666 2846 721 2895 te
764 2841 1042 2912 oportuit,
1078 2838 1180 2908 fili,
1216 2840 1364 2895 scire
1413 2857 1505 2895 me
1554 2839 1693 2896 talia
1742 2857 1857 2894 non
1906 2855 1975 2894 ex

327 2931 523 2985 animo
555 2930 886 3001 scripsisse,
918 2929 1019 2985 sed
1063 2946 1259 2984 amore
1301 2928 1385 2983 tui
1431 2946 1566 2985 vera
1608 2928 1970 2998 occultasse;

328 3037 457 3091 quae
486 3020 536 3075 si
569 3036 724 3075 nunc
754 3018 1229 3087 deeideras,audi
1254 3035 1287 3074 a
1309 3035 1423 3074 me.

398 3289 466 3347 Ιῐ.
502 3288 883 3361 Antiquorum
918 3287 1225 3343 hominum
1258 3285 1699 3359 sapientissimi,
1732 3303 1967 3342 omnem

324 3380 623 3434 veritatem
659 3395 762 3450 per
785 3377 1037 3433 laborem
1071 3376 1277 3441 edocti,
1311 3374 1586 3447 indignos
1614 3375 1968 3431 divinarum-

324 3484 434 3538 que
466 3466 915 3538 disciplinarum
950 3482 1065 3521 non
1114 3465 1358 3536 cupidos
1409 3462 1674 3520 celarunt
1708 3464 1967 3520 scientiis

325 3555 723 3611 traditionem.
767 3556 967 3627 Neque
1000 3555 1157 3610 enim
1189 3570 1257 3609 ex
1284 3552 1436 3608 Ocelo
1459 3552 1735 3624 illiusque
1781 3558 1966 3609 matre

320 3646 499 3699 Terra
530 3644 815 3717 progeniti
847 3649 986 3700 sunt
1014 3642 1322 3698 duodecim
1364 3641 1549 3710 liberi,
1583 3643 1962 3713 quemadmo-

319 3733 460 3787 dum
514 3732 707 3788 fabula
745 3736 1073 3799 enumerat,
1127 3747 1319 3786 mares
1386 3729 1623 3801 quidem
1676 3729 1962 3796 Oceanus,

318 3822 507 3886 Cmus,
541 3822 726 3892 Crius,
759 3821 1350 3893 Hyperion,.lapetus,
1376 3820 1701 3888 Saturnus;
1737 3819 1962 3874 feminae

316 3928 449 3966 vero
482 3911 683 3977 Theia,
735 3910 995 3978 Themis,
1038 3909 1438 3981 Mnemosyne,
1488 3909 1678 3976 Ceres,
1727 3908 1958 3980 Tethys,

316 4000 492 4056 lihea.
526 4000 725 4072 Neque
775 3999 1068 4055 Saturnus
1114 3998 1495 4053 adamantina
1541 3997 1685 4053 falce
1734 4002 1963 4054 exsecta

316 4091 465 4160 patri
498 4088 648 4144 Caelo
681 4088 891 4158 virilia,
926 4092 990 4143 ut
1020 4087 1202 4154 fertis,
1234 4087 1293 4141 in
1328 4103 1487 4141 mare
1528 4086 1806 4157 projecit;
1858 4086 1960 4142 sed

314 4195 501 4250 neque
532 4196 599 4233 ex
627 4176 767 4233 Coeli
798 4176 1129 4232 exsectione
1158 4192 1258 4247 per
1290 4175 1404 4230 fusi
1435 4174 1742 4246 sanguinis
1762 4179 1960 4247 guttas

313 4273 438 4321 orta
486 4273 575 4323 est
622 4267 838 4322 Venus.
872 4266 1072 4337 Neque
1121 4265 1298 4321 etiam
1349 4264 1638 4319 Saturnus
1684 4281 1751 4319 ex
1802 4264 1962 4321 Rhea

313 4356 502 4427 primo
540 4356 650 4411 sibi
703 4357 968 4428 genitum
1017 4354 1323 4410 Plutonem
1368 4352 1690 4422 absorbuit,
1725 4358 1961 4425 prOpter

2086 1948 2331 2014 παιδείας
2362 1948 2568 2026 ἀνδρῶν
2598 1953 2746 2023 ἡμᾶς
2778 1949 3169 2023 ἀναμενόντων.
3205 1949 3304 2007 Καὶ
3337 1948 3490 2023 ὅμως
3512 1947 3665 2005 οὐδὲν
3686 1954 3733 1988 ⁶²

2083 2038 2482 2116 καταπλαγεὶς,
2529 2039 2966 2115 προσαγορεύσας
3018 2040 3428 2109 ἀντικαθέζομαι
3470 2044 3550 2112 τῷ
3598 2046 3731 2094 ’Δπ-

2085 2127 2269 2200 πίωνι,
2327 2129 2385 2191 ὃς
2445 2129 2559 2201 μετ’
2619 2127 2680 2183 ού
2739 2127 2885 2182 πολὺ
2945 2126 3118 2205 λέγειν
3175 2126 3396 2204 ἤρξατο’
3446 2126 3729 2202 Βούλομαι

2084 2222 2301 2294 πρῶτος
2331 2216 2630 2294 ἀρξάμενος
2670 2216 2902 2281 ἐντεῦθεν
2932 2214 3043 2287 ἤδη
3083 2216 3297 2293 ταχέως
3327 2216 3502 2282 ἐλθεῖν
3554 2217 3641 2273 ἐπὶ
3670 2218 3734 2274 τὸ

2087 2304 2440 2379 ζητούμενον.
2476 2305 2587 2381 Πρὸ
2616 2310 2712 2359 τοῦ
2755 2303 2832 2378 σέ,
2863 2306 3047 2360 τέκνον
3097 2303 3359 2378 Κλήμης,
3410 2308 3544 2379 ἡμῖν
3590 2326 3729 2377 παρ-

2084 2402 2245 2463 εῖναι,
2303 2389 2572 2452 Ανουϐίων
2630 2394 2786 2456 οὗτος
2830 2396 2876 2432 ⁸³
2922 2394 3010 2449 καὶ
3061 2392 3459 2470 Ἀθηνόδωρος,
3505 2395 3556 2449 οἱ
3600 2396 3732 2470 χθὲς

2083 2484 2197 2558 ἅμα
2251 2489 2367 2547 τοῖς
2426 2482 2621 2546 ἀλλοις
2680 2483 3070 2546 ἐπακούσαντές
3130 2504 3225 2537 σου
3283 2481 3677 2561 διαλεγομένου
3714 2530 3730 2558 ,

2084 2572 2428 2653 ἀφηγήσαντό
2480 2594 2572 2645 μοι
2603 2576 2649 2610 ⁸⁴
2678 2578 2795 2635 πῶς
2835 2571 2885 2627 ἐν
2929 2577 2996 2646 τῇ
3024 2572 3227 2646 Ῥώμῃ,
3261 2573 3656 2649 συνερχόμενός
3684 2576 3730 2611 ⁸⁸

2082 2684 2165 2719 σοι
2200 2664 2275 2725 ὡς
2304 2662 2516 2737 ἐρῶντι,
2547 2660 2733 2717 πολλά
2761 2666 2866 2717 τῶν
2917 2663 3049 2717 θεῶν
3094 2662 3524 2736 κατεψευσάμην,
3560 2662 3724 2718 εἰπὼν

2083 2752 2276 2816 αὐτοὺς
2324 2749 2702 2828 παιδεραστάς,
2762 2750 3028 2826 ἀσελγεῖς,
3090 2750 3456 2827 μιγνυμένους
3516 2752 3722 2827 μητρά-

2082 2864 2182 2912 σιν,
2243 2839 2524 2919 ἀδελφαῖς,
2585 2842 2904 2915 θυγατράσιν
2938 2884 2954 2911 ,
3012 2840 3100 2895 καὶ
3175 2839 3394 2917 μυρίαις
3454 2841 3727 2917 μοιχείαις

2083 2930 2440 3008 ἐνεχομένους
2470 2933 2533 2986 ⁸⁸.
2564 2931 2715 2988 155
2736 2927 2894 2985 Ἀλλ’
2918 2928 3086 3006 ἐχρῆν
3119 2950 3197 3002 σε,
3224 2931 3270 2984 ὦ
3297 2928 3723 3004 τέκνον,εἰδέναι,

2082 3020 2164 3076 ὅτι
2222 3021 2295 3093 μή
2340 3023 2562 3074 τοιαῦτα
2608 3018 2732 3095 περὶ
2782 3022 2917 3083 θεῶν
2965 3023 3173 3095 φρονῶν
3204 3021 3249 3056 ⁸⁷
3296 3015 3547 3098 ἔγραφον,
3579 3018 3727 3075 ἀλλά

2082 3113 2285 3185 στοργῇ
2315 3107 2384 3183 τῇ
2433 3108 2570 3183 πρὸς
2621 3108 2679 3163 σε
2723 3108 2789 3162 τὰ
2837 3106 3015 3178 ἀληθῆ
3051 3105 3225 3185 λέγειν
3269 3108 3722 3185 ἀπεκρυπτόμην,

2084 3199 2239 3275 ἀπερ,
2274 3196 2319 3252 εἰ
2347 3201 2440 3252 νῦν
2469 3194 2691 3264 ἐθέλεις,
2720 3196 2847 3272 παρ’
2877 3194 3014 3269 ἐμοῦ
3042 3194 3294 3254 ἄκουσον.

2002 3256 2045 3324 C
2154 3256 2366 3345 Ιί.’Τῶν
2414 3284 2587 3341 πάλαι
2632 3256 2842 3361 ἀνδρων
2891 3256 2942 3340 di
2992 3288 3318 3359 σοφώτατοι,
3365 3293 3536 3342 πᾶσαν
3574 3286 3723 3358 ἀλή-

2076 3377 2219 3432 θειαν
2278 3375 2430 3431 αὐτοὶ
2477 3374 2707 3449 καμάτῳ
2756 3377 2799 3412 ⁸⁸
2857 3374 3254 3449 μεμαθηκότες,
3301 3377 3431 3439 τοὺς
3473 3376 3722 3447 ἀναξίους

2073 3465 2163 3520 καὶ
2218 3465 2293 3539 μὴ
2346 3462 2699 3540 ὀρεγομένους
2750 3463 2905 3527 θείων
2959 3463 3294 3537 μαθημάτων
3340 3464 3717 3541 ἀπεκρύψαντο

2071 3554 2170 3623 τήν
2230 3552 2538 3625 ἐπιστήμην
2597 3547 2810 3608 λαϐεῖν.
2870 3549 3008 3610 Οῧτε
3062 3553 3161 3629 γὰρ
3209 3552 3301 3608 ἀπ’
3339 3552 3579 3628 Οὐρανοῦ
3623 3554 3715 3609 καὶ

2070 3648 2171 3711 τῆς
2215 3639 2423 3717 μητρός
2454 3640 2619 3695 αὐτοῦ
2661 3646 2767 3710 Γῆς
2808 3638 3057 3716 γεγόνασι
3100 3637 3287 3703 παῖδες
3320 3638 3549 3709 δώδεκα,
3579 3642 3653 3704 ὡς
3683 3642 3713 3696 ὁ

2077 3736 2243 3804 μῦθος
2300 3730 2658 3805 καταριθμεῖ·
2722 3727 2940 3805 ἅρῥενες
3002 3729 3134 3803 μὲν,
3186 3730 3464 3803 Ὠκεανὸς,
3522 3732 3711 3800 Κοῖος,

2072 3826 2236 3897 Κρῖος
2284 3822 2348 3888 5°,
2398 3819 2677 3896 Ὑπερίων,
2728 3819 2988 3887 Ἰαπετὸς,
3040 3818 3263 3893 Κρόνοςο
3313 3819 3528 3890 θήλειαι
3560 3823 3603 3858 ⁷ο
3633 3818 3711 3891 δὲ,

2071 3910 2193 3982 Θεά,
2255 3908 2439 3982 Θέμις,
2502 3907 2879 3981 Μνημοσύνη,
2939 3910 3250 3984 Δημήτηρ,
3307 3909 3515 3983 Τηθὺς,
3572 3908 3712 3968 Ῥέα.

2071 3995 2204 4054 Οὔτε
2230 4002 2299 4072 τῇ
2335 3997 2386 4069 ἐξ
2432 3994 2737 4071 ἀδάμαντος
2787 3997 2930 4073 ἅρπῃ
2977 3998 3043 4051 τὰ
3090 3995 3273 4053 αἰδοῖα
3312 3997 3509 4074 Κρόνος
3538 3998 3718 4072 Ούρα⁴

2068 4092 2160 4143 νοῦ
2206 4092 2302 4143 τοῦ
2348 4088 2551 4159 πατρὸς
2604 4084 2867 4160 ἐκτεμὼν,
2920 4084 2995 4149 ὥς
3044 4107 3196 4164 φατε,
3229 4085 3305 4149 εἰς
3360 4088 3520 4163 βυθὸν
3551 4086 3717 4165 ἀττέρ-

2072 4178 2244 4255 ῥιψεν·
2278 4175 2404 4233 ἀλλ’
2434 4173 2548 4231 οὐδ’
2580 4174 2639 4230 ἐκ
2664 4177 2763 4244 τῆς
2810 4175 3103 4249 ἀποτομῆς
3149 4180 3246 4231 τοῦ
3294 4175 3536 4252 Ούρανοῦ
3587 4198 3713 4233 στα-

2067 4266 2243 4343 γόνων
2294 4264 2511 4342 ῥυέντος
2550 4261 2778 4337 α’ίματος
2815 4266 2850 4333 ἡ
2886 4261 3183 4341 Ἀφροδίτη
3218 4263 3446 4340 ἐγένετο.
3494 4263 3619 4321 Οὐδ’
3648 4263 3715 4321 αὖ

2068 4355 2274 4432 Κρόνος
2304 4358 2371 4429 τῇ
2402 4355 2524 4427 Ῥέᾳ
2560 4354 2733 4430 μιγεὶς
2780 4353 2869 4408 καὶ
2917 4356 3173 4431 γεννήσας
3226 4353 3522 4410 Πλούτωνα
3568 4360 3719 4431 πρῶ-

312 4444 638 4500 Promethei
677 4442 982 4499 oraculum
1029 4443 1270 4508 veritus,
1299 4458 1369 4497 ne
1418 4458 1488 4497 ex
1529 4458 1595 4497 eo
1644 4444 1958 4499 concubitu

2081 4467 2158 4501 ιον
2202 4445 2448 4500 κατέπιεν
2476 4488 2492 4512 ,
2540 4441 2630 4499 διά
2674 4464 2794 4498 τινα
2839 4441 3179 4519 Προμηθέως
3243 4445 3438 4518 θεσμὸν
3495 4441 3714 4519 δεδιὼς,

311 4537 485 4589 natus
535 4533 730 4589 infans
765 4532 968 4589 fortior
996 4533 1124 4605 ipso
1154 4533 1444 4602 existeret,
1477 4530 1844 4603 privarctque
1870 4531 1959 4605 ip-

2071 4536 2285 4609 μήποτε
2324 4533 2576 4609 γεννηθὲν
2629 4531 2681 4604 ἐξ
2731 4530 2896 4587 αύτοῦ
2947 4532 3165 4611 βρέφος.
3212 4533 3581 4609 γενναιότερον
3625 4532 3716 4589 αύ-

312 4640 447 4678 sum
472 4639 670 4695 regno.
704 4627 829 4677 Non
858 4622 1116 4677 secundo
1147 4620 1408 4691 genitum
1432 4619 1770 4691 Neptunum
1794 4621 1958 4676 simi-

2081 4628 2162 4679 ιοῦ
2191 4622 2504 4700 γενόμενον,
2554 4620 2820 4699 ἀφέληται
2870 4620 3029 4676 αὐτὸν
3076 4627 3177 4691 τῆς
3232 4620 3512 4697 βασιλείας
3540 4626 3607 4681 τί.
3640 4622 3715 4679 Ού

314 4712 446 4767 liter
474 4712 784 4784 absorpsit.
818 4712 943 4768 Non
976 4721 1103 4784 post
1134 4710 1242 4766 hos
1291 4714 1494 4766 natum
1525 4709 1725 4766 Jovem
1773 4716 1960 4767 mater

310 4801 469 4857 lthea
500 4802 830 4865 occultavit,
864 4818 967 4857 nec
998 4799 1287 4873 expetenti
1320 4800 1569 4855 Saturno
1600 4798 1851 4872 lapidem
1884 4801 1956 4857 ad

307 4890 707 4947 devorandum
735 4890 995 4947 tradidit.
1016 4891 1141 4945 Non
1165 4890 1215 4944 is
1236 4890 1544 4944 devoratus
1576 4888 1739 4961 prius
1761 4890 1959 4946 absor—

309 4985 439 5051 ptos
478 4980 655 5035 trusit
701 4985 759 5035 ct
807 4980 995 5052 coegit
1043 4980 1195 5035 exire
1240 4978 1494 5050 primum
1548 4979 1807 5051 quidem,
1854 4980 1956 5053 qui

307 5069 536 5139 primus
568 5068 883 5142 absorptus
911 5070 1122 5139 fuerat,
1148 5067 1480 5137 Plutonem,
1505 5073 1710 5141 postea
1737 5068 1955 5141 Neptu-

2064 4713 2154 4769 τὸν
2216 4708 2527 4768 Ποσειδῶνα
2574 4708 2821 4785 δεύτερον
2873 4711 3133 4785 γεννήσας
3185 4710 3397 4784 ὁμοίως
3442 4712 3713 4768 κατέπιεν·

2067 4802 2128 4858 ού
2164 4802 2296 4875 μετά
2321 4801 2546 4863 τούτους
2590 4800 2680 4855 τὸν
2729 4797 2825 4854 Δία
2870 4800 3191 4875 γεννηθέντα
3232 4801 3266 4869 ἡ
3322 4803 3506 4878 μήτηρ
3555 4821 3714 4857 κατα-

2064 4893 2312 4968 κρύψασα
2366 4892 2401 4959 ἡ
2455 4889 2574 4945 Ῥέα
2630 4888 2985 4959 ἀπαιτήσαντι
3056 4892 3136 4960 τῷ
3191 4888 3376 4964 Κρόνῳ
3431 4896 3714 4945 καταπιεῖν

2069 4980 2217 5036 λίθον
2248 4982 2295 5017 ⁷²
2323 4976 2640 5034 ἀντέδωκεν.
2673 4979 2792 5045 Ὃς,
2827 4976 2888 5032 ού
2918 4977 3267 5047 καταποθεὶς,
3288 4978 3415 5041 τοὺς
3445 5000 3715 5056 προκατα-

2064 5069 2325 5133 ποθέντας
2356 5067 2555 5142 θλίψας
2588 5066 2806 5138 ἐξέωσεν
2835 5070 2903 5139 ⁷³,
2937 5067 3013 5130 ὡς
3041 5066 3328 5145 προελθεῖν
3362 5073 3577 5146 πρῶτον
3612 5069 3710 5142 μὶν

1669 5202 1901 5260 VARIE
1942 5205 2237 5263 LECTION
2246 5206 2350 5262 ES.

374 5299 418 5376 59
472 5294 556 5376 8r"
599 5295 730 5376 {imp
767 5300 847 5376 Ὀ.
905 5300 951 5376 “fl
1010 5304 1053 5353 ι)
1107 5298 1380 5376 proponit
1423 5295 1680 5376 ﬁxam?
1715 5296 1824 5371 ἐγώ
1880 5321 1940 5376 γε
1989 5302 2050 5359 C.
2103 5304 2150 5339 ”
2196 5297 2320 5356 οὐδέ
2366 5301 2432 5357 Ο.
2465 5300 2511 5376 “if
2568 5299 2652 5356 Ita
2683 5300 2829 5376 O‘et
2968 5316 3038 5376 ex
3090 5302 3357 5376 con_iect.,
3388 5296 3591 5376 Δοὕτως
3648 5299 3711 5356 in

307 5374 489 5461 texti}
518 5368 935 5461 °fj€zzpﬁﬁcuitd
963 5368 1233 5461 ‘\pq:'rS,_
1268 5371 1565 5461 mendose.
1624 5368 2105 5461 “ﬁcpvspy'd‘pevoq
2152 5378 2212 5441 C,
2263 5370 2688 5461 σρνξργούμενρς
2740 5372 2799 5428 S.
2860 5372 2905 5407 “
2948 5368 3328 5461 ,ἀνεχομένους
3379 5370 3438 5427 C.
3483 5373 3527 5407 ⁸⁷
3570 5389 3712 5461 ,γρο-

304 5445 406 5516 νῶν
438 5438 803 5516 desideratur
852 5444 910 5496 in
940 5438 1024 5516 0.
1056 5443 1100 5477 ⁸⁸
1133 5438 1345 5516 Ριλοᾉ-Οἱ
1376 5438 1631 5516 καμάτων
1657 5447 1732 5516 ΑΙ)
1752 5438 2062 5516 legendum
2111 5438 2311 5501 censet
2359 5438 2447 5516 δξιᾶ
2492 5438 2749 5515 καμάτων
2784 5460 2797 5499 :
2831 5438 3167 5516 conjectura
3211 5445 3337 5516 jam
3389 5438 3708 5516 superflua.

302 5516 346 5547 ⁶⁹
381 5515 464 5590 Ita
490 5514 550 5578 S,
582 5515 836 5590 auct.__D.
888 5513 1001 5590 (ἐῆν.
1056 5516 1208 5590 Hes._
1234 5513 1419 5590 szgog.
1474 5514 1597 5590 134,
1646 5513 1774 5590 375,
1809 5512 1993 5590 ’κριός
2024 5523 2083 5585 C,
2117 5518 2178 5573 0.
2233 5518 2277 5590 ⁷9
2305 5514 2469 5586 θήλαι
2514 5512 2578 5590 0.
2630 5517 2803 5590 Tum.
2826 5512 3058 5590 Δἱόςθεειι
3089 5512 3526 5590 sine'_acce_ntu,
3561 5512 3711 5590 θεία

304 5587 454 5660 conj.
487 5590 545 5639 Ο.
579 5586 692 5639 Cfr.
729 5585 862 5641 Hes.
897 5586 1082 5660 Tizeog.
1112 5586 1233 5660 135,
1266 5582 1389 5639 371ῖ
1422 5582 1772 5660 Apollod;_i,
1800 5582 1933 5653 2,4.
1966 5582 2109 5645 Dein
2139 5586 2306 5660 τυθύς
2331 5582 2401 5644 0.
2435 5590 2475 5624 ⁷¹
2514 5588 2660 5659 Lege
2684 5587 2783 5655 τὴν
2822 5582 3099 5660 βασιλείαν
3144 5593 3200 5660 S.
3233 5588 3280 5660 7‘
3324 5584 3473 5660 λίθον
3506 5586 3707 5660 addidi

301 5674 350 5763 ca.
386 5656 450 5725 Ο,
476 5673 655 5786 (gnam
686 5673 888 5713 vocem
918 5656 1119 5742 deesse
1141 5658 1269 5727 jam
1300 5657 1531 5714 monuit
1560 5658 1624 5715 D.
1655 5656 1772 5715 Cfr.
1808 5660 2035 5733 Recogn.
2064 5679 2120 5732 χ,
2155 5660 2246 5732 19,
2276 5657 2337 5726 ὅς
2366 5661 2427 5717 in
2458 5656 2692 5717 exordio
2723 5656 3024 5734 sequentis
3052 5659 3277 5734 periodi
3321 5659 3519 5717 addidi
3550 5673 3599 5715 ο.
3634 5657 3703 5719 O.

376 5732 462 5785 Ita
535 5772 551 5786 .
584 5726 773 5786 εξωσεν
806 5731 865 5786 C.
899 5726 1087 5786 ἐξωσεν
1120 5727 1185 5786 Ο.

427 5745 551 5802 αδ,

584 5724 773 5799 ἔξωσεν
806 5731 865 5803 C,
899 5726 1087 5804 ἐξῶσεν
1120 5724 1185 5789 Ο.
