4086 6216
344 333 453 391 199
1157 329 1223 387 S.
1270 325 1713 388 CLEMENTIS
1759 326 1782 386 Ι
1830 323 2018 385 ROM.
2061 323 2294 385 PONT.
2340 324 2604 386 OPERA
2646 324 2908 389 DUBIA.
3620 326 3744 390 200

338 466 404 517 ut
433 462 629 534 genita
657 463 847 515 ortum
881 458 1178 526 habuisse,
1210 476 1326 514 non
1358 463 1554 514 autem
1604 462 1669 514 ut
1716 457 1967 530 ingenita

2090 453 2360 527 σημαίνει,
2395 454 2457 510 οὐ
2486 456 2548 510 τὸ
2590 454 2670 510 ἀεὶ
2718 455 2850 510 εἶναι
2893 455 2967 518 ὡς
3019 454 3270 531 ἀγένητα.
3306 455 3410 511 Καὶ
3439 458 3663 536 Ὀρφεὺς
3696 463 3739 498 ⁸⁸

340 565 573 622 semper
600 548 908 604 exstitisse.
944 546 1209 619 Orpheus
1237 552 1431 603 autem
1464 547 1641 603 chaos
1681 564 1785 602 ovo
1822 563 1967 602 com-

2092 539 2237 597 δὲτὸ
2268 545 2403 619 χάος
2454 544 2547 616 ὠῷ
2592 544 2925 620 παρεικάζει,
2958 542 3010 599 ὲν
3060 545 3107 616 ᾦ
3152 548 3261 598 τῶν
3310 546 3544 621 πρώτων
3595 569 3736 603 στοι-

340 642 524 712 parat,
556 637 617 692 in
649 654 765 709 quo
798 637 1122 707 primorum
1155 636 1578 692 elementorum
1609 640 1733 691 erat
1778 635 1967 691 confu-

2090 631 2257 707 χείων
2290 633 2356 703 ἦν
2388 635 2422 703 ἡ
2451 633 2730 710 σύγχυσις.
2753 639 2922 689 Τοῦτο
2952 629 3200 695 Ἡσίοδος
3229 633 3369 707 χάος
3400 634 3733 706 ὐποτίθεται,

338 728 446 783 sio.
482 726 597 781 Hoc
631 726 914 781 Hesiodus
962 725 1139 781 chaos
1184 725 1474 798 proponit,
1512 726 1666 798 quod
1712 724 1967 797 Orpheus

2090 720 2221 796 ὅπερ
2250 720 2475 797 Ὀρφεὺς
2506 721 2610 776 ὠὸν
2644 719 2789 798 λέγει
2822 722 3071 797 γενητὸν.
3110 720 3160 791 ἐξ
3192 720 3415 798 ἀπείρου
3444 729 3545 793 τῆς
3598 724 3733 796 ὕλης

337 832 511 872 ovum
560 814 701 870 dicit
751 815 1040 888 genitum,
1070 831 1140 871 ex
1187 815 1418 871 inﬁnita
1463 814 1708 871 materia
1736 816 1982 887 produc-

338 910 485 969 tum,
518 906 854 977 factumque
882 904 965 959 ita
996 920 1009 959 :

408 1009 650 1068 IV.Cum
684 1008 928 1065 materia
958 1013 1208 1080 quatuor
1227 1025 1438 1081 genera
1460 1008 1853 1080 complectens
1882 1008 1981 1064 ha-

338 1101 500 1156 heret
520 1099 777 1155 animam
809 1101 867 1154 et
893 1102 1080 1154 totum
1130 1097 1486 1154 immensum
1519 1097 1811 1169 quoddam
1846 1114 1977 1168 pro-

337 1190 582 1246 fundum
617 1205 847 1260 semper
876 1191 1078 1243 ﬂueret
1107 1204 1173 1242 ac
1202 1191 1419 1242 temere
1454 1187 1697 1242 ferretur
1725 1189 1781 1241 et
1810 1186 1979 1242 innu-

338 1296 529 1335 meras
560 1277 931 1351 imperfectas
964 1276 1268 1332 mistiones
1298 1275 1548 1332 subinde
1578 1275 1974 1347 proinnderet,

336 1373 511 1440 atque
542 1367 669 1422 ideo
702 1366 831 1421 illas
863 1366 934 1421 ob
973 1365 1376 1421 confusionem
1408 1363 1677 1433 solveret,
1711 1381 1816 1421 nec
1859 1381 1975 1420 non

330 1457 542 1525 hiaret,
575 1455 744 1527 quasi
776 1455 847 1511 ad
879 1454 1312 1527 generationem
1345 1453 1620 1510 animalis
1644 1470 1757 1510 non
1782 1456 1978 1525 posset

336 1545 652 1617 compingi,
704 1543 1017 1615 aliquando
1066 1542 1328 1616 contigit,
1372 1547 1438 1599 ut
1479 1542 1623 1598 illud
1673 1542 1973 1598 infinitum

335 1634 596 1707 pelagus,
630 1650 733 1705 per
761 1632 1054 1705 propriam
1090 1636 1361 1687 naturam
1405 1648 1758 1688 concussum
1809 1635 1972 1687 motu

337 1722 886 1786 naturali.ordinate
915 1722 988 1776 ab
1006 1722 1208 1777 eodem
1236 1722 1305 1776 ad
1338 1721 1494 1777 idem
1526 1721 1712 1777 instar
1735 1720 1973 1777 vorticis

2088 804 2552 885 προϐεϐλημένον,
2584 812 2809 887 γεγονὸς
2841 808 2899 865 δὲ
2929 809 3071 866 οὕτω
3098 812 3162 868 ⁸⁷.

2161 1007 2311 1066 I58
2343 1008 2431 1063 IV.
2465 1012 2571 1077 Τῆς
2601 1010 2947 1083 τετραγενοῦς
2979 1005 3117 1079 ὕλης
3150 1005 3404 1084 έμψύχου
3433 1004 3619 1081 οὔσης,
3641 1009 3732 1064 καὶ

2087 1093 2221 1151 ὅλου
2254 1094 2478 1172 ἀπείρου
2524 1097 2670 1159 τινὸς
2725 1096 2889 1172 βυθοῦ
2937 1094 3019 1152 ἀεῖ
3050 1095 3265 1173 ῥέοντος
3289 1098 3427 1171 (99),
3458 1098 3549 1152 καὶ
3581 1098 3733 1175 ἀκρί-

2084 1205 2192 1247 τως
2245 1186 2566 1263 φερομένου,
2608 1186 2696 1240 καὶ
2747 1184 2941 1261 μυρίας
2991 1186 3201 1249 ἀτελεῖς
3246 1186 3461 1261 κράσεις
3511 1186 3587 1249 εἷς
3631 1186 3730 1244 ἂλ-

2086 1271 2213 1329 λοτε
2234 1270 2420 1337 ἄλλως
2451 1276 2494 1311 “
2526 1272 2939 1350 ἐπαναχέοντος,
2972 1274 3062 1329 καὶ
3094 1272 3183 1330 διὰ
3209 1273 3370 1330 τοῦτο
3400 1274 3565 1339 αὐτάς
3605 1277 3733 1331 ἀνα-

2087 1362 2313 1425 λύοντος
2342 1365 2413 1435 τῇ
2441 1362 2646 1435 ἀταξίᾳ,
2677 1363 2765 1418 καὶ
2816 1364 3116 1439 κεχηνότος
3157 1363 3247 1419 καὶ
3276 1367 3323 1402 ⁸⁸
3357 1364 3434 1428 εἰς
3485 1364 3731 1442 γέννησιν

2087 1452 2229 1521 ζώου
2260 1449 2477 1522 δεθῆναι
2539 1452 2615 1526 μὴ
2648 1449 2969 1525 δυναμένου,
3001 1447 3196 1524 συνέϐη
3246 1454 3379 1508 ποτὶ
3426 1452 3592 1509 αὐτοῦ
3632 1459 3731 1510 τοῦ

2082 1540 2306 1617 ἀπείρου
2354 1539 2646 1617 πελάγους,
2682 1541 2785 1596 ὑπὸ
2844 1539 2981 1603 ἰδίας
3021 1540 3229 1620 φύσεως
3284 1543 3728 1621 περιωθουμένου

2081 1633 2286 1702 κινήσει
2318 1634 2539 1709 φυσικῇ,
2574 1629 2841 1693 εὐτάκτως
2885 1630 3076 1707 ῥυῆναι
3130 1630 3237 1687 ἀπὸ
3291 1636 3389 1687 τοῦ
3445 1631 3609 1688 αὐτοῦ
3651 1632 3729 1695 εἴς

2079 1721 2142 1775 τὸ
2198 1719 2348 1791 αὐτὸ,
2382 1720 2561 1797 ὥσπερ
2622 1718 2833 1795 ἷλιγγα,
2866 1720 2955 1774 καὶ
3020 1719 3165 1793 μίξαι
3220 1722 3319 1785 τὰς
3377 1721 3584 1791 οὐσίας,
3633 1722 3724 1777 καὶ

334 1814 557 1882 ﬂueret,
597 1810 1076 1881 substantiasque
1108 1810 1407 1878 misceret;
1434 1810 1635 1882 sicque
1663 1810 1878 1865 mirum
1912 1810 1967 1865 in

2081 1809 2255 1872 οὕτως
2308 1808 2358 1880 ἐξ
2407 1810 2671 1865 ἀκουστοῦ
2701 1812 2746 1847 9°
2774 1813 2880 1864 τῶν
2914 1808 3122 1864 πάντων
3177 1810 3238 1865 τὸ
3294 1812 3726 1885 νοστιμώτατον,

335 1902 597 1969 modum,
630 1901 780 1972 quod
804 1899 1069 1955 omnium
1096 1898 1387 1970 optimum
1409 1916 1476 1954 ac
1499 1898 1969 1955 maturissimum

331 1995 455 2048 erat
484 1997 659 2062 atque
691 1989 761 2044 ad
792 1988 1221 2061 generationem
1258 1987 1532 2044 animalis
1572 1987 1972 2060 aptissimum,

329 2079 484 2136 velut
513 2080 572 2134 in
607 2080 837 2135 fornace
867 2094 969 2149 per
1000 2076 1253 2133 mediam
1276 2077 1605 2133 decurreret
1628 2076 1971 2133 universita-

330 2174 468 2238 tem,
501 2174 556 2224 et
586 2186 688 2241 per
716 2172 928 2223 cuncta
955 2167 1237 2223 ferentem
1267 2166 1543 2222 vorticem
1575 2165 1683 2222 iret
1712 2166 1783 2220 ad
1836 2182 1969 2237 pro-

332 2259 607 2324 fundum,
634 2256 1170 2328 circumfusumque
1192 2254 1465 2327 spiritum
1488 2255 1841 2323 attraheret;
1866 2271 1970 2310 nec

332 2365 448 2403 non
479 2346 648 2419 quasi
695 2345 755 2401 in
807 2345 1125 2400 maximam
1174 2343 1593 2399 fecunditatem
1625 2348 1968 2414 conceptum

332 2439 544 2493 faceret
575 2434 885 2491 discretam
925 2433 1429 2505 compositionem.
1464 2432 1968 2499 Quemadmodum

331 2527 483 2583 enim
516 2524 575 2580 in
606 2523 849 2579 humido
884 2523 1007 2577 ﬁeri
1038 2522 1186 2578 solet
1237 2521 1416 2592 bulla,
1450 2521 1532 2577 ita
1577 2521 1968 2577 orbiculatum

330 2615 586 2686 undique
617 2612 1105 2685 comprehensum
1137 2616 1225 2666 est
1254 2627 1487 2683 corpus.
1521 2610 1737 2666 Deinde
1770 2611 1966 2680 ipsum

330 2705 385 2760 in
419 2704 577 2776 seipo
608 2706 973 2773 conceptum,
1000 2718 1034 2756 a
1064 2699 1256 2756 divino
1287 2700 1386 2772 qui
1419 2704 1819 2771 assumpserat
1848 2701 1967 2771 spi-

325 2794 440 2849 ritu
489 2793 859 2859 subvectum,
892 2789 951 2845 in
1000 2790 1190 2845 lucem
1245 2788 1462 2861 prodiit
1508 2788 1826 2844 maximum
1860 2788 1967 2846 hoc

323 2898 560 2955 germen
592 2897 693 2936 seu
728 2880 899 2948 fetus,
932 2883 1215 2951 tanquam
1247 2895 1313 2934 ex
1343 2878 1501 2933 omni
1522 2878 1810 2933 immenso
1833 2895 1964 2950 pro-

322 2971 502 3027 fundo
532 2969 903 3043 progenitum
932 2967 1230 3040 opificium
1262 2969 1610 3035 animatum,
1630 2966 1823 3023 simile
1838 2968 1964 3025 ovis

322 3077 424 3135 per
452 3059 870 3116 rotunditatem
902 3061 959 3113 et
986 3057 1191 3113 avibus
1214 3073 1317 3129 per
1344 3055 1720 3112 celeritatem.

2083 1897 2214 1973 ὅπερ
2262 1899 2400 1975 πρὸς
2446 1900 2691 1974 γέννησιν
2742 1899 2885 1968 ζώου
2925 1896 3362 1969 ἐπιτηδειότατον
3411 1901 3501 1972 ἦν,
3546 1900 3724 1977 ὥσπερ

2082 1987 2133 2043 ἐν
2165 1989 2321 2065 χώνῃ
2352 1988 2488 2043 κατά
2520 1989 2685 2061 μέσου
2718 1986 2904 2063 ῥυῆναι
2934 1992 3032 2043 τοῦ
3080 1990 3300 2059 παντὸς,
3333 1990 3420 2044 καὶ
3472 1990 3575 2045 ὑπὸ
3622 1999 3725 2061 τῆς

2078 2077 2250 2133 πάντα
2280 2076 2548 2154 φερούσης
2580 2074 2792 2152 ἴλιγγος
2824 2083 3076 2153 χωρῆσαι
3110 2077 3185 2140 εἷς
3217 2080 3259 2116 ⁰¹
3309 2076 3494 2153 βάθος,
3523 2078 3613 2133 καὶ
3662 2080 3724 2135 τὸ

2078 2166 2451 2243 περικείμενον
2496 2170 2705 2240 πνεῦμα
2753 2164 3159 2239 ἐπισπάσασθαι,
3191 2166 3281 2221 καὶ
3330 2166 3404 2230 ὡς
3452 2168 3527 2230 εἷς
3574 2190 3723 2244 γονι-

2083 2255 2330 2328 μώτατον
2362 2252 2669 2333 συλληφθὲν
2712 2260 2887 2309 ποιεῖν
2932 2256 3181 2332 κριτικὴν
3218 2254 3488 2314 σύστασιν.
3519 2261 3720 2332 ⁰Ωσπερ

2078 2344 2181 2420 γὰρ
2227 2342 2279 2399 ἐν
2332 2343 2476 2420 ὑγρῷ
2519 2349 2670 2421 φιλεῖ
2716 2342 2954 2418 γίνεσθαι
2996 2341 3309 2422 πομφόλυξ,
3342 2344 3515 2409 οὕτως
3565 2368 3725 2424 σφαι-

2080 2430 2285 2509 ροειδὲς
2318 2432 2653 2509 πανταχόθεν
2697 2431 3007 2510 συνελήφθη
3041 2435 3087 2469 ⁹²
3115 2432 3297 2496 κύτος.
3328 2440 3553 2489 Ἔπειτα
3591 2436 3723 2491 αὐτὸ

2079 2520 2131 2577 ἐν
2181 2522 2354 2594 ἑαυτῷ
2399 2523 2618 2592 κυηθὲν,
2654 2521 2757 2576 ὑπὸ
2806 2525 2901 2576 τοῦ
2944 2520 3352 2601 παρειληφότος
3382 2526 3427 2560 ⁸³
3459 2522 3722 2588 θειώδους

2076 2610 2381 2683 πνεύματος
2429 2609 2849 2687 ἀναφερόμενον,
2898 2609 3197 2687 προέκοψεν
3245 2611 3324 2675 εἷς
3389 2616 3502 2688 φῶς
3559 2612 3717 2689 μέγι-

2077 2699 2199 2755 στόν
2230 2722 2283 2755 τι
2312 2704 2470 2754 τοῦτο
2504 2699 2712 2770 ἁποκύη
2727 2721 2819 2772 μα,
2853 2699 2927 2762 ὡς
2959 2699 3017 2753 ἂν
3051 2700 3110 2755 ἐκ
3137 2701 3337 2763 παντὸς
3370 2699 3463 2756 τοῖ’)
3495 2700 3719 2778 ἀπείρου

2080 2789 2243 2864 βυθοῦ
2285 2786 2722 2861 ἀποκεκυημένον
2775 2785 3023 2863 ἔμψυχον
3067 2785 3479 2866 δημιούργημα,
3511 2792 3599 2845 καὶ
3649 2795 3716 2866 τῇ

2074 2876 2386 2956 περιφερείᾳ
2428 2880 2533 2932 τῶν
2584 2874 2705 2931 ὠῶν
2768 2876 3109 2953 προσεοικὸς,
3154 2877 3243 2932 καὶ
3284 2882 3364 2951 τῷ
3411 2880 3566 2955 τάχει
3615 2887 3716 2951 τῆς

2073 2968 2345 3037 πτήσεως.

392 3167 457 3224 ν.
491 3166 811 3223 Saturnum
837 3164 1017 3237 igitur
1032 3162 1961 3235 mihiputaessetempus,Rheam

2144 3165 2297 3221 159
2327 3163 2394 3218 V.
2411 3160 2614 3238 Κρόνον
2644 3159 2735 3215 οὗν
2764 3160 2857 3216 τὸν
2888 3160 3083 3237 χρόνον
3110 3182 3204 3235 μοι
3224 3161 3467 3233 νόει,τήν
3492 3160 3550 3219 δὲ
3564 3164 3713 3219 Ῥέαν

320 3273 455 3316 vero
487 3254 631 3310 illud
654 3254 908 3310 humidae
930 3252 1295 3318 substantiae,
1315 3252 1471 3323 quod
1503 3252 1667 3308 ﬂuit:
1701 3253 1841 3324 quia
1864 3271 1964 3325 per

2078 3253 2133 3307 τὸ
2179 3251 2297 3327 ῥέον
2348 3253 2447 3319 τῆς
2506 3250 2667 3326 ὑγρᾶς
2726 3249 2926 3313 οὐσίας·
2960 3249 3043 3305 ὅτι
3103 3250 3291 3327 χρόνῳ
3346 3251 3623 3330 φερομένη
3676 3256 3712 3324 ἡ

320 3352 555 3417 tempus
584 3347 811 3399 versata
831 3342 1023 3398 omnis
1056 3340 1491 3407 materia,velut
1520 3357 1717 3407 ovum,
1749 3341 1961 3398 coelum

323 3434 476 3505 quod
508 3433 829 3488 rotundum
859 3435 947 3486 est
977 3430 1250 3501 quodque
1291 3429 1489 3485 omnia
1535 3429 1960 3500 complectitur,

322 3522 729 3595 peperit.0uod
763 3536 936 3576 ovum
970 3518 1256 3591 principio
1290 3518 1538 3574 fecunda
1570 3518 1825 3574 medulla
1848 3518 1963 3591 ple-

323 3630 465 3669 num
498 3610 852 3683 fuit,quippe
882 3609 1038 3681 quod
1072 3612 1267 3679 posset
1295 3607 1583 3663 elementa
1610 3612 1668 3663 et
1700 3608 1961 3681 omnige-

322 3720 426 3758 nas
457 3701 680 3773 species
712 3715 1032 3771 procreare,
1070 3702 1325 3753 attamen
1358 3697 1729 3768 amnigenam
1755 3714 1823 3753 ex
1845 3716 1963 3755 una

319 3789 649 3847 substantia
670 3804 903 3859 unaque
921 3785 1111 3857 specie
1132 3784 1263 3839 tulit
1279 3783 1786 3856 imaginem.Sicut
1802 3786 1959 3841 enim

317 3881 378 3935 in
409 3877 647 3951 pavonis
678 3877 795 3933 fetu
830 3892 981 3931 unus
1013 3873 1250 3947 quidem
1282 3872 1372 3927 ovi
1394 3873 1627 3928 videtur
1656 3872 1834 3940 color,
1869 3890 1963 3945 po-

316 3973 528 4025 testate
558 3971 754 4022 autem
790 3963 948 4019 mille
967 3964 1026 4018 in
1050 3980 1111 4019 se
1132 3962 1307 4018 habet
1328 3962 1665 4033 perficiendi
1688 3962 1960 4019 animalis

318 4055 539 4111 colores
575 4071 587 4108 :
622 4055 703 4109 ita
730 4057 788 4109 et
816 4051 971 4123 quod
1000 4069 1068 4108 ex
1096 4050 1391 4106 immensa
1421 4050 1665 4106 materia
1694 4051 1958 4122 genitum

317 4148 405 4199 est
433 4161 603 4199 ovum
638 4141 986 4207 animatum,
1004 4157 1073 4195 ex
1095 4140 1358 4210 subjecta
1374 4155 1720 4211 semperque
1744 4140 1959 4197 ﬂuente

319 4232 562 4287 materia
593 4234 975 4297 commotum,
1010 4228 1380 4283 omnimodas
1428 4228 1639 4283 exserit
1688 4230 1955 4285 matatio-

316 4337 442 4375 nes.
477 4324 636 4374 Intra
665 4317 821 4373 enim
853 4315 1387 4373 circumferentiam
1429 4315 1664 4388 aliquod
1714 4316 1955 4387 animal,

2071 3338 2177 3411 ὕλη
2213 3342 2388 3395 ἅπασα
2436 3337 2616 3415 ὥσπερ
2665 3338 2770 3394 ὠὸν
2819 3339 2915 3394 τὸο
2963 3341 3137 3394 πάντα
3182 3339 3507 3415 περιέχοντα
3553 3362 3717 3420 σφαι-

2074 3425 2255 3505 ροειδῆ
2292 3428 2588 3499 ἀπεκύησεν
2622 3427 2868 3503 οὐρανόν·
2911 3426 3043 3505 ὅπερ
3095 3430 3210 3483 κατ’
3258 3428 3433 3504 ἀρχάς
3475 3434 3573 3485 τοῦ
3620 3453 3715 3508 γοα

2071 3518 2234 3591 νίμου
2268 3515 2472 3590 μυελοῦ
2502 3515 2713 3591 πλῆρες
2742 3518 2833 3587 ἧν,
2864 3518 2937 3580 ὡς
2968 3517 3026 3572 ἂν
3056 3521 3101 3555 ⁸⁸
3137 3524 3386 3595 στοιχεῖα
3430 3519 3521 3574 καὶ
3570 3522 3718 3596 χρώ-

2075 3629 2215 3681 ματα
2244 3604 2559 3661 παντοδαπά
2607 3606 2838 3662 ἐκτεκεῖν
2888 3605 3203 3681 δυνάμενον,
3234 3608 3324 3662 καὶ
3373 3608 3526 3682 ὅμως
3573 3630 3709 3664 παν-

2067 3692 2309 3764 τοδαπὴν
2338 3694 2396 3749 έκ
2431 3700 2558 3768 μιᾶς
2590 3694 2772 3757 οὐσίας
2800 3716 2860 3750 τε
2904 3694 2992 3750 καὶ
3042 3696 3342 3773 χρώματος
3395 3697 3511 3759 ἑνὸς
3559 3694 3713 3775 ἔφερε

2067 3785 2166 3854 τὴν
2202 3784 2511 3860 φαντασίαν.
2543 3786 2744 3861 ’Ὠσπερ
2774 3785 2875 3861 γάρ
2907 3784 2958 3839 ἐν
2991 3789 3067 3857 τῷ
3112 3789 3210 3840 τοῦ
3251 3786 3364 3840 ταὼ
3413 3789 3572 3861 γεννή
3586 3809 3711 3861 ματι

2067 3872 2122 3928 ἓν
2159 3873 2252 3946 μὲν
2280 3876 2379 3928 τοῦ
2411 3871 2521 3927 ὠοῦ
2554 3877 2758 3948 χρῶμα
2803 3870 2972 3940 δοκεῖ,
3005 3869 3227 3947 δυνάμει
3282 3871 3341 3929 δὲ
3387 3874 3553 3951 μυρία
3597 3871 3713 3952 ἔχει

2070 3960 2120 4016 ἐν
2170 3959 2342 4034 ἑαυτῷ
2398 3958 2495 4015 τοῦ
2550 3958 2853 4033 μέλλοντος
2920 3960 3359 4039 τελεσφορεῖσθαι
3416 3964 3711 4041 χρώματα,

2069 4050 2241 4112 οὕτως
2287 4049 2376 4105 καὶ
2421 4048 2485 4105 τὸ
2534 4049 2584 4121 ἐξ
2632 4049 2855 4127 ἀπείρου
2898 4049 3038 4121 ὕλης
3097 4052 3399 4122 ἀποκυηθὲν
3458 4050 3708 4131 ἔμψυχον

2068 4138 2198 4211 ὠὸν,
2231 4138 2290 4195 ἐκ
2314 4146 2415 4209 τῆς
2450 4139 2810 4212 ὑποκειμένης
2841 4139 2930 4195 καὶ
2952 4139 3033 4194 ἀεὶ
3068 4140 3299 4216 ῥεούσης
3341 4139 3479 4214 ὕλης
3530 4142 3712 4199 κινού-

2071 4249 2248 4301 μενον,
2298 4225 2642 4290 παντοδαπὰς
2714 4226 2946 4306 ἐκφαίνει
3011 4230 3234 4305 τροπάς.
3298 4228 3551 4295 Ἕνδοθεν
3609 4233 3710 4309 γάρ

2064 4324 2164 4387 τῆς
2196 4316 2535 4396 περιφερείας
2570 4316 2705 4387 ζῶόν
2736 4338 2787 4372 τι
2821 4317 3154 4394 ἀρρενόθηλυ
3196 4316 3545 4375 είδοποιεῖται
3578 4341 3712 4397 προ-

315 4407 471 4481 quod
520 4412 610 4464 est
652 4404 1154 4472 masculofemina,
1202 4422 1305 4477 per
1363 4405 1731 4462 inexistentis
1777 4406 1958 4463 divini

2078 4405 2189 4479 νοίᾳ
2239 4410 2337 4461 τοῦ
2384 4405 2595 4469 ἐνόντος
2642 4404 2694 4461 έν
2743 4404 2891 4479 αὐτῷ
2936 4404 3083 4462 θείου
3130 4408 3455 4481 πνεύματος,
3495 4410 3553 4464 ὃν
3605 4410 3714 4465 Φά-

312 4495 557 4570 spiritus
605 4495 1030 4570 providentiam
1087 4496 1391 4567 formatur,
1437 4495 1592 4567 quod
1642 4494 1956 4553 Phanetem

1988 4456 2035 4521 D

2064 4516 2201 4566 νητα
2249 4493 2468 4573 Ὀρφεὺς
2521 4492 2700 4564 καλεῖ,
2743 4492 2825 4550 ὅτι
2877 4493 3040 4550 αὐτοῦ
3090 4496 3341 4573 φανέντος
3389 4498 3453 4553 τὸ
3501 4504 3605 4554 πᾶν
3659 4497 3711 4571 ἒξ

1655 4638 1899 4694 νΑΗΙιΕ
1936 4639 2345 4696 LECTIONES.

383 4756 427 4830 ξε
454 4754 1117 4830 ΟΓιιλῐέοὺεοιι-Αῃιαορὴ.
1153 4771 1221 4830 p._
1244 4754 1347 4830 475
1376 4769 1537 4830 seqq.
1565 4769 1578 4822 ;
1614 4753 1864 4830 Brandis
1889 4755 2022 4830 ῌίδι.
2051 4752 2266 4830 philos,
2294 4753 2458 4830 Graec.
2492 4770 2629 4830 rom:
2657 4755 2819 4830 ,1,90,
2834 4756 2925 4830 67.
2947 4754 3008 4810 S.
3048 4752 3303 4830 δ”-οὕτως
3319 4760 3375 4830 S.
3418 4756 3464 4791 “
3490 4756 3706 4830 κράσεις

314 4823 517 4902 ἄλλοτε
554 4822 956 4902 éilkagﬁeleta
981 4822 1529 4902 praepositioneJegi
1566 4824 1686 4879 vult
1715 4824 1778 4902 D_
1823 4826 1868 4860 ⁸ο
1896 4822 2064 4902 nec:
2084 4827 2143 4902 _°°
2172 4823 2222 4895 ἐξ
2253 4823 2475 4902 ἑκάστου
2495 4822 2701 4902 scribit
2721 4826 3079 4902 D,probante
3102 4828 3386 4902 Lobeckio
3407 4822 3703 4902 Aglaoph.,

313 4916 368 4982 p.
405 4900 529 4981 475.
561 4899 720 4982 Quod
753 4896 987 4982 (invertit
1016 4896 1224 4982 mirum
1247 4899 1303 4952 in
1334 4896 1587 4982 gradui},
1622 4896 1818 4982 nnescio
1875 4898 2030 4982 unde
2084 4897 2265 4982 hanc__
2292 4896 3160 4982 interpretationemhauserit.
3195 4901 3253 4955 S.
3287 4896 3710 4982 Sequens}?

312 4966 533 5040 inserui
564 4986 613 5024 c.
647 4969 710 5024 Ο.
788 4970 831 5006 ⁹¹
866 4968 941 5030 εἷς
973 4970 1182 5024 excidit
1214 4986 1306 5040 ap.
1339 4969 1397 5024 Cl
1430 4969 1575 5040 et_S.
1629 4969 1698 5040 _”
1729 4966 2019 5038 συνειλήθη
2056 4968 2275 5024 mavult
2309 4966 2534 5023 Lobeck
2568 4971 2603 5024 Ι.
2641 4968 2705 5035 1.,
2742 4986 2775 5040 p

2828 4970 3045 5043 475,3.
3080 4974 3221 5025 Tum
3252 4969 3412 5032 κύτος
3444 4974 3597 5043 conj.
3628 4973 3698 5041 C;

306 5038 500 5103 νυκτός
532 5046 772 5112 uterque
800 5041 959 5096 hom.
993 5042 1191 5097 codex.
1252 5035 1313 5076 ’θ’
1342 5035 1735 5116 κατειληφότος
1769 5048 1919 5095 recte
1937 5035 2056 5096 scr.
2093 5040 2320 5096 Lobeck
2350 5041 2388 5095 l.
2422 5041 2464 5096 Ι.
2499 5040 2558 5095 S.
2635 5041 2680 5076 9‘
2709 5035 2915 5113 πλῆρες
2941 5036 3154 5109 ἤνωσαν
3186 5046 3245 5097 C.

1690 5172 2066 5231 VABIORUM
2105 5175 2335 5232 NOTAE.

381 5288 493 5369 (99)
526 5286 976 5369 'dneipopﬁvdq.
1006 5289 1203 5369 βυθοῦμ
1221 5286 1303 5369 ἀεὶ
1337 5286 1678 5369 ptéov1oc.‘E.lt
1709 5289 1956 5369 quibus-

311 5355 839 5434 da'rnAinterpositis
874 5378 885 5416 :
919 5355 1083 5415 αὐτοῦ
1111 5364 1208 5415 τοῦ
1239 5355 1480 5434 ἀπείρου
1507 5355 1795 5434 πελάγους,
1819 5433 1822 5434 ν
1842 5368 1953 5416 etc.

312 5431 608 5487 Pertinent
642 5434 752 5487 huc
786 5433 909 5488 loca
942 5431 1392 5503 Recogmtionum
1424 5432 1523 5504 lib.
1556 5448 1611 5501 x,
1643 5431 1770 5504 cap.
1807 5433 1871 5486 17
1901 5440 1958 5489 et

309 5504 397 5563 31,
430 5509 537 5577 etc.
574 5504 836 5577 Itemque
882 5507 1056 5560 verba
1106 5504 1406 5577 Porphyrii
1455 5503 1610 5577 libro
1643 5503 1956 5577 ,ορηαηινο

306 5574 708 5645 Nympharum,
742 5570 879 5632 'sub
938 5580 1111 5632 tinem
1148 5570 1392 5645 :Hdv1og
1452 5570 1528 5645 δὲ,
1571 5571 1659 5645 καὶ
1719 5570 1957 5637 θάλασσα

307 5642 396 5700 καὶ
425 5642 667 5715 κλύδων,
694 5646 784 5702 καὶ
812 5647 959 5727 παρὰ
988 5646 1242 5704 Πλάτωνι
1271 5648 1306 5720 ἡ
1341 5642 1809 5719 ὑλικησύστασις.
1841 5646 1955 5707 Ca:-

2066 5300 2247 5348 terum
2268 5299 2319 5347 et
2345 5289 2491 5361 apud
2521 5288 2819 5345 Platonem
2863 5291 3111 5346 materia:
3152 5293 3453 5361 congeries.
3489 5296 3708 5362 pontus,

2063 5380 2217 5443 {male
2244 5378 2309 5417 ac
2344 5362 2721 5443 procellarum
2763 5364 2927 5443 aestas
2970 5363 3307 5443 apparatur:
3343 5362 3711 5443 Nicephorus

2063 5434 2123 5490 in
2157 5428 2557 5510 Synesinmp.
2592 5434 2739 5510 3_8‘5_:
2775 5432 2936 5510 Βυθρν
2967 5428 3027 5487 δέ
3051 5428 3345 5510 φασι-’τῂν
3380 5428 3563 5510 -ξὶλῂγ,
3600 5441 3707 5490 At-

2065 5523 2175 5577 que
2203 5503 2342 5560 hinc
2376 5503 3346 5577 BythusValentinianorum.Vide
3376 5506 3435 5562 in
3464 5506 3709 5566 Chrono-

2063 5574 2302 5652 g'raphia
2327 5574 2557 5650 Georgii
2586 5574 2835 5650 Syncelli
2868 5594 2924 5651 p.
2954 5578 3044 5634 29.
3076 5578 3209 5635 Cor.
