4086 6216
361 418 473 481 2H

1189 419 1253 483 S.
1300 419 1743 483 CLEMENTIS
1789 417 1814 480 Ι
1861 417 2048 479 ROKI.
2094 414 2326 478 PONT.
2375 418 2636 479 Ol‘ERA
2681 414 2940 481 DUBlA.

3657 417 3781 477 212

365 551 781 607 aemularentur
809 555 996 623 gesta,
1030 568 1156 625 quae
1189 553 1373 625 pridie
1413 554 1707 609 disserens
1741 569 1852 608 non
1909 568 2003 607 oc-

2128 550 2356 624 πράξεις,
2390 547 2453 612 ἃς
2487 546 2873 625 διαλεγόμενος
2925 551 2995 621 τῇ
3045 546 3151 621 πρὸ
3194 543 3394 616 ταύτης
3444 545 3625 623 ἡμέρᾳ
3676 549 3777 604 οὐκ

364 640 545 707 cuiui,
583 640 919 712 parricidia,
952 642 1542 713 inquam,liberorum
1578 641 2007 712 cmdesﬁmpios

366 745 498 784 cum
534 730 842 797 matribus,
879 730 1130 797 ﬁliabus,
1165 733 1467 787 sororibus
1514 731 1885 796 concubitus,
1919 729 2005 783 in-

362 817 541 888 digna
591 818 907 886 adulteria,
959 820 1353 875 masculorum
1405 821 1609 888 initus,
1642 827 1699 875 et
1746 820 2008 888 impurus

364 908 767 979 nefandasque
814 908 1109 978 libidines,
1143 926 1276 964 cum
1311 909 1639 964 innumeris
1671 908 1803 963 aliis
1853 909 2008 979 ejus-

363 997 658 1053 demmodi
690 998 910 1053 illicitis
963 998 1496 1054 commistionibus.
1530 998 1686 1054 Inter
1729 1013 1874 1068 quos
1905 996 2008 1051 bo-

366 1085 556 1140 mines
609 1086 860 1141 maxime
888 1085 1054 1158 impii
1086 1090 1264 1157 Lsunt,
1302 1087 1402 1159 qui
1454 1087 1576 1141 haec
1624 1087 1881 1141 facinora
1910 1102 2011 1140 cu-

368 1174 541 1246 piunt
589 1174 769 1229 videri
800 1192 953 1240 vera,
988 1193 1103 1246 quo
1157 1176 1376 1231 similia
1406 1175 1684 1231 facientes
1718 1192 1828 1229 non
1878 1191 2009 1229 eru-

368 1264 626 1318 bescant.
657 1266 729 1317 At
760 1263 809 1318 si
842 1263 934 1334 pie
973 1281 1143 1335 agere
1171 1264 1516 1330 voluissent,
1547 1262 1823 1335 oportuit,
1856 1262 2013 1317 sicut

369 1352 541 1406 modo
572 1351 709 1417 dixi,
744 1356 829 1420 ut,
861 1351 969 1407 etsi
1011 1352 1090 1407 dii
1121 1370 1252 1408 vere
1285 1353 1663 1409 admisissent
1710 1352 1781 1407 de
1810 1351 1882 1406 iis
1914 1351 2010 1405 de-

365 1444 603 1495 cantata
624 1440 1106 1513 ﬂagitia,propter
1126 1442 1507 1497 reverentiam
1539 1458 1677 1512 erga
1697 1441 1837 1496 deos
1857 1441 2012 1494 obte-

365 1534 567 1599 gerent
598 1546 690 1584 res
722 1529 1062 1585 inhonestas
1096 1531 1308 1586 fabulis
1339 1531 1695 1602 quibusdam
1721 1528 2011 1584 decentio-

367 1618 552 1686 ribus,
583 1628 641 1672 et
691 1634 806 1672 non
856 1636 888 1674 ο
936 1619 1250 1686 contrario,
1304 1618 1804 1690 quemadmodum
1856 1616 2009 1683 aitis,

368 1707 538 1761 bonis
569 1723 771 1762 eorum
802 1708 1074 1777 operibus
1106 1708 1293 1763 malas
1323 1713 1380 1763 et
1407 1712 1608 1779 turpes
1640 1708 2015 1762 admoverent

371 1795 590 1849 formas
623 1812 747 1865 quae
778 1795 951 1850 etiam
986 1795 1294 1867 allegorice
1332 1795 1629 1867 explicatae
1663 1795 1847 1849 multo
1878 1810 2011 1849 cum

2117 638 2535 712 ἀπεκρυψάμην,
2572 638 2717 712 λέγω
2766 635 2824 692 δέ
2869 637 3258 714 πατροφονίας,
3299 638 3670 699 τεκνοκτονίας
3702 642 3767 707 ⁸⁸,

2122 727 2292 800 μίξεις
2352 722 2560 788 ἀσεϐεῖς
2622 726 2898 803 μητέρων,
2955 726 3282 801 θυγατέρων,
3329 723 3599 804 ἀδελφῶν,
3653 750 3769 799 μοι·

2118 816 2274 892 χείας
2330 838 2390 871 τε
2436 820 2478 853 ⁴⁷
2524 816 2783 891 ἀπρεπεῖς
2843 816 2932 871 καὶ
2990 815 3372 892 ἀρῥενομιξίας
3426 815 3515 869 καὶ
3579 819 3767 892 μιαράς

2119 905 2537 981 ἀρῥητουργίας,
2568 905 2705 979 πρὸς
2746 904 2942 967 ἄλλαις
3000 904 3217 979 μυρίαις
3262 903 3541 966 τοιαύταις
3592 906 3771 976 ἀθεμὶ-

2118 1016 2235 1055 τοις
2297 995 2498 1067 μίξεσιν
2551 997 2614 1031 ⁴⁸·
2660 996 2733 1048 ὢν
2791 988 3136 1049 ἀσεϐέστατοι
3192 996 3237 1030 ⁴⁹
3286 994 3339 1048 οἱ
3381 998 3551 1048 ταῦτα
3591 993 3775 1063 ἀληθῆ

2121 1080 2297 1137 δοκεῖν
2332 1083 2463 1138 εἶναι
2498 1082 2765 1151 θέλοντες,
2794 1081 2886 1136 ’ίνα
2912 1084 2981 1137 τά
3020 1082 3189 1154 ὅμοια
3232 1086 3513 1143 ποιοῦντες
3564 1083 3639 1154 μὴ
3689 1083 3777 1137 αἱ-

2122 1170 2319 1227 δῶνται
2352 1175 2415 1228 ⁵ο.
2449 1170 2618 1247 Οἳπερ
2661 1168 2768 1247 εἶίγε
2817 1166 3052 1226 εὐσεϐεῖν
3105 1166 3422 1242 ἐϐούλοντο,
3460 1169 3631 1246 ἐχρῆν
3677 1169 3777 1225 αὐ-

2118 1261 2267 1328 τοὺς,
2302 1259 2434 1336 ὅπερ
2493 1261 2694 1337 ἀρτίως
2754 1260 2926 1330 εἶπον,
2961 1260 3004 1314 εἰ
3066 1259 3157 1314 καὶ
3215 1254 3387 1322 ὅντως
3442 1260 3497 1314 οἱ
3541 1258 3653 1315 θεοὶ
3708 1260 3783 1314 τὰ

2120 1350 2242 1425 περὶ
2301 1349 2475 1404 αὐτῶν
2537 1347 2772 1422 ᾀδόμενα
2830 1347 3179 1425 διεπράξαντο
3237 1349 3397 1419 κακὰ,
3427 1351 3565 1421 τιμῇ
3610 1352 3678 1422 τῇ
3730 1350 3776 1386 ⁸¹

2122 1441 2275 1495 108
2333 1439 2470 1514 πρὸς

2121 1525 2327 1599 ἄσεμνα
2367 1530 2411 1563 ⁶²
2458 1525 2785 1598 ἐπισκέπειν,
2835 1527 2925 1581 καὶ
2979 1528 3055 1599 μὴ
3107 1524 3445 1595 τούναντίον,
3496 1525 3573 1586 ὥς
3619 1547 3775 1603 φατε,

2119 1615 2303 1671 καλῶν
2351 1614 2536 1677 αὐτοῖς
2599 1616 2841 1689 πράξεων
2893 1615 3273 1690 γεγενημένων
3313 1615 3453 1668 κακά
3502 1613 3591 1668 καὶ
3651 1611 3776 1669 ἄσε-

2125 1725 2229 1778 μνα
2272 1699 2626 1780 περιϐάλλειν
2674 1705 2957 1778 σχήματα,
2992 1706 3025 1757 ἅ
3050 1725 3168 1758 τινα
3216 1703 3303 1756 καὶ
3333 1704 3379 1740 ⁸³
3409 1699 3767 1776 ἀλληγορού-

2126 1814 2260 1865 μενα
2312 1792 2400 1847 καὶ
2462 1789 2551 1846 διὰ
2603 1791 2857 1864 καμάτων
2918 1791 3073 1867 μόγις
3116 1793 3380 1860 νοηθῆναι
3408 1787 3644 1845 δύναται·
3676 1790 3773 1844 καὶ

2547 1439 2705 1501 θεοὺς
2783 1437 3229 1512 εὐπρεπεστέροις
3292 1437 3403 1491 τισὶ
3462 1436 3656 1509 μύθοις
3708 1438 3780 1491 τά

371 1881 567 1937 labore
596 1884 688 1937 vix
713 1888 960 1954 possunt
988 1883 1265 1955 intelligi:
1298 1890 1356 1939 et
1386 1884 1619 1955 quando
1650 1901 1683 1938 a
1717 1882 2013 1938 nonnullis

2128 1881 2246 1935 ὅταν
2300 1883 2476 1953 νοηθῇ
2534 1901 2697 1947 τισιν,
2755 1878 2979 1942 ἐκείνοις
3044 1880 3138 1952 μὲν
3200 1878 3312 1933 ἀντὶ
3382 1882 3480 1933 τοῦ
3555 1875 3773 1933 πολλοῦ

2182 1971 2193 1984 ο
2245 1973 2265 1984 Α
2504 1968 2514 1984 1
2746 1969 2759 1984 \
2875 1970 2887 1984 ι
2989 1965 3008 1984 Ν
3136 1968 3199 1984 Λα.
3356 1965 3424 1984 ’β’
3516 1964 3558 1984 θη
3614 1969 3651 1984 Il
3747 1969 3762 1984 ι

374 1971 609 2025 fuerunt
635 1970 1071 2037 intellecta,illis
1106 1972 1339 2043 quidem
1373 1989 1475 2043 pro
1509 1988 1723 2044 magna
1748 1970 2013 2026 molestia

373 2059 745 2130 praebuerunt
791 2076 905 2114 non
935 2077 1148 2129 errare,
1181 2077 1315 2116 cum
1364 2060 1627 2115 licuisset
1658 2059 1923 2115 molestia
1955 2064 2011 2113 et

368 2145 565 2202 labore
594 2162 706 2201 non
741 2148 924 2217 premi
954 2172 968 2214 ;
999 2163 1098 2202 eos
1129 2164 1258 2203 vero
1288 2147 1388 2217 qui
1422 2148 1787 2213 aberrarunt,
1823 2146 2012 2200 fundi-

368 2239 464 2290 tus
496 2235 894 2306 perdiderunt.
912 2235 1110 2291 Laudo
1138 2236 1335 2307 itaque
1367 2236 1518 2304 illos,
1551 2237 1649 2307 qui
1688 2234 1916 2290 fabulas
1940 2234 2011 2289 ad

368 2322 734 2379 honestiores
763 2323 1007 2378 trahunt
1036 2323 1367 2395 allegorias,
1402 2330 1465 2378 ut
1495 2325 1592 2395 qui
1625 2341 1695 2378 ex
1729 2322 1891 2377 Jovis
1920 2337 2013 2375 ca-

368 2412 488 2485 pite
534 2413 901 2483 prudentiam
956 2413 1279 2484 prosiliisse
1322 2412 1600 2468 innuunt.
1654 2411 1817 2466 Certe
1868 2409 2014 2464 illud

367 2499 513 2555 mibi
544 2501 772 2555 videtur
788 2500 1414 2571 probabilius,inventa
1442 2517 1571 2556 esse
1592 2496 2017 2555 contumeliosa

367 2587 491 2644 hac
516 2588 588 2644 ab
620 2588 905 2660 improbis
933 2588 1403 2661 hominibus,qui
1438 2590 1718 2645 honorem
1749 2587 2013 2642 divinum

369 2676 764 2734 abstulerunt.

439 2783 758 2839 XlX.Porro
791 2784 1054 2840 omnium
1088 2785 1331 2841 deorum
1365 2801 1478 2840 non
1514 2783 1848 2839 invenimus
1880 2799 2013 2854 poe-

369 2871 544 2928 ticam
580 2872 912 2944 allegoriam
946 2889 1074 2929 esse
1106 2879 1588 2945 consequentem.
1624 2873 1829 2927 Statim
1878 2888 2015 2941 ergo

370 2960 428 3015 in
462 2960 667 3015 mundi
699 2960 1080 3030 dispositione
1112 2968 1293 3033 poetae
1326 2962 1643 3033 aliquando
1676 2962 1878 3016 dicunt
1909 2978 2015 3014 na-

368 3052 585 3115 turam,
620 3047 934 3119 aliquando
985 3056 1240 3106 mentem
1273 3051 1481 3105 ducem
1514 3050 1806 3105 exstitisse
1837 3050 2016 3105 totius

370 3136 607 3208 opiﬁcii.
643 3137 867 3191 Etenim
899 3153 967 3192 ex
1000 3144 1208 3193 natura
1241 3139 1491 3209 primam
1524 3143 1712 3192 ortam
1743 3154 1872 3192 esse
1902 3136 2014 3191 ele-

371 3231 703 3280 mentorum
764 3226 1078 3280 motionem
1141 3244 1207 3281 ac
1267 3227 1761 3293 commistionem,
1803 3233 1863 3281 at
1916 3242 2017 3296 per

2126 1971 2336 2045 μόχθου
2385 1968 2657 2045 παρέσχον
2706 1969 2768 2023 τὸ
2822 1970 2896 2040 μὴ
2946 1965 3316 2037 πλανηθῆναι,
3352 1965 3464 2037 ἐξὸν
3513 1964 3571 2021 δὲ
3612 1969 3657 2002 ⁵⁸
3690 1969 3771 2039 μὴ

2128 2059 2427 2133 μοχθῆσαι,
2484 2058 2612 2119 τοὺς
2669 2053 2726 2111 δὲ
2784 2055 3146 2125 πλανηθέντας
3216 2052 3384 2131 ἄρδην
3462 2052 3774 2109 ἀπώλεσαν.

2124 2146 2276 2216 Πλὴν
2316 2147 2441 2208 τοὺς
2474 2145 2549 2207 εἰς
2579 2146 2642 2200 τὸ
2673 2144 2993 2218 σεμνότερον
3035 2142 3486 2220 ἀλληγορούντας
3532 2142 3693 2205 αὐτάς
3728 2144 3777 2179 ⁸⁸

2124 2234 2492 2310 ἀποδέχομαι,
2527 2234 2706 2309 ὥσπερ
2742 2233 2871 2295 τοὺς
2917 2233 2975 2288 ἐκ
3025 2240 3123 2302 τῆς
3174 2233 3299 2294 Διὸς
3347 2231 3590 2310 κεφαλῆς
3637 2232 3778 2287 αἰνι-

2124 2325 2383 2397 ξαμένους
2417 2321 2758 2392 ἀναπηδῆσαι
2805 2325 2905 2391 τὴν
2956 2321 3239 2400 φρόνησιν.
3272 2322 3429 2383 Ἴσως
3488 2318 3547 2375 δὲ
3602 2320 3778 2375 ἐκεῖνό

2128 2435 2221 2486 μοι
2268 2414 2658 2485 πιθανώτερον,
2691 2411 2773 2467 ὅτι
2822 2412 2925 2466 ὑπὸ
2972 2414 3016 2448 ⁵⁸
3071 2413 3370 2486 μοχθηρῶν
3423 2406 3649 2484 ἀνδρῶν,
3682 2406 3779 2464 δό-

2124 2504 2211 2572 ξαν
2265 2492 2396 2565 θεῶν
2446 2500 2916 2576 ἀπενεγκαμένων,
2949 2499 3142 2555 ἐκεῖναι
3194 2497 3576 2571 έτολμήθησαν
3633 2500 3675 2536 ⁸⁷
3724 2498 3781 2553 αἱ

2125 2586 2332 2666 ὕϐρεις.

2196 2790 2330 2840 XIX.
2367 2785 2644 2838 Ἀπάντων
2678 2781 2734 2838 δὲ
2762 2786 2871 2837 τῶν
2923 2785 3057 2836 θεῶν
3104 2783 3203 2850 τὴν
3253 2781 3548 2852 ποιητικὴν
3592 2777 3781 2849 ἀλλη-

2124 2873 2312 2948 γορίαν
2362 2872 2461 2926 οὐκ
2506 2871 2804 2934 ἀκόλουθον
2856 2871 3197 2946 εὑρίσκομεν.
3252 2868 3454 2925 Αὐτίκα
3504 2873 3631 2944 γοῦν
3682 2867 3780 2922 ἐπὶ

2125 2969 2224 3030 τῆς
2255 2958 2667 3032 διακοσμήσεως
2697 2964 2802 3014 τῶν
2855 2957 3000 3014 ὅλων
3051 2960 3185 3013 ποτὲ
3227 2958 3319 3031 μὲν
3374 2958 3529 3036 φύσιν
3574 2955 3780 3031 λέγου-

2127 3070 2207 3104 σιν
2266 3049 2512 3118 ποιηταί,
2545 3048 2677 3103 ποτε
2737 3045 2795 3102 δὲ
2843 3052 2967 3102 νοῦν
2999 3049 3042 3084 ⁸⁸
3086 3047 3331 3123 ἀρχηγὸν
3385 3044 3625 3122 γενέσθαι
3671 3052 3781 3116 τῆς

2127 3138 2264 3207 ὅλης
2318 3136 2702 3213 δημιουργίας.
2752 3138 2847 3191 Ἐκ
2894 3135 3105 3214 φύσεως
3158 3138 3253 3209 μὲν
3301 3137 3404 3210 γὰρ
3460 3139 3567 3189 τῶν
3625 3155 3784 3189 στοι-

2127 3226 2295 3301 χείων
2330 3228 2431 3294 τὴν
2480 3228 2703 3301 πρώτην
2753 3225 2966 3294 κίνησιν
3011 3227 3101 3279 καὶ
3159 3222 3415 3297 σύμμιξιν
3472 3222 3779 3298 γεγονέναι,

372 3312 585 3369 mentis
618 3314 1036 3384 providentiam
1070 3314 1419 3386 dispositam
1452 3316 1653 3371 fuisse.
1679 3287 2011 3386 Etvquid-em

2128 3316 2229 3369 ὑπὸ
2280 3312 2336 3368 δὲ
2376 3322 2475 3381 τῆς
2515 3319 2612 3369 τοῦ
2661 3318 2756 3368 νοῦ
2804 3313 3068 3387 προνοίας
3100 3311 3557 3385 διακεκοσμῆσθαι
3585 3316 3651 3370 ⁵³.
3680 3312 3779 3365 Καὶ

370 3400 479 3469 illi,
514 3401 875 3457 afﬁrmantes
904 3402 1104 3457 orbem
1137 3421 1172 3458 a
1201 3409 1413 3458 natura
1443 3405 1768 3472 conditum,
1786 3420 1920 3459 cum
1954 3403 2014 3458 id

374 3495 664 3559 nequeant
709 3496 865 3545 certo
914 3492 1316 3548 demonstrare
1348 3498 1584 3565 propter
1631 3493 2011 3548 artiﬁciosum

372 3578 577 3633 mundi
625 3595 794 3649 opus,
826 3579 1136 3635 innectunt
1183 3598 1418 3653 quoque
1447 3581 1661 3637 mentis
1712 3582 2014 3651 providen-

371 3667 537 3732 tiam,
572 3672 637 3721 ut
668 3674 724 3721 et
751 3684 849 3723 eos
880 3667 979 3738 qui
1027 3670 1267 3724 omnino
1322 3671 1562 3741 sapiunt
1593 3671 1820 3741 possint
1863 3670 2014 3725 abri-

373 3770 526 3827 pere.
562 3755 676 3811 Nos
707 3763 900 3811 autem
950 3759 1021 3811 ad
1065 3758 1197 3814 illos
1249 3758 1503 3813 dicimus
1537 3777 1549 3814 :
1582 3760 1640 3813 Si
1695 3760 1952 3813 mundus
1985 3776 2017 3812 a

376 3850 588 3899 natura
618 3845 854 3900 fortuito
887 3853 1164 3917 operante
1215 3848 1402 3901 factus
1433 3852 1540 3915 est,
1573 3848 1866 3918 quomodo
1891 3849 2015 3916 jam

373 3933 809 4004 proportionem
864 3950 929 3987 ac
961 3935 1226 3989 ordinem
1281 3936 1523 4005 accepit,
1557 3952 1689 3989 cum
1739 3937 1797 3989 id
1831 3953 1864 3990 a
1895 3935 2020 3990 sola

374 4021 692 4075 excellente
724 4023 1172 4092 prudentialieri
1204 4028 1581 4095 queat,atque
1604 4024 2018 4094 comprehendi

376 4126 411 4164 a
439 4109 564 4164 sola
593 4110 838 4164 scientia
869 4112 988 4165 haec
1021 4128 1365 4181 pernoscere
1390 4130 1457 4167 ac
1478 4113 1749 4184 perficere
1764 4113 2020 4169 valente?

374 4197 533 4260 Quod
569 4197 615 4251 si
668 4197 939 4253 universa
970 4217 1003 4253 a
1035 4202 1347 4271 prudentia
1389 4207 1738 4272 acceperunt
1784 4218 2017 4274 compa-

372 4300 505 4357 gem
537 4292 595 4340 et
624 4285 1247 4359 dispositionem,quod
1281 4289 1605 4345 necessario
1637 4290 1806 4345 aliter
1833 4308 1895 4346 se
1926 4291 2022 4345 ba-

374 4374 510 4430 bere
531 4391 647 4429 non
681 4376 889 4446 potuit,
927 4393 1043 4447 quo
1077 4384 1243 4449 pacto
1274 4379 1465 4433 adhuc
1495 4379 1773 4451 possibile
1803 4380 1933 4447 fuit,
1958 4387 2022 4436 ut

373 4462 495 4519 haac
525 4478 664 4518 casu
698 4464 821 4519 ﬁeri
852 4464 1266 4538 contingeret?

444 4566 673 4631 XX.Qui
703 4583 839 4640 ergo
868 4570 1109 4625 deorum
1141 4577 1307 4643 gesta
1340 4570 1697 4643 turpioribus
1727 4571 2020 4645 allegoriis

2125 3401 2532 3479 ἀποφηνάμενοι
2593 3401 2687 3473 μὲν
2748 3402 2799 3455 οἱ
2861 3401 2956 3472 μὲν
2995 3404 3039 3438 ⁸ο
3065 3401 3221 3478 φύσει
3277 3398 3783 3476 δεδημιουργῆσθαι

2122 3492 2186 3546 τὸ
2217 3497 2343 3556 πᾶν,
2365 3492 2440 3561 μὴ
2471 3490 2757 3555 δυνάμενοι
2792 3487 2848 3544 δὲ
2878 3492 2922 3527 ⁸1
2954 3489 3339 3559 ἀνεπιλήπτως
3367 3493 3530 3544 τοῦτο
3564 3484 3789 3542 ἀποδει-

2123 3579 2308 3635 κνύναι
2356 3576 2444 3633 διά
2487 3580 2548 3633 τὸ
2595 3581 2694 3647 τῆς
2751 3576 3112 3654 δημιουργίας
3152 3576 3429 3652 ἔντεχνον,
3466 3575 3789 3653 παρεμπλέ-

2124 3689 2279 3723 κουσι
2309 3669 2461 3723 169
2494 3666 2582 3721 καὶ
2637 3670 2734 3720 τοῦ
2780 3671 2876 3719 νοῦ
2923 3668 3021 3734 τὴν
3080 3662 3361 3738 πρόνοιαν,
3396 3667 3472 3727 ὡς
3518 3664 3788 3739 συναρπά-

2128 3776 2212 3811 σαι
2262 3756 2351 3810 καὶ
2398 3755 2524 3815 τοὺς
2574 3755 2709 3808 πάνυ
2765 3754 2965 3831 σοφοὺς
3021 3752 3325 3827 δυνάμενοι.
3356 3755 3545 3826 Ἡμεῖς
3596 3751 3654 3807 δέ
3684 3774 3788 3829 φα-

2131 3866 2224 3919 μεν
2272 3845 2405 3917 πρὸς
2465 3843 2680 3905 αὐτούς’
2728 3843 2793 3897 E’.’
2855 3843 2949 3915 μὲν
3010 3842 3059 3913 ἐξ
3118 3842 3424 3915 αὐτομάτου
3482 3844 3692 3919 φύσεως
3754 3843 3785 3897 ὁ

2126 3934 2330 4007 κόσμος
2385 3934 2626 4008 γέγονεν,
2656 3936 2775 3994 πῶς
2835 3929 2911 3986 ἔτι
2971 3930 3260 4007 ἀναλογίαν
3319 3930 3409 3985 καὶ
3446 3932 3590 4000 τάξιν
3624 3946 3783 4001 ειΑη-

2128 4043 2244 4100 φεν,
2288 4022 2422 4098 ἅπερ
2457 4021 2559 4076 ὑπὸ
2613 4020 2781 4094 μόνης
2829 4016 3282 4096 ὑπερϐαλλούσης
3332 4026 3647 4097 φρονήσεως
3697 4039 3787 4093 γε·

2126 4112 2305 4165 νέσθαι
2357 4108 2579 4164 δυνατόν
2628 4108 2759 4177 ἐστι,
2792 4109 2881 4163 καὶ
2930 4107 3350 4187 καταληφθῆναι
3398 4107 3501 4162 ὑπὸ
3557 4106 3787 4177 ἐπιστή-

2132 4221 2239 4274 μης
2284 4206 2384 4269 τῆς
2439 4198 2611 4271 μόνης
2670 4202 2839 4253 ταῦτα
2897 4193 3155 4274 ἀκριϐοῦν
3217 4195 3564 4271 δυναμένηςς
3614 4194 3679 4250 El
3727 4192 3789 4250 δὲ

2128 4290 2384 4365 φρονήσει
2441 4288 2508 4341 τά
2554 4286 2727 4342 πάντα
2782 4287 2881 4356 τήν
2935 4286 3224 4361 σύγκρασιν
3276 4285 3366 4341 καὶ
3422 4282 3782 4356 διακόσμησιν

2129 4374 2375 4454 ειληφεν,
2408 4375 2540 4447 ὅπερ
2596 4375 2803 4450 ἀνάγκη
2859 4375 2934 4447 μὴ
2986 4373 3175 4436 ἄλλως
3225 4371 3399 4450 ἔχειν,
3438 4377 3556 4434 πῶς
3600 4370 3677 4427 ἔτι
3729 4372 3790 4426 ἐκ

2125 4469 2224 4521 τοῦ
2255 4464 2565 4538 αὐτομάτου
2599 4458 2873 4537 συμϐῆναι
2905 4467 3072 4518 ταῦτα
3123 4461 3358 4539 γενέσθαι
3418 4459 3642 4517 δυνατὸν
3698 4464 3784 4530 ἧν.

2200 4573 2310 4628 XX.
2345 4572 2407 4625 Οἱ
2436 4570 2614 4625 τοίνυν
2647 4570 2714 4624 τὰ
2764 4575 2880 4634 θεῖα
2930 4570 3018 4624 ἐπὶ
3065 4568 3127 4624 τὸ
3182 4569 3411 4645 αἰσχρὸν
3461 4566 3783 4643 ἀλληγορῆ-

373 4654 681 4710 voluerunt
709 4656 1017 4727 explicare,
1051 4658 1231 4726 velut,
1265 4659 1444 4715 Metin
1479 4677 1512 4715 a
1541 4659 1681 4715 Jove
1715 4660 1893 4715 fuisse
1924 4662 2013 4716 ab-

2129 4682 2214 4715 σαι
2267 4662 2313 4696 ⁶²
2362 4659 2709 4730 θελήσαντες,
2740 4660 2852 4713 οἷον
2890 4660 2986 4728 τὴν
3035 4665 3209 4726 Μῆτιν
3259 4659 3627 4725 καταποθῆναι
3680 4656 3787 4711 ὑπὸ

373 4747 655 4813 sorptam,
688 4742 727 4797 ii
758 4742 818 4798 in
865 4745 1169 4817 angustias
1217 4746 1573 4813 inciderunt,
1606 4747 1795 4819 ignari
1841 4751 2016 4820 quod,

369 4832 470 4902 qui
499 4832 570 4887 de
600 4832 714 4887 diis
742 4848 812 4889 ex
845 4832 1078 4904 obliquo
1110 4835 1385 4907 physicas
1439 4837 1808 4908 protulerunt
1840 4838 2017 4893 inter-

373 4921 751 4993 pretationes,
786 4923 1029 4978 deorum
1056 4941 1288 4997 quoque
1340 4926 1603 4996 ipsorum
1652 4925 2019 4982 existentiam

2130 4749 2276 4813 Διὸς,
2310 4747 2386 4809 εἷς
2448 4748 2679 4821 ἀπορίαν
2733 4747 3175 4821 ἐμπεπτώκασιν,
3234 4746 3295 4801 οὐ
3355 4747 3641 4814 συνιέντες,
3701 4743 3790 4799 ὅτι

2129 4838 2182 4892 οἱ
2212 4836 2463 4911 πλαγίως
2495 4836 2989 4913 φυσιολογήσαντες
3039 4835 3163 4910 περὶ
3216 4838 3348 4889 θεῶν
3398 4833 3491 4889 καὶ
3546 4835 3609 4890 τὸ
3648 4833 3791 4888 εἶναι

2129 4924 2284 4986 θεοὺς
2340 4924 2790 4999 ἀνῃρήκασιν,τά
2820 4921 2936 4992 εἴδη
2998 4925 3171 4979 αὐτῶν
3236 4921 3325 4978 διὰ
3373 4925 3475 4993 τῆς
3533 4921 3787 4997 ἀλληγο-

1723 5050 1966 5108 VARUE
2004 5053 2414 5112 LECTIONES.

441 5143 485 5179 ⁸ο
514 5160 697 5197 τεκτον
730 5142 858 5217 (sic)
885 5144 1260 5208 τεκνοκτονίας
1291 5148 1355 5216 Ο,
1392 5147 1584 5222 priore
1611 5165 1749 5206 voce
1791 5150 2123 5219 subnotata,
2200 5153 2245 5188 ‘7
2291 5171 2351 5206 τε
2407 5151 2629 5209 inserui
2685 5167 2738 5207 ο.
2796 5150 2861 5206 Ο.
2907 5152 3055 5204 Tum
3103 5146 3295 5224 ἀρῥενο
3351 5145 3473 5220 [ξεις
3504 5150 3562 5203 Ο·

444 5215 522 5279 nj.
583 5215 851 5279 πράξεσιν.
930 5219 974 5252 ⁴⁹
1030 5211 1369 5279 ἀσεϐέστεροι
1427 5224 1486 5276 C.
1562 5221 1608 5256 ⁶⁰
1667 5221 1751 5277 Ita
1806 5222 1849 5278 Ο
1907 5238 1955 5277 c.
2016 5228 2072 5279 S.
2106 5218 2467 5279 αἰδοῦνταιϐ.
2544 5224 2719 5279 “ti:
2751 5224 2815 5278 Ο.
2892 5222 2938 5256 ¹⁵²
2974 5221 3050 5279 μὴ
3084 5168 3346 5279 crsu-Vde:
3418 5221 3463 5259 ⁸³
3496 5217 3562 5279 ὅγ

1717 5238 1751 5277 a
1806 5238 1849 5278 U
1907 5238 1981 5292 ο.Δ
2016 5238 2072 5292 δ,
2106 5238 2377 5278 αιοουνται
2409 5238 2467 5279 u.

370 5215 522 5300 c'onj.
583 5211 855 5300 πράξεσιν,
930 5219 974 5252 ⁸³
1030 5211 1486 5300 ἀσεϐέστξροίὈ.

3640 5146 3687 5183 ι·
3721 5150 3793 5202 n.

2544 5224 2588 5259 ⁵1
2619 5227 2719 5290 τῆς
2751 5224 2815 5278 Ο.
2892 5222 2938 5256 ⁶²
2974 5221 3050 5292 μὴ
3084 5217 3249 5294 σεμνά
3279 5217 3340 5278 C.
3379 5217 3463 5294 1'3
3496 5217 3789 5294 ὀχήματα,

372 5286 405 5367 ei
457 5286 694 5367 τιναῆ-Ο,
727 5288 1007 5367 ’σχήματα
1059 5290 1184 5360 jam
1238 5286 1293 5346 D'
1334 5296 1490 5367 recte
1547 5292 1812 5367 coniecit.
1843 5363 1851 5367 _
1890 5293 1935 5367 ξ*
1964 5289 2021 5347 δὲ
2059 5286 2191 5367 om.
2249 5300 2313 5363 Ο,
2350 5296 2448 5351 sed
2486 5286 3094 5367 prebetsubsequ'ens
3123 5286 3229 5367 μή,
3262 5292 3416 5367 quod
3457 5286 3572 5367 noli
3598 5286 3792 5367 εει.ῇὰ

372 5363 531 5412 textu
565 5357 645 5413 Ci.
682 5357 839 5433 idem
870 5357 948 5431 ’μή
978 5360 1035 5414 in
1065 5357 1254 5433 marg.
1332 5363 1375 5397 ⁸³
1404 5362 1598 5424 αὐτούς
1629 5357 1690 5433 C,
1724 5362 1859 5417 αὐτά
1887 5365 1947 5421 S.

382 5448 555 5501 μησαν
591 5433 629 5483 C
654 5430 877 5501 Aliam,
922 5430 1226 5501 printerea'
1250 5435 1602 5490 emendandi
1661 5430 1941 5492 rationem

2023 5366 2066 5401 ⁶⁶
2093 5364 2195 5420 ὑπό
2238 5374 2295 5435 S,
2343 5364 2508 5422 deest
2536 5383 2628 5437 ap.
2680 5365 2721 5421 C
2764 5365 2926 5437 et_in
2978 5367 3042 5419 Ο.

2002 5430 2291 5522 proponit
2314 5438 2528 5523 D,‘qui'
2550 5430 2724 5493 scribi
2756 5434 2881 5519 vult
2915 5436 3214 5523 μοχθηρῶν
3248 5430 3457 5523 ἀνδρῶν
3477 5466 3554 5523 ῖς
3584 5430 3796 5523 ἐκεῖνῗὶ

3120 5358 3163 5399 ⁸⁷
3193 5358 3296 5419 ita
3328 5363 3373 5420 Ο
3422 5380 3471 5419 o.
3521 5363 3579 5428 S,
3626 5358 3791 5416 ἐτόλ-

375 5496 583 5580 τόλμαι
640 5500 773 5580 ἦσαν
825 5500 887 5580 ,αἱ
922 5496 1147 5580 ’ὕϐρεις
1225 5504 1268 5539 ⁸⁸
1398 5506 1611 5580 Notum
1633 5515 1753 5580 gest
1778 5496 2127 5580 Anaxagora;
2183 5496 2713 5579 πάνταδιῖεκόσμησε
2743 5510 2866 5565 νοῦς
2900 5496 3235 5580 ἀρξὸἶξζλρὶ.
3271 5496 3574 5580 Επειδηΐοζ.
3605 5504 3677 5558 33
3728 5505 3789 5559 b.

372 5572 741 5652 Schanbach,
801 5579 981 5652 43mg.
1017 5572 1241 5652 fragm.
1300 5579 1376 5645 fr.
1423 5578 1709 5652 _Vlll,_De
1759 5572 2137 5652 βὶοῇοξενοζι·ἒ
2166 5580 2328 5652 Diog.
2368 5572 2711 5646 LaertCVIl,
2746 5579 2866 5652 134)
2905 5572 3023 5633 137.
3101 5572 3261 5633 "ita
3290 5572 3417 5652 O_e.
3444 5579 3498 5652 ξ,
3533 5572 3790 5652 διακεκο-

373 5643 621 5714 σμεῖσθαι
680 5647 739 5714 C.

380 5711 472 5786 μέν
508 5713 567 5770 C.
644 5714 690 5748 ⁸²
722 5711 1009 5794 ἀλληγορῆ
1032 5711 1104 5775 Ὁ.

813 5645 857 5680 ⁸ο
910 5643 1323 5727 ἀποφηνάμενος
1382 5648 1477 5720 μὶν
1536 5643 1690 5727 φύσει
1748 5649 1813 5705 Ο.
1849 5650 1997 5707 Tqu
2055 5643 2553 5726 δεδημιιῖυργῆσθαι
2586 5653 2644 5723 S,
2677 5643 2741 5723 Ο,
2777 5645 2901 5720 δεδη
2916 5653 3285 5723 μιουργεῖσθαι
3317 5649 3379 5705 C.
3411 5707 3421 5714 ,
3454 5643 3499 5687 σί
3533 5644 3591 5701 δὲ
3622 5648 3681 5709 S,
3717 5656 3783 5717 υ,
