4086 6216
356 379 473 444 215

1186 376 1248 440 S.
1300 378 1740 439 CLEMEN'I‘IS
1791 377 1805 435 Ι
1861 376 2042 435 RUM.
2094 372 2322 433 PONT.
2372 372 2627 431 OPICIIA
2678 372 2936 434 DUBIA.

3652 376 3769 436 SIG-

355 508 736 584 temporalem
766 508 826 565 in
858 509 1015 582 turpi
1049 508 1355 582 complexu
1408 508 1628 581 pictum
1659 509 1754 581 (de
1783 506 1881 563 illo
1915 507 1996 562 fa-

2123 501 2407 578 γράψαντες
2455 499 2543 556 ἐπὶ
2582 500 2813 577 αἰσχρᾶς
2862 499 3100 573 πλοκῆς,
3134 498 3313 577 ὥσπερ
3362 498 3449 556 ἐπὶ
3500 505 3599 558 τοῖ’)
3641 505 3766 566 Διὸς

357 602 574 657 cientes
604 600 756 670 quod
792 599 863 654 de
886 598 1028 655 Jove
1059 598 1248 655 facere
1283 599 1522 670 audent)
1556 599 1745 669 palam
1796 614 2004 669 propo-

360 694 582 754 nerent,
617 704 731 760 quo
761 687 850 743 vel
878 689 948 743 ab
981 688 1067 743 ira
1109 688 1451 761 temporarii
1500 687 1891 759 imperatoris,
1915 686 2005 740 id-

359 794 472 850 que
527 776 806 845 hominis,
866 777 1160 833 discerent
1214 793 1317 849 per
1371 793 1548 833 suum
1623 776 2001 848 supplicium,

361 867 860 938 quemadmodum
892 870 1156 937 oporteat
1184 866 1624 921 convenientem
1657 866 1882 920 deferre
1908 864 2006 919 bo-

361 973 585 1012 norem.
648 960 765 1011 Ista
820 961 1015 1010 autem
1074 954 1181 1010 tibi
1236 954 1445 1024 refero,
1479 971 1593 1010 non
1654 953 1824 1025 quasi
1880 953 2007 1025 ipse

352 1046 480 1117 jam
513 1061 858 1117 cognoscam
887 1061 1041 1111 eum,
1075 1043 1175 1115 qui
1206 1059 1336 1100 vere
1369 1047 1457 1098 est
1486 1047 1659 1107 Deus,
1695 1044 1792 1099 sed
1843 1059 2007 1114 isquo

360 1135 557 1189 animo
587 1134 882 1205 profiteor,
916 1134 1070 1203 quod
1103 1132 1237 1187 licet
1267 1149 1385 1187 non
1428 1132 1688 1187 noverim
1740 1132 1879 1204 quid
1933 1131 2010 1185 sit

365 1228 534 1290 Deus,
566 1228 822 1279 attamen
882 1222 1038 1295 quod
1092 1221 1169 1276 sit
1224 1221 1380 1277 Deus
1426 1221 1580 1276 clare
1628 1220 1774 1275 mihi
1814 1220 2011 1275 videor

358 1312 531 1368 scire.

430 1399 622 1455 XXIV.
658 1397 949 1470 Principio
981 1398 1180 1471 itaque
1220 1401 1473 1469 quatuor
1497 1397 1691 1470 prima
1720 1396 2011 1453 elementa

360 1505 476 1545 non
509 1491 759 1560 possunt
787 1504 917 1543 esse
947 1487 1125 1555 Deus,
1158 1503 1288 1559 qua
1331 1487 1404 1543 ab
1454 1485 1566 1541 alio
1623 1486 1777 1541 facta
1823 1489 1963 1541 sunt
1993 1502 2006 1541 :

362 1593 475 1632 non
532 1577 801 1641 mistura,
836 1592 952 1631 non
999 1575 1336 1647 temperies,
1372 1591 1488 1630 non
1538 1573 1859 1647 generatio,
1892 1590 2005 1629 non

364 1663 557 1720 omnis
587 1663 710 1719 haec
740 1679 866 1734 quae
897 1662 1083 1718 ambit
1111 1661 1360 1719 visibilis
1392 1661 1598 1728 moles,
1636 1678 1825 1735 neque
1855 1662 2011 1734 quod

367 1751 439 1808 ad
474 1752 688 1807 inferos
710 1750 989 1806 conﬂuxit
1010 1751 1406 1807 sedimentum
1432 1768 1446 1820 ;
1480 1768 1595 1807 non
1617 1754 2011 1824 supernatans

366 1857 539 1912 aqua,
577 1857 692 1895 non
725 1840 943 1895 fervida
973 1839 1327 1910 substantia,
1358 1856 1475 1895 non
1526 1856 1625 1895 aer
1672 1839 1773 1911 qui
1824 1840 1896 1894 ab
1947 1855 2015 1894 ea
2045 1874 2091 1937 B

374 1930 674 2001 hucusque
730 1928 1113 1999 protenditur.
1160 1927 1307 1983 Nam
1339 1934 1591 1999 quatuor
1618 1928 1927 1995 elementa,
1962 1927 2010 1983 si

372 2035 406 2073 a
431 2033 492 2073 se
518 2017 766 2072 invicem
797 2021 1066 2087 separata
1087 2016 1344 2083 fuerunt,
1381 2033 1495 2072 non
1528 2021 1844 2089 potuerunt
1872 2016 2011 2071 abs-

370 2122 483 2178 que
513 2122 726 2177 magno
758 2104 978 2160 artifice
1000 2111 1194 2161 mente
1215 2106 1286 2160 ad
1308 2105 1558 2161 aninalis
1576 2106 2011 2178 generationem

371 2194 600 2250 misceri
634 2194 723 2249 sin
753 2210 886 2249 vero
918 2210 1150 2266 semper
1181 2199 1384 2249 mutuo
1416 2195 1652 2250 fuerunt
1678 2197 2009 2265 conjuncta,

367 2283 451 2339 sic
481 2298 713 2354 quoque
743 2282 815 2337 ab
846 2282 1066 2338 artiﬁce
1090 2286 1282 2338 mente
1305 2283 1375 2337 ad
1400 2284 1812 2355 proprietatem
1837 2298 2015 2337 mem-

364 2372 605 2428 brorum
636 2375 693 2427 et
724 2370 977 2443 partium
1009 2370 1285 2426 animalis
1317 2372 1692 2442 adaptantur,
1725 2388 1840 2443 quo
1873 2388 2011 2441 pos-

364 2460 484 2516 sint
513 2460 883 2531 singulorum
912 2460 983 2515 ad
1015 2459 1251 2532 singula
1289 2476 1519 2515 servare
1550 2458 2011 2532 proportionem,

365 2553 425 2606 et
454 2548 861 2603 habitudinem
896 2551 1050 2604 recte
1089 2549 1513 2604 conformatam
1563 2548 1885 2613 obtineant,
1918 2552 2012 2603 ut-

370 2653 486 2708 que
516 2636 794 2691 interiora
819 2636 1016 2692 omnia
1047 2637 1484 2693 convenientem
1514 2637 1805 2708 accipiant
1834 2637 2015 2693 cohaao

374 2725 644 2782 rentiam.
676 2725 954 2781 Similiter
985 2730 1044 2781 et
1090 2726 1558 2797 uniuscujusque
1608 2727 1842 2798 propria
1889 2725 2015 2782 loca

376 2829 511 2870 cum
543 2813 703 2869 omni
732 2812 1023 2887 elegantia
1072 2829 1238 2869 mens
1285 2814 1491 2870 artifex
1536 2813 1814 2886 disponit.
1847 2813 2015 2870 Com-

378 2902 592 2975 pendio
621 2903 851 2958 dicam:
899 2906 956 2959 et
1006 2902 1066 2958 in
1109 2902 1385 2959 omnibus
1432 2902 1585 2971 aliis,
1618 2919 1749 2975 qua
1797 2903 2016 2959 animal

378 2992 591 3048 habere
620 2992 809 3063 debet,
834 2990 982 3048 nihil
1004 2993 1166 3047 deest
1182 3007 1393 3064 magno
1410 2991 1548 3050 huic
1570 2992 1811 3048 animali
1833 2993 2016 3049 totius

374 3080 560 3137 orbis.

438 3168 594 3225 XXV.
646 3171 734 3224 Ita
789 3168 1119 3225 necessario
1176 3167 1423 3241 intelligi
1480 3169 1653 3224 debet
1699 3170 2013 3241 quemdam

2110 589 2479 663 τετολμήκασι
2511 593 2756 661 ποιῆσαι,
2809 588 2951 645 οὕτω
2991 592 3314 661 ποιήσαντες
3363 590 3613 646 ἀνέθεσαν
3662 590 3763 664 δη-

2118 676 2300 752 μοσίᾳ,
2325 676 2418 734 ἵνα
2445 679 2541 734 κᾶν
2574 679 2679 733 ἀπὸ
2709 686 2811 748 τῆς
2859 679 3029 753 ὀργῆς
3074 677 3173 733 τοῦ
3220 679 3555 754 προσκαίρου
3608 682 3757 757 βασι-

2115 766 2278 840 λέως,
2308 766 2400 842 καί
2443 772 2611 824 ταῦτα
2652 769 2939 841 ἀνθρώπου
2988 762 3163 841 ὄντος,
3205 769 3417 842 μάθωσι
3471 768 3753 826 κολασθένσ-

2114 878 2223 930 τες,
2372 855 2454 912 δεῖ
2506 858 2605 926 τήν
2660 836 2879 912 δέουσαν
2933 836 3217 931 ἀπονέμειν
3267 859 3457 931 τιμήν.
3488 864 3663 914 Ταῦτα
3702 858 3760 916 δέ

2117 966 2201 1001 σοι
2260 946 2425 1022 λέγω,
2460 945 2567 1022 οὐχ
2623 945 2698 1009 ὡς
2754 945 2914 1008 αὐτὸς
2962 943 3070 1017 ἤδη
3134 945 3385 1022 ἐπιγνοὺς
3440 947 3533 1002 τὸν
3592 943 3762 1012 ὅντως

2117 1035 2245 1090 Θεὸν
2291 1033 2514 1108 ⁷¹,;ἀλλ’
2566 1034 2930 1110 εὖγνωμονῶν
2991 1032 3273 1112 ὁμολογῶ,
3307 1035 3351 1092 εἰ
3405 1037 3491 1091 καὶ
3538 1036 3592 1091 τί
3639 1030 3770 1093 Θεὸς

2118 1122 2217 1178 οὐκ
2263 1121 2402 1196 οἶδα,
2433 1122 2559 1180 ἀλλ’
2590 1120 2680 1178 οὖν
2728 1145 2789 1200 γε
2837 1127 3019 1202 σαφῶς
3072 1123 3155 1180 ὅτι
3202 1124 3331 1188 Θεὸς
3361 1127 3407 1162 ⁵³
3436 1125 3651 1200 νομίζω
3692 1126 3773 1183 εἷ-

2118 1210 2286 1268 δέναι.

2192 1391 2373 1449 XXIV.
2434 1388 2638 1446 Αὐτίκα
2686 1394 2814 1466 γοῦν
2870 1392 2938 1446 τὰ
2988 1394 3179 1467 πρῶτα
3232 1391 3465 1468 τέσσαρα
3520 1402 3777 1469 στοιχεῖα

2119 1478 2249 1540 Θεὸς
2278 1479 2407 1533 εἶναι
2439 1477 2505 1532 οὗ
2537 1476 2751 1533 δύναται
2780 1481 2848 1550 ⁷³,
2879 1479 2948 1534 τὰ
2993 1479 3098 1534 ὑπὸ
3138 1478 3314 1535 ἄλλου
3341 1480 3625 1557 γενόμενα·
3659 1481 3722 1536 ix"
3746 1502 3779 1557 ,ί

2118 1569 2155 1637 ἡ
2191 1565 2480 1643 uti“,th
2509 1569 2544 1637 ἡ
2565 1573 2774 1643 κρᾶσις,
2790 1566 2947 1643 οὐχὴ
2971 1568 3198 1643 γένεσις,
3214 1568 3277 1623 οὐ
3293 1568 3359 1624 τὸ
3383 1575 3487 1625 πᾶν
3510 1569 3773 1648 περιέχον

2120 1655 2315 1732 ὁρατόν
2346 1655 2532 1719 κότος·
2567 1653 2680 1711 οὐδ’
2701 1658 2737 1726 ἠ
2771 1655 2822 1711 ἐν
2854 1661 2933 1729 τῷ
2963 1654 3062 1730 ᾇδῃ
3092 1656 3393 1733 συῤῥέουσα
3422 1658 3768 1732 ὑποστάθμη·

2122 1744 2184 1799 οὗ
2232 1745 2293 1799 τὸ
2341 1744 2669 1814 ἐπιπολάζον
2728 1742 2895 1821 ὕδωρο
2930 1745 3037 1821 οὐχ
3066 1748 3102 1815 ἡ
3147 1745 3337 1816 ζέουσα
3393 1746 3567 1803 οὐσία·
3600 1748 3710 1825 οὐχ
3744 1747 3774 1803 ὸ

2123 1832 2174 1904 ἐξ
2204 1833 2371 1903 αὐτῆς
2402 1834 2567 1910 μέχρι
2603 1837 2711 1889 τῶν
2763 1833 2987 1889 ἐνταῦθα
3036 1831 3239 1905 διήκων
3290 1834 3420 1909 ἀήρ.
3450 1838 3527 1892 Τά
3567 1858 3628 1893 τε
3666 1838 3773 1914 γὰρ

2120 1927 2366 1999 στοιχεῖα
2394 1923 2640 1998 τέσσαρα,
2673 1920 2778 1978 εἷ’τε
2835 1921 3098 1994 ἀλλήλων
3153 1921 3477 1995 διεστάλκει,
3510 1924 3634 1981 ἄνευ
3678 1948 3771 1981 τι»

2118 2011 2208 2073 νὸς
2245 2009 2488 2087 μεγάλου
2515 2010 2767 2087 τεχνίτου
2804 2018 3026 2088 μιγῆναι
3058 2013 3194 2088 πρὸς
3230 2014 3371 2082 ζώου
3416 2005 3623 2089 γένεσιν
3672 2013 3777 2069 οὖν.

2121 2096 2363 2171 ἐδύνατο,
2396 2103 2549 2159 172
2582 2097 2689 2155 sifts
2729 2101 2809 2155 ἀεὶ
2860 2099 3133 2171 ἀλλήλοις
3182 2109 3417 2172 συνῆπτε
3443 2104 3509 2175 ⁷⁸,
3541 2102 3629 2157 καὶ
3677 2103 3771 2157 aii»

2117 2210 2226 2250 τως
2258 2189 2359 2244 ὑπὸ
2388 2188 2639 2264 τεχνίτου
2668 2193 2765 2244 νοῦ
2793 2190 2929 2265 πρὸς
2965 2190 3028 2244 τὸ
3078 2189 3276 2246 οἰκεῖον
3320 2195 3428 2246 τῶν
3476 2195 3575 2246 τοῦ
3624 2194 3771 2261 ζώου

2124 2276 2307 2350 μελῶν
2356 2277 2445 2332 καὶ
2508 2282 2686 2354 μερῶν
2746 2277 3158 2351 συναρμόζεται,
3212 2276 3306 2333 ἵνα
3370 2281 3472 2349 τὴν
3545 2280 3773 2337 ἑκάστου

2119 2366 2254 2441 πρὸς
2298 2362 2521 2421 ἕκαστον
2568 2365 2855 2442 ἀναλογίαν
2901 2366 3203 2437 ἀποσώζειν
3249 2365 3489 2441 δύνηται,
3528 2370 3619 2424 καὶ
3664 2371 3769 2439 τὴν

2118 2451 2227 2525 ἓξιν
2286 2455 2678 2533 εὐπερίγραφον
2728 2454 2851 2532 ἔχῃ,
2908 2457 2999 2511 καὶ
3052 2457 3118 2511 τὰ
3166 2454 3373 2521 ἔνδοθεν
3436 2457 3611 2513 πάντα
3664 2460 3769 2527 τήν

2119 2545 2500 2619 προσήκουσαν
2559 2543 2821 2620 ἁρμονίαν
2885 2540 3156 2618 λαμϐάνῃ’
3224 2545 3433 2618 ὁμοίως
3478 2567 3541 2601 τε
3585 2549 3631 2584 ’⁷⁵
3676 2551 3773 2602 καὶ

2119 2630 2247 2694 τοὺς
2298 2632 2532 2694 οἰκείους
2580 2631 2780 2695 τόπους
2826 2631 3051 2687 ἑκάστου
3099 2634 3232 2706 μετὰ
3262 2636 3438 2705 πάσης
3469 2633 3773 2714 εὐμορφίας

2123 2721 2152 2775 ὁ
2181 2720 2438 2797 τεχνίτης
2466 2725 2592 2783 νοῦς
2624 2718 2862 2798 ἀκριϐοῖ.
2900 2721 3151 2778 Συνελὼν
3179 2721 3304 2797 ἐρῶο
3335 2723 3426 2778 καὶ
3483 2724 3549 2779 τὰ
3600 2722 3772 2796 ἄλλα,

2123 2807 2220 2864 ὅσα
2249 2810 2382 2864 ποτέ
2410 2814 2545 2879 ζῶον
2578 2807 2660 2865 δεῖ
2706 2806 2875 2886 ἔχειν,
2906 2807 3059 2865 οὐδὲν
3106 2810 3320 2867 ἐνέλιπε
3348 2815 3392 2848 ⁷⁸
3414 2811 3495 2886 τῷ
3540 2811 3772 2889 μεγάλῳ

2122 2897 2301 2972 τούτῳ
2335 2900 2460 2972 ζώῳ
2487 2905 2588 2970 τῆς
2618 2897 2757 2970 ὅλης
2787 2904 3106 2978 περιφορᾶς.

2195 3164 2358 3221 XXV.
2391 3163 2573 3227 Οὕτως
2624 3163 2831 3240 ἀνάγκη
2884 3166 3006 3221 τινὰ
3053 3166 3187 3220 εἶναι
3233 3171 3376 3222 νοεῖν
3406 3168 3449 3205 ⁷⁷
3477 3166 3772 3244 ἀγέννητον

367 3272 497 3313 esse
518 3256 843 3329 ingenitum
876 3258 1190 3326 artificem,
1222 3258 1322 3329 qui
1354 3235 1641 3314 elementa
1667 3235 1756 3313 vel
1787 3258 2009 3314 distan-

2123 3252 2401 3327 τεχνίτην,
2432 3254 2490 3314 ὃς
2539 3254 2605 3307 τὰ
2646 3260 2893 3329 στοιχεῖα
2924 3255 2960 3323 ἢ
2994 3252 3257 3310 διεστῶτα
3303 3258 3604 3331 συνήγαγεν
3637 3260 3703 3327 τε,
3734 3260 3768 3327 ἢ

368 3344 454 3400 tia
495 3346 882 3415 conjunxerit,
914 3344 1001 3401 vel
1051 3345 1357 3417 prasentia
1407 3350 1612 3401 mutuo
1662 3347 1734 3401 ad
1792 3345 2009 3401 animal

365 3434 808 3505 producendum
838 3435 1059 3490 aﬁ‘abre
1090 3434 1412 3501 miscuerit,
1432 3450 1736 3506 unumque
1758 3434 2011 3505 perfece-

366 3522 445 3577 rit
474 3539 544 3577 ex
572 3523 798 3578 cunctis
828 3540 996 3595 opus.
1031 3524 1184 3578 Fieri
1217 3523 1373 3578 enim
1406 3539 1521 3578 non
1555 3527 1765 3593 potest,
1792 3529 1856 3578 ut
1877 3524 2012 3579 abs-

367 3627 482 3682 que
514 3610 724 3681 majori
769 3612 1024 3682 quadam
1075 3616 1268 3667 mente
1311 3611 1815 3683 sapientissimum
1863 3628 2011 3683 opus

367 3698 725 3754 absolvatur.
756 3698 867 3753 Sed
914 3714 1019 3753 nec
1049 3714 1215 3753 amor
1242 3714 1371 3754 esse
1411 3702 1606 3770 potest
1661 3700 2007 3753 cunctorum

364 3787 598 3859 opifex;
658 3803 775 3842 non
828 3786 1143 3858 cupiditas,
1179 3803 1295 3842 non
1341 3785 1450 3853 vis,
1481 3803 1598 3841 non
1655 3785 1796 3857 quid
1846 3784 2005 3840 aliud

365 3874 695 3947 ejusmodi;
753 3891 883 3948 quae
940 3875 1160 3943 omnia,
1193 3875 1358 3931 casui
1409 3875 1675 3942 obnoxia,
1708 3874 1903 3929 venire
1951 3878 2010 3929 et

363 3964 526 4020 abire
551 3962 762 4021 solent.
796 3964 995 4036 Neque
1030 3965 1209 4020 etiam
1255 3964 1410 4035 quod
1461 3964 1534 4019 ab
1584 3962 1698 4019 alio
1746 3967 2011 4018 movetur

363 4050 519 4108 Deus
546 4056 654 4119 est,
688 4067 879 4123 neque
909 4052 1063 4122 quod
1095 4068 1129 4107 ιι
1158 4056 1420 4123 tempore
1451 4055 1552 4106 aut
1581 4053 1792 4106 natura
1822 4053 2011 4105 muta-

362 4143 463 4195 tur
491 4157 557 4195 ac
588 4141 647 4195 in
680 4139 933 4195 nihilum
964 4138 1294 4197 resolvitur.

434 4245 626 4301 XXVI.
660 4248 795 4312 Quae
844 4261 979 4301 cum
1040 4246 1112 4300 ad
1168 4244 1488 4317 Appionem
1544 4244 1944 4317 proloquerer,
1976 4261 2007 4301 e

361 4335 622 4391 Caesarea
653 4334 887 4390 advenit
917 4337 1143 4405 Petrus,
1167 4337 1223 4389 et
1253 4350 1576 4390 concursus
1607 4332 2006 4391 multitudinis

364 4422 423 4477 in
455 4423 606 4494 Tyro
638 4423 771 4478 facti
804 4426 964 4489 sunt,
997 4421 1328 4478 festinantis
1366 4421 1478 4494 ipsi
1526 4436 1827 4478 occurrere
1874 4438 2006 4495 gra-

364 4512 626 4583 tiamque
656 4512 940 4567 adventus
972 4509 1250 4583 proﬁteri.
1281 4511 1354 4566 Et
1381 4510 1609 4583 Appion
1650 4511 1887 4583 quidem
1921 4529 2007 4569 se-

2121 3339 2340 3395 συνόντα
2395 3340 2670 3412 ἀλλήλοις
2726 3344 2862 3418 πρὸς
2920 3344 3061 3412 ζώου
3109 3346 3310 3419 γένεσιν
3342 3350 3611 3422 τεχνικῶς
3662 3345 3773 3401 ἔχε-

2122 3448 2249 3504 ρασε
2302 3428 2390 3484 καὶ
2436 3426 2491 3484 ἓν
2537 3429 2596 3485 ἐκ
2641 3431 2855 3486 πάντων
2908 3428 3062 3508 ἔργον
3101 3432 3434 3492 ἀπετέλεσεν.
3473 3432 3771 3491 Ἀδύνατον

2119 3515 2223 3592 γὰρ
2282 3514 2404 3571 ἄνευ
2460 3518 2607 3580 τινὸς
2664 3522 2759 3573 νοῦ
2805 3518 3051 3591 μείζονος
3084 3520 3220 3575 πάνυ
3251 3522 3414 3600 σοφὸν
3448 3521 3601 3599 ἔργον
3632 3524 3773 3579 ἄπο-

2117 3603 2409 3669 τελεῖσθαι.
2442 3603 2582 3663 Οὐδὲ
2641 3608 2746 3680 μὴν
2807 3602 2945 3684 ἔρως
2993 3612 3039 3646 ῖθ
3088 3609 3220 3665 εἶναι
3279 3607 3498 3666 δύναται
3549 3611 3769 3669 πάντων

2117 3693 2395 3769 τεχνίτης,
2429 3694 2528 3750 οὐκ
2556 3694 2836 3769 ἐπιθυμία,
2869 3696 2972 3751 οὐκ
3013 3696 3187 3774 ἰσχὺς,
3219 3697 3320 3753 οὐκ
3366 3697 3505 3755 ἄλλο
3551 3721 3603 3756 τι
3646 3709 3770 3756 τοι·

2119 3786 2294 3853 οὖτον,
2328 3784 2507 3838 ἅτινα
2535 3784 2751 3854 παθητά
2800 3781 3115 3856 συμϐαίνειν
3166 3788 3255 3841 καὶ
3305 3782 3615 3844 ἀποϐαίνειν
3665 3790 3771 3846 πέ-

2118 3891 2299 3947 φυκεν.
2336 3870 2492 3927 Ἀλλ’
2520 3870 2644 3928 οὐδὲ
2672 3872 2734 3927 τὸ
2767 3874 2852 3948 ὑφ’
2884 3874 3069 3950 ἐτέρου
3100 3875 3396 3950 φερόμενόν
3448 3874 3558 3933 ἐστι
3610 3879 3764 3947 Θεὸς,

2118 3956 2243 4014 οὐδὲ
2269 3980 2330 4035 γε
2357 3961 2420 4015 τὸ
2447 3961 2549 4016 ὑπὸ
2578 3960 2783 4036 χρόνου
2812 3962 2847 4031 ἢ
2881 3962 3091 4039 φύσεως
3121 3961 3516 4039 ἀλλοιούμενον
3556 3966 3648 4022 καὶ
3688 3967 3771 4030 εἰς

2115 4046 2179 4101 τὸ
2213 4049 2407 4120 μηκέτι
2438 4049 2569 4104 εἶναι
2603 4049 2993 4124 ἀναλυόμενον.

2186 4242 2376 4300 XXVI.
2436 4244 2610 4298 Ταῦτά
2670 4264 2777 4317 μου
2843 4242 3235 4321 διαλεγομένου
3290 4248 3428 4325 πρὸς
3483 4248 3577 4305 τὸν
3637 4250 3768 4306 Ἀπ-

2115 4329 2311 4401 πίωνα,
2366 4332 2471 4387 ἀπὸ
2528 4333 2846 4409 Καισαρείας
2899 4338 3053 4392 I78
3120 4334 3315 4408 ἐπέστη
3393 4338 3621 4415 Πέτρος,
3669 4340 3764 4395 καὶ

2114 4418 2411 4497 συνδρομαὶ
2438 4425 2545 4476 τῶν
2578 4418 2766 4497 ὄχλων
2800 4422 3043 4499 ἐγένοντο
3076 4423 3127 4479 ἐν
3177 4429 3246 4499 τῇ
3289 4425 3471 4503 Τύρῳ,
3502 4426 3761 4483 σπευδόν-

2113 4530 2221 4565 των
2251 4511 2478 4581 ὑπαντᾷν
2511 4510 2657 4583 αὐτῷ
2684 4511 2772 4566 καὶ
2805 4513 2965 4589 χάριν
2994 4513 3064 4589 τῇ
3119 4512 3386 4588 ἐπιδημίᾳ
3443 4516 3762 4593 ὁμολογεῖν.

363 4600 538 4656 cessit
569 4617 701 4655 cum
732 4600 1039 4655 Anubione
1068 4605 1124 4655 et
1150 4599 1521 4656 Athenodoro
1560 4599 1701 4656 solis
1728 4618 1740 4670 ;
1794 4600 2003 4674 reliqui

2123 4600 2211 4656 Καὶ
2244 4601 2272 4655 ὁ
2307 4600 2401 4674 μὲν
2436 4600 2680 4657 Ἀππίων
2729 4601 3001 4679 ὑπεχώρει
3057 4605 3170 4675 μετ’
3202 4598 3563 4668 Ἀνουϐίωνος
3594 4608 3640 4642 ⁸ο
3671 4606 3759 4661 καῖ

361 4705 494 4743 vero
526 4704 729 4744 omnes
760 4693 929 4744 Petro
952 4689 1181 4744 obviam
1205 4688 1343 4745 ituri
1368 4688 1748 4760 prodivimus.
1775 4690 2008 4746 Primus

362 4782 559 4832 autem
591 4794 696 4851 ego
730 4782 865 4833 ante
895 4782 1093 4849 portas
1114 4794 1249 4834 eum
1272 4777 1566 4849 excipiens
1588 4779 1658 4834 ad
1684 4779 2007 4851 hospitium

362 4866 520 4922 duxi.
554 4865 662 4922 Ubi
693 4883 826 4921 cum
860 4867 1100 4937 fuimus,
1131 4865 1359 4939 plebem
1381 4866 1620 4939 quidem
1644 4868 2004 4937 dimisimus,

360 4953 411 5009 ei
455 4969 587 5010 vero
633 4953 881 5027 roganti,
909 4960 975 5010 ut
1018 4959 1148 5010 acta
1191 4971 1512 5024 narrarem,
1557 4955 1703 5012 nihil
1753 4957 2005 5013 abscon-

361 5040 514 5111 didi;
537 5042 638 5098 sed
661 5044 919 5099 Simonis
939 5042 1190 5100 iudicavi
1214 5042 1541 5102 calumnias
1564 5050 1622 5101 et
1639 5049 2007 5120 portentosas

2116 4686 2497 4766 Ἀθηνοδώρου
2533 4688 2735 4764 μόνων,
2762 4692 2815 4745 οἱ
2846 4688 2903 4746 δὲ
2941 4688 3103 4747 ἄλλοι
3153 4691 3349 4756 πάντες
3396 4693 3471 4755 ὡς
3519 4693 3763 4765 ἀπαντη-

2116 4777 2333 4851 σόμενοι
2365 4779 2409 4815 ⁸1
2439 4783 2518 4850 τῷ
2546 4779 2735 4854 Πέτρῳ
2766 4779 3126 4856 ὡρμήσαμεν.
3164 4785 3388 4858 Πρῶτος
3421 4778 3479 4837 δὲ
3516 4781 3627 4857 ἐγὼ
3657 4785 3766 4859 πρὸ

2113 4871 2221 4922 τῶν
2253 4864 2440 4921 πυλῶν
2473 4864 2871 4941 ἀποδεξάμενος
2902 4868 3059 4923 αὐτὸν
3101 4869 3188 4925 ἐπὶ
3236 4871 3335 4939 τήν
3382 4870 3552 4942 ξενίαν
3603 4872 3763 4948 ἦγον.

2115 4957 2203 5019 Ὠς
2237 4954 2294 5011 δὲ
2324 4951 2634 5032 ἐγενόμεθα,
2660 4956 2789 5021 τοὺς
2820 4957 2914 5031 μὲν
2963 4954 3171 5035 ὄχλους
3221 4956 3589 5034 ἀπελύσαμεν,
3619 4961 3768 5033 αὐτῴ

2117 5042 2175 5102 δὲ
2204 5044 2490 5117 ἀξιώσαντί
2522 5066 2590 5119 με
2634 5046 2702 5102 τὰ
2744 5047 3058 5125 πραχθέντα
3101 5044 3280 5123 λέγειν
3328 5045 3482 5106 οὐδὲν
3530 5048 3766 5127 ἀπεκρυ-

1723 5204 1964 5264 VARIE
1994 5206 2400 5265 LECTIONES.

430 5324 722 5410 fl‘gsog‘o.
798 5327 845 5362 ⁷³
879 5328 965 5410 I_ta
993 5327 1037 5384 Ο
1068 5344 1117 5410 (ξἔ
1144 5328 1205 5410 S,
1237 5324 1365 5410 Θεόν
1396 5332 1502 5410 0:”
1530 5330 1577 5365 ’³³
1605 5324 1856 5410 δύνανται
1886 5330 1951 5388 Ο.
1983 5332 2135 5410 Tum
2194 5331 2283 5410 ἀπ’
2338 5328 2512 5410 ἄλλου
2555 5336 2664 5410 ⁸8.-
2702 5330 2841 5410 ⁷⁸-τά
2875 5352 2979 5410 fe“
3002 5331 3104 5406 γὰρ
3149 5336 3375 5410 στοχεῖα
3431 5330 3619 5410 τ’τὶηδζ¹
3658 5331 3768 5390 εἴτε

360 5394 746 5481 ἆξξὶάλξκήξιοις
779 5403 1049 5481 σιλνῆπξον
1076 5400 1140 5481 (_),
1173 5400 1538 5481 inteqmediis
1567 5403 1867 5481 vocabulis
1896 5404 2151 5481 omissis.
2201 5404 2273 5481 _7‘
2299 5422 2358 5456 τε
2413 5404 2477 5481 ξ,
2506 5400 2569 5456 τό
2624 5405 2688 5481 β,
2738 5407 2797 5459 Ο.
2874 5406 2918 5439 ⁷⁸
2949 5394 3045 5481 ὅσα
3075 5394 3233 5481 ἱποᾼτε
3251 5394 3393 5481 ’ζῶν
3454 5402 3536 5460 δεῖ
3592 5403 3759 5481 ἔχειν,

359 5465 514 5549 οὐδὲν
544 5465 781 5549 ἐνέλειπε
810 5469 869 5526 C.
901 5465 922 5549 γ’
947 5471 989 5549 ⁷7
1019 5473 1142 5524 νοῦν
1382 5471 1451 5549 τὰ
1479 5478 1726 5549 στοιχεῖα
1742 5470 2052 5549 ᾗδίστωςῇ
2082 5476 2378 5549 συνήγαγεν
2407 5465 2471 5549 Ο,
2504 5465 2811 5549 συνήγαμεν
2845 5492 2910 5549 ex
2940 5475 3220 5533 Cotelerio
3253 5465 3447 5534 minus
3485 5465 3760 5535 accurate

358 5546 522 5621 notat
548 5545 605 5621 ξ,
639 5558 771 5621 cum
805 5545 991 5621 exstet
1020 5559 1112 5615 ap.
1146 5543 1276 5621 (11.-
1304 5544 1349 5580 7°
1378 5543 1709 5621 Secundum
1742 5546 2143 5621 Parmeniden)
2174 5543 2243 5621 et
2263 5543 2804 5621 Empedoclemqpf.
2842 5548 3098 5621 Karsten,
3132 5549 3452 5621 Parmem'd.
3505 5551 3668 5621 reliq.
3698 5568 3753 5605 ν.

362 5614 485 5669 131.
543 5613 766 5739 Εηιόεά.
820 5615 1006 5686 relz'q.,

362 5684 597 5739 τῆσοιιεν
680 5731 695 5739 -
729 5686 799 5739 ad
833 5702 993 5739 oram

358 5684 597 5755 τήσομεν
630 5684 695 5756 Ο,
729 5686 799 5741 ad
833 5684 993 5743 0min
1026 5684 1344 5742 correctum
1378 5684 1445 5742 ἷῐῐ
1467 5684 1927 5761 ἀπαντησάμενοῖ.

1059 5610 1281 5703 ὼ3ᾁ6
1336 5633 1492 5703 εςᾳκ
1524 5618 1702 5674 Arist.
1729 5619 1989 5703 'Melaph.
2019 5622 2068 5685 Ι,
2100 5618 2153 5675 4.
2187 5620 2234 5674 1.
2271 5619 2331 5678 S.
2368 5610 2386 5619 ’
2407 5618 2452 5654 ⁸ο
2481 5610 2873 5679 Ἀννουὸίωνος
2904 5620 2970 5675 Ο.
2997 5610 3148 5677 Tum
3182 5618 3343 5693 μόνον
3373 5624 3433 5676 C.
3509 5621 3551 5655 ⁸¹
3587 5610 3755 5675 ἀπαν-
