4086 6216
298 382 404 440 217

1395 377 1921 438 CLEMENTINA.
1957 409 2031 421 --
2051 374 2380 438 HOMILIA
2426 377 2562 439 νιι.

3568 379 3685 437 218

296 510 521 582 πτόμην,
550 505 671 564 ἀλλ’
716 506 953 579 ἐμήνυον
998 506 1093 569 τάς
1141 527 1199 562 τε
1225 512 1324 563 τοῦ
1375 507 1627 581 Σίμωνος
1660 503 1922 570 διαϐολὰς

2038 510 2366 583 prasstigias
2423 512 2495 566 ab
2526 511 2653 583 ipso
2700 512 2908 576 editas,
2939 518 3198 583 quotque
3228 512 3466 565 morbos
3496 511 3689 565 immi-

300 600 375 653 καὶ
419 598 511 659 τὰς
555 594 872 671 τερατώδεις
922 595 1213 674 φαντασίας
1264 597 1351 650 ὑπ’
1411 596 1574 651 αὐτοῦ
1627 597 1924 673 γεγενημέ-

299 710 397 754 νας,
450 687 537 740 καὶ
588 686 709 747 ὅσας
768 684 1003 758 ἔπεμψεν
1055 684 1247 747 νόσους
1304 688 1350 723 ⁸³
1402 687 1534 758 μετά
1574 687 1673 755 τὴν
1725 685 1785 741 ἐκ
1823 692 1922 755 τῆς

302 776 571 853 βουθυσίας
601 774 852 841 ἑστίασιν,
885 773 975 828 καὶ
1023 772 1107 828 ὅτι
1155 773 1215 828 ἐκ
1258 778 1365 828 τῶν
1414 774 1716 830 νοσούντων
1746 776 1799 829 οἱ
1832 775 1926 846 μὲν

296 864 493 920 ανῖντόθεν
527 866 573 900 ⁸³
619 862 934 935 κατέμειναν
982 862 1033 917 ἐν
1074 867 1143 936 τῇ
1192 862 1368 939 Τύρῳ,
1402 864 1453 918 οἱ
1504 861 1560 918 δὲ
1601 865 1681 937 τῷ
1714 863 1926 936 Σίμωνι

296 957 392 1031 ᾇμα
426 958 502 1023 τῷ
550 952 646 1025 ἐμὲ
694 951 869 1007 ἐλθεῖν
921 950 1427 1025 συνεξεληλύθεισαν
1471 956 1518 990 ⁸⁸
1556 953 1633 1015 είς
1680 954 1779 1023 τήν
1832 960 1924 1007 Σι-

294 1041 441 1110 δῶνα,
473 1041 550 1103 ὡς
584 1042 673 1095 ὑπ’
703 1040 849 1112 αύτῷ
876 1042 922 1077 ⁸⁸
955 1037 1507 1117 θεραπευθησόμενοι,
1532 1042 1623 1097 καὶ
1657 1040 1738 1097 ὅτι
1760 1042 1924 1115 ἐμάν-

293 1134 428 1185 θανον
460 1127 669 1203 μηδένα
698 1130 873 1184 αὐτῶν
926 1129 1117 1191 ἰάσεως
1166 1131 1524 1206 τετυχηκέναι
1559 1132 1648 1186 ὑπ’
1679 1131 1826 1203 αὐτῷ
1855 1134 1921 1189 ⁸⁸.

289 1219 481 1287 ηὶτήν
514 1218 656 1293 πρὸς
687 1218 971 1273 Ἀππίωνά
1011 1239 1103 1291 μοι
1147 1220 1521 1295 γεγενημένην
1571 1217 1805 1290 διάλεξιν
1850 1225 1927 1292 τῷ

291 1310 457 1383 Πέτρῳ
509 1304 889 1383 διηγησάμην.
939 1313 993 1362 ‘0
1044 1305 1102 1362 δὲ
1158 1316 1395 1385 στοργῆς
1452 1308 1544 1364 καὶ
1603 1316 1925 1385 προτροπῆς

289 1396 427 1473 χάριν
453 1395 739 1458 ἐπαινέσας
775 1417 842 1469 με
872 1397 960 1452 καὶ
1003 1395 1330 1472 εὐλογήσας,
1375 1396 1524 1453 ἀλῶν
1576 1393 1923 1472 μεταλαϐὼν,

292 1485 364 1540 διὰ
402 1484 527 1546 τοὺς
575 1486 856 1557 καμάτους
902 1499 1001 1555 της
1053 1484 1373 1563 ὁδοιπορίας
1421 1491 1490 1562 τῇ
1532 1487 1927 1564 ἀναγκαιοτάτη

293 1573 474 1649 ἡσυχία
498 1578 601 1629 τοῦ
632 1573 805 1629 ὕπνου
837 1574 1022 1629 ἑαυτὸν
1054 1574 1364 1650 ἐπέτρεπεν.

836 1805 1104 1861 'OMIAIA
1143 1805 1192 1859 2'
1231 1807 1366 1879 (ιε).

2034 599 2176 655 serit
2205 604 2339 671 post
2385 600 2528 655 illud
2588 618 2655 656 ex
2700 600 3002 655 immolato
3047 601 3187 655 bove
3230 600 3580 668 convivium,
3632 604 3688 654 et

2034 689 2187 760 quod
2221 706 2287 743 ex
2319 690 2548 761 aegrotis
2580 689 2675 743 alii
2710 689 2945 759 quidem
2978 690 3096 744 illic
3128 690 3280 759 apud
3303 691 3517 760 Tyrum
3555 706 3682 759 per-

2036 777 2386 844 manserint,
2420 778 2516 833 alii
2546 795 2679 833 vero
2711 778 2886 833 simul
2919 795 2983 833 ac
3014 794 3118 849 ego
3148 779 3274 832 veni
3318 778 3533 849 egressi
3567 778 3685 831 sint

2039 882 2172 921 cum
2207 866 2447 922 Simone
2479 866 2537 921 in
2567 868 2864 936 Sidonem,
2898 871 3179 938 tanquam
3212 868 3283 920 ab
3316 882 3382 920 eo
3412 868 3679 933 sanandi,

2035 971 2271 1027 quoque
2303 956 2589 1011 audierim
2622 954 2850 1010 nullum
2900 972 3099 1010 eorum
3134 956 3203 1009 ab
3254 955 3379 1024 ipso
3412 962 3679 1009 sanatum

2035 1044 2253 1111 fuisse;
2304 1046 2401 1100 sed
2454 1050 2510 1100 et
2564 1061 2753 1099 meam
2803 1044 3081 1098 adversus
3121 1043 3442 1116 Appionem
3480 1045 3687 1116 dispu-

2034 1133 2315 1188 tationem
2350 1134 2516 1189 Pctro
2549 1132 2738 1188 retuli.
2775 1139 2844 1185 At
2875 1132 2967 1186 ille
3003 1150 3113 1203 pra:
3160 1149 3355 1186 amore
3396 1137 3452 1186 et
3482 1133 3691 1186 exhor-

2035 1222 2201 1276 tandi
2232 1223 2417 1294 gratia
2449 1223 2504 1277 in
2541 1238 2631 1277 me
2664 1221 2897 1276 laudem
2933 1238 2997 1276 ac
3049 1221 3513 1276 benedictionem
3548 1237 3688 1276 con-

2037 1298 2210 1378 tulit;
2243 1315 2301 1367 et
2330 1312 2458 1366 cibo
2491 1317 2728 1382 sumpto
2761 1327 2822 1365 se
2866 1310 3055 1365 somni
3092 1309 3292 1381 quieti,
3328 1326 3457 1380 quae
3488 1310 3560 1364 ob
3596 1310 3693 1363 iti-

2036 1400 2191 1453 neris
2222 1416 2241 1453 :
2272 1400 2674 1472 fatigationem
2726 1399 2978 1454 maxime
3018 1403 3141 1453 erat
3174 1397 3518 1465 necessaria,
3574 1402 3693 1452 tra-

2035 1486 2204 1543 didit.

2626 1809 2927 1864 HOMILIA
2970 1810 3093 1864 VII.

348 1916 383 1966 Ι.
413 1914 485 1983 Τῇ
516 1914 562 1947 ⁸⁷
593 1912 825 1983 τετάρτῃ
856 1908 914 1965 δὲ
957 1910 1139 1986 ἡμέρᾳ
1188 1914 1286 1980 τῆς
1317 1911 1369 1965 ἐν
1421 1911 1586 1987 Τύρῳ
1617 1915 1774 1985 ἡμῶν
1810 1912 1924 1967 ἐπι-

2111 1914 2152 1970 Ῑ.
2189 1917 2402 1981 Quarto
2434 1930 2568 1970 vero
2599 1915 2692 1970 die
2724 1914 2905 1969 nostri
2939 1916 3088 1985 apud
3136 1915 3350 1987 Tyrum
3404 1915 3689 1971 adventus

290 1997 490 2071 δημίας,
528 2000 639 2055 ὑπὸ
668 2002 767 2069 τὴν
794 2004 948 2057 174
969 1996 1163 2075 ὄρθρον
1197 1999 1601 2074 προεληλυθότι
1632 2006 1711 2072 τῷ
1740 2003 1928 2076 Πέτρῳ

288 2090 516 2158 ἀπήντων
551 2087 950 2164 πλησιόχωροί
976 2110 1035 2143 τε
1065 2089 1165 2145 οὐκ
1196 2089 1386 2163 ὀλίγοι
1419 2092 1508 2145 καὶ
1562 2090 1729 2160 αὐτῆς
1756 2091 1929 2167 Τύρου

290 2175 625 2248 πάμπολλοι,
657 2178 747 2232 καὶ
800 2177 1104 2254 ἐπεφώνουν
1158 2176 1434 2252 λέγοντες,
1462 2180 1523 2236 Ὁ
1554 2179 1683 2241 Θεὸς
1718 2178 1805 2235 διὰ
1836 2186 1930 2234 σοῦ

292 2267 420 2337 ἡμᾶς
451 2265 701 2339 ἐλεείτω,
737 2264 825 2321 διὰ
856 2271 950 2321 σοῦ
982 2268 1342 2342 θεραπευέτω.
1375 2270 1435 2325 Ὀ
1469 2266 1526 2322 δὶ
1576 2268 1774 2342 Πέτρος
1804 2266 1928 2339 ἔστη

295 2354 369 2411 ἐπὶ
424 2354 582 2419 λίθου
645 2355 794 2418 τινὸς
866 2354 1083 2429 ὑψηλοῦ
1141 2358 1278 2431 πρὸς
1346 2355 1407 2410 τὸ
1464 2354 1713 2412 δύνασθαι
1771 2364 1929 2413 πᾶσιν

295 2445 497 2518 ὁρᾶσθαι
533 2488 550 2514 ,
614 2443 704 2499 καί
755 2444 1192 2520 προσαγορεύσας
1252 2440 1496 2509 θεοσεϐεῖ
1545 2444 1700 2519 νόμῳ
1758 2446 1930 2510 οὕτως

297 2528 499 2604 ἤρξατο-

356 2623 418 2677 li.
472 2624 594 2693 Θεῷ
642 2625 722 2692 τῷ
768 2620 1004 2676 κτίσαντι
1056 2622 1147 2676 τὸν
1199 2621 1421 2698 οὐρανὸν
1470 2622 1561 2677 καὶ
1606 2622 1670 2678 τὸ
1716 2622 1929 2696 σύμπαν

295 2708 346 2762 ού
395 2709 573 2765 λείπει
636 2709 904 2788 πρόφασις
979 2710 1118 2783 πρὸς
1176 2711 1449 2786 σωτηρίαν
1503 2715 1612 2766 τῶν
1669 2712 1931 2780 σώζεσθαι

294 2798 555 2855 θελόντων.
595 2802 753 2862 ’Ὸθεν
789 2795 930 2870 μηδὲ
962 2797 1048 2853 ἐπὶ
1079 2802 1123 2835 ⁸⁸
1150 2805 1269 2862 τοῖς
1311 2797 1531 2854 δοκοῦσι
1568 2799 1796 2877 φαύλοις
1830 2801 1933 2855 ὑπὸ

292 2888 602 2962 προπετείας
646 2908 729 2949 τις
779 2887 939 2942 αὐτὸν
990 2888 1066 2949 ὡς
1115 2888 1191 2961 μή
1243 2890 1289 2924 ⁸9
1325 2886 1705 2965 φιλάνθρωπον
1757 2888 1931 2943 αἰτιά-

291 2978 401 3032 σθω.
458 2980 577 3032 Τῶν
637 2976 742 3051 γὰρ
792 2971 1201 3050 συμϐαινόντων
1264 2976 1532 3050 ἀνθρώπῳ
1589 2980 1634 3015 ⁹⁰
1687 2979 1753 3032 τὰ
1797 2976 1929 3048 τέλη

288 3063 581 3140 ἀνθρώποις
651 3065 745 3138 μὲν
806 3066 1096 3141 ἄγνωστα,
1155 3066 1231 3128 ὡς
1284 3066 1370 3121 ἐπὶ
1430 3070 1579 3139 κακῷ
1628 3066 1932 3121 ὑποπτευό-

290 3174 404 3223 μενα
432 3158 497 3223 ﬂ,
531 3158 655 3226 Θεῷ
706 3151 763 3209 δὲ
806 3154 880 3216 ὡς
932 3149 1323 3226 ἀποϐησόμενα
1374 3154 1618 3230 εὐτυχῶς
1652 3156 1927 3231 γνώριμα.

2040 2004 2149 2059 sub
2181 2002 2510 2058 diluculum
2544 2018 2779 2073 egresso
2813 2003 2980 2056 Petro
3016 2007 3422 2072 processerunt
3453 2002 3683 2056 obviam

2040 2108 2153 2147 non
2206 2092 2372 2162 pauci
2410 2090 2663 2160 ﬁnitimi,
2698 2108 2762 2145 ac
2794 2107 2861 2145 ex
2905 2091 3033 2162 ipsa
3062 2092 3205 2161 Tyro
3237 2090 3683 2161 quamplurimi,

2040 2184 2097 2234 et
2127 2180 2528 2234 acclamabant
2556 2179 2815 2234 dicentes
2851 2197 2863 2234 :
2900 2179 3051 2234 Deus
3082 2196 3183 2250 per
3213 2185 3265 2233 te
3298 2178 3482 2233 nostri
3516 2179 3688 2233 mise-

2042 2274 2257 2338 reatur,
2292 2285 2392 2339 per
2422 2274 2475 2323 te
2514 2285 2619 2323 nos
2663 2273 2844 2323 curet.
2885 2268 3087 2322 Petrus
3131 2284 3262 2322 vero
3295 2268 3457 2321 stetit
3497 2267 3552 2321 in
3585 2284 3681 2322 ex-

2042 2357 2196 2413 celso
2226 2357 2439 2429 lapide,
2474 2364 2538 2411 ut
2568 2358 2640 2412 ab
2672 2357 2949 2412 omnibus
2978 2362 3175 2427 posset
3206 2356 3482 2427 conspici,
3522 2372 3685 2411 cum-

2042 2462 2155 2518 que
2186 2446 2456 2519 religioso
2497 2462 2657 2502 more
2688 2445 3002 2501 salutasset
3029 2446 3110 2500 ita
3139 2462 3379 2500 exorsus
3410 2449 3497 2499 est
3530 2461 3543 2499 :

2114 2625 2185 2679 Il.
2218 2624 2333 2679 Deo
2364 2622 2605 2679 creatori
2636 2622 2762 2678 coeli
2794 2630 2847 2677 et
2888 2622 3092 2677 mundi
3126 2639 3239 2677 non
3273 2622 3435 2677 deest
3464 2622 3689 2677 occasio

2042 2714 2114 2768 ad
2167 2713 2415 2768 salutem
2468 2729 2667 2768 eorum
2723 2712 2819 2783 qui
2872 2712 3085 2766 servari
3136 2711 3357 2767 volunt.
3407 2712 3687 2775 Quocirca

2043 2819 2231 2873 neque
2262 2803 2320 2856 in
2353 2802 2443 2868 iis,
2477 2819 2603 2872 qum
2630 2802 2902 2855 videntur
2932 2800 3107 2869 mala,
3140 2800 3352 2871 aliquis
3382 2817 3482 2871 per
3508 2806 3685 2855 teme-

2043 2892 2271 2947 ritatem
2296 2890 2463 2945 illum
2486 2890 2641 2946 velut
2661 2890 2968 2945 hominum
2998 2907 3110 2944 non
3128 2895 3421 2944 amantem
3437 2890 3686 2944 insimu-

2040 2979 2135 3035 let.
2161 2981 2370 3035 Eorum
2394 2980 2708 3050 enim,quaa
2730 2978 2963 3033 mortali
2986 2979 3428 3043 accidunt,tines
3450 2979 3687 3049 quidem

2040 3068 2379 3123 hominibus
2414 3068 2693 3139 incogniti
2745 3072 2903 3132 sunt,
2937 3084 3002 3122 ac
3050 3068 3119 3122 de
3169 3067 3394 3121 malitia
3441 3066 3690 3138 supecti,

2040 3156 2155 3212 Deo
2188 3161 2381 3211 autem
2414 3156 2652 3227 cogniti,
2687 3161 2751 3210 ut
2799 3155 3020 3210 cessuri
3078 3155 3342 3211 feliciter.
3382 3158 3573 3225 Itaque
3602 3155 3690 3210 Si-

286 3241 465 3297 Αύτίκα
511 3248 649 3319 γοῦν
703 3243 890 3315 Σίμων
941 3243 1196 3319 ἀριστερᾶ
1239 3248 1337 3298 τοῦ
1391 3248 1523 3299 Θεοῦ
1573 3241 1799 3316 δύναμις
1847 3242 1920 3299 ὢν

2038 3261 2193 3308 mon,
2228 3244 2326 3314 qui
2359 3243 2598 3299 sinistra
2630 3243 2724 3298 Dei
2757 3244 2941 3297 virtus
2973 3248 3551 3314 est,potestatemque
3584 3244 3687 3298 ha-

288 3330 362 3383 ιαὶ
402 3336 506 3385 τῶν
557 3332 657 3385 τὸν
718 3332 847 3387 Θεὸν
911 3331 1010 3387 οὐκ
1060 3329 1282 3387 εἰδότων
1339 3331 1427 3386 ἐπὶ
1484 3328 1774 3404 κακοποιίᾳ
1827 3335 1924 3402 τήν

290 3416 502 3489 ἐξουσίαν
537 3417 689 3495 ἔχων
722 3419 903 3481 νόσοις
947 3420 1085 3493 ὑμᾶς
1134 3416 1450 3496 περιϐαλεῖν
1492 3418 1762 3492 ἠδυνήθη,
1796 3420 1929 3476 αἵτι-

286 3527 361 3569 νες
414 3506 500 3563 διὰ
548 3510 653 3577 τὴν
720 3513 819 3563 τοῦ
883 3514 1017 3564 Θεοῦ
1081 3510 1289 3584 ἀγαθὴν
1358 3509 1616 3585 πρόνοιαν
1686 3510 1927 3586 γενέσθαι

284 3599 718 3671 συγχωρηθεῖσαι
768 3598 1071 3671 ἠνάγκασαν
1120 3599 1278 3670 ὑμᾶς,
1329 3598 1419 3653 τόν
1473 3598 1649 3662 ἰᾶσθαι
1699 3596 1925 3673 δυνάμε-

283 3704 359 3737 νον
412 3680 921 3760 περιϐλεψαμένους
984 3684 1075 3740 καί
1143 3686 1395 3762 εὑρόντας
1432 3731 1445 3756 ,
1506 3689 1769 3764 προφάσει
1826 3695 1925 3758 τῆς

280 3776 362 3825 τοῦ
389 3774 648 3847 σώματος
701 3775 983 3849 θεραπείας
1036 3774 1101 3829 τὰ
1147 3780 1264 3847 Θεῷ
1314 3772 1576 3831 δοκοῦντα
1606 3774 1926 3849 ἀναδεξαμέ-

282 3880 409 3925 νους,
439 3865 733 3933 πεισθῆναι
766 3868 1004 3941 φρονεῖν,
1052 3862 1143 3919 ’ίνα
1190 3864 1363 3926 οὕτως
1394 3863 1506 3937 ἅμα
1551 3869 1667 3927 τοῖς
1706 3866 1921 3938 σώμασι

283 3953 683 4023 σωθησομένοις
714 3952 805 4005 καὶ
834 3952 927 4014 τὰς
960 3953 1141 4032 ψυχὰς
1172 3953 1315 4014 σώας
1351 3951 1538 4028 ἔχητε.

338 4042 427 4096 III.
461 4040 733 4095 Μανθάνω
760 4040 876 4110 οὗν,
926 4040 1000 4102 ὡς
1055 4043 1388 4115 βουθυτήσας
1431 4041 1662 4097 ἑστίασιν
1693 4045 1737 4079 ⁰²
1780 4043 1921 4116 ὑμᾶς

280 4124 325 4180 ἓν
356 4128 484 4203 μέσῃ
512 4128 584 4203 τῇ
616 4128 814 4205 ἀγορᾷ,
844 4129 934 4183 καὶ
966 4129 1139 4191 οὕτως
1174 4130 1329 4203 ὑμεῖς
1362 4128 1499 4204 οἷ’νῳ
1529 4130 1726 4204 πολλῷ
1750 4152 1920 4208 παρε-

278 4216 528 4292 νεχθέντες
575 4218 695 4291 ἃμα
755 4223 872 4280 τοῖς
921 4224 1184 4293 πονηροῖς
1254 4216 1475 4293 δαίμοσι
1532 4220 1621 4275 τὸν
1677 4219 1919 4296 ἄρχοντα

281 4303 433 4359 αὐτῶν
477 4305 948 4385 ἐφιλοφρονεῖσθε,
999 4308 1087 4363 καὶ
1137 4306 1310 4369 οὕτως
1367 4309 1517 4380 ὑμῶν
1571 4308 1621 4363 oi
1667 4308 1914 4364 πλεῖστοι

282 4392 368 4447 ὑπὸ
410 4400 515 4449 τῶν
567 4400 757 4459 παθῶν
814 4400 961 4456 175
1016 4397 1451 4474 κατελήφθησαν,
1505 4396 1722 4473 ἀγνοίας
1770 4397 1917 4470 αἶ’τίᾳ

280 4485 381 4536 καθ’
408 4484 612 4540 ἑαυτῶν
648 4482 809 4547 ἰδίαις
856 4484 1042 4561 χερσὶν
1082 4485 1503 4559 ἐπισπασάμενοι
1549 4486 1611 4540 τὸ
1656 4490 1753 4540 τοῦ
1788 4484 1911 4541 ὀλέ-

2038 3333 2135 3388 bet
2155 3333 2222 3387 ad
2259 3332 2702 3387 malelicentiam
2726 3332 2785 3387 in
2818 3349 2917 3386 eos
2940 3332 3037 3403 qui
3071 3332 3251 3385 Deum
3287 3333 3684 3397 nesciunt,vos

2035 3421 2224 3492 potuit
2251 3421 2471 3477 morbis
2500 3421 2822 3493 implicare.
2854 3422 2949 3491 qui
2986 3420 3173 3475 morbi
3207 3438 3307 3492 per
3339 3421 3550 3474 bonum
3584 3421 3688 3475 Dei

2036 3510 2458 3581 providentiam
2498 3511 2727 3565 evenire
2778 3509 3047 3581 permissi
3087 3513 3400 3581 coegerunt
3444 3526 3564 3575 vos,
3618 3515 3684 3563 ut

2033 3598 2274 3670 quiesito
2307 3615 2372 3653 eo
2401 3599 2498 3670 qui
2530 3600 2721 3654 sinare
2755 3598 2969 3653 valeret
3000 3603 3055 3653 et
3088 3599 3341 3662 invento,
3376 3600 3681 3653 occasione

2033 3688 2352 3758 corporalis
2384 3687 2620 3742 medelze
2670 3687 2885 3759 placita
2932 3688 3046 3742 Deo
3079 3687 3459 3758 susciperctis
3510 3692 3682 3759 atque

2030 3777 2344 3832 crederetis
2405 3782 2467 3831 ut
2499 3778 2581 3832 sic
2616 3794 2731 3831 una
2772 3794 2906 3832 cum
2953 3775 3193 3831 servatis
3244 3775 3587 3847 corporibus
3631 3781 3687 3831 et

2031 3865 2260 3921 animas
2290 3865 2553 3921 habeatis
2584 3864 2792 3921 salvas.

2101 4044 2196 4098 III.
2232 4042 2422 4098 Audio
2454 4042 2675 4113 utique,
2708 4058 2843 4098 eum
2874 4043 3017 4098 bove
3065 4046 3315 4097 mactato
3348 4042 3676 4097 convivium

2026 4132 2192 4189 vobis
2223 4132 2281 4187 in
2316 4131 2505 4187 medio
2536 4132 2767 4187 dedisse
2798 4133 2941 4201 foro,
2964 4132 3165 4203 sicque
3192 4148 3293 4187 vos
3327 4130 3514 4186 multo
3541 4132 3677 4186 vino

2026 4222 2250 4293 abrepti
2303 4238 2421 4276 una
2473 4237 2607 4276 cum
2678 4220 2869 4292 pravis
2928 4221 3295 4276 daemonibus
3353 4221 3678 4292 principem

2024 4326 2224 4365 eorum
2257 4308 2541 4381 complexi
2573 4309 2735 4379 estis,
2770 4314 2945 4381 atque
2994 4310 3074 4364 ita
3123 4314 3384 4364 vestrum
3439 4309 3677 4381 plurimi

2023 4397 2244 4454 morbis
2274 4399 2425 4470 capti
2457 4403 2613 4464 sunt,
2650 4416 2752 4470 per
2782 4398 3171 4470 ignorantiam
3218 4398 3277 4452 in
3330 4416 3391 4454 se
3432 4399 3683 4470 propriis

2024 4489 2300 4543 manibus
2331 4492 2578 4541 attracto
2612 4488 2883 4559 perniciei
2918 4486 3132 4559 gladio.
3168 4492 3363 4559 Neque
3399 4490 3554 4541 enim
3580 4489 3681 4570 ad:

283 4582 395 4647 θρου
442 4574 611 4652 ξίφος.
667 4574 738 4629 Οὐ
791 4576 891 4650 γὰρ
942 4574 999 4629 ἃν
1051 4576 1150 4643 την
1198 4577 1313 4629 καθ’
1363 4576 1514 4647 ὑμῶν
1566 4570 1728 4651 ἔσχον
1762 4574 1907 4646 ἐξου-

2038 4594 2254 4632 rersum
2287 4593 2387 4631 vos
2417 4577 2711 4631 daemones
2762 4576 3107 4631 habuissent
3160 4580 3528 4647 potestatem,
3564 4574 3681 4631 nis1

280 4660 382 4714 σίαν
413 4664 463 4715 οἱ
495 4661 768 4735 δαίμονες,
825 4664 869 4718 εἰ
914 4665 988 4737 μή
1032 4664 1293 4741 πρότερον
1338 4669 1417 4735 τῷ
1468 4661 1692 4739 ἄρχοντι
1731 4664 1904 4719 αὐτῶν

282 4747 571 4820 ὁμοδίαιτοι
601 4751 915 4827 ἐγεγόνειτε.
963 4752 1117 4808 Οὕτω
1146 4754 1247 4829 γὰρ
1290 4753 1546 4829 ἀπαρχῆς
1589 4756 1631 4790 ⁸³
1680 4754 1781 4809 ὑπὸ
1808 4759 1906 4809 τοῦ

2018 4668 2181 4738 prius
2212 4683 2346 4721 cum
2380 4682 2581 4721 eorum
2615 4665 2873 4738 principe
2917 4665 3177 4720 fuissetis
3224 4665 3465 4735 epulati.
3503 4666 3666 4719 Prin-

2016 4754 2166 4826 cipio
2216 4753 2507 4826 siquidem
2557 4753 2656 4809 illa
2705 4771 2804 4825 per
2848 4754 3255 4809 universorum
3305 4754 3666 4809 conditorem

281 4838 435 4893 πάντα
477 4839 759 4903 κτίσαντος
806 4846 937 4897 Θεοῦ
969 4838 1114 4896 δυσὶν
1162 4843 1413 4898 ἑκάστοτε
1460 4840 1713 4919 ἄρχουσι,
1749 4841 1905 4917 δεξιῷ

2038 4845 2200 4900 )eum
2230 4843 2319 4899 lex
2354 4842 2641 4916 praalinita
2669 4847 2757 4897 est
2809 4842 3038 4898 duobus
3087 4842 3363 4915 utrinque
3395 4842 3667 4909 ducibus,

1628 4986 1869 5043 VARle
1908 4986 2297 5044 LEC'I‘IONES

341 5093 579 5173 "ﬁcosi
613 5099 678 5173 ρ,
728 5098 794 5173 ⁸³*
822 5094 1007 5173 αύτόθι
1056 5100 1116 5156 C.
1150 5099 1196 5135 ³⁸
1242 5104 1329 5173 Ita
1375 5100 1419 5156 Ο
1468 5116 1517 5173 c.
1569 5101 1627 5171 S,
1654 5098 1924 5173 ,συνεξελη

2041 5122 2175 5172 ησαν
2206 5106 2265 5157 C.
2296 5102 2341 5137 ⁸⁸
2390 5099 2479 5155 ὑπ’
2525 5097 2693 5173 αὐτοῦ
2735 5103 2792 5155 C.
2824 5098 2869 5173 ξδ
2902 5097 2989 5173 im"
3035 5096 3197 5152 αὐτοῦ
3226 5098 3582 5173 τετυχηκέναι

284 5164 413 5255 ⁸1τῇ
435 5169 645 5255 praeﬁxi
676 5169 811 5255 sqq
856 5170 1015 5255 Idem
1046 5176 1257 5255 postea.
1274 5171 1365 5225 τὸν
1394 5164 1688 5255 ορθρονίξδ
1719 5164 1924 5229 intem

2042 5164 2133 5229 ..⁸⁸
2185 5174 2259 5255 pani
2280 5174 2472 5255 _deest
2521 5171 2774 5255 inhogw
2819 5169 3120 5255 ἀνρρῴπων
3167 5175 3225 5255 ς),
3277 5164 3576 5255 ἀνθρώποις
3612 5170 3667 5223 in

284 5238 449 5310 marg.
483 5240 689 5295 Vocem
720 5238 1018 5313 ἀνθρώπων
1050 5238 1359 5298 delendam
1393 5238 1592 5299 censet
1625 5246 1685 5315 D,
1719 5243 2123 5317 συμοαινόντων
2156 5238 2336 5297 παθῶν
2373 5242 2643 5315 proponit
2672 5244 2709 5297 S
2741 5262 2753 5299 :
2790 5238 3133 5313 conjecturae
3158 5245 3283 5311 jam
3335 5238 3659 5313 superfluae.

284 5306 322 5389 ξξ
349 5307 741 5389 ὑετοῖττενόιεενα
769 5312 833 5368 Ο.
870 5312 1212 5389 Τυηιὶᾀοιῃ-
1237 5307 1624 5389 ἀποϐησόμενα
1652 5333 1702 5372 c.
1738 5316 1804 5387 D,
1839 5316 2145 5389 ἀποσόμενα
2173 5320 2233 5373 C.
2272 5317 2426 5372 idem
2462 5317 2499 5370 f.
2532 5312 2826 5384 έπεσόμενα
2855 5315 2937 5369 vel
2970 5312 3357 5385 ἀποσωζόμενα
3384 5316 3441 5367 in
3474 5329 3656 5383 marg.

285 5378 323 5412 ”
348 5378 589 5435 εἱστίασεν
610 5378 757 5455 Epit.
790 5400 839 5440 c.
871 5385 961 5441 54.
995 5386 1040 5422 ⁹²
1070 5384 1158 5438 ἀπ’
1189 5384 1367 5460 ἀρχῆς
1399 5378 1464 5442 O-

1644 5512 2019 5569 VARIORUM
2062 5512 2291 5571 NOT/E.

345 5620 452 5701 (t2)
481 5621 734 5701 Hopiljm
776 5624 1033 5697 septima:
1062 5624 1305 5683 alteram
1330 5626 1731 5701 inscriptionis
1760 5632 1922 5701 parte

2038 5646 2110 5701 ip.
2146 5629 2206 5685 C.
2240 5626 2470 5683 obviam
2520 5630 2606 5679 EN
2654 5630 2820 5680 ΤΥΡΩ
2868 5625 2919 5680 Δ¹
2960 5642 3088 5698 qua:
3120 5622 3377 5681 scholion
3414 5621 3655 5695 redolet,

288 5691 445 5748 omisi
471 5708 520 5751 c.
554 5694 614 5750 Ο.
646 5691 855 5752 Danae:
