2043 3108
174 161 234 190 219

588 160 621 190 S.
644 161 868 191 CLEMENTIS
891 162 902 192 Ι
926 162 1021 193 ROM.
1043 163 1158 194 PONT.
1182 163 1313 194 OPERA
1335 163 1469 194 DUBIA.

1819 164 1879 194 220

175 226 275 255 dextro
290 227 318 254 et
333 225 462 259 sinistro,
474 227 507 253 ut
522 234 580 253 non
600 226 707 254 habeat
723 227 796 256 alter
811 228 928 257 illorum
944 238 995 265 po-

1056 238 1080 255 τε
1093 227 1137 256 καὶ
1154 221 1287 266 εὖωνόμῳ
1302 229 1334 264 ⁸⁵,
1351 227 1454 266 ὡρίσθη
1478 227 1574 265 νόμος,
1602 228 1639 265 μὴ
1655 229 1677 247 ³⁸
1696 224 1770 266 ἔχειν
1784 228 1873 257 ἱκέτι-

175 274 321 305 testatem,
339 270 394 297 nisi
412 271 478 306 pius
495 271 615 299 conviva
626 272 792 308 cujuspiam
810 274 995 310 fuerit,quem

178 314 317 343 beneﬁcio
333 315 376 341 vel
394 315 502 350 injuria
515 316 596 351 cupit
611 316 736 344 afﬁcere.
754 318 835 345 Sicut
849 326 917 354 ergo
934 327 997 354 per-

177 358 267 394 ceptis
283 359 445 393 sacriﬁciis,
470 368 532 395 quae
559 360 741 389 daemonibus
757 362 871 390 fuerant
888 362 996 396 oblata,

176 403 298 430 venistis
313 403 341 430 in
358 403 527 431 servitutem
549 404 628 432 illius
654 405 703 440 qui
724 406 842 434 malitiae
863 406 997 442 princeps

176 447 275 481 est,ita
285 447 309 474 si
326 448 362 475 ab
374 447 411 475 iis
427 448 627 477 abstinueritis
637 453 665 477 et
673 450 708 477 ad
723 450 813 478 Deum
827 459 877 486 per
887 451 995 479 bonum

176 492 369 527 dextrumque
380 493 540 529 principem
556 494 756 530 confugeritis,
772 495 933 523 honoribus
948 504 997 523 sa-

176 536 277 564 criﬁcii
293 537 459 572 expertibus
474 538 610 566 facientes
625 547 687 574 qua:
702 539 868 575 vult,probe
883 540 995 573 scitote,

175 580 253 615 quod
268 588 333 607 cum
351 582 479 617 corporis
501 583 627 610 sanitate
643 583 756 611 animas
772 592 888 620 quoque
904 584 997 619 possi-

177 624 284 652 debitis
308 633 405 653 sanas.
429 626 494 662 Ipse
519 635 646 663 namque
666 627 759 661 solus,
779 636 831 663 per
846 628 996 656 sinistram

171 669 317 703 occidens,
333 678 384 705 per
399 670 530 698 dextram
554 674 651 708 potest
671 673 761 700 vitam
780 671 879 708 largiri
894 685 901 707 ;
917 672 997 709 pari-

168 714 272 749 terque
287 716 314 741 et
330 717 489 750 percutere,
508 717 536 743 et
547 716 696 751 jacentem
712 717 823 753 erigere
837 717 889 752 (a).

208 758 423 794 lV.Propterea
438 759 566 795 primum
581 769 596 787 a
614 769 792 796 praecursore
810 761 929 789 Simone
947 761 996 788 de-

172 801 247 837 cepti
261 802 371 830 ratione
380 803 483 831 anima;
493 804 601 832 mortui
612 805 683 832 estis
695 807 751 833 Deo
761 808 789 833 et
798 814 917 841 corpore
927 805 996 833 fuis-

171 846 210 873 tis
222 846 457 882 al'ﬂicti,potestis
466 850 562 876 autem
576 849 825 878 similiteriterum
838 858 889 886 per
905 850 996 886 pceni-

171 891 601 945 ten‘tiam,utdixi,Deo:placita
617 894 741 930 amplexi
754 897 782 922 et
793 903 912 930 corpore
928 903 995 944 con-
1013 913 1036 945 B

177 934 332 968 valescere,
345 938 370 963 et
385 937 515 965 animam
534 946 712 974 recuperare.
725 941 813 966 Porro
824 938 881 966 Deo
891 938 999 975 placita

174 981 244 1006 sunt
255 988 262 1007 :
275 988 341 1007 eum
351 982 473 1016 precari,
484 985 579 1018 petere
591 983 626 1010 ab
637 983 688 1011 illo
699 985 841 1019 tanquam
855 984 890 1011 ab
901 992 934 1011 eo
947 989 1000 1019 qui

176 1027 282 1051 cuncta
290 1033 370 1060 aequa
381 1025 443 1061 lege
453 1026 734 1061 tribuit,dtemonum
747 1036 849 1056 mensa
855 1036 919 1055 sese
929 1029 998 1056 abs—

174 1067 276 1103 tinere,
288 1078 346 1096 non
357 1073 474 1106 gustare
485 1080 602 1100 carnem
614 1073 808 1106 demortuam,
824 1073 997 1109 sanguinem

174 1120 231 1139 non
245 1113 436 1150 attingere,ab
449 1116 528 1143 omni
542 1116 640 1145 illuvie
652 1117 798 1145 mundari.
813 1117 934 1154 Reliqua
948 1125 999 1144 au-

174 1158 234 1184 tem
249 1166 306 1185 uno
318 1159 416 1194 verbo,
436 1169 617 1197 quascunque
635 1161 739 1195 Judaei,
751 1170 820 1198 erga
830 1162 922 1189 Deum
933 1161 998 1189 reli-

173 1201 247 1237 giosi
254 1202 602 1239 homines,audierunt,et
609 1214 658 1233 vos
667 1207 763 1233 cuncti
774 1207 916 1239 audite,in
927 1205 1004 1234 mul-

174 1248 212 1276 tis
223 1249 395 1284 corporibus
405 1258 494 1277 unam
504 1252 631 1277 mentem
643 1250 740 1285 adepti
748 1259 755 1278 :
763 1259 826 1286 quae
836 1251 1000 1286 unusquis-

175 1292 231 1321 sibi
244 1293 390 1321 desiderat
401 1294 488 1327 bona,
499 1295 598 1322 eadem
611 1297 640 1322 et
649 1295 683 1322 de
695 1295 826 1331 proximo
839 1295 998 1332 statuat(b).

175 1338 222 1365 Sic
233 1340 329 1365 autem
343 1339 547 1374 unusquisque
559 1341 687 1367 vestrum
699 1340 806 1367 bonum
819 1340 996 1376 cogitaverit.

178 1381 202 1409 si
219 1382 275 1410 ista
288 1383 365 1419 apud
378 1392 408 1410 se
425 1385 536 1419 repetat
552 1392 558 1411 :
574 1383 635 1411 Non
653 1384 695 1411 vis
711 1384 857 1412 interﬁci?
873 1384 998 1412 alterum

178 1435 236 1454 non
251 1427 408 1455 interﬁcias
421 1436 494 1461 ;non
510 1428 553 1456 vis
570 1437 687 1456 uxorem
701 1430 781 1456 tuam
799 1429 834 1456 ab
853 1428 909 1456 alio
930 1437 998 1456 con-

178 1471 316 1506 stuprari,
334 1471 453 1499 alterius
480 1476 600 1508 nuptam
624 1481 660 1500 ne
685 1476 862 1508 constupra;
882 1482 939 1501 non
956 1473 999 1501 vis

179 1515 331 1551 quidpiam
348 1524 444 1544 rerum
461 1519 578 1544 tuarum
603 1517 679 1545 furto
695 1517 826 1545 auferri?
840 1517 912 1545 nihil
928 1517 998 1545 alte-

180 1560 241 1587 rius
257 1561 361 1587 furnrc.
379 1562 472 1596 Atque
491 1562 530 1588 ita
559 1571 591 1589 ex
608 1562 688 1589 vobis
706 1562 777 1598 ipsis
802 1563 877 1598 quod
895 1562 1000 1590 rationi

179 1608 407 1632 consentaneum
421 1609 464 1633 est
477 1606 671 1642 intelligentes
687 1610 773 1642 atque
789 1607 999 1639 facientes,De0

180 1648 260 1675 chari
281 1649 371 1676 effecti
399 1651 617 1685 consequemini
631 1652 804 1678 sanitatem:
822 1651 952 1687 alioquin
973 1653 1002 1679 et

182 1693 210 1719 in
228 1694 359 1728 praesenti
378 1694 481 1721 sn’culo
499 1696 670 1730 corporibus
697 1695 913 1732 torquebimini,
930 1698 957 1724 et
972 1696 1001 1723 in

180 1737 279 1766 futuro
292 1738 452 1774 puniemini
470 1740 636 1767 animabus.

216 1829 250 1854 V.
269 1827 332 1855 Hac
348 1837 363 1855 a
388 1828 470 1856 Petro
497 1829 596 1864 paucis
613 1829 715 1856 diebus
740 1829 834 1857 edocti
858 1831 887 1857 et
908 1829 1002 1857 sanati

181 1872 318 1907 baptizati
336 1875 415 1899 sunt.
435 1874 540 1900 Deinde
557 1874 631 1900 inter
647 1873 840 1901 cacteraillius
862 1872 1004 1901 miracula

183 1917 285 1952 reliqui
303 1926 404 1944 omnes
421 1917 447 1944 in
467 1918 561 1945 medio
588 1918 648 1945 foro
674 1918 783 1953 passim
807 1918 836 1945 in
864 1918 960 1946 cinere
976 1920 1004 1945 et

184 1970 267 1988 sacco
284 1962 433 1994 sedebant,
451 1965 570 1998 agentes
587 1963 787 1998 pmnitcntiam
808 1963 843 1990 de
858 1962 1005 1999 prioribus

183 2006 305 2033 delictis.
324 2007 357 2032 Et
372 2007 420 2042 qui
436 2007 573 2033 Sidonem
591 2007 765 2041 incolebant,
781 2006 838 2034 ista
853 2007 1005 2034 audientes

184 2051 292 2077 similia
310 2051 449 2083 fecerunt,
462 2052 662 2086 miseruntque
679 2053 712 2078 ad
731 2054 848 2079 Petrum
863 2050 1006 2087 supplica-

185 2097 277 2122 tnros.
295 2096 368 2128 quod
393 2096 447 2131 ipsi
475 2099 591 2131 propter
616 2096 732 2123 morbos
757 2104 814 2123 non
835 2098 954 2131 possent
968 2096 1003 2123 ad

185 2139 268 2166 illum
285 2140 391 2166 venire.
420 2141 509 2175 [gitur
533 2143 633 2167 Petrus
655 2149 721 2167 cum
747 2149 797 2176 per
820 2148 928 2176 paucos
944 2140 1005 2168 dies

186 2184 252 2219 Tyri
270 2187 465 2212 commoratus
486 2188 562 2212 esset
587 2189 764 2221 cunctosque
787 2184 868 2212 illius
883 2185 1005 2212 civitatis

185 2228 318 2256 homines
347 2229 546 2261 instruxisset,
574 2232 602 2256 et
627 2229 809 2257 liberavisset
841 2229 1006 2265 omnigenis

1053 283 1098 310 ρον
1124 272 1210 300 αὐτῶν
1233 272 1361 309 ἐξουσίαν,
1388 272 1431 300 ἐὰν
1460 273 1498 309 μὴ
1525 272 1656 311 πρότερόν
1680 283 1732 300 τινι
1757 273 1874 312 ὁμοτρά-

1051 319 1132 351 πεζος
1155 318 1291 355 γένηται,
1316 317 1345 344 ὃν
1370 316 1514 352 εὐποιῆσαι
1541 317 1558 352 ἢ
1585 319 1704 345 κακῶσαι
1737 317 1870 355 βούλεται.

1050 362 1151 398 Ὥσπερ
1167 362 1213 389 οὗν
1230 360 1358 398 δαίμοσιυ
1380 360 1588 398 ἀποδεδομένων
1611 362 1736 398 θυμάτων
1761 361 1872 398 μεταλα-

1052 403 1142 437 ϐόντες
1157 408 1197 442 τῷ
1212 409 1262 441 τῆς
1275 406 1368 437 καγίας
1385 405 1498 444 ἡγεμόνι
1522 405 1755 442 χατεδουλώθητε,
1777 407 1873 442 051mg,

1052 449 1082 477 ἃν
1107 450 1210 477 τούτων
1235 450 1402 486 παυσάμενοι
1426 452 1465 486 τῷ
1487 452 1544 486 Θεῷ
1568 449 1612 477 διὰ
1634 452 1683 477 τοῦ
1708 450 1810 488 ἀγαθοῦ
1829 450 1875 478 καὶ

1053 493 1140 530 δεξιοῦ
1155 494 1289 532 ἡγεμόνος
1304 494 1490 532 προσφύγητε,
1516 494 1624 526 cio-51m;
1648 498 1741 531 τιμαῖς
1764 497 1875 523 ποιοῦν-

1051 550 1095 570 τες
1109 538 1126 566 ’ἀ
1143 539 1284 577 βούλεται,
1302 538 1330 566 εὖ
1347 537 1401 567 ξ’στε
1416 538 1457 567 ὅτι
1483 539 1529 566 σὺν
1545 541 1580 576 τῇ
1600 541 1648 567 τοῦ
1664 540 1791 576 σώματος
1806 540 1877 567 licet

1052 584 1095 611 καὶ
1119 584 1167 615 τὰς
1192 583 1283 622 ψυχὰς
1305 583 1476 621 ὑγιαινούσας
1499 582 1581 620 ἕξετε.
1608 584 1693 615 Αὐτὸς
1717 584 1769 622 γὰρ
1792 584 1878 621 μόνος

1052 627 1097 655 διὰ
1110 631 1161 663 τῆς
1177 628 1319 666 ἀριστερᾶς
1334 628 1449 666 ἀναιρῶν
1466 626 1510 656 διὰ
1523 629 1573 662 τῆς
1595 627 1682 664 δεξιᾶς
1707 631 1877 663 ζωοποιῆσαι

1052 671 1171 700 δύναται·
1188 671 1293 710 ὁμοίως
1317 671 1346 700 δὲ
1366 672 1411 700 καὶ
1435 673 1558 709 πατάξαι,
1582 672 1627 700 καὶ
1653 673 1798 708 ἀναστῆσαι
1818 675 1875 700 κεῖ-

1053 728 1143 754 μενον.

1088 762 1133 790 IV.
1151 760 1199 788 Διὰ
1210 763 1290 788 τοῦτο
1304 763 1412 799 πρῶτον
1436 760 1488 789 ὑπὸ
1510 763 1559 788 τοῦ
1574 759 1734 799 προδρόμου
1750 761 1877 798 Σίμωνος

1051 805 1295 844 προαπατηθέντες,
1320 805 1377 842 0εῷ
1405 806 1453 837 τὰς
1483 805 1574 843 ψυχὰς
1602 805 1746 838 ἀπεθάνετε
1771 805 1816 833 καὶ
1841 806 1878 834 τὰ

1052 850 1164 886 σώματα
1179 849 1364 887 έπατάχθητες
1392 848 1504 877 δύνασθε
1530 848 1559 877 δὲ
1575 849 1680 886 ὁμοίως
1693 850 1724 878 τὸ
1739 849 1876 888 δεύτερον,

1052 893 1096 921 διὰ
1109 898 1160 929 τῆς
1178 893 1327 931 μετανοίας,
1344 894 1381 925 ὠς
1406 892 1484 933 ἔφην,
1509 893 1542 921 τὰ
1567 896 1624 930 Θεῷ
1647 894 1793 932 ἀρέσκοντα
1810 894 1875 922 ἀνα-

1052 937 1191 975 δεξάμενοι
1216 938 1260 965 καὶ
1283 938 1316 965 τὰ
1338 938 1451 975 σώματα
1474 938 1627 976 ἀναῤῥῶσαι
1651 938 1695 966 καὶ
1717 938 1765 970 τὰς
1784 939 1875 976 ψυχὰς

1052 980 1206 1012 ἀναλαϐεῖν.
1231 983 1306 1010 Ἐστι
1328 981 1357 1010 δὲ
1381 983 1415 1010 τὰ
1438 982 1586 1020 ἀρέσκοντα
1605 985 1645 1019 τῷ
1666 985 1722 1019 Θεῷ
1744 983 1776 1010 τὸ
1800 983 1874 1019 αὐτῷ

1052 1027 1259 1065 προσεύχεσθαιθ
1283 1027 1363 1054 αὐτὸν
1388 1027 1470 1054 αἰτεῖν
1496 1028 1518 1045 ⁸⁸
1543 1026 1580 1058 ὡς
1602 1027 1686 1055 πάντα
1713 1026 1790 1063 νόμῳ
1814 1037 1875 1065 κρι-

1052 1074 1119 1108 τικῷ
1135 1071 1252 1099 διδόντα·
1277 1074 1413 1110 τραπέζης
1439 1070 1577 1108 δαιμόνων
1604 1071 1763 1110 ἀπέχεσθαι·
1780 1075 1876 1109 νεκρᾶς

1055 1117 1093 1152 μή
1109 1115 1230 1153 γεύεσθαι
1256 1116 1364 1153 σαρκός·
1384 1117 1420 1153 μὴ
1446 1117 1524 1145 170
1547 1116 1641 1153 ψαύειν
1663 1115 1778 1152 αἳματος
1798 1118 1828 1135 π·
1846 1116 1880 1144 ἐκ

1051 1161 1150 1192 παντὸς
1165 1159 1345 1192 ἀπολούεσθαι
1360 1161 1382 1179 °'
1398 1160 1529 1197 λύματος·
1545 1161 1578 1188 τὰ
1593 1159 1622 1188 δὲ
1636 1159 1722 1188 λοιπὰ
1734 1161 1772 1188 ἑνὶ
1788 1160 1879 1199 λόγῳ,

1053 1205 1090 1236 ὦς
1118 1205 1144 1232 οἱ
1170 1205 1233 1233 Θεὸν
1260 1202 1384 1236 σέϐοντες
1407 1203 1525 1240 ἥκουσαν
1550 1203 1697 1241 Ἰουδαῖοι,
1722 1205 1767 1233 καὶ
1799 1205 1880 1242 ὑμεῖς

1051 1248 1182 1277 ἀκούσατε
1197 1249 1321 1285 ἅπαντες,
1347 1248 1373 1276 έν
1393 1248 1512 1280 πολλοῖς
1536 1249 1644 1286 σώμασι
1671 1249 1734 1286 μίαν
1759 1249 1879 1287 γνώμην

1052 1290 1240 1324 ἀναλαϐόντες·
1257 1293 1323 1331 ἅπερ
1345 1291 1455 1325 ἕκαστος
1480 1294 1567 1329 ἑαυτῷ
1593 1293 1720 1331 βούλεται
1745 1292 1825 1329 καλὰ,
1844 1293 1881 1321 τὰ

1052 1338 1120 1366 αὐτὶ
1150 1337 1321 1377 βούλευέσθω
1350 1340 1372 1357 ⁹⁹
1398 1339 1442 1366 καὶ
1470 1341 1511 1375 τῷ
1538 1338 1669 1374 πλησίον.
1696 1338 1774 1368 Οὕτω
1798 1337 1820 1366 δ’
1845 1338 1878 1365 ἂν

1054 1384 1129 1421 ὑμῶν
1144 1381 1256 1414 ἕκαστος
1269 1384 1379 1419 νοήσειε
1392 1383 1424 1411 τὸ
1448 1383 1544 1418 καλὸν,
1562 1383 1584 1411 εί
1607 1383 1694 1419 ἑαυτῷ
1720 1382 1877 1421 διαλεχθείη

1052 1428 1085 1456 τὰ
1098 1430 1219 1455 τοιαῦτα·
1240 1427 1277 1455 Οὐ
1302 1427 1390 1459 θέλεις
1414 1429 1585 1467 φονευθῆναι,
1610 1426 1702 1464 ἓτερον
1731 1428 1768 1464 μή
1785 1427 1880 1467 φονεύ-

1052 1482 1109 1509 σῃς
1127 1471 1159 1499 οὐ
1184 1471 1272 1504 θέλεις
1296 1472 1346 1506 τήν
1372 1472 1420 1506 σήν
1448 1471 1492 1511 ὐφ’
1514 1472 1608 1510 ἑτέρου
1635 1473 1811 1509 μοιχευθῆναι
1826 1481 1879 1509 γυ-

1051 1519 1141 1552 ναῖκα,
1156 1517 1205 1551 τὴν
1222 1515 1313 1554 ἑτέρου
1331 1516 1369 1553 μή
1399 1516 1513 1553 μοίχευε
1534 1516 1666 1554 γαμετήν
1692 1515 1723 1543 οὐ
1748 1515 1836 1547 Θέλεις
1853 1525 1880 1542 τι

1053 1572 1107 1589 των
1131 1563 1183 1588 σῶν
1208 1560 1357 1596 κλαπῆναι,
1379 1560 1471 1598 ἑτέρου
1498 1560 1537 1597 μὴ
1566 1559 1666 1588 κλέπτε
1696 1559 1796 1597 μηδέν.
1829 1560 1881 1589 Καὶ

1057 1605 1143 1637 οὕτως
1169 1605 1213 1644 ἀφ’
1239 1605 1315 1641 ὑμῶν
1336 1604 1424 1632 αὐτῶν
1447 1605 1479 1632 τὸ
1503 1603 1617 1643 εὔλογον
1642 1603 1812 1635 ωννοοῦντες
1836 1603 1882 1631 καὶ

1056 1652 1198 1681 ποιοῦντες
1214 1671 1221 1684 ,
1247 1649 1305 1685 Θεῷ
1329 1648 1491 1687 προσφιλεῖς
1520 1648 1664 1686 γενόμενοι
1679 1671 1686 1685 ,
1716 1648 1883 1684 ἑπιτεῦξεσθε

1056 1698 1107 1729 τῆς
1137 1693 1245 1730 ἰάσεως,
1275 1693 1331 1721 ἐπεὶ
1360 1692 1405 1720 καὶ
1435 1692 1461 1720 έν
1483 1695 1521 1729 τῷ
1550 1693 1662 1731 παρόντι
1691 1692 1769 1720 αίῶνι
1798 1693 1884 1731 βασα-

1055 1739 1214 1774 νισθήσεσθε
1241 1738 1275 1765 τὰ
1299 1738 1422 1774 σώματα,
1452 1737 1499 1764 καὶ
1528 1736 1554 1764 ἐν
1582 1739 1622 1773 τῷ
1647 1736 1775 1774 μέλλοντι
1800 1736 1884 1765 κολα-

1057 1783 1186 1819 σθήσεσθε
1199 1782 1248 1813 τὰς
1263 1781 1361 1820 ψυχάς,

1092 1828 1126 1855 V.
1142 1829 1228 1854 Ταῦτα
1253 1827 1286 1845 ¹⁰⁰
1311 1826 1361 1853 ὑπὸ
1383 1828 1431 1854 τοῦ
1455 1826 1558 1864 Πέτρου
1583 1825 1609 1853 έν
1636 1825 1742 1864 ὀλίγαις
1762 1825 1883 1864 ἡμέραις

1057 1871 1259 1910 χατηχηθέντες
1282 1871 1327 1898 καὶ
1351 1871 1468 1902 ἱαθέντες
1491 1870 1689 1906 έοαπτίσθησαν
1711 1893 1717 1899 .
1740 1873 1853 1897 Ἔπειτα
1871 1872 1880 1888 ί

1056 1920 1115 1948 τοῖς
1145 1917 1254 1947 λοιποῖς
1282 1915 1363 1943 αὐτοῦ
1388 1915 1520 1952 θαύμασιν
1549 1915 1575 1942 οἱ
1604 1914 1697 1943 λοιποὶ
1731 1914 1828 1945 πάντες
1856 1914 1883 1942 ἐν

1061 1962 1152 1999 μέσαις
1166 1964 1225 1992 ταῖς
1248 1961 1358 1999 ἀγοραῖς
1378 1958 1515 1996 πανδημεὶ
1532 1959 1576 1987 ἐπὶ
1592 1960 1694 1987 σποδοῦ
1712 1959 1758 1986 καὶ
1782 1958 1883 1987 σάκκου

1058 2006 1225 2041 ἐκαθέζοντο,
1245 2006 1436 2041 μετανοοῦντες
1458 2004 1501 2031 ἐπὶ
1524 2006 1584 2034 τοῖς
1611 2003 1739 2042 πρότερον
1754 2004 1883 2041 ἡμαρτη-

1061 2050 1161 2088 μένοις.
1177 2050 1225 2077 Καὶ
1241 2049 1267 2076 οἱ
1288 2048 1313 2076 ἐν
1339 2047 1439 2076 Σιδῶνι
1462 2050 1546 2076 ταῦτα
1571 2047 1731 2079 ἀκούσαντες
1753 2048 1786 2075 τὰ
1800 2047 1885 2084 ὅμοια

1060 2095 1202 2130 ἐποίησαν,
1232 2093 1277 2121 καὶ
1299 2093 1387 2124 ἱκέτας
1411 2092 1479 2130 πρὸς
1500 2093 1545 2120 τὸν
1574 2092 1675 2131 Πέτρον
1706 2090 1884 2126 ἀπέστελλον,

1061 2138 1097 2170 ὡς
1112 2137 1188 2166 αὐτοὶ
1205 2136 1249 2165 διὰ
1268 2137 1317 2168 τὰς
1340 2136 1437 2168 νόσους
1457 2136 1527 2175 πρὸς
1551 2136 1631 2164 αὐτὸν
1658 2135 1747 2164 ἐλθεῖν
1776 2136 1815 2172 μὴ
1842 2134 1887 2163 δυ-

1059 2183 1168 2220 νάμενοι
1194 2185 1222 2209 '0
1238 2181 1338 2219 Πέτρος
1355 2179 1383 2208 δὲ
1398 2182 1509 2219 ἡμερῶν
1526 2180 1557 2208 οὐ
1577 2180 1689 2208 πολλῶν
1714 2178 1888 2219 ἐνδιατρίψας

1059 2230 1094 2265 τῇ
1110 2229 1121 2246 ³
1136 2226 1224 2265 Τύρῳ,
1241 2226 1285 2253 καὶ
1306 2226 1467 2263 χατηχήσας
1491 2224 1554 2257 τοὺς
1579 2224 1605 2252 ἐν
1627 2224 1695 2262 αὐτῇ
1712 2226 1787 2253 177
1805 2225 1888 2252 ἄπαν-

183 2274 294 2300 morbis
310 2282 342 2301 ac
358 2274 533 2301 instituisset
550 2274 714 2305 ecclesiam,
732 2276 818 2310 atque
833 2282 867 2301 ex
885 2274 1001 2310 presby-

1059 2283 1107 2304 τας
1124 2294 1132 2306 ,
1163 2272 1208 2298 καὶ
1244 2268 1421 2298 παντοδαπῶν
1453 2269 1551 2300 αὐτοὺς
1580 2268 1739 2305 ἀπαλλάξας
1767 2270 1859 2296 παθῶν
1878 2291 1887 2305 ,

186 2318 264 2353 teris,
282 2319 330 2354 qui
348 2327 414 2345 eum
432 2319 636 2354 sequebantur,
665 2319 735 2353 ipsis
752 2318 922 2354 episcopum
938 2326 1005 2345 cons

185 2363 339 2395 stituisset,
367 2363 501 2390 Sidonem
528 2363 650 2398 appulit.
678 2366 714 2389 At
746 2363 857 2397 Simon,
885 2363 1007 2390 audiens

187 2408 263 2443 quod
281 2408 449 2435 adventaret
465 2410 577 2440 Petrus,
591 2407 745 2435 confestim
763 2407 797 2434 ad
815 2408 947 2443 Berytum
959 2415 1009 2434 au-

186 2452 260 2488 fugit
276 2460 341 2479 cum
359 2452 487 2488 Appionc
503 2454 530 2479 et
545 2452 642 2479 sociis.

1061 2315 1206 2351 ἐκκλησίαν
1230 2325 1261 2342 τε
1283 2313 1493 2351 συστησάμενος,
1517 2314 1562 2341 καὶ
1589 2314 1641 2341 ἀπὸ
1664 2316 1718 2341 τῶν
1746 2313 1886 2350 ἱπομένων

1062 2360 1134 2397 αὖτῷ
1172 2356 1360 2397 πρεσϐυτέρων
1398 2358 1543 2386 ἐπίσκοπον
1574 2357 1665 2389 αὐτοῖς
1692 2359 1861 2393 καταστήσας
1879 2380 1886 2394 ,

1063 2404 1189 2442 ὥρμησεν
1205 2404 1244 2435 εἲς
1261 2402 1377 2431 Σιδῶνα.
1400 2405 1428 2429 ‘0
1444 2401 1473 2430 δὲ
1488 2403 1582 2439 Σίμων
1608 2402 1701 2439 μαθὼν
1717 2401 1821 2437 ἥκοντα
1840 2402 1887 2429 τὸν

1063 2449 1163 2487 Πέτρον
1189 2448 1266 2480 εὐθὺς
1289 2446 1392 2486 ἀπέδρα
1417 2447 1456 2479 είς
1480 2447 1602 2486 Βηρυτὸν
1629 2447 1687 2484 μετ’
1703 2448 1714 2466 ³
1731 2445 1889 2477 ’Δππίωνος

1064 2493 1109 2521 καὶ
1123 2495 1176 2521 τῶν
1193 2492 1276 2521 αὑτοῦ
1291 2492 1416 2531 ἕταίρων.

223 2561 261 2597 (a)
276 2561 360 2588 Deut.
377 2568 463 2594 xxxu,
480 2561 531 2594 39;
550 2561 559 2588 Ι
577 2559 646 2596 Reg.
664 2568 694 2592 II,
710 2559 737 2586 6.
775 2558 813 2595 (b)
828 2558 931 2587 Matth.
947 2566 1000 2594 vn,
1014 2558 1058 2587 12.

864 2630 986 2658 VARI/E
1005 2628 1210 2658 LECTIONES.

223 2687 245 2704 ⁸⁸
258 2687 299 2714 Ita
316 2687 349 2717 D,
367 2684 451 2719 δεξιόν
477 2696 506 2712 τε
531 2684 575 2711 καὶ
603 2684 749 2720 εὐωνύμων
779 2685 808 2718 C,
825 2681 918 2718 δεξιῶν
946 2693 976 2710 τε
1002 2681 1046 2710 καὶ
1076 2681 1223 2718 εὐωνύμων
1244 2682 1276 2709 0.
1301 2680 1375 2744 πὸιή
1392 2679 1414 2708 Ο
1429 2681 1458 2708 et
1480 2679 1516 2708 de
1539 2679 1663 2720 conject:
1691 2679 1721 2719 (ξ,
1746 2678 1777 2706 in
1793 2678 1890 2720 .cujus

223 2726 264 2744 rtn
283 2723 361 2744 rint—ut
390 2723 411 2739 νε
441 2722 479 2744 Im
498 2730 530 2744 ργ
546 2722 666 2744 nnnier‘t.
685 2721 724 2744 ni,
741 2718 810 2744 ἐστίν
828 2723 949 2744 uteraue
964 2719 1048 2744 Hom.
1064 2718 1162 2744 codex.
1179 2718 1199 2735 '1
1216 2716 1317 2744 σήματα
1356 2736 1363 2744 .
1381 2715 1403 2733 ⁸³
1423 2715 1502 2743 Hanc
1525 2716 1711 2743 Ottobontam
1735 2713 1889 2742 lectionem

187 2725 265 2750 textu
283 2716 371 2749 deest.
390 2716 411 2739 ’δέ
441 2722 482 2749 Ita
498 2730 531 2748 ex
546 2722 667 2756 conject.
685 2716 725 2751 Ci,
741 2716 810 2756 ἐστίν
823 2716 953 2756 uterique,
964 2719 1048 2756 Hom.
1064 2716 1199 2756 eodem?"
1216 2716 1317 2756 αέματα

188 2749 374 2786 coiumr-ndat
389 2760 408 2783 C
423 2767 456 2785 ex
472 2749 609 2792 conject:
622 2757 670 2783 sed
688 2749 751 2784 exh.
768 2749 1084 2792 ﬁnoltnsoﬂizt_in'tezttu.
1103 2753 1209 2782 Deinde
1223 2749 1259 2792 ᾡς
1275 2752 1301 2779 οἳ
1318 2760 1343 2780 c.
1359 2749 1471 2792 Q,_b’cm
1553 2749 1614 2792 ὅσα)
1629 2750 1659 2785 C,
1686 2749 1726 2776 οσ⁹
1741 2749 1767 2776 οἱ
1783 2749 1818 2792 S;
1828 2750 1889 2792 "HD

189 2795 319 2822 eniendn'
342 2795 479 2834 βουλέξῦω
491 2795 523 2811 ¹⁰⁰
538 2795 651 2819 Τοιαῦτα
665 2795 692 2818 Cl
712 2795 718 2809 ¹
738 2795 820 2832 Forte
830 2795 884 2854 lei.
900 2795 972 2833 ut}

191 2833 309 2867 apparet
325 2831 353 2858 S.
370 2831 380 2847 ²
399 2840 438 2865 τῳ
454 2830 480 2857 S.
499 2830 508 2847 ³
527 2828 592 2865 μετά
607 2828 638 2856 Ο.
653 2828 731 2856 Idem
748 2826 853 2856 deinde
881 2836 973 2854 αυτου.

342 2784 479 2830 stateem
491 2784 651 2837 10°"Toza'é‘m
712 2794 718 2809 ι
737 2791 884 2837 Fprteleq.
900 2789 1014 2833 natljnt.
1034 2790 1185 2827 Vulgatam
1200 2788 1302 2817 saltem
1319 2784 1587 2825 scripturam‘haud
1603 2784 1707 2815 sanam
1724 2793 1789 2814 esse
1805 2784 1891 2837 facile

1381 2715 1403 2733 ⁸³
1423 2715 1502 2743 Hanc
1525 2713 1711 2743 Ottoboniani
1735 2713 1889 2742 lectionem
1927 2740 1930 2743 .
