4086 6216
336 380 431 437 221
1439 374 1941 439 ΟΙΕΜΕΝΤΙΝΑ

2064 411 2067 418 ›
2101 377 2427 438 IIUMIIJA
2475 377 2603 439 VII.

3608 374 3727 434 222

396 511 485 563 VI.
520 510 633 565 Τοῦ
664 504 717 562 δὲ
749 508 954 583 Πέτρου
999 506 1259 571 εἰσιόντος
1301 507 1377 571 εἰς
1405 510 1503 577 τήν
1558 506 1789 579 Σιδῶνα,
1822 507 1951 563 πολ·

2159 513 2244 565 Vl.
2279 516 2557 567 Caeterum
2590 528 2723 567 cum
2755 511 2960 568 Petrus
2990 510 3263 567 Sidonem
3298 509 3598 582 ingressus
3629 526 3718 565 es-

330 598 452 652 )o-‘J'
485 596 745 651 ἐπικλῖναι
827 597 887 639 ηε
992 620 1021 631 τ
1210 599 1224 615 ‘
1316 598 1337 637 ν’
1414 602 1440 613 ⁸
1498 598 1512 617 ’
1559 597 1573 651 ί
1614 620 1631 631 ~
1801 598 1813 615 '
1940 598 1954 615 ‘

350 638 359 651 .
430 638 450 658 ς
486 641 506 652 ..
626 640 657 650 ..
752 619 775 660 ς
829 618 1078 675 Ἰι.ρονιες
1128 618 1233 672 προ
1280 620 1444 653 αυτου
1494 619 1547 653 ετ
1580 610 1752 662 θεσαν.
1818 599 1861 654 Ο
1910 594 1966 652 δε

327 688 452 761 πρὸς
492 686 683 748 αὐτοὺς
736 685 859 764 ἔφη’
909 689 997 756 Μὴ
1047 686 1223 741 τοίνυν
1268 688 1531 759 νομίσητε
1581 686 1676 760 ἐμὲ
1722 708 1774 741 τι
1807 684 1963 740 δύνα-

327 778 430 829 σθαι
480 778 616 850 πρὸς
663 777 922 851 ὑμετέραν
975 774 1151 846 ἴασιν,
1206 774 1372 851 ἄνδρα
1426 776 1617 844 θνητὸν
1662 776 1751 830 καὶ
1806 775 1963 830 αὐτὸν

324 864 543 925 πολλοῖς
588 864 804 918 πάθεσιν
852 865 1137 920 ὑποπεσεῖν
1186 862 1501 937 δυνάμενον·
1550 865 1863 942 ὑφηγεῖσθαι
1909 861 1964 918 δὶ

324 953 436 1024 ὑμῖν
464 954 556 1007 τὸν
589 954 787 1027 τρόπον
824 951 893 1008 δι’
927 954 989 1009 οὗ
1040 962 1277 1023 σωθῆναι
1332 951 1618 1025 δυνήσεσθε
1664 954 1724 1009 οὗ
1756 965 1959 1031 φοονω,

318 1041 395 1095 καί
442 1040 605 1103 αὐτὸς
656 1044 799 1114 παρά
848 1047 947 1097 τοῦ
994 1050 1093 1111 τῆς
1143 1042 1401 1113 ἀληθείας
1455 1046 1742 1121 Προφήτου
1778 1043 1957 1116 μαθὼν

315 1129 430 1191 τοὺς
482 1132 938 1206 προωρισμένους
995 1136 1091 1186 τοῦ
1149 1130 1283 1187 Θεοῦ
1341 1135 1447 1207 πρὸ
1504 1127 1814 1201 καταϐολῆς
1866 1131 1957 1185 κό-

316 1240 441 1290 σμου
492 1218 782 1291 ὁρισμοὺς,
821 1220 965 1295 Λέγω
1018 1218 1075 1275 δὲ
1129 1220 1215 1275 ἐπὶ
1267 1221 1449 1282 ποίαις
1498 1227 1687 1282 κακαῖς
1738 1220 1958 1293 πράξεσι

313 1308 425 1368 τοὺς
454 1307 779 1381 ἀνθρώπους
811 1307 988 1379 ἔταξεν
1038 1309 1139 1363 ὑπὸ
1176 1313 1273 1363 τοῦ
1320 1316 1421 1378 τῆς
1450 1309 1638 1371 κακίας
1684 1308 1957 1383 ἡγεμόνος

312 1401 615 1463 κακοῦσθαι,
669 1396 883 1469 ὁμοίως
935 1395 1041 1452 δέδ
1070 1397 1155 1452 ἐπὶ
1206 1396 1391 1459 ποίαις
1440 1398 1666 1473 ἀγαθαῖς
1704 1398 1952 1473 πράξεσιν

312 1484 455 1557 ὥρισε
512 1485 783 1559 πρότερον
840 1485 1218 1548 πιστώσαντας
1271 1486 1415 1557 αὐτῷ
1466 1486 1687 1559 ἰωμένῳ
1734 1486 1799 1541 τά
1848 1488 1953 1540 σώ-

314 1592 435 1643 ματα
463 1574 758 1645 σώζεσθαι,
793 1568 977 1629 ἔπειτα
1022 1576 1110 1629 καὶ
1161 1577 1255 1636 τὰς
1304 1576 1482 1651 ψυχάς
1533 1573 1954 1649 ἐπανορθοῦσθαι

311 1662 428 1734 πρὸς
458 1662 519 1715 τὸ
552 1661 892 1737 ἀνώλεθρον.

368 1772 479 1822 VII.
512 1769 725 1824 Ταύτας
775 1769 957 1823 τοίνυν
1006 1769 1097 1831 τάς
1138 1792 1197 1825 τε
1246 1770 1445 1845 ἀγαθάς
1488 1772 1574 1825 καὶ
1623 1771 1789 1834 κακὰς
1820 1774 1952 1847 πρά-

2077 604 2188 669 set,
2222 600 2437 656 multos
2464 600 2521 655 in
2556 600 2719 656 lectis
2752 602 2961 657 allatos
2993 618 3186 656 coram
3218 600 3343 671 ipso
3377 603 3716 671 posuerunt.

2078 688 2177 744 Ille
2222 696 2415 745 autem
2469 690 2613 745 dixit
2661 691 2728 746 ad
2782 707 2879 745 eos
2917 708 2927 745 :
2962 690 3042 745 Ne
3074 706 3206 745 vero
3253 687 3597 744 existimetis
3628 703 3720 743 me

2075 779 2148 833 ali
2173 778 2288 848 {uid
2324 796 2493 850 posse
2522 780 2593 835 ad
2627 780 2983 835 curationem
3018 784 3290 848 vestram,
3316 777 3413 846 qui
3449 778 3556 831 sim
3596 778 3719 848 ipso

2075 884 2305 940 quoque
2337 868 2511 923 homo
2560 868 2846 933 mortalis,
2900 873 2956 922 et
2989 868 3043 921 in
3080 866 3265 921 multa
3314 866 3531 938 possim
3577 866 3719 919 inci-

2072 958 2207 1013 dere
2247 958 2488 1012 adversa
2522 957 2766 1013 :docere
2798 962 2991 1011 autem
3025 973 3125 1011 vos
3159 956 3395 1009 modum
3429 971 3541 1025 quo
3574 953 3722 1009 salvi

2069 1064 2197 1103 esse
2228 1047 2488 1119 possitis,
2524 1063 2636 1101 non
2673 1047 2978 1117 gravabor,
3014 1045 3111 1116 qui
3145 1045 3268 1117 ipse
3295 1043 3468 1098 etiam
3504 1060 3535 1096 a
3568 1042 3715 1096 veri-

2066 1137 2206 1192 tatis
2259 1136 2543 1207 Propheta
2588 1136 2763 1190 didici
2798 1136 3060 1207 przelixos
3093 1151 3125 1188 a
3175 1133 3289 1187 Deo
3337 1137 3469 1186 ante
3509 1131 3717 1186 mundi

2068 1225 2543 1280 constitutionem
2576 1225 2880 1288 terminos,
2905 1222 2965 1277 in
2999 1221 3294 1294 qualibus,
3320 1221 3715 1291 inquam,ma-

2064 1313 2138 1369 lis
2170 1314 2442 1385 operibus
2474 1312 2832 1384 disposuerit
2859 1316 2919 1365 ut
2949 1310 3216 1365 homines
3240 1326 3271 1362 a
3304 1307 3538 1363 malitia:
3571 1308 3717 1362 duce

2065 1402 2534 1474 afﬂigantur,sed
2569 1400 2837 1455 similiter
2866 1400 2922 1453 in
2948 1398 3219 1470 qualibus
3242 1397 3410 1452 bonis
3433 1396 3707 1469 operibus

2064 1491 2380 1546 decreverit
2412 1495 2496 1554 ut,
2531 1489 2629 1562 qui
2663 1489 2720 1543 in
2754 1505 2884 1543 eum
2916 1487 3074 1543 velut
3118 1487 3411 1542 medicum
3443 1484 3707 1540 credide-

2064 1580 2203 1649 rint,
2239 1580 2401 1651 prius
2433 1594 2671 1650 corpore
2701 1582 2997 1644 curentur,
3033 1575 3241 1631 deinde
3271 1580 3328 1631 et
3358 1574 3555 1629 anima
3586 1574 3705 1627 ins-

2061 1673 2371 1723 taurentur
2400 1668 2469 1723 ad
2502 1667 2771 1722 salutem.

2130 1774 2252 1830 VII.
2288 1779 2403 1831 Has
2435 1791 2571 1847 ergo
2614 1790 2970 1846 cognoscens
3010 1773 3193 1828 bonas
3224 1776 3281 1827 et
3312 1769 3495 1826 malas
3526 1769 3705 1825 actio-

309 1860 401 1927 ξεις
448 1854 609 1917 εἰδὼς
664 1858 969 1931 προμηνῦω
1015 1860 1141 1930 ὑμῖν
1190 1860 1265 1920 ὡς
1298 1863 1319 1896 ⁵
1350 1857 1510 1921 ὁδοὺς
1562 1858 1677 1928 δύο,
1732 1858 1951 1916 ὑποδει-

2064 1882 2166 1920 nes
2194 1864 2518 1935 praenuntio
2549 1864 2712 1919 vobis
2742 1864 2910 1934 quasi
2943 1863 3090 1917 duas
3112 1862 3425 1917 ostendens
3455 1860 3709 1930 vias,per

308 1945 465 1999 κνύων
494 1944 587 2000 διὰ
614 1948 778 2009 ποίας
832 1949 925 2020 μὶν
980 1945 1285 2023 βαδίζοντες
1332 1946 1692 2015 ἀπόλλυνται,
1741 1950 1899 2005 ποίαν
1930 1953 1951 1987 ⁸

314 2030 361 2087 δὲ
389 2031 670 2097 ὁδεύοντες
722 2035 1118 2104 ἀποσώζονται,
1172 2042 1287 2107 Θεῷ
1340 2035 1719 2111 ὁδηγούμενοι.
1757 2040 1818 2092 Ἡ
1854 2040 1948 2111 μὲν

310 2120 389 2175 οὖν
414 2128 517 2177 τῶν
548 2122 955 2196 ἀπολλυμένων
1006 2122 1129 2184 ὁδὸς
1181 2124 1411 2180 πλατεῖα
1462 2129 1556 2198 μὲν
1585 2128 1673 2181 καὶ
1724 2127 1950 2198 ὁμαλω-

307 2211 449 2279 τάτη,
482 2212 847 2267 άπολλύουσα
879 2211 935 2268 δε
978 2212 1101 2268 ἄνευ
1146 2219 1245 2268 τοῦ
1294 2215 1484 2286 πόνου,
1516 2218 1551 2284 ἡ
1586 2214 1642 2270 δὲ
1692 2221 1795 2270 τῶν
1841 2238 1948 2271 σω-

310 2300 535 2369 ζομὲνων
602 2303 761 2369 στενή
826 2304 922 2373 μὲν
978 2303 1064 2357 καὶ
1124 2309 1373 2378 τραχεῖα,
1428 2305 1672 2373 σώζουσα
1719 2302 1777 2359 δὲ
1815 2306 1951 2379 πρὸς

309 2388 376 2458 τῷ
415 2388 559 2443 τὲλει
611 2390 744 2451 τοὺς
794 2387 1243 2465 διαπορευθέντας
1297 2391 1589 2454 ἐπιπόνως.
1641 2394 1855 2448 Τούτων
1895 2391 1953 2449 δὲ

306 2480 398 2530 τῶν
446 2475 544 2531 δύο
600 2476 742 2532 ὁδῶν
792 2480 1179 2553 προκαθέζεται
1243 2483 1395 2537 178
1451 2481 1669 2537 ἀπιστία
1723 2483 1811 2537 καὶ
1859 2484 1950 2537 πί-

218 2615 224 2621 .
308 2585 440 2626 στις·
488 2566 582 2620 καὶ
640 2565 883 2622 ὁδεύουσι
935 2567 1023 2623 διὰ
1077 2570 1172 2642 μὶν
1219 2569 1467 2632 ἀπιστίας
1519 2572 1571 2625 οἴ
1614 2573 1709 2632 τάς
1754 2569 1953 2641 ἡδονάς

307 2654 699 2728 προκρίναντες,
762 2654 832 2711 δι’
890 2658 948 2719 ἃς
1008 2662 1314 2727 [ποιοῦντες
1374 2660 1402 2713 ’ὁ
1451 2659 1550 2713 οὐκ
1604 2659 1824 2735 ἀρεστὸν
1872 2662 1951 2732 τῷ

308 2742 406 2815 Θεῷ
434 2745 522 2798 καὶ
578 2744 957 2818 ἀμελήσαντες
1013 2747 1089 2809 εἷς
1140 2748 1204 2801 τὸ
1235 2753 1403 2801 σῶσαι
1447 2750 1630 2823 ψυχὴν
1671 2754 1749 2819 τῷ
1778 2747 1949 2825 λόγῳ,

309 2830 549 2887 ἐλάθοντο
608 2832 818 2908 ἡμέρας
865 2834 1098 2907 κρίσεως
1150 2838 1216 2909 ⁷,]
1250 2833 1373 2890 οὐδὲ
1424 2842 1600 2905 ζητεῖν
1644 2838 1707 2891 τὸ
1754 2838 1953 2915 συμφέ-

308 2940 387 2993 ρον
417 2920 477 2974 οὒ
510 2919 865 2999 διεφύλαξαν.
920 2924 1204 2998 Ἀγνοοῦσι
1259 2926 1441 2995 μέντοι
1492 2926 1568 2987 ὡς
1619 2925 1718 2980 οὐκ
1746 2925 1952 3001 ἀνθρω-

309 3008 466 3070 πίνοις
514 3010 693 3081 ὅμοια
743 3010 809 3064 τά
854 3015 993 3065 Θεοῦ
1048 3012 1391 3086 βουΛήματα·
1447 3019 1662 3086 πρῶτον
1716 3015 1809 3086 μὲν
1848 3016 1951 3089 γὰρ

309 3094 408 3150 οἶδε
437 3098 503 3151 τα
534 3100 760 3152 πάντων
798 3096 1159 3171 διανοήματα,
1208 3101 1296 3154 καὶ
1346 3100 1444 3155 οὐκ
1487 3102 1538 3155 ἐν
1588 3107 1666 3173 τῷ
1696 3102 1951 3178 ἐγχειρῆ-

307 3206 377 3238 σαι
410 3186 609 3257 μόνον,
660 3185 806 3241 άλλᾶ
852 3187 941 3241 καὶ
974 3188 1024 3242 ἐν
1074 3194 1153 3260 τῷ
1200 3188 1442 3258 ἐννοῆσαι
1481 3187 1705 3252 ἕκαστος
1740 3191 1948 3245 εὐθύνε-

304 3293 396 3329 ται.
429 3274 645 3345 [Ιολλῷ
673 3278 694 3311 ⁸
728 3277 784 3329 δὲ
813 3279 973 3344 ἧττον
1004 3272 1281 3331 ἀσεϐοῦσιν
1316 3280 1368 3333 οἱ
1409 3279 1778 3355 ἐγχειροῦντες
1810 3280 1952 3336 καλά

303 3369 426 3415 νοεῖν
453 3364 544 3417 καὶ
574 3363 1073 3438 ἀποτυγχάνοντες,
1094 3370 1201 3419 τῶν
1231 3365 1369 3438 μηδὲ
1391 3367 1535 3429 ὅλως
1560 3367 1952 3441 ἐγχειρούντων

302 3457 403 3513 τοῖς
432 3452 662 3513 καλοῖς.
694 3455 813 3507 ’Ότι
846 3457 992 3524 αύτῷ
1040 3459 1117 3526 τῷ
1158 3460 1274 3527 Θεῷ
1324 3453 1523 3525 ἔδοξεν,
1552 3456 1643 3511 τὸν
1676 3456 1726 3511 ἐν
1754 3458 1949 3532 γνώσει

302 3545 396 3593 τῶν
444 3540 639 3596 καλῶν
689 3542 1108 3615 παραπίπτοντα
1135 3546 1175 3613 ⁸,
1206 3544 1341 3597 κατά
1387 3543 1553 3618 λόγον
1600 3549 1707 3600 τῶν
1740 3545 1949 3620 ἀνορω-

303 3628 459 3683 πίνων
509 3632 1003 3704 παραπτωμάτων,
1042 3632 1274 3707 μετρίως
1324 3632 1656 3688 κολασθέντα
1696 3638 1741 3671 ¹⁰
1770 3638 1948 3703 σωθῆ-

302 3738 413 3772 ναι.
464 3720 529 3771 Οἱ
582 3716 643 3772 δὲ
693 3720 793 3785 τήν
841 3718 1021 3794 ἀρχὴν
1071 3719 1160 3773 καὶ
1206 3725 1303 3775 τοῦ
1349 3726 1548 3794 γνῶναι
1597 3722 1659 3776 τὸ
1706 3728 1948 3797 κρεῖττον

304 3803 726 3876 ἱξημεληκότες,
770 3806 867 3861 κᾶν
924 3808 1090 3883 μυρία
1133 3806 1288 3884 ἕτερα
1335 3812 1573 3883 πράξωσι
1622 3810 1784 3880 καλὰ,
1832 3812 1884 3866 ἐν

304 3890 353 3946 δὲ
380 3894 535 3955 αὐτὸς
566 3894 737 3977 ὥρισε
793 3895 1054 3969 θρησκείᾳ
1108 3899 1183 3969 μὴ
1236 3899 1517 3972 γένωνται,
1567 3899 1824 3972 ἀμελείας
1864 3897 1949 3977 ἔγ-

302 3980 481 4054 κλημα
527 3979 797 4045 λαϐόντες
844 3989 913 4057 τῇ
967 3985 1193 4059 μεγίστῃ
1242 3982 1742 4057 ἀποσϐεσθήσονται
1782 3986 1949 4043 κολά-

302 4090 372 4123 σει
396 4071 683 4133 παντελῶς
715 4076 775 4129 ιί.

366 4163 508 4217 VIII.
542 4167 608 4216 Ἠ
665 4158 723 4215 δὲ
784 4162 871 4215 ὑπ’
931 4161 1097 4217 αὐτοῦ
1168 4163 1441 4237 ὀρισθεῖσα
1497 4166 1755 4240 θρησκεία
1810 4165 1951 4221 ἐστὶν

304 4248 447 4315 αὕτη·
497 4251 571 4304 Τὸ
630 4250 796 4320 μόνον
848 4250 1007 4305 αὐτὸν
1060 4246 1256 4323 σέϐειν,
1306 4252 1394 4307 καί
1440 4258 1522 4325 τῷ
1560 4261 1659 4323 τῆς
1690 4253 1949 4324 ἀληθείας

305 4336 444 4409 μόνῳ
500 4338 776 4392 πιστεύειν
826 4342 1101 4415 προφήτῃ,
1152 4341 1239 4394 καὶ
1294 4340 1370 4403 εἷς
1430 4344 1614 4420 ἄφεσιν
1667 4344 1945 4418 ἁμαρτιῶν

306 4426 681 4495 βαπτισθῆναι,
741 4426 829 4481 καὶ
884 4429 1056 4491 οὕτως
1117 4427 1207 4483 διὰ
1257 4437 1358 4498 τῆς
1418 4432 1715 4506 ἀγνοτάτης
1769 4433 1947 4509 βαφῆς

303 4514 716 4587 άναγεννηθῆναι
768 4520 883 4587 Θεῷ
933 4514 1023 4571 διὰ
1069 4522 1163 4571 τοῦ
1213 4521 1487 4586 σώζοντος
1537 4517 1764 4580 ὕδατος·
1814 4541 1943 4594 τρα-

2061 1970 2238 2023 quam
2274 1954 2510 2024 quidem
2551 1952 2882 2025 gradientes
2925 1956 3184 2022 pereant,
3238 1968 3338 2021 per
3368 1965 3542 2019 quam
3573 1963 3704 2002 vero

2059 2042 2394 2097 incedentes
2416 2041 2731 2104 salventur,
2754 2040 2913 2094 ducti
2937 2057 2970 2094 a
2992 2040 3125 2094 Deo.
3144 2039 3242 2094 Via
3264 2038 3439 2109 igitur
3460 2053 3704 2107 pereun-

2061 2131 2209 2186 tium
2233 2130 2351 2185 lata
2372 2136 2461 2185 est
2475 2135 2531 2184 et
2552 2128 3149 2201 planissima,perditq
3161 2144 3228 2181 ue
3246 2127 3465 2196 absque
3484 2124 3702 2189 labore;

2062 2226 2120 2275 at
2138 2221 2229 2275 via
2251 2224 2609 2275 servatorum
2630 2222 2881 2288 angusta
2909 2221 2998 2271 est
3026 2222 3083 2271 et
3114 2214 3704 2285 aspera,tandemque

2061 2309 2171 2363 iter
2203 2308 2477 2362 facientes
2499 2311 2686 2361 servat
2707 2322 2841 2361 cum
2864 2304 3058 2359 labore
3086 2304 3269 2358 multo
3290 2303 3390 2374 (a),
3420 2303 3703 2357 Caeterum

2060 2396 2153 2451 his
2186 2397 2415 2451 duabus
2445 2395 2551 2449 viis
2574 2394 2884 2466 praesident
2914 2392 3287 2448 incredulitas
3318 2397 3375 2446 et
3404 2391 3704 2460 lides,pro-

2062 2484 2407 2541 ﬁciscuntur
2426 2488 2621 2538 autem
2648 2482 3223 2555 perincredulitatem
3246 2480 3481 2550 quidem
3497 2477 3595 2549 qui
3615 2493 3705 2532 vo-

2060 2572 2315 2646 luptates
2339 2572 2736 2645 praetulerunt,
2756 2569 3337 2642 prOpterquas[quod
3359 2568 3472 2622 Deo
3494 2565 3705 2637 displi-

2062 2669 2152 2719 cet
2193 2664 2469 2718 facientes
2504 2678 2689 2732 neque
2719 2677 2918 2716 curam
2950 2660 3158 2714 animae
3190 2658 3403 2712 salutis
3434 2663 3703 2725 gerentes

2062 2752 2175 2808 diei
2201 2753 2408 2823 judicii
2441 2750 2602 2806 obliti
2646 2750 2804 2820 sunt]
2838 2764 3022 2817 neque
3055 2748 3206 2818 quod
3244 2746 3383 2801 utile
3415 2751 3505 2801 est
3534 2760 3700 2799 cura-

2060 2846 2268 2897 verunt
2314 2856 2587 2912 quaerere.
2632 2844 2833 2909 Itaque
2882 2838 3170 2909 ignorant,
3223 2836 3321 2890 Dei
3352 2832 3593 2889 consilia
3624 2832 3702 2887 si—

2062 2931 2225 2985 milia
2257 2947 2370 2984 non
2400 2945 2527 2983 esse
2558 2928 2852 2982 humanis.
2891 2926 3084 2981 Primo
3114 2925 3326 2979 etenim
3362 2923 3519 2978 novit
3549 2923 3703 2978 Deus

2062 3019 2443 3087 cogitationes
2465 3015 2814 3080 omnium,et
2839 3031 2953 3069 non
2977 3014 3049 3069 ob
3074 3014 3257 3067 solam
3281 3012 3701 3081 operationem.

2060 3109 2161 3162 sed
2187 3112 2244 3162 et
2267 3112 2497 3177 propter
2515 3103 2926 3175 cogitationem
2956 3101 3701 3172 unusquisquejudicatur.

2065 3195 2247 3251 Multo
2278 3201 2474 3249 autem
2509 3193 2706 3247 minus
2738 3192 2899 3263 impii
2933 3196 3092 3257 sunt,
3125 3190 3223 3261 qui
3256 3190 3523 3244 nituntur
3555 3189 3707 3243 bona

2062 3283 2389 3355 intelligere
2419 3288 2475 3337 et
2503 3283 2795 3347 aberrant,
2819 3297 2994 3350 quam
3028 3279 3126 3349 qui
3158 3278 3488 3333 nullatenus
3511 3294 3707 3347 aggre-

2061 3372 2305 3426 diuntur
2336 3372 2507 3425 bona.
2559 3370 2704 3433 Quia
2735 3369 2849 3423 Deo
2883 3368 3119 3439 placuit,
3156 3373 3218 3421 ut
3251 3367 3347 3437 qui
3393 3367 3449 3419 in
3483 3366 3702 3435 cogita-

2058 3461 2216 3515 tione
2240 3459 2371 3514 boni
2400 3460 2601 3530 lapsus
2624 3458 2984 3527 luerit,juxta
3001 3457 3285 3511 rationem
3309 3456 3701 3509 humanorum

2061 3548 2356 3620 lapsuum,
2391 3548 2616 3602 modice
2668 3548 2986 3616 castigatus
3017 3552 3296 3599 servetur.
3344 3553 3418 3597 At
3447 3543 3546 3613 qui
3578 3560 3701 3596 om-

2061 3638 2201 3692 nino
2232 3636 2553 3704 intelligere
2591 3636 2988 3706 neglexerunt,
3039 3634 3146 3688 etsi
3194 3638 3506 3703 operentur
3534 3635 3701 3685 innu-

2062 3742 2222 3780 mera
2252 3726 2364 3779 alia
2397 3724 2691 3795 prazclara,
2742 3724 2872 3777 ideo
2923 3724 3076 3793 quod
3107 3723 3166 3774 in
3208 3721 3486 3791 religione
3527 3737 3560 3773 a
3594 3725 3702 3773 er

2061 3814 2302 3869 definita
2334 3830 2446 3867 non
2502 3812 2849 3876 exstiterint,
2902 3810 3277 3881 indiligentiae
3309 3814 3545 3879 sumpto
3594 3807 3702 3862 cri-

2061 3904 2219 3958 mine
2279 3918 2382 3973 per
2434 3902 2758 3956 maximum
2806 3899 3041 3973 penitus
3092 3899 3417 3954 interibunt
3472 3894 3702 3968 suppli-

2059 4009 2237 4049 cxum.

2128 4171 2276 4226 VIII.
2312 4171 2487 4226 Porro
2517 4170 2589 4225 ab
2621 4187 2686 4225 eo
2717 4169 2957 4225 deﬁnita
2994 4168 3195 4239 religio
3235 4169 3355 4223 hac
3384 4171 3473 4223 est
3505 4183 3519 4224 :
3553 4168 3700 4223 Eum

2060 4259 2251 4316 solum
2282 4259 2487 4327 colere,
2520 4275 2587 4313 ac
2636 4257 2748 4313 soli
2798 4258 3030 4313 credere
3077 4257 3367 4328 Propheta;
3417 4256 3700 4320 veritatis,

2058 4349 2118 4404 in
2152 4349 2556 4403 remissionem
2608 4353 2983 4417 peccatorum
3035 4346 3337 4416 baptizari,
3371 4346 3572 4415 sicque
3604 4362 3705 4416 per

2059 4436 2462 4492 intinctionem
2486 4437 2865 4506 purissimam
2889 4435 3114 4489 renasci
3142 4440 3254 4489 Deo
3286 4436 3343 4488 in
3375 4452 3528 4505 aqua
3555 4433 3706 4489 salu-

2057 4526 2206 4592 tari;
2240 4524 2379 4578 nihil
2416 4540 2647 4579 sumere
2679 4524 2749 4577 de
2783 4540 2984 4577 mensa
3014 4524 3482 4589 da:monum,hoc
3514 4527 3602 4576 est
3636 4522 3705 4575 de

300 4600 456 4671 πέζης
490 4601 767 4675 δαιμόνων
825 4606 899 4676 μὴ
956 4601 1423 4678 μεταλαμϐάνειν,
1458 4606 1600 4682 λέγω
1632 4606 1688 4662 δὲ
1717 4605 1944 4663 εἰδωλο-

2064 4613 2417 4684 idolothytis,
2470 4614 2740 4679 mortuis,
2801 4612 3123 4679 suffocatis,
3175 4629 3209 4665 a
3260 4612 3447 4666 bestia
3489 4610 3698 4680 captis,

303 4689 489 4751 θύτων,
537 4697 769 4765 νεκρῶν,
823 4699 1080 4763 πνικτῶν,
1134 4695 1517 4768 θηριαλώτων,
1568 4694 1817 4768 α’ίματος·
1866 4700 1940 4770 μὴ

304 4777 605 4855 ἀκαθάρτως
653 4783 806 4837 I79
860 4782 1036 4856 βιοῦν,
1090 4783 1195 4838 ἀπὸ
1246 4784 1437 4853 κοίτης
1487 4786 1735 4859 ¹γυναικὸς
1787 4786 1943 4840 λούε-

303 4876 433 4937 σθαι,
464 4868 627 4931 αὐτὰς
661 4868 844 4941 μέντοι
894 4870 983 4924 καὶ
1035 4869 1264 4949 ἆφεδρον
1310 4872 1624 4950 φυλάσσειν,
1657 4876 1855 4936 πάντας
1887 4873 1944 4930 δὲ

305 4962 607 5030 σωρρονεῖν,
654 4956 886 5012 εὖποιεῖν
922 5002 936 5027 ,
992 4959 1069 5030 μή
1128 4957 1352 5014 ἀδικεῖν
1415 4962 1561 5035 παρά
1614 4967 1712 5017 τοῦ
1772 4965 1943 5019 πάντα

306 5035 590 5126 δυναμένου
621 5050 756 5100 Θεοῦ
786 5047 931 5115 ζωήν
982 5045 1203 5102 αἰώνιον
1254 5046 1582 5123 προσδοκᾷν·
1637 5049 1824 5126 εὐχαῖς
1852 5053 1941 5107 καὶ

309 5125 504 5200 δεήσεσι
538 5135 813 5210 συνεχέσιν
854 5134 1210 5208 αἰτουμένους
1259 5137 1424 5207 αὐτὴν
1476 5133 1681 5196 λαϐεῖν.
1711 5125 1943 5197 Τοιαῦτα

368 5250 437 5317 (a)
473 5249 678 5306 Matth.
707 5269 807 5318 vn,
844 5252 929 5307 13.

2054 4702 2374 4773 sanguine;
2409 4702 2770 4771 nonimpure
2795 4699 3002 4765 vivere,
3039 4699 3218 4754 lavari
3253 4704 3382 4769 post
3413 4700 3699 4753 concubi-

2052 4797 2178 4845 tum
2213 4807 2347 4845 cum
2382 4789 2643 4853 muliere,
2673 4788 2923 4843 feminas
2944 4805 3075 4844 vero
3106 4788 3395 4843 custodire
3426 4790 3600 4841 etiam
3620 4787 3700 4841 le-

2052 4895 2184 4951 gem
2216 4877 2600 4950 purgationis,
2626 4882 2874 4933 cunctos
2907 4883 3102 4932 autem
3134 4883 3525 4949 temperantes
3551 4890 3699 4942 esse,

2051 4967 2533 5033 benefacere,non
2566 4965 2795 5021 afﬁcere
2818 4965 3032 5036 injuria
3057 4983 3071 5033 ;
3106 4981 3139 5020 a
3168 4965 3283 5021 Deo
3306 4964 3701 5036 omnipotente

2052 5062 2385 5128 exspectare
2415 5055 2589 5110 vitam
2622 5059 2904 5109 aeternam
2932 5072 2944 5121 ;
2978 5055 3225 5125 petendo
3250 5052 3412 5109 illius
3441 5053 3701 5124 adeptio-

2052 5162 2187 5203 nem
2218 5144 2581 5201 orationibus
2610 5146 2666 5199 et
2719 5142 2993 5216 precibus
3044 5143 3363 5199 continuis.
3401 5144 3526 5197 Haec
3556 5147 3613 5197 et
3642 5142 3698 5194 in

1656 5370 1896 5429 VARIE
1935 5374 2346 5432 LECTIONES.

349 5458 393 5544 ᾖ
419 5477 473 5510 τε
586 5462 607 5495 ⁸
635 5462 785 5544 V_bb.
821 5460 948 5544 ὑμῖν
975 5462 1049 5525 ὡς
1084 5465 1174 5521 bis
1204 5465 1480 5544 leguntur
1507 5468 1566 5523 in
1586 5468 1675 5544 _O._
1696 5470 1717 5503 ⁸
1742 5468 1871 5544 ποίᾳ
1899 5475 1957 5526 C.
1990 5473 2010 5505 ⁷
2035 5473 2329 5544 Lacunam
2372 5470 2431 5526 in
2480 5470 2849 5544 cod.A0ttob.
2903 5474 3031 5539 post
3070 5464 3141 5522 δι’
3187 5468 3268 5544 δίς,
3291 5468 3518 5544 phviam
3546 5485 3691 5544 “Vel:-

312 5525 394 5621 bis
417 5532 637 5621 explere
668 5525 906 5621 tentavi,
941 5525 1630 5621 quaznprazce’duntuuncis
1661 5525 1963 5621 inclusa.‘I
1993 5525 2191 5621 πολ.λῴ
2330 5547 2397 5621 ut_
2426 5544 2578 5610 conj.
2614 5541 2675 5604 C,
2815 5525 2930 5621 cui.
2986 5548 3143 5621 tex‘tu
3177 5525 3423 5595 πολλῶν.
3448 5540 3477 5621 ,θ
3503 5542 3607 5592 τῶν
3644 5537 3694 5593 ἐν

272 5669 282 5679 ,
312 5607 1025 5713 Ιίἒῖῶῖΐπαροαπιςτόέἱων
1054 5607 1259 5713 ΟἶρΑιὲξ
1290 5618 1418 5681 post
1448 5607 1640 5713 ιξδρξεγἱ
1656 5613 1992 5713 adden‘dunoi
2024 5613 2112 5669 ἐπί
2159 5607 2242 5668 vel
2275 5613 2415 5713 tegili,
2463 5607 2563 5713 autl
2595 5607 2968 5668 scribendum
2998 5610 3127 5713 (τοὺς
3160 5642 3225 5650 --
3255 5609 3694 5683 παραπίτποντας

416 5712 419 5713 ,
723 5696 785 5713 ναι.
829 5696 893 5713 κη
954 5698 1081 5713 νει-ηρ
1146 5711 1152 5713 Α
1284 5700 1446 5713 μνη.-.
1492 5702 1564 5713 ..η
1699 5700 1810 5713 nun
1883 5690 1928 5713 ,ιι
2033 5704 2258 5713 ..-Ληιη
2292 5686 2323 5713 ti
2718 5682 2969 5713 ........-‘..‘.'

315 5672 526 5727 censuit
552 5680 612 5730 D.

723 5673 1081 5740 κολασθέντας
1112 5679 1173 5735 C.
1210 5682 1250 5717 “
1284 5673 1564 5743 παντελῶξ
1597 5681 1661 5749 Ο,
1699 5685 1850 5756 Quod
1880 5690 1935 5740 et
1958 5686 1995 5741 S
2029 5673 2692 5760 proposuit'legcmlum,
2718 5682 2969 5736 παντελεῖ
2998 5684 3052 5737 C.
