4086 6216
305 318 422 377 223

1124 318 1187 377 S.
1238 318 1682 378 CLEMENTIS
1727 320 1752 379 Ι
1803 318 1987 379 HOM.
2037 319 2267 381 PONT.
2315 319 2580 381 OPERA
2626 320 2898 380 DUBIA.

3610 323 3734 383 224

307 450 522 507 Sidone
554 450 720 503 Petro
752 449 1053 515 suadente,
1105 466 1238 503 cum
1294 466 1498 520 paucis
1530 450 1737 505 diebus
1783 450 1951 506 multi

2076 449 2155 503 καὶ
2190 449 2240 503 ἐν
2268 454 2336 523 τῇ
2372 448 2569 504 Σιδῶνι
2609 454 2705 504 τοῦ
2754 448 2959 527 Πέτρου
3008 454 3434 526 παραινοῦντος,
3492 450 3727 525 ἡμέραις

310 543 387 598 ibi
420 556 649 615 quoque
677 538 1078 608 pmnitentiam
1112 538 1391 609 egissent,
1439 556 1505 593 ac
1544 540 1949 606 credidissent,

308 638 481 701 atque
512 630 702 685 sanati
754 633 971 697 essent,
1015 628 1321 683 ecclesiam
1374 628 1671 696 instituit;
1707 635 1765 685 et
1796 636 1952 701 post-

309 737 485 791 quam
512 718 767 790 aliquem
800 734 867 771 ex
898 719 1271 789 presbyteris,
1322 719 1422 785 qui
1472 736 1606 773 eum
1658 724 1953 774 consecta-

304 810 539 876 bantur,
564 806 963 863 constituisset
990 807 1109 862 illis
1139 808 1500 879 episcopum,
1526 809 1741 863 Sidone
1763 825 1949 879 egres-

314 916 418 953 sus
452 901 559 952 est.

378 988 464 1041 IX.
516 985 727 1041 Statim
777 990 971 1040 autem
1024 1001 1091 1040 ac
1136 989 1406 1057 Berytum
1457 985 1739 1057 pervenit,
1792 990 1955 1041 terra:

312 1082 510 1131 motus
562 1075 750 1129 factus
776 1079 1065 1145 est,atque
1096 1074 1259 1145 plebs
1291 1076 1567 1129 accedens
1602 1076 1671 1129 ad
1698 1076 1951 1130 Petrum:

314 1165 421 1219 Fer
451 1161 982 1233 opem,inquiebat;
1016 1162 1332 1217 timuimus
1364 1163 1544 1229 enim,
1578 1164 1951 1229 dixerunt,ne

312 1268 514 1309 omnes
545 1251 783 1305 omnino
808 1251 1154 1321 periremus.
1180 1252 1342 1306 Tunc
1366 1252 1589 1318 Simon,
1623 1258 1954 1309 commento

311 1339 652 1412 excogitato,
682 1356 797 1393 una
848 1356 979 1393 cum
1015 1339 1295 1410 Appione,
1338 1340 1662 1408 Anubione,
1696 1341 1953 1396 Atheno-

308 1431 447 1485 doro
481 1428 817 1499 cmterisque
849 1427 1150 1483 sodalibus
1181 1428 1413 1500 publice
1456 1429 1820 1485 multitudini
1851 1431 1953 1486 ad-

304 1535 508 1574 versus
541 1518 772 1572 Petrum
825 1516 1234 1572 acclamabat:
1280 1517 1499 1590 Fugite,
1542 1536 1575 1573 ο
1617 1518 1747 1589 viri,
1796 1518 1953 1574 hunc

306 1608 634 1674 hominem;
660 1614 908 1678 magnus
931 1611 1019 1662 est
1044 1605 1447 1662 :mibicredite
1468 1611 1525 1662 et
1539 1612 1703 1663 terra
1728 1612 1950 1663 motum

302 1697 357 1753 is
388 1697 550 1752 vobis
582 1696 734 1763 fecit,
769 1696 894 1767 ipse
926 1696 1159 1751 morbos
1190 1696 1476 1764 excitavit,
1510 1701 1576 1751 ut
1603 1714 1704 1752 vos
1738 1702 1953 1769 perter-

308 1790 450 1851 reat,
489 1784 654 1854 quasi
684 1784 808 1855 ipse
838 1785 914 1838 sit
963 1784 1136 1839 Deus.
1188 1788 1378 1857 Atque
1426 1785 1612 1839 multa
1661 1785 1949 1856 ejusmodi

313 1892 449 1947 pars
481 1874 737 1928 Simonis
769 1878 971 1927 contra
1002 1874 1233 1927 Petrum
1290 1874 1474 1939 ﬁnxit,
1508 1873 1663 1929 velut
1692 1891 1823 1929 eum
1858 1874 1956 1944 qui

312 1965 604 2019 humanas
633 1964 784 2017 vires
831 1964 1362 2035 supergrederetur.
1397 1968 1660 2034 Cumque
1704 1963 1869 2034 plebs
1903 1981 1964 2018 se

314 2054 369 2108 in
404 2053 634 2108 silentio
662 2052 966 2116 tenuisset,
996 2052 1200 2106 Petrus
1224 2053 1538 2106 subridens
1570 2059 1849 2106 terrorem
1875 2052 1962 2106 in-

312 2144 564 2197 eutiente
596 2140 858 2195 libertate
890 2140 1034 2195 dixit
1069 2158 1080 2195 :
1116 2140 1235 2194 Viri
1287 2157 1412 2211 quae
1464 2142 1537 2195 ab
1588 2141 1719 2196 istis
1752 2142 1965 2195 dicun-

314 2235 429 2292 tur,
462 2231 641 2284 t‘ateor
672 2246 761 2285 me
792 2247 960 2301 posse
1010 2230 1121 2285 Deo
1169 2229 1397 2284 volente
1440 2230 1665 2285 elﬁcere
1695 2247 1708 2284 :
1744 2231 1813 2285 ad
1844 2231 1964 2285 hac

317 2326 556 2391 paratus
590 2336 743 2385 sum,
801 2319 912 2373 nisi
965 2319 1107 2373 mihi
1160 2319 1482 2374 habueritis
1539 2320 1711 2374 fidem
1763 2320 1823 2373 in
1872 2319 1965 2374 his

322 2427 448 2480 quae
480 2408 705 2479 loquor,
739 2409 1075 2463 universam
1124 2415 1375 2464 vestram
1411 2409 1674 2463 funditus
1714 2414 1965 2464 evertere

317 2498 630 2554 civitatem.

392 2592 466 2645 X.
506 2592 765 2657 Cumque
812 2587 986 2641 turba
1014 2587 1223 2641 timore
1263 2590 1417 2642 esset
1459 2591 1749 2642 commota
1796 2590 1965 2655 atque

320 2677 689 2749 promisisset
720 2693 780 2732 se
809 2678 957 2746 quod
988 2677 1059 2732 ab
1091 2677 1620 2748 ipsoimperaretur
1642 2680 1963 2733 facturam:

321 2769 501 2823 Nemo
528 2773 808 2837 vestrum,
843 2766 1031 2839 inquit
1066 2771 1291 2831 Petrus,
1329 2784 1517 2838 neque
1548 2766 1962 2822 commercium

319 2874 450 2913 cum
485 2857 614 2912 istis
646 2856 832 2927 magis
864 2856 1094 2925 habeat,
1130 2872 1318 2927 neque
1349 2874 1482 2912 cum
1541 2856 1612 2911 iis
1658 2858 1961 2927 jungatur.

319 2946 488 3002 Plebs
529 2951 722 2999 autem
775 2944 953 2999 simul
1004 2963 1068 3000 ac
1110 2947 1279 3001 breve
1329 2947 1671 3000 mandatum
1723 2946 1963 3012 audivit,

325 3034 579 3089 fustibus
612 3035 864 3105 sumptis
913 3052 1010 3089 eos
1044 3041 1346 3105 persecuta
1376 3040 1483 3095 est,
1518 3036 1699 3089 donec
1733 3035 1965 3105 penitus

325 3126 465 3179 urbe
498 3124 836 3195 pepulisset.
860 3123 1192 3195 Etingressi
1217 3124 1550 3195 quicunque
1583 3139 1651 3177 ex
1683 3123 1754 3177 iis
1786 3140 1963 3195 agro-

323 3214 525 3268 tabant
571 3220 627 3267 et
678 3230 709 3267 a
752 3213 1111 3267 dremonibus
1157 3213 1533 3274 vexabantur,
1569 3229 1631 3267 se
1671 3212 1741 3266 ad
1792 3212 1966 3283 pedes

323 3302 473 3357 Petri
508 3304 892 3374 projecerunt.
924 3301 1025 3357 Ille
1056 3319 1186 3357 vero
1217 3302 1337 3356 haec
1376 3318 1618 3356 cernens
1649 3317 1966 3371 eorumque

321 3396 621 3464 stuporem
652 3391 849 3446 volens
883 3390 1203 3462 solverevad
1256 3407 1353 3445 eos
1388 3391 1536 3445 infit.

390 3500 481 3554 ΧΙ.
518 3500 633 3570 Ego
667 3499 714 3554 si
748 3503 911 3553 terra:
946 3502 1143 3553 motus
1174 3502 1231 3552 et
1263 3497 1547 3569 quidquid
1580 3496 1704 3551 volo
1733 3513 1968 3567 possem

323 3591 532 3656 facere,
564 3606 678 3643 non
726 3589 853 3643 dico
886 3588 1041 3659 quod
1092 3588 1390 3642 Simonem
1442 3603 1573 3641 cum
1625 3587 1800 3641 sociis
1845 3586 1970 3641 suis

328 3679 809 3734 exterminassem
843 3679 979 3750 (non
1000 3676 1155 3732 enim
1183 3678 1251 3731 ad
1286 3676 1592 3731 hominum
1626 3676 1969 3731 internecio-

328 3785 462 3824 nem
494 3768 712 3823 missus
746 3767 870 3839 fui),
907 3767 1007 3821 sed
1042 3782 1175 3821 eum
1220 3766 1359 3821 mihi
1395 3766 1649 3820 amicum
1684 3765 1970 3820 reddidis-

331 3875 477 3923 sem,
510 3874 579 3912 ne
612 3874 755 3912 veras
795 3857 1108 3911 detrahens
1145 3871 1284 3910 meae
1327 3854 1717 3927 praedicationi
1771 3853 1972 3908 multis

332 3947 751 4018 impedimento
781 3950 935 4002 esset
983 3946 1053 3999 ad
1087 3944 1361 4000 salutem.
1398 3945 1558 4007 Quod
1592 3944 1642 3998 si
1676 3942 1817 3997 mihi
1848 3960 1971 3998 cre-

331 4039 471 4105 dite,
506 4039 629 4109 ipse
660 4040 749 4091 est
780 4052 1008 4107 magus,
1041 4036 1165 4106 ipse
1214 4033 1619 4102 calumniator,
1652 4032 1774 4103 ipse
1806 4032 1972 4086 mali-

330 4128 421 4181 tiae
453 4127 722 4181 minister
750 4125 810 4179 in
843 4142 940 4180 eos
971 4123 1071 4194 qui
1106 4123 1376 4177 nesciunt
1416 4123 1739 4177 veritatem.
1782 4126 1973 4193 Atque

330 4215 460 4271 ideo
493 4215 893 4287 peccatoribus
922 4213 1299 4285 aegritudines
1339 4215 1529 4283 potest
1559 4212 1805 4277 efﬁcere,
1838 4226 1969 4266 cum

332 4322 433 4361 eos
465 4310 797 4377 peccatores
829 4303 1128 4371 adjutores
1170 4301 1386 4356 habeat
1432 4301 1734 4372 potestatis
1775 4304 1974 4355 contra

330 4394 630 4467 ipsos.Ego
655 4398 847 4447 autem
880 4392 979 4446 Dei
1012 4390 1273 4446 omnium
1306 4390 1559 4445 auctoris
1592 4407 1791 4445 servus
1816 4407 1969 4457 sum,

331 4484 636 4554 dextrique
665 4484 790 4552 ejus
838 4480 1132 4553 Propheta:
1172 4478 1518 4550 discipulus.
1553 4478 1833 4544 Quocirca
1872 4478 1971 4549 qui

2065 535 2278 613 ὀλίγαις
2309 537 2533 593 πολλῶν
2579 538 2734 593 κάκεῖ
2780 541 3230 611 μετανοησάντων
3285 540 3374 595 καὶ
3407 542 3721 596 πιστευσάν-

2060 647 2166 680 των
2195 671 2209 697 ,
2258 628 2348 682 καὶ
2399 630 2824 700 θεραπευθέντων
2884 628 3179 699 ἐκκλησίαν
3224 628 3579 700 συνέστησεν,
3628 631 3716 684 καί

2061 722 2167 771 τῶν
2202 718 2578 790 συνεπομένων
2614 717 2759 789 αὑτῷ
2809 713 3185 793 πρεσϐυτέρων
3227 720 3351 772 τινά
3382 720 3713 789 καταστήσας

2065 806 2248 868 αὐτοῖς
2282 804 2597 875 ἐπίσκοπον,
2634 805 2774 879 ἐξῄει
2806 813 2907 875 τῆς
2943 804 3207 868 Σιδῶνος.

2136 990 2227 1041 ΙΧ.
2278 985 2367 1046 Ὠς
2420 982 2476 1039 δὲ
2534 982 2686 1045 εὐθὺς
2750 978 2916 1053 ἐπέϐη
2974 990 3074 1052 τῆς
3136 985 3387 1059 Βηρυτοῦ
3425 1027 3442 1054 ,
3502 983 3725 1056 σεισμὸς

2062 1072 2291 1147 ἐγένετο’
2343 1072 2433 1128 καὶ
2464 1073 2515 1128 οἱ
2564 1069 2729 1148 κχλοι
2778 1070 3094 1147 προσιόντες
3127 1076 3206 1144 τῷ
3253 1073 3462 1145 Πέτραν
3500 1074 3726 1143 Βοήθει,

2064 1160 2274 1237 ἔλεγον·
2334 1157 2693 1239 πεφοϐήμεθα
2748 1162 2884 1234 γὰρ,
2945 1156 3186 1238 ἔφασαν,
3253 1162 3329 1233 μή
3391 1162 3493 1232 ἄρα
3556 1158 3729 1235 ἄρδην

2061 1251 2256 1313 πάντες
2304 1248 2658 1323 ἀπολώμεθα.
2690 1248 2819 1304 Τότε
2868 1250 2896 1303 ὁ
2932 1248 3146 1321 Σίμων,
3178 1248 3467 1321 τολμήσας
3501 1251 3615 1322 ἅμα
3641 1255 3726 1321 τῷ

2058 1339 2325 1394 ’Δππίωνι
2410 1340 2499 1393 καὶ
2592 1333 2911 1393 ’Δνουϐίιυνι
3007 1338 3099 1392 καὶ
3189 1336 3557 1413 Ἀθηνοδώρω
3634 1338 3728 1393 καὶ

2058 1434 2175 1491 τοῖς
2208 1428 2427 1490 λοιποῖς
2458 1427 2693 1504 ἑταίροις
2722 1427 2909 1495 αὑτοῦ,
2938 1423 3184 1499 δημοσίᾳ
3211 1432 3331 1489 τοῖς
3363 1423 3561 1503 ὄχλοις
3590 1429 3734 1483 κατά

2058 1523 2157 1573 τοῦ
2208 1517 2412 1593 Πέτρου
2458 1513 2604 1572 ἐϐόα’
2662 1514 2915 1593 Φεύγετε,
2969 1511 3185 1592 ἄνδρες,
3236 1516 3329 1570 τὸν
3384 1513 3550 1585 ἄνδρα
3595 1520 3732 1571 τοῦ-

2057 1627 2172 1663 τον*
2234 1608 2408 1681 μάγος
2456 1604 2605 1661 ἐστί’
2664 1603 3003 1672 πιστεύσατε,
3063 1603 3155 1658 καὶ
3212 1603 3304 1658 τὸν
3358 1604 3577 1676 σεισμὸν
3627 1603 3731 1659 αὑ·-

2056 1697 2150 1758 τὸς
2182 1696 2430 1765 ἐποίησεν
2479 1695 2604 1767 ὑμῖν
2637 1697 2703 1766 12,
2735 1694 2825 1748 καὶ
2873 1693 2968 1755 τὰς
3020 1692 3213 1755 νόσους
3261 1692 3500 1759 ἐκίνησεν
3541 1692 3726 1761 αὑτὸς,

2053 1770 2149 1838 ’ἶνα
2198 1785 2336 1856 ὑμᾶς
2386 1780 2797 1853 καταπλήξηται
2848 1784 2915 1845 ⁸³,
2956 1782 3031 1843 ὡς
3076 1781 3235 1843 αὐτὸς
3287 1779 3361 1835 ὢν
3423 1781 3574 1844 Θεός.
3625 1783 3729 1837 Καὶ

2072 1871 2257 1947 πολλρ.
2298 1877 2519 1927 τοιαῦτα
2568 1873 2641 1933 ὡς
2700 1871 2831 1947 ὑπὲρ
2883 1868 3109 1943 δύναμιν
3169 1870 3514 1940 ἀνθρωπίνην
3571 1868 3726 1924 δυνα-

2078 1964 2239 2037 μένου
2270 1967 2365 2016 τοῦ
2397 1963 2602 2037 Πέτρου
2653 1957 3045 2034 κατεψεύδοντο
3101 1960 3151 2013 οἱ
3182 1960 3304 2034 περί
3348 1960 3439 2013 τὸν
3477 1960 3726 2031 Σίμωνα.

2072 2051 2330 2126 Ἦσυχίαν
2380 2048 2437 2105 δὲ
2484 2050 2630 2121 αὑτῴ
2676 2053 2721 2087 ¹⁴
2768 2048 3159 2125 παραιηίόντων
3190 2053 3297 2103 τῶν
3332 2044 3521 2123 ὄχλων
3557 2049 3584 2101 ὁ
3623 2049 3729 2102 Πέ-

2070 2162 2197 2217 τρος
2262 2139 2439 2216 βραχὺ
2489 2135 2877 2211 ὑπομειδιάσας
2918 2136 3337 2212 καταπληκτικῇ
3391 2137 3461 2212 τῇ
3510 2136 3731 2212 παρῥη-

2074 2229 2178 2300 σία·
2228 2226 2471 2303 Ἀνδρες,
2525 2227 2689 2291 εἶπεν,
2744 2224 2876 2301 ἅπερ
2920 2226 3068 2280 οῦτοι
3124 2223 3417 2300 λέγουσιν,
3471 2230 3603 2281 Θεοῦ
3648 2224 3736 2289 θέ-

2073 2317 2290 2389 λοντος,
2323 2323 2496 2372 ποιεῖν
2532 2314 2754 2377 δυνατὸς
2809 2317 2945 2370 εἶναι
2993 2313 3275 2390 ὁμολογῶ,
3328 2316 3464 2391 πρὸς
3514 2312 3571 2369 δὲ
3599 2312 3733 2369 τού-

2069 2428 2186 2469 τοις
2212 2404 2434 2479 ἓτοιμός
2467 2405 2603 2478 εἷ’μι,
2637 2404 2723 2459 ἐὰν
2762 2405 2836 2477 μὴ
2868 2400 3126 2473 πείθησθε
3148 2406 3192 2441 ¹⁶
3218 2424 3313 2476 μοι
3346 2402 3470 2479 περὶ
3506 2400 3732 2478 ῶλέγω,

2070 2498 2170 2565 τήν
2202 2501 2370 2550 πᾶσαν
2409 2496 2559 2567 ὑμῶν
2594 2489 2947 2569 ἐκϐαθρεῦσαι
2979 2491 3166 2548 πόλιν.

2144 2588 2290 2643 801
2330 2586 2393 2641 Χ.
2425 2588 2539 2637 Τῶν
2595 2581 2651 2637 δὲ
2702 2578 2891 2658 ὄχλων
2939 2577 3287 2658 φοϐηθέντων
3332 2580 3424 2636 καὶ
3476 2583 3519 2618 ¹⁸
3560 2582 3735 2651 ποιή-

2074 2696 2180 2730 σειν
2216 2672 2720 2749 ἐπαγγειλαμένων,
2761 2671 2892 2745 ὅπερ
2926 2672 2984 2725 ἃν
3024 2672 3113 2725 ὑπ’
3158 2670 3321 2724 αὑτοῦ
3369 2667 3724 2726 κελεύωνται.

2074 2762 2277 2834 Μηδεὶς
2314 2765 2485 2837 ὑμῶν,
2520 2759 2618 2840 ἔφη
2658 2762 2686 2815 ὁ
2736 2760 2959 2837 Πέτρος,
3010 2763 3147 2834 μήτε
3196 2758 3466 2832 ὁμιλείτω
3511 2758 3727 2822 τούτοις

2070 2860 2185 2916 τοῖς
2216 2854 2429 2929 γόησιν,
2468 2855 2606 2925 μήτε
2654 2848 3052 2926 ἀναμιγνύσθω.
3090 2849 3151 2902 Oi
3204 2846 3260 2903 δὲ
3291 2843 3458 2924 ὄχλοι
3510 2847 3621 2919 ἅμα
3647 2850 3729 2919 τῷ

2074 2944 2295 2998 ἀκοῦσαι
2342 2946 2439 2996 τοῦ
2487 2940 2855 3012 κελεύσματος
2900 2942 2998 2993 τοῦ
3048 2938 3318 3012 συντόμου
3367 2940 3409 2975 ¹⁷
3441 2934 3576 3007 ξύλα
3622 2934 3725 2990 λα-

2074 3027 2258 3095 ϐόντες
2318 3028 2541 3086 ἐδίωκον
2599 3028 2822 3093 αύτοῦς,
2872 3024 2978 3089 ἕως
3036 3026 3229 3089 αὐτοὺς
3288 3023 3571 3087 παντελῶς
3626 3032 3731 3094 τῆς

2074 3117 2291 3183 πόλεως
2342 3118 2626 3193 ἐξήλασαν.
2678 3117 2776 3172 Καὶ
2828 3116 3157 3179 είσελθόντες
3209 3117 3261 3171 oi
3309 3120 3591 3176 νοσοῦντες
3640 3113 3734 3168 αύ-

2077 3216 2185 3266 τῶν
2214 3210 2301 3265 καὶ
2346 3208 2712 3281 δαιμονῶντες
2759 3207 2896 3282 πρὸς
2944 3206 3072 3260 ποσὶ
3122 3210 3219 3260 τοῦ
3256 3204 3459 3281 Πέτρου
3510 3203 3735 3265 ἐαυτοὺς

2078 3299 2382 3376 ἐρρίπτουν.
2417 3304 2470 3352 Ὁ
2520 3296 2577 3351 δὲ
2621 3300 2788 3351 ταῦτα
2838 3294 3078 3371 βλέπων,
3124 3295 3213 3349 xui
3256 3295 3355 3363 τήν
3389 3291 3728 3363 κατάπληξιν

2079 3388 2251 3443 αὐτῶν
2281 3386 2540 3442 ἀναλῦσαι
2573 3383 2769 3457 θέλων,
2802 3385 2939 3460 πρὸς
2971 3382 3166 3445 αὐτοὺς
3198 3381 3322 3461 ἔφη’

2148 3502 2235 3550 XI.
2271 3494 2410 3569 Ἐγὼ
2455 3491 2708 3566 σεισμοὺς
2756 3490 2847 3545 καὶ
2894 3496 2995 3545 πᾶν
3027 3488 3135 3544 ὅτι
3190 3486 3464 3563 βούλομαι
3515 3486 3562 3542 εἰ
3610 3484 3732 3541 ἐδυ-

2078 3587 2253 3658 νάμην
2286 3589 2459 3638 ποιεῖν
2497 3586 2559 3655 1⁸,
2613 3581 2838 3654 Σίμωνα
2888 3579 2950 3634 ού
2997 3577 3141 3656 λέγω
3191 3578 3273 3632 ὅτι
3323 3579 3457 3651 μετά
3493 3580 3601 3632 τῶν
3634 3577 3735 3630 αύ-

2078 3679 2175 3729 τοῦ
2208 3673 2430 3747 ἑταίρων
2468 3675 2512 3709 ¹⁹
2562 3669 2925 3745 ἐξωλόθρευον
2982 3668 3066 3742 (οὗ
3117 3669 3220 3743 γὰρ
3270 3666 3356 3721 ἐπὶ
3417 3671 3592 3745 φθορᾷ
3648 3665 3735 3719 ἄν-

2082 3762 2315 3835 θρώπων
2368 3755 2755 3831 ἀπέσταλμαι),
2809 3754 2955 3811 ἀλλὰ
3007 3753 3168 3832 φίλον
3215 3754 3436 3827 ἐμαυτῷ
3466 3752 3621 3808 αὑτὸν
3672 3753 3731 3806 ἃν

2082 3849 2447 3922 ἐποιησάμην,
2491 3846 2583 3902 τίνα
2637 3849 2710 3919 μή
2749 3867 2853 3919 μου
2900 3846 2961 3899 τὸ
2991 3843 3193 3915 ἀληθὲς
3226 3838 3540 3898 διαϐάλλων
3569 3842 3737 3917 κήρυ-

2080 3960 2193 4015 γμα
2248 3936 2482 3998 πολλοῖς
2530 3931 2796 4009 ἐμποδίζῃ
2839 3934 2974 4011 πρὸς
3023 3931 3297 4006 σωτηρίαν
3328 3974 3341 3988 .
3396 3930 3459 4015 Ei
3520 3927 3577 3985 δὲ
3638 3949 3736 4001 μοι

2080 4013 2357 4083 πιστεύετε
2386 4029 2449 4098 ²⁰,
2502 4024 2660 4085 αὑτός
2712 4023 2822 4077 ἐστι
2877 4023 3069 4097 μάγος,
3106 4020 3267 4083 αὐτὸς
3319 4013 3602 4088 διάϐολος,
3636 4017 3737 4071 αὑ-

2078 4117 2171 4179 τὸς
2210 4115 2396 4177 κακίας
2429 4112 2702 4190 ὑπηρέτης
2746 4112 2881 4167 κατὰ
2930 4115 3037 4166 τῶν
3098 4108 3433 4185 ἀγνοούντων
3478 4108 3540 4161 τὸ
3590 4103 3733 4174 ἀλη-

2080 4205 2186 4268 θές.
2236 4206 2334 4260 Καὶ
2384 4200 2474 4259 διὰ
2517 4207 2676 4258 τοῦτο
2726 4200 3092 4278 ἁμαρτάνουσι
3153 4201 3197 4236 ²¹
3245 4197 3436 4259 νόσους
3498 4195 3730 4271 ἐνεργεῖν

2082 4293 2351 4361 δύναται,
2411 4291 2699 4368 συνεργοὺς
2757 4288 2900 4367 ἔχων
2971 4287 3099 4351 τοὺς
3171 4287 3576 4363 ἁμαρτάνοντας
3630 4289 3734 4352 τῆς

2079 4385 2196 4440 κατ’
2242 4382 2417 4438 αὐτῶν
2468 4380 2743 4454 δυνάμεως
2771 4424 2783 4436 .
2834 4380 2974 4455 Ἐγὼ
3022 4376 3079 4432 δὲ
3124 4381 3254 4431 Θεοῦ
3315 4378 3362 4412 ²²
3410 4379 3511 4430 τοῦ
3566 4372 3739 4428 πάντα

2080 4472 2445 4542 πεποιηκότος
2508 4470 2621 4544 εἰμὶ
2679 4468 2877 4530 δοῦλος
2911 4513 2925 4537 ,
2982 4471 3079 4522 τοῦ
3138 4463 3313 4536 δεξιοῦ
3366 4460 3531 4519 αὑτοῦ
3590 4468 3737 4537 Προ-

331 4591 461 4630 sum
490 4573 651 4628 illius
682 4570 1002 4643 apostolus,
1027 4586 1159 4625 vera
1192 4569 1437 4641 praedico
1463 4586 1474 4633 ;
1504 4568 1655 4622 bono
1686 4568 1841 4622 enim
1871 4567 1962 4621 mi-

2082 4566 2255 4642 φήτου
2291 4562 2557 4634 μαθητής.
2612 4559 2703 4613 Διὸ
2748 4557 2950 4613 ἐκείνου
3000 4554 3306 4616 ἀπόστολος
3350 4550 3422 4608 ὣν
3455 4550 3733 4623 ἀληθεύω’

333 4663 590 4719 nistrans
612 4661 787 4717 etiam
810 4661 1044 4716 morbos
1065 4658 1322 4731 depello;
1353 4675 1487 4713 nam
1512 4656 1805 4712 secundus
1830 4656 1968 4709 mis-

331 4769 433 4808 sus
463 4750 1098 4823 sum,quandoquidem
1122 4748 1394 4821 praacedit
1421 4747 1679 4813 morbus,
1706 4746 1974 4817 sequitur

329 4858 464 4898 vero
494 4841 741 4897 sanatio.
786 4845 894 4896 Per
941 4838 1109 4894 illum
1160 4855 1294 4911 ergo
1342 4836 1676 4892 maleﬁcum
1708 4850 1969 4906 magum,

330 4931 445 4987 Deo
493 4928 801 4997 increduli,
852 4927 1215 5000 aagrotastis;
1249 4943 1352 4998 per
1394 4941 1485 4979 me
1534 4928 1752 4989 autem,
1801 4923 1971 4978 modo

330 5019 390 5074 in
422 5036 555 5075 cum
588 5018 856 5085 credatis,
882 5016 1255 5074 sanabimini.
1279 5016 1371 5071 Sic
1391 5013 1544 5070 enim
1575 5012 1970 5085 experimento

2080 4640 2262 4728 ἀγαθῷ
2315 4652 2415 4727 γὰρ
2475 4650 2756 4725 ὑπηρετῶν
2810 4646 2900 4701 καὶ
2956 4645 3146 4706 νόσους
3203 4641 3511 4699 ἀπελαύνω·
3564 4640 3732 4712 ἐπέμ-

2081 4753 2219 4819 φθην
2251 4740 2350 4816 γάρ
2384 4737 2649 4813 δεύτερος.
2685 4735 2798 4790 ἐπεὶ
2830 4739 3216 4810 προηγεγεῖται
3250 4732 3345 4805 μὶν
3392 4730 3574 4802 νόσος,
3604 4728 3730 4785 ἐπε-

2080 4851 2165 4885 ται
2212 4832 2257 4866 ³³
2290 4826 2347 4883 δὲ
2396 4824 2554 4888 ἴασις.
2597 4826 2674 4880 Δι’
2725 4822 2928 4879 ἐκείνου
2981 4823 3074 4895 μὶν
3125 4820 3215 4876 οὗν
3247 4824 3343 4877 τοῦ
3393 4821 3540 4877 181
3580 4837 3741 4873 κακο-

2080 4923 2243 4975 ποιοῦ
2280 4918 2455 4992 μάγου
2482 4920 2560 4988 τῷ
2607 4918 2721 4987 Θεῷ
2768 4913 3169 4983 ἀποστήσαντες
3220 4910 3513 4981 ἐνοσήσατε
3563 4910 3633 4978 ²⁴,
3665 4903 3738 4961 δι’

2082 5008 2217 5081 ἐμοῦ
2249 5004 2326 5080 δὲ,
2387 5004 2473 5061 ἐάν
2530 5024 2591 5059 τε
2636 5003 2781 5076 αὐτῷ
2824 5000 3161 5071 πιστεύσητε,
3212 4998 3495 5069 ῗαθήσεσθε
3528 5015 3541 5029 ·
3588 4994 3733 5051 οὕτω

1692 5136 1925 5193 VARI/E
1968 5133 2261 5191 LECTION
2270 5133 2373 5189 ES.

402 5240 446 5275 ¹²
502 5241 637 5310 ἡμῖν
700 5242 757 5293 Ο.
817 5241 1004 5310 13ita.
1059 5238 1127 5310 Or
1163 5255 1232 5310 οη
1276 5242 1337 5310 D_.
1396 5232 1822 5310 καταπλήξῃτσ
1855 5233 1918 5310 Οζ
1969 5233 2117 5310 Tum
2176 5206 2320 5310 ἄλλα

329 5310 484 5385 ὑπέρ,
528 5300 595 5367 in
649 5316 801 5365 textu
859 5308 1085 5391 ὥσπερη
1117 5309 1256 5391 ing
1300 5307 1376 5391 (ἒς
1425 5306 1546 5389 πέρ.
1602 5300 1835 5391 υ-οὑτῶ
1973 5320 2021 5358 c.
2074 5303 2140 5391 1),
2186 5300 2468 5391 αὐτῶνίςῖ.
2524 5300 2568 5336 ¹⁸
2620 5300 2777 5391 I‘taQ

366 5372 443 5444 ως
473 5372 605 5438 ante
635 5383 883 5451 ποιήσειν
918 5372 1088 5437 omisi
1135 5397 1183 5435 ο.
1218 5380 1281 5435 0.
1314 5378 1374 5434 Si
1406 5372 1652 5433 retinere
1697 5372 1863 5443 velis,
1895 5376 2207 5447 legendum
2239 5378 2392 5429 auct.
2425 5373 2505 5438 S.,
2556 5374 2657 5425 aut
2708 5372 2782 5440 μὴ
2832 5372 3052 5440 ἑτέρως,
3100 5372 3221 5429 aut,

330 5404 587 5511 ἓτοίμως.
623 5457 765 5511 Em‘t.
797 5472 844 5509 c.
877 5456 966 5511 58.
1002 5454 1175 5508 habet
1204 5448 1518 5511 προθύμως.
1569 5449 1629 5504 Ci
1677 5448 1862 5503 versio
1915 5447 2046 5503 ferri
2100 5463 2213 5501 non
2262 5449 2474 5511 potest.
2530 5443 2572 5478 ¹“¹
2625 5438 2907 5511 συντόμως
2958 5439 3084 5511 cod.
3114 5437 3217 5511 _Re

2379 5246 2434 5301 p.
2494 5223 2680 5301 πολλαὶ
2732 5225 2910 5301 idem,
2970 5221 3398 5301 qui-deinceps
3451 5216 3731 5301 pontiﬁci);

2524 5300 2568 5336 ¹⁸
2620 5299 2707 5353 Ita
2734 5297 2777 5353 Ο
2825 5313 2873 5351 c.
2898 5288 2941 5365 ’β
2976 5288 3421 5365 ξπείσθησθιέίϐἴ
3452 5292 3494 5326 ¹⁶
3534 5288 3596 5343 Ci
3627 5288 3739 5342 ἑτέ·

3274 5363 3427 5435 quod
3481 5367 3740 5435 prastat,

451 5434 766 5525 Epit:
877 5434 1179 5518 δέξῇάιηεέι
1204 5434 1518 5524 προθύμως.
1569 5449 1629 5504 Ci
1677 5434 1887 5525 versid
1915 5434 2046 5525 ferri
2089 5463 2213 5525 ,ιιοο
2262 5434 2501 5525 ροιεεξξ
2530 5443 2572 5478 ¹⁷
2616 5434 2936 5525 ’συντόμως
2958 5434 3433 5525 φαῄιπξθοι
3563 5436 3741 5525 ποιεῖν

332 5502 377 5582 Et
412 5502 685 5597 ea‘lviaijt’
812 5529 855 5563 ¹⁹
886 5502 1043 5582 Hanc
1075 5524 1134 5580 Ci
1157 5502 1897 5599 cori.iectbram_eontir§iat
1926 5524 1989 5599 ρ,
2023 5514 2223 5599 tutam:
2248 5502 2591 5599 651lequ
2616 5502 2855 5599 Parisiii.
2882 5512 2937 5599 :0
2969 5510 3079 5599 Iota
3101 5502 3740 5599 Οίοῡηπιστεύεζιξιιης),

331 5581 370 5638 ξι
408 5581 768 5672 ἁμαρτάνουσι
800 5600 864 5664 D,
898 5581 962 5665 Ο,
998 5581 1403 5670 ἁμαρτανούσας
1436 5598 1492 5648 C.
1527 5594 1573 5628 ²²
1604 5590 1709 5668 ἐγὼ
1770 5587 1826 5645 δὲ
1875 5581 1988 5644 τοῦ
2013 5581 2147 5644 Θεοῦ
2185 5589 2246 5644 C.
2279 5588 2324 5624 23
2356 5589 2441 5643 lta
2470 5586 2537 5657 D,
2565 5581 2749 5639 ἔπειτα
2786 5584 2848 5651 C,
2880 5582 2945 5640 Ο.
2978 5582 3025 5617 ⁵³⁸
3060 5582 3123 5637 In
3155 5582 3200 5636 Ο
3244 5581 3409 5652 prius
3456 5581 3743 5648 scriptum

331 5658 455 5730 erat
484 5658 754 5742 ἐνοήσατε.
789 5658 1006 5727 Deinde
1035 5658 1194 5724 idem
1228 5682 1341 5722 om.
1367 5684 1442 5721 τε.
