4086 6216
279 399 386 459 225

1378 392 1991 455 CLEMENTINA.-—
2017 389 2338 448 HUMILIA
2380 391 2540 450 VIII.

3545 392 3662 448 226

278 529 369 604 γᾶρ
396 531 492 582 τοῦ
542 523 758 580 δυνατοῦ
801 525 900 593 τήν
952 529 1138 597 πεῖραν
1186 526 1230 560 ³⁵
1262 519 1540 587 λαϐόντες,
1573 522 1660 577 ἐπὶ
1707 523 1769 576 τὸ
1822 520 1904 575 εὑ·
1941 555 1951 590 4

2070 525 2174 576 icto
2227 520 2384 574 Illius
2446 522 2544 591 qui
2605 527 2809 592 potens
2862 522 3072 584 σει,ᾶά
3131 523 3274 575 bene
3335 524 3663 576 lacicndani

277 623 435 671 ποιεῖν
468 613 820 690 τραπόμενοι,
853 613 940 667 καὶ
990 614 1085 673 τὰς
1133 612 1314 687 ψυχὰς
1366 612 1698 680 ἀνασωθῆναι
1749 607 1907 680 δυνη-

278 707 464 775 θείητε.

342 800 447 850 ΧΠ.
497 795 670 847 Ταῦτα
717 789 882 845 αὑτοῦ
932 789 1210 865 λέγοντος,
1259 789 1309 844 οἱ
1360 786 1549 849 πάντες
1598 789 1910 864 γονυπετεῖς

279 883 370 960 πρὸ
421 885 528 936 τῶν
587 879 749 934 αύτοῦ
808 874 1010 934 ἔκειντο
1067 875 1273 933 ποδῶν.
1325 878 1382 930 Ὀ
1435 874 1491 931 δὲ
1550 876 1625 937 εἷς
1685 875 1908 951 οὐρανὸν

283 972 397 1047 ἄρας
441 970 538 1032 τὰς
588 974 797 1044 χεῖρας,
830 968 920 1022 καὶ
968 972 1046 1039 τῷ
1089 971 1204 1038 Θεῷ
1250 966 1680 1038 προσευξάμενος
1729 963 1912 1018 ἰάσατο

281 1061 392 1122 τοὺς
434 1059 636 1120 πάντας
688 1055 748 1111 ἐκ
797 1055 969 1129 μόνης
1020 1055 1210 1131 εὑχῆς.
1253 1054 1368 1112 Οὐκ
1418 1053 1619 1130 ὀλίγων
1663 1050 1720 1107 δὲ
1772 1055 1915 1125 ἡμε-

287 1155 379 1226 ρῶν
407 1145 746 1223 παραμείνας
773 1150 893 1207 τοῖς
926 1145 1236 1220 Βηρυτίοις,
1262 1144 1354 1198 καὶ
1391 1140 1640 1204 πολλοὺς
1691 1145 1758 1216 τῇ
1813 1163 1918 1214 μο-

285 1235 502 1314 ναρχικῇ
562 1233 819 1309 Θρησκείᾳ
877 1231 1152 1298 συνεθίσας
1209 1235 1255 1270 ²⁶
1312 1231 1401 1287 καὶ
1478 1231 1760 1307 βαπτίσας,
1812 1230 1918 1285 ἀπὸ

286 1333 378 1382 τῶν
427 1324 712 1397 ἑπομένων
785 1321 934 1395 αὑτῷ
1006 1315 1383 1399 πρεσϐυτέρων
1457 1317 1551 1376 ἕνα
1627 1319 1918 1374 ἐπίσκοπον

290 1416 451 1476 αὑτοῖς
525 1414 894 1482 καταστήσας,
953 1411 1027 1473 εἷς
1081 1412 1180 1480 τήν
1236 1405 1432 1465 Βίϐλον
1492 1412 1537 1446 2⁷
1593 1408 1756 1481 ἐξῄει.
1820 1406 1922 1464 Καὶ

290 1504 564 1579 γενόμενος
627 1501 738 1555 ἐκεῖ
793 1499 882 1554 καὶ
942 1501 1124 1572 μαθὼν
1184 1498 1266 1554 ὅτι
1320 1499 1507 1570 Σίμων
1569 1495 1694 1552 οὐδὲ
1728 1498 1852 1569 μιᾶς
1881 1499 1924 1532 ³⁸

291 1593 477 1666 ἡμέρας
551 1590 738 1652 αὐτοῖς
805 1587 1178 1665 προσέμεινεν,
1230 1586 1357 1643 ἀλλ’
1414 1586 1608 1648 εὐθέως
1663 1585 1743 1648 οἷς
1798 1583 1922 1660 Τρί-

291 1682 430 1736 πολιν
489 1679 773 1754 ὥρμησεν,
835 1677 1036 1752 ὀλίγων
1100 1679 1320 1752 ἡμερῶν
1381 1675 1564 1736 αὑτοῖς
1624 1675 1923 1746 ἐπιμείνας,

289 1771 364 1825 καὶ
395 1768 729 1844 θεραπεύσας
761 1766 861 1822 οὐκ
892 1764 1139 1841 ὀλίγους;
1166 1765 1256 1819 καὶ
1295 1770 1413 1826 ταῖς
1463 1758 1685 1824 Βίϐλοις
1733 1761 1926 1824 αὐτοὺς

291 1860 590 1929 ἐνασκήσας,
629 1862 744 1911 κατ’
774 1854 930 1931 ἴχνος
959 1859 1055 1909 τοῦ
1088 1853 1342 1927 Σίμωνος
1394 1853 1468 1915 εἰς
1515 1853 1614 1921 τήν
1663 1850 1924 1926 Τρίπολιν

293 1947 582 2023 ἐπορεύετο,
644 1943 994 2019 μεταδιώκειν
1047 1942 1203 1998 αὑτὸν
1260 1941 1492 2017 μᾶλλον,
1541 1940 1649 2017 οὑχ
1703 1938 1932 2018 ὑποφεύ-

293 2059 390 2113 γειν
422 2035 839 2112 προῃρημένος.

919 2217 1177 2269 'OMIAIA
1221 2212 1300 2268 H'.

359 2327 399 2377 I.
430 2320 522 2383 Εἷς
556 2317 621 2375 δὲ
646 2320 745 2388 τὴν
778 2317 1047 2394 Τρίπολιν
1098 2317 1314 2374 εἰσιόντι
1361 2319 1442 2390 τῷ
1491 2317 1702 2392 Πέτρῳ,
1755 2315 1806 2368 οἱ
1856 2335 1939 2392 φι-

301 2409 683 2485 λομαθέστεροι
714 2407 772 2464 ἔκ
797 2430 858 2464 τε
884 2415 984 2478 τῆς
1022 2407 1196 2484 Τύρου
1251 2408 1342 2462 καὶ
1402 2404 1660 2473 Σιδῶνος,
1694 2406 1940 2480 Βηρυτοῦ

299 2521 348 2554 τε
371 2501 454 2554 καὶ
487 2495 720 2567 Βίϐλου,
751 2498 839 2553 καὶ
873 2497 932 2552 ἐκ
953 2501 1058 2552 τῶν
1107 2496 1519 2572 πλησιοχώρων
1551 2496 1703 2552 182
1734 2489 1941 2547 πολλοὶ

302 2589 661 2662 συνεισῄεσαν.
702 2587 813 2642 Ούκ
858 2587 1051 2656 ἥκιστα
1101 2585 1156 2641 δὲ
1197 2591 1306 2640 τῶν
1353 2585 1442 2640 ἀπ’
1491 2583 1658 2653 αὑτῆς
1701 2589 1800 2652 τῆς
1848 2579 1943 2635 πό-

303 2677 424 2740 λεως
452 2673 654 2754 ὄχλων
689 2673 984 2752 συνδρομαὶ
1018 2675 1273 2750 ἐγίνοντο,
1301 2673 1529 2748 ἱστορεῖν
1590 2670 1941 2748 βουλομένων

306 2766 472 2824 αὐτόν.
535 2763 956 2840 Συνετύγχανον
1009 2762 1100 2818 οὖν
1149 2765 1282 2836 ἡμῖν
1336 2761 1386 2816 ἐν
1441 2767 1556 2823 τοῖς
1604 2759 1943 2836 προαστείοις

308 2857 353 2908 οἱ
399 2856 484 2908 ὑπ’
533 2854 708 2908 αὐτοῦ
759 2852 1148 2930 ἐκπεμφθέντες
1198 2849 1444 2928 ἀδελφοὶ,
1480 2851 1547 2905 τά
1587 2871 1647 2904 τε
1694 2846 1838 2903 ἄλλα
1881 2847 1950 2901 τὰ

309 2943 427 2998 κατὰ
472 2945 575 3011 τήν
633 2939 798 2996 πόλιν
839 2941 928 2996 καὶ
975 2943 1040 2995 τα
1086 2939 1426 3016 πραττόμενα
1454 2943 1532 3011 τῷ
1580 2939 1789 3010 Σίμωνι
1841 2937 1952 3006 ἐξα-

310 3027 583 3106 κριϐῶσαι,
659 3030 808 3092 ὅπως
874 3029 1120 3091 ἐλθόντες
1188 3029 1593 3107 ὑφηγήσωνται.
1659 3024 1952 3097 Ἀποδεξά-

316 3141 447 3194 μενοι
479 3119 650 3175 αὑτὸν
684 3118 770 3173 ἐπὶ
801 3120 899 3188 τήν
934 3116 1214 3194 Μαροόνου
1248 3120 1294 3154 ²⁹
1323 3118 1458 3192 ἦγον
1496 3117 1688 3174 οἰκίαν.

377 3211 521 3267 11.Ὁ
571 3205 638 3262 δὲ
674 3207 754 3262 ἐπ’
802 3205 946 3279 αὒτῷ
986 3211 1064 3279 τῷ
1108 3213 1207 3276 τῆς
1246 3205 1418 3279 ξενίας
1459 3205 1672 3262 πυλῶνι
1699 3202 1808 3275 ἤδη
1860 3224 1957 3279 γε·-

315 3299 492 3374 γονὼς,
536 3295 891 3373 ἐπιστραφεὶς
937 3301 1056 3358 τοῖς
1104 3291 1300 3371 ὄχλοις
1353 3295 1638 3372 ὑπέσχετο,
1675 3295 1808 3368 μετὰ
1856 3294 1955 3361 τὴν

323 3387 560 3442 ἐπιοῦσαν
619 3387 744 3462 περὶ
793 3380 1092 3448 Θεοσεϐείας
1139 3385 1322 3447 αὐτοῖς
1372 3383 1750 3462 διαλεχθῆναι.
1782 3381 1968 3438 Εἰσελ-

325 3477 498 3539 θόντος
531 3474 591 3531 δὲ
631 3475 819 3546 αὐτοῦ,
853 3476 905 3530 οἱ
936 3473 1164 3550 πρόοδοι
1193 3480 1308 3536 τοῖς
1340 3473 1733 3545 συνεληλυθόσι
1793 3473 1962 3544 ξενίας

323 3565 665 3639 ηὖτρέπιζον.
718 3563 829 3618 Ούκ
890 3562 1242 3618 ἀπελείποντο
1295 3561 1351 3618 δὲ
1412 3561 1537 3618 οὐδὲ
1589 3563 1641 3618 οἱ
1691 3559 1962 3636 ἀποδεχό-

327 3675 465 3724 μενοι
515 3654 609 3709 καὶ
675 3653 966 3723 ξενίζοντες
1023 3661 1124 3722 τῆς
1178 3657 1285 3706 τῶν
1321 3652 1606 3723 ἀξιούντων
1634 3652 1961 3728 προθυμίας.

321 3743 524 3798 Τούτων
573 3743 636 3798 δὲ
685 3746 731 3780 ³ο
787 3739 941 3797 οὐδὲν
1004 3742 1160 3804 εἷ’δὼς
1207 3743 1235 3797 ὁ
1297 3741 1520 3817 Πέτρος,
1569 3741 1814 3811 ἀξιωθεὶς
1879 3741 1964 3818 ὑφ’

324 3833 469 3902 ἡμῶν
527 3838 744 3909 τρουῆς
825 3826 1169 3904 μεταλαϐεῖν,
1229 3829 1352 3908 ἔφη,
1409 3830 1485 3902 μή
1563 3827 1966 3903 μεταλήψεσθαι

324 3921 577 3996 πρότερον
637 3918 821 3991 αὐτὸς,
871 3921 1036 3994 πρινή
1071 3923 1112 3956 ³⁸
1162 3918 1288 3980 τοὺς
1340 3917 1774 3988 συνεληλυθότας
1824 3917 1970 3991 αὑτῷ

327 4007 814 4067 διιναπαύσασθαι,
869 4008 1340 4084 Ἀποκρινομένων
1445 4005 1502 4061 δὲ
1601 4011 1801 4079 ἡμῶν,
1886 4007 1970 4062 ὅτι

326 4093 450 4174 ’ἔφθη
500 4099 655 4152 τοῦθ’
688 4098 861 4158 οὕτως
907 4103 1244 4172 γεγενῆσθαι,
1276 4094 1540 4173 προφάσει
1586 4103 1687 4166 τῆς
1731 4097 1866 4173 πρὸς
1918 4097 1973 4152 σὲ

333 4193 560 4262 στοργῆς
611 4183 824 4260 σπουδῇ
854 4188 1056 4248 πάντας
1087 4189 1134 4223 ³³
1178 4183 1372 4246 αὐτοὺς
1423 4181 1852 4258 ὑποδεξαμένων,
1897 4186 1971 4248 ὡς

331 4275 446 4337 τοὺς
507 4276 586 4347 μὴ
651 4273 952 4350 ἐσχηκότας
1001 4275 1095 4336 οὖς
1147 4273 1414 4345 ξενίσωσιν
1441 4276 1488 4311 ³³
1518 4269 1974 4351 ὑπερϐαλλόντως

334 4361 693 4433 λελυπῆσθαιο
755 4365 783 4420 ὁ
853 4366 1082 4435 Πέτρος,
1145 4363 1374 4426 ἀκούσας
1457 4363 1546 4419 καὶ
1634 4365 1814 4434 ἡσθεὶς
1877 4368 1975 4435 τῆς

337 4449 499 4523 ὀξείας
551 4450 967 4530 φιλανθρωπίας
1017 4455 1086 4523 ³⁸,
1133 4451 1436 4528 εὐλογήσας
1480 4451 1674 4515 αὐτοὺς
1732 4452 1978 4524 ἐξῆλθεν,

335 4539 416 4593 καὶ
461 4540 711 4609 θαλάσση
757 4541 1093 4614 λουσάμενος
1141 4540 1384 4610 εἰσῆλθεν
1416 4543 1480 4610 ³⁸,
1512 4541 1601 4596 καὶ
1646 4542 1830 4597 σιτίων
1885 4541 1976 4597 σὺν

336 4635 446 4691 τοῖς
491 4627 759 4705 προόδοις
811 4626 1155 4704 μεταλαϐὼν,
1205 4631 1428 4707 ἑσπέρας
1478 4627 1983 4703 ἐπικαταλαϐούσης

340 4738 597 4777 ὑπνωσεν.

411 4813 506 4864 III.
533 4809 665 4863 Ὑπὸ
699 4806 756 4864 δὲ
799 4809 896 4872 τὰς
945 4807 1193 4886 δευτέρας
1240 4813 1347 4864 τῶν
1397 4807 1770 4885 ἀλεκτρυόνων
1805 4810 1986 4888 φωνὰς

347 4891 671 4961 διυπνισθεές
721 4895 866 4974 εὗρεν
917 4900 1066 4971 ἡμᾶς
1116 4898 1480 4974 ἐγρηγορότας
1506 4901 1570 4967 ³⁸,
1604 4899 1742 4972 ἦμεν
1795 4897 1851 4954 δὲ
1895 4898 1986 4954 σὺν

351 4984 486 5057 αύτῷ
543 4987 595 5041 οἱ
656 4987 852 5050 πάντες
910 4987 1213 5057 ἑκκαίδεκα,
1265 4988 1422 5049 αὑτὸς
1480 4990 1508 5043 ὁ
1565 4989 1786 5064 Πέτρος,
1837 4991 1989 5046 188

349 5073 494 5148 κάγὼ
539 5076 568 5129 ὁ
619 5075 878 5149 Κλήμης,
934 5079 1178 5147 Νικήτης
1236 5097 1295 5131 τε
1358 5076 1448 5130 καὶ
1497 5075 1752 5147 ’Δκύλας,
1801 5078 1888 5132 καὶ
1939 5079 1991 5132 οἳ

352 5161 764 5235 προοδεύσαντες
845 5161 1076 5222 δώδεκα.
1158 5163 1606 5240 Προσαγορεύσας
1680 5163 1770 5219 οὖν
1847 5169 1994 5238 ἡμᾶς

355 5247 470 5325 ἔφη·
530 5256 780 5327 Σήμερον
841 5259 958 5316 τοῖς
1017 5251 1116 5323 ἔξω
1166 5255 1240 5327 μή
1295 5251 1659 5328 σχολάζοντες
1719 5253 1993 5325 ἀλλήλοις

355 5334 502 5410 ἐσμὲν
572 5339 854 5417 εὕσχολοι.
916 5343 1012 5397 Διὸ
1071 5341 1176 5419 ἐγὼ
1241 5342 1333 5416 μὲν
1396 5342 1522 5416 ὑμῖν
1578 5343 1644 5397 τὰ
1707 5344 1841 5415 μετὰ
1893 5345 1992 5414 τήν

2017 608 2301 674 conversi,
2334 609 2510 665 etiam
2563 610 2888 664 secundum
2939 610 3167 664 animas
3217 609 3361 664 salvi
3393 625 3522 665 esse
3563 628 3664 682 po-

2019 697 2230 753 teritis.

2094 787 2214 842 XII.
2251 787 2386 850 Quae
2435 804 2567 842 cum
2619 786 2882 852 dixisset,
2919 786 3111 841 cuncti
3161 788 3231 842 ad
3266 805 3455 860 genua
3507 791 3661 845 acci—

2023 876 2224 931 dentes
2248 877 2524 946 jacebant
2569 882 2701 930 ante
2735 877 2906 948 pedes
2938 875 3116 931 illius.
3149 879 3219 930 At
3262 877 3376 943 ille,
3413 879 3660 934 sublatis

2023 964 2084 1020 in
2132 964 2342 1020 ccelum
2406 965 3008 1035 manibus,Deumque
3065 973 3486 1036 comprecatus,
3520 985 3660 1023 cun-

2026 1059 2148 1109 ctos
2197 1053 2524 1125 precatione
2570 1054 2694 1109 sola
2743 1059 2981 1108 curavit.
3026 1059 3150 1108 Non
3205 1073 3418 1125 paucos
3470 1062 3663 1112 autem

2027 1143 2151 1198 dies
2181 1143 2334 1215 apud
2368 1143 2624 1214 Berytios
2653 1147 3069 1207 commoratus,
3103 1159 3235 1197 cum
3287 1145 3504 1200 multos
3535 1145 3667 1200 reli-

2029 1230 2186 1303 gioni
2243 1247 2380 1302 erga
2438 1247 2620 1284 unum
2677 1235 2855 1285 Deum
2914 1231 3384 1298 consuefecissct,
3420 1249 3667 1288 necnon

2033 1321 2403 1392 baptizasset,
2448 1337 2563 1374 uno
2613 1335 2681 1372 ex
2731 1319 3081 1390 presbyteris
3131 1320 3228 1390 qui
3279 1336 3410 1375 eum
3464 1338 3672 1393 seque-

2031 1412 2251 1466 bantur
2299 1408 2534 1480 ipsisin
2586 1407 2919 1479 episcopum
2966 1408 3303 1475 constituto,
3337 1408 3393 1463 in
3428 1411 3673 1482 Byblum

2035 1499 2196 1554 abiit.
2229 1501 2351 1562 Quo
2383 1513 2515 1552 cum
2551 1500 2925 1568 pervenisset,
2961 1502 3254 1567 comperto
3287 1499 3437 1569 quod
3475 1500 3675 1555 Simon

2037 1605 2107 1642 ne
2139 1603 2253 1641 uno
2287 1586 2520 1657 quidem
2557 1585 2648 1639 die
2680 1584 2809 1640 illos
2842 1592 3252 1656 exspectasset,
3267 1587 3366 1642 sed
3395 1589 3591 1642 statim
3616 1590 3674 1644 in

2037 1675 2320 1746 Tripolim
2353 1675 2654 1738 evasisset,
2675 1691 2888 1746 paucos
2920 1675 3042 1728 dies
3074 1677 3224 1746 apud
3259 1692 3357 1731 eos
3391 1685 3676 1742 moratus,

2038 1765 2372 1834 curatisque
2423 1763 2647 1830 multis,
2699 1779 2763 1816 ac
2815 1763 2870 1816 in
2922 1763 3220 1834 Scriptura
3266 1765 3552 1834 exercitis,
3606 1767 3675 1821 ad

2039 1853 2318 1924 Τι’ίβοιίῐι]
2370 1870 2470 1924 per
2525 1851 2766 1922 vestigia
2818 1852 3072 1906 Simonis
3127 1856 3430 1926 processit,
3486 1861 3676 1912 certus

2041 1960 2174 1999 eum
2210 1941 2460 2012 insequi,
2496 1958 2607 1995 non
2642 1942 3062 2012 subterfugere.

2629 2207 2927 2262 HOMILIA
2970 2207 3111 2263 VIII.

2121 2317 2164 2370 Ι.
2198 2315 2340 2372 Cum
2400 2319 2595 2370 autem
2655 2319 2861 2370 Petrus
2919 2315 3201 2387 Tripolim
3260 2315 3684 2391 ingrederetur,

2051 2404 2149 2478 qui
2205 2403 2468 2460 discendi
2526 2409 2692 2458 erant
2747 2403 3076 2475 cupidiores
3129 2422 3197 2459 ex
3256 2406 3424 2475 'l‘yro,
3457 2409 3686 2478 Sidone,

2053 2496 2255 2566 Beryto
2286 2510 2349 2547 ac
2383 2493 2580 2565 Byblo,
2609 2497 2666 2547 et
2697 2492 2865 2546 multi
2897 2510 2965 2547 ex
2997 2493 3264 2549 finitimis
3296 2496 3470 2550 simul
3505 2498 3686 2553 intra-

2054 2589 2208 2638 runt.
2229 2582 2460 2636 Maximi
2491 2582 2666 2636 etiam
2700 2596 2768 2636 ex
2797 2581 2924 2652 ipsa
2955 2581 3187 2636 civitate
3213 2582 3517 2640 hominum
3551 2603 3692 2642 con-

2055 2689 2263 2728 cursus
2315 2672 2549 2739 Iiebant,
2582 2669 3040 2725 desiderantium
3072 2671 3262 2726 videre
3295 2673 3479 2728 illum.
3516 2675 3698 2747 Igitur

2058 2763 2283 2817 obviam
2319 2762 2450 2814 facti
2486 2764 2624 2813 sunt
2675 2759 2842 2813 nobis
2875 2759 2931 2813 in
2968 2761 3286 2828 suburbiis,
3318 2765 3417 2834 qui
3449 2765 3518 2818 ab
3571 2766 3695 2836 ipso

2062 2852 2188 2906 ideo
2221 2850 2383 2903 missi
2434 2849 2685 2915 fuerant,
2720 2854 2784 2902 ut
2817 2849 3054 2919 profecti
3085 2851 3450 2922 explorarent
3497 2871 3698 2910 narra-

2062 2947 2304 3010 rentque
2353 2944 2478 2992 tum
2514 2937 2673 2992 urbis
2724 2937 2865 2992 alias
2897 2955 3008 3008 res,
3044 2945 3164 2994 tum
3205 2941 3461 2998 Simonis
3507 2950 3696 3015 gesta.

2064 3030 2130 3084 Et
2172 3027 2520 3100 excipientes
2568 3025 2735 3081 illum
2785 3026 2842 3081 in
2894 3027 3133 3082 domum
3185 3029 3473 3087 Maroonis
3522 3034 3703 3091 duxe-

2065 3124 2222 3174 runt.

2142 3209 2211 3262 Il.
2247 3209 2301 3262 Is
2331 3222 2464 3261 vero
2487 3205 2612 3276 jam
2647 3205 2799 3261 fores
2830 3205 3066 3278 hospitii
3114 3211 3338 3275 tenens,
3367 3227 3705 3278 conversus,

2077 3295 2437 3353 multitudini
2485 3295 2774 3366 promisit,
2808 3312 2871 3350 se
2920 3301 3052 3367 post
3083 3297 3235 3352 diem
3286 3301 3604 3356 crastinum
3641 3303 3712 3358 de

2075 3387 2232 3444 cultu
2267 3387 2367 3441 Dei
2398 3384 2515 3440 illis
2545 3385 2719 3439 verba
2750 3385 3059 3440 facturum.
3096 3387 3361 3458 Ingresso
3401 3394 3595 3444 autem
3625 3407 3712 3457 eo,

2076 3479 2174 3550 qui
2220 3473 2505 3548 praemissi
2537 3475 2786 3539 fuerant,
2819 3474 3070 3546 hospitia
3099 3475 3172 3530 iis
3202 3477 3299 3546 qui
3342 3476 3516 3532 simul
3550 3495 3716 3535 vene-

2074 3573 2205 3623 rant
2255 3564 2625 3620 ordinabant.
2656 3563 2769 3618 Nec
2817 3581 2949 3619 vero
2981 3563 3080 3635 qui
3121 3564 3372 3636 hospitio
3426 3569 3712 3640 suscipie-

2075 3657 2237 3722 bant,
2287 3653 2582 3709 alacritate
2632 3658 2798 3708 erant
2843 3653 3144 3708 inferiores
3191 3654 3264 3711 iis
3311 3658 3409 3727 qui
3463 3658 3712 3728 hospitia

2074 3743 2466 3817 postulabant.
2500 3743 2756 3807 Quorum
2796 3759 2930 3797 cum
2966 3742 3109 3797 nihil
3141 3743 3315 3799 sciret
3367 3745 3585 3812 Petrus,
3619 3764 3712 3804 ro-

2075 3838 2247 3907 gatus
2277 3851 2309 3887 a
2343 3831 2730 3901 nobis,cibum
2765 3847 3015 3899 sumere,
3050 3849 3422 3904 nequaquam
3455 3852 3516 3890 se
3547 3852 3713 3904 sum-

2079 3929 2314 3995 pturum
2347 3921 2512 3989 dixit,
2545 3920 2660 3974 nisi
2694 3922 2854 3992 prius
2885 3922 2985 3990 qui
3017 3937 3149 3975 eum
3184 3923 3414 3977 fuerant
3459 3925 3718 3981 comitati

2081 4010 2618 4082 interquiescerent.
2654 4011 3156 4079 Respondentibus
3187 4017 3380 4066 autem
3436 4012 3620 4068 nobis.
3659 4013 3719 4068 Id

2072 4103 2198 4173 jam
2233 4100 2312 4155 ita
2356 4099 2574 4154 factum
2607 4103 2714 4165 est,
2749 4099 2853 4166 eis,
2889 4104 3122 4171 propter
3168 4117 3426 4157 amorem
3461 4118 3598 4173 erga
3644 4107 3720 4171 te,

2083 4207 2286 4248 omnes
2319 4190 2477 4261 ipsos
2509 4189 2769 4244 studiose
2818 4189 3296 4260 suscipientibus,
3329 4191 3471 4247 adeo
3504 4197 3586 4260 ut,
3621 4194 3724 4265 qui

2085 4297 2200 4336 non
2251 4279 2603 4344 habuerunt,
2657 4294 2804 4347 quos
2851 4277 3102 4349 hospitio
3152 4280 3493 4351 reciperent,
3545 4299 3724 4353 supra

2090 4368 2328 4423 modum
2365 4365 2578 4421 fuerint
2610 4365 2955 4436 contristati,
2989 4370 3192 4422 Petrus
3225 4369 3427 4423 audita
3457 4385 3534 4435 re,
3569 4368 3725 4424 dele-

2089 4462 2279 4513 ctatus
2308 4458 2578 4527 prompta
2610 4453 3323 4522 humanitate,benedictis
3354 4458 3424 4513 iis
3454 4475 3726 4529 egressus

2091 4551 2224 4602 est:
2259 4560 2510 4615 cumque
2557 4542 2797 4598 lavisset
2849 4544 2907 4598 in
2957 4545 3124 4611 mari,
3169 4546 3471 4618 ingressus
3519 4552 3626 4615 est,
3676 4551 3734 4602 et

2097 4641 2408 4708 postquam
2443 4631 2638 4688 cibum
2687 4649 2821 4687 cum
2853 4635 3310 4704 praecursoribus
3359 4636 3737 4706 sumpsisset,

2096 4729 2261 4780 nocte
2291 4722 2628 4778 adveniente
2658 4737 2864 4777 somno
2895 4739 2956 4778 se
2986 4722 3164 4777 dedit.

2170 4811 2731 4868 lll.Subsecundum
2754 4828 2885 4867 vero
2907 4812 3197 4884 gallorum
3213 4817 3449 4867 cantum
3473 4830 3739 4888 experge-

2101 4904 2287 4958 factus
2308 4917 2412 4955 nos
2441 4901 2660 4955 invenit
2694 4900 3277 4971 vigilantes;eramus
3311 4908 3503 4957 autem
3535 4919 3736 4957 omnes

2101 5009 2233 5047 cum
2265 5008 2331 5045 eo
2362 4989 2764 5060 sedecim,ipse
2782 4990 2984 5044 Petrus
3015 4997 3068 5044 et
3089 5007 3194 5061 ego
3218 4990 3739 5057 Clemens,Nicetas

2102 5085 2157 5136 et
2182 5078 2585 5150 Aquila,atque
2607 5077 2912 5132 duodecim
2939 5078 3035 5148 qui
3066 5079 3365 5151 praegressi
3392 5081 3742 5135 fuerant.Sa-

2103 5169 2307 5224 lutatis
2321 5184 2456 5238 ergo
2472 5167 2639 5221 nobis
2652 5166 2825 5221 dixit:
2846 5166 3020 5222 IIodie
3045 5169 3183 5238 quia
3202 5168 3331 5223 aliis
3348 5169 3609 5240 occupati
3629 5184 3742 5221 non

2105 5256 2510 5323 sumus,nobis
2541 5272 2835 5310 vacemus.
2872 5257 3148 5320 Quocirca
3178 5275 3281 5329 ego
3315 5258 3550 5328 quidem
3583 5256 3746 5310 vobis

2107 5363 2234 5418 quae
2267 5345 2419 5415 apud
2472 5344 2685 5416 Tyrum
2718 5347 2849 5414 post
2898 5344 3226 5416 digressum
3283 5351 3537 5399 vestrum
3584 5346 3750 5416 gesta

1709 5478 1946 5535 VAVIE
1982 5478 2392 5536 LECTIONES.

425 5570 678 5649 "feipav
726 5575 789 5649 _C.
866 5579 912 5613 ³⁸
967 5576 1130 5634 Alius
1190 5577 1452 5649 praaferet
1508 5573 1810 5649 caverique,
1867 5594 1970 5634 nec
2027 5578 2318 5649 immerito
2378 5578 2448 5649 9;
2484 5571 2789 5649 συνεσίῇσας
2831 5579 2894 5649 0_.

1685 5648 1730 5684 ³ο
1761 5643 1818 5702 δέ
1849 5664 1965 5704 om.
1999 5650 2063 5707 Ο.

1047 5719 1160 5794 ξείᾳ
1190 5715 1594 5801 φιλανθρωπίᾳ.
1624 5722 1680 5778 S.
1758 5720 1804 5758 ³⁸
1833 5718 2088 5778 εἰσελθών
2119 5725 2179 5778 C.

365 5641 406 5678 ³⁸
434 5640 788 5720 οὑόεμιᾼᾶςᾲς).
853 5651 899 5685 ²⁹
928 5640 1228 5720 Μαροώνού
1254 5650 1403 5720 Epit.
1437 5663 1487 5704 c.
1519 5648 1609 5720 59.

367 5668 899 5779 σινωὸημῗςέἀὶαἴ
912 5668 1048 5796 ξαῖ

2971 5576 3014 5610 ²⁷
3070 5568 3280 5630 Βύϐλον
3343 5575 3480 5636 Epit.
3543 5590 3591 5629 ο.
3652 5575 3742 5631 ἱ8.

2575 5646 2620 5720 θῗ
2652 5646 2803 5720 Fort.
2842 5647 2977 5720 λῦε.
3018 5647 3271 5720 *πάντωνἶ
3300 5652 3356 5702 8.
3388 5717 3404 5720 Α
3433 5647 3478 5682 ³³
3507 5644 3741 5718 ξενὶσου-

2327 5713 2707 5796 ἁγρηγορότας
2738 5717 2802 5774 Ο.
2837 5713 2986 5775 Τυῖῐι
3017 5715 3071 5790 ἓξ
3092 5715 3181 5771 καὶ
3222 5713 3348 5772 δέκα
3377 5717 3436 5778 C.

2142 5653 2186 5687 ³¹
2219 5646 2345 5716 πρὶν
2373 5642 2408 5716 ’ξ
2441 5650 2499 5701 C.
