4086 6216
294 336 411 397 227
1120 333 1181 393 S.
1232 331 1671 395 CLEMENTIS
1719 334 1739 393 l
1790 328 1975 393 llOM.
2026 330 2253 393 PONT.
2299 332 2554 394 OPERA
2604 331 2867 394 ΒΗΜΛ.

3580 322 3700 393 228

294 464 887 533 sunt,enarrabo:vos
919 467 1115 519 autem
1147 469 1339 519 autem
1370 464 1512 519 mihi
1533 480 1661 536 qua;
1678 463 1773 518 hic
1803 463 1918 519 aSi

2046 460 2151 515 ἀπὸ
2208 461 2381 539 Τύρου
2413 466 2456 499 ³⁷
2497 459 2677 533 ἔξοδον
2738 460 3074 537 γεγενημένα
3128 456 3488 536 διηγήσομαι,
3543 462 3697 534 ὑμεῖς

295 572 464 611 mone
494 557 821 626 perpetrata
868 559 1025 620 sunt,
1075 553 1410 626 diligentius
1468 553 1755 625 exponitc.
1789 552 1935 608 Cum

291 645 469 717 igitur
500 660 604 699 nos
637 646 840 698 mutuo
873 642 1228 714 specialibus
1262 642 1696 698 narrationibus
1730 642 1936 696 donas-

291 750 509 801 scmus,
544 732 847 804 ingressus
878 736 964 787 est
996 732 1234 803 quidam
1274 748 1303 786 e
1338 729 1747 797 familiaribus,
1779 729 1935 784 hunc

292 820 562 875 nuntium
599 821 762 876 Petro
793 821 1039 875 atl'erens
1075 837 1086 875 :
1121 821 1341 887 Simon,
1377 820 1473 874 ubi
1511 819 1715 873 didicit
1742 824 1797 878 te
1833 818 1933 872 ad-

291 910 540 974 venisse,
562 926 764 964 versus
796 909 1021 981 Syriam
1057 910 1352 981 profectus
1385 909 1679 978 est,turba2
1711 910 1930 975 autem,

292 1016 419 1070 quis
454 1014 628 1053 unam
653 998 803 1053 hanc
834 1004 1060 1053 noctem
1092 996 1247 1053 velut
1267 1012 1527 1052 annuum
1550 1001 1785 1068 tempus
1814 995 1934 1066 Opi-

292 1093 529 1153 nantur,
561 1103 665 1141 nec
698 1090 947 1157 possunt
978 1085 1364 1155 praestitutum
1397 1102 1431 1141 a
1458 1090 1514 1140 te
1546 1085 1698 1139 diem
1730 1099 1931 1155 exspe-

291 1180 465 1242 ctare,
498 1192 600 1247 pro
649 1176 869 1230 foribus
903 1179 1077 1243 stant,
1110 1180 1167 1230 et
1198 1191 1300 1246 per
1345 1178 1531 1229 costus
1570 1190 1635 1227 ac
1682 1172 1931 1228 circulos

288 1266 356 1320 de
392 1264 646 1320 Simonis
678 1263 990 1319 calumniis
1023 1264 1173 1317 inter
1204 1281 1265 1318 se
1312 1262 1553 1317 invicem
1589 1261 1928 1333 colloquun-

285 1353 508 1424 tur,qui
543 1369 674 1407 cum
695 1370 792 1408 eas
816 1353 873 1406 in
897 1370 1061 1424 spem
1080 1352 1619 1422 adduxisset,atque
1638 1350 1930 1422 pollicitus

285 1449 439 1498 esset
470 1442 623 1513 quod
648 1446 701 1495 te
735 1440 937 1495 multis
963 1443 1031 1496 de
1050 1440 1394 1495 criminibus
1416 1444 1753 1510 praesentem
1776 1443 1930 1493 esset

286 1530 679 1593 convicturus,
713 1528 943 1600 cognito
978 1529 1227 1583 adventu
1282 1533 1383 1583 tuo
1414 1543 1474 1583 se
1521 1532 1695 1581 noctu
1729 1526 1785 1580 in
1839 1527 1929 1580 fu-

286 1635 416 1691 gam
453 1617 912 1688 conjeccritzsed
944 1622 999 1671 et
1028 1622 1081 1672 te
1114 1616 1315 1672 audire
1337 1614 1704 1681 desiderant;
1731 1614 1927 1670 nescio

287 1706 438 1761 enim
477 1707 627 1760 unde
660 1722 860 1759 rumor
903 1704 1123 1769 incidit,
1160 1704 1327 1776 quasi
1360 1704 1531 1759 hodie
1562 1704 1641 1759 sis
1672 1704 1741 1757 ad
1794 1702 1926 1759 illos

285 1794 480 1849 locutu
492 1794 696 1849 rus.Ne
714 1792 1155 1863 igiturmultum
1175 1792 1391 1863 fatigati
1410 1798 1616 1864 praeter
1638 1791 1921 1847 rationem

282 1884 672 1951 dimittantur,
709 1882 848 1955 quid
901 1882 1004 1936 tibi
1040 1882 1368 1936 faciendum
1402 1881 1499 1947 sit,
1530 1880 1652 1953 ipse
1703 1897 1919 1952 cogno-

284 1974 419 2027 scis.

353 2060 440 2116 IV.
476 2062 543 2116 Et
574 2062 797 2126 Petrus,
818 2059 1143 2115 admiratus
1168 2058 1325 2131 vulgi
1357 2058 1642 2127 studium,
1678 2074 1918 2129 respon-

282 2151 408 2206 dit:
450 2149 691 2216 Videtis,
753 2150 982 2212 fratres,
1042 2164 1157 2219 quo
1217 2152 1385 2219 pacto
1444 2146 1673 2201 Domini
1735 2146 1917 2201 nostri

277 2240 449 2295 verba
512 2238 819 2293 manifesto
879 2236 1250 2307 impleantur.
1285 2235 1515 2289 Memini
1577 2235 1732 2289 enim
1783 2250 1917 2289 eum

279 2328 516 2383 dicere:
570 2328 724 2382 Multi
779 2327 997 2381 venient
1056 2326 1129 2380 ab
1185 2326 1391 2380 oriente
1445 2327 1495 2379 et
1552 2322 1840 2387 occidente,
1887 2339 1921 2376 a

275 2419 647 2488 septentrione
700 2418 752 2470 et
808 2414 1060 2479 meridie,
1120 2422 1170 2469 et
1226 2414 1539 2468 recumbent
1589 2414 1647 2466 in
1702 2412 1920 2466 sinibus

275 2506 525 2575 Abrahae,
556 2507 729 2561 Isaaci
775 2513 824 2559 et
849 2503 1035 2559 Jacobi
1077 2502 1173 2573 (a).
1228 2503 1335 2556 Sed
1370 2507 1426 2556 et
1473 2502 1647 2569 Multi,
1704 2500 1918 2570 inquit,

276 2598 471 2664 vocati,
503 2596 668 2666 pauci
714 2609 837 2648 vero
867 2593 1021 2647 electi
1052 2591 1147 2662 (b).
1183 2590 1342 2654 Quod
1375 2606 1511 2661 ergo
1543 2590 1649 2660 ipsi
1684 2588 1921 2643 veniant

275 2684 481 2749 vocati,
516 2682 569 2737 id
604 2681 989 2753 adimpletum
1038 2685 1145 2735 est.
1173 2678 1317 2742 Quia
1345 2695 1477 2734 vero
1529 2678 1637 2733 hoc
1668 2695 1779 2732 non
1832 2681 1920 2733 est

278 2789 477 2827 eorum
534 2772 855 2843 proprium,
884 2770 982 2824 sed
1038 2772 1125 2824 est
1158 2767 1254 2823 Dei
1305 2767 1403 2838 qui
1453 2784 1551 2822 eos
1581 2767 1803 2822 vocavit
1852 2783 1917 2821 ac

277 2861 414 2914 fecit
429 2860 707 2927 venire,in
735 2876 799 2913 eo
814 2858 936 2913 solo
966 2857 1289 2911 mercedem
1317 2872 1429 2910 non
1452 2860 1916 2926 consequuntur,

280 2944 565 3020 quoniam
592 2949 853 3019 ipsorum
888 2945 1184 3017 proprium
1221 2962 1334 2999 non
1367 2948 1474 3010 est,
1509 2944 1608 2998 sed
1658 2944 1784 3015 ejus
1818 2943 1916 3015 qui

278 3039 580 3110 permovit.
632 3036 793 3100 Quod
842 3034 890 3089 si
938 3039 1069 3107 post
1116 3033 1476 3089 vocationem
1545 3033 1698 3088 bona
1744 3049 1919 3105 opera

274 3127 513 3195 faciant,
568 3126 721 3196 quod
775 3141 976 3180 eorum
1029 3127 1117 3179 est
1161 3121 1484 3194 proprium,
1516 3125 1658 3176 tunc
1707 3139 1811 3193 pro
1851 3138 1916 3177 eo

273 3215 556 3286 recipient
586 3214 934 3268 mercedem.

344 3304 410 3357 V.
445 3303 642 3373 Neque
674 3302 827 3357 enim
883 3301 1127 3366 Hebraei,
1161 3299 1343 3372 Moysi
1377 3299 1757 3366 credentes,et
1787 3316 1913 3371 qua:

271 3392 342 3446 ab
375 3408 441 3447 eo
473 3392 627 3445 dicta
675 3394 813 3444 sunt
843 3406 955 3444 non
1003 3388 1418 3454 custodientes,
1454 3387 1772 3452 salvantur,
1802 3388 1913 3443 nisi

273 3497 398 3551 qua:
431 3481 542 3535 sibi
598 3480 751 3533 dicta
782 3484 920 3533 sunt
958 3476 1310 3532 custodiant.
1344 3476 1488 3531 Nam
1523 3477 1677 3547 quod
1731 3477 1912 3548 Moysi

272 3568 645 3633 crediderint,
682 3584 795 3622 non
851 3583 917 3621 ex
948 3566 1179 3620 illorum
1230 3570 1421 3619 ortum
1456 3570 1544 3619 est
1588 3564 1911 3633 voluntate,

270 3658 369 3713 sed
428 3674 495 3713 ex
558 3656 653 3711 Dei
714 3656 813 3727 qui
877 3655 1053 3727 Moysi
1116 3653 1260 3708 dixit
1316 3670 1327 3708 :
1379 3655 1513 3708 Ecce
1567 3670 1663 3722 ego
1719 3654 1911 3710 accedo

266 3747 336 3801 ad
385 3756 433 3802 te
478 3749 537 3801 in
584 3746 837 3800 columna
882 3746 1065 3809 nubis,
1099 3752 1159 3798 ut
1188 3742 1379 3797 audiat
1424 3748 1659 3813 populus
1688 3746 1910 3813 quando

264 3839 456 3909 loquor
510 3836 580 3891 ad
655 3844 730 3902 te,
792 3839 841 3890 et
898 3834 1001 3888 tibi
1074 3833 1299 3888 credunt
1354 3834 1409 3886 in
1487 3838 1759 3889 mtemum
1816 3833 1905 3904 (c).

262 3927 407 3982 Cum
460 3941 596 3997 ergo
629 3923 882 3979 Hebraeis
930 3927 985 3976 et
1016 3921 1112 3990 iis,
1145 3920 1243 3992 qui
1293 3938 1361 3975 ex
1401 3920 1675 3993 gentibus
1722 3920 1906 3975 vocati

264 4020 421 4082 sunt,
445 4032 476 4069 a
508 4015 623 4069 Deo
654 4014 857 4069 datum
888 4010 965 4065 sit
995 4011 1227 4065 credere
1257 4009 1515 4065 veritatis
1548 4010 1904 4077 doctoribus,

264 4104 649 4173 relictumque
681 4102 757 4156 sit
805 4098 1170 4167 singulorum
1206 4099 1436 4169 proprio
1479 4097 1722 4166 judicio,
1756 4099 1908 4154 bona

264 4208 440 4262 opera
499 4206 780 4256 exercere,
829 4204 1051 4242 merces
1110 4188 1253 4241 bene
1314 4188 1691 4258 operantibus
1743 4187 1905 4257 juste

263 4281 619 4352 rependitur.
657 4278 853 4348 Neque
883 4277 1037 4331 enim
1082 4274 1279 4341 Mosis,
1317 4292 1502 4346 neque
1555 4275 1767 4330 Christi
1802 4277 1904 4330 ad-

260 4375 432 4425 ventu
464 4385 611 4441 opus
651 4367 878 4430 fuisset,
912 4366 959 4420 si
993 4383 1025 4419 a
1057 4382 1117 4419 se
1150 4364 1293 4435 ipsis
1320 4366 1471 4435 quod
1508 4366 1714 4419 rationi
1767 4382 1903 4420 con-

261 4464 600 4514 sentaneum
636 4461 723 4512 est
752 4454 1073 4510 voluissent
1105 4452 1430 4524 intelligere
1464 4469 1476 4507 :
1513 4454 1611 4507 sed
1645 4470 1748 4509 nec
1779 4472 1902 4509 ma-

2032 547 2103 605 δὲ
2135 552 2178 587 ³⁸
2228 549 2351 622 ἐμοὶ
2389 551 2455 605 τά
2505 551 2730 614 ἐνταῦθα
2780 551 2882 605 ὑπὸ
2926 554 3024 604 τοῦ
3059 550 3309 623 Σίμωνος
3338 553 3691 625 πεπραγμένα

2044 638 2133 693 καὶ
2193 634 2567 715 ἀκριϐέστερον
2619 640 2950 714 ἐξηγήσασθε
3005 641 3069 695 ³⁸.
3124 639 3537 713 Ἀμειψαμένων
3597 640 3684 694 οὖν

2045 724 2329 797 ἀλλήλους
2387 733 2505 790 ταῖς
2560 726 2612 782 ἐν
2675 728 2823 801 μέρει
2876 724 3210 804 διηγήσεσιν,
3245 726 3417 800 εἰσῄει
3462 747 3542 789 τις
3579 733 3681 782 τῶν

2045 820 2290 886 συνήθων
2339 814 2705 892 ἀπαγγέλλων
2759 816 2966 892 Πέτρῳ
3016 815 3097 870 ὅτι
3152 815 3337 888 Σίμων
3397 816 3581 889 μαθών
3633 838 3689 871 σε

2044 902 2456 975 ἐπιδημήσαντα
2520 908 2617 975 τήν
2698 904 2783 959 ἐπὶ
2864 904 3057 981 Συρῖαν
3119 904 3372 979 ὥρμησεν
3428 901 3577 972 ὁδὸν,
3638 906 3689 959 οἱ

2044 989 2101 1046 δὲ
2149 987 2315 1067 ὄχλοι
2362 994 2459 1061 τὴν
2513 991 2637 1067 μίαν
2697 992 2896 1061 ταύτην
2944 992 3111 1047 νύκτα
3141 993 3217 1055 ὡς
3255 992 3500 1048 ἐνιαυτοῦ
3551 992 3688 1068 χρό-

2041 1101 2127 1134 νον
2186 1082 2545 1157 ἡγησάμενοι,
2604 1082 2692 1136 καὶ
2754 1082 3033 1155 ἀναμένειν
3092 1083 3191 1152 τὴν
3271 1080 3513 1137 δοθεῖσαν
3589 1083 3692 1137 ὑπὸ

2040 1173 2137 1222 σοῦ
2220 1170 2552 1244 προθεσμίαν
2641 1172 2718 1242 μή
2803 1168 3112 1243 δυνάμενοι,
3168 1171 3275 1247 πρὸ
3338 1176 3447 1226 τῶν
3507 1174 3683 1248 θυρῶν

2041 1254 2345 1329 ἐστήκασιν,
2382 1260 2516 1312 κατά
2573 1258 2840 1329 συντάξεις
2889 1261 2933 1296 ⁴⁰
2984 1259 3071 1313 καὶ
3130 1258 3439 1335 συλλόγους
3505 1258 3691 1330 ἀλλή-

2040 1341 2160 1406 λοις
2207 1343 2329 1415 περὶ
2374 1352 2473 1414 τῆς
2520 1351 2616 1401 τοῦ
2668 1346 2919 1420 Σίμωνος
2965 1343 3231 1419 διαϐολῆς
3277 1346 3686 1421 διαλαλοῦντες,

2039 1431 2121 1486 δτι
2183 1434 2511 1510 μετεωρίσας
2570 1434 2782 1507 αὐτοὺς,
2816 1436 2905 1491 καὶ
2964 1436 3048 1491 ἐπὶ
3108 1435 3343 1499 πολλοῖς
3399 1443 3589 1499 κακοῖς
3629 1459 3687 1493 σε

2040 1518 2272 1595 ἐλέγξειν
2325 1520 2552 1585 ἐλθόντα
2602 1525 2998 1601 ὑποσχόμενος,
3051 1523 3470 1599 ἐπιδημήσαντα
3522 1525 3686 1603 γνοὺς

2036 1608 2246 1685 νύκτωρ
2315 1607 2522 1688 ἔτρυγεν·
2584 1611 2731 1682 πλὴν
2808 1613 3160 1686 ἐπιθυμοῦσιν
3240 1614 3391 1670 αὗτοὶ
3463 1614 3683 1670 ἀκοῦσαί

2038 1718 2152 1753 σου.
2187 1698 2297 1753 Οὐκ
2327 1697 2448 1753 οἴδα
2474 1700 2634 1764 πόθεν
2673 1704 2831 1778 φήμη
2884 1724 2966 1765 τις
3015 1702 3289 1774 ἐπέπεσεν,
3325 1704 3399 1765 ὡς
3456 1702 3684 1777 μέλλον-

2034 1785 2125 1848 τός
2176 1808 2270 1841 σου
2321 1790 2558 1864 σήμερον
2614 1789 2794 1851 αότοῖς
2855 1788 3215 1867 διαλέγεσθαι.
3276 1795 3390 1849 Ἵνα
3448 1790 3537 1846 οῦν
3602 1794 3677 1865 μή

2031 1874 2116 1929 ἐπὶ
2174 1874 2318 1930 πολὺ
2375 1877 2636 1949 καμόντες
2694 1879 2906 1955 ἀλόγως
2965 1877 3402 1951 διαλ·5ωνται,τί
3450 1884 3559 1958 χρή
3622 1903 3683 1937 σε

2027 1970 2223 2037 ποιεῖν,
2258 1965 2416 2028 αὐτὸς
2446 1967 2753 2041 γινώσκεις.

2103 2054 2191 2110 IV.
2227 2054 2322 2108 Καὶ
2355 2056 2382 2108 ὁ
2415 2056 2637 2130 Πέτρος,
2670 2055 2945 2130 θαυμάσας
2972 2062 3079 2112 τῶν
3132 2052 3323 2134 ὄχλων
3368 2060 3467 2127 τήν
3516 2079 3679 2113 σπου-

2030 2139 2149 2213 δην,
2181 2142 2522 2218 ἀπεκρίνατο⁸
2559 2146 2765 2221 Ὀρᾶτε,
2799 2143 3047 2223 ἀδελφοὶ,
3080 2151 3195 2209 πῶς
3247 2148 3297 2201 οἱ
3327 2151 3424 2202 τοῦ
3478 2146 3679 2223 Κυρίου

2028 2233 2187 2303 ἡμῶν
2272 2229 2429 2305 λόγοι
2509 2231 2761 2310 ἐμφανῶς
2835 2232 3137 2292 τελοῦνται.
3199 2238 3497 2309 Μέμνημαι
3572 2236 3677 2311 γὶρ

2029 2320 2193 2375 αὐτοῦ
2253 2320 2520 2383 εἰπόντος·
2584 2320 2795 2377 Πολλοὶ
2851 2323 3159 2379 ἐλεύσονται
3230 2325 3335 2379 ἀπὸ
3400 2324 3675 2380 ἀνατολῶν

2027 2410 2114 2463 καὶ
2178 2406 2419 2481 δυσμῶν,
2473 2408 2668 2484 ἄρκτου
2724 2432 2782 2466 τε
2837 2412 2926 2467 καὶ
2990 2408 3354 2489 μεσημϐρίας,
3408 2414 3496 2468 καὶ
3552 2416 3677 2469 ἀνα-

2027 2495 2375 2568 κλιθήσονται
2437 2498 2512 2561 εἷς
2568 2498 2808 2563 κόλπους
2845 2497 3097 2576 Ἀϐραάμ
3152 2503 3241 2557 καὶ
3300 2504 3455 2560 184
3501 2504 3678 2559 Ἰσαάκ

2026 2586 2115 2640 καὶ
2174 2582 2385 2643 Ἰακώϐ.
2450 2586 2625 2643 Ἀλλᾶ
2708 2589 2796 2644 καὶ
2878 2589 3105 2661 πολλοῖ,
3194 2592 3379 2668 φησῖν,
3453 2591 3672 2661 κλητοὶ,

2030 2673 2213 2751 ὀλίγοι
2267 2673 2323 2729 δὲ
2381 2676 2645 2732 ἐκλεκτοί.
2677 2678 2745 2731 Τὸ
2804 2678 2908 2750 μην
2969 2676 3058 2733 οὖν
3103 2678 3275 2733 ἐλθεῖν
3309 2679 3499 2742 αὐτοῦς
3530 2678 3671 2751 κλη-

2030 2762 2213 2827 θέντας
2288 2764 2668 2840 πεπλήρωται.
2730 2766 2879 2821 Ἐπεὶ
2938 2765 2995 2821 δὲ
3043 2770 3086 2806 δί
3150 2768 3248 2822 οὐκ
3318 2769 3486 2823 αὐτῶν
3560 2769 3672 2824 ἐστι

2025 2858 2190 2907 τοῦτο
2227 2850 2383 2921 ἴδιον,
2418 2853 2562 2909 ἀλλά
2614 2859 2710 2909 τοῦ
2756 2854 3083 2918 καλέσαντος
3145 2856 3335 2919 αὐτοὺς
3392 2862 3522 2913 Θεοῦ
3577 2858 3671 2913 καὶ

2028 2940 2201 3005 ἐλθεῖν
2279 2942 2660 3014 πεποιηκότος,
2719 2943 2805 2998 ἐπὶ
2880 2945 3059 3017 τούτῳ
3116 2945 3267 3019 μόνῳ
3328 2948 3520 3019 μισθὸν
3572 2947 3671 3002 οὐκ

2028 3028 2268 3106 ἔχουσιν,
2302 3030 2383 3086 ὅτι
2414 3033 2488 3104 μή
2522 3031 2694 3087 αὐτῶν
2729 3030 2886 3105 ἴδιον,
2920 3032 3065 3089 ἀλλὰ
3108 3039 3207 3089 τοῦ
3257 3034 3670 3110 ἐνεργήσαντος.

2026 3120 2148 3173 Ἐὰν
2196 3117 2251 3174 δὲ
2308 3120 2441 3193 μετὰ
2486 3121 2546 3175 τὸ
2594 3125 2638 3157 ⁴²
2685 3120 2951 3191 κληθῆναι
3002 3121 3147 3177 καλά
3192 3124 3486 3199 πράξωσιν,
3539 3124 3673 3203 ὅπερ

2030 3208 2167 3263 ἐστὶν
2202 3207 2374 3262 αὐτῶν
2405 3206 2559 3277 ἴδιον,
2590 3209 2712 3264 τότε
2744 3209 2828 3264 ἐπὶ
2858 3210 3038 3283 τούτῳ
3073 3213 3262 3285 μισθὸν
3298 3209 3525 3285 ἕξουσιν.

2096 3299 2161 3353 ν.
2195 3294 2334 3354 Οὐδὲ
2414 3299 2516 3374 γάρ
2600 3294 2842 3374 Ἑϐραῖοι
2929 3306 3149 3355 Μωϋσεῖ
3204 3304 3248 3338 ⁸³
3307 3303 3671 3376 πιστεύοντες,

2021 3386 2109 3441 καὶ
2166 3387 2231 3440 τὸ.
2278 3384 2347 3441 δι’
2379 3386 2541 3441 αὐτοῦ
2591 3386 2819 3463 ῥηθέντα
2855 3389 2930 3461 μή
2963 3388 3346 3466 φυλάσσοντες,
3381 3391 3669 3460 σώζονται,

2024 3474 2108 3530 ἐὰν
2163 3477 2237 3549 μὴ
2282 3477 2346 3530 τά
2394 3476 2624 3551 ῥηθέντα
2672 3476 2854 3539 αὐτοῖς
2901 3477 3228 3555 φυλάξωσιν.
3264 3482 3380 3534 ’Ότι
3413 3480 3594 3535 καὶτὸ
3625 3484 3670 3517 ⁸⁸

2021 3571 2239 3619 Μωυσεῖ
2295 3570 2571 3619 πιστεῦσαι
2628 3565 2822 3628 αὐτοὺς
2877 3567 3006 3641 οὐχὶ
3061 3575 3160 3637 τῆς
3221 3567 3395 3623 αὐτῶν
3460 3569 3670 3643 βουλῆς

2019 3655 2258 3728 γέγονεν,
2293 3652 2438 3708 ἀλλᾶ
2492 3659 2588 3709 τοῦ
2643 3660 2776 3709 Θεοῦ
2832 3660 2928 3709 τοῦ
2989 3656 3273 3731 εἷρηκότος
3333 3663 3552 3712 Μωυσεῖ
3596 3661 3662 3713 ιβ·

2019 3741 2157 3799 Ἰδοὺ
2207 3742 2573 3818 παραγίνομαι
2627 3743 2730 3819 ἐγὼ
2778 3745 2915 3817 πρὸς
2966 3745 3022 3799 σὲ
3073 3744 3124 3800 ἐν
3181 3744 3367 3818 στόλῳ
3417 3745 3669 3823 νεφέλης,

2011 3831 2104 3886 ’ίνα
2162 3832 2361 3906 ἀκούσῃ
2409 3832 2436 3885 ὁ
2496 3831 2625 3894 λαὸς
2687 3831 2987 3895 λαλοῦντός
3051 3855 3155 3907 μου
3235 3835 3371 3910 πρὸς
3440 3836 3517 3906 σε,
3576 3836 3666 3891 καί

2018 3942 2100 3975 σοι
2160 3922 2512 3975 πιστεύσωσιν
2568 3921 2643 3982 εἷς
2700 3922 2790 3976 τὸν
2847 3921 3035 3978 αἰῶνα.
3072 3923 3218 3979 Ἑπεῖ
3262 3923 3352 3977 οὗν
3387 3919 3659 3997 Ἑϐραίοις

2014 4031 2072 4065 τε
2127 4010 2216 4064 καὶ
2272 4014 2387 4070 τοῖς
2448 4009 2555 4064 ἀπᾶ.
2612 4009 2774 4064 ἐθνῶν
2829 4009 3189 4083 κεκλημένοις
3220 4012 3281 4066 τὸ
3314 4010 3663 4075 διδασκάλοις

2017 4097 2275 4169 ἀληθείας
2304 4102 2581 4153 πιστεῦσαι
2616 4098 2674 4153 ἐκ
2704 4103 2837 4154 Θεοῦ
2868 4100 3112 4173 γέγονεν,
3142 4105 3249 4154 τῶν
3282 4098 3466 4155 καλῶν
3525 4101 3661 4177 πρά-

2016 4189 2143 4259 ξεων
2207 4185 2319 4259 ἰδίᾳ
2372 4186 2542 4263 κρίσει
2605 4188 2810 4261 ἑκάστῳ
2869 4194 3043 4243 ποιεῖν
3095 4188 3599 4262 ἀπολελειμμένων,
3632 4191 3661 4245 ὁ

2019 4278 2204 4350 μισθὸς
2261 4282 2374 4338 τοῖς
2431 4276 2487 4330 εὗ
2527 4275 2821 4350 πράσσουσι
2881 4275 3102 4339 δικαίως
3157 4275 3494 4335 ἀποδίδοται.
3530 4275 3663 4333 Οὕτι

2013 4367 2116 4440 γὰρ
2176 4366 2234 4420 ἃν
2291 4366 2585 4435 Μωϋσέως,
2645 4363 2766 4420 οὔτε
2824 4374 2923 4435 τῆς
2979 4371 3080 4420 τοῦ
3129 4368 3309 4437 Ἰησοῦ
3367 4367 3661 4443 παρουσίας

2013 4455 2174 4530 χρεία
2230 4451 2490 4528 ἦν,ε”περ
2550 4455 2637 4532 ἀφ’
2669 4455 2869 4509 ἑαυτῶν
2922 4455 2984 4510 τὸ
3030 4453 3252 4531 εὔλογον
3310 4462 3452 4510 νοεῖν
3504 4450 3662 4510 ἐϐού-

260 4546 461 4619 gistris
492 4544 778 4601 credendo
808 4559 1023 4615 eosque
1050 4539 1318 4596 dominos
1348 4542 1605 4597 vocando
1624 4542 1784 4598 salus
1817 4560 1904 4599 ac-

2033 4553 2197 4611 lovro,
2235 4540 2359 4597 οὐδὲ
2411 4542 2460 4597 ἐν
2491 4547 2569 4614 τῷ
2599 4542 2869 4598 πιστεύειν
2900 4541 3247 4607 διδασκάλοις
3296 4545 3384 4599 καὶ
3441 4545 3661 4617 κυρίους

260 4640 535 4779 qui/'21}
587 4722 714 4778 ideo
772 4720 842 4776 ab
902 4718 1155 4775 Hebraeis
1214 4718 1452 4789 quidem
1486 4717 1586 4791 qui
1642 4718 1897 4792 Moysem

2008 4631 2202 4693 αὐτοὺς
2233 4630 2436 4707 λέγειν,
2465 4633 2500 4702 ἡ
2534 4631 2779 4707 σωτηρία
2808 4632 3037 4708 γίνεται.

2080 4721 2170 4777 Vl.
2199 4720 2403 4776 Τούτου
2445 4720 2547 4797 γὰρ
2580 4723 2692 4795 (13)
2719 4717 2892 4777 ἕνεκεν
2945 4723 3049 4777 ἀπὸ
3104 4722 3197 4796 μὲν
3240 4719 3504 4800 Ἑϐραίων
3563 4723 3657 4777 τὸν

325 4876 403 4948 (α)
434 4873 638 4930 Matth.
670 4890 789 4942 vm,
826 4874 886 4927 11
916 4890 929 4940 ;
963 4872 1097 4927 Luc.
1131 4887 1255 4938 xm,
1287 4869 1378 4925 29.
1456 4870 1531 4941 (b)
1564 4870 1771 4926 Matth.
1803 4889 1896 4941 xx,
1933 4874 2018 4927 16.
2097 4873 2166 4945 (c)
2199 4874 2373 4929 Exod.
2406 4890 2520 4944 xxx,
2550 4874 2605 4928 9.

1614 5028 1852 5086 VARI/{'3
1891 5033 2190 5089 LECTION
2200 5034 2298 5090 ES.

326 5160 369 5230 f7
398 5156 502 5211 ἀπὸ
558 5159 654 5210 τοῦ
709 5153 897 5230 ἸῘοόρου,
938 5154 998 5209 C.
1073 5153 1117 5230 3f
1173 5170 1233 5205 τε
1284 5151 1350 5230 O_,
1411 5151 1815 5230 qui_su_hinde
1873 5154 1996 5230 ἐμοὶ
2038 5154 2105 5230 τά
2152 5174 2201 5230 c_.
2235 5154 2416 5230 _S,_‘c&
2466 5154 2590 5228 ἐμοί
2638 5158 2697 5214 C.
2747 5158 3075 5217 Proximum
3118 5159 3206 5215 καί
3238 5178 3349 5217 non
3384 5163 3559 5218 estin
3591 5162 3657 5218 Ο.

332 5227 660 5305 διηγ-ήσπισθε
718 5221 829 5305 O.'_
859 5228 903 5305 δέ
958 5224 1232 5305 συσξξὶσεις
1278 5227 1347 5305 ‘C.
1394 5221 1494 5305 *δί’
1530 5222 1647 5305 ἐπεὶ
1708 5221 1765 5305 δέ
1816 5221 1997 5305 S,_'O,
2057 5225 2241 5305 ἐπειδή
2278 5228 2363 5305 _C.
2416 5221 2564 5305 Tum
2612 5233 2773 5305 τρῦτο
2820 5249 2869 5288 c.
2922 5234 3089 5305 0,7ut
3121 5238 3389 5305 proponit
3417 5242 3474 5298 S,
3502 5233 3564 5287 τό
3598 5241 3657 5289 Ο.

257 5304 308 5337 ⁴²
341 5293 565 5375 μετ’ἀίτὸ
599 5308 664 5367 U,
698 5308 761 5354 ut
791 5299 928 5375 Epit.
963 5314 1011 5351 c.
1043 5297 1140 5375 62,7
1168 5293 1495 5375 μετάςεοῦϐ
1526 5296 1587 5375 in
1616 5302 1805 5375 textu.
1827 5293 1907 5375 Ad
1937 5293 2103 5375 pram
2137 5293 2513 5375 Ott'obonlani
2547 5318 2559 5357 :
2593 5296 2743 5375 νόθα,
2776 5308 2831 5358 et
2879 5293 3049 5374 paulo
3101 5293 3273 5374 post:
3306 5293 3657 5375 νοθευόμενα,

256 5366 408 5446 quod
443 5374 510 5427 ad
545 5366 963 5442 subsequentia
990 5373 1233 5439 spectat.
1312 5366 1356 5400 ‘3
1386 5369 1591 5439 Μωυσῇ
1625 5368 1689 5423 Ο,
1768 5371 1813 5404 ιι
1839 5368 1901 5425 τό
1928 5371 1992 5439 ο,
2029 5376 2091 5426 ιη
2124 5370 2346 5427 mavult
2375 5378 2431 5440 δ’
2462 5374 2542 5443 τῷ
2571 5375 2629 5430 ο.
2664 5366 2810 5431 Tum
2843 5368 3046 5449 Μωυσῇ
3097 5366 3160 5432 Ο.
3238 5377 3282 5411 ιε
3335 5366 3537 5449 “ww-ﬁ
3589 5366 3655 5432 0;

1632 5518 2011 5579 VABlORUM
2045 5522 2277 5578 NOTAE.

320 5648 431 5729 (13)
460 5646 662 5707 Τούτου
693 5646 796 5729 γὰρ
827 5666 878 5702 κ.
911 5664 960 5700 τ.
995 5639 1052 5701 λ.
1082 5640 1227 5699 Vide
1258 5656 1330 5699 ne
1360 5644 1631 5718 nugatori
1659 5645 1931 5707 Ebionaao
1962 5648 2139 5709 ﬁdem
2170 5646 2409 5705 habeas.
2443 5647 2576 5709 Cor.

4069 4710 4073 4847 ί
