4086 6216
125 43 523 269 ’

125 43 523 269 ’

264 373 359 433 229
1310 365 1843 428 CLEMENTINA.
1881 399 1952 409 —
1985 366 2316 429 HOMILIA
2366 368 2521 429 VIII.

3505 372 3625 432 230

264 504 465 568 Μωυσῆν
498 500 541 535 ⁸⁸
589 492 906 552 διδάσκαλον
972 496 1105 556 185
1172 497 1479 575 εἰληφότων
1534 496 1861 551 καλύπτεται

2003 508 2388 570 irasceptorem
2422 500 3184 572 acreperunt,absconditur
3214 501 3384 558 Jesus
3411 519 3422 558 :
3448 504 3518 558 ab
3552 504 3625 559 iis

266 593 515 659 δἸησοῦς,
548 588 648 641 ἀπὸ
679 590 720 622 ⁸⁷
754 585 812 640 δὲ
838 590 918 657 τῷ
950 587 1128 654 Ἰησοῦ
1178 586 1608 640 πεπιστευκότων
1644 586 1672 639 6
1705 588 1869 641 Μωυ-

267 688 345 748 σῆς
396 676 804 749 ἀποκρύπτεται.
866 681 1005 736 Μιᾶς
1050 676 1151 750 γὰρ
1205 672 1274 729 δι’
1329 674 1651 752 ἀμφοτέρων
1719 671 1868 728 διδα-

266 766 453 827 σκαλίας
535 761 699 832 οὔσης
781 764 873 819 τὸν
959 763 1165 818 τούτων
1221 763 1329 817 τινὶ
1386 765 1431 799 ⁸⁸
1482 762 1873 817 πεπιστευκότα

1983 603 2113 642 vero
2146 588 2243 659 qui
2278 588 2336 642 in
2368 588 2571 643 Jesum
2612 589 3000 656 crediderunt,
3032 590 3221 646 Moses
3275 591 3621 651 occultatur.

1980 682 2121 731 Cum
2171 677 2326 731 enim
2379 694 2496 731 una
2544 677 2620 732 sit
2666 693 2767 748 per
2813 683 3130 751 utrumque
3170 680 3454 745 doctrina,
3486 698 3621 737 eum

1983 765 2086 837 qui
2118 765 2421 821 alterutrui
2454 766 2635 821 credit
2664 767 2864 838 recipit
2896 768 3068 823 Deus.
3102 773 3315 823 Verum
3366 771 3509 825 ﬁdes
3561 772 3622 826 in

266 856 431 917 ὁθεὸς
484 850 830 928 ἀποδέχεται.
887 850 1061 909 Ἀλλὰ
1114 852 1178 906 τὸ
1234 851 1501 907 πιστεύειν
1563 848 1874 923 διδασκάλῳ

2003 854 2332 926 nagistrum
2367 855 2494 910 ideo
2525 862 2629 921 est,
2663 861 2724 909 ut
2758 873 2883 927 qua;
2915 874 2948 911 a
2978 857 3093 912 Deo
3139 858 3290 913 dicta
3321 864 3459 913 sunt
3489 877 3625 931 per-

265 943 390 1001 ἓνεκα
430 947 523 998 τοῦ
570 946 744 996 ποιεῖν
782 942 851 995 τὰ
900 940 1002 996 ὑπὸ
1048 944 1145 995 τοῦ
1176 944 1220 977 ⁸⁸
1249 944 1382 996 Θεοῦ
1422 938 1689 1016 λεγόμενα
1733 938 1876 1015 γίνε-

266 1055 354 1089 ται.
378 1035 487 1086 Ὀτι
517 1028 576 1086 δὲ
602 1031 755 1094 τοῦθ’
784 1028 959 1091 οὕτως
1008 1024 1145 1105 ἔχει,
1174 1028 1333 1091 αὐτὸς
1384 1030 1411 1084 6
1461 1028 1658 1103 Κύριος
1713 1030 1874 1102 ἡμῶν

268 1121 402 1197 λίγει-
457 1116 929 1194 Ἐξομολογοῦμαί
986 1120 1030 1155 ⁸⁰
1088 1138 1195 1185 σοι,
1249 1119 1422 1193 Πάτερ
1487 1121 1584 1172 τοῦ
1649 1116 1877 1192 οὐρανοῦ

266 1210 337 1265 καὶ
383 1216 475 1278 τῆς
530 1210 658 1284 γῆς,
718 1206 801 1262 ὅτι
860 1205 1167 1283 ἀπέκρυψας
1226 1210 1392 1261 ταῦτα
1445 1206 1550 1260 ἀπὸ
1609 1210 1787 1284 σοφῶν
1833 1208 1875 1242 ⁵¹

267 1300 337 1353 καὶ
407 1291 800 1373 πρεσϐυτέρων,
858 1294 948 1349 καὶ
1030 1291 1379 1365 ἀπεκάλυψας
1455 1293 1589 1348 αὐτὰ
1660 1292 1879 1363 νηπίοις

268 1385 583 1457 θηλάζουσιν.
609 1384 799 1445 Οὕτως
830 1383 991 1445 αὐτὸς
1023 1384 1050 1437 6
1072 1383 1201 1445 Θεὸς
1231 1388 1349 1445 τοῖς
1384 1383 1478 1454 μὲν
1512 1381 1707 1460 ἔκρυψε
1737 1380 1881 1437 διδά-

272 1475 453 1546 σκαλον,
498 1476 573 1535 ὡς
643 1472 1051 1549 προεγνωκόσιν
1102 1472 1135 1525 ἃ
1187 1469 1269 1526 δεῖ
1334 1472 1605 1545 πράττειν,
1663 1478 1778 1534 τοῖς
1823 1470 1881 1527 δὲ

273 1562 601 1637 ἀπεκάλυψεν,
636 1563 711 1624 ὡς
742 1562 1025 1637 ἀγνοοῦσιν
1058 1560 1092 1615 ’ὰ
1122 1562 1235 1636 χρὴ
1267 1566 1459 1615 ποιεῖν.

326 1656 425 1710 VII.
454 1651 590 1707 Οὔτε
641 1651 733 1706 οὖν
762 1646 1009 1725 Ἑϐραῖοι
1058 1649 1181 1725 περὶ
1241 1647 1456 1725 ἀγνοίας
1490 1646 1669 1719 Ἰησοῦ
1720 1670 1881 1704 κατα-

274 1740 560 1811 δικάζονται,
594 1738 687 1795 διὰ
731 1738 826 1795 τὸν
874 1738 1169 1815 κρύψαντα,
1221 1737 1307 1793 ἐάν
1356 1759 1418 1813 γε
1464 1738 1786 1813 πράττοντες
1819 1738 1885 1792 τὰ

1986 948 2253 1015 agantur.
2288 944 2446 1007 Quod
2489 949 2683 998 autem
2718 943 2823 999 hoc
2856 944 2936 998 ita
2985 962 3047 999 se
3078 945 3309 1010 habeat,
3343 946 3467 1018 ipse
3514 947 3624 1002 Do-

1989 1032 2186 1087 minus
2217 1038 2413 1087 noster
2442 1032 2521 1087 ait
2550 1048 2561 1087 :
2596 1034 2870 1100 Conﬁteor
2899 1035 3192 1099 tibi,Pater
3218 1036 3345 1090 caeli
3368 1045 3417 1090 et
3445 1039 3624 1105 terra,

1987 1123 2120 1193 quia
2175 1122 2501 1177 abscondisti
2558 1121 2675 1177 haec
2711 1138 2741 1174 a
2797 1123 3137 1191 sapientibus
3195 1127 3245 1177 et
3300 1125 3627 1191 senioribus,

1988 1214 2037 1265 et
2066 1210 2321 1265 revelain
2347 1226 2413 1264 ea
2432 1210 2693 1281 parvulis
2724 1210 3050 1265 lactentibus
3080 1210 3177 1281 (a).
3200 1212 3293 1266 Sic
3322 1212 3475 1267 Deus
3505 1213 3629 1284 ipse

1991 1298 2105 1354 illis
2133 1298 2367 1368 quidem
2402 1298 2704 1353 abscondit
2728 1298 3123 1366 doctorem,ut
3145 1301 3463 1371 quiscirent
3490 1318 3617 1372 quas

1988 1388 2469 1455 essentfarienda,
2526 1386 2617 1441 his
2672 1404 2804 1441 vero
2864 1387 3154 1453 revelavit,
3214 1393 3276 1443 ut
3334 1390 3434 1461 qui
3496 1408 3624 1462 qua

1990 1494 2161 1550 agere
2190 1480 2451 1549 oporteat
2482 1475 2836 1549 ignorarent.

2062 1654 2392 1725 VI1.Neque
2419 1670 2554 1724 ergo
2582 1654 2801 1709 Hebraei
2824 1654 2892 1708 de
2938 1653 3300 1725 ignoratione
3347 1658 3637 1710 Jesucon-

1995 1745 2609 1814 demnantur,propter
2636 1760 2768 1797 eum
2804 1743 2897 1813 qui
2932 1744 3335 1813 abscondit,si,
3360 1744 3633 1800 facientes

271 1830 340 1886 8d
385 1832 653 1891 Μωυσέως
682 1832 751 1902 ⁵³,
782 1829 842 1884 ’ὸν
884 1828 1156 1904 ἠγνόησαν
1213 1829 1288 1901 μή
1323 1829 1644 1899 μισήσωσιν·
1680 1824 1789 1882 οὔτ’
1819 1827 1883 1881 αὗ

2003 1852 2027 1888 a
2056 1837 2246 1904 Moyse
2288 1832 2642 1904 praseripta,
2677 1848 2849 1901 quem
2887 1832 3154 1886 nesciunt
3203 1833 3333 1886 odio
3366 1850 3477 1887 non
3532 1833 3635 1888 ba-

270 1920 310 1974 οί
356 1920 435 1972 ἀπ’
488 1920 533 1955 ⁸³
590 1917 755 1972 ἐθνῶν
815 1916 1167 1992 ἀγνοήσαντες
1223 1916 1314 1970 τὸν
1357 1922 1592 1985 Μωϋσῆν
1649 1913 1737 1970 διὰ
1792 1917 1882 1971 τὸν

267 2006 544 2081 καλύψαντα
602 2002 1077 2074 καταδικάζονται,
1110 2004 1196 2059 ἐάν
1254 2023 1355 2079 περ
1398 2008 1487 2058 καί
1537 2004 1688 2059 οὗτοι
1716 2004 1885 2080 πράσ-

269 2116 415 2157 σοντες
467 2095 528 2150 τὰ
586 2092 681 2150 διὰ
734 2098 832 2149 τοῦ
859 2095 1037 2163 Ἰησοῦ
1095 2092 1326 2168 ῥηθέντα
1377 2094 1452 2165 μὴ
1490 2094 1791 2165 μισήσωσιν
1825 2094 1882 2148 ὃν

268 2184 532 2259 ἠγνόησαν.
566 2183 675 2241 Καὶ
706 2182 807 2238 οὐκ
857 2181 909 2237 ἐν
953 2186 1031 2253 τῷ
1080 2181 1207 2244 τοὺς
1260 2178 1617 2236 διδασκάλους
1665 2181 1886 2255 κυρίους

269 2273 444 2342 καλεῖν,
472 2273 539 2327 τὰ
599 2269 659 2326 δὲ
700 2269 912 2326 δούλων
975 2272 1049 2344 μὴ
1100 2274 1294 2340 ποιεῖν,
1328 2268 1665 2348 ὠφελοῦνται
1719 2290 1883 2333 τινες.

269 2360 439 2416 Τοῦτου
493 2362 605 2437 γὰρ
654 2359 831 2415 ἕνεκεν
881 2361 910 2415 6
955 2360 1169 2429 Ἰησοῦς
1216 2361 1377 2431 ἡμῶν
1429 2358 1562 2435 πρός
1610 2380 1731 2414 τινα
1787 2380 1887 2413 πυ-

269 2448 486 2525 κνότερον
541 2450 749 2523 Κύριον
799 2448 956 2502 αὐτὸν
1008 2445 1257 2520 λέγοντα,
1296 2444 1467 2519 μηδὲν
1518 2444 1573 2501 δὲ
1629 2451 1890 2503 ποιοῦντα

269 2538 327 2592 ὧν
374 2538 522 2600 αὐτὸς
581 2538 910 2614 προσέταξεν
942 2540 1009 2609 ⁸⁴,
1041 2534 1165 2613 ἔφη·
1207 2535 1270 2589 Τί
1331 2556 1398 2608 με
1454 2535 1653 2611 λέγεις,
1706 2536 1885 2612 Κύριε,

272 2626 424 2701 Κόριε,
478 2627 569 2681 καὶ
628 2627 695 2681 οὐ
753 2632 929 2687 ποιεῖς
988 2624 1021 2679 ἆ
1070 2624 1252 2701 λέγω;
1313 2624 1386 2679 Οὐ
1451 2626 1552 2701 γάρ
1612 2624 1887 2703 ὠφελήσει

271 2718 365 2769 mi
413 2718 473 2771 τὸ
532 2715 735 2791 Λέγειν,
768 2714 913 2769 ἀλλὰ
968 2715 1031 2769 τὸ
1091 2719 1289 2772 ποιεῖν.
1333 2715 1425 2768 Ἐκ
1479 2716 1677 2776 παντὸς
1735 2717 1889 2771 186

275 2805 342 2857 οὖν
366 2804 563 2879 τρόπου
615 2803 805 2858 καλῶν
857 2800 1024 2878 ἔργων
1075 2801 1256 2877 χρεία.
1295 2801 1443 2871 Πλὴν
1471 2800 1523 2857 εἷ’
1544 2824 1626 2864 τις
1655 2806 1700 2839 ⁸⁸
1728 2825 1888 2857 κατα-

276 2894 456 2963 ξιωθείη
506 2893 635 2954 τοὺς
687 2890 1029 2970 ἀμφοτέρους
1091 2891 1381 2965 ἐπιγνῶναι
1441 2892 1514 2953 ὡς
1563 2898 1689 2965 μιᾶς
1740 2890 1888 2947 διδα-

275 2982 464 3043 σκαλίας
530 2983 622 3037 ὑπ’
682 2981 859 3035 αὐτῶν
912 2981 1345 3054 κεκηρυγμένης,
1407 2980 1565 3043 οὗτος
1641 2980 1775 3057 ἀνὴρ
1836 2981 1887 3035 έν

273 3075 365 3141 Θεῷ
403 3070 667 3131 πλούσιος
731 3070 1155 3141 κατηρίθμηται,
1204 3071 1271 3123 τὰ
1310 3090 1369 3123 τε
1426 3070 1631 3145 ἀρχαῖα
1675 3070 1768 3125 νέα
1812 3075 1890 3143 τῷ

272 3161 448 3233 χρόνῳ,
480 3160 570 3214 καὶ
602 3160 675 3214 τὰ
702 3160 859 3214 καινᾶ
888 3157 1094 3213 παλαιὰ
1119 3153 1246 3212 ὄντα
1274 3158 1569 3227 νενοηκώς.

328 3339 456 3396 'IIII.
486 3343 667 3393 Ταῦτα
712 3341 809 3392 τοῦ
855 3336 1062 3411 Πέτρου
1093 3333 1371 3411 λέγοντος,
1404 3337 1455 3390 οἱ
1486 3332 1673 3412 ὄχλοι,
1708 3336 1888 3411 ὥσπερ

275 3425 357 3479 ὑπό
404 3447 545 3489 τινος
601 3424 921 3495 κληθέντες,
978 3423 1221 3496 εἰσῄεσαν
1282 3421 1405 3479 ἔνθα
1460 3426 1488 3479 6
1544 3421 1743 3501 Πέτρος
1799 3428 1887 3495 ἦν.

270 3519 312 3567 Ὀ
353 3513 403 3569 δὲ
453 3517 544 3569 τὸν
594 3514 774 3570 πολὺν
836 3509 1005 3588 ὄχλον
1064 3510 1192 3567 ἰδὼν
1240 3513 1418 3590 ὥσπερ
1461 3520 1712 3586 ποταμοῦ
1755 3514 1889 3583 ἥσυ-

271 3621 353 3675 χον
403 3602 571 3678 ῥεῦμα
632 3605 821 3677 πράως
891 3602 1243 3677 προσρέοντα,
1297 3599 1395 3679 ἔφη
1472 3603 1550 3675 τῷ
1614 3605 1887 3679 Μαροόνῃ.

274 3695 364 3745 Ποῦ
390 3712 471 3746 σοι
499 3692 677 3753 τόπος
726 3690 942 3745 ἐνταῦθα
994 3688 1207 3763 μᾶλλον
1254 3690 1378 3753 τοὺς
1425 3687 1630 3767 ὄχλους
1686 3699 1888 3768 χωρεῖν

274 3778 535 3853 δυνάμενος
562 3802 576 3850 ;
608 3785 708 3835 τοῦ
764 3778 821 3834 δὲ
851 3783 893 3816 ⁵⁸
932 3778 1217 3855 Μαροόνου
1277 3779 1352 3841 εἷς
1410 3780 1577 3835 τόπον
1632 3782 1889 3854 ὕπαιθρον

272 3872 651 3943 κεκηπευμὲνον
711 3869 1045 3943 προάγοντος
1103 3868 1283 3940 αὐτὸν,
1345 3867 1556 3925 ε’ίποντο
1604 3871 1655 3925 oi
1700 3868 1887 3947 ὄχλοι.

274 3957 318 4008 '0
359 3954 409 4011 δὲ
460 3958 663 4029 Πέτρος
712 3956 799 4011 έπὶ
844 3976 988 4017 τινος
1036 3955 1241 4032 βάσεως
1291 3953 1600 4032 ἀνδριάντος
1644 3959 1705 4013 οὐ
1754 3962 1891 4016 πάνυ

277 4044 466 4117 ὑψηλῆς
494 4050 560 4118 ⁸⁷,
593 4045 837 4110 ἐπιστάς,
870 4047 982 4117 ἅμα
1018 4049 1099 4115 τῷ
1147 4045 1237 4098 τὸν
1280 4041 1453 4120 ὄχλον
1505 4043 1743 4109 θεοσεϐεῖ
1788 4048 1893 4105 ἔθει

276 4133 701 4211 προσαγορεῦσαι,
749 4131 905 4195 εἰδὼς
971 4131 1221 4194 πολλοὺς
1277 4133 1337 4189 ἐκ
1382 4139 1488 4189 τῶν
1534 4138 1893 4209 παρεστώτων

278 4218 438 4297 ὄχλων
467 4225 570 4279 ὑπὸ
603 4221 876 4295 δαιμόνων
911 4243 969 4278 τε
1014 4222 1103 4277 καὶ
1153 4221 1379 4278 πολλῶν
1425 4226 1606 4279 παθῶν
1651 4225 1709 4281 ἐκ
1757 4226 1896 4283 πολ-

279 4309 369 4365 λῶν
422 4313 642 4387 χρόνων
695 4309 1149 4387 ὶνοχλουμένους,
1195 4311 1497 4387 βρῦχοντάς
1535 4334 1594 4369 τε
1652 4317 1768 4387 μετ’
1811 4316 1894 4371 οῗ-

280 4408 444 4476 μωγῆς
526 4401 621 4456 καὶ
708 4399 1005 4463 πίπτοντας
1093 4402 1210 4473 μεθ’
1269 4401 1492 4470 ἱκεσίας,
1571 4401 1900 4478 ἰπιτιμῆσας

278 4487 435 4551 αὐτοῖς
488 4492 580 4545 καὶ
644 4488 880 4566 ἡσυχίαν
934 4488 1081 4565 ἔχειν
1139 4490 1441 4563 προστάξας
1468 4491 1557 4545 καὶ
1608 4494 1708 4562 τήν
1761 4492 1897 4549 ἴασιν

1994 1922 2168 1977 beant
2196 1938 2209 1973 :
2235 1936 2421 1991 neque
2452 1937 2681 1974 rursum
2705 1920 2801 1991 qui
2822 1937 2888 1973 ex
2910 1921 3180 1991 gentibus
3215 1922 3449 1987 sunt,de
3480 1921 3640 1992 igno-

1995 2016 2119 2065 rato
2150 2013 2339 2081 Moyse
2370 2010 2856 2078 condemnantur,
2890 2014 3125 2079 propter
3152 2026 3285 2063 eum
3316 2008 3415 2078 qui
3447 2008 3637 2063 occul-

1996 2098 2157 2165 tavit,
2192 2098 2240 2153 εἰ
2273 2102 2331 2152 et
2362 2097 2475 2169 ipsi
2510 2114 2611 2168 per
2642 2096 2942 2151 Christum
2974 2096 3126 2151 dicta
3160 2097 3636 2168 facientes,quem

1995 2187 2266 2259 ignorant
2295 2186 2427 2241 odio
2459 2202 2572 2241 non
2606 2191 3056 2256 prosequantur.
3086 2185 3361 2257 Nihilque
3381 2185 3637 2257 cuipiam

1996 2274 2273 2346 proderit,
2307 2274 2607 2346 magistris
2659 2289 2869 2328 nomen
2904 2273 3278 2327 dominorum
3331 2274 3488 2336 dare,
3523 2290 3638 2327 non

1999 2364 2185 2418 ferere
2215 2368 2409 2417 autem
2460 2379 2633 2434 opera
2664 2378 2985 2417 servorum.
3019 2361 3164 2416 Nam
3218 2361 3432 2417 idcirco
3470 2362 3642 2417 Jesus

1999 2457 2197 2508 noster
2227 2452 2296 2506 ad
2330 2451 2768 2522 quemdam,qui
2801 2466 2933 2505 cum
2969 2451 3299 2520 frequenter
3333 2451 3641 2505 hominum

1996 2542 2258 2609 vocabat,
2293 2540 2435 2594 nihil
2472 2546 2662 2594 tamen
2697 2539 2767 2593 ab
2798 2555 2865 2593 eo
2898 2538 3305 2592 mandatorum
3348 2539 3594 2593 faciebat
3626 2554 3640 2594 :

2001 2631 2160 2698 Quid,
2212 2630 2420 2700 inquit,
2474 2630 2611 2683 mihi
2650 2628 2807 2692 dicis,
2862 2629 3107 2695 Domine,
3161 2629 3403 2691 Domine,
3436 2635 3487 2683 et
3532 2643 3641 2683 non

1998 2722 2137 2787 facis
2167 2733 2293 2789 quae
2321 2718 2437 2771 dico
2468 2718 2541 2787 (b)
2563 2716 2897 2771 PNeminem
2933 2716 3146 2785 quippe
3170 2716 3398 2781 juvabit
3429 2717 3638 2781 dicere,

2001 2810 2098 2862 sed
2136 2809 2340 2862 facere.
2374 2806 2542 2860 Omni
2579 2806 2770 2873 itaque
2803 2806 2974 2859 modo
3005 2822 3151 2874 opus
3183 2812 3270 2858 est
3302 2805 3467 2858 bonis
3500 2820 3641 2876 ope-

2002 2896 2473 2952 ribusCzeterum
2510 2894 2555 2947 si
2588 2894 2679 2947 cui
2713 2894 2992 2947 donatum
3028 2892 3216 2957 fuerit,
3250 2898 3306 2947 et
3356 2896 3554 2947 Jesum
3586 2896 3645 2948 et

2002 2987 2255 3058 Mnysem
2316 2998 2682 3053 cognoscere,
2742 2986 3020 3051 tanquam
3080 2998 3196 3035 una
3251 2981 3511 3036 doctrina
3568 2982 3641 3037 ab

2003 3080 2247 3146 utroque
2281 3069 2709 3142 praedicata,hic
2738 3073 2825 3125 vir
2857 3070 2914 3123 in
2946 3069 3061 3124 Deo
3092 3070 3250 3124 dives
3282 3070 3639 3139 consebitur,

2002 3166 2101 3235 qui
2133 3170 2318 3217 vetera
2358 3179 2502 3217 nova
2531 3163 2874 3232 tempore,et
2898 3175 3065 3227 nova,
3099 3175 3225 3229 quae
3254 3163 3446 3213 vetera
3476 3163 3638 3226 sunt,

1919 3224 1962 3291 (ἶ
2001 3224 2274 3325 intelligit
2300 3251 2390 3321 (ε).

2069 3343 2215 3397 VllI.
2250 3340 2377 3395 Haec
2410 3340 2575 3395 Petro
2607 3336 2833 3392 dicente
2863 3335 3057 3391 omnis
3097 3336 3433 3401 multitudo,
3467 3336 3637 3407 quasi

1998 3434 2070 3488 ab
2102 3431 2297 3502 aliquo
2328 3433 2580 3495 evocata,
2614 3426 2873 3495 ingressa
2906 3431 2996 3479 est
3027 3425 3123 3478 ubi
3156 3431 3281 3479 erat
3314 3426 3532 3479 Petrus.
3567 3424 3640 3480 Ut

2000 3528 2191 3577 autem
2227 3519 2323 3573 ille
2350 3518 2491 3571 vidit
2513 3513 2893 3583 turbas,velut
2925 3514 3115 3567 amnis
3138 3514 3427 3583 placidum
3463 3513 3643 3569 fluen-

1999 3617 2124 3666 tum
2158 3608 2364 3664 leniter
2410 3608 2822 3665 commeantes,
2856 3602 3002 3656 dixit
3049 3601 3305 3656 Marooni
3341 3618 3353 3655 :
3391 3602 3493 3656 Ubi
3547 3604 3640 3659 hic

2003 3700 2103 3755 tibi
2140 3698 2303 3751 locus
2336 3694 2553 3766 est,qui
2587 3692 2773 3764 magis
2805 3692 2988 3761 possit
3016 3707 3218 3761 capere
3248 3690 3399 3743 hanc
3444 3691 3640 3745 multi-

2002 3787 2265 3843 tudinem
2288 3785 2393 3839 ?Et
2425 3783 2695 3837 Maroone
2722 3780 3041 3834 deducente
3062 3794 3194 3832 eum
3226 3779 3284 3832 in
3316 3779 3641 3834 subdialem

2008 3878 2174 3932 horto
2206 3873 2496 3928 excultum
2528 3870 2742 3933 locum,
2776 3874 2988 3923 secutae
3020 3872 3158 3921 sunt
3204 3869 3407 3920 turbas.
3441 3868 3643 3921 Petrus

2006 3970 2195 4020 autem
2232 3978 2408 4033 super
2436 3961 2622 4014 basim
2674 3963 2877 4011 statuae
2910 3973 3023 4010 non
3068 3956 3135 4009 ad
3170 3956 3407 4009 modum
3458 3955 3645 4010 excel-

2005 4071 2130 4111 sam
2182 4051 2527 4113 consistens,
2562 4045 2737 4102 simul
2785 4051 2958 4116 atque
3008 4044 3287 4115 populum
3318 4060 3477 4097 more
3510 4043 3643 4099 reli-

2006 4144 2168 4217 gioso
2216 4139 2549 4200 salutasset,
2581 4136 2784 4189 videns
2834 4133 3051 4188 multos
3100 4132 3347 4187 astantis
3395 4131 3581 4204 plebis
3610 4150 3647 4189 a

2007 4231 2369 4287 daemonibus
2386 4232 2442 4283 et
2472 4225 2739 4298 pluribus
2773 4223 3131 4291 morbisjam
3165 4223 3263 4275 diu
3283 4221 3643 4289 molestatos,

2008 4338 2072 4376 ac
2102 4320 2348 4374 stridere
2378 4333 2512 4372 cum
2544 4314 2786 4381 ulalatu,
2822 4317 2878 4367 et
2909 4312 3201 4383 procidere
3253 4327 3385 4365 cum
3419 4310 3650 4382 suppli-

2009 4410 2259 4473 catione,
2294 4404 2593 4476 increpitis
2625 4402 2717 4468 iis,
2752 4401 3169 4471 silentiumque
3216 4399 3645 4470 tenerejussis,

2010 4515 2115 4553 nec
2145 4513 2258 4552 non
2290 4494 2587 4568 pollicitus
2616 4492 2971 4548 curationem
2989 4494 3119 4561 post
3151 4488 3418 4543 habitum
3434 4504 3649 4543 sermo-

280 4579 393 4645 μιτᾶ
418 4580 478 4634 τὸ
506 4577 869 4655 διαλεχθῆναι
901 4577 1305 4653 ὑποσχόμενος,
1333 4583 1431 4635 τοῦ
1488 4582 1665 4657 Λέγειν
1697 4580 1886 4657 ἤρξατε

2004 4603 2159 4653 nem,
2193 4585 2275 4639 ita
2304 4582 2466 4656 loqui
2498 4581 2671 4653 coepit
2703 4597 2717 4636 :

279 4684 452 4729 ουτως

338 4760 419 4812 IX.
452 4757 793 4833 ’Δρχόμενος
836 4756 928 4812 τὸν
982 4756 1113 4832 ὑπὲρ
1162 4752 1460 4819 θεοσεϐείας
1510 4755 1672 4835 λόγον
1732 4765 1901 4816 ποιεῖ-

281 4843 383 4895 σθαι
437 4851 549 4907 τοῖς
605 4846 885 4909 παντελῶς
943 4846 1195 4921 ἀγνοοῦσι
1248 4846 1317 4900 τὰ
1372 4847 1633 4915 ⁸⁸πάντα,
1659 4850 1748 4903 καὶ
1797 4850 1900 4905 ὑπὸ

280 4934 372 4984 τῶν
399 4938 490 4987 τοῦ
517 4934 891 5009 ἀντικειμένου
919 4937 1055 5007 ἡμῖν
1110 4934 1363 5008 Σίμωνος
1424 4931 1695 4991 διαϐολῶν
1757 4937 1902 4993 ἐσπι-

284 5016 530 5091 λωμένοις
580 5024 672 5079 τὸν
729 5028 878 5092 νοῦν,
934 5024 1219 5099 ἀναγκαῖον
1282 5026 1576 5099 ἡγησάμην
1661 5032 1899 5102 πρῶτον,

287 5104 398 5182 ὑπὲρ
443 5117 536 5165 τοῦ
592 5114 668 5186 μή
717 5111 826 5167 δεῖν
870 5112 1172 5190 μέμφεσθαι
1217 5112 1307 5166 τὸν
1358 5112 1424 5166 τά
1466 5114 1639 5168 πάντα
1668 5135 1901 5186 πεποιη-

344 5209 410 5279 (α)
439 5210 634 5267 Matth.
666 5229 743 5280 ιι,
775 5213 866 5268 25.

2082 4766 2171 4820 IX.
2199 4759 2489 4832 Incipiens
2520 4759 2590 4814 de
2616 4773 2749 4814 vero
2776 4756 2875 4812 Dei
2908 4756 3066 4813 cultu
3100 4756 3286 4811 facere
3319 4769 3651 4809 sermonem

2012 4854 2079 4907 ad
2116 4869 2213 4908 eos
2247 4850 2346 4921 qui
2382 4848 2615 4920 penitus
2647 4848 2917 4918 ignorant
2946 4846 3162 4909 omnia,
3198 4859 3445 4914 quorum
3488 4858 3655 4897 mens

2012 4960 2114 5015 per
2145 4938 2454 4995 adversarii
2486 4936 2667 4991 nostri
2693 4934 2949 4990 Simonis
2971 4933 3296 4988 calumnias
3318 4933 3528 4987 t'aadata
3546 4936 3657 4996 est,

2012 5028 2406 5085 necessarium
2440 5024 2600 5093 duxi,
2633 5024 2822 5096 primo
2857 5038 3186 5078 sermonem
3221 5021 3432 5075 habere
3462 5020 3532 5073 de
3563 5034 3655 5083 eo,

2014 5120 2167 5192 quod
2202 5134 2315 5173 non
2365 5118 2629 5188 Oporteat
2659 5114 2921 5169 omnium
2969 5116 3283 5166 creatorem
3316 5109 3497 5164 Deum
3531 5106 3659 5162 cul-

943 5214 1019 5283 (b;
1051 5211 1253 5266 Matth.
1286 5228 1385 5279 vn,
1418 5213 1508 5267 21.
1586 5214 1656 5285 (ε)
1689 5216 1887 5270 Matth.
1920 5233 2042 5284 xm,
2073 5218 2164 5271 52.

1605 5310 1700 5365 VA
1710 5312 1847 5368 RIIE
1886 5313 2188 5370 LECTION
2199 5312 2298 5367 ES.

347 5392 1592 5483 ‘1Nihilnmuﬁtandu'man.mLob..Pliryn.~p.
1646 5402 1766 5455 156.
1802 5402 2097 5458 Habemus
2145 5401 2206 5457 in
2254 5400 2609 5483 glementinis
2653 5397 2827 5482 etiam
2878 5391 3650 5483 dlativum'bom.[signifies

288 5460 335 5515 S.
363 5464 400 5497 ⁸⁷
427 5466 527 5520 ἀπό
560 5469 623 5537 D,
672 5474 731 5537 Ο,
783 5468 887 5524 ὑπό
935 5470 996 5525 C.
1048 5470 1194 5524 Tum
1218 5468 1298 5537 Ain
1330 5473 1370 5521 Ο

1377 5461 1410 5539 ,⁷
1438 5461 1555 5539 τοῦ,
1608 5488 1765 5546 man.
1814 5490 1927 5529 sec.
1980 5491 2160 5546 supra
2184 5469 2289 5546 ac}:
2339 5477 2470 5526 ante
2514 5472 2734 5546 ἶΙησοῦη
2763 5487 2875 5546 ap._
2904 5468 2964 5546 tl:
2997 5461 3365 5546 casvn‘smtzgg':
3557 5462 3653 5546 ῖοῦ

288 5538 477 5629 Ἆωὲἱρ.
503 5541 546 5629 ξο
576 5515 1006 5629 έέο-μόλογοῦμεν
1040 5540 1179 5629 0.1‘“
1203 5515 1771 5629 ιξκρρψδιςηταῦτιαιάπὲ
1801 5548 1977 5621 σοφῶν
2012 5515 2193 5629 Οἱκαί
2224 5515 2433 5629 cbpgla
2461 5515 2634 5629 etia‘m
2668 5515 2834 5629 a’d‘es‘t
2862 5541 2917 5595 in
2950 5540 3070 5629 l.n
3212 5536 3280 5629 Tn.
3311 5535 3378 5629 ’λ
3396 5530 3651 5629 ὒξφὶξσὲξς

288 5601 342 5688 Ο;
370 5606 410 5688 ’ξ
428 5609 528 5664 ἀπό
722 5601 1075 5688 πρόσέτασσεν
1097 5611 1170 5688 ‘Cf,
1188 5612 1246 5688 ,δέ
1276 5601 1482 5688 ὲῖῖὶςρ
1513 5630 1561 5688 c_.
1597 5614 1703 5688 CL,

1735 5611 1771 5683 ἤ
1802 5604 1887 5678 τιέ
1915 5619 1975 5676 c.
2008 5618 2052 5655 ιι
2084 5612 2141 5671 δι
2171 5604 2472 5674 om.'Tum
2502 5612 2666 5669 τόπον
2704 5614 2847 5687 Epit.
2885 5628 2934 5669 ο.
2977 5612 3067 5683 6-2,
3099 5606 3189 5662 τόν
3242 5605 3302 5678 c,
3335 5604 3399 5662 0.
3434 5604 3654 5663 Deinde

289 5671 426 5732 αὐτόν
451 5697 561 5739 om.
593 5686 636 5741 υ
660 5685 700 5721 ιτ
736 5671 819 5743 Ita
844 5690 889 5743 ο
917 5702 967 5743 c.
999 5688 1057 5755 s,
1089 5671 1292 5759 ὑψιλῆς
1324 5671 1461 5743 οέιι
1490 5683 1558 5741 τά
1580 5671 1828 5745 ἀθεὲιῖη
1860 5671 1926 5747 o.
