  <div class='ocr_page' id='page_1' title='image "/cluster/home/n/w/nwhite01/storage/ocr_20150623/2/hvd.32044073501397/121.png"; bbox 0 0 4086 6216; ppageno 0'>
   <div class='ocr_carea' id='block_1_1' title="bbox 340 354 451 413">
    <p class='ocr_par' dir='ltr' id='par_1_1' title="bbox 340 354 451 413">
     <span class='ocr_line' id='line_1_1' title="bbox 340 354 451 413; baseline -0.009 0"><span class='ocrx_word' id='word_1_1' title='bbox 340 354 451 413; x_wconf 73' lang='grc'>231</span> 
     </span>
    </p>
   </div>
   <div class='ocr_carea' id='block_1_2' title="bbox 1182 343 2936 411">
    <p class='ocr_par' dir='ltr' id='par_1_2' title="bbox 1182 343 2936 411">
     <span class='ocr_line' id='line_1_2' title="bbox 1182 343 2936 411; baseline 0.001 -5"><span class='ocrx_word' id='word_1_2' title='bbox 1182 353 1247 409; x_wconf 73' lang='lat' dir='ltr'>S.</span> <span class='ocrx_word' id='word_1_3' title='bbox 1294 348 1735 410; x_wconf 81' lang='lat' dir='ltr'>CLEMENTIS</span> <span class='ocrx_word' id='word_1_4' title='bbox 1784 347 1807 408; x_wconf 86' lang='grc' dir='ltr'>Ι</span> <span class='ocrx_word' id='word_1_5' title='bbox 1856 348 2044 407; x_wconf 77' lang='grc' dir='ltr'>ΒΟΜ.</span> <span class='ocrx_word' id='word_1_6' title='bbox 2091 344 2322 409; x_wconf 81' lang='grc' dir='ltr'>ΡΟΝΤ.</span> <span class='ocrx_word' id='word_1_7' title='bbox 2371 347 2630 410; x_wconf 80' lang='lat' dir='ltr'>OPERA</span> <span class='ocrx_word' id='word_1_8' title='bbox 2675 343 2936 411; x_wconf 80' lang='lat' dir='ltr'>DUBIA.</span> 
     </span>
    </p>
   </div>
   <div class='ocr_carea' id='block_1_3' title="bbox 3630 357 3755 417">
    <p class='ocr_par' dir='ltr' id='par_1_3' title="bbox 3630 357 3755 417">
     <span class='ocr_line' id='line_1_3' title="bbox 3630 357 3755 417; baseline 0 -1"><span class='ocrx_word' id='word_1_9' title='bbox 3630 357 3755 417; x_wconf 70' lang='grc'>233</span> 
     </span>
    </p>
   </div>
   <div class='ocr_carea' id='block_1_4' title="bbox 340 476 1968 557">
    <p class='ocr_par' dir='ltr' id='par_1_4' title="bbox 340 480 1968 557">
     <span class='ocr_line' id='line_1_4' title="bbox 340 480 1968 557; baseline -0.002 -18"><span class='ocrx_word' id='word_1_10' title='bbox 340 502 499 557; x_wconf 87' lang='lat' dir='ltr'>pare,</span> <span class='ocrx_word' id='word_1_11' title='bbox 534 501 648 538; x_wconf 91' lang='lat' dir='ltr'>non</span> <span class='ocrx_word' id='word_1_12' title='bbox 699 481 936 537; x_wconf 85' lang='lat' dir='ltr'>aliunde</span> <span class='ocrx_word' id='word_1_13' title='bbox 986 481 1294 553; x_wconf 86' lang='lat' dir='ltr'>incipiens,</span> <span class='ocrx_word' id='word_1_14' title='bbox 1344 498 1519 553; x_wconf 88' lang='lat' dir='ltr'>quam</span> <span class='ocrx_word' id='word_1_15' title='bbox 1566 482 1638 537; x_wconf 90' lang='lat' dir='ltr'>ab</span> <span class='ocrx_word' id='word_1_16' title='bbox 1687 480 1803 535; x_wconf 86' lang='lat' dir='ltr'>ista</span> <span class='ocrx_word' id='word_1_17' title='bbox 1849 496 1968 551; x_wconf 67' lang='lat' dir='ltr'>quas</span> 
     </span>
    </p>
   </div>
   <div class='ocr_carea' id='block_1_5' title="bbox 2082 476 3750 557">
    <p class='ocr_par' dir='ltr' id='par_1_5' title="bbox 2090 476 3750 555">
     <span class='ocr_line' id='line_1_5' title="bbox 2090 476 3750 555; baseline 0.005 -23"><span class='ocrx_word' id='word_1_18' title='bbox 2090 478 2221 533; x_wconf 88' lang='grc' dir='ltr'>κότα</span> <span class='ocrx_word' id='word_1_19' title='bbox 2249 479 2377 534; x_wconf 86' lang='grc' dir='ltr'>Θεὸν</span> <span class='ocrx_word' id='word_1_20' title='bbox 2409 482 2454 516; x_wconf 68' lang='grc'><strong>⁵9</strong></span> <span class='ocrx_word' id='word_1_21' title='bbox 2481 479 2571 533; x_wconf 88' lang='grc' dir='ltr'>τὸν</span> <span class='ocrx_word' id='word_1_22' title='bbox 2610 476 2771 555; x_wconf 88' lang='grc' dir='ltr'>λόγον</span> <span class='ocrx_word' id='word_1_23' title='bbox 2792 480 3235 552; x_wconf 68' lang='grc' dir='ltr'>ποιήσασθαι,τὸν</span> <span class='ocrx_word' id='word_1_24' title='bbox 3269 485 3413 541; x_wconf 74' lang='grc'>187</span> <span class='ocrx_word' id='word_1_25' title='bbox 3442 485 3546 540; x_wconf 82' lang='grc' dir='ltr'>οὐκ</span> <span class='ocrx_word' id='word_1_26' title='bbox 3573 484 3750 541; x_wconf 76' lang='grc' dir='ltr'>ἄλλο·</span> 
     </span>
    </p>
   </div>
   <div class='ocr_carea' id='block_1_6' title="bbox 340 569 1980 646">
    <p class='ocr_par' dir='ltr' id='par_1_6' title="bbox 340 569 1980 646">
     <span class='ocr_line' id='line_1_6' title="bbox 340 569 1980 646; baseline -0.003 -18"><span class='ocrx_word' id='word_1_27' title='bbox 340 574 708 646; x_wconf 83' lang='lat' dir='ltr'>providentar</span> <span class='ocrx_word' id='word_1_28' title='bbox 736 572 808 626; x_wconf 91' lang='lat' dir='ltr'>ab</span> <span class='ocrx_word' id='word_1_29' title='bbox 839 588 904 627; x_wconf 80' lang='lat' dir='ltr'>eo</span> <span class='ocrx_word' id='word_1_30' title='bbox 936 577 1262 644; x_wconf 75' lang='lat' dir='ltr'>opportune</span> <span class='ocrx_word' id='word_1_31' title='bbox 1300 572 1567 642; x_wconf 88' lang='lat' dir='ltr'>subjecta</span> <span class='ocrx_word' id='word_1_32' title='bbox 1597 570 1707 626; x_wconf 87' lang='lat' dir='ltr'>fuit</span> <span class='ocrx_word' id='word_1_33' title='bbox 1734 569 1980 638; x_wconf 82' lang='lat' dir='ltr'>occasio,</span> 
     </span>
    </p>
   </div>
   <div class='ocr_carea' id='block_1_7' title="bbox 338 657 1985 732">
    <p class='ocr_par' dir='ltr' id='par_1_7' title="bbox 338 657 1985 732">
     <span class='ocr_line' id='line_1_7' title="bbox 338 657 1985 732; baseline -0.003 -15"><span class='ocrx_word' id='word_1_34' title='bbox 338 669 401 717; x_wconf 89' lang='lat' dir='ltr'>ut</span> <span class='ocrx_word' id='word_1_35' title='bbox 434 665 818 732; x_wconf 80' lang='lat' dir='ltr'>cognoscatur</span> <span class='ocrx_word' id='word_1_36' title='bbox 836 661 990 732; x_wconf 89' lang='lat' dir='ltr'>quod</span> <span class='ocrx_word' id='word_1_37' title='bbox 1023 670 1176 717; x_wconf 83' lang='lat' dir='ltr'>recta</span> <span class='ocrx_word' id='word_1_38' title='bbox 1193 660 1416 717; x_wconf 83' lang='lat' dir='ltr'>ratione</span> <span class='ocrx_word' id='word_1_39' title='bbox 1438 659 1767 732; x_wconf 84' lang='lat' dir='ltr'>complures</span> <span class='ocrx_word' id='word_1_40' title='bbox 1784 676 1818 713; x_wconf 93' lang='lat' dir='ltr'>a</span> <span class='ocrx_word' id='word_1_41' title='bbox 1839 657 1985 713; x_wconf 90' lang='lat' dir='ltr'>mul-</span> 
     </span>
    </p>
   </div>
   <div class='ocr_carea' id='block_1_8' title="bbox 340 748 1984 806">
    <p class='ocr_par' dir='ltr' id='par_1_8' title="bbox 340 748 1984 806">
     <span class='ocr_line' id='line_1_8' title="bbox 340 748 1984 806; baseline -0.001 -1"><span class='ocrx_word' id='word_1_42' title='bbox 340 750 415 805; x_wconf 84' lang='lat' dir='ltr'>tis</span> <span class='ocrx_word' id='word_1_43' title='bbox 444 750 810 806; x_wconf 67' lang='lat' dir='ltr'>daemonibus</span> <span class='ocrx_word' id='word_1_44' title='bbox 827 750 1048 806; x_wconf 88' lang='lat' dir='ltr'>obsessi</span> <span class='ocrx_word' id='word_1_45' title='bbox 1070 754 1209 805; x_wconf 87' lang='lat' dir='ltr'>sunt</span> <span class='ocrx_word' id='word_1_46' title='bbox 1232 755 1291 805; x_wconf 91' lang='lat' dir='ltr'>et</span> <span class='ocrx_word' id='word_1_47' title='bbox 1307 767 1340 805; x_wconf 92' lang='lat' dir='ltr'>a</span> <span class='ocrx_word' id='word_1_48' title='bbox 1355 749 1598 805; x_wconf 82' lang='lat' dir='ltr'>diversis</span> <span class='ocrx_word' id='word_1_49' title='bbox 1615 748 1984 803; x_wconf 84' lang='lat' dir='ltr'>difﬁcilibus-</span> 
     </span>
    </p>
   </div>
   <div class='ocr_carea' id='block_1_9' title="bbox 340 839 1983 911">
    <p class='ocr_par' dir='ltr' id='par_1_9' title="bbox 340 839 1983 911">
     <span class='ocr_line' id='line_1_9' title="bbox 340 839 1983 911; baseline -0.001 -19"><span class='ocrx_word' id='word_1_50' title='bbox 340 856 453 911; x_wconf 88' lang='lat' dir='ltr'>que</span> <span class='ocrx_word' id='word_1_51' title='bbox 487 839 707 894; x_wconf 85' lang='lat' dir='ltr'>morbis</span> <span class='ocrx_word' id='word_1_52' title='bbox 739 839 1241 911; x_wconf 83' lang='lat' dir='ltr'>comprehensi,ut</span> <span class='ocrx_word' id='word_1_53' title='bbox 1270 856 1371 911; x_wconf 87' lang='lat' dir='ltr'>per</span> <span class='ocrx_word' id='word_1_54' title='bbox 1401 839 1509 894; x_wconf 92' lang='lat' dir='ltr'>hoc</span> <span class='ocrx_word' id='word_1_55' title='bbox 1539 854 1770 909; x_wconf 89' lang='lat' dir='ltr'>quoque</span> <span class='ocrx_word' id='word_1_56' title='bbox 1800 854 1983 909; x_wconf 88' lang='lat' dir='ltr'>appa-</span> 
     </span>
    </p>
   </div>
   <div class='ocr_carea' id='block_1_10' title="bbox 337 927 1982 1000">
    <p class='ocr_par' dir='ltr' id='par_1_10' title="bbox 337 927 1982 1000">
     <span class='ocr_line' id='line_1_10' title="bbox 337 927 1982 1000; baseline -0.002 -17"><span class='ocrx_word' id='word_1_57' title='bbox 337 934 461 983; x_wconf 89' lang='lat' dir='ltr'>reat</span> <span class='ocrx_word' id='word_1_58' title='bbox 482 929 715 999; x_wconf 84' lang='lat' dir='ltr'>justitia</span> <span class='ocrx_word' id='word_1_59' title='bbox 746 929 865 984; x_wconf 91' lang='lat' dir='ltr'>Dei.</span> <span class='ocrx_word' id='word_1_60' title='bbox 892 930 958 983; x_wconf 89' lang='lat' dir='ltr'>Et</span> <span class='ocrx_word' id='word_1_61' title='bbox 988 928 1085 1000; x_wconf 92' lang='lat' dir='ltr'>qui</span> <span class='ocrx_word' id='word_1_62' title='bbox 1120 945 1222 1000; x_wconf 90' lang='lat' dir='ltr'>per</span> <span class='ocrx_word' id='word_1_63' title='bbox 1250 927 1644 1000; x_wconf 83' lang='lat' dir='ltr'>ignorantiam</span> <span class='ocrx_word' id='word_1_64' title='bbox 1671 927 1837 981; x_wconf 91' lang='lat' dir='ltr'>illum</span> <span class='ocrx_word' id='word_1_65' title='bbox 1888 943 1982 981; x_wconf 91' lang='lat' dir='ltr'>ac-</span> 
     </span>
    </p>
   </div>
   <div class='ocr_carea' id='block_1_11' title="bbox 338 1014 1980 1089">
    <p class='ocr_par' dir='ltr' id='par_1_11' title="bbox 338 1014 1980 1089">
     <span class='ocr_line' id='line_1_11' title="bbox 338 1014 1980 1089; baseline -0.002 -18"><span class='ocrx_word' id='word_1_66' title='bbox 338 1022 642 1085; x_wconf 87' lang='lat' dir='ltr'>cusarunt,</span> <span class='ocrx_word' id='word_1_67' title='bbox 676 1017 724 1072; x_wconf 90' lang='lat' dir='ltr'>si</span> <span class='ocrx_word' id='word_1_68' title='bbox 758 1034 934 1084; x_wconf 89' lang='lat' dir='ltr'>nunc,</span> <span class='ocrx_word' id='word_1_69' title='bbox 970 1018 1263 1073; x_wconf 86' lang='lat' dir='ltr'>discentes</span> <span class='ocrx_word' id='word_1_70' title='bbox 1298 1017 1440 1089; x_wconf 88' lang='lat' dir='ltr'>quid</span> <span class='ocrx_word' id='word_1_71' title='bbox 1472 1016 1843 1072; x_wconf 91' lang='lat' dir='ltr'>sentiendum</span> <span class='ocrx_word' id='word_1_72' title='bbox 1884 1014 1980 1079; x_wconf 88' lang='lat' dir='ltr'>sit,</span> 
     </span>
    </p>
   </div>
   <div class='ocr_carea' id='block_1_12' title="bbox 338 1103 1981 1179">
    <p class='ocr_par' dir='ltr' id='par_1_12' title="bbox 338 1103 1981 1179">
     <span class='ocr_line' id='line_1_12' title="bbox 338 1103 1981 1179; baseline -0.002 -18"><span class='ocrx_word' id='word_1_73' title='bbox 338 1124 440 1178; x_wconf 89' lang='lat' dir='ltr'>per</span> <span class='ocrx_word' id='word_1_74' title='bbox 469 1107 680 1161; x_wconf 87' lang='lat' dir='ltr'>bonam</span> <span class='ocrx_word' id='word_1_75' title='bbox 730 1107 1199 1179; x_wconf 77' lang='lat' dir='ltr'>praedicationem</span> <span class='ocrx_word' id='word_1_76' title='bbox 1232 1112 1289 1163; x_wconf 90' lang='lat' dir='ltr'>et</span> <span class='ocrx_word' id='word_1_77' title='bbox 1336 1107 1488 1161; x_wconf 89' lang='lat' dir='ltr'>bona</span> <span class='ocrx_word' id='word_1_78' title='bbox 1518 1122 1693 1176; x_wconf 87' lang='lat' dir='ltr'>opera</span> <span class='ocrx_word' id='word_1_79' title='bbox 1722 1122 1755 1159; x_wconf 90' lang='lat' dir='ltr'>a</span> <span class='ocrx_word' id='word_1_80' title='bbox 1804 1103 1981 1176; x_wconf 85' lang='lat' dir='ltr'>priori</span> 
     </span>
    </p>
   </div>
   <div class='ocr_carea' id='block_1_13' title="bbox 338 1193 1981 1266">
    <p class='ocr_par' dir='ltr' id='par_1_13' title="bbox 338 1193 1981 1266">
     <span class='ocr_line' id='line_1_13' title="bbox 338 1193 1981 1266; baseline -0.002 -16"><span class='ocrx_word' id='word_1_81' title='bbox 338 1195 581 1250; x_wconf 88' lang='lat' dir='ltr'>crimine</span> <span class='ocrx_word' id='word_1_82' title='bbox 612 1212 673 1251; x_wconf 91' lang='lat' dir='ltr'>se</span> <span class='ocrx_word' id='word_1_83' title='bbox 705 1201 988 1266; x_wconf 85' lang='lat' dir='ltr'>revocent,</span> <span class='ocrx_word' id='word_1_84' title='bbox 1026 1212 1265 1251; x_wconf 86' lang='lat' dir='ltr'>causam</span> <span class='ocrx_word' id='word_1_85' title='bbox 1318 1194 1455 1250; x_wconf 92' lang='lat' dir='ltr'>mali</span> <span class='ocrx_word' id='word_1_86' title='bbox 1489 1194 1764 1250; x_wconf 87' lang='lat' dir='ltr'>facinoris</span> <span class='ocrx_word' id='word_1_87' title='bbox 1811 1193 1981 1265; x_wconf 84' lang='lat' dir='ltr'>igno-</span> 
     </span>
    </p>
   </div>
   <div class='ocr_carea' id='block_1_14' title="bbox 336 1283 1810 1355">
    <p class='ocr_par' dir='ltr' id='par_1_14' title="bbox 336 1283 1810 1355">
     <span class='ocr_line' id='line_1_14' title="bbox 336 1283 1810 1355; baseline -0.001 -17"><span class='ocrx_word' id='word_1_88' title='bbox 336 1284 558 1354; x_wconf 79' lang='lat' dir='ltr'>rantiae,</span> <span class='ocrx_word' id='word_1_89' title='bbox 592 1289 657 1339; x_wconf 82' lang='lat' dir='ltr'>ut</span> <span class='ocrx_word' id='word_1_90' title='bbox 685 1285 914 1340; x_wconf 89' lang='lat' dir='ltr'>veniam</span> <span class='ocrx_word' id='word_1_91' title='bbox 945 1287 1402 1355; x_wconf 90' lang='lat' dir='ltr'>consequantur,</span> <span class='ocrx_word' id='word_1_92' title='bbox 1433 1283 1810 1338; x_wconf 87' lang='lat' dir='ltr'>ascribentes.</span> 
     </span>
    </p>
   </div>
   <div class='ocr_carea' id='block_1_15' title="bbox 405 1459 1978 1529">
    <p class='ocr_par' dir='ltr' id='par_1_15' title="bbox 405 1459 1978 1529">
     <span class='ocr_line' id='line_1_15' title="bbox 405 1459 1978 1529; baseline 0.001 -15"><span class='ocrx_word' id='word_1_93' title='bbox 405 1466 474 1516; x_wconf 87' lang='lat' dir='ltr'>X.</span> <span class='ocrx_word' id='word_1_94' title='bbox 512 1464 594 1517; x_wconf 90' lang='lat' dir='ltr'>lta</span> <span class='ocrx_word' id='word_1_95' title='bbox 624 1479 756 1517; x_wconf 92' lang='lat' dir='ltr'>vero</span> <span class='ocrx_word' id='word_1_96' title='bbox 788 1462 964 1517; x_wconf 87' lang='lat' dir='ltr'>habet</span> <span class='ocrx_word' id='word_1_97' title='bbox 995 1478 1007 1517; x_wconf 92' lang='lat'><strong>:</strong></span> <span class='ocrx_word' id='word_1_98' title='bbox 1039 1465 1181 1515; x_wconf 89' lang='lat' dir='ltr'>Cum</span> <span class='ocrx_word' id='word_1_99' title='bbox 1228 1461 1403 1528; x_wconf 90' lang='lat' dir='ltr'>Deus,</span> <span class='ocrx_word' id='word_1_100' title='bbox 1437 1460 1535 1529; x_wconf 90' lang='lat' dir='ltr'>qui</span> <span class='ocrx_word' id='word_1_101' title='bbox 1576 1459 1737 1516; x_wconf 89' lang='lat' dir='ltr'>solus</span> <span class='ocrx_word' id='word_1_102' title='bbox 1788 1460 1978 1515; x_wconf 90' lang='lat' dir='ltr'>bonus</span> 
     </span>
    </p>
   </div>
   <div class='ocr_carea' id='block_1_16' title="bbox 330 1549 1977 1621">
    <p class='ocr_par' dir='ltr' id='par_1_16' title="bbox 330 1549 1977 1621">
     <span class='ocr_line' id='line_1_16' title="bbox 330 1549 1977 1621; baseline -0.002 -15"><span class='ocrx_word' id='word_1_103' title='bbox 330 1556 439 1618; x_wconf 74' lang='lat' dir='ltr'>est,</span> <span class='ocrx_word' id='word_1_104' title='bbox 476 1555 690 1605; x_wconf 90' lang='lat' dir='ltr'>cuncta</span> <span class='ocrx_word' id='word_1_105' title='bbox 721 1552 867 1606; x_wconf 81' lang='lat' dir='ltr'>bene</span> <span class='ocrx_word' id='word_1_106' title='bbox 907 1555 1157 1605; x_wconf 82' lang='lat' dir='ltr'>creasset</span> <span class='ocrx_word' id='word_1_107' title='bbox 1189 1567 1254 1605; x_wconf 91' lang='lat' dir='ltr'>ac</span> <span class='ocrx_word' id='word_1_108' title='bbox 1284 1549 1505 1605; x_wconf 86' lang='lat' dir='ltr'>homini</span> <span class='ocrx_word' id='word_1_109' title='bbox 1538 1549 1608 1603; x_wconf 89' lang='lat' dir='ltr'>ad</span> <span class='ocrx_word' id='word_1_110' title='bbox 1659 1549 1977 1621; x_wconf 86' lang='lat' dir='ltr'>imaginem</span> 
     </span>
    </p>
   </div>
   <div class='ocr_carea' id='block_1_17' title="bbox 340 1636 1980 1709">
    <p class='ocr_par' dir='ltr' id='par_1_17' title="bbox 340 1636 1980 1709">
     <span class='ocr_line' id='line_1_17' title="bbox 340 1636 1980 1709; baseline -0.001 -16"><span class='ocrx_word' id='word_1_111' title='bbox 340 1656 507 1693; x_wconf 85' lang='lat' dir='ltr'>suam</span> <span class='ocrx_word' id='word_1_112' title='bbox 544 1639 690 1693; x_wconf 78' lang='lat' dir='ltr'>facto</span> <span class='ocrx_word' id='word_1_113' title='bbox 723 1638 1079 1705; x_wconf 84' lang='lat' dir='ltr'>tradidisset,</span> <span class='ocrx_word' id='word_1_114' title='bbox 1113 1639 1163 1693; x_wconf 90' lang='lat' dir='ltr'>is</span> <span class='ocrx_word' id='word_1_115' title='bbox 1194 1638 1368 1694; x_wconf 90' lang='lat' dir='ltr'>homo</span> <span class='ocrx_word' id='word_1_116' title='bbox 1396 1637 1713 1693; x_wconf 82' lang='lat' dir='ltr'>conditoris</span> <span class='ocrx_word' id='word_1_117' title='bbox 1744 1638 1834 1691; x_wconf 92' lang='lat' dir='ltr'>sui</span> <span class='ocrx_word' id='word_1_118' title='bbox 1866 1636 1980 1709; x_wconf 89' lang='lat' dir='ltr'>spi-</span> 
     </span>
    </p>
   </div>
   <div class='ocr_carea' id='block_1_18' title="bbox 334 1725 1977 1798">
    <p class='ocr_par' dir='ltr' id='par_1_18' title="bbox 334 1725 1977 1798">
     <span class='ocr_line' id='line_1_18' title="bbox 334 1725 1977 1798; baseline 0 -19"><span class='ocrx_word' id='word_1_119' title='bbox 334 1744 470 1782; x_wconf 86' lang='lat' dir='ltr'>rans</span> <span class='ocrx_word' id='word_1_120' title='bbox 504 1728 1029 1791; x_wconf 85' lang='lat' dir='ltr'>divinitatem,cum</span> <span class='ocrx_word' id='word_1_121' title='bbox 1061 1731 1215 1782; x_wconf 87' lang='lat' dir='ltr'>esset</span> <span class='ocrx_word' id='word_1_122' title='bbox 1243 1743 1413 1781; x_wconf 90' lang='lat' dir='ltr'>verus</span> <span class='ocrx_word' id='word_1_123' title='bbox 1444 1726 1727 1798; x_wconf 89' lang='lat' dir='ltr'>propheta</span> <span class='ocrx_word' id='word_1_124' title='bbox 1755 1730 1810 1780; x_wconf 89' lang='lat' dir='ltr'>et</span> <span class='ocrx_word' id='word_1_125' title='bbox 1842 1725 1977 1780; x_wconf 87' lang='lat' dir='ltr'>uni-</span> 
     </span>
    </p>
   </div>
   <div class='ocr_carea' id='block_1_19' title="bbox 331 1815 1976 1888">
    <p class='ocr_par' dir='ltr' id='par_1_19' title="bbox 331 1815 1976 1888">
     <span class='ocr_line' id='line_1_19' title="bbox 331 1815 1976 1888; baseline -0.001 -17"><span class='ocrx_word' id='word_1_126' title='bbox 331 1834 495 1871; x_wconf 85' lang='lat' dir='ltr'>vorsa</span> <span class='ocrx_word' id='word_1_127' title='bbox 544 1823 933 1888; x_wconf 86' lang='lat' dir='ltr'>cognosceret,</span> <span class='ocrx_word' id='word_1_128' title='bbox 968 1817 1025 1870; x_wconf 92' lang='lat' dir='ltr'>in</span> <span class='ocrx_word' id='word_1_129' title='bbox 1076 1817 1354 1871; x_wconf 90' lang='lat' dir='ltr'>honorem</span> <span class='ocrx_word' id='word_1_130' title='bbox 1402 1816 1591 1870; x_wconf 91' lang='lat' dir='ltr'>Patris</span> <span class='ocrx_word' id='word_1_131' title='bbox 1631 1815 1729 1886; x_wconf 92' lang='lat' dir='ltr'>qui</span> <span class='ocrx_word' id='word_1_132' title='bbox 1780 1815 1976 1870; x_wconf 89' lang='lat' dir='ltr'>omnia</span> 
     </span>
    </p>
   </div>
   <div class='ocr_carea' id='block_1_20' title="bbox 328 1903 1973 1974">
    <p class='ocr_par' dir='ltr' id='par_1_20' title="bbox 328 1903 1973 1974">
     <span class='ocr_line' id='line_1_20' title="bbox 328 1903 1973 1974; baseline 0 -15"><span class='ocrx_word' id='word_1_133' title='bbox 328 1904 410 1959; x_wconf 90' lang='lat' dir='ltr'>illi</span> <span class='ocrx_word' id='word_1_134' title='bbox 446 1910 895 1974; x_wconf 87' lang='lat' dir='ltr'>concesserat,et</span> <span class='ocrx_word' id='word_1_135' title='bbox 926 1906 997 1960; x_wconf 92' lang='lat' dir='ltr'>ob</span> <span class='ocrx_word' id='word_1_136' title='bbox 1018 1905 1264 1960; x_wconf 90' lang='lat' dir='ltr'>salutem</span> <span class='ocrx_word' id='word_1_137' title='bbox 1295 1922 1364 1960; x_wconf 83' lang='lat' dir='ltr'>ex</span> <span class='ocrx_word' id='word_1_138' title='bbox 1381 1921 1442 1960; x_wconf 91' lang='lat' dir='ltr'>se</span> <span class='ocrx_word' id='word_1_139' title='bbox 1473 1906 1805 1959; x_wconf 86' lang='lat' dir='ltr'>futurorum</span> <span class='ocrx_word' id='word_1_140' title='bbox 1830 1903 1973 1959; x_wconf 80' lang='lat' dir='ltr'>ﬁlio-</span> 
     </span>
    </p>
   </div>
   <div class='ocr_carea' id='block_1_21' title="bbox 325 1992 1973 2066">
    <p class='ocr_par' dir='ltr' id='par_1_21' title="bbox 325 1992 1973 2066">
     <span class='ocr_line' id='line_1_21' title="bbox 325 1992 1973 2066; baseline 0 -18"><span class='ocrx_word' id='word_1_141' title='bbox 325 2000 768 2065; x_wconf 83' lang='lat' dir='ltr'>rum,tanquam</span> <span class='ocrx_word' id='word_1_142' title='bbox 800 2010 1117 2066; x_wconf 89' lang='lat' dir='ltr'>germanus</span> <span class='ocrx_word' id='word_1_143' title='bbox 1150 1999 1315 2066; x_wconf 85' lang='lat' dir='ltr'>pater</span> <span class='ocrx_word' id='word_1_144' title='bbox 1344 1992 1801 2049; x_wconf 88' lang='lat' dir='ltr'>benevolentiam</span> <span class='ocrx_word' id='word_1_145' title='bbox 1836 2009 1973 2064; x_wconf 88' lang='lat' dir='ltr'>erga</span> 
     </span>
    </p>
   </div>
   <div class='ocr_carea' id='block_1_22' title="bbox 325 2081 1968 2155">
    <p class='ocr_par' dir='ltr' id='par_1_22' title="bbox 325 2081 1968 2155">
     <span class='ocr_line' id='line_1_22' title="bbox 325 2081 1968 2155; baseline -0.001 -18"><span class='ocrx_word' id='word_1_146' title='bbox 325 2101 356 2137; x_wconf 92' lang='lat' dir='ltr'>a</span> <span class='ocrx_word' id='word_1_147' title='bbox 389 2099 450 2138; x_wconf 90' lang='lat' dir='ltr'>se</span> <span class='ocrx_word' id='word_1_148' title='bbox 480 2083 807 2155; x_wconf 87' lang='lat' dir='ltr'>gignendos</span> <span class='ocrx_word' id='word_1_149' title='bbox 835 2082 1050 2138; x_wconf 88' lang='lat' dir='ltr'>liberos</span> <span class='ocrx_word' id='word_1_150' title='bbox 1081 2098 1601 2154; x_wconf 87' lang='lat' dir='ltr'>conservans,quos</span> <span class='ocrx_word' id='word_1_151' title='bbox 1633 2086 1868 2153; x_wconf 88' lang='lat' dir='ltr'>cuperet</span> <span class='ocrx_word' id='word_1_152' title='bbox 1898 2081 1968 2136; x_wconf 91' lang='lat' dir='ltr'>ad</span> 
     </span>
    </p>
   </div>
   <div class='ocr_carea' id='block_1_23' title="bbox 321 2170 1971 2243">
    <p class='ocr_par' dir='ltr' id='par_1_23' title="bbox 321 2170 1971 2243">
     <span class='ocr_line' id='line_1_23' title="bbox 321 2170 1971 2243; baseline -0.002 -15"><span class='ocrx_word' id='word_1_153' title='bbox 321 2189 521 2228; x_wconf 90' lang='lat' dir='ltr'>eorum</span> <span class='ocrx_word' id='word_1_154' title='bbox 559 2173 873 2227; x_wconf 87' lang='lat' dir='ltr'>utilitatem</span> <span class='ocrx_word' id='word_1_155' title='bbox 907 2171 1149 2243; x_wconf 88' lang='lat' dir='ltr'>diligere</span> <span class='ocrx_word' id='word_1_156' title='bbox 1170 2173 1352 2226; x_wconf 90' lang='lat' dir='ltr'>Deum</span> <span class='ocrx_word' id='word_1_157' title='bbox 1387 2177 1443 2226; x_wconf 91' lang='lat' dir='ltr'>et</span> <span class='ocrx_word' id='word_1_158' title='bbox 1472 2171 1637 2226; x_wconf 89' lang='lat' dir='ltr'>aDeo</span> <span class='ocrx_word' id='word_1_159' title='bbox 1669 2170 1971 2243; x_wconf 88' lang='lat' dir='ltr'>diligi,iter</span> 
     </span>
    </p>
   </div>
   <div class='ocr_carea' id='block_1_24' title="bbox 324 2260 1969 2333">
    <p class='ocr_par' dir='ltr' id='par_1_24' title="bbox 324 2260 1969 2333">
     <span class='ocr_line' id='line_1_24' title="bbox 324 2260 1969 2333; baseline -0.001 -17"><span class='ocrx_word' id='word_1_160' title='bbox 324 2263 479 2333; x_wconf 90' lang='lat' dir='ltr'>quod</span> <span class='ocrx_word' id='word_1_161' title='bbox 512 2263 579 2317; x_wconf 89' lang='lat' dir='ltr'>ad</span> <span class='ocrx_word' id='word_1_162' title='bbox 614 2261 773 2317; x_wconf 86' lang='lat' dir='ltr'>illius</span> <span class='ocrx_word' id='word_1_163' title='bbox 800 2263 1041 2316; x_wconf 86' lang='lat' dir='ltr'>duceret</span> <span class='ocrx_word' id='word_1_164' title='bbox 1072 2260 1389 2315; x_wconf 85' lang='lat' dir='ltr'>amicitiam</span> <span class='ocrx_word' id='word_1_165' title='bbox 1422 2260 1969 2329; x_wconf 84' lang='lat' dir='ltr'>demonstravit,do-</span> 
     </span>
    </p>
   </div>
   <div class='ocr_carea' id='block_1_25' title="bbox 325 2348 1969 2421">
    <p class='ocr_par' dir='ltr' id='par_1_25' title="bbox 325 2348 1969 2421">
     <span class='ocr_line' id='line_1_25' title="bbox 325 2348 1969 2421; baseline -0.001 -16"><span class='ocrx_word' id='word_1_166' title='bbox 325 2353 562 2421; x_wconf 88' lang='lat' dir='ltr'>cuitque</span> <span class='ocrx_word' id='word_1_167' title='bbox 623 2350 977 2421; x_wconf 89' lang='lat' dir='ltr'>quibusnam</span> <span class='ocrx_word' id='word_1_168' title='bbox 1051 2348 1353 2403; x_wconf 87' lang='lat' dir='ltr'>hominum</span> <span class='ocrx_word' id='word_1_169' title='bbox 1422 2348 1751 2403; x_wconf 90' lang='lat' dir='ltr'>actionibus</span> <span class='ocrx_word' id='word_1_170' title='bbox 1809 2348 1969 2403; x_wconf 90' lang='lat' dir='ltr'>solus</span> 
     </span>
    </p>
   </div>
   <div class='ocr_carea' id='block_1_26' title="bbox 326 2436 1967 2509">
    <p class='ocr_par' dir='ltr' id='par_1_26' title="bbox 326 2436 1967 2509">
     <span class='ocr_line' id='line_1_26' title="bbox 326 2436 1967 2509; baseline -0.003 -14"><span class='ocrx_word' id='word_1_171' title='bbox 326 2441 710 2509; x_wconf 89' lang='lat' dir='ltr'>omniumque</span> <span class='ocrx_word' id='word_1_172' title='bbox 742 2437 1028 2494; x_wconf 89' lang='lat' dir='ltr'>Dominus</span> <span class='ocrx_word' id='word_1_173' title='bbox 1059 2437 1210 2493; x_wconf 89' lang='lat' dir='ltr'>Deus</span> <span class='ocrx_word' id='word_1_174' title='bbox 1243 2437 1663 2492; x_wconf 78' lang='lat' dir='ltr'>delecteturzet</span> <span class='ocrx_word' id='word_1_175' title='bbox 1693 2436 1967 2503; x_wconf 86' lang='lat' dir='ltr'>ostensis,</span> 
     </span>
    </p>
   </div>
   <div class='ocr_carea' id='block_1_27' title="bbox 325 2524 1966 2600">
    <p class='ocr_par' dir='ltr' id='par_1_27' title="bbox 325 2524 1966 2600">
     <span class='ocr_line' id='line_1_27' title="bbox 325 2524 1966 2600; baseline -0.002 -18"><span class='ocrx_word' id='word_1_176' title='bbox 325 2546 449 2600; x_wconf 76' lang='lat' dir='ltr'>quae</span> <span class='ocrx_word' id='word_1_177' title='bbox 482 2528 563 2581; x_wconf 92' lang='lat' dir='ltr'>illi</span> <span class='ocrx_word' id='word_1_178' title='bbox 599 2528 906 2600; x_wconf 88' lang='lat' dir='ltr'>placerent,</span> <span class='ocrx_word' id='word_1_179' title='bbox 941 2526 1127 2597; x_wconf 90' lang='lat' dir='ltr'>legem</span> <span class='ocrx_word' id='word_1_180' title='bbox 1178 2530 1451 2581; x_wconf 73' lang='lat' dir='ltr'>aeternam</span> <span class='ocrx_word' id='word_1_181' title='bbox 1486 2526 1710 2580; x_wconf 90' lang='lat' dir='ltr'>cunctis</span> <span class='ocrx_word' id='word_1_182' title='bbox 1755 2524 1966 2592; x_wconf 84' lang='lat' dir='ltr'>sanxit,</span> 
     </span>
    </p>
   </div>
   <div class='ocr_carea' id='block_1_28' title="bbox 323 2614 1966 2688">
    <p class='ocr_par' dir='ltr' id='par_1_28' title="bbox 323 2614 1966 2688">
     <span class='ocr_line' id='line_1_28' title="bbox 323 2614 1966 2688; baseline -0.002 -17"><span class='ocrx_word' id='word_1_183' title='bbox 323 2634 449 2688; x_wconf 71' lang='lat' dir='ltr'>qua:</span> <span class='ocrx_word' id='word_1_184' title='bbox 482 2634 585 2672; x_wconf 89' lang='lat' dir='ltr'>nec</span> <span class='ocrx_word' id='word_1_185' title='bbox 634 2618 706 2671; x_wconf 88' lang='lat' dir='ltr'>ab</span> <span class='ocrx_word' id='word_1_186' title='bbox 736 2615 1005 2671; x_wconf 82' lang='lat' dir='ltr'>hostibus</span> <span class='ocrx_word' id='word_1_187' title='bbox 1055 2615 1321 2669; x_wconf 93' lang='lat' dir='ltr'>consumi</span> <span class='ocrx_word' id='word_1_188' title='bbox 1354 2620 1567 2685; x_wconf 87' lang='lat' dir='ltr'>posset,</span> <span class='ocrx_word' id='word_1_189' title='bbox 1602 2631 1705 2669; x_wconf 86' lang='lat' dir='ltr'>nec</span> <span class='ocrx_word' id='word_1_190' title='bbox 1737 2614 1808 2669; x_wconf 93' lang='lat' dir='ltr'>ab</span> <span class='ocrx_word' id='word_1_191' title='bbox 1852 2614 1966 2668; x_wconf 93' lang='lat' dir='ltr'>ullo</span> 
     </span>
    </p>
   </div>
   <div class='ocr_carea' id='block_1_29' title="bbox 321 2702 1966 2778">
    <p class='ocr_par' dir='ltr' id='par_1_29' title="bbox 321 2702 1966 2778">
     <span class='ocr_line' id='line_1_29' title="bbox 321 2702 1966 2778; baseline -0.002 -18"><span class='ocrx_word' id='word_1_192' title='bbox 321 2707 503 2778; x_wconf 89' lang='lat' dir='ltr'>impio</span> <span class='ocrx_word' id='word_1_193' title='bbox 532 2704 944 2776; x_wconf 88' lang='lat' dir='ltr'>interpolanda</span> <span class='ocrx_word' id='word_1_194' title='bbox 972 2708 1146 2769; x_wconf 86' lang='lat' dir='ltr'>esset,</span> <span class='ocrx_word' id='word_1_195' title='bbox 1182 2720 1286 2758; x_wconf 88' lang='lat' dir='ltr'>nec</span> <span class='ocrx_word' id='word_1_196' title='bbox 1319 2719 1433 2757; x_wconf 89' lang='lat' dir='ltr'>uno</span> <span class='ocrx_word' id='word_1_197' title='bbox 1464 2703 1524 2756; x_wconf 89' lang='lat' dir='ltr'>in</span> <span class='ocrx_word' id='word_1_198' title='bbox 1553 2702 1678 2757; x_wconf 94' lang='lat' dir='ltr'>loco</span> <span class='ocrx_word' id='word_1_199' title='bbox 1721 2704 1966 2757; x_wconf 90' lang='lat' dir='ltr'>abscon-</span> 
     </span>
    </p>
   </div>
   <div class='ocr_carea' id='block_1_30' title="bbox 321 2791 1964 2863">
    <p class='ocr_par' dir='ltr' id='par_1_30' title="bbox 321 2791 1964 2863">
     <span class='ocr_line' id='line_1_30' title="bbox 321 2791 1964 2863; baseline -0.003 -14"><span class='ocrx_word' id='word_1_200' title='bbox 321 2797 576 2858; x_wconf 80' lang='lat' dir='ltr'>deretur,</span> <span class='ocrx_word' id='word_1_201' title='bbox 612 2795 710 2849; x_wconf 92' lang='lat' dir='ltr'>sed</span> <span class='ocrx_word' id='word_1_202' title='bbox 747 2811 780 2849; x_wconf 91' lang='lat' dir='ltr'>a</span> <span class='ocrx_word' id='word_1_203' title='bbox 808 2794 1037 2848; x_wconf 88' lang='lat' dir='ltr'>cunctis</span> <span class='ocrx_word' id='word_1_204' title='bbox 1066 2797 1263 2863; x_wconf 86' lang='lat' dir='ltr'>posset</span> <span class='ocrx_word' id='word_1_205' title='bbox 1293 2791 1427 2863; x_wconf 83' lang='lat' dir='ltr'>legi.</span> <span class='ocrx_word' id='word_1_206' title='bbox 1455 2792 1631 2846; x_wconf 85' lang='lat' dir='ltr'>Erant</span> <span class='ocrx_word' id='word_1_207' title='bbox 1660 2808 1794 2862; x_wconf 88' lang='lat' dir='ltr'>ergo</span> <span class='ocrx_word' id='word_1_208' title='bbox 1828 2791 1964 2862; x_wconf 82' lang='lat' dir='ltr'>illis,</span> 
     </span>
    </p>
   </div>
   <div class='ocr_carea' id='block_1_31' title="bbox 320 2880 1964 2952">
    <p class='ocr_par' dir='ltr' id='par_1_31' title="bbox 320 2880 1964 2952">
     <span class='ocr_line' id='line_1_31' title="bbox 320 2880 1964 2952; baseline -0.002 -14"><span class='ocrx_word' id='word_1_209' title='bbox 320 2901 387 2938; x_wconf 88' lang='lat' dir='ltr'>cx</span> <span class='ocrx_word' id='word_1_210' title='bbox 418 2883 746 2938; x_wconf 80' lang='lat' dir='ltr'>obedientia</span> <span class='ocrx_word' id='word_1_211' title='bbox 775 2882 942 2952; x_wconf 82' lang='lat' dir='ltr'>legis,</span> <span class='ocrx_word' id='word_1_212' title='bbox 977 2886 1189 2937; x_wconf 90' lang='lat' dir='ltr'>cuncta</span> <span class='ocrx_word' id='word_1_213' title='bbox 1217 2880 1666 2952; x_wconf 76' lang='lat' dir='ltr'>aﬁ‘atim,fruges</span> <span class='ocrx_word' id='word_1_214' title='bbox 1699 2880 1964 2951; x_wconf 90' lang='lat' dir='ltr'>pulcher-</span> 
     </span>
    </p>
   </div>
   <div class='ocr_carea' id='block_1_32' title="bbox 321 2968 1961 3040">
    <p class='ocr_par' dir='ltr' id='par_1_32' title="bbox 321 2968 1961 3040">
     <span class='ocr_line' id='line_1_32' title="bbox 321 2968 1961 3040; baseline -0.001 -15"><span class='ocrx_word' id='word_1_215' title='bbox 321 2973 501 3037; x_wconf 60' lang='lat' dir='ltr'>rimis,</span> <span class='ocrx_word' id='word_1_216' title='bbox 537 2971 671 3025; x_wconf 84' lang='lat' dir='ltr'>anni</span> <span class='ocrx_word' id='word_1_217' title='bbox 702 2970 1128 3040; x_wconf 89' lang='lat' dir='ltr'>completi,sine</span> <span class='ocrx_word' id='word_1_218' title='bbox 1158 2968 1551 3033; x_wconf 85' lang='lat' dir='ltr'>tristitia,sine</span> <span class='ocrx_word' id='word_1_219' title='bbox 1582 2968 1961 3035; x_wconf 82' lang='lat' dir='ltr'>morbis,cum</span> 
     </span>
    </p>
   </div>
   <div class='ocr_carea' id='block_1_33' title="bbox 322 3057 1603 3130">
    <p class='ocr_par' dir='ltr' id='par_1_33' title="bbox 322 3057 1603 3130">
     <span class='ocr_line' id='line_1_33' title="bbox 322 3057 1603 3130; baseline -0.002 -14"><span class='ocrx_word' id='word_1_220' title='bbox 322 3060 709 3116; x_wconf 78' lang='lat' dir='ltr'>saluberrima</span> <span class='ocrx_word' id='word_1_221' title='bbox 741 3060 891 3115; x_wconf 85' lang='lat' dir='ltr'>aeris</span> <span class='ocrx_word' id='word_1_222' title='bbox 924 3058 1199 3130; x_wconf 90' lang='lat' dir='ltr'>temperie</span> <span class='ocrx_word' id='word_1_223' title='bbox 1228 3062 1355 3113; x_wconf 88' lang='lat' dir='ltr'>tuto</span> <span class='ocrx_word' id='word_1_224' title='bbox 1383 3057 1603 3114; x_wconf 88' lang='lat' dir='ltr'>donati.</span> 
     </span>
    </p>
   </div>
   <div class='ocr_carea' id='block_1_34' title="bbox 388 3323 1956 3398">
    <p class='ocr_par' dir='ltr' id='par_1_34' title="bbox 388 3323 1956 3398">
     <span class='ocr_line' id='line_1_34' title="bbox 388 3323 1956 3398; baseline -0.003 -15"><span class='ocrx_word' id='word_1_225' title='bbox 388 3329 477 3383; x_wconf 88' lang='grc' dir='ltr'>ΧΙ.</span> <span class='ocrx_word' id='word_1_226' title='bbox 510 3332 585 3382; x_wconf 83' lang='lat' dir='ltr'>At</span> <span class='ocrx_word' id='word_1_227' title='bbox 614 3326 720 3393; x_wconf 92' lang='lat' dir='ltr'>illi,</span> <span class='ocrx_word' id='word_1_228' title='bbox 755 3326 892 3398; x_wconf 90' lang='lat' dir='ltr'>quia</span> <span class='ocrx_word' id='word_1_229' title='bbox 945 3326 1205 3381; x_wconf 88' lang='lat' dir='ltr'>nondum</span> <span class='ocrx_word' id='word_1_230' title='bbox 1235 3323 1392 3379; x_wconf 90' lang='lat' dir='ltr'>mala</span> <span class='ocrx_word' id='word_1_231' title='bbox 1437 3325 1655 3397; x_wconf 87' lang='lat' dir='ltr'>experti</span> <span class='ocrx_word' id='word_1_232' title='bbox 1706 3326 1956 3394; x_wconf 85' lang='lat' dir='ltr'>fuerant,</span> 
     </span>
    </p>
   </div>
   <div class='ocr_carea' id='block_1_35' title="bbox 320 3413 1961 3490">
    <p class='ocr_par' dir='ltr' id='par_1_35' title="bbox 320 3413 1961 3490">
     <span class='ocr_line' id='line_1_35' title="bbox 320 3413 1961 3490; baseline -0.002 -17"><span class='ocrx_word' id='word_1_233' title='bbox 320 3420 391 3473; x_wconf 89' lang='lat' dir='ltr'>ad</span> <span class='ocrx_word' id='word_1_234' title='bbox 424 3419 617 3490; x_wconf 89' lang='lat' dir='ltr'>ipsum</span> <span class='ocrx_word' id='word_1_235' title='bbox 640 3418 928 3471; x_wconf 89' lang='lat' dir='ltr'>bonorum</span> <span class='ocrx_word' id='word_1_236' title='bbox 947 3415 1165 3470; x_wconf 91' lang='lat' dir='ltr'>donum</span> <span class='ocrx_word' id='word_1_237' title='bbox 1195 3431 1370 3469; x_wconf 88' lang='lat' dir='ltr'>sensu</span> <span class='ocrx_word' id='word_1_238' title='bbox 1404 3413 1961 3484; x_wconf 87' lang='lat' dir='ltr'>destituti,percibo-</span> 
     </span>
    </p>
   </div>
   <div class='ocr_carea' id='block_1_36' title="bbox 324 3502 1960 3575">
    <p class='ocr_par' dir='ltr' id='par_1_36' title="bbox 324 3502 1960 3575">
     <span class='ocr_line' id='line_1_36' title="bbox 324 3502 1960 3575; baseline -0.002 -14"><span class='ocrx_word' id='word_1_239' title='bbox 324 3525 453 3562; x_wconf 88' lang='lat' dir='ltr'>rum</span> <span class='ocrx_word' id='word_1_240' title='bbox 495 3511 550 3561; x_wconf 92' lang='lat' dir='ltr'>et</span> <span class='ocrx_word' id='word_1_241' title='bbox 579 3505 916 3560; x_wconf 90' lang='lat' dir='ltr'>deliciarum</span> <span class='ocrx_word' id='word_1_242' title='bbox 967 3503 1388 3559; x_wconf 84' lang='lat' dir='ltr'>abundantiam</span> <span class='ocrx_word' id='word_1_243' title='bbox 1421 3504 1489 3558; x_wconf 90' lang='lat' dir='ltr'>ad</span> <span class='ocrx_word' id='word_1_244' title='bbox 1519 3503 1731 3575; x_wconf 87' lang='lat' dir='ltr'>ingrati</span> <span class='ocrx_word' id='word_1_245' title='bbox 1780 3502 1960 3558; x_wconf 86' lang='lat' dir='ltr'>animi</span> 
     </span>
    </p>
   </div>
   <div class='ocr_carea' id='block_1_37' title="bbox 320 3591 1961 3663">
    <p class='ocr_par' dir='ltr' id='par_1_37' title="bbox 320 3591 1961 3663">
     <span class='ocr_line' id='line_1_37' title="bbox 320 3591 1961 3663; baseline -0.001 -14"><span class='ocrx_word' id='word_1_246' title='bbox 320 3596 528 3651; x_wconf 87' lang='lat' dir='ltr'>vitium</span> <span class='ocrx_word' id='word_1_247' title='bbox 560 3594 1088 3663; x_wconf 88' lang='lat' dir='ltr'>declinaverunt,ut</span> <span class='ocrx_word' id='word_1_248' title='bbox 1118 3592 1543 3647; x_wconf 88' lang='lat' dir='ltr'>arbitrarentur</span> <span class='ocrx_word' id='word_1_249' title='bbox 1571 3608 1687 3647; x_wconf 91' lang='lat' dir='ltr'>non</span> <span class='ocrx_word' id='word_1_250' title='bbox 1718 3591 1961 3647; x_wconf 85' lang='lat' dir='ltr'>existere</span> 
     </span>
    </p>
   </div>
   <div class='ocr_carea' id='block_1_38' title="bbox 321 3680 1960 3753">
    <p class='ocr_par' dir='ltr' id='par_1_38' title="bbox 321 3680 1960 3753">
     <span class='ocr_line' id='line_1_38' title="bbox 321 3680 1960 3753; baseline -0.003 -13"><span class='ocrx_word' id='word_1_251' title='bbox 321 3683 932 3753; x_wconf 87' lang='lat' dir='ltr'>Providentiam,quod</span> <span class='ocrx_word' id='word_1_252' title='bbox 951 3680 1110 3737; x_wconf 90' lang='lat' dir='ltr'>nullo</span> <span class='ocrx_word' id='word_1_253' title='bbox 1126 3681 1740 3753; x_wconf 69' lang='lat' dir='ltr'>praecedentejustitiaa</span> <span class='ocrx_word' id='word_1_254' title='bbox 1763 3680 1960 3735; x_wconf 90' lang='lat' dir='ltr'>labore</span> 
     </span>
    </p>
   </div>
   <div class='ocr_carea' id='block_1_39' title="bbox 319 3768 1961 3841">
    <p class='ocr_par' dir='ltr' id='par_1_39' title="bbox 319 3768 1961 3841">
     <span class='ocr_line' id='line_1_39' title="bbox 319 3768 1961 3841; baseline -0.002 -13"><span class='ocrx_word' id='word_1_255' title='bbox 319 3775 471 3828; x_wconf 90' lang='lat' dir='ltr'>bona</span> <span class='ocrx_word' id='word_1_256' title='bbox 528 3778 592 3826; x_wconf 90' lang='lat' dir='ltr'>ut</span> <span class='ocrx_word' id='word_1_257' title='bbox 645 3771 967 3825; x_wconf 89' lang='lat' dir='ltr'>mercedem</span> <span class='ocrx_word' id='word_1_258' title='bbox 1034 3770 1412 3841; x_wconf 86' lang='lat' dir='ltr'>recepissent,</span> <span class='ocrx_word' id='word_1_259' title='bbox 1448 3774 1646 3840; x_wconf 83' lang='lat' dir='ltr'>utpote</span> <span class='ocrx_word' id='word_1_260' title='bbox 1694 3768 1852 3823; x_wconf 89' lang='lat' dir='ltr'>nullo</span> <span class='ocrx_word' id='word_1_261' title='bbox 1893 3786 1961 3824; x_wconf 85' lang='lat' dir='ltr'>ex</span> 
     </span>
    </p>
   </div>
   <div class='ocr_carea' id='block_1_40' title="bbox 317 3858 1958 3935">
    <p class='ocr_par' dir='ltr' id='par_1_40' title="bbox 317 3858 1958 3935">
     <span class='ocr_line' id='line_1_40' title="bbox 317 3858 1958 3935; baseline -0.002 -19"><span class='ocrx_word' id='word_1_262' title='bbox 317 3862 462 3935; x_wconf 91' lang='lat' dir='ltr'>ipsis</span> <span class='ocrx_word' id='word_1_263' title='bbox 492 3863 551 3916; x_wconf 95' lang='lat' dir='ltr'>in</span> <span class='ocrx_word' id='word_1_264' title='bbox 580 3878 780 3916; x_wconf 89' lang='lat' dir='ltr'>casum</span> <span class='ocrx_word' id='word_1_265' title='bbox 808 3859 1061 3931; x_wconf 88' lang='lat' dir='ltr'>aliquem</span> <span class='ocrx_word' id='word_1_266' title='bbox 1094 3858 1181 3914; x_wconf 91' lang='lat' dir='ltr'>vel</span> <span class='ocrx_word' id='word_1_267' title='bbox 1214 3860 1482 3913; x_wconf 90' lang='lat' dir='ltr'>morbum</span> <span class='ocrx_word' id='word_1_268' title='bbox 1514 3863 1616 3912; x_wconf 91' lang='lat' dir='ltr'>aut</span> <span class='ocrx_word' id='word_1_269' title='bbox 1650 3858 1825 3912; x_wconf 89' lang='lat' dir='ltr'>ullam</span> <span class='ocrx_word' id='word_1_270' title='bbox 1859 3875 1958 3913; x_wconf 89' lang='lat' dir='ltr'>ne-</span> 
     </span>
    </p>
   </div>
   <div class='ocr_carea' id='block_1_41' title="bbox 317 3946 1962 4021">
    <p class='ocr_par' dir='ltr' id='par_1_41' title="bbox 317 3946 1962 4021">
     <span class='ocr_line' id='line_1_41' title="bbox 317 3946 1962 4021; baseline -0.004 -14"><span class='ocrx_word' id='word_1_271' title='bbox 317 3953 648 4007; x_wconf 86' lang='lat' dir='ltr'>cessitatem</span> <span class='ocrx_word' id='word_1_272' title='bbox 680 3948 949 4021; x_wconf 90' lang='lat' dir='ltr'>delapso:</span> <span class='ocrx_word' id='word_1_273' title='bbox 983 3949 1124 4003; x_wconf 89' lang='lat' dir='ltr'>adeo</span> <span class='ocrx_word' id='word_1_274' title='bbox 1158 3948 1742 4018; x_wconf 89' lang='lat' dir='ltr'>ut,quemadmodum</span> <span class='ocrx_word' id='word_1_275' title='bbox 1773 3946 1962 4002; x_wconf 90' lang='lat' dir='ltr'>solent</span> 
     </span>
    </p>
   </div>
   <div class='ocr_carea' id='block_1_42' title="bbox 316 4035 1960 4110">
    <p class='ocr_par' dir='ltr' id='par_1_42' title="bbox 316 4035 1960 4110">
     <span class='ocr_line' id='line_1_42' title="bbox 316 4035 1960 4110; baseline -0.003 -15"><span class='ocrx_word' id='word_1_276' title='bbox 316 4041 584 4095; x_wconf 88' lang='lat' dir='ltr'>homines</span> <span class='ocrx_word' id='word_1_277' title='bbox 615 4057 647 4093; x_wconf 88' lang='lat' dir='ltr'>a</span> <span class='ocrx_word' id='word_1_278' title='bbox 678 4055 853 4110; x_wconf 89' lang='lat' dir='ltr'>prava</span> <span class='ocrx_word' id='word_1_279' title='bbox 881 4036 1244 4091; x_wconf 89' lang='lat' dir='ltr'>aberratione</span> <span class='ocrx_word' id='word_1_280' title='bbox 1271 4035 1494 4102; x_wconf 84' lang='lat' dir='ltr'>afﬂicti,</span> <span class='ocrx_word' id='word_1_281' title='bbox 1527 4037 1831 4107; x_wconf 89' lang='lat' dir='ltr'>Deum,qui</span> <span class='ocrx_word' id='word_1_282' title='bbox 1861 4053 1960 4091; x_wconf 91' lang='lat' dir='ltr'>eos</span> 
     </span>
    </p>
   </div>
   <div class='ocr_carea' id='block_1_43' title="bbox 318 4125 1960 4200">
    <p class='ocr_par' dir='ltr' id='par_1_43' title="bbox 318 4125 1960 4200">
     <span class='ocr_line' id='line_1_43' title="bbox 318 4125 1960 4200; baseline -0.004 -16"><span class='ocrx_word' id='word_1_283' title='bbox 318 4134 544 4200; x_wconf 85' lang='lat' dir='ltr'>poterat</span> <span class='ocrx_word' id='word_1_284' title='bbox 574 4144 800 4193; x_wconf 89' lang='lat' dir='ltr'>sanare,</span> <span class='ocrx_word' id='word_1_285' title='bbox 837 4126 1221 4196; x_wconf 85' lang='lat' dir='ltr'>despicerent.</span> <span class='ocrx_word' id='word_1_286' title='bbox 1254 4125 1470 4179; x_wconf 81' lang='lat' dir='ltr'>Verum</span> <span class='ocrx_word' id='word_1_287' title='bbox 1514 4125 1806 4180; x_wconf 86' lang='lat' dir='ltr'>enimvero</span> <span class='ocrx_word' id='word_1_288' title='bbox 1838 4130 1960 4179; x_wconf 82' lang='lat' dir='ltr'>sta-</span> 
     </span>
    </p>
   </div>
   <div class='ocr_carea' id='block_1_44' title="bbox 318 4213 1961 4288">
    <p class='ocr_par' dir='ltr' id='par_1_44' title="bbox 318 4213 1961 4288">
     <span class='ocr_line' id='line_1_44' title="bbox 318 4213 1961 4288; baseline -0.002 -16"><span class='ocrx_word' id='word_1_289' title='bbox 318 4218 422 4272; x_wconf 88' lang='lat' dir='ltr'>tim</span> <span class='ocrx_word' id='word_1_290' title='bbox 456 4222 587 4288; x_wconf 92' lang='lat' dir='ltr'>post</span> <span class='ocrx_word' id='word_1_291' title='bbox 607 4219 1104 4285; x_wconf 85' lang='lat' dir='ltr'>contemptum,ex</span> <span class='ocrx_word' id='word_1_292' title='bbox 1136 4218 1326 4267; x_wconf 89' lang='lat' dir='ltr'>metus</span> <span class='ocrx_word' id='word_1_293' title='bbox 1356 4213 1642 4269; x_wconf 87' lang='lat' dir='ltr'>vacuitate</span> <span class='ocrx_word' id='word_1_294' title='bbox 1670 4219 1727 4270; x_wconf 91' lang='lat' dir='ltr'>et</span> <span class='ocrx_word' id='word_1_295' title='bbox 1756 4230 1961 4269; x_wconf 86' lang='lat' dir='ltr'>secura</span> 
     </span>
    </p>
   </div>
   <div class='ocr_carea' id='block_1_45' title="bbox 315 4301 1958 4377">
    <p class='ocr_par' dir='ltr' id='par_1_45' title="bbox 315 4301 1958 4377">
     <span class='ocr_line' id='line_1_45' title="bbox 315 4301 1958 4377; baseline -0.002 -16"><span class='ocrx_word' id='word_1_296' title='bbox 315 4306 609 4377; x_wconf 88' lang='lat' dir='ltr'>voluptate</span> <span class='ocrx_word' id='word_1_297' title='bbox 640 4302 1239 4376; x_wconf 87' lang='lat' dir='ltr'>proccdentem,velut</span> <span class='ocrx_word' id='word_1_298' title='bbox 1268 4301 1340 4356; x_wconf 91' lang='lat' dir='ltr'>ab</span> <span class='ocrx_word' id='word_1_299' title='bbox 1370 4302 1677 4358; x_wconf 86' lang='lat' dir='ltr'>harmonia</span> <span class='ocrx_word' id='word_1_300' title='bbox 1705 4304 1958 4376; x_wconf 89' lang='lat' dir='ltr'>quadam</span> 
     </span>
    </p>
   </div>
   <div class='ocr_carea' id='block_1_46' title="bbox 320 4391 1958 4465">
    <p class='ocr_par' dir='ltr' id='par_1_46' title="bbox 320 4391 1958 4465">
     <span class='ocr_line' id='line_1_46' title="bbox 320 4391 1958 4465; baseline -0.001 -16"><span class='ocrx_word' id='word_1_301' title='bbox 320 4398 742 4465; x_wconf 87' lang='lat' dir='ltr'>consequenter</span> <span class='ocrx_word' id='word_1_302' title='bbox 786 4392 1078 4463; x_wconf 87' lang='lat' dir='ltr'>adaptata,</span> <span class='ocrx_word' id='word_1_303' title='bbox 1105 4391 1271 4460; x_wconf 87' lang='lat' dir='ltr'>justa</span> <span class='ocrx_word' id='word_1_304' title='bbox 1318 4408 1416 4447; x_wconf 92' lang='lat' dir='ltr'>eos</span> <span class='ocrx_word' id='word_1_305' title='bbox 1447 4391 1660 4448; x_wconf 88' lang='lat' dir='ltr'>invasit</span> <span class='ocrx_word' id='word_1_306' title='bbox 1709 4393 1958 4464; x_wconf 91' lang='lat' dir='ltr'>punitio,</span> 
     </span>
    </p>
   </div>
   <div class='ocr_carea' id='block_1_47' title="bbox 321 4479 1962 4555">
    <p class='ocr_par' dir='ltr' id='par_1_47' title="bbox 321 4479 1962 4555">
     <span class='ocr_line' id='line_1_47' title="bbox 321 4479 1962 4555; baseline -0.001 -17"><span class='ocrx_word' id='word_1_307' title='bbox 321 4500 446 4555; x_wconf 76' lang='lat' dir='ltr'>quae</span> <span class='ocrx_word' id='word_1_308' title='bbox 480 4483 634 4537; x_wconf 91' lang='lat' dir='ltr'>bona</span> <span class='ocrx_word' id='word_1_309' title='bbox 663 4480 900 4552; x_wconf 89' lang='lat' dir='ltr'>quidem</span> <span class='ocrx_word' id='word_1_310' title='bbox 941 4484 1006 4534; x_wconf 89' lang='lat' dir='ltr'>ut</span> <span class='ocrx_word' id='word_1_311' title='bbox 1036 4479 1207 4536; x_wconf 78' lang='lat' dir='ltr'>noxia</span> <span class='ocrx_word' id='word_1_312' title='bbox 1253 4480 1495 4553; x_wconf 84' lang='lat' dir='ltr'>expulit,</span> <span class='ocrx_word' id='word_1_313' title='bbox 1528 4480 1686 4537; x_wconf 86' lang='lat' dir='ltr'>mala</span> <span class='ocrx_word' id='word_1_314' title='bbox 1732 4498 1865 4538; x_wconf 89' lang='lat' dir='ltr'>vero</span> <span class='ocrx_word' id='word_1_315' title='bbox 1898 4486 1962 4537; x_wconf 90' lang='lat' dir='ltr'>ut</span> 
     </span>
    </p>
   </div>
   <div class='ocr_carea' id='block_1_48' title="bbox 321 4570 1103 4645">
    <p class='ocr_par' dir='ltr' id='par_1_48' title="bbox 321 4570 1103 4645">
     <span class='ocr_line' id='line_1_48' title="bbox 321 4570 1103 4645; baseline -0.005 -17"><span class='ocrx_word' id='word_1_316' title='bbox 321 4575 597 4645; x_wconf 88' lang='lat' dir='ltr'>adjutura</span> <span class='ocrx_word' id='word_1_317' title='bbox 626 4575 825 4627; x_wconf 89' lang='lat' dir='ltr'>contra</span> <span class='ocrx_word' id='word_1_318' title='bbox 856 4570 1103 4625; x_wconf 84' lang='lat' dir='ltr'>induxit.</span> 
     </span>
    </p>
   </div>
   <div class='ocr_carea' id='block_1_49' title="bbox 387 4746 1956 4821">
    <p class='ocr_par' dir='ltr' id='par_1_49' title="bbox 387 4746 1956 4821">
     <span class='ocr_line' id='line_1_49' title="bbox 387 4746 1956 4821; baseline -0.003 -15"><span class='ocrx_word' id='word_1_319' title='bbox 387 4751 508 4806; x_wconf 89' lang='lat' dir='ltr'>XII.</span> <span class='ocrx_word' id='word_1_320' title='bbox 542 4750 687 4804; x_wconf 88' lang='lat' dir='ltr'>Nam</span> <span class='ocrx_word' id='word_1_321' title='bbox 719 4763 787 4803; x_wconf 85' lang='lat' dir='ltr'>ex</span> <span class='ocrx_word' id='word_1_322' title='bbox 815 4746 941 4803; x_wconf 70' lang='lat' dir='ltr'>caeli</span> <span class='ocrx_word' id='word_1_323' title='bbox 974 4746 1181 4801; x_wconf 90' lang='lat' dir='ltr'>incolis</span> <span class='ocrx_word' id='word_1_324' title='bbox 1231 4747 1537 4819; x_wconf 91' lang='lat' dir='ltr'>spiritibus</span> <span class='ocrx_word' id='word_1_325' title='bbox 1569 4747 1629 4817; x_wconf 92' lang='lat' dir='ltr'>ii,</span> <span class='ocrx_word' id='word_1_326' title='bbox 1677 4747 1776 4821; x_wconf 91' lang='lat' dir='ltr'>qui</span> <span class='ocrx_word' id='word_1_327' title='bbox 1825 4748 1956 4803; x_wconf 83' lang='lat' dir='ltr'>infi-</span> 
     </span>
    </p>
   </div>
   <div class='ocr_carea' id='block_1_50' title="bbox 323 4835 1959 4909">
    <p class='ocr_par' dir='ltr' id='par_1_50' title="bbox 323 4835 1959 4909">
     <span class='ocr_line' id='line_1_50' title="bbox 323 4835 1959 4909; baseline -0.001 -13"><span class='ocrx_word' id='word_1_328' title='bbox 323 4856 480 4896; x_wconf 90' lang='lat' dir='ltr'>mam</span> <span class='ocrx_word' id='word_1_329' title='bbox 532 4838 828 4909; x_wconf 88' lang='lat' dir='ltr'>regionem</span> <span class='ocrx_word' id='word_1_330' title='bbox 879 4835 1148 4890; x_wconf 89' lang='lat' dir='ltr'>habitant</span> <span class='ocrx_word' id='word_1_331' title='bbox 1201 4836 1415 4907; x_wconf 90' lang='lat' dir='ltr'>angeli,</span> <span class='ocrx_word' id='word_1_332' title='bbox 1469 4836 1673 4893; x_wconf 82' lang='lat' dir='ltr'>otI&#39;ensi</span> <span class='ocrx_word' id='word_1_333' title='bbox 1730 4838 1959 4909; x_wconf 90' lang='lat' dir='ltr'>ingrato</span> 
     </span>
    </p>
   </div>
   <div class='ocr_carea' id='block_1_51' title="bbox 322 4922 1956 4996">
    <p class='ocr_par' dir='ltr' id='par_1_51' title="bbox 322 4922 1956 4996">
     <span class='ocr_line' id='line_1_51' title="bbox 322 4922 1956 4996; baseline -0.002 -13"><span class='ocrx_word' id='word_1_334' title='bbox 322 4927 629 4983; x_wconf 91' lang='lat' dir='ltr'>hominum</span> <span class='ocrx_word' id='word_1_335' title='bbox 681 4941 817 4996; x_wconf 88' lang='lat' dir='ltr'>erga</span> <span class='ocrx_word' id='word_1_336' title='bbox 848 4923 1032 4979; x_wconf 90' lang='lat' dir='ltr'>Deum</span> <span class='ocrx_word' id='word_1_337' title='bbox 1077 4922 1274 4977; x_wconf 87' lang='lat' dir='ltr'>animo</span> <span class='ocrx_word' id='word_1_338' title='bbox 1322 4923 1638 4993; x_wconf 88' lang='lat' dir='ltr'>postulant,</span> <span class='ocrx_word' id='word_1_339' title='bbox 1673 4924 1731 4979; x_wconf 90' lang='lat' dir='ltr'>in</span> <span class='ocrx_word' id='word_1_340' title='bbox 1781 4926 1956 4980; x_wconf 84' lang='lat' dir='ltr'>vitam</span> 
     </span>
    </p>
   </div>
   <div class='ocr_carea' id='block_1_52' title="bbox 322 5011 1963 5087">
    <p class='ocr_par' dir='ltr' id='par_1_52' title="bbox 322 5011 1963 5087">
     <span class='ocr_line' id='line_1_52' title="bbox 322 5011 1963 5087; baseline -0.002 -14"><span class='ocrx_word' id='word_1_341' title='bbox 322 5016 631 5073; x_wconf 88' lang='lat' dir='ltr'>hominum</span> <span class='ocrx_word' id='word_1_342' title='bbox 661 5014 855 5070; x_wconf 86' lang='lat' dir='ltr'>venire</span> <span class='ocrx_word' id='word_1_343' title='bbox 884 5011 1073 5081; x_wconf 86' lang='lat' dir='ltr'>liceat,</span> <span class='ocrx_word' id='word_1_344' title='bbox 1109 5016 1173 5067; x_wconf 89' lang='lat' dir='ltr'>ut</span> <span class='ocrx_word' id='word_1_345' title='bbox 1200 5027 1331 5067; x_wconf 88' lang='lat' dir='ltr'>vere</span> <span class='ocrx_word' id='word_1_346' title='bbox 1361 5011 1628 5069; x_wconf 91' lang='lat' dir='ltr'>homines</span> <span class='ocrx_word' id='word_1_347' title='bbox 1669 5015 1823 5083; x_wconf 80' lang='lat' dir='ltr'>facti,</span> <span class='ocrx_word' id='word_1_348' title='bbox 1860 5032 1963 5087; x_wconf 90' lang='lat' dir='ltr'>per</span> 
     </span>
    </p>
   </div>
   <div class='ocr_carea' id='block_1_53' title="bbox 2095 566 3746 646">
    <p class='ocr_par' dir='ltr' id='par_1_53' title="bbox 2095 566 3746 646">
     <span class='ocr_line' id='line_1_53' title="bbox 2095 566 3746 646; baseline 0.006 -26"><span class='ocrx_word' id='word_1_349' title='bbox 2095 578 2178 631; x_wconf 86' lang='grc' dir='ltr'>θεν</span> <span class='ocrx_word' id='word_1_350' title='bbox 2211 566 2542 643; x_wconf 79' lang='grc' dir='ltr'>ἀρχόμενος,</span> <span class='ocrx_word' id='word_1_351' title='bbox 2574 568 2608 636; x_wconf 76' lang='grc' dir='ltr'><strong>ἢ</strong></span> <span class='ocrx_word' id='word_1_352' title='bbox 2643 567 2727 622; x_wconf 86' lang='grc' dir='ltr'>ἀα’</span> <span class='ocrx_word' id='word_1_353' title='bbox 2757 568 2922 637; x_wconf 77' lang='grc' dir='ltr'>αὐτῆς</span> <span class='ocrx_word' id='word_1_354' title='bbox 2951 576 3050 640; x_wconf 83' lang='grc' dir='ltr'>τῆς</span> <span class='ocrx_word' id='word_1_355' title='bbox 3078 571 3215 625; x_wconf 85' lang='grc' dir='ltr'>κοιτά</span> <span class='ocrx_word' id='word_1_356' title='bbox 3241 570 3499 646; x_wconf 89' lang='grc' dir='ltr'>πρόνοιαν</span> <span class='ocrx_word' id='word_1_357' title='bbox 3537 574 3623 629; x_wconf 82' lang='grc' dir='ltr'>ὑπ’</span> <span class='ocrx_word' id='word_1_358' title='bbox 3652 576 3746 630; x_wconf 63' lang='grc' dir='ltr'>αὕη</span> 
     </span>
    </p>
   </div>
   <div class='ocr_carea' id='block_1_54' title="bbox 2091 651 3730 739">
    <p class='ocr_par' dir='ltr' id='par_1_54' title="bbox 2091 651 3730 739">
     <span class='ocr_line' id='line_1_54' title="bbox 2091 651 3730 739; baseline 0.012 -29"><span class='ocrx_word' id='word_1_359' title='bbox 2091 660 2188 710; x_wconf 88' lang='grc' dir='ltr'>τοῦ</span> <span class='ocrx_word' id='word_1_360' title='bbox 2220 656 2484 732; x_wconf 81' lang='grc' dir='ltr'>εὐκαίρως</span> <span class='ocrx_word' id='word_1_361' title='bbox 2527 651 2931 728; x_wconf 78' lang='grc' dir='ltr'>ὑποϐληθείσης</span> <span class='ocrx_word' id='word_1_362' title='bbox 2974 659 3319 738; x_wconf 55' lang='grc' dir='ltr'>προφάσεως</span> <span class='ocrx_word' id='word_1_363' title='bbox 3355 659 3451 716; x_wconf 61' lang='grc' dir='ltr'>ἵνα</span> <span class='ocrx_word' id='word_1_364' title='bbox 3496 666 3730 739; x_wconf 74' lang='grc' dir='ltr'>γνωσθῇ,</span> 
     </span>
    </p>
   </div>
   <div class='ocr_carea' id='block_1_55' title="bbox 2093 743 3736 829">
    <p class='ocr_par' dir='ltr' id='par_1_55' title="bbox 2093 743 3736 829">
     <span class='ocr_line' id='line_1_55' title="bbox 2093 743 3736 829; baseline 0.005 -30"><span class='ocrx_word' id='word_1_365' title='bbox 2093 745 2167 806; x_wconf 84' lang='grc' dir='ltr'>ὡς</span> <span class='ocrx_word' id='word_1_366' title='bbox 2200 743 2445 820; x_wconf 82' lang='grc' dir='ltr'>εὐλόγως</span> <span class='ocrx_word' id='word_1_367' title='bbox 2475 747 2527 800; x_wconf 69' lang='grc' dir='ltr'>οἱ</span> <span class='ocrx_word' id='word_1_368' title='bbox 2558 744 2762 801; x_wconf 78' lang='grc' dir='ltr'>πολλοὶ</span> <span class='ocrx_word' id='word_1_369' title='bbox 2796 746 2899 801; x_wconf 88' lang='grc' dir='ltr'>ὑπὸ</span> <span class='ocrx_word' id='word_1_370' title='bbox 2930 746 3153 803; x_wconf 88' lang='grc' dir='ltr'>πολλῶν</span> <span class='ocrx_word' id='word_1_371' title='bbox 3184 746 3457 822; x_wconf 87' lang='grc' dir='ltr'>δαιμὸνων</span> <span class='ocrx_word' id='word_1_372' title='bbox 3488 773 3736 829; x_wconf 84' lang='grc' dir='ltr'>συνεσχε-</span> 
     </span>
    </p>
   </div>
   <div class='ocr_carea' id='block_1_56' title="bbox 2092 834 3733 917">
    <p class='ocr_par' dir='ltr' id='par_1_56' title="bbox 2092 834 3733 917">
     <span class='ocr_line' id='line_1_56' title="bbox 2092 834 3733 917; baseline 0.005 -29"><span class='ocrx_word' id='word_1_373' title='bbox 2092 835 2258 904; x_wconf 90' lang='grc' dir='ltr'>θησαν</span> <span class='ocrx_word' id='word_1_374' title='bbox 2316 835 2405 889; x_wconf 89' lang='grc' dir='ltr'>καὶ</span> <span class='ocrx_word' id='word_1_375' title='bbox 2467 835 2569 890; x_wconf 83' lang='grc' dir='ltr'>ὑπὸ</span> <span class='ocrx_word' id='word_1_376' title='bbox 2627 834 2943 891; x_wconf 84' lang='grc' dir='ltr'>ἀλλοκότων</span> <span class='ocrx_word' id='word_1_377' title='bbox 3011 842 3195 901; x_wconf 86' lang='grc' dir='ltr'>παθῶν</span> <span class='ocrx_word' id='word_1_378' title='bbox 3267 836 3678 917; x_wconf 69' lang='grc' dir='ltr'>κατελήφθησαν</span> <span class='ocrx_word' id='word_1_379' title='bbox 3716 887 3733 910; x_wconf 82' lang='lat'>,</span> 
     </span>
    </p>
   </div>
   <div class='ocr_carea' id='block_1_57' title="bbox 2093 922 3739 1005">
    <p class='ocr_par' dir='ltr' id='par_1_57' title="bbox 2093 922 3739 1005">
     <span class='ocr_line' id='line_1_57' title="bbox 2093 922 3739 1005; baseline 0.005 -28"><span class='ocrx_word' id='word_1_380' title='bbox 2093 922 2241 985; x_wconf 78' lang='grc' dir='ltr'>ὅπως</span> <span class='ocrx_word' id='word_1_381' title='bbox 2290 924 2378 979; x_wconf 79' lang='grc' dir='ltr'>καὶ</span> <span class='ocrx_word' id='word_1_382' title='bbox 2426 923 2477 978; x_wconf 83' lang='grc' dir='ltr'>ἐν</span> <span class='ocrx_word' id='word_1_383' title='bbox 2527 922 2705 996; x_wconf 76' lang='grc' dir='ltr'>τούτῳ</span> <span class='ocrx_word' id='word_1_384' title='bbox 2752 924 2816 978; x_wconf 89' lang='grc' dir='ltr'>τὸ</span> <span class='ocrx_word' id='word_1_385' title='bbox 2860 929 2957 979; x_wconf 88' lang='grc' dir='ltr'>τοῦ</span> <span class='ocrx_word' id='word_1_386' title='bbox 3006 930 3138 981; x_wconf 87' lang='grc' dir='ltr'>Θεοῦ</span> <span class='ocrx_word' id='word_1_387' title='bbox 3185 924 3391 981; x_wconf 87' lang='grc' dir='ltr'>δίκαιον</span> <span class='ocrx_word' id='word_1_388' title='bbox 3443 933 3605 1005; x_wconf 81' lang='grc' dir='ltr'>φανῇ.</span> <span class='ocrx_word' id='word_1_389' title='bbox 3641 932 3739 985; x_wconf 82' lang='grc' dir='ltr'>Καὶ</span> 
     </span>
    </p>
   </div>
   <div class='ocr_carea' id='block_1_58' title="bbox 2093 1008 3741 1091">
    <p class='ocr_par' dir='ltr' id='par_1_58' title="bbox 2093 1008 3741 1091">
     <span class='ocr_line' id='line_1_58' title="bbox 2093 1008 3741 1091; baseline 0.004 -25"><span class='ocrx_word' id='word_1_390' title='bbox 2093 1013 2144 1066; x_wconf 74' lang='grc' dir='ltr'>οἱ</span> <span class='ocrx_word' id='word_1_391' title='bbox 2177 1010 2245 1066; x_wconf 86' lang='grc' dir='ltr'>δι’</span> <span class='ocrx_word' id='word_1_392' title='bbox 2277 1008 2492 1088; x_wconf 82' lang='grc' dir='ltr'>ἄγνοιαν</span> <span class='ocrx_word' id='word_1_393' title='bbox 2546 1012 2888 1091; x_wconf 86' lang='grc' dir='ltr'>μεμφόμενοι</span> <span class='ocrx_word' id='word_1_394' title='bbox 2938 1013 3120 1086; x_wconf 89' lang='grc' dir='ltr'>αὐτὸν,</span> <span class='ocrx_word' id='word_1_395' title='bbox 3158 1016 3253 1070; x_wconf 75' lang='grc' dir='ltr'>κᾶν</span> <span class='ocrx_word' id='word_1_396' title='bbox 3282 1019 3328 1053; x_wconf 82' lang='grc'><strong>⁶⁰</strong></span> <span class='ocrx_word' id='word_1_397' title='bbox 3355 1020 3441 1071; x_wconf 91' lang='grc' dir='ltr'>νῦν</span> <span class='ocrx_word' id='word_1_398' title='bbox 3480 1017 3741 1089; x_wconf 78' lang='grc' dir='ltr'>μαθόντες</span> 
     </span>
    </p>
   </div>
   <div class='ocr_carea' id='block_1_59' title="bbox 2092 1098 3745 1181">
    <p class='ocr_par' dir='ltr' id='par_1_59' title="bbox 2092 1098 3745 1181">
     <span class='ocr_line' id='line_1_59' title="bbox 2092 1098 3745 1181; baseline 0.005 -27"><span class='ocrx_word' id='word_1_399' title='bbox 2092 1101 2165 1162; x_wconf 84' lang='grc' dir='ltr'>ὡς</span> <span class='ocrx_word' id='word_1_400' title='bbox 2213 1098 2296 1156; x_wconf 88' lang='grc' dir='ltr'>δεῖ</span> <span class='ocrx_word' id='word_1_401' title='bbox 2342 1107 2582 1179; x_wconf 78' lang='grc' dir='ltr'>φρονεῖν,</span> <span class='ocrx_word' id='word_1_402' title='bbox 2635 1099 2703 1156; x_wconf 88' lang='grc' dir='ltr'>δι’</span> <span class='ocrx_word' id='word_1_403' title='bbox 2756 1101 3027 1181; x_wconf 72' lang='grc' dir='ltr'>εὐφημίας</span> <span class='ocrx_word' id='word_1_404' title='bbox 3073 1124 3134 1158; x_wconf 90' lang='grc' dir='ltr'>τε</span> <span class='ocrx_word' id='word_1_405' title='bbox 3188 1102 3280 1158; x_wconf 87' lang='grc' dir='ltr'>καὶ</span> <span class='ocrx_word' id='word_1_406' title='bbox 3341 1104 3585 1168; x_wconf 81' lang='grc' dir='ltr'>εὐποιίας</span> <span class='ocrx_word' id='word_1_407' title='bbox 3644 1111 3745 1162; x_wconf 88' lang='grc' dir='ltr'>τοῦ</span> 
     </span>
    </p>
   </div>
   <div class='ocr_carea' id='block_1_60' title="bbox 2089 1188 3742 1266">
    <p class='ocr_par' dir='ltr' id='par_1_60' title="bbox 2089 1188 3742 1266">
     <span class='ocr_line' id='line_1_60' title="bbox 2089 1188 3742 1266; baseline 0.002 -21"><span class='ocrx_word' id='word_1_408' title='bbox 2089 1189 2357 1266; x_wconf 79' lang='grc' dir='ltr'>προτὲρου</span> <span class='ocrx_word' id='word_1_409' title='bbox 2434 1188 2785 1266; x_wconf 74' lang='grc' dir='ltr'>ἐγκλήματος</span> <span class='ocrx_word' id='word_1_410' title='bbox 2861 1190 3082 1253; x_wconf 74' lang='grc' dir='ltr'>ἑαυτοὺς</span> <span class='ocrx_word' id='word_1_411' title='bbox 3156 1191 3590 1251; x_wconf 79' lang='grc' dir='ltr'>ἀνακαλὲσωνται</span> <span class='ocrx_word' id='word_1_412' title='bbox 3639 1199 3684 1233; x_wconf 82' lang='grc'>⁶¹</span> <span class='ocrx_word' id='word_1_413' title='bbox 3724 1241 3742 1266; x_wconf 91' lang='grc'>,</span> 
     </span>
    </p>
   </div>
   <div class='ocr_carea' id='block_1_61' title="bbox 2090 1278 3736 1359">
    <p class='ocr_par' dir='ltr' id='par_1_61' title="bbox 2090 1278 3736 1359">
     <span class='ocr_line' id='line_1_61' title="bbox 2090 1278 3736 1359; baseline 0.005 -27"><span class='ocrx_word' id='word_1_414' title='bbox 2090 1279 2262 1333; x_wconf 81' lang='grc' dir='ltr'>αἰτίαν</span> <span class='ocrx_word' id='word_1_415' title='bbox 2311 1284 2407 1335; x_wconf 88' lang='grc' dir='ltr'>τοῦ</span> <span class='ocrx_word' id='word_1_416' title='bbox 2462 1284 2631 1334; x_wconf 89' lang='grc' dir='ltr'>κακοῦ</span> <span class='ocrx_word' id='word_1_417' title='bbox 2675 1278 3041 1354; x_wconf 76' lang='grc' dir='ltr'>τολμήματος</span> <span class='ocrx_word' id='word_1_418' title='bbox 3085 1282 3184 1351; x_wconf 75' lang='grc' dir='ltr'>τήν</span> <span class='ocrx_word' id='word_1_419' title='bbox 3232 1283 3449 1359; x_wconf 77' lang='grc' dir='ltr'>ἄγνοιαν</span> <span class='ocrx_word' id='word_1_420' title='bbox 3497 1283 3577 1347; x_wconf 82' lang='grc' dir='ltr'>εἷς</span> <span class='ocrx_word' id='word_1_421' title='bbox 3632 1285 3736 1354; x_wconf 80' lang='grc' dir='ltr'>τήν</span> 
     </span>
    </p>
   </div>
   <div class='ocr_carea' id='block_1_62' title="bbox 2090 1368 2804 1443">
    <p class='ocr_par' dir='ltr' id='par_1_62' title="bbox 2090 1368 2804 1443">
     <span class='ocr_line' id='line_1_62' title="bbox 2090 1368 2804 1443; baseline 0.003 -21"><span class='ocrx_word' id='word_1_422' title='bbox 2090 1369 2414 1443; x_wconf 85' lang='grc' dir='ltr'>συγγνώμην</span> <span class='ocrx_word' id='word_1_423' title='bbox 2452 1368 2804 1442; x_wconf 71' lang='grc' dir='ltr'>προθέμενοι.</span> 
     </span>
    </p>
   </div>
   <div class='ocr_carea' id='block_1_63' title="bbox 2159 1454 3737 1534">
    <p class='ocr_par' dir='ltr' id='par_1_63' title="bbox 2159 1454 3737 1534">
     <span class='ocr_line' id='line_1_63' title="bbox 2159 1454 3737 1534; baseline 0.004 -23"><span class='ocrx_word' id='word_1_424' title='bbox 2159 1462 2223 1511; x_wconf 84' lang='grc' dir='ltr'>Χ.</span> <span class='ocrx_word' id='word_1_425' title='bbox 2275 1458 2430 1533; x_wconf 82' lang='grc' dir='ltr'>Ἔχει</span> <span class='ocrx_word' id='word_1_426' title='bbox 2486 1454 2543 1511; x_wconf 76' lang='grc' dir='ltr'>δὲ</span> <span class='ocrx_word' id='word_1_427' title='bbox 2582 1456 2775 1519; x_wconf 74' lang='grc' dir='ltr'>οὕτως*</span> <span class='ocrx_word' id='word_1_428' title='bbox 2833 1462 2938 1512; x_wconf 91' lang='grc' dir='ltr'>Τοῦ</span> <span class='ocrx_word' id='word_1_429' title='bbox 2997 1456 3162 1531; x_wconf 83' lang='grc' dir='ltr'>μόνου</span> <span class='ocrx_word' id='word_1_430' title='bbox 3221 1457 3421 1534; x_wconf 88' lang='grc' dir='ltr'>ἀγαθοῦ</span> <span class='ocrx_word' id='word_1_431' title='bbox 3479 1464 3614 1515; x_wconf 84' lang='grc' dir='ltr'>Θεοῦ</span> <span class='ocrx_word' id='word_1_432' title='bbox 3664 1463 3737 1517; x_wconf 84' lang='grc' dir='ltr'>τά</span> 
     </span>
    </p>
   </div>
   <div class='ocr_carea' id='block_1_64' title="bbox 2087 1540 3735 1622">
    <p class='ocr_par' dir='ltr' id='par_1_64' title="bbox 2087 1540 3735 1622">
     <span class='ocr_line' id='line_1_64' title="bbox 2087 1540 3735 1622; baseline 0.004 -23"><span class='ocrx_word' id='word_1_433' title='bbox 2087 1546 2258 1600; x_wconf 90' lang='grc' dir='ltr'>πάντα</span> <span class='ocrx_word' id='word_1_434' title='bbox 2314 1545 2498 1607; x_wconf 86' lang='grc' dir='ltr'>καλῶς</span> <span class='ocrx_word' id='word_1_435' title='bbox 2549 1540 2915 1615; x_wconf 69' lang='grc' dir='ltr'>πεποιηκότος</span> <span class='ocrx_word' id='word_1_436' title='bbox 2988 1545 3079 1600; x_wconf 84' lang='grc' dir='ltr'>καὶ</span> <span class='ocrx_word' id='word_1_437' title='bbox 3150 1544 3596 1622; x_wconf 84' lang='grc' dir='ltr'>παραδεδωκότος</span> <span class='ocrx_word' id='word_1_438' title='bbox 3651 1554 3735 1622; x_wconf 80' lang='grc' dir='ltr'>τῷ</span> 
     </span>
    </p>
   </div>
   <div class='ocr_carea' id='block_1_65' title="bbox 2085 1634 3732 1713">
    <p class='ocr_par' dir='ltr' id='par_1_65' title="bbox 2085 1634 3732 1713">
     <span class='ocr_line' id='line_1_65' title="bbox 2085 1634 3732 1713; baseline 0 -24"><span class='ocrx_word' id='word_1_439' title='bbox 2085 1636 2200 1689; x_wconf 89' lang='grc' dir='ltr'>κατ’</span> <span class='ocrx_word' id='word_1_440' title='bbox 2249 1634 2428 1689; x_wconf 80' lang='grc' dir='ltr'>εἰκόνα</span> <span class='ocrx_word' id='word_1_441' title='bbox 2470 1634 2633 1689; x_wconf 88' lang='grc' dir='ltr'>αὐτοῦ</span> <span class='ocrx_word' id='word_1_442' title='bbox 2679 1634 2953 1711; x_wconf 64' lang='grc' dir='ltr'>γενομένῳ</span> <span class='ocrx_word' id='word_1_443' title='bbox 3003 1638 3049 1671; x_wconf 69' lang='grc' dir='ltr'>δ’</span> <span class='ocrx_word' id='word_1_444' title='bbox 3094 1635 3378 1711; x_wconf 81' lang='grc' dir='ltr'>ἀνθρώπῳ,</span> <span class='ocrx_word' id='word_1_445' title='bbox 3412 1638 3441 1691; x_wconf 89' lang='grc' dir='ltr'><strong>ὁ</strong></span> <span class='ocrx_word' id='word_1_446' title='bbox 3488 1639 3732 1713; x_wconf 84' lang='grc' dir='ltr'>γεγονὼς</span> 
     </span>
    </p>
   </div>
   <div class='ocr_carea' id='block_1_66' title="bbox 2084 1723 3734 1796">
    <p class='ocr_par' dir='ltr' id='par_1_66' title="bbox 2084 1723 3734 1796">
     <span class='ocr_line' id='line_1_66' title="bbox 2084 1723 3734 1796; baseline 0.003 -19"><span class='ocrx_word' id='word_1_447' title='bbox 2084 1726 2181 1792; x_wconf 70' lang='grc' dir='ltr'>τῆς</span> <span class='ocrx_word' id='word_1_448' title='bbox 2208 1728 2305 1777; x_wconf 91' lang='grc' dir='ltr'>τοῦ</span> <span class='ocrx_word' id='word_1_449' title='bbox 2335 1724 2702 1793; x_wconf 77' lang='grc' dir='ltr'>πεποιηκότος</span> <span class='ocrx_word' id='word_1_450' title='bbox 2748 1724 2906 1778; x_wconf 87' lang='grc' dir='ltr'>αὐτὸν</span> <span class='ocrx_word' id='word_1_451' title='bbox 2958 1723 3133 1779; x_wconf 71' lang='grc' dir='ltr'>πνέων</span> <span class='ocrx_word' id='word_1_452' title='bbox 3182 1724 3485 1794; x_wconf 86' lang='grc' dir='ltr'>θειότητος.</span> <span class='ocrx_word' id='word_1_453' title='bbox 3517 1725 3734 1796; x_wconf 76' lang='grc' dir='ltr'>ἀληθὴς</span> 
     </span>
    </p>
   </div>
   <div class='ocr_carea' id='block_1_67' title="bbox 2086 1810 3738 1891">
    <p class='ocr_par' dir='ltr' id='par_1_67' title="bbox 2086 1810 3738 1891">
     <span class='ocr_line' id='line_1_67' title="bbox 2086 1810 3738 1891; baseline 0.002 -24"><span class='ocrx_word' id='word_1_454' title='bbox 2086 1814 2383 1891; x_wconf 54' lang='grc' dir='ltr'>Προφήτης</span> <span class='ocrx_word' id='word_1_455' title='bbox 2419 1810 2490 1866; x_wconf 78' lang='grc' dir='ltr'>ὢν</span> <span class='ocrx_word' id='word_1_456' title='bbox 2523 1812 2612 1866; x_wconf 82' lang='grc' dir='ltr'>καὶ</span> <span class='ocrx_word' id='word_1_457' title='bbox 2643 1810 2803 1873; x_wconf 77' lang='grc' dir='ltr'>εἰδὼς</span> <span class='ocrx_word' id='word_1_458' title='bbox 2832 1812 2899 1867; x_wconf 75' lang='grc' dir='ltr'>τὰ</span> <span class='ocrx_word' id='word_1_459' title='bbox 2943 1810 3066 1884; x_wconf 79' lang='grc' dir='ltr'>ὅλα,</span> <span class='ocrx_word' id='word_1_460' title='bbox 3100 1813 3175 1874; x_wconf 81' lang='grc' dir='ltr'>εἷς</span> <span class='ocrx_word' id='word_1_461' title='bbox 3222 1816 3390 1887; x_wconf 71' lang='grc' dir='ltr'>τιμὴν</span> <span class='ocrx_word' id='word_1_462' title='bbox 3432 1819 3531 1869; x_wconf 87' lang='grc' dir='ltr'>τοῦ</span> <span class='ocrx_word' id='word_1_463' title='bbox 3558 1817 3738 1871; x_wconf 84' lang='grc' dir='ltr'>πάντα</span> 
     </span>
    </p>
   </div>
   <div class='ocr_carea' id='block_1_68' title="bbox 2081 1898 3735 1978">
    <p class='ocr_par' dir='ltr' id='par_1_68' title="bbox 2081 1898 3735 1978">
     <span class='ocr_line' id='line_1_68' title="bbox 2081 1898 3735 1978; baseline 0.001 -23"><span class='ocrx_word' id='word_1_464' title='bbox 2081 1901 2226 1973; x_wconf 85' lang='grc' dir='ltr'>αὐτῷ</span> <span class='ocrx_word' id='word_1_465' title='bbox 2268 1898 2661 1976; x_wconf 72' lang='grc' dir='ltr'>δωρησαμένου</span> <span class='ocrx_word' id='word_1_466' title='bbox 2710 1902 2919 1974; x_wconf 74' lang='grc' dir='ltr'>Ματρὸς</span> <span class='ocrx_word' id='word_1_467' title='bbox 2969 1900 3059 1956; x_wconf 74' lang='grc' dir='ltr'>καί</span> <span class='ocrx_word' id='word_1_468' title='bbox 3102 1901 3177 1963; x_wconf 83' lang='grc' dir='ltr'>εἷς</span> <span class='ocrx_word' id='word_1_469' title='bbox 3224 1902 3493 1978; x_wconf 81' lang='grc' dir='ltr'>σωτηρίαν</span> <span class='ocrx_word' id='word_1_470' title='bbox 3542 1909 3649 1959; x_wconf 91' lang='grc' dir='ltr'>τῶν</span> <span class='ocrx_word' id='word_1_471' title='bbox 3679 1903 3735 1975; x_wconf 77' lang='grc' dir='ltr'>ἐξ</span> 
     </span>
    </p>
   </div>
   <div class='ocr_carea' id='block_1_69' title="bbox 2078 1989 3733 2067">
    <p class='ocr_par' dir='ltr' id='par_1_69' title="bbox 2078 1989 3733 2067">
     <span class='ocr_line' id='line_1_69' title="bbox 2078 1989 3733 2067; baseline 0.002 -23"><span class='ocrx_word' id='word_1_472' title='bbox 2078 1989 2241 2045; x_wconf 80' lang='grc' dir='ltr'>αὐτοῦ</span> <span class='ocrx_word' id='word_1_473' title='bbox 2270 1989 2570 2065; x_wconf 67' lang='grc' dir='ltr'>γενομένων</span> <span class='ocrx_word' id='word_1_474' title='bbox 2622 1991 2773 2059; x_wconf 71' lang='grc' dir='ltr'>υἱῶν,</span> <span class='ocrx_word' id='word_1_475' title='bbox 2821 1990 2898 2051; x_wconf 83' lang='grc' dir='ltr'>ὡς</span> <span class='ocrx_word' id='word_1_476' title='bbox 2946 1992 3125 2064; x_wconf 76' lang='grc' dir='ltr'>πατὴρ</span> <span class='ocrx_word' id='word_1_477' title='bbox 3165 1993 3393 2061; x_wconf 82' lang='grc' dir='ltr'>γνήσιος</span> <span class='ocrx_word' id='word_1_478' title='bbox 3433 1994 3569 2067; x_wconf 90' lang='grc' dir='ltr'>πρὸς</span> <span class='ocrx_word' id='word_1_479' title='bbox 3599 1991 3733 2056; x_wconf 79' lang='grc' dir='ltr'>τοὺς</span> 
     </span>
    </p>
   </div>
   <div class='ocr_carea' id='block_1_70' title="bbox 2081 2076 3725 2154">
    <p class='ocr_par' dir='ltr' id='par_1_70' title="bbox 2081 2076 3725 2154">
     <span class='ocr_line' id='line_1_70' title="bbox 2081 2076 3725 2154; baseline 0.001 -20"><span class='ocrx_word' id='word_1_480' title='bbox 2081 2080 2171 2134; x_wconf 85' lang='grc' dir='ltr'>ὑπ’</span> <span class='ocrx_word' id='word_1_481' title='bbox 2217 2078 2379 2134; x_wconf 89' lang='grc' dir='ltr'>αὐτοῦ</span> <span class='ocrx_word' id='word_1_482' title='bbox 2435 2078 2751 2154; x_wconf 71' lang='grc' dir='ltr'>γενομὲνους</span> <span class='ocrx_word' id='word_1_483' title='bbox 2798 2076 2992 2140; x_wconf 86' lang='grc' dir='ltr'>παῖδας</span> <span class='ocrx_word' id='word_1_484' title='bbox 3045 2080 3342 2149; x_wconf 82' lang='grc' dir='ltr'>ἀποσώζων</span> <span class='ocrx_word' id='word_1_485' title='bbox 3396 2082 3459 2135; x_wconf 90' lang='grc' dir='ltr'>τὸ</span> <span class='ocrx_word' id='word_1_486' title='bbox 3518 2078 3725 2154; x_wconf 68' lang='grc' dir='ltr'>εὔνουν,</span> 
     </span>
    </p>
   </div>
   <div class='ocr_carea' id='block_1_71' title="bbox 2084 2165 3731 2247">
    <p class='ocr_par' dir='ltr' id='par_1_71' title="bbox 2084 2165 3731 2247">
     <span class='ocr_line' id='line_1_71' title="bbox 2084 2165 3731 2247; baseline 0.001 -25"><span class='ocrx_word' id='word_1_487' title='bbox 2084 2165 2418 2243; x_wconf 89' lang='grc' dir='ltr'>βουλόμενος</span> <span class='ocrx_word' id='word_1_488' title='bbox 2469 2166 2661 2229; x_wconf 80' lang='grc' dir='ltr'>αὐτοὺς</span> <span class='ocrx_word' id='word_1_489' title='bbox 2722 2165 2857 2243; x_wconf 69' lang='grc' dir='ltr'>πρὸς</span> <span class='ocrx_word' id='word_1_490' title='bbox 2901 2168 2964 2222; x_wconf 92' lang='grc' dir='ltr'>τὸ</span> <span class='ocrx_word' id='word_1_491' title='bbox 2996 2170 3269 2246; x_wconf 74' lang='grc' dir='ltr'>συμφέρον</span> <span class='ocrx_word' id='word_1_492' title='bbox 3315 2168 3501 2231; x_wconf 86' lang='grc' dir='ltr'>αὐτοῖς</span> <span class='ocrx_word' id='word_1_493' title='bbox 3548 2167 3731 2247; x_wconf 81' lang='grc' dir='ltr'>φιλεῖν</span> 
     </span>
    </p>
   </div>
   <div class='ocr_carea' id='block_1_72' title="bbox 2078 2254 3724 2336">
    <p class='ocr_par' dir='ltr' id='par_1_72' title="bbox 2078 2254 3724 2336">
     <span class='ocr_line' id='line_1_72' title="bbox 2078 2254 3724 2336; baseline 0 -25"><span class='ocrx_word' id='word_1_494' title='bbox 2078 2258 2205 2311; x_wconf 86' lang='grc' dir='ltr'>Θεὸν</span> <span class='ocrx_word' id='word_1_495' title='bbox 2261 2256 2350 2311; x_wconf 86' lang='grc' dir='ltr'>καὶ</span> <span class='ocrx_word' id='word_1_496' title='bbox 2424 2254 2698 2333; x_wconf 76' lang='grc' dir='ltr'>φιλεῖσθαι</span> <span class='ocrx_word' id='word_1_497' title='bbox 2777 2257 2864 2311; x_wconf 83' lang='grc' dir='ltr'>ὑπ’</span> <span class='ocrx_word' id='word_1_498' title='bbox 2922 2256 3124 2329; x_wconf 87' lang='grc' dir='ltr'>αὐτοῦ,</span> <span class='ocrx_word' id='word_1_499' title='bbox 3188 2258 3289 2325; x_wconf 76' lang='grc' dir='ltr'>τήν</span> <span class='ocrx_word' id='word_1_500' title='bbox 3346 2259 3481 2332; x_wconf 86' lang='grc' dir='ltr'>πρὸς</span> <span class='ocrx_word' id='word_1_501' title='bbox 3539 2257 3724 2336; x_wconf 87' lang='grc' dir='ltr'>φιλίαν</span> 
     </span>
    </p>
   </div>
   <div class='ocr_carea' id='block_1_73' title="bbox 2080 2342 3731 2423">
    <p class='ocr_par' dir='ltr' id='par_1_73' title="bbox 2080 2342 3731 2423">
     <span class='ocr_line' id='line_1_73' title="bbox 2080 2342 3731 2423; baseline 0 -22"><span class='ocrx_word' id='word_1_502' title='bbox 2080 2345 2244 2401; x_wconf 80' lang='grc' dir='ltr'>αὐτοῦ</span> <span class='ocrx_word' id='word_1_503' title='bbox 2285 2345 2516 2420; x_wconf 79' lang='grc' dir='ltr'>ἄγουσαν</span> <span class='ocrx_word' id='word_1_504' title='bbox 2566 2345 2808 2423; x_wconf 74' lang='grc' dir='ltr'>ἐξέφηνεν</span> <span class='ocrx_word' id='word_1_505' title='bbox 2854 2342 3002 2413; x_wconf 75' lang='grc' dir='ltr'>ὁδὸν,</span> <span class='ocrx_word' id='word_1_506' title='bbox 3053 2343 3265 2418; x_wconf 78' lang='grc' dir='ltr'>διδάξας</span> <span class='ocrx_word' id='word_1_507' title='bbox 3296 2346 3477 2409; x_wconf 87' lang='grc' dir='ltr'>ποίαις</span> <span class='ocrx_word' id='word_1_508' title='bbox 3522 2347 3731 2421; x_wconf 83' lang='grc' dir='ltr'>ἀνθρώ-</span> 
     </span>
    </p>
   </div>
   <div class='ocr_carea' id='block_1_74' title="bbox 2076 2432 3733 2510">
    <p class='ocr_par' dir='ltr' id='par_1_74' title="bbox 2076 2432 3733 2510">
     <span class='ocr_line' id='line_1_74' title="bbox 2076 2432 3733 2510; baseline -0.001 -19"><span class='ocrx_word' id='word_1_509' title='bbox 2076 2458 2193 2491; x_wconf 90' lang='grc' dir='ltr'>πων</span> <span class='ocrx_word' id='word_1_510' title='bbox 2252 2435 2501 2510; x_wconf 74' lang='grc' dir='ltr'>πράξεσιν</span> <span class='ocrx_word' id='word_1_511' title='bbox 2564 2436 2591 2490; x_wconf 89' lang='grc' dir='ltr'>ὁ</span> <span class='ocrx_word' id='word_1_512' title='bbox 2653 2434 2820 2507; x_wconf 85' lang='grc' dir='ltr'>μόνος</span> <span class='ocrx_word' id='word_1_513' title='bbox 2867 2435 2956 2489; x_wconf 83' lang='grc' dir='ltr'>καὶ</span> <span class='ocrx_word' id='word_1_514' title='bbox 3016 2436 3230 2490; x_wconf 75' lang='grc' dir='ltr'>πάντων</span> <span class='ocrx_word' id='word_1_515' title='bbox 3283 2432 3549 2505; x_wconf 80' lang='grc' dir='ltr'>δεσπότης</span> <span class='ocrx_word' id='word_1_516' title='bbox 3600 2437 3733 2498; x_wconf 86' lang='grc' dir='ltr'>Θεὸς</span> 
     </span>
    </p>
   </div>
   <div class='ocr_carea' id='block_1_75' title="bbox 2078 2521 3727 2602">
    <p class='ocr_par' dir='ltr' id='par_1_75' title="bbox 2078 2521 3727 2602">
     <span class='ocr_line' id='line_1_75' title="bbox 2078 2521 3727 2602; baseline -0.001 -22"><span class='ocrx_word' id='word_1_517' title='bbox 2078 2525 2434 2599; x_wconf 85' lang='grc' dir='ltr'>εὐφραίνεται,</span> <span class='ocrx_word' id='word_1_518' title='bbox 2481 2525 2571 2578; x_wconf 76' lang='grc' dir='ltr'>καὶ</span> <span class='ocrx_word' id='word_1_519' title='bbox 2618 2525 2684 2578; x_wconf 71' lang='grc' dir='ltr'>τὰ</span> <span class='ocrx_word' id='word_1_520' title='bbox 2731 2522 2919 2596; x_wconf 79' lang='grc' dir='ltr'>ἐκείνῳ</span> <span class='ocrx_word' id='word_1_521' title='bbox 2966 2521 3226 2578; x_wconf 87' lang='grc' dir='ltr'>δοκοῦντα</span> <span class='ocrx_word' id='word_1_522' title='bbox 3272 2522 3502 2602; x_wconf 70' lang='grc' dir='ltr'>ἐκφήνας</span> <span class='ocrx_word' id='word_1_523' title='bbox 3552 2524 3727 2598; x_wconf 87' lang='grc' dir='ltr'>νόμον</span> 
     </span>
    </p>
   </div>
   <div class='ocr_carea' id='block_1_76' title="bbox 2078 2612 3733 2688">
    <p class='ocr_par' dir='ltr' id='par_1_76' title="bbox 2078 2612 3733 2688">
     <span class='ocr_line' id='line_1_76' title="bbox 2078 2612 3733 2688; baseline 0 -20"><span class='ocrx_word' id='word_1_524' title='bbox 2078 2614 2296 2668; x_wconf 77' lang='grc' dir='ltr'>αἰώνιον</span> <span class='ocrx_word' id='word_1_525' title='bbox 2346 2612 2508 2688; x_wconf 82' lang='grc' dir='ltr'>ὥρισε</span> <span class='ocrx_word' id='word_1_526' title='bbox 2552 2618 2667 2674; x_wconf 83' lang='grc' dir='ltr'>τοῖς</span> <span class='ocrx_word' id='word_1_527' title='bbox 2711 2615 2756 2649; x_wconf 76' lang='grc'>³³</span> <span class='ocrx_word' id='word_1_528' title='bbox 2802 2612 2978 2682; x_wconf 81' lang='grc' dir='ltr'>ὅλοις,</span> <span class='ocrx_word' id='word_1_529' title='bbox 3034 2615 3163 2685; x_wconf 68' lang='grc' dir='ltr'>μηθ’</span> <span class='ocrx_word' id='word_1_530' title='bbox 3213 2612 3317 2668; x_wconf 82' lang='grc' dir='ltr'>ὑπὸ</span> <span class='ocrx_word' id='word_1_531' title='bbox 3365 2612 3646 2687; x_wconf 58' lang='grc' dir='ltr'>πολεμίων</span> <span class='ocrx_word' id='word_1_532' title='bbox 3681 2618 3733 2651; x_wconf 71' lang='grc'>⁵⁸</span> 
     </span>
    </p>
   </div>
   <div class='ocr_carea' id='block_1_77' title="bbox 2077 2697 3727 2776">
    <p class='ocr_par' dir='ltr' id='par_1_77' title="bbox 2077 2697 3727 2776">
     <span class='ocr_line' id='line_1_77' title="bbox 2077 2697 3727 2776; baseline -0.001 -19"><span class='ocrx_word' id='word_1_533' title='bbox 2077 2702 2457 2776; x_wconf 74' lang='grc' dir='ltr'>ἐμπρησθῆναι</span> <span class='ocrx_word' id='word_1_534' title='bbox 2516 2700 2809 2774; x_wconf 74' lang='grc' dir='ltr'>δυνάμενον</span> <span class='ocrx_word' id='word_1_535' title='bbox 2846 2746 2859 2770; x_wconf 88' lang='grc'>,</span> <span class='ocrx_word' id='word_1_536' title='bbox 2924 2703 3048 2774; x_wconf 69' lang='grc' dir='ltr'>μήθ’</span> <span class='ocrx_word' id='word_1_537' title='bbox 3122 2701 3224 2756; x_wconf 88' lang='grc' dir='ltr'>ὑπὸ</span> <span class='ocrx_word' id='word_1_538' title='bbox 3287 2697 3512 2763; x_wconf 77' lang='grc' dir='ltr'>ἀσεϐοῦς</span> <span class='ocrx_word' id='word_1_539' title='bbox 3573 2724 3727 2765; x_wconf 90' lang='grc' dir='ltr'>τινος</span> 
     </span>
    </p>
   </div>
   <div class='ocr_carea' id='block_1_78' title="bbox 2079 2785 3679 2867">
    <p class='ocr_par' dir='ltr' id='par_1_78' title="bbox 2079 2785 3679 2867">
     <span class='ocr_line' id='line_1_78' title="bbox 2079 2785 3679 2867; baseline -0.001 -22"><span class='ocrx_word' id='word_1_540' title='bbox 2079 2791 2533 2864; x_wconf 86' lang='grc' dir='ltr'>ὑπονοθευόμενον</span> <span class='ocrx_word' id='word_1_541' title='bbox 2570 2835 2583 2857; x_wconf 88' lang='grc'>,</span> <span class='ocrx_word' id='word_1_542' title='bbox 2648 2793 2786 2862; x_wconf 73' lang='grc' dir='ltr'>μήτε</span> <span class='ocrx_word' id='word_1_543' title='bbox 2842 2789 2918 2845; x_wconf 80' lang='grc' dir='ltr'>ἐνὶ</span> <span class='ocrx_word' id='word_1_544' title='bbox 2985 2785 3137 2861; x_wconf 88' lang='grc' dir='ltr'>τόπῳ</span> <span class='ocrx_word' id='word_1_545' title='bbox 3191 2790 3679 2867; x_wconf 64' lang='grc' dir='ltr'>ἀποκεκρυμμένον</span> 
     </span>
    </p>
   </div>
   <div class='ocr_carea' id='block_1_79' title="bbox 2076 2877 3717 2954">
    <p class='ocr_par' dir='ltr' id='par_1_79' title="bbox 2076 2877 3717 2954">
     <span class='ocr_line' id='line_1_79' title="bbox 2076 2877 3717 2954; baseline -0.001 -19"><span class='ocrx_word' id='word_1_546' title='bbox 2076 2879 2221 2936; x_wconf 84' lang='grc' dir='ltr'>ἀλλά</span> <span class='ocrx_word' id='word_1_547' title='bbox 2251 2886 2407 2934; x_wconf 77' lang='grc' dir='ltr'>πᾶσιν</span> <span class='ocrx_word' id='word_1_548' title='bbox 2459 2880 2865 2954; x_wconf 80' lang='grc' dir='ltr'>ἀναγνωσθῆναι</span> <span class='ocrx_word' id='word_1_549' title='bbox 2912 2877 3224 2951; x_wconf 86' lang='grc' dir='ltr'>δυνάμενον.</span> <span class='ocrx_word' id='word_1_550' title='bbox 3260 2882 3357 2935; x_wconf 86' lang='grc' dir='ltr'>Ἦν</span> <span class='ocrx_word' id='word_1_551' title='bbox 3411 2878 3502 2934; x_wconf 82' lang='grc' dir='ltr'>οὖν</span> <span class='ocrx_word' id='word_1_552' title='bbox 3531 2880 3717 2941; x_wconf 81' lang='grc' dir='ltr'>αὐτοῖς</span> 
     </span>
    </p>
   </div>
   <div class='ocr_carea' id='block_1_80' title="bbox 2073 2966 3716 3046">
    <p class='ocr_par' dir='ltr' id='par_1_80' title="bbox 2073 2966 3716 3046">
     <span class='ocr_line' id='line_1_80' title="bbox 2073 2966 3716 3046; baseline 0 -23"><span class='ocrx_word' id='word_1_553' title='bbox 2073 2969 2132 3024; x_wconf 85' lang='grc' dir='ltr'>ἐκ</span> <span class='ocrx_word' id='word_1_554' title='bbox 2159 2976 2259 3038; x_wconf 77' lang='grc' dir='ltr'>τῆς</span> <span class='ocrx_word' id='word_1_555' title='bbox 2290 2969 2611 3044; x_wconf 73' lang='grc' dir='ltr'>πειθαρχίας</span> <span class='ocrx_word' id='word_1_556' title='bbox 2662 2972 2759 3023; x_wconf 81' lang='grc' dir='ltr'>τοῦ</span> <span class='ocrx_word' id='word_1_557' title='bbox 2808 2968 2980 3040; x_wconf 85' lang='grc' dir='ltr'>νόμου</span> <span class='ocrx_word' id='word_1_558' title='bbox 3029 2969 3203 3023; x_wconf 73' lang='grc' dir='ltr'>πάντα</span> <span class='ocrx_word' id='word_1_559' title='bbox 3250 2966 3470 3046; x_wconf 79' lang='grc' dir='ltr'>ἄφθονα,</span> <span class='ocrx_word' id='word_1_560' title='bbox 3500 2969 3567 3023; x_wconf 81' lang='grc' dir='ltr'>τὰ</span> <span class='ocrx_word' id='word_1_561' title='bbox 3606 2974 3716 3024; x_wconf 87' lang='grc' dir='ltr'>τῶν</span> 
     </span>
    </p>
   </div>
   <div class='ocr_carea' id='block_1_81' title="bbox 2070 3056 3719 3132">
    <p class='ocr_par' dir='ltr' id='par_1_81' title="bbox 2070 3056 3719 3132">
     <span class='ocr_line' id='line_1_81' title="bbox 2070 3056 3719 3132; baseline 0.001 -20"><span class='ocrx_word' id='word_1_562' title='bbox 2070 3063 2290 3132; x_wconf 81' lang='grc' dir='ltr'>καρπῶν</span> <span class='ocrx_word' id='word_1_563' title='bbox 2349 3056 2639 3127; x_wconf 86' lang='grc' dir='ltr'>κάΛλιστα,</span> <span class='ocrx_word' id='word_1_564' title='bbox 2688 3057 2757 3111; x_wconf 81' lang='grc' dir='ltr'>τὰ</span> <span class='ocrx_word' id='word_1_565' title='bbox 2818 3058 2965 3114; x_wconf 79' lang='grc'>188</span> <span class='ocrx_word' id='word_1_566' title='bbox 3024 3062 3130 3112; x_wconf 86' lang='grc' dir='ltr'>τῶν</span> <span class='ocrx_word' id='word_1_567' title='bbox 3192 3057 3323 3112; x_wconf 81' lang='grc' dir='ltr'>ἐτῶν</span> <span class='ocrx_word' id='word_1_568' title='bbox 3392 3056 3578 3113; x_wconf 70' lang='grc' dir='ltr'>τέλεια</span> <span class='ocrx_word' id='word_1_569' title='bbox 3623 3058 3719 3113; x_wconf 85' lang='grc' dir='ltr'>καὶ</span> 
     </span>
    </p>
   </div>
   <div class='ocr_carea' id='block_1_82' title="bbox 2074 3143 3721 3221">
    <p class='ocr_par' dir='ltr' id='par_1_82' title="bbox 2074 3143 3721 3221">
     <span class='ocr_line' id='line_1_82' title="bbox 2074 3143 3721 3221; baseline -0.001 -19"><span class='ocrx_word' id='word_1_570' title='bbox 2074 3146 2254 3202; x_wconf 83' lang='grc' dir='ltr'>ἄλυπα</span> <span class='ocrx_word' id='word_1_571' title='bbox 2288 3145 2376 3201; x_wconf 78' lang='grc' dir='ltr'>καί</span> <span class='ocrx_word' id='word_1_572' title='bbox 2437 3143 2618 3214; x_wconf 86' lang='grc' dir='ltr'>ἅνοσα,</span> <span class='ocrx_word' id='word_1_573' title='bbox 2666 3147 2799 3218; x_wconf 86' lang='grc' dir='ltr'>μετά</span> <span class='ocrx_word' id='word_1_574' title='bbox 2851 3147 3028 3215; x_wconf 78' lang='grc' dir='ltr'>πάσης</span> <span class='ocrx_word' id='word_1_575' title='bbox 3086 3152 3187 3216; x_wconf 79' lang='grc' dir='ltr'>τῆς</span> <span class='ocrx_word' id='word_1_576' title='bbox 3239 3150 3345 3200; x_wconf 89' lang='grc' dir='ltr'>τῶν</span> <span class='ocrx_word' id='word_1_577' title='bbox 3408 3145 3575 3221; x_wconf 66' lang='grc' dir='ltr'>ἀέρων</span> <span class='ocrx_word' id='word_1_578' title='bbox 3632 3145 3721 3201; x_wconf 83' lang='grc' dir='ltr'>εὐ-</span> 
     </span>
    </p>
   </div>
   <div class='ocr_carea' id='block_1_83' title="bbox 1992 3206 2906 3312">
    <p class='ocr_par' dir='ltr' id='par_1_83' title="bbox 1992 3206 2906 3312">
     <span class='ocr_line' id='line_1_83' title="bbox 1992 3206 2906 3312; baseline 0.002 -22"><span class='ocrx_word' id='word_1_579' title='bbox 1992 3206 2035 3272; x_wconf 75' lang='lat' dir='ltr'>C‘</span> <span class='ocrx_word' id='word_1_580' title='bbox 2072 3236 2294 3312; x_wconf 88' lang='grc' dir='ltr'>κρασίας</span> <span class='ocrx_word' id='word_1_581' title='bbox 2326 3235 2498 3297; x_wconf 81' lang='grc' dir='ltr'>ἀδεῶς</span> <span class='ocrx_word' id='word_1_582' title='bbox 2532 3233 2906 3310; x_wconf 77' lang='grc' dir='ltr'>δεδωρημὲνα.</span> 
     </span>
    </p>
   </div>
   <div class='ocr_carea' id='block_1_84' title="bbox 2139 3322 3717 3398">
    <p class='ocr_par' dir='ltr' id='par_1_84' title="bbox 2139 3322 3717 3398">
     <span class='ocr_line' id='line_1_84' title="bbox 2139 3322 3717 3398; baseline 0 -17"><span class='ocrx_word' id='word_1_583' title='bbox 2139 3326 2229 3382; x_wconf 87' lang='grc' dir='ltr'>ΧΙ.</span> <span class='ocrx_word' id='word_1_584' title='bbox 2264 3325 2326 3377; x_wconf 77' lang='grc' dir='ltr'>Οἱ</span> <span class='ocrx_word' id='word_1_585' title='bbox 2376 3322 2433 3378; x_wconf 75' lang='grc' dir='ltr'>δὲ</span> <span class='ocrx_word' id='word_1_586' title='bbox 2480 3323 2595 3377; x_wconf 79' lang='grc' dir='ltr'>ἐπεὶ</span> <span class='ocrx_word' id='word_1_587' title='bbox 2647 3324 2722 3396; x_wconf 76' lang='grc' dir='ltr'>μὴ</span> <span class='ocrx_word' id='word_1_588' title='bbox 2754 3329 2971 3395; x_wconf 90' lang='grc' dir='ltr'>πρῶτον</span> <span class='ocrx_word' id='word_1_589' title='bbox 3001 3329 3109 3379; x_wconf 90' lang='grc' dir='ltr'>τῶν</span> <span class='ocrx_word' id='word_1_590' title='bbox 3154 3329 3333 3379; x_wconf 81' lang='grc' dir='ltr'>κακῶν</span> <span class='ocrx_word' id='word_1_591' title='bbox 3386 3324 3717 3398; x_wconf 78' lang='grc' dir='ltr'>ἐπειράσθη-</span> 
     </span>
    </p>
   </div>
   <div class='ocr_carea' id='block_1_85' title="bbox 2070 3412 3716 3490">
    <p class='ocr_par' dir='ltr' id='par_1_85' title="bbox 2070 3412 3716 3490">
     <span class='ocr_line' id='line_1_85' title="bbox 2070 3412 3716 3490; baseline 0.002 -23"><span class='ocrx_word' id='word_1_592' title='bbox 2070 3435 2181 3484; x_wconf 86' lang='grc' dir='ltr'>σαν,</span> <span class='ocrx_word' id='word_1_593' title='bbox 2213 3414 2347 3490; x_wconf 88' lang='grc' dir='ltr'>πρὸς</span> <span class='ocrx_word' id='word_1_594' title='bbox 2404 3412 2570 3482; x_wconf 76' lang='grc' dir='ltr'>αὐτὴν</span> <span class='ocrx_word' id='word_1_595' title='bbox 2612 3414 2657 3449; x_wconf 71' lang='grc'>⁸⁸</span> <span class='ocrx_word' id='word_1_596' title='bbox 2700 3417 2809 3466; x_wconf 89' lang='grc' dir='ltr'>τῶν</span> <span class='ocrx_word' id='word_1_597' title='bbox 2853 3413 3068 3489; x_wconf 79' lang='grc' dir='ltr'>ἀγαθῶν</span> <span class='ocrx_word' id='word_1_598' title='bbox 3117 3412 3320 3488; x_wconf 78' lang='grc' dir='ltr'>δωρεάν</span> <span class='ocrx_word' id='word_1_599' title='bbox 3375 3415 3716 3485; x_wconf 76' lang='grc' dir='ltr'>ἀναισθήτως</span> 
     </span>
    </p>
   </div>
   <div class='ocr_carea' id='block_1_86' title="bbox 2070 3498 3722 3581">
    <p class='ocr_par' dir='ltr' id='par_1_86' title="bbox 2070 3498 3722 3581">
     <span class='ocr_line' id='line_1_86' title="bbox 2070 3498 3722 3581; baseline 0.001 -25"><span class='ocrx_word' id='word_1_600' title='bbox 2070 3498 2307 3577; x_wconf 79' lang='grc' dir='ltr'>ἔχοντες,</span> <span class='ocrx_word' id='word_1_601' title='bbox 2368 3502 2472 3556; x_wconf 80' lang='grc' dir='ltr'>ὑπὸ</span> <span class='ocrx_word' id='word_1_602' title='bbox 2528 3504 2625 3570; x_wconf 74' lang='grc' dir='ltr'>τῆς</span> <span class='ocrx_word' id='word_1_603' title='bbox 2686 3500 2919 3579; x_wconf 88' lang='grc' dir='ltr'>ἀφθόνου</span> <span class='ocrx_word' id='word_1_604' title='bbox 2974 3510 3182 3580; x_wconf 81' lang='grc' dir='ltr'>τροφῆς</span> <span class='ocrx_word' id='word_1_605' title='bbox 3239 3503 3329 3557; x_wconf 84' lang='grc' dir='ltr'>καὶ</span> <span class='ocrx_word' id='word_1_606' title='bbox 3383 3504 3592 3581; x_wconf 72' lang='grc' dir='ltr'>τρυφῆς</span> <span class='ocrx_word' id='word_1_607' title='bbox 3640 3503 3722 3567; x_wconf 80' lang='grc' dir='ltr'>είς</span> 
     </span>
    </p>
   </div>
   <div class='ocr_carea' id='block_1_87' title="bbox 2070 3588 3719 3665">
    <p class='ocr_par' dir='ltr' id='par_1_87' title="bbox 2070 3588 3719 3665">
     <span class='ocr_line' id='line_1_87' title="bbox 2070 3588 3719 3665; baseline 0.002 -21"><span class='ocrx_word' id='word_1_608' title='bbox 2070 3589 2387 3665; x_wconf 78' lang='grc' dir='ltr'>ἀχαριστίαν</span> <span class='ocrx_word' id='word_1_609' title='bbox 2432 3588 2795 3664; x_wconf 72' lang='grc' dir='ltr'>ἐξετρέποντο,</span> <span class='ocrx_word' id='word_1_610' title='bbox 2828 3590 2902 3653; x_wconf 81' lang='grc' dir='ltr'>ὡς</span> <span class='ocrx_word' id='word_1_611' title='bbox 2951 3591 3189 3665; x_wconf 80' lang='grc' dir='ltr'>νομίσαι,</span> <span class='ocrx_word' id='word_1_612' title='bbox 3220 3590 3414 3654; x_wconf 81' lang='grc' dir='ltr'>αὐτοὺς</span> <span class='ocrx_word' id='word_1_613' title='bbox 3467 3589 3595 3665; x_wconf 84' lang='grc' dir='ltr'>μηδ’</span> <span class='ocrx_word' id='word_1_614' title='bbox 3644 3591 3719 3647; x_wconf 81' lang='grc' dir='ltr'>εῖ-</span> 
     </span>
    </p>
   </div>
   <div class='ocr_carea' id='block_1_88' title="bbox 2067 3678 3719 3755">
    <p class='ocr_par' dir='ltr' id='par_1_88' title="bbox 2067 3678 3719 3755">
     <span class='ocr_line' id='line_1_88' title="bbox 2067 3678 3719 3755; baseline 0.001 -21"><span class='ocrx_word' id='word_1_615' title='bbox 2067 3700 2152 3734; x_wconf 90' lang='grc' dir='ltr'>ναι</span> <span class='ocrx_word' id='word_1_616' title='bbox 2185 3678 2464 3755; x_wconf 85' lang='grc' dir='ltr'>Πρόνοιαν,</span> <span class='ocrx_word' id='word_1_617' title='bbox 2499 3678 2612 3733; x_wconf 80' lang='grc' dir='ltr'>ὲπεὶ</span> <span class='ocrx_word' id='word_1_618' title='bbox 2649 3680 2725 3751; x_wconf 80' lang='grc' dir='ltr'>μὴ</span> <span class='ocrx_word' id='word_1_619' title='bbox 2755 3678 3017 3755; x_wconf 85' lang='grc' dir='ltr'>πρότερον</span> <span class='ocrx_word' id='word_1_620' title='bbox 3062 3701 3327 3753; x_wconf 89' lang='grc' dir='ltr'>καμοντες</span> <span class='ocrx_word' id='word_1_621' title='bbox 3380 3679 3464 3735; x_wconf 68' lang='grc' dir='ltr'>ἐπὶ</span> <span class='ocrx_word' id='word_1_622' title='bbox 3514 3678 3719 3736; x_wconf 81' lang='grc' dir='ltr'>δικαιο-</span> 
     </span>
    </p>
   </div>
   <div class='ocr_carea' id='block_1_89' title="bbox 2069 3764 3719 3846">
    <p class='ocr_par' dir='ltr' id='par_1_89' title="bbox 2069 3764 3719 3846">
     <span class='ocr_line' id='line_1_89' title="bbox 2069 3764 3719 3846; baseline 0.001 -24"><span class='ocrx_word' id='word_1_623' title='bbox 2069 3767 2234 3836; x_wconf 83' lang='grc' dir='ltr'>σύνης</span> <span class='ocrx_word' id='word_1_624' title='bbox 2293 3767 2365 3828; x_wconf 85' lang='grc' dir='ltr'>ὡς</span> <span class='ocrx_word' id='word_1_625' title='bbox 2427 3764 2614 3839; x_wconf 85' lang='grc' dir='ltr'>μισθδν</span> <span class='ocrx_word' id='word_1_626' title='bbox 2672 3769 2741 3822; x_wconf 77' lang='grc' dir='ltr'>τὰ</span> <span class='ocrx_word' id='word_1_627' title='bbox 2795 3767 2969 3842; x_wconf 73' lang='grc' dir='ltr'>ἀγαθὰ</span> <span class='ocrx_word' id='word_1_628' title='bbox 3002 3765 3314 3846; x_wconf 77' lang='grc' dir='ltr'>εἰλήφεσαν,</span> <span class='ocrx_word' id='word_1_629' title='bbox 3348 3768 3438 3823; x_wconf 76' lang='grc' dir='ltr'>ἅτε</span> <span class='ocrx_word' id='word_1_630' title='bbox 3484 3765 3719 3841; x_wconf 87' lang='grc' dir='ltr'>μηδενὸς</span> 
     </span>
    </p>
   </div>
   <div class='ocr_carea' id='block_1_90' title="bbox 2070 3854 3716 3933">
    <p class='ocr_par' dir='ltr' id='par_1_90' title="bbox 2070 3854 3716 3933">
     <span class='ocr_line' id='line_1_90' title="bbox 2070 3854 3716 3933; baseline 0 -22"><span class='ocrx_word' id='word_1_631' title='bbox 2070 3856 2242 3911; x_wconf 77' lang='grc' dir='ltr'>αὐτῶν</span> <span class='ocrx_word' id='word_1_632' title='bbox 2275 3858 2308 3924; x_wconf 72' lang='grc' dir='ltr'><strong>ἢ</strong></span> <span class='ocrx_word' id='word_1_633' title='bbox 2342 3856 2495 3910; x_wconf 88' lang='grc' dir='ltr'>πάθει</span> <span class='ocrx_word' id='word_1_634' title='bbox 2524 3855 2631 3909; x_wconf 81' lang='grc' dir='ltr'>τινὶ</span> <span class='ocrx_word' id='word_1_635' title='bbox 2674 3857 2708 3924; x_wconf 72' lang='grc' dir='ltr'><strong>ἢ</strong></span> <span class='ocrx_word' id='word_1_636' title='bbox 2739 3855 2884 3928; x_wconf 87' lang='grc' dir='ltr'>νόσῳ</span> <span class='ocrx_word' id='word_1_637' title='bbox 2913 3856 2948 3925; x_wconf 70' lang='grc' dir='ltr'><strong>ἢ</strong></span> <span class='ocrx_word' id='word_1_638' title='bbox 2992 3854 3134 3930; x_wconf 81' lang='grc' dir='ltr'>ἄλλῃ</span> <span class='ocrx_word' id='word_1_639' title='bbox 3176 3857 3283 3911; x_wconf 79' lang='grc' dir='ltr'>τινὶ</span> <span class='ocrx_word' id='word_1_640' title='bbox 3332 3856 3532 3933; x_wconf 73' lang='grc' dir='ltr'>ἀνάγκη</span> <span class='ocrx_word' id='word_1_641' title='bbox 3580 3857 3716 3911; x_wconf 86' lang='grc' dir='ltr'>ὑπο-</span> 
     </span>
    </p>
   </div>
   <div class='ocr_carea' id='block_1_91' title="bbox 2068 3942 3721 4022">
    <p class='ocr_par' dir='ltr' id='par_1_91' title="bbox 2068 3942 3721 4022">
     <span class='ocr_line' id='line_1_91' title="bbox 2068 3942 3721 4022; baseline 0 -23"><span class='ocrx_word' id='word_1_642' title='bbox 2068 3944 2344 4005; x_wconf 80' lang='grc' dir='ltr'>πεσόντυς’</span> <span class='ocrx_word' id='word_1_643' title='bbox 2401 3942 2509 4011; x_wconf 63' lang='grc' dir='ltr'>ἵνα,</span> <span class='ocrx_word' id='word_1_644' title='bbox 2571 3944 2644 4005; x_wconf 86' lang='grc' dir='ltr'>ὡς</span> <span class='ocrx_word' id='word_1_645' title='bbox 2687 3943 2994 4019; x_wconf 84' lang='grc' dir='ltr'>ἀνθρώποις</span> <span class='ocrx_word' id='word_1_646' title='bbox 3041 3943 3200 4022; x_wconf 84' lang='grc' dir='ltr'>φίλον</span> <span class='ocrx_word' id='word_1_647' title='bbox 3257 3944 3396 4000; x_wconf 80' lang='grc' dir='ltr'>ἐστὶν</span> <span class='ocrx_word' id='word_1_648' title='bbox 3463 3945 3564 3999; x_wconf 80' lang='grc' dir='ltr'>ὑπὸ</span> <span class='ocrx_word' id='word_1_649' title='bbox 3619 3948 3721 4013; x_wconf 69' lang='grc' dir='ltr'>τῆς</span> 
     </span>
    </p>
   </div>
   <div class='ocr_carea' id='block_1_92' title="bbox 2066 4031 3717 4109">
    <p class='ocr_par' dir='ltr' id='par_1_92' title="bbox 2066 4031 3717 4109">
     <span class='ocr_line' id='line_1_92' title="bbox 2066 4031 3717 4109; baseline 0 -21"><span class='ocrx_word' id='word_1_650' title='bbox 2066 4041 2238 4102; x_wconf 74' lang='grc' dir='ltr'>κακῆς</span> <span class='ocrx_word' id='word_1_651' title='bbox 2298 4031 2618 4109; x_wconf 77' lang='grc' dir='ltr'>διαμαρτίας</span> <span class='ocrx_word' id='word_1_652' title='bbox 2649 4036 2693 4070; x_wconf 83' lang='grc'>⁶⁶</span> <span class='ocrx_word' id='word_1_653' title='bbox 2740 4036 3082 4103; x_wconf 88' lang='grc' dir='ltr'>κακωθεῖσιν,</span> <span class='ocrx_word' id='word_1_654' title='bbox 3128 4035 3339 4095; x_wconf 73' lang='grc' dir='ltr'>ἑαυτοῖς</span> <span class='ocrx_word' id='word_1_655' title='bbox 3393 4034 3484 4088; x_wconf 88' lang='grc' dir='ltr'>τὸν</span> <span class='ocrx_word' id='word_1_656' title='bbox 3536 4034 3717 4088; x_wconf 73' lang='grc' dir='ltr'>ἰᾶσθαι</span> 
     </span>
    </p>
   </div>
   <div class='ocr_carea' id='block_1_93' title="bbox 2070 4117 3721 4199">
    <p class='ocr_par' dir='ltr' id='par_1_93' title="bbox 2070 4117 3721 4199">
     <span class='ocr_line' id='line_1_93' title="bbox 2070 4117 3721 4199; baseline -0.001 -22"><span class='ocrx_word' id='word_1_657' title='bbox 2070 4120 2362 4195; x_wconf 84' lang='grc' dir='ltr'>δυνάμενον</span> <span class='ocrx_word' id='word_1_658' title='bbox 2421 4117 2867 4198; x_wconf 74' lang='grc' dir='ltr'>περιϐλὲᾠωνται</span> <span class='ocrx_word' id='word_1_659' title='bbox 2920 4123 3066 4179; x_wconf 89' lang='grc' dir='ltr'>Θεόν.</span> <span class='ocrx_word' id='word_1_660' title='bbox 3127 4122 3301 4179; x_wconf 87' lang='grc' dir='ltr'>Ἀλλά</span> <span class='ocrx_word' id='word_1_661' title='bbox 3354 4123 3453 4199; x_wconf 77' lang='grc' dir='ltr'>γὰρ</span> <span class='ocrx_word' id='word_1_662' title='bbox 3520 4122 3721 4183; x_wconf 70' lang='grc' dir='ltr'>εὐθέως</span> 
     </span>
    </p>
   </div>
   <div class='ocr_carea' id='block_1_94' title="bbox 2072 4206 3720 4289">
    <p class='ocr_par' dir='ltr' id='par_1_94' title="bbox 2072 4206 3720 4289">
     <span class='ocr_line' id='line_1_94' title="bbox 2072 4206 3720 4289; baseline -0.001 -23"><span class='ocrx_word' id='word_1_663' title='bbox 2072 4213 2205 4285; x_wconf 86' lang='grc' dir='ltr'>μετά</span> <span class='ocrx_word' id='word_1_664' title='bbox 2234 4212 2330 4279; x_wconf 77' lang='grc' dir='ltr'>τὴν</span> <span class='ocrx_word' id='word_1_665' title='bbox 2382 4210 2441 4265; x_wconf 84' lang='grc' dir='ltr'>ἐκ</span> <span class='ocrx_word' id='word_1_666' title='bbox 2486 4218 2586 4281; x_wconf 79' lang='grc' dir='ltr'>τῆς</span> <span class='ocrx_word' id='word_1_667' title='bbox 2631 4206 2863 4287; x_wconf 77' lang='grc' dir='ltr'>ἀφοϐίας</span> <span class='ocrx_word' id='word_1_668' title='bbox 2910 4212 2999 4267; x_wconf 85' lang='grc' dir='ltr'>καὶ</span> <span class='ocrx_word' id='word_1_669' title='bbox 3050 4208 3239 4274; x_wconf 87' lang='grc' dir='ltr'>ἀδεοῦς</span> <span class='ocrx_word' id='word_1_670' title='bbox 3286 4218 3495 4289; x_wconf 80' lang='grc' dir='ltr'>τρυφῆς</span> <span class='ocrx_word' id='word_1_671' title='bbox 3555 4232 3720 4265; x_wconf 86' lang='grc' dir='ltr'>κατα-</span> 
     </span>
    </p>
   </div>
   <div class='ocr_carea' id='block_1_95' title="bbox 2069 4298 3711 4379">
    <p class='ocr_par' dir='ltr' id='par_1_95' title="bbox 2069 4298 3711 4379">
     <span class='ocr_line' id='line_1_95' title="bbox 2069 4298 3711 4379; baseline 0.001 -25"><span class='ocrx_word' id='word_1_672' title='bbox 2069 4300 2350 4379; x_wconf 86' lang='grc' dir='ltr'>φρόνησιν,</span> <span class='ocrx_word' id='word_1_673' title='bbox 2385 4299 2565 4375; x_wconf 81' lang='grc' dir='ltr'>ὥσπερ</span> <span class='ocrx_word' id='word_1_674' title='bbox 2598 4298 2649 4370; x_wconf 80' lang='grc' dir='ltr'>ἐξ</span> <span class='ocrx_word' id='word_1_675' title='bbox 2698 4300 2958 4375; x_wconf 78' lang='grc' dir='ltr'>ἁρμονίας</span> <span class='ocrx_word' id='word_1_676' title='bbox 2986 4301 3132 4363; x_wconf 87' lang='grc' dir='ltr'>τινὸς</span> <span class='ocrx_word' id='word_1_677' title='bbox 3174 4298 3491 4363; x_wconf 73' lang='grc' dir='ltr'>ἀκολούθως</span> <span class='ocrx_word' id='word_1_678' title='bbox 3542 4298 3711 4378; x_wconf 76' lang='grc' dir='ltr'>ἐφηρ-</span> 
     </span>
    </p>
   </div>
   <div class='ocr_carea' id='block_1_96' title="bbox 2072 4385 3721 4463">
    <p class='ocr_par' dir='ltr' id='par_1_96' title="bbox 2072 4385 3721 4463">
     <span class='ocr_line' id='line_1_96' title="bbox 2072 4385 3721 4463; baseline -0.001 -19"><span class='ocrx_word' id='word_1_679' title='bbox 2072 4388 2368 4462; x_wconf 77' lang='grc' dir='ltr'>μοσμὲνης,</span> <span class='ocrx_word' id='word_1_680' title='bbox 2402 4385 2583 4443; x_wconf 84' lang='grc' dir='ltr'>δικαία</span> <span class='ocrx_word' id='word_1_681' title='bbox 2641 4408 2725 4450; x_wconf 90' lang='grc' dir='ltr'>τις</span> <span class='ocrx_word' id='word_1_682' title='bbox 2783 4388 2965 4451; x_wconf 86' lang='grc' dir='ltr'>αὐτοῖς</span> <span class='ocrx_word' id='word_1_683' title='bbox 3022 4388 3301 4458; x_wconf 82' lang='grc' dir='ltr'>ἀπήντησε</span> <span class='ocrx_word' id='word_1_684' title='bbox 3354 4387 3721 4463; x_wconf 86' lang='grc' dir='ltr'>τιμωρία,τά</span> 
     </span>
    </p>
   </div>
   <div class='ocr_carea' id='block_1_97' title="bbox 2073 4474 3720 4553">
    <p class='ocr_par' dir='ltr' id='par_1_97' title="bbox 2073 4474 3720 4553">
     <span class='ocr_line' id='line_1_97' title="bbox 2073 4474 3720 4553; baseline -0.001 -20"><span class='ocrx_word' id='word_1_685' title='bbox 2073 4478 2165 4552; x_wconf 71' lang='grc' dir='ltr'>μὲν</span> <span class='ocrx_word' id='word_1_686' title='bbox 2198 4478 2300 4553; x_wconf 64' lang='grc' dir='ltr'>γὰρ</span> <span class='ocrx_word' id='word_1_687' title='bbox 2327 4480 2370 4514; x_wconf 72' lang='grc'>⁸⁷</span> <span class='ocrx_word' id='word_1_688' title='bbox 2401 4476 2575 4553; x_wconf 86' lang='grc' dir='ltr'>ἀγαθά</span> <span class='ocrx_word' id='word_1_689' title='bbox 2605 4476 2679 4536; x_wconf 81' lang='grc' dir='ltr'>ὡς</span> <span class='ocrx_word' id='word_1_690' title='bbox 2715 4475 2997 4553; x_wconf 74' lang='grc' dir='ltr'>βλάψαντα</span> <span class='ocrx_word' id='word_1_691' title='bbox 3026 4478 3334 4551; x_wconf 84' lang='grc' dir='ltr'>ἀπωθοῦσα,</span> <span class='ocrx_word' id='word_1_692' title='bbox 3365 4478 3433 4532; x_wconf 79' lang='grc' dir='ltr'>τά</span> <span class='ocrx_word' id='word_1_693' title='bbox 3482 4474 3538 4532; x_wconf 72' lang='grc' dir='ltr'>δὲ</span> <span class='ocrx_word' id='word_1_694' title='bbox 3576 4476 3720 4532; x_wconf 78' lang='grc' dir='ltr'>κακά</span> 
     </span>
    </p>
   </div>
   <div class='ocr_carea' id='block_1_98' title="bbox 1988 4564 2988 4645">
    <p class='ocr_par' dir='ltr' id='par_1_98' title="bbox 1988 4564 2988 4645">
     <span class='ocr_line' id='line_1_98' title="bbox 1988 4564 2988 4645; baseline 0 -23"><span class='ocrx_word' id='word_1_695' title='bbox 1988 4577 2034 4640; x_wconf 84' lang='lat' dir='ltr'>D</span> <span class='ocrx_word' id='word_1_696' title='bbox 2067 4568 2142 4630; x_wconf 84' lang='grc' dir='ltr'>ὡς</span> <span class='ocrx_word' id='word_1_697' title='bbox 2171 4564 2526 4645; x_wconf 71' lang='grc' dir='ltr'>ὠφελήσαντα</span> <span class='ocrx_word' id='word_1_698' title='bbox 2555 4565 2988 4645; x_wconf 79' lang='grc' dir='ltr'>άντεισφὲρουσα.</span> 
     </span>
    </p>
   </div>
   <div class='ocr_carea' id='block_1_99' title="bbox 2137 4742 3712 4822">
    <p class='ocr_par' dir='ltr' id='par_1_99' title="bbox 2137 4742 3712 4822">
     <span class='ocr_line' id='line_1_99' title="bbox 2137 4742 3712 4822; baseline -0.003 -20"><span class='ocrx_word' id='word_1_699' title='bbox 2137 4753 2251 4803; x_wconf 84' lang='lat' dir='ltr'>XII.</span> <span class='ocrx_word' id='word_1_700' title='bbox 2283 4751 2397 4801; x_wconf 83' lang='grc' dir='ltr'>Τῶν</span> <span class='ocrx_word' id='word_1_701' title='bbox 2426 4744 2526 4822; x_wconf 79' lang='grc' dir='ltr'>γὰρ</span> <span class='ocrx_word' id='word_1_702' title='bbox 2555 4745 2646 4800; x_wconf 86' lang='grc' dir='ltr'>τὸν</span> <span class='ocrx_word' id='word_1_703' title='bbox 2676 4743 2901 4820; x_wconf 85' lang='grc' dir='ltr'>οὐρανὸν</span> <span class='ocrx_word' id='word_1_704' title='bbox 2935 4742 3285 4801; x_wconf 70' lang='grc' dir='ltr'>ἐνοικούντων</span> <span class='ocrx_word' id='word_1_705' title='bbox 3316 4746 3361 4782; x_wconf 71' lang='grc'>⁸⁸</span> <span class='ocrx_word' id='word_1_706' title='bbox 3390 4743 3712 4818; x_wconf 84' lang='grc' dir='ltr'>πνευμάτων</span> 
     </span>
    </p>
   </div>
   <div class='ocr_carea' id='block_1_100' title="bbox 2069 4832 3716 4910">
    <p class='ocr_par' dir='ltr' id='par_1_100' title="bbox 2069 4832 3716 4910">
     <span class='ocr_line' id='line_1_100' title="bbox 2069 4832 3716 4910; baseline -0.002 -20"><span class='ocrx_word' id='word_1_707' title='bbox 2069 4836 2120 4890; x_wconf 78' lang='grc' dir='ltr'>οἱ</span> <span class='ocrx_word' id='word_1_708' title='bbox 2150 4838 2248 4905; x_wconf 79' lang='grc' dir='ltr'>τήν</span> <span class='ocrx_word' id='word_1_709' title='bbox 2274 4834 2567 4890; x_wconf 81' lang='grc' dir='ltr'>κατωτάτω</span> <span class='ocrx_word' id='word_1_710' title='bbox 2597 4835 2784 4910; x_wconf 86' lang='grc' dir='ltr'>χώραν</span> <span class='ocrx_word' id='word_1_711' title='bbox 2843 4839 3220 4897; x_wconf 88' lang='grc' dir='ltr'>κατοικοῦντες</span> <span class='ocrx_word' id='word_1_712' title='bbox 3278 4832 3505 4909; x_wconf 80' lang='grc' dir='ltr'>ἄγγελοι</span> <span class='ocrx_word' id='word_1_713' title='bbox 3550 4833 3716 4909; x_wconf 76' lang='grc' dir='ltr'>ἀχθε·</span> 
     </span>
    </p>
   </div>
   <div class='ocr_carea' id='block_1_101' title="bbox 2068 4920 3710 4999">
    <p class='ocr_par' dir='ltr' id='par_1_101' title="bbox 2068 4920 3710 4999">
     <span class='ocr_line' id='line_1_101' title="bbox 2068 4920 3710 4999; baseline -0.004 -19"><span class='ocrx_word' id='word_1_714' title='bbox 2068 4924 2278 4989; x_wconf 76' lang='grc' dir='ltr'>σθέντες</span> <span class='ocrx_word' id='word_1_715' title='bbox 2337 4924 2423 4978; x_wconf 80' lang='grc' dir='ltr'>ἐπὶ</span> <span class='ocrx_word' id='word_1_716' title='bbox 2488 4926 2549 4995; x_wconf 79' lang='grc' dir='ltr'>τῇ</span> <span class='ocrx_word' id='word_1_717' title='bbox 2601 4928 2709 4979; x_wconf 91' lang='grc' dir='ltr'>τῶν</span> <span class='ocrx_word' id='word_1_718' title='bbox 2762 4923 3058 4999; x_wconf 84' lang='grc' dir='ltr'>ἀνθρώπων</span> <span class='ocrx_word' id='word_1_719' title='bbox 3109 4923 3185 4985; x_wconf 65' lang='grc' dir='ltr'>εἲς</span> <span class='ocrx_word' id='word_1_720' title='bbox 3234 4925 3361 4979; x_wconf 92' lang='grc' dir='ltr'>Θεὸν</span> <span class='ocrx_word' id='word_1_721' title='bbox 3396 4920 3710 4998; x_wconf 86' lang='grc' dir='ltr'>ἀχαριστίᾳ,</span> 
     </span>
    </p>
   </div>
   <div class='ocr_carea' id='block_1_102' title="bbox 2070 5006 3718 5089">
    <p class='ocr_par' dir='ltr' id='par_1_102' title="bbox 2070 5006 3718 5089">
     <span class='ocr_line' id='line_1_102' title="bbox 2070 5006 3718 5089; baseline -0.003 -20"><span class='ocrx_word' id='word_1_722' title='bbox 2070 5014 2341 5069; x_wconf 81' lang='grc' dir='ltr'>αἰτοῦνται</span> <span class='ocrx_word' id='word_1_723' title='bbox 2398 5012 2477 5076; x_wconf 78' lang='grc' dir='ltr'>εἷς</span> <span class='ocrx_word' id='word_1_724' title='bbox 2531 5012 2623 5067; x_wconf 92' lang='grc' dir='ltr'>τὸν</span> <span class='ocrx_word' id='word_1_725' title='bbox 2687 5012 2980 5089; x_wconf 88' lang='grc' dir='ltr'>ἀνθρώπων</span> <span class='ocrx_word' id='word_1_726' title='bbox 3042 5011 3216 5076; x_wconf 82' lang='grc' dir='ltr'>ἐλθεῖν</span> <span class='ocrx_word' id='word_1_727' title='bbox 3255 5010 3515 5089; x_wconf 69' lang='grc' dir='ltr'>βίον,⁹ίνα</span> <span class='ocrx_word' id='word_1_728' title='bbox 3545 5006 3718 5072; x_wconf 76' lang='grc' dir='ltr'>ὅντως</span> 
     </span>
    </p>
   </div>
   <div class='ocr_carea' id='block_1_103' title="bbox 1662 5128 2356 5189">
    <p class='ocr_par' dir='ltr' id='par_1_103' title="bbox 1662 5128 2356 5189">
     <span class='ocr_line' id='line_1_103' title="bbox 1662 5128 2356 5189; baseline 0.009 -6"><span class='ocrx_word' id='word_1_729' title='bbox 1662 5128 1902 5186; x_wconf 69' lang='lat' dir='ltr'>VARI/E</span> <span class='ocrx_word' id='word_1_730' title='bbox 1949 5132 2356 5189; x_wconf 82' lang='lat' dir='ltr'>LECTIONES.</span> 
     </span>
    </p>
   </div>
   <div class='ocr_carea' id='block_1_104' title="bbox 389 5224 3721 5353">
    <p class='ocr_par' dir='ltr' id='par_1_104' title="bbox 389 5224 3721 5353">
     <span class='ocr_line' id='line_1_104' title="bbox 389 5224 3721 5301; baseline -0.002 -17"><span class='ocrx_word' id='word_1_731' title='bbox 389 5232 433 5266; x_wconf 62' lang='lat'>59</span> <span class='ocrx_word' id='word_1_732' title='bbox 463 5228 590 5284; x_wconf 89' lang='grc' dir='ltr'>Θεόν</span> <span class='ocrx_word' id='word_1_733' title='bbox 625 5230 690 5291; x_wconf 83' lang='grc' dir='ltr'>Ο,</span> <span class='ocrx_word' id='word_1_734' title='bbox 726 5233 787 5282; x_wconf 88' lang='lat' dir='ltr'>ut</span> <span class='ocrx_word' id='word_1_735' title='bbox 815 5226 926 5297; x_wconf 84' lang='lat' dir='ltr'>legi</span> <span class='ocrx_word' id='word_1_736' title='bbox 952 5224 1122 5296; x_wconf 85' lang='lat' dir='ltr'>jubet</span> <span class='ocrx_word' id='word_1_737' title='bbox 1164 5231 1220 5281; x_wconf 89' lang='lat' dir='ltr'>et</span> <span class='ocrx_word' id='word_1_738' title='bbox 1268 5230 1326 5288; x_wconf 87' lang='lat' dir='ltr'>C,</span> <span class='ocrx_word' id='word_1_739' title='bbox 1380 5228 1433 5282; x_wconf 89' lang='lat' dir='ltr'>in</span> <span class='ocrx_word' id='word_1_740' title='bbox 1485 5228 1602 5297; x_wconf 86' lang='lat' dir='ltr'>cuj.</span> <span class='ocrx_word' id='word_1_741' title='bbox 1649 5231 1807 5283; x_wconf 82' lang='lat' dir='ltr'>textu</span> <span class='ocrx_word' id='word_1_742' title='bbox 1841 5233 1993 5284; x_wconf 87' lang='grc' dir='ltr'>Θεοῦ.</span> <span class='ocrx_word' id='word_1_743' title='bbox 2045 5230 2088 5265; x_wconf 86' lang='grc'>⁶⁰</span> <span class='ocrx_word' id='word_1_744' title='bbox 2117 5228 2204 5283; x_wconf 87' lang='grc' dir='ltr'>καί</span> <span class='ocrx_word' id='word_1_745' title='bbox 2236 5232 2294 5285; x_wconf 88' lang='lat' dir='ltr'>C.</span> <span class='ocrx_word' id='word_1_746' title='bbox 2346 5230 2389 5265; x_wconf 74' lang='grc' dir='ltr'>θί</span> <span class='ocrx_word' id='word_1_747' title='bbox 2438 5226 2855 5283; x_wconf 70' lang='grc' dir='ltr'>ἀνακαλέσονται</span> <span class='ocrx_word' id='word_1_748' title='bbox 2900 5228 2960 5284; x_wconf 91' lang='lat' dir='ltr'>C.</span> <span class='ocrx_word' id='word_1_749' title='bbox 2994 5230 3040 5264; x_wconf 81' lang='grc'>⁶²</span> <span class='ocrx_word' id='word_1_750' title='bbox 3126 5225 3377 5301; x_wconf 76' lang='grc' dir='ltr'>ενωμὲνῳ</span> <span class='ocrx_word' id='word_1_751' title='bbox 3415 5227 3478 5282; x_wconf 86' lang='grc' dir='ltr'>Ο.</span> <span class='ocrx_word' id='word_1_752' title='bbox 3511 5228 3556 5263; x_wconf 72' lang='grc'>⁸³</span> <span class='ocrx_word' id='word_1_753' title='bbox 3601 5228 3721 5287; x_wconf 88' lang='grc' dir='ltr'>τοῖς</span> 
     </span>
     <span class='ocr_line' id='line_1_105' title="bbox 389 5249 3714 5353; baseline -0 0"><span class='ocrx_word' id='word_1_754' title='bbox 389 5302 528 5353; x_wconf 85' lang='lat' dir='ltr'>cidit</span> <span class='ocrx_word' id='word_1_755' title='bbox 559 5320 647 5353; x_wconf 75' lang='lat' dir='ltr'>an.</span> <span class='ocrx_word' id='word_1_756' title='bbox 685 5300 742 5353; x_wconf 87' lang='lat' dir='ltr'>Cl</span> <span class='ocrx_word' id='word_1_757' title='bbox 776 5300 929 5353; x_wconf 85' lang='lat' dir='ltr'>(edd.</span> <span class='ocrx_word' id='word_1_758' title='bbox 983 5300 1144 5353; x_wconf 78' lang='grc'>1698.</span> <span class='ocrx_word' id='word_1_759' title='bbox 1200 5298 1356 5353; x_wconf 72' lang='grc'>1724)</span> <span class='ocrx_word' id='word_1_760' title='bbox 1387 5305 1442 5353; x_wconf 86' lang='lat' dir='ltr'>et</span> <span class='ocrx_word' id='word_1_761' title='bbox 1486 5300 1544 5353; x_wconf 91' lang='lat' dir='ltr'>S.</span> <span class='ocrx_word' id='word_1_762' title='bbox 1576 5301 1622 5333; x_wconf 74' lang='grc'>⁶⁴</span> <span class='ocrx_word' id='word_1_763' title='bbox 1671 5300 1808 5353; x_wconf 63' lang='grc' dir='ltr'>μήτε</span> <span class='ocrx_word' id='word_1_764' title='bbox 1852 5299 2112 5353; x_wconf 75' lang='grc' dir='ltr'>πολέμων</span> <span class='ocrx_word' id='word_1_765' title='bbox 2160 5302 2221 5353; x_wconf 85' lang='lat' dir='ltr'>C-</span> <span class='ocrx_word' id='word_1_766' title='bbox 2271 5301 2400 5353; x_wconf 53' lang='grc' dir='ltr'>μήθ’</span> <span class='ocrx_word' id='word_1_767' title='bbox 2450 5300 2551 5353; x_wconf 87' lang='grc' dir='ltr'>ὑπὸ</span> <span class='ocrx_word' id='word_1_768' title='bbox 2598 5298 2881 5353; x_wconf 79' lang='grc' dir='ltr'>πολεμίων</span> <span class='ocrx_word' id='word_1_769' title='bbox 2922 5300 2987 5353; x_wconf 87' lang='grc' dir='ltr'>Ι).</span> <span class='ocrx_word' id='word_1_770' title='bbox 3043 5249 3179 5353; x_wconf 44' lang='grc' dir='ltr'>μδτε</span> <span class='ocrx_word' id='word_1_771' title='bbox 3226 5297 3514 5353; x_wconf 78' lang='grc' dir='ltr'>πολεμίοις</span> <span class='ocrx_word' id='word_1_772' title='bbox 3560 5299 3714 5353; x_wconf 90' lang='lat' dir='ltr'>coni.</span> 
     </span>
    </p>
   </div>
   <div class='ocr_carea' id='block_1_105' title="bbox 318 5298 3080 5373">
    <p class='ocr_par' dir='ltr' id='par_1_105' title="bbox 318 5298 3080 5373">
     <span class='ocr_line' id='line_1_106' title="bbox 318 5298 3080 5373; baseline -0.001 -15"><span class='ocrx_word' id='word_1_773' title='bbox 318 5302 528 5357; x_wconf 88' lang='lat' dir='ltr'>excidit</span> <span class='ocrx_word' id='word_1_774' title='bbox 559 5300 742 5373; x_wconf 75' lang='lat' dir='ltr'>up._CI</span> <span class='ocrx_word' id='word_1_775' title='bbox 776 5300 929 5370; x_wconf 86' lang='lat' dir='ltr'>(edd.</span> <span class='ocrx_word' id='word_1_776' title='bbox 983 5300 1144 5369; x_wconf 79' lang='grc'>1698,</span> <span class='ocrx_word' id='word_1_777' title='bbox 1178 5298 1442 5373; x_wconf 33' lang='lat' dir='ltr'>_l724)‘et</span> <span class='ocrx_word' id='word_1_778' title='bbox 1576 5301 1622 5333; x_wconf 74' lang='grc'>⁶⁴</span> <span class='ocrx_word' id='word_1_779' title='bbox 1661 5300 1808 5373; x_wconf 66' lang='grc' dir='ltr'>Δμήτε</span> <span class='ocrx_word' id='word_1_780' title='bbox 1852 5299 2112 5372; x_wconf 75' lang='grc' dir='ltr'>πολέμων</span> <span class='ocrx_word' id='word_1_781' title='bbox 2160 5302 2221 5370; x_wconf 88' lang='lat' dir='ltr'>C,</span> <span class='ocrx_word' id='word_1_782' title='bbox 2271 5301 2400 5373; x_wconf 65' lang='grc' dir='ltr'>μηθ’</span> <span class='ocrx_word' id='word_1_783' title='bbox 2450 5300 2551 5354; x_wconf 87' lang='grc' dir='ltr'>ὑπὸ</span> <span class='ocrx_word' id='word_1_784' title='bbox 2598 5298 2881 5371; x_wconf 87' lang='grc' dir='ltr'>πολεμίων</span> <span class='ocrx_word' id='word_1_785' title='bbox 2922 5300 2987 5366; x_wconf 93' lang='lat' dir='ltr'>D,</span> <span class='ocrx_word' id='word_1_786' title='bbox 3042 5320 3080 5371; x_wconf 87' lang='grc' dir='ltr'>μ</span> 
     </span>
    </p>
   </div>
   <div class='ocr_carea' id='block_1_106' title="bbox 3105 5297 3714 5371">
    <p class='ocr_par' dir='ltr' id='par_1_106' title="bbox 3105 5297 3714 5371">
     <span class='ocr_line' id='line_1_107' title="bbox 3105 5297 3714 5371; baseline -0.002 -18"><span class='ocrx_word' id='word_1_787' title='bbox 3105 5297 3179 5371; x_wconf 59' lang='grc' dir='ltr'>ᾗτε</span> <span class='ocrx_word' id='word_1_788' title='bbox 3226 5297 3514 5371; x_wconf 81' lang='grc' dir='ltr'>πολεμίοις</span> <span class='ocrx_word' id='word_1_789' title='bbox 3560 5299 3714 5367; x_wconf 84' lang='lat' dir='ltr'>conj.</span> 
     </span>
    </p>
   </div>
   <div class='ocr_carea' id='block_1_107' title="bbox 320 5365 3713 5446">
    <p class='ocr_par' dir='ltr' id='par_1_107' title="bbox 320 5365 3713 5446">
     <span class='ocr_line' id='line_1_108' title="bbox 320 5365 3713 5446; baseline -0.001 -20"><span class='ocrx_word' id='word_1_790' title='bbox 320 5376 377 5437; x_wconf 83' lang='lat' dir='ltr'>S,</span> <span class='ocrx_word' id='word_1_791' title='bbox 415 5375 553 5445; x_wconf 67' lang='grc' dir='ltr'>μήτε</span> <span class='ocrx_word' id='word_1_792' title='bbox 582 5365 813 5442; x_wconf 60' lang='grc' dir='ltr'>πολέμῳ</span> <span class='ocrx_word' id='word_1_793' title='bbox 854 5373 916 5446; x_wconf 83' lang='grc' dir='ltr'>Ο.</span> <span class='ocrx_word' id='word_1_794' title='bbox 949 5374 994 5407; x_wconf 71' lang='grc'>6⁵</span> <span class='ocrx_word' id='word_1_795' title='bbox 1020 5365 1140 5441; x_wconf 65' lang='grc' dir='ltr'>τῆν’</span> <span class='ocrx_word' id='word_1_796' title='bbox 1168 5370 1227 5423; x_wconf 85' lang='lat' dir='ltr'>C.</span> <span class='ocrx_word' id='word_1_797' title='bbox 1259 5371 1303 5404; x_wconf 78' lang='grc'><strong>⁶⁶</strong></span> <span class='ocrx_word' id='word_1_798' title='bbox 1340 5365 1421 5422; x_wconf 72' lang='grc' dir='ltr'>’δι’</span> <span class='ocrx_word' id='word_1_799' title='bbox 1469 5365 1741 5446; x_wconf 66' lang='grc' dir='ltr'>ἁμαρτίας</span> <span class='ocrx_word' id='word_1_800' title='bbox 1767 5372 1809 5427; x_wconf 95' lang='grc' dir='ltr'><strong>Ο</strong></span> <span class='ocrx_word' id='word_1_801' title='bbox 1846 5374 1929 5446; x_wconf 69' lang='grc' dir='ltr'>δε</span> <span class='ocrx_word' id='word_1_802' title='bbox 1965 5365 2149 5446; x_wconf 82' lang='lat' dir='ltr'>Locus</span> <span class='ocrx_word' id='word_1_803' title='bbox 2199 5365 2576 5446; x_wconf 73' lang='lat' dir='ltr'>multifariam</span> <span class='ocrx_word' id='word_1_804' title='bbox 2627 5365 2955 5446; x_wconf 78' lang='lat' dir='ltr'>corruptus.</span> <span class='ocrx_word' id='word_1_805' title='bbox 2995 5365 3229 5428; x_wconf 78' lang='lat' dir='ltr'>Dativus</span> <span class='ocrx_word' id='word_1_806' title='bbox 3274 5365 3713 5446; x_wconf 54' lang='lat' dir='ltr'>taurojg_oﬂen-</span> 
     </span>
    </p>
   </div>
   <div class='ocr_carea' id='block_1_108' title="bbox 320 5437 3713 5516">
    <p class='ocr_par' dir='ltr' id='par_1_108' title="bbox 320 5437 3713 5516">
     <span class='ocr_line' id='line_1_109' title="bbox 320 5437 3713 5516; baseline -0.003 -15"><span class='ocrx_word' id='word_1_807' title='bbox 320 5437 635 5501; x_wconf 47' lang='lat' dir='ltr'>dit&#39;contra</span> <span class='ocrx_word' id='word_1_808' title='bbox 669 5437 822 5516; x_wconf 62' lang='lat' dir='ltr'>leges</span> <span class='ocrx_word' id='word_1_809' title='bbox 854 5437 1413 5516; x_wconf 13' lang='lat' dir='ltr'>lingua&#39;GraerczP,et</span> <span class='ocrx_word' id='word_1_810' title='bbox 1442 5437 1594 5513; x_wconf 40' lang='lat' dir='ltr'>quid.</span> <span class='ocrx_word' id='word_1_811' title='bbox 1626 5443 1799 5498; x_wconf 82' lang='grc' dir='ltr'>ἰᾶσθαι</span> <span class='ocrx_word' id='word_1_812' title='bbox 1850 5444 1960 5499; x_wconf 85' lang='lat' dir='ltr'>sibi</span> <span class='ocrx_word' id='word_1_813' title='bbox 2008 5445 2164 5515; x_wconf 81' lang='lat' dir='ltr'>velit,</span> <span class='ocrx_word' id='word_1_814' title='bbox 2216 5445 2453 5499; x_wconf 80' lang='lat' dir='ltr'>difﬁcile</span> <span class='ocrx_word' id='word_1_815' title='bbox 2495 5450 2610 5516; x_wconf 28' lang='lat' dir='ltr'>est,</span> <span class='ocrx_word' id='word_1_816' title='bbox 2634 5437 2966 5516; x_wconf 67' lang='lat' dir='ltr'>intellectu;</span> <span class='ocrx_word' id='word_1_817' title='bbox 2999 5446 3251 5515; x_wconf 82' lang='lat' dir='ltr'>denique</span> <span class='ocrx_word' id='word_1_818' title='bbox 3279 5437 3713 5516; x_wconf 59' lang='grc' dir='ltr'>Δπεριϐλέπεσθαι</span> 
     </span>
    </p>
   </div>
   <div class='ocr_carea' id='block_1_109' title="bbox 320 5510 3717 5589">
    <p class='ocr_par' dir='ltr' id='par_1_109' title="bbox 320 5510 3717 5589">
     <span class='ocr_line' id='line_1_110' title="bbox 320 5510 3717 5589; baseline -0.002 -17"><span class='ocrx_word' id='word_1_819' title='bbox 320 5535 440 5589; x_wconf 70' lang='lat' dir='ltr'>non</span> <span class='ocrx_word' id='word_1_820' title='bbox 470 5519 617 5589; x_wconf 81' lang='lat' dir='ltr'>idem</span> <span class='ocrx_word' id='word_1_821' title='bbox 652 5510 965 5589; x_wconf 46' lang='lat' dir='ltr'>agniticat,</span> <span class='ocrx_word' id='word_1_822' title='bbox 993 5516 1142 5589; x_wconf 85' lang='lat' dir='ltr'>quod</span> <span class='ocrx_word' id='word_1_823' title='bbox 1179 5510 1478 5589; x_wconf 57' lang='grc' dir='ltr'>Δωρίοιςνεῖ</span> <span class='ocrx_word' id='word_1_824' title='bbox 1510 5517 1960 5589; x_wconf 65' lang='grc' dir='ltr'>βοιῄεοῐανρτίω</span> <span class='ocrx_word' id='word_1_825' title='bbox 1990 5534 2117 5573; x_wconf 86' lang='lat' dir='ltr'>esse</span> <span class='ocrx_word' id='word_1_826' title='bbox 2149 5510 2520 5589; x_wconf 79' lang='lat' dir='ltr'>scribendum</span> <span class='ocrx_word' id='word_1_827' title='bbox 2554 5511 2724 5589; x_wconf 80' lang='grc' dir='ltr'>ἀδεῶς</span> <span class='ocrx_word' id='word_1_828' title='bbox 2753 5514 2845 5569; x_wconf 90' lang='grc' dir='ltr'>τὸν</span> <span class='ocrx_word' id='word_1_829' title='bbox 2871 5510 3227 5589; x_wconf 72' lang='grc' dir='ltr'>τιμωρεῖσθαι</span> <span class='ocrx_word' id='word_1_830' title='bbox 3256 5510 3586 5589; x_wconf 36' lang='grc' dir='ltr'>δυνάμενον.</span> <span class='ocrx_word' id='word_1_831' title='bbox 3604 5530 3717 5589; x_wconf 67' lang='grc' dir='ltr'>πα-</span> 
     </span>
    </p>
   </div>
   <div class='ocr_carea' id='block_1_110' title="bbox 358 5583 3718 5669">
    <p class='ocr_par' dir='ltr' id='par_1_110' title="bbox 358 5583 3718 5669">
     <span class='ocr_line' id='line_1_111' title="bbox 358 5583 3718 5669; baseline -0.001 -27"><span class='ocrx_word' id='word_1_832' title='bbox 358 5583 894 5669; x_wconf 33' lang='grc' dir='ltr'>αϐλέψιυνταιζθεόν.</span> <span class='ocrx_word' id='word_1_833' title='bbox 940 5588 982 5625; x_wconf 72' lang='grc'>6⁷</span> <span class='ocrx_word' id='word_1_834' title='bbox 1009 5583 1134 5669; x_wconf 79' lang='grc' dir='ltr'>’γάρ</span> <span class='ocrx_word' id='word_1_835' title='bbox 1175 5583 1293 5642; x_wconf 85' lang='lat' dir='ltr'>om.</span> <span class='ocrx_word' id='word_1_836' title='bbox 1344 5584 1410 5654; x_wconf 82' lang='grc' dir='ltr'>Ο,</span> <span class='ocrx_word' id='word_1_837' title='bbox 1456 5586 1528 5643; x_wconf 83' lang='lat' dir='ltr'>ad</span> <span class='ocrx_word' id='word_1_838' title='bbox 1573 5583 1686 5663; x_wconf 56' lang='grc' dir='ltr'>οὐ).</span> <span class='ocrx_word' id='word_1_839' title='bbox 1739 5604 1898 5645; x_wconf 83' lang='lat' dir='ltr'>oram</span> <span class='ocrx_word' id='word_1_840' title='bbox 1941 5593 2212 5649; x_wconf 88' lang='lat' dir='ltr'>monetur</span> <span class='ocrx_word' id='word_1_841' title='bbox 2243 5606 2257 5647; x_wconf 87' lang='lat'><strong>:</strong></span> <span class='ocrx_word' id='word_1_842' title='bbox 2288 5587 2580 5646; x_wconf 78' lang='grc' dir='ltr'>νοθεύεται.</span> <span class='ocrx_word' id='word_1_843' title='bbox 2612 5589 2656 5626; x_wconf 77' lang='grc'>⁸⁸</span> <span class='ocrx_word' id='word_1_844' title='bbox 2704 5583 3055 5645; x_wconf 78' lang='grc' dir='ltr'>ἐνοικούντων</span> <span class='ocrx_word' id='word_1_845' title='bbox 3105 5587 3185 5646; x_wconf 70' lang='lat' dir='ltr'>(L1.</span> <span class='ocrx_word' id='word_1_846' title='bbox 3221 5587 3381 5659; x_wconf 76' lang='lat'>(1698</span> <span class='ocrx_word' id='word_1_847' title='bbox 3414 5583 3483 5643; x_wconf 52' lang='lat' dir='ltr'>&#39;et</span> <span class='ocrx_word' id='word_1_848' title='bbox 3531 5583 3718 5663; x_wconf 73' lang='grc'>1724),</span> 
     </span>
    </p>
   </div>
   <div class='ocr_carea' id='block_1_111' title="bbox 344 5660 771 5719">
    <p class='ocr_par' dir='ltr' id='par_1_111' title="bbox 344 5660 771 5719">
     <span class='ocr_line' id='line_1_112' title="bbox 344 5660 771 5719; baseline 0.005 -2"><span class='ocrx_word' id='word_1_849' title='bbox 344 5660 682 5719; x_wconf 82' lang='grc' dir='ltr'>ποικούντων</span> <span class='ocrx_word' id='word_1_850' title='bbox 715 5664 771 5719; x_wconf 78' lang='grc' dir='ltr'>Β.</span> 
     </span>
    </p>
   </div>
  </div>
