4086 6216
218 413 307 473 233
1257 404 1787 469 CLEMENTINA.
1823 441 1899 451 —
1933 406 2259 469 HOMILIA
2305 407 2467 470 VIII.
3447 409 3565 469 234

214 539 446 613 ἄνθρωποι
503 534 798 612 γενόμενοι,
831 531 918 590 ἐπὶ
974 533 1227 606 πολιτείᾳ
1285 535 1496 591 πλείονι
1558 536 1683 597 τοὺς
1732 536 1805 598 εἷς

1950 537 2171 593 nultam
2203 539 2700 595 conversationem
2750 540 3078 611 redargutis
3137 541 3235 612 qui
3271 541 3330 596 in
3379 541 3565 597 Deum

212 630 335 684 αὐτὸν
366 628 813 702 ἀχαριστήσαντας
844 624 1149 700 ἐλέγξαντες
1191 625 1376 679 αὐτόθι
1422 630 1491 698 τῇ
1540 627 1656 680 κατ’
1699 626 1807 694 ἀξί-

210 741 255 772 αν
297 717 497 771 ἕκαστον
556 709 875 769 ὑποϐάλωσι
938 713 1200 787 τιμωρίᾳ.
1249 713 1441 769 Ὁπότε
1507 712 1598 768 οὖν
1654 715 1804 771 189

210 807 478 875 civicam-:5;
507 798 721 870 ἔλαϐον,
750 803 887 875 πρὸς
916 808 1085 857 πᾶσαν
1118 801 1337 865 ἑαυτοὺς
1398 798 1732 876 μετέϐαλλον
1764 805 1809 840 ⁸³

211 896 352 971 ᾳῦσιν,
404 894 492 947 ἅτε
564 888 942 967 θειωδεστέρας
1015 886 1164 953 ὄντες
1220 891 1403 954 οὐσίας
1462 891 1554 947 καὶ
1612 888 1809 967 ῥᾳδίως

211 985 316 1058 πρὸς
355 984 517 1036 πάντα
566 980 984 1055 μετατρέπεσθαι
1051 977 1361 1053 δυνάμενοι.
1413 981 1511 1036 Καὶ
1570 979 1809 1056 ἐγένοντο

212 1071 333 1136 λίθος
357 1071 547 1143 τίμιος,
598 1068 687 1123 καὶ
742 1069 1078 1145 μαργαρίτης
1134 1064 1519 1144 περίϐλεπτος,
1560 1067 1812 1146 πορφύρα

210 1182 255 1216 τε
277 1162 313 1214 εἰ
338 1160 485 1234 τύχοι
516 1157 811 1228 καλλίστη,
843 1157 932 1212 καὶ
963 1159 1163 1234 χρυσὸς
1194 1156 1430 1229 ἔνδοξος,
1458 1158 1548 1212 καὶ
1597 1164 1740 1212 πᾶσα
1768 1160 1813 1193 ’⁷ο

212 1249 493 1322 τολπίμιος
540 1246 670 1317 ὕλη.
704 1248 803 1301 Καὶ
851 1251 957 1301 τῶν
1008 1247 1103 1319 μὶν
1155 1246 1231 1309 εἰς
1270 1253 1481 1322 χεῖρας,
1512 1250 1619 1301 τῶν
1649 1244 1706 1300 δὲ
1736 1246 1813 1308 εἰς

212 1338 376 1393 κόλπον
406 1336 706 1406 ἐνέπιπτον,
738 1335 828 1389 καὶ
861 1336 948 1389 ὑπ’
978 1335 1152 1390 αὐτῶν
1204 1336 1414 1398 ἑκόντες
1464 1334 1811 1391 ἐκλέπτοντο.

212 1423 571 1482 Μετεϐἁλλοντο
628 1422 687 1479 δὲ
731 1423 820 1478 καί
870 1423 944 1486 εἷς
988 1423 1296 1499 τετράποδα
1340 1424 1426 1479 καὶ
1478 1424 1554 1486 εἰς
1596 1425 1814 1500 ἑρπετὰ,

219 1515 347 1584 νηκτᾶ
372 1536 424 1569 τε
448 1514 537 1568 καὶ
569 1512 875 1585 πτηνὰ,καὶ
907 1513 984 1575 εἰς
1010 1519 1111 1567 πᾶν
1145 1513 1277 1589 ὅπερ
1306 1512 1527 1582 ἤθελον.
1561 1515 1753 1567 ’Ἃτινα
1772 1516 1814 1550 ’τί

227 1605 289 1657 υἱ
329 1604 372 1657 οἱ
413 1604 537 1677 παρ’
570 1603 699 1675 ὑμῖν
750 1602 973 1672 ποιηταὶ
1019 1599 1246 1680 ἀφοϐίας
1296 1602 1441 1674 αίνίᾳ
1490 1603 1566 1663 ὡς
1626 1600 1814 1677 ἔτυχεν

225 1688 409 1758 ᾄδουσιν,
442 1689 516 1744 tv‘:
548 1690 596 1724 ⁷³
624 1686 809 1743 τοίνυν
834 1686 930 1749 τὰς
959 1689 1172 1744 πάντων
1221 1688 1435 1752 πολλὰς
1486 1688 1575 1745 καὶ
1627 1687 1816 1767 διαφό-

224 1798 313 1853 ρους
336 1776 561 1853 πράξεις’
580 1776 971 1851 ἀπονέμοντες.

272 1872 384 1924 XIII.
424 1865 576 1935 Πλὴν
625 1864 719 1921 ὅτε
768 1871 933 1921 ταῦτα
990 1866 1269 1941 γενόμενοι
1317 1867 1445 1930 τοὺς
1492 1865 1819 1940 διαρπάσαν-

218 1976 289 2016 τας
316 1954 489 2017 αὐτοὺς
530 1955 863 2017 πλεονέκτας
912 1953 1166 2031 ἤλεγξαν,
1198 1956 1286 2011 καὶ
1339 1957 1415 2019 είς
1460 1957 1560 2025 τὴν
1612 1957 1821 2033 ἀνθρώ-

218 2065 306 2099 πων
333 2044 468 2121 quam
494 2044 721 2106 ἑαυτοὺς
756 2038 1115 2117 μετέϐαλλον,
1148 2048 1214 2116 ⁷³,
1243 2044 1335 2099 ἵνα
1365 2046 1527 2108 ὁσίως
1568 2045 1824 2101 πολιτευ-

220 2136 397 2205 σάμενοι
444 2134 530 2188 καὶ
579 2133 648 2188 τὸ
700 2130 923 2187 δυνατὸν
967 2138 1066 2188 τοῦ
1116 2134 1498 2199 πολιτεύεσθαι
1562 2132 1825 2207 δείξαντες

218 2222 314 2283 τοὸς
364 2222 687 2298 ἀχαρίστους
719 2225 764 2258 ⁷⁸
805 2220 1048 2284 εὐθύναις
1096 2218 1465 2291 ὑποϐάλωσιν,
1498 2220 1684 2292 ἐπειδὴ
1734 2218 1825 2275 ὅν-

220 2331 297 2371 τως
331 2311 389 2364 τα
430 2313 601 2365 πάντα
650 2309 927 2387 ἄνθρωποι
979 2310 1221 2385 ἐγίνοντο
1269 2311 1358 2367 καὶ
1397 2314 1497 2381 τήν
1540 2311 1826 2385 ἐπιθυμίαν

222 2396 343 2474 ἔτιον
383 2401 473 2469 τήν
522 2399 896 2474 ἂνθρωπίνην,
935 2400 1039 2454 ὑπὸ
1085 2400 1288 2471 ταύτης
1335 2401 1699 2477 κρατούμενοι
1750 2400 1829 2463 εἷς

220 2492 439 2560 γυναικῶν
474 2488 619 2560 μῖξιν
655 2484 913 2561 ὤλισθον,
934 2491 1018 2550 αἶς
1046 2489 1451 2562 συμπλακέντες
1480 2490 1567 2545 καὶ
1608 2492 1831 2563 μιασμῷ

223 2573 428 2649 παγέντες
453 2575 541 2629 καὶ
573 2582 681 2644 τῆς
712 2576 935 2651 πρώτης
971 2573 1255 2649 δυνάμεως
1278 2576 1557 2639 παντελῶς
1574 2578 1831 2640 κενωθέν,

313 2664 366 2715 1i
392 2662 448 2717 ἐκ
475 2664 652 2737 πυρὸς
683 2665 952 2739 τραπέντα
986 2664 1126 2738 μέλη
1165 2665 1239 2727 εἷς
1286 2667 1347 2721 τὸ
1399 2671 1613 2742 πρῶτον
1655 2666 1829 2721 αὐτῶν

235 2757 300 2817 τῆς
323 2753 361 2786 7⁸
386 2749 517 2813 ἰδίας
548 2752 763 2830 φύσεως
783 2752 1040 2824 ἀμίαντον
1069 2760 1483 2830 μετασυγκρῖναι
1506 2754 1606 2809 οὐκ
1626 2754 1834 2829 ἐξίσχυ-

240 2839 416 2912 σεν.Τῷ
442 2840 541 2917 γὰρ
580 2840 737 2916 βάρει
768 2846 846 2913 τῷ
879 2842 982 2896 ὑπὸ
1024 2849 1127 2912 τῆς
1176 2841 1467 2916 ἐπιθυμίας
1517 2842 1595 2905 εἲς
1642 2844 1831 2920 σάρκα,

238 2924 601 2999 τελεῆσαντος
638 2929 804 2983 αὐτοῦ
828 2935 925 2984 τοῦ
954 2933 999 2967 ⁷⁸
1027 2932 1328 3007 πυρὸς,τήν
1354 2927 1646 2987 ἀσεϐοῦσαν
1673 2930 1837 2987 ὥδευ-

238 3036 301 3069 m
342 3015 453 3072 ὁδὸν
498 3020 675 3073 κάτω·
728 3018 925 3093 σαρκὸς
966 3020 1069 3094 γὰρ
1117 3019 1270 3075 αὐτοὶ
1328 3017 1548 3094 δεσμοῖς
1596 3018 1834 3091 πεπεδη-

234 3104 353 3173 μένοι
392 3108 540 3164 190
577 3105 947 3181 κατέσχηνται
972 3110 1015 3144 ⁷⁷
1046 3107 1135 3162 καὶ
1188 3107 1434 3187 ίσχυιρῶς
1485 3106 1743 3178 δέδενται,
1774 3108 1837 3163 οὗ

228 3190 365 3249 ἕνεκεν
392 3194 462 3257 εἷς
492 3194 762 3271 οὐρανοὺς
792 3194 1033 3251 ἀνελθεῖν
1062 3195 1238 3252 οὐκέτι
1266 3195 1618 3269 ἐδυνήθησαν.

1912 628 2127 699 ingrati
2158 628 2407 694 fuerant,
2459 628 2764 683 confestim
2810 645 3295 701 unumquemque
3352 630 3559 685 merito

1915 715 2213 772 efﬁcerent
2260 716 2567 789 supplicio.
2603 718 2843 783 Quando
2883 717 3061 789 igitur
3087 719 3242 789 quod
3282 718 3570 790 petierant

1917 809 2287 876 acceperunt,
2310 805 2370 859 in
2392 820 2626 860 omnem
2650 821 2711 859 se
2733 810 3038 861 mutarunt
3059 811 3348 877 naturam,
3379 807 3565 879 utqui

1918 892 2219 948 divinioris
2261 898 2454 948 essent
2510 893 2876 962 substantias,
2935 894 3218 965 facileque
3248 895 3307 949 in
3369 894 3568 951 omnia

1918 985 2156 1053 possent
2194 982 2466 1036 converti.
2520 985 2585 1036 Et
2615 980 2749 1037 facti
2782 985 2922 1037 sunt
2949 980 3097 1053 lapis
3156 982 3472 1053 pretiosus,
3504 988 3563 1039 et

1922 1070 2235 1143 margarita
2267 1070 2597 1142 conspicua,
2630 1075 2689 1125 et
2735 1086 2992 1142 purpura
3026 1070 3075 1126 si
3108 1087 3232 1142 quea
3293 1070 3564 1142 pulcher-

1922 1158 2090 1226 rima,
2123 1162 2179 1213 et
2203 1175 2409 1214 aurum
2439 1158 2686 1230 insigne,
2719 1175 2783 1213 ac
2820 1158 3012 1213 omnis
3043 1159 3355 1231 magniﬁca
3378 1164 3567 1215 mate-

1923 1248 2029 1303 ria.
2061 1249 2245 1319 Atque
2276 1248 2334 1302 in
2367 1246 2613 1303 aliorum
2650 1247 2886 1319 quidem
2920 1264 3153 1311 manus,
3203 1248 3261 1302 in
3312 1246 3566 1303 aliorum

1923 1352 2055 1392 vero
2080 1337 2275 1392 sinum
2310 1336 2658 1401 inciderunt,
2692 1342 2750 1391 et
2780 1337 2852 1391 ab
2878 1335 2949 1391 iis
2992 1341 3201 1408 sponte
3261 1336 3567 1408 rapieban-

1923 1430 2037 1480 tur.
2089 1426 2199 1481 Sed
2250 1430 2307 1479 et
2355 1426 2724 1481 tranformati
2756 1430 2896 1480 sunt
2942 1424 3000 1479 in
3052 1426 3463 1497 quadrupedes
3514 1428 3573 1481 et

1923 1520 2242 1586 serpentes,
2277 1514 2464 1585 pisces
2490 1520 2547 1569 et
2591 1531 2744 1581 aves,
2778 1530 2845 1569 ac
2877 1514 2935 1568 in
2996 1515 3387 1586 quodcunque
3418 1514 3567 1569 vole-

1926 1602 2088 1658 bant.
2113 1602 2251 1666 Quaa
2271 1602 2444 1658 vestri
2476 1602 2652 1657 etiam
2702 1607 2905 1674 poetae,
2940 1604 3095 1673 quod
3130 1602 3275 1658 nihil
3307 1602 3575 1671 timeant,

1928 1706 2029 1762 pro
2058 1690 2224 1747 libito
2270 1695 2513 1756 canunt,
2546 1690 2648 1746 uni
2707 1707 2918 1763 nempe
2969 1692 3235 1748 omnium
3285 1691 3472 1747 multa
3519 1694 3575 1747 et

1926 1779 2089 1836 varia
2118 1796 2293 1851 opera
2324 1780 2667 1836 tribuentes.

2003 1868 2150 1924 XIII.
2184 1868 2467 1924 Caeterum
2500 1869 2734 1939 quando
2774 1869 2896 1925 hinc
2932 1868 3064 1924 facti
3125 1873 3386 1940 raptores
3437 1884 3576 1924 suos

1934 1973 2136 2013 avaros
2169 1957 2573 2023 ostenderunt,
2600 1961 2657 2012 et
2685 1956 2745 2012 in
2775 1956 3084 2013 hominum
3126 1963 3396 2013 naturam
3446 1972 3574 2013 mu-

1934 2050 2203 2101 taverunt
2230 2062 2313 2111 se,
2340 2062 2454 2116 quo
2475 2050 2673 2101 sancte
2701 2046 2961 2101 viventes
2989 2050 3046 2101 et
3072 2046 3251 2102 vitam
3310 2049 3575 2102 sanctam

1934 2148 2063 2189 esse
2093 2132 2433 2204 possibilem
2465 2139 2857 2190 monstrantes
2878 2135 3137 2206 ingratos
3158 2134 3345 2205 poenis
3366 2133 3579 2189 subde-

1936 2226 2103 2278 rent:
2134 2220 2430 2293 quoniam,
2456 2221 2719 2292 inquam,
2752 2238 2883 2277 vere
2909 2223 3148 2278 omnino
3173 2222 3441 2277 homines
3463 2221 3581 2277 exi-

1938 2310 2171 2367 stebant
2199 2315 2256 2365 et
2276 2310 2568 2365 habebant
2588 2310 3120 2382 concupiscentiam
3152 2311 3494 2377 humanam,
3510 2310 3584 2365 ab

1938 2416 2006 2455 ea
2036 2398 2333 2470 subjugati
2366 2398 2425 2453 in
2458 2399 2808 2455 feminarum
2840 2400 3213 2455 concubitum
3249 2399 3398 2470 lapsi
3421 2401 3583 2467 sunt,

1940 2488 2157 2559 quibus
2186 2488 2500 2553 commisti,
2532 2492 2587 2544 et
2618 2487 2848 2559 piaculo
2870 2488 3103 2559 conﬁxi,
3130 2492 3304 2559 atque
3334 2505 3367 2542 a
3398 2487 3587 2559 prima

1939 2576 2151 2632 virtute
2181 2576 2403 2631 vacuati
2439 2576 2693 2648 penitus,
2743 2593 2811 2632 ex
2841 2578 2973 2648 igne
3012 2592 3290 2632 conversa
3321 2576 3587 2631 membra

1942 2666 2001 2720 in
2028 2665 2279 2737 primam
2305 2669 2524 2720 natura)
2547 2683 2667 2720 sum
2690 2666 3003 2737 puritatem
3032 2683 3146 2721 non
3169 2664 3477 2720 valuerunt
3502 2664 3587 2719 in-

1943 2758 2227 2810 staurare.
2256 2757 2401 2809 Nam
2434 2770 2537 2825 per
2565 2755 2797 2825 pondus
2821 2770 2891 2810 ex
2919 2754 3139 2810 carnali
3172 2753 3584 2825 concupiscen-

1944 2844 2024 2899 tia
2055 2847 2271 2907 ortum,
2306 2843 2435 2914 ipso
2466 2843 2600 2915 igne
2646 2843 2970 2909 desinente,
3004 2858 3108 2915 per
3156 2842 3400 2915 impiam
3432 2840 3587 2896 viam

1945 2931 2097 2986 infra
2126 2931 2511 2987 incesserunt.
2545 2930 2870 3001 Siquidem,
2921 2932 3114 2987 carnis
3156 2930 3404 2986 vinculis
3426 2946 3584 2985 com-

1945 3019 2149 3093 pediti,
2182 3019 2400 3075 detenti
2432 3024 2571 3075 sunt
2600 3036 2667 3074 ac
2688 3019 2912 3075 fortiter
2943 3019 3128 3093 ligati,
3162 3024 3401 3093 propter
3432 3017 3588 3090 quod

1946 3124 2062 3165 non
2085 3111 2401 3180 potuerunt
2432 3106 2689 3179 amplius
2718 3107 2777 3163 in
2800 3108 2975 3165 cmlos
3006 3110 3340 3165 ascendere.

282 3282 398 3339 XIV.
451 3286 598 3339 Μετὰ
660 3284 763 3359 γὰρ
820 3284 1124 3352 συνουσίαν,
1155 3286 1184 3339 ’ὀ
1232 3288 1275 3322 ⁷⁸
1329 3288 1392 3341 τὸ
1448 3290 1663 3363 πρῶτον
1723 3285 1835 3361 ἐγί-

2023 3284 2167 3340 XIV.
2201 3284 2429 3340 Etenim
2454 3288 2585 3356 post
2601 3284 3001 3356 concubitum,
3034 3286 3187 3359 quod
3205 3289 3338 3341 ante
3369 3285 3601 3341 fuerant

229 3391 348 3426 νοντο
392 3374 774 3443 ἀπαιτηθέντες
819 3374 908 3428 καὶ
958 3381 1256 3451 παρασχεῖν
1320 3376 1513 3448 μηκέτι
1582 3373 1836 3446 δυνηθέν-

232 3478 310 3528 τες,
339 3457 416 3515 διὰ
440 3463 500 3516 τὸ
532 3462 682 3517 αλλο
713 3484 767 3517 τι
812 3463 946 3535 μετὰ
999 3465 1235 3537 μιασμὸν
1287 3464 1508 3528 ἑαυτοὺς
1540 3469 1585 3503 7°
1612 3472 1838 3535 ποιῆσαι

236 3549 291 3617 in]
315 3545 567 3621 δυνασθαι,
605 3551 850 3624 ἀρέσκειν
880 3572 939 3607 τε
968 3558 1083 3614 ταῖς
1131 3553 1429 3629 έρωμέναις
1490 3554 1840 3630 βουλόμενοι,

236 3635 528 3698 ἇνθ³έαυτῶν
570 3640 709 3702 τοὺς
752 3643 851 3710 τῆς
894 3648 998 3714 γῆς
1052 3640 1287 3715 μυελοὺς
1336 3641 1633 3715 ὑπέδειξαν,
1694 3644 1844 3719 λέγω

242 3720 280 3777 ξε
313 3724 371 3780 τὶ
411 3727 465 3783 ἐκ
515 3727 812 3801 μετάλλων
864 3728 1014 3800 ἄνθη,
1052 3730 1278 3806 χρυσὸν,
1329 3732 1561 3806 χαλκὸν,
1613 3731 1843 3809 ἄργυρον

246 3811 421 3889 ςῖἂηρον
463 3820 552 3871 καί
594 3819 669 3873 1i
718 3818 905 3891 ὅμοια,
950 3818 1042 3873 σὺν
1090 3824 1207 3881 τοῖς
1250 3820 1603 3892 τιμιωτάτοις
1652 3822 1847 3876 ἅπασιν

243 3897 396 3965 λίθοις.
432 3906 532 3960 Σὺν
580 3907 801 3969 τούτοις
832 3905 888 3962 δὲ
924 3913 1038 3970 τοῖς
1092 3913 1427 3984 μαγευθεῖσιν
1460 3912 1505 3947 ⁸ο
1548 3909 1719 3972 λίθοις
1760 3909 1851 3965 καὶ

244 3990 315 4051 τὶς
353 3994 536 4069 τέχνας
583 4001 697 4050 τῶν
765 3997 899 4070 πρὸς
963 3993 1157 4051 ἕκαστα
1224 3999 1557 4074 πραγμάτων
1619 3996 1851 4074 παρέδο-

248 4097 316 4131 σαν
348 4083 406 4153 ⁸⁸,
436 4089 522 4138 καὶ
574 4084 803 4159 μαγείαν
853 4083 1220 4156 συνυπέδειξαν
1268 4089 1314 4123 ⁸³
1354 4088 1444 4141 καὶ
1494 4087 1853 4164 ἀστρονομίαν

250 4164 468 4243 ἐδίδαξαν,
519 4170 781 4244 δυνάμεις
830 4194 890 4227 τε
936 4173 1098 4247 ῥιζῶν
1147 4176 1238 4229 καὶ
1282 4174 1381 4230 ὅσα
1428 4177 1559 4231 ποτὶ
1619 4176 1722 4231 ὑπὸ
1769 4177 1859 4230 ἆν-

252 4255 487 4331 ίὶρωπίνης
519 4261 732 4323 ἐννοίας
782 4262 1058 4337 εὑρεθῆναι
1105 4262 1388 4334 ἀδύνατον,
1422 4261 1501 4320 ἔτι
1549 4262 1607 4319 δὲ
1652 4268 1863 4340 χρυσοῦ

254 4344 319 4397 ιιιέ
344 4348 564 4425 ἀργύρου
596 4352 690 4405 καὶ
722 4355 827 4404 τῶν
861 4350 1070 4423 ὁμοίων
1098 4351 1279 4428 χύσιν,
1312 4352 1407 4416 τάς
1444 4375 1503 4409 τε
1549 4359 1655 4408 τῶν
1707 4352 1865 4424 ἐσθη-

256 4438 335 4487 τῶν
380 4438 422 4472 ⁸⁸
473 4437 738 4501 ποικίλας
795 4439 989 4517 βαφάς.
1041 4440 1139 4496 Καὶ
1197 4440 1348 4496 πάνθ’
1408 4439 1619 4513 ἁπλῶς,
1668 4439 1868 4515 ὅσαπερ

258 4525 363 4596 πῖθδς
432 4527 647 4601 κόσμου
704 4528 793 4582 καὶ
844 4529 1085 4603 τέρψεώς
1140 4529 1251 4585 ἐστι
1312 4535 1600 4608 γυναικῶν,
1656 4535 1763 4585 τῶν
1822 4529 1875 4584 έν

262 4614 383 4687 σαρκὶ
413 4613 672 4681 δεθέντων
702 4614 972 4689 δαιμόνων
1002 4615 1142 4673 ἐστὶν
1177 4619 1458 4695 εὑρήματα
1486 4621 1551 4678 ⁸⁸.

315 4704 415 4758 XV.
469 4706 561 4759 Ἐκ
610 4704 671 4760 δὲ
726 4712 828 4775 τῆς
883 4706 1039 4761 νόθου
1100 4708 1297 4780 μίξεως
1364 4708 1538 4764 αὐτῶν
1598 4707 1872 4785 ἄνθρωποι

265 4785 468 4862 ἐγένοντο
495 4794 666 4863 νόθοι,
698 4792 899 4867 πολλῷ
926 4816 988 4871 γε
1026 4799 1131 4850 τῶν
1192 4796 1491 4869 ἀνθρώπων
1540 4798 1674 4851 κατὰ
1720 4817 1880 4870 κορυ-

266 4879 351 4951 οήν
407 4882 639 4955 μείζους,
699 4882 789 4944 οὓς
841 4884 895 4937 οἱ
942 4886 987 4920 ⁸⁵
1020 4883 1154 4955 μετᾶ
1181 4889 1347 4939 ταῦτα
1376 4883 1628 4959 γίγαντας
1660 4884 1882 4958 ὠνόμα-

271 4984 363 5036 σαν,
410 4968 468 5021 οὐ
514 4968 908 5045 ρακοντόποδες
988 4968 1136 5034 ὄντες
1184 4973 1273 5026 καὶ
1312 4974 1448 5048 πρὸς
1480 4973 1606 5027 Θεὸν
1638 4971 1883 5044 πόλεμον

272 5052 521 5131 ἀράμενοι,
574 5060 652 5121 ὡς
694 5061 746 5115 οἱ
808 5059 1128 5137 βλάσφημοι
1186 5065 1292 5115 τῶν
1350 5059 1637 5131 Ἐλλήνων
1696 5058 1889 5131 ᾅδουσι

279 5144 432 5216 μῖιθοι,
478 5145 623 5202 ἀλλὰ
678 5146 969 5224 θηριώδεις
1026 5149 1118 5203 τὸν
1167 5148 1390 5225 τρόπον,
1421 5147 1509 5203 καὶ
1543 5147 1759 5223 μείζους
1796 5150 1890 5222 μὶν

1950 3378 2206 3446 repetere
2229 3373 2381 3444 jussi
2418 3390 2524 3429 nec
2556 3372 2810 3445 amplius
2830 3374 3086 3430 valentes
3118 3378 3411 3446 praastare,
3444 3389 3596 3444 quo-

1949 3463 2109 3519 niam
2142 3461 2300 3517 aliud
2333 3479 2447 3517 non
2486 3466 2751 3533 poterant
2782 3467 2915 3535 post
2965 3463 3474 3535 inquinamentum
3510 3462 3593 3517 fa-

1951 3568 2077 3608 cere
2108 3556 2166 3607 et
2207 3550 2496 3606 adamatis
2524 3550 2869 3606 mulieribus
2894 3550 3118 3623 placere
3148 3552 3467 3623 cupientes,
3490 3566 3595 3622 pro

1953 3658 2015 3697 se
2046 3640 2192 3712 ipsis
2223 3639 2445 3695 viscera
2482 3644 2648 3694 terra;
2682 3641 3087 3707 ostenderunt,
3108 3642 3303 3709 decus,
3327 3640 3595 3710 inquam,

1956 3729 2350 3794 metallorum,
2381 3745 2612 3795 aurum,
2645 3746 2741 3795 aes,
2766 3734 3094 3800 argentum,
3119 3730 3336 3784 ferrum
3354 3734 3410 3783 et
3439 3728 3598 3783 simi-

1954 3818 2053 3885 lia,
2086 3834 2220 3872 cum
2252 3816 2526 3872 omnibus
2557 3816 2825 3887 pretiosis
2852 3817 3166 3889 lapidibus.
3200 3817 3343 3873 Cum
3376 3817 3469 3871 his
3492 3833 3597 3871 au-

1957 3912 2076 3963 tem
2112 3904 2489 3977 praestigiosis
2535 3905 2764 3978 gemnis
2818 3906 3256 3962 tradideruntet
3312 3910 3467 3962 artes
3525 3906 3599 3962 ad

1963 3994 2192 4067 singula
2223 3994 2595 4066 pertinentes,
2628 3998 2684 4049 et
2714 3997 2969 4067 magicas
3000 3995 3275 4050 scientias
3307 3998 3600 4050 monstra-

1963 4089 2191 4150 verunt,
2224 4087 2277 4138 et
2309 4082 2728 4138 astronomiam
2760 4084 3102 4149 docuerunt,
3135 4084 3272 4139 item
3330 4083 3604 4154 stirpium

1966 4174 2142 4238 vires,
2171 4189 2276 4227 nec
2306 4188 2422 4226 non
2455 4188 2816 4243 quacunque
2848 4172 3107 4228 humana
3164 4187 3329 4227 mens
3361 4189 3475 4227 non
3510 4188 3611 4243 po-

1971 4262 2184 4318 tuisset
2212 4260 2491 4327 invenire,
2524 4260 2716 4317 adhuc
2745 4266 2804 4316 et
2834 4261 2958 4316 auri
2991 4262 3332 4334 argentique
3360 4277 3427 4317 ac
3456 4260 3618 4316 simi-

1973 4350 2120 4406 lium
2154 4350 2465 4416 fusionem,
2498 4354 2671 4420 atque
2698 4348 2948 4405 vestium
2994 4349 3251 4405 diversas
3306 4350 3616 4405 tincturas.

1981 4438 2237 4509 Denique
2260 4437 2459 4492 omnia
2478 4454 2874 4509 prorsus,quaa
2894 4439 2966 4494 ad
2996 4443 3265 4493 ornatum
3288 4442 3347 4494 et
3362 4438 3621 4493 oblecta-

1979 4527 2198 4583 tionem
2231 4525 2549 4582 mulierum
2581 4530 2865 4599 spectant,
2893 4527 3223 4583 daemonum
3255 4526 3315 4581 in
3346 4542 3518 4582 carne
3547 4524 3626 4579 li-

1905 4640 1953 4704 D
1984 4619 2251 4704 gatorum
2284 4614 2703 4704 suntfinventa.

2054 4703 2168 4761 XV.
2206 4705 2284 4759 Ex
2310 4703 2639 4759 adulterina.
2671 4708 2866 4759 autem
2924 4703 3160 4759 illarum
3220 4702 3634 4775 conjunctione

1991 4792 2111 4849 nati
2143 4797 2281 4848 sunt
2310 4792 2577 4848 homines
2599 4792 2805 4865 spurii,
2831 4792 3014 4849 multo
3037 4792 3377 4848 hominibus
3409 4795 3637 4847 statura

1994 4882 2269 4953 majores,
2302 4898 2449 4952 quos
2482 4885 2683 4953 postea
2710 4881 2976 4953 gigantes
3026 4881 3487 4947 nominaverunt,
3520 4895 3638 4934 non

1998 4971 2358 5043 anguipedes
2388 4974 2445 5025 et
2474 4971 2753 5025 adversus
2810 4970 2992 5025 Deum
3026 4969 3246 5025 bellum
3307 4968 3515 5037 adorti,
3571 4970 3638 5021 ut

2001 5060 2193 5132 impias
2224 5059 2553 5115 Graicorum
2586 5060 2898 5114 decantant
2929 5059 3157 5128 fabulae,
3191 5059 3289 5113 sed
3334 5057 3435 5112 feri
3466 5053 3641 5111 mori-

2004 5149 2117 5204 bus
2146 5152 2203 5204 et
2231 5147 2571 5203 hominibus
2597 5148 2835 5219 quidem
2876 5146 3029 5202 mole
3080 5146 3341 5219 corporis
3372 5145 3647 5215 majores,

1598 5301 1845 5358 VARIIE
1885 5300 2296 5358 LECTIONES.

342 5422 381 5457 "
410 5419 691 5503 μετέϐαλον
751 5431 809 5483 C.
912 5428 956 5464 7°
1003 5425 1227 5503 115350.
1304 5426 1513 5503 ’ξιηόίςπερ
1540 5426 1855 5503 9._Pos_tea
1885 5425 2174 5503 cleodem
2228 5420 2393 5503 αἰτία,
2426 5429 2495 5503 ut
2542 5422 2724 5503 voluit
2890 5419 3063 5476 αίτίαν
3123 5423 3350 5503 vulgo."
3381 5418 3440 5503 1’
3470 5436 3573 5503 ενει
3605 5415 3650 5476 Ο

289 5491 479 5569 absque
508 5499 709 5567 spiritu
743 5504 799 5553 et
834 5505 1093 5553 accentu.
1126 5500 1171 5534 ⁷⁸
1206 5491 1503 5569 μετέϐαλον
1531 5498 1592 5552 C.
1626 5499 1671 5533 τι
1699 5500 1849 5554 Vbb.
1884 5493 2145 5569 δείξαντες
2170 5493 2296 5569 τοὺς
2330 5491 2667 5569 ἀχαρίστους
2688 5495 3093 5569 desiderantur
3122 5494 3275 5569 in_0.
3307 5493 3352 5527 ⁷⁵
3381 5492 3653 5569 Men-dum

290 5564 371 5641 ξῆν
458 5562 604 5641 male
633 5570 897 5625 attribuit
926 5562 1254 5641 Cotelerio'r:
1287 5574 1479 5625 exstat
1510 5588 1603 5641 ap.
1637 5570 1718 5624 Cl.
1795 5568 1839 5641 ’ξε
1869 5562 2043 5641 αὐτῶν
2080 5569 2139 5623 C.
2188 5568 2259 5641 _77
2289 5562 2701 5641 mgtxomhc.
2778 5566 2940 5641 7°_Ita
2962 5566 3031 5641 __O
3082 5570 3139 5620 et
3181 5566 3225 5641 _C
3272 5580 3341 5619 ex
3375 5562 3658 5641 conject”

293 5628 459 5715 ξξξὶᾀ.
516 5640 573 5715 in
630 5646 805 5715 te§tu.
828 5641 947 5715 μη,
984 5638 1175 5715 αὐτούς
1344 5642 1392 5715 ἐξ)
1424 5628 1734 5715 μεγεύθεῖσι
1784 5640 1863 5715 0._
1926 5640 1972 5715 :1
2012 5641 2122 5715 _lta
2169 5638 2222 5715 ρ
2280 5654 2332 5715 c_.
2361 5628 2788 5712 8.,”παρέδωσαν
2820 5636 2882 5696 C.
2958 5636 3005 5685 ⁸³
3033 5633 3257 5711 μαγείτ-ῖς
3294 5628 3565 5702 υπέδειξαν
3599 5628 3661 5694 α

293 5702 332 5740 ³³
357 5702 656 5781 ἐσθημεὶθων
685 5712 750 5769 0.
824 5712 871 5746 “
900 5710 1167 5788 εὑρέματα
1195 5711 1261 5769 0.
1336 5714 1381 5749 ⁸⁵
1409 5702 1461 5767 ὁὶ
1491 5702 1712 5770 ἱήεθωί
1743 5729 1795 5770 0.
1828 5712 1894 5769 Ο.
1927 5711 2071 5768 Dein
2100 5712 2263 5765 τοῦτο
2292 5708 2355 5767 C.

555 5838 811 5905 Ριτιιοι..
858 5838 970 5906 Gn.
1013 5837 1093 5907 ll.

3354 5832 3395 5921 β

3968 1618 3985 1663 'J

3968 1660 3987 1777 ἓ

3970 1796 3991 1927 ’ἦ
