4086 6216
364 424 480 485 235
1190 417 1255 480 S.
1302 416 1745 481 CLEMENTIS
1794 416 1814 479 Ι
1864 412 2051 480 BOM.
2099 414 2327 478 PONT.
2372 414 2632 478 OPERA
2676 416 2942 481 DUBIA.
3034 476 3037 477 ,
3652 419 3774 484 236

364 559 565 626 utpote
593 569 660 607 ex
690 548 912 623 angelis
941 549 1073 618 orti,
1108 550 1329 623 angelis
1356 566 1490 606 vero
1524 550 1798 620 minores,
1838 553 1903 603 ut
1932 565 2001 604 ex

2119 547 2412 621 ἀνθρώπων
2444 546 2510 600 τά
2550 548 2773 622 μεγέθη,
2807 545 3025 624 ἐπείπερ
3085 547 3136 619 ἐξ
3196 545 3435 625 ἀγγέλων
3498 548 3768 627 ἐγένοντο,

366 642 600 698 feminis
629 640 831 713 geniti.
871 638 1025 695 Deus
1072 655 1229 711 ergo,
1263 656 1463 695 cernes
1511 638 1642 696 illos
1701 640 1772 695 ad
1806 637 2003 693 ferita-

2119 633 2365 709 ἀγγέλων
2394 638 2540 692 191
2580 633 2638 690 δὲ
2667 634 2945 703 ἐλάττους,
2981 636 3200 713 ἐπείπερ
3254 637 3311 693 ἐκ
3343 645 3611 714 γυναικῶν
3672 665 3766 718 γε·

365 737 483 787 tem
514 734 905 801 exasperatos,
930 727 1263 800 quibusque
1294 730 1365 783 ad
1398 728 1724 783 satietatem
1746 727 2004 782 mundus

2119 724 2333 799 γένηντο
2362 726 2426 780 ⁸⁸.
2459 725 2516 777 Ὀ
2546 722 2637 778 οὗν
2671 725 2819 797 Θεὸς,
2854 723 3013 788 εἰδὼς
3050 726 3240 789 αὐτοὺς
3287 730 3422 804 πρὸς
3458 730 3518 785 τὸ
3567 732 3764 806 θηριῶ-

368 835 489 875 non
518 817 812 874 sufﬁceret
839 819 1000 887 (nam
1045 816 1115 871 ad
1147 815 1451 871 hominum
1486 815 1917 888 proportionem
1951 816 2004 870 et

2119 807 2199 872 δες
2229 809 2683 887 ἐξηγριωμένους,
2714 813 2805 867 καὶ
2854 813 2990 888 πρὸς
3036 815 3134 883 τὴν
3183 815 3382 871 ἑαυτῶν
3433 814 3756 891 πλησμονὴν

366 909 439 963 ad
469 924 614 963 usus
640 907 932 962 humanos
955 904 1225 961 conditus
1250 909 1340 961 est
1364 904 1566 975 orbis),
1590 922 1663 960 ne
1682 905 1867 959 victus
1889 904 2004 958 ino-

2119 898 2204 953 τὸν
2260 899 2465 972 κόσμον
2522 899 2619 955 οὐκ
2674 896 2902 976 ἔχοντας
2932 905 2975 939 ⁸⁷
3005 906 3120 977 (14)
3151 904 3388 976 αὐτάρκη
3444 908 3603 982 (πρὸς
3660 911 3762 984 γὰρ

362 996 459 1068 pia
480 997 551 1052 ad
584 999 804 1051 naturae
833 998 1257 1066 repugnantem
1288 1009 1455 1049 esum
1493 992 1837 1049 animalium
1868 1008 2003 1047 con-

2119 986 2414 1063 ἀνθρώπων
2468 988 2754 1065 ἀναλογίαν
2806 987 3221 1068 ἐδημιουργήθη
3271 993 3361 1048 καί
3419 1002 3620 1071 χρῆσιν
3672 997 3764 1052 ἀν-

365 1085 515 1141 versi
558 1084 822 1140 insontes
854 1100 980 1139 esse
995 1083 1349 1152 viderentur,
1383 1082 1551 1154 quasi
1572 1081 1631 1137 id
1654 1098 1719 1138 ex
1752 1080 2004 1137 necessi-

2119 1074 2438 1152 θρωπίνην),
2494 1076 2587 1132 ’ίνα
2647 1080 2721 1152 μή
2784 1078 2956 1152 ἐνδείᾳ
3004 1089 3215 1159 τροφῆς
3244 1085 3287 1119 ⁸⁸
3318 1082 3405 1138 ἐπὶ
3462 1087 3562 1153 τὴν
3621 1089 3771 1162 παρὰ

365 1177 485 1231 tate
516 1174 818 1240 auderent,
850 1171 967 1228 illis
1000 1176 1149 1227 Deus
1179 1171 1549 1243 omnipotens
1589 1187 1805 1226 manna
1859 1168 2004 1240 pluit

2119 1163 2270 1242 φύσιν
2303 1170 2409 1220 τῶν
2445 1168 2595 1235 ζώων
2633 1168 2796 1245 βορὰν
2840 1169 3165 1244 τρεπόμενοι
3212 1171 3491 1227 ἀνεύθυνοι
3536 1172 3769 1230 δοκῶσιν

366 1277 434 1318 ex
462 1262 621 1317 varia
650 1260 989 1333 cupiditate,
1024 1265 1197 1331 atque
1237 1260 1397 1316 omni
1458 1260 1784 1315 desiderato
1844 1257 2004 1313 fruiti

2119 1252 2269 1326 εἶναι,
2302 1254 2376 1316 ὡς
2410 1251 2479 1309 δι’
2508 1255 2741 1333 ἀνάγκην
2781 1263 2942 1313 τοῦτο
2989 1258 3416 1332 τετολμηκότες,
3454 1262 3624 1337 μάννα
3670 1265 3769 1320 αύ-

366 1355 542 1418 sunt;
575 1355 634 1406 at
690 1349 796 1418 illi,
855 1349 926 1405 ob
964 1349 1227 1422 spuriam
1251 1352 1518 1403 naturam
1555 1364 1699 1420 puro
1731 1346 1859 1402 cibo
1890 1362 2004 1401 non

2119 1346 2231 1404 τοῖς
2262 1344 2293 1398 ὁ
2322 1341 2736 1419 παντοδύναμος
2767 1349 2897 1410 Θεὸς
2931 1343 3274 1424 ἐπώμϐρισεν
3305 1352 3352 1388 ⁸9
3400 1350 3460 1406 ἐκ
3508 1351 3774 1424 ποικίλης

365 1438 850 1507 delectati,solum
868 1436 1171 1509 sanguinis
1183 1441 1355 1509 gustu
1366 1454 1423 1492 m
1436 1437 1804 1510 appetebant.
1824 1434 2011 1499 Quare

369 1532 426 1584 et
454 1527 627 1600 primi
660 1543 864 1584 carnes
890 1528 1297 1599 degustarunt.

449 1793 589 1850 XVI.
625 1793 732 1858 Qui
755 1809 888 1850 vero
915 1808 1049 1849 cum
1078 1791 1195 1848 illis
1244 1792 1532 1864 degebant
1551 1790 1840 1861 homines,
1870 1791 2012 1845 tunc

372 1883 628 1955 primum
659 1883 814 1937 idem
846 1880 1214 1937 aemulatione
1258 1881 1415 1936 ducti
1475 1880 1753 1935 fecerunt.
1784 1882 1871 1934 Ita
1922 1877 2011 1933 vel

368 1972 504 2027 boni
521 1970 608 2027 vel
631 1971 769 2026 mali
790 1987 905 2026 non
929 1969 1246 2034 nascimur,
1266 1968 1364 2024 sed
1387 1968 1562 2023 fimus
1591 1993 1604 2035 ;
1624 1971 1681 2022 et
1700 1965 2011 2022 assuefacti

367 2062 466 2117 vix
496 2060 867 2116 retrahimur.
892 2064 1069 2115 Porro
1098 2074 1233 2114 cum
1263 2057 1446 2113 bruta
1496 2055 1824 2112 animantes
1872 2059 2013 2111 tunc

366 2149 698 2215 deﬁcerent,
732 2147 893 2203 nothi
925 2147 1191 2203 homines
1237 2146 1414 2202 etiam
1446 2144 1736 2200 humanas
1766 2145 2014 2200 ederunt

365 2253 600 2295 carnes:
624 2253 739 2292 non
763 2236 918 2292 enim
941 2236 1068 2307 jam
1098 2234 1268 2306 longe
1291 2234 1534 2289 aberant
1552 2249 1587 2288 a
1614 2231 1885 2287 violanda
1906 2249 2015 2288 sua

369 2342 556 2395 carne,
592 2326 691 2397 qui
720 2325 886 2397 prius
917 2324 977 2380 in
1008 2323 1139 2380 aliis
1168 2323 1476 2395 speciebus
1498 2337 1729 2378 carnem
1754 2324 2015 2392 gustave-

370 2419 519 2471 rant.

442 2502 613 2559 XVII.
646 2503 753 2558 Per
771 2501 1024 2558 multum
1056 2517 1188 2558 vero
1220 2500 1567 2573 sanguinem
1601 2500 1796 2556 fusum
1827 2516 2013 2571 purus

374 2607 471 2649 aer
516 2590 749 2665 impuro
800 2591 1048 2647 foedatus
1100 2607 1313 2662 vapore
1344 2595 1401 2645 et
1449 2589 1769 2646 insalubris
1827 2589 2014 2644 factus

372 2680 570 2753 ipsum
601 2680 893 2753 spirantes
918 2678 1168 2735 reddidit
1190 2678 1409 2735 morbis
1434 2678 1733 2749 obnoxios,
1767 2681 1832 2733 ut
1849 2678 2011 2733 dein-

372 2787 509 2842 ceps
532 2770 798 2825 homines
829 2768 1130 2825 immaturi
1178 2770 1562 2823 morerentur.
1594 2768 1769 2822 Terra
1814 2770 2010 2822 autem

372 2859 502 2916 ideo
519 2859 685 2915 valde
697 2858 922 2931 polluta
937 2862 1077 2913 tunc
1090 2857 1347 2929 primum
1366 2855 1642 2911 animalia
1652 2860 1936 2912 venenata
1956 2859 2012 2912 et

374 2950 643 3004 nocentia
688 2946 823 3005 fecit
867 2945 1131 3003 ebullire.
1163 2945 1399 3002 Cunctis
1430 2961 1565 3017 ergo
1596 2944 1668 3000 ad
1725 2945 2013 3000 deteriora

366 3040 602 3109 propter
630 3038 780 3092 feros
803 3037 1095 3091 daemones
1115 3035 1509 3107 vergentibus,
1543 3034 1696 3089 Deus
1728 3032 1860 3089 illos
1882 3036 2010 3089 tan-

367 3141 544 3197 quam
565 3126 789 3182 malum
816 3125 1169 3180 fermentum
1192 3122 1395 3179 tollere
1414 3121 1688 3189 decrevit,
1712 3138 1783 3177 ne
1805 3139 1839 3178 a
1858 3121 2008 3177 malo

365 3214 591 3272 semine
631 3231 734 3287 per
788 3214 999 3271 seriem
1051 3228 1415 3284 unaquaeque
1472 3215 1610 3267 aetas
1664 3210 2007 3283 praecedenti

2046 1926 2094 1991 B

2119 1431 2428 1506 ἐπιθυμίας,
2481 1432 2572 1488 καὶ
2628 1434 2829 1497 παντὸς
2891 1435 3057 1511 οὗπερ
3117 1432 3409 1493 ἐϐούλοντο
3465 1440 3770 1513 ἀπήλαυοψ

2118 1520 2172 1609 οἱ
2203 1517 2319 1609 δ’έο
2351 1521 2453 1576 ὑπὸ
2509 1521 2671 1586 νόθου
2727 1523 2961 1601 φύσεως,
2992 1524 3073 1597 τῷ
3123 1532 3343 1599 καθαρῷ
3396 1536 3499 1599 τῆς
3554 1537 3771 1609 τροφῆς

2119 1607 2220 1664 ούκ
2274 1608 2644 1685 ἀρεσκόμενοι,
2682 1611 2849 1685 μόνης
2902 1619 3003 1682 τῆς
3059 1618 3166 1669 τῶν
3226 1616 3471 1688 αἱμάτων
3530 1607 3772 1694 γεύσεως

2121 1694 2429 1773 ἐγλίχοντο.
2464 1699 2558 1754 Διὸ
2587 1700 2676 1755 καὶ
2706 1705 2915 1777 πρῶτοι
2948 1707 3158 1779 σαρκῶν
3190 1702 3491 1781 ἐγεύσαντο.

2192 1787 2333 1843 XVI.
2352 1787 2415 1840 Οἱ
2433 1784 2491 1842 δὲ
2522 1786 2613 1842 σὺν
2646 1788 2830 1851 αὐτοῖς
2862 1787 3141 1866 ἄνθρωποι
3162 1792 3224 1847 τὸ
3249 1791 3441 1866 ὅμοιον
3472 1793 3594 1851 τότε
3621 1800 3775 1873 πρῶ-

2120 1894 2211 1928 τον
2244 1880 2417 1930 ποιεῖν
2453 1876 2756 1947 ἐζήλωσαν.
2789 1877 2979 1940 Οὕτως
3012 1876 3117 1934 εἷ’τε
3146 1880 3333 1956 ἀγαθοὶ
3367 1880 3472 1938 εἶ’τε
3503 1886 3658 1941 κακοὶ
3709 1885 3773 1941 ού

2120 1964 2428 2038 γεννώμεθα
2457 1967 2524 2033 θί,
2558 1962 3016 2042 ἀλλάγινὸμεθα·
3058 1968 3147 2022 καὶ
3195 1968 3487 2035 ἐθισθέντες
3534 1970 3771 2030 δυσαπο-

2122 2053 2373 2115 σπάστως
2404 2050 2626 2128 ἔχομεν.
2653 2058 2768 2109 Τῶν
2803 2053 2860 2109 δὲ
2899 2053 3112 2131 ἀλόγων
3144 2059 3296 2127 ζώων
3324 2059 3447 2115 τότε
3484 2060 3771 2118 ἐπιλιπόν-

2119 2160 2250 2209 των,
2284 2142 2337 2196 οἱ
2364 2141 2515 2195 νόθοι
2546 2143 2817 2218 ἅνθρωποι
2848 2143 2937 2198 καὶ
2967 2144 3320 2221 ἀνθρωπίνων
3348 2154 3559 2225 σαρκῶν
3623 2150 3772 2229 ἐγεύ⁴

2121 2251 2281 2284 σαντο
2312 2233 2375 2302 9⁸,
2419 2230 2597 2286 οὒκέτι
2626 2232 2729 2306 γὰρ
2760 2231 2945 2294 αὐτοῖς
2974 2234 3040 2302 ἦν
3077 2235 3305 2309 μακρὰν,
3337 2238 3437 2306 τήν
3489 2237 3610 2310 ἴσην
3660 2239 3774 2296 δια-

2122 2320 2335 2397 φθεῖραι
2365 2320 2555 2395 σάρκα,
2588 2319 2850 2397 πρότερον
2880 2320 2929 2375 ἐν
2984 2322 3190 2392 ἑτέραις
3243 2330 3479 2403 μορφαῖς
3528 2327 3695 2398 αὐτῆς
3726 2332 3773 2366 ’³

2119 2407 2416 2482 γευσάμενο
2427 2430 2461 2465 ι.

2192 2498 2359 2554 XVII.
2393 2498 2513 2552 Ἐπὶ
2546 2495 2602 2552 δὲ
2630 2501 2698 2572 τῇ
2739 2497 2929 2571 πολλῇ⁹
2975 2503 3081 2555 τῶν
3140 2500 3385 2575 αἱμάτων
3436 2504 3584 2580 ῥύσει
3616 2507 3645 2563 ὁ
3676 2528 3772 2563 κα-

2121 2586 2280 2659 θαρὸς
2313 2586 2418 2662 ἀὴρ
2456 2586 2739 2663 ἀκαθάρτῳ
2772 2588 3120 2662 ἀναθυμιάσει
3177 2592 3422 2663 μιανθεῖς
3468 2594 3555 2649 καὶ
3609 2600 3772 2668 νοσήο

2123 2696 2215 2738 σας
2245 2674 2373 2738 τοὺς
2402 2675 2763 2739 ἀναπνεοντας
2796 2676 2953 2732 αὐτὸν
2996 2676 3255 2743 νοσώδεις
3316 2681 3671 2759 ἀπειργάζετο
3708 2690 3774 2756 ⁹⁴,

2121 2766 2195 2827 ὡς
2248 2764 2376 2826 τοὺς
2435 2766 2753 2838 ἀνθρώπους
2811 2764 3004 2821 λοιπὸν
3049 2768 3261 2844 ἀώρους
3292 2769 3669 2843 ἀποθνήσκειν.
3707 2776 3776 2833 *Η

2121 2850 2177 2908 δὲ
2232 2860 2301 2930 γῆ
2364 2852 2423 2908 ἐκ
2476 2852 2683 2907 τούτων
2738 2856 2892 2912 1θ2
2946 2853 3154 2933 σφόδρα
3214 2859 3495 2930 μιανθεῖσαι
3546 2867 3770 2937 πρῶτον

2116 2942 2242 2998 τότε
2297 2943 2364 2997 τὰ
2403 2937 2599 2997 ἷοϐό)α
2654 2941 2745 2997 καὶ
2804 2942 3104 3017 λυμαντικά
3156 2950 3268 3015 ζῶα
3320 2944 3618 3025 ἐξέϐρασεν.
3652 2957 3774 3008 Τῶν

2119 3030 2210 3086 οὖν
2243 3031 2456 3086 πάντων
2487 3031 2622 3107 πρὸς
2652 3031 2715 3085 τὸ
2745 3036 2932 3107 χεῖρον
2965 3034 3330 3109 χωρησάντων
3368 3035 3457 3092 διὰ
3483 3038 3614 3101 τοὺς
3665 3051 3773 3112 θη-

2119 3118 2335 3196 ριώδεις
2368 3118 2646 3193 δαίμονας,
2674 3120 2702 3175 ὁ
2755 3121 2886 3183 Θεὸς
2916 3120 3108 3184 αὐτοὺς
3140 3121 3319 3199 ὥσπερ
3366 3128 3536 3196 κακὴν
3593 3128 3771 3202 ζύμην

2119 3208 2315 3280 ἐξελεῖν
2346 3204 2686 3281 ἐϐουλεύετο,
2714 3206 2805 3264 ’ἶνα
2851 3210 2926 3282 μὴ
2975 3210 3082 3265 ἀπὸ
3129 3219 3332 3289 σπορᾶς
3378 3223 3548 3285 κακῆς
3579 3220 3624 3254 9⁵
3652 3220 3772 3273 κατ’

366 3302 1053 3376 assimilata,pariterque
1073 3301 1276 3374 impia,
1303 3301 1567 3356 futurum
1596 3300 2004 3356 salvandorum

2119 3295 2441 3353 ἀκολουθίαν
2500 3296 2694 3367 ἑκάστη
2753 3296 2909 3373 γενεᾶ
2961 3302 3030 3374 τῇ
3084 3301 3189 3375 πρὸ
3237 3300 3406 3372 αὐτῆς
3484 3302 3765 3379 ἐξομοιού-

361 3392 671 3449 hominum
695 3390 973 3448 saeculum
1002 3390 1275 3447 aboleret.
1301 3390 1664 3461 Quapropter
1688 3392 2001 3461 postquam

360 3482 462 3537 uni
482 3482 803 3553 virojusto,
835 3496 968 3536 cum
990 3479 1181 3535 tribus
1203 3495 1272 3535 ex
1293 3477 1397 3534 illo
1429 3477 1844 3550 natiscumque
1873 3477 1999 3533 illo-

358 3586 489 3626 rum
523 3570 804 3626 uxoribus
856 3572 1029 3641 atque
1087 3567 1247 3631 ﬁliis,
1302 3571 1366 3622 ut
1413 3567 1473 3621 in
1505 3583 1639 3623 arca
1696 3567 2004 3622 evaderent

355 3660 826 3731 praenuntiasset,
860 3673 1072 3730 aquam
1104 3655 1308 3712 diluvii
1339 3655 1607 3723 immisit,
1642 3659 1706 3711 ut
1725 3654 1999 3711 omnibus

357 3748 742 3819 consumptis,
775 3747 1032 3803 mundus
1058 3749 1342 3818 purgatus
1363 3749 1435 3815 ei,
1466 3745 1565 3816 qui
1607 3744 1667 3800 in
1698 3761 1832 3800 arca
1877 3760 1998 3800 ser-

354 3841 523 3894 vatus
537 3838 743 3908 fuerat,
763 3837 823 3891 in
844 3836 1166 3892 secundum
1190 3834 1320 3889 vitae
1342 3833 1613 3889 humanae
1644 3833 1827 3905 prinoi
1836 3832 1998 3905 pium

351 3942 537 3999 purus
568 3927 929 3982 redderetur.
967 3926 1156 3996 Atque
1186 3923 1266 3979 ita
1294 3922 1499 3980 evenit.

424 4105 619 4161 XVIII.
656 4104 804 4172 Quia
834 4119 970 4175 ergo
1029 4105 1394 4158 mortuorum
1428 4100 1731 4173 gigantum
1789 4100 1996 4157 animae

350 4192 627 4249 humanis
659 4192 969 4247 animabus
1000 4193 1165 4245 erant
1220 4190 1494 4258 majores,
1528 4192 1592 4243 ut
1648 4204 1776 4259 quas
1806 4203 1875 4243 ex
1904 4205 1994 4244 ra-

352 4282 510 4338 tione
541 4296 851 4352 corporum
882 4278 1246 4345 excellerent,
1271 4281 1551 4348 tanquam
1574 4293 1787 4332 novum
1809 4293 1997 4348 genus

349 4387 564 4429 novum
598 4386 808 4425 nomen
844 4370 1209 4439 acceperunt.
1242 4364 1463 4431 Quibus
1491 4364 1904 4436 superstitibus
1937 4365 1995 4421 in

346 4459 591 4524 mundo,
620 4474 734 4528 quo
769 4457 939 4511 modo
985 4454 1318 4522 vivendum,
1352 4470 1385 4509 a
1422 4457 1531 4509 Deo
1563 4470 1665 4525 per
1719 4453 1993 4525 angelum

343 4548 568 4604 sancita
597 4550 685 4602 est
704 4545 813 4602 lex.
846 4544 992 4600 Cum
1022 4542 1179 4599 enim
1211 4546 1408 4599 essent
1436 4557 1646 4613 genere
1677 4542 1883 4613 spurii,
1926 4559 1995 4598 ex

2114 3387 2273 3460 μένη,
2324 3386 2533 3460 ὁμοίως
2578 3380 2862 3458 ἀσεϐοῦσα,
2911 3388 3002 3442 τὸν
3070 3387 3324 3463 ἐσόμενον
3368 3391 3541 3447 αἰῶνα
3592 3400 3766 3464 σωζο-

2113 3477 2287 3548 μένων
2318 3472 2528 3550 ανδρῶν
2557 3475 2783 3549 κενώσῃ.
2816 3474 3019 3530 Τούτου
3051 3473 3117 3547 δὴ
3162 3476 3335 3533 ἕνεκεν
3391 3480 3466 3535 ἑνί
3520 3498 3627 3536 τινι
3692 3480 3769 3538 δι-

2108 3562 2248 3637 καίῳ
2309 3565 2442 3635 μετά
2495 3566 2601 3618 τῶν
2660 3561 2711 3633 ἐξ
2760 3562 2924 3619 αὐτοῦ
2951 3569 3138 3640 τριῶν,
3172 3566 3263 3621 σὺν
3295 3572 3417 3631 ταῖς
3446 3567 3621 3625 αὐτῶν
3670 3592 3771 3647 γυ-

2107 3652 2297 3725 ναιξὶν,
2350 3654 2463 3726 ἅμα
2514 3658 2632 3714 τοῖς
2688 3652 2830 3714 υἱοῖς
2889 3655 2953 3724 9⁸,
3015 3652 3067 3708 ἐν
3119 3652 3344 3731 λάρνακι
3405 3654 3762 3728 διασώζεσθαι

2106 3739 2473 3817 προαγγείλας
2531 3737 2676 3815 ὕδωρ
2736 3739 2814 3803 εἷς
2871 3740 3251 3817 κατακλυσμὸν
3313 3744 3624 3817 ἐπέκλυσεν,
3672 3746 3766 3804 ἵνα

2105 3829 2319 3885 πάντων
2410 3828 2789 3885 ἀναλωθέντων
2869 3831 2897 3884 ὁ
2966 3831 3173 3905 κόσμος
3256 3836 3763 3911 κατεκκαθαρισθείς

2106 3917 2253 3991 αὐτῷ
2298 3923 2376 3991 τῷ
2423 3918 2473 3973 ἐν
2531 3917 2757 3993 λάρνακι
2810 3916 3120 3975 διασωθέντι
3167 3920 3243 3983 εἷς
3300 3920 3547 4001 δευτέραν
3610 3923 3763 4000 βίου-

2108 4008 2286 4083 ἀρχὴν
2316 4007 2549 4083 καθαρὸς
2579 4004 2848 4082 ἀποδοθῇ,
2882 4008 2985 4063 Καὶ
3015 4005 3080 4077 δὴ
3115 4009 3287 4072 οὕτως
3317 4009 3553 4087 ἐγένετο.

2175 4098 2370 4153 XVIII.
2404 4096 2552 4151 Ἐπεὶ
2583 4093 2674 4150 οὗν
2716 4096 2771 4149 αἱ
2811 4099 2918 4151 τῶν
2968 4098 3277 4161 τεθνεώτων
3327 4101 3597 4176 γιγάντων
3649 4105 3760 4177 ψυ-

2105 4184 2203 4260 χαὶ
2257 4189 2362 4240 τῶν
2398 4183 2746 4260 ἀνθρωπίνων
2781 4188 2823 4223 9⁷
2853 4189 3047 4262 ψυχῶν
3092 4186 3308 4260 μείζους
3355 4189 3516 4261 ἦσαν,
3548 4191 3639 4246 ἅτε
3687 4189 3755 4263 δὴ

2103 4274 2193 4328 καὶ
2249 4278 2369 4336 τοῖς
2430 4274 2673 4347 σώμασιν
2731 4274 3114 4349 ὑπερέχουσαι,
3149 4276 3223 4339 ὡς
3281 4280 3324 4314 ³⁸
3352 4280 3534 4335 καινὸν
3596 4281 3754 4356 γένος

2102 4361 2273 4435 καινῷ
2328 4362 2417 4417 καὶ
2471 4362 2551 4433 τῷ
2614 4362 2836 4436 ὀνόματι
2895 4366 3436 4440 προσηγορεύθησαν.
3480 4370 3575 4431 Οἷς
3635 4369 3755 4424 ἐπι-

2104 4448 2321 4512 λοίποις
2377 4454 2454 4522 τῷ
2498 4449 2693 4523 κόσμῳ
2744 4451 2819 4513 ὡς
2871 4449 2953 4506 δεῖ
2995 4454 3167 4527 βιοῦν,
3204 4454 3307 4509 ὑπὸ
3338 4460 3473 4510 Θεοῦ
3504 4455 3574 4511 δι’
3604 4458 3758 4535 ἀγγέ-

2103 4536 2204 4594 λου
2238 4538 2410 4613 νόμος
2458 4538 2686 4613 ὡρίσθη.
2738 4541 2920 4602 Ὀντες
2969 4540 3073 4617 γὰρ
3130 4542 3277 4597 νόθοι
3338 4548 3417 4616 τῷ
3490 4544 3629 4622 γένει
3698 4547 3758 4602 ἐκ

342 4635 477 4708 igne
509 4634 847 4706 angelorum
870 4638 926 4689 et
955 4630 1267 4687 mulierum
1285 4629 1590 4703 sanguine,
1624 4633 1681 4685 et
1708 4630 1837 4686 ideo
1856 4647 1991 4703 pro-

2119 4628 2270 4702 τυρὸς
2306 4626 2545 4704 ἀγγέλων
2579 4627 2667 4682 καὶ
2701 4626 2931 4702 α’ίματος
2980 4635 3269 4706 γυναικῶν,
3299 4633 3388 4688 καὶ
3450 4631 3539 4689 διὰ
3588 4640 3755 4692 τοῦτο

342 4725 538 4798 prium
595 4723 891 4795 quoddam
942 4738 1127 4795 genus
1156 4724 1353 4776 essent
1382 4718 1770 4791 concupituri,
1824 4719 1990 4789 justa

340 4813 540 4887 aliqua
568 4813 693 4886 lege
722 4810 1106 4885 praeoccupati
1140 4812 1298 4867 sunt.
1331 4807 1548 4865 Missus
1573 4808 1730 4864 enim
1781 4808 1855 4864 ad
1884 4825 1983 4865 eos

2102 4714 2242 4772 ἰδίου
2283 4717 2430 4778 τινὸς
2480 4717 2673 4793 γένους
2721 4716 3001 4790 ἐπιθυμεῖν
3056 4717 3372 4792 μέλλοντες,
3405 4719 3597 4795 δικαίῳ
3642 4723 3754 4779 τινὶ

2094 4804 2517 4884 προελήφθησαν
2596 4804 2770 4880 νόμῳ.
2823 4805 3162 4886 Ἐξεπέμφθη
3230 4810 3332 4887 γὰρ
3399 4810 3583 4874 αὐτοῖς
3646 4813 3753 4868 ὑπὸ

1694 4950 1930 5007 VARI/E
1969 4950 2386 5008 LEGTIONES.

409 5070 454 5155 εξ
483 5065 899 5155 γεγέννῃνξοηο.
925 5145 934 5155 1
976 5069 1019 5104 ⁸⁷
1050 5067 1135 5123 Ita
1164 5066 1522 5155 cprrexitncq
1547 5065 1885 5155 gujusncod:
1919 5060 2159 5155 ἔχοντες,
2193 5070 2259 5155 u‘t
2409 5066 2473 5155 ’33
2497 5065 2592 5155 'Ita
2617 5065 2751 5121 dedi
2781 5081 2851 5121 ex
2880 5067 3151 5155 conject”
3175 5063 3350 5155 ὲχδείᾳ
3404 5072 3629 5155 τροφαῖς
3661 5071 3752 5155 9.,

338 5138 398 5217 sv
425 5133 778 5217 διάτροφῇίο.
809 5142 1014 5217 I?os_tea
1039 5137 1374 5217 τραπόμενοι
1492 5133 1516 5217 η’
1547 5138 1601 5217 ⁸9,
1624 5133 1709 5192 Ita
1736 5133 1988 5217 δρός-[Η
2019 5142 2122 5217 est
2136 5139 2264 5217 cod.
2405 5135 2774 5217 ἐπώχορησεν,
2808 5153 2901 5217 ap.
2954 5133 3013 5193 C‘.
3034 5133 3446 5217 _én6v§pcqev._'
3468 5133 3630 5217 99'Ita
3662 5133 3751 5217 S_.;

339 5209 442 5276 αἴθ’
468 5203 637 5285 0,Ὀ.’
665 5203 1249 5285 ’ἠθιμούκᾼέγεννῶμεθα
1277 5212 1335 5265 C.
1390 5210 1457 5285 ‘9’
1490 5206 1764 5285 ἐγεύσρντο
1796 5205 2209 5285 ἓίΤυω-ἶδίαν
2242 5226 2305 5285 ρ,
2343 5203 2467 5276 ἴσην
2499 5203 2601 5285 (λς
2635 5203 2681 5243 9³
2714 5203 2800 5285 [fg

2930 5225 2982 5265 c.
3031 5210 3113 5281 S.,
3166 5209 3352 5272 αὐτοῖς
3397 5211 3459 5266 C.
3488 5209 3755 5270 Subinde

336 5277 691 5359 γευσαμένοις
747 5283 845 5359 οη
884 5277 1330 5359 θξ’ἀπειργάζετο
1368 5280 1423 5359 .S
1481 5277 1572 5359 ρζ,
1628 5277 2081 5359 ἀπεργάζιετοηῧ.
2157 5281 2208 5359 “ﬁ
2242 5277 2381 5359 ’.νο-Χ
2453 5283 2627 5346 κακῆς
2675 5296 2711 5336 a
2762 5281 2816 5359 'S‘.
2850 5277 3108 5359 omissa’
3144 5282 3229 5359 ip.
3277 5287 3499 5359 textum
3572 5285 3755 5359 rediit

340 5345 411 5413 ἐκ
439 5345 519 5411 Ο.’
580 5357 623 5392 ⁹⁶
655 5352 872 5414 λοιποῖς
904 5356 961 5408 Ο.
1038 5345 1453 5426 ⁹⁷’ἀνθρωπείων
1487 5345 1567 5410 Ο.
1627 5351 1671 5386 ⁸⁸
1695 5345 1799 5411 tet
1847 5345 1912 5408 Ο.
1968 5351 2127 5408 Idem
2177 5350 2387 5407 deinde
2434 5348 2882 5425 προσηγορεύθης
2934 5351 3015 5413 οἷς
3054 5349 3351 5423 ἐπηλύτοις
3397 5353 3523 5411 sine
3568 5355 3755 5413 inter-

340 5427 681 5501 punctione.

1723 5535 2108 5597 VARIORUM
2139 5536 2371 5596 NOTIE.

409 5655 662 5732 (mecm
698 5651 941 5732 ἔχοντες.
976 5656 1082 5732 Pro
1139 5650 1239 5732 οὐκ
1267 5649 1519 5732 ἔχοντας..
1571 5651 1795 5732 Vitium
1828 5654 1989 5732 calli-

2099 5654 2408 5729 disseritur
2427 5654 2497 5729 de
2518 5653 2871 5713 abstinentia
2891 5673 2925 5729 a
2944 5654 3250 5729 carnibus;
3275 5660 3335 5729 et
3354 5657 3759 5722 adnectantur

335 5726 566 5827 graphi,
598 5726 1106 5808 non'typographi.
1138 5729 1220 5786 Ex
1249 5726 1409 5785 more
1430 5730 1623 5784 autem
1656 5727 1981 5784 Ebionitice
2090 5727 2299 5784 fabulis
2332 5726 2573 5801 cognita
2601 5730 2768 5801 juxta
2798 5746 2866 5787 ao
2895 5726 3395 5807 incognita'Gor.
