4086 6216
142 34 161 45 “
232 34 235 35 ⁷
358 34 671 83 “⁷¹*ῗ’ἒ¹“ςέῗῖ-τ
722 36 729 41 ”
816 44 829 61 κ
874 54 891 61 ι

158 34 501 111 ᾝ.’νῖ.τ
584 82 615 107 δ.
670 96 675 97 γ
752 76 767 99 τ

410 80 527 119 ⁴ΐ⁶³⁷
584 82 675 107 δ”ί
752 80 765 99 ί

306 436 400 499 23⁷
1350 434 1872 503 CLEMENTINA.

1986 472 1991 481 ι
2022 436 2354 500 HOMILIA
2399 440 2553 502 Vlll.
3536 444 3655 508 238

300 572 377 622 τοῦ
401 570 521 622 Θεοῦ
549 561 847 641 99ἄγγελός
894 585 998 640 τις,
1046 568 1144 638 τὴν
1194 569 1359 625 αὐτοῦ
1413 570 1619 646 βουλὴν
1672 567 1872 643 μηνόωι

2005 573 2094 627 est
2122 587 2155 625 a
2185 570 2300 626 Deo
2330 571 2570 643 quidam
2604 571 2868 645 angelus,
2892 570 3053 629 illius
3080 571 3431 630 voluntatem
3466 576 3654 634 decla-

299 658 367 713 καὶ
395 657 571 713 λέγων·

357 679 367 710 ι
395 679 447 713 ΛΞ
480 679 571 710 ων·

350 679 633 801 XIX-.1133:
698 741 851 800 δοκεῖ
917 750 996 819 τῷ
1052 746 1400 823 πάντεπόπτῃ
1455 750 1594 821 Θεῷ,
1657 745 1889 823 μηδενὸς

294 832 545 909 ἀνθρώπων
577 834 712 906 ὑμᾶς
742 834 1030 910 κυριεύειν,
1067 834 1209 910 μηδὲ
1249 837 1611 912 παρενοχλεῖν
1674 834 1887 910 μηδενὶ,

294 924 360 978 ἐᾶν
394 925 459 995 μή
516 944 596 985 τις
651 924 786 977 ἑκὼν
840 924 1026 979 ἑαυτὸν
1081 924 1207 998 ὑμῖν
1271 924 1682 1000 καταδουλώσῃ,
1734 928 1889 983 193

290 1016 561 1089 προσκυνῶν
620 1011 758 1085 ὑμᾶς
816 1014 908 1068 καὶ
965 1013 1105 1068 θύων
1176 1014 1266 1069 καὶ
1339 1012 1578 1071 σπένδων
1636 1014 1726 1070 καὶ
1791 1021 1889 1084 τῆς

290 1102 508 1177 ὑμετέρας
558 1097 989 1175 μεταλαμϐάνων
1039 1103 1333 1179 τραπέζης,
1386 1104 1421 1175 ἢ
1470 1101 1651 1181 ἕτερόν
1708 1125 1760 1158 τι
1811 1105 1884 1158 ῶν

289 1190 335 1244 οὐ
370 1190 467 1266 χρὴ
516 1190 767 1259 ἐκτελῶν,
799 1191 834 1260 ἢ
868 1192 1003 1264 αἷμα
1053 1191 1220 1267 χέων,
1253 1192 1287 1262 ἢ
1329 1198 1537 1269 σαρκῶν
1584 1196 1785 1267 νεκρῶν
1821 1194 1888 1230 ¹⁰⁰

287 1280 559 1352 γεύομενος,
595 1280 629 1348 ἢ
678 1280 873 1355 θηρίου
922 1278 1182 1356 λειψάνου
1229 1282 1264 1351 ἤ
1313 1286 1528 1356 τμητοῦ
1573 1283 1609 1351 ἢ
1659 1285 1886 1337 πνικτοῦ

286 1367 501 1437 ἣᾶλΑου
543 1370 691 1430 τινὸς
739 1368 1045 1445 ἀκαθάρτου
1106 1369 1524 1445 ἐμπιπλάμενος
1572 1376 1614 1428 ¹.
1660 1375 1775 1426 Τῶν
1828 1369 1886 1426 δὲ

286 1458 406 1529 νόμῳ
430 1457 539 1529 ἐμῷ
566 1457 1019 1534 προσφευγόντων
1052 1458 1115 1514 οὐ
1149 1459 1311 1533 μόνον
1346 1460 1408 1515 οὐ
1459 1459 1707 1535 ψαύσετε,
1740 1458 1886 1515 ἀλλὰ

288 1545 351 1598 καὶ
384 1547 533 1617 τιμὴν
584 1544 808 1617 δώσετε,
840 1547 928 1601 καὶ
985 1545 1045 1602 ἐκ
1088 1550 1386 1622 προσώπου
1432 1549 1679 1627 φεύξεσθε
1726 1551 1768 1606 ³.
1818 1551 1884 1603 Ὅ

288 1655 323 1689 τι
344 1636 425 1710 γὰρ
454 1634 509 1688 ἂν
539 1634 725 1697 αὐτοῖς
755 1632 985 1698 δικαίοις
1016 1634 1136 1691 οὖσι
1166 1638 1283 1691 καθ’
1333 1638 1483 1710 ὑμῶν
1545 1635 1700 1710 δοκῇ,
1732 1638 1887 1703 τοῦθ’

287 1722 389 1793 ὅμᾶς
416 1719 580 1792 δεήσει
612 1725 827 1779 παθεῖν.
862 1724 982 1779 Ἐὰν
1017 1721 1075 1780 δὲ
1119 1745 1257 1788 τινες
1299 1730 1407 1781 τῶν
1438 1728 1459 1761 ³
1488 1726 1613 1799 ἐμοὶ
1660 1747 1881 1801 προκει-

279 1811 415 1882 μένων
466 1810 857 1887 ἐξαμάρτωσιν,
888 1813 924 1882 ἢ
976 1816 1400 1889 μοιχευσάμενοι
1434 1818 1457 1851 ⁴
1492 1816 1527 1885 ἦ
1586 1815 1881 1891 μαγεύσαν-

2003 676 2161 729 rans,
2195 660 2286 715 bis
2316 660 2509 717 verbis
2535 677 2547 715 :

2070 748 2218 805 XIX.
2252 750 2379 805 Haec
2408 750 2534 804 visa
2563 752 2702 804 sunt
2730 749 2994 804 omnium
3034 749 3347 823 iuspectori
3380 753 3516 821 Deo,
3547 770 3649 811 vos

1999 835 2060 892 in
2092 838 2387 893 nemiuem
2436 837 2740 894 hominum
2790 838 3102 906 dominari,
3158 856 3346 911 neque
3391 841 3476 897 illi
3517 859 3649 899 mo-

1999 924 2231 982 lestiam
2264 926 2499 996 inferre,
2533 927 2645 982 nisi
2678 928 2811 999 quis
2839 926 3038 983 volens
3071 945 3133 984 se
3166 930 3323 985 vobis
3355 931 3414 985 in
3458 933 3647 987 servi-

1998 1018 2181 1071 tutem
2213 1016 2481 1087 subjecit,
2532 1016 2784 1071 adorans
2832 1032 2953 1084 vos,
3006 1021 3063 1072 et
3102 1017 3459 1090 sacriﬁcans,
3489 1024 3545 1075 et
3575 1020 3643 1075 li-

2000 1102 2163 1169 bans,
2195 1109 2253 1160 et
2271 1110 2471 1161 vestrae
2493 1122 2665 1161 ccenae
2688 1104 3002 1178 particeps,
3027 1111 3128 1161 aut
3158 1106 3457 1179 quidpiam
3483 1107 3641 1165 aliud

1998 1193 2151 1265 quod
2177 1210 2291 1248 non
2315 1194 2517 1249 deceat
2537 1193 2863 1265 perﬁciens,
2886 1194 2973 1251 vel
3002 1196 3251 1250 fundens
3270 1198 3640 1269 sanguinem,

1995 1282 2082 1337 vel
2096 1285 2350 1354 gustatis
2364 1283 2611 1339 mortuis
2624 1285 2779 1339 carni
2791 1283 3012 1348 bus,vel
3029 1284 3159 1339 fera
3174 1284 3641 1357 reliquiis,secto,

1996 1371 2299 1437 suffocato,
2317 1376 2419 1427 aut
2432 1370 2544 1426 alio
2566 1372 2872 1427 immundo
2888 1372 3163 1443 repletus.
3182 1374 3289 1429 Eos
3301 1390 3433 1431 vero
3449 1376 3548 1447 qui
3565 1376 3639 1432 ad

1994 1457 2181 1530 legem
2214 1476 2405 1515 meam
2437 1460 2806 1531 confugiunt,
2838 1477 2955 1515 non
2997 1462 3170 1517 modo
3216 1479 3331 1517 non
3362 1464 3637 1537 tangetis,

1994 1548 2095 1603 sed
2127 1552 2184 1603 et
2214 1548 2431 1605 honore
2464 1549 2778 1615 donabitis,
2832 1554 2889 1605 et
2918 1566 3114 1606 coram
3160 1550 3412 1623 fugietis.
3446 1554 3639 1618 Quod-

1993 1652 2218 1707 cunque
2249 1638 2404 1693 enim
2436 1638 2603 1709 ipsis,
2635 1642 2834 1710 utpote
2847 1638 3028 1710 justis
3059 1643 3261 1695 contra
3283 1656 3382 1696 vos
3404 1640 3638 1711 placue-

1990 1724 2089 1796 rit,
2121 1725 2177 1780 id
2211 1743 2311 1782 vos
2346 1742 2578 1782 necesse
2627 1727 2739 1782 erit
2788 1728 2927 1799 pati.
2979 1728 3139 1793 Quod
3172 1729 3221 1784 si
3272 1730 3535 1785 nonnulli
3568 1746 3637 1786 ex

1987 1812 2129 1885 illis,
2148 1815 2243 1884 qui
2267 1814 2412 1869 mihi
2436 1816 2750 1881 adhaerent,
2766 1816 3109 1889 aberrarint,
3132 1817 3222 1872 vel
3241 1818 3636 1876 adulterantes

273 1900 391 1967 τεςῆ
420 1901 727 1976 ἇκαθάρτως
762 1901 1055 1976 βιώσαντες
1101 1903 1138 1971 ἢ
1184 1903 1324 1959 ἄλλο
1370 1925 1425 1959 τι
1468 1908 1576 1959 τῶν
1623 1904 1745 1979 ἐμοὶ
1800 1907 1872 1979 μή

274 1984 292 2001 κ
386 1986 397 2001 .
666 1989 713 2001 .-
993 1991 1003 2001 .
1114 1991 1164 2001 ._
1216 1992 1228 2001 .
1300 2000 1319 2001 η
1484 1991 1502 2001 .
1566 1992 1577 2001 .
1837 1996 1847 2001 -

1988 1902 2074 1959 vel
2131 1904 2385 1975 magiam
2434 1909 2785 1972 exercentes,
2832 1904 2919 1960 vel
2961 1906 3189 1977 impure
3236 1907 3515 1974 viventes,
3546 1908 3635 1964 vel

271 1984 528 2044 δοκοόντων
570 1989 896 2065 πράξαντες,
944 1991 1067 2046 τότε
1114 1991 1165 2063 ἒξ
1216 1992 1355 2066 ἒμῆς
1421 1991 1721 2056 κελεύσεως
1777 1996 1877 2049 πά-

272 2096 391 2151 σχειν
419 2098 465 2132 τι
518 2078 719 2140 αὐτοὺς
771 2078 859 2156 ὑφ’
899 2079 1050 2153 ὑμῶν
1081 2080 1115 2149 ἢ
1152 2080 1238 2157 ὑφ’
1298 2081 1493 2158 ἑτέρων
1544 2080 1747 2153 δεήσει’
1798 2084 1877 2146 οἷς

269 2166 337 2219 καὶ
373 2169 771 2239 μετανοήσασιν,
808 2168 908 2236 τὴν
962 2170 1245 2241 μετάνοιαν
1296 2170 1506 2245 κρίνας,
1553 2169 1658 2226 εἷ’τε
1706 2171 1826 2245 ἀξία
1855 2176 1877 2209 ⁵

272 2254 355 2307 ἒςτῖ
396 2257 719 2331 συγγνώμης
766 2254 872 2313 εἴτε
907 2256 996 2311 καὶ
1044 2257 1127 2328 οὔ,
1175 2260 1275 2327 τὴν
1326 2258 1589 2337 ἀπόφασιν
1640 2263 1872 2331 ποιησο-

274 2364 363 2415 μαι.
405 2349 567 2400 Ταῦτα
620 2343 717 2399 οὖν
781 2346 1136 2419 μνημονεύειν
1187 2348 1278 2402 καὶ
1318 2353 1491 2403 ποιεῖν
1534 2352 1556 2386 ⁶
1608 2347 1872 2427 ὀφείλετε,

270 2430 313 2484 εὖ
335 2430 533 2501 εἰδότες,
563 2434 650 2489 ὅτι
696 2432 821 2490 οὐδὲ
866 2436 921 2490 αἱ
967 2436 1285 2510 ἐνθυμήσεις
1338 2436 1490 2510 ὑμῶν
1540 2437 1723 2503 λαθεῖν
1778 2438 1870 2494 αὖ·

265 2521 334 2575 τὸν
360 2519 665 2594 δυνήσονται
678 2565 691 2577 .

319 2613 409 2668 XX.
453 2618 691 2668 Τοιαῦτα
735 2615 1277 2688 παρακελευσάμενος
1340 2614 1524 2679 αὐτοῖς
1572 2618 1599 2672 6
1640 2615 1871 2693 ἅγγελος

271 2696 534 2777 ἀπηλλάγη.
566 2707 751 2775 Ὑμεῖς
802 2700 860 2757 δὲ
909 2700 985 2758 ἔτι
1028 2708 1219 2760 τοῦτον
1269 2704 1509 2781 ἀγνοεῖτε
1550 2706 1640 2760 τὸν
1681 2707 1869 2781 νόμον,

272 2788 325 2841 ὅτι
345 2796 646 2863 προσκυνῶν
679 2812 763 2853 τις
796 2788 1058 2865 δαίμονας
1102 2794 1141 2863 ἢ
1191 2794 1331 2849 θύων
1378 2794 1414 2864 ἢ
1462 2796 1736 2871 τραπέζης
1782 2797 1873 2852 αὗ-

266 2883 347 2939 :oi;
384 2884 656 2935 κοινωνῶν
712 2878 1020 2943 ὑπόδουλος
1068 2881 1255 2947 αὐτοῖς
1304 2882 1607 2959 γενόμενος,
1641 2884 1718 2947 ὡς
1768 2885 1871 2942 ὑπὸ

264 2970 402 3021 κακῶν
430 2965 708 3024 δεσποτῶν
740 2968 919 3040 πάσης
968 2972 1065 3042 τῇς
1119 2970 1171 3041 ἒξ
1218 2970 1396 3027 αὐτῶν
1450 2971 1655 3045 μεθέξει
1700 2995 1872 3048 τιμωο

257 3053 365 3126 ρίας·
392 3058 474 3111 καὶ
505 3054 594 3112 διὰ
622 3059 726 3127 τήν
760 3059 981 3134 ἄγνοιαν
1012 3059 1213 3130 ταύτην
1256 3065 1375 3125 τοῖς
1426 3061 1599 3117 αὐτῶν
1656 3062 1871 3138 βωμοῖς

256 3146 643 3222 προσρθαρέντες
704 3147 794 3202 καὶ
862 3146 1040 3203 αὐτῶν
1109 3147 1557 3223 ἔκπληρωθὲντες
1608 3150 1710 3206 ὑπὸ
1767 3152 1867 3221 τὴν

255 3231 393 3287 αὖτῶν
462 3239 619 3294 194
682 3235 919 3309 ἐξουσίαν
983 3237 1251 3314 γεγόνατε,
1304 3236 1392 3293 καί
1458 3240 1613 3295 παντὶ
1679 3241 1868 3317 τρόπῳ

1988 1990 2209 2064 aliquid
2241 1992 2399 2048 aliud
2431 2010 2632 2049 eorum
2681 2010 2808 2065 quae
2854 1994 2997 2049 mihi
3048 1995 3360 2066 displicent
3389 1998 3631 2068 operati,

1985 2085 2126 2137 tunc
2157 2082 2465 2153 oportebit,
2490 2087 2554 2137 ut
2582 2082 2695 2154 ipsi
2718 2099 2785 2138 ex
2803 2083 2978 2153 jussu
3008 2100 3135 2139 meo
3157 2083 3377 2156 aliquid
3405 2086 3634 2157 patian-

1984 2173 2083 2224 tur
2111 2174 2211 2225 aut
2241 2186 2275 2225 a
2303 2170 2488 2236 vobis,
2520 2175 2619 2225 aut
2649 2171 2721 2226 ab
2752 2170 2904 2226 aliis.
2954 2172 3176 2238 Quibus
3208 2177 3265 2228 et
3296 2175 3627 2245 pcnnitenti-

1982 2258 2117 2329 bus,
2144 2259 2549 2329 paenitentiam
2574 2261 2927 2331 ponderans,
2954 2278 3025 2316 an
3057 2278 3124 2316 ea
3145 2262 3373 2316 veniam
3406 2280 3628 2319 merea-

1983 2351 2080 2402 tur
2108 2364 2214 2403 nec
2245 2364 2334 2419 ne,
2367 2348 2716 2403 sententiam
2757 2349 3164 2420 pronuntiabo.
3214 2350 3344 2405 Haec
3374 2368 3509 2424 ergo
3541 2370 3628 2409 re-

1984 2437 2195 2492 ducere
2225 2436 2281 2491 in
2306 2436 2647 2492 memoriam
2670 2441 2728 2493 et
2750 2437 2935 2493 facere
2958 2437 3200 2506 debetis,
3225 2440 3403 2510 probe
3433 2440 3623 2511 gnari,

1982 2526 2136 2598 quod
2168 2542 2273 2581 nec
2300 2525 2679 2598 cogitationes
2707 2529 2909 2581 vestrae
2941 2543 3075 2582 eum
3119 2526 3297 2583 latere
3329 2533 3622 2599 poterunt.

2053 2616 2164 2671 XX.
2200 2615 2328 2670 Haec
2356 2619 2664 2688 postquam
2696 2615 2811 2670 illis
2844 2616 3131 2671 suasisset
3163 2616 3429 2689 angelus,
3462 2618 3623 2674 abiit.

1981 2703 2098 2760 Vos
2129 2708 2325 2760 autem
2358 2704 2551 2760 adhuc
2582 2703 2743 2759 illam
2774 2704 3056 2777 ignoratis
3096 2704 3311 2779 legem,
3342 2708 3495 2778 quod
3526 2707 3628 2779 qui

1982 2793 2120 2849 colit
2149 2794 2463 2864 dasmones,
2492 2792 2580 2849 vel
2611 2794 2920 2863 sacriﬁcat,
2973 2794 3059 2849 vel
3092 2811 3225 2850 cum
3274 2795 3391 2851 illis
3423 2813 3630 2855 mensa

1981 2881 2397 2947 communicat,
2430 2882 2541 2937 sub
2572 2881 2909 2937 servitutem
2942 2899 3145 2938 eorum
3177 2885 3470 2954 redactus,
3504 2889 3632 2941 tan-

1981 2987 2158 3042 quam
2187 2987 2221 3027 a
2251 2970 2422 3027 malis
2452 2970 2708 3026 dominis
2739 2987 2942 3027 omnes
2974 2988 3043 3027 ex
3082 2971 3199 3028 illis
3232 2973 3373 3029 feret
3402 2990 3628 3045 poenas.

1979 3059 2050 3115 Et
2079 3064 2318 3132 propter
2346 3059 2496 3116 hanc
2544 3059 2960 3132 ignorantiam,
2994 3062 3093 3133 qui
3145 3061 3217 3117 ad
3261 3078 3463 3117 eorum
3496 3080 3628 3120 aras

1980 3149 2306 3220 perniciose
2335 3148 2668 3206 accessistis
2689 3152 2867 3222 atque
2900 3150 2971 3204 iis
2995 3150 3205 3222 expleti
3237 3151 3399 3222 estis,
3432 3152 3629 3209 venis-

1979 3236 2055 3293 tis
2068 3238 2177 3294 sub
2191 3254 2391 3293 eorum
2408 3242 2783 3309 potestatem:
2807 3243 3007 3293 etcum
3024 3255 3263 3310 corpora
3276 3240 3434 3295 omni
3454 3241 3627 3297 modo

284 3316 307 3336 ρ
717 3303 729 3309 ’
780 3325 791 3343 ν
997 3303 1008 3314 ’
1058 3303 1068 3313 ’
1166 3332 1190 3342 υ
1238 3303 1248 3310 ’
1392 3324 1437 3345 εν
1714 3303 1722 3317 ’
1810 3303 1851 3346 η’

255 3319 558 3396 ὀοριζόμενοι
607 3324 679 3379 τὰ
724 3346 952 3397 σώματα
1007 3325 1266 3402 ἀγνοειτε.
1319 3326 1532 3383 Εἷοεναι
1601 3325 1658 3383 δὲ
1730 3330 1867 3403 ὑμας

1986 3327 2197 3382 fuerint
2221 3326 2584 3382 contumelia:
2608 3328 3284 3397 objecta,nescitis.Scire
3306 3333 3502 3384 autem
3528 3346 3627 3385 vos

253 3412 342 3483 χρὴ
390 3410 465 3467 δτι
523 3411 747 3476 οὐδενὸς
797 3415 850 3468 οἱ
900 3412 1153 3487 δαίμονες
1200 3411 1418 3490 ἔχουσιν
1470 3417 1731 3488 ἕξουσίανν
1779 3418 1865 3473 ἑὰν

255 3503 312 3570 μὴ
339 3498 587 3578 πρότερόν
612 3524 700 3565 τις
746 3502 933 3566 αὐτοῖς
983 3502 1301 3576 ὁμοδίαιτος
1342 3507 1362 3541 ⁷
1406 3506 1648 3581 γένηται.
1679 3506 1870 3562 Ὁπότε

253 3585 348 3642 οὔδε
374 3591 400 3644 6
427 3591 601 3646 αὐτῶν
634 3594 823 3668 ἄρχων
855 3593 1002 3669 παρὰ
1038 3594 1129 3648 τὸν
1161 3594 1262 3649 ὑπὸ
1305 3598 1404 3648 τοῦ
1446 3600 1580 3650 Θεοῦ
1628 3598 1744 3651 κατ’
1773 3598 1869 3650 αὐ-

249 3680 326 3731 τῶδ
364 3680 681 3753 κινούμενον
721 3683 742 3719 ⁸
788 3681 958 3754 νόμον
1009 3686 1185 3737 ποιεῖν
1224 3704 1276 3737 τι
1323 3681 1562 3754 δύναται,
1593 3682 1678 3741 διὸ
1725 3686 1869 3757 ἐξου-

248 3765 334 3819 αἶαν
361 3771 497 3831 τινὸς
545 3770 649 3824 οὐκ
698 3766 815 3846 ἔχει
866 3772 943 3842 μή
992 3774 1473 3847 προσκυνήσαντος
1514 3771 1692 3828 αὐτόν’
1740 3772 1867 3829 ἀλλ’

368 3853 548 3913 λαϐεῖν
576 3880 667 3921 τις
699 3866 821 3933 παρ’
850 3860 1026 3915 αὐτῶν
1055 3857 1273 3915 δύναταί
1316 3882 1371 3916 τι
1416 3866 1488 3916 ῶν
1538 3860 1705 3931 θέλει,
1739 3860 1867 3920 ἀλλ’

244 3942 339 3998 ὧδὲ
392 3943 666 4021 βλαϐῆναι
722 3945 899 4019 οὐδὲν,
932 3948 1008 4010 ὡς
1075 3949 1273 4005 ἐκεῖθεν
1331 3945 1597 4005 δυνασθεθ
1655 3953 1862 4025 μαθεῖν·

292 4039 408 4093 ΧΧΙ.
454 4042 541 4109 Τῷ
590 4037 700 4113 γὰρ
745 4044 845 4107 τῆς
893 4033 1161 4099 εὐσεϐείας
1209 4039 1370 4112 ἡμῶν
1434 4037 1651 4114 βασιλεῖ
1696 4061 1864 4116 προσ-

238 4119 344 4187 {Hii
390 4146 519 4180 ποτε
574 4127 604 4181 6
663 4125 993 4202 πρόσκαιρος
1054 4126 1330 4202 βασιΛεὺς,
1390 4128 1480 4183 καὶ
1540 4130 1586 4167 ιθ
1641 4128 1703 4184 οὐ
1749 4129 1866 4205 βίαν

240 4216 396 4283 ποιῶν,
427 4214 490 4269 οὗ
522 4216 629 4291 γὰρ
674 4214 818 4286 ἐξῆν,
851 4214 996 4270 ἀλλὰ
1024 4214 1346 4291 προτρέπων
1396 4214 1488 4271 καὶ
1538 4218 1862 4290 ἀναπείθων,

242 4296 301 4351 ὅτι
343 4303 398 4357 τὸ
440 4306 728 4373 πεισθῆναι
780 4304 867 4359 ἐπὶ
917 4307 985 4378 τῇ
1029 4308 1070 4343 ¹¹
1123 4304 1348 4360 ἑκάστου
1408 4309 1580 4360 κεῖται
1631 4306 1860 4379 ἐξουσίᾳ,

243 4389 525 4459 Προσελθὼν
578 4391 697 4459 οὖν,
750 4392 824 4455 ὡς
867 4398 974 4447 τῶν
1024 4393 1304 4469 παρόντων
1362 4390 1434 4448 ὢν
1493 4397 1537 4433 ¹²
1585 4394 1861 4470 βασιλεὺς,

239 4480 299 4547 τῷ
335 4484 428 4533 τῶν
488 4480 807 4553 μελλόντων
856 4481 1070 4557 βασιλεῖ
1119 4479 1243 4561 ἔφη·
1298 4488 1470 4538 Πᾶσαι
1514 4483 1569 4538 αἱ
1629 4489 1727 4539 τοῦ
1770 4489 1860 4540 νῦν

242 4564 414 4637 κόσμου
458 4569 736 4643 βασιλεῖαι
788 4570 1096 4625 ὑπόκεινται
1152 4570 1300 4644 ἐμοὶ,
1348 4568 1427 4626 ἔτι
1474 4591 1534 4628 τε
1583 4573 1611 4627 6
1654 4572 1862 4647 χρυσὸς

1977 3420 2222 3488 oportet,
2248 3416 2307 3470 in
2332 3414 2560 3471 nullum
2583 3416 2876 3471 daemones
2899 3416 3113 3472 habere
3136 3417 3627 3488 potestatem,nisi

1978 3504 2111 3576 quis
2133 3506 2296 3577 prius
2319 3505 2556 3559 conviva
2577 3521 2777 3560 eorum
2804 3505 2992 3559 fuerit.
3019 3505 3498 3575 Quandoquidem
3525 3523 3625 3563 ne-

1977 3610 2091 3665 que
2121 3594 2391 3666 princeps
2414 3592 2645 3649 illorum
2663 3593 2883 3665 aliquid
2906 3596 3297 3666 potestfacere
3318 3600 3519 3651 contra
3544 3594 3625 3650 le-

1976 3698 2109 3754 gem
2132 3699 2164 3737 a
2185 3682 2301 3738 Deo
2325 3682 2385 3736 in
2405 3698 2503 3737 eos
2528 3680 2727 3737 latam.
2747 3683 2933 3745 Quare
2950 3681 3168 3737 nullius
3187 3681 3361 3737 habet
3380 3687 3627 3754 potesta-

1975 3775 2118 3840 tem,
2139 3771 2237 3842 qui
2262 3788 2375 3826 non
2399 3771 2593 3843 ipsum
2625 3770 2970 3826 adoraverit.
3005 3771 3115 3827 Sed
3141 3788 3243 3827 nec
3275 3771 3406 3842 quis
3436 3775 3628 3843 potest

1975 3859 2194 3932 aliquid
2229 3876 2452 3927 eorum,
2485 3876 2611 3932 quae
2643 3859 2826 3931 cupit,
2860 3860 2931 3914 ab
2955 3859 3070 3915 illis
3103 3862 3403 3932 consequi,
3438 3876 3628 3932 neque

1973 3948 2151 4005 etiam
2184 3947 2313 4004 laedi
2347 3948 2659 4015 ullatenus,
2695 3952 2761 4003 ut
2790 3947 3005 4003 isthinc
3036 3947 3258 4003 discere
3285 3949 3548 4020 potestis.

2044 4038 2192 4093 XXI.
2251 4038 2399 4095 Nam
2448 4038 2521 4092 ad
2576 4040 2841 4093 nostrum
2885 4036 3119 4108 pietatis
3149 4053 3344 4108 regem
3377 4038 3627 4093 accessit

1974 4124 2291 4198 aliquando
2321 4125 2659 4197 temporalis
2692 4142 2813 4192 rex,
2845 4142 2962 4179 non
2992 4125 3045 4179 vi
3068 4124 3433 4196 facta,neque
3467 4126 3624 4181 enim

1971 4214 2202 4282 licebat,
2236 4216 2336 4271 sed
2368 4215 2609 4270 hortans
2639 4219 2694 4269 et
2727 4215 3005 4281 suadens,
3032 4214 3169 4285 quia
3202 4215 3537 4286 persuaderi
3563 4215 3623 4271 in

1971 4305 2441 4376 uniuscujusque
2470 4303 2650 4359 situm
2682 4308 2772 4359 est
2818 4302 3080 4358 arbitrio.
3128 4304 3423 4359 Accedens
3462 4321 3619 4377 ergo,

1970 4398 2036 4451 ut
2055 4410 2251 4449 rerum
2268 4392 2643 4466 praisentium
2667 4393 2864 4459 rex,ad
2882 4392 3211 4448 futurarum
3228 4409 3423 4465 regem
3445 4393 3618 4463 dixit:

1971 4483 2180 4540 Omnia
2209 4483 2512 4554 praesentis
2544 4481 2751 4537 mundi
2802 4497 2982 4554 regna
3014 4481 3157 4536 mihi
3209 4482 3534 4552 subjacent,
3564 4484 3624 4538 et

1970 4575 2249 4645 praeterea
2306 4586 2513 4626 aurum
2566 4574 2624 4625 et
2682 4573 2992 4641 argentum
3049 4585 3373 4641 omnesque
3450 4569 3623 4625 istius

245 4655 313 4708 καὶ
338 4659 364 4711 6
392 4658 627 4734 ἄργυρος
659 4659 747 4714 καὶ
779 4666 921 4714 πᾶσα
950 4662 985 4730 η
1027 4661 1205 4738 τρυφὴ
1256 4664 1354 4715 τοῦ
1400 4659 1612 4735 κόσμου
1664 4661 1861 4718 τούτου

1986 4660 2178 4716 nundi
2206 4658 2423 4715 deliciae
2454 4658 2563 4715 sub
2610 4673 2741 4714 mea
2789 4661 2930 4714 sunt
2978 4661 3283 4729 potestate,
3318 4674 3496 4730 quare
3528 4674 3624 4715 ca-

245 4741 327 4797 ὑπὸ
360 4752 472 4809 ταῖς
518 4748 682 4819 ἐμαῖς
727 4748 867 4803 ἑστίν
917 4747 1200 4819 ἒξουσίαις·
1252 4746 1337 4803 διὸ
1391 4750 1569 4805 πεσὼν
1626 4749 1865 4824 προσκό-

242 4833 376 4899 νησὸν
406 4856 518 4907 μοι,
548 4836 641 4890 καὶ
675 4834 833 4891 δώσω
864 4857 947 4892 σοι
992 4838 1162 4892 πάντα
1202 4841 1389 4893 ταῦτα.
1420 4842 1595 4893 Ταῦτα
1645 4836 1703 4893 δὲ
1749 4835 1867 4895 ἔλε-

242 4939 312 4993 γεν
353 4921 525 4994 εἰδὼς,
558 4923 641 4980 ὅτι
690 4925 823 4998 μετᾶ
864 4926 928 4981 τὸ
972 4929 1016 4965 ¹³
1046 4933 1419 5003 προσκυνῆςαι
1465 4927 1555 4981 καὶ
1598 4929 1698 4998 τήν
1750 4929 1869 4984 κατ’

242 5008 378 5065 αὐτοῦ
427 5014 572 5089 εἶχεν
634 5014 901 5085 ἒξουσίαν,
932 5015 1020 5070 καὶ
1077 5016 1222 5071 οὕτω
1283 5018 1331 5053 ¹⁴
1383 5018 1484 5085 τῆς
1548 5014 1865 5089 μελλούσης

246 5093 378 5183 ξόξης
422 5104 509 5156 καὶ
563 5102 840 5178 βασιλείας
880 5103 1038 5159 αὐτὸν
1090 5108 1135 5144 1⁸
1176 5104 1396 5183 ἀφῄρει.
1433 5103 1532 5161 Καὶ
1570 5104 1744 5161 πάντα
1794 5106 1867 5162 εί-

247 5181 331 5249 δὼς
357 5188 414 5245 οὗ
447 5191 607 5264 μόνον
645 5192 804 5249 αὐτὸν
857 5192 920 5249 οὐ
971 5181 1392 5272 προσεκύνησεν,
1425 5191 1553 5249 ἀλλ’
1585 5192 1711 5251 οὐδὲ
1756 5199 1865 5251 τῶν

1974 4751 2120 4807 dens
2152 4749 2331 4805 adora
2349 4765 2461 4813 me,
2484 4752 2540 4804 et
2560 4746 2711 4803 dabo
2730 4746 2836 4802 tibi
2863 4764 2931 4803 ea
2953 4747 3167 4802 omnia.
3196 4748 3323 4801 Haec
3346 4763 3515 4818 porro
3542 4746 3626 4802 di-

1976 4839 2160 4909 cebat,
2194 4836 2332 4911 quia
2380 4842 2635 4902 noverat,
2684 4836 2839 4907 quod
2891 4840 3024 4907 post
3071 4835 3474 4892 adorationem
3518 4836 3623 4892 ha-

1975 4927 2203 4984 buisset
2232 4926 2289 4981 in
2321 4925 2487 4981 illum
2536 4928 2907 4997 potestatem,
2955 4924 3156 4996 sicque
3186 4930 3245 4980 et
3291 4925 3485 4980 futuro
3517 4924 3621 4980 ho-

1976 5033 2116 5073 nore
2148 5032 2213 5071 ac
2244 5031 2419 5087 regno
2462 5014 2767 5086 privasset.
2792 5018 2867 5067 At
2888 5014 2987 5085 qui
3009 5013 3206 5069 omnia
3237 5014 3480 5081 sciebat,
3503 5030 3620 5069 non

1976 5106 2149 5162 modo
2179 5103 2346 5159 illum
2377 5120 2495 5160 non
2529 5102 2811 5174 adoravit,
2844 5103 2945 5157 sed
2967 5118 3073 5157 nec
3104 5103 3430 5175 quidquam
3463 5101 3620 5157 illius

1977 5196 2264 5251 donorum
2295 5192 2474 5248 voluit
2504 5190 2784 5264 accipere.
2828 5194 2897 5246 Se
2925 5190 3083 5247 enim
3133 5207 3267 5247 cum
3298 5191 3423 5247 suis
3453 5190 3634 5262 oppi-'

1564 5347 1808 5405 VARI/Ii
1846 5346 2263 5404 LECTIONES.

305 5461 343 5498 ”
370 5463 450 5547 ὑπ’
479 5465 643 5523 αὐτοῦ
670 5489 728 5547 p.
759 5470 862 5527 ὑπὸ
890 5475 986 5547 τοῦ
1018 5474 1152 5547 Θεοῦ
1181 5473 1245 5530 0.
1326 5474 1395 5510 ¹⁰⁰
1422 5474 1622 5547 νεκρῶν
1657 5470 2251 5547 praetermiseruptCl
2305 5468 2458 5547 (edd.
2494 5468 2652 5547 [695,
2688 5467 2917 5547 i724)et
2947 5469 3005 5525 S.
3037 5468 3296 5547 Subinde
3326 5463 3625 5547 γευόμενος

248 5530 349 5612 QC.
382 5538 459 5606 3.,
488 5530 790 5614 γευομένων
823 5549 881 5599 C.
914 5545 1063 5601 Tum
1122 5546 1317 5613 θνητοῦ
1346 5563 1399 5617 p.
1441 5530 1744 5616 τμήτοῦὈ.
1826 5546 1840 5580 ¹
1875 5540 2183 5616 ἐμπιμπλώ
2235 5530 2346 5601 ενός
2380 5540 2437 5593 C.

249 5606 359 5662 Inde
410 5608 488 5662 ὅτι
545 5614 609 5668 0.
684 5616 706 5650 ³
731 5619 839 5669 τῶν
871 5633 987 5669 om.
1022 5617 1085 5669 Ο.
1162 5617 1184 5651 ⁸
1216 5615 1607 5669 ἐξαμαοτῶσιν.
1638 5616 1674 5669 ἢ
1742 5615 2147 5669 now-noctuam
2321 5613 2341 5646 ⁵
2372 5609 2430 5669 ἀξ

1162 5615 1607 5692 ζέξαμέιετῷψ»
1638 5616 1674 5692 ἢ
1706 5615 2147 5692 ,μοιχησάμενςῑι
2181 5615 2256 5692 Co,
2290 5615 2341 5692 ,⁵
2372 5615 2453 5679 ἀξι
2512 5616 2530 5692 ς

249 5673 583 5761 λόμοδέαιτον
616 5684 678 5741 0.
753 5685 776 5721 θ
799 5685 1045 5758 κείμενον
1075 5687 1138 5743 0.
1170 5673 1319 5742 Tu‘m.
1352 5673 1420 5741 δί’
1510 5673 1606 5744 (λ’
1626 5673 1673 5761 ᾼδ
1703 5673 1925 5761 savage};
1956 5673 2015 5743 0‘.
2044 5758 2073 5761 ζ
2096 5687 2140 5724 ¹⁶
2167 5673 2636 5761 καί-παρέτιςίρεῖ
2677 5698 2744 5761 ϐξ
2774 5682 2841 5761 Ο,;
2918 5685 2963 5721 ¹¹
3019 5684 3089 5756 τῇ
3150 5682 3207 5749 δ’
3273 5681 3339 5755 Ο)

249 5604 359 5662 inde
410 5604 514 5662 ὅτι’
545 5604 632 5668 Ο.’
684 5616 706 5650 ³
731 5619 839 5669 τῶν
871 5633 987 5671 om.
1022 5617 1085 5672 0.

2516 5540 2538 5575 ²
2570 5540 2653 5594 Ita
2682 5539 2725 5595 0
2774 5539 2836 5596 οξ
2882 5542 2966 5605 8.,
3025 5539 3309 5610 φεύξησθε,
3342 5539 3405 5593 C.
3467 5539 3618 5610 Sub-

2321 5609 2453 5679 δάξι
2512 5610 2640 5694 (sic)
2699 5611 2762 5667 0.
2839 5612 2860 5647 ⁸
2898 5609 3070 5665 ποιεῖν
3130 5609 3343 5666 excidit
3400 5626 3492 5692 ap:
3554 5609 3615 5666 S.

2321 5698 2629 5746 ranscrlpm
2677 5698 2744 5738 ex
2774 5682 2840 5738 0.
2918 5685 2963 5721 ¹¹
3019 5684 3089 5746 τῇ
3150 5682 3207 5746 S,
3273 5681 3339 5746 0,
3396 5699 3493 5734 του
3550 5682 3615 5746 C,

250 5745 289 5782 ¹²
313 5745 363 5805 ἄν
388 5752 493 5825 CL,
522 5772 638 5813 non
668 5758 753 5830 0.,
786 5764 854 5816 ut
881 5745 1026 5817 falso
1057 5759 1259 5818 scribit
1286 5763 1343 5815 8.
1422 5759 1467 5797 ¹³
1492 5760 1590 5814 τοῦ
1614 5758 1680 5817 0.
1759 5761 1805 5798 ¹⁴
1833 5757 2006 5821 οὕτως
2034 5758 2097 5816 0.
2176 5757 2221 5794 ¹⁸
2255 5757 2340 5813 Ita
2366 5755 2447 5831 8.,
2482 5745 2668 5808 ἑαυτόν
2702 5753 2761 5828 C,
2804 5753 2869 5813 0.
