4086 6216
322 431 439 491 239

1140 425 1201 485 8.
1253 422 1695 487 CLEMENTIS
1743 423 1764 485 Ι
1816 422 1999 486 ΗΟΜ.
2048 423 2279 487 PUNT.
2326 422 2590 487 OPERA
2634 423 2904 486 DUBIA.

3608 419 3731 482 240

324 560 606 633 gneravit,
639 557 791 628 quod
841 559 949 626 est,
983 572 1097 612 non
1153 554 1324 612 licere
1372 557 1613 629 posthac
1644 557 1964 635 quidquam
1998 620 2000 626 λ

2116 556 2171 610 π’
2218 555 2382 610 αὐτοῦ
2429 553 2729 628 δεδομένων
2783 557 2827 592 ¹⁶
2873 548 3058 609 λαϐεῖν
3107 572 3157 608 τι
3205 551 3491 624 ἠθέλησεν’
3542 552 3729 607 ἑαυτὸν

325 650 397 705 ab
416 649 542 720 ipso
561 648 905 702 tradilorum
926 645 1013 703 vel
1033 646 1615 717 tangere.Respondit
1635 662 1770 718 ergo
1794 662 1808 703 :
1833 646 1978 702 Scri-

325 746 481 808 ptum
510 746 610 808 est,
644 737 940 792 Dominum
986 737 1156 792 Deum
1204 742 1362 790 tuum
1418 735 1767 806 revereberz's,
1799 734 1979 791 etilli

326 825 431 883 soli
459 827 663 882 servies
693 825 790 898 (α).

401 1109 574 1166 XXII.
608 1108 887 1164 Caeterum
938 1107 1253 1179 impiorum
1288 1122 1407 1176 rex,
1458 1122 1592 1163 cum
1626 1123 1820 1180 regem
1854 1107 1977 1181 pio-

332 1216 463 1254 rum
499 1199 567 1253 ad
602 1214 769 1254 suam
798 1197 1084 1253 adducere
1113 1194 1471 1251 voluntatem
1526 1195 1849 1268 plurimum
1880 1213 1979 1252 co-

2082 644 2183 721 γὰρ
2233 644 2325 699 σὺν
2381 649 2497 707 τοῖς
2546 645 2737 699 ἑαυτοῦ
2789 643 3227 719 κατεθεχύραζεν,
3260 642 3391 718 ὅπερ
3445 641 3607 714 ἐστὶν,
3653 644 3728 715 μὴ

2085 732 2275 803 ἐξεῖναι
2323 737 2421 787 τοῦ
2470 732 2668 789 λοιποῦ
2712 737 2820 789 τῶν
2882 732 3029 803 αὐτῷ
3079 736 3121 769 17
3167 729 3541 787 ἀποδοθέντων
3594 728 3734 804 μηδὲ

2084 824 2281 896 ψαῦσαι
2347 824 2497 881 I95
2577 818 2676 880 ἔτι.
2748 822 3209 897 Ἀποκρινάμενος
3276 819 3367 876 οῦν
3440 818 3565 899 ἔφη·
3640 820 3732 875 Γέ-

2085 931 2344 987 γραπται,
2378 909 2576 986 Κύριον
2622 911 2715 966 τὸν
2770 910 2895 966 Θεόν
2947 931 3043 965 σου
3091 905 3403 988 φοϐηθήσῃ,
3454 910 3546 964 καὶ
3589 908 3733 981 αὐτῷ

2087 999 2401 1075 λατρεύσεις
2438 1000 2610 1073 μόνῳ.

2161 1112 2325 1164 XXII.
2357 1105 2513 1176 Πλὴν
2548 1109 2575 1162 ὁ
2604 1111 2712 1163 τῶν
2745 1101 2950 1163 ἀσεϐῶν
2983 1109 3026 1145 ¹⁸
3062 1105 3314 1183 βασιλεὺς
3372 1107 3511 1161 κατὰ
3556 1104 3750 1162 πολλά

2088 1195 2179 1250 τὸν
2207 1200 2315 1250 τῶν
2344 1191 2577 1251 εὐσεϐῶν
2615 1195 2841 1273 βασιλέα
2869 1196 3006 1272 πρὸς
3028 1197 3091 1251 τὸ
3113 1196 3304 1250 ἑαυτοῦ
3329 1192 3595 1271 βούλημα
3612 1216 3722 1271 παρ

336 1293 509 1344 natus
539 1292 693 1344 esset
722 1302 827 1342 nec
849 1284 1153 1358 potuisset,
1189 1285 1367 1339 finem
1393 1285 1545 1354 fecit,
1579 1290 1636 1341 et
1666 1285 1724 1339 in
1758 1284 1983 1357 reliqua

2114 1285 2240 1359 ίγειν
2314 1286 2655 1362 πειρώμενος
2736 1285 2825 1340 καὶ
2901 1287 2976 1359 μὴ
3046 1282 3295 1354 δυνηθεὶς
3352 1288 3397 1323 1⁸
3455 1284 3748 1356 ἐπαύσατο,

334 1378 455 1435 vita
483 1376 651 1432 illum
685 1375 979 1431 nitebatur
1021 1379 1271 1444 captare.
1316 1373 1425 1428 Vos
1468 1390 1602 1429 vero
1633 1374 1981 1446 praefinitam

337 1467 673 1538 ignorantes
720 1464 907 1536 legem
955 1463 1027 1519 ob
1079 1461 1233 1518 mala
1280 1479 1458 1534 opera
1510 1464 1621 1517 sub
1652 1462 1809 1518 illius
1841 1462 1982 1519 estis

339 1558 643 1628 potestate.
677 1553 958 1617 Quocirca
986 1567 1224 1623 corpore
1253 1557 1311 1607 et
1340 1551 1538 1607 anima
1569 1550 1859 1607 maculam
1886 1568 1984 1624 ge-

342 1644 507 1705 ritis:
541 1646 597 1698 et
626 1643 686 1698 in
718 1640 988 1713 praesenti
1021 1640 1257 1712 quidem
1291 1657 1325 1696 a
1365 1641 1586 1696 morbis
1616 1645 1674 1696 et
1704 1641 1979 1696 daemoni-

344 1735 452 1789 bus
481 1730 821 1796 illudimini,
851 1731 909 1784 in
964 1730 1157 1784 futuro
1207 1732 1401 1784 autem
1432 1728 1743 1785 animabus
1782 1729 1986 1801 punie-

346 1821 507 1877 mini.
545 1824 660 1875 Hoc
685 1835 818 1875 vero
867 1835 981 1874 non
1035 1834 1133 1873 vos
1182 1817 1290 1873 soli
1340 1818 1411 1872 ab
1459 1817 1788 1889 ignorantia
1828 1816 1985 1889 passi

346 1910 506 1980 estis,
540 1909 639 1964 sed
672 1912 728 1963 et
757 1906 1020 1963 nonnulli
1053 1922 1123 1962 ex
1153 1910 1350 1962 nostra
1372 1912 1565 1978 gente,
1598 1906 1696 1978 qui
1727 1906 1785 1961 in
1818 1904 1989 1962 malis

349 2000 620 2071 operibus
642 2015 677 2053 a
707 1997 939 2052 malitiae
971 1996 1118 2051 duce
1164 1996 1451 2067 occupati,
1498 2000 1702 2066 postea
1732 1994 1892 2052 velut
1921 1995 1992 2050 ad

350 2103 570 2143 caenam
605 2104 638 2141 a
669 2090 829 2158 patre
863 2084 964 2140 filii
988 2084 1224 2156 nuptias
1249 2083 1576 2140 celebrante
1599 2084 1847 2148 invitati,
1878 2099 1993 2138 non

352 2177 697 2231 obedierunt
718 2175 816 2247 (b).
849 2175 912 2229 ln
942 2173 1136 2228 locum
1168 2177 1363 2229 autem
1398 2172 1737 2244 eorum,qui
1765 2175 1999 2244 propter

353 2265 794 2337 occupationem
825 2264 1269 2333 denegaverant,
1322 2262 1424 2333 qui
1474 2261 1592 2316 tilio
1642 2261 1877 2332 nuptias
1906 2276 1999 2316 ce-

353 2355 615 2409 lebrabat
643 2357 807 2424 pater
826 2368 929 2423 per
953 2351 1211 2407 veritatis
1232 2349 1581 2422 Prophetam
1596 2350 1781 2420 jussit
1806 2349 1998 2421 nobis,

358 2449 422 2499 ut
451 2441 741 2515 progressi
775 2441 847 2496 ad
891 2440 1081 2495 exitus
1125 2440 1374 2510 viarum,
1406 2440 1465 2495 id
1514 2444 1603 2495 est
1632 2440 1703 2494 ad
1756 2455 1878 2507 vos,
1910 2438 2000 2493 in-

358 2533 673 2588 dueremus
705 2546 906 2603 purum
952 2533 1170 2585 vestem
1219 2528 1564 2601 nuptialem,
1623 2546 1750 2600 quae
1780 2532 1871 2584 est
1900 2528 2002 2583 ba-

360 2621 595 2692 ptisma,
625 2619 779 2690 quod
802 2619 861 2673 in
883 2617 1290 2673 remissionem
1314 2618 1378 2672 ﬁt
1400 2621 1768 2689 peccatorum
1793 2621 2006 2673 vestro-

364 2727 520 2779 rum,
551 2712 609 2764 et
639 2712 703 2763 ut
730 2708 915 2762 bonos
945 2707 1004 2762 in
1052 2707 1154 2762 Dei
1197 2722 1418 2762 scenam
1454 2706 1694 2762 inducat
1725 2721 1794 2762 ex
1822 2705 2005 2778 ρωπί-

363 2799 567 2870 tentia,
593 2797 727 2852 licet
754 2796 920 2851 initio
952 2796 1023 2851 ab
1054 2795 1244 2867 epulis
1275 2796 1584 2851 abfuerint.

2091 1373 2227 1447 πρὸς
2259 1373 2326 1427 τὰ
2356 1372 2526 1428 λοιπὰ
2571 1380 2673 1443 τῆς
2714 1372 2994 1435 πολιτείας
3041 1373 3285 1449 θηρεύειν
3334 1373 3492 1428 αὐτὸν
3540 1373 3754 1449 ἐπιχει-

2095 1465 2224 1538 ρῶν.
2264 1462 2446 1535 Ὑμεῖς
2496 1459 2555 1517 δὲ
2598 1463 2689 1517 τὸν
2748 1464 3141 1539 προορισθέντα
3185 1462 3354 1535 νόμον
3424 1462 3751 1538 ἀγνοοῦντες

2095 1546 2185 1605 διὰ
2228 1554 2337 1605 τῶν
2389 1555 2568 1606 κακῶν
2626 1552 2868 1627 πράξεων
2936 1552 3040 1607 ὑπὸ
3107 1553 3206 1622 τήν
3271 1551 3513 1623 ἐξουσίαν
3584 1552 3753 1608 αὐτοῦ

2095 1637 2358 1714 ἐγένεσθε.
2410 1640 2504 1693 Διὸ
2568 1644 2728 1713 σῶμα
2792 1641 2882 1695 καὶ
2947 1642 3132 1716 ψυχὴν
3193 1639 3504 1714 ἐμιάνθητε·
3552 1642 3642 1696 καὶ
3697 1642 3754 1696 ἐν

2105 1728 2222 1800 μὲν·
2254 1732 2334 1800 τῷ
2363 1727 2591 1804 παρόντι
2623 1728 2725 1783 ὑπό
2757 1748 2815 1784 τε
2845 1731 3029 1784 παθῶν
3078 1730 3171 1784 καὶ
3211 1724 3484 1803 δαιμόνων
3544 1724 3763 1805 ἐνυϐρί-

2102 1820 2272 1885 ζεσθε,
2305 1815 2357 1870 ἐν
2386 1813 2444 1871 δὲ
2468 1820 2547 1889 τῷ
2587 1815 2851 1890 μέλλοντι
2883 1820 2929 1855 ²⁰
2967 1817 3062 1879 τὰς
3112 1818 3295 1893 ψυχὰς
3342 1817 3760 1892 κολασθησομέ-

2024 1929 2070 1993 Β
2098 1925 2192 1967 νας
2222 1901 2385 1975 ἕξετε.
2412 1910 2583 1961 Τοῦτο
2621 1903 2679 1960 δὲ
2708 1905 2815 1982 οὐχ
2845 1906 3002 1980 ὑμεῖς
3055 1905 3208 1979 μόνοι
3252 1907 3353 1961 ὑπὸ
3404 1906 3627 1983 ἀγνοίας
3654 1927 3759 1961 πε-

2102 1994 2352 2058 πόνθατε,
2399 1992 2547 2050 ἀλλά
2591 1994 2681 2050 καί
2729 2016 2872 2057 τινες
2921 2000 3017 2050 τοῦ
3065 1995 3338 2072 ἡμετέρου
3379 1993 3585 2066 ἔθνους,
3620 1993 3759 2051 οἵτι-

2103 2104 2189 2145 νες
2222 2082 2310 2138 ἐπὶ
2341 2089 2531 2146 κακαῖς
2578 2084 2829 2160 πράξεσιν
2874 2085 2976 2139 ὑπὸ
3022 2089 3119 2139 τοῦ
3166 2091 3265 2154 τῆς
3312 2085 3504 2147 κακίας
3554 2083 3768 2160 ἡγεμό-

2104 2192 2193 2234 νος
2241 2171 2672 2250 προληφθέντες,
2706 2169 2890 2228 ἔπειτα
2933 2172 3114 2250 ὥσπερ
3163 2173 3252 2228 ἐπὶ
3301 2177 3346 2212 ²¹
3396 2172 3609 2230 δεῖπνον
3656 2173 3762 2229 ὑπὸ

2106 2262 2309 2337 πατρὸς
2342 2262 2444 2334 υἱῷ
2483 2259 2769 2324 τελοῦντος
2818 2262 3026 2338 γάμους
3063 2261 3352 2333 κληθέντες
3400 2263 3509 2338 οὐχ
3538 2266 3585 2300 ’2
3621 2264 3765 2332 ὑπή-

2107 2370 2322 2407 κουσαν.
2356 2349 2500 2407 Ἀντὶ
2550 2348 2607 2405 δὲ
2650 2355 2758 2405 τῶν
2808 2351 3214 2421 ἀπειθησάντων
3266 2350 3355 2406 διὰ
3403 2353 3501 2421 τὴν
3537 2350 3761 2429 Πρύλη-

2109 2441 2199 2513 ψιν
2234 2440 2261 2493 ὁ
2289 2438 2420 2501 τοὺς
2447 2441 2659 2514 γάμους
2688 2444 2766 2511 τῷ
2795 2438 2898 2513 υἱῷ
2925 2440 3099 2496 τελῶν
3129 2442 3309 2517 πατὴρ
3344 2439 3433 2496 διὰ
3479 2446 3578 2496 τοῦ
3626 2461 3761 2518 προ-

2113 2530 2288 2605 φήτου
2324 2534 2427 2598 τῆς
2483 2526 2744 2599 ἀληθείας
2801 2527 3075 2585 ἐκέλευσεν
3124 2532 3284 2603 ἡμῖν,
3319 2529 3393 2592 είς
3440 2528 3538 2593 τὰς
3597 2527 3763 2600 διεξό-

2115 2614 2238 2678 δους
2284 2620 2391 2672 τῶν
2445 2614 2585 2672 ὁδῶν
2623 2615 2895 2690 ἐλθοῦσιν,
2931 2617 2961 2672 ὅ
2991 2617 3100 2673 ἐστι
3148 2619 3287 2693 πρὸς
3335 2619 3497 2691 ὑμᾶς,
3528 2619 3765 2694 καθαρὸν

2114 2702 2315 2778 ἔνδυμα
2377 2706 2555 2781 γάμου
2625 2701 2965 2783 περιϐαλεῖν,
3016 2706 3149 2783 ὅπερ
3212 2706 3324 2761 ἐστὶ
3390 2708 3687 2784 βάπτισμα,
3739 2707 3771 2763 ’ὁ

2116 2793 2192 2856 εἷς
2251 2792 2433 2869 ἄφεσιν
2492 2794 2688 2872 γίνεται
2748 2800 2854 2850 τῶν
2921 2794 3312 2873 πεπραγμένων
3380 2796 3505 2869 ὑμῖν
3556 2800 3767 2866 κακῶν,

366 2886 456 2942 καὶ
486 2889 532 2923 ²³
560 2883 689 2947 τοὺς
746 2882 973 2959 ἀγαθοὺς
1029 2882 1107 2946 είς
1158 2882 1221 2938 τὸ
1286 2888 1420 2939 Θεοῦ
1477 2880 1688 2939 δεῖπνον
1747 2881 2141 2960 εἰσάγεινυὲκ
2165 2889 2267 2955 τῆς
2323 2882 2703 2958 μεταμελείας,
2734 2883 2908 2940 εἶκαὶ
2965 2885 3064 2955 τήν
3123 2885 3301 2961 ἀρχὴν
3361 2883 3763 2960 ἀπελείφθησαν

367 2982 469 3047 τῆς
499 2973 758 3050 εὐωχίας.

446 3068 644 3124 XXIII.
677 3067 737 3123 Si
765 3066 941 3122 vultis
968 3066 1165 3138 itaque
1196 3070 1261 3122 ut
1290 3065 1442 3122 ﬁatis
1489 3064 1899 3121 vestimentum
1931 3063 2017 3121 di-

374 3157 493 3214 vini
516 3156 779 3229 spiritus,
802 3155 1092 3211 enitimini
1112 3154 1302 3227 primo
1324 3171 1532 3211 exuere
1553 3155 1853 3210 sordidam
1876 3170 2020 3226 prae-

375 3245 773 3318 sumptionem
803 3248 1077 3311 vestram,
1110 3260 1237 3315 quae
1263 3246 1352 3299 est
1379 3242 1721 3298 immundus
1753 3242 2019 3315 spiritus,

370 3339 427 3390 et
456 3335 755 3406 impurum
781 3332 1116 3389 amiculum.
1150 3331 1275 3387 Non
1299 3332 1547 3404 potestis
1568 3336 1765 3387 autem
1788 3330 1903 3387 alia
1923 3348 2017 3387 ra-

368 3424 527 3480 tione
558 3424 865 3495 deponere,
901 3421 1015 3477 nisi
1046 3419 1210 3493 prius
1240 3420 1298 3476 in
1334 3420 1503 3477 bonis
1552 3419 1877 3477 actionibus
1916 3420 2020 3475 ba-

368 3511 702 3585 ptizemini:
738 3515 912 3582 atque
938 3510 1019 3566 ita
1067 3510 1199 3582 puri
1246 3525 1486 3581 corpore
1519 3513 1574 3565 et
1604 3509 1800 3564 anima
1830 3509 2017 3564 eil‘ecti

368 3602 568 3656 futuro
598 3605 875 3672 perpetuo
924 3615 1101 3670 regno
1150 3598 1447 3654 fruemini.
1498 3598 1680 3670 Igitur
1709 3614 1815 3654 nec
1846 3596 2018 3654 idolis

370 3690 587 3745 credite
618 3704 723 3743 nec
740 3704 954 3743 mensae
975 3704 1177 3743 eorum
1201 3687 1279 3741 im
1286 3703 1445 3759 pura:
1474 3686 1787 3760 participes
1808 3690 2013 3755 estote,

367 3795 485 3835 non
543 3776 808 3845 occidite,
840 3793 955 3832 non
1007 3775 1348 3847 adulterate,
1381 3793 1496 3832 non
1539 3776 1671 3832 odio
1703 3776 2015 3848 prosequi-

366 3867 511 3923 mini
542 3883 686 3940 quos
717 3883 833 3922 non
864 3866 1047 3931 decet,
1082 3882 1197 3921 non
1229 3865 1451 3920 furtum
1486 3865 1654 3921 facite
1686 3881 1872 3937 neque
1892 3881 2014 3920 om-

363 3956 501 4011 nino
534 3956 821 4028 capessite
852 3953 970 4010 ulla
1001 3972 1179 4027 prava
1208 3954 1485 4009 facinora.
1542 3952 1815 4024 Alioquin
1852 3955 2009 4010 iutu-

364 4062 563 4101 rorum
597 4060 698 4117 spe
731 4043 937 4117 privati
958 4044 1016 4098 in
1040 4042 1305 4116 praesenti
1331 4043 1566 4114 quidem
1596 4041 1807 4098 saeculo
1830 4060 1864 4097 a
1893 4060 2011 4099 ma-

362 4134 438 4190 lis
470 4134 834 4189 daamonibus
863 4136 918 4189 et
951 4148 985 4187 a
1012 4132 1290 4204 gravibus
1312 4132 1533 4186 morbis
1559 4130 1925 4199 vexabimini,
1946 4133 2004 4187 in

360 4225 558 4279 futuro
590 4227 786 4278 autem
817 4222 971 4294 ignis
1003 4221 1201 4277 aeterni
1233 4220 1429 4276 feretis
1460 4220 1834 4291 supplicium.
1871 4223 2008 4287 Quae

360 4327 496 4382 ergo
529 4311 700 4366 hodie
729 4310 891 4365 vobis
934 4310 1090 4365 dicta
1130 4313 1288 4374 sunt,
1342 4308 1653 4364 sufﬁciant.
1687 4309 1766 4365 De
1797 4314 2003 4366 caetero

358 4400 459 4471 qui
480 4404 741 4457 vestrum
764 4398 983 4454 morbis
998 4396 1383 4465 afﬂictamini,
1404 4398 1474 4452 ad
1502 4398 1892 4469 recipiendam
1915 4416 2005 4455 sa-

353 4490 600 4545 nitatem
630 4492 879 4555 manete,
910 4503 978 4542 ex
1003 4485 1134 4543 aliis
1161 4503 1317 4554 vero,
1349 4484 1451 4557 qui
1475 4483 1673 4555 vultis,
1707 4502 1837 4542 cum
1861 4503 2002 4559 pace

356 4577 530 4633 abite.

424 4756 614 4813 XXIV.
651 4756 782 4813 Haec
812 4771 944 4812 cum
976 4754 1241 4823 dixisset,
1273 4769 1477 4809 omnes
1527 4755 1997 4825 permanserunt,

353 4846 449 4903 alii
483 4850 548 4903 ut
564 4850 927 4911 curarentur,
952 4843 1049 4900 alii
1075 4847 1135 4898 ut
1156 4842 1417 4899 viderent
1441 4858 1539 4897 eos
1567 4841 1664 4913 qui
1690 4841 1998 4897 sanitatem

351 4935 693 5008 reciperent.
726 4939 932 4990 Petrus
964 4937 1159 4989 autem
1213 4933 1497 4987 duntaxat
1542 4930 1850 5001 imponens
1881 4929 2000 4986 illis

352 5040 564 5080 manus
602 5027 659 5079 et
688 5027 956 5095 precatus
978 5021 1243 5078 sanavit:
1272 5020 1437 5089 adeo,
1468 5022 1534 5074 ut
1553 5017 1652 5090 qui
1686 5019 1881 5075 subito
1902 5036 2001 5075 cu-

419 5150 498 5222 (a)
527 5149 727 5206 Matth.
760 5166 814 5206 Iv
840 5167 854 5220 ;
888 5151 1020 5206 Luc.
1052 5166 1127 5205 Iv.
1204 5148 1279 5222 (b)
1311 5147 1517 5204 Matth.
1548 5164 1686 5203 χχιι.

2200 3066 2354 3121 196
2386 3069 2573 3119 XXIII.
2608 3062 2853 3139 ’Ένδυμα
2896 3063 2991 3120 οὖν
3041 3064 3088 3120 εἰ
3140 3065 3401 3141 βούλεσθε
3443 3067 3489 3102 2⁸
3532 3064 3781 3141 γενέσθαι

2128 3152 2277 3208 θείου
2326 3152 2663 3227 ΙΙνεύματος,
2698 3152 3032 3211 σπουδάσατε
3077 3159 3291 3226 πρῶτον
3347 3151 3666 3219 ἐκδύσασθαι
3716 3156 3784 3211 τὸ

2133 3241 2368 3319 ῥυπαρὸν
2440 3243 2591 3316 ὑμῶν
2659 3243 2994 3320 πρόλημμα,
3060 3242 3193 3320 ὅπερ
3265 3243 3403 3299 ἐστὶν
3480 3243 3779 3320 ἀκάθαρτον

2130 3335 2364 3405 πνεῦμα,
2395 3331 2483 3386 καὶ
2519 3332 2710 3409 μιαρὸν
2743 3328 3083 3409 περίϐλημα.
3111 3338 3280 3388 Τοῦτο
3332 3331 3389 3389 δὲ
3435 3333 3535 3389 οὐκ
3592 3331 3781 3396 ἄλλως

2128 3416 2492 3474 ἀποδύσασθαι
2544 3418 2788 3493 δύνασθε,
2835 3420 2921 3476 ἐὰν
2976 3423 3051 3496 μή
3103 3421 3363 3499 πρότερον
3436 3420 3523 3477 ἐπὶ
3590 3420 3787 3484 καλαῖς

2127 3508 2347 3585 πράξεσι
2382 3510 2729 3585 βαπτισθῆτε·
2759 3511 2849 3565 καὶ
2880 3508 3027 3566 οὕτω
3057 3511 3283 3585 καθαροὶ
3332 3510 3545 3585 σώματί
3592 3532 3655 3566 τε
3697 3510 3793 3566 καὶ

2125 3599 2281 3673 ψυχῇ
2312 3597 2599 3673 γενόμενοι
2627 3606 2728 3669 τῆς
2779 3598 3040 3672 ἐσομένης
3090 3597 3269 3655 ἀϊδίου
3324 3598 3605 3675 βασιλείας
3653 3598 3798 3654 ἀπο-

2125 3683 2350 3742 λαύσετε
2380 3690 2445 3745 “.
2480 3690 2630 3759 Μήτε
2678 3686 2768 3743 οὖν
2820 3686 3077 3751 εἰδώλοις
3125 3686 3424 3757 πιστεύετε,
3459 3690 3600 3761 μήτε
3647 3707 3791 3763 τρα-

2122 3776 2294 3846 πέζης
2322 3775 2508 3838 αὐτοῖς
2557 3782 2866 3833 κοινωνεῖτε
2921 3783 3138 3852 μιαρᾶς,
3192 3778 3267 3851 μὴ
3324 3775 3647 3853 φονεύσητε,
3702 3777 3786 3849 μή

2125 3864 2431 3940 μοιχεύετε,
2467 3866 2544 3938 μὴ
2581 3866 2848 3937 μισήσητε
2878 3865 2968 3928 οὓς
3000 3867 3073 3938 μὴ
3109 3863 3338 3935 δίκαιον,
3376 3866 3451 3938 μὴ
3482 3863 3771 3934 κΛέπτετε,

2123 3950 2264 4026 μηδὲ
2318 3959 2508 4016 κακαῖς
2569 3957 2612 3990 ³⁷
2664 3952 2795 4008 τισῖν
2857 3954 3002 4017 ὅλως
3072 3955 3323 4031 πράξεσιν
3382 3949 3767 4011 ἐπιϐάλλεσθε.

2118 4039 2264 4096 Ἐπεῖ
2292 4046 2398 4096 τῶν
2432 4040 2703 4116 ἐσσμένων
2738 4044 2953 4118 ἀγαθῶν
3000 4043 3340 4119 στερηθέντες
3386 4050 3487 4112 τῆς
3538 4039 3770 4105 ἐλπίδος

2116 4128 2167 4184 ἐν
2205 4131 2299 4204 μὲν
2330 4135 2408 4202 τῷ
2436 4130 2660 4205 παρόντι
2694 4131 2796 4186 ὑπό
2824 4153 2884 4187 τε
2923 4137 3098 4187 κακῶν
3143 4126 3416 4205 δαιμόνων
3462 4131 3551 4185 καὶ
3594 4128 3770 4206 χαλε-

2113 4223 2230 4274 πῶν
2281 4221 2618 4293 παθημάτων
2667 4220 3141 4292 συνελασθήσεσθε,
3193 4221 3244 4276 ἐν
3288 4218 3345 4275 δὲ
3393 4224 3473 4293 τῷ
3521 4220 3770 4293 ἐσομένῳ

2112 4307 2270 4362 αἰῶνι
2303 4306 2462 4381 ἀϊδίῳ
2490 4306 2888 4379 κολασθήσεσθε
2925 4309 3074 4387 πυρί.
3106 4311 3181 4365 Τὰ
3232 4311 3325 4383 μὲν
3382 4307 3474 4365 οὖν
3524 4311 3769 4385 σήμερον

2114 4397 2239 4471 ὑμῖν
2287 4397 2517 4473 ῥηθέντα
2579 4398 2860 4473 αὐτάρκως
2915 4397 3053 4474 ἔχει.
3106 4399 3309 4454 Λοιπὸν
3377 4396 3455 4471 δὲ,
3508 4398 3661 4471 ὑμῶν
3713 4398 3767 4453 οἱ

2115 4487 2209 4559 μὲν
2259 4488 2303 4523 2⁸
2345 4485 2450 4541 ὐπὸ
2501 4488 2837 4560 παθημάτων
2886 4486 3223 4562 ὀχλούμενοι
3274 4487 3411 4563 πρὸς
3474 4488 3572 4556 τὴν
3625 4484 3766 4541 ἲασιν

2110 4575 2496 4649 παραμείνατε,
2528 4579 2634 4630 τῶν
2667 4572 2725 4630 δὲ
2754 4573 2941 4631 ἄλλων
2988 4576 3040 4631 οἱ
3095 4574 3427 4652 βουλόμενοι
3462 4576 3578 4650 μετ’
3609 4575 3763 4653 εἰρή-

2028 4676 2074 4741 D
2105 4685 2204 4734 νης
2232 4662 2544 4741 πορεύεσθε.

2179 4754 2368 4810 XXIV.
2399 4756 2574 4808 Ταῦτα
2620 4751 2784 4807 αὐτοῦ
2846 4751 3090 4815 εἰπόντος
3139 4753 3191 4809 οἱ
3240 4753 3432 4815 πάντες
3495 4750 3760 4829 παρέμειο

2107 4860 2220 4910 ναν,
2254 4842 2306 4895 οἱ
2340 4840 2434 4913 μὲν
2463 4844 2558 4896 τοῦ
2598 4842 2989 4916 θεραπευθῆναι
3038 4843 3227 4918 χάριν,
3258 4844 3312 4897 οἱ
3361 4840 3419 4897 δὲ
3466 4846 3563 4897 τοῦ
3611 4843 3759 4897 ἱστο-

2110 4935 2271 5005 ρῆσαι
2348 4929 2479 4993 τοὺς
2552 4936 2652 5000 τῆς
2716 4928 3000 5006 θεραπείας
3071 4930 3544 5008 ἐπιτυγχάνοντας.
3596 4932 3653 4984 Ὁ
3701 4929 3762 4986 δὲ

2107 5017 2309 5095 Πέτρος
2353 5020 2448 5082 τὰς
2498 5024 2692 5096 χεῖρας
2739 5019 2922 5083 αὐτοῖς
2971 5019 3173 5085 ἐπιθεὶς
3252 5020 3410 5095 μόνον
3473 5021 3564 5076 καὶ
3613 5012 3761 5091 εὐξά-

1703 5281 1940 5340 VARI/E
1980 5282 2400 5339 LECTIONES.

419 5382 463 5418 1⁸
494 5374 798 5456 δεδομένων
850 5381 908 5437 in
956 5385 1093 5438 text.
1120 5381 1322 5456 recepi
1355 5398 1404 5456 ο.
1438 5381 1503 5456 Ο.
1585 5381 1626 5417 1⁷
1657 5376 1803 5456 αὐτῷ
1853 5398 1968 5437 non
2000 5379 2225 5456 legitur
2271 5380 2329 5456 in
2360 5380 2423 5456 ο.
2447 5378 2513 5456 _S.
2548 5380 2697 5437 Tum
2749 5383 2881 5440 fort.
2916 5381 3033 5456 leg.
3074 5375 3150 5437 ἔτι
3200 5399 3272 5456 τι,
3317 5378 3609 5456 DeindeC
3637 5396 3754 5437 non

344 5451 728 5535 rprlteavertirt
778 5454 1151 5535 oppignerauit
1214 5451 1285 5509 et
1326 5453 1393 5507 ab
1450 5455 1577 5535 ipse,
1616 5451 1964 5535 traditarum.
1999 5451 2230 5535 Vertere
2289 5451 2546 5535 debebat
2579 5470 2592 5509 :
2626 5451 3091 5535 ρρρίρῃενιιυίῖςδεςς
3112 5458 3201 5535 ‘et
3241 5455 3367 5535 ipsi;
3398 5452 3753 5535 εναᾴἰςονςιξῃ.

346 5524 390 5558 1⁸
420 5516 625 5595 ἀσεϐῶς
683 5524 748 5593 Ο,
782 5516 856 5579 ἱὶί
904 5516 1096 5595 Inan.
1157 5541 1268 5578 sec.
1334 5516 1488 5595 man.
1551 5519 1681 5583 ἴσως
1739 5522 1991 5595 εὐσεοῶν.
2070 5525 2116 5560 ¹⁹
2142 5522 2230 5576 καί

340 5596 385 5629 22
444 5593 550 5668 οὐχ

336 5738 585 5821 βροοεεὶι
616 5754 683 5796 ex
713 5739 778 5797 Ο.

2279 5520 2590 5597 ᾐδύνηθείςΑ
2754 5520 2802 5561 ἕο
2832 5530 2950 5586 τοῖς
3003 5520 3296 5597 μέλλουσιν
3321 5526 3418 5597 Ο.Δ
3466 5524 3510 5560 ²¹
3548 5521 3654 5597 ὑπό
3686 5524 3756 5580 0.

455 5593 550 5668 )ὐχ
609 5590 744 5651 add.
804 5613 853 5651 c.
914 5598 981 5651 0.
1042 5590 1100 5631 ‘93
1151 5598 1327 5648 κακῶν
1385 5593 1475 5648 καὶ
1534 5598 1594 5651 C.
1672 5596 1717 5628 "
1765 5594 1963 5671 εἰσάγει
2018 5601 2075 5651 C.
2154 5597 2200 5631 ³⁵
2257 5590 2310 5647 εἰν
2368 5590 2629 5668 βούλεσθε
2675 5595 2718 5651 0
2768 5602 2825 5652 et
2855 5590 3226 5704 ’Ssecundum
3276 5594 3760 5667 Clericum)Cex

455 5667 667 5704 innfnnn
747 5670 940 5704 ιονιηα
994 5665 1051 5704 ni
1114 5659 1398 5704 ἐξέδωκας
1498 5666 1546 5701 26
1576 5665 1657 5704 nn
1717 5666 1762 5704 n
1819 5671 1873 5704 αι
1940 5668 2070 5704 ιῖιιην
2140 5683 2169 5704 ρ
2240 5667 2267 5704 I.
2342 5662 2756 5704 kenlnunnn
2935 5668 3008 5704 ...λ
3042 5665 3392 5704 κενηηοητρη
3490 5666 3616 5704 sunt
3658 5666 3755 5704 ..δυ

340 5659 693 5742 conjectura,
723 5670 942 5742 _textus
994 5665 1051 5722 Ci
1113 5659 1420 5723 ἐϐούλεσθε.
1498 5666 1546 5701 ³⁸
1576 5665 1662 5723 Ita
1717 5666 1762 5724 Ο
1819 5659 2088 5742 διἘρίε.
2140 5683 2190 5723 c.
2238 5667 2292 5738 4,
2342 5659 2691 5739 ἆπολαύσητε
2716 5666 2778 5724 C.

2934 5668 3009 5744 μὴ
3042 5665 3320 5731 δεκασταῖς
3347 5666 3411 5725 0.
3490 5667 3538 5703 ³⁸
3567 5665 3621 5722 οἱ
3656 5666 3755 5747 μὲν
