4086 6216
336 398 426 461 241
1415 392 1945 460 CLEMENTINA.
1978 426 2058 441 —
2087 392 2423 461 HOMILIA
2462 390 2566 462 IX.

3580 392 3699 460 242

338 552 466 605 μενος
512 527 705 585 ίηάσατοο
754 527 829 591 ὡς
872 527 1001 593 τοὺς
1045 527 1139 605 μὲν
1195 530 1537 606 παραχρῆμα
1583 524 1919 601 θεραπευθὲν·

2046 530 2153 585 rati
2188 530 2433 599 fuerant,
2467 531 2820 599 laetarentur,
2850 532 2952 605 qui
2994 534 3189 590 autem
3232 530 3517 597 viderant,
3572 547 3692 589 mri-

331 642 405 682 τας
431 618 648 693 γενέσθαι
680 624 1022 695 περιχαρεῖς,
1050 617 1176 680 τοὺς
1227 616 1283 673 δὲ
1330 619 1719 693 ἱστορήσαντας
1779 617 1932 691 ὅπερ-

329 712 556 781 θαυμάσαι
587 729 642 762 τε
668 709 755 761 καὶ
808 707 1227 785 εὖφημήσαντας
1279 708 1371 762 τὸν
1423 708 1550 761 Θεὸν
1599 700 1789 781 βεϐαία
1840 703 1929 760 ἐλ-

322 796 419 852 πίδι
463 802 750 865 πιστεῦσαι,
782 798 895 869 ἅμα
940 818 999 851 τε
1032 802 1154 858 τοῖς
1202 799 1248 833 ³9
1287 796 1685 871 θεραπευθεῖσιν
1732 793 1821 849 ἐπὶ
1866 796 1933 848 τὰ

323 889 492 942 ἑαυτῶν
552 886 783 953 ἀπιέναι,
850 883 1075 953 ἐντολὴν
1137 888 1283 942 I97
1344 883 1565 960 ἔχοντας
1626 881 1928 958 πρωίτερον

318 980 373 1048 τῇ
415 973 647 1048 ὑστεραίᾳ
692 971 982 1031 συνελθεῖν.
1038 972 1409 1029 Ἀπελθόντων
1462 969 1519 1027 δὲ
1568 972 1768 1039 αὐτῶν,
1820 970 1931 1025 ἐκεῖ

322 1064 476 1136 μείνας
504 1064 531 1117 ὁ
557 1063 759 1138 Πέτρος
794 1063 928 1137 μετὰ
972 1068 1081 1118 τῶν
1111 1064 1157 1100 3°
1206 1064 1476 1133 συνήθων,
1504 1066 1712 1140 τροφῆς
1762 1080 1925 1133 μετα-

318 1147 469 1208 λαϐὼν
499 1149 806 1207 διανὲπαυεν
835 1148 1019 1207 ἑαυτὸν
1052 1152 1131 1224 τῷ
1163 1149 1338 1225 ὕπνῳ.

905 1331 1163 1387 ὈΜΙΛΙΑ
1202 1330 1275 1385 Θ’.

366 1422 403 1477 Ι.
433 1422 509 1493 Τῇ
543 1420 637 1492 μὲν
671 1417 763 1474 οὖν
796 1421 839 1457 ³1
873 1418 1097 1493 ἐπιούσῃ
1126 1420 1310 1495 ἡμέρᾳ
1338 1418 1366 1473 ὁ
1398 1416 1602 1495 Πέτρος
1650 1419 1762 1491 ἅμα
1805 1420 1922 1479 τοῖς

311 1509 504 1585 ἑταίροις
535 1508 690 1579 ἐξιὼν
722 1506 812 1563 καί
842 1508 928 1563 ἐπὶ
957 1509 1048 1563 τὸν
1080 1509 1186 1583 πρὸ
1222 1513 1347 1582 μιᾶς
1390 1507 1556 1563 τόπον
1609 1506 1782 1562 ἐλθὼν
1831 1505 1921 1560 καὶ

312 1598 490 1660 ἐπιστὰς
518 1595 722 1673 ἤρξατο
754 1595 949 1674 λέγειν·
982 1599 1038 1652 '0
1069 1598 1197 1659 Θεὸς
1227 1596 1357 1659 τοὺς
1388 1596 1558 1652 πάλαι
1601 1595 1920 1671 ἀνθρώπους

308 1681 628 1756 ἀσεϐήσαντας
690 1687 892 1748 πάντας
950 1683 1103 1741 ὕδατι
1181 1683 1513 1764 διαφθείρας,
1571 1685 1631 1740 ἐκ
1704 1684 1918 1739 πάντων

305 1775 374 1831 ἕνα
405 1770 584 1846 εὐσεϐῆ
637 1776 835 1851 εὑρὼν,
867 1774 919 1831 ἐν
981 1773 1209 1851 λάρνακι
1273 1776 1407 1849 μετά
1460 1779 1622 1849 τριῶν
1676 1773 1841 1829 αὐτοῦ
1872 1775 1918 1810 ³²

2041 636 2293 692 gnOpere
2326 621 2697 693 mirarentur,
2732 621 3025 695 simulque
3048 623 3355 679 laudarent
3387 624 3594 693 Deum,
3620 642 3685 679 ac

2042 708 2211 762 firma
2243 726 2345 780 spe
2377 710 2694 776 crederent,
2738 715 2911 782 atque
2941 728 3057 766 una
3088 729 3219 767 cum
3254 712 3325 767 iis
3359 712 3457 784 qui
3499 714 3683 767 sancti

2043 798 2290 864 fuerant,
2323 799 2393 854 ad
2428 816 2537 854 sua
2567 799 2813 869 abirent,
2835 802 3109 856 mandato
3135 806 3392 872 accepto,
3420 806 3685 856 utmatu-

2041 885 2163 941 rius
2196 887 2473 957 postridie
2504 888 2897 944 convenirent.
2942 888 3205 960 Cumque
3246 876 3682 956 discessissent,

2038 973 2119 1029 ibi
2152 992 2397 1031 manens
2429 977 2633 1032 Petrus
2647 994 2764 1034 una
2784 994 2918 1035 cum
2941 976 3353 1047 familiaribus,
3374 977 3503 1035 cibo
3528 994 3684 1034 sum-

2036 1067 2158 1136 pto,
2192 1081 2253 1121 se
2283 1080 2489 1122 somno
2521 1065 2737 1125 refecit.

2638 1334 2943 1391 HOMILIA
2983 1336 3072 1392 IX.

2105 1424 2149 1481 Ι.
2181 1423 2455 1495 Sequenti
2486 1424 2723 1496 quidem
2757 1424 2850 1481 die
2878 1424 3082 1481 Petrus
3131 1440 3250 1480 una
3298 1440 3430 1480 cum
3464 1423 3681 1481 sodali-

2033 1513 2143 1570 bus
2174 1528 2446 1584 egressus
2477 1518 2533 1569 et
2562 1514 2631 1568 ad
2664 1513 2856 1569 locum
2884 1514 3265 1586 praecedentis
3294 1513 3407 1570 diei
3438 1515 3673 1570 veniens

2033 1618 2099 1658 ao
2129 1601 2457 1659 consistens
2511 1603 2686 1674 coepit
2734 1603 2961 1659 dicere:
3014 1603 3168 1659 Deus
3216 1602 3483 1659 homines
3536 1604 3673 1659 olim

2030 1690 2245 1762 impios
2294 1696 2538 1746 cunctos
2590 1707 2724 1746 cum
2777 1708 2877 1763 per
2924 1692 3563 1763 aquamﬁperdidisset,
3612 1708 3677 1747 ac

2029 1797 2217 1835 unum
2249 1797 2319 1835 ex
2348 1780 2624 1837 omnibus
2654 1781 2819 1853 pium
2850 1780 3188 1851 invenisset,
3241 1781 3300 1835 in
3350 1798 3483 1837 arca
3538 1798 3672 1837 eum

303 1865 407 1918 υἱῶν
453 1864 538 1918 καὶ
593 1868 863 1940 γυναικῶν
919 1866 1158 1934 σωθῆναι
1193 1863 1466 1934 ἐποίησεν,
1498 1867 1651 1927 Ὅθεν
1685 1860 1916 1918 συνιδεῖν

2035 1875 2161 1915 cum
2195 1861 2384 1918 tribus
2416 1861 2552 1917 {iliis
2582 1864 2638 1917 et
2666 1877 2869 1917 eorum
2902 1860 3180 1917 uxoribus
3238 1860 3466 1916 salvum
3517 1863 3669 1916 fecit.

300 1951 413 2010 ἔπιν
438 1954 594 2009 αὐτοῦ
621 1955 727 2023 τὴν
775 1952 953 2031 φύσιν,
986 1949 1163 2031 ὄχλου
1209 1954 1303 2026 μὲν
1352 1947 1687 2008 ἀσεϐούντων
1740 1952 1816 2026 μὴ
1870 1953 1917 1989 ³³

300 2043 676 2118 φροντίζουσαν,
724 2044 839 2105 ἑνὸς
889 2040 947 2098 δὲ
998 2037 1250 2105 εὐσεϐοῦς
1298 2042 1571 2118 σωτηρίας
1622 2041 1720 2096 οὐκ
1778 2041 1913 2115 ἀμε-

300 2132 484 2189 λοῦσαν.
531 2136 729 2187 Πασῶν
774 2129 865 2186 οὖν
922 2131 1119 2204 μείζων
1167 2133 1214 2167 ³⁴
1254 2130 1391 2185 ἐστὶν
1442 2125 1657 2185 ἀσέϐεια
1711 2129 1775 2184 τὸ
1820 2132 1912 2185 τὸν

301 2221 436 2293 μόνον
469 2223 686 2277 πάντων
735 2219 1134 2294 καταλείψαντα
1175 2219 1467 2291 Δεσπότην,
1499 2218 1744 2282 πολλοὺς
1790 2219 1916 2281 τοὺς

299 2310 377 2363 οόκ
404 2306 549 2371 ὄντας
574 2311 653 2372 ὡς
689 2305 847 2371 ὄντας
876 2312 922 2346 ⁸⁵
951 2304 1124 2364 σέϐειν
1157 2308 1333 2372 θεούς·

351 2404 407 2454 II.
436 2400 551 2461 Ἐὰν
610 2400 707 2453 οὗν
741 2397 899 2473 (ἐμοῦ
954 2399 1079 2470 ὑμῖν
1132 2396 1509 2475 ὑφηγουμένου
1556 2398 1645 2452 καὶ
1677 2395 1915 2452 δεικνύν-

292 2506 386 2555 τος,
416 2487 492 2541 ὅτι
518 2483 683 2542 τοῦτό
716 2487 825 2542 ἐστι
874 2487 937 2542 τὸ
990 2488 1246 2563 μέγιστον
1297 2488 1617 2563 ἁμάρτημα,
1649 2488 1678 2542 ’ὀ
1716 2488 1917 2549 πάντας

294 2576 409 2647 ὑμᾶς
474 2575 745 2631 ἀπολέσαι
794 2573 1034 2650 δύναται)
1084 2578 1175 2631 τὸν
1229 2575 1485 2652 ὑμέτερον
1539 2573 1826 2653 ὑποδράμῃ
1872 2579 1917 2614 ³⁸

294 2668 411 2735 νοῦν,
440 2663 521 2719 ὅτι
570 2665 677 2719 οὐκ
724 2662 1052 2731 ἀπόλλυσθε,
1084 2662 1289 2719 πολλοὶ
1341 2662 1491 2727 ὄντες
1542 2660 1730 2741 ὄχλοι,
1772 2664 1915 2735 ἠπά-

293 2755 439 2822 τῃσθε·
474 2750 631 2830 ἔχετε
683 2755 787 2829 γὰρ
833 2758 935 2808 τοῦ
980 2753 1148 2810 πάλαι
1193 2752 1655 2817 κατακλυσθέντος
1705 2754 1916 2827 κόσμου

294 2842 338 2896 τὸ
397 2841 720 2919 ὑπόδειγμα·
774 2842 950 2897 καίτοι
1019 2842 1238 2898 ἐκείνων
1303 2844 1396 2917 μὲν
1470 2844 1533 2899 τὸ
1618 2844 1919 2917 ἁμάρτημα

292 2930 408 2987 πολὺ
435 2932 596 3001 ἦττον
632 2933 701 3001 ἦν
733 2936 831 2986 τοῦ
877 2932 995 2996 καθ’
1028 2932 1185 3006 ὑμᾶς.
1236 2934 1466 2988 Ἐκεῖνοι
1496 2933 1597 3010 γὰρ
1655 2932 1732 2995 εἷς
1765 2934 1915 2989 I98

288 3020 392 3081 τους
434 3022 662 3094 ὁμοίους
693 3023 739 3058 ³⁷
767 3016 1020 3091 ἠσέϐουν,
1052 3023 1087 3091 ἢ
1121 3021 1434 3098 φονεύοντες
1472 3022 1509 3091 ἢ
1546 3021 1914 3098 μοιχεύοντες

292 3107 421 3180 ὑμεῖς
466 3107 520 3165 δὲ
565 3111 647 3173 εἷς
696 3112 790 3165 τὸν
836 3114 942 3164 τῶν
982 3108 1128 3165 ὅλων
1162 3106 1402 3165 ἀσεϐεῖτε
1431 3110 1578 3180 Θεὸν,
1611 3111 1719 3165 ἀντ’
1752 3111 1916 3166 αὐτοῦ

289 3198 422 3265 {xui
474 3200 565 3254 σὺν
610 3198 766 3271 αὐτῷ
812 3200 998 3275 ἄψυχα
1042 3197 1333 3275 ἀγάλματα
1397 3195 1667 3273 σέϐοντες,
1716 3202 1805 3255 καὶ
1854 3201 1916 3255 τὸ

2026 1948 2187 2005 Unde
2218 1955 2458 2023 apparet
2477 1950 2673 2006 divina
2695 1955 2925 2017 natura,
2949 1966 3076 2022 quae
3097 1948 3409 2022 impiorum
3432 1949 3667 2021 quidem

2026 2037 2267 2111 negligit
2298 2038 2759 2104 multitudinem,
2792 2039 2968 2095 unius
2996 2054 3128 2094 vero
3160 2039 3239 2110 pii
3270 2038 3519 2094 salutem
3554 2058 3666 2097 non

2026 2127 2291 2198 despicit.
2324 2128 2678 2184 Cunctarum
2730 2145 2866 2200 ergo
2925 2128 3180 2185 maxima
3235 2133 3323 2185 est
3372 2129 3663 2203 impietas,

2026 2216 2217 2273 solum
2250 2218 2514 2272 omnium
2548 2218 2851 2274 dominum
2880 2206 3226 2290 relinquere,
3258 2225 3314 2276 et
3334 2220 3549 2276 multos
3568 2223 3667 2293 qui

2027 2323 2143 2362 non
2176 2313 2334 2373 sunt,
2366 2307 2535 2378 quasi
2561 2307 2698 2376 sint,
2730 2308 2870 2363 deos
2889 2308 3171 2364 venerari.

2098 2397 2168 2451 ΙΙ.
2202 2397 2260 2452 Si
2293 2412 2428 2468 ergo
2459 2397 2623 2468 (dum
2653 2397 2817 2453 vobis
2847 2414 3052 2453 enarro
3084 2415 3149 2454 ac
3180 2400 3442 2470 ostendo,
3461 2399 3519 2454 id
3548 2417 3668 2457 ma-

2025 2486 2251 2540 ximum
2284 2502 2412 2541 esse
2442 2487 2931 2558 peccatum,quod
2965 2503 3065 2542 vos
3094 2503 3298 2543 omnes
3330 2488 3515 2560 possit
3540 2506 3668 2561 per-

2027 2574 2185 2644 dere)
2216 2580 2419 2630 vestrae
2449 2575 2631 2629 menti
2678 2576 3001 2647 subveniat,
3052 2593 3153 2631 vos
3190 2593 3305 2631 non
3356 2578 3665 2650 perituros,

2028 2663 2165 2735 quia
2196 2663 2436 2736 plurimi
2467 2664 2627 2735 estis,
2660 2664 2867 2719 erratis
2896 2683 2909 2734 ;
2944 2665 3172 2721 habetis
3212 2666 3427 2739 quippe
3467 2667 3672 2722 mundi

2027 2752 2165 2809 olim
2194 2753 2410 2809 diluvio
2443 2753 2710 2809 inundati
2738 2754 3067 2826 exemplum
3095 2776 3109 2821 :,
3153 2759 3209 2811 et
3254 2771 3388 2812 vero
3437 2755 3671 2812 illorum

2027 2846 2328 2914 peccatum
2361 2842 2548 2898 multo
2579 2846 2705 2898 erat
2736 2844 2933 2899 minus
2962 2847 3175 2900 vestro.
3209 2844 3294 2899 Illi
3329 2862 3582 2917 namque
3612 2845 3671 2899 in

2028 2948 2199 3003 pares
2224 2932 2402 3004 impie
2431 2949 2493 2988 se
2522 2937 2848 3004 gesserunt,
2883 2937 2983 2987 aut
3012 2933 3346 3003 occidendo,
3381 2938 3482 2989 aut
3512 2933 3674 2989 adul-

2028 3022 2307 3077 terandor:
2342 3038 2441 3076 vos
2471 3027 2663 3076 autem
2708 3022 2766 3076 in
2794 3023 3058 3077 omnium
3092 3022 3275 3078 Deum
3308 3025 3452 3079 estis
3481 3025 3671 3096 impii,

2027 3126 2131 3181 pro
2161 3126 2227 3165 eo
2257 3108 2341 3164 vel
2374 3126 2507 3164 cum
2539 3124 2605 3163 eo
2630 3108 2890 3163 inanima
2919 3109 3171 3165 colentes
3210 3109 3543 3179 simulacra,
3578 3128 3671 3165 sa-

2030 3215 2314 3269 crumque
2345 3198 2473 3269 ejus
2504 3214 2715 3253 nomen
2748 3197 3116 3269 projicientes
3147 3200 3217 3254 ad
3242 3216 3474 3255 omnem
3492 3216 3667 3256 sensu

289 3287 406 3341 θεῖον
460 3288 627 3344 αὐτοῦ
689 3283 864 3361 ὄνομα
932 3287 1075 3362 πάσῃ
1142 3288 1452 3361 ἀναισθήτῳ
1528 3287 1632 3363 ὕλῃ
1708 3287 1916 3366 ἐπιρῥί-

2035 3293 2324 3344 carentem
2359 3286 2686 3343 materiam.
2721 3287 2914 3343 Primo
2944 3286 3142 3360 itaque
3173 3287 3479 3344 infeliciter
3508 3290 3670 3345 vobis

286 3378 467 3447 φωνεες.
529 3382 763 3455 Πρῶτον
814 3376 908 3450 μὲν
954 3376 1047 3431 οὗν
1099 3373 1553 3453 δεδυστυχήκατε,
1591 3378 1665 3451 μὴ
1723 3378 1918 3455 γνωρί-

288 3485 443 3529 σαντες
488 3468 590 3537 την
643 3464 905 3543 διαφορὰν
957 3466 1058 3535 τήν
1109 3465 1304 3539 μεταξὺ
1341 3466 1638 3543 μοναρχίας
1682 3467 1771 3523 καὶ
1822 3489 1919 3523 πο-

286 3552 553 3631 λυαρχίας,
584 3554 673 3610 ὅτι
706 3556 742 3623 ἡ
778 3555 871 3627 μὲν
908 3554 1182 3631 μοναρχία
1212 3556 1326 3629 (15)
1356 3553 1612 3628 ὁμονοίας
1644 3555 1753 3611 ἐστῖ
1786 3577 1920 3629 παρ-

286 3646 468 3716 εκτικὴ,
525 3646 563 3714 ἡ
618 3642 680 3698 δὲ
726 3643 1044 3719 πολυαρχία
1105 3642 1367 3717 πολέμων
1419 3643 1788 3720 ἐξεργαστική.
1847 3646 1918 3701 Τὸ

283 3731 366 3805 γᾶρ
392 3733 443 3787 ἓν
473 3732 653 3805 ἐαυτῷ
686 3731 748 3787 οὐ
781 3732 1035 3807 μάχεται,
1064 3733 1132 3787 τὰ
1163 3729 1220 3788 δὲ
1259 3730 1445 3789 πολλά
1493 3732 1759 3811 πρόφασιν
1803 3732 1919 3810 ἔχει

282 3820 365 3887 τήν
386 3823 428 3857 ³⁸
454 3821 595 3897 πρὸς
623 3818 810 3897 ἕτερον
847 3822 1030 3897 μάχην
1066 3819 1384 3897 ἐπιχειρεῖν.

345 3915 428 3965 III.
463 3910 675 3965 Αὐτίκα
723 3913 874 3984 γοῦν,
908 3908 1063 3971 εὐθὺς
1093 3912 1138 3947 ⁸9
1178 3909 1313 3983 μετά
1362 3910 1453 3965 τὸν
1510 3907 1918 3985 κατακλυσμὸν,

288 3997 447 4053 ὁΝῶε
478 3997 773 4074 τριακόσια
816 3997 906 4053 καὶ
955 4000 1293 4069 πεντήκοντα
1332 3997 1590 4069 ἐπιζήσας
1641 3996 1733 4070 ἔτη
1788 4000 1923 4073 μετᾶ

282 4092 374 4141 τῶν
414 4088 459 4161 ἐξ
494 4088 665 4143 αὐτοῦ
708 4088 1015 4162 γενομένων
1063 4082 1251 4163 ὄχλων
1304 4086 1355 4142 ἐν
1395 4088 1625 4161 ὁμονοίᾳ
1669 4086 1919 4158 διετέλει,

284 4181 363 4230 τοῦ
395 4178 561 4251 μόνου
624 4182 760 4231 Θεοῦ
817 4178 931 4231 κατ’
980 4175 1157 4231 εἰκόνα
1196 4175 1431 4254 ὗπάρξας
1470 4176 1745 4254 βασιλεύς.
1774 4179 1922 4233 Μετά

287 4262 333 4319 δὲ
356 4268 447 4336 τήν
481 4267 655 4322 αὖτοῦ
693 4265 947 4335 τελευτήν
976 4264 1181 4321 πολλοὶ
1207 4270 1315 4321 τῶν
1349 4266 1398 4339 ἐξ
1429 4265 1597 4321 αὐτοῦ
1641 4264 1919 4343 βασιλείας

286 4353 610 4431 ὠρέχθησαν,
693 4356 783 4410 καὶ
843 4356 977 4431 πρὸς
1061 4356 1125 4410 τὸ
1212 4354 1525 4432 βασιλεῦσαι
1602 4353 1919 4418 σπεύδοντες

283 4442 335 4497 τὸ
358 4450 467 4507 πῶς
518 4443 779 4513 δυνηθείη
831 4441 1053 4507 ἕκαστος
1106 4444 1334 4500 ἐπενόει.
1368 4445 1466 4498 Καὶ
1518 4446 1546 4499 ὁ
1598 4445 1693 4518 μὲν
1751 4443 1918 4500 πολε-

289 4551 386 4605 μῳ,
414 4532 588 4597 ἄλλος
622 4530 795 4606 δόλῳ,
826 4530 1010 4609 ἕτερος
1042 4535 1221 4587 πειθοῖ
1247 4536 1312 4603 ⁴⁰,
1343 4534 1433 4587 καὶ
1481 4530 1653 4596 ἄλλος
1710 4532 1918 4607 ἄλλως,

2028 3377 2226 3445 cessit,
2258 3377 2415 3448 quod
2447 3376 2832 3432 differentiam
2866 3376 3017 3432 inter
3046 3378 3223 3433 unius
3254 3394 3319 3433 ac
3349 3378 3670 3434 multorum

2028 3466 2423 3540 principatum
2455 3466 2755 3539 ignoratis,
2791 3467 3069 3539 quoniam
3103 3467 3281 3522 unius
3314 3468 3673 3540 principatus

2029 3555 2350 3612 concordiae
2394 3555 2669 3611 faciendae
2711 3556 2830 3611 vim
2879 3555 3073 3623 habet,
3126 3556 3491 3628 principatus
3541 3573 3674 3612 vero

2029 3644 2348 3699 multorum
2398 3645 2633 3699 effector
2680 3642 2966 3699 bellorum
3017 3648 3125 3700 est.
3176 3645 3337 3710 Quod
3384 3644 3538 3699 enim
3588 3651 3675 3700 est

2029 3749 2237 3797 unum,
2258 3748 2457 3787 secum
2473 3750 2589 3787 non
2612 3739 2871 3804 pugnat;
2904 3750 3030 3804 qua
3057 3750 3188 3789 vero
3219 3733 3558 3788 suntmulta
3580 3749 3673 3789 oc-

2029 3821 2323 3878 casionem
2354 3820 2573 3877 habent
2600 3821 2919 3877 seinvicem
2943 3821 3316 3895 aggrediendi
3335 3823 3670 3877 certamine.

2102 3911 2199 3967 Ill.
2240 3911 2451 3966 Statim
2482 3910 2681 3982 itaque
2712 3916 2841 3982 post
2870 3911 3155 3966 diluvium
3183 3910 3299 3967 Noe
3329 3911 3499 3967 annis
3559 3917 3672 3967 tre«

2030 4000 2216 4057 centis
2247 4005 2303 4055 et
2334 4000 2760 4072 quinquaginta
2790 4008 3086 4072 superstes
3136 4001 3210 4071 (a)
3260 4001 3317 4055 in
3367 4001 3676 4056 concordia

2030 4106 2163 4146 cum
2197 4088 2449 4144 ﬁliorum
2480 4088 2623 4143 vixit
2653 4087 3046 4155 multitudine,
3079 4088 3303 4160 fuitque
3344 4088 3527 4145 solius
3577 4090 3676 4145 Dei

2030 4180 2100 4235 ad
2129 4178 2442 4249 imaginem
2485 4194 2601 4233 rex.
2641 4178 2772 4234 Post
2828 4183 3075 4234 mortem
3122 4194 3255 4233 vero
3304 4177 3461 4233 illius
3512 4178 3680 4234 multi

2029 4273 2389 4343 posterorum
2418 4282 2665 4339 regnum
2683 4267 3070 4340 appetierunt,
3094 4272 3150 4323 et
3170 4268 3451 4340 regnandi
3484 4270 3683 4324 studio

2029 4358 2437 4429 unusquisque
2458 4357 2590 4411 mod
2602 4373 2698 4411 um
2713 4357 3061 4427 excogitavit
3078 4373 3195 4429 quo
3209 4362 3404 4430 posset
3416 4373 3680 4430 regnare.

2031 4448 2133 4504 Ille
2164 4446 2402 4518 quidem
2436 4445 2605 4513 bello,
2638 4445 2791 4500 alius
2821 4445 2975 4515 dolo,
3010 4445 3157 4501 alter
3187 4447 3373 4502 suada
3420 4451 3477 4501 et
3531 4446 3681 4501 alius

2030 4537 2216 4594 aliter.
2252 4539 2292 4589 E
2321 4534 2536 4608 quibus
2566 4550 2720 4589 unus
2749 4534 2968 4589 exstitit
2997 4535 3067 4590 de
3097 4550 3307 4607 genere
3336 4534 3559 4598 Chami,
3588 4552 3684 4606 pa—

285 4621 348 4675 ὦν
373 4621 448 4686 εἰς
472 4643 559 4685 τις
591 4622 701 4677 ἀπὸ
748 4620 938 4698 γένους
970 4619 1044 4677 ὢν
1072 4622 1219 4695 Χὰμ,
1249 4626 1347 4677 τοῦ
1395 4623 1725 4694 ποιήσαντος
1753 4625 1845 4680 τὸν
1878 4627 1919 4664 ⁸³

2035 4626 2142 4683 tris
2199 4624 2525 4693 Mesraimi,
2584 4639 2653 4680 ex
2706 4640 2819 4695 quo
2901 4622 3213 4679 Mesraimo
3282 4623 3681 4696 Egyptiorum

350 4738 421 4811 (a)
448 4739 594 4798 Gen.
626 4756 703 4807 Ix,
732 4739 821 4793 28.

1624 4840 1866 4898 VARIIE
1903 4839 2316 4900 LECTIONES.

351 4933 393 4968 ³⁵
442 4934 533 5014 Ita
562 4934 643 5014 _S,
673 4927 1181 5014 βεϐαίαςνέλπ-ίδος
1236 4934 1670 5014 moribundus;
1720 4942 1839 5014 τοῖς
1868 4940 1933 5009 Ο,
1969 4933 2190 5014 βεϐαίας
2245 4931 2427 5014 ἐλπίδι
2486 4931 2772 5014 πιστεόειν,
2832 4934 2945 5014 ᾅμα
2999 4937 3116 4995 τοῖς
3135 4940 3234 5014 μθ.
3270 4935 3356 5014 ’³ο

716 5047 728 5060 .
806 5002 973 5083 ³ξιο-ὗν
1009 5008 1141 5083 add.
1166 5024 1225 5083 c.
1260 5008 1323 5064 0.
1359 5002 1519 5083 Tum
1541 5002 1930 5083 id'iéyutpom,’
2046 5010 2159 5083 legi
2190 5008 2327 5083 vult_
2342 5012 2401 5075 C,
2433 5007 2605 5078 cujus
2646 5002 2783 5083 text.
2834 5002 3057 5083 ἕτεροις.
3088 5072 3110 5083 ἢ
3135 5006 3180 5083 εξ
3225 5003 3389 5083 αὐτ-οὖ
3418 5002 3678 5083 ἀιῃιωχᾷ

292 5019 341 5074 p.
367 5004 497 5075 μετᾶ
521 5010 633 5059 τῶν

293 5090 336 5150 ε.
373 5076 434 5130 0.
464 5078 557 5150 __”
585 5076 647 5130 οὐ
681 5078 754 5133 0.
786 5148 802 5150 _
826 5077 1130 5150 “‘Itaoc.
1161 5079 1216 5147 S,
1254 5083 1436 5150 μεῖζον
1465 5081 1537 5150 C._
1587 5081 1647 5150 _“
1676 5082 1763 5137 Vb

1876 5074 1995 5102 (2’

293 5090 336 5128 ο.
373 5080 434 5130 0.
507 5080 557 5113 ⁸³
585 5080 647 5130 οὐ
681 5080 754 5133 0.
826 5080 873 5111 ³⁵
902 5080 987 5132 Ita
1010 5082 1050 5130 Ο
1082 5095 1130 5133 c.
1161 5080 1216 5147 S,
1254 5083 1436 5150 μεῖζον
1465 5081 1521 5136 C.
1602 5081 1647 5115 ³³
1676 5080 1827 5137 Vbb.
1860 5082 1936 5142 ὡς
1965 5080 2130 5141 ὄνταξ
2151 5098 2243 5151 ap.
2295 5080 2352 5135 S.
2404 5095 2516 5133 non
2563 5082 2780 5133 exstant

292 5144 369 5226 D,’
383 5147 742 5226 suffragante
772 5148 839 5213 Ο,
861 5144 1152 5226 ἀποδράμῃ
1178 5150 1239 5226 C.
1278 5152 1478 5226 Postea
1509 5144 1708 5226 ὄχλοι;
1735 5154 1804 5226 0.
1882 5154 1925 5189 ⁸⁷
1953 5150 2165 5226 ῥμοίως
2196 5155 2259 5226 _0.
2301 5221 2311 5226 _
2337 5150 2382 5186 ³⁸
2413 5150 2681 5226 Fortasse
2729 5148 2780 5226 le

3417 4932 3680 5005 μενόντων

2404 5072 2522 5133 non
2563 5082 2810 5133 exstant.
2888 5072 2932 5113 ⁸⁸
2977 5072 3264 5183 ὑπερδράμῃ
3318 5077 3427 5148 leg.
3482 5072 3680 5132 censet

2413 5150 2680 5183 ῐὲηνιιηοοο
2729 5148 2822 5183 ιοη
2874 5150 2970 5183 η-ηῖς
3025 5150 3062 5183 Ω
3159 5149 3181 5182 3
3253 5145 3374 5183 cum.
3422 5154 3459 5183 ρ
3531 5149 3677 5183 Tum

2827 5190 2838 5202 .
2874 5150 2989 5203 τοῦ.
3025 5150 3084 5203 S.
3119 5145 3127 5151 ’
3159 5145 3204 5183 ⁸9
3239 5145 3399 5200 ἐὖθνῗ
3422 5154 3478 5203 C.
3531 5149 3680 5203 Tum

291 5216 538 5345 figat;qu
567 5216 671 5291 pro
720 5216 1239 5305 τριακόσια’(ἷ,’ί]ι]ἱ
1290 5216 1891 5347 quidem'genuinam
1941 5216 2315 5279 Ottoboniani
2358 5226 2507 5277 Lect.
2555 5222 2676 5290 jam
2732 5216 2872 5304 vidit
2921 5224 3147 5275 exstare
3196 5220 3252 5273 in
3307 5220 3446 5275 Gen.
3484 5220 3684 5313 rx,'28.

596 5308 645 5346 c.
705 5292 765 5347 S.
814 5292 986 5347 πειθω
1034 5291 1092 5347 C.
1170 5294 1210 5327 ‘1
1268 5312 1297 5344 τ
1332 5314 1357 5345 ν
1420 5311 1716 5347 assumpsi
1787 5312 1855 5347 ex
1914 5294 1977 5347 Ο.
2036 5296 2183 5347 Tum
2221 5294 2258 5347 S
2288 5309 2301 5347 :
2335 5290 2447 5347 leg.
2508 5286 2775 5347 Μεσραίμ.
2809 5292 2912 5345 clr°
2949 5293 3173 5347 Rec.1v.
3204 5291 3322 5345 27:
3354 5295 3437 5346 Ex
3491 5290 3684 5347 quibus

1268 5312 1297 5344 τ

360 5289 440 5345 Ita
492 5289 538 5345 0
570 5289 645 5346 _c.
705 5292 765 5356 S,
814 5292 986 5360 πειθῷ
1034 5289 1094 5347 C.
1154 5289 1210 5327 “⁴¹

295 5375 427 5415 unus
477 5360 650 5431 Cham
700 5365 942 5431 nomine,
975 5362 1195 5418 cuidam
1232 5379 1301 5419 ex

298 5430 565 5505 Μεσραεὶμ
597 5432 624 5485 ὁ
653 5431 954 5507 Αἰγύπτιος
987 5464 1056 5474 —
1085 5432 1327 5508 οἰκήτωρ
1344 5430 1557 5511 ⁷γίνεται
1590 5430 1867 5513 Βάκτρων.

1332 5286 1716 5366 νηειεευᾶιρεί
1787 5312 1855 5351 ex
1914 5294 1977 5350 Ο.
2036 5296 2183 5350 Tum
2221 5294 2308 5366 Si:
2335 5290 2447 5366 leg.
2508 5286 2775 5366 Μξςραιμ,
2809 5292 2912 5366 ct'r_-
2949 5293 3065 5346 Rec.
3100 5291 3275 5366 1v,A_27
3303 5309 3336 5366 :_
3354 5295 3437 5366 Ειτ
3491 5290 3689 5366 quibus

1344 5364 1479 5437 ﬁliis
1520 5361 1664 5433 suis,
1692 5368 1789 5437 qui
1826 5366 2081 5421 Mesraim
2132 5361 2537 5437 appellabatur.
2586 5361 2798 5419 Chron.
2843 5361 2996 5418 Alex.
3053 5380 3111 5435 p.
3162 5362 3251 5416 62.
3303 5362 3444 5415 Rad.
3481 5378 3494 5416 :

3530 5358 3689 5419 οὗτος

1666 5553 2047 5611 VARIORUM
2087 5550 2323 5609 NOT/E.

366 5644 502 5721 (ίὸ)-
532 5647 597 5700 Ἠ
631 5647 720 5721 μὲν
766 5646 1058 5721 μοναρχία,
1091 5652 1200 5704 etc.
1251 5648 1445 5721 Usque
1500 5651 1573 5705 ad
1622 5651 1797 5707 finem
1850 5668 1936 5707 ca-

931 5736 1240 5779 amasceuo
1299 5725 1527 5778 exstant
1581 5721 1779 5796 ecloga
1813 5723 1934 5796 περὶ

307 5714 465 5786 pitis.
484 5718 548 5775 In
609 5714 822 5793 scripto

2043 5647 2329 5724 ἀναρχίας.
2365 5646 2945 5724 (Rurqllclorumlib.
2992 5664 3031 5713 ι,
3082 5664 3207 5719 cap.
3254 5646 3369 5715 22.)
3415 5645 3558 5699 Vide
3588 5662 3687 5703 su-

2048 5719 2244 5796 perius
2276 5719 2479 5776 homil.
2511 5720 2567 5789 3,
2600 5735 2725 5792 cap.
2758 5720 2846 5774 62.
2880 5719 3011 5775 Cor.
