4086 6216
274 416 275 421 ‘
361 397 478 466 ΞΗ

1187 403 1255 469 S.
1300 402 1741 471 GLEMENTIS
1785 405 1813 467 Ι
1856 405 2048 470 ROM.
2092 405 2324 468 PONT.
2371 405 2631 470 OPERA
2675 402 2941 471 DUBIA.
3661 406 3783 472 248

368 533 699 608 plausibus,
731 549 980 606 quorum
1015 536 1205 607 gratia
1248 537 1471 609 decepti
1520 538 1681 594 stulti
1714 538 2006 594 homines.
2046 541 2062 604 ἐ

2178 540 2238 591 ὒν
2282 556 2340 592 τε
2385 537 2476 591 καὶ
2524 536 2755 612 κρότων,
2792 538 2862 592 ὧν
2912 533 3179 615 προφάσει
3211 535 3264 593 οἳ
3295 534 3520 609 ἀνόητοι
3566 531 3781 594 ἀπατώ-

372 624 641 695 quamvis
673 639 849 695 regno
882 641 987 679 suo
1021 626 1273 693 sublato,
1308 644 1342 681 a
1370 629 1852 683 concurrentibus
1899 646 2013 684 non

2178 647 2302 698 ενοι,
2334 626 2511 681 καίτοι
2560 634 2657 694 τῆς
2710 624 2991 702 βασιλείας
3037 624 3213 682 αὐτῶν
3247 627 3642 705 ἀφαιρεθείσης,
3678 628 3775 683 αύ-

374 713 667 769 desistunt
691 713 1244 784 superstitionibus:
1275 714 1335 770 in
1367 719 1597 771 tantum
1628 716 1853 772 veritati
1887 734 2017 789 pro-

2178 713 2211 767 »ἱ
2241 719 2349 768 τῶν
2381 714 2749 769 συνελθουσῶν
2784 716 2829 751 ⁵⁸
2860 716 3160 790 θρησκειῶν
3212 715 3309 771 ούκ
3367 714 3771 772 ἀπολείπονται’

374 806 504 874 pter
532 802 890 873 voluptatem
948 819 1203 858 errorem
1260 806 1593 875 praeferunt.
1638 807 1745 873 Qui
1779 812 1834 861 et
1892 811 2023 878 post

2178 801 2215 856 τὶ
2261 806 2518 857 τοσοῦτον
2566 805 2666 871 τῆς
2722 800 3000 875 ἀληθείας,
3044 801 3134 858 διὰ
3182 807 3227 841 ⁵⁵
3278 806 3378 873 τήν
3426 802 3775 877 ἡδυπάθειαν,

377 890 678 963 crapulam
703 891 773 945 ad
792 908 924 947 aras
939 896 1297 948 contractam
1317 893 1599 948 emittunt
1638 894 1919 963 ululatus,
1943 895 2025 950 ni-

2178 890 2501 967 ροετίμησαν
2549 892 2649 960 τὴν
2700 889 2912 962 πλάνην
2953 895 3017 949 ⁵⁵.
3052 892 3115 946 Οἳ
3145 892 3235 947 καὶ
3288 894 3423 966 μετά
3474 894 3639 968 μέθην
3680 915 3781 949 πα-

381 979 597 1034 mirum
625 978 825 1034 anima
853 996 921 1035 ex
952 980 1261 1051 profundo,
1289 981 1446 1037 velut
1475 981 1533 1036 in
1567 983 1833 1051 somniis,
1878 984 2025 1055 ipsis

2178 974 2419 1052 ιϐώμιον
2452 977 2902 1053 ἐπολολύζουσιν,
2934 987 3034 1050 τῆς
3067 983 3251 1056 ψυχῆς
3282 981 3341 1036 ἐκ
3376 983 3575 1056 βάθους
3608 981 3787 1058 ὥσπερ

382 1067 809 1143 Ρῐιωῃυηιίθηιθ
821 1069 1077 1125 futuram
1094 1070 1162 1125 de
1174 1069 1390 1125 talibus
1403 1070 2021 1142 operibusvindictam.

2178 1068 2207 1122 ι’
2238 1066 2460 1144 ὀνείρων
2494 1066 2676 1130 αὐτοῖς
2704 1069 2804 1137 τὴν
2858 1066 3164 1141 μέλλουσαν
3215 1069 3303 1125 ἐπὶ
3350 1076 3471 1133 ταῖς
3514 1070 3793 1132 τοιαύταις

459 1264 604 1321 VIII.
635 1268 774 1319 Cum
807 1280 943 1336 ergo
973 1264 1168 1321 multae
1220 1266 1281 1321 in
1308 1266 1428 1323 vita
1458 1266 1845 1339 praeterierint
1897 1267 2031 1325 reli-

393 1353 615 1426 giones,
640 1354 925 1408 adsumus
951 1353 1083 1408 boni
1108 1355 1496 1426 negotiatores
1519 1355 1816 1428 religionis
1847 1374 1881 1413 a
1909 1373 2035 1413 ma-

390 1442 808 1513 joribusuobis
837 1442 1061 1498 tradita
1092 1448 1150 1499 et
1180 1448 1440 1517 servatae,
1472 1461 1601 1501 eam
1630 1445 1793 1502 vobis
1824 1463 2037 1518 appor-

395 1535 606 1599 tantes,
641 1532 809 1601 quasi
841 1531 1065 1587 semina
1096 1533 1365 1604 stirpium
1398 1536 1790 1602 ostendentes,
1834 1552 1900 1591 ac
1930 1536 2039 1591 sub

399 1625 591 1675 vestra
630 1625 911 1692 ponentes
942 1636 1190 1677 censura
1227 1627 1285 1678 et
1334 1628 1635 1695 potestate.
1669 1626 1830 1690 Quod
1878 1624 2042 1681 vobis

404 1708 677 1780 placebit,
710 1709 925 1781 eligite.
986 1711 1044 1765 Si
1101 1728 1237 1783 ergo
1295 1718 1496 1768 nostra
1542 1713 1895 1786 delegeritis,
1927 1731 2043 1770 non

404 1797 597 1852 solum
622 1798 913 1853 daemones
934 1803 992 1854 et
1014 1801 1245 1855 morbos
1262 1802 1336 1855 ab
1365 1801 1438 1857 iis
1464 1802 1763 1859 immissos
1783 1803 2046 1876 poteritis

2139 1154 2312 1211 αὐτῶν
2345 1154 2565 1233 πράξεσι
2593 1154 3086 1233 προαγγελλούσης
3114 1156 3403 1233 τιμωρίαν.

2213 1268 2356 1320 VIII.
2389 1259 2623 1318 Πολλῶν
2657 1260 2746 1317 οὗν
2800 1261 2852 1318 ἐν
2899 1262 3005 1341 βίῳ
3052 1262 3442 1340 παρελθουσῶν
3493 1265 3798 1339 θρησκειῶν

2141 1353 2410 1427 πάρεσμεν
2440 1349 2689 1430 φέροντες
2722 1350 2873 1425 ὑμῖν,
2906 1352 2959 1406 οἱ
2998 1352 3190 1428 ἀγαθοὶ
3244 1349 3479 1428 ἔμποροι
3544 1352 3607 1408 ἐκ
3658 1372 3802 1429 προ-

2145 1440 2322 1517 γόνων
2375 1442 2511 1512 ἡμῖν
2588 1437 2987 1516 παραδοθείσης
3056 1440 3145 1495 καὶ
3221 1440 3599 1519 φυλαχθείσης
3665 1443 3805 1517 θρη-

2147 1528 2327 1591 σκείας
2357 1531 2421 1598 ⁵⁷,
2455 1528 2531 1591 ὡς
2562 1530 2843 1605 σπέρματα
2872 1533 3052 1606 φυτῶν
3087 1527 3385 1593 δεικνύντες
3446 1530 3535 1586 καὶ
3593 1529 3681 1585 ἐπὶ
3731 1532 3805 1604 τῇ

2152 1616 2385 1693 ὑμετέρᾳ
2412 1618 2587 1692 κρίσει
2614 1619 2703 1673 καὶ
2752 1617 2962 1689 ἐξουσίᾳ
3011 1618 3263 1681 τιθέντες.
3296 1622 3373 1676 Τὸ
3427 1620 3552 1692 ὑμῖν
3603 1616 3804 1674 δοκοῦν

2153 1706 2480 1777 ἐπιλέξασθε.
2515 1707 2633 1761 Ἐὰν
2697 1706 2792 1779 μὲν
2852 1704 2942 1761 οὖν
3000 1708 3067 1762 τὰ
3122 1708 3364 1783 ἡμέτερα
3410 1704 3704 1781 δεὲλησθε,
3739 1707 3806 1762 οὗ

2161 1795 2321 1869 μόνον
2356 1797 2400 1831 ⁵⁸
2431 1792 2689 1867 δαίμονας
2729 1794 2819 1850 καὶ
2874 1796 2942 1850 τὰ
2997 1794 3057 1850 ἐκ
3099 1792 3373 1869 δαιμόνων
3422 1796 3567 1866 πάθη
3620 1800 3812 1875 φυγεῖν

408 1887 679 1958 effugere,
712 1887 811 1941 sed
846 1887 1060 1959 fugatis
1092 1889 1349 1961 utrisque
1372 1894 1427 1945 et
1458 1907 1491 1946 a
1521 1891 1884 1948 daamonibus
1915 1908 2049 1963 sup-

2178 1885 2467 1956 ἰυνήσεσθε,
2501 1886 2653 1942 202
2713 1881 2859 1940 ἀλλὰ
2911 1884 3065 1939 αὐτοὶ
3105 1884 3239 1939 αὐτὰ
3291 1887 3337 1921 ⁸ο
3391 1882 3812 1963 φυγαδεύοντες,

410 1975 638 2048 pliciter
665 1976 849 2049 rogati
881 1976 1057 2032 etiam
1106 1976 1319 2035 futuris
1376 1979 1547 2037 bonis
1595 1985 1873 2054 perpetuo
1906 1980 2053 2036 frue-

413 2080 583 2119 mlnl.

486 2155 580 2211 IX.
613 2153 885 2227 Alioquin
918 2157 1118 2210 contra
1163 2154 1223 2210 in
1254 2155 1364 2211 hac
1394 2156 1632 2228 quidem
1663 2156 1783 2213 vita
1811 2172 1914 2229 per
1942 2158 2057 2213 dae-

416 2261 621 2300 mones
652 2243 943 2299 atrocibus
961 2244 1183 2300 morbis
1207 2244 1533 2300 illudemini
1560 2262 1574 2314 ;
1599 2247 1833 2318 quando
1864 2250 2058 2301 autem

418 2334 625 2390 animae
669 2336 870 2388 vestrae
899 2348 930 2387 θ
986 2348 1225 2404 corpore
1277 2332 1632 2405 migrabunt,
1663 2333 1724 2389 in
1781 2338 2061 2390 aeternum

416 2438 619 2495 poenas
649 2421 892 2488 solvent,
913 2421 1168 2492 profecto
1196 2438 1310 2477 non
1344 2422 1497 2493 quod
1518 2422 1672 2479 Deus
1695 2424 2061 2490 condemnet,

418 2512 519 2566 sed
551 2511 706 2581 quod
725 2509 878 2565 mala
898 2526 1073 2582 opera
1087 2509 1198 2565 hoc
1227 2511 1883 2582 mereanturjudicium.
1916 2510 2063 2567 Nam

419 2599 712 2655 daemones
737 2601 1019 2670 potestate
1051 2614 1152 2669 per
1179 2598 1325 2670 ipsis
1353 2598 1635 2654 traditum
1667 2599 1863 2655 cibum
1903 2616 2065 2657 acce-

420 2692 538 2759 pta,
603 2687 812 2742 vestris
865 2686 1138 2742 manibus
1166 2686 1227 2742 in
1257 2690 1445 2742 vestra
1478 2686 1892 2743 immittuntur
1938 2704 2064 2745 cor-

421 2792 583 2847 pora.
614 2775 726 2830 Ubi
758 2774 914 2830 enim
957 2774 1257 2830 latuerunt
1305 2774 1491 2831 multo
1547 2779 1828 2848 tempore,
1888 2776 2065 2833 etiam

422 2880 555 2920 cum
588 2863 784 2919 anima
806 2863 1281 2918 commiscentur.
1303 2864 1367 2919 Et
1387 2868 1623 2936 propter
1650 2863 2068 2937 negligentiam

421 2967 648 3020 eorum,
676 2951 776 3022 qui
808 2951 920 3007 sibi
946 2952 1245 3023 providere
1266 2956 1368 3008 aut
1390 2969 1505 3008 non
1527 2952 1806 3025 cogitant,
1832 2957 1933 3009 aut
1952 2972 2069 3011 non

421 3040 643 3109 volunt,
667 3040 1006 3097 eorumdem
1029 3041 1246 3110 anima,
1269 3056 1406 3097 cum
1430 3058 1462 3097 a
1485 3058 1721 3113 corpore
1742 3049 2068 3114 separatur,

424 3129 674 3186 daamoni
710 3130 872 3185 unita
910 3130 1241 3186 necessario
1299 3131 1371 3187 ab
1402 3146 1467 3186 eo
1496 3130 1555 3185 in
1586 3131 1713 3186 loca
1764 3148 1891 3203 quae
1948 3133 2073 3205 ipse

422 3218 547 3274 vult
590 3219 866 3275 defertur.
928 3220 1207 3291 Quodque
1238 3219 1649 3291 gravissimum
1681 3225 1790 3287 est,
1831 3223 2067 3292 quando

2162 1973 2251 2029 καὶ
2290 1971 2658 2045 ἱκετευόμενοι
2691 1972 2779 2027 ὑπ’
2805 1971 3002 2045 αὐτῶν,
3035 1971 3124 2028 καὶ
3170 1976 3276 2028 τῶν
3322 1973 3486 2029 εἰσαεὶ
3536 1972 3814 2049 ἐσομένων

2164 2062 2375 2138 ἀγαθῶν
2403 2058 2753 2117 ἀπολαύσετε.

2239 2157 2327 2208 ΙΧ.
2362 2149 2573 2225 Ἐπείγε
2596 2148 2903 2204 τούναντίον
2938 2149 2988 2205 ἐν
3025 2150 3119 2223 μὲν
3150 2154 3229 2223 τῷ
3257 2154 3349 2205 νῦν
3402 2148 3505 2225 βίῳ
3550 2149 3653 2205 ὗπό
3707 2146 3832 2205 δαι-

2174 2239 2354 2312 μόνων
2408 2236 2735 2302 ἀλλοκότοις
2780 2241 2999 2294 πάθεσιν
3051 2235 3477 2316 ἐνυϐριζόμενοι,
3511 2238 3601 2294 ἐπὶ
3771 2238 3836 2295 ἐκ

2168 2332 2266 2384 τοῦ
2296 2329 2550 2400 σώματος
2577 2326 2877 2403 ἀπαλλαγῇ
2926 2329 3015 2384 καὶ
3054 2330 3152 2391 τὰς
3208 2328 3390 2404 ψυχὰς
3448 2328 3612 2383 εἰσαεὶ
3658 2326 3837 2383 κολα-

2170 2415 2507 2488 σθησομένας
2561 2414 2721 2489 ἕξετε,
2750 2415 2820 2472 τᾶ
2876 2415 3055 2487 ἀληθῆ
3090 2420 3201 2491 (22)
3233 2417 3295 2472 ού
3354 2421 3487 2473 Θεοῦ
3536 2415 3828 2472 καταδικά-

2175 2510 2379 2575 ζοντος,
2415 2502 2568 2560 ἀλλὰ
2611 2509 2790 2560 κακῶν
2827 2505 3067 2581 πράξεων
3118 2505 3380 2577 τοιαύτην
3430 2505 3675 2581 ἐχουσῶν
3715 2504 3829 2583 κρί-

2174 2616 2277 2649 σιν.
2311 2594 2374 2647 Οἱ
2402 2594 2503 2670 γὰρ
2532 2590 2807 2668 δαίμονες,
2835 2592 2924 2649 διὰ
2950 2600 3050 2664 τῆς
3082 2594 3270 2657 αὐτοῖς
3303 2590 3667 2664 ἀποδοθείσης
3704 2615 3839 2671 τρο-

2175 2690 2280 2763 φῆς
2316 2681 2555 2754 ἐξουσίαν
2592 2681 2835 2758 ἔχοντες,
2869 2684 2971 2739 ὑπὸ
3017 2688 3126 2739 τῶν
3176 2683 3455 2761 ὑμετέρων
3500 2687 3707 2760 χειρῶν
3760 2683 3845 2747 εἷς

2172 2773 2240 2827 τὰ
2289 2770 2520 2845 ὑμέτερα
2564 2771 2918 2848 εἷσκρίνονται
2968 2774 3012 2810 ⁶¹
3067 2773 3319 2845 σώματα.
3383 2769 3846 2847 Ἐνδομυχήσαν-

2174 2881 2264 2923 τες
2295 2861 2399 2935 γὰρ
2431 2857 2629 2932 πολλῷ
2655 2863 2735 2932 τῷ
2756 2858 2944 2935 χρόνῳ
2968 2860 3056 2915 καὶ
3081 2864 3150 2935 τῇ
3177 2863 3332 2936 ψυχῇ
3363 2860 3742 2937 ἀνακίρνανται
3764 2863 3843 2918 ⁸³.

2178 2950 2278 3004 Καὶ
2335 2946 2424 3003 διὰ
2475 2949 2576 3018 τήν
2635 2948 2895 3022 ἀμέλειαν
2949 2952 3057 3003 τῶν
3117 2949 3331 3004 ἑαυτοῖς
3370 2952 3416 2987 ⁸³
3468 2949 3690 3026 βοηθεῖν
3755 2949 3839 3021 μὴ

2177 3035 2447 3092 νοούντων
2496 3037 2532 3106 ἢ
2572 3036 2661 3092 καὶ
2710 3038 2785 3109 μή
2839 3035 3216 3113 βουλομένων,
3247 3036 3452 3091 τούτων
3512 3036 3687 3091 αὐτῶν
3746 3036 3842 3091 ἐπὶ

2177 3130 2246 3200 τῇ
2296 3130 2394 3181 τοῦ
2433 3126 2685 3199 σώματος
2718 3124 2936 3195 λύσειή
2978 3127 3130 3203 ψυχὴ
3175 3132 3255 3198 τῷ
3306 3124 3523 3200 δαίμονι
3572 3127 3837 3199 ἡνωμένη

2181 3216 2417 3291 ἀνάγκην
2466 3213 2580 3291 ἔχει
2626 3213 2872 3293 φέρεσθαι
2922 3215 3010 3269 ὑπ’
3059 3215 3225 3271 αὐτοῦ
3288 3216 3363 3278 εἷς
3432 3215 3523 3278 οὓς
3578 3212 3843 3290 βούλεται

423 3308 483 3363 in
513 3308 779 3363 omnium
805 3308 1309 3363 consummatione
1332 3309 1557 3364 daemon
1582 3310 1770 3381 primo
1802 3309 1860 3365 in
1883 3311 2062 3383 expia-

2292 3275 2303 3291 .
2374 3275 2385 3286 .
2498 3275 2533 3291 η
2639 3275 2704 3293 ..
3351 3275 3360 3278 ν
3511 3275 3520 3278 τ
3579 3275 3589 3290 .

2178 3304 2400 3366 τόπους.
2454 3305 2531 3360 Τὸ
2589 3301 2647 3358 δὲ
2690 3304 2904 3358 πάντων
2942 3302 3359 3379 χαλεπώτατον,
3392 3302 3520 3358 ἐπὰν
3573 3306 3621 3341 ⁸⁸
3670 3302 3723 3358 ἐν
3768 3307 3841 3377 τῇ

423 3396 601 3452 tionis
630 3395 825 3468 ignem
847 3395 1097 3451 traditus
1129 3394 1320 3463 fuerit,
1350 3412 1586 3452 necesse
1614 3401 1722 3465 est,
1759 3401 1821 3452 ut
1850 3398 1901 3453 ei
1943 3396 2068 3467 qui-

424 3486 555 3542 dem
589 3484 869 3557 permista
897 3483 1093 3539 anima
1124 3484 1431 3539 infandum
1455 3485 1515 3539 in
1547 3486 1787 3540 modum
1809 3490 2070 3556 vexetur,

425 3574 651 3631 daemon
681 3590 816 3629 vero
846 3574 1118 3645 gaudeat.
1151 3573 1253 3628 Illa
1271 3574 1582 3645 siquidem,
1610 3590 1738 3645 qua:
1760 3590 1828 3629 ex
1852 3574 2073 3631 lumine

425 3667 534 3733 est,
563 3666 895 3718 extraneum
925 3662 1079 3735 ignis
1106 3662 1407 3718 ﬂammam
1443 3680 1557 3719 non
1619 3665 1808 3719 ferens
1839 3668 2072 3735 torque-

425 3756 555 3819 tur;
589 3752 684 3807 hic
715 3756 932 3818 autem,
969 3750 1069 3823 qui
1106 3752 1163 3806 in
1194 3752 1426 3824 generis
1456 3752 1548 3807 sui
1597 3758 1686 3808 est
1719 3753 2072 3816 substantia.

426 3840 591 3897 valde
619 3839 871 3905 latatur,
904 3856 1037 3895 cum
1070 3840 1282 3895 animae
1302 3840 1374 3895 ab
1407 3840 1533 3912 ipso
1560 3840 1854 3913 deglutita:
1871 3842 2072 3897 vincu-

423 3928 550 3983 lum
583 3928 773 3985 fautus
804 3926 882 3984 sit
912 3932 1089 4000 ruptu
1120 3926 1556 3983 difﬁcillimum.

498 4111 567 4162 X.
602 4107 764 4173 Quod
813 4109 1007 4162 autem
1064 4106 1356 4163 demoues
1414 4105 1674 4179 gestiunt
1714 4105 1773 4162 in
1836 4122 2079 4179 corpora

427 4195 991 4263 hominumintrare,
1011 4195 1133 4251 haec
1157 4212 1336 4251 causa
1365 4200 1472 4251 est.
1505 4199 1646 4251 Cum
1696 4195 1815 4251 sint
1835 4196 2077 4267 spiritus

428 4287 485 4339 et
514 4288 789 4355 appetant
819 4284 980 4338 cibos
1013 4288 1070 4338 et
1091 4287 1265 4354 potus
1287 4300 1351 4338 ac
1375 4282 1697 4350 libidinem,
1723 4300 1828 4339 nec
1852 4284 2079 4357 possint

429 4387 653 4443 capere,
672 4372 829 4443 quia,
853 4388 985 4427 cum
1009 4371 1251 4443 spiritus
1274 4372 1411 4439 sint,
1438 4371 1703 4444 indigent
1722 4388 2075 4445 organorum

432 4461 503 4516 ad
532 4477 706 4515 usum
739 4460 1225 4529 necessariorum,
1259 4460 1318 4515 in
1344 4460 2079 4533 hominumingrediuntur

434 4566 698 4620 corpora,
730 4553 795 4604 ut
823 4554 1103 4620 tanquam
1159 4548 1555 4607 ministrentia
1610 4551 1876 4606 membra
1921 4551 2077 4606 nacti

2179 3397 2284 3448 τῶν
2337 3392 2481 3448 ὅλων
2526 3390 2805 3465 συντελείᾳ
2834 3393 2863 3447 ὁ
2894 3389 3105 3466 δαίμων
3149 3394 3217 3447 τὰ
3258 3398 3448 3469 πρῶτα
3497 3392 3573 3455 εἷς
3623 3392 3688 3448 τὸ
3740 3413 3841 3447 κα-

2180 3483 2362 3552 θαῖρον
2395 3485 2502 3557 πῦρ
2535 3478 2801 3555 ἀποδοθῇ,
2830 3482 2866 3551 ἠ
2900 3483 3255 3556 συγκραθεῖσα
3314 3481 3460 3554 αὐτῷ
3489 3482 3644 3558 ψυχὴ
3679 3483 3846 3557 ἀνάγ-

2180 3592 2281 3642 κην
2314 3569 2430 3647 ἔχει
2482 3570 2615 3639 αὐτή
2662 3570 2755 3642 μὲν
2806 3570 3132 3646 ἀποῤῥήτως
3180 3569 3529 3643 κολάζεσθαι,
3563 3572 3591 3625 6
3624 3568 3682 3625 δὲ
3712 3568 3842 3625 δαί-

2186 3682 2302 3733 μων
2334 3657 2581 3730 ἥδεσθαι.
2613 3660 2677 3716 Ἡ
2726 3659 2830 3734 γὰρ
2877 3659 2904 3713 ὁ
2961 3660 3141 3737 φωτὸς
3182 3659 3335 3729 οὖσα,
3363 3660 3465 3728 τήν
3515 3657 3844 3737 ἀλλόφυλον

2181 3754 2278 3805 τοῦ
2325 3749 2496 3823 πυρὸς
2544 3747 2723 3826 φλόγα
2775 3748 2850 3820 μὴ
2901 3747 3155 3823 φέρουσα,
3212 3747 3572 3825 βασανίζεται,
3605 3748 3632 3802 6
3675 3745 3734 3803 δὲ
3786 3748 3842 3805 ἐν

2182 3842 2249 3912 τῇ
2278 3842 2375 3893 τοῦ
2405 3837 2591 3913 γένους
2641 3836 2806 3891 αὐτοῦ
2850 3834 2922 3891 ὣν
2978 3836 3154 3908 οὐσίᾳ,
3207 3836 3458 3914 μεγάλως
3507 3834 3719 3909 ἥδεται,
3750 3834 3845 3893 δε·-

2184 3925 2320 3999 σμὸς
2354 3923 2655 4002 δύσρηκτος
2695 3924 2985 4001 γενόμενος
3033 3928 3132 3996 τῆς
3185 3925 3274 3981 ὑπ’
3320 3924 3485 3980 αὐτοῦ
3541 3925 3844 4000 συμποθεί-

2185 4036 2285 4086 σης
2315 4017 2360 4052 ⁸⁵
2389 4017 2595 4090 ψυχῆς.
2892 4078 2893 4081 η

2258 4109 2321 4161 Χ.
2348 4103 2418 4157 Τὸ
2450 4100 2507 4158 δὲ
2531 4105 2577 4140 ⁸⁸
2602 4101 2729 4165 τοὺς
2763 4099 3025 4177 δαίμονας
3054 4099 3341 4180 γλίχεσθαι
3374 4101 3451 4165 εἷς
3480 4100 3548 4157 τὰ
3586 4105 3697 4157 τῶν
3743 4101 3848 4157 ἆν-

2188 4194 2421 4269 θρώπων
2454 4189 2679 4247 εἰσδύειν
2709 4195 2862 4250 203
2895 4192 3141 4264 σώματα,
3174 4190 3320 4246 αἰτία
3360 4189 3520 4262 αὕτη.
3550 4189 3848 4264 [Ινεύματα

2186 4277 2334 4345 ὅντες
2364 4281 2451 4336 καὶ
2482 4282 2580 4349 τήν
2624 4280 2908 4354 ἐπιθυμίαν
2942 4277 3161 4355 ἔχοντες
3202 4281 3275 4343 εἷς
3334 4281 3519 4357 βρωτὰ
3564 4280 3654 4335 καὶ
3702 4282 3852 4336 ποτά

2184 4370 2274 4426 καὶ
2328 4370 2627 4443 συνουσίαν,
2664 4364 3094 4443 μεταλαμϐάνειν
3153 4367 3211 4424 δὲ
3271 4370 3346 4443 μὴ
3409 4367 3698 4443 δυνάμενοι
3754 4366 3849 4424 διὰ

2183 4461 2246 4514 τὸ
2275 4459 2558 4532 πνεύματα
2614 4459 2750 4514 εἶναι
2804 4458 2963 4514 xui"
2996 4455 3202 4513 δεῖσθαι
3261 4458 3507 4535 ὀργάνων
3565 4463 3673 4513 τῶν
3708 4459 3849 4535 πρὸς

2186 4551 2287 4618 τὴν
2351 4555 2551 4624 χρῆσιν
2606 4545 2949 4619 ἐπιτηδείων,
3014 4547 3091 4610 εἰς
3146 4548 3215 4602 τὰ
3268 4547 3565 4621 ἀνθρώπων
3620 4547 3847 4603 εἰσίασιν

439 4655 566 4710 quae
599 4638 845 4709 cupiunt
876 4638 1107 4710 possint
1134 4638 1416 4706 obtinere,
1448 4640 1569 4695 sive
1594 4638 1775 4708 cibos,
1810 4655 1911 4711 per
1941 4639 2062 4695 deni

2192 4638 2438 4711 σώματσ,
2495 4636 2607 4709 ἵνα,
2652 4635 2832 4714 ὥσπερ
2885 4637 3307 4712 ὑπουργούντων
3361 4636 3605 4713 ὀργάνων
3647 4635 3855 4711 τυχόν-

434 4732 523 4785 tes
556 4727 837 4794 hominis,
887 4727 1006 4784 sive
1062 4726 1391 4799 libidinem,
1450 4744 1552 4800 per
1593 4727 1873 4800 genitalia
1902 4727 2082 4785 illius.

2193 4746 2300 4799 τες,
2327 4726 2402 4780 ὧν
2450 4723 2697 4790 θέλουσιν
2747 4724 3025 4801 ἐπιτυχεῖν
3075 4721 3292 4780 δυνατοὶ
3335 4726 3490 4794 ὦσιν,
3541 4722 3647 4781 εἴτε
3698 4726 3852 4801 βρω-

1785 4884 1881 4935 VA
1891 4881 2029 4937 RIIE
2093 4879 2509 4937 LECTIONES.

508 4996 555 5070 δέ
604 4992 985 5070 παρελθουσῶν
1042 4993 1108 5049 0.
1146 4994 1231 5070 ff
1285 4989 1375 5047 διὰ
1429 4995 1643 5070 ex_cidi_t
1691 5011 1985 5070 egrecens.
2046 4994 2798 5070 Clerico—Schvvegleriana.
2855 4996 2919 5070 *⁵⁸
2968 4996 3139 5070 Ιῗοι-ι.Δ
3173 4995 3298 5070 leg.
3344 5000 3474 5070 ⁵τῆς
3522 4991 3739 5070 πλάνης
3784 4996 3853 5070 S.

437 5067 479 5101 ⁵⁷
511 5068 649 5137 Conj
658 5067 960 5137 e'ctaverim
993 5085 1033 5118 π

1107 5061 1382 5155 αδοθεῖσαγ
1414 5063 1912 5155 καζφυλαχθεξσανΙ
1935 5064 2269 5155 θρησκείανη
2293 5066 2401 5155 cl.“
2424 5061 2656 5155 Reciﬁlv,
2707 5068 2797 5155 '14.
2849 5067 2909 5155 Si:
2984 5067 3052 5155 “in
3076 5061 3439 5150 Vbbzvxplasi
3475 5064 3584 5155 ’καὶ
3632 5061 3857 5155 ἐξουσίᾳ

1038 5086 1069 5118 α

437 5085 476 5101 υ·
511 5085 960 5137 uonJecmverlm
993 5085 1069 5118 πα
1107 5085 1382 5120 αοοοεισαν
1414 5085 1505 5119 και
1536 5085 1901 5143 φυλαχυεισαν
1935 5085 2243 5141 υρησκειαν,
2293 5085 2365 5122 οι.
2424 5085 2546 5122 nec.
2581 5085 2656 5136 IV,
2713 5085 2797 5122 ιιι.
2849 5085 2908 5122 δ.
2984 5085 3027 5102 νο
3084 5085 3226 5122 v00.
3266 5085 3436 5138 κρισει
3484 5085 3573 5119 και
3632 5085 3852 5155 εςουσιᾳ

437 5169 505 5179 -
537 5137 623 5191 ἐὰν
672 5137 765 5211 μὲν
808 5135 896 5211 οὖν
942 5138 1013 5211 τὰ
1061 5085 1302 5211 ipsum
1345 5140 1467 5211 des.
1502 5138 1560 5211 _in
1610 5139 1674 5211 (_).
1751 5139 1796 5174 5°
1845 5136 2006 5210 μόνον
2029 5137 2106 5211 -Ο,
2140 5138 2503 5211 cpnj._etiam
2550 5138 2614 5211 _S,
2651 5135 2846 5211 μόνους
2872 5143 2929 5193 C.
3007 5139 3052 5211 βο
3079 5141 3317 5211 τοιαῦτα
3343 5156 3405 5211 p.
3432 5135 3589 5211 αύτοζ
3618 5138 3753 5211 αυτά
3783 5140 3852 5195 C.

436 5210 481 5292 ξξ
539 5212 619 5265 Ita
667 5206 726 5292 VS,
765 5206 1117 5292 ⁹εἰσκρίὶνετίαι⁷
1148 5211 1207 5265 C.
1236 5206 1339 5292 '0.“
1381 5210 1445 5292 '6’
1490 5206 1855 5292 o’tv‘axipvavrai

1906 5211 1967 5278 S,
2017 5209 2083 5278 Ο,

2166 5206 2493 5282 ἀνακίρναται,
2537 5209 2596 5265 C.
2653 5206 2721 5282 "fil
2766 5207 2948 5282 αὐτοῖς
2998 5210 3063 5282 Oi.
3117 5210 3192 5282 _°_’f
3222 5206 3357 5261 ἐπάν
3382 5209 3440 5276 S,
3474 5209 3540 5277 Ο,
3573 5206 3654 5282 ἐπ’
3689 5207 3752 5263 ἅν
3782 5214 3849 5267 C.

435 5281 481 5317 6⁸
509 5279 878 5354 συμποθείσης
900 5276 908 5283 ’
932 5282 993 5348 D,
1026 5282 1090 5351 Ο,
1125 5278 1495 5353 συμπαθείσης
1527 5281 1589 5349 C,
1620 5276 1718 5354 qui
1771 5276 1961 5354 conj.‘
1986 5276 2378 5354 συμπαγείσης.
2455 5281 2631 5354 θξτοῦ.
2672 5276 2730 5354 δέ
2769 5280 3006 5354 scribit
3036 5279 3502 5354 Schliemannus
3530 5276 3731 5354 Clem.
3786 5299 3851 5354 p.

439 5349 589 5425 166,'
618 5354 772 5425 569.“
808 5352 998 5425 Recte.
1030 5349 1141 5425 ACf.
1196 5349 1370 5409 Hom.
1431 5349 1509 5425 ιν,
1541 5354 1595 5410 9.
1629 5349 1688 5411 S.
1738 5349 1895 5409 υθὶιί
1910 5349 2072 5409 deest
2099 5349 2204 5405 τῶν
2238 5354 2297 5407 in
2328 5352 2394 5408 Ο.
2469 5352 2513 5388 ⁸⁷
2542 5349 2633 5405 καί
2664 5352 2723 5421 S,
2756 5352 2822 5422 Ο,
2846 5352 3219 5409 desideratur
3246 5369 3342 5424 ap.
3379 5353 3438 5408 C.
3471 5352 3516 5408 D
3548 5351 3663 5425 legi
3719 5349 3854 5412 vult

433 5424 713 5497 πνεύματα
744 5417 873 5477 ὄντα
903 5419 1130 5480 δεῖσθαι.

1800 5547 2182 5605 VARIORUM
2221 5546 2450 5603 NOTAE.

506 5666 618 5735 (22)
651 5665 971 5741 Cotelerius
1002 5664 1309 5741 hancAmAaIe
1337 5664 1526 5741 vertit
1546 5682 1559 5720 :
1592 5681 1721 5741 gem
1747 5680 1857 5720 non
1884 5664 2027 5735 quod
2053 5664 2196 5719 Deus
2224 5662 2562 5720 condemnet.
2596 5662 2812 5719 Eodem
2845 5661 3019 5719 modo
3077 5659 3144 5715 τὰ
3196 5658 3379 5731 ἀληθῆ
3435 5662 3526 5735 (ea
3558 5659 3848 5741 τάληθῶς)

438 5742 760 5810 usurpatur
790 5737 947 5793 hom.
981 5755 1059 5809 χι,
1093 5737 1181 5802 12,
1212 5737 1315 5805 29;
1343 5752 1460 5804 xv,
1491 5737 1552 5792 7.
1586 5737 1645 5793 S.
1676 5741 1948 5792 DRESSEL.
