4086 6216
334 365 435 429 349
1415 360 1951 434 CLEMENTINA.
1981 400 2061 417 -
2095 366 2427 435 HOMILIA
2464 372 2574 435 IX.

3576 368 3700 435 250

336 504 425 555 τῶν
470 493 553 553 διὰ
591 500 698 554 τῶν
728 499 772 536 ⁸⁸
813 496 1100 573 ἀνθρὼπου
1156 496 1417 567 ὀδόντων,
1476 499 1582 557 ε’ἷτε
1637 501 1934 573 συνουσίας,

2080 503 2216 559 inde
2237 505 2304 558 ad
2329 506 2612 575 tugandos
2629 505 2921 562 daemonas
2944 504 3295 563 abstinentia
3325 508 3379 561 rt
3400 503 3697 579 jejunium

336 586 410 641 διὰ
450 592 551 641 τῶν
594 586 797 642 ἐκείνου
844 586 1091 645 αἰδοίων.
1140 591 1291 644 Ὅθεν
1340 591 1477 664 πρὸς
1529 593 1625 660 τήν
1686 596 1789 646 τῶν
1823 589 1937 645 δαι-

2048 599 2105 649 et
2133 594 2429 649 afflictatio
2460 594 2831 666 aptissimum
2873 600 2962 651 est
2992 596 3294 651 auxilium.
3330 596 3388 651 Si
3434 595 3589 652 enim
3622 598 3693 652 ad

338 677 493 749 μόνων
521 678 687 754 φυγήν
716 680 751 745 ἡ
784 674 958 731 ἔνδεια
984 678 1074 732 καὶ
1104 680 1139 747 ἡ
1180 678 1398 749 νηστεία
1443 680 1532 734 καὶ
1588 682 1624 750 ἡ
1671 680 1943 755 κακουχία

2080 683 2360 737 ruendum
2407 683 2818 753 ingrediuntur
2862 685 2920 738 in
2971 701 3183 757 corpus
3230 685 3507 752 hominis,
3541 690 3701 756 patet

335 766 635 820 οἰκειότατόν
663 765 772 821 ἐστι
808 767 1085 841 βοήθημα.
1134 768 1192 822 Εἰ
1222 770 1322 844 γὰρ
1361 774 1458 824 τοῦ
1510 765 1942 842 μεταλαμϐάνειν

333 857 474 930 χάριν
528 853 859 930 εἰσέρχονται
915 856 989 918 εἷς
1043 858 1329 932 ἀνθρώπου
1380 862 1560 931 σῶμα,
1619 856 1877 929 δηλονότι
1902 861 1949 896 ⁸³

331 943 577 1018 κακουχίᾳ
619 942 1031 1020 φυγαδεύονται.
1090 944 1244 1003 Ἀλλ’
1284 944 1472 1015 ἐπειδὴ
1516 944 1628 1003 ἔνια
1677 945 1950 1021 δεινότερα

331 1033 649 1107 τυγχάνοντα
678 1032 1295 1111 προσφιλονεικήσαντα,
1324 1034 1501 1090 καίτοι
1539 1036 1948 1113 τιμωρούμενα,

332 1126 399 1193 τῷ
440 1122 839 1195 τιμωρουμένῳ
889 1123 1181 1198 προσμένει
1232 1124 1447 1196 σώματι
1503 1122 1592 1179 διὰ
1633 1128 1795 1180 τοῦτο
1835 1126 1949 1202 χρή

328 1209 662 1288 προσφεύγειν
720 1212 837 1283 Θεῷ
885 1210 1073 1287 εὐχαῖς
1120 1211 1210 1266 καὶ
1265 1209 1531 1286 δεήσεσιν,
1576 1214 1953 1289 ἀπεχομένους

330 1300 487 1368 πάσης
533 1301 578 1336 το
625 1300 926 1375 ἀκαθάρτου
974 1298 1313 1379 προφάσεως,
1367 1301 1538 1374 ὃπως,
1595 1304 1630 1372 ἡ
1677 1307 1775 1357 τοῦ
1822 1307 1957 1359 Θεοῦ

330 1387 439 1464 χεὶρ
486 1386 562 1449 εἰς
612 1385 753 1442 ἴασιν
783 1387 950 1443 αὐτοῦ
988 1386 1276 1463 ἐπιψαῦσαι
1310 1386 1536 1464 δυνηθῇ,
1569 1390 1643 1453 ὡς
1672 1390 1839 1467 ἀγνοῦ
1868 1391 1958 1447 καὶ

332 1476 675 1539 πιστεύοντος.

388 1571 474 1621 XI.
505 1571 599 1621 Δεῖ
628 1564 690 1621 δὲ
716 1566 805 1621 καὶ
835 1566 888 1622 ἐν
917 1572 1037 1630 ταῖς
1070 1566 1261 1644 εὐχαῖς
1286 1567 1347 1624 τὸ
1368 1571 1413 1607 τί
1466 1572 1583 1641 Θεῷ
1630 1587 1966 1648 προσπεφευ-

334 1656 456 1729 γέναι
506 1652 833 1729 ὁμολογεῖν,
881 1655 971 1710 καὶ
1021 1654 1485 1733 διαμαρτύρασθαι
1515 1659 1562 1695 ⁷³
1589 1658 1688 1727 τὴν
1720 1662 1817 1713 τοῦ
1848 1654 1964 1713 δαί-

337 1763 481 1814 μονος
512 1742 615 1798 οὐκ
661 1743 938 1816 ἀπάθειαν,
983 1744 1129 1800 ἀλλά
1189 1742 1497 1821 βραδυτῆτα
1523 1748 1587 1783 ’⁷³-
1634 1745 1807 1802 πάντα
1863 1748 1966 1822 γὰρ

330 1836 397 1903 τῷ
450 1831 760 1887 πιστεύοντι
817 1832 1044 1906 γίνεται,
1107 1834 1421 1889 ἀπιστοῦντι
1481 1831 1541 1888 δὲ
1585 1830 1757 1893 οὐδέν.
1816 1837 1968 1892 Ὀθεν

330 1919 465 1975 αὖτοὶ
495 1921 546 1975 οἱ
580 1918 863 1993 δαίμονες,
895 1918 1095 1984 εἰδότες
1128 1920 1200 1977 ὧν
1232 1921 1577 1998 ἐπικρατοῦσι
1606 1925 1706 1993 τῆς
1734 1922 1968 1987 πίστεως

336 2012 424 2077 τήν
471 2010 774 2081 ποσότητα,
821 2009 1192 2085 ἀναλογοῦσαν
1238 2010 1618 2087 ἐπιμετροῦσιν
1662 2012 1840 2069 αὐτῶν
1867 2014 1969 2083 τὴν

337 2098 611 2171 ἐπιμονήν.
666 2100 765 2154 Διά
808 2104 970 2155 τοῦτο
1033 2106 1150 2162 τοῖς
1214 2102 1524 2156 ἀπιστοῦσιν
1601 2100 1969 2175 ἐπιμένουσιν,

333 2194 439 2250 τοῖς
482 2186 540 2243 δὲ
589 2186 908 2251 δυσπίστοις
948 2184 1396 2262 ἐμϐραδύνουσιν,
1426 2195 1545 2252 τοῖς
1578 2187 1637 2245 δὲ
1664 2190 1969 2246 παντάπασι

334 2278 635 2332 πιστεύσασι
691 2278 781 2333 καὶ
833 2276 889 2332 εὖ
939 2280 1095 2337 2θ4
1128 2280 1452 2353 πράττουσιν
1480 2276 1605 2334 οὐδὲ
1628 2280 1764 2355 πρὸς
1795 2280 1968 2355 ῥοπὴν

335 2364 463 2440 ὧρας
494 2372 733 2421 συνεῖναι
768 2363 1041 2423 δύνανται.
1072 2368 1135 2422 Ἡ
1166 2368 1269 2442 γὰρ
1301 2368 1456 2442 ψυχὴ
1486 2369 1556 2439 τῇ
1575 2370 1708 2443 πρὸς
1733 2369 1862 2424 Θεὸν
1886 2370 1973 2424 πί-

332 2475 429 2509 στει
461 2454 534 2516 ὡς
569 2454 649 2517 εἷς
683 2452 876 2517 ὕδατος
899 2454 1055 2533 φύσιν
1072 2460 1338 2530 τραπεῖσα
1356 2455 1447 2510 τὸν
1472 2453 1703 2529 δαίμονα
1725 2456 1798 2511 ὡν
1822 2478 1972 2512 σπιν-

332 2544 455 2620 θῆρα
504 2544 683 2620 πυρὸς
738 2539 1145 2601 ἀποσϐέννυσιν.
1180 2545 1435 2618 Κάματος
1469 2541 1559 2599 οῦν
1591 2542 1730 2599 ἐστιν
1761 2545 1971 2620 ἑκάστῳ

331 2631 640 2704 έννοηθῆναι
671 2636 719 2670 ⁷⁸
762 2634 864 2702 τήν
919 2636 1015 2687 τοῦ
1072 2632 1263 2688 ἑαυτοῦ
1294 2630 1553 2707 δαίμονος
1585 2636 1779 2712 φυγήν.
1814 2635 1967 2692 Ἀνα-

330 2724 631 2797 κιρνάμενοι
661 2723 765 2799 γὰρ
798 2726 917 2783 ταῖς
946 2725 1174 2798 ψυχαῖς,
1201 2720 1351 2785 ὅπως
1378 2743 1462 2784 τις
1491 2729 1593 2791 τῆς
1649 2722 1813 2778 αὐτοῦ
1861 2744 1969 2778 σω-

328 2811 507 2885 τηρίας
557 2810 819 2885 ἀμελήσῃ
867 2814 931 2881 ⁷⁵,
987 2811 1308 2884 ἐνθυμήσεις
1351 2812 1489 2887 πρὸς
1536 2812 1569 2866 ἃ
1604 2810 1894 2888 βούλονται
1926 2815 1972 2851 ⁷⁸

334 2894 733 2954 ὑποϐάλλουσιν
765 2900 843 2963 εἷς
872 2900 963 2955 τὸν
991 2900 1215 2956 ἒκάοτου
1254 2905 1399 2957 νοῦν.

393 2994 503 3045 XII.
548 2992 711 3053 Ὅθεν
761 2987 987 3058 πολλοὶ,
1042 2989 1141 3045 οὐκ
1170 2988 1371 3052 εἰδότες
1415 2989 1577 3044 πόθεν
1610 2989 1969 3067 ένεργοῦνται,

331 3082 437 3139 ταῖς
465 3082 573 3131 τῶν
609 3076 897 3150 δαιμόηων
929 3085 1119 3141 κακαῖς
1153 3074 1657 3152 ὑποϐαλλομέναις,
1710 3078 1969 3144 ἐπινοίαις

332 3165 399 3226 ὡς
449 3171 526 3238 τῷ
570 3174 676 3236 τῆς
718 3170 903 3243 ψυχῆς
952 3167 1126 3223 αὐτῶν
1175 3168 1429 3243 λογισμῷ
1479 3169 1824 3226 συντίθενται.
1876 3170 1969 3224 Διὸ

2052 771 2186 827 illos
2218 772 2405 843 fugari
2435 773 2767 828 afflictione.
2818 774 3030 829 Verum
3063 774 3200 845 quia
3246 775 3485 846 quidam
3514 774 3696 830 mole-

2055 862 2285 927 stiores,
2312 861 2409 915 ubi
2434 861 2859 926 contenderint,
2882 862 3150 933 quamvis
3180 862 3395 917 fuerint
3415 863 3707 936 castigati,

2056 954 2251 1007 tamen
2303 950 2361 1004 in
2416 949 2697 1021 castigato
2754 966 2991 1021 corpore
3049 955 3411 1021 permanent,
3465 951 3593 1008 ideo
3639 952 3711 1007 ad

2058 1041 2244 1097 Deum
2293 1044 2517 1112 Oportet
2558 1040 2871 1111 confugere
2912 1039 3181 1110 precibus
3239 1044 3296 1094 et
3326 1040 3715 1107 orationibus,

2062 1134 2239 1203 atque
2263 1129 2423 1185 omni
2466 1128 2699 1201 impura
2745 1128 3048 1184 occasione
3098 1128 3464 1199 abstinendo,
3522 1132 3587 1184 ut
3616 1117 3715 1184 Dei

2066 1234 2278 1274 manus
2309 1218 2367 1272 in
2401 1216 2561 1273 illius
2586 1216 2899 1273 sanitatem
2927 1217 3112 1290 possit
3134 1218 3715 1291 accedere,tanquam

2070 1307 2201 1380 puri
2235 1323 2300 1364 ac
2332 1306 2546 1363 fidelis.

2143 1575 2236 1632 XI.
2268 1575 2507 1647 Oportet
2548 1578 2745 1631 autem
2794 1575 2853 1629 in
2906 1574 3177 1647 precibus
3227 1571 3488 1630 conﬁteri
3517 1574 3719 1629 confu-

2076 1664 2233 1738 gisse
2265 1682 2370 1720 nos
2401 1666 2471 1721 ad
2508 1668 2708 1735 Deum,
2757 1670 2933 1736 atque
2974 1668 3250 1720 attestare
3290 1663 3572 1719 daemonis
3603 1680 3719 1719 non

2076 1753 2479 1824 indolentiam,
2532 1754 2634 1809 sed
2685 1753 3056 1821 tarditatem;
3108 1758 3321 1808 cuncta
3365 1751 3522 1807 enim
3563 1750 3720 1807 ﬁdeli

2024 1844 2251 1943 Bfiunt,
2284 1841 2503 1898 inﬁdeli
2533 1858 2665 1898 vero
2697 1840 3031 1897 nihil.Unde
3054 1841 3161 1913 ipsi
3195 1842 3509 1940 daemones,
3532 1839 3721 1896 scien-

2078 1938 2168 1989 tes
2197 1948 2398 1988 eorum
2422 1948 2570 2003 quos
2600 1931 2861 1986 obtinent
2892 1930 3025 1985 ﬁdei
3057 1928 3463 2002 quantitatem,
3495 1946 3564 1985 ex
3592 1946 3721 2001 pro-

2079 2021 2342 2092 portione
2372 2036 2540 2075 suam
2572 2018 2897 2075 metiuntur
2927 2019 3312 2074 mansionem.
3350 2018 3630 2085 Quocirca
3660 2018 3719 2074 in

2078 2107 2417 2164 inﬁdelibus
2449 2112 2836 2180 perseverant,
2869 2107 2928 2162 in
2961 2108 3033 2161 iis
3060 2112 3253 2161 autem
3288 2106 3387 2178 qui
3419 2123 3567 2178 aegre
3592 2122 3720 2162 cre-

2079 2199 2227 2254 dunt
2252 2197 2679 2254 immorantur:
2704 2212 2837 2251 cum
2870 2195 2941 2250 iis
2964 2212 3116 2267 vero,
3149 2196 3247 2267 qui
3282 2194 3513 2266 penitus
3534 2196 3719 2251 credi-

2080 2288 2293 2343 derunt
2320 2290 2377 2342 et
2409 2291 2607 2342 sancte
2636 2284 2855 2352 vivunt,
2881 2300 2986 2339 nec
3016 2284 3087 2338 ad
3112 2287 3476 2339 momentum
3498 2286 3721 2355 tempo-

2080 2376 2161 2431 ris
2194 2379 2443 2447 possunt
2472 2373 2811 2431 consistere.
2842 2373 3054 2429 Anima
3082 2373 3299 2444 quippe
3330 2388 3429 2445 per
3458 2371 3632 2428 fidem
3659 2372 3720 2427 in

2083 2469 2263 2519 Deum
2293 2464 2461 2535 quasi
2493 2464 2551 2518 in
2583 2480 2746 2534 aqua:
2776 2467 3042 2518 naturam
3069 2478 3365 2527 conversa,
3398 2461 3721 2517 daemonem

2080 2552 2236 2609 velut
2264 2550 2579 2608 scintillam
2610 2550 2763 2624 ignis
2811 2550 3149 2623 exstinguit.
3204 2549 3384 2607 Labor
3406 2548 3603 2620 itaque
3633 2554 3724 2605 est

2081 2641 2418 2714 unicuique,
2450 2645 2516 2696 ut
2545 2639 2834 2713 intelligat
2854 2638 3137 2695 damonis
3156 2638 3248 2695 sui
3281 2638 3501 2712 fugam.
3533 2638 3723 2710 Siqui-

2081 2733 2212 2787 dem
2246 2747 2378 2786 cum
2402 2729 2713 2785 animabus
2738 2726 3055 2800 conjuncti,
3081 2743 3196 2799 quo
3226 2727 3440 2800 aliquis
3470 2727 3722 2783 salutem

2081 2837 2249 2876 suam
2282 2819 2557 2891 negligat,
2577 2816 2957 2890 cogitationes
2980 2817 3048 2872 ad
3075 2833 3198 2886 quae
3217 2815 3423 2872 volunt
3443 2815 3502 2871 in
3531 2816 3726 2887 cujus-

2080 2926 2193 2982 que
2225 2913 2479 2964 mentem
2505 2907 2799 2978 injiciunt.

2149 2998 2267 3054 XII.
2301 3000 2489 3065 Quare
2529 2997 2721 3063 multi,
2772 2995 3098 3053 nescientes
3138 2995 3293 3051 unde
3338 2994 3722 3066 inspirentur,

2080 3088 2273 3160 pravis
2303 3088 2635 3141 daemonum
2684 3084 3159 3158 suggestionibus
3188 3089 3468 3156 tanquam
3515 3084 3722 3139 animae

2080 3193 2199 3232 sua:
2256 3175 2705 3231 considerationi
2772 3174 3164 3231 consentiunt.
3232 3175 3593 3245 Quapropter
3648 3173 3721 3227 ad

331 3254 452 3329 πρὸς
494 3255 627 3317 τοὺς
678 3242 868 3326 σώζειν
916 3256 1110 3319 αὐτοὺς
1164 3242 1491 3330 δυναμένους
1522 3255 1694 3312 ἐλθεῖν
1742 3256 1965 3335 ὀκνηρό-

2080 3264 2212 3322 illos
2242 3265 2561 3332 adeundos,
2598 3263 2697 3337 qui
2732 3263 2889 3336 ipsos
2920 3278 3147 3319 servare
3178 3242 3425 3335 possint,
3460 3242 3607 3316 fiunt
3638 3277 3725 3317 se-

330 3363 460 3417 τεροι
514 3344 780 3421 γίνονται,
838 3344 927 3399 καὶ
985 3344 1179 3408 αὐτοὺς
1219 3347 1264 3381 ’⁷⁷
1318 3345 1406 3400 ὑπ’
1461 3345 1638 3402 αὐτῶν
1693 3350 1801 3402 τῶν
1861 3347 1969 3402 ἐνε-

331 3430 614 3509 δρευόντων
672 3431 948 3506 δαιμόνων
991 3432 1413 3507 ἀναλισκόμενα
1464 3436 1769 3510 ἀγνοοῦσιν.
1843 3436 1969 3492 Ὑπὸ

333 3523 416 3595 μὲν
461 3522 551 3578 οὖν
613 3528 726 3579 τῶν
772 3529 894 3585 ταῖς
927 3526 1131 3600 ψυχαῖς
1165 3523 1338 3579 αὐτῶν
1374 3522 1824 3600 ένδομυχούντων
1856 3522 1970 3580 δαι-

334 3612 497 3683 μόνων
551 3610 851 3669 ἐπινίδοται
902 3613 1085 3675 αὐτοῖς
1116 3611 1482 3686 ἐνθυμεῖσθαι,
1514 3614 1589 3676 ὡς
1618 3614 1679 3669 οὐ
1711 3611 1970 3688 δαίμονος

332 3700 708 3777 ἐνοχλοῦντος,
760 3700 909 3757 ἀλλά
956 3709 1273 3776 σωματικῆς
1326 3702 1508 3771 νόσου,
1569 3702 1683 3757 οἷον
1741 3704 1776 3773 ἢ
1827 3702 1969 3775 ὕλης

334 3787 587 3864 δριμείας,
642 3790 677 3860 ἢ
736 3789 940 3867 χολῆς,
988 3792 1024 3860 ἢ
1076 3790 1416 3870 φλέγματος,
1474 3793 1509 3861 ἢ
1562 3790 1791 3865 αἶ’ματος
1834 3792 1971 3866 ἀμε-

330 3880 468 3954 τρίας
497 3884 561 3951 ⁷⁸,
596 3881 635 3950 ἢ
676 3882 943 3957 μήνιγγυς
976 3879 1320 3959 φλεγμονῆς,
1350 3881 1386 3951 ἢ
1419 3879 1596 3937 ἄλλου
1617 3882 1785 3945 τινός.
1819 3881 1884 3937 Εἰ
1914 3879 1973 3938 δὲ

330 3969 412 4023 καὶ
455 3975 621 4025 τοῦτο
665 3972 753 4043 ἦν,
810 3966 923 4025 οὐδ’
971 3969 1103 4025 αὐτὸ
1143 3968 1493 4041 ἀπήλλακται
1527 3967 1789 4044 δαίμονος
1829 3968 1970 4034 εἶδος

332 4058 455 4114 εἶναι
494 4060 553 4114 Ἠ
604 4059 709 4134 γὰρ
755 4058 995 4123 καθόλου
1045 4059 1135 4114 καὶ
1190 4056 1404 4135 γεώδης
1451 4060 1627 4134 ψυχὴ,
1683 4059 1829 4131 αἰτίᾳ
1858 4062 1973 4135 (23)

332 4149 528 4203 πάπων
577 4153 689 4203 τῶν
743 4148 969 4224 βρωτῶν
1021 4145 1390 4220 διικνουμένη,
1444 4148 1547 4203 ὑπὸ
1583 4155 1685 4218 τῆς
1715 4146 1970 4212 πλείονος

329 4245 522 4315 τροφῆς
573 4238 663 4293 ἐπὶ
712 4236 901 4292 πλεῖον
951 4236 1357 4315 προσληφθῖσα,
1408 4237 1542 4307 αὐτή
1596 4238 1689 4311 μὲν
1739 4238 1813 4300 ὡς
1845 4260 1969 4316 συγ-

331 4333 463 4399 γενεῖ
492 4328 705 4382 ἑνοῦται
732 4331 811 4397 τῷ
840 4325 1123 4399 πνεύματι,
1155 4325 1288 4401 ὅπερ
1319 4329 1467 4385 205
1504 4325 1644 4381 ἐστὶν
1681 4328 1970 4400 ἀνθρώπου

332 4418 496 4488 ψυχὴ,
544 4418 611 4471 τὸ
659 4412 716 4471 δὲ
762 4422 864 4485 τῆς
905 4422 1113 4492 τροφῆς
1165 4411 1374 4477 ὑλῶδες
1421 4419 1500 4487 τῷ
1530 4416 1742 4489 σώματι
1775 4415 1967 4471 ἐνωθὶν

334 4504 399 4566 ὡς
446 4502 621 4567 δεινὸς
670 4504 817 4577 αὐτῷ
848 4502 1199 4560 ὑπολείπεται
1242 4502 1343 4566 ἰός.
1376 4505 1470 4560 Διὸ
1501 4503 1589 4560 ἐπὶ
1623 4506 1837 4561 πάντων
1872 4526 1969 4561 κα-

337 4592 422 4648 λὸν
451 4597 486 4665 ἡ
518 4594 829 4670 αὐτάρκεια.

402 4688 539 4742 Xlll.
581 4684 728 4746 Τινὲς
784 4680 842 4738 δὲ
876 4685 985 4738 τῶν
1011 4680 1333 4759 κακούργων
1366 4679 1641 4756 δαιμόνων
1674 4680 1860 4746 ἄλλως
1888 4683 1973 4740 ἐν·

340 4766 655 4847 εόρεύουσιν,
699 4773 807 4843 Τὴν
856 4770 1037 4848 ἀρχὴν
1085 4768 1212 4827 οὐδὲ
1257 4770 1343 4828 ὅτι
1370 4773 1416 4809 ⁷⁸
1443 4771 1575 4828 εἰσὶν
1604 4769 1973 4851 ἐμφαίνοντες,

2005 4602 2054 4667 D

2077 3355 2311 3427 gniores
2338 3380 2353 3421 ;
2379 3369 2615 3425 eosque,
2640 3352 2711 3407 ab
2739 3351 3154 3408 insidiantibus
3168 3350 3531 3406 daemonibus
3545 3350 3722 3422 capti,

2078 3444 2369 3516 ignorant.
2404 3444 2603 3514 Itaque
2637 3458 2739 3512 per
2787 3440 3032 3495 latentes
3080 3440 3137 3493 in
3170 3455 3370 3494 eorum
3413 3438 3722 3493 animabus

2080 3534 2372 3587 daemones
2402 3532 2576 3585 datur
2597 3529 2712 3585 illis
2744 3528 3012 3600 intelligi,
3046 3543 3107 3583 se
3130 3544 3243 3582 non
3274 3544 3307 3581 a
3336 3527 3599 3582 daemone
3628 3542 3722 3580 ve-

2078 3620 2225 3689 xari,
2258 3621 2358 3675 sed
2393 3636 2426 3674 a
2456 3619 2715 3690 corporis
2764 3618 2991 3684 morbo,
3032 3615 3277 3687 exempli
3317 3614 3501 3686 gratia
3532 3613 3619 3670 vel
3650 3615 3722 3669 ab

2079 3710 2197 3766 acri
2229 3708 2496 3775 materia,
2523 3706 2609 3763 vel
2660 3724 2693 3763 a
2724 3706 2856 3776 bile,
2889 3704 2971 3761 vel
3006 3722 3040 3761 a
3090 3704 3319 3777 pituita,
3350 3702 3439 3758 vel
3480 3720 3513 3759 a
3544 3702 3723 3758 nimio

2082 3796 2387 3870 sanguine,
2420 3795 2507 3852 vel
2530 3796 2604 3851 ab
2633 3794 2999 3850 inﬂammata
3018 3792 3236 3850 cerebri
3268 3791 3725 3859 membrana,vel

2082 3888 2155 3944 ab
2185 3885 2299 3942 alio
2330 3884 2629 3958 quopiam.
2692 3884 2853 3951 Quod
2904 3882 3015 3938 etsi
3060 3888 3234 3948 esset,
3295 3897 3481 3952 neque
3530 3882 3725 3952 ipsum

2081 3975 2372 4031 desineret
2401 3990 2528 4029 esse
2551 3972 2829 4028 daemonis
2849 3971 3091 4044 species.
3117 3969 3470 4028 Universalis
3491 3971 3644 4024 enim
3662 3985 3727 4025 ac

2080 4064 2373 4120 terrestris
2402 4063 2618 4129 anima,
2647 4066 2881 4133 propter
2902 4077 3107 4116 omnes
3129 4059 3287 4114 cibos
3320 4062 3729 4131 penetrans,ex

2082 4153 2262 4207 nimio
2294 4152 2570 4207 alimento
2602 4150 2780 4205 nimis
2810 4154 3141 4220 assumpta,
3174 4148 3302 4220 ipsa
3332 4148 3567 4219 quidem
3602 4146 3731 4202 uni-

2079 4246 2178 4296 tur
2199 4240 2429 4313 spiritui
2452 4245 2732 4310 tanquam
2757 4238 2941 4301 afﬁni,
2966 4238 3073 4292 hoc
3096 4242 3183 4293 est
3205 4236 3462 4292 hominis
3483 4236 3725 4304 animae;

2080 4332 2236 4402 quod
2271 4335 2466 4385 autem
2500 4329 2555 4383 in
2591 4328 2950 4383 nutrimento
2995 4344 3261 4383 crassum
3295 4329 3401 4391 est,
3436 4341 3569 4381 cum
3603 4341 3728 4379 cor-

2082 4436 2217 4491 pore
2243 4420 2474 4475 unitum
2498 4423 2563 4472 ut
2583 4433 2755 4490 grave
2778 4416 2863 4471 illi
2885 4415 3240 4487 relinquitur
3262 4415 3731 4481 venenum.Quo-

2081 4508 2236 4565 circa
2268 4509 2326 4563 in
2358 4506 2635 4563 omnibus
2670 4506 2822 4561 bona
2850 4509 2939 4561 est
2967 4503 3293 4577 frugalitas.

2153 4687 2303 4744 XIII.
2335 4684 2447 4742 Alii
2479 4701 2609 4741 vero
2635 4682 3064 4740 malitiosorum
3089 4683 3421 4740 daemonum
3454 4680 3733 4738 insidian-

2080 4780 2180 4833 tur
2191 4774 2377 4833 aliter.
2396 4773 2744 4831 Nullatenus
2765 4772 2921 4829 enim
2948 4772 3420 4843 manifestantse,
3440 4786 3513 4827 ne
3533 4774 3734 4827 contra

1692 4917 1935 4976 VARIE
1975 4918 2283 4977 LECTION
2289 4918 2395 4974 ES.

402 5044 442 5079 ⁸⁸
469 5047 593 5105 τοῦς
649 5047 709 5097 G.
764 5044 916 5100 Tum
973 5042 1055 5097 id.
1118 5037 1342 5103 ὀδόντας
1400 5046 1458 5097 et
1508 5040 1579 5096 τὰ
1634 5040 1834 5097 ἐκείνου
1885 5040 2086 5097 αἰδοῖα.
2162 5043 2209 5080 ⁸9
2265 5038 2434 5111 δῆλον
2493 5041 2578 5096 ὅτι
2614 5040 2675 5097 C.
2752 5042 2798 5077 ’⁷ο
2827 5040 2887 5096 Ci
2917 5058 2977 5093 τε
3006 5043 3141 5095 ante
3167 5037 3345 5105 πάσης
3378 5038 3549 5093 omisi
3581 5054 3630 5093 c.
3664 5037 3729 5092 0.

407 5118 479 5185 τῷ
506 5121 573 5189 C.
638 5110 1169 5189 "ﬂazatuprupsoﬂat
1201 5114 1305 5189 _0._
1351 5114 1399 5189 τξ
1428 5111 1741 5189 βραδύτητα
1769 5118 1826 5171 C.
1860 5117 2013 5189 Tum
2045 5111 2102 5189 δέ
2132 5116 2348 5189 om.__0.
2424 5111 2914 5189 ἠἐκνο-ιςιθῇναιίὶ
2936 5111 3267 5189 Βθίῠάβτοῦ
3298 5108 3349 5165 έν
3381 5108 3528 5189 αὐτῷ
3560 5111 3731 5189 [λτοῦ

954 5182 1031 5238 σει
1064 5188 1122 5240 Ο.
1281 5182 1570 5262 βουλον-ται
1732 5192 1798 5242 ut
1846 5186 2030 5262 voluit
2058 5188 2113 5262 S_.

340 5114 380 5187 τι
407 5118 479 5185 τῷ
506 5121 562 5171 ο,
638 5117 687 5151 τι
712 5110 1169 5187 διαμαρτύρεσθαι
1204 5114 1274 5187 0.

342 5182 515 5239 ἑαυτοῦ
544 5187 607 5243 0.
645 5255 651 5257 _
682 5188 728 5221 ⁷⁵

2752 5042 2798 5077 ’⁷ο
2827 5040 2887 5096 Ci
2917 5058 2977 5093 τε
3006 5043 3141 5095 ante
3167 5035 3345 5105 πάσης
3378 5038 3549 5093 omisi
3581 5054 3630 5093 c.
3664 5036 3729 5092 0.

2209 5183 2439 5266 οὐλεται-
2595 5180 2656 5266 ,⁷⁷
2707 5180 2880 5266 Itaup‘.
2924 5202 3053 5266 τοὲ
3086 5183 3309 5266 absque
3339 5187 3577 5266 accentu
3601 5180 3727 5266 ουρ.

344 5257 540 5333 gi,_qui
572 5250 911 5333 aui-rodios;
936 5250 1260 5333 proposuit,
1281 5250 1427 5312 ’τούς
1460 5259 1526 5315 Ο.
1602 5257 1648 5293 ⁷⁸
1678 5256 1908 5333 ἀμετρία
1937 5257 2003 5316 0.
2079 5259 2127 5300 ⁷ο
2158 5250 2264 5314 ΡΓο
2294 5256 2379 5311 ’ὁτι
2404 5258 2462 5313 S.
2495 5255 2609 5330 legi
2639 5254 2763 5311 vult
2793 5252 2962 5315 ὅλως.
2996 5255 3148 5310 Tum
3178 5250 3402 5310 inserui
3425 5250 3556 5306 εἰσίν
3589 5266 3637 5306 c.
3660 5250 3727 5306 0.

349 5328 545 5387 Deinde
570 5331 606 5398 ἡ
638 5328 953 5386 delendum
984 5332 1151 5401 putat
1181 5329 1241 5386 S.

1705 5436 2087 5493 VARIORUM
2125 5435 2359 5492 NOTIE.

416 5560 519 5630 (23)
549 5561 623 5633 S;
654 5560 688 5633 ἡ
723 5555 812 5614 διὰ
843 5560 1013 5633 conj.
1051 5560 1315 5633 Neander
1357 5546 1546 5632 quasi."
1577 5513 1721 5631 ἔῃσι.
1764 5578 1822 5633 p.
1854 5561 1979 5617 418.

2091 5562 2215 5616 wiss
2244 5560 2420 5615 Theol.
2454 5558 2612 5630 4829)
2662 5574 2718 5628 p.
2765 5557 2874 5612 282
2906 5558 3014 5611 τῶν
3061 5558 3193 5611 ante
3244 5553 3461 5629 βρωνῶν
3512 5550 3733 5608 abscri-

355 5627 547 5705 VOcein
575 5627 719 5705 αἰτίᾳ
741 5627 1391 5705 eXplicavitGredneru's
1411 5633 1470 5688 in
1491 5627 1985 5690 commentatione
2089 5632 2184 5705 psi
2207 5648 2257 5688 ο.
2292 5630 2358 5688 0.
2397 5627 2668 5687 DaasssL.

359 5716 456 5758 sua
481 5704 547 5760 de
574 5704 809 5763 Essenis
853 5708 913 5760 et
958 5704 1240 5761 Ebionteis
1288 5705 1527 5774 (Winer,
1577 5705 1834 5763 Zeiuchr.
1864 5706 1981 5777 [ἂν.
