4086 6216
277 354 390 417 251

1098 354 1166 419 8.
1210 354 1653 420 CLEMENTIS
1695 355 1721 419 Ῑ
1765 352 1959 419 ROM.
2004 352 2235 416 PONT.
2282 351 2547 416 OPERA
2590 352 2859 416 DUBIA.

3557 352 3679 415 252

279 488 412 546 illos
425 487 1432 562 adhibeaturdiligentia,0ppcrtunc
1451 493 1643 547 autem
1656 488 1921 557 ,occasic-

2047 483 2183 545 ῗπως
2235 486 2269 555 ἡ
2319 485 2436 541 κατ’
2484 483 2655 541 αὐτῶν
2684 482 2894 554 σπουδὴ
2932 484 3007 557 μὴ
3039 482 3280 561 γένηται,
3314 482 3570 548 εῦκόίᾶως
3618 482 3676 541 δὲ

280 595 352 634 ne
367 579 481 646 irae,
499 579 717 635 amoris
730 582 827 634 aut
842 577 1083 635 alterius
1097 581 1427 652 cujuspiam
1445 586 1677 652 repente
1691 597 1791 635 seu
1806 580 1923 651 gla-

279 667 395 734 dio,
420 684 521 723 seu
536 667 759 738 laqueo,
785 685 884 723 seu
900 669 1237 741 praseipitio,
1257 686 1358 725 seu
1382 669 1496 724 alio
1518 669 1770 740 quodam
1788 685 1921 723 con-

276 755 580 812 tumeliam
606 757 865 813 inferunt
884 759 1131 829 corpori,
1151 765 1207 814 et
1228 760 1286 814 in
1308 761 1418 814 [ine
1440 757 1729 830 punitioni
1746 757 1925 826 subji~

278 846 443 901 ciunt
474 847 747 918 deceptas
778 847 849 902 ab
882 847 1026 918 ipsis
1058 864 1257 903 eorum
1289 848 1537 914 animas,
1572 847 1922 917 quibuscum

277 935 439 989 fuere
471 934 757 1005 permisti,
809 936 964 992 sicut
1010 935 1288 1008 diximus,
1341 938 1606 993 abeundo
1636 936 1694 991 in
1728 936 1922 1007 ignem

278 1022 685 1094 expiatorium.
712 1023 822 1077 Alii
858 1039 991 1080 vero
1019 1024 1286 1081 homines
1309 1025 1479 1081 aliter
1501 1025 1744 1081 insidias
1766 1023 1925 1096 passi

279 1128 394 1167 non
428 1113 710 1167 accedunt
741 1113 810 1167 ad
846 1130 971 1179 nos,
1015 1114 1239 1185 decepti
1289 1114 1679 1187 malignorum
1712 1114 1923 1169 dazmo-

280 1216 423 1255 num
474 1200 980 1272 inspirationibus,
1038 1206 1320 1274 tanquam
1374 1220 1408 1258 a
1461 1202 1573 1257 diis
1620 1202 1767 1274 ipsis
1815 1201 1929 1257 ista

281 1292 518 1361 propter
549 1288 888 1361 religionem
911 1306 1048 1363 erga
1072 1307 1169 1346 eos
1200 1292 1517 1363 patiantur,
1547 1290 1775 1363 possint
1794 1306 1927 1345 vero

280 1392 385 1448 per
413 1376 700 1432 sacrificia
730 1377 788 1432 in
841 1379 1091 1450 gratiam
1123 1396 1257 1435 cum
1311 1380 1385 1435 iis
1416 1379 1621 1447 redire,
1655 1379 1928 1450 quodque

281 1481 396 1521 non
426 1465 674 1522 debeant
721 1467 892 1522 nobis
922 1468 1215 1536 accedere,
1264 1468 1362 1524 sed
1396 1472 1598 1524 contra
1636 1470 1833 1539 fugere
1864 1484 1929 1523 ac

283 1554 414 1609 odio
444 1555 738 1627 prosequi.
791 1555 1005 1628 Sicque
1054 1557 1305 1613 oderunt
1346 1573 1413 1612 ac
1461 1556 1760 1629 refugiunt
1804 1572 1925 1627 eos,

284 1643 385 1714 qui
408 1642 640 1698 illorum
666 1644 857 1715 potius
881 1644 1253 1716 miserentur,
1277 1645 1495 1717 quique
1516 1644 1648 1703 illos
1668 1644 1739 1700 ad
1762 1645 1930 1701 bene-

285 1732 419 1787 ﬁcia
452 1733 864 1804 insequuntur.

2034 574 2203 651 ὀργῆς
2236 575 2519 652 προφάσει,
2552 572 2773 648 ἔρωτος,
2869 571 3045 628 ἄλλου
3074 574 3241 643 τινὸς,
3273 572 3396 643 ἤτοι
3419 576 3462 613 so
3510 574 3667 651 ξίφει,

2030 663 2066 732 ἢ
2104 662 2314 739 βρόχῳ,
2364 663 2399 731 ἢ
2445 667 2697 738 κρημνῷ,
2835 661 3001 736 ἐτὲρῳ
3055 662 3160 717 τινὶ
3208 664 3270 718 τὸ
3321 668 3472 735 σῶμα
3500 664 3667 741 diem..-

2034 750 2163 814 δίως
2204 747 2591 828 ἐνυϐρίζουσιν,
2618 749 2706 806 καὶ
2738 750 2813 814 είς
2843 752 3004 815 τέλος
3035 750 3510 825 κολασθησομὲνας
3538 756 3666 808 καθ-

2034 845 2228 896 εστῶσι
2286 843 2331 879 31
2407 844 2514 896 τῶν
2572 840 3013 916 ἀνακεκραμὲνων
3071 842 3165 903 τὰς
3221 843 3568 915 ἡπατημένας
3620 846 3665 880 ⁸³

2034 930 2215 991 αὑτοῖς
2258 929 2456 1005 ψυχὰς,
2508 929 2582 992 ὡς
2633 928 2854 1008 ἔφαμεν,
2901 929 2975 992 εἷς
3029 929 3091 984 τὸ
3148 930 3433 1006 καθάρσιον
3484 934 3674 1008 χωρή-

2035 1040 2221 1081 σαντες
2296 1022 2423 1093 πῦρ.
2509 1016 2713 1074 ’Ἄλλοι
2788 1016 2846 1074 δὲ
2914 1015 3099 1082 ἄλλως
3159 1017 3554 1093 ἐνεδρευόμενοι
3616 1020 3675 1075 οὗ

2034 1108 2314 1184 προσίασιν
2370 1109 2525 1180 ἡμῖν,
2565 1107 2679 1169 ταίς
2733 1112 2841 1163 τῶν
2896 1107 3215 1183 κακούργων
3267 1106 3540 1182 δαιμόνων
3596 1109 3677 1163 ἐν·

2035 1199 2326 1270 θυμησεσιν
2379 1196 2745 1269 ἀπατώμενοι,
2801 1196 2876 1258 ὡς
2930 1196 3032 1251 ὑπὸ
3084 1198 3177 1269 μὲν
3197 1201 3304 1252 τῶν
3339 1202 3471 1261 θεῶν
3504 1198 3675 1253 αὐτῶν

2032 1291 2201 1340 ταῦτα
2264 1284 2563 1360 πάσχοντες
2622 1282 2709 1339 διὰ
2763 1287 2861 1354 τὴν
2921 1287 3055 1358 πρὸς
3121 1285 3318 1349 αὐτοὺς
3396 1286 3675 1360 ἀμέλειαν,

2036 1374 2241 1436 θυσίαις
2286 1371 2344 1429 δὲ
2391 1373 2584 1436 αὐτοὺς
2636 1370 2979 1430 διαλλάσσειν
3013 1372 3322 1448 δυνάμενοι,
3354 1376 3443 1430 καὶ
3474 1376 3555 1431 ὅτι
3599 1378 3675 1449 μὴ

2036 1464 2149 1539 χρή
2201 1462 2393 1525 αὐτοὺς
2442 1466 2578 1536 ἡμῖν
2618 1463 2919 1539 προσιέναι,
2950 1461 3095 1518 ἀλλὰ
3121 1462 3431 1519 τούναντίον
3464 1464 3675 1542 φεύγειν

2037 1551 2126 1607 καὶ
2179 1557 2376 1625 μισεῖν.
2437 1550 2538 1608 Καὶ
2595 1551 2749 1624 ὁμῶς
2779 1554 2824 1588 ⁸⁸
2875 1555 3091 1626 μισοῦσι
3129 1551 3217 1607 καὶ
3266 1552 3519 1631 φεύγουσι
3551 1554 3678 1617 τοὺς

2041 1639 2253 1715 μᾶλλον
2298 1638 2579 1703 ἐλεοῦντας
2608 1642 2655 1678 ⁸⁴
2703 1640 2793 1696 καὶ
2850 1640 2932 1697 ἐπ’
2976 1640 3254 1719 εὐεργεσίᾳ
3312 1642 3505 1705 αὐτοὺς
3556 1640 3682 1699 διώ-

2036 1752 2253 1793 κοντας.

354 1821 495 1876 XIV.
530 1821 681 1876 Dum
731 1822 912 1894 igitur
966 1839 1073 1879 nos
1120 1823 1253 1880 odio
1310 1823 1528 1879 habent
1575 1826 1630 1879 et
1674 1822 1925 1895 fugiunt,

2110 1822 2253 1875 XIV.
2303 1823 2595 1882 Μισοῦντες
2643 1820 2734 1874 οὖν
2777 1820 2866 1875 καὶ
2911 1818 3199 1898 φεύγοντες
3240 1822 3388 1893 ἡμᾶς
3446 1819 3681 1896 ἐνεδρεύ-

284 1909 514 1965 insidiis
566 1916 942 1982 appetuntur,
990 1912 1179 1983 ignari
1238 1913 1391 1968 unde
1430 1912 1575 1984 ipsis
1607 1912 1927 1984 contingat,

286 2003 350 2055 ut
380 2000 671 2054 contraria
700 1999 875 2055 saluti
909 2017 1025 2056 suae
1069 2002 1343 2057 sentiant.
1385 2002 1583 2074 Neque
1612 2001 1770 2056 enim
1801 2000 1953 2069 nos,'

284 2087 337 2143 si
370 2087 555 2143 nolint
584 2088 655 2143 ad
686 2088 936 2143 salutem
960 2091 1338 2162 prcpendere,
1368 2106 1571 2163 cogere
1594 2105 1693 2146 eos
1723 2106 1931 2162 possu-

285 2192 441 2242 mus,
474 2176 613 2247 quia
643 2181 868 2232 tantam
900 2195 1054 2234 nunc
1085 2196 1199 2234 non
1230 2179 1517 2235 habemus
1549 2180 1607 2234 in
1639 2180 1800 2252 ipsos
1830 2195 1933 2255 po-

284 2269 577 2331 testatem,
610 2282 799 2338 neque
851 2266 963 2339 ipsi
1014 2285 1047 2323 a
1103 2268 1315 2341 seipsis
1372 2285 1608 2341 pravam
1650 2268 1932 2324 daemonis

284 2353 729 2426 inspirationem
776 2360 1027 2427 possunt
1074 2356 1433 2429 intelligere:
1467 2358 1737 2414 nesciunt
1774 2358 1932 2413 enim

287 2444 443 2499 unde
470 2443 582 2499 sibi
614 2444 900 2500 malorum
932 2450 1324 2518 suggerantur
1352 2446 1750 2519 cogitationes.
1784 2447 1936 2503 Sunt

289 2537 485 2589 autem
511 2532 616 2600 illi,
652 2548 797 2605 quos
827 2534 1119 2590 daamones
1151 2552 1269 2608 qua
1296 2536 1499 2591 volunt
1539 2536 1724 2592 forma
1754 2554 1934 2609 appa-

289 2625 504 2689 rentes,
550 2625 788 2677 terrent.
850 2623 1150 2678 Interdum
1203 2640 1337 2680 vero
1394 2624 1625 2697 aegrotis
1681 2625 1938 2681 remedia

290 2710 698 2783 praescribunt.
728 2713 918 2783 Atque
946 2712 1027 2768 ita
1072 2714 1144 2768 ab
1185 2713 1279 2781 iis,
1324 2729 1473 2787 quos
1504 2715 1668 2785 prius
1697 2715 1937 2786 decepe-

291 2803 450 2865 runt,
499 2798 742 2854 deorum
793 2797 1073 2855 honorem
1124 2806 1443 2874 reportant.
1495 2803 1564 2857 Et
1617 2803 1771 2874 quod
1823 2803 1940 2858 daa-

294 2904 497 2944 mones
540 2887 679 2956 sint,
744 2888 963 2944 multos
1020 2889 1178 2958 latet,
1236 2907 1352 2946 non
1409 2896 1606 2947 tamen
1667 2908 1795 2963 nos,
1838 2892 1940 2964 qui

294 2994 496 3033 eorum
531 2977 753 3033 scimus
784 2978 1151 3051 mysterium,
1197 2996 1375 3051 quam
1425 2981 1497 3037 ob
1546 2997 1787 3037 causam
1818 2981 1940 3036 hec

293 3066 530 3136 faciant,
557 3070 621 3122 ut
641 3066 699 3122 in
723 3066 968 3123 somniis
990 3084 1052 3123 se
1069 3069 1487 3125 transforment
1503 3071 1781 3126 adversus
1809 3069 1941 3126 illos

295 3154 397 3229 qui
456 3156 513 3212 in
573 3172 777 3212 eorum
836 3161 978 3212 sunt
1031 3162 1339 3230 potestate,
1389 3162 1448 3214 et
1506 3158 1654 3216 alios
1700 3158 1939 3232 quidem

2041 1928 2210 1981 ονται,
2263 1907 2361 1963 οὐκ
2408 1906 2610 1970 εἰδότες
2656 1908 2817 1972 πόθεν
2866 1908 3049 1971 αὐτοῖς
3074 1908 3143 1964 τὰ
3170 1908 3377 1965 ἐναντία
3403 1913 3471 1984 τῇ
3504 1909 3680 1965 αὐτῶν

2040 1984 2284 2071 σωτηρίᾳ
2358 2002 2572 2076 φρονεῖν
2648 1997 2870 2072 γίνεται·
2930 1994 3053 2053 οὔτε
3101 1998 3201 2074 γὰρ
3264 2001 3428 2071 ἡμεῖς
3488 2000 3683 2061 αὐτοὺς

2044 2088 2121 2161 μή
2186 2084 2553 2161 βουλομένους
2609 2088 2747 2161 πρὸς
2799 2087 3071 2163 σωτηρίαν
3145 2092 3321 2165 νεῦσαι
3400 2088 3681 2163 βιάσασθαι

2042 2174 2329 2249 δυνάμεθα,
2382 2175 2496 2231 ἐπεὶ
2544 2176 2620 2249 μὴ
2668 2174 2934 2246 τοσαύτην
2974 2180 3062 2231 νῦν
3118 2178 3233 2232 κατ’
3279 2177 3451 2233 αὐτῶν
3482 2176 3682 2253 ἔχομεν

2042 2263 2305 2335 ἐξουσίαν,
2350 2263 2473 2319 οὕτε
2520 2263 2670 2319 αὐτοὶ
2720 2264 2807 2342 ἀφ’
2855 2264 3056 2319 ἑαυτῶν
3106 2267 3205 2335 τήν
3240 2268 3409 2334 κακὴν
3439 2272 3535 2321 τοῦ
3567 2264 3684 2321 δαί-

2047 2375 2212 2428 μονος
2260 2352 2552 2427 ἐνθύμησιν
2600 2360 2789 2423 νοῆσαι
2831 2351 3096 2427 δύνανται,
3130 2354 3191 2409 οὐ
3220 2356 3322 2431 γὰρ
3356 2353 3526 2410 ἴσασιν
3568 2356 3683 2411 ὅθεν

2043 2442 2226 2505 αὐτοῖς
2259 2444 2413 2501 206
2443 2443 2497 2497 al
2526 2445 2632 2497 τῶν
2671 2447 2850 2497 κακῶν
2898 2441 3219 2516 ἐνθυμήσεις
3261 2440 3686 2503 ὑποϐάλλονται.

2043 2530 2195 2587 Εἰσὶν
2254 2528 2313 2585 δὲ
2358 2532 2471 2605 (24)
2520 2530 2671 2585 οὗτοι
2718 2530 2810 2593 οὕς
2840 2531 2892 2585 οἱ
2935 2528 3187 2604 δαίμονες
3219 2534 3337 2587 καθ’
3366 2535 3428 2595 ἅς
3462 2533 3692 2609 βούλον-

2042 2640 2130 2675 ται
2195 2618 2405 2697 μορφὰς
2467 2618 2877 2695 ἐπιφαινόμενοι
2945 2614 3225 2698 φοϐοῦσιν.
3282 2622 3429 2677 ’Έσθ’
3485 2622 3574 2678 ὅτε
3630 2620 3691 2678 δὲ

2045 2707 2135 2764 καὶ
2180 2711 2298 2770 τοῖς
2344 2711 2558 2762 νοσοῦσι
2610 2708 2894 2783 θεραπείας
2943 2709 3343 2777 συντάσσουσιν,
3392 2711 3481 2765 καὶ
3515 2712 3689 2774 οὕτως

2044 2801 2163 2859 τοῖς
2206 2795 2695 2872 προηπατημένοις
2752 2798 2884 2851 θεῶν
2941 2793 3095 2868 δόξαν
3144 2797 3528 2876 ἀποφέρονται.
3590 2799 3690 2855 Καὶ

2044 2884 2173 2949 τοὺς
2200 2883 2458 2959 δαίμονας
2487 2888 2532 2922 ⁸⁵
2562 2885 2694 2940 εἶναι
2717 2884 2847 2948 τοὺς
2866 2884 3114 2948 πολλοὺς
3146 2884 3517 2958 λανθάνουσιν,
3547 2888 3694 2945 ἀλλὰ

2050 2975 2158 3051 οὐχ
2186 2978 2333 3049 ἡμᾶς
2365 2974 2490 3037 τοὺς
2524 2973 2732 3037 εἰδότας
2755 2973 2929 3029 αὐτῶν
2952 2975 3013 3029 τὸ
3034 2976 3520 3053 μυστήριον,τίνος
3542 2977 3696 3033 ἕνεκα

2047 3068 2272 3121 τοιαῦτα
2312 3065 2660 3141 πράττουσιν,
2709 3063 2930 3126 ἑαυτοὺς
2973 3066 3089 3119 κατ’
3138 3064 3267 3142 ὄναρ
3313 3067 3430 3121 καθ’
3488 3068 3561 3121 ὧν
3594 3069 3693 3137 τήν

2052 3153 2289 3226 ἐξουσίαν
2324 3151 2510 3230 ἔχουσι
2548 3158 3041 3231 μεταμορφοῦντες,
3066 3154 3155 3209 καὶ
3178 3154 3269 3217 οῦς
3294 3156 3388 3229 μὲν
3412 3152 3697 3232 φοϐοῦσιν,

296 3246 572 3310 terreant,
605 3243 751 3301 alios
800 3260 936 3300 vero
987 3249 1263 3301 moneant
1310 3245 1561 3303 oraculis
1608 3251 1667 3302 et
1700 3251 1936 3319 poscant

2054 3242 2139 3307 οἷς
2187 3241 2245 3299 δὶ
2289 3220 2693 3319 χρηματίζουσι
2742 3220 2831 3297 καὶ
2878 3243 3063 3307 θυσίας
3111 3220 3394 3299 ἀπαιτοῦσι
3425 3220 3529 3301 ’καὶ
3578 3220 3700 3301 συνί

296 3332 604 3400 sacrificia,
638 3349 705 3389 ac
735 3348 935 3389 secum
966 3334 1119 3390 vesci
1145 3335 1411 3408 jubeant,
1440 3334 1807 3407 quoillorum
1841 3338 1943 3393 de-

297 3420 552 3494 glutiant
581 3422 831 3479 animas.

369 3510 483 3566 XV.
540 3511 1044 3577 Quemadmodum
1094 3511 1251 3568 enim
1299 3513 1435 3570 tetri
1483 3518 1784 3586 serpentes
1836 3530 1944 3570 suo

298 3598 485 3655 halitu
545 3617 811 3670 passeres
866 3601 1189 3673 attrahunt,
1248 3601 1332 3658 sic
1383 3607 1441 3658 et
1495 3603 1791 3659 daemones
1821 3620 1942 3672 eos,

301 3690 402 3761 qui
435 3705 647 3745 mensa:
704 3689 937 3746 illorum
991 3691 1305 3764 participes
1353 3697 1511 3760 sunt,
1568 3709 1668 3765 per
1698 3692 1859 3749 cibos
1890 3696 1949 3749 et

303 3784 477 3852 potus
507 3795 639 3835 cum
675 3784 867 3836 mente
915 3796 1116 3836 eorum
1167 3781 1476 3853 temperati
1523 3782 1596 3838 ad
1628 3798 1796 3838 suam
1827 3786 1945 3836 tra-

304 3868 456 3923 hunt
500 3868 885 3936 voluntatem,
939 3870 1425 3926 transformantes
1483 3887 1545 3926 se
1603 3871 1662 3925 in
1722 3870 1948 3926 somnis

297 3957 468 4029 juxta
496 3958 715 4013 formas
760 3957 1231 4027 simulacrorum,
1283 3963 1347 4015 ut
1375 3975 1630 4016 errorem
1674 3962 1945 4033 augeant.

303 4047 451 4103 Nam
484 4046 865 4103 simulacrum
914 4065 1102 4121 neque
1149 4047 1367 4105 animal
1416 4054 1525 4115 est,
1573 4065 1761 4121 neque
1798 4049 1948 4103 divi-

305 4152 449 4191 num
480 4136 657 4192 habet
703 4136 1018 4209 spiritum;
1070 4137 1171 4209 qui
1200 4154 1333 4193 vero
1390 4138 1659 4210 apparuit
1696 4138 1947 4208 daemon,

306 4226 499 4297 specie
556 4226 776 4280 abusus
834 4229 941 4280 est.
1001 4228 1151 4292 Quot
1194 4226 1467 4282 similiter
1519 4227 1790 4283 homines
1851 4242 1952 4299 per

306 4314 605 4371 somnium
636 4314 708 4369 ab
741 4313 870 4369 aliis
928 4314 1038 4370 visi
1086 4320 1225 4370 sunt
1277 4319 1333 4371 et
1390 4315 1541 4372 inter
1586 4316 1949 4389 vigilandum

306 4404 462 4459 obvii
523 4402 679 4471 facti,
740 4403 1006 4475 factaque
1075 4404 1510 4475 comparatione
1566 4422 1699 4461 cum
1759 4404 1951 4461 somni

304 4494 449 4559 viso,
483 4508 596 4547 non
630 4492 1110 4548 consanuerunt?
1151 4494 1307 4549 Adeo
1358 4498 1421 4549 ut
1449 4494 1809 4550 insomnium
1842 4493 1951 4550 hoc

2052 3334 2321 3388 επιᾶσθαι
2394 3330 2727 3404 κελεύουσιν,
2802 3328 2889 3387 ἵνα
2944 3332 3119 3388 αὐτῶν
3178 3334 3274 3396 τὰς
3329 3333 3509 3411 ψυχὰς
3566 3356 3703 3410 συμ-

2050 3420 2279 3478 πίνωσιν
2308 3424 2372 3479 ⁸⁸.

2124 3512 2240 3568 XV.
2272 3518 2357 3581 ,Ως
2409 3511 2513 3586 γὰρ
2560 3510 2611 3565 οἱ
2644 3508 2811 3565 δεινοὶ
2842 3509 2992 3589 ὅφεις
3048 3516 3169 3575 τοῖς
3225 3512 3401 3567 αὐτῶν
3434 3513 3701 3587 πνεύμασι

2049 3598 2180 3663 τοῦς
2237 3599 2528 3673 στρούθους
2588 3600 2943 3668 ἐπισπῶνται,
3000 3599 3142 3656 οῧτω
3196 3601 3285 3656 καὶ
3359 3601 3512 3657 αὐτοί
3568 3603 3697 3666 τοὺς

2058 3683 2567 3762 μεταλαμϐάνοντας
2615 3695 2714 3758 τῆς
2761 3689 2936 3743 αὑτῶν
2988 3688 3283 3760 τραπέζης,
3338 3688 3427 3745 διά
3473 3713 3535 3767 γε
3587 3696 3696 3746 τῶν

2059 3777 2283 3853 βρωτῶν
2336 3776 2425 3831 καὶ
2473 3780 2652 3831 ποτῶν
2703 3776 3084 3854 ἀναχραθέντες
3132 3778 3308 3833 αὐτῶν
3356 3778 3437 3853 τῷ
3480 3785 3577 3852 νῷ,
3623 3781 3699 3844 εἷς

2052 3867 2117 3922 τὸ
2150 3863 2284 3921 ἴδιον
2330 3865 2503 3921 αὐτῶν
2524 3868 2568 3903 ⁸⁷
2613 3864 2940 3921 ἐπισπῶνται
2976 3865 3255 3942 βούλημα,
3290 3875 3701 3948 μεταμορφοῦν-

2053 3977 2143 4018 τες
2191 3954 2415 4018 ἑαυτοὺς
2460 3956 2578 4011 κατ’
2630 3950 2758 4030 ὄναρ
2806 3956 2943 4011 κατὰ
2987 3957 3082 4019 τὰς
3113 3961 3220 4011 τῶν
3256 3958 3453 4028 ξοάνων
3484 3956 3629 4023 ἰδέας
3658 3961 3702 3997 ⁸⁸

2058 4042 2144 4100 ἵνα
2207 4046 2305 4115 τὴν
2367 4042 2581 4116 πλάνην
2634 4043 2956 4115 αὐξήσωσιν.
3042 4047 3111 4101 Τὸ
3168 4045 3271 4122 γὰρ
3332 4047 3518 4118 ξόανον
3580 4046 3704 4104 οὔτε

2061 4133 2196 4203 ζῶόν
2255 4132 2416 4203 ἐστιν,
2474 4130 2596 4188 οὔτε
2650 4135 2792 4189 θεῖον
2853 4133 2968 4210 ἔχει
3026 4139 3258 4208 πνεῦμα,
3320 4137 3347 4191 ὁ
3416 4134 3472 4192 δὲ
3523 4136 3705 4216 ὀφθεὶς

2060 4221 2269 4297 δαίμων
2328 4226 2396 4297 τῇ
2457 4226 2642 4303 μορφῇ
2702 4223 3075 4299 ἀπεχρήσατο.
3129 4224 3294 4279 Πόσοι
3323 4228 3369 4262 ⁸9
3416 4228 3534 4281 κατ’
3580 4226 3703 4301 ὄναρ

2060 4313 2267 4386 ὁμοίως
2315 4310 2477 4367 ἄλλοι
2529 4312 2811 4390 ὤφθησαν,
2862 4310 2953 4368 καί
2996 4312 3158 4386 ’ῦπαρ
3225 4317 3613 4386 συνανήσαντες
3662 4319 3707 4355 ³ο

2061 4400 2334 4472 ἀλλήλοις
2389 4400 2525 4477 πρὸς
2583 4401 2646 4456 τὸ
2702 4403 2817 4456 κατ’
2850 4400 2979 4476 ὅναρ
3012 4397 3432 4467 ἀντιϐάλλοντες
3474 4404 3537 4459 οὐ
3587 4427 3707 4460 συν-

2062 4490 2342 4567 εφώνησαν
2369 4508 2383 4559 ;
2416 4489 2555 4545 ὥστε
2584 4489 2682 4544 οὐκ
2704 4488 2780 4545 ἔτι
2814 4492 2960 4549 207
3000 4488 3128 4566 δναρ
3162 4490 3441 4569 ἐπιφάνεια
3470 4497 3511 4531 ⁹¹
3564 4493 3708 4549 ἐκεῖ·

298 4583 425 4654 jam
458 4598 571 4637 non
604 4581 681 4636 sit
728 4580 1032 4653 apparitio,
1084 4583 1182 4637 sed
1233 4582 1488 4640 accessio
1532 4582 1619 4639 vel
1666 4582 1936 4639 daemonis

2056 4579 2113 4635 νό
2164 4579 2327 4650 ἐστιν,
2376 4578 2503 4635 ἀλλ’
2550 4579 2586 4649 ἢ
2636 4576 2894 4653 δαίμονός
2947 4579 3086 4634 ἐστιν
3136 4580 3172 4649 ἢ
3200 4582 3384 4657 ψυχῆς
3414 4583 3481 4637 τὰ
3511 4586 3555 4620 93
3586 4583 3709 4638 ἐπι-

305 4669 393 4727 vel
424 4669 629 4725 anima:
663 4670 762 4743 (α),
814 4687 941 4743 qua:
972 4687 1039 4727 ex
1086 4672 1472 4744 praesentibus
1522 4676 1581 4729 et
1634 4671 1950 4745 cupiditate

2055 4669 2366 4746 γεννήματα
2419 4672 2537 4731 τοῖς
2584 4672 2838 4744 παριοῦσι
2894 4663 3084 4747 φόϐοις
3138 4669 3228 4724 καί
3286 4669 3546 4745 ἐπιθυμίᾳ
3574 4674 3708 4727 ἀπο-

377 4769 452 4840 (α)
484 4768 915 4840 Congruentius
942 4772 1137 4826 Graeco
1166 4773 1516 4827 verteretur:
1550 4785 1676 4845 qua:
1703 4771 1941 4826 instanti
1968 4769 2164 4825 timori
2191 4766 2284 4823 vel
2311 4767 2609 4841 cupiditati
2634 4770 2846 4841 formas
2879 4769 3153 4825 attribuit.
3188 4771 3326 4826 EDl'l‘
3354 4774 3598 4828 PATROL.

1668 4867 1910 4924 VARle
1946 4865 2360 4923 LECTIONES.

307 5018 371 5089 ο,
403 5019 468 5089 o.

305 5086 371 5144 τὸ
402 5086 653 5161 δαίμονες
819 5091 865 5126 ⁸⁸
894 5088 1227 5163 συμπίνωσιν
1258 5091 1315 5147 S.
1353 5086 1423 5163 0,
1457 5090 1807 5162 συμπίνουσιν
1836 5091 1896 5149 C.

310 5234 355 5270 ⁹¹
392 5231 666 5312 ἐπιφανείη
703 5233 766 5289 Ο.

377 4942 488 5021 "lii
514 4965 581 5021 τε
604 4946 664 5021 (1,
697 4942 795 5014 ἤτε
827 4947 886 5003 S.
961 4947 1005 4983 ⁸¹
1035 4951 1364 5021 καθεστᾶσιν
1407 4950 1467 5017 C,
1497 4945 1803 5021 καθιστᾷισιν
1834 4951 1890 5002 8.
1950 4946 2014 5021 A”
2065 4944 2453 5021 ἠπατημένους
2484 4944 2550 5002 Ο.
2624 4947 2669 4982 ⁸³
2721 4946 2802 5021 ita
2841 4946 2900 5021 SA.
2952 4946 3071 5021 qui,
3099 4944 3272 5021 οὕτως
3320 4950 3497 5020 conj.,
3556 4948 3709 5021 ὅμως

544 5020 590 5053 3‘
618 5016 881 5079 ἐλεῶντας
912 5023 970 5077 C.
1045 5020 1090 5055 ³⁵
1118 5017 1245 5080 τοὺς
1278 5015 1364 5073 δαί
1416 5014 1540 5081 οτας
1571 5020 1704 5076 dedi
1735 5036 1804 5075 ex
1831 5014 2100 5089 conject.,
2130 5014 2518 5091 τοῦδαίμονος
2548 5024 2606 5075 C.
2639 5017 2739 5091 qui
2760 5014 3027 5090 conjuroﬁ
3050 5014 3331 5107 δαίμονας,
3359 5014 3532 5077 ιη’θὲι
3559 5014 3616 5076 in
3642 5022 3709 5091 0,

544 5109 653 5147 ονες
686 5091 744 5146 S.
819 5091 865 5126 ⁸⁸
894 5088 1227 5147 συμπίνωσιν
1258 5091 1315 5147 S.
1457 5090 1807 5147 συμπίνουσιν
1836 5091 1896 5147 C.
1974 5090 2018 5125 ⁸⁷
2061 5086 2133 5144 δι’
2176 5088 2351 5145 αὐτῶν
2404 5108 2462 5147 ι).
2498 5086 2631 5144 ἴδιον
2674 5088 2849 5143 αὐτῶν
2905 5089 2969 5146 0.
3045 5090 3089 5126 ⁸⁸
3120 5088 3293 5147 ειδὲας
3324 5092 3385 5147 C.
3459 5093 3504 5127 3’
3534 5092 3621 5147 Ita
3650 5095 3709 5147 C.

310 5110 371 5144 το
402 5110 653 5161 οαιμονες
687 5110 744 5146 ὓ.
820 5110 865 5126 ⁵⁸³
894 5110 1227 5163 συμπινωσιν
1258 5110 1315 5147 δ.
1359 5110 1423 5160 U,
1457 5110 1807 5162 συμπινουσιν
1836 5110 1896 5149 Li.
1974 5110 2013 5125 °'
2061 5110 2113 5144 οι
2176 5110 2351 5145 αυτων

310 5178 379 5235 ex
395 5164 654 5235 conject.
685 5161 743 5235 in
778 5178 986 5235 marg,
1017 5160 1208 5235 πόσοις
1240 5163 1317 5217 id.
1349 5162 1408 5218 in
1440 5167 1621 5232 textu,
1653 5168 1719 5221 ut
1747 5162 1813 5219 Ο.
1889 5162 1934 5198 9°
1973 5163 2059 5217 Ita
2086 5163 2157 5235 in;
2178 5178 2363 5235 marg.

2448 5133 2462 5146 .
2498 5086 2631 5144 ἴδιον
2655 5086 2884 5143 ”αὐτῶν’
2905 5089 2969 5146 0.
3045 5090 3089 5126 ⁸⁸
3120 5086 3293 5152 εἶδὲας
3317 5086 3385 5148 VC.
3459 5093 3504 5127 3’
3534 5092 3621 5149 Ita
3650 5086 3710 5149 C;

2444 5207 2458 5232 ,
2492 5162 2591 5234 qui
2626 5161 2683 5217 in
2718 5167 2873 5234 textu
2929 5160 3504 5234 ὑπερσυναντήσαντες,
3538 5170 3603 5220 ut
3644 5164 3710 5222 0.

845 5234 889 5269 9’
913 5231 983 5287 τὰ
1005 5234 1216 5290 melius
1248 5236 1494 5291 abesset.
1530 5235 1589 5292 S.
1610 5231 1840 5292 Deinde
1867 5236 2098 5308 παροῦσι
2130 5233 2192 5289 C.
2227 5252 2296 5291 ex
2313 5231 2600 5306 conject”
2633 5231 2801 5309 παρία
2833 5233 2892 5289 in
2923 5231 3105 5290 textu.

1686 5331 2059 5388 VARIORUM
2108 5332 2337 5389 NOTIE.

385 5414 496 5487 (24)
536 5412 859 5471 Cotclerius
889 5411 947 5466 in
994 5416 1270 5487 vers_ione_
1299 5412 1672 5469 vehementer
1695 5412 1956 5487 labitur.

313 5484 599 5543 Caétcrum
631 5488 826 5540 Graeca
857 5500 970 5556 quo
1019 5500 1089 5539 ue
1118 5484 1273 5539 haud
1321 5502 1464 5540 sana
1504 5489 1658 5540 sunt.
1695 5485 1958 5540 Fortasse

313 5560 486 5609 verba
518 5556 645 5609 εἰσὶν
680 5553 737 5609 δέ
771 5500 1049 5609 [ηυιειηὲει
1071 5560 1208 5609 sunt
1241 5555 1298 5609 in
1323 5553 1527 5609 ἄλλους
1560 5552 1617 5609 δέ
1638 5557 1729 5609 cui
1762 5572 1956 5609 emen-

310 5560 486 5615 verba
518 5556 645 5610 εἰσὶν
680 5553 737 5610 δὲ
771 5552 1049 5611 mutanda
1071 5560 1208 5609 sunt
1241 5555 1298 5609 in
1323 5553 1527 5617 ἄλλους
1560 5552 1617 5609 δέ
1638 5557 1729 5611 cui
1762 5572 1956 5611 emen-

313 5630 536 5710 dationi
570 5630 743 5710 fidem
767 5630 903 5710 facit
922 5628 1370 5710 Ile-cognitionum
1398 5628 1565 5695 liber,
1592 5629 1777 5710 cujus.
1795 5643 1962 5699 para-

314 5702 548 5774 phrasis
577 5700 698 5757 haec
747 5704 869 5756 est:
922 5698 1061 5755 Aliis
1084 5700 1253 5754 etiam
1301 5698 1574 5756 daemones
1622 5698 1684 5754 in
1713 5698 1842 5769 visu
1870 5714 1964 5769 per

2068 5411 2309 5467 diversas
2360 5413 2632 5484 imagines
2685 5419 3008 5483 apparentes
3065 5412 3346 5469 interdum.
3401 5415 3583 5470 minas
3625 5415 3716 5470 in-

2069 5485 2321 5569 t‘czzdant‘,
2381 5484 2657 5569 interdum
2727 5486 2990 5569 {anitateg
3044 5484 3378 5569 pollicentur
3443 5487 3712 5569 (ivgum).

2070 5555 2185 5610 Cfr.
2219 5554 2373 5610 infra
2402 5571 2451 5610 c.
2505 5556 2590 5625 14.
2624 5562 2680 5609 8.
2742 5559 2879 5610 Post
2924 5553 3071 5607 οὗτοι
3130 5560 3423 5611 commate
3450 5553 3715 5625 distinxi,

2074 5627 2489 5699 assumpsique
2519 5623 2611 5686 οὕς
2643 5641 2712 5681 ex
2741 5625 2805 5683 Ο.
2840 5626 3115 5682 Dassssn.
