4086 6216
158 44 163 55 ς
176 26 371 61 τινι
380 26 445 47 ν’
458 26 537 61 ντί
546 26 615 61 τε,
624 26 687 61 μη
710 32 713 37 ·

190 26 203 47 Γ
380 26 445 47 1"
458 26 687 61 ἰφ-,νικηςη
710 32 713 37 -

236 114 245 121 α
268 118 273 123 π
434 104 445 107 ⁷
498 112 507 117 ⁵
524 94 561 111 I
676 98 679 99 7

236 94 331 123 .‘.I
434 104 445 107 '
498 94 561 117 σθ
676 98 679 99 ⁷

533 143 538 147 ι
552 150 575 159 η

286 337 379 403 253
1366 341 1895 407 CLEMENTINA.
1926 372 2006 388 -
2032 342 2361 406 HOMILIA
2402 343 2510 407 IX.

3525 346 3645 411 254

290 470 509 541 διδουσης
556 490 653 535 τας
691 467 836 535 ίδέας
868 474 935 531 ³³.
981 473 1016 544 ἦ
1075 475 1198 551 γὰρ,
1250 469 1405 553 φόϐῳ
1452 474 1544 529 τὸν
1583 478 1706 529 νοῦν
1738 470 1882 543 πλη-

2001 476 2215 532 formas
2269 493 2369 531 seu
2439 478 2599 533 ideas
2661 478 2933 552 exprimit
2983 499 2996 538 :
3047 479 3145 537 illa
3211 478 3367 537 enim
3434 479 3649 538 timore

285 567 409 637 γεῖσα
462 559 527 615 δι’
582 564 628 597 ⁰⁴
683 559 897 632 ὀνείρων
953 563 1050 625 τὰς
1109 561 1253 626 ἰδέας
1320 564 1652 619 ἀποκυίσκει.
1713 563 1776 619 Εἰ
1833 559 1890 617 δὲ

286 653 338 706 τά
386 650 529 720 ξόανα
586 648 757 714 οἷέσθε
812 652 885 713 ὡς
933 648 1147 724 ἔμπνοα
1179 652 1494 729 ὑπάρχοντα
1548 652 1616 708 τὰ
1670 656 1891 707 τοιαῦτα

284 740 483 814 ἐιεργείν
560 736 832 810 δύνασθαι,
911 740 999 795 ἐπὶ
1080 747 1242 817 ζυγοῦ
1299 742 1677 813 ἐπιστήσαντες
1734 740 1887 809 αὐτὰ,

283 828 378 883 ἴσου
424 827 569 890 ὄντος
609 833 705 883 τοῦ
735 830 983 899 κανόνος,
1014 832 1076 885 τὸ
1106 830 1431 907 ἀντίρροπον
1464 832 1551 886 ἐπὶ
1580 838 1678 901 τῆς
1710 829 1890 907 ἐτέρας

280 917 569 992 πλάστιγγος
628 916 822 990 θέντες,
883 919 1145 991 ἀξιώσατε
1201 920 1335 974 αὐτὰ
1382 922 1418 990 ἢ
1486 915 1749 995 ὁλκότερα
1802 940 1889 995 γε-

280 1006 423 1061 νέσθαι
476 1007 509 1073 ἢ
567 1006 889 1084 κουφότερα,
941 1008 1029 1061 καὶ
1080 1006 1251 1070 οὕτως
1286 1006 1371 1062 ἐὰν
1401 1007 1644 1082 γένηται,
1678 1004 1892 1080 ἕμπνοά

282 1096 414 1149 ἔσον·
458 1094 581 1148 ἀλλ’
630 1094 683 1149 ο”
763 1094 791 1133 ίι
946 1111 961 1127 ⁸
1038 1093 1114 1149 ί’“
1176 1092 1201 1113 ”
1270 1130 1271 1133 η
1410 1097 1436 1115 "
1620 1096 1634 1115 ‘
1793 1100 1819 1110 ”

338 1118 369 1147 .ι
666 1118 690 1148 J
723 1116 923 1171 YJE'tat
1009 1117 1033 1150 ε
1087 1097 1145 1151 οὲ
1175 1117 1344 1165 εσται,
1375 1118 1528 1151 ουπω
1582 1116 1643 1151 το
1672 1116 1889 1151 τοιουτο

280 1183 376 1244 θεός
403 1182 554 1239 ἐστιν.
602 1183 702 1237 Καὶ
749 1184 852 1260 γὰρ
886 1181 1139 1257 δακτυλῳ
1170 1183 1432 1258 δαίμονος
1460 1189 1621 1240 τοῦτο
1651 1182 1892 1260 γενέσθαι

281 1270 481 1327 δύναται.
514 1272 610 1326 Καὶ
634 1273 915 1342 σκώκηκες
943 1272 1235 1341 κινοῦνται,
1267 1272 1357 1328 καί
1378 1273 1488 1328 θεοὶ
1523 1273 1585 1328 οὐ
1618 1272 1888 1347 λέγονται.

336 1362 458 1417 XVI.
488 1364 603 1415 ’Ότι
652 1358 712 1416 δὲ
752 1362 887 1433 πρὸς
930 1363 1024 1423 τὰς
1074 1361 1383 1439 προλήψεις
1431 1365 1466 1431 ἡ
1518 1362 1742 1417 ἑκάστου
1789 1363 1890 1435 ψυ-

281 1452 342 1527 ‘ﬁ,
362 1448 490 1512 ἰδέας
520 1453 563 1488 ⁹⁶
611 1448 890 1523 δαιμόνων
937 1452 1286 1521 ἀπεικονίζει,
1318 1453 1409 1506 καὶ
1439 1450 1546 1507 οὐχ
1576 1450 1628 1506 οί
1659 1450 1892 1525 λεγόμε-

283 1561 343 1593 νοι
392 1540 492 1593 θεοὶ
544 1538 941 1617 ἐπιφαίνονται,
982 1540 1143 1618 σαφές
1195 1540 1335 1596 ἐστιν
1382 1540 1442 1595 ἐκ
1483 1544 1581 1595 τοῦ
1612 1536 1891 1601 Ἰουδαίοις

289 1629 343 1700 μὴ
391 1626 770 1705 ἐπιφαίνεσθαιο
822 1626 983 1684 Ἀλλ’
1024 1628 1136 1700 ἐρεῖ
1189 1648 1315 1692 τις·
1366 1633 1488 1692 Πῶς
1539 1626 1631 1684 οὖν
1672 1648 1895 1705 χρημα-

282 1717 448 1785 τίζουσι
518 1718 585 1771 τὰ
666 1714 943 1791 μέλλοντα
1015 1718 1519 1793 προσημαίνοντες;
1595 1717 1684 1772 καὶ
1730 1722 1891 1773 τοῦτο

282 1803 443 1878 ψεῦδός
488 1805 651 1862 ἐστιν.
684 1803 934 1907 ρεδόσοω
975 1802 1033 1860 δὲ
1061 1805 1318 1907 ἀλήθνειαν
1350 1809 1395 1844 ⁰⁶
1426 1807 1597 1907 sive“.
1634 1806 1787 1862 οὔπω
1828 1806 1893 1907 τὸ
1924 1842 1971 1907 Β

275 1899 456 1949 τοιοῦτο
508 1894 628 1959 θεός
682 1893 842 1950 ἐστιν’
887 1894 949 1950 οὐ
1006 1897 1110 1971 γὰρ
1167 1893 1220 1950 εἷ’
1243 1917 1295 1950 τι
1325 1899 1369 1933 9"
1406 1894 1740 1969 μαντεύεται,
1771 1894 1889 1957 θεός

278 1983 346 2038 tr
397 2004 408 2017 ·
439 1982 467 2037 8
650 1985 665 2005 ‘
784 1984 833 2038 ’θ
1175 1983 1199 2023 ν’
1424 1982 1537 2039 ’λλ’
1592 1984 1607 2007 τ
1658 1991 1672 2011 ’
1818 1988 1847 1999 ”

332 2006 389 2038 ,ιν
468 2004 516 2038 τι
572 2005 667 2037 και
726 2006 800 2039 πυ
839 2005 971 2047 ωνες
1006 2005 1380 2057 μαντεδονται,
1413 2006 1445 2038 α
1587 2006 1655 2063 mp
1727 1986 1888 2058 ἡμων

279 2073 337 2134 ὡς
379 2070 623 2144 δαίμονες
676 2071 1050 2149 ἐκριζούμενοι
1108 2071 1518 2152 φυγαδεύονται.
1572 2071 1728 2127 Ἀλλ’
1782 2072 1892 2149 ἐρεῖ

277 2180 374 2223 τις’
419 2161 612 2224 Ἐνίοις
662 2161 948 2237 θεραπείας
1001 2162 1451 2235 προστάσσουσιν.
1485 2159 1696 2225 Ψεῦδός
1730 2161 1889 2218 ἐστιν’

278 2246 477 2314 δεδόσθω
509 2248 567 2305 δὲ
597 2249 777 2312 οὕτως
830 2247 996 2327 ἔχειν,
1040 2250 1194 2306 οὕπω
1224 2252 1285 2306 τὸ
1333 2256 1551 2306 τοιοῦτο
1574 2250 1688 2313 θεός
1714 2249 1853 2306 ἐστιν
1873 2269 1886 2284 ’

273 2338 342 2392 καὶ
382 2340 473 2414 γὰρ
523 2339 704 2415 ἰατροὶ
756 2339 942 2394 ἰῶνται
996 2337 1266 2412 πολλοὺς,
1324 2340 1414 2395 καὶ
1463 2341 1573 2396 θεοὶ
1604 2340 1704 2396 οὐκ
1734 2338 1888 2398 εἰσίν.

277 2425 417 2483 Ἀλλά
469 2449 632 2506 φησιν
665 2450 677 2463 ·
740 2427 915 2505 ἰατροὶ
973 2427 1036 2483 οὐ
1091 2429 1307 2491 πάντως
1367 2428 1556 2484 ἰῶνται
1632 2428 1889 2499 ἐκείνους,

274 2512 331 2568 ὧν
368 2517 457 2585 τὴν
505 2517 765 2593 πρόνοιαν
816 2522 1122 2591 ποιοῦνται,
1166 2516 1317 2573 οὗτοι
1368 2516 1426 2573 δὲ
1477 2518 1567 2573 καὶ
1612 2519 1891 2596 χρηματί-

275 2626 421 2667 σαντες
451 2609 602 2665 208
660 2607 867 2663 ἰῶνται.
920 2606 1075 2663 Ἀλλ’
1104 2606 1277 2663 ἴσασιν
1312 2609 1363 2663 0t
1394 2606 1651 2682 δαίμονες
1678 2610 1747 2663 τὰ
1796 2602 1891 2663 ὅν-

271 2714 352 2756 τως
393 2697 520 2767 πρὸς
568 2693 793 2751 ἕκαστον
842 2696 1010 2758 πάθος
1064 2696 1540 2772 προσοικειωμένα
1569 2701 1613 2735 9⁸
1687 2698 1892 2773 βοηθή-

274 2803 397 2852 ματα·
430 2782 511 2838 διὸ
566 2784 749 2861 ίατροὶ
800 2784 1156 2858 ἐπιστήμονες
1206 2787 1381 2851 ἰᾶσθαι
1427 2784 1738 2859 δυνάμενοι,
1797 2787 1888 2841 καὶ

270 2873 402 2927 ταῦτα
438 2874 575 2928 td.”
626 2874 733 2928 ὑπὸ
781 2874 1081 2948 ἀνθρώπων
1132 2875 1341 2944 ίσθῆναι
1400 2873 1693 2947 δυνάμενα,
1744 2873 1891 2931 ἀλλὰ

269 2960 338 3014 καὶ
384 2965 602 3033 μαντικὰ
655 2959 783 3017 ὅντα
829 2963 918 3018 καὶ
968 2961 1148 3019 εἰδότα
1200 2965 1333 3020 πότε
1380 2962 1606 3020 ’ἑκαστον
1654 2962 1704 3033 ἐξ
1734 2963 1887 3018 αὐτο-

269 3049 408 3122 μάτον
457 3051 828 3126 θεραπεύεται,
879 3053 1000 3109 τότε
1053 3052 1403 3110 συντάσσουσι
1444 3054 1539 3116 τὰς
1584 3053 1887 3130 θεραπείας,

271 3136 340 3192 ἵνα
365 3139 571 3203 ἑαυτοὺς
606 3139 998 3219 ἐπιγράφωσιν.

1998 573 2251 620 mentem
2288 566 2557 637 perculsa
2589 584 2692 639 per
2724 570 2976 640 quietem
3025 571 3185 626 ideas
3237 570 3406 643 parit.
3440 571 3501 627 Si
3546 588 3649 627 au-

1996 656 2114 709 tem
2145 653 2493 709 existimatis
2524 660 2773 725 statuas,
2806 663 3005 729 utpote
3035 659 3193 714 vivas
3226 665 3283 714 et
3330 660 3646 732 spirantes,

1997 740 2112 797 ista
2143 759 2312 813 posse
2360 744 2609 813 eflicere,
2661 746 2719 799 in
2768 745 3051 817 aequilibri
3102 752 3317 803 statera
3364 748 3647 821 imponite

2000 847 2097 886 eas
2130 836 2185 886 et
2214 832 2270 885 in
2304 832 2485 887 altera
2516 832 2679 889 lance
2730 852 2835 906 par
2873 836 3102 906 pondus
3143 836 3441 903 collocate,
3472 841 3649 891 tunc-

2000 935 2114 991 que
2143 926 2340 991 rogate
2387 921 2519 977 illas
2552 928 2617 977 ut
2666 928 2767 978 aut
2817 925 3110 995 graviores
3162 926 3305 980 fiant
3344 930 3444 980 aut
3473 924 3649 981 levio-

2000 1025 2113 1079 res,
2146 1013 2319 1079 atque
2369 1011 2416 1065 si
2451 1011 2532 1064 ita
2583 1012 2857 1077 evenerit,
2906 1012 3108 1067 vivunt
3161 1031 3173 1068 :
3226 1014 3324 1067 sed
3378 1030 3491 1069 non
3522 1029 3651 1069 eve-

2001 1097 2121 1153 niet
2166 1115 2185 1151 :
2235 1099 2389 1169 quod
2439 1100 2546 1154 etsi
2619 1100 2798 1170 fieret,
2854 1101 3114 1156 nondum
3163 1101 3500 1172 bujusmodi
3556 1118 3648 1157 res

2000 1190 2155 1242 esset
2186 1203 2424 1242 numen.
2452 1188 2680 1243 Etenim
2715 1189 2998 1244 daemonis
3028 1190 3232 1261 digito,
3259 1191 3314 1245 id
3360 1190 3509 1245 effici
3540 1207 3650 1261 po-

2000 1278 2133 1330 test.
2167 1275 2233 1329 Et
2260 1291 2487 1330 vermes
2520 1280 2845 1345 moventur,
2872 1294 2975 1333 nec
3005 1282 3202 1333 tamen
3232 1279 3511 1334 dicuntur
3541 1278 3646 1333 dii.

2072 1362 2219 1418 XVI.
2254 1364 2414 1428 Quod
2445 1369 2638 1420 autem
2675 1380 2742 1419 ex
2772 1367 3185 1438 anticipatione
3217 1366 3414 1421 anima
3442 1366 3650 1422 unius-

2001 1454 2289 1523 cujusque
2346 1452 2506 1508 ideas
2547 1454 2878 1509 daemonum
2912 1456 3171 1527 effingat,
3209 1472 3324 1511 non
3369 1472 3501 1511 vero
3550 1455 3650 1527 qui

2002 1541 2279 1597 dicuntur
2328 1541 2408 1596 dii
2460 1548 2805 1614 appareant,
2857 1542 3082 1599 clarum
3127 1549 3217 1600 est
3262 1559 3332 1600 ex
3380 1559 3446 1599 eo
3495 1544 3649 1616 quod

2002 1646 2037 1685 a
2084 1628 2302 1686 Judaais
2350 1647 2462 1685 non
2515 1638 2856 1689 cernuntur.
2913 1633 3021 1687 Sed
3084 1632 3316 1704 objiciet
3361 1632 3579 1704 aliquis
3634 1648 3648 1686 :

2002 1718 2124 1782 Quo
2152 1717 2324 1772 modo
2355 1716 2535 1789 igitur
2554 1735 2836 1791 responsa
2867 1720 3232 1787 dant,futura
3261 1720 3652 1792 prmnuntian-

2002 1805 2136 1861 tes?
2182 1806 2252 1861 Et
2300 1806 2408 1861 hoc
2474 1806 2685 1862 falsum
2737 1814 2861 1875 est;
2926 1810 3024 1864 sed
3082 1825 3283 1864 verum
3334 1826 3463 1865 esse
3511 1826 3650 1865 con-

2001 1895 2258 1966 cedatur,
2287 1896 2548 1951 nondum
2580 1895 2636 1951 id
2691 1897 2837 1953 deus
2885 1902 2994 1953 est.
3040 1898 3164 1955 Non
3215 1897 3392 1966 enim,
3426 1897 3474 1953 si
3508 1896 3649 1971 quid

1999 1983 2369 2047 vaticinatur,
2394 1984 2539 2040 deus
2569 1989 2678 2040 est.
2703 1986 2848 2041 Nam
2880 1992 2936 2042 et
2969 1987 3254 2058 Pythones
3275 1986 3650 2059 praesagiunt,

1999 2088 2199 2127 verum
2234 2089 2268 2127 a
2315 2073 2505 2141 nobis,
2558 2079 2624 2129 ut
2667 2074 2985 2143 daamones,
3037 2075 3311 2130 eradicati
3347 2076 3648 2147 fugantur.

1998 2161 2072 2215 At
2101 2160 2254 2216 dicet
2285 2160 2582 2233 quispiam
2631 2178 2645 2218 :
2696 2162 3008 2218 Nonnullis
3062 2164 3318 2218 remedia
3359 2163 3649 2218 tribuunt.

2002 2248 2241 2304 Falsum
2297 2254 2434 2317 est;
2484 2250 2587 2305 sed
2655 2250 2736 2307 ita
2802 2252 3017 2306 habere
3075 2252 3446 2322 concedatur,
3504 2268 3650 2307 non-

2002 2337 2142 2393 dum
2174 2338 2231 2392 id
2263 2342 2353 2393 est
2400 2339 2565 2394 deus.
2614 2339 2844 2395 Etenim
2896 2340 3106 2396 medici
3152 2339 3368 2395 multos
3417 2345 3647 2405 curant,

2001 2442 2107 2481 nec
2165 2426 2245 2481 dii
2294 2431 2448 2485 sunt.
2510 2428 2643 2497 Sed,
2713 2428 2923 2500 inquit,
2993 2429 3201 2484 medici
3271 2445 3385 2485 non
3442 2445 3646 2485 omnes

2000 2514 2134 2570 illos
2170 2522 2400 2583 sanant,
2435 2533 2683 2587 quorum
2719 2534 2919 2573 curam
2952 2518 3305 2590 suscipiunt,
3337 2517 3397 2573 hi
3426 2534 3559 2574 vero
3590 2522 3648 2573 et

2000 2620 2105 2676 per
2134 2604 2369 2659 oracula
2400 2610 2630 2661 sanant.
2662 2608 2733 2661 At
2782 2606 2977 2661 sciunt
3006 2608 3318 2675 daemones,
3359 2624 3483 2678 quae
3515 2622 3648 2663 vere

2007 2693 2079 2747 ad
2151 2710 2635 2766 unumquemque
2688 2696 2957 2751 morbum
3008 2702 3144 2767 apta
3189 2701 3328 2752 sunt
3375 2697 3651 2752 remedia.

2004 2780 2193 2845 Quare
2241 2798 2373 2836 cum
2435 2783 2553 2838 sint
2606 2783 2770 2855 periti
2828 2784 3037 2839 medici
3104 2785 3323 2840 mederi
3394 2785 3651 2840 valentes

2000 2870 2178 2941 idque
2210 2872 2457 2941 morbis,
2485 2873 2582 2943 qui
2626 2872 2969 2929 hominibus
3001 2879 3249 2945 possunt
3273 2874 3541 2945 cognosci
3576 2874 3652 2946 (α)

2000 2976 2252 3031 cumque
2275 2965 2432 3016 vates
2460 2963 2599 3027 sint,
2625 2961 2929 3033 sciantque
2952 2962 3188 3034 quando
3210 2964 3461 3035 quisque
3493 2980 3649 3018 mor-

1999 3049 2111 3105 bus
2140 3066 2207 3105 ex
2260 3067 2321 3105 se
2368 3051 2494 3122 ipso
2543 3054 2797 3119 curetur,
2831 3051 2911 3107 ita
2950 3052 3090 3106 dant
3117 3052 3396 3125 remedia,
3442 3057 3505 3107 ut
3534 3052 3646 3109 sibi

2000 3142 2271 3194 eventum
2302 3138 2644 3195 attribuant.

326 3230 474 3285 XVII.
505 3229 662 3284 Ἐπεὶ
713 3206 904 3285 ista}:
939 3232 1001 3267 '°°
1060 3231 1195 3304 μετᾶ
1222 3229 1395 3285 πολὺν
1424 3229 1627 3307 χρόνον
1657 3249 1767 3305 χρη
1781 3250 1881 3303 μα-

2073 3228 2247 3282 XVII.
2281 3226 2555 3299 Alioquin
2588 3245 2693 3283 our
2720 3233 2852 3300 post
2900 3228 3152 3284 multum
3202 3230 3481 3303 temporis
3512 3245 3644 3302 pro-

267 3315 442 3385 τίζουσι
492 3316 585 3380 τὰς
652 3318 857 3388 ίάσεις;
919 3315 1007 3373 διὰ
1042 3318 1094 3373 τί
1143 3316 1221 3389 δὲ,
1282 3318 1333 3374 οἶ
1382 3320 1559 3374 πάντα
1616 3316 1890 3391 δύνανται,

270 3404 367 3459 ἄνευ
404 3410 494 3460 τοῦ
542 3406 870 3484 προσφέρειν
923 3429 975 3462 τι
1036 3413 1055 3446 ¹
1106 3408 1208 3476 τὴν
1261 3406 1400 3463 ἴασιν
1445 3407 1507 3462 οὐ
1565 3411 1888 3477 ποιοῦνται;

264 3491 382 3554 τίνος
431 3492 487 3550 δὶ
540 3492 700 3550 ἕνεκα
751 3494 861 3549 τισὶ
922 3496 1016 3568 μὶν
1063 3495 1376 3568 εὐξαμένοις
1404 3494 1687 3569 θεραπείας
1718 3514 1889 3570 προσ-

262 3580 528 3651 τάσσουσιν,
562 3582 729 3645 ἐνίοις
770 3580 828 3637 δὲ
858 3582 964 3638 ἔσθ’
993 3582 1082 3639 ὅτε
1109 3585 1199 3639 καὶ
1230 3583 1588 3659 οἰκειοτέροις
1634 3580 1781 3637 οὖσιν
1827 3582 1888 3637 οὐ

265 3672 666 3745 χρηματίζουσιν
694 3692 708 3742 ;
741 3671 914 3735 οῧτως
946 3672 1145 3728 ὁπόταν
1180 3672 1229 3746 ἐξ
1272 3672 1587 3745 αὐτομάτου
1635 3670 1891 3747 θεραπεία

267 3758 414 3833 μέλλῃ
441 3761 706 3834 γίνεσθαι,
740 3760 1186 3837 ἐπαγγέλλονται,
1240 3759 1333 3816 *ἱνα
1386 3760 1608 3823 ἑαυτοὺς
1663 3760 1887 3837 ἐπιγρά-

263 3849 425 3919 tamen».
474 3849 677 3907 Ἀλλοι
728 3848 786 3905 δὲ
830 3852 1148 3921 νοσήσαντες
1193 3851 1283 3905 καὶ
1326 3850 1610 3924 εὐξάμενοι
1641 3848 1690 3923 ἐξ
1724 3849 1887 3904 αὐτο-

266 3936 408 4007 μάτου
478 3938 811 4013 ὑγίάναντες,
887 3938 979 4001 οὕς
1059 3938 1476 4009 ἐπεκαλέσαντο,
1560 3938 1883 4015 ἐῆέγραψαν,

265 4024 335 4079 καὶ
375 4025 683 4100 ἀναθήματα
730 4026 1009 4099 ἐποίησαν.
1058 4028 1122 4083 0‘.
1182 4027 1364 4102 μέντοι
1422 4048 1483 4105 γε
1545 4031 1661 4100 μετ’
1711 4027 1880 4103 εὐχὴν

269 4109 669 4191 διασωνήσαντες
723 4117 821 4177 τάς
879 4116 1182 4193 ἀποτυχίας
1237 4117 1497 4171 ἀναθεῖνει
1550 4115 1613 4170 οὐ
1700 4112 1885 4170 δύναν-

265 4221 351 4259 ται.
397 4203 542 4274 Πλὴν
590 4205 637 4259 εί
690 4206 742 4259 οἱ
799 4211 1074 4280 συγγενεῖς
1140 4210 1249 4260 τῶν
1323 4205 1631 4260 τεθνεώτων
1681 4206 1717 4273 ἦ
1754 4206 1775 4241 ²
1832 4203 1881 4277 ἐξ

266 4290 409 4345 ωότῶν
463 4314 599 4355 τινες
654 4293 1039 4364 ἀνεζήτησανν⁸
1089 4293 1185 4356 τὰς
1243 4293 1547 4369 ἀποτυχίας
1622 4292 1882 4356 πλείονας

266 4378 311 4431 ἂν
362 4381 629 4457 εὖρτξκειτε
686 4382 783 4445 τὰς
841 4383 1144 4458 ἀποτυχίας
1200 4387 1306 4438 τῶν
1352 4385 1374 4419 ⁴
1449 4382 1878 4459 ἐπιτευγμάτων.

267 4468 393 4524 Ἀλλ’
433 4469 605 4535 οὐδεὶς
656 4470 1104 4548 προειλημμένος
1152 4471 1337 4535 αὐτοῖς
1394 4474 1485 4527 τὸν
1537 4472 1654 4527 κατ’
1706 4470 1881 4526 αὐτῶν

2002 3316 2248 3372 mittunt
2276 3317 2607 3373 curationes
2628 3316 2656 3372 ?
2707 3318 2824 3373 Cur
2869 3335 3005 3373 voro
3054 3319 3105 3374 si
3137 3324 3345 3375 cuncta
3374 3324 3643 3392 possunt,

2001 3406 2223 3476 absque
2254 3405 2334 3459 rei
2364 3404 2616 3476 alicujus
2664 3406 2997 3463 admotione
3046 3424 3161 3463 non
3207 3408 3461 3463 reddunt
3490 3409 3651 3463 sani-

1998 3498 2180 3551 tatem
2206 3494 2234 3548 ?
2282 3495 2467 3558 Quam
2497 3495 2675 3550 etiam
2707 3496 2781 3550 ob
2814 3512 3052 3551 causam
3085 3496 3383 3552 nonnullis
3414 3498 3651 3568 quidem

2000 3584 2379 3655 precantibus
2418 3584 2677 3639 remedia
2726 3584 3039 3656 imperant,
3090 3586 3446 3656 quibusdam
3494 3603 3647 3653 vero,

1999 3672 2417 3743 interdumque
2441 3671 2629 3743 magis
2658 3672 3067 3738 familiaribus,
3101 3691 3214 3729 non
3247 3674 3389 3729 dant
3418 3691 3651 3745 respon-

1998 3761 2110 3816 sa?
2140 3760 2371 3817 Scilicet
2401 3762 2634 3832 quando
2666 3762 2891 3817 sanitas
2926 3761 3077 3817 ultro
3108 3764 3505 3834 recuperanda
3536 3768 3642 3830 est,

1996 3849 2369 3922 pollicentur,
2401 3854 2467 3904 ut
2497 3849 2607 3905 sibi
2643 3850 3007 3906 sanationem
3040 3851 3338 3907 vindicent
3367 3851 3477 3905 Alii
3508 3867 3641 3906 vero

1996 3938 2215 4011 aegroti,
2251 3942 2380 4010 post
2411 3954 2608 4010 preces
2640 3956 2778 3994 casu
2806 3942 3033 4010 recepta
3088 3940 3361 4006 sanitate,
3394 3940 3466 3994 iis
3497 3956 3644 4011 quos

1994 4025 2398 4082 invocaverant
2444 4027 2891 4099 adscripserunt
2960 4033 3017 4083 et
3067 4029 3311 4083 donaria
3359 4029 3647 4099 appende-

1994 4120 2144 4171 runt.
2184 4116 2289 4180 Qui
2323 4119 2517 4171 autem
2552 4121 2683 4188 post
2735 4121 2932 4171 votum
2986 4118 3211 4188 decepti
3259 4117 3649 4188 exspirarunt,

1990 4204 2311 4260 infortunia
2343 4223 2455 4260 non
2490 4209 2741 4277 possunt
2771 4206 3062 4260 dedicare.
3110 4206 3272 4269 Quod
3307 4206 3353 4261 si
3389 4210 3645 4261 mortuo-

1992 4312 2121 4350 rum
2153 4295 2359 4350 aftines
2390 4294 2473 4350 vel
2506 4311 2703 4350 eorum
2731 4294 2938 4366 aliqui,
2963 4296 3194 4365 quoties
3222 4296 3337 4349 voti
3373 4296 3461 4349 sui
3496 4312 3648 4350 com-

1993 4388 2162 4456 potes
2194 4384 2329 4439 facti
2360 4400 2473 4438 non
2498 4383 3281 4455 fuerint,indagarent,plura
3311 4383 3647 4439 inveniretis

1990 4473 2233 4529 adversa
2280 4488 2456 4544 quam
2503 4487 2804 4543 prospera.
2854 4472 2963 4527 Sed
3013 4472 3193 4527 nullis
3240 4473 3313 4528 iis
3351 4490 3641 4544 praeoccu-

266 4552 462 4635 ἔλεγχον
540 4559 760 4639 ἐκτράναι
834 4560 977 4615 θέλει
1054 4558 1345 4635 αἰδούμεος
1416 4562 1450 4631 ἣ
1516 4555 1876 4638 φοϐούμενος,

2000 4566 2162 4633 patus
2193 4577 2393 4617 eorum
2428 4561 2904 4632 redargutionem
2961 4560 3085 4615 vult
3115 4560 3328 4632 eloqui.
3362 4562 3643 4617 reveritus

265 4644 387 4702 ἀλλὰ
430 4649 751 4722 τούναντίον,
799 4651 866 4705 τὰ
894 4651 1057 4705 πιστᾶ
1085 4649 1260 4705 αὐτῶν
1294 4651 1619 4724 ἀτοπηματα
1649 4648 1880 4726 συγκρύ-

265 4730 441 4792 ϐουσιν.

323 4829 456 4885 209
486 4831 672 4888 XVIII.
723 4828 889 4883 Πόσοι
941 4825 997 4883 δὲ
1040 4827 1131 4883 καί
1180 4825 1603 4902 καταψεύδονται
1656 4847 1880 4904 χρημα-

1988 4654 2089 4706 aut
2110 4649 2521 4717 metuens,imo
2552 4654 2777 4718 contra,
2802 4649 3104 4721 explorata
3135 4649 3367 4704 illorum
3399 4650 3647 4705 crimina

2027 4738 2311 4795 ccultant.

1990 4756 2311 4796 occultant.

2060 4829 2264 4884 XVIII.
2298 4827 2482 4891 Quam
2515 4826 2685 4882 multi
2718 4842 2852 4884 vero
2884 4830 2942 4883 et
2977 4827 3215 4883 oracula
3245 4826 3646 4883 ementiuntur

319 4970 385 5043 (a)
416 4976 612 5045 Legere
637 4972 869 5030 mallem
899 4989 1036 5029 cum
1064 4972 1345 5030 Cotelerio
1373 4973 1583 5042 curari,
1617 4977 1673 5028 et
1705 4972 1764 5028 in
1795 4972 1889 5029 Gre

2022 4968 2258 5040 ἰαθῆναι.
2291 4970 2451 5026 Enrr.
2487 4968 2737 5025 ΡΑτιιοι..

1581 5122 1821 5180 VARIB
1857 5122 2270 5180 LECTIONES.

329 5248 365 5282 ⁸³
391 5244 546 5310 εἷδέας
576 5250 637 5305 C.

272 5332 395 5392 esse,
417 5321 528 5389 jam
558 5321 702 5377 vidit
730 5326 786 5386 S,
818 5318 1046 5389 ἀλήθεια
1078 5321 1270 5392 vulgo.
1347 5320 1389 5358 9"
1422 5319 1577 5392 Fort.
1624 5318 1851 5392 leg._uc
1880 5319 1941 5374 S.

714 5250 760 5285 “
789 5246 878 5303 διὰ
914 5249 975 5306 C.
1051 5250 1096 5285 ³⁵
1127 5244 1299 5308 εἰδὲας
1372 5248 1416 5283 ⁹⁶
1447 5248 1532 5303 Ita
1560 5247 1849 5318 scriptura
1880 5248 2006 5303 cod.
2039 5245 2231 5303 Ottob.
2264 5243 2609 5318 explicanda
2641 5259 2769 5318 esse
2801 5243 3051 5318 videtur.
3077 5244 3447 5318 hAccusativo
3496 5244 3645 5318 opus

2018 5319 2061 5353 9'
2086 5314 2547 5390 προσῳκειώμενα
2720 5316 2763 5350 ⁸³
2790 5314 2855 5368 τά
2879 5316 3037 5390 delet
3068 5316 3126 5371 S.
3161 5314 3556 5390 Tumiaoivzr
3579 5315 3639 5370 C.

274 5384 481 5458 ἰασθῆκῖαι
509 5393 587 5469 C_l.
624 5384 857 5469 Labitur
885 5384 1295 5469 Schweglerus
1326 5390 1478 5462 quod
1510 5392 1580 5446 ad
1630 5384 1937 5469 leEtio‘nem
1992 5384 2276 5469 _Cotelerii.
2321 5420 2387 5427 ——
2419 5384 2655 5469 Deinde
2674 5386 2900 5457 μαντικὰ
2931 5386 3057 5469 ὅντα
3089 5386 3182 5469 καὶΔ
3211 5384 3391 5440 εἰδότα
3416 5387 3492 5469 ad
3528 5388 3643 5469 da}-

273 5476 442 5516 monas
473 5465 827 5520 referendum
861 5468 969 5531 est,
1004 5466 1073 5519 de
1097 5458 1320 5517 'uibus
1341 5458 1524 5569 siege,
1598 5463 1721 5516 uasi
1752 5462 1819 5515 τὰ
1849 5458 2101 5531 δαιμόνια
2131 5460 2493 5533 praecesserit
2525 5464 2729 5513 neutro
2760 5475 2971 5530 genere
3004 5458 3267 5530 loquitur
3299 5462 3501 5513 auctor
3532 5458 3640 5511 ho-

274 5532 527 5589 miliarum
558 5537 741 5589 Sunra
768 5552 820 5589 c.
852 5537 938 5589 40.
972 5540 1027 5589 et
1058 5482 1208 5589 idi‘ra
1230 5551 1277 5589 c.
1318 5536 1402 5589 19.
1435 5535 1524 5587 -0.
1700 5535 1765 5569 ¹⁰⁰
1799 5530 2047 5585 δύνανται
2078 5550 2134 5589 D.
2170 5529 2256 5584 διὰ
2285 5530 2335 5583 τί
2367 5532 2431 5585 0.
2465 5532 2614 5585 Tum
2648 5531 2800 5585 idem
2834 5527 3008 5583 πολὺν
3040 5530 3237 5589 γρὸνον
3270 5527 3466 5589 γρόνον
3494 5542 3638 5589 γρη-

274 5532 527 5607 Iniliarum
558 5537 741 5607 Supra
768 5552 820 5589 c.
852 5537 938 5599 40,
972 5540 1027 5607 et
1058 5532 1208 5590 infra
1230 5551 1277 5589 c.
1298 5536 1402 5607 719,
1435 5532 1468 5607 2

278 5603 541 5671 ματίζουσι.
615 5603 743 5668 ¹”τίς
776 5607 840 5662 0.
917 5608 938 5641 ³
968 5606 1003 5675 ἤ
1037 5607 1265 5662 addidit
1292 5606 1359 5661 D.

1513 5574 1524 5584 .
1560 5527 1617 5589 S.
1700 5535 1765 5569 ¹⁰⁰
1799 5527 2047 5585 δύνανται
2078 5527 2256 5604 pidici
2285 5530 2335 5583 τί
2362 5532 2431 5604 _0.
2465 5532 2614 5585 Tum
2648 5527 2800 5585 idem
2834 5527 3008 5583 πολὺν
3040 5527 3466 5604 χρὸνον-χρόνον
3494 5542 3638 5600 χρη-

1436 5605 1458 5639 ³
1485 5605 1847 5675 συνεζήτησαν
1878 5609 1937 5660 C.
1969 5599 2106 5660 Post
2133 5601 2436 5675 ἆποτσχίας
2465 5617 2769 5674 perperam
2803 5608 3021 5673 puncto
3047 5599 3641 5670 majori'distinxerat

274 5675 453 5732 Veram
479 5678 723 5736 restituit
752 5678 821 5734 Ι).
854 5674 1003 5735 Tum
1036 5676 1313 5752 εὑρήκειτε
1336 5682 1394 5745 S,
1425 5675 1494 5747 0,
1525 5674 1792 5750 εὑρήκητε
1823 5680 1882 5731 C.
1959 5676 1982 5709 ⁸
2008 5676 2109 5745 τήν
2132 5674 2198 5731 0.
