4086 6216
351 383 472 449 255

1176 381 1245 447 S.
1288 380 1732 447 CLEMENTIS
1775 380 1801 444 Ῑ
1846 380 2037 444 ΒΟΜ.
2079 380 2313 445 ΡΟΝΤ.
2359 382 2622 447 OPERA
2662 379 2927 450 DUBIA.

3641 373 3765 438 256

356 516 803 587 curationesque
832 532 901 572 ex
945 515 1152 573 iisdem
1203 516 1405 583 factas,
1456 533 1605 588 quas
1645 514 1998 586 juramentis

2120 514 2336 587 εισμοῦς
2388 512 2486 570 ’καὶ
2541 517 2823 590 θεραπείας
2907 514 2958 587 ἐξ
3034 513 3208 570 αὐτῶν
3290 506 3761 575 ἀποτελεσθείσας²

359 624 591 681 quoque
624 607 1016 662 confirmant?
1046 609 1194 672 Quot
1234 613 1425 663 autem
1458 608 1722 662 mercede
1751 606 1909 677 ipsos
1939 623 2000 667 se

355 696 741 761 tradiderunt,
795 696 892 767 qui
935 696 1284 751 commentis
1331 696 1684 766 quibusdam
1720 694 2002 750 nonnulla

358 789 568 857 sponte
601 786 755 855 passi
789 791 963 856 atque
994 786 1075 840 ita
1123 785 1526 856 praedicantes,
1568 801 1703 839 cum
1737 800 1766 839 e
1798 785 1999 839 morbo

347 890 453 945 per
502 874 829 928 remedium
892 872 1313 943 convaluerint,
1367 874 1600 928 oraculo
1648 873 1999 944 promissam

347 962 532 1018 fuisse
563 963 876 1018 sanitatem
913 966 1205 1028 asserunt,
1231 966 1294 1017 ut
1314 962 1592 1018 stolidum
1626 961 1847 1016 cultum
1882 966 1998 1016 sta-

348 1051 605 1108 biliant?
636 1052 820 1115 Quam
868 1050 1056 1106 multa
1104 1067 1273 1123 porro
1323 1066 1390 1105 ex
1434 1049 1553 1105 illis
1583 1050 1867 1122 principio
1900 1065 2001 1121 per

346 1138 637 1212 magicam
685 1144 870 1194 artem
913 1144 1147 1211 peracta
1195 1143 1351 1210 sunt,
1409 1143 1470 1194 ut
1521 1155 1624 1211 per
1669 1138 1899 1195 somnia
1942 1141 1999 1193 et

346 1228 582 1284 oracula
633 1228 1129 1300 praedicerentur?
1176 1232 1432 1283 attamen
1498 1226 1669 1299 longo
1736 1231 2000 1299 tempore

353 1316 477 1373 haec
508 1332 740 1388 quoque
772 1317 933 1372 fraus
964 1315 1157 1372 desiit.
1191 1317 1341 1381 Quot
1371 1321 1564 1373 autem
1601 1319 1724 1389 jam
1757 1317 1872 1372 ista
1901 1317 1998 1371 ﬁr-

352 1421 515 1461 mare
564 1405 866 1478 cupientes
914 1405 1227 1477 praestigiis
1278 1406 1576 1461 utuntur?
1628 1409 1907 1461 Caeterum
1949 1405 1999 1460 si

350 1494 493 1566 quid
527 1494 884 1550 vatidinatur
914 1494 1001 1550 vel
1033 1498 1218 1564 curat,
1253 1512 1369 1550 non
1402 1495 1457 1550 id
1491 1494 1690 1551 statim
1714 1495 1860 1550 deus
1889 1499 1994 1550 est.

610 1584 755 1639 Nam
787 1584 942 1639 Deus
971 1584 1171 1640 omnia
1194 1586 1402 1655 potest.
1428 1589 1482 1639 Is
1515 1584 1671 1640 enim
1701 1589 1789 1640 est
1811 1586 2000 1639 bonus

351 1694 417 1733 ac
442 1677 670 1748 justus,
706 1689 860 1727 nunc
892 1672 950 1726 in
983 1676 1223 1727 cunctos
1275 1672 1525 1744 patiens,
1558 1678 1625 1728 ut
1671 1674 1771 1745 qui
1803 1672 1999 1729 volue-

347 1765 485 1833 rint,
541 1761 883 1835 poenitentia
913 1762 982 1817 de
1034 1761 1203 1817 malis
1245 1778 1278 1817 a
1326 1778 1389 1817 se
1428 1762 1760 1819 commissis
1790 1766 1917 1818 acta
1946 1766 2003 1818 et

347 1854 469 1910 vita
498 1852 592 1925 pie
620 1853 1007 1916 transacta,eo
1031 1850 1121 1907 die
1144 1867 1258 1922 quo
1291 1852 1561 1907 universa
1578 1851 2005 1921 judicahuntur
2032 1886 2080 1952 B

352 1960 456 2014 pro
489 1941 695 1996 merito
738 1939 1079 2011 percipiant.
1131 1939 1492 2012 Quapropter
1542 1957 1696 1995 nunc
1738 1940 1997 2013 incipite,

352 2034 589 2103 propter
615 2029 827 2085 bonam
874 2028 1285 2100 cognitionem,
1320 2028 1585 2099 persuasi
1616 2045 1647 2083 a
1683 2029 1821 2092 Deo.
1855 2029 2000 2085 resi-

353 2124 506 2175 stere
536 2117 743 2174 vestris
774 2117 967 2188 pravis
989 2116 1409 2188 cupiditatibus
1438 2122 1495 2172 et
1525 2118 1997 2189 cogitationibus,

356 2223 470 2278 quo
502 2206 739 2279 possitis
777 2205 1051 2277 primam,
1086 2221 1213 2275 quae
1264 2205 1521 2259 humano
1561 2206 1755 2277 generi
1791 2206 2002 2262 tradita

354 2296 485 2365 fuit,
531 2295 846 2351 salutarem
897 2294 1330 2349 observantiam
1376 2310 1664 2349 revocare.
1719 2294 1811 2350 Sic
1843 2295 1999 2350 enim

352 2384 518 2440 vobis
551 2384 826 2439 continuo
859 2383 1121 2438 orientur
1169 2382 1343 2450 bona,
1389 2381 1605 2456 quibus
1644 2384 1896 2455 acceptis
1929 2384 2000 2439 ab

352 2472 710 2545 experientia
758 2471 1046 2527 malorum
1088 2472 1361 2544 deinceps
1412 2471 1735 2527 cessabitis.
1788 2472 1899 2527 Sed
1949 2472 2001 2528 ei

354 2562 456 2634 qui
505 2562 665 2617 dedit
703 2561 855 2633 agite
892 2560 1110 2632 gratias
1155 2576 1289 2615 cum
1349 2561 1506 2632 pacis
1548 2576 1681 2634 rege
1722 2565 2000 2633 perpetuo

354 2649 739 2705 ineﬂabilium
788 2649 1071 2704 bonorum
1122 2664 1367 2721 regnum
1420 2648 1693 2704 habituri.
1745 2652 1807 2705 In
1859 2666 2000 2722 pras-

359 2738 511 2796 senti
569 2755 725 2801 vero,
771 2737 1012 2809 perenni
1062 2737 1304 2793 ﬂumine
1344 2736 1430 2793 vel
1482 2738 1639 2794 fonte
1697 2742 1798 2794 aut
1824 2738 2001 2794 etiam

358 2828 507 2885 mari
537 2827 639 2882 loti
671 2828 729 2882 in
759 2830 848 2882 ter
878 2827 1046 2882 beata
1082 2826 1442 2883 invocatione
1488 2845 1603 2883 non
1650 2826 1840 2883 solum
1870 2826 2002 2882 lati-

355 2921 548 2973 tantes
578 2916 637 2971 in
673 2916 835 2971 vob:s
867 2916 1111 2987 spiritus
1143 2916 1407 2987 poteritis
1433 2915 1735 2988 expellere,
1760 2917 1859 2971 sed
1889 2916 2003 2989 ipsi

359 3022 473 3062 non
507 3004 762 3076 amplius
785 3004 1177 3076 delinquendo
1201 3010 1259 3059 et
1280 3009 1393 3060 Deo
1414 3005 1748 3060 indubitata
1771 3005 2004 3061 creden-

356 3099 447 3150 tes
477 3093 726 3149 aliorum
755 3091 941 3149 malos
964 3093 1205 3165 spiritus
1235 3110 1300 3149 ac
1320 3093 1679 3150 truculentos
1710 3095 2002 3149 daemones

359 3198 682 3255 gravesque
714 3182 948 3237 morbos
974 3182 1240 3255 abigetis.
1266 3183 1330 3237 Et
1360 3183 1653 3238 interdum
1684 3182 1784 3238 ubi
1811 3182 2001 3239 solum

2107 604 2193 658 ταὶ
2244 604 2439 667 ταύτας
2498 601 2833 681 βεϐαιοῦνται
2888 606 3022 678 μετὰ
3070 603 3285 680 δρκωνς
3334 601 3494 655 πόσοι
3553 597 3609 654 δὲ
3666 598 3753 654 ἐπὶ

2113 698 2289 764 μισθῷ
2339 693 2558 757 ἑαυτοὺς
2610 692 2887 765 ἐξέδωκαν,
2938 693 3007 748 δι’
3056 692 3209 747 ἐνίων
3244 691 3492 746 ἐπινοιῶν
3524 690 3746 763 πάσχειν

2106 782 2227 835 τινὰ
2277 780 2678 857 ἀναδεξάμενοι,
2726 782 2817 838 καί
2862 782 3034 845 οὕτως
3085 780 3429 856 κηρύξαντες,
3469 778 3637 833 αὐτῶν
3684 777 3746 831 τὸ

2108 871 2278 934 πάθος
2328 872 2638 945 ἀντιπαθείᾳ
2711 872 3251 940 ἀποκοτασταθέντες,
3319 866 3747 942 κεχρηματίσθαι

2108 962 2129 996 ³
2182 961 2283 1030 τήν
2337 962 2615 1034 θεραπείαν
2676 961 2950 1037 λέγουσιν,
2998 958 3092 1014 ’ίνα
3144 959 3209 1015 τὸ
3265 958 3586 1026 ἀταίσθητον
3644 953 3758 1009 ἐπι-

2109 1050 2361 1125 γράψωσι
2406 1045 2686 1123 σέϐασμα;
2737 1050 2880 1105 πόσα
2932 1049 2990 1106 δὲ
3028 1048 3202 1104 αὐτῶν
3262 1047 3320 1102 ἐκ
3346 1051 3628 1121 καταρχῆς
3662 1063 3757 1116 μα.-

2112 1142 2243 1214 γικῇ
2290 1139 2457 1215 τέχνῃ
2504 1138 2778 1212 ἐτελέσθη,
2840 1136 2933 1193 ’ίνα
2998 1135 3328 1213 δνειροπολῇ
3386 1133 3477 1189 καὶ
3534 1152 3758 1209 χρημα-

2108 1226 2265 1301 τίζῖλῖ
2327 1228 2415 1282 καὶ
2466 1226 2618 1301 ὅμως
2677 1233 2870 1305 μακρῷ
2912 1225 3100 1303 χρόνῳ
3151 1224 3241 1281 καὶ
3289 1228 3458 1280 ταῦτα
3487 1220 3757 1299 διεφώνη-

2108 1336 2216 1372 σεν.
2279 1315 2446 1371 Πόσοι
2506 1313 2564 1371 δὲ
2592 1321 2682 1371 νῦν
2714 1319 2736 1354 ⁶
2788 1317 2857 1371 τὰ
2913 1319 3136 1371 τοιαῦτα
3190 1312 3469 1389 κρατύνειν
3504 1309 3754 1375 θέλοντες

2107 1403 2499 1480 γοητεύουσιν;
2550 1405 2702 1475 Πλὴν
2755 1405 2854 1461 οὐκ
2900 1404 2947 1460 ei
2993 1425 3044 1460 τι
3071 1406 3091 1441 ⁷
3153 1401 3407 1477 μαντικόν
3444 1400 3584 1455 ἐστιν
3612 1399 3647 1467 ἢ
3674 1400 3757 1452 θε-

2110 1494 2452 1571 ραπευτικὸν,
2478 1499 2640 1550 τοῦτο
2672 1493 2794 1557 θεός
2825 1494 2983 1550 ἐστιν·

2178 1585 2320 1641 ΧΙΧ.
2353 1585 2410 1637 Ὁ
2463 1583 2563 1659 γὰρ
2622 1584 2751 1645 Θεὸς
2809 1583 2980 1638 πάντα
3039 1580 3277 1637 δύναται.
3336 1584 3570 1640 Ἐκεῖνος
3648 1578 3752 1653 γάρ

2111 1670 2252 1727 ἐστιν
2301 1673 2498 1747 ἀγαθος
2548 1671 2638 1727 καὶ
2689 1671 2918 1742 δίκαιος,
2968 1676 3055 1727 νῦν
3083 1676 3212 1725 πᾶσι
3250 1669 3633 1743 μακροθυμῶν,
3660 1663 3755 1720 ’ίνα

2111 1761 2164 1816 οἱ
2216 1759 2546 1837 βουλόμενοι
2602 1760 2683 1839 ἐφ’
2704 1761 2786 1825 οἷς
2819 1760 3043 1836 ἔπραξαν
3074 1764 3264 1822 κακοῖς
3300 1755 3759 1833 μεταμεληθέντες

2110 1851 2200 1906 καὶ
2243 1847 2428 1914 καλῶς
2456 1852 2478 1888 ⁸
2524 1850 2999 1923 πολιτευσάμενοι,
3060 1849 3110 1904 ἐν
3167 1847 3347 1922 ἡμέρᾳ
3475 1846 3543 1901 τὰ
3583 1842 3759 1899 πάντα

2109 1939 2344 2017 κρίνεται
2393 1944 2501 1994 τῶν
2535 1942 2557 1977 ⁹
2601 1941 2720 1995 κατ’
2762 1939 2908 2010 ἀξίαν
2956 1936 3339 1994 ἀπολαύσωσιν
3392 1936 3488 1991 Διὰ
3516 1938 3607 1989 νῦν
3665 1931 3758 2008 ἅρ-

2109 2028 2282 2100 ξασθε,
2334 2027 2537 2104 ἀγαθῆς
2582 2029 2836 2104 γνώσεως
2894 2028 3041 2100 αἰτίᾳ
3081 2030 3196 2099 Θεῷ
3224 2026 3555 2098 πειθόμενοι,
3617 2023 3758 2077 ἀντι-

2109 2116 2285 2194 λέγειν
2338 2116 2464 2190 ὗμῶ
2539 2123 2657 2179 ταῖς
2706 2122 2897 2179 κακαῖς
2947 2114 3256 2190 ἐπιθυμίαις
3298 2114 3388 2169 καὶ
3418 2111 3642 2173 ἐννοίαις
3676 2109 3761 2166 ῗνα

2110 2203 2380 2277 δυνηθῆτε
2436 2206 2865 2269 ἀνακαλέσασθαι
2913 2207 3013 2275 τήν
3072 2205 3296 2280 πρώτην
3354 2205 3424 2275 τῇ
3474 2195 3757 2276 ἀνθρωπό-

2106 2316 2233 2365 τητι
2290 2291 2683 2370 παραδοθεῖσαν
2738 2298 2780 2332 ¹⁰
2853 2297 3124 2367 σωτήριον
3206 2291 3516 2367 θρησκείαν.
3603 2288 3757 2343 Οὕτω

2108 2384 2211 2460 γὰρ
2262 2384 2388 2458 ὑμῖν
2440 2382 2660 2453 ἐξαυτῆς
2693 2388 2736 2422 ¹¹
2800 2380 3046 2437 ἀνατελεῖ
3089 2382 3157 2436 τά
3200 2378 3388 2456 ἀγαθὰ,
3422 2376 3454 2433 ἆ
3507 2399 3628 2432 τινα
3654 2376 3753 2433 λα-

2109 2467 2295 2534 ϐόντες
2350 2477 2539 2549 πεῖραν
2598 2476 2706 2526 τῶν
2763 2475 2941 2526 κακῶν
2997 2474 3094 2525 τοῦ
3154 2468 3353 2525 λοιποῦ
3382 2464 3752 2539 καταλείψετε.

2110 2559 2286 2616 Ἀλλά
2329 2565 2409 2633 τῷ
2457 2558 2717 2615 δεδωκότι
2774 2562 2929 2618 210
2975 2558 3421 2634 εὐχαριστήσατε,
3479 2555 3613 2629 μετά
3655 2557 3754 2609 τοῦ

2107 2656 2209 2720 τῆς
2261 2649 2485 2725 εἰρήνης
2546 2648 2815 2724 βασιλέως
2865 2647 3029 2703 εἰσαεὶ
3068 2651 3177 2702 τῶν
3223 2644 3548 2722 ἀπορρήτων
3603 2644 3757 2719 βασι-

2111 2738 2357 2801 λεύοντες
2391 2741 2436 2777 ¹²
2484 2737 2719 2815 ἀγαθῶν.
2779 2743 2847 2793 Εν
2910 2735 2967 2792 δὲ
3016 2740 3095 2808 τῷ
3151 2734 3398 2810 παρόντι,
3460 2732 3662 2806 ἀεννάῳ
3713 2735 3758 2769 ¹³

2109 2832 2344 2900 ποταμῷ
2375 2828 2410 2896 ἢ
2461 2831 2613 2904 πηγῇ
2664 2826 2751 2881 ἐπὶ
2804 2847 2869 2901 γε
2914 2826 3011 2882 κᾶν
3046 2824 3287 2898 θαλάσσῃ
3315 2820 3757 2895 ἀπολουσάμενοι

2111 2916 2200 2973 ἐπὶ
2245 2920 2315 2990 τῇ
2363 2914 2728 2991 τρισμακαρίᾳ
2780 2914 3114 2988 ἐπονομασίᾳ
3171 2912 3233 2968 ού
3288 2911 3451 2985 μόνον
3481 2911 3549 2964 τὰ
3608 2907 3762 2965 ἐνδο-

2117 3009 2397 3082 μυχοῦντα
2439 3004 2565 3077 ὑμῖν
2614 3004 2895 3077 πνεύματα
2917 3022 2927 3032 ·
2945 3002 3207 3059 ἀπελάσαι
3253 2999 3565 3072 δυνήσεσθε,
3631 2996 3762 3055 ἀλλ’

2110 3090 2264 3149 αὖτδὶ
2337 3094 2532 3166 μηκέτι
2599 3092 2994 3168 ἁμαρτάνοντες
3048 3091 3139 3147 καὶ
3191 3095 3306 3162 Θεῷ
3363 3086 3761 3149 ἀνενδοιάστως

2113 3180 2488 3245 ποιστεύοντες
2532 3182 2600 3237 τὰ
2647 3179 2833 3237 ἄλλων
2882 3181 3021 3237 κακᾶ
3063 3179 3342 3253 πνεύματα
3386 3177 3476 3234 καὶ
3509 3175 3768 3250 δαιμόνια

360 3271 730 3344 inspexeritis
760 3287 882 3342 vos,
926 3270 1171 3343 fugient.
1219 3272 1557 3343 Agnoscunt
1585 3271 1740 3326 enim
1774 3288 1871 3327 eos
1905 3272 2004 3344 qui

2120 3269 2336 3348 χαλεπᾶ
2385 3270 2476 3325 σὺν
2529 3275 2645 3331 τοῖς
2700 3268 2897 3332 δεινοῖς
2944 3269 3164 3324 πάθεσιν
3208 3266 3523 3323 ἀπελάσετε.
3556 3265 3767 3322 Ἐνίοτε

367 3377 430 3416 se
459 3360 807 3416 tradiderint
839 3365 969 3415 Deo.
1002 3360 1188 3424 Quare
1219 3359 1573 3417 honorantes
1603 3376 1701 3417 eos
1749 3379 1814 3417 ac
1841 3360 2009 3416 veriti

364 3449 620 3522 fugiunt,
652 3448 804 3505 sicut
828 3448 952 3504 heri
981 3449 1229 3515 vidistis,
1254 3465 1370 3521 quo
1404 3451 1573 3506 modo
1605 3467 1738 3506 cum
1770 3466 1875 3522 ego
1898 3450 2011 3506 dis-

363 3539 631 3595 tulissem
668 3542 799 3610 post
837 3538 1247 3594 allocutionem
1292 3555 1456 3594 orare
1486 3556 1589 3611 pro
1620 3539 1693 3595 iis
1723 3541 1823 3612 qui
1857 3556 2011 3594 mor-

362 3627 454 3683 bis
486 3627 938 3692 afﬂictabantur,
970 3628 1262 3682 damones
1297 3633 1536 3699 propter
1565 3628 1843 3685 honorem
1872 3628 2009 3684 reli-

366 3717 557 3790 gionis
587 3716 987 3772 exclamarunt
1018 3721 1074 3773 et
1128 3734 1202 3773 ne
1246 3733 1422 3790 parvo
1469 3718 1705 3790 quidem
1748 3723 2011 3789 tempore

369 3810 688 3879 potuerunt
713 3806 1023 3862 sustinere.

437 3988 563 4040 XX.
589 3984 777 4039 Nolite
819 4000 955 4056 ergo
994 3983 1283 4056 arbitrari,
1317 4002 1422 4041 nos
1471 3985 1717 4043 alterius
1747 4002 1875 4043 esse
1912 4005 2014 4043 na-

366 4078 532 4137 turae,
566 4075 810 4145 ideoque
854 4074 1149 4129 daemonas
1183 4092 1295 4129 non
1349 4076 1573 4130 timere.
1628 4075 1809 4132 Unius
1858 4077 2015 4132 enim

369 4164 749 4233 ejusdemque
779 4162 1076 4217 vobiscum
1113 4178 1319 4219 sumus
1352 4168 1594 4227 naturae.
1628 4170 1688 4221 at
1738 4183 1852 4222 non
1884 4165 2017 4221 reli-

369 4252 577 4323 gionis.
613 4252 801 4315 Quare
827 4251 990 4306 vobis
1022 4268 1137 4307 non
1181 4251 1458 4323 multum,
1492 4254 1592 4309 sed
1624 4254 1863 4310 omnino
1896 4270 2019 4310 me-

370 4341 545 4397 liores
575 4357 675 4396 vos
700 4356 934 4410 quoque
964 4340 1088 4395 tieri
1121 4339 1345 4396 similes
1377 4358 1490 4396 non
1522 4341 1871 4408 invidemus,
1902 4343 2020 4399 imo

372 4433 576 4486 contra
604 4427 910 4483 consilium
943 4428 1175 4499 damus,
1207 4429 1373 4500 gnari
1403 4431 1557 4499 quod
1598 4429 1657 4484 hi
1689 4447 1892 4487 omnes
1923 4448 2022 4487 eos

375 4518 476 4590 qui
506 4517 619 4574 Deo
650 4517 944 4589 conjuncti
976 4522 1134 4588 sunt,
1153 4517 1421 4589 ignotum
1451 4518 1786 4591 mirumque
1815 4520 1871 4575 in
1896 4536 2022 4577 mo-

380 4608 519 4664 dum
553 4607 845 4662 honorant
873 4623 937 4663 ac
969 4610 1261 4663 metuunt.

450 4696 597 4752 XXI.
624 4696 787 4752 Sicut
820 4695 975 4751 enim
997 4695 1238 4752 Caesaris
1267 4696 1502 4753 tribuno
1533 4696 1785 4769 subjecti
1809 4696 2024 4755 milites

382 4790 621 4860 propter
648 4802 806 4854 eum,
839 4786 939 4859 qui
965 4788 1308 4858 potestatem
1340 4786 1519 4854 dedit,
1552 4786 1604 4842 ei
1637 4787 1739 4859 qui
1770 4790 2023 4859 potesta-

380 4880 497 4931 tem
516 4875 783 4947 accepit,
814 4875 1099 4932 honorem
1129 4876 1419 4944 deferunt,
1451 4874 1510 4931 in
1540 4878 1793 4942 tantum,
1828 4880 1893 4931 ut
1924 4876 2022 4948 qui

377 4965 674 5039 praepositi
708 4969 848 5020 sunt
887 4964 1081 5020 dicant
1125 4963 1283 5031 huic,
1314 4963 1467 5031 veni,
1508 4967 1567 5019 et
1610 4964 1822 5035 veniat,
1854 4969 1909 5020 et
1940 4965 2024 5021 al-

2117 3359 2176 3417 δὲ
2232 3359 2390 3435 μόνον
2428 3356 2712 3415 ένιδόντων
2741 3362 2786 3396 ίδ
2844 3358 2996 3432 ὑμῶν
3070 3356 3371 3436 φεύξονται.
3434 3356 3601 3410 Ἲσασι
3660 3355 3763 3430 γὰρ

2115 3448 2244 3512 τοὺς
2293 3445 2708 3510 ἀποδεδωκότας
2764 3448 2984 3510 ἑαυτοὺς
3033 3450 3113 3520 τῷ
3168 3449 3301 3517 Θεῷ.
3358 3444 3451 3500 Διὸ
3497 3448 3768 3516 τιμῶντες

2118 3538 2314 3601 αὐτοὺς
2364 3533 2738 3616 πεφοϐημένοι
2784 3535 3090 3614 φεύγουσιν,
3150 3534 3331 3610 ὥσπερ
3381 3533 3537 3609 έχθῖες
3570 3535 3613 3569 ³⁵
3660 3532 3769 3586 ἑω-

2124 3631 2337 3704 ράκατε,
2371 3633 2487 3690 πῶς
2521 3626 2656 3701 ἐμοῦ
2689 3626 3021 3699 ἀναθεμένου
3082 3625 3215 3698 μετᾶ
3256 3626 3356 3693 τὴν
3398 3620 3765 3699 προσομιλίαν

2124 3716 2372 3789 εὔξασθαι
2422 3717 2554 3794 ὑπὲρ
2582 3720 2689 3771 τῶν
2722 3715 3043 3790 πασχόντων
3078 3713 3211 3770 αύτᾶ
3236 3713 3305 3768 τὰ
3332 3712 3498 3784 πάθη,
3528 3715 3597 3785 τῇ
3628 3710 3768 3786 πρὸς

2122 3809 2221 3877 τὴν
2255 3805 2538 3883 θρησκείαν
2569 3808 2707 3879 τιμῇ
2741 3803 3052 3879 ἀνέκραγεν,
3090 3804 3351 3880 βραχεῖαν
3402 3798 3543 3877 ὥραν
3594 3797 3771 3870 στέξαι

2129 3898 2206 3972 μή
2239 3894 2551 3965 δυνηθέντα.

2197 3986 2310 4042 XX.
2360 3984 2449 4053 Μὴ
2500 3983 2591 4039 οὗν
2634 3980 2899 4056 νομίσητε
2963 3979 3045 4037 δτι
3094 3983 3259 4054 ἡμεῖς
3318 3976 3498 4049 ἄλλης
3562 3976 3773 4057 φύσεως

2126 4069 2275 4136 ὄντες
2323 4074 2458 4128 κατά
2498 4076 2659 4127 τοῦτο
2710 4068 2970 4145 δαίμονας
3020 4070 3081 4125 οὐ
3128 4065 3465 4149 φοϐούμεθα.
3510 4073 3619 4137 Τῆς
3666 4066 3770 4143 γὰρ

2128 4163 2293 4233 αὐτῆς
2345 4161 2470 4235 ὑμῖν
2522 4161 2679 4235 ἐσμεν
2739 4159 2971 4238 φύσεως,
3022 4158 3148 4216 ἀλλ’
3195 4159 3257 4214 ού
3308 4157 3609 4234 θρησκείας.
3679 4158 3773 4212 Διὸ

2130 4253 2281 4326 ὑμῶν
2328 4250 2389 4306 ού
2437 4248 2602 4319 πολὺ,
2662 4248 2809 4305 ἀλλὰ
2861 4249 2924 4304 τὸ
2979 4255 3081 4303 πᾶν
3144 4248 3443 4324 κρείττονες
3487 4242 3632 4308 ὅντες
3682 4246 3774 4300 καὶ

2130 4343 2269 4415 ὑμᾶς
2304 4343 2347 4379 ³⁸
2386 4340 2669 4401 τοιούτους
2716 4339 2961 4414 γενέσθαι
2992 4334 3079 4392 ὀύ
3129 4338 3448 4415 φθονοῦμεν,
3482 4333 3627 4391 ἀλλά
3652 4331 3776 4389 τού-

2129 4429 2336 4485 ναντίον
2389 4423 2862 4502 συμϐουλεύομεν,
2923 4424 3125 4487 εἰδότες
3169 4426 3252 4481 ’ὁτι
3298 4424 3426 4487 τοὺς
3459 4427 3576 4495 Θεῷ
3603 4443 3773 4498 προσ-

2131 4516 2504 4578 οικειωθέντας
2561 4519 2729 4571 ταῦτα
2782 4512 2955 4569 πάντα
3008 4512 3303 4588 ἀγνώστως
3376 4514 3621 4583 προτιμᾷ
3687 4507 3777 4564 καὶ

2055 4622 2102 4689 Ι)
2133 4601 2399 4687 φοϐεῖται.

2203 4698 2341 4752 XXI.
2391 4697 2587 4769 ’Όνπερ
2644 4692 2745 4770 γὰρ
2799 4690 3000 4770 τρόπον
3053 4690 3327 4766 Καίσαρος
3372 4685 3659 4765 χιλιάρχῳ
3724 4685 3781 4742 οἱ

2135 4785 2486 4859 ὑποκείμενοι
2514 4786 2835 4860 στρατιῶται
2867 4779 2956 4836 διὰ
3003 4781 3103 4850 τὴν
3160 4782 3257 4834 τοῦ
3289 4774 3589 4840 δεδωκότος
3629 4775 3779 4847 ἐξου-

2133 4873 2249 4928 σίαν
2318 4872 2408 4927 τὸν
2469 4867 2736 4949 είληφότα
2792 4865 2966 4923 οἷ’δασι
3040 4871 3227 4941 τιμᾷν,
3304 4869 3563 4922 τοσοῦτον
3623 4867 3771 4922 211

2133 4960 2261 5017 ὥστ’
2309 4960 2368 5015 ἂν
2399 4959 2525 5023 τοὺς
2573 4957 2872 5037 ἐφεστῶτας
2916 4955 3095 5032 λέγειν
3139 4955 3338 5028 τούτῳ,
3392 4953 3536 5026 ἐλθὲ,
3566 4954 3656 5008 καὶ
3688 4952 3778 5029 ἔρ-

373 5055 506 5122 teri,
537 5055 700 5120 vade,
733 5058 791 5108 et
818 5053 990 5109 vadat
1018 5054 1123 5125 (a):
1150 5052 1235 5108 sic
1266 5056 1322 5109 et
1350 5052 1452 5124 qui
1483 5069 1545 5109 se
1573 5052 1690 5110 Deo
1721 5053 2006 5110 tradideri‘

2132 5069 2290 5125 χεται
2323 5052 2386 5122 ‘7,
2416 5048 2507 5104 καὶ
2538 5045 2717 5121 ἄλλῳ,
2749 5044 3004 5122 πορεύου,
3036 5045 3126 5101 καὶ
3153 5042 3437 5121 πορεύεται
3489 5046 3553 5101 1⁸.
3607 5041 3781 5106 οὕτως

447 5170 532 5243 (a)
564 5168 770 5225 Matth.
801 5184 924 5238 vm,
954 5169 1009 5223 9.

1728 5267 1974 5324 VARIIE
2014 5266 2420 5327 LECTIONES.

448 5366 470 5438 Ρ
499 5366 584 5422 Ita
612 5366 655 5422 0
684 5382 734 5420 c.
767 5368 824 5420 S.
857 5362 1325 5438 κεχρηματείσθαι
1352 5363 1412 5420 C.
1489 5365 1511 5400 °
1539 5367 1630 5418 νῦν
1676 5366 2025 5438 transcripsi
2075 5384 2144 5422 ex
2196 5366 2261 5421 0.
2336 5365 2357 5400 ⁷
2388 5361 2488 5438 οὐκ
2518 5357 2580 5438 οἷ’
2615 5381 2667 5415 τι
2699 5362 2825 5438 O_c.
2867 5364 2932 5438 ι),
2965 5354 3094 5438 ούχί
3120 5377 3175 5438 τι
3203 5358 3265 5414 C.
3341 5353 3594 5438 ἦκαλῶς,
3628 5358 3786 5429 quod

375 5437 483 5494 exh
544 5438 670 5494 cod.
732 5439 870 5508 Reg.

375 5510 551 5582 habet
579 5512 722 5582 Epit.
757 5499 925 5582 0:66.
1005 5511 1026 5544 ⁹
1049 5511 1156 5561 τῶν
1186 5499 1672 5582 adjungunt_cbd.
1709 5510 1847 5582 Reg.
1878 5512 1976 5565 80':
2018 5514 2071 5560 r~t
2095 5512 2248 5582 Epit.
2283 5499 2340 5564 οξ
2508 5509 2553 5543 ¹⁰
2579 5500 2997 5582 Απαραδοθεῐσαν
3020 5499 3264 5582 ,ἐντολήν
3310 5502 3441 5582 cod:

966 5427 1054 5492 '04:
1106 5438 1269 5509 deest
1316 5436 1374 5491 in
1423 5439 1671 5509 utroque
1720 5438 1886 5494 Hom.
1930 5427 2125 5494 «indice
2174 5433 2654 5508 Μεταμεληθὲντες
2681 5432 2781 5509 καὶ
2801 5433 2936 5509 νισιῖά
2967 5427 3279 5509 τὸξᾶρὲςκρν
3313 5427 3458 5509 αὖῗῷ
3492 5427 3787 5509 βιώσάνξξς

3542 5516 3630 5573 eg.
3679 5502 3789 5557 804

374 5581 418 5656 ίέ
451 5579 504 5650 ἐξ
534 5568 700 5656 αὐτῆς
730 5582 797 5656 Οἒ
828 5580 971 5656 Dein
1002 5568 1286 5656 navigavi):
1320 5568 1480 5651 πᾶρᾳ
1508 5580 1571 5656 C_,
1606 5580 1671 5636 D.
1692 5649 1705 5656 Δ
1752 5568 1913 5656 'f‘vlta
1941 5582 1984 5637 0
2016 5593 2072 5656 ut
2100 5568 2241 5637 G'ex
2269 5581 2539 5656 conject.,
2575 5568 2983 5656 BorchsuoBv'tt-z;
3016 5574 3095 5656 id_.
3127 5573 3189 5656 in
3208 5568 3392 5656 textu,
3415 5568 3788 5656 ἀπολαῖύκοντξς

374 5644 592 5735 ξρίἱμ.
611 5644 677 5735 ρ’.
706 5653 801 5735 ﬁ“
830 5648 1006 5735 ἀενάῳ
1035 5644 1105 5708 ΟΣ
1158 5652 1216 5735 ὐ
1245 5644 1516 5735 Fortasse
1544 5644 1655 5723 leg.
1675 5649 1945 5735 ἐπόντων·
1965 5655 2095 5735 ἔοις
2121 5644 2839 5735 ρξεειξεηιέὶιρνόρξιιρηως
2854 5646 3411 5735 νθςιυηξβθοορηὶιλ
3438 5660 3543 5735 ivA
3576 5645 3666 5699 32.
3722 5644 3783 5700 S.

373 5715 431 5758 η’
448 5720 577 5797 χθές
608 5724 672 5781 Ο.
706 5725 851 5780 Tum
884 5715 1128 5781 fortasse
1156 5722 1267 5796 leg.
1302 5715 1640 5794 ἐπισεμένοιῖ,
1674 5724 1732 5780 S.
1814 5724 1857 5760 ιο
1887 5723 2025 5797 ὑμᾶς
2055 5715 2212 5794 8,Ὀ,
2246 5721 2400 5796 ὑμεῖς
2433 5715 2494 5779 C.
2538 5715 2553 5721 ’
2574 5721 2615 5756 ⁸⁷
2646 5715 2895 5795 ἔρχεσθαι
2929 5718 2993 5775 Ο.
3073 5715 3119 5753 ¹⁸
3146 5715 3465 5790 πορεύεσθαι
3499 5716 3564 5771 0.
