4086 6216
276 386 369 445 357
1351 369 1882 435 CLEMENTINA.
1917 404 1993 415 -—
2025 367 2355 433 HOMILIA
2398 369 2497 433 IX.

3511 382 3633 450 258

276 514 344 569 aui
390 512 414 564 6
457 513 567 580 Θεῷ
614 504 794 563 ἑαυτὸν
846 499 1107 573 ἀποδοὺς,
1155 504 1344 565 πιστὸς
1396 498 1491 574 ὢν,
1542 500 1761 575 δαίμοσί
1819 523 1877 556 τε

2013 505 2190 572 :stque
2216 503 2425 571 ﬁdelis,
2465 506 2823 565 daemonibus
2855 527 2919 565 ac
2950 511 3171 568 morbis
3213 516 3500 574 duntaxat
3545 519 3632 576 lo-

273 601 343 657 καὶ
384 601 559 653 πάθεσι
618 597 776 671 μόνον
830 594 1013 671 λὲγων
1059 593 1332 665 ἀκούεται,
1382 593 1471 647 καὶ
1522 594 1875 667 ὑποχωροῦσι

273 689 505 761 δαίμονες,
556 685 697 741 πολὺ
743 684 1093 760 ἴσχυρότεροι
1149 682 1298 745 ὅντες
1354 686 1461 737 τῶν
1522 681 1875 739 κελευόντων.

270 776 512 856 Ἀξράπῳ
566 776 664 851 γὰρ
724 770 949 846 δυνάμει
1001 773 1092 826 τὸν
1164 770 1391 827 ἑκάστου
1452 775 1577 825 νοῦν
1636 772 1665 825 6
1747 768 1879 832 Θεὸς

274 868 520 923 ὑποτάσσει
574 864 620 935 ᾧ
672 860 949 939 βούλεται.
1008 865 1095 922 Ὠς
1148 862 1251 937 γὰρ
1282 860 1373 916 τὸν
1432 858 1670 936 Καίσαρα
1716 858 1880 937 πεφό-

272 951 432 1027 ϐηνται
464 952 586 1008 ὄντα
617 950 899 1028 ἄνθρωπον
946 947 1151 1005 πολλοὶ
1199 944 1462 1025 ἡγεμόνες
1518 950 1652 1023 μετᾶ
1698 952 1881 1003 πασῶν

1988 608 2175 662 quens
2204 592 2464 658 auditur,
2507 601 2565 651 et
2614 600 2894 654 recedunt
2940 601 3251 675 daemones,
3296 607 3397 678 qui
3449 608 3635 665 multo

1993 680 2262 736 fortiores
2293 687 2431 737 sunt
2452 684 2817 754 jubentibus.
2846 688 3130 745 Ineffabili
3162 694 3375 766 quippe
3404 696 3455 751 vi
3482 697 3637 754 Deus

1989 774 2245 825 mentem
2279 770 2648 843 singulorum
2680 776 2883 831 subdit
2910 778 3002 833 cui
3031 779 3171 835 vult.
3194 782 3339 837 Nam
3359 786 3638 855 quemad-

1989 859 2229 914 modum
2261 862 2566 927 Caasarem,
2609 863 2709 935 qui
2769 864 2941 921 homo
2981 872 3089 934 est,
3139 875 3409 926 metuunt
3456 874 3636 930 duces

1990 947 2226 1020 plurimi
2263 966 2394 1004 cum
2430 950 2707 1008 omnibus
2738 954 2944 1010 castris
2974 959 3031 1010 et
3063 958 3329 1027 urbibus,
3377 961 3639 1034 singulo-

273 1050 356 1100 τῶν
384 1036 735 1117 παρεμϐολῶν
784 1038 875 1095 καὶ
926 1038 1168 1107 πόλεων,
1204 1046 1303 1107 τῆς
1336 1037 1559 1092 ἑκάστου
1588 1035 1811 1112 καρδίας
1836 1039 1882 1075 ¹⁹

272 1139 355 1189 τῶν
405 1132 539 1186 ὅλων
601 1129 779 1184 εἰκόνα
839 1149 1110 1203 προτιμᾳν
1171 1124 1532 1197 σπευδούσης.
1590 1131 1721 1181 Θεοῦ
1777 1128 1879 1204 γὰρ

278 1222 417 1297 βουλῇ
469 1221 531 1275 τά
574 1221 748 1274 πάντα
797 1215 1183 1290 δεδουλωμένα
1228 1211 1384 1294 φόϐῳ
1429 1217 1530 1286 τὴν
1579 1216 1750 1270 αἰτίαν
1784 1214 1884 1269 οὐκ

274 1309 413 1366 οἶδεν·
455 1309 594 1363 οὕτω
646 1309 735 1363 καὶ
786 1308 878 1361 τὸν
936 1311 1053 1378 Θεῷ
1100 1306 1509 1384 προσφεύγοντα
1554 1304 1642 1359 καὶ
1672 1305 1771 1373 τήν
1807 1302 1884 1359 δι-

274 1399 396 1455 καίαν
451 1398 621 1452 πίστιν
681 1396 860 1470 ὥσπερ
906 1395 1086 1451 εἰκόνα
1132 1394 1297 1449 αὐτοῦ
1347 1395 1398 1448 ἐν
1450 1398 1520 1467 τῇ
1571 1392 1734 1449 αὐτοῦ
1786 1394 1882 1469 βα-

281 1492 496 1557 στάζοντα
522 1484 723 1560 καρδίᾳ
750 1486 920 1540 πάντα
974 1484 1042 1539 τά
1095 1484 1373 1538 παθοποιά
1418 1483 1697 1557 πνεύματα
1752 1486 1886 1555 τιμᾷ

281 1576 346 1632 καὶ
370 1578 556 1654 φεύγει,
589 1578 794 1651 φύσικῇ
826 1574 931 1628 τινὶ
963 1570 1076 1645 ὁδῷ
1106 1567 1482 1650 πεφοϐημὲνα.

334 1672 470 1721 XXII.
516 1664 677 1721 Ἀλλ’
729 1663 882 1737 ὅμως
930 1661 1027 1717 κᾶν
1082 1664 1128 1698 ²⁰
1191 1661 1383 1723 πάντες
1444 1658 1695 1735 δαίμονες
1756 1658 1890 1735 μετά

283 1755 455 1809 πάντων
524 1757 633 1807 τῶν
696 1756 880 1816 παθῶν
942 1752 1082 1825 ὑμὰς
1140 1750 1431 1829 φεύγωσιν,
1492 1750 1590 1806 οὐκ
1638 1746 1778 1806 ἔστιν
1834 1748 1886 1805 ἐν

276 1843 425 1916 τούτῳ
447 1843 595 1915 μόνῳ
625 1844 673 1879 ²¹
708 1841 942 1916 χαίρειν,
976 1837 1104 1896 ἀλλ’
1133 1840 1184 1896 ἐν
1235 1844 1314 1912 τῷ
1371 1837 1440 1894 δι’
1481 1837 1786 1916 εύαρεστίαν
1822 1838 1891 1893 τὰ

277 1933 479 2005 ὀνόματα
535 1932 693 2005 ὑμῶν
748 1929 799 1984 ἐν
859 1928 1072 2005 ούρανῷ
1130 1929 1208 1991 ὡς
1273 1928 1354 1983 ἀεὶ
1408 1929 1623 1997 ζώντων
1657 1929 1892 2004 ἀναγρα-

277 2028 428 2090 sint.
459 2019 609 2073 Οὕτω
641 2019 734 2073 καὶ
793 2019 856 2072 τὸ
886 2020 1030 2072 θεῖον
1062 2017 1212 2093 ἅγιον
1275 2022 1493 2090 Πνεῦμα
1546 2016 1749 2093 χαίρει,
1809 2015 1892 2071 ὅτι

285 2111 356 2163 τὸν
400 2110 612 2172 θάνατον
657 2106 934 2177 νενίκηκεν
983 2107 1303 2181 ἄνθρωπος·
1364 2106 1467 2181 γάρ
1516 2108 1564 2142 ²²
1632 2102 1893 2177 δαίμονας

292 2195 574 2274 φυγαδεύειν
659 2196 733 2257 εἰς
781 2196 877 2263 τήν
936 2192 1112 2249 ὰλλου
1142 2191 1280 2248 ἷάσιν
1332 2192 1556 2269 γίνεται.
1606 2198 1782 2248 Ταῦτα
1838 2191 1897 2248 δὲ

284 2286 503 2361 λεγομεν,
552 2285 666 2361 οὐχ
710 2284 783 2346 ὡς
830 2282 1152 2359 ἀρνούμενοι
1182 2284 1244 2337 τὸ
1280 2284 1356 2356 μὴ
1392 2280 1497 2337 δεῖν
1529 2281 1721 2344 ἄλλοις
1758 2284 1895 2358 βοη-

282 2376 387 2446 θεῖν,
434 2372 552 2429 ἀλλ’
606 2376 697 2427 δτι
742 2373 817 2445 μὴ
852 2373 963 2447 χρή
997 2370 1083 2426 ἐπὶ
1114 2370 1292 2443 τούτῳ
1320 2372 1662 2449 τυφωθὲντας
1692 2371 1895 2426 ἑαυτῶν

282 2462 486 2535 ἀμελεῖν·
535 2464 692 2517 Ἕσθ⁹
741 2461 832 2517 ὅτε
888 2458 945 2515 δὲ
975 2463 1021 2497 ³³
1065 2482 1214 2523 τινας
1247 2459 1483 2534 ἀνόμους
1519 2457 1709 2534 ἄνδρας
1744 2462 1897 2518 212

283 2549 497 2625 δαίμονες
530 2552 795 2630 φεύγουσι
821 2548 887 2605 δι’
916 2549 1091 2623 ὄνομα
1117 2550 1300 2617 τίμιον
1328 2570 1340 2582 ·
1402 2549 1491 2604 καὶ
1536 2547 1900 2625 ἐνεδρεύονται

284 2640 375 2694 ὅτε
417 2639 691 2702 ἀπελάσας
748 2639 837 2694 καὶ
870 2640 898 2693 6
928 2639 1240 2714 ἱστορήσας.
1272 2639 1329 2691 Ὁ
1366 2638 1460 2711 μὲν
1492 2636 1789 2707 ἀπελάσας,
1823 2638 1897 2699 ὡς

288 2725 354 2781 διὰ
379 2726 722 2797 δικαιοσύνην
754 2727 1139 2803 προτιμηθεῖς,
1177 2726 1277 2781 οὐκ
1306 2724 1464 2789 εἰδὼς
1494 2731 1592 2782 τοῦ
1640 2724 1901 2800 δαίμονος

284 2818 329 2871 τὸ
354 2822 650 2893 κακοῦργον
684 2837 697 2850 ·
732 2818 846 2890 ἅμα
872 2838 931 2871 τε
982 2816 1085 2892 γάρ
1141 2817 1203 2871 τὸ
1235 2811 1407 2889 ὄνομα
1452 2815 1766 2891 τετίμηκεν,
1812 2815 1902 2871 καὶ

283 2910 336 2979 τῇ
362 2912 488 2983 ’ξυγᾷ
514 2908 607 2961 τὸν
641 2901 809 2975 ἀσεϐῆ
843 2905 919 2967 εἷς
953 2905 1129 2976 οἴησιν
1164 2902 1546 2975 διακαιοσύνης
1588 2900 1900 2979 περιϐαλὼν

282 2999 361 3048 τοῦ
408 2996 476 3065 μή
531 3000 815 3068 μετανοῖεν
859 2993 1157 3065 ἠπάτησεν.
1207 2999 1262 3048 Ὁ
1338 2992 1395 3049 δὲ
1456 2994 1772 3071 ἱστορήσας,
1832 2994 1905 3056 ὡς

1990 1052 2121 1091 rum
2155 1038 2325 1093 corde
2356 1038 2672 1111 imaginem
2718 1042 2943 1097 Domini
2992 1051 3336 1103 cunctorum
3378 1052 3642 1107 venerari

1991 1130 2339 1196 properante
2366 1145 2378 1182 :
2416 1127 2510 1183 Dei
2542 1129 2834 1200 siquidem
2866 1131 3169 1189 voluntate
3206 1137 3404 1192 omnia
3434 1139 3643 1195 timore

1992 1212 2051 1267 in
2085 1213 2419 1270 servitutem
2451 1217 2684 1273 redacta
2714 1235 2949 1274 causam
2983 1222 3289 1278 nesciunt:
3326 1225 3407 1280 ita
3427 1231 3484 1281 et
3505 1242 3639 1283 eum

1993 1302 2095 1373 qui
2128 1303 2197 1356 ad
2236 1304 2414 1358 Deum
2446 1305 2728 1377 confugit,
2762 1313 2817 1362 et
2848 1308 3284 1379 ﬁdemjustam,
3309 1313 3465 1369 velut
3487 1315 3646 1372 illius

1993 1390 2338 1462 imaginem,
2373 1392 2431 1447 in
2466 1394 2639 1449 corde
2668 1400 2882 1466 portat,
2922 1399 3117 1453 cuncti
3157 1402 3500 1458 morborum
3546 1422 3649 1460 au-

1996 1484 2183 1536 ctores
2206 1481 2449 1553 spiritus
2472 1482 2759 1539 honorant
2780 1490 2838 1541 et
2857 1486 3109 1560 fugiunt,
3127 1491 3374 1546 naturali
3394 1493 3651 1563 quadam

1997 1569 2220 1625 ratione
2251 1570 2558 1642 perterriti.

2070 1658 2239 1714 XXII.
2271 1661 2541 1716 Attamen
2573 1660 2709 1717 licet
2734 1664 2927 1720 cuncti
2958 1666 3253 1723 damones
3282 1684 3418 1723 cum
3459 1669 3650 1724 omni-

1998 1748 2110 1804 bus
2143 1749 2361 1804 morbis
2392 1767 2493 1806 vos
2527 1751 2771 1824 fugiant,
2805 1753 2860 1807 in
2891 1769 2956 1810 eo
2987 1755 3108 1811 solo
3134 1773 3246 1811 non
3278 1762 3367 1812 est
3386 1758 3652 1829 gauden-

2000 1838 2164 1905 dum,
2200 1839 2301 1893 sed
2334 1838 2392 1893 in
2423 1855 2488 1894 eo
2521 1840 2673 1911 quod
2701 1846 2936 1913 prepter
2955 1843 3384 1915 beneplacitum
3409 1847 3654 1903 nomina

1999 1933 2193 1983 vestra
2223 1927 2281 1981 in
2305 1928 2448 1983 caelo
2479 1933 2760 2001 tanquam
2795 1948 3026 2004 semper
3054 1934 3397 2002 viventium,
3432 1936 3653 1991 descri-

2002 2021 2102 2088 pta
2133 2020 2289 2071 sunt.
2323 2016 2416 2071 Sic
2446 2017 2623 2072 etiam
2674 2025 2915 2074 sanctus
2964 2020 3063 2076 Dei
3106 2022 3357 2092 Spiritus
3413 2024 3651 2096 gaudet,

2004 2105 2158 2175 quod
2194 2104 2367 2159 homo
2399 2112 2648 2161 mortem
2680 2107 2918 2177 vicerit;
2962 2126 3099 2165 nam
3156 2112 3312 2181 quod
3362 2112 3655 2169 daemones

2006 2192 2307 2264 fugantur,
2349 2192 2406 2247 in
2439 2194 2680 2250 alterius
2706 2195 3018 2253 sanitatem
3052 2198 3135 2253 fit.
3167 2198 3296 2254 Haec
3329 2217 3457 2256 vero
3516 2202 3656 2256 dici-

2008 2298 2161 2346 mus,
2196 2299 2311 2336 non
2344 2284 2509 2351 quasi
2542 2300 2823 2357 negemus
2855 2286 2986 2342 aliis
3009 2302 3137 2343 esse
3165 2291 3648 2358 succurrendum,

2008 2371 2109 2425 sed
2140 2371 2275 2442 quia
2308 2388 2418 2426 non
2452 2378 2696 2443 oportet,
2724 2378 2787 2428 ut
2816 2391 2943 2429 eam
2974 2376 3047 2431 ob
3080 2393 3200 2432 rem
3232 2376 3367 2433 elati
3400 2378 3655 2451 negliga-

2011 2476 2143 2515 mus
2175 2476 2301 2515 nos.
2335 2460 2631 2534 Contingit
2660 2467 2855 2518 autem
2888 2462 3223 2535 aliquando,
3258 2470 3324 2521 ut
3361 2467 3653 2523 daemones

2008 2547 2165 2603 viros
2196 2550 2485 2619 quosdam
2520 2550 2732 2622 impios
2767 2551 2993 2623 fugiant
3014 2557 3654 2625 preptervenerandum

2012 2653 2247 2703 nomen,
2288 2641 2545 2710 tuncque
2574 2638 2805 2694 insidiis
2836 2647 3193 2713 appetuntur
3221 2647 3277 2697 et
3307 2643 3660 2716 quiexpellit

2011 2729 2067 2781 et
2098 2727 2197 2797 qui
2230 2727 2446 2781 cernit:
2481 2728 2580 2799 qui
2611 2729 2866 2800 expellit,
2904 2730 3071 2801 quasi
3106 2738 3339 2803 propter
3362 2733 3659 2803 justitiam

2012 2814 2187 2870 fuerit
2216 2814 2554 2880 honoratus,
2587 2819 2853 2873 nesciens
2885 2820 3167 2877 daemonis
3199 2820 3482 2876 malitiam
3509 2841 3522 2891 ;
3577 2823 3661 2877 si-

2015 2903 2136 2958 mul
2169 2904 2326 2958 enim
2358 2921 2424 2960 ac
2456 2922 2664 2961 nomen
2697 2906 2915 2962 honore
2947 2915 3289 2980 persecutus
3310 2914 3415 2975 est,
3442 2915 3497 2966 et
3524 2912 3663 2983 fuga

2014 3008 2123 3047 sua
2154 2991 2400 3064 impium
2455 2994 2511 3048 in
2558 2993 2891 3065 opinionem
2928 2996 3173 3067 justitiae
3218 2998 3437 3069 injecit,
3487 3006 3662 3072 atque

286 3078 452 3138 εἰσεῦεῖ
514 3084 975 3159 συγχρησάμενος
1032 3088 1113 3155 τῷ
1171 3080 1520 3154 ἀπελάσαντι,
1582 3080 1719 3160 πρὸς
1804 3083 1899 3152 τὴν

2016 3080 2098 3135 ita
2127 3080 2197 3135 ad
2231 3083 2631 3153 pmnitentiam
2665 3101 2777 3139 non
2812 3086 3099 3156 agendam
3152 3086 3352 3143 fraude
3409 3088 3661 3146 induxit.

287 3170 450 3243 ὁμοίαν
477 3172 761 3228 πολιτείαν
792 3170 1024 3233 σπεύσας
1070 3170 1399 3229 ἀπόλλυται.
1451 3171 1654 3227 Ἐνίοτε
1711 3169 1768 3226 δὲ
1816 3172 1899 3226 καὶ

2017 3172 2122 3236 Qui
2149 3187 2282 3225 vero
2315 3172 2518 3239 cernit,
2554 3172 2694 3227 dum
2728 3175 3144 3229 commercium
3178 3176 3350 3231 habet
3380 3194 3513 3233 cum
3562 3196 3666 3234 ex-

283 3259 387 3321 τοῦς
436 3263 509 3334 μή
558 3266 682 3332 Θεῷ
729 3260 1155 3337 προσκειμένους
1208 3262 1404 3335 ’ὅρκους
1437 3260 1648 3340 φεύγειν
1679 3260 1899 3337 ὑποκρί-

2022 3258 2268 3330 pellente
2298 3263 2581 3332 tanquam
2615 3277 2748 3317 cum
2782 3262 3019 3319 homine
3044 3265 3159 3336 pio,
3193 3266 3263 3320 ad
3306 3265 3556 3322 similem
3586 3268 3667 3321 vi-

284 3370 454 3417 νονται,
495 3349 588 3405 ’ἕνα
652 3351 1014 3421 ἀπατήσαντες
1064 3349 1277 3425 αὐτοὺς,
1328 3349 1416 3406 ὅτε
1464 3350 1733 3422 θέλουσιν,
1790 3350 1909 3405 ἀνέ-

289 3434 431 3492 λωσιν
464 3441 529 3512 ²⁴,

351 3709 527 3763 XXIII.
560 3706 667 3760 Καὶ
694 3709 890 3762 τοῦτου
922 3705 1013 3762 οὖν
1049 3706 1187 3781 ὑμᾶς
1217 3705 1412 3763 εἰδέναι
1449 3706 1782 3781 βουλόμεθα,
1832 3706 1913 3763 ὅτι

293 3790 362 3845 ἐὰν
410 3797 479 3865 μή
512 3816 596 3857 τις
631 3795 814 3850 ἑαυτὸν
849 3797 983 3852 ἑκὼν
1020 3799 1063 3833 ³⁸
1102 3794 1321 3870 δαίμοσι
1371 3794 1566 3853 δοῦλον
1626 3795 1785 3869 ἐκδῷ,
1844 3797 1917 3859 ὡς

288 3879 457 3958 τέίιον
514 3884 693 3954 εἶπον,
744 3886 772 3939 6
828 3882 1039 3958 δαίμων
1074 3886 1174 3955 τὴν
1208 3888 1322 3941 κατ’
1353 3885 1517 3941 αὐτοῦ
1549 3886 1786 3960 ἐξουσίαν
1821 3886 1920 3942 οὐκ

294 3964 409 4043 ἔχει.
459 3975 593 4027 Ἕνα
648 3970 741 4027 οὖν
791 3975 916 4031 Θεὸν
972 3969 1142 4030 σέϐειν
1196 3973 1449 4049 ἑλόμενοι
1497 3976 1586 4030 καὶ
1644 3976 1918 4052 τραπέζης

294 4053 539 4130 δαιμόνων
587 4062 966 4137 ἀποσχόμενοι
1022 4063 1111 4117 καὶ
1162 4063 1509 4142 σωφροσύνην
1561 4065 1691 4138 μετά
1724 4064 1915 4142 φιλαν-

293 4146 508 4219 θρωπίας
564 4150 657 4204 καὶ
707 4148 1049 4218 δικαιοσύνης
1095 4150 1477 4226 ἀναδεξάμενοι
1533 4153 1623 4206 καὶ
1686 4173 1917 4228 τρισμα-

293 4236 433 4310 κιρέᾳ
479 4236 817 4312 ἐπονομασίᾳ
867 4240 945 4301 εἷς
994 4242 1179 4319 ἄςρεσιν
1224 4241 1505 4315 ἁμαρτιῶν
1576 4242 1915 4317 βαπσισάμε-

294 4344 381 4395 νοι,
408 4331 482 4398 τῷ
522 4330 567 4364 2⁸
616 4327 741 4383 ὅσον
791 4326 1011 4384 δύνασθε
1060 4330 1146 4385 ἐπὶ
1192 4330 1255 4385 τὸ
1301 4330 1509 4386 τέλειον
1556 4337 1659 4399 τῆς
1709 4329 1919 4407 ἁγνείας

295 4412 491 4478 ἑαυτοὺς
522 4414 826 4472 ἐπιδιδόναι
860 4421 926 4490 ²⁷,
958 4416 1182 4474 δύνασθε
1233 4418 1510 4481 κολάσεως
1576 4416 1755 4474 ἀϊδίου
1832 4418 1920 4496 ῥυ-

296 4500 479 4566 σθέντες
563 4505 801 4560 αἰωνίων
877 4506 1094 4582 ἀγαθῶν
1165 4505 1507 4583 κληρονόμοι
1570 4514 1916 4577 καταστῆναι.

2021 3348 2190 3402 vendi
2225 3349 2507 3405 rationem
2543 3350 2826 3407 festinans
2864 3353 3033 3423 perit.
3090 3355 3385 3409 Interdum
3430 3372 3563 3411 vero
3609 3360 3669 3412 et

2023 3452 2143 3507 eos,
2177 3437 2276 3509 qui
2310 3439 2378 3493 ad
2414 3438 2596 3495 Deum
2647 3457 2763 3495 non
2814 3442 3073 3498 referunt
3102 3444 3522 3513 adjurationes,
3571 3444 3664 3499 fu-

2022 3541 2157 3597 gere
2203 3526 2505 3596 simulant,
2556 3534 2620 3583 ut
2662 3530 2953 3603 deceptos,
3004 3547 3139 3586 eum
3204 3532 3405 3601 velint,
3472 3531 3669 3589 interi-

2025 3616 2206 3667 mant.

2096 3700 2287 3757 XXIII.
2322 3702 2391 3758 Et
2430 3703 2538 3760 hoc
2587 3704 2767 3777 igitur
2813 3723 2913 3761 vos
2963 3708 3110 3763 scire
3164 3706 3457 3780 volumus,
3509 3710 3665 3781 quod

2028 3790 2139 3846 nisi
2170 3792 2303 3862 quis
2335 3798 2541 3863 sponte
2571 3811 2632 3849 se
2664 3794 2857 3866 ipsum
2891 3795 3253 3854 daemonibus
3286 3814 3517 3854 servum
3548 3803 3668 3853 tra-

2027 3881 2147 3947 dat,
2181 3882 2673 3952 quemadmodum
2705 3883 2823 3938 dixi
2856 3885 3047 3953 modo,
3083 3886 3307 3941 daemon
3340 3903 3454 3941 non
3496 3887 3673 3943 habet

2028 3975 2374 4042 potestatem
2408 3972 2463 4026 in
2497 3989 2653 4027 eum.
2686 3977 2887 4045 Itaque
2920 3975 3097 4029 unius
3130 3976 3226 4030 Dei
3273 3976 3497 4030 cultum
3549 3993 3674 4031 am-

2028 4058 2199 4129 plexi,
2233 4060 2563 4116 daemonum
2589 4078 2792 4117 mensa
2822 4064 3205 4131 abstinentes,
3228 4065 3675 4137 temperantiam

2027 4165 2159 4202 cum
2196 4149 2559 4205 humanitate
2590 4168 2655 4205 ac
2675 4152 2911 4222 justitia
2940 4154 3254 4209 consectati
3287 4158 3344 4209 et
3375 4160 3462 4209 ter
3511 4156 3679 4209 beata

2028 4236 2390 4293 invocatione
2415 4238 2473 4293 in
2508 4240 2915 4297 remissionem
2948 4247 3319 4313 peccatorum
3373 4242 3672 4315 baptizati,

2028 4343 2132 4399 pro
2161 4326 2383 4383 viribus
2414 4329 2484 4383 ad
2511 4330 2778 4400 puritatis
2812 4331 3223 4402 perfectionem
3254 4331 3671 4397 vostradendo,

2028 4415 2274 4487 potestis
2300 4417 2371 4472 ab
2402 4422 2616 4473 aeterna
2644 4418 2787 4491 eripi
2839 4420 3233 4486 damnatione,
3282 4426 3339 4476 et
3384 4420 3675 4475 bonorum

2030 4508 2378 4561 aeternorum
2408 4506 2684 4562 constitui
2718 4507 2998 4564 haeredes.
3051 4512 3185 4573 Quae
3236 4513 3548 4580 postquam
3592 4508 3680 4564 di-

294 4591 444 4646 Ταῦτα
496 4594 663 4649 εἰπὼν
719 4600 835 4657 τοῖς
888 4596 990 4651 ὑπὸ
1020 4597 1205 4651 παθῶν
1236 4594 1611 4672 ὀχλουμένοις
1641 4596 1897 4673 προσιένα

2028 4592 2228 4661 xisset,
2261 4609 2360 4649 eos
2391 4594 2491 4665 qui
2524 4596 2967 4667 egritudinibus
2999 4598 3357 4653 vexabantur
3373 4597 3555 4668 jussit
3587 4614 3682 4651 ac-

295 4674 564 4753 ἒιέλευσεν,
608 4682 696 4737 καὶ
745 4683 917 4747 οὕτως
971 4683 1175 4741 πολλοὶ
1223 4686 1385 4761 πείρᾳ
1437 4690 1545 4741 τῶν
1578 4685 1731 4762 ἐχθὲς
1760 4689 1806 4723 ²⁸
1838 4698 1915 4751 θε-

299 4770 638 4840 ραπευθέντων
686 4771 1113 4843 συνεληλυθότες
1168 4773 1472 4847 προσῄεσαν
1499 4776 1565 4831 ³ο,
1610 4765 1669 4828 Ὃ
1713 4772 1769 4830 δὲ
1818 4774 1916 4837 τὰς

294 4860 460 4930 χεῖρας
516 4859 697 4923 αὐτοῖς
741 4860 942 4924 ἐπιθεὶς
990 4863 1078 4916 καὶ
1124 4861 1414 4935 εὐξάμενος
1479 4861 1701 4933 ἐξαυτῆς
1769 4862 1917 4918 ἰασά-

302 4963 461 5015 μενος,
513 4948 888 5023 ἐντειλάμενος
946 4953 1101 5009 218
1156 4950 1341 5013 αὐτοῖς
1400 4952 1491 5005 καὶ
1547 4958 1665 5014 τοῖς
1717 4951 1914 5016 ἄλλοις

300 5029 579 5121 ὀρθρίτερον
597 5041 643 5076 ³ο
673 5036 1023 5115 συνεδρεύειν,
1045 5038 1205 5103 αὐτὸς
1226 5038 1562 5114 λουσάμενος
1583 5040 1673 5095 καὶ
1701 5047 1911 5121 τροφῆς

302 5120 613 5200 μεταλαϐὼν,
645 5127 908 5187 ὕπνωσεν.

2028 4682 2248 4749 cedere,
2286 4686 2342 4737 et
2372 4683 2455 4738 ita
2485 4683 2653 4738 multi
2686 4689 2925 4756 propter
2953 4702 3074 4749 eos,
3107 4702 3255 4757 quos
3288 4685 3557 4741 hesterno
3589 4684 3682 4740 die

2025 4776 2257 4827 curatos
2285 4771 2570 4839 viderant,
2603 4774 2936 4845 congregati
2970 4778 3361 4829 accesserunt.
3402 4773 3499 4828 Ille
3541 4789 3676 4827 vero

2023 4859 2318 4933 impositis
2348 4877 2524 4932 super
2554 4877 2653 4917 eos
2685 4863 2959 4917 manibus
2990 4867 3046 4917 et
3078 4868 3343 4934 precatus
3366 4861 3673 4917 confestim

2024 4950 2267 5018 sanavit,
2301 4949 2675 5021 precepitque
2733 4967 2866 5005 cum
2898 4950 2994 5021 iis,
3022 4956 3149 5006 tum
3186 4951 3338 5017 aliis,
3372 4956 3436 5005 ut
3467 4948 3677 5021 majori

2023 5054 2194 5094 mane
2224 5038 2631 5094 convenirent:
2665 5044 2843 5111 atque
2870 5039 3049 5109 lotus,
3105 5040 3353 5111 ciboque
3411 5044 3671 5111 sumpto,

2020 5144 2228 5185 somno
2258 5144 2320 5183 se
2349 5127 2612 5183 tradidit.

1626 5246 1867 5302 VARIIE
1913 5242 2323 5302 LECTIONES.

363 5337 553 5415 "_Post
574 5338 794 5415 καρδία)
828 5344 867 5399 C
898 5342 1276 5400 inserendum
1308 5347 1475 5415 putat
1502 5345 1599 5396 τοῦ
1628 5344 1715 5399 vel
1748 5346 1902 5397 Θεοῦ.
1934 5343 2047 5415 Cfr.
2085 5357 2219 5415 e._g.
2254 5339 2411 5415 hom.
2441 5342 2617 5415 111,424
2652 5344 2919 5415 Fortasse
2969 5347 3076 5397 τῶν
3127 5340 3271 5398 ὅλων
3322 5342 3671 5397 mutandum

308 5401 317 5413 .
364 5362 399 5375 ··
430 5362 553 5395 ruat
574 5362 693 5469 mgc

305 5420 354 5459 in
380 5408 459 5460 τὸν
482 5416 606 5465 Θεοῦ
680 5456 693 5468 .

798 5415 843 5449 ²⁰
874 5416 956 5470 Ita
984 5416 1027 5471 Ο
1059 5432 1108 5471 ο.
1143 5405 1327 5505 ωειᾙῖ
1361 5415 1443 5480 Ci,
1476 5415 1533 5468 in
1566 5416 1734 5487 cujus
1761 5420 1920 5471 textu
1952 5413 2042 5468 καί
2118 5405 2196 5447 ²Γ
2211 5405 2373 5483 μόνον
2411 5405 2556 5493 Ο..,²²
2588 5414 2674 5468 Ita
2704 5414 2898 5505 Ipcum
2928 5422 3265 5505 corruptum
3292 5420 3465 5483 atque
3497 5429 3672 5466 mun-

798 5484 833 5505 n
902 5489 918 5505 ι
952 5504 963 5505 κ
1029 5486 1065 5505 f1
1124 5491 1197 5505 4,;
1260 5485 1310 5505 ,V
1461 5485 1473 5500 ‘
1514 5486 1539 5505 Λ
1572 5490 1594 5499 ε-
1702 5486 1726 5505 υ
1913 5491 1983 5505 In,
2046 5484 2258 5505 --_2-AA
2317 5485 2445 5505 n-_i‘,'
2488 5501 2547 5505 --η
2584 5504 2589 5505 ,
2664 5503 2717 5505 ,εκ
2801 5492 2833 5505 (Χ
2901 5489 2925 5499 α·
3236 5504 3255 5505 η
3284 5502 3339 5505 ,Δ
3384 5499 3523 5505 -..---
3561 5490 3641 5505 ,λι

304 5490 415 5532 cum
459 5486 644 5539 sanavi
689 5502 739 5539 c.
791 5484 854 5540 Ο.
889 5489 991 5556 Ap.
1027 5486 1067 5541 C
1114 5491 1203 5541 est
1250 5479 1392 5538 οῦτω
1419 5479 1483 5538 τὸ
1514 5479 1655 5539 (lato;
1694 5486 1865 5560 ἅγιον.
1912 5491 1996 5541 Ita
2037 5479 2282 5551 conject.
2316 5485 2449 5536 Θεοῦ
2484 5479 2631 5590 ἅγιον
2663 5486 2747 5540 vel
2798 5489 2929 5539 Θεοῦ
2963 5479 3200 5556 ὀνόμᾶτα
3234 5502 3344 5565 non
3370 5479 3662 5567 opus~est.

305 5545 343 5579 ³³
368 5544 413 5590 δὲ
443 5562 781 5590 ειτηηηιηιηι.
812 5558 864 5590 ιη
902 5560 945 5590 n
1003 5559 1068 5590 ..Α
1101 5559 1190 5590 ρης
1249 5574 1407 5590 Amm
1443 5552 1527 5590 λι...
1627 5560 1671 5590 ιι
1708 5558 2008 5590 mnu.-.“
2059 5553 2318 5590 augis.-.“
2364 5556 2400 5590 ρ
2503 5556 2523 5589 2
2578 5554 2711 5590 ἐνί...
2748 5558 2938 5590 “nam:
2973 5576 3000 5590 ι.
3056 5559 3099 5590 n
3160 5555 3407 5590 σηιιηυιι.
3436 5553 3573 5590 29m”
3603 5556 3640 5590 ρ

443 5562 781 5628 suAbnotatur
812 5558 868 5611 in
902 5544 966 5623 0.,
1002 5559 1216 5628 adcuj.
1249 5574 1410 5613 oram
1443 5552 1549 5628 δία.
1580 5622 1596 5628 Α
1627 5544 2008 5628 ξδ-θελήσωσιν
2058 5544 2318 5628 ἀνελῶσιν
2364 5556 2403 5608 C
2427 5626 2460 5628 __
2497 5556 2523 5628 ξ

304 5612 459 5703 {atatim
486 5624 635 5703 (3,0.
710 5628 774 5703 ’°_
808 5629 892 5703 Ita
919 5612 976 5696 δ’,
1021 5626 1107 5703 ,τόΔ
1154 5612 1214 5694 ὅ,
1246 5629 1311 5683 Ο.
1374 5628 1431 5703 ,³⁷
1458 5612 1911 5703 ’ἐπιδιδόντεία
1988 5629 2034 5664 ³⁸
2090 5626 2218 5703 χθὲς
2278 5626 2343 5683 Ο.

308 5706 383 5767 ρον
407 5693 481 5751 Cl.
512 5693 566 5753 et
589 5705 643 5767 Β,
677 5698 778 5773 qui
809 5699 901 5755 hic
933 5693 989 5757 et
1017 5700 1171 5756 infra
1197 5693 1421 5758 mavult
1450 5696 1840 5780 ὄρθριαίτερον.

2578 5554 2711 5609 ἑκών
2746 5558 2943 5613 addidi
2973 5576 3022 5613 c.
3056 5548 3120 5623 Ο,
3160 5548 3573 5622 subinde-Eadd»
3603 5556 3663 5611 S.

2421 5626 2466 5661 ²⁰
2495 5626 2637 5685 ItaO
2668 5646 2719 5685 ο.
2750 5633 2807 5701 8,
2838 5628 3123 5705 προσίεσαν
3166 5628 3225 5683 C.
3282 5628 3329 5662 ⁸ο
3379 5623 3669 5701 ὀρθριώτε-
