4086 6216
301 380 420 446 263
1128 378 1193 444 S.
1242 377 1684 444 CLEMENTIS
1730 380 1751 441 l
1802 380 1990 443 ROM.
2035 376 2268 442 PONT.
2315 378 2575 444 OPERA
2619 380 2880 447 DUBIA.
3590 388 3716 449 264

304 515 601 573 hominem
622 511 1077 586 quemlibet,qui
1112 513 1212 568 Dei
1242 512 1577 569 circumfert
1608 511 1917 584 imaginem

2094 512 2304 564 ντινοῢν
2334 512 2377 547 ⁸⁷
2407 509 2711 586 ἄνθρωπον,
2747 511 2923 567 εἰκόνα
2951 509 3305 592 περιφέροντα
3335 517 3491 588 Θεοῦ,
3523 515 3570 571 εἰ
3618 517 3707 573 καὶ

304 602 533 661 etiamsi
565 602 1017 658 similitudinem
1049 602 1389 674 perdiderit.

1199 602 1389 658 iderit.
2054 598 2155 667 τήν
2187 598 2493 670 ὁμοιότητα
2512 598 2812 656 ἀπώλεσεν.

374 692 523 748 VIII.
555 691 705 748 Deos
745 692 925 765 igitur
954 697 1178 748 vestros
1220 707 1428 748 aureos
1470 695 1528 748 et
1563 695 1832 763 argentos
1862 688 1949 747 vel

2126 688 2275 745 VIII.
2306 687 2443 751 Τοὺς
2472 694 2602 763 γοῦν
2633 689 2787 754 θεοὺς
2820 691 2973 764 ὑμῶν
3002 692 3131 755 τοὺς
3171 693 3441 768 χρυσέους
3469 694 3557 749 καὶ
3606 696 3700 771 ἀρ-

304 795 373 837 ex
401 779 517 837 alia
565 783 747 837 factos
804 781 1049 836 materia
1077 781 1138 835 in
1168 780 1419 852 primam
1477 796 1646 836 suam
1679 783 1917 834 naturan

2087 776 2285 853 ὐρέους
2316 777 2355 847 ἢ
2384 777 2475 833 καὶ
2505 778 2556 849 ἐξ
2588 777 2767 848 ἄλλης
2793 781 2939 843 τινὸς
2973 779 3115 851 ὕλης
3161 783 3577 857 γεγενημένους,
3625 783 3700 847 εἷς

303 868 613 935 restituite,
638 869 697 924 in
720 868 928 940 pocula
957 868 1086 924 dico
1107 873 1164 924 et
1194 868 1386 940 pelves
1412 872 1469 924 et
1497 869 1723 940 reliqua
1751 866 1910 923 omni

2093 865 2156 932 ἠν
2221 866 2445 940 πρώτην
2504 865 2680 921 αὐτῶν
2745 866 2899 946 φύσιν
2959 868 3463 941 ἀποκαταστήσατε,
3522 869 3597 934 εἴς
3646 894 3706 928 τε

306 975 432 1031 quas
463 958 628 1014 vobis
658 958 729 1013 ad
763 957 1156 1013 ministerium
1187 961 1435 1030 possunt
1462 973 1592 1013 esse
1620 955 1823 1025 utilia;
1855 960 1916 1011 at

2102 950 2256 1016 ιάλας
2286 954 2331 990 ⁸⁸
2382 952 2527 1031 λέγω
2568 954 2657 1011 καὶ
2717 955 2941 1019 λεκάνας
2987 957 3085 1012 παὶ
3116 959 3183 1013 τὰ
3212 956 3381 1015 λοιπὰ
3407 960 3579 1016 πάντα
3608 960 3706 1016 ὅσα

303 1063 418 1119 que
445 1047 566 1102 haec
596 1046 758 1101 vobis
791 1047 955 1102 initio
978 1048 1115 1102 data
1143 1047 1297 1103 bona
1318 1046 1481 1101 reddi
1512 1049 1801 1117 poterunt.
1837 1045 1916 1100 Sel

2097 1046 2187 1113 μῖν
2235 1042 2374 1116 πρὸς
2425 1042 2716 1119 ὑπηρεσίαν
2767 1047 3020 1120 χρήσιμα
3048 1048 3093 1084 ⁸9
3146 1046 3280 1102 εἶναι
3319 1044 3559 1103 δύναται.
3615 1049 3707 1103 καὶ

305 1137 501 1191 forsan
531 1135 756 1202 dicetis,
791 1151 905 1190 non
931 1134 1277 1207 permittunt
1307 1134 1474 1190 nobis
1505 1134 1563 1189 id
1596 1135 1780 1189 facere
1811 1149 1918 1205 prae

2094 1134 2225 1185 αὕτα
2272 1131 2397 1204 ὑμῖν
2445 1132 2701 1208 ἀπαρχῆς
2752 1130 2973 1189 δοθέντα
2998 1135 3173 1212 ἀγαθᾶ
3201 1136 3707 1208 ἀποκατασταθῆναι

304 1224 629 1296 positorum
662 1222 838 1295 leges.
873 1225 1043 1290 Bene,
1077 1224 1213 1295 quia
1244 1222 1420 1296 leges,
1453 1227 1654 1280 et'non
1684 1222 1917 1295 ipsorum

2099 1219 2439 1289 υνηθήσεται.
2497 1218 2652 1277 Ἀλλ’
2711 1220 2839 1285 ἴσως
2898 1222 3087 1300 ἐρεῖτε·
3163 1224 3278 1283 Οὐκ
3356 1225 3484 1282 ἐῶσι
3560 1229 3712 1299 ἡμᾶς

308 1312 566 1369 futilium
598 1313 910 1367 numinum
959 1328 1087 1383 qua
1136 1329 1249 1367 non
1300 1317 1387 1368 est
1426 1312 1632 1367 virtus.
1665 1312 1789 1376 Qua
1816 1327 1921 1384 ergi

2097 1311 2218 1362 οῢτο
2254 1314 2481 1378 ποιῆσαι
2531 1309 2582 1363 οἱ
2631 1314 2738 1365 τῶν
2790 1310 3104 1389 ἐφεστώτων
3155 1313 3340 1386 νόμοι.
3372 1313 3590 1382 Καλῶς,
3624 1314 3710 1371 ὅτι

307 1400 531 1457 ratione
561 1402 698 1457 deos
728 1401 1130 1465 existimastis,
1164 1401 1263 1472 qui
1287 1401 1562 1455 humanis
1594 1399 1822 1472 legibus
1853 1400 1920 1454 de

2097 1394 2244 1469 όμοι,
2292 1398 2383 1452 καὶ
2432 1397 2531 1453 οὐκ
2576 1398 2750 1455 αὐτῶν
2819 1405 2927 1455 τῶν
2998 1400 3214 1457 είκαίων
3276 1398 3626 1477 σεϐασμάτων
3674 1406 3710 1474 ἠ

309 1490 649 1555 fenduntur,
681 1507 716 1545 a
760 1490 1005 1545 canibus
1049 1495 1372 1556 servantur,
1404 1506 1438 1544 a
1480 1488 1711 1561 populis
1751 1491 1919 1543 custo

2175 1483 2307 1540 οὖσα
2336 1483 2581 1560 δύναμις.
2624 1492 2747 1550 Πῶς
2796 1488 2889 1543 οὗν
2942 1488 3140 1553 αὐτοὺς
3191 1490 3347 1555 θεοὺς
3393 1492 3717 1566 νενομίκατε

312 1578 600 1633 diuntur?
630 1586 684 1634 et
716 1578 822 1634 hoc
852 1578 901 1633 si
934 1576 1090 1633 idola
1117 1577 1335 1633 fuerint
1363 1593 1541 1632 aurea
1567 1574 1655 1633 vel
1681 1579 1925 1648 argentei

2099 1574 2154 1627 π’
2182 1576 2228 1610 ⁶⁰
2275 1574 2625 1649 ἀνθρωπίνων
2672 1575 2858 1650 νόμων
2907 1574 3350 1653 ἐκδικουμένους,
3403 1580 3506 1636 ὑπὸ
3536 1585 3712 1636 κυνῶν

309 1667 398 1723 vel
428 1682 622 1722 aenea:
662 1683 791 1721 nam
825 1665 1052 1738 lapidea
1081 1670 1184 1721 aut
1223 1664 1425 1721 ﬁctilia
1463 1664 1592 1737 ipsa
1615 1664 1709 1720 sui
1739 1662 1922 1718 vilitat

2106 1661 2531 1738 ρυυρουμένους,
2608 1664 2696 1719 ὑπ’
2770 1662 2959 1741 ὄχλων
3036 1665 3537 1745 φυλασσομένους,
3622 1670 3718 1725 καὶ

310 1755 679 1823 muniuntur,
712 1754 851 1826 quia
880 1770 1049 1810 nemo
1074 1753 1381 1809 hominum
1414 1752 1711 1825 lapideum
1744 1749 1832 1808 vel
1862 1750 1923 1806 fic

2104 1754 2230 1805 αὔτα
2259 1749 2345 1805 ἐὰν
2375 1751 2580 1827 χρύσεα
2618 1752 2654 1822 ἢ
2701 1754 2935 1831 ἀργύρεα
2980 1755 3016 1826 ἢ
3076 1754 3307 1831 χάλκεα’
3365 1758 3433 1813 τὰ
3486 1759 3587 1836 γὰρ
3620 1757 3717 1814 λί-

308 1843 471 1899 tilem
501 1842 679 1900 furari
713 1847 842 1898 avet
870 1843 1066 1898 deum.
1117 1842 1272 1898 Adeo
1303 1846 1368 1897 ut
1398 1858 1608 1914 magno
1639 1838 1921 1912 subjician

2104 1860 2187 1893 ινα
2240 1839 2275 1909 ἦ
2338 1839 2625 1917 ὀστράκινα
2676 1842 2778 1897 ὑπὸ
2822 1850 2923 1914 τῆς
2959 1843 3183 1919 ἀτιμίας
3216 1843 3564 1924 φυλάσσεται,
3625 1846 3711 1904 ὅτι

311 1939 406 1987 tur
451 1928 728 2004 periculo,
773 1930 874 2002 qui
905 1946 974 1986 ex
1014 1929 1355 2002 pretiosiore
1398 1927 1641 1984 materia
1685 1930 1924 1983 constan

2099 1925 2242 1992 ὐδεὶς
2264 1899 2592 2005 ¹ἀνθρίὸαιτων
2628 1928 2832 1988 λίθινον
2958 1899 3271 2009 ὀστράκίνόν

312 2021 414 2076 diii
446 2022 643 2077 vestri.
676 2022 744 2075 Et
773 2036 888 2092 quo
922 2020 1095 2075 modo
1147 2019 1226 2074 dii
1263 2022 1420 2085 sunt,
1454 2018 1555 2090 qui
1609 2018 1761 2073 furto
1797 2016 1925 2072 aufe

2101 2039 2159 2073 at
2193 2017 2340 2076 Θεόν.
2376 2020 2534 2075 Ὥστε
2569 2020 2795 2096 μεγάλῳ
2826 2020 3059 2097 κινδύνῳ
3091 2024 3400 2081 ὑπόκεινται
3435 2027 3487 2082 οἱ
3525 2026 3584 2081 ἐκ
3611 2048 3714 2082 πο-

312 2114 546 2181 runtur,
578 2111 677 2181 qui
730 2109 1078 2176 conﬂantur,
1118 2109 1552 2181 appenduntur,
1604 2106 1704 2179 qui
1757 2110 1923 2163 custo

2096 2105 2449 2184 ,υτελεστέρας
2496 2108 2634 2179 ὕλης
2689 2110 3031 2187 γεγενημένοι
3090 2112 3240 2186 ὑμῶν
3305 2113 3436 2178 θεοί.
3472 2119 3597 2178 Πῶς
3644 2113 3709 2186 δή

312 2200 592 2257 diuntur?
2063 2193 2154 2249 καὶ
2192 2193 2304 2249 θεοί
2345 2194 2498 2266 εἰσιν,
2530 2195 2916 2272 κλεπτόμενοι,
2965 2200 3369 2276 χωνευόμενοι,
3423 2204 3713 2277 σταθμιζό-

2070 2303 2245 2356 μενοι,
2276 2284 2674 2361 φρουρούμενοι
2706 2289 2884 2361 (25⁶);

385 2377 472 2432 ΙΧ.
506 2378 546 2427 0
578 2376 926 2432 miserorum
975 2375 1312 2432 mortalium
1367 2378 1613 2443 mentes,
1666 2374 1764 2445 qui
1798 2390 1957 2429 mor-

2137 2373 2226 2429 IX.
2256 2373 2321 2426 Ὠ
2347 2377 2452 2427 τῶν
2501 2371 2865 2451 ταλαιπώρων
2919 2377 3213 2450 ἀνθρώπων
3256 2379 3464 2458 φρένες,
3510 2385 3711 2456 νεκρῶν

313 2466 431 2521 tuis
463 2466 651 2539 magis
682 2472 911 2521 mortua
940 2464 1245 2521 verentur!
1296 2463 1493 2536 Neque
1528 2463 1684 2520 enim
1715 2479 1926 2535 possun

2100 2460 2353 2536 εκρότερα
2384 2458 2660 2517 δεδιότων⁶
2696 2466 2869 2522 218.
2890 2462 3014 2520 οὐδὲ
3045 2467 3149 2542 γὰρ
3180 2469 3339 2542 νεκρὰ
3370 2468 3503 2524 αὐτὰ
3534 2468 3710 2544 λέγειν

315 2570 383 2611 ea
403 2558 634 2610 mortua
657 2553 866 2621 dicere,
887 2570 1013 2625 quae
1041 2569 1343 2625 nunquam
1366 2552 1650 2608 vixerunt.
1674 2551 1797 2607 Nisi
1816 2551 1927 2606 fort

2103 2547 2320 2622 ύναμαι,
2350 2550 2416 2604 τὰ
2450 2548 2723 2624 μηδέποτε
2754 2554 3006 2624 ζήσαντα,
3051 2554 3202 2618 ἐκτὸς
3248 2556 3292 2611 εἰ
3345 2560 3421 2629 μή
3453 2561 3493 2595 ⁶¹
3554 2558 3716 2637 τάφοι

313 2642 585 2716 sepulcra
641 2647 779 2698 sunt
837 2641 1213 2714 antiquorum
1273 2641 1601 2697 hominum.
1659 2640 1926 2697 Interdun

2106 2637 2312 2714 ρχαίων
2348 2639 2643 2712 ἀνθρώπων
2677 2640 2827 2697 εἰσίν.
2865 2643 3067 2698 Ἐνίοτε
3096 2644 3199 2720 γὰρ
3230 2640 3419 2708 ἐπιϐάς
3447 2668 3529 2709 τις
3548 2647 3717 2723 ἀγνώ-

314 2733 469 2787 enim
528 2731 832 2803 ingressus
859 2729 1073 2802 aliquis
1126 2729 1253 2786 loca
1280 2729 1483 2802 ignota
1522 2731 1728 2796 nescit,
1760 2733 1927 2785 utrun

2101 2748 2216 2789 τοις
2241 2726 2431 2791 τόποις
2456 2727 2555 2783 οὐκ
2584 2726 2748 2799 οἶδεν,
2781 2731 2873 2794 οὕς
2906 2732 3006 2807 ὁρᾷ
3033 2732 3195 2796 ναοὺς
3215 2733 3442 2812 πότερόν
3466 2757 3598 2791 ποτε
3626 2758 3714 2792 νε-

313 2838 443 2893 quze
471 2819 627 2876 videt
670 2819 891 2891 templa
919 2819 1039 2875 sint
1068 2819 1377 2875 hominum
1419 2823 1779 2875 mortuorum
1834 2833 1926 2873 mo

2097 2820 2221 2870 μπῶν
2251 2814 2457 2891 ἀνδρῶν
2495 2818 2751 2891 μνήματά
2779 2817 2945 2888 ἐστιν,
2974 2821 3008 2890 ἢ
3040 2826 3148 2877 τῶν
3191 2820 3503 2898 λεγομένων
3551 2827 3710 2880 θεῶν⁶

318 2916 622 2981 numenta,
656 2926 730 2965 an
760 2913 1094 2965 vocatorum
1116 2909 1356 2964 deorum
1384 2925 1396 2964 :
1429 2909 1796 2981 interrogans
1824 2923 1931 2963 ven

2099 2904 2374 2978 πυθόμενος
2423 2903 2481 2960 δὲ
2530 2907 2620 2961 καὶ
2665 2906 2893 2970 ἀκούσας
2941 2907 3179 2965 ὅτιθεῶν
3212 2914 3276 2975 ⁸⁸,
3317 2912 3712 2987 προσεκύνησεν

320 3004 376 3055 et
406 2999 669 3066 audiens,
716 3014 785 3053 ea
813 3012 940 3054 esse
974 2998 1238 3065 deorum,
1288 2997 1551 3053 adoravit
1578 2999 1799 3070 pudore
1846 3014 1933 3052 n01

2107 2992 2172 3049 ὗκ
2211 2992 2496 3066 αἰδεσθεὶς,
2547 2995 2630 3050 ὃτι
2688 2995 2737 3051 εἷ’
2802 2998 2879 3070 μὴ
2913 2997 3157 3068 ἐξετάσας
3191 3002 3497 3073 μεμαθήκοι
3529 3004 3595 3074 ⁸³,
3628 2999 3720 3058 διὰ

315 3089 595 3155 suffusus,
632 3087 809 3159 quod,
837 3087 948 3142 nisi
972 3088 1361 3159 percontando
1383 3087 1707 3158 didicisset,
1732 3090 1928 3158 propte

2109 3083 2135 3138 ὸ
2165 3085 2281 3138 ἴσον
2328 3091 2428 3154 τῆς
2478 3085 2831 3158 ὁμοιότητος,
2863 3087 2938 3150 ὡς
2968 3092 3162 3164 νεκροῦ
3197 3096 3464 3164 μνημεῖον
3496 3090 3556 3145 ἂν
3584 3112 3722 3167 παρ-

324 3194 550 3248 aequam
581 3175 1027 3231 similitudinem
1057 3175 1215 3231 velut
1246 3174 1462 3231 mortui
1486 3174 1857 3248 praeteriisset
1882 3190 1937 3230 se

2110 3169 2352 3241 ληλύθει.
2413 3170 2567 3243 Πλὴν
2628 3172 2690 3228 οὐ
2735 3176 2845 3249 χρή
2910 3196 2977 3248 με
3021 3176 3159 3251 πρὸς
3215 3184 3315 3247 τῆς
3360 3180 3406 3215 ⁶⁴
3460 3178 3723 3250 τοιαύτης

322 3266 612 3338 pulcrum.
642 3265 753 3320 Sed
785 3281 899 3320 non
948 3266 1174 3335 oportet
1202 3268 1269 3319 ut
1312 3263 1374 3319 in
1404 3262 1513 3319 hac
1556 3262 1931 3336 superstition

2111 3258 2500 3335 εισιδαιμονίας
2555 3260 2773 3332 πολλὴν
2831 3262 3089 3340 παρέχειν
3153 3263 3447 3337 ἀπόδειξιν.
3512 3266 3721 3340 Ῥᾴδιον

326 3354 570 3409 multam
599 3354 837 3409 afferam
868 3353 1292 3426 probationem.
1346 3351 1534 3408 Facile
1566 3353 1720 3407 enim
1752 3356 1841 3407 est
1868 3368 1937 3408 vo

2109 3349 2173 3427 άρ
2224 3349 2332 3406 ἐστι
2384 3354 2463 3423 τῷ
2511 3349 2722 3415 θέλοντι
2772 3358 2983 3422 νοῆσαι,
3034 3354 3117 3408 ὅτι
3150 3351 3301 3410 οὐδέν
3343 3355 3508 3425 ἐστιν,
3570 3357 3722 3421 έκτὸς

323 3442 468 3499 lenti
498 3442 843 3515 intelligere,
876 3442 1032 3515 quod
1064 3441 1209 3496 nihil
1232 3442 1328 3508 sit,
1354 3441 1465 3497 nisi
1497 3441 1630 3513 quis
1661 3442 1806 3497 forte
1837 3439 1936 3496 nul

2117 3440 2121 3492 ἶ
2156 3441 2231 3512 μή
2279 3445 2363 3502 τίς
2413 3438 2474 3493 οὗ
2528 3438 2721 3515 βλέπῃ.
2775 3439 2928 3510 Πλὴν
2976 3441 3072 3496 κᾶίν
3108 3446 3200 3497 νῦν
3230 3440 3478 3513 ἄκουσον,
3510 3446 3594 3501 ’ὁτι
3627 3445 3730 3501 οὐκ

321 3531 553 3589 latenus
580 3533 794 3588 videat.
818 3536 1087 3586 Attamen
1114 3530 1204 3587 vel
1235 3547 1391 3586 nunc
1415 3531 1552 3586 audi
1585 3529 1934 3586 simulacrun

2109 3527 2280 3600 κούει,
2328 3527 2417 3582 καὶ
2463 3528 2683 3599 νόησον,
2734 3528 2818 3584 ὅτι
2849 3528 2910 3584 οὗ
2940 3536 3071 3587 νοεῖ.
3104 3537 3290 3608 Χεῖρες
3329 3534 3434 3609 γὰρ
3464 3533 3593 3589 αὐτό
3624 3547 3721 3598 θα·-

322 3639 439 3680 non
470 3620 694 3688 audire,
725 3637 791 3677 ac
820 3620 1100 3693 intellige,
1132 3637 1245 3676 non
1273 3619 1613 3693 intelligere.
1644 3619 1790 3677 Nam
1821 3618 1935 3673 illul

2113 3610 2257 3678 ὄντος
2310 3616 2598 3692 ἀνθρώπου
2647 3615 2926 3687 ἐποίησαν.
2980 3617 3043 3673 Εἰ
3090 3617 3147 3674 δὲ
3194 3620 3221 3673 ὁ
3250 3623 3485 3693 ποιήσας
3513 3621 3726 3677 ἐτελεύο

325 3710 589 3767 mortalis
618 3709 877 3765 hominis
923 3725 1136 3764 manus
1185 3709 1459 3766 fecerunt.
1512 3708 1573 3764 Si
1611 3714 1830 3774 autem,
1863 3724 1938 3779 qu

2110 3725 2256 3776 ησεν,
2305 3709 2423 3767 πῶς
2468 3706 2531 3760 τὸ
2580 3706 2667 3760 ὑπ’
2715 3705 2879 3761 αὐτοῦ
2917 3708 3141 3782 γεγονὸς
3173 3708 3236 3763 οὐ
3269 3708 3598 3780 λυθήσεται;
3661 3712 3723 3766 Τί

325 3802 479 3865 fecit,
509 3800 671 3869 obiit,
704 3816 818 3871 quo
864 3798 1034 3854 modo
1073 3799 1144 3853 ab
1175 3798 1274 3853 illo
1306 3799 1523 3854 factum
1555 3814 1669 3853 non
1702 3797 1935 3852 destrue

2109 3793 2167 3846 ὗν
2220 3795 2418 3863 θνητοῦ
2464 3791 2617 3870 ἔργον
2666 3800 3007 3871 προσκυνεῖς,
3058 3795 3338 3860 παντελῶς
3397 3799 3716 3871 ἀναίσθητον

324 3890 465 3947 tur?
514 3890 627 3946 Cur
682 3888 878 3959 itaque
937 3888 1145 3943 adoras
1203 3886 1465 3942 mortalis
1497 3904 1665 3958 opus,
1725 3885 1937 3941 omnini

2106 3900 2173 3952 v;
2207 3882 2370 3938 ὁπότε
2418 3883 2470 3937 οἱ
2520 3880 2822 3959 λογισμοὺς
2874 3882 3098 3959 ἔχοντες
3146 3884 3271 3942 οὐδὲ
3314 3887 3382 3943 τὰ
3412 3894 3521 3958 ζῶα
3550 3910 3719 3965 προσ-

323 3997 500 4036 sensu
531 3976 924 4034 destitutum?
953 3992 1107 4046 cum,
1161 3976 1259 4048 qui
1306 3981 1560 4031 mentem
1616 3974 1854 4041 habent,
1896 3991 1932 4029 n

2111 3975 2345 4043 υνοῢσιν,
2400 3968 2529 4025 οὐδὲ
2577 3977 2823 4048 στοιχεῖα
2851 3972 2918 4028 τὰ
2948 3973 3051 4027 ύπὸ
3082 3979 3215 4029 Θεοῦ
3242 3978 3581 4052 γεγενημένα
3627 3999 3722 4032 κο-

322 4068 600 4125 animalia
658 4067 895 4138 quidem
950 4066 1211 4132 adorent,
1271 4081 1376 4120 nec
1429 4063 1717 4120 elementa
1772 4082 1805 4120 a
1851 4064 1932 4119 De

2118 4059 2417 4127 ακεύουσιν,
2459 4059 2607 4136 λέγω
2648 4058 2704 4116 δὲ
2735 4060 2983 4138 οὐρανὸν,
3013 4060 3197 4135 ἥλιον,
3232 4065 3493 4137 σελήνην,
3526 4068 3724 4143 ἀστρα-

321 4158 554 4217 condita
581 4155 773 4213 colant
792 4158 967 4226 atque
995 4153 1322 4221 adulentur,
1344 4152 1552 4208 coelum
1580 4152 1729 4222 dico,
1760 4152 1934 4209 solem

2111 4150 2186 4219 τήν
2217 4152 2282 4221 ⁸⁸,
2326 4147 2592 4204 θάλασσαν
2641 4150 2729 4205 καὶ
2784 4150 2958 4206 πάντα
2991 4150 3058 4206 τὰ
3105 4151 3156 4207 ἐν
3191 4153 3373 4217 αὐτοῖς
3399 4155 3579 4233 ὀρθῶς
3608 4156 3724 4233 κρί-

325 4246 547 4312 lunam,
574 4249 753 4315 astra,
774 4249 1013 4312 terram,
1047 4256 1204 4297 mare
1234 4247 1292 4297 et
1321 4246 1535 4297 cuncta
1565 4241 1638 4297 iis
1666 4246 1938 4298 contenta

2110 4252 2286 4311 οντες,
2341 4236 2481 4313 μηδέ
2509 4241 2554 4276 ⁸⁸
2600 4240 2670 4294 τὰ
2719 4239 2807 4296 ὑπ’
2854 4241 3019 4299 αὐτοῦ
3059 4242 3322 4321 γενόμενα
3377 4254 3722 4321 προσκυνεῖν,

1670 4347 1759 4403 VA
1768 4348 1908 4404 RIE
1969 4346 2373 4405 LECTIONES.

394 4450 437 4485 ⁵⁷
470 4451 557 4504 Ita
586 4447 627 4522 (ζ
655 4463 703 4522 c.
730 4452 790 4522 p,
823 4444 1029 4522 ’ὀτιρῦν
1051 4445 1112 4501 C.
1135 4514 1149 4522 Α
1189 4441 1480 4522 "etaim
1508 4446 1574 4500 Ο.
1636 4446 1696 4522 μω
1724 4445 2010 4522 χρήσνμον
2040 4445 2105 4522 O_.
2163 4442 2327 4522 δοέπί
2358 4444 2427 4522 O._
2469 4449 2535 4500 ut
2573 4462 2725 4522 _mox
2761 4444 2883 4522 ﬁnd
2911 4443 3153 4522 hxle.
3227 4450 3272 4487 σί
3306 4450 3431 4507 Nisi
3489 4453 3730 4510 vocibus

328 4519 701 4601 transpositis
731 4514 892 4589 legas
922 4515 1073 4578 ἐκτὸς
1107 4514 1151 4602 εἰ
1194 4514 1461 4644 μὴ’τάὲοι
1493 4514 2161 4589 οωιιίιιο”ὶοεεοιῖὶρεθι·ἱιῐι
2195 4514 2338 4569 εἰκὸς
2366 4515 2548 4599 τάφοι.
2572 4517 2817 4591 Templa
2841 4514 3024 4575 fuisse
3047 4526 3408 4577 mortuorum
3434 4526 3727 4595 sepulcra.

328 4609 395 4644 ex
428 4592 735 4644 clementis
768 4595 1151 4644 Ποοτοεπτικω
1182 4592 1349 4644 docet
1426 4588 1586 4644 useb.
1620 4594 1805 4644 Praen.
1838 4605 2027 4644 evana.
2062 4605 2123 4643 ιι.
2154 4588 2189 4643 6
2210 4608 2229 4644 :
2259 4587 2454 4644 Cvrill.
2486 4605 2547 4642 ιη
2575 4590 2710 4644 Juu.
2743 4607 2798 4644 x.
2829 4591 2932 4644 341
2961 4608 2975 4644 :
3005 4591 3352 4644 Theodoret.
3388 4594 3727 4644 Theraneut..

327 4609 395 4648 ex
428 4587 735 4667 clementis
755 4587 1349 4667 Eporaattrtxfgdocpt
1378 4587 1805 4667 Euseb._P7:aep_.
1838 4587 2027 4667 evang.
2062 4605 2129 4667 ιι.
2154 4588 2229 4655 6;
2252 4587 2459 4667 gyri”,
2486 4589 2547 4667 ίτξ
2575 4587 2798 4667 λιιιιξχ,
2829 4591 2985 4667 341,
3005 4591 3352 4667 Theodoret.
3388 4587 3729 4667 ΤΙιενῖαρειιι..

327 4609 395 4648 ex
428 4607 735 4647 clementis
768 4607 807 4642 u
851 4608 1151 4661 οτρεπτικῳ
1182 4607 1349 4645 nocet
1379 4607 1586 4644 nuseo.
1620 4607 1805 4660 praep.
1838 4607 1970 4645 evan
2015 4630 2027 4643 .
2062 4607 2123 4643 ιι.
2154 4607 2229 4655 ο;
2259 4607 2454 4660 uyrlu.
2486 4607 2547 4642 ιη
2575 4607 2710 4645 mu.
2743 4607 2798 4656 x,
2829 4607 2932 4645 541
2961 4608 2975 4658 ;
3005 4607 3352 4649 'i'neoaoret.
3388 4607 3724 4667 mer-apem"

326 4681 448 4735 vm,
481 4679 538 4734 ρ.
569 4663 717 4735 115.Δ
890 4661 1070 4735 _Sy|b.
1133 4660 1224 4735 Ι).Δ
1260 4658 1306 4712 εἰ
1368 4660 1444 4732 μή
1472 4657 1644 4735 Δἐκτός
1675 4660 1830 4735 0,,0.
1882 4660 1955 4735 ,ἒξ
1976 4607 2068 4735 Ita
2094 4659 2315 4735 O_c.-E,
2349 4655 2475 4711 Θεόν
2600 4663 2734 4713 Θεοῦ
2764 4664 2916 4735 conj.
2950 4662 3105 4735 ιλιι.
3129 4679 3273 4735 cum
3307 4669 3495 4720 totum
3527 4667 3724 4722 locum

369 4726 631 4806 erpéram
666 4726 1046 4803 distinxisset,
1078 4726 1379 4803 corrigere
1396 4726 1658 4788 voluerat
1699 4726 1799 4784 οὐκ
1845 4726 2089 4800 αἰδέσθη.
2142 4730 2425 4806 Debebat,
2450 4729 2657 4806 saltem
2705 4726 2966 4806 scribere
2988 4728 3211 4806 ἡδέσθη.
3244 4738 3467 4806 Atque;
3499 4737 3579 4793 sit
3604 4755 3732 4794 ver-

369 4752 631 4806 erperam
666 4752 1046 4803 uisunmsset,
1078 4752 1365 4803 corrigere
1396 4752 1658 4788 voxuerat
1699 4752 1799 4784 ουκ
1845 4752 2089 4800 αιοεσση.
2142 4752 2399 4785 uenenum
2450 4752 2657 4786 saltem
2705 4752 2960 4788 sonuere
2988 4752 3211 4803 ηοεσυη.
3244 4752 3315 4789 At
3343 4753 3467 4805 quae
3499 4752 3579 4793 sit
3604 4755 3732 4794 ver-

326 4752 535 4861 Borum
568 4806 1103 4880 coujunctio,_recte
1132 4806 1467 4880 explanavit
1494 4810 1555 4869 ι),
1590 4820 1766 4880 quem
1800 4818 1905 4874 ego
1921 4806 2357 4880 secutususum,
2392 4800 2468 4880 8ζ
2525 4802 2570 4836 ⁸³
2603 4803 2904 4880 μεμ-αθήκει
2937 4804 2996 4860 C.
3031 4805 3181 4880 Tum
3213 4806 3270 4880 id
3305 4802 3441 4880 ἴσον.
3516 4809 3563 4880 ν
3592 4808 3734 4880 πρὸς

324 4876 609 5003 τῆςροὸᾶο
642 4869 701 4945 εξ
729 4875 865 4950 πρὸς
892 4869 991 4942 τὴν
1049 4879 1149 4943 τῆς
1180 4869 1425 4947 uterque
1454 4869 1865 4930 homfcodex.‘
1919 4873 1965 4909 “
1996 4873 2148 4929 Fort.
2180 4869 2366 4946 ἄστρα,
2398 4876 2524 4946 γῆν,
2569 4869 2639 4929 θὶς
2679 4869 2927 4944 Βεσὸρη.
2983 4892 3038 4946 v,
3087 4876 3177 4945 16,
3235 4877 3295 4933 C.
3371 4879 3417 4914 ⁸⁸
3476 4879 3552 4951 μὴ
3616 4869 3729 4934 δεῖν

327 4964 480 5003 com.
566 4988 579 5002 .

327 4964 480 5020 COIJJ.
516 4964 579 5003 υ.

1703 5030 2085 5089 VARIORUM
2124 5031 2356 5089 NOT/E.

401 5133 513 5206 (25)
543 5134 668 5193 Πῶς
700 5126 767 5198 δὴ
809 5128 898 5208 καὶ
929 5128 1041 5184 θεοί
1098 5127 1253 5202 εἰσιν,
1314 5126 1709 5208 πλεπτόμενοι,
1770 5147 1976 5208 χωνευο
2085 5130 2171 5208 ve_l
2191 5133 2472 5208 argentm,
2496 5130 2569 5208 _d6
2600 5132 2909 5208 immundo,
2943 5136 3181 5208 vasculo,
3212 5139 3272 5190 ut
3298 5136 3501 5206 saepius
3529 5141 3743 5208 factum

332 5200 519 5279 άμενοι
601 5200 1047 5279 σταφμιζόμενοι,
1128 5200 1553 5279 Αφρδυ-ρούμενοι
1637 5200 1975 5279 Recog'pitio-
2084 5202 2355 5279 {Egyptjo
2382 5204 2522 5279 regi,
2555 5200 3173 5279 copﬂaturttunditur,‘
3209 5200 3451 5275 malleis,
3482 5200 3539 5263 οἱ
3581 5211 3740 5279 inca:

333 5224 519 5279 ομενοι
601 5224 736 5267 σταφ
789 5224 1047 5273 ιςομενοι,
1154 5224 1553 5276 φρουρουμενοι
1637 5224 1975 5273 newgnuw-
2084 5224 2355 5273 Ingyplw
2382 5224 2522 5271 regi,
2555 5224 2845 5272 con/(amr,
2876 5224 3151 5272 wnauur,
3209 5224 3451 5275 matteis,
3482 5224 3534 5263 ει
3581 5225 3739 5264 mcu-

333 5294 471 5356 nttm
499 5275 536 5331 ι.
566 5224 815 5356 v,_
846 5275 953 5356 Qui
972 5274 1301 5356 erqofurqrz'
1317 5274 1680 5356 possuptﬂui
1693 5272 1974 5356 ghhom'i:
2083 5272 2254 5356 gilius.
2271 5273 2565 5356 ﬁguratur.
2596 5274 2737 5356 Quis
2763 5275 2938 5331 verba
2969 5277 3166 5356 magni
3207 5280 3472 5356 oratoris
3495 5278 3739 5336 Minucii

332 5350 495 5405 nibus
513 5348 802 5415 custodiri,
825 5347 921 5417 qui
937 5346 1177 5415 conﬂari
1190 5349 1242 5399 et
1263 5343 1501 5417 appendz'
1519 5349 1571 5400 et
1591 5343 1977 5417 inalleiscwdz‘;
2085 5343 2291 5417 Felicis
2324 5360 2390 5400 eo
2422 5344 2657 5416 protuli,
2683 5351 2745 5401 ut
2776 5343 3178 5403 monerem'iis
3204 5349 3578 5406 inserendam
3611 5365 3741 5408 esse

334 5423 430 5477 isti
448 5419 761 5493 hominibus
791 5415 1015 5472 sensum
1053 5415 1381 5493 habentilgzls
1410 5417 1518 5493 dii_
1538 5416 1730 5493 debent
1759 5415 1979 5493 videri"?
2085 5415 2373 5493 virgulam
2406 5415 2538 5486 post
2566 5418 2772 5493 saepius
2802 5434 2821 5471 :
2839 5435 3044 5493 neque
3069 5420 3225 5475 enim
3259 5422 3474 5493 saepius
3503 5421 3739 5477 Amasis

334 5491 502 5563 quasi
538 5490 781 5563 l_t_uiinus
843 5492 1046 5558 praeter
1075 5485 1470 5563 φρουρούμενοι
1507 5486 1709 5557 legerit
1747 5481 1978 5561 σφυροό-
2087 5481 2284 5563 τεξέικ
2314 5481 2893 5563 immundo'vasculo
2933 5481 3154 5546 idolum
3207 5481 3359 5553 fecit:
3393 5494 3494 5548 sed
3531 5492 3737 5559 semel,

339 5557 518 5634 (levet.
546 5557 854 5634 Urgentur
894 5557 1349 5634 autem'eadem
1412 5559 1526 5634 ista
1568 5557 1916 5634 argumenta
1945 5573 1977 5613 a
2087 5557 2692 5634 referenteHerodoto
2740 5559 3106 5634 in__Euterpe
3144 5577 3273 5634 cap.
3331 5564 3455 5618 172.
3517 5557 3742 5620 Sensus

338 5628 557 5710 sanctis
580 5628 1315 5710 Patribus,_i_is_przesertim
1329 5629 1433 5710 qui
1456 5628 1735 5710 adversus
1752 5633 1977 5701 gentes,
2087 5628 2433 5710 itaqueest,‘
2455 5633 2513 5685 et
2546 5629 2761 5710 sepius
2792 5630 2849 5686 id
2882 5628 3099 5688 factum
3140 5638 3198 5689 et
3214 5628 3444 5691 "factum
3502 5651 3743 5710 quoque

339 5708 398 5761 et
418 5700 714 5777 apologias
738 5718 841 5777 pro
862 5699 1207 5765 Christianis
1229 5700 1611 5774 scripserunt.
1630 5699 1778 5755 Deus'
1797 5713 1979 5757 aereus
2086 5699 2352 5772 Egyptio
2383 5699 2455 5756 ab
2488 5699 2646 5778 rege;
2676 5701 2812 5760 Cor.
