4086 6216
336 400 456 457 267

1169 395 1233 451 S.
1280 391 1718 451 CLEMENTIS
1765 392 1787 448 l
1836 386 2021 449 llOM.
2072 389 2303 449 PONT.
2354 393 2615 451 (JPEllA
2660 392 2927 452 DUBIA.

3642 391 3767 452 268

337 529 454 585 leat
482 525 632 599 apud
660 523 851 579 cordis
883 521 1240 594 cognitorem
1276 524 1475 577 Deum.
1495 521 1773 587 Quocirca
1802 521 1982 593 fugite

2124 518 2247 576 ἐόν.
2283 521 2375 575 Διὸ
2422 521 2644 599 φεύγετε
2671 525 2769 576 τοῦ
2801 517 2977 599 ὄφεως
3014 521 3113 589 τήν
3164 524 3469 595 πανοῦργον
3515 516 3763 577 ὑποϐαλ-

331 618 557 671 vafram
586 611 1023 683 cogitationem,
1054 616 1253 666 vestrae
1287 611 1467 665 menti
1493 627 1525 664 a
1548 614 1817 681 serpente
1849 625 1989 679 sug-

335 710 580 776 gestam.
633 705 710 756 Ut
738 716 870 755 vero
903 699 1117 770 aliquis
1167 715 1298 754 vere
1348 699 1592 770 ignarus
1643 702 1990 769 praesentem

334 794 513 849 vitam
546 788 782 859 finierit,
815 788 987 861 culpa
1016 805 1133 843 non
1164 787 1403 854 carebit,
1434 788 1588 858 quod
1621 788 1679 842 in
1713 791 1835 842 toto
1864 785 1993 840 vitae

336 884 600 952 tempore
643 896 760 933 non
806 877 1108 949 agnoverit
1148 875 1565 932 beneﬁciorum
1616 876 1997 945 ciborumque

340 968 701 1041 largitorem,
734 972 809 1034 et,
842 965 1001 1021 velut
1031 982 1206 1021 sensu
1241 981 1467 1035 carens,
1498 962 1870 1034 multumque
1900 962 1997 1017 in-

346 1061 571 1130 gratus,
596 1055 875 1128 indignus
907 1071 1109 1110 servus
1139 1070 1169 1109 e
1200 1070 1377 1126 regno
1409 1052 1510 1109 Dei
1537 1053 1856 1124 rejicietur.

418 1234 563 1289 XIV.
594 1232 839 1304 Subjicit
868 1232 1082 1287 iterum
1113 1233 1277 1289 vobis
1328 1231 1728 1304 nequissimus
1759 1247 2000 1303 serpens

346 1321 861 1391 existimationem,
923 1326 987 1376 ut
1035 1321 1145 1377 hoc
1200 1321 1463 1391 cogitetis
1514 1337 1580 1376 ac
1631 1320 1859 1391 dicatis,
1892 1319 2003 1375 hoc

348 1412 543 1483 ipsum
564 1411 718 1481 quod
743 1409 1005 1482 plerique
1023 1415 1279 1465 vestrum
1300 1409 1531 1464 dicunt:
1550 1409 1781 1465 Scimus
1798 1412 1855 1463 et
1874 1424 2000 1473 nos,

350 1517 534 1556 unum
568 1516 695 1554 esse
726 1500 988 1554 omnium
1039 1499 1485 1565 Dominum,sed
1519 1502 1573 1553 et
1603 1497 1699 1553 isti
1731 1497 1808 1551 dii
1840 1500 1999 1551 sunt.

352 1590 515 1645 Sicut
544 1588 700 1644 enim
756 1604 909 1642 unus
955 1593 1041 1643 est
1063 1593 1273 1657 Caesar,
1324 1587 1502 1642 habet
1546 1592 1739 1640 autem
1786 1585 1895 1640 sub
1942 1602 2004 1641 se

350 1679 751 1748 administros,
785 1676 1146 1740 consulares,
1189 1676 1510 1747 praefectos,
1544 1676 1833 1741 tribunos,
1869 1691 2001 1728 cen-

348 1768 631 1836 turiones,
684 1766 933 1820 decanos
995 1783 1007 1820 :
1066 1765 1267 1819 eodem
1316 1765 1511 1831 modo,
1565 1779 1696 1817 cum
1743 1780 1895 1817 unus
1928 1764 2005 1817 sit

349 1872 599 1927 magnus
632 1859 803 1923 Deus,
839 1854 1024 1910 instar
1054 1853 1317 1921 Caesaris,
1352 1858 1409 1908 et
1440 1852 1561 1917 isti,
1620 1854 1690 1907 ad
1727 1851 2002 1907 similitu-
2034 1884 2081 1948 Β

351 1945 548 2000 dinem
580 1944 875 1998 minorum
907 1947 1284 2013 potestatum,
1341 1941 1419 1996 dii
1453 1946 1613 2009 sunt,
1663 1939 1715 1994 ei
1766 1939 2004 2010 quidem

352 2033 624 2104 subjecti,
659 2033 845 2087 nostri
869 2036 1065 2086 tamen
1092 2031 1535 2102 gubernatores.
1562 2028 1773 2082 Audite
1806 2027 2002 2098 igitur,

354 2122 454 2192 qui
486 2138 552 2175 ex
585 2121 693 2175 hac
725 2122 1095 2191 susceptione
1118 2136 1218 2189 per
1250 2135 1384 2174 eum
1418 2117 1574 2172 velut
1601 2116 1760 2189 gravi
1788 2132 2006 2171 veneno

355 2210 496 2267 estis
527 2209 747 2278 infecti,
775 2225 1012 2281 pravam
1044 2206 1304 2279 intelligo
1338 2206 1498 2261 allati
1529 2204 1781 2276 exempli
1813 2204 2005 2276 suspi-

357 2299 583 2355 cionem
618 2305 682 2353 ut
732 2298 934 2354 sciatis
981 2297 1119 2369 quid
1171 2297 1390 2351 bonum
1444 2298 1499 2350 et
1549 2294 1689 2365 quid
1744 2295 2006 2363 malum;

359 2390 619 2443 nondum
654 2388 809 2443 enim
844 2385 1241 2458 perspexistis,
1270 2384 1547 2457 quoniam
1582 2399 1686 2438 nec
1716 2399 1842 2454 quas
1877 2398 2008 2453 pro-

362 2477 579 2548 ponitis
611 2476 961 2549 intelligitis.

436 2569 554 2621 XV.
588 2565 647 2621 Si
676 2565 833 2619 enim
865 2563 1080 2632 dicitis,
1114 2564 1266 2633 quod
1301 2562 1372 2617 ad
1405 2560 1852 2616 similitudinem
1894 2562 2011 2613 Cae-

366 2655 513 2709 saris
546 2658 694 2708 Deus
715 2653 774 2706 in
808 2652 1000 2707 locum
1033 2652 1428 2722 subjectarum
1451 2655 1806 2721 potestatum
1840 2648 2014 2702 habet

368 2759 516 2813 quos
564 2741 781 2814 putatis
829 2742 988 2808 deos,
1042 2756 1224 2810 neque
1267 2740 1350 2795 sic
1406 2745 1665 2795 vestrum
1698 2734 2013 2808 sequimini

370 2831 723 2902 exemplum.
772 2830 920 2885 Nam
975 2830 1023 2884 si
1073 2828 1486 2900 sequeremini,
1540 2827 1595 2881 id
1648 2827 1795 2882 scire
1845 2825 2014 2896 opor-

375 2922 508 2985 tuit,
558 2919 693 2989 quia
740 2919 894 2974 sicut
943 2935 1057 2973 non
1134 2917 1271 2973 licet
1332 2934 1546 2972 nomen
1594 2914 1832 2971 Caesaris
1878 2914 2016 2967 dare

377 3008 565 3074 alteri,
601 3008 729 3062 dico
761 3013 957 3062 autem
989 3005 1072 3061 vel
1123 3005 1347 3062 consuli
1382 3004 1469 3061 vel
1501 3005 1769 3077 przefecto
1802 3001 1887 3057 vel
1910 3000 2018 3054 tri-

382 3097 539 3151 buno
578 3095 663 3151 vel
698 3095 862 3150 alteri
910 3095 1164 3166 cuipiam
1212 3095 1446 3165 (etenim
1498 3093 1596 3165 qui
1645 3091 1870 3147 dederit
1901 3106 2018 3144 non

380 3186 529 3241 vivet
568 3190 624 3240 et
671 3184 773 3256 qui
820 3184 1106 3256 acceperit
1156 3182 1493 3253 occidetur),
1567 3182 1646 3237 ita
1711 3198 1780 3236 ex
1828 3184 2018 3235 vestro

2102 606 2341 683 λομένην
2375 611 2525 683 ὑμῶν
2575 615 2654 682 τῷ
2697 615 2774 681 νῷ
2822 609 3142 683 ἐνθύμησιν.
3177 611 3292 665 Ἵνα
3324 607 3393 678 δὴ
3443 613 3490 646 ⁷9
3534 611 3619 665 καὶ
3666 606 3756 664 ὅν-

2098 718 2207 759 τως
2257 698 2526 773 ἀγνοήσας
2573 720 2657 760 τις
2714 700 2805 754 τὸν
2853 698 3092 774 παρόντα
3144 697 3259 771 βίον
3306 696 3622 771 τελευτήσῃ,
3666 693 3751 775 ἔγ-

2101 794 2296 859 κλημα
2323 784 2449 857 ἕξει,
2483 787 2563 841 ὅτι
2602 788 2806 863 βιώσας
2836 788 3037 863 χρόνον
3080 786 3179 841 οὐκ
3228 784 3371 862 ἔγνω
3403 785 3484 848 τίς
3512 785 3654 859 αὑτῷ
3694 808 3755 842 τε

2102 875 2190 929 καὶ
2243 880 2349 930 τῶν
2397 875 2544 948 αὑτῴ
2586 879 2631 913 ⁸ο
2680 876 3194 952 έπιχορηγηθεισῶν
3252 879 3471 953 τροφῶν
3525 876 3752 949 ὑπῆρξεν

2106 964 2413 1038 εὐεργέτης,
2445 964 2533 1019 καὶ
2566 968 2714 1024 221
2766 965 2848 1019 ὅτι
2880 968 2921 1001 ⁸¹
2975 965 3050 1027 ὡς
3105 963 3429 1035 ἀναίσθητος
3479 963 3571 1019 καὶ
3619 964 3764 1039 ἀχά-

2108 1072 2289 1127 ριστος
2319 1051 2463 1107 πολὺ
2492 1052 2704 1123 ἀνάξιος
2738 1050 2936 1116 δοῦλος
2963 1059 3066 1122 τῆς
3094 1049 3193 1108 τοῦ
3234 1056 3373 1108 Θεοῦ
3422 1048 3769 1125 ἀποδοκιμά-

2110 1146 2252 1210 ζεται
2284 1143 2330 1178 ⁸²
2366 1139 2666 1217 βασιλείας.

2180 1235 2321 1285 XIV.
2339 1228 2509 1309 Πάλιν
2532 1251 2591 1285 τε
2610 1232 2655 1267 ⁸³
2678 1224 2980 1286 ὑποϐάλλει
3016 1230 3142 1303 ὑμῖν
3163 1230 3191 1284 6
3218 1227 3394 1292 δεινὸς
3416 1225 3541 1308 ὄφις
3565 1227 3784 1299 ὑπόλη-

2109 1320 2223 1392 ψιν,
2254 1322 2416 1374 τοῦτο
2445 1324 2587 1374 νοεῖν
2618 1318 2708 1374 καὶ
2741 1318 2919 1395 λέγειν
2948 1316 3113 1373 τοῦτο
3143 1318 3295 1388 αὐτὸ,
3329 1319 3359 1373 ὃ
3397 1321 3444 1355 ⁸⁸
3494 1315 3691 1393 σχεδὸν
3719 1318 3777 1372 οἱ

2109 1413 2359 1462 πλεῖστοι
2418 1408 2567 1481 ὑμῶν
2630 1406 2901 1485 λέγουσιν’
2964 1409 3147 1481 Ἰσμεν
3202 1408 3292 1463 καὶ
3342 1409 3508 1480 ἡμεῖς
3559 1406 3641 1461 ὅτι
3695 1406 3780 1468 εἰς

2111 1496 2250 1550 ἐστὶν
2285 1498 2312 1551 6
2351 1496 2563 1552 πάντων
2616 1496 2833 1573 Κύριος,
2893 1494 3041 1551 ἀλλὰ
3094 1496 3184 1551 καὶ
3244 1496 3396 1551 οὗτοι
3437 1496 3550 1551 θεοί
3609 1495 3773 1552 εἰσιν.

2110 1586 2312 1661 ’Όνπερ
2370 1587 2471 1661 γὰρ
2524 1585 2724 1661 τρόπον
2787 1586 2861 1646 εἷς
2919 1584 3059 1639 ἐστὶν
3112 1586 3139 1639 ὁ
3191 1590 3393 1659 Καῖσαρ
3443 1586 3508 1656 ⁸⁵,
3550 1583 3665 1659 ἔχει
3710 1581 3778 1639 δὲ

2114 1674 2202 1728 ὑπ’
2232 1673 2387 1728 αὐτὸν
2440 1674 2567 1736 τοὺς
2628 1672 2933 1744 διοικητὰς,
2969 1674 3283 1744 ὑπατικοὺς,
3318 1673 3614 1748 ἐπάρχους,
3674 1694 3775 1749 χι-

2113 1761 2403 1838 λιάρχους,
2460 1763 2917 1839 ἑκατοντάρχους,
2967 1760 3339 1839 δεκαδάρχους
3370 1765 3435 1830 ⁸⁸,
3468 1764 3558 1816 τὸν
3608 1760 3776 1816 αὑτὸν

2112 1853 2312 1927 τρόπον
2343 1853 2457 1913 ἑνὸς
2490 1850 2643 1914 δίντος
2672 1857 2768 1906 τοῦ
2804 1850 3047 1925 μεγάλου
3098 1856 3232 1907 Θεοῦ
3264 1851 3447 1927 ὥσπερ
3501 1850 3775 1924 Καίσαρος

2113 1943 2202 1997 καὶ
2235 1943 2385 1997 οὗτοι
2415 1945 2457 1979 ⁸⁷
2488 1944 2623 1997 κατά
2650 1943 2741 1996 τὸν
2790 1947 2897 1997 τῶν
2952 1941 3323 2015 ὑποκειμένων
3373 1942 3625 2011 ἐξουσιῶν
3672 1939 3775 1995 λό-

2113 2052 2205 2107 γον
2259 2030 2371 2084 θεοί
2425 2030 2579 2100 εἰσιν,
2634 2030 2980 2103 ὑποκείμενοι
3028 2031 3121 2103 μὲν
3174 2030 3387 2103 ἐκείνῳ,
3439 2027 3781 2091 διοικοῦντες

2117 2117 2174 2174 δὲ
2220 2122 2389 2192 ἡμᾶς.
2440 2120 2733 2176 Ἀκούσατε
2772 2117 2864 2174 οὖν
2912 2120 2963 2173 οἳ
3011 2118 3181 2193 ταύτῃ
3223 2123 3292 2193 τῇ
3344 2119 3573 2190 ὑπονοίᾳ
3619 2121 3665 2156 ⁸⁸
3694 2119 3781 2181 ὡς

2118 2204 2274 2280 δεινῴ
2305 2206 2724 2284 ἀπολειφθέντες
2756 2206 2825 2281 ἰῷ
2866 2208 2954 2262 ὑπ’
3003 2208 3192 2280 αὑτοῦ,
3226 2205 3371 2284 λέγω
3421 2205 3479 2262 ’δὲ
3525 2211 3621 2262 τοῦ
3669 2228 3782 2261 πα-

2121 2294 2482 2372 ραδείγματος
2539 2297 2638 2365 τήν
2696 2298 2867 2365 κακὴν
2930 2295 3211 2365 ὑπόνοιαν,
3263 2295 3415 2358 ὅπως
3475 2294 3653 2366 εἰδῆτε
3716 2296 3779 2351 τί

2117 2385 2283 2440 καλὸν
2316 2385 2405 2439 καὶ
2434 2384 2487 2440 τί
2516 2385 2775 2460 πονηρόνο
2811 2382 2964 2441 οὔπω
2994 2386 3097 2461 γὰρ
3128 2380 3481 2459 ἀνεϐλέψατε,
3514 2384 3595 2440 ὅτι
3648 2382 3777 2440 οὐδὲ

2117 2480 2236 2536 τοῖς
2273 2469 2752 2550 προϐαλλομένοις
2786 2475 2874 2554 ὑφ’
2906 2474 3057 2547 ὑμῶν
3090 2473 3327 2550 ἐνορᾶτε.

2191 2566 2301 2621 XV.
2364 2563 2423 2617 Εἰ
2480 2563 2583 2639 γάρ
2641 2584 2793 2641 φατε,
2827 2563 2904 2625 ὡς
2961 2562 3036 2626 εἷς
3094 2566 3140 2601 ⁸³
3195 2564 3288 2618 τὸν
3344 2567 3443 2618 τοῦ
3505 2562 3775 2638 Καίσαρος

2120 2651 2280 2728 λόγον
2338 2652 2429 2706 τὸν
2491 2650 2616 2706 Θεὸν
2677 2649 2825 2728 ἔχειν
2894 2651 2991 2714 τὰς
3080 2651 3438 2725 ὑποκειμένας
3514 2651 3785 2723 ἐξουσίας,

2119 2742 2246 2804 τοὺς
2280 2739 2610 2815 λεγομένους
2642 2740 2818 2813 θεοὺς,
2853 2738 2967 2796 οὐδ’
3004 2740 3179 2804 οὕτως
3208 2745 3288 2813 τῷ
3320 2742 3471 2814 ὑμῶν
3504 2746 3787 2816 ποιχεῖτε

2123 2828 2540 2906 παραδείγματι.
2592 2830 2658 2884 Ei’
2705 2832 2808 2905 γὰρ
2857 2829 3176 2906 ὲστοιχεῖτε.
3208 2829 3380 2905 ἐχρῆν
3425 2828 3571 2884 τοῦτ’
3600 2832 3645 2866 ⁹⁰
3697 2829 3782 2884 εἷ-

2126 2918 2505 2988 δέναι,ὅτι,ὠς
2537 2918 2635 2973 οὐκ
2665 2916 2832 2989 ἔξεστι
2861 2921 2924 2974 τὸ
2952 2920 3223 2994 Καίσαρος
3258 2914 3432 2991 ὄνομα
3463 2919 3629 2994 ἑτέρῳ
3656 2916 3787 2973 δοῦ-

2124 3031 2229 3077 ναι,
2245 3008 2388 3083 λέγω
2410 3005 2475 3076 δὴ
2494 3008 2528 3076 ἢ
2557 3008 2743 3081 ὑπάτῳ
2760 3008 2793 3076 ἧ
2816 3000 3044 3083 ἐπάρχῳ
3067 3011 3221 3066 222
3252 3010 3285 3076 ἢ
3307 3007 3595 3083 χιλιάρχῳ
3612 3009 3648 3076 ἢ
3672 3007 3788 3062 ἑτέ-

2129 3119 2208 3173 ρῳ
2235 3097 2341 3151 τινί
2364 3096 2467 3170 (ὅτι
2500 3098 2528 3150 6
2560 3094 2741 3158 διδοὺς
2776 3097 2836 3152 οὐ
2872 3096 3215 3169 ζήσεται,καὶ
3247 3099 3275 3152 6
3305 3091 3601 3169 λαμϐάνων
3639 3097 3790 3150 ἀναι-

2131 3188 2452 3261 ρεθήσεται),
2512 3185 2685 3248 οὕτως
2745 3185 2804 3240 ἐκ
2857 3191 2953 3241 τοῦ
3017 3186 3281 3261 ὑμετέρου
3338 3183 3787 3260 παραδείγματος

378 3273 639 3346 exemplo
671 3273 772 3328 Dei
803 3290 1012 3329 nomen
1065 3272 1231 3328 alteri
1280 3272 1442 3327 nefas
1472 3275 1560 3327 est
1599 3269 1843 3342 imponi,
1878 3268 2009 3324 alio-

2128 3278 2190 3331 τὸ
2219 3279 2261 3313 ⁹¹
2293 3279 2424 3333 Θεοῦ
2474 3268 2645 3347 ὄνομα
2686 3274 2854 3350 ἑτέρῳ
2903 3273 3123 3344 δοθῆναι
3156 3274 3257 3329 οὐκ
3286 3271 3506 3345 ἔξεο-τιν’
3542 3274 3658 3329 ἐπεὶ
3688 3274 3777 3328 καὶ

378 3363 519 3435 quin
552 3368 607 3417 et
637 3363 735 3434 qui
757 3362 1066 3418 tentaverit
1087 3361 1172 3417 vel
1197 3361 1456 3432 accipere
1477 3360 1564 3415 vel
1585 3360 1814 3415 tradere
1836 3359 2016 3413 inter-

374 3451 500 3505 ibit.
549 3451 711 3515 Quod
761 3451 811 3506 si
861 3449 1221 3505 contumelia
1264 3449 1489 3504 homini
1540 3448 1639 3503 illa
1667 3465 1867 3520 pmnas
1899 3448 2017 3514 dat,

371 3541 554 3595 multo
586 3540 795 3612 magis,
840 3539 938 3610 qui
984 3538 1130 3594 alios
1175 3539 1314 3594 deos
1362 3537 1582 3606 dicunt,
1632 3542 1909 3609 tanquam
1960 3535 2020 3591 in

371 3635 551 3685 Deum
585 3627 995 3683 contumeliosi
1031 3632 1243 3682 aeterno
1276 3626 1666 3697 subjicientur
1708 3624 2016 3696 supplicio.

370 3719 439 3773 Et
471 3717 701 3782 merito,
736 3715 875 3788 quia
904 3732 1118 3771 nomen
1166 3715 1320 3787 quod
1366 3715 1423 3769 in
1460 3714 1859 3770 monarchiam
1891 3715 2019 3783 ejus

369 3807 532 3862 vobis
565 3806 636 3861 ad
669 3805 1078 3861 honorandum
1109 3804 1390 3859 traditum
1422 3808 1531 3872 est,
1565 3803 1723 3858 omni
1754 3820 1870 3874 qua
1918 3818 2018 3874 po-

370 3895 571 3952 tuistis
603 3893 875 3950 aﬁ'ecistis
899 3893 1273 3949 contumelia.
1296 3892 1422 3947 Non
1457 3892 1612 3947 enim
1644 3908 1773 3947 vero
1806 3906 2017 3946 nomen

374 3986 502 4056 ejus
534 3989 622 4040 est
651 3990 804 4038 Deus
840 4001 852 4039 :
890 3988 950 4038 at
1001 4000 1122 4050 vos,
1175 3982 1275 4053 qui
1322 3981 1463 4036 illud
1512 3981 1808 4053 quondam
1857 3995 2017 4035 acce-

374 4073 838 4146 pistis,tractatis
886 4071 1321 4138 contumeliose,
1369 4071 1521 4141 quod
1575 4070 1738 4125 vobis
1778 4085 2020 4124 conces-

375 4180 507 4217 sum
546 4162 693 4229 fuit;
737 4167 803 4217 ut
833 4161 1331 4232 quemadmodum
1365 4176 1429 4214 eo
1458 4159 1547 4215 usi
1581 4159 1827 4224 fueritis,
1859 4158 1916 4212 id
1947 4158 2018 4213 ad

372 4267 574 4307 verum
606 4250 766 4306 illius
797 4267 1008 4305 nomen
1032 4250 1456 4305 referatur.Vos
1475 4254 1668 4304 autem
1694 4248 1838 4302 illud
1861 4246 2021 4302 omni

372 4340 725 4413 exposuistis
755 4339 1087 4411 opprobrio.

444 4429 591 4485 XVI.
626 4434 825 4500 Itaque
853 4433 1181 4485 vestrorum
1230 4427 1633 4499 J’Egyptiorum
1688 4428 1885 4499 primi,
1921 4426 2020 4499 qui

370 4520 443 4575 de
474 4534 668 4573 rerum
701 4516 1021 4573 cmlestium
1053 4517 1295 4573 scientia
1317 4517 1643 4589 gloriantur
1663 4522 1720 4571 et
1750 4518 1819 4572 de
1841 4522 2020 4572 astro-

2130 3366 2157 3419 6
2205 3364 2478 3440 πειραθεὶς
2534 3361 2634 3432 ἤτε
2694 3358 2878 3419 λαϐεῖν
2930 3361 3029 3432 ἤτε
3059 3366 3103 3401 ⁹²
3139 3361 3323 3418 δοῦναι
3355 3359 3689 3420 ἀπόλλυται.
3722 3362 3786 3417 Ei

2130 3450 2187 3508 δὲ
2234 3456 2268 3522 ἡ
2322 3453 2403 3507 ἐπ’
2452 3452 2737 3527 ἀνθρώπου
2785 3455 2830 3489 9³
2880 3447 3035 3527 ὕϐρις
3089 3449 3246 3520 δίκην
3300 3450 3553 3528 παρέχει,
3586 3449 3792 3522 πολλῷ

2134 3540 2344 3615 μᾶλλον
2381 3542 2432 3595 οἱ
2463 3542 2676 3614 ἑτέρους
2710 3540 2862 3602 θεοὺς
2908 3540 3160 3616 λέγοντες
3195 3540 3269 3603 ὠς
3303 3544 3431 3596 Θεὸν
3470 3536 3789 3615 ὑϐρίσαντες

2129 3630 2334 3703 αἰωνίῳ
2367 3629 2742 3685 ὑποκείσονται
2772 3628 3017 3685 κολάσει.
3052 3629 3150 3684 Καὶ
3184 3629 3449 3705 εὐλόγως,
3485 3629 3567 3683 ὅτι
3610 3630 3673 3682 τὸ
3706 3628 3790 3690 εἰς

2128 3720 2227 3787 τὴν
2257 3721 2420 3773 αὑτοῦ
2456 3718 2758 3793 μοναρχίαν
2808 3719 3107 3793 παραδοθὲν
3158 3719 3284 3791 ὑμῖν
3318 3721 3364 3754 9‘
3389 3722 3553 3790 τιμᾷν
3605 3712 3793 3789 ὄνομα

2128 3809 2270 3881 πάσῃ
2364 3804 2674 3877 ἠδυνήθητε
2704 3801 3002 3862 ὑπεϐάλετε
3032 3802 3205 3880 imper
3239 3806 3301 3862 οὑ
3350 3807 3453 3881 γὰρ
3500 3807 3561 3860 τὸ
3611 3801 3789 3867 ὅντως

2130 3895 2270 3951 ἐστὶν
2316 3895 2479 3951 αὐτοῦ
2533 3891 2709 3969 ὄνομα
2753 3896 2904 3963 Θεὸς,
2955 3893 3082 3950 ἀΛλ’
3131 3896 3288 3969 ὑμεῖς
3335 3896 3474 3957 τέως
3514 3897 3558 3932 ⁵³
3589 3915 3787 3969 παρει-

2130 3984 2365 4063 ληφότες
2398 3980 2647 4058 ὑϐρίσατε
2676 3984 2705 4039 ’ὀ
2738 3982 2899 4054 ἐδόθη
2930 3985 3075 4057 ὑμῖν,
3104 3983 3198 4039 τίνα
3228 3986 3305 4047 ὡς
3348 3985 3407 4039 ἂν
3444 3984 3592 4055 αὐτῷ
3636 3986 3787 4059 χρή-

2131 4086 2313 4144 σησθε,
2350 4073 2425 4135 είς
2456 4074 2519 4128 τὸ
2552 4068 2722 4135 ὅντως
2756 4072 2920 4127 αὐτοῦ
2979 4068 3154 4147 ὄνομα
3206 4072 3459 4150 λογισθῇσ
3516 4072 3673 4146 ὑμεῖς
3731 4070 3789 4127 δὲ

2128 4163 2258 4218 αὐτὸ
2288 4164 2430 4238 πάσῃ
2462 4157 2612 4239 ὕϐρει
2648 4156 2966 4221 ὑπεϐαλετε.

2200 4436 2341 4486 XVI.
2372 4428 2578 4486 Αὐτίκα
2606 4432 2735 4503 γοῦν
2767 4432 2875 4484 τῶν
2930 4428 3237 4506 Αἰγυπτίων
3301 4428 3452 4500 ὑμῶν
3501 4428 3553 4482 οἱ
3598 4426 3780 4504 ἀρχη-

2128 4518 2298 4594 γέται,
2355 4519 2406 4573 οἱ
2468 4518 2592 4593 περὶ
2664 4516 3102 4592 μενεωρολογίας
3169 4516 3463 4593 αὐχοῦντες
3530 4517 3620 4570 καὶ
3668 4521 3775 4570 τῶν

367 4624 499 4663 rum
532 4612 737 4662 natura
770 4624 831 4662 se
872 4608 1101 4678 jactant
1151 4606 1430 4676 judicare,
1476 4604 1619 4659 illud
1671 4622 1883 4661 nomen
1915 4622 2009 4678 per

2125 4606 2332 4682 ἄστρων
2383 4606 2476 4668 τὰς
2527 4604 2711 4684 φύσεις
2762 4602 3053 4683 διακρίνειν
3124 4604 3623 4682 ἐπαγγελλόμενοι,
3676 4605 3781 4660 ὑπὸ

368 4696 584 4751 malum
617 4695 674 4750 in
706 4712 766 4751 se
798 4695 1074 4751 latentem
1125 4695 1459 4767 opinionem
1492 4693 1651 4749 omni
1682 4695 1811 4766 ejus
1852 4695 2015 4767 igno-

367 4785 587 4855 miniae,
648 4790 936 4857 quantum
988 4784 1048 4840 in
1105 4784 1216 4856 ipsi
1264 4784 1394 4849 fuit,
1427 4783 1821 4855 subjecerunt.
1868 4784 2016 4840 Nam

366 4874 464 4930 alii
495 4891 697 4932 eorum
732 4875 935 4931 bovem
966 4874 1064 4945 qui
1110 4872 1327 4929 dieitur
1374 4871 1513 4944 Apis
1558 4871 1868 4929 colendum
1896 4878 2016 4930 tra-

2124 4702 2295 4765 κακῆς
2351 4694 2534 4757 αὐτοῖς
2584 4692 2997 4770 ένδομυχούσης
3048 4695 3303 4758 ὑπονοίας
3358 4695 3502 4768 πάσῃ
3561 4694 3691 4749 αὐτὸ
3738 4697 3783 4731 ⁸⁸

2125 4784 2317 4859 ἀτιμίᾳ
2346 4784 2469 4840 ὅσον
2510 4784 2574 4839 τὸ
2615 4783 2731 4839 κατ’
2780 4782 2976 4848 αὐτοὺς
3005 4788 3048 4823 9⁷
3094 4780 3383 4841 ὑπέϐαλον.
3415 4784 3480 4839 Οἱ
3532 4784 3626 4856 μὲν
3674 4785 3778 4859 γάρ

2125 4874 2299 4929 αὐτῶν
2328 4871 2626 4950 παρέδοσαν
2665 4873 2793 4949 βοῦν
2842 4873 2933 4928 τὸν
2981 4872 3275 4951 λεγόμενον
3309 4878 3471 4929 ’Ἀπιν
3504 4874 3547 4909 ³⁸
3579 4866 3777 4942 σέϐειν,

1724 5015 1965 5073 VARle
2003 5019 2412 5076 LECTIONES.

436 5141 482 5176 7°
514 5136 598 5194 i’va
655 5135 711 5193 δέ
769 5140 827 5197 C.
889 5140 974 5196 ἐὰν

366 5212 540 5267 hante
573 5213 636 5281 Ο,
674 5211 1134 5284 ἐπικουρηθειᾶῶν
1166 5219 1224 5271 C.
1279 5211 1344 5248 ‘8‘

1030 5160 1086 5215 p.
1132 5139 1219 5195 'iva
1277 5140 1553 5217 proponit
1610 5140 1689 5217 S._
1747 5140 1792 5175 ⁸⁰
1823 5138 2013 5217 ..αὐτοῦ
2052 5146 2215 5217 Δ(ποιῇ.
2249 5144 2513 5217 D.7Tgurn‘
2534 5138 3042 5217 ἐπιχορηγηθεισῶν
3081 5143 3227 5217 ex
3255 5143 3777 5217 conjeAct.,__appro-

1425 5217 1646 5283 ortasse
1677 5210 1786 5283 leg.
1822 5208 1896 5265 ἔτι
1930 5215 2014 5270 vel
2049 5212 2136 5269 ἐπί
2168 5208 2223 5272 S.
2302 5216 2347 5250 ⁸²
2380 5208 2687 5283 ἀποδοκιμῖ

2302 5216 2347 5250 ⁸²
2380 5210 2840 5284 ἀποδοκιμὀἱσεται
2873 5214 2932 5269 S.
3008 5216 3054 5251 ⁸³
3087 5212 3143 5269 δέ
3174 5210 3381 5271 scribit
3409 5210 3778 5284 Schlielﬁané

366 5301 481 5359 nus
511 5279 677 5359 Cen}.
713 5303 769 5356 p.
806 5279 1084 5359 436,569.
1117 5287 1185 5359 S.
1210 5279 1531 5359 Τυωᾶλλο
1566 5279 1813 5359 ρ.-τοῦτο
1839 5288 1994 5359 conj.
2030 5288 2087 5343 S.
2121 5290 2233 5344 Cfr.
2286 5293 2516 5359 Rewgn.
2550 5279 2701 5348 v,'19
2735 5288 3407 5359 :Aalium..._opiniionem.‘
3464 5285 3509 5359 3f
3559 5286 3659 5337 τοῦ
3714 5283 3775 5359 τὸ

364 5354 495 5433 αὐτὸ
525 5354 587 5433 οὑ
617 5352 871 5433 0,·τοῦτο
904 5352 964 5433 σε
996 5363 1053 5433 Ο,
1089 5357 1198 5433 qui_
1250 5358 1493 5433 conject.
1551 5352 1795 5433 τοῦτο-δ.
1828 5352 2083 5433 Οοιιὶδθχὶᾼ
2114 5352 2645 5433 interpunctionem
2696 5357 2785 5433 9i.
2862 5358 2907 5391 ⁸⁵
2937 5352 3136 5433 Καίσαρ
3169 5358 3232 5414 Ο.
3310 5358 3353 5393 ⁸⁸
3384 5352 3689 5433 δεκάρχους

363 5427 405 5501 εξτ
438 5433 524 5501 Ita
554 5428 610 5492 S,
646 5425 797 5481 αὐτοί
830 5428 892 5491 C.
922 5429 986 5483 Ο.
1023 5424 1135 5501 isti",
1166 5424 1391 5501 Recogri.
1426 5428 1471 5501 1.7
1498 5442 1547 5501 ο.
1623 5426 1688 5501 ⁸⁸-
1726 5428 1877 5501 Lect.
1939 5431 2127 5501 Ottoh.
2190 5424 2523 5501 suspicatus
2571 5433 2660 5501 est
2692 5428 2748 5491 S,
2775 5497 2786 5501 _
2810 5424 3117 5501 expressit'
3152 5437 3345 5484 tamen
3405 5424 3607 5501 ταότὴν
3667 5428 3770 5494 τήν

364 5497 702 5583 ὑπόνοιανςο.
828 5494 1636 5583 Tumndua).‘sie05vtsi1idefrl:
1672 5494 2077 5583 ἐπαλειφθέντες
2107 5504 2164 5559 S.
2242 5494 2582 5556 8°-Fortasse
2612 5499 2664 5555 le

361 5571 406 5604 9’
436 5568 668 5632 πεισθεὶς
726 5567 831 5623 sifts
890 5565 1075 5624 λαϐεῖν
1130 5565 1235 5626 εἴτε
1266 5579 1328 5626 U.

362 5641 537 5696 deleri
571 5641 693 5695 vult
721 5642 787 5711 D,
820 5646 980 5695 τοῦτο
1011 5645 1065 5699 S.
1102 5646 1228 5699 Jam
1261 5641 1407 5697 nihil
1434 5640 1808 5711 mutandum,

361 5712 518 5767 idem
548 5710 608 5767 in
642 5708 800 5770 textu
833 5715 892 5771 S.
925 5715 1079 5772 Fort.
1113 5714 1491 5772 scribendum
1519 5708 1714 5772 αὐτοὺς
1747 5709 1896 5768 αὐτό.

1408 5571 1452 5605 9³
1485 5566 1568 5621 ἐπ’
1607 5542 1720 5624 civi).
1779 5542 1932 5641 code
1991 5542 2173 5638 C,‘&:t'
2207 5574 2286 5629 id.
2328 5573 2387 5628 in
2416 5574 2601 5636 textu,
2638 5542 2701 5641 οἳ
2733 5571 2800 5641 Q.

3049 5502 3280 5555 θοτοῦτο
3332 5504 3390 5555 C.
3467 5499 3508 5534 ⁰¹
3561 5501 3663 5552 τοῦ
3709 5504 3771 5553 C.

2876 5572 2921 5644 8‘
2951 5572 3085 5644 ἡμῖν
3126 5572 3191 5629 Ο.
3269 5573 3312 5608 9'
3340 5570 3402 5624 τὸ
3420 5570 3505 5644 ίὼς
3540 5576 3579 5624 C
3610 5571 3773 5644 quod

2668 5516 2723 5571 g.
2758 5497 2971 5555 ὡσείήε.

1886 5638 1928 5677 9⁵
2122 5646 2265 5772 ἃάἀό
2293 5662 2342 5700 c.
2375 5647 2439 5699 Ο.
2516 5643 2559 5677 9⁷
2614 5638 2808 5702 αὐτούς
2866 5642 2909 5699 Ο
2968 5638 3028 5699 et
3082 5647 3121 5698 C
3175 5659 3245 5701 ex
3303 5643 3571 5714 conject.,
3603 5638 3776 5696 αὐτοῦ

1886 5755 1896 5768 .
2044 5735 2186 5772 απην
2267 5757 2279 5771 .

2044 5735 2186 5787 απην
2220 5735 2279 5772 υ.
