4086 6216
49 1823 68 1858 ὀ

55 1889 65 1916 f
83 1909 86 1914 .

91 2057 128 2080 ’.θ’

99 2127 126 2168 ,ἐς

93 2255 105 2272 1

99 2283 106 2306 1

75 2329 88 2340 ς

67 2435 98 2461 3".

528 487 638 545 2⁵11

1359 479 1424 532 S.
1472 472 1914 533 CLEMEN'I‘IS
1959 471 1982 530 Ι
2032 473 2218 531 ltUM.
2269 473 2493 530 Ilo-NT.
2545 473 2804 531 UPERA
2856 474 3117 535 DUBIA.

3820 475 3944 533 272

527 630 674 676 esse,
705 614 770 664 ut
801 607 1064 664 omnium
1106 608 1446 674 creatorem,
1478 603 1560 657 ita
1605 607 1662 657 et
1707 601 2018 673 optimum.
2072 602 2174 657 Po-

2316 599 2382 654 ιαὶ
2440 599 2738 676 κρείττονα.
2775 603 3024 676 Κρεῖττὸν
3077 601 3186 657 ἐστι
3246 600 3466 675 δυνάμει
3519 602 3611 673 μὲν
3655 602 3718 657 τὸ
3747 601 3936 656 ποιοῦν

526 700 744 756 tentius
776 695 992 768 quippe
1023 700 1111 749 est
1141 694 1296 765 quod
1331 692 1465 748 facit
1493 709 1581 761 eo,
1616 691 1769 763 quod
1803 693 1906 759 fit;
1948 688 2179 762 magni-

526 787 751 854 tudine,
787 785 943 858 quod
977 783 1275 838 infinitum
1309 787 1418 847 est,
1443 781 1625 835 ﬁnitis
1653 799 1665 849 ;
1689 779 1880 852 specie
1912 779 2179 851 pulcher-

531 877 750 933 rimum
777 892 790 942 ;
825 873 1098 928 felicitate
1131 870 1577 938 beatissimum;
1613 873 1805 924 mente
1827 867 2179 940 perfectissi-

534 981 720 1020 mum.
756 960 1041 1018 Similiter
1079 964 1276 1016 autem
1307 959 1448 1014 etin
1477 957 1607 1014 aliis
1636 957 1762 1030 ipse
1811 958 2185 1028 incompara-

536 1053 732 1108 biliter
763 1049 999 1107 eminet.
1027 1052 1171 1104 Cum
1203 1063 1363 1119 ergo,
1395 1047 1548 1102 sicut
1579 1045 1720 1113 dixi,
1773 1044 1868 1101 Dei
1926 1044 2002 1102 sit
2050 1061 2184 1116 pro-

540 1141 756 1215 prium,
785 1139 1011 1195 cunctis
1043 1153 1172 1194 esse
1194 1136 1517 1200 meliorem,
1541 1137 1613 1191 ab
1636 1135 1763 1208 ipso
1786 1138 1984 1190 autem
2003 1134 2188 1189 factus

538 1231 636 1299 sit,
669 1228 769 1301 qui
800 1227 998 1284 omnia
1027 1225 1429 1297 complectitur
1477 1225 1758 1295 mundus,
1810 1223 2040 1294 penitus
2088 1237 2188 1276 ne-

537 1319 790 1375 cessario
821 1317 934 1372 diei
965 1316 1152 1384 debet,
1187 1313 1411 1370 nullam
1443 1329 1640 1369 rerum
1671 1314 1744 1368 ab
1770 1329 1835 1368 eo
1859 1316 2187 1369 creatarum

538 1423 711 1479 posse
741 1423 876 1461 cum
909 1405 1035 1478 ipso
1066 1402 1316 1460 conferri
1349 1407 1406 1458 et
1435 1401 1741 1472 exaequari.

608 1494 720 1550 XX.
755 1495 928 1549 Porro
958 1492 1235 1556 mundus,
1269 1492 1368 1563 qui
1413 1508 1525 1546 non
1576 1495 1665 1546 est
1711 1486 2193 1562 incomparabilis

540 1589 596 1639 et
625 1583 874 1639 eximius
925 1587 1098 1654 atque
1147 1580 1308 1636 omni
1355 1596 1424 1636 ex
1473 1583 1637 1651 parte
1685 1578 1846 1634 nullo
1895 1578 2191 1650 indigens,

546 1678 699 1728 Deus
724 1689 852 1728 esse
882 1669 1105 1742 nequit.
1138 1670 1236 1724 Sin
1270 1685 1404 1726 vero
1436 1673 1594 1724 totus
1618 1685 1896 1740 munpus,
1931 1667 1989 1722 in
2011 1684 2196 1737 quan-

547 1765 675 1816 tum
705 1759 977 1815 conditus
1008 1757 1136 1828 fuit,
1172 1758 1324 1814 Deus
1357 1773 1486 1813 esse
1519 1757 1741 1828 nequit,
1767 1761 1985 1828 quanto
2010 1754 2198 1826 magis

551 1849 714 1905 illius
747 1852 942 1921 partes
972 1864 1086 1902 non
1109 1850 1258 1902 recte
1275 1846 1376 1900 Dei
1411 1861 1620 1900 nomen
1645 1845 1973 1917 accipient?
1997 1849 2198 1900 Partes

557 1943 752 1995 autem
785 1937 934 2007 dico,
965 1952 1115 2007 quos
1145 1935 1366 1992 vocatis
1393 1936 1552 2002 deos,
1588 1934 1868 1989 nimirum
1926 1951 1996 1990 ex
2033 1950 2196 1999 auro,

556 2031 816 2100 argento,
848 2042 980 2093 aere,
1012 2024 1227 2096 lapide,
1266 2022 1354 2079 vel
1400 2023 1515 2080 alia
1561 2040 1908 2096 quacunque
1961 2023 2205 2078 materia

557 2118 764 2183 factos,
816 2115 1176 2186 insuperque
1199 2112 1466 2168 mortalis
1496 2130 1708 2169 manus
1739 2112 1988 2185 opiﬁcia.
2043 2117 2205 2168 Atta-

557 2221 690 2260 men
719 2203 1025 2258 videamus
1057 2207 1356 2274 praaterea,
1387 2200 1636 2272 qualiter
1694 2218 1797 2273 per
1839 2219 1903 2257 os
1949 2200 2206 2256 hominis

553 2293 931 2366 importunus
946 2306 1187 2363 serpens
1205 2291 1475 2362 deceptos
1493 2290 1936 2346 inductionibus
1962 2289 2202 2346 inliciat.

624 2468 765 2525 XXI.
807 2468 1013 2524 Dicunt
1039 2466 1199 2524 enim
1233 2467 1426 2523 multi.
1476 2468 1542 2523 In
1587 2468 1808 2523 nostris
1859 2467 2206 2524 numinibus

557 2575 676 2615 non
707 2573 916 2614 aurum
959 2573 1142 2628 neque
1177 2560 1486 2628 argentum
1518 2573 1623 2613 nec
1649 2555 1875 2629 lignum
1909 2561 2010 2612 aut
2055 2555 2204 2628 lapi-

559 2647 693 2702 dem
724 2647 1076 2702 adoramus:
1113 2645 1335 2700 scimus
1365 2661 1621 2715 namque
1651 2651 1708 2701 et
1737 2663 1842 2701 nos
1899 2646 2012 2702 ista
2059 2644 2205 2701 nihil

562 2752 710 2804 esse,
743 2739 949 2807 praeter
969 2734 1292 2788 inanimam
1325 2734 1627 2789 materiem
1660 2740 1719 2789 et
1741 2733 2006 2790 mortalis
2025 2734 2209 2790 homi-

565 2824 657 2879 nis
685 2823 1022 2894 artiﬁcium,
1069 2823 1169 2878 sed
1220 2823 1496 2894 spiritum
1541 2823 1640 2894 qui
1687 2823 1744 2878 in
1799 2823 1917 2879 illis
1966 2824 2205 2894 residet,

565 2913 738 2968 deum
762 2913 1106 2968 asserimus.
1134 2911 1277 2967 Vide
1311 2911 1423 2967 ista
1472 2913 1893 2984 proferentium
1944 2913 2208 2985 maligni-

562 3004 742 3056 tatem
767 3018 780 3056 :
815 3017 948 3055 nam
982 3000 1141 3072 quia,
1175 3001 1330 3071 quod
1355 3005 1614 3072 apparet,
1641 3001 1904 3057 convinci
1927 3000 2091 3057 facile
2113 3018 2210 3073 po-

562 3093 698 3154 test,
731 3089 885 3160 quod
921 3087 1064 3144 nihil
1097 3090 1194 3158 sit,
1224 3089 1294 3144 ad
1328 3089 1384 3144 id
1418 3090 1572 3161 quod
1606 3105 1718 3144 non
1750 3090 1982 3145 videtur
2011 3090 2210 3145 confu-

560 3177 748 3250 giunt,
783 3177 951 3249 quasi
985 3177 1043 3232 in
1074 3194 1134 3233 re
1165 3177 1384 3233 incerta
1415 3183 1712 3250 nequeant
1744 3178 2052 3233 confutari.
2089 3183 2206 3234 No-

559 3266 789 3322 biscum
820 3271 1014 3322 tamen
1047 3283 1116 3321 ex
1145 3270 1308 3336 parte
1337 3265 1435 3322 isti
1457 3267 1827 3335 conﬁtentur,
1855 3267 2009 3338 quod
2033 3267 2206 3322 dimi-

2289 693 2384 742 τοῦ
2413 689 2745 762 ποιουμένου
2780 692 2842 762 ιδ,
2877 693 3012 764 πρὸς
3049 693 3273 768 μέγεθος
3321 693 3381 746 τὸ
3432 693 3647 766 ἄπειρον
3690 696 3785 746 τοῦ
3829 712 3928 746 πε-

2292 777 2648 852 περασμένου·
2699 779 2835 852 πρὸς
2893 778 3037 842 εἶδος
3103 783 3163 835 τὸ
3211 780 3636 857 εὐμορφότατον,
3669 781 3795 856 πρὸς
3844 781 3925 835 εὐ-

2295 863 2580 938 δαιμονίαν
2630 865 2692 921 τὸ
2747 869 3176 943 μακαριώτατον,
3215 872 3361 928 525
3421 869 3556 944 πρὸς
3610 873 3726 922 νοῦν
3757 869 3812 922 τὸ
3841 890 3920 924 τε·

2297 954 2573 1011 λειότατον
2629 959 2690 1012 ¹⁵.
2724 957 2960 1030 Ὁμοίως
3009 955 3068 1012 δὲ
3111 959 3200 1013 καὶ
3230 958 3279 1013 ἐν
3311 964 3428 1020 τοῖς
3469 956 3661 1018 ἄλλοις
3707 957 3852 1018 αὐτὸς
3883 961 3922 996 ¹⁶

2297 1039 2700 1116 ἀπαραϐλήτως
2729 1046 2829 1113 τὴν
2861 1047 3136 1122 ὑπεροχὴν
3169 1044 3308 1122 ἔχει.
3344 1048 3495 1101 Ἐπεὶ
3526 1043 3648 1113 οὖν,
3681 1045 3753 1107 ὡς
3783 1042 3931 1123 ἔφην,

2295 1127 2436 1186 ἴδιον
2484 1137 2616 1187 Θεοῦ
2664 1135 2727 1188 τὸ
2775 1133 2933 1189 αὐτὸν
2990 1134 3119 1190 εἶναι
3162 1139 3268 1190 τῶν
3321 1133 3466 1190 ὅλων
3513 1135 3813 1210 κρείττονα,
3858 1134 3937 1187 ὑπ’

2297 1218 2463 1275 αὐτοῦ
2510 1218 2566 1275 δὲ
2597 1223 2624 1276 6
2682 1223 2856 1277 πάντα
2910 1223 3181 1300 περιέχων
3236 1224 3423 1300 γέγονε
3476 1223 3706 1296 κόσμος,
3740 1222 3942 1297 ἀνάγκη

2298 1314 2442 1363 πᾶσα
2501 1308 2701 1385 λέγειν⁹
2755 1309 2925 1384 μηδὲν
2987 1316 3028 1349 ¹⁷
3085 1312 3172 1368 ὑπ’
3223 1312 3386 1368 αὐτοῦ
3438 1312 3742 1389 γεγονότων
3806 1310 3945 1383 αὖτῷ

2303 1394 2552 1452 δύνασθαι
2583 1401 2682 1468 τὴν
2720 1397 2838 1470 ί¹σην
2872 1396 3008 1456 ἕκειν
3043 1401 3344 1478 σύγκρισιν.

2375 1492 2566 1544 ΧΧ.Ὁ
2617 1485 2674 1542 δὲ
2727 1490 2802 1562 μὴ
2853 1489 2996 1565 ἔχων
3039 1493 3103 1545 τὸ
3151 1485 3537 1564 ἀπαράϐλητον
3591 1491 3684 1544 καὶ
3728 1487 3947 1564 ἀνυπέρ-

2303 1570 2509 1644 ϐλητον
2541 1576 2630 1630 καὶ
2661 1576 2835 1648 πάντη
2895 1578 3154 1642 πάντοθεν
3205 1577 3443 1634 ἀνενδεὲς
3491 1578 3651 1640 αὐτὸς
3704 1577 3841 1633 εἶναι
3892 1575 3951 1631 οὐ

2305 1661 2546 1722 δύναται.
2581 1665 2639 1720 Εἰ
2673 1663 2729 1720 δὲ
2762 1667 2789 1720 6
2820 1672 2922 1729 πᾶς
2953 1667 3162 1740 κόσμος
3203 1673 3364 1723 τοῦτο
3415 1667 3548 1722 εἶναι
3599 1666 3661 1722 οὐ
3713 1664 3953 1737 δύναται,

2304 1754 2438 1808 καθὸ
2460 1754 2932 1830 γεγένηται,πόσῳ
2964 1760 3006 1793 1⁸
3035 1779 3096 1832 γε
3129 1755 3340 1830 μᾶλλον
3371 1757 3438 1812 τά
3471 1756 3634 1830 μόρια
3666 1755 3835 1810 αὐτοῦ
3861 1755 3954 1810 οὐκ

2309 1843 2366 1897 ἂν
2397 1841 2638 1919 εὐλόγως
2669 1844 2900 1916 κληθείη
2943 1845 3109 1914 Θεός;
3143 1847 3319 1922 Μὸρια
3379 1843 3436 1900 δέ
3485 1844 3635 1920 λέγω
3681 1844 3812 1906 τοὺς
3875 1845 3954 1921 ὑφ’

2312 1932 2462 2004 ὑμῶν
2525 1931 2859 2008 λεγομένους
2919 1933 3095 2004 θεοὺς,
3127 1933 3186 1988 έκ
3217 1938 3262 1973 1°
3291 1937 3499 2010 χρυσοῦ
3558 1932 3645 1987 καὶ
3696 1931 3953 2008 ἀργύρου,

2313 2019 2526 2095 χαλκοῦ
2555 2042 2613 2076 τε
2640 2021 2728 2076 καὶ
2761 2020 2918 2086 λίθου
2949 2023 2983 2092 ἢ
3008 2025 3096 2078 καὶ
3121 2023 3170 2096 ἐξ
3195 2020 3375 2092 ἁλλης
3405 2021 3543 2093 ὕλης
3574 2025 3891 2091 ἡστινοσοῦν
3916 2023 3956 2056 ²⁰

2311 2109 2593 2186 γεγονότα,
2625 2111 2716 2166 καὶ
2753 2116 2920 2166 ταῦτα
2951 2112 3054 2167 ὑπὸ
3088 2119 3290 2182 θνητῆς
3322 2112 3510 2187 χειρὸς
3561 2108 3686 2181 δεδη
3699 2131 3960 2184 μιουργη-

2317 2199 2468 2271 μένα.
2517 2201 2705 2272 Ὅμως
2765 2197 2822 2255 δὲ
2876 2201 3010 2277 πρὸς
3063 2205 3230 2257 ταῦτα
3279 2198 3481 2273 ἴδωμεν
3535 2203 3604 2273 ²¹,
3635 2201 3728 2254 οἷα
3775 2197 3956 2254 δι’ἀν-

2316 2288 2538 2363 θρώπου
2569 2288 2836 2361 στόματος
2867 2291 2894 2344 6
2927 2287 3099 2352 δεινὸς
3129 2285 3253 2368 ὄφις
3311 2289 3616 2368 φαρμάσσει
3664 2294 3784 2350 τοῖς
3826 2287 3958 2343 ἐπειο

2314 2382 2479 2452 γμοῖς
2509 2380 2556 2413 ²²
2584 2377 2710 2440 τοὺς
2744 2377 3205 2452 ἐξαπατωμένους.

2385 2472 2520 2523 XXI.
2554 2467 2780 2543 Λέγουσι
2858 2468 2964 2543 γὰρ
3035 2469 3089 2523 οἱ
3147 2465 3374 2524 πολλοί.
3427 2471 3544 2522 Τῶν
3616 2461 3950 2540 σεϐασμάτων

2314 2556 2476 2627 ἡμῶν
2506 2550 2733 2628 σέϐομεν
2769 2555 2830 2610 οὐ
2859 2557 2951 2610 τὸν
2986 2558 3188 2633 χρυσὸν
3240 2554 3366 2612 οὐδὲ
3411 2557 3502 2612 τὸν
3554 2555 3785 2631 ἄργυρον
3835 2553 3953 2608 οὐδὲ

2317 2643 2476 2714 ξύλον
2522 2644 2557 2713 ἢ
2609 2643 2782 2708 λίθον·
2814 2643 2966 2718 ἴσμεν
3011 2645 3114 2721 γὰρ
3165 2645 3255 2700 καὶ
3304 2647 3469 2718 ἡμεῖς
3503 2645 3586 2700 ὅτι
3617 2649 3790 2698 ταῦτα
3817 2640 3958 2698 οὐδέν

2317 2730 2456 2786 ἐστιν
2511 2732 2546 2801 ἢ
2607 2729 2818 2809 ἄψυχος
2869 2731 2973 2803 ὕλη
3035 2733 3125 2788 καὶ
3184 2734 3472 2808 ἀνθρώπου
3529 2735 3725 2798 Θνητοῦ
3774 2734 3959 2806 τέχνη⁸

2317 2818 2461 2876 ἀλλά
2500 2821 2562 2875 τὸ
2607 2826 2891 2876 κατοικοῦν
2926 2821 2976 2875 ἐν
3029 2822 3214 2884 αὐτοῖς
3243 2827 3480 2895 πνεῦμα,
3509 2826 3667 2875 τοῦτο
3701 2821 3822 2884 θεὸν
3873 2819 3962 2875 λέ·-

2316 2929 2512 2983 γομεν.
2545 2912 2686 2986 ’Ὀρα
2741 2914 2847 2965 τῶν
2906 2915 3072 2965 ταῦτα
3130 2908 3401 2985 λεγόντων
3459 2911 3558 2978 τὴν
3613 2911 3956 2980 κακοήθειαν.

2318 2998 2465 3052 Ἐπεὶ
2499 2999 2603 3074 γὰρ
2632 3000 2694 3053 τὸ
2743 2998 3068 3077 φαινόμενον
3115 2998 3430 3074 εὖέλεγκτὸν
3484 2998 3648 3070 ἐστιν,
3680 2997 3769 3052 ὅτι
3818 2994 3961 3051 οὐδέν

2318 3089 2471 3146 226
2505 3087 2668 3156 ἐστιν,
2698 3087 2996 3164 κατέφυγον
3032 3087 3119 3143 ἐπὶ
3148 3088 3211 3143 τὸ
3246 3088 3492 3161 ἀόρατον,
3526 3088 3600 3149 ὡς
3648 3087 3734 3142 ἐπ’
3775 3084 3959 3157 ἀδήλῳ

2313 3175 2422 3230 τινὶ
2454 3174 2776 3251 ἐλεγχθῆναι
2831 3177 2907 3250 μὴ
2955 3174 3264 3250 δυνάμενοι.
3298 3176 3450 3244 Πλὴν
3495 3173 3956 3251 συνομολογοῦσιν

2317 3267 2450 3337 ἡμῖν
2481 3265 2532 3318 οἱ
2564 3270 2799 3320 τοιοῦτοι
2843 3264 2929 3320 ἐπὶ
2968 3265 3183 3342 μέρους,
3217 3266 3299 3321 ὅτι
3345 3266 3409 3321 τὸ
3457 3266 3630 3337 ἥμισυ
3683 3268 3796 3318 τῶν
3845 3262 3958 3337 παρ’

560 3355 722 3410 dium
737 3354 1186 3410 simulacrorum
1209 3372 1451 3411 suorum
1478 3355 1621 3411 deus
1639 3372 1754 3411 non
1777 3356 1875 3424 sit,
1901 3357 2000 3412 sed
2027 3373 2201 3413 sensu

2317 3353 2498 3416 αὐτοῖς
2557 3351 2868 3430 ἱδρυμάτων
2925 3355 3044 3417 θεὸς
3103 3354 3203 3409 οὐκ
3258 3353 3422 3425 ἔστιν,
3470 3354 3594 3409 ἀλλ’
3647 3354 3958 3422 ἀναίσθητος

560 3460 766 3500 carens
799 3443 1064 3499 materia.
1098 3447 1372 3516 Superest
1413 3444 1610 3517 igitur,
1667 3449 1731 3500 ut
1777 3446 2042 3516 probent,
2096 3463 2215 3518 qua

562 3531 786 3588 ratione
810 3533 1119 3588 credamus
1141 3532 1200 3587 in
1232 3531 1349 3588 illis
1379 3532 1599 3588 versari
1625 3533 1891 3589 divinum
1915 3533 2210 3605 spiritum.

565 3620 776 3676 Verum
809 3619 868 3674 id
891 3620 973 3675 ita
989 3635 1119 3676 esse
1133 3621 1300 3676 nobis
1318 3625 1616 3692 nequeunt
1629 3620 2048 3690 demonstrare,
2075 3623 2214 3694 quia

572 3725 686 3764 non
718 3713 824 3764 est.
857 3709 927 3764 Et
980 3709 1125 3780 ipsis
1158 3709 1499 3780 apparuisse
1550 3727 1665 3764 non
1709 3710 2028 3768 credimus.
2096 3716 2213 3768 Nos

569 3797 687 3853 illis
729 3814 796 3853 ea
842 3797 1107 3852 divinum
1155 3797 1426 3869 spiritum
1469 3815 1584 3853 non
1630 3798 1843 3854 habere
1890 3816 1993 3871 per
2039 3816 2212 3872 argu-

572 3891 770 3942 menta
827 3885 1227 3958 probabimus,
1278 3889 1343 3941 ut
1387 3886 1648 3943 veritatis
1697 3888 1965 3959 studiosi,
2016 3889 2217 3946 audita

571 3975 968 4032 confutatione
997 3974 1290 4048 opinionis
1321 3991 1390 4030 ea
1419 3975 1628 4047 spiritu
1659 3976 1900 4048 praedita
1916 3977 2216 4035 afﬁrman-

568 4063 644 4120 tis
675 4082 710 4120 a
739 4064 970 4121 rabioso
1000 4079 1194 4121 errore
1223 4080 1286 4120 se
1311 4069 1596 4121 avertant.

634 4154 800 4209 XXII.
835 4153 1029 4208 Primo
1061 4153 1296 4225 quidem
1330 4153 1377 4209 si
1412 4170 1479 4210 ea
1508 4154 1665 4209 velut
1686 4154 1960 4226 spiritum
1991 4155 2211 4212 haben-

562 4242 647 4298 tia
675 4242 886 4310 colitis,
931 4242 1110 4298 etiam
1167 4242 1544 4313 antiquorum
1595 4242 1902 4300 hominum
1945 4245 2212 4317 sepulcra

564 4330 840 4400 adoratis,
865 4347 1011 4402 quos
1029 4331 1086 4385 in
1114 4332 1379 4387 confesso
1400 4336 1486 4386 est
1507 4330 1770 4387 divinum
1798 4349 1912 4388 non
1932 4333 2210 4390 habuisse

562 4419 858 4490 spiritum.
894 4420 979 4475 Ita
1009 4435 1198 4491 neque
1232 4419 1290 4474 in
1324 4419 1432 4474 hoc
1471 4437 1604 4474 vera
1649 4419 1980 4492 loquimini.
2033 4423 2207 4480 Porro

562 4507 612 4563 si
643 4524 774 4563 vere
807 4507 1098 4580 spirarent
1128 4513 1322 4564 vestra
1351 4509 1616 4576 numina,
1646 4526 1748 4581 per
1793 4527 1855 4566 se
1907 4527 2207 4568 moveren-

565 4603 677 4668 tur,
713 4613 914 4653 vocem
945 4598 1298 4665 emitterent,
1328 4614 1572 4654 araneas
1625 4598 1946 4655 insidentes
1975 4599 2208 4671 ablega-

2323 3441 2452 3512 ὕλη.
2486 3444 2688 3498 Λοιπὸν
2750 3441 2807 3498 δὲ
2854 3443 3223 3518 περιλείπεται
3276 3441 3441 3516 δεῖξαι
3491 3442 3686 3504 αὐτοὺς
3745 3446 3814 3508 ³³,
3851 3446 3958 3501 πῶς

2323 3531 2644 3604 πιστεύομεν
2695 3530 2776 3586 ὅτι
2828 3533 2972 3587 θεῖον
3022 3531 3136 3609 ἔχει
3168 3538 3402 3606 πνεῦμα.
3441 3529 3597 3587 Ἀλλ’
3634 3529 3891 3600 ἐπιδεῖξαι
3919 3531 3960 3564 ³³

2323 3623 2458 3693 ἡμῖν
2506 3620 2566 3674 οὐ
2616 3618 2864 3676 δύνανται
2913 3620 2994 3676 ὅτι
3043 3621 3204 3694 ἐστὶν,
3239 3620 3354 3676 ἐπεὶ
3411 3623 3485 3693 μή
3533 3620 3692 3676 ἐστιν.
3728 3620 3828 3673 Καὶ
3874 3617 3958 3672 a6-

2322 3715 2439 3771 τοῖς
2517 3710 2807 3784 ἑωρακέναι
2867 3709 2928 3764 οὐ
2987 3710 3334 3783 πιστεύομεν.
3393 3711 3581 3781 Ἡμεῖς
3639 3707 3826 3770 αὐτοῖς
3885 3707 3960 3760 ὅτι

2325 3804 2468 3862 θεῖον
2515 3797 2612 3852 οὐκ
2658 3796 2775 3874 ἔχει
2806 3803 3018 3871 πνεῦμα
3055 3802 3119 3868 ’5,
3151 3800 3243 3862 τὰς
3303 3796 3601 3868 ἀποδείξεις
3646 3799 3959 3872 παρέξομεν,

2325 3886 2473 3948 ὅπως
2522 3891 2619 3941 τοῦ
2669 3883 2845 3942 δοκεῖν
2896 3886 3030 3942 αὐτά
3075 3883 3287 3960 ἔμπνοα
3318 3886 3450 3941 εἶναι
3483 3887 3537 3940 οἳ.
3567 3883 3891 3964 φιλαλτίθεις

2321 3977 2411 4032 τὸν
2463 3974 2694 4052 ἔλεγχον
2739 3975 3060 4040 ἀκούσαντες
3107 3983 3208 4047 τῆς
3257 3972 3571 4038 λυσσώδους
3626 3973 3875 4034 ὑπονοίας

2322 4065 2762 4141 ἀποτραπῶνται.

2392 4161 2559 4211 XXII.
2589 4156 2660 4209 Τὸ
2713 4155 2805 4227 μὲν
2858 4152 2926 4224 δὴ
2977 4159 3216 4232 πρῶτον,
3249 4153 3294 4210 εἰ
3341 4155 3416 4216 ὡς
3446 4150 3658 4228 ἔμπνοα
3701 4149 3747 4207 ὄπ
3771 4174 3832 4208 τα
3875 4152 3955 4206 σέ-

2321 4239 2474 4298 ϐεσθε
2521 4243 2676 4311 αὐτὰ,
2724 4243 2812 4298 καὶ
2862 4247 2906 4281 ³⁸
2951 4244 3183 4300 αἰωνίων
3231 4243 3473 4321 ἀρχαίων
3523 4245 3729 4321 τάφους
3794 4261 3954 4318 προα-

2319 4339 2545 4405 κυνεῖτε,
2594 4337 2699 4388 τῶν
2751 4331 3215 4408 ὁμολογουμένως
3263 4331 3415 4388 οὐδὲν
3467 4335 3516 4370 ²⁹
3561 4336 3774 4405 πνεῦμι,
3822 4331 3952 4384 θεῖον

2318 4422 2654 4498 ἐσχηκότων.
2689 4421 2871 4484 Οὕτως
2905 4421 3029 4478 οὐδὲ
3075 4424 3208 4478 κατά
3251 4426 3412 4477 τοῦτο
3463 4419 3742 4491 ἀληθεύετε
3771 4463 3778 4476 .
3812 4418 3951 4484 Πλὴν

2319 4511 2364 4566 εἷ
2423 4507 2594 4573 ὄντως
2654 4505 2864 4584 ἔμπνοα
2915 4512 2982 4582 ἦν
3031 4513 3099 4566 τά
3138 4506 3446 4584 σεϐάσματα
3492 4510 3669 4583 ὑμῶν,
3719 4509 3804 4585 ἄρ’
3846 4506 3950 4560 έαυ-

2313 4605 2421 4654 τῶν
2483 4599 2541 4654 ἂν
2604 4599 2853 4672 ἐκινεῖτο,
2906 4602 3091 4679 φωνὴν
3150 4598 3208 4654 ἂν
3265 4599 3432 4675 εἶχεν,
3483 4599 3582 4666 τήν
3642 4596 3728 4652 ἐπ’
3787 4594 3950 4652 αὐτοῖς

3917 3974 3956 4008 ﬂ

557 4690 706 4753 rent,
742 4686 1113 4742 insidiatores
1144 4703 1283 4742 suos
1313 4691 1370 4742 et
1403 4687 1562 4742 fures
1592 4687 1914 4760 abigerent,
1939 4689 2201 4747 donario-

2316 4688 2557 4764 ἀράχνην
2613 4687 2912 4761 ἀπεσείετο,
2943 4687 3068 4750 τοὺς
3119 4688 3301 4749 αὐτοῖς
3351 4681 3736 4742 ἐπιϐουλεῦσαι
3778 4683 3949 4738 Θέλονσ

553 4792 685 4831 rum
732 4777 1031 4848 praedones
1075 4776 1245 4832 facile
1301 4776 1844 4848 comprehenderat.
1888 4778 2020 4834 Jam
2068 4796 2199 4836 vero

554 4864 699 4919 nihil
729 4865 938 4922 horum
971 4865 1192 4922 faciunt
1221 4865 1324 4933 dii,
1359 4866 1459 4920 sed
1505 4864 1693 4921 instar
1722 4882 1952 4923 reorum
2000 4873 2200 4924 custo-

553 4952 814 5022 diuntur,
849 4953 1172 5027 praasertim
1203 4953 1304 5025 qui
1337 4957 1474 5008 sunt
1503 4952 1677 5025 pretii
1697 4953 1957 5026 majoris,
1989 4971 2200 5027 quem-

554 5041 871 5099 admodum
903 5043 1189 5115 principio
1229 5042 1506 5098 diximus.
1568 5042 1717 5108 Quid
1769 5043 1947 5114 enim,
2007 5061 2202 5102 nonne

2308 4798 2403 4839 τας
2452 4777 2540 4830 καὶ
2589 4775 2924 4839 κλέπτοντας
2981 4776 3278 4840 ἀπεωθεῖτο
3337 4775 3415 4847 ἂν,
3456 4774 3586 4836 τοὺς
3642 4775 3710 4828 τά
3771 4772 3952 4839 ἀναθή-

2314 4887 2457 4940 ματα
2497 4863 2886 4928 ἀποσυλῶντας
2938 4860 3331 4938 συνελάμϐανεν
3381 4864 3439 4919 ἂν
3491 4859 3713 4940 ῥᾳδίως.
3771 4865 3853 4914 liv
3901 4857 3950 4913 δὲ

2307 4953 2513 5010 τούτων
2580 4951 2733 5009 οὐδὲν
2793 4958 3066 5023 ποιοῦσιν,
3115 4953 3242 5010 ἀλλ’
3285 4956 3332 4990 ³ο
3375 4953 3451 5016 ὡς
3519 4947 3730 5007 κατάδιδ
3771 4972 3826 5017 u,
3873 4947 3951 5003 καὶ
4011 5001 4014 5004 .

2313 5041 2550 5118 μάλιστα
2597 5043 2649 5099 οἱ
2693 5044 3016 5118 τιμιώτεροι
3072 5043 3271 5114 αὐτῶν,
3323 5045 3701 5121 φρουροῦνται,
3771 5039 3824 5100 ὃς
3868 5031 3950 5090 καὶ

1899 5186 2142 5242 VARIIE
2181 5187 2575 5244 LECTIONES
2587 5230 2600 5243 .

621 5297 665 5332 “
693 5294 950 5372 κρείττων
969 5294 1130 5372 *ἐστὶν
1168 5295 1273 5372 μὲν-
1293 5293 1510 5372 δυνάμει
1541 5299 1636 5350 τοῦ
1684 5299 1862 5372 ποιεῖν
1895 5301 1992 5351 τοῦ
2023 5295 2222 5352 λοιποῦ
2252 5301 2310 5368 C,
2343 5294 2586 5372 κρεῖττόν
2622 5293 2734 5350 ἐστι
2769 5295 2862 5369 μὶν
2895 5293 3118 5370 δυνάμει
3147 5295 3209 5351 τὸ
3237 5298 3428 5372 ποιοῦν
3459 5297 3557 5348 τοῦ
3606 5311 3724 5372 ποετ
3772 5292 3853 5372 λοῦ
3888 5287 3946 5354 D,

549 5362 792 5440 κρεῖττόν
823 5367 932 5423 ἐστι
965 5362 1188 5440 δυνάμει
1223 5367 1316 5440 μὶν
1347 5362 1624 5422 τὸποιοῦν
1658 5365 1752 5421 τοῦ
1784 5373 2070 5441 ποιοῦντος
2099 5375 2163 5441 0,
2197 5362 2390 5441 quam.
2425 5370 2696 5441 ultimam
2741 5362 2941 5426 vocem
2999 5362 3254 5441 converti
3314 5371 3384 5441 in,
3425 5365 3722 5441 ποιουμένο
3771 5405 3780 5418 .
3811 5362 3946 5441 Iun}

547 5437 978 5528 ⁴ξιίεραινςισμένου
1100 5437 1509 5542 πεπερασμένου
1539 5441 1602 5506 C,
1632 5439 2023 5514 περαινομένου
2055 5437 2172 5542 839',
2203 5437 2286 5498 C1.
2366 5437 2797 5542 ιδὲῖεελεεώτατον
2831 5443 2890 5496 (ς.

548 5529 602 5542 Α,
634 5529 660 5542 ..
693 5531 863 5542 -..μη
895 5531 1011 5542 -.η
1198 5533 1231 5542 .,
1261 5531 1380 5542 .......
1416 5531 1622 5542 ,ηραν
1675 5511 1873 5542 sus“..-
1914 5513 2053 5542 ..ιη
2125 5533 2264 5542 --.-...
2324 5533 2395 5542 ....
2441 5533 2491 5542 -..
2524 5530 2636 5542 mu.
2667 5517 2890 5542 ηνοιηηι

548 5507 661 5587 δξὸ
693 5507 866 5566 πάντα
895 5507 1166 5587 περιέχων
1198 5507 1642 5587 γέγονεμκόσμος,
1664 5507 1876 5587 ἀνάγκη
1914 5513 2055 5587 πᾶσα
2088 5511 2284 5587 λέγειν,
2323 5509 2502 5587 μηδένΔ
2524 5530 2640 5587 n_0n
2667 5517 2898 5587 exstant
2927 5510 2986 5566 in
3163 5512 3208 5587 {3
3238 5507 3645 5587 dvevBsE:_656;
3702 5527 3718 5560 ε
3771 5525 3838 5587 ται
3891 5521 3910 5586 ξ

1137 5579 1308 5651 ένηται
1335 5582 1490 5654 πόσῳ
1521 5579 1595 5656 C.
1629 5579 1705 5656 'ff
1728 5579 1949 5656 éx'om.
1969 5585 2033 5639 Ο.
2108 5579 2508 5656 20'Itals'cr'ipsi
2538 5585 2684 5656 duce
2711 5583 2928 5656 Qtlob.,
2963 5584 3061 5656 qui
3091 5582 3566 5656 habet‘rwoc’oﬁv.
3592 5585 3701 5656 5p.
3771 5579 3944 5656 15116:

547 5578 790 5658 δῦναται,
823 5583 938 5636 καθ’
966 5578 998 5636 ’ὃ
1031 5578 1490 5658 γεγένητάιῗπόσῳ
1521 5578 1580 5637 C.

545 5651 660 5725 οὖν.
727 5651 1004 5710 Nestrum
1044 5651 1185 5725 'jém
1242 5656 1388 5711 vidit
1444 5651 1502 5710 ὃ.

545 5724 634 5813 0.,
668 5726 735 5813 ,2⁵
763 5729 976 5813 πνεῦμα
1005 5721 1255 5813 φέρι-φεῖ
1281 5725 1471 5813 ex‘0.,
1514 5725 1567 5813 :5
1598 5721 1923 5813 ξριλαληΘεῖς
1956 5727 2013 5782 C.

544 5790 634 5849 καί
665 5795 793 5870 (cur
822 5790 1041 5870 etiam).
1071 5797 1130 5854 S.
1159 5790 1420 5854 Subinde
1447 5790 1744 5869 ἀνθρώπων
1869 5794 2100 5851 αἰωνίων
2134 5799 2287 5870 conj.
2321 5798 2384 5853 Ο.
2463 5798 2510 5834 ²⁹
2538 5790 3003 5872 ὁμολογουμένως
3035 5795 3110 5860 ὡς
3143 5795 3209 5852 οὐ

1580 5655 1623 5688 ²¹
1661 5649 1860 5724 ἔδωμεν
1923 5655 1966 5710 Ο
2026 5674 2075 5713 c.
2134 5662 2187 5718 S,
2221 5649 2450 5724 ειδωμέν
2484 5655 2545 5710 C.

2095 5707 2610 5796 ²⁷ήάπονοίαςοοὴῶ
2643 5725 2710 5781 D.
2761 5707 3207 5780 Subindeer
3250 5707 3473 5780 ἀπονται
3500 5722 3566 5779 Ο.

2095 5819 2100 5842 ν
2134 5799 2287 5852 coni.
2321 5798 2384 5852 C.
2463 5798 2510 5834 ’9
2538 5796 3003 5852 ὁμολογουμένως
3035 5795 3110 5852 ὡς
3143 5743 3274 5852 οὐδὲ
3298 5798 3358 5852 C.
3437 5797 3483 5832 3°
3509 5791 3566 5851 ἀ)

2970 5442 3011 5476 ¹⁶
3039 5439 3168 5494 αὐτό
3210 5440 3269 5510 Si.
3349 5440 3389 5510 ‘3
3425 5430 3605 5510 ,Vbb.‘
3655 5435 3720 5489 ὑπ
3796 5430 3946 5510 αὐτοῦ

2323 5509 2491 5584 μηδέν
2524 5530 2640 5568 non
2667 5517 2898 5584 existant
2927 5510 2986 5566 in
3019 5511 3105 5584 O._
3163 5512 3208 5548 ¹³
3238 5505 3645 5584 ἀνενδεέςηθεός
3702 5527 3718 5560 ε
3771 5525 3838 5584 ται
3891 5505 3944 5584 9'3

3590 5643 3714 5702 ²⁴’έτ
3771 5643 3944 5728 ιδεῖξαξ

3640 5721 3711 5794 2⁸-
3771 5735 3867 5794 .eg.
3898 5721 3941 5769 τί

3251 5796 3358 5856 έΟ.
3437 5797 3483 5832 ³ο
3509 5791 3653 5851 ἀλλά
3679 5791 3712 5848 C

2627 5655 2672 5726 ²ξ
2705 5651 2993 5726 ὑπειγμοῖς
3022 5655 3092 5726 (1.,
3163 5655 3208 5688 ²⁸
3236 5651 3417 5726 αὐτοῖς
3447 5653 3513 5708 Ο.
