4086 6216
84 43 291 209 ,ι

210 352 291 411 273
1293 340 1827 403 CLEMENTINA.
1863 370 1938 382 —
1969 339 2301 399 HOMILIA
2347 342 2424 401 X.

3442 353 3561 411 274

206 484 268 549 τῇι,
294 480 448 554 deliga
482 478 795 554 εἰρήκαμεν.
826 476 893 533 Τί
941 473 999 530 δὲ
1025 474 1086 529 ού
1137 474 1342 551 φόρους
1373 472 1463 526 καὶ
1492 471 1623 541 τὲλη
1662 471 1786 545 ὑπὲρ

1910 471 2201 542 principes
2232 488 2265 525 a
2288 473 2451 527 vobis
2485 474 2705 529 tributa
2738 480 2795 531 et
2822 478 3129 549 vectigalia
3169 496 3274 551 pro
3319 480 3392 535 iis
3438 483 3554 536 exi-

201 572 328 624 αὐτῶν
358 570 657 622 ἀπαιτοῦσιν
692 567 830 638 ὑμᾶς
864 566 915 619 οἱ
962 562 1233 634 δυνάσται,
1266 563 1339 624 ὡς
1381 560 1568 617 πολλᾶ
1595 581 1787 635 καρπι-

194 656 406 729 ξομένους
432 660 536 710 τῶν
573 655 709 721 ἐκεῖ;
733 654 785 707 τί
810 651 868 708 δὲ
899 653 960 707 οὐ
991 650 1265 713 πολλάκις
1298 651 1400 705 ὑπὸ
1430 650 1713 721 πολεμίων
1739 652 1783 687 ³1

187 745 515 819 διηρπαγησαν
550 746 696 801 227
749 744 839 796 καὶ
916 736 1283 817 συντριϐέντες
1347 737 1784 811 διενεμήθησαν;

182 834 298 909 05χῖ
323 833 402 887 καὶ
427 837 529 886 τῶν
585 831 684 905 ἔξω
731 830 1132 903 θρησκευόντων
1189 828 1339 883 αὑτοὶ
1388 827 1555 882 πλέον
1608 827 1659 880 οἱ
1710 827 1784 879 ἱε-

181 930 288 995 ρεῖς,
339 923 416 975 ἐπὶ
596 923 859 996 ἀχρήστῳ
912 919 1170 995 θρησκείᾳ
1230 920 1431 973 ἑαυτῶν
1488 936 1727 991 κατεγνω
1762 947 1785 957 -

178 1012 320 1080 κότες,
345 1014 443 1064 τῶν
473 1010 837 1082 ἀναθημάτων
865 1008 1051 1063 πολλὰ
1084 1008 1431 1085 ὑφαιροῦνται
1471 1024 1486 1075 ;

234 1120 389 1175 XXIII.
439 1118 579 1187 Ναὶ,
631 1116 831 1195 φησὶν,
882 1114 1028 1171 ἀλλὰ
1070 1114 1302 1190 προνοίᾳ
1346 1112 1519 1168 αὐτῶν
1580 1109 1787 1189 ἐφωρά-

178 1208 344 1278 θησαν.
393 1202 607 1267 Ψεῦδος
667 1204 830 1261 ἐστιν.
890 1204 1055 1258 Πόσοι
1110 1205 1213 1278 γὰρ
1274 1203 1373 1257 οὐκ
1433 1200 1784 1280 ἐφωράθησαν

179 1296 349 1362 nisi”;
380 1294 438 1348 Ei
471 1292 527 1348 δὲ
558 1292 651 1348 διὰ
681 1296 742 1348 τὸ
794 1293 965 1355 ἐνίους
1020 1291 1376 1369 συνειλῆφθαι
1427 1288 1649 1363 δύναμιν
1693 1288 1784 1342 αὑ-

179 1384 278 1445 τοῦς
322 1386 361 1419 ³³
413 1381 558 1458 ἔχειν
624 1381 901 1458 λέγουσιν,
960 1379 1321 1449 πεπλάνηται.
1383 1381 1481 1434 Καὶ
1525 1380 1628 1454 γὰρ
1676 1381 1783 1431 τῶν

185 1468 511 1547 τυμῧωρύχων
559 1472 707 1533 τινες
766 1472 859 1544 μὲν
907 1471 1267 1547 εὑρίσκονται,
1312 1470 1454 1530 τινες
1501 1465 1558 1522 δὲ
1589 1466 1785 1531 λανθά-

191 1560 445 1629 vam-4,11?
478 1560 539 1614 οὗ
574 1558 758 1631 δήπου
805 1582 867 1634 γε
913 1564 981 1632 τῇ
1024 1563 1130 1614 τῶν
1163 1562 1365 1634 νεκρῶν
1410 1556 1631 1630 δυνάμει
1659 1558 1704 1591 ³³
1734 1556 1785 1610 οὶ

195 1650 521 1727 συλληφθέντες
580 1648 939 1727 ἐφωράθησαν
972 1692 983 1703 .
1042 1647 1298 1702 Τοιοῦτόν
1372 1667 1426 1700 τι
1499 1645 1588 1701 καὶ
1661 1644 1783 1720 περὶ

190 1740 282 1797 τοῦς
334 1737 735 1810 κλεπτομένους
810 1738 898 1791 καὶ
976 1735 1330 1809 συλωμένους
1409 1734 1561 1798 θεοὺς
1642 1730 1781 1787 ἔστιν

1897 566 2066 631 gunt,
2128 562 2281 631 quod
2348 562 2601 619 multum
2688 564 2822 620 inde
2870 567 3248 623 emolumenti
3300 571 3555 640 capitis?

1899 651 2103 703 Nonne
2132 665 2282 719 saepe
2312 650 2383 703 ab
2418 649 2687 706 hostibus
2719 654 2868 723 rapti
2902 660 3061 720 sunt,
3094 661 3150 711 et
3178 664 3311 728 post
3341 660 3553 714 fractu-

1898 752 2023 791 ram
2048 737 2387 792 distributi?
2415 742 2618 794 Nonne
2674 739 2990 813 plusquam
3024 743 3296 813 cultores,
3332 747 3430 818 qui
3462 765 3553 803 ex-

1897 829 1989 880 tra
2018 830 2178 893 sunt,
2212 826 2321 897 ipsi
2373 827 2716 899 plerumque
2745 832 3092 898 sacerdotes,
3126 850 3188 888 se
3230 835 3300 889 de
3357 835 3551 892 inutili

1904 913 2065 969 cultu
2097 915 2838 990 damnantes,'subripiunt
2870 919 3055 975 multa
3084 922 3373 977 donaria?

1971 1110 2167 1166 XXIII.
2206 1111 2289 1167 Ita
2317 1115 2426 1182 est,
2460 1112 2611 1168 dicet
2642 1113 2876 1185 aliquis,
2928 1117 3028 1171 sed
3088 1116 3329 1173 deorum
3362 1119 3549 1190 provi-

1902 1199 2101 1254 dentia
2134 1200 2227 1254 isti
2261 1200 2528 1255 homines
2561 1202 2905 1274 deprehensi
2955 1209 3113 1260 sunt.
3178 1206 3411 1263 Falsum
3441 1216 3549 1264 est.

1897 1288 2048 1352 Quot
2076 1289 2230 1343 enim
2258 1305 2459 1344 eorum
2494 1306 2608 1345 non
2662 1295 2798 1346 sunt
2854 1293 3243 1364 deprehensi?
3272 1296 3433 1359 Quod
3494 1298 3545 1353 si

1898 1395 1966 1432 ex
2000 1378 2391 1447 quorumdam
2443 1381 2963 1451 comprehensione
3007 1383 3145 1439 deos
3209 1389 3553 1456 potestatem

1894 1466 2107 1521 habere
2138 1466 2514 1534 concludunt,
2547 1474 2760 1524 errant.
2797 1470 3017 1526 Etenim
3049 1489 3117 1528 ex
3144 1474 3549 1545 sepulcrorum

1895 1555 2276 1610 effossoribus
2310 1557 2581 1612 nonnulli
2627 1557 3008 1614 inveniuntur
3038 1566 3095 1615 et
3142 1563 3407 1618 nonnulli
3464 1565 3549 1620 la-

1893 1648 2035 1711 tent,
2070 1644 2415 1716 neutiquam
2445 1650 2642 1701 tamen
2678 1653 3041 1704 mortuorum
3075 1652 3381 1721 potestatis
3433 1657 3542 1721 est,

1896 1734 2049 1805 quod
2082 1732 2166 1787 illi
2200 1734 2528 1806 capiantur.
2565 1736 2686 1789 Pari
2722 1737 2894 1793 modo
2921 1738 2991 1793 de
3016 1739 3245 1795 furibus
3304 1741 3546 1798 deorum

185 1830 283 1899 ἡμῖν
327 1833 473 1883 νοεῖν,
540 1825 763 1896 Ἀλλὰ,
825 1826 1028 1903 φησὶν,
1091 1824 1152 1879 οὐ
1198 1824 1611 1901 πεφροντίκασιν
1678 1826 1785 1875 τῶν

1902 1822 2177 1877 debemus
2199 1839 2454 1880 censere.
2487 1824 2615 1893 Sed,
2648 1824 2895 1893 dicetur,
2932 1843 3132 1881 curam
3180 1845 3294 1883 non
3338 1838 3550 1902 gerunt

179 1917 333 1986 ξοάνων
362 1915 527 1969 αὐτῶν
562 1917 620 1970 οἱ
676 1915 727 1969 ἐν
782 1915 965 1977 αὐτοῖς
1015 1909 1165 1975 ὄντες
1224 1912 1356 1976 θεοί.
1412 1912 1479 1968 Τί
1520 1912 1609 1965 οὖν
1653 1910 1787 1965 αὐτὰ

180 2005 601 2077 ὖμεῖςτημελεῖτε
646 2006 958 2080 σμήχοντες
988 2004 1079 2058 καὶ
1126 2001 1419 2063 πλύνοντες
1470 2001 1560 2055 καὶ
1600 2000 1784 2054 καθαί-

179 2112 333 2165 ροντες,
380 2098 765 2171 στεφανοῦντες
801 2138 814 2164 ,
870 2090 1177 2152 ἐπιθύοντες
1234 2108 1249 2159 ;
1302 2090 1496 2162 Διόπερ
1550 2088 1782 2143 ἐντεῦθεν

182 2184 443 2251 τδννοήσατε
501 2180 681 2254 μηδὲν
740 2184 785 2217 ³⁴
834 2180 979 2257 ὀρθῷ
1036 2178 1290 2254 λογισμῷ
1346 2182 1651 2239 ποιοῦντες.
1692 2178 1783 2239 Ὠς

276 2276 372 2331 τοῖς
394 2276 609 2346 νεκροῖς
646 2268 975 2341 ἐπικλαίετε,
1008 2266 1151 2323 οὕτω
1182 2266 1269 2321 καὶ
1302 2273 1419 2329 τοῖς
1455 2272 1599 2330 θεοῖς
1634 2267 1785 2339 ὑμῶν

184 2355 367 2413 ἐπιθῦετε
392 2359 477 2413 καὶ
511 2356 792 2413 σπένδετε.

229 2466 382 2520 XXIV.
410 2465 609 2519 Οὑκετι
648 2463 742 2537 μέν
796 2485 883 2519 τοι
926 2468 1087 2517 τοῦτο
1142 2459 1268 2516 οὐδὲ
1313 2466 1392 2533 τῷ
1436 2465 1533 2515 τοῦ
1582 2460 1786 2517 Καίσα-

186 2574 248 2627 ρος
284 2554 356 2607 καὶ
400 2559 505 2607 τῶν
555 2554 652 2609 ὑπ’
698 2554 854 2607 αὑτὸν
908 2552 1157 2623 ἐξουσιῶν
1206 2556 1486 2627 συμφωνεῖ
1528 2546 1785 2625 παραδεί-

189 2663 321 2714 γματι,
359 2640 644 2713 διοικητὰς
695 2642 888 2704 αὑτοὺς
939 2640 1137 2716 λέγειν,
1189 2640 1353 2695 ὁπότε
1404 2640 1557 2712 ὑμεῖς
1608 2638 1781 2692 αὐτῶν

192 2730 257 2794 τὴν
294 2737 442 2784 πᾶσαν
501 2732 755 2784 ποιεῖσθε
808 2729 1089 2804 πρόνοιαν,
1137 2728 1213 2790 ὡς
1271 2732 1534 2802 προεῖπον
1572 2769 1586 2793 ,
1649 2726 1785 2781 κατά

191 2818 307 2871 πειτα
347 2818 716 2891 ημελοῦντες
762 2818 887 2890 ὑμῖν
941 2820 987 2853 ⁸³
1029 2818 1095 2871 τὰ
1143 2813 1434 2892 ἱδρύματα.
1489 2815 1633 2873 Αύτᾶ
1678 2816 1781 2891 γὰρ

186 2903 291 2959 οᾷἂν
335 2905 600 2981 δυνάμενα
654 2904 809 2961 οὐδὲν
854 2911 1022 2962 ποιεῖ.
1079 2906 1228 2959 Ἐπεὶ
1286 2903 1467 2960 εἷεπατε
1522 2907 1682 2977 ἡμῖν,
1730 2903 1782 2957 τί

179 2990 437 3065 Ξ;οικοῦσιν,
467 2995 521 3051 τί
554 3000 783 3050 ποιοῦσι
814 2999 1083 3063 τοιοῦτον,
1125 2993 1312 3049 ὁποῖόν
1356 3015 1407 3048 τι
1441 2994 1491 3047 οἳ.
1523 2994 1658 3047 κατᾶ
1686 2992 1784 3047 τό-

177 3102 251 3136 πον
278 3085 551 3159 ἡγούμενοι
593 3084 697 3154 ;τί
745 3082 802 3138 δὲ
848 3084 1122 3158 ἐνεργοῦσι
1170 3086 1442 3154 τοιοῦτον,
1495 3083 1682 3137 ὁποῖον
1731 3082 1783 3135 οἳ

1896 1910 2349 1966 simulacrorum
2383 1928 2649 1979 suorum,
2683 1914 2784 1985 qui
2816 1914 2875 1968 in
2907 1914 2991 1970 eis
3024 1916 3279 1972 resident
3308 1918 3409 1973 dii.
3435 1918 3551 1975 Cur

1895 2015 2032 2072 ergo
2060 2016 2163 2055 vos
2194 2017 2261 2054 ea
2305 2001 2546 2068 curatis,
2601 2002 3024 2074 abstergentes,
3074 2003 3355 2073 lavantes,
3413 2023 3549 2078 pur—

1896 2093 2125 2161 gantes,
2154 2094 2499 2145 coronantes
2529 2094 2585 2144 et
2605 2090 2907 2146 sacrificiis
2937 2092 3190 2148 colentes
3212 2094 3239 2147 ?
3268 2094 3549 2158 Quocirca

1895 2175 2031 2232 inde
2062 2182 2345 2249 reputate,
2377 2195 2479 2233 vos
2510 2182 2669 2233 recta
2701 2179 2923 2235 ratione
2950 2197 3064 2235 non
3097 2198 3285 2253 agere.
3330 2184 3545 2247 Quem-

1898 2266 2215 2321 admodum
2247 2267 2404 2321 enim
2437 2272 2700 2322 mortuos
2750 2268 2998 2339 deﬂetis,
3056 2269 3138 2326 ita
3195 2274 3253 2326 et
3281 2271 3395 2328 diis
3451 2288 3547 2328 ve-

1897 2354 2035 2410 stris
2067 2355 2409 2411 sacriﬁcatis
2440 2361 2497 2411 et
2526 2355 2741 2412 libatis.

1966 2460 2157 2516 XXIV.
2192 2461 2471 2531 Equidem
2505 2478 2618 2517 non
2652 2461 2906 2533 amplius
2944 2461 3090 2518 illud
3119 2464 3385 2521 convenit
3411 2482 3546 2521 cum

1896 2549 2160 2621 exemplo
2190 2550 2431 2605 Caesaris
2463 2555 2515 2606 et
2550 2554 2904 2623 potestatum
2938 2553 3047 2607 sub
3080 2551 3177 2608 illo
3199 2553 3544 2625 positarum,

1892 2638 2030 2695 deos
2087 2639 2277 2694 dicere
2338 2639 2870 2710 administratores,
2931 2642 3407 2713 quandoquidem
3467 2644 3540 2700 iis

1893 2743 2127 2782 omnem
2161 2744 2358 2783 curam
2392 2728 2777 2799 impenditiis,
2812 2729 2968 2785 sicut
2988 2730 3114 2801 jam
3148 2731 3288 2797 dixi,
3317 2731 3378 2787 in
3419 2749 3546 2789 om-

1894 2817 2074 2872 nibus
2103 2817 2267 2872 vobis
2300 2818 2557 2873 foventes
2591 2816 3072 2891 simulacra.lpsa
3102 2821 3258 2875 enim
3292 2837 3427 2876 cum
3458 2822 3548 2878 ni-

1894 2904 1977 2959 hil
2005 2904 2255 2976 possint,
2289 2905 2433 2960 nihil
2495 2905 2736 2961 faciunt.
2794 2906 3069 2979 Alioquin
3127 2908 3301 2965 dicite
3358 2909 3548 2982 nobis,

1895 2994 2175 3066 quidnam
2197 2994 2629 3065 administrent,
2654 2995 2792 3067 quid
2814 2995 3152 3066 hujusmodi
3169 3002 3362 3068 agant,
3382 2999 3552 3071 quale

1894 3087 2077 3155 agunt
2099 3083 2361 3138 locorum
2394 3084 2705 3156 praefecti?
2735 3085 2880 3152 Quid
2905 3102 3038 3141 vero
3069 3085 3186 3141 tale
3211 3092 3547 3157 operentur,

175 3177 246 3224 :03
291 3180 406 3227 Θεοῦ
463 3175 691 3249 ἆστέρες
725 3192 739 3243 ;
792 3171 836 3227 εἷ
899 3174 974 3244 μή
1010 3174 1162 3230 228
1190 3194 1241 3226 τι
1303 3171 1576 3249 φαίνουσιν
1608 3214 1620 3239 ,
1654 3170 1727 3233 ὡς
1754 3171 1781 3223 ὁ

1902 3171 2068 3243 quale
2102 3173 2196 3227 Dei
2230 3173 2433 3228 astra?
2460 3177 2549 3227 An
2584 3172 2781 3229 lucent
2810 3173 3089 3246 sicutsol,
3120 3175 3338 3245 quibus
3367 3175 3549 3231 lucer-

176 3258 318 3332 ἣλιος,
362 3262 434 3323 οἷς
480 3261 731 3337 λύχνους
785 3262 940 3334 ὑμεῖς
991 3263 1183 3315 ἅπτετε
1214 3280 1228 3331 3
1260 3262 1353 3328 Μὴ
1406 3264 1472 3331 ³⁸,
1507 3258 1689 3333 ὥσπερ
1717 3260 1785 3313 τὰ

178 3350 277 3425 »ἔφη
308 3351 473 3414 ὑετοὺς
502 3351 681 3429 φέρει,
714 3351 802 3404 καὶ
834 3350 985 3405 αὐτοὶ
1019 3349 1195 3429 φέρειν
1226 3344 1473 3425 ὄμϐρους
1518 3346 1784 3416 δύνανται,

180 3436 358 3507 Dianas
386 3440 615 3501 ἑαυτοὺς
668 3444 831 3493 κινεῖν
882 3436 1192 3511 δυνάμενοι,
1249 3437 1336 3491 ἐὰν
1392 3438 1467 3509 μὴ
1508 3438 1785 3512 ἄνθρωποι

181 3523 545 3598 inﬂammat;
596 3529 666 3584 Ἣ
718 3527 960 3603 καρποὺς
1016 3527 1349 3601 παρέχονται
1405 3524 1533 3587 τοὺς
1592 3524 1787 3587 αὑτοὺς

183 3618 231 3684 τῇ
370 3624 481 3679 τοῖς
528 3617 723 3679 πόνοις
775 3617 948 3690 ὑμῶν,
1001 3617 1085 3677 οἷς
1135 3616 1318 3677 Θυσίας
1370 3618 1413 3652 ³⁷
1454 3619 1785 3690 χορηγεῖτε;

185 3700 301 3757 οὐδὲν
326 3702 567 3761 δύνανται
580 3750 596 3761 .

234 3811 365 3865 XXV.
422 3812 484 3865 Εἰ
542 3809 609 3865 δὲ
661 3808 750 3864 καὶ
799 3814 973 3864 ποιεῖν
1020 3829 1073 3863 τι
1125 3806 1398 3878 ἐδύναντο,
1452 3806 1555 3862 οὐκ
1598 3808 1656 3862 ἃν
1690 3807 1790 3863 αὑ-

182 3896 276 3958 τοὺς
314 3898 476 3973 ὀρθῶς
526 3899 691 3960 θεοὺς
742 3897 985 3973 ἐλέγετε,
1041 3897 1204 3953 ὁπότε
1254 3895 1378 3952 οὐδὲ
1425 3898 1493 3952 τὰ
1540 3902 1789 3972 στοιχεῖα

185 3982 416 4055 ὀνομάζειν
462 3986 641 4058 ἔξεστι
673 3987 846 4057 θεοὺς,
884 3984 952 4040 δί’
998 3988 1072 4040 ὧν
1122 3986 1190 4041 τὰ
1236 3986 1410 4060 ἀγαθᾶ
1448 3990 1786 4061 χορηγεῖται.

184 4072 317 4128 Ἀλλὰ
357 4078 440 4131 νὸν
495 4077 669 4151 μύνον
717 4076 943 4147 τάξαντα
988 4074 1143 4148 αὐτὰ,
1192 4076 1328 4150 πρὸς
1375 4076 1474 4144 τὴν
1517 4077 1786 4149 ἡμετέραν

184 4169 338 4234 γέῆσιν
370 4166 609 4222 ἐκτελεῖν
655 4166 723 4220 τὰ
769 4165 962 4232 πάντα,
1011 4168 1100 4218 καί
1145 4163 1468 4219 κελεύσαντα
1517 4164 1790 4237 ἀνθρώπῳ

191 4249 444 4323 ὕπηρετεῖν,
479 4256 646 4326 μόνον
697 4254 843 4328 ὀρθῷ
891 4253 1046 4327 λόγῳ
1086 4254 1213 4308 Θεὸν
1251 4253 1615 4326 ὀνομάζομεν.
1648 4252 1721 4307 Οὑ
1747 4256 1792 4289 ⁸³

189 4345 257 4405 τῆς
281 4342 568 4418 εὐεργεσίας
600 4345 756 4417 ὑμεῖς
812 4344 886 4413 μή
941 4342 1314 4415 αἰσθανόμενοι
1362 4342 1429 4397 τὰ
1462 4343 1588 4415 ὑμῖν
1621 4339 1791 4396 δοῦλα

189 4424 545 4503 ἆτονεμηθὲντα
595 4437 843 4507 στοιχεῖα
886 4433 1003 4495 καθ’
1050 4432 1222 4486 αὑτῶν
1276 4429 1550 4500 δεσπόζειν
1590 4432 1788 4505 ἀνηγο-

192 4517 375 4585 ρεύσατε.
439 4522 533 4576 Καὶ
592 4522 646 4576 τί
702 4522 824 4597 περὶ
875 4518 1161 4596 στοιχείων
1213 4518 1294 4575 δεῖ
1339 4518 1560 4596 λέγειν;
1602 4520 1789 4574 Ὁπότε

190 4605 252 4655 11':
280 4608 441 4683 ἄψυχα
483 4609 778 4685 ἀγάλματα
817 4608 1184 4679 πεποιηκότες
1230 4606 1292 4663 οὑ
1346 4608 1510 4681 μόνον
1552 4629 1788 4684 προσκυ-

189 4698 309 4763 νεῖτε,
339 4696 456 4752 ἀλλ’
485 4699 558 4759 ὡς
591 4697 781 4753 δοῦλοι
812 4699 946 4752 κατᾶ
992 4699 1164 4751 πάντα
1198 4696 1379 4759 αὐτοῖς
1428 4697 1791 4771 ὑποτετάχθαι

189 4778 374 4849 ἀξιοῦτε.
405 4786 499 4841 Διὰ
546 4792 731 4855 τοῦτο,
766 4784 833 4841 δι’
884 4788 955 4840 ὧν
1009 4787 1451 4864 παρεφρονήσατε
1490 4788 1558 4852 ³ο,
1596 4784 1792 4857 δαίμο-

192 4888 253 4921 σιν
282 4872 569 4950 ὑποχείριοι
601 4871 882 4951 γεγόνατε.
916 4874 1068 4943 Πλὴν
1123 4872 1213 4929 διὰ
1258 4881 1357 4943 τῆς
1410 4874 1487 4936 εἷς
1515 4874 1674 4929 αὐτὸν
1701 4876 1793 4929 τὸν

191 4959 289 5013 θεὸν
337 4960 667 5040 ἐπιγνώσεως
728 4965 788 5020 ἐκ
858 4967 966 5019 τῶν
1032 4962 1215 5019 καλῶν
1275 4962 1516 5039 πράξεων
1577 4961 1799 5018 δύνασθε

1897 3277 2003 3315 nas
2033 3261 2394 3316 accenditis?
2416 3260 2742 3317 Possuntne
2773 3266 2837 3317 ut
2867 3263 3053 3318 nubes
3074 3264 3321 3321 imbrem
3353 3265 3548 3321 ferunt

1896 3349 1977 3405 ita
2006 3354 2063 3405 et
2092 3350 2204 3422 ipsi
2237 3349 2495 3420 pluviam
2528 3350 2685 3419 dare,
2737 3351 2838 3421 qui
2898 3368 2970 3407 ne
2999 3351 3158 3424 ipsos
3189 3353 3425 3423 quidem
3482 3371 3544 3411 se

1898 3455 2127 3494 movere
2156 3437 2368 3509 valent,
2422 3438 2533 3493 nisi
2570 3439 2641 3493 ab
2671 3439 3015 3495 hominibus
3061 3441 3544 3512 prehendantur?

1898 3530 2050 3581 Num
2084 3530 2247 3581 terrae
2282 3543 2383 3597 pro
2416 3526 2717 3583 laboribus
2737 3529 2945 3583 vertris
2967 3546 3065 3585 eos
3090 3529 3251 3601 ipsos
3282 3532 3542 3601 przebent

1901 3615 2150 3681 fructus,
2192 3615 2409 3687 quibus
2440 3615 2491 3671 ei
2547 3617 2835 3672 sacriﬁcia
2891 3618 3219 3674 exhibetis‘?
3248 3618 3342 3675 Sic
3400 3618 3546 3675 nihil

1900 3709 2168 3776 possunt.

1972 3811 2141 3866 XXV.
2174 3812 2281 3867 Sed
2314 3812 2423 3868 etsi
2452 3811 2713 3868 valerent
2742 3812 2964 3885 aliquid
2996 3814 3201 3885 facere,
3248 3831 3364 3869 non
3395 3818 3549 3871 recte

1899 3915 1999 3956 eos
2037 3901 2307 3956 diceretis
2362 3902 2524 3968 deos,
2586 3902 2861 3971 quoniam
2918 3919 3023 3958 nec
3078 3902 3215 3957 licet
3261 3903 3550 3960 elementa

1899 3991 2035 4046 deos
2068 3988 2378 4061 appellare,
2414 4006 2517 4062 per
2557 4006 2683 4062 quae
2734 3992 3185 4062 suppeditantur
3213 3992 3383 4048 bona.
3435 3993 3546 4049 Sed

1898 4095 2033 4135 eum
2067 4078 2258 4134 solum
2295 4083 2450 4134 recta
2510 4080 2733 4135 ratione
2774 4081 2959 4135 Deum
3017 4080 3413 4150 nominamus,
3447 4082 3550 4154 qui

1900 4184 2054 4224 unus
2072 4167 2359 4223 elementa
2400 4168 2715 4237 ordinavit,
2738 4172 2801 4223 ut
2825 4170 2895 4223 ad
2920 4173 3185 4224 nostrum
3210 4186 3384 4225 usum
3406 4187 3549 4226 cun-

1899 4261 1992 4313 cta
2023 4258 2389 4327 perficerent,
2422 4256 2638 4329 quique
2669 4257 2941 4330 precepit
2971 4258 3254 4313 inservire
3306 4259 3547 4314 homini.

1897 4345 2077 4416 Cujus
2107 4362 2208 4399 vos
2254 4345 2596 4400 beneficium
2641 4363 2755 4401 non
2814 4348 3157 4414 sentientes,
3214 4365 3338 4419 quas
3385 4347 3551 4404 vobis

1900 4450 2066 4489 serva
2096 4433 2315 4489 tributa
2345 4438 2483 4489 sunt
2527 4434 2834 4503 clementa,
2887 4436 3155 4493 dominos
3184 4442 3409 4496 vestros
3463 4452 3552 4491 re-

1900 4522 2238 4577 nuntiastis.
2265 4522 2333 4577 Et
2363 4522 2506 4595 quid
2544 4524 2613 4578 de
2643 4522 2950 4579 elementis
2983 4523 3193 4596 loquor
3214 4524 3401 4582 ?Cum
3435 4524 3555 4581 ina-

1901 4610 2062 4665 nima
2093 4627 2325 4681 quoque
2377 4612 2566 4681 signa,
2608 4629 2734 4682 quin
2795 4612 3154 4679 fabricastis,
3204 4630 3319 4668 non
3379 4614 3552 4669 modo

1902 4699 2179 4767 adoretis,
2208 4700 2305 4753 sed
2342 4704 2397 4753 et
2418 4699 2578 4755 velut
2600 4701 2747 4755 servi
2782 4702 3019 4757 omnino
3051 4701 3169 4758 illis
3200 4702 3409 4772 subjici
3453 4719 3552 4758 cu-

1903 4787 2098 4861 piatis.
2136 4788 2266 4843 ldeo
2289 4804 2391 4859 per
2411 4789 2769 4844 dementiam
2792 4794 3044 4845 vestram
3076 4790 3292 4846 redacti
3322 4789 3462 4846 estis
3491 4790 3551 4845 in

1905 4876 2238 4932 daemonum
2270 4880 2644 4949 potestatem.
2678 4878 2890 4935 Verum
2925 4895 3027 4951 per
3056 4878 3412 4950 agnitionem
3455 4878 3551 4934 Dei

1909 4969 1965 5021 et
1986 4964 2141 5021 bona
2170 4980 2346 5037 opera
2375 4966 2623 5037 potestis
2655 4967 2865 5023 iterum
2897 4966 3022 5023 heri
3052 4967 3224 5039 efﬁci,
3256 4970 3314 5025 et
3343 4968 3559 5026 daemo-

1478 5143 1721 5200 VARIZE
1761 5142 2179 5203 LECTIONES.

254 5276 287 5358 ξί
315 5279 389 5358 Ita
498 5284 556 5358 in
586 5300 796 5358 marg,,
829 5281 1098 5358 πολέμωνΔ
1120 5284 1179 5339 in
1211 5288 1394 5353 textu,
1419 5284 1569 5358 AutO,
1602 5285 1649 5358 i3“
1681 5282 1876 5358 αὐτούς
1905 5286 1963 5341 S.
1999 5286 2088 5355 0.,
2123 5283 2347 5347 ἑαυτούς
2378 5287 2437 5342 C.
2461 5287 2519 5358 _33
2552 5281 2802 5358 δύναμιν,
2912 5286 3189 5358 mendose
3220 5287 3282 5358 3‘7
3319 5283 3459 5358 μηδέ
3488 5286 3551 5341 C.

202 5345 385 5426 ³ξξιιιιῶν
412 5357 467 5408 C.
498 5356 541 5391 ³⁸
570 5358 642 5412 Le
895 5358 937 5391 ³⁷
967 5345 1298 5431 παρέγονται
1334 5374 1349 5423 ;
1379 5345 1471 5410 τὸν
1500 5354 1658 5410 αὐτὸν
1691 5354 1901 5428 πρόπον
1952 5362 2052 5425 τῆς
2075 5345 2205 5431 ’γῆς
2233 5345 2347 5419 τοῖς
2401 5355 2590 5417 πόνοις
2640 5345 2799 5427 ὑμεῖς
2845 5356 3028 5417 θυσίας
3072 5345 3402 5427 οοῐῄθοίίθί,
3427 5374 3555 5412 ver-

204 5433 335 5475 swne
359 5374 731 5483 expressit
767 5418 1210 5483 παρὲγονται.“’ὸν
1239 5425 1440 5483 τρόπον
1476 5429 1509 5483 ἡ
1541 5435 1608 5483 γῆ
1646 5445 1658 5483 :
1688 5431 1806 5483 τοῖς
1836 5426 2044 5483 πόνοις.
2076 5448 2128 5483 κ.
2160 5449 2211 5483 τ.
2248 5426 2303 5483 λ.
2342 5432 2402 5483 D.
2434 5428 2786 5483 παρέγονται.
2820 5428 2900 5483 οἷς
2935 5427 3117 5482 αὐτοῖς
3146 5434 3246 5483 τῆς
3294 5434 3395 5483 γῆς
3424 5425 3552 5483 τοὺς

204 5417 335 5497 sione
359 5429 623 5497 expressit

767 5425 1210 5501 παρέχονταιςηόν
1239 5425 1440 5517 τρέαποχ
1476 5429 1509 5495 ἡ
1541 5435 1608 5502 γῆ
1646 5445 1658 5495 ;
1688 5425 2044 5517 τοῖςῃπξνοις,
2076 5425 2128 5484 κζ
2160 5449 2211 5517 τὲ
2248 5426 2303 5484 λ.
2434 5425 2787 5517 παρέχονται,
2820 5428 2900 5488 οἷς
2920 5427 3117 5517 ιαὐτοῖς
3146 5425 3246 5495 τῆς
3294 5434 3395 5501 γῆς
3424 5425 3552 5489 τοὺς

1086 5500 1248 5517 κηη
1526 5501 1756 5517 ι.,η
1838 5501 1858 5517 η
2070 5503 2096 5513 ..
2504 5504 2517 5517 .
2743 5500 2883 5517 nr.-

208 5489 292 5611 Ere]
317 5489 540 5568 πόρους),
572 5519 619 5554 κ.
642 5520 693 5554 τ.
722 5489 781 5554 λ.
812 5489 1185 5581 proposuerit
1215 5489 1283 5555 S.'
1305 5500 1348 5533 ³⁸
1378 5499 1439 5551 οὗ
1472 5489 1608 5555 add:
1632 5489 1681 5553 ὁ.
1715 5504 1780 5555 Ο.
1813 5500 1858 5535 ³⁹
1890 5496 1978 5552 διὰ
2004 5489 2165 5554 τόὖτο
2197 5498 2415 5554 ἑαυτοὺς
2450 5489 2521 5552 δι”
2546 5489 2617 5552 ὥῦ
2647 5520 2706 5554 π.
2740 5489 2797 5554 (ί.
2830 5500 2886 5554 Si
2920 5498 3139 5559 ἑαυτούς
3170 5489 3408 5554 retineri
3457 5515 3552 5553 ve-

242 5561 586 5611 3.19lmndnm
617 5588 743 5611 paen
770 5572 1004 5611 \ndnlnr
1034 5575 1265 5611 πλησίοι-ρ
1297 5572 1334 5611 Ω
1392 5588 1403 5599 υ
1444 5570 1793 5611 ρἰτφινυςιηίηην
1827 5572 2159 5611 «carnrium»:
2214 5578 2276 5611 nt
2311 5572 2676 5611 nnnnanlivnq
2708 5568 2926 5611 ὶηνιη-ωςρ-
2964 5570 3165 5611 hnhonf
3226 5572 3377 5611 nndp.
3408 5586 3549 5611 non...

242 5575 282 5626 3.
303 5561 586 5645 legendum
617 5588 753 5645 esse,
770 5561 1004 5645 videtur
1034 5575 1266 5645 auctore
1297 5572 1358 5645 S._
1392 5588 1404 5625 :
1444 5570 1793 5645 ὑποχειρίους
1827 5572 2180 5641 πεποιήκατε,
2214 5578 2279 5628 ut
2310 5572 2676 5628 accusativus
2708 5568 2926 5631 ἑαυτούς
2962 5570 3191 5641 habeat,
3226 5572 3377 5626 unde
3407 5586 3549 5643 pen-

212 5628 335 5706 deat,
354 5628 445 5694 aut
471 5642 637 5698 etiam
667 5644 783 5697 καθ’
812 5639 1032 5704 ἑαυτούς
1062 5643 1492 5716 corrigendum.
