4086 6216
495 295 614 358 275

1313 297 1378 356 S.
1425 294 1866 356 CLEMENTIS
1912 295 1935 354 Ι
1982 293 2171 356 ROM.
2218 294 2452 355 PONT.
2499 299 2761 360 OPEBA
2806 301 3072 363 DUBiA.

3734 320 3839 379 2'16

497 428 675 486 nibus
693 427 850 483 velut
875 425 1056 485 servis
1096 427 1400 499 imperare,
1427 444 1493 483 ac
1522 428 1676 484 sicut
1704 426 1809 482 ﬁlii
1842 427 1937 483 Dei
1999 444 2134 483 con-

2255 420 2505 481 δεσπόται
2559 431 2801 503 γενέσθαι
2851 429 3038 506 πάλιν,
3093 434 3181 488 καὶ
3238 431 3474 509 δαίμοσιν
3532 440 3599 504 ὡς
3640 441 3837 511 δούλοις

498 517 664 573 stitui
694 516 891 572 interni
923 515 1086 589 regni
1117 516 1399 573 hisredes.

566 694 756 751 XXVI.
789 694 891 750 His
922 693 1114 761 dictis,
1147 694 1331 766 jussit
1385 693 1773 749 daemoniacos
1806 697 1863 750 et
1920 693 2141 750 morbis

496 790 809 857 occupatos
839 785 910 840 ad
943 801 1004 840 se
1035 783 1263 850 adduci,
1299 783 1513 854 quibus
1544 782 1755 839 oblatis
1779 800 1990 839 manus
2030 783 2140 838 im-

498 890 721 947 ponens
750 889 817 928 ac
848 877 1117 945 precatus
1147 871 1464 928 incolumes
1493 889 1591 928 eos
1636 871 1878 940 dimisit,
1939 872 2142 927 admo-

498 979 644 1017 nens
673 960 805 1017 illos
836 961 1239 1033 reliquamque
1269 961 1523 1027 turbam,
1558 965 1620 1015 ut
1666 960 1775 1015 hoc
1804 959 1863 1015 in
1895 959 2019 1015 loco
2052 976 2143 1015 as-

498 1051 655 1107 sidui
684 1054 900 1122 essent,
923 1067 1026 1121 per
1048 1050 1170 1105 dies
1203 1050 1419 1122 quibus
1444 1049 1788 1105 immoratus
1808 1049 2144 1105 dissereret.

498 1140 811 1210 Postquam
846 1154 980 1210 ergo
1010 1138 1109 1194 alli
1141 1140 1496 1207 abscessere,
1529 1138 1735 1194 Petrus
1756 1137 1852 1192 ubi
1886 1138 1945 1192 in
1976 1137 2146 1209 aquis

498 1246 625 1301 qum
654 1228 735 1284 ibi
768 1228 1029 1284 ﬂuebant
1056 1245 1267 1299 corpus
1297 1226 1590 1292 diluisset,
1625 1244 1741 1282 una
1769 1243 1903 1282 cum
1944 1226 2144 1281 volen-

497 1319 656 1374 tibus
678 1316 842 1373 humi
873 1317 1055 1372 sterni
1078 1316 1261 1388 jussit
1288 1316 1401 1372 sub
1432 1316 1708 1371 arborum
1737 1316 1920 1371 densa
1943 1316 2146 1371 fronde

497 1411 732 1478 propter
761 1405 1049 1472 umbram,
1074 1409 1132 1459 et
1162 1420 1642 1476 unumquemque
1672 1404 1874 1459 ordine
1894 1404 2028 1459 fecit
2058 1421 2143 1459 re-

496 1495 798 1550 cumbere:
834 1498 1008 1565 atque
1040 1493 1123 1548 ita
1153 1494 1348 1549 cibum
1376 1492 1765 1564 sumpsimus.
1816 1496 1960 1547 Cum
2008 1509 2144 1565 ergo

486 1584 660 1654 juxta
708 1583 1077 1638 Hebraeorum
1127 1581 1358 1638 solitam
1415 1580 1590 1636 ﬁdem
1640 1582 2052 1637 benedixisset
2091 1585 2148 1636 et

496 1671 714 1744 gratias
744 1671 959 1743 egisset
990 1670 1105 1725 Deo
1138 1687 1240 1741 pro
1291 1675 1529 1742 sumpta
1580 1670 1957 1739 recreatione,
2007 1670 2147 1741 quia

2250 512 2510 610 ἐπιτάξαι,
2543 519 2632 573 καὶ
2664 519 2737 582 ὡς
2770 520 2877 576 υἱοὶ
2909 525 3043 577 Θεοῦ
3087 522 3305 578 αἰωνίου
3358 526 3608 600 βασιλείας
3647 532 3831 610 κληρο-

2248 603 2407 677 νόμοι
2441 615 2788 678 καταστῆναι.

2322 698 2511 752 XXVI.
2570 700 2745 752 Ταῦτα
2798 697 2963 753 εἰπὼν
3026 699 3270 756 ἐκέλευσε
3337 702 3455 766 τοὺς
3505 704 3817 781 δαιμονῶντας

2249 781 2340 835 καὶ
2397 781 2574 846 νόσοις
2643 784 3177 861 ἐγκατειλημμένους
3237 792 3563 866 221)ναῦτῷ
3619 801 3812 879 προσσέ-

2255 882 2458 946 ρεσθαι,
2515 878 2923 951 προσενεχθεῖσι
2998 874 3056 931 δὲ
3128 879 3225 939 τὰς
3300 885 3477 955 ’χεῖρας
3528 874 3695 949 ἐπιθεὶς
3742 874 3817 943 καὶ

2252 961 2683 1036 προσευξάμενος
2734 964 2995 1021 ἀπέλυσεν
3056 965 3251 1029 αὐτοὺς
3327 967 3629 1042 ὑγιαίνοντας
3657 1019 3672 1044 ,
3720 975 3827 1030 ὓπο-

2258 1052 2580 1122 μιμνήσκων
2614 1052 2809 1116 αὐτοὺς
2856 1054 2945 1108 καὶ
2985 1054 3113 1117 τοὺς
3162 1054 3386 1118 λοιποὺς
3433 1052 3619 1133 ὄχλους
3648 1062 3831 1118 ἐνταῦθα

2253 1136 2621 1214 παρεδρεύειν,
2655 1142 2793 1197 ὅσων
2829 1142 2888 1197 ἂν
2921 1146 3142 1221 ἡμερῶν
3177 1142 3452 1218 ἐπιδημῶν
3483 1145 3830 1226 διαλέγηταιω.

2253 1232 2367 1282 Τῶν
2401 1227 2490 1283 οὗν
2543 1228 2728 1285 ἄλλων
2779 1232 3248 1310 ἀναχωρησάντων
3277 1235 3303 1288 ὁ
3335 1236 3525 1312 Πέτρος
3569 1236 3613 1292 ἐν
3648 1241 3714 1311 τῷ
3741 1239 3829 1295 ἐκεῖ

2257 1314 2563 1393 ὑδροχοείῳ
2620 1322 2663 1357 ⁸³
2712 1318 3050 1395 λουσάμενος
3100 1323 3194 1377 σὺν
3242 1330 3358 1386 τοῖς
3402 1323 3653 1399 θελήσασι⁹
3689 1332 3835 1403 χαμαὶ

2255 1408 2560 1480 πρωθῆναι
2617 1406 2876 1472 κελεύσας
2940 1410 3041 1465 ὑπό
3095 1432 3218 1466 τινα
3272 1414 3440 1481 πυκήν
3494 1420 3591 1470 τῶν
3641 1413 3835 1492 δένδρων

2254 1494 2432 1567 κόμην
2466 1494 2555 1551 διὰ
2583 1498 2680 1567 τήν
2732 1500 2902 1569 σκιὰν,
2942 1501 3059 1555 κατ’
3108 1500 3255 1571 ἀξίαν
3302 1498 3512 1558 ἕκαστον
3553 1505 3840 1576 κατακλιθῆ-

2253 1605 2336 1639 ναι
2370 1584 2642 1655 ἐποίησεν·
2677 1588 2765 1642 καὶ
2816 1588 2989 1652 οὕτως
3036 1597 3247 1668 τροφῆς
3295 1587 3655 1666 μετελάϐομεν.
3695 1594 3841 1649 Εὐλο-

2254 1677 2427 1749 γήσας
2490 1673 2581 1729 οὖν
2628 1676 2717 1731 καὶ
2769 1676 3237 1754 ἐπευχαριστήσας
3290 1678 3367 1753 τῷ
3412 1686 3518 1753 Θεῷ
3562 1680 3639 1736 ἐπὶ
3676 1687 3745 1754 τῷ
3770 1683 3838 1738 εὗ-

500 1759 753 1814 multum
784 1759 976 1814 adhuc
1002 1759 1115 1814 diei
1147 1764 1471 1830 supererat,
1505 1759 1831 1830 percontari
1880 1759 1951 1814 de
2009 1760 2143 1831 qui-

2255 1771 2553 1841 φρανθῆναι
2610 1766 2745 1821 κατὰ
2793 1768 2893 1835 τὴν
2948 1762 3215 1844 Ἐϐραίων
3264 1771 3461 1840 συνήθη
3507 1770 3668 1826 πίστιν
3695 1769 3838 1841 ⁸³,ἔτι

499 1848 611 1904 bus
670 1846 946 1903 vellemus
996 1847 1279 1919 permisit.
1341 1851 1408 1901 Et
1447 1863 1580 1902 vero
1612 1852 1898 1916 nostrum,
1934 1848 2031 1920 qui
2063 1847 2144 1903 vi-

499 1937 650 2010 ginti
679 1953 933 2007 eramus,
975 1936 1290 2008 unicuique
1320 1937 1603 2008 specatim
1633 1936 2014 2009 interroganti
2047 1938 2145 1993 de-

495 2025 581 2080 dit
601 2024 972 2081 solutionem.
995 2024 1247 2097 Vespere
1270 2028 1461 2079 autem
1478 2026 1604 2095 jam
1635 2025 1806 2093 facto,
1839 2026 1898 2080 in
1928 2025 2144 2080 latissi-

494 2130 654 2169 mam
683 2113 923 2185 bospitii
953 2114 1133 2170 aedem
1158 2112 1409 2185 ingressi
1439 2129 1575 2169 cum
1606 2113 1735 2186 ipso
1776 2113 1896 2170 illic
1939 2130 2146 2171 omnes

494 2201 900 2259 dormivimus.

1088 2396 1395 2453 HOMILIA
1446 2397 1543 2454 XI.

568 2487 610 2542 Ι.
644 2486 840 2557 Itaque
870 2489 1077 2557 quarto
1108 2488 1261 2557 apud
1288 2486 1569 2558 Tripolim
1595 2487 1688 2543 die
1747 2487 1949 2544 Petrus
2006 2505 2141 2545 sur-

493 2590 638 2649 gens
668 2591 893 2646 nosque
926 2574 1225 2630 inveniens
1254 2574 1586 2647 vigilantes,
1630 2576 1731 2632 ubi
1802 2576 2139 2644 salutasset,

497 2663 641 2720 abiit
670 2663 739 2717 ad
764 2680 925 2733 aquae
957 2663 1194 2718 ﬂuentis
1224 2662 1437 2732 locum,
1473 2669 1538 2718 ut
1563 2664 1720 2720 lotus
1743 2670 1952 2721 oraret.
1986 2666 2143 2721 Idem

498 2769 606 2809 nos
627 2768 854 2823 quoque
885 2756 1307 2823 consequenter
1336 2752 1602 2808 fecimus.
1636 2753 1771 2808 Post
1800 2770 2145 2811 communes

496 2857 631 2897 vero
662 2856 883 2913 preces,
914 2857 1048 2895 cum
1081 2840 1462 2913 sedissemus,
1522 2843 1593 2897 de
1640 2843 1907 2898 castitate
1954 2843 2144 2899 disse-

498 2930 636 2985 ruit.
670 2932 737 2984 Et
766 2933 1075 3000 postquam
1099 2929 1223 2984 dies
1255 2929 1460 3000 illuxit,
1492 2930 1991 3003 plebiingressum
2015 2948 2145 3003 per-

499 3018 782 3085 misit.At,
809 3017 1185 3074 multitudine
1220 3019 1487 3091 ingressa
1513 3024 1689 3092 atque
1728 3036 1830 3091 pro
1860 3036 2020 3076 more
2049 3037 2143 3076 sa-

498 3106 703 3174 lutata,
736 3106 910 3179 cmpit
938 3106 1127 3162 dicere
1154 3123 1167 3163 :

571 3284 640 3342 II.
674 3284 1163 3357 Quandoquidem
1195 3284 1381 3341 multa
1427 3285 1737 3341 adversum
1767 3302 1868 3343 vos
1918 3304 1952 3342 a
1980 3287 2143 3343 vobis

498 3374 757 3446 profecta
785 3373 1011 3429 incuria
1040 3390 1207 3430 mens
1228 3374 1514 3446 plurimas
1535 3378 1593 3429 et
1618 3374 1818 3430 noxias
1867 3377 2147 3447 supersti-

496 3462 724 3518 tionum
770 3462 1075 3535 Opiniones
1129 3462 1497 3534 germinavit,
1530 3466 1587 3518 et
1642 3463 1774 3518 facti
1808 3464 1948 3520 estis
1988 3464 2146 3520 velut

497 3554 654 3606 terra
683 3552 909 3607 defectu
942 3551 1207 3624 agricola:
1239 3550 1575 3617 silvescens,
1610 3552 1794 3607 multo
1824 3554 1897 3608 ad
1929 3570 2143 3625 purga-

497 3640 717 3696 tionem
751 3641 1024 3708 indigetis
1054 3650 1330 3714 lempore,
1356 3646 1416 3696 ut
1436 3641 1717 3696 traditum
1743 3642 1907 3697 vobis
1929 3659 2149 3698 sermo-

499 3745 632 3784 nem
666 3746 866 3784 verum
895 3734 1180 3802 tanquam
1216 3728 1553 3801 praeclaram
1609 3735 1929 3787 sementem
1982 3749 2147 3788 mens

499 3816 825 3889 suscipiens
856 3817 1048 3890 pravis
1070 3818 1566 3874 sollicitudinibus
1598 3834 1714 3873 non
1747 3819 2010 3891 suffocet,
2043 3836 2148 3875 nec

498 3906 570 3962 ad
619 3905 925 3962 salutifera
982 3924 1160 3978 opera
1211 3908 1417 3962 reddat
1474 3907 1926 3963 infructuosum.
1962 3911 2148 3975 Quare

497 3999 745 4066 oportet,
780 4000 845 4050 ut
875 3995 975 4068 qui
1007 3995 1214 4051 salutis
1246 4013 1364 4051 suae
1396 4012 1597 4051 curam
1629 3997 1980 4069 suscipiunt,
2031 3998 2148 4053 fre-

498 4086 884 4157 quentissime
914 4085 1158 4139 audiant
1189 4102 1302 4155 quo
1325 4089 1560 4157 peccata
1582 4102 1652 4141 ex
1683 4085 1867 4142 multo
1888 4091 2149 4159 tempore

500 4178 672 4229 aucta
701 4172 860 4227 brevi
892 4172 1045 4243 quod
1081 4177 1259 4227 restat
1281 4177 1540 4244 tempore
1566 4190 1671 4246 per
1690 4174 2028 4230 continuam
2061 4176 2147 4230 di-

498 4260 799 4333 ligentiam
824 4262 892 4316 ad
917 4262 1309 4332 expiationem
1338 4263 1566 4334 possint
1597 4264 1818 4320 referri.
1843 4264 1985 4320 Cum
2012 4281 2147 4337 ergo

501 4350 818 4422 unicuique
848 4350 1105 4405 incertus
1129 4351 1204 4405 sit
1233 4367 1353 4405 sua;
1383 4351 1512 4406 vitae
1540 4336 1851 4420 terminus,
1879 4336 2149 4410 festinate

500 4438 719 4495 multas
750 4455 780 4494 e
825 4439 1101 4494 cordibus
1161 4439 1365 4495 vestris
1415 4440 1719 4496 extrahere
1762 4442 1983 4514 spinas,
2032 4461 2145 4498 non

2256 1851 2477 1923 πολλῆς
2536 1850 2699 1925 οὔσης
2760 1850 2905 1932 ὥρας
2952 1857 3305 1912 πυνθάνεσθαι
3357 1860 3496 1931 ἡμᾶς
3538 1858 3648 1935 περὶ
3688 1861 3751 1914 ὧν
3778 1860 3841 1915 θέο

2256 1941 2424 2015 λομεν
2486 1942 2790 2019 ἐπέτρεψεν.
2843 1945 2939 2000 Καὶ
2998 1945 3152 2019 ὅμως
3213 1944 3407 2002 εἷθιοσιν
3460 1949 3502 1983 δ’
3555 1945 3685 2002 οὖσιν
3728 1951 3837 2021 ἡμῖν

2255 2028 2307 2085 ἐν
2344 2030 2493 2108 μέρει
2521 2032 2728 2106 ἑκάστῳ
2760 2033 3050 2109 πυθομένῳ
3081 2034 3355 2094 ἐπέλυσεν.
3384 2033 3517 2107 Ἤδη
3562 2033 3614 2092 δέ
3653 2038 3838 2111 ἑσπέρας

2256 2116 2765 2192 ἐπικαταλαϐούσης
2798 2122 2875 2185 εἷς
2921 2124 3012 2178 τὸν
3054 2122 3342 2201 εὐρύτατον
3387 2131 3483 2195 τῆς
3525 2124 3678 2195 ξενίας
3718 2125 3838 2182 οἷκον

2256 2206 2582 2272 εἱσελθόννες
2642 2211 2755 2285 ἅμα
2809 2211 2956 2285 αύτῷ
3010 2210 3120 2268 ἐκεῖ
3175 2213 3232 2268 οἱ
3285 2212 3469 2277 πάντες
3524 2214 3838 2288 ὐπνώσαμεν.

2870 2390 3139 2448 ὈΜΙΛΙΑ
3178 2391 3291 2449 IA'.

2327 2482 2367 2531 Ι.
2398 2479 2475 2551 Τῇ
2531 2477 2625 2550 μὶν
2673 2475 2763 2533 οὖν
2811 2480 3038 2556 τετάρτη
3091 2479 3141 2534 ἐν
3185 2479 3443 2558 Τριπόλει
3495 2479 3660 2555 ἡμέρᾳ
3697 2481 3721 2535 ὁ
3752 2481 3832 2535 Πέ-

2252 2585 2378 2641 τρος
2413 2564 2644 2641 ἐγερθεὶς
2692 2568 2781 2621 καὶ
2832 2566 3197 2644 ἐγρηγορότας
3242 2571 3389 2642 ἡμᾶς
3420 2572 3464 2606 “
3502 2568 3672 2645 εύρὼν,
3699 2589 3840 2644 προσ-

2254 2653 2547 2731 ἀγορεύσας
2609 2654 2749 2730 ἐξῄει
2809 2656 2884 2720 εἷς
2939 2658 3003 2713 τὸ
3059 2655 3423 2735 ὑδροχοεῖον,
3479 2657 3616 2721 ὅπως
3678 2654 3843 2713 λουσά-

2260 2763 2414 2815 μενος
2474 2740 2728 2814 εῧξηται.
2787 2744 3027 2818 Ὁμοίως
3079 2766 3139 2801 τε
3214 2746 3307 2801 καὶ
3365 2749 3521 2819 ἡμεῖς
3574 2745 3848 2809 ἀκολούθως

2257 2829 2588 2904 ἐποιήσαμεν
2627 2875 2640 2890 .
2697 2834 3121 2907 Συνευξαμένοις
3180 2833 3274 2890 οὖν
3345 2835 3431 2890 καὶ
3488 2838 3846 2911 προκαθεσθεῖσι

2254 2920 2345 2974 τὸν
2384 2921 2507 2996 περὶ
2538 2925 2634 2975 τοῦ
2666 2918 2773 2976 δεῖν
2825 2922 3064 2997 ἁγνεύειν
3110 2924 3349 2980 ἐποιεῖτο
3399 2927 3544 2983 230
3573 2923 3735 2999 λόγον.
3767 2923 3846 2977 Καὶ

2257 3006 2442 3079 ἐπειδή
2480 3008 2672 3065 λοιπὸν
2703 3012 2883 3086 ἡμέρα
2930 3011 3187 3089 ἐγεγόνει,
3238 3019 3355 3076 τοῖς
3404 3009 3590 3088 ὄχλοις
3630 3009 3843 3067 εἴσελθεῖν

2260 3097 2561 3174 ἐπέτρεψεν.
2599 3098 2949 3164 Εἷσελθόντος
3001 3099 3058 3156 δὲ
3099 3106 3197 3157 τοῦ
3229 3098 3406 3178 ὄχλου
3436 3099 3638 3158 πολλοῦ
3665 3104 3723 3175 ⁴⁵,
3748 3121 3845 3155 συν·

2259 3188 2409 3257 ήθως
2440 3187 2880 3265 προσαγορεύσας
2912 3188 3091 3265 λέγειν
3118 3189 3342 3265 ἤρξατο·

2325 3283 2391 3333 ΙΙ.
2424 3275 2643 3347 Ἐπειδὴ
2693 3276 2879 3352 πολλῇ
2928 3283 2997 3353 τῇ
3044 3281 3160 3334 καθ’
3205 3281 3360 3355 ὑμῶν
3407 3281 3490 3359 ὑφ’
3536 3280 3673 3354 ὑμῶν
3719 3297 3842 3353 γενο-

2259 3365 2390 3440 μένῃ
2413 3365 2641 3439 ἀμελείᾳ
2683 3367 2711 3421 ὁ
2768 3372 2892 3430 νοῦς
2939 3368 3034 3431 τὰς
3083 3367 3299 3432 πολλὰς
3349 3369 3436 3424 καὶ
3488 3362 3731 3444 βλαϐερὰς
3760 3371 3843 3421 τῶν

2253 3456 2551 3530 θρησκειῶν
2616 3455 2869 3517 ὑπονοίας
2922 3455 3204 3535 ἐξέφυσεν,
3266 3457 3356 3513 καὶ
3411 3456 3649 3535 γεγόνατε
3698 3454 3843 3528 ὥσπερ

2254 3551 2326 3620 γῆ
2358 3547 2402 3580 ⁴⁸
2431 3543 2633 3620 ἀπορίᾳ
2660 3548 2907 3621 γεωργοῦ
2958 3546 3317 3621 χερσεύσασα,
3361 3546 3568 3602 πολλοῦ
3608 3545 3729 3621 πρὸς
3766 3545 3843 3597 κά-

2257 3634 2439 3709 θαρσιν
2475 3630 2651 3688 δεῖσθε
2680 3629 2905 3709 χρόνου,
2933 3633 3026 3688 ⁷ίνα
3068 3634 3158 3689 τὸν
3216 3632 3624 3708 μεταδιδόμενον
3666 3635 3703 3668 ⁴⁷
3747 3631 3847 3703 ὑμῖν

2257 3720 2423 3798 λόγον
2452 3721 2631 3792 ἀληθῆ
2685 3718 2866 3800 ὥσπερ
2914 3721 3082 3779 καλὸν
3138 3723 3340 3798 σπόρον
3380 3725 3408 3779 ὀ
3456 3723 3573 3785 νοός
3604 3717 3761 3777 λαϐὼν
3788 3720 3847 3791 μὴ

2255 3817 2444 3874 κακαῖς
2498 3811 2741 3890 φροντίσι
2808 3813 3105 3886 συμπνίξας
3185 3814 3427 3887 ἄκαρπον
3499 3812 3773 3883 καταστήσῃ
3815 3809 3849 3842 ⁸⁸

2255 3902 2391 3977 πρὸς
2443 3902 2509 3955 τὰ
2558 3902 2748 3971 σώζειν
2796 3898 3066 3975 δυνάμενα
3113 3900 3247 3978 ἔργα
3280 3945 3295 3959 .
3348 3904 3439 3958 Διὸ
3480 3902 3585 3978 χρὴ
3629 3897 3740 3960 τοὺς
3773 3917 3847 3950 πε-

2257 3991 2610 4070 φροντικότας
2699 3997 2801 4060 τῆς
2875 3991 3077 4046 ἑαυτῶν
3166 3992 3442 4065 σωτηρίας
3522 3988 3847 4065 συνεχέστερον

2257 4079 2560 4153 ἐπακούειν,
2605 4078 2754 4142 ὅπως
2809 4079 2876 4135 τὰ
2924 4083 2970 4117 ⁴⁹
3025 4080 3085 4135 ἐκ
3144 4086 3369 4157 μακρῶν
3425 4079 3626 4157 χρόνων
3680 4075 3849 4143 ἀτοπή·

2262 4191 2401 4244 ματα
2448 4167 2821 4240 πληθυνθέντα
2874 4170 3073 4245 βραχεῖ
3118 4174 3197 4241 τῷ
3240 4168 3664 4247 περιλειπομένῳ
3696 4162 3848 4241 χρόνῳ

2257 4264 2475 4335 συνεχεῖ
2522 4256 2731 4332 σπουδῇ
2783 4258 2920 4334 πρὸς
2978 4258 3230 4335 κάθαρσιν
3286 4258 3615 4333 ἀναλογῆσαι
3661 4253 3847 4323 δυνηθῇ.

2260 4346 2479 4416 Ἐπειδὴ
2512 4350 2556 4385 ⁵ο
2587 4345 2677 4402 οὖν
2724 4344 2950 4410 ἕκαστος
3000 4345 3206 4417 ἄδηλον
3252 4343 3369 4424 ἔχει
3400 4353 3496 4402 τοῦ
3528 4344 3657 4400 ἰδίου
3683 4340 3848 4419 χρόνου

2256 4438 2318 4491 τὸ
2347 4436 2529 4507 τέλος,
2582 4436 2841 4490 σπεύσατε
2892 4436 2989 4498 τὰς
3038 4434 3253 4498 πολλὰς
3310 4441 3419 4492 τῶν
3466 4432 3686 4512 καρδιῶν
3727 4430 3842 4501 ὑμῶν

499 4544 633 4583 vero
665 4526 970 4599 paulatim,
990 4544 1180 4599 neque
1199 4529 1354 4583 enim
1372 4529 1673 4602 repurgari
1695 4531 1980 4602 poteritis,
2006 4532 2144 4603 quia

2259 4524 2455 4600 ἐξελεῖν
2507 4524 2759 4590 ἀκάνθας·
2815 4527 2889 4598 μή
2939 4530 3054 4581 κατ’
3100 4523 3309 4601 ὀλίγον·
3362 4524 3425 4580 οὐ
3471 4525 3567 4599 γὰρ
3614 4515 3849 4591 δυνήσεσθε

502 4615 646 4672 estis
676 4632 814 4688 ager
842 4615 1029 4687 spinis
1055 4617 1318 4673 horrens.

573 4704 673 4761 III.
705 4704 831 4759 Non
869 4704 1037 4760 aliter
1064 4722 1195 4761 vero
1224 4704 1478 4761 multum
1527 4706 1791 4762 studium
1849 4707 2148 4780 suscipere

502 4794 572 4849 ad
607 4793 1013 4865 purgationem
1067 4799 1320 4849 vestram
1379 4794 1773 4866 sustinebitis,
1816 4796 1926 4852 nisi
1983 4798 2147 4854 vobis

501 4882 634 4938 irati
665 4883 975 4955 increpetis
1005 4900 1103 4939 vos
1132 4884 1206 4939 ob
1228 4899 1296 4939 ea
1326 4883 1386 4939 in
1435 4884 1675 4955 quibus,
1702 4883 1859 4940 velut
1908 4885 2145 4943 inutiles

500 4971 676 5041 servi,
703 4971 935 5028 insidiis
967 4972 1130 5045 petiti
1162 4972 1303 5029 estis
1333 4977 1389 5029 et
1418 4972 1588 5029 malis
1615 4974 1826 5029 vestris
1856 4975 2142 5046 cupidita-

494 5059 655 5115 tibus
687 5060 1093 5127 consensistis,
1125 5061 1196 5116 ad
1224 5061 1467 5131 jusdam
1491 5061 1856 5118 iracundiam
1886 5063 1947 5117 in
1977 5080 2141 5120 men-

2256 4616 2604 4692 καθαρθῆναι,
2637 4613 2725 4669 ἐπὶ
2756 4611 2900 4668 πολὺ
2929 4614 3033 4689 γὰρ
3068 4611 3444 4689 ἐχερσεύσατε.

2328 4707 2427 4762 ΙΙΙ.
2460 4702 2571 4758 Ούκ
2601 4699 2787 4763 ἄλλως
2823 4699 2881 4757 δὲ
2924 4702 2988 4756 τὸ
3037 4699 3182 4756 πολὺ
3213 4708 3312 4771 τῆς
3363 4698 3598 4769 σπουδῆς
3623 4696 3743 4773 πρὸς
3771 4691 3851 4747 κᾶο

2255 4796 2439 4869 θαρσιν
2493 4793 2643 4865 ὑμῶν
2694 4788 3037 4861 ἀναδέξασθαι
3093 4792 3412 4864 ὑπομενεῖτε
3461 4793 3526 4859 ⁶¹,
3575 4787 3656 4843 ἐὰν
3700 4784 3765 4857 μή
3806 4800 3854 4854 γε

2254 4852 2437 4944 αὑτοῖς
2489 4852 2819 4958 ὀργισθέντες
2864 4852 3213 4950 ἐπιπλήξητέ
3253 4878 3378 4956 περὶ
3427 4852 3523 4934 ὧν⁷
3558 4877 3629 4938 ὡς
3674 4852 3853 4948 ἀγρεῖοι

2255 4971 2446 5028 δοῦλοι
2476 4973 2521 5007 ⁶²
2574 4966 2933 5046 ἐνηδρεύθητε
2980 4970 3296 5042 συνθέμενοι
3341 4974 3461 5031 ταῖς
3508 4968 3686 5026 κακαῖς
3729 4960 3851 5032 ὑμῶν

2257 5059 2594 5135 ἐπιθυμίαις,
2642 5056 2734 5114 ⁹ίνα
2780 5058 2880 5127 τὴν
2941 5054 3148 5112 δικαίαν
3209 5061 3254 5095 ⁸³
3306 5058 3456 5123 ὑμῶν
3504 5054 3659 5132 ὀργὴν
3698 5053 3768 5120 τῷ
3792 5048 3853 5116 vi)

1861 5177 2099 5236 VAVUE
2134 5178 2546 5238 LECTIONES.

566 5273 614 5350 f°
643 5267 948 5350 διαλέγεβει
980 5273 1115 5350 ο;“
1145 5273 1228 5350 Ita
1257 5273 1307 5350 Ω
1356 5291 1405 5329 ο-
1458 5272 1541 5343 εον
1592 5270 1870 5350 ὕδροχρέφ
1900 5276 1958 5350 G-
2013 5278 2059 5313 ⁴²
2102 5275 2278 5350 πίστιν
2324 5294 2440 5333 om-
2492 5275 2557 5332 ου
2589 5275 2636 5350 t’
2671 5270 2855 5350 ,ξνὶιοσι
2885 5272 2964 5350 ,οι
2996 5272 3219 5350 “illam
3266 5272 3324 5350 ὃ·
3357 5275 3446 5350 οη
3475 5266 3704 5350 5413‘}?-
3729 5262 3853 5350 Tu}?

498 5341 640 5416 ἐξῄει
674 5344 731 5399 S.
766 5341 830 5399 0.
856 5342 981 5413 ἐξίει
1008 5345 1047 5400 C
1080 5346 1215 5400 Dein
1251 5341 1568 5419 ὑδροχοεῖον
1619 5341 1674 5402 SI.

495 5416 540 5451 ισ
568 5418 633 5451 υς
694 5415 751 5451 nl
788 5433 800 5443 -
864 5421 1015 5451 omni
1075 5418 1109 5451 ρ
1200 5418 1270 5451 Α.)
1330 5418 1571 5451 Ianum...
1628 5424 1674 5451 τι

1868 5331 2022 5426 χόϊον
2074 5331 2520 5426 ϐηίὺδρηγοεῖοκν
2538 5349 2632 5426 ⁸ς).
2665 5347 2708 5381 ⁸⁸
2737 5346 2822 5401 Ita
2869 5348 2956 5414 0.,
2992 5331 3444 5426 etheé'oonject;
3469 5331 3530 5397 D'.
3559 5333 3779 5426 πολλούς

568 5343 640 5429 ﬁs}
674 5344 731 5399 S.
766 5343 830 5399 O.
856 5343 981 5413 ἐξίει
1008 5345 1047 5400 C
1080 5346 1215 5400 Dein
1251 5343 1568 5427 ὑδροχοεῖον
1619 5343 1700 5429 δί’,
1732 5343 2022 5455 ἱξδτροχόϊον
2074 5353 2160 5433 C.,
2192 5347 2520 5426 ὑδρηχοεῖον
2567 5349 2632 5402 0.
2665 5347 2708 5381 ⁸⁸
2737 5346 2822 5401 Ita
2869 5348 2956 5414 0.,
2992 5343 3147 5433 εἴκοι(
3180 5346 3425 5414 conject.
3469 5348 3530 5397 Ι).
3559 5343 3779 5395 πολλούς
3804 5343 3850 5385 υ.

568 5436 637 5490 γῃ
694 5415 1019 5494 Cl.:»errat
1173 5418 1708 5494 hde_lectlone_Ci_.
1762 5421 1785 5454 ‘
1864 5425 1925 5475 In
1984 5420 2028 5477 Ο
2078 5439 2238 5494 prius
2298 5426 2424 5476 erat
2477 5414 2760 5494 διδόμενον
2814 5434 2886 5494 p._
2924 5403 3851 5494 μεταοιδόλλενονκιθώκαταξτιίῖειξς

496 5488 541 5522 *θ
567 5478 637 5541 ’ἐᾶ
662 5492 874 5566 0m,_(_).
907 5488 951 5523 ⁵ο
999 5485 1111 5566 ἐπεί
1149 5493 1217 5566 9.
1269 5488 1311 5525 δι
1348 5490 1431 5566 l_ta
1474 5495 1533 5566 et
1568 5491 1659 5566 _S._
1689 5490 1801 5564 leg.
1848 5478 2456 5566 ce_nset,‘quanquam
2507 5478 3107 5566 adirem-ptime}.
3160 5489 3219 5544 C.
3276 5488 3320 5521 ⁸³
3365 5481 3553 5566 δοῦλοι
3594 5478 3854 5566 flagitante

496 5576 677 5638 sensu
730 5553 862 5638 add.
913 5576 962 5615 ο.
1025 5559 1089 5616 Ο.
1148 5561 1193 5596 ⁵³
1248 5559 1435 5614 κακίαν
1465 5561 1529 5620 Ο.
1566 5553 1847 5636 Οοὶηοόρε
1900 5553 2070 5638 ὀργήν
2129 5553 2379 5623 ἆᾱιί.’8.
2439 5580 2509 5620 ex
2548 5553 2836 5633 conjectf
2871 5559 2952 5615 Ci.
3013 5560 3163 5617 Tum
3198 5553 3559 5634 χερσευσούσῃ
3613 5553 3690 5623 0.,
3742 5564 3855 5623 χερ-

498 5630 726 5705 σευούσῃ
752 5630 811 5687 S.
