4086 6216
381 362 499 422 279

1206 364 1273 425 S.
1317 363 1762 426 CLEMENTIS
1807 364 1833 427 Ι
1878 366 2070 426 ΗΟΜ.
2118 366 2349 428 ΡΟΝΤ.
2400 367 2662 429 ΟΡΕΡιΑ
2707 366 2975 429 DUBIA.

3681 362 3806 423 280

381 512 507 567 quae
529 495 845 550 adorantur
864 494 1318 567 supersit,dicite
1336 497 1504 553 nobis
1523 499 1662 570 quid
1687 514 1885 554 rerum
1908 515 2023 554 non

2162 515 2257 570 (εν,
2306 493 2489 551 εἴπατε
2541 499 2700 569 ἡμῖν,
2745 496 2796 550 τί
2851 499 2959 551 τῶν
3015 489 3185 549 ὄντων
3237 493 3337 550 οὐκ
3384 491 3804 570 ὲθρησκεύσατε,

383 583 708 639 adorastis?
737 583 937 638 Nonne
958 583 1059 639 alii
1080 602 1147 640 ex
1167 586 1329 642 vobis
1352 586 1673 654 solum,alii
1696 586 2028 656 lunam,alii

2162 584 2255 661 ὶύχ
2286 586 2339 639 οἱ
2374 586 2466 659 μὲν
2503 586 2653 659 ὑμῶν
2676 584 2767 640 τὸν
2796 583 2981 654 ἥλιον,
3006 584 3058 639 οἱ
3082 581 3140 638 δὲ
3170 582 3429 654 σελήνην,
3464 582 3518 636 οἲ
3547 580 3606 637 δὲ
3627 579 3797 657 ὕδωρ,

384 688 622 742 aquam,
653 677 868 727 terram
917 672 1036 743 alii,
1068 674 1157 729 vel
1205 680 1455 744 montes,
1502 675 1588 731 vel
1639 678 1897 742 arbores,
1941 674 2029 731 vel

385 761 636 827 semina,
674 760 773 817 alii
812 762 989 818 etiam
1030 763 1348 833 hominem,
1382 770 1448 820 ut
1490 766 1549 821 in
1593 767 1857 838 Egypto,
1888 765 2031 821 ado-

387 848 567 924 rant?
597 849 865 920 Oportuit
896 868 1031 924 ergo
1062 852 1245 908 Deum
1277 854 1421 908 nihil
1455 853 1909 925 relinquere,sed
1940 869 2034 909 ne-

390 953 502 1009 que
533 954 633 993 vos
662 940 844 1010 ipsos,
869 945 933 994 ut
964 940 1112 995 nihil
1145 945 1299 996 esset
1328 944 1485 1013 quod
1508 942 1815 1010 coleretur,
1848 957 2036 1014 neque

390 1027 547 1097 quod
579 1027 810 1082 coleret.
832 1028 977 1085 Vere
1008 1030 1115 1085 hoc
1138 1029 1261 1085 ﬁeri
1294 1035 1455 1103 optat
1476 1033 1575 1102 qui
1598 1032 1751 1087 intra
1778 1048 1877 1087 vos
1899 1031 2040 1086 latet

390 1114 687 1188 pessimus
718 1132 980 1188 serpens,
1034 1134 1139 1173 nec
1194 1120 1382 1190 parcit
1428 1120 1615 1176 vobis.
1668 1120 1779 1176 Sed
1812 1136 1928 1175 non
1958 1120 2041 1175 ita

390 1204 519 1259 erit.
555 1204 711 1262 Nihil
743 1205 900 1260 enim
946 1211 1145 1278 peccat
1180 1207 1348 1275 illud,
1394 1210 1548 1281 quod
1594 1210 1889 1275 adoretur,
1920 1208 2040 1263 vim

393 1293 610 1364 quippe
638 1294 862 1364 patitur
893 1296 964 1351 ab
998 1297 1320 1352 adoratore.
1346 1297 1494 1353 Nam
1516 1298 1651 1353 licet
1670 1298 1741 1353 ab
1765 1297 2042 1353 omnibus

393 1380 735 1438 hominibus
760 1383 1049 1453 injustam
1080 1385 1697 1457 feraturjudicium,at
1717 1404 1830 1442 non
1849 1403 1882 1441 a
1901 1386 2039 1455 Deo,

364 1476 365 1485 ‘
396 1469 699 1540 Siquidem
732 1487 961 1543 aequum
1000 1490 1116 1529 non
1149 1478 1257 1541 est,
1292 1480 1357 1529 ut
1384 1475 1539 1531 idem
1568 1475 1922 1547 supplicium
1953 1491 2042 1531 re-

398 1557 595 1629 cipiat,
622 1560 723 1631 qui
765 1562 985 1632 patitur
1013 1567 1069 1617 et
1097 1563 1194 1635 qui
1227 1565 1384 1635 facit,
1435 1570 1821 1636 praaterquam
1860 1564 1910 1620 si
1948 1563 2047 1619 ille

401 1645 555 1703 ultro
585 1649 860 1704 admittat
890 1649 1073 1707 solius
1118 1651 1334 1709 honore
1364 1652 1698 1723 dignissimi
1727 1653 2036 1712 honorem.-

2141 673 2192 727 οἱ
2225 671 2282 728 δὲ
2308 682 2431 749 γῆν,
2466 675 2516 729 οἱ
2549 672 2607 729 δὲ
2635 676 2701 729 τὰ
2730 669 2854 751 ὄρη,
2876 675 2930 728 o't
2961 670 3017 729 δὲ
3041 673 3199 749 φυτὰ,
3228 672 3279 726 οἱ
3312 669 3373 726 δὲ
3399 673 3467 725 τὰ
3492 669 3794 746 σπέρματα,

2142 761 2194 816 οἱ
2226 759 2400 817 δὲκαὶ
2451 763 2762 840 ἄνθρωπον,
2796 763 2869 824 ὡς
2919 762 2969 817 ἐν
3017 760 3302 837 Δίγύπτῳ,
3352 764 3743 835 προσκυνοῦσιν
3778 779 3790 827 ;

2143 851 2347 927 Ἐχρῆν
2377 850 2469 905 οὖν
2501 852 2590 906 τὸν
2620 853 2748 907 Θεὸν
2786 848 2953 925 μηδὲν
2985 850 3156 919 ἐάσαι,
3191 847 3337 905 ἀλλὰ
3368 846 3510 921 μηδὲ
3562 849 3700 922 ὑμᾶς
3727 851 3793 919 ⁷ο,

2138 937 2232 994 ᾳίνα
2264 938 2432 1013 μηδὲν
2463 939 2523 995 ἂν
2554 944 2619 1010 ἦν
2650 941 2712 995 τὸ
2742 938 3232 1015 προσκυνούμενον,
3272 940 3409 1011 μήτε
3454 938 3517 992 τὸ
3560 958 3803 1013 προσκυ-

2145 1033 2287 1083 νοῦν.
2322 1027 2574 1098 Ἀληθῶς
2624 1034 2784 1085 τοῦτο
2836 1028 3082 1104 γενέσθαι
3134 1024 3390 1103 βούλεται
3423 1028 3467 1063 ⁷¹
3502 1027 3531 1080 6
3563 1024 3615 1081 ὲν
3669 1026 3797 1097 ὑμῖν

2148 1115 2321 1181 δεινὸς
2352 1115 2668 1193 ἑνδομυχῶν
2701 1120 2747 1155 ’³⁸
2778 1112 2921 1195 ὄφις,
2954 1117 3013 1179 ’ὀς
3064 1116 3127 1171 οὐ
3158 1114 3399 1194 φείδεται
3445 1116 3615 1188 ὑμῶν.
3648 1112 3803 1171 Ἀλλ’

2151 1205 2257 1281 οὐχ
2305 1204 2479 1269 οὕτως
2532 1204 2676 1262 ἔσται
2721 1208 2786 1263 ⁷³.
2820 1203 2982 1260 Οὐδὲν
3032 1205 3135 1280 γὰρ
3184 1204 3477 1280 ἁμαρτάνει
3524 1204 3589 1258 τὸ
3632 1224 3809 1279 προσ-

2148 1293 2494 1367 κυνούμενονο
2532 1295 2651 1369 βίαν
2682 1294 2783 1370 γὰρ
2814 1294 3016 1369 πάσχει
3044 1293 3148 1348 ὑπὸ
3177 1297 3274 1347 τοῦ
3304 1297 3627 1366 προσκυνεῖν
3675 1291 3808 1347 αὐτὸ

2153 1382 2425 1445 θέλοντοςδ
2474 1383 2539 1438 Εἰ
2576 1384 2676 1459 γὰρ
2729 1383 2831 1437 ὑπὸ
2875 1383 3091 1437 πάντων
3140 1381 3438 1455 ἀνθρώπων
3489 1378 3679 1443 ἄδικος
3723 1381 3810 1456 γί-

2151 1491 2293 1525 νεται
2343 1470 2540 1543 κρίσις,
2597 1468 2722 1526 ἀλλ’
2781 1470 2888 1545 οὐχ
2945 1470 3047 1524 ὑπὸ
3104 1473 3260 1526 Θεοῦ.
3311 1468 3384 1524 Οὐ
3441 1468 3544 1545 γὰρ
3602 1468 3813 1524 δίκαιόν

2155 1558 2264 1615 ἐστι
2316 1561 2416 1628 τήν
2465 1559 2631 1629 αὐτὴν
2674 1559 2945 1633 τιμωρίαν
2992 1556 3339 1629 ἀναδέξασθαι
3382 1558 3474 1613 τὸν
3520 1559 3809 1633 πάσχοντα

2154 1649 2244 1704 καὶ
2273 1649 2364 1703 τὸν
2397 1646 2732 1721 διαθέμενον,
2785 1647 2936 1710 ἐκτὸς
2984 1646 3030 1702 εἰ
3065 1649 3140 1720 μὴ
3172 1647 3331 1709 αὐτὸς
3379 1647 3513 1703 ἑκὼν
3547 1644 3809 1718 ἀναδέξη-

2156 1758 2244 1792 ται
2273 1741 2318 1775 ’¹⁴
2344 1739 2444 1807 τὴν
2473 1742 2571 1793 τοῦ
2604 1738 2773 1811 μόνου
2800 1738 3139 1810 τιμιωτάτου
3168 1738 3356 1809 τιμήν.

472 1828 602 1920 ἮΙἐ
648 1826 780 1893 Sed,
830 1824 1042 1898 inquit,
1092 1831 1393 1901 oportebat
1439 1847 1538 1887 eos
1586 1831 1689 1902 qui
1723 1831 1970 1887 adorant
2018 1848 2049 1887 a

2229 1828 2349 1881 VII.
2379 1825 2577 1896 Ἀλλὰ,
2603 1826 2791 1903 φησὶν,
2814 1824 2983 1902 ἐχρῆν
3008 1824 3202 1888 αὐτοὺς
3224 1825 3350 1887 τοὺς
3378 1828 3815 1901 προσκυνοῦντας

400 1927 535 1968 vero
567 1913 682 1969 Deo
714 1915 1022 1987 perimi,ne
1056 1918 1206 1973 alius
1238 1919 1346 1975 hoc
1378 1919 1609 1975 faceret.
1643 1920 1860 1976 Verum
1891 1938 1965 1977 an
1991 1936 2049 1977 es

2162 1917 2486 1991 ἀναιρεῖσθαι
2517 1916 2619 1970 ὑπὸ
2647 1918 2746 1969 τοῦ
2796 1909 2966 1976 ὅντως
3016 1919 3170 1987 Θεοῦ,
3192 1912 3282 1969 ἵνα
3326 1911 3500 1976 ἄλλος
3529 1918 3691 1969 τοῦτο
3736 1915 3815 1987 μη

406 2002 516 2056 1)εο
547 2003 885 2073 sapientior,
933 2008 998 2060 ut
1027 2006 1098 2073 ei,
1140 2010 1421 2078 tanquam
1471 2009 1834 2079 prudentior,
1862 2011 2055 2065 consi-

404 2088 549 2145 lium
581 2091 683 2147 des
704 2091 732 2145 ‘I
774 2092 943 2147 Novit
974 2094 1111 2165 quid
1163 2095 1357 2151 faciat.
1390 2097 1623 2152 Tolerat
1662 2096 1820 2152 enim
1851 2114 2054 2153 omnes

406 2177 647 2250 impios,
675 2179 834 2236 velut
865 2181 1195 2240 misericors
1225 2189 1281 2239 et
1311 2185 1600 2257 benignus
1623 2190 1804 2257 pater,
1838 2187 2052 2255 sciens,

409 2282 479 2322 ex
508 2267 706 2339 impiis
741 2268 868 2341 pios
905 2271 1050 2327 ﬁeri.
1099 2272 1166 2327 Et
1214 2273 1384 2328 multi
1419 2290 1450 2329 e
1498 2273 1824 2330 cultoribus
1857 2291 2054 2330 rerum

409 2354 778 2427 impurarum
812 2374 879 2413 ac
908 2375 1086 2415 sensu
1117 2362 1463 2427 carentium,
1486 2363 1840 2431 conversi,eo
1871 2364 2057 2419 colere

413 2448 722 2500 cessarunt
751 2450 808 2501 et
839 2447 1196 2520 delinquere,
1242 2454 1418 2521 atque
1447 2452 1602 2523 apud
1640 2468 1840 2507 verum
1872 2452 2057 2509 Deum

415 2548 519 2604 per
546 2550 748 2606 preces
776 2538 1106 2592 Graecorum
1137 2554 1372 2610 quoque
1402 2539 1573 2595 multi
1604 2539 1811 2596 salvati
1840 2544 1999 2597 sunt.

479 2802 720 2859 VIII.At
750 2803 904 2859 Deus
936 2803 1219 2876 principio
1252 2804 1557 2879 oportebat
1585 2807 1904 2878 eiﬁcere,ut
1932 2806 2061 2864 nul-

409 2891 641 2948 latenus
670 2892 741 2947 de
769 2891 987 2948 talibus
1019 2893 1571 2967 cogitaremusﬂaac
1601 2897 1861 2952 dicentes
1891 2896 2057 2970 igno-

410 2981 575 3048 ratis,
609 2980 749 3052 quid
791 2980 868 3036 sit
910 2980 1149 3037 libertas
1199 2982 1446 3053 arbitrii,
1493 2988 1551 3039 et
1578 3000 1696 3056 qua
1726 2985 1951 3040 ratione
1983 2984 2059 3042 sit

408 3069 689 3141 possibile
716 3085 848 3124 vere
878 3070 1062 3125 bonos
1092 3086 1241 3126 esse.
1291 3071 1438 3138 Quia
1463 3072 1565 3143 qui
1612 3090 1720 3128 suo
1762 3075 2057 3145 proposito

408 3158 601 3213 bonus
631 3162 738 3224 est,
770 3174 903 3214 vere
932 3163 1022 3213 est
1044 3159 1255 3227 bonus,
1286 3160 1385 3230 qui
1416 3177 1546 3216 vero
1577 3161 1649 3217 ab
1682 3161 1795 3217 alio
1820 3167 2058 3218 coactus

411 3248 479 3301 ﬁt
510 3246 855 3317 bonus,vere
878 3263 994 3301 non
1015 3248 1406 3317 est,quoniam
1439 3265 1554 3304 non
1573 3249 1809 3321 pr0pria
1829 3249 2055 3306 electio-

412 3350 486 3390 ne
516 3338 606 3389 est
637 3334 790 3406 quod
820 3339 930 3390 est.
961 3339 1105 3390 Cum
1152 3351 1288 3406 ergo
1314 3335 1783 3408 uniuscujusque
1813 3337 2053 3394 libertas

414 3422 676 3495 perficiat
705 3438 837 3478 vere
865 3423 1109 3494 bonum,
1141 3429 1197 3479 et
1226 3440 1355 3479 vere
1385 3424 1608 3480 malum
1653 3431 1965 3498 perpetrat,
1998 3427 2058 3483 in

413 3526 768 3583 unoquoque
794 3512 918 3567 fieri
949 3514 1105 3583 quod
1136 3513 1443 3569 inimicum
1473 3513 1562 3570 vel
1605 3516 1759 3586 quod
1800 3517 2057 3572 amicum

415 3607 525 3666 est,
559 3615 664 3671 per
707 3617 901 3655 rerum
943 3617 1302 3672 operumque
1330 3602 1665 3659 occasiones
1697 3602 1941 3660 molitus
1971 3608 2061 3660 est

413 3693 589 3744 Deus.
624 3688 985 3759 Non,inquit,
1007 3691 1107 3745 sed
1135 3689 1417 3761 quidquid
1449 3691 1776 3763 cogitamus
1804 3692 1929 3764 ipse
1953 3709 2057 3749 nos

413 3777 547 3833 facit
578 3778 852 3850 cogitare.
904 3777 1179 3834 Desinite.
1233 3783 1346 3834 Cur
1393 3778 1646 3850 amplius
1684 3779 2058 3852 blasphema-

414 3866 620 3938 tis,qui
650 3866 759 3922 hoc
781 3866 973 3922 dicitis
998 3867 1026 3922 ‘I
1055 3867 1115 3924 Si
1145 3867 1300 3923 enim
1323 3868 1678 3939 omne,quod
1710 3869 2056 3940 cogitamus,

413 3955 486 4010 ab
517 3955 646 4027 ipso
676 3957 859 4010 menti
888 3960 1098 4011 nostrae
1124 3955 1669 4028 inspiratur,ipsum
1701 3956 1896 4013 dicitis
1925 3973 2059 4013 cau-

413 4060 543 4099 sam
574 4044 1046 4115 fornicationum,
1088 4044 1423 4112 libidinum,
1459 4045 1709 4100 avaritiae
1747 4046 2059 4117 omnisque

413 4130 1053 4202 blasphemiaeﬂessate
1084 4132 1552 4205 maledicere,qui
1579 4132 1801 4189 debetis
1820 4133 2059 4189 benedi-

414 4235 564 4286 cere,
624 4219 793 4291 eique
844 4236 1078 4275 omnem
1126 4220 1415 4292 impertiri
1462 4220 1764 4277 honorem.
1814 4221 1929 4277 Nec
1966 4223 2060 4277 di-

414 4308 559 4363 catis
592 4323 606 4363 :
638 4308 793 4364 Deus
825 4308 1045 4363 honore
1066 4325 1180 4363 non
1214 4308 1454 4380 indiget.
1477 4308 1752 4372 Quamvis
1782 4310 2059 4366 enimille

416 4393 640 4452 nullius
693 4395 967 4465 indigeat,
1016 4400 1275 4452 attamen
1329 4395 1635 4465 debuistis,
1696 4397 2059 4468 respiciendo

2160 2008 2315 2079 ποιῇ.
2349 2002 2507 2059 Ἀλλ’
2540 2003 2638 2059 οὐκ
2679 2006 2723 2041 ⁷⁸
2755 2002 2805 2058 εἴ
2848 2004 3155 2081 σοφώτερος
3198 2007 3296 2058 τοῦ
3346 2007 3501 2075 Θεοῦ,
3530 2000 3624 2059 ἵνα
3670 2002 3821 2073 αὐτῷ

2163 2094 2238 2157 ὡς
2270 2093 2679 2171 φρονιμώτερος
2725 2093 2952 2167 γνώμην
3005 2090 3132 2164 δῷς.
3184 2089 3340 2149 Οἶδεν
3390 2093 3420 2147 ὃ
3470 2097 3644 2151 ποιεῖ.
3679 2098 3818 2146 Πᾶσι

2162 2184 2267 2259 γὰρ
2325 2182 2374 2237 ἐν
2433 2177 2647 2255 ἀσεϐείᾳ
2705 2182 2821 2237 οὗσι
2884 2183 3241 2257 μακροθυμεῖ,
3294 2181 3369 2243 ὡς
3424 2178 3676 2253 ἐλεήμων
3721 2180 3816 2235 καὶ

2164 2269 2545 2350 φιλάνθρωπος
2597 2271 2800 2345 πατὴρ,
2857 2268 3016 2332 εἰδὼς
3074 2268 3155 2324 ὅτι
3213 2268 3305 2323 καὶ
3358 2267 3409 2340 ἐξ
3468 2264 3674 2324 ἀσεϐῶν
3725 2268 3809 2324 εὐ-

2164 2355 2339 2422 σεϐεῖς
2384 2358 2659 2435 γίνονται.
2712 2359 2812 2414 Καὶ
2862 2357 3032 2413 αὐτῶν
3098 2361 3206 2413 τῶν
3261 2352 3529 2412 σεϐόντων
3601 2357 3667 2412 τὰ
3723 2357 3812 2411 αἱ-

2166 2449 2310 2525 σ-χρᾶ
2336 2448 2426 2505 καὶ
2476 2447 2774 2518 ἀναίσθητα
2820 2444 3026 2503 πολλοὶ
3073 2446 3337 2520 νήψαντες
3368 2445 3436 2501 τὰ
3485 2446 3580 2519 μὲν
3611 2448 3655 2485 ⁷⁸
3682 2445 3812 2501 αὐτὰ

2165 2533 2337 2593 σέϐειν
2387 2537 2477 2593 καὶ
2526 2537 2851 2613 ἁμαρτάνειν
2899 2534 3218 2605 ἐπαύσαντο,
3267 2539 3348 2607 τῷ
3398 2531 3457 2590 δὲ
3500 2530 3670 2597 ὅντως
3700 2540 3813 2606 Θεῷ

2164 2628 2304 2704 πρὸς
2329 2632 2449 2690 ταῖς
2500 2626 2691 2702 εὐχαῖς
2745 2625 3025 2701 [ἐχόμενοι
3073 2622 3303 2699 πολλοὶ]
3330 2625 3375 2661 ’⁷⁷
3405 2624 3495 2679 καὶ
3544 2621 3816 2695 Ἕλληνες

2167 2714 2342 2786 ἐσώθη
2351 2736 2442 2771 σαν
2453 2759 2467 2775 .

2239 2808 2395 2864 234
2424 2806 2569 2863 VIII.
2600 2801 2777 2861 Ἀλλᾶ
2820 2803 2919 2871 τὴν
2972 2804 3017 2840 ’³⁸
3061 2801 3237 2878 ἀρχὴν
3268 2798 3376 2857 ἔδει
3407 2806 3631 2869 ποιῆσαι
3666 2802 3820 2872 ἡμᾶς

2171 2891 2312 2969 μηδὲ
2350 2892 2497 2956 ὅλως
2544 2893 2668 2969 περὶ
2714 2890 2978 2947 τοιούτων
3030 2890 3374 2963 ἐνθυμεῖσθαι
3404 2891 3467 2947 ⁷⁵.
3500 2893 3676 2943 Ταῦτα
3721 2887 3822 2945 λέ-

2166 3003 2354 3058 γοντες
2386 2982 2625 3058 ἀγνοεῖτε
2651 2980 2704 3036 τί
2736 2980 2847 3035 ἐστι
2898 2981 2961 3035 τὸ
2992 2979 3351 3051 αὐτεξούσιον,
3384 2978 3475 3034 καὶ
3514 2982 3632 3040 πῶς
3665 2974 3819 3033 δυνα-

2164 3071 2258 3127 τόν
2286 3074 2400 3145 (28)
2430 3070 2568 3125 ἐστιν
2600 3068 2831 3146 ἀγαθοὺς
2858 3073 2937 3141 τῷ
2967 3064 3080 3123 ὅντι
3109 3068 3264 3124 εἷναι.
3286 3070 3405 3122 "Ott
3435 3068 3463 3122 6
3494 3064 3606 3137 ἰδίᾳ
3624 3087 3820 3142 προαι-

2170 3159 2306 3237 ρέσει
2343 3157 2416 3213 ὢν
2447 3158 2644 3235 ἀγαθὸς
2692 3153 2858 3219 ὅντως
2907 3156 3108 3233 ἀγαθός
3155 3156 3316 3227 ἐστιν,
3350 3158 3379 3211 6
3410 3153 3468 3210 δὲ
3500 3155 3587 3233 ὑφ’
3626 3155 3814 3230 ὲτὲρου

2089 3218 2131 3285 C
2162 3218 2363 3325 ἀνάγκῃ
2392 3250 2436 3294 8°
2464 3218 2661 3323 ἀγαθὸς
2709 3218 3001 3321 γενόμενος
3060 3218 3226 3308 ὅντως
3277 3218 3376 3300 οιύκ
3417 3218 3586 3314 ἔστιν,
3617 3218 3816 3317 ϐτιιμὴ

2165 3336 2275 3408 ἰδίᾳ
2312 3335 2622 3412 προαιρέσει
2673 3335 2812 3389 ἐστὶν
2859 3334 2889 3391 6'
2919 3334 3083 3392 ἐστιν.
3133 3334 3281 3389 Ἐπεὶ
3330 3331 3422 3388 οὖν
3474 3332 3538 3388 τὸ
3588 3331 3815 3387 ἑκάστου

2167 3424 2449 3499 ἐλεύθερον
2482 3425 2738 3479 ἀποτελεῖ
2773 3423 2836 3478 τὸ
2885 3418 3054 3485 ὅντως
3104 3422 3321 3498 ἀγαθὸν,
3370 3420 3459 3475 καὶ
3492 3418 3721 3476 δεικνύει
3751 3420 3814 3475 τὸ

2167 3510 2336 3576 ὅντως
2364 3514 2550 3583 κακὸν,
2582 3512 2635 3568 ἐν
2686 3513 2893 3585 ἑκάστῳ
2939 3513 3184 3587 γενέσθαι
3233 3510 3426 3586 ἐχθρὸν
3467 3510 3503 3578 ἢ
3536 3506 3695 3587 φίλον
3724 3507 3817 3564 διὰ

2164 3608 2272 3659 τῶν
2307 3601 2606 3658 ὑποθέσεων
2640 3602 2668 3656 6
2700 3601 2828 3663 Θεὸς
2879 3600 3290 3675 ἐμηχανήσατο.
3323 3595 3419 3667 Οὕ,
3451 3597 3635 3677 φησίν,
3667 3596 3817 3654 ἀλλὰ

2165 3699 2269 3749 πᾶν
2302 3693 2331 3748 ’ὀ
2371 3690 2768 3764 ἐνθυμούμεθα,
2819 3688 2978 3752 αὐτὸς
3023 3689 3173 3763 ἡμᾶς
3216 3693 3365 3743 ποιεῖ
3405 3692 3567 3746 νοεῖν.
3600 3687 3815 3742 Παύσα-

2166 3783 2278 3837 σθε.
2322 3779 2382 3834 Τί
2430 3779 2620 3835 πλεῖον
2677 3778 3057 3857 βλασφημεῖτε
3104 3777 3156 3833 οἱ
3203 3780 3365 3832 τοῦτο
3396 3773 3698 3852 λέγοντεςς
3752 3776 3817 3831 Εἰ

2166 3870 2271 3944 γὰρ
2301 3874 2405 3924 πᾶν
2438 3867 2467 3923 ὅ
2490 3889 2542 3922 τι
2592 3867 2650 3922 ἂν
2683 3870 2727 3906 ⁸1
2778 3866 3188 3939 ἐνθυμηθῶμεν,
3235 3864 3326 3920 ἀπ’
3377 3863 3542 3919 αὐτοῦ
3572 3863 3817 3940 ἐνεργού-

2172 3960 2327 4031 μεθα,
2386 3956 2544 4013 αὐτὸν
2603 3952 2773 4011 αἶ’τιον
2836 3953 3025 4029 λέγετε
3092 3958 3356 4030 πορνειῶν
3390 3997 3408 4024 ,
3466 3950 3765 4026 ἀσελγειῶν
3802 3997 3817 4022 ,

2166 4046 2489 4116 πλεονεξιῶν
2529 4045 2619 4100 καὶ
2649 4043 2829 4115 πάσης
2878 4041 3252 4121 βλασφημίας.
3303 4041 3578 4097 Παύσασθε
3608 4038 3815 4118 δυσφη-

2171 4138 2415 4209 μοῦντες,
2448 4133 2505 4187 οἱ
2554 4131 2815 4208 εὐφημεῖν
2860 4130 2950 4186 καὶ
2994 4135 3165 4185 πᾶσαν
3210 4130 3378 4202 τιμὴν
3429 4132 3574 4199 αυτῷ
3624 4126 3815 4181 ἀπονέ-

2172 4241 2288 4294 μειν
2343 4218 2674 4298 ὀφείλοντες.
2721 4218 2820 4272 Καὶ
2883 4218 2958 4290 μὴ
3018 4215 3227 4292 λέγετε.
3287 4215 3398 4271 Οὐκ
3453 4212 3818 4283 ἑπιδικάζεται

2168 4311 2196 4364 6
2254 4308 2383 4370 Θεὸς
2441 4314 2630 4381 τιμῆς.
2663 4306 2727 4361 Ei
2782 4306 2885 4383 γὰρ
2939 4304 3098 4367 αὐτὸς
3152 4302 3369 4366 οὐδενὸς
3428 4300 3817 4371 ἐπιδικάζεται,

2166 4394 2293 4452 ἀλλ’
2324 4395 2415 4450 οὐν
2445 4415 2510 4471 γε
2539 4395 2677 4469 ὑμᾶς
2722 4396 2768 4432 δ’
2816 4393 2986 4469 ἐχρῆν
3038 4391 3115 4455 είς
3166 4392 3230 4447 τὸ
3261 4389 3465 4447 δίκαιον
3505 4390 3817 4468 ἀφορῶντας

1762 4493 2008 4551 VARUE
2070 4494 2480 4551 LEGTIONES.

486 4583 533 4655 ’Ψ
590 4582 673 4655 μὴ
723 4578 799 4655 δὶί
834 4582 1004 4655 ἡμᾶς.
1042 4586 1102 4637 ο·
1162 4584 1206 4619 ⁷¹

1269 4578 1521 4656 βούλεται
1568 4580 1925 4656 γενέσθαι-β.
1983 4584 2030 4656 ’τξ
2083 4588 2171 4656 Ita
2218 4586 2350 4656 Oet
2394 4598 2465 4656 ea
2519 4581 2885 4656 cogect._p.,
2944 4581 3005 4636 in
3054 4582 3178 4656 cui.
3227 4574 3811 4656 ιεξιιι-ἐνδομοιχῶν.

416 4654 462 4690 ’⁸’³
490 4645 602 4708 ἔστί
650 4645 714 4711 Ο.
763 4654 808 4689 ⁷⁸
852 4645 1139 4726 ἀναδέξητε
1186 4658 1245 4709 Ο.
1270 4645 1324 4689 ’π
1354 4653 1528 4726 ΙῑεμΟ
1560 4645 1608 4710 ό.
1642 4655 1680 4710 S
1712 4699 1724 4724 ,
1776 4650 1922 4707 ἀλλὰ
1976 4652 2075 4707 οὐκ
2122 4655 2183 4711 C.
2216 4656 2259 4689 ⁷⁸
2285 4653 2348 4708 τὸ
2383 4651 2475 4725 μὲν
2508 4652 2569 4708 C.
2603 4645 2753 4708 Tum
2783 4645 2930 4726 ϐντες
2963 4669 3018 4723 p.
3051 4645 3220 4726 ὄντως
3250 4650 3334 4726 CI.
3396 4645 3602 4726 Falsus
3632 4645 3724 4705 est
3750 4649 3810 4705 S.

417 4726 487 4798 de
518 4726 578 4798 Ο.
610 4726 653 4761 ⁷⁷
686 4727 914 4783 Lacuna
943 4720 1473 4798 cod."()ttoboniani
1517 4725 1601 4798 ita
1645 4720 1887 4798 expleta,
1931 4720 2393 4798 sententiarum:
2410 4740 2611 4798 nexus,
2645 4740 2739 4795 ap.
2773 4723 2833 4798 Ω.
2866 4720 3689 4798 ρενὶιιτιρε-ιιιελδεω-Ιοεὶοεε
3720 4737 3813 4798 r_a-

414 4796 560 4852 tioni
608 4799 939 4869 respondet.
981 4798 1030 4880 73'
1070 4793 1212 4878 ἀλλ’·
1242 4795 1303 4879 οὐ
1351 4801 1433 4866 0.,
1480 4797 1579 4867 qui
1630 4792 1881 4878 signum;
1917 4796 2323 4880 interrogandi
2372 4795 2547 4851 habet
2590 4792 2726 4902 post
2773 4795 2943 4922 ἡὲἆς.
2987 4795 3043 4879 τί
3075 4792 3379 4865 ἐνθυμεῖσθε
3428 4795 3489 4847 Ο.
3520 4792 3540 4827 ⁸

414 4866 649 4922 ἀνάγκης
678 4869 763 4922 Ο..
796 4870 886 4922 Ο..
917 4869 961 4904 ⁸1
1003 4867 1062 4921 ἂν
1095 4868 1307 4922 excidit
1334 4884 1405 4922 ex
1434 4870 1680 4922 utraque
1728 4868 1930 4922 Clerici
1976 4868 2227 4922 editione
2272 4870 2329 4922 et
2376 4884 2469 4922 an.
2501 4870 2557 4922 S.
2615 4867 2636 4901 ³
2684 4867 2769 4922 Ita
2862 4866 2898 4920 Ι.
2930 4865 3078 4922 ἡμας
3129 4865 3193 4922 Ο.
3228 4880 3277 4920 c.
3322 4864 3384 4921 C.
3415 4863 3540 4920 Ider

414 4866 649 4943 ἀνάγκης
678 4866 763 4936 (1,
796 4870 862 4943 O1
872 4912 886 4938 ,
917 4869 961 4904 ⁸1
1003 4867 1062 4921 ἂν
1095 4867 1307 4943 excidit
1334 4884 1405 4924 ex
1434 4866 1930 4940 utraque'Clerici
1976 4866 2227 4925 editione
2272 4870 2329 4924 et
2376 4884 2469 4940 ap.
2501 4870 2557 4922 S.

412 4937 571 4994 πᾶσιν
604 4942 775 5012 ἡμᾶς,
806 4937 887 4996 Cl.
919 4944 1078 4994 πᾶσιν
1110 4937 1274 5011 ὐμᾶς.

3614 4796 3701 4846 Ita.
3729 4791 3815 4857 8.,

2615 4867 2636 4901 ³
2684 4867 2769 4922 Ita
2815 4862 2898 4922 Cl.
2930 4865 3078 4938 ἡμᾶς
3129 4862 3277 4922 Οζο.
3322 4864 3384 4921 C.
3415 4863 3575 4920 Idem
3604 4862 3817 4919 deinde

1798 5018 2175 5076 VARIORUM
2215 5018 2446 5077 NOTAE.

487 5109 601 5182 (28)
629 5108 727 5162 Καὶ
776 5111 917 5182 πῶς-
945 5103 1191 5162 δυνατόν.
1244 5105 1718 5182 [staﬂlementis
1766 5107 2048 5182 εἰσερυρ

414 5173 733 5252 Μὰχὶἠξῑιω
786 5180 1162 5252 proferuntur
1189 5196 1201 5233 :
1236 5175 1330 5252 Οὐ.
1363 5173 1582 5252 δυνατᾷν
1612 5173 1954 5252 τινα-ἀγαθὸν
1975 5177 2055 5252 εἶτ

414 5272 497 5326 ναι
531 5245 858 5326 βεϐαίωςξεῖ
894 5250 969 5326 μὴ
1004 5249 1137 5326 κατὰ
1165 5245 1478 5326 προαίρεσιν
1501 5246 1721 5326 οἰκείαν.
1751 5245 1954 5326 ’ρἰγὰρ-
1969 5248 2055 5326 ὐφ’

415 5318 604 5411 ἕτερρὲδι
647 5318 1122 5408 ἀνάγκης’,ἀγαθὸς
1154 5318 1482 5411 ἴγενόιμενος,
1530 5319 1641 5411 σιξ-ξιχ
1676 5318 2053 5411 ἀγαθάς.,’⁶οτι

463 5390 641 5469 η’ίδίᾳ
686 5390 1002 5469 προαιρέσει
1034 5390 1223 5469 ἐστὶν,
1284 5390 1312 5447 ὅ
1360 5390 1648 5469 ἐστιν.ῌΤὸ
1696 5390 1799 5469 γάρ
1831 5391 2055 5469 ἑκάστου

463 5416 497 5463 η
536 5416 641 5464 ιοιᾳ
686 5416 1002 5469 προαιρεσει
1060 5416 1223 5452 εστιν.
1284 5416 1310 5447 ο
1360 5416 1520 5447 εστιν.
1586 5416 1648 5445 ιο
1696 5416 1799 5466 γαρ
1831 5416 2055 5445 εκαστου

419 5416 739 5537 ἵλεύιθερον,
783 5462 1038 5537 ἀποτελεῖ
1066 5462 1135 5537 τὸ
1184 5460 1354 5537 ξίντως
1409 5459 1637 5537 ἀγαθὰν,
1683 5464 1771 5516 καὶ
1827 5460 2056 5537 δεικνύει

420 5507 540 5521 θη...
585 5507 699 5519 νυ...
784 5507 1037 5518 ..ηπ-..--
1084 5507 1132 5515 η
1186 5507 1353 5524 νην...
1410 5507 1441 5517 ..
1481 5507 1602 5516 ..-υ
1685 5507 1771 5516 η...
1829 5507 2056 5517 --.,..--.

417 5538 480 5593 τὸ
521 5507 689 5598 ὅντιως
725 5508 932 5592 ἒιακόν.
984 5536 1140 5590 ’Όθεν
1185 5532 1272 5589 διὰ
1318 5537 1423 5588 τῶν
1457 5507 1778 5598 ιὑποθέσεων
1826 5532 2057 5601 τούτων,

420 5609 811 5684 ἐμηχανήσατο
862 5608 889 5662 ὁ
937 5607 1064 5668 Θεὸς
1115 5609 1416 5684 φανερῶσαι
1465 5605 1563 5684 τὴν
1605 5603 1827 5660 ἑκάστου
1857 5601 2059 5684 ’διάθε-

421 5678 708 5738 σὶν.Ῥίενὶ
727 5697 841 5737 non
865 5684 1039 5752 potest
1066 5678 1137 5735 ut'
1174 5680 1461 5752 quisquam
1506 5680 1583 5734 sit
1623 5679 1935 5734 constanter
1960 5678 2060 5749 lbo-

2160 5123 2287 5176 nus,
2318 5107 2432 5162 nisi
2459 5121 2533 5161 ea:
2562 5105 2743 5160 animi
2792 5105 2884 5159 sui
2921 5104 3196 5174 proposito
3221 5103 3471 5176 proprio.
3502 5101 3619 5176 Qui
3661 5102 3815 5157 enim

2162 5180 2230 5234 ab
2257 5173 2430 5234 altero
2459 5193 2530 5232 ea:
2562 5176 2878 5231 necessitate
2924 5173 3102 5246 factus
3130 5184 3209 5229 est
3235 5173 3468 5246 ibonus,’
3494 5173 3668 5246 bonus
3697 5190 3812 5230 non

2163 5253 2274 5310 est;
2306 5251 2437 5320 quia
2460 5264 2568 5303 non
2599 5263 2668 5302 ex
2694 5244 2950 5320 instituto
2979 5248 3070 5311 sit,
3102 5245 3246 5320 quod
3293 5253 3390 5300 est.
3442 5244 3639 5320 Libera
3659 5246 3817 5320 enim

2166 5315 2426 5392 cujusque
2452 5320 2722 5385 voluntas,
2764 5317 2904 5392 quod
2947 5315 3153 5392 revera
3187 5318 3385 5372 bonum
3417 5324 3496 5392 est
3522 5315 3713 5385 efﬁcit,
3750 5321 3820 5392 et

2165 5388 2357 5447 reuere
2385 5392 2596 5446 malum
2627 5388 2858 5445 ostendit
2878 5406 2899 5450 ;
2946 5390 3093 5444 unde
3120 5389 3257 5442 Deus
3284 5403 3383 5456 per
3412 5389 3549 5443 istas
3579 5388 3816 5442 occasio-

2166 5479 2262 5518 nes
2290 5464 2461 5517 voluit
2494 5463 2759 5532 cuiusque
2787 5462 3129 5532 aﬂectionem
3150 5460 3473 5532 pate/“arere.
3500 5457 3819 5532 Qua},inter

2167 5534 2480 5590 Clementis
2530 5528 2769 5588 Romani
2822 5528 2954 5598 alia,
3006 5528 3280 5602 leguntur
3325 5528 3662 5602 inEclogis
3718 5528 3812 5602 J0.

2169 5603 2514 5662 Damasceni
2544 5620 2686 5659 mss.
2720 5602 2946 5675 collegii
2976 5600 3411 5659 Claromontani
3442 5616 3569 5672 cap.
3598 5604 3677 5657 De
3717 5601 3815 5658 ho-

2166 5678 2318 5733 mine
2346 5684 2399 5733 et
2427 5677 2702 5732 libertate.
2733 5678 2863 5729 Cor.
