  <div class='ocr_page' id='page_1' title='image "/cluster/home/n/w/nwhite01/storage/ocr_20150623/2/hvd.32044073501397/147.png"; bbox 0 0 4086 6216; ppageno 0'>
   <div class='ocr_carea' id='block_1_1' title="bbox 308 300 427 359">
    <p class='ocr_par' dir='ltr' id='par_1_1' title="bbox 308 300 427 359">
     <span class='ocr_line' id='line_1_1' title="bbox 308 300 427 359; baseline 0 -1"><span class='ocrx_word' id='word_1_1' title='bbox 308 300 427 359; x_wconf 75' lang='lat'>283</span> 
     </span>
    </p>
   </div>
   <div class='ocr_carea' id='block_1_2' title="bbox 1132 298 2882 361">
    <p class='ocr_par' dir='ltr' id='par_1_2' title="bbox 1132 298 2882 361">
     <span class='ocr_line' id='line_1_2' title="bbox 1132 298 2882 361; baseline 0 -1"><span class='ocrx_word' id='word_1_2' title='bbox 1132 298 1197 360; x_wconf 91' lang='lat' dir='ltr'>S.</span> <span class='ocrx_word' id='word_1_3' title='bbox 1246 298 1689 361; x_wconf 81' lang='lat' dir='ltr'>CLEMENTIS</span> <span class='ocrx_word' id='word_1_4' title='bbox 1734 299 1757 358; x_wconf 93' lang='grc' dir='ltr'><strong>Ι</strong></span> <span class='ocrx_word' id='word_1_5' title='bbox 1805 299 1995 360; x_wconf 82' lang='lat' dir='ltr'>ROM.</span> <span class='ocrx_word' id='word_1_6' title='bbox 2039 298 2268 360; x_wconf 88' lang='lat' dir='ltr'><strong>PONT.</strong></span> <span class='ocrx_word' id='word_1_7' title='bbox 2317 298 2579 360; x_wconf 81' lang='lat' dir='ltr'>OPERA</span> <span class='ocrx_word' id='word_1_8' title='bbox 2618 300 2882 361; x_wconf 84' lang='lat' dir='ltr'>DUBIA.</span> 
     </span>
    </p>
   </div>
   <div class='ocr_carea' id='block_1_3' title="bbox 3587 302 3707 362">
    <p class='ocr_par' dir='ltr' id='par_1_3' title="bbox 3587 302 3707 362">
     <span class='ocr_line' id='line_1_3' title="bbox 3587 302 3707 362; baseline 0 -1"><span class='ocrx_word' id='word_1_9' title='bbox 3587 302 3707 362; x_wconf 71' lang='lat'>284</span> 
     </span>
    </p>
   </div>
   <div class='ocr_carea' id='block_1_4' title="bbox 311 426 1945 505">
    <p class='ocr_par' dir='ltr' id='par_1_4' title="bbox 311 431 1945 503">
     <span class='ocr_line' id='line_1_4' title="bbox 311 431 1945 503; baseline 0 -16"><span class='ocrx_word' id='word_1_10' title='bbox 311 448 423 503; x_wconf 90' lang='lat' dir='ltr'>que</span> <span class='ocrx_word' id='word_1_11' title='bbox 450 448 553 486; x_wconf 87' lang='lat' dir='ltr'>nec</span> <span class='ocrx_word' id='word_1_12' title='bbox 585 431 792 486; x_wconf 74' lang='lat' dir='ltr'>cmlum</span> <span class='ocrx_word' id='word_1_13' title='bbox 825 431 1209 488; x_wconf 83' lang='lat' dir='ltr'>sufﬁcientem</span> <span class='ocrx_word' id='word_1_14' title='bbox 1243 432 1425 487; x_wconf 78' lang='lat' dir='ltr'>mittit</span> <span class='ocrx_word' id='word_1_15' title='bbox 1460 432 1725 497; x_wconf 78' lang='lat' dir='ltr'>imbrem,</span> <span class='ocrx_word' id='word_1_16' title='bbox 1760 449 1945 503; x_wconf 86' lang='lat' dir='ltr'>neque</span> 
     </span>
    </p>
   </div>
   <div class='ocr_carea' id='block_1_5' title="bbox 2061 426 3706 505">
    <p class='ocr_par' dir='ltr' id='par_1_5' title="bbox 2063 426 3706 505">
     <span class='ocr_line' id='line_1_5' title="bbox 2063 426 3706 505; baseline 0.001 -22"><span class='ocrx_word' id='word_1_17' title='bbox 2063 428 2246 491; x_wconf 81' lang='grc' dir='ltr'>ὑετοὺς</span> <span class='ocrx_word' id='word_1_18' title='bbox 2278 429 2528 505; x_wconf 89' lang='grc' dir='ltr'>παρέχει,</span> <span class='ocrx_word' id='word_1_19' title='bbox 2580 426 2702 484; x_wconf 64' lang='grc' dir='ltr'>οὔτε</span> <span class='ocrx_word' id='word_1_20' title='bbox 2749 437 2819 503; x_wconf 83' lang='grc' dir='ltr'>γῆ</span> <span class='ocrx_word' id='word_1_21' title='bbox 2865 430 2991 492; x_wconf 84' lang='grc' dir='ltr'>τοὺς</span> <span class='ocrx_word' id='word_1_22' title='bbox 3039 429 3300 505; x_wconf 78' lang='grc' dir='ltr'>καρποὺς,</span> <span class='ocrx_word' id='word_1_23' title='bbox 3333 427 3417 485; x_wconf 82' lang='grc' dir='ltr'>διὸ</span> <span class='ocrx_word' id='word_1_24' title='bbox 3466 432 3516 486; x_wconf 73' lang='grc' dir='ltr'>οἱ</span> <span class='ocrx_word' id='word_1_25' title='bbox 3548 428 3706 486; x_wconf 88' lang='grc' dir='ltr'>πλεί-</span> 
     </span>
    </p>
   </div>
   <div class='ocr_carea' id='block_1_6' title="bbox 308 520 1947 592">
    <p class='ocr_par' dir='ltr' id='par_1_6' title="bbox 308 520 1947 592">
     <span class='ocr_line' id='line_1_6' title="bbox 308 520 1947 592; baseline 0 -17"><span class='ocrx_word' id='word_1_26' title='bbox 308 526 462 576; x_wconf 86' lang='lat' dir='ltr'>terra</span> <span class='ocrx_word' id='word_1_27' title='bbox 493 522 717 575; x_wconf 82' lang='lat' dir='ltr'>fructus</span> <span class='ocrx_word' id='word_1_28' title='bbox 747 521 865 587; x_wconf 88' lang='lat' dir='ltr'>dat,</span> <span class='ocrx_word' id='word_1_29' title='bbox 901 522 1053 575; x_wconf 93' lang='lat' dir='ltr'>unde</span> <span class='ocrx_word' id='word_1_30' title='bbox 1086 520 1320 592; x_wconf 87' lang='lat' dir='ltr'>plurimi</span> <span class='ocrx_word' id='word_1_31' title='bbox 1356 521 1752 592; x_wconf 88' lang='lat' dir='ltr'>pereunt.lpse</span> <span class='ocrx_word' id='word_1_32' title='bbox 1773 520 1947 575; x_wconf 90' lang='lat' dir='ltr'>etiam</span> 
     </span>
    </p>
   </div>
   <div class='ocr_carea' id='block_1_7' title="bbox 310 609 1947 680">
    <p class='ocr_par' dir='ltr' id='par_1_7' title="bbox 310 609 1947 680">
     <span class='ocr_line' id='line_1_7' title="bbox 310 609 1947 680; baseline -0.001 -15"><span class='ocrx_word' id='word_1_33' title='bbox 310 626 408 665; x_wconf 87' lang='lat' dir='ltr'>aer</span> <span class='ocrx_word' id='word_1_34' title='bbox 438 610 629 663; x_wconf 84' lang='lat' dir='ltr'>furore</span> <span class='ocrx_word' id='word_1_35' title='bbox 662 624 941 664; x_wconf 87' lang='lat' dir='ltr'>accensus</span> <span class='ocrx_word' id='word_1_36' title='bbox 972 610 1040 664; x_wconf 90' lang='lat' dir='ltr'>ad</span> <span class='ocrx_word' id='word_1_37' title='bbox 1076 614 1295 680; x_wconf 88' lang='lat' dir='ltr'>pestem</span> <span class='ocrx_word' id='word_1_38' title='bbox 1346 609 1776 680; x_wconf 85' lang='lat' dir='ltr'>producendam</span> <span class='ocrx_word' id='word_1_39' title='bbox 1813 626 1947 664; x_wconf 90' lang='lat' dir='ltr'>con-</span> 
     </span>
    </p>
   </div>
   <div class='ocr_carea' id='block_1_8' title="bbox 308 684 1940 769">
    <p class='ocr_par' dir='ltr' id='par_1_8' title="bbox 308 684 1940 769">
     <span class='ocr_line' id='line_1_8' title="bbox 308 684 1940 769; baseline 0.001 -19"><span class='ocrx_word' id='word_1_40' title='bbox 308 699 478 752; x_wconf 84' lang='lat' dir='ltr'>vertit</span> <span class='ocrx_word' id='word_1_41' title='bbox 508 714 588 751; x_wconf 90' lang='lat' dir='ltr'>se.</span> <span class='ocrx_word' id='word_1_42' title='bbox 622 699 683 752; x_wconf 92' lang='lat' dir='ltr'>In</span> <span class='ocrx_word' id='word_1_43' title='bbox 711 698 881 752; x_wconf 86' lang='lat' dir='ltr'>bonis</span> <span class='ocrx_word' id='word_1_44' title='bbox 916 703 1132 765; x_wconf 88' lang='lat' dir='ltr'>tamen,</span> <span class='ocrx_word' id='word_1_45' title='bbox 1170 698 1385 769; x_wconf 86' lang='lat' dir='ltr'>quibus</span> <span class='ocrx_word' id='word_1_46' title='bbox 1419 684 1687 765; x_wconf 80' lang='lat' dir='ltr'>fruimur,</span> <span class='ocrx_word' id='word_1_47' title='bbox 1722 698 1940 752; x_wconf 88' lang='lat' dir='ltr'>miseri-</span> 
     </span>
    </p>
   </div>
   <div class='ocr_carea' id='block_1_9' title="bbox 305 786 1948 858">
    <p class='ocr_par' dir='ltr' id='par_1_9' title="bbox 305 786 1948 858">
     <span class='ocr_line' id='line_1_9' title="bbox 305 786 1948 858; baseline -0.001 -17"><span class='ocrx_word' id='word_1_48' title='bbox 305 786 503 841; x_wconf 82' lang='lat' dir='ltr'>cordia</span> <span class='ocrx_word' id='word_1_49' title='bbox 534 803 640 840; x_wconf 81' lang='lat' dir='ltr'>sua</span> <span class='ocrx_word' id='word_1_50' title='bbox 692 786 843 841; x_wconf 94' lang='lat' dir='ltr'>Deus</span> <span class='ocrx_word' id='word_1_51' title='bbox 876 787 947 841; x_wconf 90' lang='lat' dir='ltr'>ad</span> <span class='ocrx_word' id='word_1_52' title='bbox 1000 787 1418 857; x_wconf 81' lang='lat' dir='ltr'>benignitatem</span> <span class='ocrx_word' id='word_1_53' title='bbox 1450 803 1587 858; x_wconf 89' lang='lat' dir='ltr'>erga</span> <span class='ocrx_word' id='word_1_54' title='bbox 1639 804 1744 840; x_wconf 90' lang='lat' dir='ltr'>nos</span> <span class='ocrx_word' id='word_1_55' title='bbox 1793 787 1948 858; x_wconf 90' lang='lat' dir='ltr'>cogit</span> 
     </span>
    </p>
   </div>
   <div class='ocr_carea' id='block_1_10' title="bbox 304 875 1944 947">
    <p class='ocr_par' dir='ltr' id='par_1_10' title="bbox 304 875 1944 947">
     <span class='ocr_line' id='line_1_10' title="bbox 304 875 1944 947; baseline -0.001 -16"><span class='ocrx_word' id='word_1_56' title='bbox 304 877 748 931; x_wconf 87' lang='lat' dir='ltr'>creaturam.Ita</span> <span class='ocrx_word' id='word_1_57' title='bbox 776 876 1067 947; x_wconf 90' lang='lat' dir='ltr'>vobis,qui</span> <span class='ocrx_word' id='word_1_58' title='bbox 1099 882 1443 930; x_wconf 88' lang='lat' dir='ltr'>cunctorum</span> <span class='ocrx_word' id='word_1_59' title='bbox 1476 875 1740 947; x_wconf 79' lang='lat' dir='ltr'>Opiﬁcem</span> <span class='ocrx_word' id='word_1_60' title='bbox 1778 875 1944 929; x_wconf 83' lang='lat' dir='ltr'>inbo-</span> 
     </span>
    </p>
   </div>
   <div class='ocr_carea' id='block_1_11' title="bbox 304 963 1445 1027">
    <p class='ocr_par' dir='ltr' id='par_1_11' title="bbox 304 963 1445 1027">
     <span class='ocr_line' id='line_1_11' title="bbox 304 963 1445 1027; baseline 0.001 -11"><span class='ocrx_word' id='word_1_61' title='bbox 304 964 571 1027; x_wconf 87' lang='lat' dir='ltr'>nestatis,</span> <span class='ocrx_word' id='word_1_62' title='bbox 607 963 798 1018; x_wconf 89' lang='lat' dir='ltr'>omnis</span> <span class='ocrx_word' id='word_1_63' title='bbox 827 970 1091 1018; x_wconf 89' lang='lat' dir='ltr'>creatura</span> <span class='ocrx_word' id='word_1_64' title='bbox 1122 969 1445 1019; x_wconf 74' lang='lat' dir='ltr'>succenset.</span> 
     </span>
    </p>
   </div>
   <div class='ocr_carea' id='block_1_12' title="bbox 376 1051 1945 1124">
    <p class='ocr_par' dir='ltr' id='par_1_12' title="bbox 376 1051 1945 1124">
     <span class='ocr_line' id='line_1_12' title="bbox 376 1051 1945 1124; baseline 0 -19"><span class='ocrx_word' id='word_1_65' title='bbox 376 1051 465 1105; x_wconf 84' lang='lat' dir='ltr'>XI.</span> <span class='ocrx_word' id='word_1_66' title='bbox 508 1051 651 1108; x_wconf 87' lang='lat' dir='ltr'>Nam</span> <span class='ocrx_word' id='word_1_67' title='bbox 685 1051 791 1107; x_wconf 86' lang='lat' dir='ltr'>etsi</span> <span class='ocrx_word' id='word_1_68' title='bbox 825 1069 921 1123; x_wconf 87' lang='lat' dir='ltr'>per</span> <span class='ocrx_word' id='word_1_69' title='bbox 952 1051 1298 1107; x_wconf 79' lang='lat' dir='ltr'>solutionem</span> <span class='ocrx_word' id='word_1_70' title='bbox 1324 1070 1356 1107; x_wconf 89' lang='lat' dir='ltr'>a</span> <span class='ocrx_word' id='word_1_71' title='bbox 1385 1068 1623 1124; x_wconf 91' lang='lat' dir='ltr'>corpore</span> <span class='ocrx_word' id='word_1_72' title='bbox 1654 1051 1945 1123; x_wconf 72' lang='lat' dir='ltr'>effugiatis</span> 
     </span>
    </p>
   </div>
   <div class='ocr_carea' id='block_1_13' title="bbox 303 1140 1945 1212">
    <p class='ocr_par' dir='ltr' id='par_1_13' title="bbox 303 1140 1945 1212">
     <span class='ocr_line' id='line_1_13' title="bbox 303 1140 1945 1212; baseline 0.001 -18"><span class='ocrx_word' id='word_1_73' title='bbox 303 1157 557 1211; x_wconf 88' lang='lat' dir='ltr'>poenam,</span> <span class='ocrx_word' id='word_1_74' title='bbox 591 1157 704 1211; x_wconf 93' lang='lat' dir='ltr'>quo</span> <span class='ocrx_word' id='word_1_75' title='bbox 740 1141 909 1196; x_wconf 91' lang='lat' dir='ltr'>modo</span> <span class='ocrx_word' id='word_1_76' title='bbox 941 1142 1196 1197; x_wconf 83' lang='lat' dir='ltr'>animam</span> <span class='ocrx_word' id='word_1_77' title='bbox 1228 1145 1501 1206; x_wconf 80' lang='lat' dir='ltr'>vestram,</span> <span class='ocrx_word' id='word_1_78' title='bbox 1534 1158 1659 1212; x_wconf 66' lang='lat' dir='ltr'>quae</span> <span class='ocrx_word' id='word_1_79' title='bbox 1706 1140 1945 1195; x_wconf 90' lang='lat' dir='ltr'>immor-</span> 
     </span>
    </p>
   </div>
   <div class='ocr_carea' id='block_1_14' title="bbox 303 1228 1946 1302">
    <p class='ocr_par' dir='ltr' id='par_1_14' title="bbox 303 1228 1946 1302">
     <span class='ocr_line' id='line_1_14' title="bbox 303 1228 1946 1302; baseline 0.001 -19"><span class='ocrx_word' id='word_1_80' title='bbox 303 1230 438 1284; x_wconf 86' lang='lat' dir='ltr'>talis</span> <span class='ocrx_word' id='word_1_81' title='bbox 467 1234 573 1297; x_wconf 90' lang='lat' dir='ltr'>est,</span> <span class='ocrx_word' id='word_1_82' title='bbox 609 1246 709 1301; x_wconf 91' lang='lat' dir='ltr'>per</span> <span class='ocrx_word' id='word_1_83' title='bbox 741 1235 983 1285; x_wconf 89' lang='lat' dir='ltr'>mortem</span> <span class='ocrx_word' id='word_1_84' title='bbox 1020 1230 1278 1302; x_wconf 86' lang='lat' dir='ltr'>poteritis</span> <span class='ocrx_word' id='word_1_85' title='bbox 1320 1229 1561 1300; x_wconf 79' lang='lat' dir='ltr'>fugere?</span> <span class='ocrx_word' id='word_1_86' title='bbox 1592 1228 1946 1285; x_wconf 82' lang='lat' dir='ltr'>Immortalis</span> 
     </span>
    </p>
   </div>
   <div class='ocr_carea' id='block_1_15' title="bbox 304 1318 1944 1391">
    <p class='ocr_par' dir='ltr' id='par_1_15' title="bbox 304 1318 1944 1391">
     <span class='ocr_line' id='line_1_15' title="bbox 304 1318 1944 1391; baseline 0.001 -19"><span class='ocrx_word' id='word_1_87' title='bbox 304 1318 460 1372; x_wconf 90' lang='lat' dir='ltr'>enim</span> <span class='ocrx_word' id='word_1_88' title='bbox 510 1325 597 1373; x_wconf 88' lang='lat' dir='ltr'>est</span> <span class='ocrx_word' id='word_1_89' title='bbox 646 1318 822 1374; x_wconf 90' lang='lat' dir='ltr'>etiam</span> <span class='ocrx_word' id='word_1_90' title='bbox 854 1319 1167 1391; x_wconf 90' lang='lat' dir='ltr'>impiorum</span> <span class='ocrx_word' id='word_1_91' title='bbox 1201 1319 1419 1381; x_wconf 89' lang='lat' dir='ltr'>anima,</span> <span class='ocrx_word' id='word_1_92' title='bbox 1470 1318 1686 1390; x_wconf 90' lang='lat' dir='ltr'>quibus</span> <span class='ocrx_word' id='word_1_93' title='bbox 1732 1318 1944 1374; x_wconf 89' lang='lat' dir='ltr'>melius</span> 
     </span>
    </p>
   </div>
   <div class='ocr_carea' id='block_1_16' title="bbox 305 1407 1943 1480">
    <p class='ocr_par' dir='ltr' id='par_1_16' title="bbox 305 1407 1943 1480">
     <span class='ocr_line' id='line_1_16' title="bbox 305 1407 1943 1480; baseline 0.001 -19"><span class='ocrx_word' id='word_1_94' title='bbox 305 1414 599 1473; x_wconf 77' lang='lat' dir='ltr'>esset,non</span> <span class='ocrx_word' id='word_1_95' title='bbox 632 1407 1023 1463; x_wconf 81' lang='lat' dir='ltr'>immortalem</span> <span class='ocrx_word' id='word_1_96' title='bbox 1055 1424 1181 1463; x_wconf 88' lang='lat' dir='ltr'>eam</span> <span class='ocrx_word' id='word_1_97' title='bbox 1214 1408 1598 1463; x_wconf 87' lang='lat' dir='ltr'>babere.Nam</span> <span class='ocrx_word' id='word_1_98' title='bbox 1619 1424 1721 1479; x_wconf 91' lang='lat' dir='ltr'>per</span> <span class='ocrx_word' id='word_1_99' title='bbox 1749 1408 1943 1480; x_wconf 85' lang='lat' dir='ltr'>ignem</span> 
     </span>
    </p>
   </div>
   <div class='ocr_carea' id='block_1_17' title="bbox 303 1494 1945 1567">
    <p class='ocr_par' dir='ltr' id='par_1_17' title="bbox 303 1494 1945 1567">
     <span class='ocr_line' id='line_1_17' title="bbox 303 1494 1945 1567; baseline 0.002 -20"><span class='ocrx_word' id='word_1_100' title='bbox 303 1494 719 1551; x_wconf 81' lang='lat' dir='ltr'>inexstinctum</span> <span class='ocrx_word' id='word_1_101' title='bbox 767 1497 1023 1551; x_wconf 84' lang='lat' dir='ltr'>cruciata</span> <span class='ocrx_word' id='word_1_102' title='bbox 1068 1500 1345 1567; x_wconf 89' lang='lat' dir='ltr'>perpetuo</span> <span class='ocrx_word' id='word_1_103' title='bbox 1394 1496 1710 1566; x_wconf 90' lang='lat' dir='ltr'>supplicio,</span> <span class='ocrx_word' id='word_1_104' title='bbox 1756 1512 1945 1567; x_wconf 89' lang='lat' dir='ltr'>neque</span> 
     </span>
    </p>
   </div>
   <div class='ocr_carea' id='block_1_18' title="bbox 302 1584 1941 1655">
    <p class='ocr_par' dir='ltr' id='par_1_18' title="bbox 302 1584 1941 1655">
     <span class='ocr_line' id='line_1_18' title="bbox 302 1584 1941 1655; baseline 0.001 -18"><span class='ocrx_word' id='word_1_105' title='bbox 302 1584 578 1653; x_wconf 86' lang='lat' dir='ltr'>moriens,</span> <span class='ocrx_word' id='word_1_106' title='bbox 616 1586 671 1639; x_wconf 91' lang='lat' dir='ltr'>in</span> <span class='ocrx_word' id='word_1_107' title='bbox 723 1585 876 1640; x_wconf 89' lang='lat' dir='ltr'>malo</span> <span class='ocrx_word' id='word_1_108' title='bbox 907 1602 1012 1640; x_wconf 92' lang='lat' dir='ltr'>suo</span> <span class='ocrx_word' id='word_1_109' title='bbox 1063 1585 1239 1639; x_wconf 84' lang='lat' dir='ltr'>ﬁnem</span> <span class='ocrx_word' id='word_1_110' title='bbox 1294 1601 1404 1639; x_wconf 88' lang='lat' dir='ltr'>non</span> <span class='ocrx_word' id='word_1_111' title='bbox 1440 1584 1615 1639; x_wconf 81' lang='lat' dir='ltr'>habet</span> <span class='ocrx_word' id='word_1_112' title='bbox 1662 1584 1941 1655; x_wconf 89' lang='lat' dir='ltr'>accipere.</span> 
     </span>
    </p>
   </div>
   <div class='ocr_carea' id='block_1_19' title="bbox 303 1672 1941 1744">
    <p class='ocr_par' dir='ltr' id='par_1_19' title="bbox 303 1672 1941 1744">
     <span class='ocr_line' id='line_1_19' title="bbox 303 1672 1941 1744; baseline 0.001 -16"><span class='ocrx_word' id='word_1_113' title='bbox 303 1672 411 1728; x_wconf 89' lang='lat' dir='ltr'>Sed</span> <span class='ocrx_word' id='word_1_114' title='bbox 439 1673 629 1728; x_wconf 82' lang='lat' dir='ltr'>forsan</span> <span class='ocrx_word' id='word_1_115' title='bbox 660 1674 813 1729; x_wconf 89' lang='lat' dir='ltr'>dicet</span> <span class='ocrx_word' id='word_1_116' title='bbox 833 1679 1091 1729; x_wconf 89' lang='lat' dir='ltr'>vestrum</span> <span class='ocrx_word' id='word_1_117' title='bbox 1116 1673 1330 1744; x_wconf 88' lang='lat' dir='ltr'>aliquis</span> <span class='ocrx_word' id='word_1_118' title='bbox 1356 1691 1367 1727; x_wconf 88' lang='lat'><strong>:</strong></span> <span class='ocrx_word' id='word_1_119' title='bbox 1389 1674 1593 1728; x_wconf 88' lang='lat' dir='ltr'>Terres</span> <span class='ocrx_word' id='word_1_120' title='bbox 1625 1674 1941 1736; x_wconf 90' lang='lat' dir='ltr'>nos,Petre.</span> 
     </span>
    </p>
   </div>
   <div class='ocr_carea' id='block_1_20' title="bbox 302 1763 1944 1833">
    <p class='ocr_par' dir='ltr' id='par_1_20' title="bbox 302 1763 1944 1833">
     <span class='ocr_line' id='line_1_20' title="bbox 302 1763 1944 1833; baseline 0 -16"><span class='ocrx_word' id='word_1_121' title='bbox 302 1763 508 1817; x_wconf 89' lang='lat' dir='ltr'>Docete</span> <span class='ocrx_word' id='word_1_122' title='bbox 537 1763 715 1833; x_wconf 87' lang='lat' dir='ltr'>igitur</span> <span class='ocrx_word' id='word_1_123' title='bbox 754 1780 880 1831; x_wconf 86' lang='lat' dir='ltr'>nos,</span> <span class='ocrx_word' id='word_1_124' title='bbox 924 1779 1038 1833; x_wconf 92' lang='lat' dir='ltr'>quo</span> <span class='ocrx_word' id='word_1_125' title='bbox 1072 1768 1237 1833; x_wconf 89' lang='lat' dir='ltr'>pacto</span> <span class='ocrx_word' id='word_1_126' title='bbox 1272 1766 1530 1817; x_wconf 83' lang='lat' dir='ltr'>tacentes</span> <span class='ocrx_word' id='word_1_127' title='bbox 1580 1764 1944 1833; x_wconf 78' lang='lat' dir='ltr'>proferamus</span> 
     </span>
    </p>
   </div>
   <div class='ocr_carea' id='block_1_21' title="bbox 299 1850 1949 1922">
    <p class='ocr_par' dir='ltr' id='par_1_21' title="bbox 299 1850 1949 1922">
     <span class='ocr_line' id='line_1_21' title="bbox 299 1850 1949 1922; baseline 0.002 -19"><span class='ocrx_word' id='word_1_128' title='bbox 299 1852 463 1906; x_wconf 83' lang='lat' dir='ltr'>vobis</span> <span class='ocrx_word' id='word_1_129' title='bbox 510 1868 602 1905; x_wconf 87' lang='lat' dir='ltr'>res</span> <span class='ocrx_word' id='word_1_130' title='bbox 653 1852 1149 1922; x_wconf 84' lang='lat' dir='ltr'>quemadmodum</span> <span class='ocrx_word' id='word_1_131' title='bbox 1202 1856 1360 1915; x_wconf 90' lang='lat' dir='ltr'>sunt,</span> <span class='ocrx_word' id='word_1_132' title='bbox 1396 1851 1563 1905; x_wconf 86' lang='lat' dir='ltr'>aliter</span> <span class='ocrx_word' id='word_1_133' title='bbox 1594 1850 1750 1905; x_wconf 90' lang='lat' dir='ltr'>enim</span> <span class='ocrx_word' id='word_1_134' title='bbox 1785 1852 1949 1907; x_wconf 85' lang='lat' dir='ltr'>vobis</span> 
     </span>
    </p>
   </div>
   <div class='ocr_carea' id='block_1_22' title="bbox 301 1939 1945 2011">
    <p class='ocr_par' dir='ltr' id='par_1_22' title="bbox 301 1939 1945 2011">
     <span class='ocr_line' id='line_1_22' title="bbox 301 1939 1945 2011; baseline -0.001 -17"><span class='ocrx_word' id='word_1_135' title='bbox 301 1957 398 1994; x_wconf 86' lang='lat' dir='ltr'>eas</span> <span class='ocrx_word' id='word_1_136' title='bbox 428 1957 543 1994; x_wconf 91' lang='lat' dir='ltr'>non</span> <span class='ocrx_word' id='word_1_137' title='bbox 596 1956 909 2011; x_wconf 88' lang='lat' dir='ltr'>possumus</span> <span class='ocrx_word' id='word_1_138' title='bbox 942 1939 1219 1995; x_wconf 88' lang='lat' dir='ltr'>indicare.</span> <span class='ocrx_word' id='word_1_139' title='bbox 1256 1940 1417 2004; x_wconf 90' lang='lat' dir='ltr'>Quod</span> <span class='ocrx_word' id='word_1_140' title='bbox 1471 1940 1518 1994; x_wconf 88' lang='lat' dir='ltr'>si</span> <span class='ocrx_word' id='word_1_141' title='bbox 1569 1941 1945 2007; x_wconf 87' lang='lat' dir='ltr'>tacuerimus,</span> 
     </span>
    </p>
   </div>
   <div class='ocr_carea' id='block_1_23' title="bbox 300 2027 1947 2099">
    <p class='ocr_par' dir='ltr' id='par_1_23' title="bbox 300 2027 1947 2099">
     <span class='ocr_line' id='line_1_23' title="bbox 300 2027 1947 2099; baseline 0 -16"><span class='ocrx_word' id='word_1_142' title='bbox 300 2028 667 2098; x_wconf 89' lang='lat' dir='ltr'>decipiemini</span> <span class='ocrx_word' id='word_1_143' title='bbox 699 2046 731 2083; x_wconf 91' lang='lat' dir='ltr'>a</span> <span class='ocrx_word' id='word_1_144' title='bbox 763 2028 934 2083; x_wconf 90' lang='lat' dir='ltr'>malis</span> <span class='ocrx_word' id='word_1_145' title='bbox 967 2045 1065 2099; x_wconf 91' lang='lat' dir='ltr'>per</span> <span class='ocrx_word' id='word_1_146' title='bbox 1098 2028 1491 2099; x_wconf 86' lang='lat' dir='ltr'>ignorantiam</span> <span class='ocrx_word' id='word_1_147' title='bbox 1521 2046 1532 2094; x_wconf 91' lang='lat'><strong>;</strong></span> <span class='ocrx_word' id='word_1_148' title='bbox 1567 2027 1657 2082; x_wconf 89' lang='lat' dir='ltr'>sin</span> <span class='ocrx_word' id='word_1_149' title='bbox 1700 2045 1833 2083; x_wconf 91' lang='lat' dir='ltr'>vero</span> <span class='ocrx_word' id='word_1_150' title='bbox 1866 2028 1947 2083; x_wconf 92' lang='lat' dir='ltr'>lo-</span> 
     </span>
    </p>
   </div>
   <div class='ocr_carea' id='block_1_24' title="bbox 299 2116 1948 2188">
    <p class='ocr_par' dir='ltr' id='par_1_24' title="bbox 299 2116 1948 2188">
     <span class='ocr_line' id='line_1_24' title="bbox 299 2116 1948 2188; baseline 0.001 -18"><span class='ocrx_word' id='word_1_151' title='bbox 299 2117 554 2188; x_wconf 89' lang='lat' dir='ltr'>quimur,</span> <span class='ocrx_word' id='word_1_152' title='bbox 589 2117 841 2187; x_wconf 90' lang='lat' dir='ltr'>suspecti</span> <span class='ocrx_word' id='word_1_153' title='bbox 877 2133 1105 2181; x_wconf 90' lang='lat' dir='ltr'>sumus,</span> <span class='ocrx_word' id='word_1_154' title='bbox 1130 2117 1301 2187; x_wconf 87' lang='lat' dir='ltr'>quasi</span> <span class='ocrx_word' id='word_1_155' title='bbox 1334 2133 1435 2171; x_wconf 90' lang='lat' dir='ltr'>vos</span> <span class='ocrx_word' id='word_1_156' title='bbox 1470 2116 1678 2171; x_wconf 83' lang='lat' dir='ltr'>falsam</span> <span class='ocrx_word' id='word_1_157' title='bbox 1713 2118 1784 2171; x_wconf 94' lang='lat' dir='ltr'>ob</span> <span class='ocrx_word' id='word_1_158' title='bbox 1818 2134 1948 2171; x_wconf 86' lang='lat' dir='ltr'>cau-</span> 
     </span>
    </p>
   </div>
   <div class='ocr_carea' id='block_1_25' title="bbox 300 2205 1947 2277">
    <p class='ocr_par' dir='ltr' id='par_1_25' title="bbox 300 2205 1947 2277">
     <span class='ocr_line' id='line_1_25' title="bbox 300 2205 1947 2277; baseline 0.001 -17"><span class='ocrx_word' id='word_1_159' title='bbox 300 2223 426 2261; x_wconf 86' lang='lat' dir='ltr'>sam</span> <span class='ocrx_word' id='word_1_160' title='bbox 458 2210 801 2260; x_wconf 86' lang='lat' dir='ltr'>terreamus.</span> <span class='ocrx_word' id='word_1_161' title='bbox 845 2208 965 2271; x_wconf 92' lang='lat' dir='ltr'>Quo</span> <span class='ocrx_word' id='word_1_162' title='bbox 1001 2212 1167 2276; x_wconf 86' lang='lat' dir='ltr'>pacto</span> <span class='ocrx_word' id='word_1_163' title='bbox 1200 2206 1382 2277; x_wconf 86' lang='lat' dir='ltr'>igitur</span> <span class='ocrx_word' id='word_1_164' title='bbox 1411 2205 1634 2260; x_wconf 89' lang='lat' dir='ltr'>malum</span> <span class='ocrx_word' id='word_1_165' title='bbox 1685 2222 1819 2260; x_wconf 90' lang='lat' dir='ltr'>eum</span> <span class='ocrx_word' id='word_1_166' title='bbox 1854 2206 1947 2261; x_wconf 86' lang='lat' dir='ltr'>in-</span> 
     </span>
    </p>
   </div>
   <div class='ocr_carea' id='block_1_26' title="bbox 299 2293 1943 2365">
    <p class='ocr_par' dir='ltr' id='par_1_26' title="bbox 299 2293 1943 2365">
     <span class='ocr_line' id='line_1_26' title="bbox 299 2293 1943 2365; baseline 0 -16"><span class='ocrx_word' id='word_1_167' title='bbox 299 2295 687 2361; x_wconf 86' lang='lat' dir='ltr'>oantabimus,</span> <span class='ocrx_word' id='word_1_168' title='bbox 722 2295 822 2365; x_wconf 91' lang='lat' dir='ltr'>qui</span> <span class='ocrx_word' id='word_1_169' title='bbox 854 2295 1007 2350; x_wconf 90' lang='lat' dir='ltr'>intra</span> <span class='ocrx_word' id='word_1_170' title='bbox 1038 2295 1295 2350; x_wconf 87' lang='lat' dir='ltr'>animam</span> <span class='ocrx_word' id='word_1_171' title='bbox 1328 2301 1581 2350; x_wconf 87' lang='lat' dir='ltr'>vestram</span> <span class='ocrx_word' id='word_1_172' title='bbox 1614 2293 1943 2363; x_wconf 87' lang='lat' dir='ltr'>latet,calli-</span> 
     </span>
    </p>
   </div>
   <div class='ocr_carea' id='block_1_27' title="bbox 299 2383 1946 2455">
    <p class='ocr_par' dir='ltr' id='par_1_27' title="bbox 299 2383 1946 2455">
     <span class='ocr_line' id='line_1_27' title="bbox 299 2383 1946 2455; baseline 0.001 -18"><span class='ocrx_word' id='word_1_173' title='bbox 299 2384 489 2454; x_wconf 89' lang='lat' dir='ltr'>deque</span> <span class='ocrx_word' id='word_1_174' title='bbox 517 2383 681 2438; x_wconf 92' lang='lat' dir='ltr'>vobis</span> <span class='ocrx_word' id='word_1_175' title='bbox 712 2384 980 2440; x_wconf 89' lang='lat' dir='ltr'>inimicas</span> <span class='ocrx_word' id='word_1_176' title='bbox 1012 2385 1126 2439; x_wconf 92' lang='lat' dir='ltr'>Deo</span> <span class='ocrx_word' id='word_1_177' title='bbox 1159 2384 1417 2439; x_wconf 90' lang='lat' dir='ltr'>subserit</span> <span class='ocrx_word' id='word_1_178' title='bbox 1468 2384 1774 2455; x_wconf 92' lang='lat' dir='ltr'>opiniones</span> <span class='ocrx_word' id='word_1_179' title='bbox 1809 2401 1946 2455; x_wconf 68' lang='lat' dir='ltr'>prae-</span> 
     </span>
    </p>
   </div>
   <div class='ocr_carea' id='block_1_28' title="bbox 297 2472 1944 2545">
    <p class='ocr_par' dir='ltr' id='par_1_28' title="bbox 297 2472 1944 2545">
     <span class='ocr_line' id='line_1_28' title="bbox 297 2472 1944 2545; baseline 0 -18"><span class='ocrx_word' id='word_1_180' title='bbox 297 2477 456 2527; x_wconf 84' lang='lat' dir='ltr'>textu</span> <span class='ocrx_word' id='word_1_181' title='bbox 475 2473 743 2527; x_wconf 67' lang='lat' dir='ltr'>amicitiae</span> <span class='ocrx_word' id='word_1_182' title='bbox 766 2490 901 2545; x_wconf 90' lang='lat' dir='ltr'>erga</span> <span class='ocrx_word' id='word_1_183' title='bbox 913 2472 1603 2528; x_wconf 84' lang='lat' dir='ltr'>Deum?Reconciliemini</span> <span class='ocrx_word' id='word_1_184' title='bbox 1621 2472 1944 2541; x_wconf 88' lang='lat' dir='ltr'>vobiscum;</span> 
     </span>
    </p>
   </div>
   <div class='ocr_carea' id='block_1_29' title="bbox 300 2562 1947 2633">
    <p class='ocr_par' dir='ltr' id='par_1_29' title="bbox 300 2562 1947 2633">
     <span class='ocr_line' id='line_1_29' title="bbox 300 2562 1947 2633; baseline 0 -17"><span class='ocrx_word' id='word_1_185' title='bbox 300 2579 557 2633; x_wconf 89' lang='lat' dir='ltr'>namque</span> <span class='ocrx_word' id='word_1_186' title='bbox 607 2579 709 2632; x_wconf 90' lang='lat' dir='ltr'>pro</span> <span class='ocrx_word' id='word_1_187' title='bbox 736 2568 926 2617; x_wconf 90' lang='lat' dir='ltr'>vestra</span> <span class='ocrx_word' id='word_1_188' title='bbox 974 2562 1161 2618; x_wconf 86' lang='lat' dir='ltr'>salute</span> <span class='ocrx_word' id='word_1_189' title='bbox 1194 2562 1258 2616; x_wconf 82' lang='lat' dir='ltr'>ﬁt</span> <span class='ocrx_word' id='word_1_190' title='bbox 1308 2564 1379 2617; x_wconf 93' lang='lat' dir='ltr'>ad</span> <span class='ocrx_word' id='word_1_191' title='bbox 1412 2578 1546 2617; x_wconf 91' lang='lat' dir='ltr'>eum</span> <span class='ocrx_word' id='word_1_192' title='bbox 1595 2579 1728 2617; x_wconf 91' lang='lat' dir='ltr'>cum</span> <span class='ocrx_word' id='word_1_193' title='bbox 1779 2562 1947 2618; x_wconf 92' lang='lat' dir='ltr'>bonis</span> 
     </span>
    </p>
   </div>
   <div class='ocr_carea' id='block_1_30' title="bbox 300 2651 1947 2722">
    <p class='ocr_par' dir='ltr' id='par_1_30' title="bbox 300 2651 1947 2722">
     <span class='ocr_line' id='line_1_30' title="bbox 300 2651 1947 2722; baseline 0.001 -17"><span class='ocrx_word' id='word_1_194' title='bbox 300 2652 575 2722; x_wconf 86' lang='lat' dir='ltr'>operibus</span> <span class='ocrx_word' id='word_1_195' title='bbox 628 2651 977 2722; x_wconf 84' lang='lat' dir='ltr'>perfugium.</span> <span class='ocrx_word' id='word_1_196' title='bbox 1013 2652 1325 2707; x_wconf 86' lang='lat' dir='ltr'>Inimicitia</span> <span class='ocrx_word' id='word_1_197' title='bbox 1356 2652 1625 2722; x_wconf 58' lang='lat' dir='ltr'>quaedam</span> <span class='ocrx_word' id='word_1_198' title='bbox 1658 2653 1729 2706; x_wconf 90' lang='lat' dir='ltr'>ad</span> <span class='ocrx_word' id='word_1_199' title='bbox 1764 2652 1947 2707; x_wconf 91' lang='lat' dir='ltr'>Deum</span> 
     </span>
    </p>
   </div>
   <div class='ocr_carea' id='block_1_31' title="bbox 304 2739 1946 2812">
    <p class='ocr_par' dir='ltr' id='par_1_31' title="bbox 304 2739 1946 2812">
     <span class='ocr_line' id='line_1_31' title="bbox 304 2739 1946 2812; baseline 0.002 -20"><span class='ocrx_word' id='word_1_200' title='bbox 304 2744 411 2805; x_wconf 91' lang='lat' dir='ltr'>est,</span> <span class='ocrx_word' id='word_1_201' title='bbox 451 2756 577 2811; x_wconf 81' lang='lat' dir='ltr'>quas</span> <span class='ocrx_word' id='word_1_202' title='bbox 609 2739 667 2793; x_wconf 89' lang='lat' dir='ltr'>in</span> <span class='ocrx_word' id='word_1_203' title='bbox 720 2739 882 2794; x_wconf 90' lang='lat' dir='ltr'>vobis</span> <span class='ocrx_word' id='word_1_204' title='bbox 914 2756 1047 2794; x_wconf 90' lang='lat' dir='ltr'>cum</span> <span class='ocrx_word' id='word_1_205' title='bbox 1098 2740 1321 2795; x_wconf 81' lang='lat' dir='ltr'>ratione</span> <span class='ocrx_word' id='word_1_206' title='bbox 1350 2744 1571 2811; x_wconf 88' lang='lat' dir='ltr'>pugnat</span> <span class='ocrx_word' id='word_1_207' title='bbox 1614 2740 1946 2812; x_wconf 80' lang='lat' dir='ltr'>cupiditas;</span> 
     </span>
    </p>
   </div>
   <div class='ocr_carea' id='block_1_32' title="bbox 302 2828 1874 2900">
    <p class='ocr_par' dir='ltr' id='par_1_32' title="bbox 302 2828 1874 2900">
     <span class='ocr_line' id='line_1_32' title="bbox 302 2828 1874 2900; baseline -0.001 -19"><span class='ocrx_word' id='word_1_208' title='bbox 302 2828 441 2899; x_wconf 91' lang='lat' dir='ltr'>quia</span> <span class='ocrx_word' id='word_1_209' title='bbox 471 2828 812 2898; x_wconf 88' lang='lat' dir='ltr'>suspicione</span> <span class='ocrx_word' id='word_1_210' title='bbox 847 2828 1166 2900; x_wconf 67' lang='lat' dir='ltr'>prudentiae</span> <span class='ocrx_word' id='word_1_211' title='bbox 1199 2830 1531 2883; x_wconf 87' lang='lat' dir='ltr'>corroborat</span> <span class='ocrx_word' id='word_1_212' title='bbox 1561 2828 1874 2883; x_wconf 86' lang='lat' dir='ltr'>inscitiam.</span> 
     </span>
    </p>
   </div>
   <div class='ocr_carea' id='block_1_33' title="bbox 376 2916 1950 2974">
    <p class='ocr_par' dir='ltr' id='par_1_33' title="bbox 376 2916 1950 2974">
     <span class='ocr_line' id='line_1_33' title="bbox 376 2916 1950 2974; baseline 0 -2"><span class='ocrx_word' id='word_1_213' title='bbox 376 2917 497 2972; x_wconf 87' lang='lat' dir='ltr'>XII.</span> <span class='ocrx_word' id='word_1_214' title='bbox 532 2916 643 2971; x_wconf 82' lang='lat' dir='ltr'>Alii</span> <span class='ocrx_word' id='word_1_215' title='bbox 692 2934 827 2972; x_wconf 90' lang='lat' dir='ltr'>vero</span> <span class='ocrx_word' id='word_1_216' title='bbox 878 2918 1124 2974; x_wconf 92' lang='lat' dir='ltr'>dicunt:</span> <span class='ocrx_word' id='word_1_217' title='bbox 1161 2918 1314 2973; x_wconf 90' lang='lat' dir='ltr'>Deus</span> <span class='ocrx_word' id='word_1_218' title='bbox 1363 2918 1546 2973; x_wconf 90' lang='lat' dir='ltr'>nostri</span> <span class='ocrx_word' id='word_1_219' title='bbox 1580 2935 1781 2973; x_wconf 89' lang='lat' dir='ltr'>curam</span> <span class='ocrx_word' id='word_1_220' title='bbox 1834 2935 1950 2973; x_wconf 89' lang='lat' dir='ltr'>non</span> 
     </span>
    </p>
   </div>
   <div class='ocr_carea' id='block_1_34' title="bbox 302 3005 1947 3078">
    <p class='ocr_par' dir='ltr' id='par_1_34' title="bbox 302 3005 1947 3078">
     <span class='ocr_line' id='line_1_34' title="bbox 302 3005 1947 3078; baseline 0.001 -18"><span class='ocrx_word' id='word_1_221' title='bbox 302 3005 469 3078; x_wconf 87' lang='lat' dir='ltr'>gerit.</span> <span class='ocrx_word' id='word_1_222' title='bbox 503 3005 621 3060; x_wconf 89' lang='lat' dir='ltr'>Hoc</span> <span class='ocrx_word' id='word_1_223' title='bbox 652 3022 885 3078; x_wconf 90' lang='lat' dir='ltr'>quoque</span> <span class='ocrx_word' id='word_1_224' title='bbox 916 3007 1127 3061; x_wconf 80' lang='lat' dir='ltr'>falsum</span> <span class='ocrx_word' id='word_1_225' title='bbox 1163 3012 1271 3062; x_wconf 89' lang='lat' dir='ltr'>est.</span> <span class='ocrx_word' id='word_1_226' title='bbox 1309 3006 1452 3063; x_wconf 86' lang='lat' dir='ltr'>Nam</span> <span class='ocrx_word' id='word_1_227' title='bbox 1486 3006 1535 3062; x_wconf 90' lang='lat' dir='ltr'>si</span> <span class='ocrx_word' id='word_1_228' title='bbox 1567 3022 1699 3061; x_wconf 88' lang='lat' dir='ltr'>vere</span> <span class='ocrx_word' id='word_1_229' title='bbox 1747 3023 1947 3061; x_wconf 90' lang='lat' dir='ltr'>curam</span> 
     </span>
    </p>
   </div>
   <div class='ocr_carea' id='block_1_35' title="bbox 303 3096 1951 3167">
    <p class='ocr_par' dir='ltr' id='par_1_35' title="bbox 303 3096 1951 3167">
     <span class='ocr_line' id='line_1_35' title="bbox 303 3096 1951 3167; baseline 0 -18"><span class='ocrx_word' id='word_1_230' title='bbox 303 3112 417 3149; x_wconf 92' lang='lat' dir='ltr'>non</span> <span class='ocrx_word' id='word_1_231' title='bbox 451 3100 694 3167; x_wconf 87' lang='lat' dir='ltr'>gereret,</span> <span class='ocrx_word' id='word_1_232' title='bbox 729 3112 918 3167; x_wconf 90' lang='lat' dir='ltr'>neque</span> <span class='ocrx_word' id='word_1_233' title='bbox 946 3096 1124 3151; x_wconf 90' lang='lat' dir='ltr'>solem</span> <span class='ocrx_word' id='word_1_234' title='bbox 1160 3114 1332 3151; x_wconf 91' lang='lat' dir='ltr'>suum</span> <span class='ocrx_word' id='word_1_235' title='bbox 1365 3096 1503 3151; x_wconf 89' lang='lat' dir='ltr'>oriri</span> <span class='ocrx_word' id='word_1_236' title='bbox 1536 3098 1746 3151; x_wconf 84' lang='lat' dir='ltr'>faceret</span> <span class='ocrx_word' id='word_1_237' title='bbox 1776 3112 1951 3167; x_wconf 87' lang='lat' dir='ltr'>super</span> 
     </span>
    </p>
   </div>
   <div class='ocr_carea' id='block_1_36' title="bbox 303 3171 2019 3255">
    <p class='ocr_par' dir='ltr' id='par_1_36' title="bbox 303 3171 2019 3255">
     <span class='ocr_line' id='line_1_36' title="bbox 303 3171 2019 3255; baseline -0.001 -17"><span class='ocrx_word' id='word_1_238' title='bbox 303 3182 487 3238; x_wconf 90' lang='lat' dir='ltr'>bonos</span> <span class='ocrx_word' id='word_1_239' title='bbox 519 3188 575 3238; x_wconf 89' lang='lat' dir='ltr'>et</span> <span class='ocrx_word' id='word_1_240' title='bbox 623 3182 829 3251; x_wconf 88' lang='lat' dir='ltr'>malos,</span> <span class='ocrx_word' id='word_1_241' title='bbox 862 3202 1048 3255; x_wconf 89' lang='lat' dir='ltr'>neque</span> <span class='ocrx_word' id='word_1_242' title='bbox 1097 3184 1353 3254; x_wconf 87' lang='lat' dir='ltr'>pluviam</span> <span class='ocrx_word' id='word_1_243' title='bbox 1401 3201 1568 3239; x_wconf 92' lang='lat' dir='ltr'>suam</span> <span class='ocrx_word' id='word_1_244' title='bbox 1617 3184 1946 3239; x_wconf 89' lang='lat' dir='ltr'>demitteret</span> <span class='ocrx_word' id='word_1_245' title='bbox 1977 3171 2019 3236; x_wconf 88' lang='lat' dir='ltr'>C</span> 
     </span>
    </p>
   </div>
   <div class='ocr_carea' id='block_1_37' title="bbox 306 3272 1943 3343">
    <p class='ocr_par' dir='ltr' id='par_1_37' title="bbox 306 3272 1943 3343">
     <span class='ocr_line' id='line_1_37' title="bbox 306 3272 1943 3343; baseline -0.001 -17"><span class='ocrx_word' id='word_1_246' title='bbox 306 3288 483 3343; x_wconf 91' lang='lat' dir='ltr'>super</span> <span class='ocrx_word' id='word_1_247' title='bbox 506 3273 699 3342; x_wconf 90' lang='lat' dir='ltr'>justos</span> <span class='ocrx_word' id='word_1_248' title='bbox 731 3277 788 3327; x_wconf 93' lang='lat' dir='ltr'>et</span> <span class='ocrx_word' id='word_1_249' title='bbox 818 3273 1068 3343; x_wconf 87' lang='lat' dir='ltr'>injustos</span> <span class='ocrx_word' id='word_1_250' title='bbox 1101 3275 1195 3343; x_wconf 84' lang='grc' dir='ltr'>(α).</span> <span class='ocrx_word' id='word_1_251' title='bbox 1232 3273 1444 3327; x_wconf 90' lang='lat' dir='ltr'>Dicunt</span> <span class='ocrx_word' id='word_1_252' title='bbox 1474 3272 1568 3327; x_wconf 90' lang='lat' dir='ltr'>alii</span> <span class='ocrx_word' id='word_1_253' title='bbox 1606 3290 1618 3327; x_wconf 88' lang='lat'><strong>:</strong></span> <span class='ocrx_word' id='word_1_254' title='bbox 1648 3274 1833 3343; x_wconf 89' lang='lat' dir='ltr'>Magis</span> <span class='ocrx_word' id='word_1_255' title='bbox 1865 3273 1943 3343; x_wconf 90' lang='lat' dir='ltr'>pii</span> 
     </span>
    </p>
   </div>
   <div class='ocr_carea' id='block_1_38' title="bbox 306 3361 1947 3432">
    <p class='ocr_par' dir='ltr' id='par_1_38' title="bbox 306 3361 1947 3432">
     <span class='ocr_line' id='line_1_38' title="bbox 306 3361 1947 3432; baseline 0.001 -18"><span class='ocrx_word' id='word_1_256' title='bbox 306 3375 536 3423; x_wconf 90' lang='lat' dir='ltr'>sumus,</span> <span class='ocrx_word' id='word_1_257' title='bbox 590 3362 689 3431; x_wconf 93' lang='lat' dir='ltr'>qui</span> <span class='ocrx_word' id='word_1_258' title='bbox 721 3366 778 3415; x_wconf 92' lang='lat' dir='ltr'>et</span> <span class='ocrx_word' id='word_1_259' title='bbox 824 3361 1016 3432; x_wconf 89' lang='lat' dir='ltr'>ipsum</span> <span class='ocrx_word' id='word_1_260' title='bbox 1050 3366 1106 3416; x_wconf 90' lang='lat' dir='ltr'>et</span> <span class='ocrx_word' id='word_1_261' title='bbox 1156 3361 1473 3416; x_wconf 86' lang='lat' dir='ltr'>simulacra</span> <span class='ocrx_word' id='word_1_262' title='bbox 1513 3361 1779 3416; x_wconf 89' lang='lat' dir='ltr'>colimus.</span> <span class='ocrx_word' id='word_1_263' title='bbox 1823 3361 1947 3416; x_wconf 90' lang='lat' dir='ltr'>Non</span> 
     </span>
    </p>
   </div>
   <div class='ocr_carea' id='block_1_39' title="bbox 307 3449 1949 3523">
    <p class='ocr_par' dir='ltr' id='par_1_39' title="bbox 307 3449 1949 3523">
     <span class='ocr_line' id='line_1_39' title="bbox 307 3449 1949 3523; baseline 0.001 -21"><span class='ocrx_word' id='word_1_264' title='bbox 307 3454 469 3520; x_wconf 83' lang='lat' dir='ltr'>puto,</span> <span class='ocrx_word' id='word_1_265' title='bbox 507 3449 577 3516; x_wconf 91' lang='lat' dir='ltr'>ei,</span> <span class='ocrx_word' id='word_1_266' title='bbox 612 3450 708 3521; x_wconf 89' lang='lat' dir='ltr'>qui</span> <span class='ocrx_word' id='word_1_267' title='bbox 742 3451 821 3505; x_wconf 91' lang='lat' dir='ltr'>ita</span> <span class='ocrx_word' id='word_1_268' title='bbox 850 3450 1186 3521; x_wconf 88' lang='lat' dir='ltr'>loquitur,si</span> <span class='ocrx_word' id='word_1_269' title='bbox 1217 3450 1433 3505; x_wconf 90' lang='lat' dir='ltr'>diceret</span> <span class='ocrx_word' id='word_1_270' title='bbox 1463 3450 1581 3523; x_wconf 87' lang='lat' dir='ltr'>regi</span> <span class='ocrx_word' id='word_1_271' title='bbox 1617 3466 1630 3503; x_wconf 92' lang='lat'>:</span> <span class='ocrx_word' id='word_1_272' title='bbox 1668 3450 1949 3504; x_wconf 90' lang='lat' dir='ltr'>Eumdem</span> 
     </span>
    </p>
   </div>
   <div class='ocr_carea' id='block_1_40' title="bbox 306 3537 1947 3611">
    <p class='ocr_par' dir='ltr' id='par_1_40' title="bbox 306 3537 1947 3611">
     <span class='ocr_line' id='line_1_40' title="bbox 306 3537 1947 3611; baseline 0.001 -20"><span class='ocrx_word' id='word_1_273' title='bbox 306 3537 414 3591; x_wconf 90' lang='lat' dir='ltr'>tibi</span> <span class='ocrx_word' id='word_1_274' title='bbox 447 3540 639 3595; x_wconf 88' lang='lat' dir='ltr'>tribuo</span> <span class='ocrx_word' id='word_1_275' title='bbox 672 3540 1149 3611; x_wconf 89' lang='lat' dir='ltr'>honorem,quem</span> <span class='ocrx_word' id='word_1_276' title='bbox 1184 3540 1432 3595; x_wconf 89' lang='lat' dir='ltr'>mortuis</span> <span class='ocrx_word' id='word_1_277' title='bbox 1458 3545 1515 3594; x_wconf 92' lang='lat' dir='ltr'>et</span> <span class='ocrx_word' id='word_1_278' title='bbox 1545 3539 1768 3609; x_wconf 87' lang='lat' dir='ltr'>abjecto</span> <span class='ocrx_word' id='word_1_279' title='bbox 1793 3540 1947 3595; x_wconf 84' lang='lat' dir='ltr'>ﬁmo:</span> 
     </span>
    </p>
   </div>
   <div class='ocr_carea' id='block_1_41' title="bbox 310 3628 1955 3699">
    <p class='ocr_par' dir='ltr' id='par_1_41' title="bbox 310 3628 1955 3699">
     <span class='ocr_line' id='line_1_41' title="bbox 310 3628 1955 3699; baseline 0.001 -18"><span class='ocrx_word' id='word_1_280' title='bbox 310 3642 426 3681; x_wconf 91' lang='lat' dir='ltr'>non</span> <span class='ocrx_word' id='word_1_281' title='bbox 460 3632 620 3697; x_wconf 86' lang='lat' dir='ltr'>puto,</span> <span class='ocrx_word' id='word_1_282' title='bbox 655 3628 919 3699; x_wconf 88' lang='lat' dir='ltr'>inquam,</span> <span class='ocrx_word' id='word_1_283' title='bbox 953 3629 1001 3681; x_wconf 94' lang='lat' dir='ltr'>ei</span> <span class='ocrx_word' id='word_1_284' title='bbox 1036 3629 1179 3684; x_wconf 89' lang='lat' dir='ltr'>bene</span> <span class='ocrx_word' id='word_1_285' title='bbox 1206 3645 1533 3683; x_wconf 90' lang='lat' dir='ltr'>cessurum.</span> <span class='ocrx_word' id='word_1_286' title='bbox 1568 3629 1678 3683; x_wconf 91' lang='lat' dir='ltr'>Sed</span> <span class='ocrx_word' id='word_1_287' title='bbox 1729 3628 1955 3699; x_wconf 90' lang='lat' dir='ltr'>inquiet</span> 
     </span>
    </p>
   </div>
   <div class='ocr_carea' id='block_1_42' title="bbox 307 3714 1954 3786">
    <p class='ocr_par' dir='ltr' id='par_1_42' title="bbox 307 3714 1954 3786">
     <span class='ocr_line' id='line_1_42' title="bbox 307 3714 1954 3786; baseline 0.001 -17"><span class='ocrx_word' id='word_1_288' title='bbox 307 3714 546 3786; x_wconf 86' lang='lat' dir='ltr'>aliquis,</span> <span class='ocrx_word' id='word_1_289' title='bbox 583 3717 787 3770; x_wconf 82' lang='lat' dir='ltr'>ﬁmum</span> <span class='ocrx_word' id='word_1_290' title='bbox 821 3733 991 3771; x_wconf 87' lang='lat' dir='ltr'>vocas</span> <span class='ocrx_word' id='word_1_291' title='bbox 1026 3722 1223 3771; x_wconf 89' lang='lat' dir='ltr'>nostra</span> <span class='ocrx_word' id='word_1_292' title='bbox 1272 3717 1565 3772; x_wconf 83' lang='lat' dir='ltr'>numina?</span> <span class='ocrx_word' id='word_1_293' title='bbox 1598 3718 1684 3771; x_wconf 88' lang='lat' dir='ltr'>Ita</span> <span class='ocrx_word' id='word_1_294' title='bbox 1715 3717 1826 3773; x_wconf 90' lang='lat' dir='ltr'>aio.</span> <span class='ocrx_word' id='word_1_295' title='bbox 1864 3719 1954 3771; x_wconf 90' lang='lat' dir='ltr'>In-</span> 
     </span>
    </p>
   </div>
   <div class='ocr_carea' id='block_1_43' title="bbox 308 3803 1961 3871">
    <p class='ocr_par' dir='ltr' id='par_1_43' title="bbox 308 3803 1961 3871">
     <span class='ocr_line' id='line_1_43' title="bbox 308 3803 1961 3871; baseline 0.002 -14"><span class='ocrx_word' id='word_1_296' title='bbox 308 3803 478 3857; x_wconf 87' lang='lat' dir='ltr'>utilia</span> <span class='ocrx_word' id='word_1_297' title='bbox 509 3805 663 3859; x_wconf 88' lang='lat' dir='ltr'>enim</span> <span class='ocrx_word' id='word_1_298' title='bbox 696 3806 857 3860; x_wconf 87' lang='lat' dir='ltr'>vobis</span> <span class='ocrx_word' id='word_1_299' title='bbox 888 3823 956 3861; x_wconf 92' lang='lat' dir='ltr'>ea</span> <span class='ocrx_word' id='word_1_300' title='bbox 983 3806 1488 3871; x_wconf 88' lang='lat' dir='ltr'>reddidistis,dum</span> <span class='ocrx_word' id='word_1_301' title='bbox 1520 3806 1578 3861; x_wconf 90' lang='lat' dir='ltr'>in</span> <span class='ocrx_word' id='word_1_302' title='bbox 1612 3807 1751 3861; x_wconf 91' lang='lat' dir='ltr'>deos</span> <span class='ocrx_word' id='word_1_303' title='bbox 1785 3807 1961 3861; x_wconf 89' lang='lat' dir='ltr'>ascri-</span> 
     </span>
    </p>
   </div>
   <div class='ocr_carea' id='block_1_44' title="bbox 308 3890 1959 3967">
    <p class='ocr_par' dir='ltr' id='par_1_44' title="bbox 308 3890 1959 3967">
     <span class='ocr_line' id='line_1_44' title="bbox 308 3890 1959 3967; baseline 0.002 -21"><span class='ocrx_word' id='word_1_304' title='bbox 308 3890 619 3948; x_wconf 88' lang='lat' dir='ltr'>bitis.Cum</span> <span class='ocrx_word' id='word_1_305' title='bbox 654 3894 848 3950; x_wconf 76' lang='lat' dir='ltr'>forsan</span> <span class='ocrx_word' id='word_1_306' title='bbox 880 3894 1111 3950; x_wconf 87' lang='lat' dir='ltr'>illorum</span> <span class='ocrx_word' id='word_1_307' title='bbox 1145 3894 1388 3950; x_wconf 88' lang='lat' dir='ltr'>materia</span> <span class='ocrx_word' id='word_1_308' title='bbox 1418 3896 1488 3952; x_wconf 91' lang='lat' dir='ltr'>ad</span> <span class='ocrx_word' id='word_1_309' title='bbox 1523 3895 1745 3967; x_wconf 89' lang='lat' dir='ltr'>aliquid</span> <span class='ocrx_word' id='word_1_310' title='bbox 1778 3894 1959 3964; x_wconf 88' lang='lat' dir='ltr'>aliud,</span> 
     </span>
    </p>
   </div>
   <div class='ocr_carea' id='block_1_45' title="bbox 382 4018 907 4091">
    <p class='ocr_par' dir='ltr' id='par_1_45' title="bbox 382 4018 907 4091">
     <span class='ocr_line' id='line_1_45' title="bbox 382 4018 907 4091; baseline 0.006 -20"><span class='ocrx_word' id='word_1_311' title='bbox 382 4018 459 4091; x_wconf 86' lang='lat' dir='ltr'>(a)</span> <span class='ocrx_word' id='word_1_312' title='bbox 490 4018 695 4079; x_wconf 87' lang='lat' dir='ltr'>Matth.</span> <span class='ocrx_word' id='word_1_313' title='bbox 729 4035 785 4090; x_wconf 85' lang='lat' dir='ltr'>v,</span> <span class='ocrx_word' id='word_1_314' title='bbox 820 4020 907 4074; x_wconf 88' lang='grc'>45.</span> 
     </span>
    </p>
   </div>
   <div class='ocr_carea' id='block_1_46' title="bbox 2060 516 3706 593">
    <p class='ocr_par' dir='ltr' id='par_1_46' title="bbox 2060 516 3706 593">
     <span class='ocr_line' id='line_1_46' title="bbox 2060 516 3706 593; baseline 0.002 -21"><span class='ocrx_word' id='word_1_315' title='bbox 2060 539 2172 579; x_wconf 86' lang='grc' dir='ltr'>ονες</span> <span class='ocrx_word' id='word_1_316' title='bbox 2232 516 2601 590; x_wconf 88' lang='grc' dir='ltr'>λυμαίνονται.</span> <span class='ocrx_word' id='word_1_317' title='bbox 2664 516 2839 574; x_wconf 84' lang='grc' dir='ltr'>Ἀλλά</span> <span class='ocrx_word' id='word_1_318' title='bbox 2894 520 2982 574; x_wconf 81' lang='grc' dir='ltr'>καὶ</span> <span class='ocrx_word' id='word_1_319' title='bbox 3038 519 3200 581; x_wconf 78' lang='grc' dir='ltr'>αὐτὸς</span> <span class='ocrx_word' id='word_1_320' title='bbox 3247 520 3275 575; x_wconf 99' lang='lat'>6</span> <span class='ocrx_word' id='word_1_321' title='bbox 3307 523 3349 558; x_wconf 78' lang='grc'>⁹¹</span> <span class='ocrx_word' id='word_1_322' title='bbox 3401 520 3505 592; x_wconf 72' lang='grc' dir='ltr'>ἀὴρ</span> <span class='ocrx_word' id='word_1_323' title='bbox 3548 521 3706 593; x_wconf 82' lang='grc' dir='ltr'>θυμῷ</span> 
     </span>
    </p>
   </div>
   <div class='ocr_carea' id='block_1_47' title="bbox 2060 604 3700 683">
    <p class='ocr_par' dir='ltr' id='par_1_47' title="bbox 2060 604 3700 683">
     <span class='ocr_line' id='line_1_47' title="bbox 2060 604 3700 683; baseline 0.004 -23"><span class='ocrx_word' id='word_1_324' title='bbox 2060 606 2483 679; x_wconf 83' lang='grc' dir='ltr'>ὑπεκκαιόμενος</span> <span class='ocrx_word' id='word_1_325' title='bbox 2515 606 2651 682; x_wconf 84' lang='grc' dir='ltr'>πρὸς</span> <span class='ocrx_word' id='word_1_326' title='bbox 2688 605 2942 679; x_wconf 81' lang='grc' dir='ltr'>Λοιμώδη</span> <span class='ocrx_word' id='word_1_327' title='bbox 2988 611 3176 683; x_wconf 79' lang='grc' dir='ltr'>πρᾶξιν</span> <span class='ocrx_word' id='word_1_328' title='bbox 3205 611 3250 645; x_wconf 79' lang='grc'>⁹²</span> <span class='ocrx_word' id='word_1_329' title='bbox 3285 604 3700 681; x_wconf 80' lang='grc' dir='ltr'>μεταϐάλλεται.</span> 
     </span>
    </p>
   </div>
   <div class='ocr_carea' id='block_1_48' title="bbox 2061 694 3699 771">
    <p class='ocr_par' dir='ltr' id='par_1_48' title="bbox 2061 694 3699 771">
     <span class='ocr_line' id='line_1_48' title="bbox 2061 694 3699 771; baseline 0.001 -22"><span class='ocrx_word' id='word_1_330' title='bbox 2061 694 2211 764; x_wconf 76' lang='grc' dir='ltr'>[Ιλήν</span> <span class='ocrx_word' id='word_1_331' title='bbox 2260 694 2399 749; x_wconf 75' lang='grc' dir='ltr'>ὅσων</span> <span class='ocrx_word' id='word_1_332' title='bbox 2454 694 2798 767; x_wconf 70' lang='grc' dir='ltr'>ἀπολαύομεν</span> <span class='ocrx_word' id='word_1_333' title='bbox 2849 696 3082 771; x_wconf 83' lang='grc' dir='ltr'>ἀγαθῶν,</span> <span class='ocrx_word' id='word_1_334' title='bbox 3133 695 3211 769; x_wconf 81' lang='grc' dir='ltr'>τῷ</span> <span class='ocrx_word' id='word_1_335' title='bbox 3242 696 3404 751; x_wconf 75' lang='grc' dir='ltr'>αὐτοῦ</span> <span class='ocrx_word' id='word_1_336' title='bbox 3454 695 3594 769; x_wconf 83' lang='grc' dir='ltr'>ἐλέῳ</span> <span class='ocrx_word' id='word_1_337' title='bbox 3626 697 3699 759; x_wconf 75' lang='grc' dir='ltr'>εἷς</span> 
     </span>
    </p>
   </div>
   <div class='ocr_carea' id='block_1_49' title="bbox 2054 782 3700 861">
    <p class='ocr_par' dir='ltr' id='par_1_49' title="bbox 2054 782 3700 861">
     <span class='ocr_line' id='line_1_49' title="bbox 2054 782 3700 861; baseline 0.004 -23"><span class='ocrx_word' id='word_1_338' title='bbox 2054 785 2153 852; x_wconf 75' lang='grc' dir='ltr'>τήν</span> <span class='ocrx_word' id='word_1_339' title='bbox 2212 783 2478 860; x_wconf 82' lang='grc' dir='ltr'>ἡμετέραν</span> <span class='ocrx_word' id='word_1_340' title='bbox 2552 782 2957 861; x_wconf 76' lang='grc' dir='ltr'>φιλανθρωπίαν</span> <span class='ocrx_word' id='word_1_341' title='bbox 3032 786 3268 860; x_wconf 78' lang='grc' dir='ltr'>βιάζεται</span> <span class='ocrx_word' id='word_1_342' title='bbox 3326 786 3424 854; x_wconf 74' lang='grc' dir='ltr'>τήν</span> <span class='ocrx_word' id='word_1_343' title='bbox 3482 786 3654 840; x_wconf 79' lang='grc' dir='ltr'>κτίσιν</span> <span class='ocrx_word' id='word_1_344' title='bbox 3688 831 3700 844; x_wconf 93' lang='grc'><strong>.</strong></span> 
     </span>
    </p>
   </div>
   <div class='ocr_carea' id='block_1_50' title="bbox 2056 871 3699 950">
    <p class='ocr_par' dir='ltr' id='par_1_50' title="bbox 2056 871 3699 950">
     <span class='ocr_line' id='line_1_50' title="bbox 2056 871 3699 950; baseline 0.001 -23"><span class='ocrx_word' id='word_1_345' title='bbox 2056 871 2119 927; x_wconf 74' lang='lat' dir='ltr'>O&#39;i</span> <span class='ocrx_word' id='word_1_346' title='bbox 2147 894 2252 934; x_wconf 86' lang='grc' dir='ltr'>τως</span> <span class='ocrx_word' id='word_1_347' title='bbox 2286 874 2412 945; x_wconf 88' lang='grc' dir='ltr'>ὑμῖν</span> <span class='ocrx_word' id='word_1_348' title='bbox 2444 878 2561 934; x_wconf 88' lang='grc' dir='ltr'>τοῖς</span> <span class='ocrx_word' id='word_1_349' title='bbox 2592 873 2911 945; x_wconf 81' lang='grc' dir='ltr'>ἀτιμάζουσι</span> <span class='ocrx_word' id='word_1_350' title='bbox 2942 875 3033 928; x_wconf 84' lang='grc' dir='ltr'>τὸν</span> <span class='ocrx_word' id='word_1_351' title='bbox 3053 879 3157 928; x_wconf 90' lang='grc' dir='ltr'>τῶν</span> <span class='ocrx_word' id='word_1_352' title='bbox 3192 872 3337 929; x_wconf 79' lang='grc' dir='ltr'>ὅλων</span> <span class='ocrx_word' id='word_1_353' title='bbox 3363 872 3699 950; x_wconf 81' lang='grc' dir='ltr'>δημιουργὸν</span> 
     </span>
    </p>
   </div>
   <div class='ocr_carea' id='block_1_51' title="bbox 2055 961 2831 1035">
    <p class='ocr_par' dir='ltr' id='par_1_51' title="bbox 2055 961 2831 1035">
     <span class='ocr_line' id='line_1_51' title="bbox 2055 961 2831 1035; baseline 0.006 -21"><span class='ocrx_word' id='word_1_354' title='bbox 2055 963 2089 1030; x_wconf 83' lang='grc' dir='ltr'><strong>ἡ</strong></span> <span class='ocrx_word' id='word_1_355' title='bbox 2122 967 2265 1015; x_wconf 77' lang='grc' dir='ltr'>πᾶσα</span> <span class='ocrx_word' id='word_1_356' title='bbox 2294 961 2463 1023; x_wconf 87' lang='grc' dir='ltr'>κτίσις</span> <span class='ocrx_word' id='word_1_357' title='bbox 2490 961 2831 1035; x_wconf 77' lang='grc' dir='ltr'>γαλεπαίνει.</span> 
     </span>
    </p>
   </div>
   <div class='ocr_carea' id='block_1_52' title="bbox 2128 1049 3699 1126">
    <p class='ocr_par' dir='ltr' id='par_1_52' title="bbox 2128 1049 3699 1126">
     <span class='ocr_line' id='line_1_52' title="bbox 2128 1049 3699 1126; baseline 0.001 -22"><span class='ocrx_word' id='word_1_358' title='bbox 2128 1057 2219 1108; x_wconf 82' lang='lat' dir='ltr'>XI.</span> <span class='ocrx_word' id='word_1_359' title='bbox 2253 1049 2356 1104; x_wconf 68' lang='grc' dir='ltr'>Κᾶν</span> <span class='ocrx_word' id='word_1_360' title='bbox 2411 1052 2514 1126; x_wconf 74' lang='grc' dir='ltr'>γὰρ</span> <span class='ocrx_word' id='word_1_361' title='bbox 2564 1055 2631 1125; x_wconf 79' lang='grc' dir='ltr'>τῇ</span> <span class='ocrx_word' id='word_1_362' title='bbox 2676 1056 2771 1105; x_wconf 76' lang='grc' dir='ltr'>τοῦ</span> <span class='ocrx_word' id='word_1_363' title='bbox 2818 1052 3070 1124; x_wconf 88' lang='grc' dir='ltr'>σώματος</span> <span class='ocrx_word' id='word_1_364' title='bbox 3120 1049 3269 1106; x_wconf 76' lang='grc' dir='ltr'>λύσει</span> <span class='ocrx_word' id='word_1_365' title='bbox 3322 1052 3418 1120; x_wconf 78' lang='grc' dir='ltr'>τὴν</span> <span class='ocrx_word' id='word_1_366' title='bbox 3476 1050 3699 1107; x_wconf 78' lang='grc' dir='ltr'>κόλασιν</span> 
     </span>
    </p>
   </div>
   <div class='ocr_carea' id='block_1_53' title="bbox 2055 1137 3705 1217">
    <p class='ocr_par' dir='ltr' id='par_1_53' title="bbox 2055 1137 3705 1217">
     <span class='ocr_line' id='line_1_53' title="bbox 2055 1137 3705 1217; baseline 0.002 -25"><span class='ocrx_word' id='word_1_367' title='bbox 2055 1137 2341 1217; x_wconf 67' lang='grc' dir='ltr'>ἐκφύγητε,</span> <span class='ocrx_word' id='word_1_368' title='bbox 2374 1143 2489 1202; x_wconf 90' lang='grc' dir='ltr'>πῶς</span> <span class='ocrx_word' id='word_1_369' title='bbox 2518 1140 2617 1207; x_wconf 74' lang='grc' dir='ltr'>τὴν</span> <span class='ocrx_word' id='word_1_370' title='bbox 2652 1140 2835 1215; x_wconf 71' lang='grc' dir='ltr'>ψυχήν</span> <span class='ocrx_word' id='word_1_371' title='bbox 2887 1140 3036 1212; x_wconf 87' lang='grc' dir='ltr'>ὑμῶν</span> <span class='ocrx_word' id='word_1_372' title='bbox 3091 1141 3357 1217; x_wconf 78' lang='grc' dir='ltr'>ἄφθαρτον</span> <span class='ocrx_word' id='word_1_373' title='bbox 3405 1138 3562 1195; x_wconf 76' lang='grc' dir='ltr'>οὖσαν</span> <span class='ocrx_word' id='word_1_374' title='bbox 3614 1138 3705 1195; x_wconf 79' lang='grc' dir='ltr'>διὰ</span> 
     </span>
    </p>
   </div>
   <div class='ocr_carea' id='block_1_54' title="bbox 2052 1225 3700 1306">
    <p class='ocr_par' dir='ltr' id='par_1_54' title="bbox 2052 1225 3700 1306">
     <span class='ocr_line' id='line_1_54' title="bbox 2052 1225 3700 1306; baseline 0.03 -45"><span class='ocrx_word' id='word_1_375' title='bbox 2052 1229 2152 1296; x_wconf 65' lang='grc' dir='ltr'>τῆς</span> <span class='ocrx_word' id='word_1_376' title='bbox 2228 1233 2430 1305; x_wconf 76' lang='grc' dir='ltr'>φθορᾶς</span> <span class='ocrx_word' id='word_1_377' title='bbox 2508 1233 2692 1306; x_wconf 78' lang='grc' dir='ltr'>φυγεῖν</span> <span class='ocrx_word' id='word_1_378' title='bbox 2770 1225 3058 1298; x_wconf 79' lang='grc' dir='ltr'>δυνήσεσθε</span> <span class='ocrx_word' id='word_1_379' title='bbox 3116 1247 3129 1298; x_wconf 72' lang='lat'><em>3</em></span> <span class='ocrx_word' id='word_1_380' title='bbox 3191 1228 3450 1292; x_wconf 69' lang='grc' dir='ltr'>ἀθάνατος</span> <span class='ocrx_word' id='word_1_381' title='bbox 3507 1229 3607 1305; x_wconf 64' lang='grc' dir='ltr'>γὰρ</span> <span class='ocrx_word' id='word_1_382' title='bbox 3664 1232 3700 1299; x_wconf 67' lang='grc' dir='ltr'>ἡ</span> 
     </span>
    </p>
   </div>
   <div class='ocr_carea' id='block_1_55' title="bbox 2054 1312 3701 1396">
    <p class='ocr_par' dir='ltr' id='par_1_55' title="bbox 2054 1312 3701 1396">
     <span class='ocr_line' id='line_1_55' title="bbox 2054 1312 3701 1396; baseline 0.001 -26"><span class='ocrx_word' id='word_1_383' title='bbox 2054 1318 2206 1391; x_wconf 76' lang='grc' dir='ltr'>ψυχὴ</span> <span class='ocrx_word' id='word_1_384' title='bbox 2243 1319 2353 1390; x_wconf 80' lang='grc'>(32)</span> <span class='ocrx_word' id='word_1_385' title='bbox 2385 1317 2473 1371; x_wconf 84' lang='grc' dir='ltr'>καὶ</span> <span class='ocrx_word' id='word_1_386' title='bbox 2503 1319 2611 1371; x_wconf 91' lang='grc' dir='ltr'>τῶν</span> <span class='ocrx_word' id='word_1_387' title='bbox 2644 1312 2872 1386; x_wconf 84' lang='grc' dir='ltr'>ἀσεϐῶν,</span> <span class='ocrx_word' id='word_1_388' title='bbox 2908 1319 2991 1380; x_wconf 84' lang='grc' dir='ltr'>οἷς</span> <span class='ocrx_word' id='word_1_389' title='bbox 3023 1318 3239 1390; x_wconf 82' lang='grc' dir='ltr'>ἄμεινον</span> <span class='ocrx_word' id='word_1_390' title='bbox 3289 1320 3353 1387; x_wconf 70' lang='grc' dir='ltr'>ἧν</span> <span class='ocrx_word' id='word_1_391' title='bbox 3389 1319 3466 1390; x_wconf 84' lang='grc' dir='ltr'>μὴ</span> <span class='ocrx_word' id='word_1_392' title='bbox 3499 1316 3701 1396; x_wconf 78' lang='grc' dir='ltr'>ἄφθαρ-</span> 
     </span>
    </p>
   </div>
   <div class='ocr_carea' id='block_1_56' title="bbox 2051 1401 3700 1482">
    <p class='ocr_par' dir='ltr' id='par_1_56' title="bbox 2051 1401 3700 1482">
     <span class='ocr_line' id='line_1_56' title="bbox 2051 1401 3700 1482; baseline 0.001 -22"><span class='ocrx_word' id='word_1_393' title='bbox 2051 1426 2143 1460; x_wconf 88' lang='grc' dir='ltr'>τον</span> <span class='ocrx_word' id='word_1_394' title='bbox 2177 1405 2341 1474; x_wconf 80' lang='grc' dir='ltr'>αὐτὴν</span> <span class='ocrx_word' id='word_1_395' title='bbox 2393 1401 2560 1481; x_wconf 83' lang='grc' dir='ltr'>ἔχειν.</span> <span class='ocrx_word' id='word_1_396' title='bbox 2596 1404 2949 1477; x_wconf 81' lang='grc' dir='ltr'>Κολαζομένη</span> <span class='ocrx_word' id='word_1_397' title='bbox 3002 1407 3103 1482; x_wconf 78' lang='grc' dir='ltr'>γὰρ</span> <span class='ocrx_word' id='word_1_398' title='bbox 3150 1406 3251 1461; x_wconf 83' lang='grc' dir='ltr'>ὑπὸ</span> <span class='ocrx_word' id='word_1_399' title='bbox 3298 1411 3398 1461; x_wconf 73' lang='grc' dir='ltr'>τοῦ</span> <span class='ocrx_word' id='word_1_400' title='bbox 3440 1402 3700 1462; x_wconf 77' lang='grc' dir='ltr'>ἀσϐέστου</span> 
     </span>
    </p>
   </div>
   <div class='ocr_carea' id='block_1_57' title="bbox 2053 1493 3701 1570">
    <p class='ocr_par' dir='ltr' id='par_1_57' title="bbox 2053 1493 3701 1570">
     <span class='ocr_line' id='line_1_57' title="bbox 2053 1493 3701 1570; baseline -0.001 -21"><span class='ocrx_word' id='word_1_401' title='bbox 2053 1495 2223 1567; x_wconf 85' lang='grc' dir='ltr'>πυρὸς</span> <span class='ocrx_word' id='word_1_402' title='bbox 2283 1494 2564 1570; x_wconf 83' lang='grc' dir='ltr'>ἀπεράντῳ</span> <span class='ocrx_word' id='word_1_403' title='bbox 2620 1493 2879 1567; x_wconf 84' lang='grc' dir='ltr'>τιμωρίᾳ,</span> <span class='ocrx_word' id='word_1_404' title='bbox 2937 1494 3026 1548; x_wconf 81' lang='grc' dir='ltr'>καὶ</span> <span class='ocrx_word' id='word_1_405' title='bbox 3089 1504 3163 1567; x_wconf 77' lang='grc' dir='ltr'>μή</span> <span class='ocrx_word' id='word_1_406' title='bbox 3222 1496 3552 1565; x_wconf 81' lang='grc' dir='ltr'>θνήσκουσα,</span> <span class='ocrx_word' id='word_1_407' title='bbox 3613 1495 3701 1550; x_wconf 82' lang='grc' dir='ltr'>ἐπὶ</span> 
     </span>
    </p>
   </div>
   <div class='ocr_carea' id='block_1_58' title="bbox 2053 1578 3701 1658">
    <p class='ocr_par' dir='ltr' id='par_1_58' title="bbox 2053 1578 3701 1658">
     <span class='ocr_line' id='line_1_58' title="bbox 2053 1578 3701 1658; baseline 0.001 -21"><span class='ocrx_word' id='word_1_408' title='bbox 2053 1588 2203 1654; x_wconf 86' lang='grc' dir='ltr'>κακῷ</span> <span class='ocrx_word' id='word_1_409' title='bbox 2238 1587 2318 1655; x_wconf 79' lang='grc' dir='ltr'>τῷ</span> <span class='ocrx_word' id='word_1_410' title='bbox 2364 1582 2531 1653; x_wconf 80' lang='grc' dir='ltr'>αὐτῆς</span> <span class='ocrx_word' id='word_1_411' title='bbox 2578 1581 2738 1644; x_wconf 81' lang='grc' dir='ltr'>τέλος</span> <span class='ocrx_word' id='word_1_412' title='bbox 2791 1578 2977 1637; x_wconf 87' lang='grc' dir='ltr'>λαϐεῖν</span> <span class='ocrx_word' id='word_1_413' title='bbox 3029 1583 3128 1637; x_wconf 89' lang='grc' dir='ltr'>οὑκ</span> <span class='ocrx_word' id='word_1_414' title='bbox 3180 1580 3317 1658; x_wconf 82' lang='grc' dir='ltr'>ἔχει.</span> <span class='ocrx_word' id='word_1_415' title='bbox 3364 1582 3522 1639; x_wconf 84' lang='grc' dir='ltr'>Ἀλλ’</span> <span class='ocrx_word' id='word_1_416' title='bbox 3571 1582 3701 1647; x_wconf 69' lang='grc' dir='ltr'>ἴσως</span> 
     </span>
    </p>
   </div>
   <div class='ocr_carea' id='block_1_59' title="bbox 2056 1666 3704 1748">
    <p class='ocr_par' dir='ltr' id='par_1_59' title="bbox 2056 1666 3704 1748">
     <span class='ocr_line' id='line_1_59' title="bbox 2056 1666 3704 1748; baseline 0.001 -22"><span class='ocrx_word' id='word_1_417' title='bbox 2056 1671 2168 1747; x_wconf 73' lang='grc' dir='ltr'>ἐρεῖ</span> <span class='ocrx_word' id='word_1_418' title='bbox 2200 1675 2347 1730; x_wconf 74' lang='grc'>237</span> <span class='ocrx_word' id='word_1_419' title='bbox 2401 1694 2483 1733; x_wconf 88' lang='grc' dir='ltr'>τις</span> <span class='ocrx_word' id='word_1_420' title='bbox 2518 1672 2691 1744; x_wconf 87' lang='grc' dir='ltr'>ὑμῶν·</span> <span class='ocrx_word' id='word_1_421' title='bbox 2735 1666 2933 1732; x_wconf 82' lang='grc' dir='ltr'>Φοϐεῖς</span> <span class='ocrx_word' id='word_1_422' title='bbox 2988 1673 3157 1744; x_wconf 80' lang='grc' dir='ltr'>ἡμᾶς,</span> <span class='ocrx_word' id='word_1_423' title='bbox 3212 1674 3395 1748; x_wconf 84' lang='grc' dir='ltr'>Πέτρε.</span> <span class='ocrx_word' id='word_1_424' title='bbox 3452 1670 3704 1743; x_wconf 75' lang='grc' dir='ltr'>Διδάξατε</span> 
     </span>
    </p>
   </div>
   <div class='ocr_carea' id='block_1_60' title="bbox 2055 1757 3701 1834">
    <p class='ocr_par' dir='ltr' id='par_1_60' title="bbox 2055 1757 3701 1834">
     <span class='ocr_line' id='line_1_60' title="bbox 2055 1757 3701 1834; baseline 0.001 -20"><span class='ocrx_word' id='word_1_425' title='bbox 2055 1759 2145 1814; x_wconf 76' lang='grc' dir='ltr'>οὖν</span> <span class='ocrx_word' id='word_1_426' title='bbox 2206 1764 2373 1833; x_wconf 78' lang='grc' dir='ltr'>ἡμᾶς,</span> <span class='ocrx_word' id='word_1_427' title='bbox 2436 1765 2690 1831; x_wconf 79' lang='grc' dir='ltr'>σιγῶντες</span> <span class='ocrx_word' id='word_1_428' title='bbox 2767 1760 2997 1834; x_wconf 78' lang='grc' dir='ltr'>ἐροῦμεν</span> <span class='ocrx_word' id='word_1_429' title='bbox 3068 1762 3135 1815; x_wconf 72' lang='grc' dir='ltr'>τὰ</span> <span class='ocrx_word' id='word_1_430' title='bbox 3210 1757 3339 1817; x_wconf 76' lang='grc' dir='ltr'>ὅντα</span> <span class='ocrx_word' id='word_1_431' title='bbox 3405 1762 3482 1823; x_wconf 85' lang='grc' dir='ltr'>ὡς</span> <span class='ocrx_word' id='word_1_432' title='bbox 3539 1760 3701 1829; x_wconf 78' lang='grc' dir='ltr'>ἔστιν,</span> 
     </span>
    </p>
   </div>
   <div class='ocr_carea' id='block_1_61' title="bbox 2058 1847 3700 1925">
    <p class='ocr_par' dir='ltr' id='par_1_61' title="bbox 2058 1847 3700 1925">
     <span class='ocr_line' id='line_1_61' title="bbox 2058 1847 3700 1925; baseline -0.001 -20"><span class='ocrx_word' id='word_1_433' title='bbox 2058 1849 2247 1912; x_wconf 82' lang='grc' dir='ltr'>ἄλλως</span> <span class='ocrx_word' id='word_1_434' title='bbox 2276 1851 2378 1925; x_wconf 78' lang='grc' dir='ltr'>γὰρ</span> <span class='ocrx_word' id='word_1_435' title='bbox 2434 1850 2567 1904; x_wconf 69' lang='grc' dir='ltr'>αὐτὰ</span> <span class='ocrx_word' id='word_1_436' title='bbox 2617 1850 2743 1922; x_wconf 88' lang='grc' dir='ltr'>ὑμῖν</span> <span class='ocrx_word' id='word_1_437' title='bbox 2795 1848 3077 1921; x_wconf 84' lang='grc' dir='ltr'>σημαίνειν</span> <span class='ocrx_word' id='word_1_438' title='bbox 3129 1849 3190 1903; x_wconf 85' lang='grc' dir='ltr'>οὐ</span> <span class='ocrx_word' id='word_1_439' title='bbox 3244 1847 3533 1923; x_wconf 83' lang='grc' dir='ltr'>δυνάμεθα.</span> <span class='ocrx_word' id='word_1_440' title='bbox 3584 1851 3700 1904; x_wconf 76' lang='grc' dir='ltr'>Ἐάν</span> 
     </span>
    </p>
   </div>
   <div class='ocr_carea' id='block_1_62' title="bbox 2055 1935 3702 2014">
    <p class='ocr_par' dir='ltr' id='par_1_62' title="bbox 2055 1935 3702 2014">
     <span class='ocr_line' id='line_1_62' title="bbox 2055 1935 3702 2014; baseline -0.001 -21"><span class='ocrx_word' id='word_1_441' title='bbox 2055 1960 2113 1993; x_wconf 90' lang='grc' dir='ltr'>τε</span> <span class='ocrx_word' id='word_1_442' title='bbox 2161 1940 2494 2014; x_wconf 69' lang='grc' dir='ltr'>σιγήσωμεν,</span> <span class='ocrx_word' id='word_1_443' title='bbox 2544 1935 2881 2013; x_wconf 69' lang='grc' dir='ltr'>ἐνεδρεύεσθε</span> <span class='ocrx_word' id='word_1_444' title='bbox 2935 1938 3037 1992; x_wconf 87' lang='grc' dir='ltr'>ὑπὸ</span> <span class='ocrx_word' id='word_1_445' title='bbox 3094 1942 3201 1993; x_wconf 90' lang='grc' dir='ltr'>τῶν</span> <span class='ocrx_word' id='word_1_446' title='bbox 3253 1943 3430 1993; x_wconf 81' lang='grc' dir='ltr'>κακῶν</span> <span class='ocrx_word' id='word_1_447' title='bbox 3482 1935 3571 1992; x_wconf 81' lang='grc' dir='ltr'>διὰ</span> <span class='ocrx_word' id='word_1_448' title='bbox 3604 1940 3702 2005; x_wconf 73' lang='grc' dir='ltr'>τὴν</span> 
     </span>
    </p>
   </div>
   <div class='ocr_carea' id='block_1_63' title="bbox 2058 2024 3709 2102">
    <p class='ocr_par' dir='ltr' id='par_1_63' title="bbox 2058 2024 3709 2102">
     <span class='ocr_line' id='line_1_63' title="bbox 2058 2024 3709 2102; baseline -0.001 -21"><span class='ocrx_word' id='word_1_449' title='bbox 2058 2025 2301 2102; x_wconf 81' lang='grc' dir='ltr'>ἄγνοιαν·</span> <span class='ocrx_word' id='word_1_450' title='bbox 2352 2027 2438 2081; x_wconf 80' lang='grc' dir='ltr'>ἐάν</span> <span class='ocrx_word' id='word_1_451' title='bbox 2472 2048 2530 2081; x_wconf 89' lang='grc' dir='ltr'>τε</span> <span class='ocrx_word' id='word_1_452' title='bbox 2583 2025 2938 2099; x_wconf 64' lang='grc' dir='ltr'>λαλήσωμεθ,</span> <span class='ocrx_word' id='word_1_453' title='bbox 2994 2026 3067 2088; x_wconf 85' lang='grc' dir='ltr'>ὡς</span> <span class='ocrx_word' id='word_1_454' title='bbox 3108 2025 3195 2081; x_wconf 81' lang='grc' dir='ltr'>ἐπὶ</span> <span class='ocrx_word' id='word_1_455' title='bbox 3225 2024 3412 2101; x_wconf 77' lang='grc' dir='ltr'>ψευδεῖ</span> <span class='ocrx_word' id='word_1_456' title='bbox 3463 2026 3709 2082; x_wconf 81' lang='grc' dir='ltr'>ὑποθέσει</span> 
     </span>
    </p>
   </div>
   <div class='ocr_carea' id='block_1_64' title="bbox 2057 2111 3710 2194">
    <p class='ocr_par' dir='ltr' id='par_1_64' title="bbox 2057 2111 3710 2194">
     <span class='ocr_line' id='line_1_64' title="bbox 2057 2111 3710 2194; baseline -0.001 -24"><span class='ocrx_word' id='word_1_457' title='bbox 2057 2111 2350 2194; x_wconf 78' lang='grc' dir='ltr'>φοϐοῦντες</span> <span class='ocrx_word' id='word_1_458' title='bbox 2386 2116 2525 2189; x_wconf 76' lang='grc' dir='ltr'>ὑμᾶς</span> <span class='ocrx_word' id='word_1_459' title='bbox 2560 2115 2992 2188; x_wconf 86' lang='grc' dir='ltr'>ὑποπτευόμεθα.</span> <span class='ocrx_word' id='word_1_460' title='bbox 3046 2120 3169 2177; x_wconf 86' lang='grc' dir='ltr'>Πῶς</span> <span class='ocrx_word' id='word_1_461' title='bbox 3201 2114 3291 2169; x_wconf 83' lang='grc' dir='ltr'>οὖν</span> <span class='ocrx_word' id='word_1_462' title='bbox 3345 2114 3627 2188; x_wconf 75' lang='grc' dir='ltr'>ἐπᾴσωμεν</span> <span class='ocrx_word' id='word_1_463' title='bbox 3664 2119 3710 2153; x_wconf 78' lang='grc'>⁹³</span> 
     </span>
    </p>
   </div>
   <div class='ocr_carea' id='block_1_65' title="bbox 2054 2201 3707 2280">
    <p class='ocr_par' dir='ltr' id='par_1_65' title="bbox 2054 2201 3707 2280">
     <span class='ocr_line' id='line_1_65' title="bbox 2054 2201 3707 2280; baseline -0.001 -21"><span class='ocrx_word' id='word_1_464' title='bbox 2054 2204 2133 2278; x_wconf 82' lang='grc' dir='ltr'>τῷ</span> <span class='ocrx_word' id='word_1_465' title='bbox 2167 2204 2243 2267; x_wconf 80' lang='grc' dir='ltr'>εἷς</span> <span class='ocrx_word' id='word_1_466' title='bbox 2271 2206 2369 2273; x_wconf 82' lang='grc' dir='ltr'>τήν</span> <span class='ocrx_word' id='word_1_467' title='bbox 2407 2203 2665 2280; x_wconf 84' lang='grc' dir='ltr'>ὑμετέραν</span> <span class='ocrx_word' id='word_1_468' title='bbox 2717 2204 2867 2274; x_wconf 82' lang='grc' dir='ltr'>κακῷ</span> <span class='ocrx_word' id='word_1_469' title='bbox 2920 2201 3306 2279; x_wconf 80' lang='grc' dir='ltr'>ἐνδομυχοῦντι</span> <span class='ocrx_word' id='word_1_470' title='bbox 3354 2204 3444 2259; x_wconf 86' lang='grc' dir='ltr'>καὶ</span> <span class='ocrx_word' id='word_1_471' title='bbox 3476 2203 3707 2279; x_wconf 67' lang='grc' dir='ltr'>πανοῦρ-</span> 
     </span>
    </p>
   </div>
   <div class='ocr_carea' id='block_1_66' title="bbox 2055 2291 3709 2369">
    <p class='ocr_par' dir='ltr' id='par_1_66' title="bbox 2055 2291 3709 2369">
     <span class='ocr_line' id='line_1_66' title="bbox 2055 2291 3709 2369; baseline -0.001 -21"><span class='ocrx_word' id='word_1_472' title='bbox 2055 2315 2167 2369; x_wconf 86' lang='grc' dir='ltr'>γως</span> <span class='ocrx_word' id='word_1_473' title='bbox 2223 2293 2602 2368; x_wconf 86' lang='grc' dir='ltr'>ὑποσπείροντι</span> <span class='ocrx_word' id='word_1_474' title='bbox 2655 2292 2782 2365; x_wconf 88' lang='grc' dir='ltr'>ὑμῖν</span> <span class='ocrx_word' id='word_1_475' title='bbox 2834 2292 2930 2353; x_wconf 80' lang='grc' dir='ltr'>τὰς</span> <span class='ocrx_word' id='word_1_476' title='bbox 2980 2296 3096 2363; x_wconf 86' lang='grc' dir='ltr'>Θεῷ</span> <span class='ocrx_word' id='word_1_477' title='bbox 3138 2291 3527 2368; x_wconf 79' lang='grc' dir='ltr'>ἐχθραινούσας</span> <span class='ocrx_word' id='word_1_478' title='bbox 3579 2292 3709 2347; x_wconf 90' lang='grc' dir='ltr'>ὑπο-</span> 
     </span>
    </p>
   </div>
   <div class='ocr_carea' id='block_1_67' title="bbox 2054 2378 3710 2460">
    <p class='ocr_par' dir='ltr' id='par_1_67' title="bbox 2054 2378 3710 2460">
     <span class='ocr_line' id='line_1_67' title="bbox 2054 2378 3710 2460; baseline -0.002 -23"><span class='ocrx_word' id='word_1_479' title='bbox 2054 2382 2204 2444; x_wconf 86' lang='grc' dir='ltr'>νοίας</span> <span class='ocrx_word' id='word_1_480' title='bbox 2237 2384 2503 2460; x_wconf 79' lang='grc' dir='ltr'>προφάσει</span> <span class='ocrx_word' id='word_1_481' title='bbox 2531 2388 2631 2450; x_wconf 81' lang='grc' dir='ltr'>τῆς</span> <span class='ocrx_word' id='word_1_482' title='bbox 2673 2381 2809 2456; x_wconf 87' lang='grc' dir='ltr'>πρὸς</span> <span class='ocrx_word' id='word_1_483' title='bbox 2856 2380 2984 2436; x_wconf 86' lang='grc' dir='ltr'>Θεὸν</span> <span class='ocrx_word' id='word_1_484' title='bbox 3027 2379 3212 2458; x_wconf 79' lang='grc' dir='ltr'>φιλίας</span> <span class='ocrx_word' id='word_1_485' title='bbox 3243 2384 3289 2418; x_wconf 70' lang='grc'><strong>⁸⁸</strong></span> <span class='ocrx_word' id='word_1_486' title='bbox 3322 2397 3337 2450; x_wconf 83' lang='lat'><strong>;</strong></span> <span class='ocrx_word' id='word_1_487' title='bbox 3370 2378 3710 2455; x_wconf 75' lang='grc' dir='ltr'>Διαλλάγητε</span> 
     </span>
    </p>
   </div>
   <div class='ocr_carea' id='block_1_68' title="bbox 2057 2468 3709 2546">
    <p class='ocr_par' dir='ltr' id='par_1_68' title="bbox 2057 2468 3709 2546">
     <span class='ocr_line' id='line_1_68' title="bbox 2057 2468 3709 2546; baseline 0.018 -22"><span class='ocrx_word' id='word_1_488' title='bbox 2057 2472 2285 2532; x_wconf 73' lang='grc' dir='ltr'>ἑαυτοῖς·</span> <span class='ocrx_word' id='word_1_489' title='bbox 2342 2472 2472 2544; x_wconf 75' lang='grc' dir='ltr'>ὑπὲρ</span> <span class='ocrx_word' id='word_1_490' title='bbox 2526 2472 2627 2546; x_wconf 81' lang='grc' dir='ltr'>γὰρ</span> <span class='ocrx_word' id='word_1_491' title='bbox 2684 2472 2783 2539; x_wconf 69' lang='grc' dir='ltr'>τῆς</span> <span class='ocrx_word' id='word_1_492' title='bbox 2844 2470 2993 2542; x_wconf 79' lang='grc' dir='ltr'>ὑμῶν</span> <span class='ocrx_word' id='word_1_493' title='bbox 3049 2470 3322 2545; x_wconf 73' lang='grc' dir='ltr'>σωτηρίας</span> <span class='ocrx_word' id='word_1_494' title='bbox 3366 2468 3571 2546; x_wconf 78' lang='grc' dir='ltr'>γίνεται</span> <span class='ocrx_word' id='word_1_495' title='bbox 3603 2472 3709 2539; x_wconf 56' lang='grc' dir='ltr'><strong>πή</strong></span> 
     </span>
    </p>
   </div>
   <div class='ocr_carea' id='block_1_69' title="bbox 2061 2555 3709 2634">
    <p class='ocr_par' dir='ltr' id='par_1_69' title="bbox 2061 2555 3709 2634">
     <span class='ocr_line' id='line_1_69' title="bbox 2061 2555 3709 2634; baseline -0.002 -19"><span class='ocrx_word' id='word_1_496' title='bbox 2061 2562 2194 2633; x_wconf 76' lang='grc' dir='ltr'>μετὰ</span> <span class='ocrx_word' id='word_1_497' title='bbox 2243 2559 2485 2620; x_wconf 79' lang='grc' dir='ltr'>εὐποιίας</span> <span class='ocrx_word' id='word_1_498' title='bbox 2517 2559 2654 2634; x_wconf 86' lang='grc' dir='ltr'>πρὸς</span> <span class='ocrx_word' id='word_1_499' title='bbox 2703 2556 2862 2612; x_wconf 84' lang='grc' dir='ltr'>αυτὸν</span> <span class='ocrx_word' id='word_1_500' title='bbox 2913 2560 3215 2634; x_wconf 74' lang='grc' dir='ltr'>καταφυγή.</span> <span class='ocrx_word' id='word_1_501' title='bbox 3264 2559 3475 2633; x_wconf 84' lang='grc' dir='ltr'>Ἐχθρα</span> <span class='ocrx_word' id='word_1_502' title='bbox 3517 2560 3561 2594; x_wconf 79' lang='grc'>⁹⁶</span> <span class='ocrx_word' id='word_1_503' title='bbox 3600 2555 3709 2612; x_wconf 83' lang='grc' dir='ltr'>ἔστι</span> 
     </span>
    </p>
   </div>
   <div class='ocr_carea' id='block_1_70' title="bbox 2058 2645 3709 2724">
    <p class='ocr_par' dir='ltr' id='par_1_70' title="bbox 2058 2645 3709 2724">
     <span class='ocr_line' id='line_1_70' title="bbox 2058 2645 3709 2724; baseline -0.002 -20"><span class='ocrx_word' id='word_1_504' title='bbox 2058 2654 2175 2721; x_wconf 83' lang='grc' dir='ltr'>Θεῷ</span> <span class='ocrx_word' id='word_1_505' title='bbox 2205 2648 2256 2703; x_wconf 79' lang='grc' dir='ltr'>ἐν</span> <span class='ocrx_word' id='word_1_506' title='bbox 2285 2649 2412 2722; x_wconf 80' lang='grc' dir='ltr'>ὑμῖν</span> <span class='ocrx_word' id='word_1_507' title='bbox 2444 2645 2647 2723; x_wconf 76' lang='grc' dir='ltr'>ἄλογος</span> <span class='ocrx_word' id='word_1_508' title='bbox 2681 2646 2960 2719; x_wconf 82' lang='grc' dir='ltr'>ἐπιθυμία,</span> <span class='ocrx_word' id='word_1_509' title='bbox 2996 2646 3224 2718; x_wconf 83' lang='grc' dir='ltr'>ὑπονοίᾳ</span> <span class='ocrx_word' id='word_1_510' title='bbox 3252 2645 3357 2722; x_wconf 86' lang='grc' dir='ltr'>γάρ</span> <span class='ocrx_word' id='word_1_511' title='bbox 3397 2649 3709 2724; x_wconf 77' lang='grc' dir='ltr'>φρονήσεως</span> 
     </span>
    </p>
   </div>
   <div class='ocr_carea' id='block_1_71' title="bbox 2056 2734 2711 2813">
    <p class='ocr_par' dir='ltr' id='par_1_71' title="bbox 2056 2734 2711 2813">
     <span class='ocr_line' id='line_1_71' title="bbox 2056 2734 2711 2813; baseline -0.003 -20"><span class='ocrx_word' id='word_1_512' title='bbox 2056 2739 2156 2807; x_wconf 80' lang='grc' dir='ltr'>τήν</span> <span class='ocrx_word' id='word_1_513' title='bbox 2186 2734 2402 2813; x_wconf 75' lang='grc' dir='ltr'>ἄγνοιαν</span> <span class='ocrx_word' id='word_1_514' title='bbox 2436 2735 2711 2812; x_wconf 79' lang='grc' dir='ltr'>κρατύνει.</span> 
     </span>
    </p>
   </div>
   <div class='ocr_carea' id='block_1_72' title="bbox 2129 2911 3709 2990">
    <p class='ocr_par' dir='ltr' id='par_1_72' title="bbox 2129 2911 3709 2990">
     <span class='ocr_line' id='line_1_72' title="bbox 2129 2911 3709 2990; baseline -0.004 -18"><span class='ocrx_word' id='word_1_515' title='bbox 2129 2917 2245 2973; x_wconf 87' lang='lat' dir='ltr'>XII.</span> <span class='ocrx_word' id='word_1_516' title='bbox 2284 2912 2485 2970; x_wconf 76' lang='grc' dir='ltr'>νΔλλοι</span> <span class='ocrx_word' id='word_1_517' title='bbox 2542 2911 2599 2969; x_wconf 80' lang='grc' dir='ltr'>δὲ</span> <span class='ocrx_word' id='word_1_518' title='bbox 2642 2911 2908 2990; x_wconf 78' lang='grc' dir='ltr'>λέγουσιν’</span> <span class='ocrx_word' id='word_1_519' title='bbox 2963 2912 3036 2967; x_wconf 73' lang='grc' dir='ltr'>Οὐ</span> <span class='ocrx_word' id='word_1_520' title='bbox 3084 2911 3433 2990; x_wconf 67' lang='grc' dir='ltr'>πεφρόθτικεν</span> <span class='ocrx_word' id='word_1_521' title='bbox 3484 2913 3641 2985; x_wconf 74' lang='grc' dir='ltr'>ἡμῶν</span> <span class='ocrx_word' id='word_1_522' title='bbox 3681 2911 3709 2966; x_wconf 88' lang='lat'>6</span> 
     </span>
    </p>
   </div>
   <div class='ocr_carea' id='block_1_73' title="bbox 2064 2998 3711 3078">
    <p class='ocr_par' dir='ltr' id='par_1_73' title="bbox 2064 2998 3711 3078">
     <span class='ocr_line' id='line_1_73' title="bbox 2064 2998 3711 3078; baseline -0.003 -17"><span class='ocrx_word' id='word_1_523' title='bbox 2064 3004 2216 3066; x_wconf 86' lang='grc' dir='ltr'>Θεός.</span> <span class='ocrx_word' id='word_1_524' title='bbox 2264 3003 2361 3059; x_wconf 85' lang='grc' dir='ltr'>Καὶ</span> <span class='ocrx_word' id='word_1_525' title='bbox 2418 3007 2580 3058; x_wconf 80' lang='grc' dir='ltr'>τοῦτο</span> <span class='ocrx_word' id='word_1_526' title='bbox 2638 3000 2834 3077; x_wconf 67' lang='grc' dir='ltr'>ψεῦδός</span> <span class='ocrx_word' id='word_1_527' title='bbox 2891 3002 3055 3058; x_wconf 83' lang='grc' dir='ltr'>ἐστιν.</span> <span class='ocrx_word' id='word_1_528' title='bbox 3114 3002 3178 3056; x_wconf 82' lang='grc' dir='ltr'>Εἰ</span> <span class='ocrx_word' id='word_1_529' title='bbox 3235 3002 3334 3078; x_wconf 73' lang='grc' dir='ltr'>γὰρ</span> <span class='ocrx_word' id='word_1_530' title='bbox 3392 2998 3561 3063; x_wconf 80' lang='grc' dir='ltr'>ὄντως</span> <span class='ocrx_word' id='word_1_531' title='bbox 3612 3000 3711 3056; x_wconf 78' lang='grc' dir='ltr'>οὐκ</span> 
     </span>
    </p>
   </div>
   <div class='ocr_carea' id='block_1_74' title="bbox 2060 3087 3701 3172">
    <p class='ocr_par' dir='ltr' id='par_1_74' title="bbox 2060 3087 3701 3172">
     <span class='ocr_line' id='line_1_74' title="bbox 2060 3087 3701 3172; baseline -0.004 -23"><span class='ocrx_word' id='word_1_532' title='bbox 2060 3093 2383 3172; x_wconf 76' lang='grc' dir='ltr'>ἐφρόντιζεν,</span> <span class='ocrx_word' id='word_1_533' title='bbox 2436 3091 2534 3147; x_wconf 82' lang='grc' dir='ltr'>οὐκ</span> <span class='ocrx_word' id='word_1_534' title='bbox 2577 3091 2634 3146; x_wconf 78' lang='grc' dir='ltr'>ἃν</span> <span class='ocrx_word' id='word_1_535' title='bbox 2687 3089 2812 3147; x_wconf 75' lang='grc' dir='ltr'>οὐδὲ</span> <span class='ocrx_word' id='word_1_536' title='bbox 2854 3089 2946 3146; x_wconf 80' lang='grc' dir='ltr'>τὸν</span> <span class='ocrx_word' id='word_1_537' title='bbox 3000 3089 3159 3160; x_wconf 72' lang='grc' dir='ltr'>ἥλιον</span> <span class='ocrx_word' id='word_1_538' title='bbox 3206 3089 3370 3145; x_wconf 77' lang='grc' dir='ltr'>αὐτοῦ</span> <span class='ocrx_word' id='word_1_539' title='bbox 3416 3087 3701 3145; x_wconf 87' lang='grc' dir='ltr'>ἀνέτελλεν</span> 
     </span>
    </p>
   </div>
   <div class='ocr_carea' id='block_1_75' title="bbox 2059 3176 3711 3259">
    <p class='ocr_par' dir='ltr' id='par_1_75' title="bbox 2059 3176 3711 3259">
     <span class='ocr_line' id='line_1_75' title="bbox 2059 3176 3711 3259; baseline -0.003 -22"><span class='ocrx_word' id='word_1_540' title='bbox 2059 3182 2145 3237; x_wconf 81' lang='grc' dir='ltr'>ἐπὶ</span> <span class='ocrx_word' id='word_1_541' title='bbox 2206 3180 2436 3259; x_wconf 78' lang='grc' dir='ltr'>ἀγαθοὺς</span> <span class='ocrx_word' id='word_1_542' title='bbox 2491 3180 2581 3235; x_wconf 83' lang='grc' dir='ltr'>καὶ</span> <span class='ocrx_word' id='word_1_543' title='bbox 2659 3180 2956 3254; x_wconf 80' lang='grc' dir='ltr'>πονηροὺς,</span> <span class='ocrx_word' id='word_1_544' title='bbox 3013 3176 3135 3235; x_wconf 70' lang='grc' dir='ltr'>οὔτε</span> <span class='ocrx_word' id='word_1_545' title='bbox 3188 3180 3278 3234; x_wconf 90' lang='grc' dir='ltr'>τὸν</span> <span class='ocrx_word' id='word_1_546' title='bbox 3340 3179 3489 3234; x_wconf 84' lang='grc' dir='ltr'>ὑετὸν</span> <span class='ocrx_word' id='word_1_547' title='bbox 3546 3177 3711 3234; x_wconf 75' lang='grc' dir='ltr'>αὐτοῦ</span> 
     </span>
    </p>
   </div>
   <div class='ocr_carea' id='block_1_76' title="bbox 2056 3266 3707 3345">
    <p class='ocr_par' dir='ltr' id='par_1_76' title="bbox 2056 3266 3707 3345">
     <span class='ocr_line' id='line_1_76' title="bbox 2056 3266 3707 3345; baseline -0.002 -19"><span class='ocrx_word' id='word_1_548' title='bbox 2056 3269 2195 3345; x_wconf 81' lang='grc' dir='ltr'>ἔερεν</span> <span class='ocrx_word' id='word_1_549' title='bbox 2258 3270 2343 3325; x_wconf 75' lang='grc' dir='ltr'>ἐπὶ</span> <span class='ocrx_word' id='word_1_550' title='bbox 2400 3268 2639 3332; x_wconf 84' lang='grc' dir='ltr'>δικαίους</span> <span class='ocrx_word' id='word_1_551' title='bbox 2658 3271 2747 3324; x_wconf 81' lang='grc' dir='ltr'>καὶ</span> <span class='ocrx_word' id='word_1_552' title='bbox 2807 3267 3042 3332; x_wconf 85' lang='grc' dir='ltr'>ἀδίκους.</span> <span class='ocrx_word' id='word_1_553' title='bbox 3074 3272 3286 3344; x_wconf 83' lang='grc' dir='ltr'>’Έτεροι</span> <span class='ocrx_word' id='word_1_554' title='bbox 3329 3266 3385 3323; x_wconf 74' lang='grc' dir='ltr'>δὲ</span> <span class='ocrx_word' id='word_1_555' title='bbox 3434 3266 3707 3343; x_wconf 80' lang='grc' dir='ltr'>λέγουσιν’</span> 
     </span>
    </p>
   </div>
   <div class='ocr_carea' id='block_1_77' title="bbox 2057 3355 3710 3434">
    <p class='ocr_par' dir='ltr' id='par_1_77' title="bbox 2057 3355 3710 3434">
     <span class='ocr_line' id='line_1_77' title="bbox 2057 3355 3710 3434; baseline -0.002 -20"><span class='ocrx_word' id='word_1_556' title='bbox 2057 3355 2438 3434; x_wconf 78' lang='grc' dir='ltr'>Εὑσεϐέστεροί</span> <span class='ocrx_word' id='word_1_557' title='bbox 2488 3358 2667 3431; x_wconf 72' lang='grc' dir='ltr'>ἔσμεν,</span> <span class='ocrx_word' id='word_1_558' title='bbox 2715 3358 2806 3413; x_wconf 88' lang='grc' dir='ltr'>καὶ</span> <span class='ocrx_word' id='word_1_559' title='bbox 2858 3359 3016 3415; x_wconf 80' lang='grc' dir='ltr'>αὑτὸν</span> <span class='ocrx_word' id='word_1_560' title='bbox 3066 3359 3156 3412; x_wconf 79' lang='grc' dir='ltr'>καὶ</span> <span class='ocrx_word' id='word_1_561' title='bbox 3200 3360 3267 3412; x_wconf 82' lang='grc' dir='ltr'>τὰ</span> <span class='ocrx_word' id='word_1_562' title='bbox 3306 3355 3597 3432; x_wconf 82' lang='grc' dir='ltr'>ἀγάλματα</span> <span class='ocrx_word' id='word_1_563' title='bbox 3627 3358 3710 3411; x_wconf 81' lang='grc' dir='ltr'>σέ-</span> 
     </span>
    </p>
   </div>
   <div class='ocr_carea' id='block_1_78' title="bbox 2060 3445 3709 3523">
    <p class='ocr_par' dir='ltr' id='par_1_78' title="bbox 2060 3445 3709 3523">
     <span class='ocr_line' id='line_1_78' title="bbox 2060 3445 3709 3523; baseline -0.003 -19"><span class='ocrx_word' id='word_1_564' title='bbox 2060 3445 2265 3511; x_wconf 88' lang='grc' dir='ltr'>ϐοντες.</span> <span class='ocrx_word' id='word_1_565' title='bbox 2301 3449 2410 3504; x_wconf 83' lang='grc' dir='ltr'>Οὐκ</span> <span class='ocrx_word' id='word_1_566' title='bbox 2441 3450 2617 3522; x_wconf 77' lang='grc' dir='ltr'>οἶμαι,</span> <span class='ocrx_word' id='word_1_567' title='bbox 2651 3447 2696 3503; x_wconf 73' lang='grc' dir='ltr'>εἰ</span> <span class='ocrx_word' id='word_1_568' title='bbox 2726 3451 2886 3502; x_wconf 79' lang='grc' dir='ltr'>τοῦτο</span> <span class='ocrx_word' id='word_1_569' title='bbox 2922 3446 3094 3523; x_wconf 82' lang='grc' dir='ltr'>λέγων</span> <span class='ocrx_word' id='word_1_570' title='bbox 3138 3468 3221 3509; x_wconf 88' lang='grc' dir='ltr'>τις</span> <span class='ocrx_word' id='word_1_571' title='bbox 3254 3449 3297 3484; x_wconf 68' lang='grc'><strong>9⁷</strong></span> <span class='ocrx_word' id='word_1_572' title='bbox 3336 3446 3445 3522; x_wconf 70' lang='grc' dir='ltr'>ἐρεῖ</span> <span class='ocrx_word' id='word_1_573' title='bbox 3478 3445 3709 3521; x_wconf 87' lang='grc' dir='ltr'>βασιλεῖ·</span> 
     </span>
    </p>
   </div>
   <div class='ocr_carea' id='block_1_79' title="bbox 2060 3534 3714 3610">
    <p class='ocr_par' dir='ltr' id='par_1_79' title="bbox 2060 3534 3714 3610">
     <span class='ocr_line' id='line_1_79' title="bbox 2060 3534 3714 3610; baseline -0.002 -18"><span class='ocrx_word' id='word_1_574' title='bbox 2060 3542 2166 3608; x_wconf 75' lang='grc' dir='ltr'>Τὴν</span> <span class='ocrx_word' id='word_1_575' title='bbox 2201 3536 2321 3607; x_wconf 64' lang='grc' dir='ltr'>ἴσην</span> <span class='ocrx_word' id='word_1_576' title='bbox 2376 3560 2459 3593; x_wconf 92' lang='grc' dir='ltr'>σοι</span> <span class='ocrx_word' id='word_1_577' title='bbox 2510 3536 2769 3610; x_wconf 81' lang='grc' dir='ltr'>ἀπονέμω</span> <span class='ocrx_word' id='word_1_578' title='bbox 2827 3537 3017 3609; x_wconf 77' lang='grc' dir='ltr'>τιμὴν,</span> <span class='ocrx_word' id='word_1_579' title='bbox 3072 3534 3185 3590; x_wconf 64' lang='grc' dir='ltr'>οἵαν</span> <span class='ocrx_word' id='word_1_580' title='bbox 3238 3535 3473 3597; x_wconf 79' lang='grc' dir='ltr'>καὶτοῖς</span> <span class='ocrx_word' id='word_1_581' title='bbox 3504 3541 3714 3610; x_wconf 84' lang='grc' dir='ltr'>νεκροῖς</span> 
     </span>
    </p>
   </div>
   <div class='ocr_carea' id='block_1_80' title="bbox 2063 3621 3715 3702">
    <p class='ocr_par' dir='ltr' id='par_1_80' title="bbox 2063 3621 3715 3702">
     <span class='ocr_line' id='line_1_80' title="bbox 2063 3621 3715 3702; baseline -0.004 -20"><span class='ocrx_word' id='word_1_582' title='bbox 2063 3628 2153 3683; x_wconf 82' lang='grc' dir='ltr'>καὶ</span> <span class='ocrx_word' id='word_1_583' title='bbox 2192 3632 2260 3700; x_wconf 81' lang='grc' dir='ltr'>τῇ</span> <span class='ocrx_word' id='word_1_584' title='bbox 2310 3630 2353 3663; x_wconf 70' lang='grc'>9⁸</span> <span class='ocrx_word' id='word_1_585' title='bbox 2404 3626 2704 3702; x_wconf 73' lang='grc' dir='ltr'>ἐρῥιμμένῃ</span> <span class='ocrx_word' id='word_1_586' title='bbox 2750 3624 2970 3699; x_wconf 73' lang='grc' dir='ltr'>κοπρίᾳο</span> <span class='ocrx_word' id='word_1_587' title='bbox 3031 3624 3129 3679; x_wconf 80' lang='grc' dir='ltr'>οὐκ</span> <span class='ocrx_word' id='word_1_588' title='bbox 3186 3621 3375 3696; x_wconf 80' lang='grc' dir='ltr'>οἷόμαι</span> <span class='ocrx_word' id='word_1_589' title='bbox 3431 3624 3475 3679; x_wconf 83' lang='grc' dir='ltr'>εἰ</span> <span class='ocrx_word' id='word_1_590' title='bbox 3533 3623 3715 3685; x_wconf 87' lang='grc' dir='ltr'>καλῶς</span> 
     </span>
    </p>
   </div>
   <div class='ocr_carea' id='block_1_81' title="bbox 2066 3710 3717 3790">
    <p class='ocr_par' dir='ltr' id='par_1_81' title="bbox 2066 3710 3717 3790">
     <span class='ocr_line' id='line_1_81' title="bbox 2066 3710 3717 3790; baseline -0.003 -20"><span class='ocrx_word' id='word_1_591' title='bbox 2066 3715 2516 3790; x_wconf 75' lang='grc' dir='ltr'>ἀπαλλαγήσεται</span> <span class='ocrx_word' id='word_1_592' title='bbox 2562 3718 2625 3771; x_wconf 70' lang='grc'>⁸9.</span> <span class='ocrx_word' id='word_1_593' title='bbox 2674 3713 2828 3769; x_wconf 83' lang='grc' dir='ltr'>Ἀλλ’</span> <span class='ocrx_word' id='word_1_594' title='bbox 2874 3713 2984 3788; x_wconf 78' lang='grc' dir='ltr'>ἐρεῖ</span> <span class='ocrx_word' id='word_1_595' title='bbox 3028 3732 3130 3775; x_wconf 83' lang='grc' dir='ltr'>τις’</span> <span class='ocrx_word' id='word_1_596' title='bbox 3166 3712 3405 3788; x_wconf 88' lang='grc' dir='ltr'>Κοπρίαν</span> <span class='ocrx_word' id='word_1_597' title='bbox 3448 3710 3619 3787; x_wconf 85' lang='grc' dir='ltr'>λέγεις</span> <span class='ocrx_word' id='word_1_598' title='bbox 3650 3712 3717 3765; x_wconf 74' lang='grc' dir='ltr'>τα</span> 
     </span>
    </p>
   </div>
   <div class='ocr_carea' id='block_1_82' title="bbox 2070 3799 3719 3880">
    <p class='ocr_par' dir='ltr' id='par_1_82' title="bbox 2070 3799 3719 3880">
     <span class='ocr_line' id='line_1_82' title="bbox 2070 3799 3719 3880; baseline -0.004 -21"><span class='ocrx_word' id='word_1_599' title='bbox 2070 3799 2377 3877; x_wconf 80' lang='grc' dir='ltr'>σεϐάσματα</span> <span class='ocrx_word' id='word_1_600' title='bbox 2408 3806 2568 3876; x_wconf 82' lang='grc' dir='ltr'>ἡμῶν</span> <span class='ocrx_word' id='word_1_601' title='bbox 2618 3803 2717 3857; x_wconf 82' lang='grc' dir='ltr'>Ναί</span> <span class='ocrx_word' id='word_1_602' title='bbox 2770 3824 2936 3880; x_wconf 74' lang='grc' dir='ltr'>φημι,</span> <span class='ocrx_word' id='word_1_603' title='bbox 2989 3799 3239 3877; x_wconf 78' lang='grc' dir='ltr'>ἄχρηστα</span> <span class='ocrx_word' id='word_1_604' title='bbox 3282 3802 3385 3877; x_wconf 83' lang='grc' dir='ltr'>γὰρ</span> <span class='ocrx_word' id='word_1_605' title='bbox 3426 3801 3553 3874; x_wconf 89' lang='grc' dir='ltr'>ὑμῖν</span> <span class='ocrx_word' id='word_1_606' title='bbox 3583 3800 3719 3855; x_wconf 82' lang='grc' dir='ltr'>αὖτὰ</span> 
     </span>
    </p>
   </div>
   <div class='ocr_carea' id='block_1_83' title="bbox 2072 3886 3716 3965">
    <p class='ocr_par' dir='ltr' id='par_1_83' title="bbox 2072 3886 3716 3965">
     <span class='ocr_line' id='line_1_83' title="bbox 2072 3886 3716 3965; baseline -0.004 -18"><span class='ocrx_word' id='word_1_607' title='bbox 2072 3892 2387 3964; x_wconf 75' lang='grc' dir='ltr'>ἐποιήσατε,</span> <span class='ocrx_word' id='word_1_608' title='bbox 2448 3892 2523 3955; x_wconf 83' lang='grc' dir='ltr'>εἷς</span> <span class='ocrx_word' id='word_1_609' title='bbox 2574 3892 2637 3947; x_wconf 87' lang='grc' dir='ltr'>τὸ</span> <span class='ocrx_word' id='word_1_610' title='bbox 2696 3886 2868 3946; x_wconf 86' lang='grc' dir='ltr'>σέϐειν</span> <span class='ocrx_word' id='word_1_611' title='bbox 2919 3891 3439 3965; x_wconf 74' lang='grc' dir='ltr'>καταριθμήσαντες,</span> <span class='ocrx_word' id='word_1_612' title='bbox 3470 3896 3570 3959; x_wconf 82' lang='grc' dir='ltr'>τῆς</span> <span class='ocrx_word' id='word_1_613' title='bbox 3624 3886 3716 3942; x_wconf 78' lang='grc' dir='ltr'>οὑ-</span> 
     </span>
    </p>
   </div>
   <div class='ocr_carea' id='block_1_84' title="bbox 1662 4134 2351 4192">
    <p class='ocr_par' dir='ltr' id='par_1_84' title="bbox 1662 4134 2351 4192">
     <span class='ocr_line' id='line_1_84' title="bbox 1662 4134 2351 4192; baseline 0.003 -3"><span class='ocrx_word' id='word_1_614' title='bbox 1662 4135 1902 4191; x_wconf 70' lang='grc' dir='ltr'>νΑΒΙᾹΕ</span> <span class='ocrx_word' id='word_1_615' title='bbox 1942 4134 2351 4192; x_wconf 83' lang='lat' dir='ltr'>LECTIONES.</span> 
     </span>
    </p>
   </div>
   <div class='ocr_carea' id='block_1_85' title="bbox 386 4248 3723 4327">
    <p class='ocr_par' dir='ltr' id='par_1_85' title="bbox 386 4248 3723 4327">
     <span class='ocr_line' id='line_1_85' title="bbox 386 4248 3723 4327; baseline 0.001 -25"><span class='ocrx_word' id='word_1_616' title='bbox 386 4251 424 4327; x_wconf 67' lang='lat'>_°‘</span> <span class='ocrx_word' id='word_1_617' title='bbox 456 4250 483 4302; x_wconf 82' lang='lat'>6</span> <span class='ocrx_word' id='word_1_618' title='bbox 516 4251 731 4327; x_wconf 86' lang='lat' dir='ltr'>inserui</span> <span class='ocrx_word' id='word_1_619' title='bbox 764 4268 813 4307; x_wconf 92' lang='lat' dir='ltr'>c.</span> <span class='ocrx_word' id='word_1_620' title='bbox 846 4256 910 4327; x_wconf 78' lang='grc' dir='ltr'><strong>ρ.</strong></span> <span class='ocrx_word' id='word_1_621' title='bbox 943 4253 988 4327; x_wconf 54' lang='grc' dir='ltr'>θῗ</span> <span class='ocrx_word' id='word_1_622' title='bbox 1016 4248 1120 4327; x_wconf 71' lang='grc' dir='ltr'>ἕξιν</span> <span class='ocrx_word' id='word_1_623' title='bbox 1157 4253 1309 4322; x_wconf 91' lang='lat' dir='ltr'>conj.</span> <span class='ocrx_word' id='word_1_624' title='bbox 1344 4256 1406 4305; x_wconf 92' lang='lat' dir='ltr'>D.</span> <span class='ocrx_word' id='word_1_625' title='bbox 1434 4255 1557 4327; x_wconf 89' lang='lat' dir='ltr'>_Ego</span> <span class='ocrx_word' id='word_1_626' title='bbox 1590 4253 1789 4327; x_wconf 87' lang='lat' dir='ltr'>malim</span> <span class='ocrx_word' id='word_1_627' title='bbox 1839 4258 2050 4327; x_wconf 80' lang='grc' dir='ltr'>κρᾶσιν,</span> <span class='ocrx_word' id='word_1_628' title='bbox 2095 4254 2249 4324; x_wconf 91' lang='lat' dir='ltr'>quod</span> <span class='ocrx_word' id='word_1_629' title='bbox 2300 4252 2541 4325; x_wconf 88' lang='lat' dir='ltr'>propius</span> <span class='ocrx_word' id='word_1_630' title='bbox 2584 4252 2821 4327; x_wconf 10' lang='lat' dir='ltr'>accedit?</span> <span class='ocrx_word' id='word_1_631' title='bbox 2853 4252 2923 4327; x_wconf 74' lang='lat' dir='ltr'>ad</span> <span class='ocrx_word' id='word_1_632' title='bbox 2954 4248 3645 4327; x_wconf 75' lang='lat' dir='ltr'>lectionem__vulga_tam,_</span> <span class='ocrx_word' id='word_1_633' title='bbox 3665 4254 3723 4306; x_wconf 91' lang='lat' dir='ltr'>et</span> 
     </span>
    </p>
   </div>
   <div class='ocr_carea' id='block_1_86' title="bbox 316 4320 3718 4450">
    <p class='ocr_par' dir='ltr' id='par_1_86' title="bbox 316 4320 3718 4450">
     <span class='ocr_line' id='line_1_86' title="bbox 316 4320 3718 4450; baseline -0 -75"><span class='ocrx_word' id='word_1_634' title='bbox 316 4321 489 4376; x_wconf 87' lang='lat' dir='ltr'>ﬁdem</span> <span class='ocrx_word' id='word_1_635' title='bbox 524 4323 735 4393; x_wconf 89' lang='lat' dir='ltr'>accipit</span> <span class='ocrx_word' id='word_1_636' title='bbox 759 4340 825 4377; x_wconf 83' lang='lat' dir='ltr'>ex</span> <span class='ocrx_word' id='word_1_637' title='bbox 858 4320 1064 4379; x_wconf 78' lang='lat' dir='ltr'>Ruﬁni</span> <span class='ocrx_word' id='word_1_638' title='bbox 1082 4320 1558 4395; x_wconf 76' lang='lat' dir='ltr'>interpretatione</span> <span class='ocrx_word' id='word_1_639' title='bbox 1614 4324 1756 4405; x_wconf 75' lang='lat' dir='ltr'>bac:</span> <span class='ocrx_word' id='word_1_640' title='bbox 1791 4320 1935 4380; x_wconf 60' lang='lat' dir='ltr'>nam</span> <span class='ocrx_word' id='word_1_641' title='bbox 1984 4320 2270 4413; x_wconf 62' lang='lat' dir='ltr'>temperies</span> <span class='ocrx_word' id='word_1_642' title='bbox 2301 4320 2638 4383; x_wconf 48' lang='lat' dir='ltr'>_zenieraiur.</span> <span class='ocrx_word' id='word_1_643' title='bbox 2689 4324 2748 4380; x_wconf 89' lang='lat' dir='ltr'>S.</span> <span class='ocrx_word' id='word_1_644' title='bbox 2782 4325 2826 4358; x_wconf 82' lang='grc'>⁹³</span> <span class='ocrx_word' id='word_1_645' title='bbox 2870 4320 3138 4450; x_wconf 58' lang='grc' dir='ltr'>ἐπάσοέεν</span> <span class='ocrx_word' id='word_1_646' title='bbox 3172 4322 3236 4377; x_wconf 92' lang='lat'>0.</span> <span class='ocrx_word' id='word_1_647' title='bbox 3268 4323 3314 4357; x_wconf 71' lang='grc'>⁸⁸</span> <span class='ocrx_word' id='word_1_648' title='bbox 3345 4320 3438 4377; x_wconf 70' lang='lat' dir='ltr'>Ita</span> <span class='ocrx_word' id='word_1_649' title='bbox 3464 4322 3549 4391; x_wconf 85' lang='lat'>0.,</span> <span class='ocrx_word' id='word_1_650' title='bbox 3580 4323 3718 4393; x_wconf 81' lang='grc' dir='ltr'><strong>τῇ...</strong></span> 
     </span>
     <span class='ocr_line' id='line_1_87' title="bbox 319 4390 3718 4450; baseline -0 0"><span class='ocrx_word' id='word_1_651' title='bbox 319 4390 475 4450; x_wconf 72' lang='grc' dir='ltr'>φιλία</span> <span class='ocrx_word' id='word_1_652' title='bbox 506 4394 590 4450; x_wconf 83' lang='lat'>0..</span> <span class='ocrx_word' id='word_1_653' title='bbox 622 4398 686 4450; x_wconf 90' lang='grc' dir='ltr'>Ο.</span> <span class='ocrx_word' id='word_1_654' title='bbox 717 4396 761 4432; x_wconf 69' lang='grc'>9⁸</span> <span class='ocrx_word' id='word_1_655' title='bbox 788 4393 989 4450; x_wconf 76' lang='grc' dir='ltr'>γίνεται</span> <span class='ocrx_word' id='word_1_656' title='bbox 1012 4413 1129 4450; x_wconf 87' lang='lat' dir='ltr'>om.</span> <span class='ocrx_word' id='word_1_657' title='bbox 1160 4395 1223 4450; x_wconf 92' lang='lat'>0.</span> <span class='ocrx_word' id='word_1_658' title='bbox 1259 4396 1302 4430; x_wconf 71' lang='grc'>9⁸</span> <span class='ocrx_word' id='word_1_659' title='bbox 1335 4396 1488 4450; x_wconf 88' lang='lat' dir='ltr'>Fort.</span> <span class='ocrx_word' id='word_1_660' title='bbox 1523 4397 1895 4450; x_wconf 83' lang='lat' dir='ltr'>scribendum</span> <span class='ocrx_word' id='word_1_661' title='bbox 1930 4395 2124 4450; x_wconf 81' lang='grc' dir='ltr'>ἐγθοα.</span> <span class='ocrx_word' id='word_1_662' title='bbox 2162 4397 2246 4450; x_wconf 91' lang='lat' dir='ltr'>vel</span> <span class='ocrx_word' id='word_1_663' title='bbox 2279 4397 2612 4450; x_wconf 89' lang='lat' dir='ltr'>addendum</span> <span class='ocrx_word' id='word_1_664' title='bbox 2642 4396 2676 4450; x_wconf 76' lang='grc' dir='ltr'>ἠ</span> <span class='ocrx_word' id='word_1_665' title='bbox 2711 4400 2840 4450; x_wconf 78' lang='lat' dir='ltr'>post</span> <span class='ocrx_word' id='word_1_666' title='bbox 2894 4397 3007 4450; x_wconf 82' lang='grc' dir='ltr'>Θεῶ</span> <span class='ocrx_word' id='word_1_667' title='bbox 3084 4436 3096 4447; x_wconf 93' lang='grc'>.</span> <span class='ocrx_word' id='word_1_668' title='bbox 3129 4395 3171 4430; x_wconf 71' lang='grc'>⁸⁷</span> <span class='ocrx_word' id='word_1_669' title='bbox 3200 4413 3279 4450; x_wconf 83' lang='grc' dir='ltr'>τις</span> <span class='ocrx_word' id='word_1_670' title='bbox 3329 4394 3462 4449; x_wconf 89' lang='lat' dir='ltr'>add.</span> <span class='ocrx_word' id='word_1_671' title='bbox 3497 4410 3546 4449; x_wconf 88' lang='lat' dir='ltr'>c.</span> <span class='ocrx_word' id='word_1_672' title='bbox 3587 4394 3651 4449; x_wconf 90' lang='lat'>0.</span> <span class='ocrx_word' id='word_1_673' title='bbox 3680 4394 3718 4428; x_wconf 71' lang='grc'>⁸⁸</span> 
     </span>
    </p>
   </div>
   <div class='ocr_carea' id='block_1_87' title="bbox 319 4390 1997 4522">
    <p class='ocr_par' dir='ltr' id='par_1_87' title="bbox 319 4390 1997 4522">
     <span class='ocr_line' id='line_1_88' title="bbox 319 4390 1997 4522; baseline 0.004 -77"><span class='ocrx_word' id='word_1_674' title='bbox 319 4390 475 4476; x_wconf 49' lang='grc' dir='ltr'>φιλίᾳ</span> <span class='ocrx_word' id='word_1_675' title='bbox 506 4394 590 4460; x_wconf 84' lang='lat'>0.,</span> <span class='ocrx_word' id='word_1_676' title='bbox 717 4396 761 4432; x_wconf 71' lang='grc'>9⁸</span> <span class='ocrx_word' id='word_1_677' title='bbox 788 4393 989 4469; x_wconf 76' lang='grc' dir='ltr'>γίνεται</span> <span class='ocrx_word' id='word_1_678' title='bbox 1012 4413 1129 4451; x_wconf 89' lang='lat' dir='ltr'>om.</span> <span class='ocrx_word' id='word_1_679' title='bbox 1151 4390 1302 4477; x_wconf 41' lang='lat'>0.-96</span> <span class='ocrx_word' id='word_1_680' title='bbox 1335 4396 1488 4450; x_wconf 87' lang='lat' dir='ltr'>Fort.</span> <span class='ocrx_word' id='word_1_681' title='bbox 1523 4395 1909 4477; x_wconf 38' lang='lat' dir='ltr'>scribendum.</span> <span class='ocrx_word' id='word_1_682' title='bbox 1930 4395 1997 4522; x_wconf 49' lang='grc' dir='ltr'>ἐξ</span> 
     </span>
     <span class='ocr_line' id='line_1_89' title="bbox 319 4466 1953 4522; baseline 0 0"><span class='ocrx_word' id='word_1_683' title='bbox 319 4485 383 4522; x_wconf 83' lang='grc' dir='ltr'>τη</span> <span class='ocrx_word' id='word_1_684' title='bbox 418 4483 669 4522; x_wconf 83' lang='lat' dir='ltr'>renosm.</span> <span class='ocrx_word' id='word_1_685' title='bbox 704 4474 1012 4522; x_wconf 76' lang='lat' dir='ltr'>postquam</span> <span class='ocrx_word' id='word_1_686' title='bbox 1044 4467 1331 4522; x_wconf 80' lang='lat' dir='ltr'>exeiderat</span> <span class='ocrx_word' id='word_1_687' title='bbox 1363 4483 1455 4522; x_wconf 84' lang='lat' dir='ltr'>an.</span> <span class='ocrx_word' id='word_1_688' title='bbox 1488 4466 1569 4521; x_wconf 91' lang='lat' dir='ltr'>Cl.</span> <span class='ocrx_word' id='word_1_689' title='bbox 1605 4468 1737 4522; x_wconf 88' lang='lat' dir='ltr'>etS.</span> <span class='ocrx_word' id='word_1_690' title='bbox 1772 4468 1953 4522; x_wconf 84' lang='lat' dir='ltr'>Subin</span> 
     </span>
    </p>
   </div>
   <div class='ocr_carea' id='block_1_88' title="bbox 316 4466 1953 4540">
    <p class='ocr_par' dir='ltr' id='par_1_88' title="bbox 316 4466 1953 4540">
     <span class='ocr_line' id='line_1_90' title="bbox 316 4466 1953 4540; baseline 0.004 -23"><span class='ocrx_word' id='word_1_691' title='bbox 316 4466 383 4537; x_wconf 67' lang='grc' dir='ltr'>τῇ</span> <span class='ocrx_word' id='word_1_692' title='bbox 418 4466 669 4535; x_wconf 88' lang='lat' dir='ltr'>reposui,</span> <span class='ocrx_word' id='word_1_693' title='bbox 704 4466 1012 4540; x_wconf 83' lang='lat' dir='ltr'>postquam</span> <span class='ocrx_word' id='word_1_694' title='bbox 1044 4467 1331 4523; x_wconf 83' lang='lat' dir='ltr'>exciderat</span> <span class='ocrx_word' id='word_1_695' title='bbox 1363 4483 1455 4539; x_wconf 91' lang='lat' dir='ltr'>ap.</span> <span class='ocrx_word' id='word_1_696' title='bbox 1488 4466 1569 4521; x_wconf 91' lang='lat' dir='ltr'>Cl.</span> <span class='ocrx_word' id='word_1_697' title='bbox 1605 4468 1737 4522; x_wconf 88' lang='lat' dir='ltr'>etS.</span> <span class='ocrx_word' id='word_1_698' title='bbox 1772 4468 1953 4523; x_wconf 90' lang='lat' dir='ltr'>Subin</span> 
     </span>
    </p>
   </div>
   <div class='ocr_carea' id='block_1_89' title="bbox 2001 4397 2612 4470">
    <p class='ocr_par' dir='ltr' id='par_1_89' title="bbox 2001 4397 2612 4470">
     <span class='ocr_line' id='line_1_91' title="bbox 2001 4397 2612 4470; baseline 0 0"><span class='ocrx_word' id='word_1_699' title='bbox 2001 4397 2248 4470; x_wconf 65' lang='grc' dir='ltr'>θρᾴ,,νει</span> <span class='ocrx_word' id='word_1_700' title='bbox 2279 4397 2612 4470; x_wconf 64' lang='lat' dir='ltr'>addendum</span> 
     </span>
    </p>
   </div>
   <div class='ocr_carea' id='block_1_90' title="bbox 2002 4464 2907 4544">
    <p class='ocr_par' dir='ltr' id='par_1_90' title="bbox 2002 4464 2907 4544">
     <span class='ocr_line' id='line_1_92' title="bbox 2002 4464 2907 4544; baseline -0.003 -21"><span class='ocrx_word' id='word_1_701' title='bbox 2002 4464 2043 4523; x_wconf 61' lang='lat' dir='ltr'>e&#39;</span> <span class='ocrx_word' id='word_1_702' title='bbox 2066 4464 2321 4544; x_wconf 73' lang='grc' dir='ltr'>ἐρῥιμένῃ</span> <span class='ocrx_word' id='word_1_703' title='bbox 2351 4469 2416 4523; x_wconf 93' lang='grc' dir='ltr'>Ο.</span> <span class='ocrx_word' id='word_1_704' title='bbox 2446 4469 2489 4503; x_wconf 80' lang='grc'>⁹⁹</span> <span class='ocrx_word' id='word_1_705' title='bbox 2518 4464 2815 4537; x_wconf 69' lang='grc' dir='ltr'>ἀπαλλάξει</span> <span class='ocrx_word' id='word_1_706' title='bbox 2846 4466 2907 4520; x_wconf 85' lang='lat' dir='ltr'>C.</span> 
     </span>
    </p>
   </div>
   <div class='ocr_carea' id='block_1_91' title="bbox 2711 4394 3722 4465">
    <p class='ocr_par' dir='ltr' id='par_1_91' title="bbox 2711 4394 3722 4465">
     <span class='ocr_line' id='line_1_93' title="bbox 2711 4394 3722 4465; baseline 0 -16"><span class='ocrx_word' id='word_1_707' title='bbox 2711 4400 2840 4465; x_wconf 86' lang='lat' dir='ltr'>post</span> <span class='ocrx_word' id='word_1_708' title='bbox 2894 4397 3007 4465; x_wconf 84' lang='grc' dir='ltr'>Θεῷ</span> <span class='ocrx_word' id='word_1_709' title='bbox 3039 4394 3096 4450; x_wconf 89' lang='lat' dir='ltr'>S.</span> <span class='ocrx_word' id='word_1_710' title='bbox 3129 4395 3171 4430; x_wconf 72' lang='lat'>’7</span> <span class='ocrx_word' id='word_1_711' title='bbox 3200 4413 3279 4455; x_wconf 86' lang='grc' dir='ltr'>τις</span> <span class='ocrx_word' id='word_1_712' title='bbox 3329 4394 3462 4449; x_wconf 83' lang='lat' dir='ltr'>add.</span> <span class='ocrx_word' id='word_1_713' title='bbox 3497 4410 3546 4449; x_wconf 89' lang='lat' dir='ltr'>c.</span> <span class='ocrx_word' id='word_1_714' title='bbox 3587 4394 3651 4449; x_wconf 89' lang='grc' dir='ltr'>Ο.</span> <span class='ocrx_word' id='word_1_715' title='bbox 3680 4394 3722 4428; x_wconf 67' lang='grc'>⁸³</span> 
     </span>
    </p>
   </div>
   <div class='ocr_carea' id='block_1_92' title="bbox 1692 4590 2341 4648">
    <p class='ocr_par' dir='ltr' id='par_1_92' title="bbox 1692 4590 2341 4648">
     <span class='ocr_line' id='line_1_94' title="bbox 1692 4590 2341 4648; baseline 0.002 -4"><span class='ocrx_word' id='word_1_716' title='bbox 1692 4590 2069 4648; x_wconf 82' lang='lat' dir='ltr'>VARIORUM</span> <span class='ocrx_word' id='word_1_717' title='bbox 2108 4591 2341 4647; x_wconf 70' lang='lat' dir='ltr'>NOTAE.</span> 
     </span>
    </p>
   </div>
   <div class='ocr_carea' id='block_1_93' title="bbox 397 4686 1962 4763">
    <p class='ocr_par' dir='ltr' id='par_1_93' title="bbox 397 4686 1962 4763">
     <span class='ocr_line' id='line_1_95' title="bbox 397 4686 1962 4763; baseline 0 -18"><span class='ocrx_word' id='word_1_718' title='bbox 397 4692 507 4763; x_wconf 80' lang='lat'>(32)</span> <span class='ocrx_word' id='word_1_719' title='bbox 539 4686 822 4763; x_wconf 79' lang='grc' dir='ltr'>’ᾼθάνατος</span> <span class='ocrx_word' id='word_1_720' title='bbox 868 4688 985 4763; x_wconf 18' lang='grc' dir='ltr'>γὰρ*</span> <span class='ocrx_word' id='word_1_721' title='bbox 1016 4690 1050 4756; x_wconf 78' lang='grc' dir='ltr'>ἡ</span> <span class='ocrx_word' id='word_1_722' title='bbox 1110 4689 1286 4763; x_wconf 72' lang='grc' dir='ltr'>ψυχή.</span> <span class='ocrx_word' id='word_1_723' title='bbox 1349 4687 1421 4743; x_wconf 90' lang='lat' dir='ltr'>Ut</span> <span class='ocrx_word' id='word_1_724' title='bbox 1466 4688 1779 4763; x_wconf 87' lang='lat' dir='ltr'>Clementis</span> <span class='ocrx_word' id='word_1_725' title='bbox 1829 4706 1962 4745; x_wconf 90' lang='lat' dir='ltr'>sen-</span> 
     </span>
    </p>
   </div>
   <div class='ocr_carea' id='block_1_94' title="bbox 322 4760 1961 4829">
    <p class='ocr_par' dir='ltr' id='par_1_94' title="bbox 322 4760 1961 4829">
     <span class='ocr_line' id='line_1_96' title="bbox 322 4760 1961 4829; baseline -0.001 -12"><span class='ocrx_word' id='word_1_726' title='bbox 322 4760 505 4817; x_wconf 87' lang='lat' dir='ltr'>tentia</span> <span class='ocrx_word' id='word_1_727' title='bbox 535 4761 745 4816; x_wconf 88' lang='lat' dir='ltr'>citatur</span> <span class='ocrx_word' id='word_1_728' title='bbox 778 4779 809 4816; x_wconf 88' lang='lat' dir='ltr'>a</span> <span class='ocrx_word' id='word_1_729' title='bbox 841 4760 1112 4829; x_wconf 56' lang='lat' dir='ltr'>Masimo,</span> <span class='ocrx_word' id='word_1_730' title='bbox 1148 4760 1409 4815; x_wconf 83' lang='lat' dir='ltr'>Locorum</span> <span class='ocrx_word' id='word_1_731' title='bbox 1439 4762 1812 4815; x_wconf 78' lang='lat' dir='ltr'>communium</span> <span class='ocrx_word' id='word_1_732' title='bbox 1844 4778 1961 4816; x_wconf 90' lang='lat' dir='ltr'>ser-</span> 
     </span>
    </p>
   </div>
   <div class='ocr_carea' id='block_1_95' title="bbox 325 4831 1963 4898">
    <p class='ocr_par' dir='ltr' id='par_1_95' title="bbox 325 4831 1963 4898">
     <span class='ocr_line' id='line_1_97' title="bbox 325 4831 1963 4898; baseline -0.001 -9"><span class='ocrx_word' id='word_1_733' title='bbox 325 4851 496 4889; x_wconf 83' lang='lat' dir='ltr'>mone</span> <span class='ocrx_word' id='word_1_734' title='bbox 524 4834 614 4898; x_wconf 85' lang='lat'>53,</span> <span class='ocrx_word' id='word_1_735' title='bbox 649 4839 709 4888; x_wconf 87' lang='lat' dir='ltr'>ut</span> <span class='ocrx_word' id='word_1_736' title='bbox 744 4832 1052 4887; x_wconf 87' lang='lat' dir='ltr'>Clementis</span> <span class='ocrx_word' id='word_1_737' title='bbox 1088 4831 1428 4895; x_wconf 85' lang='lat' dir='ltr'>Romani,in</span> <span class='ocrx_word' id='word_1_738' title='bbox 1460 4832 1817 4887; x_wconf 90' lang='lat' dir='ltr'>Damasceno</span> <span class='ocrx_word' id='word_1_739' title='bbox 1851 4850 1963 4887; x_wconf 90' lang='lat' dir='ltr'>ms.</span> 
     </span>
    </p>
   </div>
   <div class='ocr_carea' id='block_1_96' title="bbox 321 4901 1965 4976">
    <p class='ocr_par' dir='ltr' id='par_1_96' title="bbox 321 4901 1965 4976">
     <span class='ocr_line' id='line_1_98' title="bbox 321 4901 1965 4976; baseline -0.003 -16"><span class='ocrx_word' id='word_1_740' title='bbox 321 4921 452 4976; x_wconf 88' lang='lat' dir='ltr'>cap.</span> <span class='ocrx_word' id='word_1_741' title='bbox 491 4903 823 4976; x_wconf 69' lang='grc' dir='ltr'>Ιῐερῖψυχῆς</span> <span class='ocrx_word' id='word_1_742' title='bbox 874 4901 970 4976; x_wconf 65' lang='grc' dir='ltr'>καὶ⁸</span> <span class='ocrx_word' id='word_1_743' title='bbox 995 4904 1218 4976; x_wconf 36' lang='grc' dir='ltr'>νοῦκελά</span> <span class='ocrx_word' id='word_1_744' title='bbox 1268 4903 1713 4976; x_wconf 41' lang='grc' dir='ltr'>ὴιιοολωοᾶυπι</span> <span class='ocrx_word' id='word_1_745' title='bbox 1751 4920 1779 4976; x_wconf 60' lang='grc' dir='ltr'>Δς</span> <span class='ocrx_word' id='word_1_746' title='bbox 1808 4903 1965 4955; x_wconf 73' lang='grc' dir='ltr'>Ἀθά-</span> 
     </span>
    </p>
   </div>
   <div class='ocr_carea' id='block_1_97' title="bbox 321 4966 1964 5048">
    <p class='ocr_par' dir='ltr' id='par_1_97' title="bbox 321 4966 1964 5048">
     <span class='ocr_line' id='line_1_99' title="bbox 321 4966 1964 5048; baseline -0.001 -20"><span class='ocrx_word' id='word_1_747' title='bbox 321 4966 472 5028; x_wconf 66' lang='grc' dir='ltr'>νατοι</span> <span class='ocrx_word' id='word_1_748' title='bbox 502 4966 664 5028; x_wconf 61' lang='grc' dir='ltr'>πάσαὶ</span> <span class='ocrx_word' id='word_1_749' title='bbox 686 4966 999 5048; x_wconf 25' lang='grc' dir='ltr'>Δάῖψυχσιὶ,</span> <span class='ocrx_word' id='word_1_750' title='bbox 1050 4966 1137 5027; x_wconf 77' lang='grc' dir='ltr'>καὶ</span> <span class='ocrx_word' id='word_1_751' title='bbox 1182 4977 1288 5048; x_wconf 77' lang='grc' dir='ltr'>τῶν</span> <span class='ocrx_word' id='word_1_752' title='bbox 1323 4966 1568 5048; x_wconf 71' lang='grc' dir='ltr'>ἀσεϐῶν,</span> <span class='ocrx_word' id='word_1_753' title='bbox 1600 4971 1964 5048; x_wconf 26' lang='grc' dir='ltr'>ἀἷςμᾶμεινον</span> 
     </span>
    </p>
   </div>
   <div class='ocr_carea' id='block_1_98' title="bbox 322 5042 1967 5123">
    <p class='ocr_par' dir='ltr' id='par_1_98' title="bbox 322 5042 1967 5123">
     <span class='ocr_line' id='line_1_100' title="bbox 322 5042 1967 5123; baseline 0 -24"><span class='ocrx_word' id='word_1_754' title='bbox 322 5048 502 5123; x_wconf 33' lang='grc' dir='ltr'>ᾔνρμὴ</span> <span class='ocrx_word' id='word_1_755' title='bbox 562 5042 861 5123; x_wconf 73' lang='grc' dir='ltr'>ἀφθάρτους</span> <span class='ocrx_word' id='word_1_756' title='bbox 889 5042 1071 5123; x_wconf 54' lang='lat' dir='ltr'>&quot;alvei.</span> <span class='ocrx_word' id='word_1_757' title='bbox 1124 5042 1491 5123; x_wconf 83' lang='grc' dir='ltr'>Κολαζόμεναι</span> <span class='ocrx_word' id='word_1_758' title='bbox 1533 5043 1654 5123; x_wconf 60' lang='grc' dir='ltr'>χάρ</span> <span class='ocrx_word' id='word_1_759' title='bbox 1715 5042 1816 5123; x_wconf 19' lang='grc' dir='ltr'>ὑπίρ</span> <span class='ocrx_word' id='word_1_760' title='bbox 1871 5049 1967 5099; x_wconf 72' lang='grc' dir='ltr'>τοῦ</span> 
     </span>
    </p>
   </div>
   <div class='ocr_carea' id='block_1_99' title="bbox 325 5114 1970 5191">
    <p class='ocr_par' dir='ltr' id='par_1_99' title="bbox 325 5114 1970 5191">
     <span class='ocr_line' id='line_1_101' title="bbox 325 5114 1970 5191; baseline -0.002 -18"><span class='ocrx_word' id='word_1_761' title='bbox 325 5114 583 5173; x_wconf 70' lang='grc' dir='ltr'>ἀσϐέστου</span> <span class='ocrx_word' id='word_1_762' title='bbox 610 5114 781 5188; x_wconf 68' lang='grc' dir='ltr'>πυρὸς</span> <span class='ocrx_word' id='word_1_763' title='bbox 833 5116 1112 5191; x_wconf 78' lang='grc' dir='ltr'>ἀπεράντῳ</span> <span class='ocrx_word' id='word_1_764' title='bbox 1157 5114 1660 5191; x_wconf 43' lang='grc' dir='ltr'>τιμωρίᾳ,ηκαὶ’μῇ</span> <span class='ocrx_word' id='word_1_765' title='bbox 1707 5117 1970 5191; x_wconf 62' lang='grc' dir='ltr'>θνήσκου-</span> 
     </span>
    </p>
   </div>
   <div class='ocr_carea' id='block_1_100' title="bbox 325 5138 1967 5261">
    <p class='ocr_par' dir='ltr' id='par_1_100' title="bbox 325 5138 1967 5261">
     <span class='ocr_line' id='line_1_102' title="bbox 325 5138 1967 5191; baseline -0.001 -18"><span class='ocrx_word' id='word_1_766' title='bbox 325 5138 583 5173; x_wconf 78' lang='grc' dir='ltr'>ασοεστου</span> <span class='ocrx_word' id='word_1_767' title='bbox 614 5138 781 5188; x_wconf 82' lang='grc' dir='ltr'>πυρος</span> <span class='ocrx_word' id='word_1_768' title='bbox 833 5138 1112 5190; x_wconf 83' lang='grc' dir='ltr'>ἀπεραντῳ</span> <span class='ocrx_word' id='word_1_769' title='bbox 1157 5138 1208 5169; x_wconf 87' lang='grc' dir='ltr'>τι</span> <span class='ocrx_word' id='word_1_770' title='bbox 1261 5138 1416 5191; x_wconf 75' lang='grc' dir='ltr'>ωριᾳ,</span> <span class='ocrx_word' id='word_1_771' title='bbox 1460 5138 1549 5168; x_wconf 85' lang='grc' dir='ltr'>και</span> <span class='ocrx_word' id='word_1_772' title='bbox 1585 5138 1660 5187; x_wconf 82' lang='grc' dir='ltr'>μη</span> <span class='ocrx_word' id='word_1_773' title='bbox 1707 5138 1967 5185; x_wconf 81' lang='grc' dir='ltr'>υνησκου-</span> 
     </span>
     <span class='ocr_line' id='line_1_103' title="bbox 325 5138 1967 5261; baseline -0.001 -17"><span class='ocrx_word' id='word_1_774' title='bbox 325 5211 431 5256; x_wconf 80' lang='grc' dir='ltr'>σαι,</span> <span class='ocrx_word' id='word_1_775' title='bbox 467 5189 551 5243; x_wconf 71' lang='grc' dir='ltr'>ἐπὶ</span> <span class='ocrx_word' id='word_1_776' title='bbox 582 5193 731 5259; x_wconf 75' lang='grc' dir='ltr'>κακῷ</span> <span class='ocrx_word' id='word_1_777' title='bbox 786 5192 863 5259; x_wconf 76' lang='grc' dir='ltr'>τῷ</span> <span class='ocrx_word' id='word_1_778' title='bbox 916 5187 1115 5241; x_wconf 70' lang='grc' dir='ltr'>ἑαυτῶν</span> <span class='ocrx_word' id='word_1_779' title='bbox 1156 5138 1312 5248; x_wconf 57' lang='grc' dir='ltr'>τέλος</span> <span class='ocrx_word' id='word_1_780' title='bbox 1357 5180 1542 5240; x_wconf 86' lang='grc' dir='ltr'>λαϐεῖν</span> <span class='ocrx_word' id='word_1_781' title='bbox 1590 5187 1687 5241; x_wconf 76' lang='grc' dir='ltr'>οὐκ</span> <span class='ocrx_word' id='word_1_782' title='bbox 1731 5185 1967 5261; x_wconf 81' lang='grc' dir='ltr'>ἔχουσιν.</span> 
     </span>
    </p>
   </div>
   <div class='ocr_carea' id='block_1_101' title="bbox 323 5262 1973 5332">
    <p class='ocr_par' dir='ltr' id='par_1_101' title="bbox 323 5262 1973 5332">
     <span class='ocr_line' id='line_1_104' title="bbox 323 5262 1973 5332; baseline -0.002 -14"><span class='ocrx_word' id='word_1_783' title='bbox 323 5264 661 5318; x_wconf 71' lang='lat' dir='ltr'>[mmortales</span> <span class='ocrx_word' id='word_1_784' title='bbox 693 5278 873 5316; x_wconf 77' lang='lat' dir='ltr'>omnes</span> <span class='ocrx_word' id='word_1_785' title='bbox 903 5262 1109 5315; x_wconf 68' lang='lat' dir='ltr'>animae</span> <span class='ocrx_word' id='word_1_786' title='bbox 1138 5265 1286 5327; x_wconf 80' lang='lat' dir='ltr'>sunt,</span> <span class='ocrx_word' id='word_1_787' title='bbox 1315 5262 1492 5332; x_wconf 83' lang='lat' dir='ltr'>etiam</span> <span class='ocrx_word' id='word_1_788' title='bbox 1512 5262 1973 5332; x_wconf 84' lang='lat' dir='ltr'>impiorum,qui-</span> 
     </span>
    </p>
   </div>
   <div class='ocr_carea' id='block_1_102' title="bbox 327 5331 1969 5402">
    <p class='ocr_par' dir='ltr' id='par_1_102' title="bbox 327 5331 1969 5402">
     <span class='ocr_line' id='line_1_105' title="bbox 327 5331 1969 5402; baseline -0.001 -13"><span class='ocrx_word' id='word_1_789' title='bbox 327 5338 426 5390; x_wconf 75' lang='lat' dir='ltr'>bus</span> <span class='ocrx_word' id='word_1_790' title='bbox 457 5337 659 5389; x_wconf 81' lang='lat' dir='ltr'>melius</span> <span class='ocrx_word' id='word_1_791' title='bbox 688 5342 824 5388; x_wconf 78' lang='lat' dir='ltr'>esset</span> <span class='ocrx_word' id='word_1_792' title='bbox 855 5348 962 5386; x_wconf 86' lang='lat' dir='ltr'>non</span> <span class='ocrx_word' id='word_1_793' title='bbox 1010 5348 1121 5387; x_wconf 73' lang='lat' dir='ltr'>esse</span> <span class='ocrx_word' id='word_1_794' title='bbox 1150 5331 1495 5402; x_wconf 82' lang='lat' dir='ltr'>corruptioni</span> <span class='ocrx_word' id='word_1_795' title='bbox 1524 5348 1635 5387; x_wconf 87' lang='lat' dir='ltr'>non</span> <span class='ocrx_word' id='word_1_796' title='bbox 1686 5331 1969 5388; x_wconf 59' lang='lat' dir='ltr'>obnoxias.</span> 
     </span>
    </p>
   </div>
   <div class='ocr_carea' id='block_1_103' title="bbox 325 5405 1972 5477">
    <p class='ocr_par' dir='ltr' id='par_1_103' title="bbox 325 5405 1972 5477">
     <span class='ocr_line' id='line_1_106' title="bbox 325 5405 1972 5477; baseline -0.002 -16"><span class='ocrx_word' id='word_1_797' title='bbox 325 5408 462 5462; x_wconf 85' lang='lat' dir='ltr'>Nam</span> <span class='ocrx_word' id='word_1_798' title='bbox 492 5423 585 5477; x_wconf 81' lang='lat' dir='ltr'>per</span> <span class='ocrx_word' id='word_1_799' title='bbox 616 5409 799 5474; x_wconf 79' lang='lat' dir='ltr'>ignem</span> <span class='ocrx_word' id='word_1_800' title='bbox 831 5405 1223 5457; x_wconf 75' lang='lat' dir='ltr'>inexslinctum</span> <span class='ocrx_word' id='word_1_801' title='bbox 1268 5405 1529 5458; x_wconf 69' lang='lat' dir='ltr'>cruciata?</span> <span class='ocrx_word' id='word_1_802' title='bbox 1556 5412 1813 5474; x_wconf 83' lang='lat' dir='ltr'>perpetuo</span> <span class='ocrx_word' id='word_1_803' title='bbox 1842 5421 1972 5474; x_wconf 78' lang='lat' dir='ltr'>sup-</span> 
     </span>
    </p>
   </div>
   <div class='ocr_carea' id='block_1_104' title="bbox 324 5477 1976 5550">
    <p class='ocr_par' dir='ltr' id='par_1_104' title="bbox 324 5477 1976 5550">
     <span class='ocr_line' id='line_1_107' title="bbox 324 5477 1976 5550; baseline 0.001 -21"><span class='ocrx_word' id='word_1_804' title='bbox 324 5481 509 5550; x_wconf 59' lang='grc' dir='ltr'>ρῖίπίο,</span> <span class='ocrx_word' id='word_1_805' title='bbox 547 5494 640 5530; x_wconf 69' lang='lat' dir='ltr'>nec</span> <span class='ocrx_word' id='word_1_806' title='bbox 684 5478 1026 5550; x_wconf 52' lang='grc' dir='ltr'>τηονῖίἠίθδζ</span> <span class='ocrx_word' id='word_1_807' title='bbox 1055 5491 1148 5529; x_wconf 88' lang='lat' dir='ltr'>suo</span> <span class='ocrx_word' id='word_1_808' title='bbox 1198 5477 1445 5550; x_wconf 73' lang='lat' dir='ltr'>ipsorum</span> <span class='ocrx_word' id='word_1_809' title='bbox 1494 5477 1638 5550; x_wconf 56' lang='lat' dir='ltr'>(nolo</span> <span class='ocrx_word' id='word_1_810' title='bbox 1684 5478 1773 5529; x_wconf 76' lang='lat' dir='ltr'>sui</span> <span class='ocrx_word' id='word_1_811' title='bbox 1810 5478 1976 5550; x_wconf 78' lang='lat' dir='ltr'>ﬁnem</span> 
     </span>
    </p>
   </div>
   <div class='ocr_carea' id='block_1_105' title="bbox 326 5544 1971 5621">
    <p class='ocr_par' dir='ltr' id='par_1_105' title="bbox 326 5544 1971 5621">
     <span class='ocr_line' id='line_1_108' title="bbox 326 5544 1971 5621; baseline -0.002 -16"><span class='ocrx_word' id='word_1_812' title='bbox 326 5544 570 5621; x_wconf 58' lang='lat' dir='ltr'>occipere</span> <span class='ocrx_word' id='word_1_813' title='bbox 602 5566 710 5603; x_wconf 81' lang='lat' dir='ltr'>non</span> <span class='ocrx_word' id='word_1_814' title='bbox 741 5544 1477 5621; x_wconf 56' lang='lat' dir='ltr'>possuntﬂecognitionum</span> <span class='ocrx_word' id='word_1_815' title='bbox 1510 5544 1607 5621; x_wconf 81' lang='lat' dir='ltr'>lib.</span> <span class='ocrx_word' id='word_1_816' title='bbox 1642 5563 1694 5613; x_wconf 93' lang='lat' dir='ltr'>v,</span> <span class='ocrx_word' id='word_1_817' title='bbox 1730 5544 1932 5619; x_wconf 77' lang='lat' dir='ltr'>cap.28</span> <span class='ocrx_word' id='word_1_818' title='bbox 1959 5564 1971 5602; x_wconf 90' lang='lat'><strong>:</strong></span> 
     </span>
    </p>
   </div>
   <div class='ocr_carea' id='block_1_106' title="bbox 324 5618 1974 5691">
    <p class='ocr_par' dir='ltr' id='par_1_106' title="bbox 324 5618 1974 5691">
     <span class='ocr_line' id='line_1_109' title="bbox 324 5618 1974 5691; baseline -0.003 -13"><span class='ocrx_word' id='word_1_819' title='bbox 324 5618 677 5678; x_wconf 63' lang='lat' dir='ltr'>[mmortales</span> <span class='ocrx_word' id='word_1_820' title='bbox 725 5634 971 5691; x_wconf 79' lang='lat' dir='ltr'>namque</span> <span class='ocrx_word' id='word_1_821' title='bbox 1020 5620 1149 5673; x_wconf 74' lang='lat' dir='ltr'>sunt</span> <span class='ocrx_word' id='word_1_822' title='bbox 1198 5618 1365 5674; x_wconf 84' lang='lat' dir='ltr'>etiam</span> <span class='ocrx_word' id='word_1_823' title='bbox 1403 5618 1705 5689; x_wconf 85' lang='lat' dir='ltr'>impiorum</span> <span class='ocrx_word' id='word_1_824' title='bbox 1750 5618 1974 5684; x_wconf 77' lang='lat' dir='ltr'>animae,</span> 
     </span>
    </p>
   </div>
   <div class='ocr_carea' id='block_1_107' title="bbox 2075 4685 3722 4761">
    <p class='ocr_par' dir='ltr' id='par_1_107' title="bbox 2075 4685 3722 4761">
     <span class='ocr_line' id='line_1_110' title="bbox 2075 4685 3722 4761; baseline -0.002 -17"><span class='ocrx_word' id='word_1_825' title='bbox 2075 4706 2209 4760; x_wconf 75' lang='lat' dir='ltr'>quas</span> <span class='ocrx_word' id='word_1_826' title='bbox 2242 4690 2350 4760; x_wconf 80' lang='lat' dir='ltr'>ipsi</span> <span class='ocrx_word' id='word_1_827' title='bbox 2375 4691 2610 4761; x_wconf 76' lang='lat' dir='ltr'>fortasse</span> <span class='ocrx_word' id='word_1_828' title='bbox 2630 4690 2801 4744; x_wconf 82' lang='lat' dir='ltr'>velint</span> <span class='ocrx_word' id='word_1_829' title='bbox 2824 4690 3037 4761; x_wconf 83' lang='lat' dir='ltr'>pariter</span> <span class='ocrx_word' id='word_1_830' title='bbox 3066 4702 3191 4761; x_wconf 81' lang='lat' dir='ltr'>eum</span> <span class='ocrx_word' id='word_1_831' title='bbox 3208 4685 3524 4761; x_wconf 64' lang='lat' dir='ltr'>corporibus</span> <span class='ocrx_word' id='word_1_832' title='bbox 3546 4686 3722 4761; x_wconf 71' lang='lat' dir='ltr'>ﬁniri:</span> 
     </span>
    </p>
   </div>
   <div class='ocr_carea' id='block_1_108' title="bbox 2074 4757 3726 4832">
    <p class='ocr_par' dir='ltr' id='par_1_108' title="bbox 2074 4757 3726 4832">
     <span class='ocr_line' id='line_1_111' title="bbox 2074 4757 3726 4832; baseline -0.004 -15"><span class='ocrx_word' id='word_1_833' title='bbox 2074 4757 2167 4817; x_wconf 65' lang='lat' dir='ltr'>Sed</span> <span class='ocrx_word' id='word_1_834' title='bbox 2199 4757 2306 4814; x_wconf 82' lang='lat' dir='ltr'>non</span> <span class='ocrx_word' id='word_1_835' title='bbox 2339 4757 2419 4815; x_wconf 68' lang='lat' dir='ltr'>ita</span> <span class='ocrx_word' id='word_1_836' title='bbox 2448 4769 2526 4816; x_wconf 80' lang='lat' dir='ltr'>est</span> <span class='ocrx_word' id='word_1_837' title='bbox 2550 4779 2573 4825; x_wconf 87' lang='lat'><strong><em>;</em></strong></span> <span class='ocrx_word' id='word_1_838' title='bbox 2593 4757 2880 4832; x_wconf 76' lang='lat' dir='ltr'>perferunt</span> <span class='ocrx_word' id='word_1_839' title='bbox 2896 4760 3045 4832; x_wconf 84' lang='lat' dir='ltr'>enim</span> <span class='ocrx_word' id='word_1_840' title='bbox 3074 4759 3219 4827; x_wconf 81' lang='lat' dir='ltr'>ignis</span> <span class='ocrx_word' id='word_1_841' title='bbox 3248 4759 3443 4812; x_wconf 78' lang='lat' dir='ltr'>aeterni</span> <span class='ocrx_word' id='word_1_842' title='bbox 3470 4759 3590 4832; x_wconf 73' lang='lat' dir='ltr'>sine</span> <span class='ocrx_word' id='word_1_843' title='bbox 3613 4757 3726 4832; x_wconf 81' lang='lat' dir='ltr'>ﬁne</span> 
     </span>
    </p>
   </div>
   <div class='ocr_carea' id='block_1_109' title="bbox 2073 4828 3726 4904">
    <p class='ocr_par' dir='ltr' id='par_1_109' title="bbox 2073 4828 3726 4904">
     <span class='ocr_line' id='line_1_112' title="bbox 2073 4828 3726 4904; baseline -0.003 -16"><span class='ocrx_word' id='word_1_844' title='bbox 2073 4833 2367 4904; x_wconf 78' lang='lat' dir='ltr'>supplicza,</span> <span class='ocrx_word' id='word_1_845' title='bbox 2398 4840 2447 4904; x_wconf 82' lang='lat' dir='ltr'>et</span> <span class='ocrx_word' id='word_1_846' title='bbox 2475 4832 2546 4885; x_wconf 87' lang='lat' dir='ltr'>ad</span> <span class='ocrx_word' id='word_1_847' title='bbox 2593 4828 3020 4904; x_wconf 61' lang='lat' dir='ltr'>perniciemsni</span> <span class='ocrx_word' id='word_1_848' title='bbox 3063 4833 3328 4904; x_wconf 66' lang='lat' dir='ltr'>naturain</span> <span class='ocrx_word' id='word_1_849' title='bbox 3371 4844 3477 4904; x_wconf 79' lang='lat' dir='ltr'>non</span> <span class='ocrx_word' id='word_1_850' title='bbox 3530 4828 3726 4904; x_wconf 79' lang='lat' dir='ltr'>habent</span> 
     </span>
    </p>
   </div>
   <div class='ocr_carea' id='block_1_110' title="bbox 2075 4899 3724 4971">
    <p class='ocr_par' dir='ltr' id='par_1_110' title="bbox 2075 4899 3724 4971">
     <span class='ocr_line' id='line_1_113' title="bbox 2075 4899 3724 4971; baseline -0.003 -12"><span class='ocrx_word' id='word_1_851' title='bbox 2075 4899 2375 4959; x_wconf 73' lang='lat' dir='ltr'>moi-iendi.</span> <span class='ocrx_word' id='word_1_852' title='bbox 2410 4903 2554 4958; x_wconf 89' lang='lat' dir='ltr'>Cum</span> <span class='ocrx_word' id='word_1_853' title='bbox 2590 4902 2947 4959; x_wconf 78' lang='lat' dir='ltr'>Clementinis</span> <span class='ocrx_word' id='word_1_854' title='bbox 2979 4899 3236 4971; x_wconf 89' lang='lat' dir='ltr'>loquitur</span> <span class='ocrx_word' id='word_1_855' title='bbox 3275 4899 3548 4971; x_wconf 82' lang='lat' dir='ltr'>Justinus</span> <span class='ocrx_word' id='word_1_856' title='bbox 3578 4903 3724 4956; x_wconf 77' lang='lat' dir='ltr'>Mar-</span> 
     </span>
    </p>
   </div>
   <div class='ocr_carea' id='block_1_111' title="bbox 2076 4968 3721 5047">
    <p class='ocr_par' dir='ltr' id='par_1_111' title="bbox 2076 4968 3721 5047">
     <span class='ocr_line' id='line_1_114' title="bbox 2076 4968 3721 5047; baseline -0.002 -18"><span class='ocrx_word' id='word_1_857' title='bbox 2076 4981 2169 5046; x_wconf 83' lang='lat' dir='ltr'>tyr</span> <span class='ocrx_word' id='word_1_858' title='bbox 2192 4975 2457 5047; x_wconf 82' lang='lat' dir='ltr'>Apologia</span> <span class='ocrx_word' id='word_1_859' title='bbox 2486 4991 2547 5040; x_wconf 84' lang='lat' dir='ltr'>n,</span> <span class='ocrx_word' id='word_1_860' title='bbox 2582 4991 2638 5046; x_wconf 91' lang='lat' dir='ltr'>p.</span> <span class='ocrx_word' id='word_1_861' title='bbox 2670 4974 2781 5047; x_wconf 64' lang='lat'>64,</span> <span class='ocrx_word' id='word_1_862' title='bbox 2803 4968 3125 5047; x_wconf 63' lang='lat' dir='ltr'>et_Dialogo</span> <span class='ocrx_word' id='word_1_863' title='bbox 3149 4987 3279 5047; x_wconf 66' lang='lat' dir='ltr'>cum</span> <span class='ocrx_word' id='word_1_864' title='bbox 3313 4968 3630 5047; x_wconf 61' lang='lat' dir='ltr'>fryphone,</span> <span class='ocrx_word' id='word_1_865' title='bbox 3664 4988 3721 5047; x_wconf 90' lang='lat' dir='ltr'>p_.</span> 
     </span>
    </p>
   </div>
   <div class='ocr_carea' id='block_1_112' title="bbox 2078 5036 3727 5118">
    <p class='ocr_par' dir='ltr' id='par_1_112' title="bbox 2078 5036 3727 5118">
     <span class='ocr_line' id='line_1_115' title="bbox 2078 5036 3727 5118; baseline -0.003 -17"><span class='ocrx_word' id='word_1_866' title='bbox 2078 5036 2203 5117; x_wconf 55' lang='lat'>2&#39;23,</span> <span class='ocrx_word' id='word_1_867' title='bbox 2233 5036 2494 5118; x_wconf 74' lang='lat' dir='ltr'>dicitque</span> <span class='ocrx_word' id='word_1_868' title='bbox 2534 5036 2848 5118; x_wconf 66' lang='lat' dir='ltr'>improbis</span> <span class='ocrx_word' id='word_1_869' title='bbox 2874 5036 3282 5118; x_wconf 79' lang='lat' dir='ltr'>lucrum,fore,</span> <span class='ocrx_word' id='word_1_870' title='bbox 3312 5036 3562 5115; x_wconf 71' lang='grc' dir='ltr'>ἕρμαιον,</span> <span class='ocrx_word' id='word_1_871' title='bbox 3606 5036 3727 5098; x_wconf 71' lang='lat' dir='ltr'>ani-</span> 
     </span>
    </p>
   </div>
   <div class='ocr_carea' id='block_1_113' title="bbox 2080 5114 3726 5186">
    <p class='ocr_par' dir='ltr' id='par_1_113' title="bbox 2080 5114 3726 5186">
     <span class='ocr_line' id='line_1_116' title="bbox 2080 5114 3726 5186; baseline -0.003 -13"><span class='ocrx_word' id='word_1_872' title='bbox 2080 5114 2208 5173; x_wconf 84' lang='lat' dir='ltr'>mas</span> <span class='ocrx_word' id='word_1_873' title='bbox 2240 5114 2417 5186; x_wconf 60' lang='lat' dir='ltr'>mori;</span> <span class='ocrx_word' id='word_1_874' title='bbox 2443 5122 2498 5172; x_wconf 90' lang='lat' dir='ltr'>et</span> <span class='ocrx_word' id='word_1_875' title='bbox 2546 5114 2721 5186; x_wconf 80' lang='lat' dir='ltr'>finem</span> <span class='ocrx_word' id='word_1_876' title='bbox 2755 5115 2969 5170; x_wconf 85' lang='lat' dir='ltr'>habere</span> <span class='ocrx_word' id='word_1_877' title='bbox 3024 5114 3081 5168; x_wconf 88' lang='lat' dir='ltr'>in</span> <span class='ocrx_word' id='word_1_878' title='bbox 3113 5114 3583 5170; x_wconf 29' lang='lat' dir='ltr'>statum’sensus</span> <span class='ocrx_word' id='word_1_879' title='bbox 3632 5131 3726 5169; x_wconf 88' lang='lat' dir='ltr'>va-</span> 
     </span>
    </p>
   </div>
   <div class='ocr_carea' id='block_1_114' title="bbox 2081 5185 3730 5258">
    <p class='ocr_par' dir='ltr' id='par_1_114' title="bbox 2081 5185 3730 5258">
     <span class='ocr_line' id='line_1_117' title="bbox 2081 5185 3730 5258; baseline -0.002 -14"><span class='ocrx_word' id='word_1_880' title='bbox 2081 5187 2365 5256; x_wconf 71' lang='lat' dir='ltr'>cuum,at&lt;</span> <span class='ocrx_word' id='word_1_881' title='bbox 2397 5185 2871 5256; x_wconf 79' lang='grc' dir='ltr'>ἀναισθησίαν.Αά</span> <span class='ocrx_word' id='word_1_882' title='bbox 2919 5202 3159 5258; x_wconf 88' lang='lat' dir='ltr'>sensum</span> <span class='ocrx_word' id='word_1_883' title='bbox 3209 5201 3354 5258; x_wconf 82' lang='lat' dir='ltr'>vero</span> <span class='ocrx_word' id='word_1_884' title='bbox 3387 5186 3730 5258; x_wconf 68' lang='lat' dir='ltr'>Recognitio-</span> 
     </span>
    </p>
   </div>
   <div class='ocr_carea' id='block_1_115' title="bbox 2080 5255 3731 5339">
    <p class='ocr_par' dir='ltr' id='par_1_115' title="bbox 2080 5255 3731 5339">
     <span class='ocr_line' id='line_1_118' title="bbox 2080 5255 3731 5339; baseline -0.002 -24"><span class='ocrx_word' id='word_1_885' title='bbox 2080 5278 2216 5339; x_wconf 57' lang='lat' dir='ltr'>nim}</span> <span class='ocrx_word' id='word_1_886' title='bbox 2262 5255 2565 5339; x_wconf 66' lang='lat' dir='ltr'>Minucius</span> <span class='ocrx_word' id='word_1_887' title='bbox 2602 5255 2777 5339; x_wconf 81' lang='lat' dir='ltr'>Felix,</span> <span class='ocrx_word' id='word_1_888' title='bbox 2810 5274 2983 5339; x_wconf 85' lang='lat' dir='ltr'>quem</span> <span class='ocrx_word' id='word_1_889' title='bbox 3016 5256 3263 5339; x_wconf 56' lang='lat' dir='ltr'>eodocq</span> <span class='ocrx_word' id='word_1_890' title='bbox 3310 5255 3499 5339; x_wconf 76' lang='lat' dir='ltr'>citavi.</span> <span class='ocrx_word' id='word_1_891' title='bbox 3522 5255 3631 5337; x_wconf 49' lang='lat' dir='ltr'>:Ac</span> <span class='ocrx_word' id='word_1_892' title='bbox 3660 5273 3731 5339; x_wconf 62' lang='grc' dir='ltr'>οξ</span> 
     </span>
    </p>
   </div>
   <div class='ocr_carea' id='block_1_116' title="bbox 2083 5327 3728 5404">
    <p class='ocr_par' dir='ltr' id='par_1_116' title="bbox 2083 5327 3728 5404">
     <span class='ocr_line' id='line_1_119' title="bbox 2083 5327 3728 5404; baseline -0.002 -18"><span class='ocrx_word' id='word_1_893' title='bbox 2083 5331 2792 5404; x_wconf 60' lang='grc' dir='ltr'>ρὶιὶὶοεορὺὶεᾘῇθῐζοοιεε</span> <span class='ocrx_word' id='word_1_894' title='bbox 2824 5327 2883 5404; x_wconf 78' lang='lat' dir='ltr'>in</span> <span class='ocrx_word' id='word_1_895' title='bbox 2934 5327 3198 5404; x_wconf 66' lang='lat' dir='ltr'>carmina</span> <span class='ocrx_word' id='word_1_896' title='bbox 3225 5327 3607 5404; x_wconf 53' lang='lat' dir='ltr'>Pythagorica</span> <span class='ocrx_word' id='word_1_897' title='bbox 3656 5329 3728 5404; x_wconf 75' lang='lat' dir='ltr'>ad</span> 
     </span>
    </p>
   </div>
   <div class='ocr_carea' id='block_1_117' title="bbox 2084 5397 3731 5465">
    <p class='ocr_par' dir='ltr' id='par_1_117' title="bbox 2084 5397 3731 5465">
     <span class='ocr_line' id='line_1_120' title="bbox 2084 5397 3731 5465; baseline -0.004 -8"><span class='ocrx_word' id='word_1_898' title='bbox 2084 5397 2232 5458; x_wconf 62' lang='lat' dir='ltr'>vers.</span> <span class='ocrx_word' id='word_1_899' title='bbox 2263 5397 2379 5457; x_wconf 72' lang='lat'>29:</span> <span class='ocrx_word' id='word_1_900' title='bbox 2422 5400 2494 5455; x_wconf 81' lang='grc' dir='ltr'>Οὐ</span> <span class='ocrx_word' id='word_1_901' title='bbox 2546 5398 2800 5465; x_wconf 71' lang='grc' dir='ltr'>βούλεται</span> <span class='ocrx_word' id='word_1_902' title='bbox 2856 5400 2884 5453; x_wconf 90' lang='lat'>6</span> <span class='ocrx_word' id='word_1_903' title='bbox 2932 5397 3098 5459; x_wconf 83' lang='grc' dir='ltr'>κακὸς</span> <span class='ocrx_word' id='word_1_904' title='bbox 3142 5397 3399 5451; x_wconf 73' lang='grc' dir='ltr'>ἀθάνατον</span> <span class='ocrx_word' id='word_1_905' title='bbox 3421 5397 3581 5451; x_wconf 23' lang='grc' dir='ltr'>ίίεῖναι</span> <span class='ocrx_word' id='word_1_906' title='bbox 3632 5399 3731 5465; x_wconf 71' lang='grc' dir='ltr'>τὴν</span> 
     </span>
    </p>
   </div>
   <div class='ocr_carea' id='block_1_118' title="bbox 2085 5468 3730 5548">
    <p class='ocr_par' dir='ltr' id='par_1_118' title="bbox 2085 5468 3730 5548">
     <span class='ocr_line' id='line_1_121' title="bbox 2085 5468 3730 5548; baseline -0.004 -21"><span class='ocrx_word' id='word_1_907' title='bbox 2085 5473 2249 5528; x_wconf 78' lang='grc' dir='ltr'>αὑτοῦ</span> <span class='ocrx_word' id='word_1_908' title='bbox 2300 5474 2508 5548; x_wconf 76' lang='grc' dir='ltr'>ψυχὴν,</span> <span class='ocrx_word' id='word_1_909' title='bbox 2541 5468 2645 5548; x_wconf 12' lang='grc' dir='ltr'>γ’ίνα</span> <span class='ocrx_word' id='word_1_910' title='bbox 2695 5471 2773 5548; x_wconf 79' lang='grc' dir='ltr'>μὴ</span> <span class='ocrx_word' id='word_1_911' title='bbox 2838 5468 3102 5542; x_wconf 77' lang='grc' dir='ltr'>ὑπομείνῃ</span> <span class='ocrx_word' id='word_1_912' title='bbox 3148 5468 3556 5548; x_wconf 34' lang='grc' dir='ltr'>τιμιοροὺ-μενος</span> <span class='ocrx_word' id='word_1_913' title='bbox 3617 5472 3730 5548; x_wconf 63' lang='lat' dir='ltr'>Non</span> 
     </span>
    </p>
   </div>
   <div class='ocr_carea' id='block_1_119' title="bbox 2087 5543 3729 5617">
    <p class='ocr_par' dir='ltr' id='par_1_119' title="bbox 2087 5543 3729 5617">
     <span class='ocr_line' id='line_1_122' title="bbox 2087 5543 3729 5617; baseline -0.003 -14"><span class='ocrx_word' id='word_1_914' title='bbox 2087 5549 2237 5603; x_wconf 81' lang='lat' dir='ltr'>enim</span> <span class='ocrx_word' id='word_1_915' title='bbox 2286 5543 2416 5601; x_wconf 74' lang='grc' dir='ltr'>υἰιιϊ</span> <span class='ocrx_word' id='word_1_916' title='bbox 2453 5547 2547 5617; x_wconf 88' lang='lat' dir='ltr'>qui</span> <span class='ocrx_word' id='word_1_917' title='bbox 2592 5546 2772 5600; x_wconf 82' lang='lat' dir='ltr'>malus</span> <span class='ocrx_word' id='word_1_918' title='bbox 2819 5548 2926 5617; x_wconf 70' lang='lat' dir='ltr'>est,</span> <span class='ocrx_word' id='word_1_919' title='bbox 2968 5558 3080 5598; x_wconf 81' lang='lat' dir='ltr'>esse</span> <span class='ocrx_word' id='word_1_920' title='bbox 3147 5543 3255 5597; x_wconf 72' lang='lat' dir='ltr'>sibi</span> <span class='ocrx_word' id='word_1_921' title='bbox 3306 5543 3556 5597; x_wconf 82' lang='lat' dir='ltr'>animum</span> <span class='ocrx_word' id='word_1_922' title='bbox 3626 5545 3729 5598; x_wconf 84' lang='lat' dir='ltr'>im-</span> 
     </span>
    </p>
   </div>
   <div class='ocr_carea' id='block_1_120' title="bbox 2086 5615 3538 5687">
    <p class='ocr_par' dir='ltr' id='par_1_120' title="bbox 2086 5615 3538 5687">
     <span class='ocr_line' id='line_1_123' title="bbox 2086 5615 3538 5687; baseline -0.003 -13"><span class='ocrx_word' id='word_1_923' title='bbox 2086 5618 2392 5685; x_wconf 74' lang='lat' dir='ltr'>mortalem,</span> <span class='ocrx_word' id='word_1_924' title='bbox 2422 5615 2494 5674; x_wconf 60' lang='grc' dir='ltr'>ηε</span> <span class='ocrx_word' id='word_1_925' title='bbox 2518 5617 2793 5675; x_wconf 77' lang='lat' dir='ltr'>scelerum</span> <span class='ocrx_word' id='word_1_926' title='bbox 2820 5615 3086 5673; x_wconf 79' lang='lat' dir='ltr'>ultionem</span> <span class='ocrx_word' id='word_1_927' title='bbox 3109 5616 3380 5687; x_wconf 69' lang='lat' dir='ltr'>patiatur.</span> <span class='ocrx_word' id='word_1_928' title='bbox 3409 5618 3538 5671; x_wconf 73' lang='lat' dir='ltr'>Cor.</span> 
     </span>
    </p>
   </div>
  </div>
