4086 6216
410 332 530 393 285

1538 333 2071 396 CLEMENTINA.
2108 369 2183 381 —
2211 338 2541 399 HOMILIA
2584 338 2687 400 XI.

3700 344 3818 405 286

411 462 531 525 σίας
584 462 753 518 αὐτῶν
805 463 935 527 ἴσως
981 465 1057 527 είς
1103 467 1173 503 ίοο
1222 462 1360 521 ἄλλο
1392 466 1507 533 τιῆ
1544 465 1621 526 εἰς
1662 468 1813 524 238
1849 473 2048 541 χρῆσιν

2168 470 2253 525 vel
2285 472 2354 525 ad
2390 472 2613 540 fimum,
2650 472 2859 529 fuisset
2900 473 3083 531 utilis.
3126 474 3290 530 Nunc
3333 490 3467 533 vero
3518 493 3706 549 neque
3737 478 3811 532 ad

408 551 636 627 κόπρου,
670 552 1139 629 εὐχρηστησάσης.
1173 559 1280 608 Νῦν
1315 552 1372 608 δὲ
1402 551 1527 608 οὐδὲ
1560 559 1576 592 ¹
1612 554 1689 616 εἷς
1717 558 1877 609 τοῦτο
1909 575 2053 631 χρη-

410 641 639 714 σιμεύει,
698 641 787 697 ὅτε
847 643 1420 718 μετασχηματίσαντες
1496 649 1866 718 προσκυνεῖτε.
1932 648 2056 706 Πῶς

411 728 467 785 δὲ
513 730 601 785 καὶ
644 733 665 767 ²
714 727 1077 806 εὐσεϐέστεροι
1127 731 1261 787 εἶναί
1318 753 1466 809 φατε,
1500 733 1551 785 οἱ
1598 733 1813 787 πάντων
1868 728 2051 787 ἀσεϐὲ-

411 840 612 890 στατοι,
645 820 811 895 ταύτῃ
840 820 974 895 αὐτῇ
994 824 1073 895 τῇ
1109 826 1206 895 μιᾷ
1235 820 1321 875 καὶ
1354 821 1661 897 ἀσυγκρίτῳ
1695 821 1931 895 ἁμαρτίᾳ
1962 826 2057 895 ψυ-

408 915 515 984 χῆς
551 904 773 985 ὄλεθρον
811 909 1116 988 ὀφείλοντες
1162 915 1242 982 τῷ
1272 909 1469 980 ἀληθεῖ
1498 913 1537 980 ³,
1571 909 1656 965 ἐὰν
1701 910 2053 985 ἐπιμείνητες

405 998 491 1058 Ὠς
532 998 636 1072 γὰρ
687 995 741 1053 εἷ’
783 1020 864 1061 τις
912 1000 1027 1061 υίὸς
1075 997 1260 1054 πολλὰ
1308 998 1755 1074 εὐεργετούμενος
1808 1000 1910 1054 ὑπὸ
1960 1004 2057 1055 τοῦ

404 1088 607 1162 πατρὸς
641 1087 809 1163 ἑτέρῳ
836 1087 944 1143 τινὶ
975 1092 1053 1159 τῷ
1089 1090 1162 1161 μὴ
1198 1087 1360 1163 πατρὶ
1408 1090 1508 1157 τὴν
1565 1087 1931 1166 ὀφειλομένην
1977 1090 2057 1161 τῷ

403 1174 567 1250 πατρὶ
600 1173 826 1248 ἀποδῴη
852 1179 873 1213 ⁸
892 1175 1314 1250 τιμὴν,πάντως
1346 1176 1806 1252 ἆποκληρονόμος
1836 1177 2053 1253 γίνεται⁶

403 1262 529 1317 ἐπὰν
588 1260 647 1319 δὲ
694 1264 829 1319 κατὰ
873 1265 1101 1341 γνώμην
1154 1270 1251 1320 τοῦ
1300 1266 1501 1341 πατρὸς
1550 1264 1703 1340 βιοὺς
1760 1266 2057 1342 εὐχαριστῇ

403 1350 488 1406 ἐπὶ
516 1357 642 1415 ταῖς
673 1352 1023 1428 εὐεργεσίαις,
1056 1352 1299 1430 εὐλόγως
1330 1352 1683 1430 κληρονόμος
1722 1354 1948 1429 γίνεται.

470 1463 625 1516 ΧιΠ.
658 1458 859 1516 Ἀλλοι
892 1458 949 1516 δὲ
980 1460 1247 1538 λέγουσιν’
1277 1454 1517 1516 ’Λσεϐεῖν
1564 1459 1969 1535 μὲλλομεν,ἐὰν
1992 1463 2061 1517 τὰ

400 1545 777 1623 παραδοθέντα
814 1551 950 1622 ἡμῖν
1018 1549 1077 1605 ἑκ
1120 1550 1366 1627 πατέρων
1434 1545 1745 1623 σεϐάσματα
1804 1548 2059 1605 καταλεί-

400 1640 594 1709 ψωμεν
636 1641 676 1674 ⁵⁸
730 1638 922 1711 ὅμοιον
981 1639 1083 1715 γάρ
1144 1638 1253 1694 ἐστι
1310 1643 1389 1711 τῷ
1436 1641 1755 1713 παραθήκην
1805 1638 2057 1717 φυλάξαι.

400 1725 609 1781 Οὐκοῦν
655 1727 833 1800 τοότῳ
880 1732 958 1800 τῷ
1007 1727 1155 1804 λόγῳ
1199 1728 1292 1783 κᾶν
1343 1726 1544 1803 λῃστοῦ
1586 1749 1667 1789 τις
1701 1727 1737 1802 ᾗ
1770 1729 1973 1804 πατρὸς
2022 1730 2057 1797 ἢ

2164 557 2273 613 hoc
2304 560 2555 629 prodest,
2582 562 2815 632 quando
2841 579 2873 617 a
2894 564 3054 617 vobis
3077 564 3557 635 transfiguratam
3590 564 3805 622 colitis.

2165 649 2288 713 Qua
2318 652 2513 703 autem
2560 650 2783 704 ratione
2834 668 2934 705 vos
2965 657 3022 707 et
3054 652 3241 722 magis
3284 653 3407 723 pios
3458 654 3673 721 dicitis,
3707 655 3809 726 qui

2166 737 2428 791 omnium
2462 740 2605 793 estis
2633 738 2995 811 impiissimi,
3041 740 3147 795 hoc
3199 742 3323 811 ipso
3357 759 3472 797 una
3502 747 3559 798 et
3586 742 3809 797 incom-

2166 825 2411 895 parabili
2446 832 2676 897 peccato
2708 827 3008 881 interitum
3054 830 3261 883 anima
3294 835 3582 885 merentes
3613 848 3808 885 coram

2164 912 2286 984 illo,
2321 915 2419 984 qui
2452 931 2622 969 verus
2656 920 2761 980 est,
2811 917 2861 970 si
2896 919 3293 987 perseveretis.
3344 919 3597 991 Exempli
3631 920 3815 989 gratia

2167 1002 2217 1057 si
2249 1004 2381 1073 quis
2414 1003 2856 1075 filius,plurima
2886 1005 3167 1059 beneficia
3198 1023 3229 1061 a
3253 1011 3412 1077 patre
3442 1014 3813 1073 consecutus,

2170 1089 2336 1145 alteri
2370 1092 2469 1162 qui
2502 1098 2669 1163 pater
2698 1110 2812 1147 non
2846 1094 2922 1147 sit
2951 1094 3210 1149 debitum
3240 1095 3382 1166 patri
3417 1095 3690 1151 honorem
3724 1098 3816 1150 de-

2168 1179 2337 1247 ferat,
2370 1180 2543 1252 plane
2574 1181 3054 1238 exhaaredabitur.
3104 1189 3243 1237 Cum
3275 1200 3405 1239 vero
3437 1202 3502 1238 ex
3533 1185 3821 1239 sententia

2169 1270 2351 1340 patris
2395 1271 2595 1326 vivens
2646 1272 2864 1343 gratias
2895 1273 2964 1327 de
3015 1272 3313 1329 beneﬁciis
3362 1272 3561 1345 egerit,
3611 1273 3816 1329 merito

2168 1356 2354 1413 haeres
2387 1357 2769 1430 relinquetur.

2244 1465 2393 1519 XIII.
2429 1464 2537 1520 Alii
2569 1481 2702 1520 vero
2737 1466 2956 1528 dicunt,
3012 1466 3178 1538 impii
3230 1466 3471 1534 erimus,
3503 1467 3551 1522 si
3584 1467 3753 1522 nobis
3785 1484 3818 1523 a

2171 1554 2435 1626 patribus
2459 1555 2673 1609 tradita
2692 1554 2935 1609 numina
2952 1555 3635 1627 dereliquerimuszidem
3661 1556 3817 1612 enim

2171 1648 2260 1698 est
2290 1660 2355 1697 ac
2386 1644 2718 1715 depositum
2780 1660 3026 1699 servare.
3080 1646 3265 1716 Igitur
3311 1645 3420 1700 hac
3474 1646 3715 1711 ratione,
3769 1645 3818 1700 si

2171 1731 2383 1803 aliquis
2415 1738 2577 1787 ortus
2611 1732 2686 1787 sit
2716 1749 2784 1787 ex
2815 1738 2974 1803 patre
3006 1732 3228 1788 latrone
3261 1739 3361 1789 aut
3391 1735 3682 1802 obscaeno,
3704 1749 3816 1789 non

399 1810 756 1891 αἷσχροϐίου,
798 1816 897 1871 οὐκ
957 1815 1163 1894 ὀφείλει
1221 1816 1249 1871 ὁ
1302 1817 1416 1879 υίὸς
1472 1818 1646 1890 νήψας
1702 1816 1764 1871 τὸ
1810 1822 2048 1893 κρεῖττον

2172 1821 2502 1876 debetﬁlius
2532 1822 2682 1893 frugi
2706 1839 2835 1877 esse
2869 1822 3289 1894 melioremque
3313 1823 3487 1878 vitam
3512 1821 3814 1893 amplecti,

398 1904 641 1976 ἑλέσθαι,
668 1902 761 1960 ’ἶνα
794 1908 870 1978 μὴ
901 1901 1158 1980 ἀσεϐήσῃ,
1189 1905 1278 1960 καὶ
1316 1907 1391 1980 μή
1430 1905 1496 1961 τὰ
1547 1902 1634 1959 ἴσα
1679 1910 1793 1968 τοῖς
1840 1911 2057 1982 γονεῦσι

396 1998 572 2048 ποιῶν
602 1995 882 2068 ἁμαρτάνῃ
910 1998 950 2052 ⁸.
982 1999 1104 2057 Πῶς
1137 1993 1202 2064 δὴ
1236 1993 1458 2066 ἀνόητοι
1492 1994 1543 2048 oi.
1575 1993 1849 2069 λέγοντες·
1883 2000 2059 2051 Ταῦτα

394 2087 838 2158 προσκυνοῦμεν,
864 2081 956 2138 ’ίνα
990 2087 1064 2156 μὴ
1116 2083 1262 2155 αὐτῷ
1314 2080 1574 2159 ὀχλῶμεν
1606 2101 1619 2153 ;
1654 2084 1728 2145 ὡς
1773 2082 2057 2159 ὀχλουμέ-

391 2192 486 2226 νου
516 2176 662 2227 Θεοῦ
719 2170 800 2249 ἐφ’
830 2174 910 2233 οἷς
967 2171 1310 2249 εὐφημεῖται.
1374 2172 1450 2245 μή
1512 2170 1859 2246 ὄχλουμένου
1887 2170 1943 2227 δὲ
1976 2174 2057 2251 ἐφ’

393 2262 474 2323 οἷς
503 2259 981 2337 ἀχαριστοῦμενος
1043 2260 1468 2340 βλασφημεῖται.
1502 2264 1598 2315 Διὰ
1624 2260 1676 2315 τί
1708 2259 1820 2333 οῦν,
1856 2262 2053 2318 ὁπόταν

394 2349 583 2426 ἐποχή
638 2351 797 2406 ὑετοῦ
844 2350 1088 2427 γένηται,
1121 2351 1259 2427 πρὸς
1308 2347 1534 2426 οὐρανὸν
1580 2349 1649 2405 τὰ
1702 2349 1874 2406 πάντα
1920 2350 2053 2429 ἀφο-

391 2443 601 2514 ρῶντες
636 2438 803 2515 εὐχὰς
830 2439 918 2494 καὶ
950 2438 1105 2502 λιτὰς
1138 2434 1572 2512 ἀπονέμετεςκαὶ
1590 2436 1713 2494 ὅταν
1736 2437 2054 2514 ἐπιτόχητε,

389 2529 594 2603 τάχιον
626 2527 1079 2599 ἐπιλανθάνεσθες
1115 2528 1421 2602 ἀμήσαντες
1452 2529 1555 2604 γὰρ
1605 2529 1639 2597 ἢ
1690 2530 2051 2605 τρυγήσαντες

390 2616 595 2679 εὐθέως
624 2623 741 2681 τοῖς
778 2615 946 2691 μηδὲν
976 2621 995 2655 ⁷
1027 2616 1175 2673 οὖσιν
1210 2614 1464 2679 εἰδώλοις
1494 2619 1589 2679 τὰς
1614 2617 1865 2694 ἀπαρχὰς
1900 2620 2052 2677 289

389 2705 716 2779 ἀπονέμετε,
742 2706 934 2783 τάχιον
969 2705 1450 2780 ἐπιλανθανόμενοι
1481 2710 1578 2760 τοῦ
1608 2706 2055 2782 εὐεργετήσαντος

390 2801 547 2852 Θεοῦ.
583 2796 689 2851 Καὶ
720 2796 892 2858 οὕτως
925 2796 1001 2859 είς
1042 2795 1181 2867 ἄλση
1214 2798 1234 2833 ⁸
1264 2796 1353 2851 καὶ
1403 2795 1481 2858 εἷς
1528 2794 1657 2858 τοὺς
1694 2795 1854 2858 ναοὺς
1903 2796 2052 2873 γενό-

394 2905 543 2958 μενοι
593 2885 779 2949 θυσίας
829 2882 1202 2947 ἐπιτελοῦντες
1264 2884 1579 2960 εὐωχεῖσθε.
1635 2886 1733 2939 Διά
1778 2889 1941 2940 τοῦτο
2001 2886 2053 2940 οἱ

392 2974 485 3047 μὲν
537 2975 698 3046 ὑμῶν
750 2972 1024 3048 λέγουσιν’
1057 2974 1405 3049 Παρηγορίας
1457 2974 1547 3028 καὶ
1588 2977 1686 3027 τοῦ
1731 2972 2053 3050 εὐωχεῖσθαι

387 3065 551 3139 χάριν
586 3062 777 3125 καλῶς
806 3068 970 3117 ταῦτα
1002 3062 1364 3133 ἐπινενόηται.

457 3170 604 3226 XIV.
641 3174 704 3223 Ὠ
761 3168 1012 3237 ἆνόητοιί
1071 3168 1228 3242 ὑμεῖς
1273 3172 1370 3223 τοῦ
1423 3165 1722 3244 λεγομένου
1770 3167 1976 3245 γίνεσθε
2032 3171 2054 3209 ⁸

388 3254 594 3314 δίκαιοι
654 3257 856 3335 κριταί.
914 3257 1083 3333 Εἴπερ
1168 3256 1272 3333 γὰρ
1328 3257 1417 3312 καὶ
1475 3257 1645 3335 ἐχρῆν
1707 3257 1928 3313 ἐνταῦθα
1978 3259 2052 3322 εἷς

388 3347 684 3423 εὐφρασίαν
752 3346 1004 3419 σώματος
1085 3346 1270 3400 ἑαυτὸν
1350 3342 1531 3400 δοῦναι
1608 3346 1740 3419 ποίᾳ
1820 3346 2048 3423 εὐωχίᾳ,

386 3435 634 3509 ἀμείνων
662 3436 730 3504 ἦν
757 3438 793 3505 ἡ
826 3434 877 3490 ἐν
927 3440 1199 3507 ποταμοῖς
1234 3437 1276 3472 ¹⁰
1304 3436 1395 3489 καὶ
1447 3432 1605 3497 ὕλαις
1655 3435 1746 3490 καὶ
1807 3434 2045 3509 ἄλσεσιν,

389 3521 515 3589 ἔνθα
545 3524 824 3581 εἰλαπίναι
868 3525 958 3579 καὶ
1006 3518 1282 3597 συμπόσια
1332 3521 1421 3578 καί
1460 3525 1740 3579 κατάσκιοι
1794 3524 1979 3593 τόποι,
2010 3525 2046 3595 ἢ

378 3613 516 3669 ὅπου
569 3612 803 3668 ἀπόνοια
854 3611 1150 3686 δαιμόνων,
1200 3613 1290 3666 καὶ
1340 3617 1543 3687 χειρῶν
1593 3612 1781 3685 τομαὶ,
1834 3615 1924 3668 καὶ
1969 3613 2049 3667 αἷ-

379 3700 545 3758 δοίων
582 3701 881 3773 ἀποκοπαὶ,
913 3701 1003 3756 καί
1053 3701 1407 3776 οἷστροι,’καί
1452 3700 1658 3774 μανίαι,
1699 3701 1789 3755 καὶ
1836 3706 2046 3778 τριχῶν

376 3792 574 3864 κόμαι,
628 3789 718 3844 καὶ
756 3790 984 3862 κόμποι,
1029 3789 1120 3844 καὶ
1165 3789 1565 3861 ἐνθουσιασμοὶ,
1615 3790 1705 3844 καὶ
1758 3789 2044 3866 ὀλολυγαὶ,

377 3883 465 3936 καὶ
515 3880 700 3936 πάντα
750 3878 1015 3935 ἐκεῖνατὰ
1050 3880 1165 3952 μεθ’
1197 3876 1530 3953 ὑποκρίσεως
1584 3878 1660 3941 εἷς
1708 3877 2044 3950 κατάπληξιν

374 3975 481 4025 τῶν
511 3969 767 4039 ἀνοήτων
791 3968 1070 4044 γινόμενα,
1106 3966 1255 4030 ὅπως
1284 3968 1379 4030 τὰς
1413 3968 1565 4040 ὑμῶν
1604 3971 1645 4006 υ
1682 3966 2043 4046 ὀφειλομὲνας

383 4057 551 4135 εὐχὰς
635 4056 725 4112 καὶ
812 4055 1159 4132 εὐχαριστίας
1236 4057 1327 4111 καὶ
1420 4060 1619 4132 νεκρῶν
1707 4058 2044 4133 νεκροτὲροις

375 4146 813 4222 προσενέγκητε;

446 4256 569 4312 XV.
606 4253 705 4307 Καὶ
767 4248 855 4306 διὰ
908 4249 963 4306 τί
1021 4250 1306 4329 χαίροντες
1358 4256 1527 4307 ταῦτα
1584 4256 1833 4321 ποιεῖτε;
1896 4250 2044 4308 Ἐπεὶ

378 4342 439 4397 οὐ
469 4338 624 4399 θέλει
658 4341 786 4415 ὑμῖν
818 4341 847 4394 ὁ
878 4338 1215 4419 ἐμφωλεόων
1249 4340 1417 4397 είπεῖν
1452 4336 1573 4419 ὄφις
1609 4344 1673 4413 ι’,
1706 4342 1764 4403 ’ὸς
1805 4339 2043 4395 ἐνέσπει-

378 4451 463 4505 ρεν
498 4432 631 4505 ὑμῖν
673 4431 772 4499 τὴν
833 4430 1073 4505 ἄκαρπον
1133 4428 1443 4503 ἐπιθυμίαν,
1476 4429 1655 4505 λέγων
1715 4429 2042 4501 ὑπομνήσω.

377 4522 537 4596 Ἔχει
593 4517 650 4574 δὲ
699 4517 894 4581 οὕτως’
948 4519 1100 4591 Παρὰ
1166 4521 1236 4592 τῇ
1285 4523 1384 4573 τοῦ
1434 4523 1567 4574 Θεοῦ
1632 4517 1891 4592 θρησκείᾳ
1948 4540 2043 4589 κη-

2169 1926 2240 1965 ne
2276 1910 2493 1981 impius
2516 1911 3062 1982 evadat,peccetque
3084 1913 3288 1967 eadem
3311 1928 3443 1966 cum
3477 1910 3817 1983 parentibus

2168 2015 2282 2053 non
2303 1999 2737 2070 agendo.Quam
2763 1999 2925 2054 stulti
2949 2005 3143 2055 autem
3168 2002 3429 2071 sunt,qui
3455 2000 3818 2055 dicuntztizec

2168 2088 2583 2152 adoramus,ne
2609 2092 2721 2143 Deo
2743 2087 2931 2143 simus
2959 2088 3205 2143 molesti!
3233 2089 3407 2153 Quasi
3434 2090 3547 2145 Deo
3572 2089 3816 2144 molesta

2168 2175 2286 2231 sint
2307 2192 2373 2231 ea
2395 2176 2611 2248 quibus
2633 2175 3048 2244 laudatur,non
3076 2176 3710 2249 molestavero,quibus
3733 2178 3816 2231 in-

2164 2269 2327 2337 grate
2350 2264 2632 2336 accipitur
2651 2269 2707 2319 et
2728 2264 3582 2337 inﬂammatur.Curergo,cum
3606 2266 3813 2321 imbris

2168 2353 2443 2409 acciderit
2472 2370 2720 2421 remora,
2756 2354 2814 2408 in
2846 2354 3057 2410 cmlum
3108 2355 3347 2409 omnino
3386 2355 3582 2410 intuiti
3615 2372 3813 2427 preces

2166 2458 2232 2497 ac
2256 2441 2717 2513 supplicationes
2741 2442 3099 2515 assignatis?
3120 2448 3177 2498 et
3199 2445 3429 2515 quando
3451 2444 3810 2515 obtinuistis,

2165 2532 2277 2587 cito
2308 2530 2739 2587 obliviscimini.
2768 2532 2939 2587 Facta
2964 2533 3117 2587 enim
3154 2550 3343 2588 messe
3374 2538 3473 2588 aut
3501 2533 3812 2601 vindemia,

2164 2620 2361 2677 statim
2395 2620 2464 2675 ad
2499 2620 2675 2689 idola,
2708 2638 2833 2692 quas
2869 2621 3013 2675 nihil
3048 2626 3204 2689 sunt,
3231 2621 3518 2693 primitias
3551 2621 3811 2691 defertis,

2164 2707 2430 2763 celeriter
2458 2709 2557 2764 Dei
2593 2709 2989 2776 immemores,
3022 2711 3287 2766 beneficii
3321 2709 3811 2782 auctoris.Sicque

2162 2796 2223 2851 in
2258 2798 2593 2853 nemoribus
2616 2802 2672 2853 et
2699 2798 2760 2853 in
2780 2798 3015 2871 templis
3047 2798 3221 2871 positi
3254 2800 3537 2855 sacriﬁcia
3562 2799 3810 2855 celebra-

2164 2886 2261 2956 tis,
2296 2892 2472 2958 atque
2502 2887 2670 2959 genio
2702 2888 3035 2961 indulgetis.
3070 2891 3435 2960 Quapropter
3474 2888 3715 2944 nonnuli
3742 2906 3810 2944 ex

2162 2974 2327 3029 vobis
2359 2976 2561 3030 dicunt
2612 2992 2624 3030 :
2674 2975 2873 3031 Solatii
2920 2981 2978 3031 et
3015 2977 3176 3031 bona:
3228 2977 3589 3034 tractationis
3634 2993 3812 3034 causa

2165 3064 2441 3134 praclara
2473 3063 2589 3118 ista
2618 3064 2942 3135 excogitata
2972 3070 3129 3120 sunt.

2238 3173 2386 3225 XIV.
2420 3170 2463 3225 Ο
2496 3170 2727 3225 stolidi!
2762 3170 2877 3226 Vos
2908 3170 3087 3241 hujus
3114 3171 3253 3226 dicti
3284 3177 3467 3228 estote
3490 3172 3638 3245 justi
3661 3173 3817 3245 judi-

2165 3275 2281 3314 ces.
2316 3259 2376 3313 Si
2400 3260 2555 3313 enim
2588 3260 2892 3331 oportebat
2917 3260 3009 3315 hic
3045 3277 3104 3316 se
3155 3263 3227 3316 ad
3260 3262 3518 3333 corporis
3547 3261 3815 3333 volupta-

2162 3352 2278 3402 tem
2314 3347 2486 3403 alicui
2518 3349 2745 3403 tradere
2776 3349 3383 3417 oblectationi,melior
3412 3357 3535 3406 erat
3563 3368 3652 3417 ea,
3684 3368 3811 3422 qua:

2161 3436 2221 3491 in
2254 3437 2448 3493 ﬂuviis
2479 3441 2535 3492 et
2584 3437 2747 3493 silvis
2796 3444 2852 3492 et
2898 3438 3067 3505 lucis,
3120 3439 3217 3493 ubi
3267 3440 3727 3511 compotationes
3758 3444 3815 3499 et

2161 3525 2425 3581 convivia
2463 3530 2520 3581 et
2567 3526 2674 3580 loci
2723 3527 3007 3590 umbrosi,
3061 3544 3235 3598 quam
3310 3529 3403 3581 ubi
3455 3528 3812 3583 daemoniaca

2162 3614 2503 3684 amentia,et
2534 3632 2816 3670 manuum
2851 3616 3157 3680 sectiones,
3191 3616 3579 3671 abscissiones
3608 3633 3813 3671 veren-

2161 3703 2395 3772 dorum,
2433 3702 2676 3757 rabidus
2709 3702 2891 3772 furor,
2928 3703 3176 3773 insania,
3212 3702 3396 3773 sparsi
3431 3703 3643 3769 crines,
3670 3708 3816 3758 stre-

2159 3789 2318 3863 pitus
2379 3791 2801 3863 stridoresque,
2882 3791 3117 3846 afﬂatus
3196 3793 3455 3859 fanatici,
3528 3792 3811 3858 ululatus,

2162 3879 2481 3951 omniaque
2511 3879 2613 3936 illa
2660 3897 2788 3952 qum
2836 3896 2969 3935 cum
3017 3880 3391 3935 simulatione
3431 3881 3502 3935 ad
3532 3886 3812 3935 terrorem

2157 3970 2483 4025 amentium
2519 3971 2758 4039 ﬁunt,ut
2782 3969 3008 4024 debitas
3036 3967 3150 4025 illis
3174 3985 3372 4041 preces
3403 3973 3461 4024 et
3488 3969 3811 4041 gratiarum

2156 4058 2413 4114 actiones
2443 4058 2906 4130 oﬂ'eratis,idque
2938 4057 3030 4125 iis,
3051 4058 3151 4129 qui
3183 4057 3431 4114 mortuis
3462 4057 3649 4131 magis
3673 4061 3813 4113 sunt

2155 4146 2396 4202 mortui.

2229 4253 2346 4307 XV.
2379 4253 2449 4307 Et
2478 4269 2583 4307 cur
2612 4251 2723 4307 laeti
2772 4252 2886 4307 ista
2936 4252 3171 4308 facitis?
3201 4253 3487 4317 Quoniam
3540 4253 3700 4308 intus
3725 4252 3810 4307 la-

2153 4345 2283 4397 tens
2311 4358 2552 4413 serpens
2581 4340 2747 4397 vobis
2778 4359 2891 4396 non
2924 4342 3047 4396 vult
3075 4342 3322 4413 edicere,
3355 4342 3453 4414 qui
3486 4342 3811 4397 infructuo-

2154 4446 2279 4485 sam
2311 4430 2560 4485 inseruit
2590 4430 2992 4501 cupiditatem,
3028 4431 3217 4486 dicam
3248 4448 3352 4503 ego
3386 4437 3555 4502 atque
3588 4447 3808 4485 memo-

2152 4520 2313 4574 rabo.
2355 4522 2439 4574 lta
2470 4523 2669 4574 autem
2702 4518 2878 4574 habet
2910 4536 2922 4573 :
2958 4520 3125 4590 Apud
3163 4519 3507 4591 religionem
3539 4519 3640 4575 Dei
3672 4537 3814 4591 prae-

384 4584 635 4681 ρύξσεται
704 4608 919 4685 νήφειν,
975 4584 1290 4684 σωφρονεῖν,
1345 4606 1516 4682 ὀργῆς
1583 4584 1822 4683 κρατεῖν,
1872 4584 2042 4662 ἆλλό-

2168 4609 2382 4664 iicatur
2414 4624 2583 4681 agere
2614 4609 2826 4676 sobrie,
2861 4608 2974 4662 sibi
3027 4614 3373 4679 temperare,
3409 4610 3555 4663 iram
3590 4614 3811 4677 tenere,

381 4716 507 4772 τρια
571 4698 646 4769 μὴ
724 4694 1089 4773 νοσφίζεσθαι,
1152 4693 1376 4756 δικαίως
1432 4696 1606 4771 βιοῦν,
1667 4696 1917 4756 ἐπιεικῶς
1975 4698 2041 4764 ¹³,

383 4784 677 4855 εὐσταθῶς,
723 4784 930 4859 πράως,
978 4783 1227 4853 κολάζειν
1298 4784 1484 4838 ἑαυτὸν
1544 4781 1755 4856 μᾶλλον
1811 4782 1863 4838 ἐν
1922 4788 2043 4845 ταῖς

384 4871 628 4947 ἰνδείαις,
662 4875 698 4944 ἢ
733 4876 888 4933 241)
923 4874 999 4947 μὴ
1033 4869 1232 4949 ἔχοντα
1285 4873 1491 4949 ὲτὲρου,
1526 4869 1724 4935 ἀδίκως
1770 4870 2044 4950 ἀφελόμε-

2154 4715 2269 4753 non
2305 4697 2612 4768 subripere
2644 4696 2855 4761 aliena,
2882 4698 3042 4767 juste
3074 4696 3283 4767 vivere,
3317 4713 3450 4752 cum
3476 4699 3627 4752 bono
3652 4699 3811 4768 jure,

2155 4785 2794 4857 tranquille,leniter,se
2816 4786 2870 4839 in
2894 4786 2952 4839 in
2968 4785 3291 4857 indigentia
3304 4786 3498 4857 potius
3517 4785 3811 4840 continere

2154 4890 2220 4929 ac
2252 4875 2778 4946 reprimere,quam
2803 4891 2936 4929 cum
2963 4891 3073 4929 non
3101 4874 3338 4942 habeas,
3372 4873 3615 4930 alterius
3640 4874 3809 4928 bonis

1755 5023 1993 5082 VARIIE
2033 5023 2445 5080 LECTIONES.

460 5152 527 5189 ioo
554 5149 653 5220 εἰς,
688 5151 840 5222 quod
873 5150 1038 5205 deest
1064 5150 1125 5232 in
1158 5153 1411 5232 utroque
1441 5148 1609 5204 Hom.
1644 5149 1795 5220 cod.,
1829 5148 2052 5204 addidit
2084 5148 2150 5205 D.
2185 5148 2446 5203 Subinde
2479 5150 2686 5275 θοι-ἱὃεὶ
2721 5144 2943 5234 ἄλλο“τι
2974 5147 3009 5215 ἢ
3043 5146 3119 5208 εἰς
3152 5164 3201 5204 c.
3231 5152 3275 5204 0
3304 5152 3367 5201 ut
3394 5150 3545 5231 conj.
3572 5148 3638 5230 0,
3662 5143 3803 5200 ἄλλο

460 5221 568 5275 εἷς
617 5228 674 5275 C.
709 5223 863 5275 auod
916 5225 1125 5275 mutari
1172 5221 1354 5275 voluit
1400 5221 1460 5275 in
1518 5217 1739 5275 ἄλλοτε.
1792 5218 1889 5275 εἷς.
1922 5220 2074 5275 Tum
2124 5217 2553 5275 εὑγοιστησάσης
2642 5263 2653 5275 .
2736 5222 2750 5254 ¹
2787 5217 2911 5273 οὐοέ
2940 5237 3053 5274 om.
3090 5225 3154 5275 Ο.
3234 5222 3254 5255 ²
3286 5218 3615 5274 καίιηεειτυι
3651 5236 3699 5273 c.
3734 5219 3798 5274 0.

388 5221 576 5294 sitsi;
617 5217 675 5291 Ο,
706 5217 863 5292 quod
916 5217 1354 5294 mutari__volu_it
1379 5221 1460 5294 _in
1518 5217 1748 5294 ἄλλοτε,
1780 5217 1889 5294 εἷς.
1922 5220 2096 5294 Tug1_
2124 5217 2553 5294 εὐχριστησάσης

387 5293 409 5327 ⁸
434 5287 501 5373 τὰ
528 5287 800 5373 ἀληθῇῖξ.
836 5293 1099 5373 Subinde
1130 5289 1215 5373 ἐᾲν
1240 5292 1323 5373 μὴ
1364 5289 1687 5373 ’ἑπιμείνῃτε
1718 5287 1782 5347 Ο.
1853 5293 1880 5373 _‘
1911 5287 2103 5373 ἀποδῷ
2134 5287 2237 5346 CI"
2269 5292 2289 5326 ⁵
2318 5287 2599 5373 ’λείψωμεν
2710 5361 2723 5373 .
2766 5292 2786 5325 ⁶
2818 5289 3082 5373 νίξὺηκαὶ

2736 5222 2750 5254 ¹
2787 5215 2911 5273 οὐδέ
2940 5237 3053 5274 om.
3090 5225 3154 5275 Ο.
3234 5222 3254 5255 ²
3286 5218 3375 5271 καί
3400 5215 3615 5274 inserui
3651 5236 3699 5273 c.
3734 5219 3798 5274 0.

3146 5290 3219 5360 μὴ
3271 5289 3337 5343 τὰ
3395 5287 3481 5343 ξ’σα
3536 5294 3798 5362 τοῖςΑ-γο-

392 5368 538 5437 νεῦσι,
562 5356 733 5437 ποιῶν
764 5362 1044 5437 ἀμαρτᾴνῃ
1074 5356 1259 5437 textui
1285 5356 1528 5437 reddidi,
1563 5356 1696 5437 cum
1730 5356 2122 5437 ρςωιειῇηιίεέβ
2134 5369 2335 5437 essent
2506 5356 2600 5417 ed.
2634 5356 3421 5437 §chweglerianafSubinde
3480 5364 3596 5421 πῶς
3630 5356 3800 5437 “Sé'S.

391 5436 410 5469 ⁷
443 5433 605 5505 μηθὲν
637 5440 701 5491 Ο.
778 5426 912 5491 8'Ita
942 5426 1107 5501 O,rut
1136 5436 1286 5507 conj.
1321 5437 1381 5499 S,
1413 5426 1825 5507 καὶόὕτωςέὶς
1855 5433 1956 5488 ἀεί.
1993 5432 2091 5507 Καί
2122 5434 2181 5507 G.
2216 5451 2282 5507 ex
2316 5435 2584 5507 conject.,
2613 5430 2789 5507 εἷ’σοισιΔ
2815 5426 2939 5507 οόᾱἐ
2978 5432 3257 5503 ipsius,in
3293 5433 3405 5507 cuj.
3428 5449 3610 5507 marg.
3630 5426 3795 5507 ἶ’σᾳσι.

390 5504 513 5589 Ruf.
533 5513 667 5595 .Re’c.
700 5525 756 5595 γ,
786 5508 856 5561 30
890 5507 1000 5595 ενΙη
1027 5504 1257 5595 templis
1277 5514 1373 5562 aut
1402 5508 1559 5593 lueis.
1593 5508 1614 5541 ο
1642 5505 1849 5595 γίνεσθε
1880 5507 1938 5573 S,
1967 5505 2179 5595 γένεσθε
2209 5505 2269 5571 C,
2305 5510 2367 5560 Ο.
2438 5506 2492 5590 ξο
2522 5504 3052 5595 Ita‘explicranzlum
3085 5520 3247 5595 esse“
3266 5505 3497 5595 videtpr

3608 5504 3791 5557 ttobo-

394 5578 545 5652 niani
601 5567 835 5652 ἀμείνων
894 5577 983 5647 ἦν’
1028 5578 1080 5631 οἱ
1138 5567 1188 5631 ἒν
1246 5582 1535 5651 ποταμοῖς,
1568 5567 1665 5650 ap:
1713 5580 1755 5636 C
1810 5567 2029 5649 ἄμεινον
2060 5578 2097 5647 ἡ
2131 5577 2183 5632 ἐν
2216 5567 2508 5648 ποταμοῖς.
2590 5567 2791 5649 1ίὺμῖςὺν
2823 5581 2879 5643 S,
2912 5573 3082 5629 αὐτῶν
3116 5575 3175 5645 C,
3209 5578 3267 5629 Ο.
3350 5575 3393 5610 ¹²
3425 5567 3547 5652 ὄφις
3580 5589 3695 5629 om.
3731 5576 3794 5630 Ο.

396 5649 443 5685 ’³
471 5646 695 5712 ἱπεικῶς
726 5649 794 5707 Ο.
