4086 6216
217 351 337 412 287

1039 353 1103 413 s.
1151 350 1597 412 CLEMENTIS
1639 350 1665 410 I
1711 346 1900 409 acM.
1949 348 2183 409 PONT.
2231 351 2490 412 oram
2536 352 2799 414 DUBIA.

3507 351 3625 412 288

218 485 437 553 injuste
466 482 676 539 ablatis
725 482 961 555 expleri.
1015 484 1172 554 Apud
1226 488 1456 538 vocatos
1495 487 1691 538 autem
1718 482 1862 563 deos

1977 500 2065 534 νον
2120 483 2463 557 κορεσθῆναι.
2526 485 2677 559 Παρᾶ
2736 482 2793 538 δὲ
2843 487 2959 545 τοῖς
3015 480 3336 557 λεγομένοις
3366 484 3507 543 θεοῖς
3560 482 3627 535 τὰ

216 574 509 627 contraria
536 574 988 643 peraguntur.Et
1020 572 1379 627 nonnullain
1413 572 1859 627 admirationem

207 662 459 731 justitire
490 660 873 728 denuntiatis,
908 677 1034 730 qua!
1065 660 1199 714 licet
1229 661 1426 715 omnia
1456 665 1740 731 praecepta
1769 675 1862 714 ex-

174 744 175 751 “
216 748 756 820 sequeremini,una
785 749 882 804 Dei
908 750 1235 820 ignorantio
1269 749 1483 803 sufficit
1516 751 1581 803 ad
1616 747 1864 819 punitio-

213 854 347 891 nem
379 842 655 891 vestram.
692 842 969 891 Caeterum
1022 839 1428 893 convenientes
1473 838 1543 892 ad
1576 838 1703 892 loca
1735 853 1860 907 quae

213 943 315 981 vos
347 926 419 980 iis
453 926 790 997 assignatis,
816 925 1082 981 alacriter
1112 926 1504 993 inebriamini,
1527 931 1585 981 et
1615 942 1745 980 aras
1768 942 1861 980 ac-

212 1016 483 1081 cenditis,
516 1032 762 1085 quarum
799 1015 969 1069 nidor
1014 1020 1257 1087 vagatus
1307 1032 1487 1071 caecos
1535 1015 1862 1084 surdosque

215 1104 459 1175 spiritus
490 1104 544 1157 vi
592 1120 700 1158 sua
747 1104 816 1158 ad
868 1104 1142 1158 odoratus
1183 1104 1373 1160 locum
1421 1106 1601 1159 ducit.
1653 1105 1863 1175 Sicque

212 1192 291 1247 ibi
328 1192 427 1246 alii
458 1192 723 1247 fanaticis
773 1192 1089 1262 furoribus,
1143 1193 1239 1247 alii
1288 1194 1560 1248 absurdis
1592 1192 1737 1247 cibis
1772 1208 1863 1247 re-

216 1281 470 1353 plentur,
501 1281 571 1335 ad
604 1281 903 1335 libidinem
937 1286 1245 1336 vertuntur
1277 1282 1469 1347 alii,ad
1506 1282 1657 1336 furta
1687 1277 1783 1336 alii
1808 1284 1865 1335 et

220 1369 526 1424 adulteria.
560 1369 706 1423 Nam
742 1370 853 1423 fusi
900 1368 1018 1423 illic
1068 1371 1373 1440 sanguinis
1418 1387 1596 1442 vapor
1644 1375 1700 1424 et
1741 1371 1862 1424 vini

218 1457 423 1511 libatio
456 1458 631 1511 etiam
666 1457 839 1511 satiat
863 1458 1125 1529 impuros
1158 1458 1421 1529 spiritus,
1450 1459 1547 1530 qui
1582 1458 1735 1513 intra
1764 1475 1863 1513 vos

220 1545 495 1600 occultati
551 1546 748 1601 omnia
795 1546 912 1601 haec
961 1548 1212 1601 reddunt
1260 1547 1480 1612 suavia,
1534 1551 1707 1618 atque
1762 1564 1866 1619 per

115 1660 118 1669 ι
218 1634 449 1689 somnia
480 1651 580 1688 vos
612 1633 775 1689 falsis
808 1635 1051 1706 spectris
1100 1636 1390 1703 irretiunt,
1424 1635 1865 1707 innumerisque

218 1722 700 1794 perpessionibus
733 1724 1001 1794 puniunt.
1037 1724 1175 1779 Eam
1209 1725 1509 1780 occasione
1540 1741 1861 1793 sacrarum,

217 1818 281 1866 ut
309 1816 538 1879 vocant,
571 1811 892 1867 hostiarum
944 1812 1147 1884 repleti
1189 1813 1328 1867 estis
1370 1812 1717 1868 truculentis
1749 1814 1863 1869 dze-
1894 1848 1942 1913 Β

220 1900 514 1967 monibus,
550 1900 649 1970 qui
682 1905 847 1955 caute
888 1918 991 1956 vos
1040 1902 1256 1957 inscios
1302 1902 1619 1973 perimunt,
1654 1908 1719 1957 ut
1749 1920 1861 1957 non

218 1989 483 2044 sentiatis
515 1989 694 2044 factas
725 1990 992 2045 insidias.
1026 1992 1305 2046 Przetextu
1341 1990 1632 2062 siquidem
1664 1992 1863 2063 cujus-

223 2077 378 2148 piam
412 2078 637 2148 injuriae
670 2077 755 2132 vel
790 2078 1160 2143 calamitatis,
1212 2080 1448 2145 amoris,
1481 2080 1599 2149 irae,
1647 2081 1864 2135 moesti-

221 2165 335 2234 tiaz,
371 2170 471 2221 aut
501 2166 706 2237 laqueo
739 2171 841 2222 aut
872 2184 1025 2238 aqua
1055 2168 1399 2236 sutiocant,e
1432 2168 1556 2223 loco
1581 2169 1862 2240 praecipiti

228 2255 530 2325 dejiciunt,
592 2255 905 2311 homicidio
937 2257 1050 2328 sui,
1092 2261 1193 2312 aut
1246 2257 1567 2329 apoplexia,
1618 2261 1722 2314 aut
1750 2258 1861 2314 alio

223 2344 424 2399 morbo
457 2362 487 2400 e
516 2345 632 2400 vita
663 2350 878 2418 cogunt
909 2346 1179 2418 migrare.

293 2611 441 2666 XVI.
493 2612 570 2666 Ex
614 2611 783 2667 nobis
832 2617 1027 2668 autem
1072 2614 1271 2670 nullus
1320 2614 1436 2670 tale
1485 2616 1624 2687 quid
1675 2621 1867 2689 potest

224 2701 364 2773 pati,
399 2701 498 2756 sed
548 2718 581 2755 a
628 2701 797 2756 nobis
848 2701 1140 2758 daemones
1190 2708 1556 2775 torquentur,
1608 2706 1867 2777 quando-

227 2790 463 2860 quidem
495 2788 554 2843 in
578 2788 833 2861 aliquem
862 2790 1205 2862 ingressi,ut
1224 2793 1449 2849 tardius
1472 2794 1862 2867 egrediantur,

224 2882 431 2949 rogant
461 2895 586 2934 nos.
621 2879 731 2933 Sed
766 2878 901 2934 licet
929 2880 1143 2950 aliquis
1180 2898 1191 2937 :
1230 2882 1291 2936 In
1324 2881 1430 2937 has
1462 2885 1865 2955 perpessiones

221 2965 490 3021 incidunt
521 2966 811 3022 interdum
845 2968 1020 3023 etiam
1054 2969 1293 3041 quidam
1327 2971 1428 3025 Dei
1459 2971 1727 3027 cultores.
1762 2972 1866 3028 Aio

224 3055 280 3109 id
312 3056 435 3109 fieri
470 3073 583 3111 non
612 3073 803 3127 posse.
835 3057 933 3112 Ille
964 3058 1145 3123 enim,
1174 3060 1245 3114 de
1275 3076 1390 3131 quo
1423 3060 1646 3132 loquor,
1683 3061 1870 3117 cultor

224 3144 324 3199 Dei
357 3149 466 3209 est,
500 3146 597 3215 qui
629 3162 757 3201 vere
788 3152 877 3200 est
921 3147 1018 3201 Dei
1052 3147 1258 3213 cultor,
1292 3167 1405 3204 non
1439 3150 1537 3221 qui
1587 3152 1869 3206 duntaxat

1972 567 2183 623 ἐναντία
2213 570 2440 645 γίνεται.
2474 572 2572 626 Καὶ
2622 571 2736 626 ἔνια
2765 572 2839 633 εἰς
2880 571 3215 641 κατάπληξιν
3276 568 3622 640 δικαιοσύνης

1971 657 2383 733 παραγγέλλετε
2418 664 2482 731 ¹⁴,
2517 663 2650 736 ἅπερ
2686 661 2847 715 εἶκαὶ
2898 663 3071 715 πάντα
3118 666 3324 714 ποιεῖτε
3369 660 3435 713 τὰ
3482 680 3620 733 παρ-

1971 746 2307 821 αγγέλματα,
2358 749 2514 822 μίαή
2548 750 2682 825 πρὸς
2734 751 2858 805 Θεὸν
2912 748 3104 824 ἄγνοια
3153 749 3311 816 ἱκανή
3363 749 3621 822 τυγχάνει

1970 836 2109 910 πρὸς
2149 838 2249 905 τὴν
2309 839 2428 901 καθ’
2484 839 2635 912 ὑμῶν
2690 838 2981 914 τιμωρίαν.
3018 836 3171 905 Πλὴν
3229 833 3621 912 συνερχόμενοι

1971 925 2047 985 εἷς
2076 924 2204 987 τοὺς
2239 926 2322 999 ὑφ’
2354 927 2505 999 ὑμῶν
2537 927 2721 990 αὐτοῖς
2772 926 3019 991 δοθέντας
3064 927 3265 988 τόπους
3312 923 3489 995 ἡδέως
3536 947 3625 998 με-

1971 1011 2225 1075 θύσκεσθε
2254 1014 2342 1067 καὶ
2406 1014 2627 1089 βωμοὺς
2693 1015 2968 1083 ἀνάπτετε,
3002 1015 3076 1068 ὦν
3113 1016 3147 1082 ἡ
3179 1012 3367 1067 κνίσσα
3427 1007 3623 1087 ῥεμϐο-

1975 1102 2105 1173 μένη
2166 1102 2254 1156 καὶ
2314 1104 2382 1157 τὰ
2432 1103 2611 1181 τυφλὰ
2666 1104 2754 1158 καὶ
2812 1106 2970 1178 κωφά
3044 1103 3323 1175 πνεύματα
3378 1099 3467 1155 διὰ
3520 1108 3624 1171 τῆς

1973 1188 2209 1259 ἐξουσίας
2266 1188 2384 1263 ἄγει
2444 1192 2519 1254 εἷς
2571 1192 2664 1247 τὸν
2717 1200 2817 1262 τῆς
2879 1193 3197 1270 ὀσφρήσεως
3228 1192 3401 1245 αὐτῶν
3429 1190 3621 1260 τόπον,

1970 1279 2069 1332 Καὶ
2129 1278 2300 1341 οὕτως
2360 1283 2466 1334 τῶν
2529 1280 2639 1335 ἐκεῖ
2694 1281 2744 1335 οἱ
2808 1281 2901 1349 μὲν
2932 1280 3331 1352 ἐνθουσιασμῶν
3370 1281 3435 1348 η,
3468 1278 3519 1332 οἱ
3566 1276 3625 1332 δὲ

1975 1369 2200 1443 βρωτῶν
2231 1368 2549 1425 ἀλλοκότων
2580 1369 3013 1443 ἐμπίμπλανται,
3046 1370 3098 1423 oi.
3131 1367 3188 1423 δὲ
3231 1368 3317 1422 ἐπὶ
3359 1368 3422 1422 τὸ
3467 1366 3624 1423 ἀσελ-

1970 1455 2172 1529 γαίνειν
2224 1456 2535 1531 τρέπονται,
2591 1457 2641 1509 οἱ
2690 1454 2747 1511 δὲ
2798 1455 2885 1511 ἐπὶ
2944 1454 3155 1518 κλοπὰς
3186 1456 3276 1510 καὶ
3307 1454 3527 1533 φόνους.
3559 1456 3622 1510 Ἡ

1971 1545 2075 1619 γὰρ
2109 1548 2207 1599 τοῦ
2258 1544 2368 1600 ἐκεῖ
2414 1542 2644 1619 αἵματος
2699 1544 3052 1617 ἀναθυμίασις
3110 1544 3199 1598 καὶ
3229 1546 3264 1613 ἡ
3297 1548 3403 1598 τῶν
3461 1541 3617 1597 oi'vwv

1973 1630 2179 1702 σπονδή
2239 1633 2330 1688 καὶ
2385 1634 2519 1689 αύτά
2564 1638 2607 1671 ¹⁶
2635 1640 2788 1710 κορεῖ
2832 1635 2900 1689 τὰ
2940 1634 3210 1709 ἀκάθαρτα
3256 1632 3555 1706 πνεύματα,
3590 1631 3623 1686 ἅ

1969 1743 2091 1776 τινα
2141 1720 2549 1799 ἐνδομυχοῦντα
2599 1727 2640 1760 ¹⁷
2691 1722 2767 1785 εἷς
2815 1723 2955 1796 ὑμᾶς
3007 1719 3317 1799 φιληδόνως
3367 1720 3512 1795 ἔχειν
3556 1722 3623 1775 τὰ

1975 1810 2086 1865 ἐκεῖ
2130 1816 2400 1883 ποιοῦσιν,
2433 1812 2523 1867 καὶ
2569 1811 2638 1867 δι’
2688 1812 2911 1887 ὀνείρων
2967 1812 3105 1884 ὑμᾶς
3152 1809 3462 1889 φαντασίαις
3502 1814 3625 1883 ψευ-

1974 1896 2086 1954 δέσι
2117 1895 2568 1976 περιϐάλλουσιν⁹
2600 1901 2690 1955 καὶ
2742 1899 2957 1974 μυρίοις
3004 1901 3289 1971 παθήμασι
3345 1903 3621 1975 τιμωροῦ-

1972 2010 2076 2044 σιν.
2112 1990 2382 2067 Προφάσει
2439 1989 2541 2065 γὰρ
2601 1994 2708 2044 τῶν
2768 1988 3077 2065 λεγομένων
3124 1986 3415 2063 ἱεροθύτων
3449 1986 3624 2062 χαλε-

1972 2083 2087 2132 πῶν
2156 2076 2427 2151 δαιμόνων
2494 2075 2858 2152 ἐμπίπλασθε.
2911 2077 2964 2132 οἳ
3008 2076 3098 2132 καὶ
3151 2076 3435 2155 φρονίμως
3485 2077 3626 2149 ὑμᾶς

1973 2165 2327 2231 λανθάνοντες
2385 2168 2712 2242 ἀναιροῦσιν,
2769 2166 2861 2221 τίνα
2922 2167 2997 2241 μὴ
3059 2173 3254 2235 συνῆτε
3313 2167 3466 2239 ὑμῶν
3518 2166 3622 2233 τὴν

1973 2252 2294 2327 ἐπιϐουλήν.
2330 2257 2599 2335 Προφάσει
2648 2258 2748 2333 γάρ
2798 2277 2945 2319 τινος
2995 2255 3250 2331 ἐπηρείας
3281 2255 3315 2324 ἢ
3359 2253 3558 2330 ἔρωτος
3586 2253 3621 2322 ἢ

1976 2345 2145 2419 ὀργῆς
2204 2347 2241 2415 ἢ
2298 2344 2541 2416 λύπηςῆ
2573 2345 2780 2422 ἀγχόνῃ
2842 2346 2871 2415 ’ἢ
2929 2342 3081 2399 ὕδατι
3130 2343 3403 2414 πνίξαντες
3434 2345 3471 2413 ἢ
3520 2343 3625 2398 ἀπὸ

1972 2440 2223 2510 κρημνοῦ
2255 2434 2506 2510 ῥίψαντες
2534 2436 2570 2504 ἢ
2603 2433 2923 2512 αὐτοχειρίᾳ
2951 2434 2987 2503 ἢ
3028 2431 3343 2504 ἀποπληξίᾳ
3388 2433 3425 2502 ἢ
3458 2431 3623 2506 ἑτέρῳ

1975 2523 2081 2579 τινὶ
2106 2523 2259 2578 πάθει
2289 2528 2387 2578 τοῦ
2421 2527 2514 2597 ζῇν
2552 2526 2882 2596 μεθιστᾶσιν.

2048 2615 2187 2667 XVI.
2219 2613 2402 2684 Ἡμῶν
2438 2609 2495 2666 δὲ
2527 2610 2705 2674 οὐδεὶς
2732 2611 2981 2667 τοιοῦτόν
3036 2632 3088 2667 τι
3134 2613 3323 2667 παθεῖν
3380 2607 3621 2677 δύναται,

1975 2699 2102 2757 ἀλλ’
2132 2700 2284 2756 αὐτοὶ
2318 2702 2403 2779 ὑφ’
2433 2704 2594 2774 ἡμῶν
2622 2699 2969 2770 κολάζονται,
3000 2700 3197 2755 ὁπόταν
3234 2696 3309 2762 εἴς
3355 2720 3478 2754 τινα
3521 2698 3624 2753 εἷσ-

1979 2790 2145 2852 ιόντες
2206 2787 2447 2867 βραδέως
2504 2788 2690 2860 ἐξιέναι
2748 2792 2897 2863 ἡμᾶς
2946 2788 3331 2866 παρακαλῶσιν
3365 2791 3431 2844 1⁸.
3468 2790 3616 2846 241

1972 2879 2129 2935 ’Λλλ’
2160 2880 2269 2955 ἐρεῖ
2294 2898 2399 2941 τις·
2433 2880 2590 2941 Ἴσως
2616 2879 2886 2941 τοιούτοις
2932 2880 3150 2942 πάθεσιν
3207 2876 3298 2932 καὶ
3357 2870 3618 2941 θεοσεϐῶν

1973 2990 2117 3031 τινες
2153 2967 2569 3024 ὑποπίπτουσιν.
2612 2968 2766 3040 Φημῖ
2801 2966 2882 3023 ὅτι
2921 2973 3082 3023 τοῦτο
3132 2964 3414 3023 ἀδύνατον.
3447 2973 3628 3021 Θεοσε-

1978 3053 2082 3126 ϐἡς
2112 3060 2214 3132 γὰρ
2242 3052 2399 3120 οὗτός
2448 3057 2608 3128 ἐστιν,
2643 3058 2700 3111 ’ὀν
2733 3060 2778 3093 ίθ
2806 3056 2915 3132 ἐγώ
2974 3078 3140 3128 φημι,
3175 3056 3201 3110 ὁ
3233 3050 3403 3117 ὅντως
3456 3055 3627 3109 θεοσε-

1978 3143 2101 3218 ϐὴς,
2137 3147 2243 3223 οὐχ
2274 3148 2331 3209 ὃς
2363 3145 2421 3201 ἂν
2459 3146 2619 3219 μόνον
2648 3144 2895 3221 λέγηται,
2929 3147 2957 3201 ὁ
2990 3142 3048 3200 δὲ
3077 3140 3245 3206 ὄντως
3277 3141 3350 3198 ὢν
3388 3147 3486 3198 τοῦ
3536 3140 3625 3196 δο-

225 3233 458 3288 dicitur.
495 3214 602 3297 Qui
634 3240 829 3290 autem
862 3236 992 3292 vere
1023 3242 1129 3304 est,
1164 3238 1387 3293 traditae
1420 3214 1531 3294 sibi
1564 3239 1708 3311 legis
1738 3257 1866 3311 per-

1981 3214 2161 3298 θέντος
2209 3214 2364 3309 ’ἀύτῷ
2422 3236 2589 3309 νόμου
2656 3234 2863 3291 ἐκτελεῖ
2916 3235 3013 3296 τὰς
3072 3234 3311 3308 πράξεις.
3370 3233 3490 3287 Ἐάν
3542 3253 3626 3293 τις

230 3322 351 3375 ﬁcit
393 3338 585 3393 Opera.
620 3323 679 3377 Si
730 3324 863 3395 quis
904 3326 1081 3395 impie
1128 3327 1327 3398 egerit,
1403 3327 1537 3399 pius
1612 3346 1725 3383 non
1758 3333 1867 3385 est.

228 3411 731 3474 Quemadmodum
758 3412 804 3468 si
838 3412 1162 3485 alienigena
1183 3415 1364 3487 legem
1391 3421 1599 3485 servet,
1628 3418 1868 3473 Judaeus

226 3505 341 3566 est;
374 3500 471 3570 qui
504 3516 636 3555 vero
659 3518 771 3555 non
803 3508 1106 3564 servat,est
1133 3503 1389 3575 gentilis.
1421 3505 1658 3562 Judazus
1688 3507 1867 3575 enim,

230 3588 346 3643 Deo
377 3590 639 3657 credens,
675 3589 861 3662 legem
894 3591 1119 3663 implet,
1153 3609 1255 3664 per
1284 3610 1461 3664 quam
1496 3595 1667 3650 fidem
1695 3595 1868 3651 etiam

226 3677 339 3733 alia
370 3678 523 3733 mala
569 3680 866 3735 montibus
916 3679 1133 3736 similia
1178 3686 1234 3737 et
1279 3683 1626 3754 gravissima
1674 3688 1870 3741 trans-

224 3768 335 3822 fert
365 3768 462 3839 (a).
496 3768 604 3833 Qui
652 3785 784 3823 vero
833 3786 945 3824 non
995 3771 1330 3842 exsequitur
1384 3772 1594 3844 legem,
1645 3772 1868 3829 clarum

226 3861 338 3924 est,
379 3857 532 3927 quod
582 3873 694 3911 non
743 3857 1031 3913 credendo
1079 3859 1138 3913 in
1187 3860 1369 3915 Deum
1421 3862 1485 3915 fit
1544 3863 1868 3934 transfuga,

228 3944 477 4016 ideoque
509 3951 776 4017 peccator
794 3946 952 4002 velut
979 3964 1349 4020 nequaquam
1370 3950 1611 4006 Judaus
1637 3956 1873 4022 propter

232 4039 535 4105 peccatum
568 4052 602 4091 a
630 4036 1064 4092 calamitatibus
1113 4037 1425 4110 subigitur,
1479 4056 1606 4111 quae
1661 4040 1731 4094 ad
1764 4057 1869 4111 pu-

232 4122 476 4178 niendos
506 4129 835 4193 peccatores
884 4127 1211 4180 constitutae
1260 4131 1418 4182 sunt.
1451 4129 1594 4182 Nam
1628 4127 1871 4183 consilio

235 4208 358 4276 Dei,
391 4214 546 4283 quod
580 4213 649 4268 ad
702 4213 868 4269 initio
921 4216 1210 4269 sancitum
1268 4215 1399 4281 fuit,
1436 4215 1591 4271 illius
1622 4217 1872 4272 cultores

223 4302 385 4371 juste
416 4306 650 4373 propter
669 4302 880 4358 delicta
901 4320 1067 4375 pcena
1089 4304 1485 4375 consequitur.
1510 4306 1671 4371 Quod
1694 4306 1869 4376 ﬁt,ut,

228 4395 538 4461 postquam
588 4407 757 4462 paena
787 4392 857 4446 de
905 4397 1136 4461 peccato
1166 4393 1323 4447 velut
1353 4394 1544 4448 debito
1576 4411 1676 4465 per
1704 4411 1871 4449 vexa-

231 4480 449 4533 tionem
484 4480 769 4534 rationem
821 4480 1135 4552 repetierit,
1178 4498 1483 4537 conversos
1514 4482 1781 4538 homines
1812 4484 1871 4537 in

1977 3320 2236 3399 ἀσεϐήσῃ,
2287 3320 2511 3394 εὐσεϐὴς
2563 3325 2662 3379 οὑκ
2717 3323 2875 3379 ἔστιν.
2935 3326 3134 3397 Ὅνπερ
3187 3322 3386 3398 τρόπον
3449 3320 3534 3376 ἐὰν
3596 3322 3623 3375 ὁ

1978 3412 2298 3491 ἀλλόφυλος
2355 3414 2446 3468 τὸν
2505 3413 2674 3486 νόμον
2731 3411 2924 3488 πράξῃ,
2974 3409 3235 3472 Ἰουδαῖός
3321 3409 3478 3465 ἐστιν’
3543 3410 3618 3481 μὴ

1977 3504 2178 3577 πράξας
2239 3501 2317 3572 δὲ,
2347 3501 2577 3572 Ἕλλην.
2611 3503 2672 3559 Ὀ
2717 3503 2822 3577 γὰρ
2881 3498 3143 3562 Ἰουδαῖος
3188 3497 3456 3555 πιστεύων
3504 3502 3620 3569 Θεῷ

1977 3598 2125 3648 ποιεῖ
2151 3593 2242 3648 τὸν
2272 3591 2441 3664 νόμον
2470 3588 2621 3661 ²⁰,δι’
2639 3594 2703 3659 ἧς
2726 3591 2958 3651 πίστεως
2978 3590 3155 3644 καὶτά
3185 3586 3330 3644 ἄλλα
3356 3587 3422 3642 τὰ
3452 3581 3628 3660 ὄρεσιν

1981 3679 2195 3736 ἐοικότα
2249 3680 2339 3735 καὶ
2402 3682 2669 3755 βαροῦντα
2748 3677 3031 3751 μεθίστησι
3105 3675 3273 3747 πάθη.
3312 3678 3373 3733 Ὁ
3431 3672 3489 3730 δέ
3550 3675 3625 3748 μὴ

1980 3774 2149 3825 ποιῶν
2183 3768 2275 3823 τὸν
2305 3767 2473 3840 νόμον
2509 3764 2767 3835 δηλονότι
2799 3768 2842 3801 ²¹
2876 3764 2935 3819 ἐκ
2962 3768 3059 3818 τοῦ
3094 3764 3169 3835 μὴ
3215 3762 3481 3817 πιστεύειν
3514 3765 3628 3833 Θεῷ

1981 3862 2316 3929 λιποτακτεῖ,
2350 3856 2438 3911 καὶ
2461 3855 2635 3917 οὕτως
2666 3856 2740 3917 ὡς
2773 3854 2899 3928 οὐχὶ
2933 3855 2979 3890 ²²
3004 3850 3267 3914 Ἰουδαῖος
3300 3850 3627 3927 ἁμαρτωλὸς

1982 3943 2071 4001 διὰ
2098 3948 2199 4015 τὴν
2234 3944 2496 4021 ἁμαρτίαν
2532 3943 2895 4017 ἐπικρατεῖται
2930 3941 3033 3995 ὑπὸ
3059 3944 3168 3995 τῶν
3219 3939 3296 4001 εἷς
3341 3939 3406 3993 τὸ
3452 3958 3625 4009 τιμω-

1984 4039 2092 4111 ρεῖν
2140 4034 2267 4096 τοὺς
2326 4032 2727 4109 ἁμαρτάνοντας
2784 4031 3133 4095 καθεστώτων
3192 4030 3402 4086 παθῶν.
3441 4024 3627 4098 Βουλῇ

1982 4110 2115 4179 Θεοῦ
2168 4127 2237 4197 τῇ
2294 4122 2550 4199 ἀπαρχῆς
2610 4119 2879 4194 ὁρισθείσῃ
2935 4116 3159 4179 δικαίως
3214 4122 3329 4179 τοῖς
3384 4110 3628 4171 σέϐουσιν

1983 4212 2139 4267 αύτὸν
2208 4212 2664 4288 παραπτωμάτων
2725 4209 2887 4284 χάριν
2947 4210 2982 4276 ἡ
3042 4205 3283 4279 τιμωρία
3334 4201 3540 4273 ἕπεται,
3599 4204 3628 4257 ’ὀ

1980 4301 2204 4377 γίνεται,
2228 4298 2321 4354 τίνα
2351 4301 2424 4361 ὡς
2456 4296 2738 4377 ὀφείλημα
2777 4295 2866 4351 διὰ
2893 4303 2993 4365 τῆς
3029 4293 3261 4371 βασάνου
3290 4293 3632 4363 ἀπαιτήσασα

1980 4391 2080 4459 τήν
2138 4389 2402 4463 ἁμαρτίαν
2459 4389 2587 4450 τοὺς
2642 4387 3062 4461 ἐπιστρέψαντας
3130 4381 3397 4455 καθαροὺς
3464 4380 3513 4436 ἐν
3561 4383 3631 4453 τῇ

1981 4484 2087 4535 τῶν
2115 4477 2259 4533 ὅλων
2294 4479 2612 4554 παραστήσῃ
2641 4478 2687 4513 2³
2716 4475 2906 4549 κρίσει.
2941 4480 3025 4534 Ὡς
3064 4472 3167 4547 γὰρ
3215 4476 3332 4533 τοῖς
3381 4474 3567 4531 κακοῖς
3595 4471 3630 4539 ἡ

234 4574 577 4623 cunctorum
603 4568 826 4639 judicio
858 4586 1035 4641 puros
1089 4576 1478 4642 repraesentet.
1528 4572 1690 4627 Sicut
1719 4573 1866 4627 enim

1985 4569 2207 4623 ἐνταῦθα
2244 4568 2420 4645 τρυφὴ
2476 4566 2552 4628 εἲς
2606 4565 2804 4636 ζημίαν
2858 4562 3091 4617 αἰωνίων
3137 4561 3349 4635 ἀγαθῶν
3406 4560 3631 4635 γίνεται,

232 4658 516 4727 improbis
549 4663 861 4729 praesentes
893 4659 1110 4715 delicia:
1142 4661 1199 4714 in
1232 4661 1511 4716 damnum
1546 4660 1875 4716 futurorum

235 4747 524 4802 bonorum
558 4748 791 4813 cedunt,
825 4748 905 4803 ita
938 4748 1225 4820 supplicia
1271 4749 1452 4822 lapsis
1482 4750 1540 4805 in
1573 4756 1875 4823 peccatum

238 4835 457 4892 Judaeis
505 4838 821 4892 mittuntur
868 4838 939 4893 ad
989 4836 1368 4909 exactionem,
1402 4842 1466 4893 ut
1512 4844 1739 4911 recepta
1782 4839 1876 4894 hic

232 4922 429 4979 delicti
460 4941 629 4995 poena
669 4942 702 4980 a
753 4926 946 4981 futura
998 4924 1116 4980 illic
1146 4929 1362 4981 aeterna
1388 4927 1765 4999 damnatipne
1812 4927 1877 4982 li-

236 5011 535 5069 borentur.

302 5130 381 5201 (a)
413 5128 616 5185 Matth.
648 5146 787 5198 xvu,
823 5130 908 5185 19.

1987 4657 2158 4719 οὕτως
2210 4657 2263 4710 αἱ
2323 4654 2583 4731 τιμωρίαι
2664 4658 2780 4715 τοῖς
2859 4650 3291 4727 παραπίπτουσιν
3353 4645 3633 4706 Ἰουδαίοις

1986 4744 2293 4819 πέμπονται
2339 4743 2415 4806 εἰς
2468 4739 2855 4816 ἔκπραξιν,“ίνα
2912 4740 3137 4802 ἐνταῦθα
3193 4735 3561 4797 ἀπολαύοντες
3589 4737 3636 4771 ²⁴

1986 4834 2048 4890 τὸ
2079 4835 2427 4911 παράπτωμα
2454 4839 2556 4903 τῆς
2587 4831 2696 4887 ἐκεῖ
2750 4827 3141 4903 ἀπαλλαγῶσιν
3190 4824 3412 4888 αἰωνίοις
3465 4822 3634 4880 κολά-

1988 4944 2147 4985 σεως.

1582 5228 1816 5286 νΑΡιΙιΈ
1854 5226 2268 5285 LEGTIONES.

308 5337 351 5408 1“
376 5330 821 5408 παραγγέλλεται
854 5337 950 5408 O.__
999 5334 1040 5369 1⁸
1069 5331 1439 5408 ἐνθουσιασμῴ
1470 5335 1530 5403 C,
1565 5331 1950 5408 ἐνθουσιασμοῦ
2127 5334 2172 5408 ξδ
2203 5331 2337 5408 αὐτῇ
2370 5330 2785 5408 Οεῖλςοιξοηθω
2807 5325 3629 5408 Qttoboniani‘prissagivitj.

237 5410 279 5480 ἔτ
313 5397 833 5480 ἐνδομοχιοῦντα-Ο.
855 5475 866 5480 _
912 5406 954 5438 ³⁸
983 5397 1385 5480 παρακαλοῦσιν
1412 5397 1473 5462 Ὁ.
1518 5397 1596 5480 Ἀίθ
1625 5404 1681 5458 ὅν
1715 5397 2084 5480 praatermisit
2186 5422 2235 5461 c.
2270 5397 2348 5459 Cl.
2414 5404 2470 5480 "0
2501 5404 2669 5480 Sede_
2694 5400 2979 5480 vocabuli
3022 5397 3250 5480 mutata
3304 5397 3433 5480 lego
3468 5416 3481 5453 :
3517 5397 3635 5480 Ἐἀν

237 5479 261 5531 ὁ
298 5469 588 5532 τῖλ)..’τ.’ν.
634 5496 723 5549 πρ.
851 5475 956 5530 ἐστ.
1104 5474 1300 5550 πράξας
1332 5474 1387 5531 δὲ
1415 5469 1959 5550 Ἰουδαῖος,”Έλληνο
1994 5477 2050 5528 Ὀ
2081 5476 2191 5550 γὰρ
2241 5472 2520 5550 πιστεύων⁸
2568 5469 3254 5550 Θεῷηποιεῖντὸνηνόμοιρ
3310 5469 3423 5524 Hoc
3463 5470 3634 5525 modo

236 5551 467 5621 elegans
530 5542 685 5621 nasci
743 5548 970 5621 videtur
997 5542 1326 5621 antithesis
1356 5550 1418 5603 Ι).
1493 5551 1533 5583 ²¹
1569 5542 1736 5616 δῆλον
1771 5547 1853 5602 ὅτι
1885 5542 1943 5603 C.
1976 5542 2521 5621 Τυώίλειποτακτεῖ
2544 5550 2619 5621 υ..
2659 5542 2729 5621 ν²ξ
2759 5542 2857 5621 ούκ
2886 5548 2949 5599 Ο.
3100 5542 3257 5621 κει-Ο
3293 5557 3343 5596 c.
3378 5549 3433 5607 ὃ,
3462 5560 3633 5615 παρα-

233 5611 416 5691 στήῗηι
448 5626 505 5675 (1.
584 5622 631 5655 2‘
657 5616 1023 5692 ἀπολαύοντες
1061 5622 1146 5690 D.,
1181 5619 1281 5691 qui
1308 5620 1548 5692 insuper
1576 5611 1857 5692 eaemplis
1888 5620 2307 5692 comprobavit,
2337 5633 2538 5692 vocem
2594 5611 2887 5692 ἀπολαύειν
2943 5613 3217 5687 conjungi
3276 5627 3446 5687 posse
3501 5611 3635 5669 cum

230 5686 370 5749 casu
401 5692 749 5762 accusativo,
792 5697 965 5764 atque
997 5686 1153 5749 haud
1184 5686 1313 5747 raro
1344 5686 1501 5748 sumi
1532 5692 1589 5747 in
1622 5686 1837 5749 malam
1866 5686 2114 5765 partem.
2148 5692 2207 5749 S.
2239 5686 2607 5750 ἀπολαυόντες
2638 5687 2700 5756 ο,
2732 5691 2797 5743 Ο.
