4086 6216
463 431 584 492 289

1604 429 2136 490 CLEMENTINA.
2171 462 2246 470 —
2280 428 2601 488 IIOMILIA
2643 429 2747 488 XI.

3765 440 3882 500 290

542 563 698 618 242
751 561 924 617 XVII.
975 561 1153 633 Ὑμεῖς
1214 557 1270 615 δὲ
1323 563 1490 615 ταῦτα
1539 559 1706 614 εἰπεῖν
1769 558 1831 613 οὑ
1881 557 2122 627 δύνασθε,

2309 559 2473 614 XVII.
2505 559 2622 616 Vos
2651 576 2784 614 vero
2844 560 2964 615 haec
2997 562 3186 619 dicere
3244 581 3358 619 non
3419 567 3681 638 potestis,
3740 568 3880 639 quia
3966 613 3968 616 .

470 650 534 704 οὑ
578 651 684 724 γαρ
736 648 1012 704 πιστεύετε
1057 651 1125 704 τὰ
1173 649 1282 704 ἐκεῖ
1329 649 1463 703 εἶναι
1511 649 1588 710 ὡς
1635 651 1797 721 ἡμεῖς
1841 645 2070 723 λέγομεν
2104 692 2119 718 ,

469 736 619 813 λέγω
650 735 741 808 δὴ,
788 736 924 792 ὅπου
974 744 1132 792 πᾶσιν
1165 739 1200 808 ἡ
1233 736 1591 799 ἀνταπόδοσις
1635 736 1860 813 γίνεται.
1901 735 1978 794 Οὗ
2009 733 2123 791 ἓνε-

467 845 557 879 κεν
621 827 936 902 ἀγνοοῦντες
995 827 1057 880 τὸ
1114 826 1388 902 συμφέρον
1449 827 1552 880 ὑπὸ
1619 830 1722 880 τῶν
1782 825 2126 900 προσκαίρων

468 914 685 985 ἡδονῶν
723 917 799 988 μη
843 910 1029 969 λαϐεῖν
1075 914 1142 968 τὰ
1187 914 1379 968 αἰώνια
1428 913 1778 990 ἐνεδρεύεσθε.
1829 915 1922 968 Διὸ
1960 916 2126 986 ἡμεῖς

466 1009 568 1059 τοῦ
620 1005 992 1082 συμφέροντος
1039 1003 1165 1075 ὑμῖν
1207 1005 1302 1064 τὰς
1347 1001 1645 1073 ἀποδείξεις
1696 1008 1871 1058 ποιεῖν
1924 1003 2129 1077 πειρώ-

473 1089 754 1164 μεθα,’ἶνα
794 1090 1306 1169 πληροφορηθέντες
1354 1091 1478 1167 περῖ
1521 1095 1627 1145 τῶν
1677 1097 1778 1160 τῆς
1825 1085 2128 1151 θεοσεϐείας

469 1179 911 1254 ἐπαγγελμάτων
982 1177 1071 1234 διὰ
1120 1183 1228 1234 τῶν
1289 1178 1506 1254 ἀγαθῶν
1560 1178 1802 1254 πράξεων
1865 1176 2132 1248 δυνηθῆτε

469 1268 563 1324 σὺν
599 1272 737 1341 ἡμῖν
767 1269 831 1323 τὸ
870 1267 1078 1324 ἄλυπον
1133 1268 1305 1322 αἰῶνα
1351 1267 1789 1344 κληρονομῆσαι.
1822 1269 2000 1343 Μέχρι
2034 1266 2129 1339 μὲν

472 1355 566 1412 οὖν
599 1357 888 1434 γνωρίσετε
935 1360 979 1394 ³⁵
1035 1358 1202 1430 ἡμᾶς,
1251 1357 1328 1428 μῆ
1379 1355 1741 1431 χαλεπαίνετε
1782 1358 1918 1428 ἡμῖν
1971 1358 2016 1392 ²⁶
2060 1354 2134 1416 ὡς

471 1445 840 1520 ψευδομένοις
893 1446 1017 1522 περὶ
1072 1447 1144 1500 ὧν
1205 1445 1331 1518 ὑμῖν
1389 1444 1617 1518 θέλομεν
1673 1443 1877 1500 καλῶν.
1928 1445 2004 1499 Τὰ
2029 1446 2134 1519 γὰρ

474 1537 618 1608 ἡμῖν
667 1534 989 1608 νομισθέντα
1044 1534 1225 1604 ἀληθῆ
1291 1555 1350 1589 τε
1394 1534 1483 1588 καὶ
1533 1533 1740 1610 ἀγαθὰ,
1787 1538 1954 1588 ταῦτα
2005 1533 2132 1606 ὑμῖν

476 1631 662 1700 φέρειν
696 1623 797 1677 οὑκ
825 1622 1217 1700 ἐφθονήσαμεν,
1259 1619 1404 1676 ἀλλὰ
1446 1621 1752 1676 τούναντίον
1805 1621 2134 1695 ἐσπεὺσαμεν

477 1711 969 1788 συγκληρονόμους
1019 1712 1158 1784 ὑμᾶς
1208 1718 1433 1780 ποιῆσαι
1467 1711 1703 1785 ἀγαθῶν,
1738 1713 1810 1765 ὧν
1857 1712 2020 1783 ἡμεῖς
2051 1732 2135 1765 νε-

476 1803 790 1874 νομίκαμεν
823 1804 887 1856 ³⁷.
921 1800 1075 1855 Οὕτω
1105 1802 1208 1875 γὰρ
1258 1801 1370 1875 χρὴ
1422 1801 1557 1875 πρὸς
1607 1799 1732 1862 τοὺς
1763 1799 2021 1861 ἀπίστους
2048 1799 2137 1855 λέ-

513 1912 537 1922 -
650 1894 672 1910 fl
810 1887 854 1908 ἢκ
917 1889 928 1910 τ
1053 1891 1103 1924 ﬂ.I
1287 1884 1310 1906 ,θ
1603 1889 1617 1910 \
1660 1887 1688 1909 ἰ’
1796 1891 1816 1920 1
1938 1911 1956 1922 ρ
2077 1888 2097 1924 ,9

475 1913 618 1966 γειν.
676 1893 774 1948 Οτι
807 1909 865 1945 οε
905 1889 1243 1962 αληθεδομεν
1283 1910 1454 1952 οντως
1494 1911 1618 1966 περι
1650 1911 1723 1943 ων
1757 1888 2011 1966 λεγομεν,
2044 1910 2142 1944 ουκ

481 1979 680 2042 ἄλλως
710 1977 1002 2050 δυνήσεσθε
1032 1976 1244 2050 εἰδέναι,
1280 1978 1365 2032 ἐὰν
1401 1980 1476 2052 μὴ
1527 1979 1789 2055 πρότερον
1819 1977 2142 2057 φιλαληθῶς

481 2069 856 2139 ὑπακοὺσητε.

555 2160 753 2215 XVIII.
789 2157 882 2212 Διὸ
933 2155 1020 2212 ἐπὶ
1049 2161 1146 2212 τοῦ
1194 2157 1491 2232 παρόντος,
1522 2157 1618 2211 κᾶν
1667 2157 1736 2212 τὰ
1789 2155 1956 2233 μυρία
2005 2157 2146 2231 ὑμᾶς

484 2250 516 2303 ὁ
551 2248 606 2302 ἐν
633 2247 760 2320 ὑμῖν
795 2244 1116 2322 ἐνδομυχῶν
1149 2248 1194 2283 2⁸
1224 2242 1368 2324 ὄφις,
1402 2245 1603 2309 κακοὺς
1651 2241 1944 2300 ὑποϐαλὼν
1995 2244 2149 2321 λογι-

488 2336 671 2409 σμοὺς
707 2337 798 2390 καὶ
843 2334 1137 2410 ἀσχολίας,
1185 2332 1476 2407 ἐνεδρεύειν
1525 2333 1654 2408 θέλῃ
1703 2337 1767 2408 ²⁰,
1801 2333 1927 2390 ἀλλ’
1971 2333 2061 2388 οὖν
2089 2355 2150 2411 γε

491 2425 655 2498 ὑμεῖς
724 2424 968 2502 ὀφείλετε
1045 2423 1213 2497 ταύτῃ
1291 2422 1504 2497 μᾶλλον
1571 2421 2150 2502 προσφιλονεικοῦντες

493 2515 646 2585 αὑτῷ
676 2517 914 2588 συνεχῶς
943 2514 978 2582 ἠ
989 2517 1103 2585 μῶν
1133 2515 1178 2550 3°
1207 2511 1512 2569 ἐπακούειν.
1555 2518 1645 2567 Δεῖ
1672 2513 1772 2588 γὰρ
1805 2510 2148 2588 συνεδρεύον-

494 2624 596 2665 τας
629 2602 771 2675 ὗμᾶς
801 2601 927 2664 τούς
978 2600 1183 2679 σφόδρα
1222 2602 1609 2674 ἠπατημένους
1642 2599 1856 2666 εἰδέναι,
1890 2605 2006 2663 πῶς
2037 2602 2149 2677 χρὴ

503 2689 720 2761 ἐπᾴδειν
754 2688 1153 2762 αὑτῷ.”Δλλως
1179 2687 1235 2744 δὲ
1256 2687 1537 2746 ἀδύνατον.
1559 2687 1804 2760 Ἐπᾴδειν
1826 2687 1883 2744 δὲ
1911 2692 1955 2727 δι
1982 2688 2151 2765 λέγω,

499 2784 585 2851 τῷ
633 2778 889 2855 λογισμῷ
939 2778 1338 2834 ἀντιτάσσεσθαι
1387 2784 1505 2841 ταῖς
1552 2784 1741 2841 κακαῖς
1793 2778 1965 2834 αὑτῶν
2018 2801 2154 2851 συμ-

504 2865 756 2930 ϐουλίαις
790 2871 942 2926 243
990 2867 1389 2940 μεμνημένους,
1436 2868 1520 2922 ὅτι
1569 2867 1859 2943 ὑποσχέσει
1904 2868 2156 2943 γνώσεως

505 2958 598 3011 ἀπ’
630 2958 812 3032 ἀρχῆς
843 2955 920 3029 τῷ
950 2957 1143 3029 κόσμῳ
1174 2956 1396 3011 θάνατον
1430 2955 1773 3032 ἐξειργάσατο
1802 2960 1870 3013 ³⁵³.

576 3053 717 3102 XIX.
765 3047 924 3103 ’Όθεν
982 3047 1010 3100 ὁ
1051 3048 1151 3114 τῆς
1205 3044 1460 3116 ἀληθείας
1514 3047 1803 3124 προφήτης
1866 3044 2011 3101 πολὺ
2065 3046 2155 3101 τὸν

502 3134 708 3207 κόσμον
760 3133 1180 3206 πεπλανημένον
1233 3131 1393 3196 εἰδὼς
1443 3134 1533 3188 καὶ
1580 3138 1647 3208 τῇ
1697 3133 1858 3206 κακίᾳ
1907 3135 2160 3208 συνθέμε-

503 3245 595 3278 νον
631 3221 761 3278 ἷδὼν
808 3222 907 3277 οὑκ
953 3223 1204 3298 ἠγάπησε
1253 3223 1352 3291 τῆν
1398 3223 1534 3297 πρὸς
1583 3222 1742 3278 αὑτὸν
1799 3223 2045 3299 εἰρήνην,
2080 3223 2156 3285 ὠς

504 3312 565 3366 ἐκ
591 3311 802 3382 πλάνης
853 3288 1110 3366 συνοὺσαν
1159 3313 1223 3347 ³³⁸
1275 3310 1357 3364 ὅτι
1411 3288 1486 3372 είς
1533 3309 1692 3372 τέλος
1740 3288 1978 3389 ἐπιτρέρει
2027 3317 2155 3367 πᾶσι
2188 3288 2230 3354 CI

505 3407 623 3463 τοῖς
680 3401 817 3477 πρὸς
865 3400 1052 3455 κακίαν
1113 3401 1618 3476 ὁμογνωμονοῦσιν,
1651 3401 1906 3474 παραθεὶς
1955 3403 2002 3438 ³⁴
2040 3401 2158 3456 ἀντὶ

507 3488 743 3560 πλάνης,
787 3493 902 3551 τοῖς
955 3491 1185 3562 νήψασιν
1229 3487 1410 3565 ὥσπερ
1440 3492 1548 3563 πῦρ
1596 3484 1852 3561 ἐμϐαλὼν
1892 3491 1991 3559 τῆν
2023 3491 2161 3544 κατὰ

505 3583 604 3633 τοῦ
673 3575 1075 3653 ἐνεδρενόσαντος
1135 3577 1300 3652 ὀργῆν
1381 3577 1625 3652 μαχαίρᾳ
1685 3577 1920 3633 ἐοικυῖαν
1954 3625 1970 3650 ,
2028 3599 2160 3655 προ-

507 3666 683 3742 τείνρς
734 3663 791 3720 δὲ
837 3669 882 3702 ³⁵
932 3665 1095 3741 λόγον
1145 3664 1354 3736 ἀναιρεῖ
1393 3665 1492 3733 τὴν
1543 3665 1761 3740 ἄγνοιαν
1805 3671 1874 3741 τῇ
1922 3667 2156 3742 γνώσει,

510 3755 691 3831 ὥσπερ
721 3754 935 3827 τέμνων
983 3753 1072 3808 καὶ
1121 3751 1378 3829 χωρίζων
1411 3758 1614 3822 ζῶντας
1645 3755 1750 3809 ἀπὸ
1788 3760 1894 3810 τῶν
1927 3760 2156 3832 νεκρῶν.

508 3849 617 3913 Τῆς
677 3843 772 3916 μὲν
821 3841 912 3897 οὖν
963 3841 1149 3904 κακίας
1210 3840 1313 3896 ὑπὸ
1365 3844 1466 3911 τῆς
1513 3842 1752 3917 νομίμου
1799 3846 2051 3920 γνώσεως
2081 3866 2158 3899 νι-

509 3930 763 4006 κωμένης
794 3930 1041 4004 πόλεμος
1075 3935 1288 4006 συνεῖχε
1330 3930 1395 3986 τὸ
1424 3931 1548 3989 πᾶν.
1601 3932 1891 4008 Σωτηρίας
1930 3932 2034 4009 γὰρ
2063 3932 2162 4009 χά-

512 4041 594 4095 ριν
629 4020 747 4082 υἱὸς
795 4019 1012 4090 ὑπείξας
1060 4019 1313 4082 ἀπειθοῦς
1364 4018 1663 4096 ἐχωρίζετο
1712 4023 1936 4098 πατρὸς,
1987 4023 2022 4091 ἢ
2071 4022 2161 4076 καὶ

511 4111 692 4185 πατὴρ
737 4109 949 4180 τέκνου,
999 4111 1034 4178 ἠ
1077 4113 1305 4163 τεκοῦσα
1353 4109 1640 4184 θυγατρὸς,
1689 4113 1724 4180 ἡ
1776 4112 2016 4186 θυγάτηρ
2052 4133 2161 4183 μη-

510 4199 658 4273 τρὸς,
707 4198 796 4252 καὶ
846 4199 983 4269 ἅπαξ
1033 4197 1084 4252 οἱ
1132 4199 1177 4236 ⁸⁸
1222 4203 1502 4273 συγγενεῖς
1547 4204 1823 4275 συγγενῶν
1871 4199 1960 4254 καὶ
2010 4199 2161 4278 φίλοι

515 4289 642 4357 συνή
651 4289 758 4342 θων
768 4330 782 4343 .

585 4381 696 4430 XX.
732 4375 834 4431 Καὶ
869 4375 944 4448 μὴ
995 4394 1075 4436 τις
1125 4372 1350 4449 λεγέτω·
1404 4379 1528 4437 Πῶς
1577 4379 1738 4429 τοῦτο
1785 4373 2014 4445 δίκαιον,
2047 4383 2164 4453 χω-

517 4466 754 4540 ρίζεσθαι
820 4469 994 4539 γονεῖς
1053 4464 1254 4518 τέκνων
1309 4463 1400 4517 καὶ
1455 4464 1617 4518 τέκνα
1669 4465 1871 4540 γονέων
1904 4492 1918 4534 ς
1952 4464 2166 4519 Δίκαιον

513 4554 604 4607 καὶ
635 4555 794 4609 πάνυ.
847 4552 907 4607 Et
955 4551 1059 4628 γὰρ
1101 4551 1368 4623 συνόντες,
1423 4552 1556 4624 μετά
1602 4557 1697 4607 τοῦ
1749 4551 1915 4625 μηδὲν
1971 4552 2165 4615 αὐτοὺς

2233 665 2346 702 non
2380 648 2637 715 creditis,
2697 665 2826 719 quae
2865 648 2982 703 illic
3013 658 3151 706 sunt
3197 669 3326 707 esse
3378 656 3877 723 quemadmodum

2236 737 2508 805 dicimus,
2543 737 2671 791 dico
2704 743 2921 805 autem,
2954 739 3051 793 ubi
3111 741 3340 796 cunctis
3387 743 3489 796 tiat
3546 744 3878 801 retributio.

2236 825 2511 888 Quocirca
2543 825 2697 896 quod
2750 831 2837 881 est
2870 827 3008 882 utile
3040 828 3397 900 ignorantes,
3426 848 3460 885 a
3512 834 3881 904 temporariis

2235 915 2652 986 voluptatibus,
2739 932 2810 970 ne
2877 921 3094 971 mterna
3145 918 3463 990 accipiatis,
3523 921 3878 993 decipimini.

2238 1003 2425 1068 Quare
2463 1021 2567 1058 nos
2616 1020 2914 1071 conamur,
2949 1007 3240 1061 commodi
3296 1008 3461 1062 vobis
3514 1010 3881 1080 probationes

2240 1092 2464 1157 afferre,
2489 1097 2554 1148 ut
2584 1092 2752 1164 plene
2784 1093 2923 1148 certi
2974 1095 3045 1148 de
3102 1097 3338 1166 pietatis
3396 1098 3884 1167 promissionibus

2240 1197 2343 1252 per
2364 1181 2514 1236 bona
2545 1198 2720 1253 opera
2749 1183 2989 1252 possitis
3021 1183 3326 1239 nobiscum
3363 1186 3559 1240 saaculi
3593 1188 3752 1258 quod
3783 1188 3900 1242 tri-

2243 1269 2403 1325 stitia
2431 1276 2596 1326 vacat
2652 1270 2908 1326 haeredes
2955 1273 3219 1328 existere.
3253 1273 3446 1329 Donec
3477 1274 3659 1347 igitur
3685 1293 3898 1346 cogno-

2243 1358 2422 1414 scatis
2454 1376 2579 1426 nos,
2613 1376 2684 1415 ne
2728 1360 2896 1416 nobis
2950 1362 3367 1431 succenseatis,
3423 1368 3702 1435 tanquam
3733 1382 3898 1420 men-

2243 1448 2465 1502 tiamur
2502 1447 2654 1502 circa
2682 1448 2834 1503 bona
2858 1465 2981 1518 quae
3011 1450 3175 1505 vobis
3224 1452 3516 1522 cupimus.
3551 1453 3685 1516 Quae
3735 1454 3894 1510 enim

2245 1536 2578 1606 putavimus
2610 1553 2744 1591 vera
2771 1542 2828 1592 et
2857 1539 3027 1604 bona,
3052 1555 3119 1594 ea
3141 1541 3214 1594 ad
3244 1557 3346 1595 vos
3375 1542 3581 1597 aII'erre
3630 1559 3745 1597 non
3801 1543 3894 1597 in-

2244 1625 2539 1692 vidimus;
2574 1627 2673 1680 sed
2703 1631 2907 1682 contra
2939 1627 3365 1693 festinavimus,
3400 1631 3636 1686 reddere
3658 1649 3759 1686 vos
3790 1633 3890 1687 bo-

2247 1730 2478 1781 norum,
2513 1731 2639 1785 quae
2690 1715 2978 1781 novimus,
3043 1715 3391 1772 cohzeredes.
3434 1720 3514 1773 Ita
3572 1719 3789 1792 quippe
3818 1721 3890 1775 ad

2249 1802 2511 1858 inﬁdeles
2546 1802 2904 1874 loquendum
2937 1810 3044 1859 est.
3081 1805 3240 1870 Quod
3275 1810 3470 1860 autem
3512 1807 3680 1877 plene
3729 1825 3895 1864 veros

2251 1892 2616 1962 proferamus
2647 1907 2968 1957 sermones,
3032 1910 3146 1947 non
3197 1892 3363 1948 aliter
3408 1896 3673 1966 poteritis
3733 1897 3901 1967 scire,

2255 1980 2369 2035 nisi
2402 1980 2562 2050 prius
2592 1996 2726 2035 cum
2759 1980 3020 2037 veritatis
3049 1982 3246 2037 studio
3278 1983 3554 2040 audiatis.

2326 2157 2521 2213 XVIII.
2558 2158 2924 2230 Quapropter
2954 2175 3131 2229 nunc,
3163 2158 3298 2214 licet
3329 2176 3590 2231 serpens,
3623 2161 3901 2232 quomin-

2254 2251 2352 2302 tus
2382 2247 2611 2301 habetis
2643 2246 2943 2312 latentem,
2992 2247 3152 2302 mille
3180 2249 3342 2303 vobis
3373 2249 3575 2304 tendat
3632 2249 3897 2322 insidias,

2259 2352 2464 2406 pravas
2496 2334 2860 2405 subjiciendo
2919 2336 3298 2409 cogitationes
3357 2341 3413 2392 et
3459 2337 3903 2408 impedimenta,

2260 2429 2518 2479 attamen
2549 2441 2615 2480 eo
2643 2425 2828 2495 magis
2858 2425 3140 2480 obsistere
3185 2431 3241 2480 et
3288 2425 3533 2492 debetis,
3567 2432 3623 2481 et
3669 2427 3905 2482 assiduo

2261 2529 2368 2568 nos
2394 2514 2612 2568 audire.
2649 2512 2886 2584 Oportet
2913 2513 3091 2583 enim,
3126 2519 3191 2568 ut
3219 2530 3340 2583 vos,
3373 2515 3470 2586 qui
3521 2515 3712 2570 fuistis
3745 2515 3908 2572 valde

2263 2601 2510 2673 decepti,
2544 2602 2953 2657 convenientes
2983 2603 3369 2674 cognoscatis,
3419 2619 3534 2674 quo
3582 2605 3754 2659 modo
3809 2603 3908 2660 ille

2263 2692 2655 2746 incantandus
2685 2691 2779 2746 sit.
2812 2692 2997 2746 Aliter
3023 2708 3154 2746 vero
3189 2691 3311 2746 ﬁeri
3348 2693 3568 2763 nequit.
3608 2695 3907 2750 lncantare

2267 2785 2459 2835 autem
2513 2780 2661 2848 dico,
2695 2786 2888 2836 mente
2952 2797 3274 2852 repugnare
3325 2782 3515 2851 pravis
3573 2783 3907 2839 daemonum

2267 2869 2528 2924 consiliis
2602 2886 2908 2936 memores,
2996 2886 3130 2924 cum
3207 2870 3593 2941 promissione
3652 2872 3907 2928 scientiae

2270 2957 2490 3012 mundo
2522 2958 2593 3011 ab
2625 2957 2792 3012 initio
2825 2961 3068 3013 mortem
3101 2975 3457 3030 procreasse.

2340 3045 2482 3100 XIX.
2519 3045 2682 3101 Unde
2713 3047 2968 3101 veritatis
3021 3047 3324 3118 propheta,
3381 3048 3573 3104 sciens
3625 3051 3912 3106 mundum

2271 3150 2497 3188 errasse
2529 3134 2870 3204 plurimum,
2903 3141 2959 3189 et
2990 3135 3174 3191 maliti
3196 3137 3614 3194 zeconsensisse
3641 3138 3913 3205 intuitus,

2273 3238 2386 3276 non
2419 3223 2691 3293 expetivit
2717 3240 2918 3295 pacem
2949 3240 3082 3278 cum
3130 3225 3249 3292 illo,
3285 3231 3348 3280 ut
3377 3242 3445 3281 ex
3493 3243 3686 3283 errore
3716 3229 3916 3284 consi-

2269 3316 2557 3379 stentem;
2593 3313 2691 3367 sed
2739 3330 2921 3383 usque
2977 3313 3049 3368 ad
3099 3315 3274 3369 finem
3306 3321 3548 3372 cunctos
3580 3317 3638 3371 in
3688 3318 3916 3374 malitia

2269 3400 2697 3456 consentientes
2727 3406 3041 3474 oppugnat,
3066 3406 3122 3457 et
3149 3402 3449 3458 veritatem
3480 3405 3540 3458 in
3596 3405 3789 3462 locum
3822 3424 3916 3461 er-

2269 3489 2417 3544 roris
2449 3489 2738 3560 proponit,
2772 3508 2837 3545 ac
2869 3490 3348 3562 resipiscentibus
3378 3492 3534 3548 velut
3561 3493 3755 3566 ignem
3801 3495 3911 3550 im-

2271 3578 2456 3632 mittit
2513 3577 2661 3633 iram
2711 3579 2990 3634 adversus
3045 3579 3472 3651 insidiatorem,
3532 3599 3660 3653 quae
3718 3583 3912 3655 gladio

2271 3667 2484 3722 similis
2523 3672 2614 3722 est
2667 3666 2766 3737 (a),
2822 3667 3162 3739 objectoque
3206 3685 3474 3724 sermone
3524 3671 3914 3741 ignorantiam

2271 3755 2601 3827 cognitione
2630 3754 2934 3822 interimit,
2989 3757 3154 3826 quasi
3187 3757 3460 3813 scindens
3512 3775 3577 3814 ac
3632 3776 3912 3830 separans

2269 3847 2428 3900 vivos
2460 3862 2494 3900 a
2523 3844 2790 3899 mortuis.
2813 3844 3012 3914 Itaque
3034 3844 3175 3898 dum
3208 3844 3431 3901 malitia
3463 3861 3564 3916 per
3584 3845 3908 3919 legitimam

2270 3933 2662 4006 cognitionem
2681 3931 3038 3997 vincebatur,
3058 3931 3276 3987 bellum
3299 3939 3509 3989 cuncta
3536 3935 3740 3990 tenuit.
3765 3935 3911 3990 Nam

2271 4027 2506 4095 propter
2535 4021 2782 4077 salutem
2839 4020 2998 4076 ﬁlius
3042 4022 3284 4076 credens
3313 4039 3347 4076 a
3392 4028 3557 4094 patre
3615 4024 3912 4080 incredula

2272 4111 2562 4184 separavit
2588 4127 2669 4175 se,
2701 4108 2789 4164 vel
2823 4114 2986 4180 pater
3009 4127 3044 4165 a
3073 4109 3213 4176 ﬁlio,
3234 4111 3482 4183 genitrix
3513 4129 3546 4166 a
3576 4111 3716 4182 ﬁlia,
3747 4111 3919 4169 ﬁliaa

2275 4207 2480 4266 matre,
2542 4203 2715 4270 atque
2766 4197 3004 4253 omnino
3058 4199 3806 4273 propinquispropinquis
3863 4206 3921 4257 et

2275 4288 2444 4345 amici
2473 4306 2505 4342 a
2533 4287 2946 4342 familiaribus.

2343 4377 2450 4432 XX.
2491 4376 2688 4447 Neque
2720 4376 2876 4430 dicat
2905 4375 3159 4447 aliquis:
3218 4377 3517 4440 Quomodo
3575 4378 3632 4433 id
3683 4379 3918 4449 justum

2276 4466 2467 4530 fuerit,
2503 4463 2759 4533 separari
2790 4470 3057 4533 parentes
3089 4482 3121 4518 a
3144 4464 3365 4530 liberis,
3401 4465 3614 4522 liberos
3646 4484 3680 4522 a
3709 4484 3918 4538 paren-

2275 4554 2454 4608 tibus.
2487 4552 2719 4606 Justum
2749 4557 2857 4621 est,
2889 4557 2945 4605 et
2993 4551 3179 4606 valde.
3225 4559 3371 4608 Nam
3416 4555 3464 4608 si
3515 4572 3631 4610 una
3681 4556 3914 4625 morati,

516 4641 772 4720 ὠφελεῖν,
820 4642 908 4695 καὶ
960 4639 1382 4695 συναπώλλυντο
1432 4640 1636 4714 αὑτοῖς,
1671 4646 1790 4703 πῶς
1842 4641 1904 4696 οὑ
1937 4639 2141 4697 δίκαιον

2279 4647 2662 4713 prmterquam
2694 4641 2846 4710 quod
2883 4639 3026 4694 nihil
3057 4641 3142 4695 eis
3196 4642 3528 4710 proderant,
3561 4644 3736 4700 etiam
3785 4661 3920 4700 cum

514 4731 606 4785 καὶ
639 4733 682 4767 ³⁷
715 4731 1058 4806 χωρισθῆναι
1089 4730 1179 4784 τὸν
1230 4730 1494 4797 σώζεσθαι
1532 4728 1760 4785 θέλοντα
1808 4729 1914 4785 ἀπὸ
1957 4736 2054 4786 τοῦ
2089 4733 2164 4804 μὴ

513 4818 791 4888 θέλοντος,
842 4817 1233 4881 συναπολέσθαι
1277 4814 1334 4870 δὲ
1364 4819 1410 4854 ³⁸
1445 4815 1782 4891 βουλομένου
1817 4837 1830 4888 ;
1864 4820 2002 4894 πρὸς
2042 4819 2171 4874 τοὺ-

515 4929 631 4970 τοις
663 4905 788 4962 οὐδὲ
835 4906 990 4964 αὑτοὶ
1040 4907 1092 4961 οἱ
1139 4906 1203 4962 τὸ
1252 4910 1496 4982 κρεῖττον
1548 4907 1861 4978 νενοηκότες
1896 4911 2174 4986 χωρισθῆ-

587 5046 665 5117 (a)
697 5045 904 5103 Matth.
935 5063 993 5116 x,
1023 5047 1112 5105 34.

2281 4731 2396 4787 illis
2422 4730 2715 4801 peribant,
2749 4746 2863 4800 quo
2896 4734 3065 4799 pacto
3092 4745 3323 4799 aequum
3357 4747 3470 4785 non
3529 4737 3619 4787 est
3665 4731 3926 4805 separari

2282 4836 2439 4886 eum,
2473 4818 2575 4890 qui
2607 4817 2818 4872 salvari
2840 4817 2986 4884 vult,
3019 4818 3091 4872 ab
3123 4835 3187 4872 eo
3223 4819 3321 4888 qui
3357 4836 3470 4874 non
3499 4821 3642 4888 vult,
3676 4822 3776 4878 sed
3809 4839 3928 4877 una

2282 4908 2471 4982 perire
2494 4907 2676 4980 cupit.
2707 4907 2793 4962 Ad
2849 4906 2990 4975 haec,
3044 4922 3160 4962 non
3194 4906 3301 4974 illi,
3331 4907 3430 4978 qui
3486 4910 3639 4981 quod
3695 4913 3930 4984 prastat

1876 5195 2117 5253 VARUE
2157 5196 2458 5254 LECTION
2467 5196 2567 5252 ES.

589 5322 636 5404 ξδ
666 5320 1049 5406 γνωρίζετεῆϐ.
1081 5324 1125 5359 ²⁶
1155 5322 1280 5406 ὑμῖν
1300 5321 1766 5406 EI:_F§‘IIII.I1'I“S.
1790 5322 1917 5406 “de.
1939 5321 2312 5406 lectione‘Ci.
2367 5323 2414 5404 τί
2455 5320 2784 5406 νενοήκαμεν
2942 5321 2986 5406 ἓξ
3034 5326 3118 5376 Ita
3161 5323 3205 5378 Ο
3245 5327 3302 5406 et
3347 5341 3414 5379 ex
3447 5324 3744 5406 “conjecta
3759 5322 3842 5406 C;2

519 5394 634 5465 cuj.
660 5388 1273 5470 κ’ῒιειςζυ-ξ-ἐνδομοιχῶν.Δ
1300 5397 1344 5430 ³ο
1374 5390 1842 5470 Ιῑεβηθέλειβ.
1889 5395 2135 5470 Ambigo
2186 5394 2594 5470 de‘scriptura
2646 5388 2780 5470 libri
2825 5392 3015 5470 Ottob.
3068 5395 3410 5470 nonuplena.
3445 5395 3489 5429 3°
3521 5388 3764 5470 saevo.
3801 5394 3844 5426 ³1
3878 5388 3936 5470 δέ

518 5461 610 5520 Orﬁ
643 5469 710 5520 Ο.
764 5466 812 5500 ³³
841 5465 987 5520 Vbb.
1027 5461 1428 5538 μεμνημένους,
1463 5461 2153 5544 ὅτιὺποσχέσειηγνώσεῖυς
2195 5465 2285 5544 ἀπ’
2314 5461 2492 5544 αρχῆς
2522 5466 2600 5532 τῷ
2649 5461 3112 5544 κόσμῳᾭξνατρν
3167 5461 3521 5544 ἐξέιργάσατο.
3551 5461 3797 5534 largitus
3851 5465 3938 5544 egt

518 5541 580 5591 Ο.
617 5537 665 5616 κῆ
690 5537 807 5592 Non
836 5534 1315 5610 conlinito'pa‘éem
1343 5537 1547 5593 mundo
1596 5539 1653 5591 in
1695 5534 1986 5616 'éi'rqrib'us
2016 5534 2676 5616 posito_dedit,"_liecgglf;
2719 5551 2796 5600 VI,
2847 5534 3118 5616 ’1-_Uf}d9_
3143 5534 3588 5616 οοηῖθέῐᾶνθπίω
3621 5551 3748 5588 esse
3789 5534 3932 5616 δεξί’

520 5609 777 5682 bendum
813 5604 1201 5682 συνεστῶτα-Β.
1232 5612 1278 5645 ³⁸
1312 5615 1451 5666 Post
1477 5605 1737 5682 πειραθείς
1789 5608 1952 5682 deest
1995 5604 2234 5678 aliquid,
2286 5604 2494 5682 supple
2539 5604 2799 5682 oinjﬂemv
2827 5605 3218 5682 vel_si_milem
3269 5609 3527 5682 aliquam
3569 5622 3787 5660 vocem.
3817 5605 3931 5682 Cltr.

521 5681 756 5765 [fecognz
785 5695 863 5748 v1,
893 5681 924 5733 4
954 5697 968 5736 :
1009 5680 1113 5736 Sed
1155 5683 1492 5765 ἰρηοναηγξαε
1539 5676 1660 5765 (,3st
1703 5680 1886 5765 ﬁngitis
1920 5676 2518 5765 ἐςιέηιὶίςικγηέρυεονίξαιἐξ
2553 5679 2802 5765 opposuzt
2850 5676 3079 5765 Deinde‘
3101 5695 3203 5765 ego
3237 5676 3607 5765 posta/tati,“
3639 5680 3930 5732 commate

521 5746 781 5821 distinxi,
814 5746 953 5820 non,
985 5757 1049 5807 ut
1073 5758 1154 5821 C.,
1175 5746 1323 5826 'post
1349 5746 1580 5826 νήψασιν
1611 5751 1670 5808 S.
1703 5750 1749 5787 ³⁸
1780 5746 1837 5804 δέ
1869 5751 1998 5809 add.
2033 5769 2086 5810 c.
2127 5753 2192 5809 Ο.
2223 5752 2268 5787 ³⁸
2292 5751 2346 5804 αἱ
2377 5754 2441 5807 Ο.
2474 5749 2517 5786 ³⁷
2542 5746 2632 5802 καὶ
2665 5747 2914 5804 accessit
2942 5765 3010 5804 ex
3039 5749 3081 5803 Ο
3112 5748 3155 5783 ³⁸
3185 5746 3274 5802 καί
3309 5749 3373 5806 Ο.
