4086 6216
180 433 285 491 291

1007 430 1070 490 S.
1119 426 1557 489 CLEMENTIS
1606 431 1625 487 l
1675 427 1861 488 ROM.
1910 428 2141 488 PUNT.
2188 426 2449 490 OPEIlA
2494 427 2752 488 DUBIA.

3461 434 3583 495 292

183 562 542 635 intelligunt,
572 562 785 618 vellent
833 564 1110 633 separari,
1170 563 1284 618 imo
1336 563 1511 620 simul
1573 576 1798 616 manere

1940 579 2026 613 ναι
2061 561 2211 616 244
2241 556 2466 632 ἤθελον,
2497 557 2644 615 ἀλλὰ
2690 565 2920 614 συνεῖναι
2970 560 3060 615 καὶ
3112 559 3340 642 ὠφελεῖν
3390 563 3583 627 αὐτοὺς

181 652 441 722 aliosque
472 651 779 707 meliorum
811 652 1167 724 expositione
1188 653 1414 723 juvare.
1448 652 1610 707 Unde
1640 651 1822 705 incre-

180 740 323 806 duli,
356 742 495 794 dum
554 741 830 795 nolebant
873 740 1095 811 audire,
1154 740 1267 811 ipsi
1314 745 1515 795 contra
1569 755 1667 794 eos
1718 754 1824 809 pu-

177 829 437 899 gnabant
468 844 570 899 per
599 830 1047 900 separationem,
1082 829 1564 900 persecutionem,
1598 826 1820 883 odium.

177 918 284 983 Qui
316 934 451 972 vero
481 918 594 973 ista
624 918 1011 984 sustinebant,
1070 918 1328 973 miserati
1360 934 1479 984 eos,
1514 917 1615 988 qui
1672 914 1821 986 ipsis

176 1025 279 1079 per
311 1007 699 1079 ignorantiam
727 1007 1177 1073 insidiabantur,
1212 1007 1473 1062 doctrina
1498 1004 1817 1078 prudentiae

166 1097 412 1151 orabant
441 1113 543 1167 pro
574 1097 943 1152 vexatoribus
974 1096 1121 1164 suis,
1150 1095 1398 1151 scientes
1433 1111 1671 1150 causam
1718 1095 1815 1148 de-

166 1184 285 1241 licti
318 1202 444 1241 esse
474 1185 889 1258 ignorantiam.
924 1187 1052 1257 Ipse
1094 1185 1251 1240 enim
1304 1185 1581 1257 Magister
1638 1182 1815 1238 clavis

165 1275 425 1330 confixus
460 1275 662 1330 orabat
684 1275 932 1341 Patrem,
967 1280 1031 1329 ut
1051 1274 1180 1345 ejus
1209 1273 1682 1329 interfectoribus
1732 1271 1815 1326 di-

162 1363 420 1418 mitteret
450 1368 774 1434 peccatum,
804 1362 1041 1419 dicens:
1076 1368 1264 1430 Pater,
1298 1363 1516 1418 dimitte
1546 1362 1661 1416 illis
1687 1374 1811 1432 pec-

158 1456 281 1507 cata
311 1468 435 1506 sua.
466 1453 585 1507 Non
613 1454 761 1507 enim
788 1453 972 1507 sciunt
1001 1467 1124 1523 quae
1152 1453 1372 1523 faciunt
1391 1450 1488 1523 (α).
1513 1450 1812 1505 Imitantes

162 1555 296 1610 ergo
322 1540 666 1612 Magistrum
700 1546 757 1595 et
783 1541 897 1611 ipsi
930 1540 988 1595 in
1020 1541 1092 1595 iis
1123 1558 1249 1612 qua:
1283 1540 1661 1611 patiebantur
1690 1554 1813 1593 ora-

163 1630 301 1682 bant
334 1646 435 1700 pro
468 1629 869 1694 afﬂictorihus,
903 1629 1402 1700 quemadmodum
1445 1626 1633 1682 edocti
1682 1625 1806 1680 fue-

159 1723 310 1770 rant.
337 1718 429 1772 Sic
448 1735 562 1773 non
585 1717 715 1772 odio
740 1724 1050 1788 parentum
1076 1718 1522 1789 separabantur,
1550 1715 1808 1786 quando-

161 1807 395 1875 quidem
428 1810 485 1861 et
513 1823 613 1878 pro
641 1806 733 1877 iis,
758 1806 858 1877 qui
890 1823 995 1861 nec
1026 1810 1192 1861 erant
1214 1809 1506 1877 parentes,
1539 1820 1641 1858 nec
1673 1819 1803 1873 pro-

158 1895 384 1966 pinqui,
420 1897 517 1950 sed
567 1894 811 1960 inimici,
863 1912 1063 1967 preces
1115 1895 1425 1949 continuas
1460 1892 1802 1958 fundebant,

155 1999 389 2054 eosque,
426 1983 764 2055 proutjussi
788 1989 971 2050 erant,
1010 1984 1350 2038 nitebantur
1370 1982 1633 2053 diligere.

224 2159 367 2215 XXI.
400 2159 537 2213 Mihi
569 2165 764 2214 autem
814 2159 992 2214 dicite
1021 2176 1143 2227 vos,
1177 2174 1292 2229 quo
1328 2156 1501 2212 modo
1534 2160 1805 2227 parentes

156 2249 414 2321 diligatis
436 2250 462 2304 ‘I
485 2248 767 2319 Equidem
787 2247 834 2303 si
856 2247 1313 2316 velutjustitiam
1335 2262 1568 2317 semper
1584 2243 1802 2314 intuiti,

158 2340 302 2393 bene
332 2343 454 2393 est:
490 2339 581 2393 sin
613 2354 744 2393 vero
774 2342 1010 2404 temere,
1036 2354 1150 2392 non
1184 2335 1441 2407 amplius
1498 2334 1661 2389 bene.
1698 2333 1800 2388 Po-

156 2428 321 2482 testis
353 2428 507 2482 enim
541 2443 778 2498 parvam
811 2427 882 2481 ob
916 2443 1153 2481 causam
1185 2440 1387 2480 eorum
1422 2424 1622 2478 hostes
1656 2421 1799 2477 ﬁeri.

158 2517 319 2580 Quod
351 2518 397 2571 si
430 2515 595 2587 gnari
628 2515 895 2585 diligitis,
930 2515 1125 2581 dicite,
1167 2514 1307 2585 quid
1341 2513 1462 2568 sint
1510 2517 1799 2583 parentes.

156 2604 605 2674 Respondebitis
635 2620 646 2658 :
673 2604 915 2674 originis
932 2609 1221 2658 auctores.
1253 2607 1367 2656 Cur
1396 2616 1541 2672 ergo
1564 2603 1799 2655 cuncta-

152 2710 285 2747 rum
316 2709 511 2748 rerum
563 2691 846 2763 originem
891 2692 1068 2746 Deum
1101 2708 1214 2746 non
1268 2691 1502 2759 amatis,
1536 2688 1586 2744 si
1635 2689 1797 2759 justo

142 2781 365 2852 judicio
393 2782 501 2836 hoc
533 2780 877 2852 suscepistis
910 2778 1139 2836 facere?
1168 2780 1277 2834 Sed
1310 2784 1366 2834 et
1413 2780 1539 2849 jam
1572 2777 1795 2843 dicetis,

148 2870 316 2925 illum
349 2888 464 2925 non
519 2870 809 2925 novimus.
861 2870 1046 2933 Quare
1090 2869 1270 2940 igitur
1302 2885 1415 2923 non
1477 2866 1796 2939 percontati

151 2960 340 3015 colitis
372 2976 550 3015 sensu
578 2958 902 3015 destituta?
960 2959 1106 3023 Quid
1139 2974 1271 3013 vero
1293 2957 1320 3011 ‘?
1367 2962 1423 3012 et
1453 2956 1501 3011 si
1561 2954 1797 3011 ditﬁcile

151 3054 275 3104 erat
305 3049 465 3104 vobis
499 3064 845 3118 cognoscere
891 3047 1029 3119 quid
1059 3048 1135 3101 sit
1163 3046 1339 3114 Deus,
1393 3052 1450 3101 at
1479 3046 1620 3117 quid
1680 3061 1795 3099 non

150 3139 227 3191 sit
258 3138 430 3208 Deus,
456 3154 570 3192 non
594 3136 866 3209 potuistis
892 3152 1005 3190 non
1030 3135 1197 3202 scire,
1224 3134 1670 3206 utreputaretis,
1694 3148 1792 3187 ne-

149 3226 527 3298 quelignum,
560 3241 748 3297 neque
777 3224 1052 3296 lapidem,
1081 3239 1268 3294 neque
1289 3240 1386 3289 aes,
1414 3238 1602 3293 neque
1632 3220 1789 3276 aliud

148 3316 286 3387 quid
318 3332 385 3371 ex
408 3313 771 3387 corruptibili
793 3317 1068 3368 constans
1094 3312 1339 3367 materia
1360 3312 1544 3366 Deum
1566 3326 1715 3366 esse.

216 3422 379 3477 XXII.
412 3423 615 3477 Nonne
644 3420 799 3477 enim
831 3420 980 3475 ferro
1020 3418 1220 3473 caelata
1271 3422 1409 3473 sunt
1452 3416 1793 3485 simulacra,

147 3516 203 3566 et
234 3512 451 3566 ferrum
485 3511 637 3583 quod
670 3508 917 3580 sculpsit
942 3508 1077 3579 igne
1107 3506 1432 3562 emollitum
1452 3511 1622 3576 est,et
1642 3505 1796 3577 ignis

153 3617 308 3671 aqua
339 3598 731 3671 exstinguitur
748 3598 775 3653 ?
798 3606 885 3651 An
908 3614 1022 3652 non
1069 3612 1203 3650 vero
1221 3612 1376 3667 aqua
1402 3611 1503 3666 per
1521 3595 1793 3666 Spiritum

152 3696 433 3755 movetur,
474 3694 649 3759 atque
703 3687 947 3757 spiritus
978 3701 1011 3738 a
1046 3685 1156 3739 Deo
1216 3689 1559 3738 cunctorum
1592 3683 1797 3754 opiﬁce

150 3780 383 3834 initium
404 3778 703 3832 exstantia
723 3773 933 3829 habet?
955 3773 1049 3827 Sic
1067 3772 1221 3827 enim
1254 3772 1398 3826 dixit
1420 3773 1644 3843 Moyses
1667 3789 1797 3842 pro-

148 3869 358 3940 pheta:
392 3869 454 3922 1n
475 3866 758 3938 principio
787 3867 995 3918 creavit
1030 3864 1169 3916 Deus
1200 3863 1397 3916 caelum
1427 3871 1477 3915 et
1507 3871 1747 3915 terrram
1781 3877 1794 3916 :

143 3966 288 4013 terra
319 3965 501 4011 autem
552 3963 671 4009 erat
726 3953 1025 4008 invisibilis
1046 3954 1097 4005 et
1154 3952 1511 4021 incomposita
1543 3954 1593 4004 et
1651 3958 1793 4003 tene-

146 4046 260 4102 brae
289 4054 445 4101 erant
493 4060 660 4113 super
687 4044 967 4114 abyssum,
1001 4046 1053 4095 et
1084 4042 1315 4110 spiritus
1348 4040 1450 4094 Dei
1504 4038 1795 4109 ferebatur

138 4149 302 4204 super
359 4150 549 4204 aquas.
608 4132 715 4195 Qui
795 4130 1062 4201 spiritus,
1118 4130 1347 4183 dicente
1437 4128 1575 4194 Deo,
1634 4125 1793 4181 velut

144 4239 358 4278 manus
387 4221 574 4293 ipsius
605 4224 813 4275 cuncta
845 4218 995 4284 fecit,
1031 4218 1223 4271 lucem
1257 4218 1549 4285 separavit
1578 4234 1610 4270 a
1632 4221 1787 4271 tene-

144 4311 289 4377 bris,
320 4314 376 4365 et
406 4314 538 4381 post
560 4308 767 4363 ccelum
815 4305 1105 4361 invisibile
1135 4304 1364 4359 visibile
1394 4305 1693 4375 expandit,
1726 4307 1790 4358 ut

142 4398 447 4471 superiora
476 4397 547 4452 ab
580 4397 802 4469 angelis
833 4394 980 4449 lucis
1030 4394 1455 4459 habitarentur,
1516 4392 1791 4447 inferiora

139 4505 273 4543 vero
307 4488 378 4542 ab
411 4487 647 4542 homine
680 4501 795 4540 una
825 4500 958 4539 cum
990 4482 1266 4538 omnibus
1309 4486 1546 4554 propter
1592 4481 1786 4553 ipsum

141 4578 309 4633 factis
338 4575 907 4632 administrarentur.

211 4844 401 4900 XXIII.
432 4844 577 4900 Nam
630 4845 868 4915 prOpter
918 4844 975 4895 te
1031 4839 1329 4894 hominem
1367 4842 1515 4894 Deus
1570 4855 1785 4910 aquam

143 4953 269 5007 quae
298 4951 476 5005 supra
507 4933 713 4988 faciem
734 4936 899 4987 terra;
942 4935 1066 4984 erat
1088 4928 1272 4998 jussit
1293 4927 1557 4982 secedere
1587 4932 1652 4981 ut
1678 4927 1784 4982 tibi

137 5030 293 5079 terra
322 5023 547 5077 fructus
580 5023 776 5092 posset
823 5018 1178 5090 producere:
1233 5020 1290 5070 et
1344 5016 1477 5070 fecit
1532 5020 1779 5085 meatus,

140 5130 255 5184 quo
286 5112 475 5167 fontes
504 5110 606 5164 tibi
642 5108 939 5180 praeberet,
973 5122 1038 5161 ac
1069 5109 1419 5178 apparerent
1468 5104 1783 5161 ﬂuminum

205 5263 280 5335 (α)
314 5263 450 5318 Luc.
484 5277 641 5317 mu.
675 5260 763 5315 34.

1933 651 2002 721 τῇ
2035 652 2142 701 τῶν
2194 650 2509 725 κρειττόνων
2562 649 2853 726 ὖφηγήσει,
2907 648 3025 704 ὅθεν
3072 652 3124 705 οἱ
3172 653 3407 714 ἀπειθεῖς
3452 651 3587 707 ἐπα-

1932 735 2112 791 κούειν
2164 738 2339 793 αὐτῶν
2394 740 2468 812 μὴ
2517 738 2764 802 θέλοντες
2811 738 2963 793 αὐτοὶ
3011 738 3205 801 αὐτοὺς
3256 738 3583 815 ἐπολέμουν,

1932 825 2289 901 χωρίζοντες,
2342 825 2657 897 διώκοντες,
2712 831 3012 901 μισοῦντες.
3046 828 3112 884 Οἱ
3163 826 3219 883 δὲ
3267 834 3432 884 ταῦτα
3481 832 3583 885 πά-

1933 934 2179 990 σχοντες,
2214 914 2490 979 ἐλεοῦντες
2540 915 2735 978 αὐτοὺς
2786 919 2832 952 ³9
2880 915 2983 970 ὐπὸ
3042 916 3259 993 ἀγνοίας
3318 915 3587 994 ἐνεδρευο-

1934 1002 2162 1077 μένους,
2222 1003 2542 1077 διδασκαλίᾳ
2609 1007 2882 1081 ρον-ήσεως
2940 1002 3183 1080 ηἷίχοντο
3261 1007 3392 1085 ὑπὲρ
3470 1012 3577 1063 τῶν

1926 1092 1993 1146 τὰ
2041 1096 2085 1130 ⁴⁰
2140 1096 2278 1149 κακᾶ
2332 1094 2528 1157 αὐτοὺς
2585 1091 2994 1167 διατιθεμένων,
3048 1095 3147 1164 τήν
3212 1096 3427 1172 ἄγνοιαν
3482 1102 3577 1153 τοῦ

1928 1181 2319 1257 ἁμαρτήματος
2365 1181 2537 1237 αἰτίαν
2589 1182 2719 1238 εἶναι
2778 1182 3155 1256 μεμαθηκότες
3186 1227 3199 1240 .
3251 1183 3421 1246 Αὐτὸς
3469 1187 3572 1261 γὰρ

1925 1271 1954 1323 6
1998 1269 2331 1335 Διδάσκαλος
2386 1268 2769 1348 προσηλωθεὶς
2828 1268 3032 1347 ηὔχετο
3088 1276 3167 1344 τῷ
3216 1273 3409 1350 Πατρὶ,
3455 1279 3571 1337 τοῖς

1925 1360 2081 1414 αὐτὸν
2140 1361 2446 1430 ἀναιροῦσιν
2500 1361 2759 1439 ἀφεθῆναι
2818 1361 2881 1415 τὸ
2939 1362 3288 1437 ἁμάρτημα,
3352 1360 3521 1419 εἰπών
3554 1383 3568 1397 ·

1922 1451 2116 1521 Πάτερ,
2177 1446 2305 1526 ἄφες
2362 1448 2547 1511 αὐτοῖς
2601 1450 2697 1511 τὰς
2756 1448 3019 1525 ἁμαρτίας
3075 1449 3286 1519 αὐτῶν,
3344 1450 3408 1505 οὗ
3466 1452 3569 1527 γάρ

1921 1534 2126 1592 ο’ίδασιν
2186 1539 2218 1593 ἃ
2292 1543 2539 1593 ποιοῦσιν
2572 1582 2586 1596 .
2645 1537 2896 1611 Μιμηταὶ
2968 1537 3060 1593 οὗν
3128 1538 3407 1615 γινόμενοι
3473 1544 3570 1598 τοῦ

1919 1624 2254 1682 Διδασκάλου
2301 1628 2389 1682 καὶ
2421 1626 2594 1697 αὐτοὶ,
2631 1625 2683 1683 ἐν
2727 1628 2808 1689 οἷς
2857 1624 3120 1703 ἔπασχον,
3155 1626 3285 1701 ὑπὲρ
3314 1633 3420 1684 τῶν
3454 1626 3569 1684 δια-

1914 1712 2208 1788 τιθεμένῶν
2256 1714 2519 1792 ηὔχοντο,
2570 1716 2643 1779 ὡς
2695 1712 3081 1790 ἐδιδάχθησαν.
3136 1715 3320 1779 Οὕτως
3362 1717 3424 1772 οὐ
3475 1739 3570 1794 γο-

1914 1810 2023 1867 νεῖς
2073 1809 2359 1878 μισοῦντες
2407 1805 2759 1881 ἐχωρίζοντο,
2811 1804 2975 1859 ὁπότε
3024 1804 3113 1859 καὶ
3165 1804 3298 1882 ὑπὲρ
3340 1810 3450 1861 τῶν
3490 1808 3566 1879 μὴ

1915 1893 2115 1968 γονέων
2192 1891 2333 1967 μηδὲ
2408 1898 2678 1969 συγγενῶν
2720 1937 2734 1963 ,
2794 1892 3005 1968 ἐχθρῶν
3085 1890 3142 1948 δέ
3213 1894 3515 1970 γενομένων
3554 1937 3568 1963 ,

1913 1982 2127 2036 ἐποίουν
2160 1988 2399 2059 συνεχεῖς
2434 1983 2598 2059 εὐχὰς
2628 1986 2669 2020 ⁴¹
2703 1981 2792 2037 καὶ
2827 1982 3036 2058 ἀγαπᾷν
3065 1987 3358 2059 πειρῶνται
3390 1986 3435 2021 ⁶²
3483 1984 3569 2048 ὡς

1918 2069 2327 2142 ἐκελεύσθησαν.

1986 2161 2123 2217 ΧΧΙ.
2158 2158 2361 2216 Εἴπατε
2408 2157 2465 2216 δέ
2515 2182 2607 2235 μοι
2659 2160 2834 2234 ὑμεῖς,
2884 2164 3001 2223 πῶς
3050 2158 3176 2222 τοὺς
3215 2167 3393 2238 γονεῖς
3430 2161 3561 2237 ἀγα-

1913 2253 2047 2303 πᾶτε
2079 2267 2093 2318 ;
2125 2248 2171 2303 εἰ
2223 2251 2315 2322 μὲν
2370 2249 2443 2311 ὡς
2488 2250 2551 2304 τὸ
2600 2247 2806 2304 δίκαιον
2862 2247 2944 2304 ἀεὶ
2996 2253 3344 2320 σκοποῦντες,
3378 2249 3563 2306 συνεύ-

1913 2357 2109 2413 χομαι,
2171 2338 2215 2393 εί
2271 2337 2327 2393 δὲ
2385 2339 2460 2401 ὡς
2521 2336 2727 2415 ἔτυχεν,
2791 2338 2992 2411 οὐκέτι,
3055 2335 3278 2393 δύνασθε
3322 2340 3423 2415 γάρ
3471 2339 3560 2395 καὶ

1916 2431 2083 2500 μικρᾷ
2140 2426 2399 2504 προφάσει
2455 2426 2661 2482 τούτων
2721 2427 2966 2502 γενέσθαι
3028 2424 3237 2502 ἐχθροί.
3290 2426 3353 2482 Εἰ
3404 2424 3461 2482 δὲ
3492 2427 3562 2482 εἷ-

1912 2510 2061 2577 δότες
2091 2516 2345 2592 ἀγαπᾶτε,
2381 2515 2561 2571 εἴπατε
2611 2516 2786 2589 ὑμεῖς,
2835 2515 2887 2570 τί
2938 2514 3037 2570 εἶσι
3070 2518 3114 2552 ⁴³
3155 2521 3356 2591 γονεῖς.
3391 2518 3560 2591 Ἐρεῖ-

1908 2624 1985 2658 τε’
2020 2604 2211 2667 Γένους
2234 2604 2662 2681 ἀρχηγέται.Διὰ
2681 2604 2733 2658 τί
2757 2606 2849 2659 οὖν
2881 2604 2944 2659 τὸ
2974 2609 3079 2659 τῶν
3113 2603 3257 2659 ὅλων
3289 2605 3439 2681 γένος
3463 2604 3560 2661 οὐκ

1908 2695 2249 2767 ἡγαπήσατε,
2284 2691 2430 2767 εἷ’περ
2464 2691 2654 2766 δικαίῳ
2684 2695 2991 2771 φρονήματι
3014 2697 3173 2748 τοῦτο
3195 2698 3371 2747 ποιεῖν
3403 2692 3557 2749 ἐπαν-

1910 2781 2115 2845 είλεσθε
2147 2799 2161 2851 ;
2196 2780 2350 2836 Ἀλλ’
2384 2779 2459 2837 ἔτι
2491 2784 2577 2837 καὶ
2610 2788 2701 2836 νῦν
2734 2782 2919 2858 ἐρεῖτε·
2955 2781 3077 2857 Οὐχ
3120 2782 3430 2859 ἑωράκαμεν
3462 2782 3553 2837 αὐ-

1905 2869 2019 2925 τόν.
2056 2872 2153 2924 Διὰ
2179 2870 2231 2926 τί
2263 2871 2354 2925 οῦν
2391 2874 2464 2944 μη
2504 2874 2831 2941 ζητήσαντες
2865 2870 2927 2925 τὰ
2956 2870 3246 2941 ἀναίσθητα
3266 2870 3556 2926 κολακεύε-

1904 2980 1963 3013 τε
1995 2960 2092 3029 ;Τί
2124 2958 2181 3015 δέ
2213 2980 2227 3029 ;
2263 2960 2307 3014 εἰ
2338 2961 2427 3015 καὶ
2468 2957 2732 3016 δύσκολον
2783 2960 2849 3029 ἦν
2904 2960 3029 3032 ὑμῖν
3079 2962 3227 3019 245
3272 2964 3471 3034 γνῶναι
3502 2958 3556 3015 τί

1907 3050 2124 3115 Θεὸς,τὸ
2146 3050 2329 3122 μέντοι
2358 3049 2410 3104 τί
2441 3050 2507 3106 οὐ
2534 3050 2661 3111 Θεὸς
2698 3049 2774 3123 μὴ
2809 3046 3002 3103 εἰδέναι
3032 3048 3131 3102 οὐκ
3169 3046 3438 3118 ἐδύνασθε,
3466 3044 3557 3103 ἵνα

1907 3135 2195 3214 λογίσησθε
2224 3138 2305 3193 δτι
2334 3139 2463 3200 Θεός
2494 3138 2634 3193 ἐστιν
2681 3138 2741 3193 οὐ
2771 3136 2952 3209 ξύλον,
2987 3136 3048 3191 οὐ
3098 3135 3269 3210 λίθος,
3314 3136 3377 3191 οὐ
3405 3135 3556 3214 χαλ-

1903 3228 1998 3289 κὸς
2031 3271 2045 3297 ,
2073 3228 2172 3283 οὐκ
2202 3226 2342 3283 ἄλλο
2375 3250 2425 3283 τι
2456 3226 2515 3282 ἐκ
2544 3229 2781 3305 φθαρτῆς
2810 3227 3031 3303 γεγονὸς
3061 3223 3224 3295 ὕλης.

1977 3408 2143 3463 XXII.
2194 3408 2264 3463 Ἦ
2312 3407 2411 3481 γὰρ
2461 3403 2568 3480 οὐχ
2616 3404 2719 3459 ὑπὸ
2776 3400 3004 3479 σιδήρου
3054 3401 3407 3476 ἐτορεῦθησαν
3458 3400 3552 3458 καὶ

1905 3496 1933 3551 6
1970 3494 2228 3571 τορεύσας
2273 3498 2320 3533 ⁸⁸
2363 3493 2585 3571 σίδηρος
2637 3494 2739 3548 ὑπὸ
2786 3492 2955 3569 πυρὸς
3002 3490 3317 3567 ἐμαλάχθη,
3370 3491 3549 3547 καὶτὸ

1904 3588 2010 3659 πῦρ
2043 3583 2171 3639 αὐτὸ
2220 3587 2261 3620 ⁴⁶
2291 3578 2567 3638 σϐέννυται
2618 3582 2719 3637 ὐπὸ
2768 3579 2960 3643 ὕδατος
2992 3601 3006 3651 ;
3038 3582 3098 3635 τὸ
3146 3580 3203 3635 δὲ
3253 3578 3399 3656 ὕδωρ
3447 3579 3552 3657 οὐχ

1905 3670 2008 3726 ὐπὸ
2038 3672 2346 3746 πνεύματος
2393 3674 2491 3741 τὴν
2537 3670 2749 3742 κίνησιν
2799 3666 2937 3745 ἔχει,
2968 3669 3058 3724 καὶ
3099 3669 3161 3724 τὸ
3205 3674 3418 3743 πνεῦμα
3446 3668 3553 3723 ἀπὸ

1902 3767 1999 3816 τοῦ
2036 3763 2102 3817 τὰ
2149 3762 2253 3817 ὅλα
2299 3760 2664 3828 πεποιηκότος
2712 3764 2846 3815 Θεοῦ
2897 3760 2995 3828 τήν
3044 3758 3223 3835 ἀρχὴν
3278 3764 3377 3828 τῆς
3432 3756 3557 3813 ἑκτά

1906 3873 2039 3914 σεως
2070 3855 2112 3888 ⁸⁸
2143 3848 2258 3928 ἔχει
2293 3871 2306 3920 ;
2340 3850 2529 3913 Οὕτως
2571 3851 2671 3926 γὰρ
2704 3850 2732 3905 6
2764 3850 3057 3925 προφήτης
3091 3845 3276 3922 εἶ’ρηκε
3297 3853 3555 3917 Μωϋσῆς.

1906 3944 1991 3995 Ἐν
2048 3940 2194 4016 ἀρχῇ
2250 3939 2497 4011 ἐποίησεν
2561 3939 2588 3993 ὁ
2646 3937 2775 4000 Θεὸς
2830 3938 2922 3992 τὸν
2998 3936 3223 4011 οὐρανὸν
3302 3935 3391 3990 καὶ
3457 3936 3558 4004 τὴν

1903 4038 2007 4106 γῆν
2044 4074 2057 4099 ,
2119 4033 2154 4099 ἡ
2208 4027 2266 4084 δὲ
2320 4036 2388 4105 γῆ
2464 4029 2531 4098 ἦν
2603 4026 2831 4104 ἀόρατος
2889 4025 2978 4081 καὶ
3046 4024 3504 4085 ἀκατασκεύαστος
3538 4044 3551 4055 ·

1899 4120 1989 4174 καὶ
2047 4119 2237 4181 σκότος
2298 4117 2475 4173 ἐπάνω
2528 4125 2629 4187 τῆς
2688 4112 2943 4170 ἀϐύσσου’
3004 4114 3091 4169 καὶ
3148 4118 3360 4186 πνεῦμα
3422 4116 3555 4168 Θεοῦ

1902 4208 2187 4287 ἐπεφέρετο
2247 4208 2422 4263 ἐπάνω
2471 4211 2566 4262 τοῦ
2614 4203 2805 4268 ὕδατος
2836 4248 2850 4262 .
2901 4205 3074 4279 ’Όπερ
3139 4202 3230 4257 καὶ
3298 4200 3552 4277 λέγοντος

1897 4297 1993 4355 τοῦ
2025 4295 2179 4368 Θεοῦ,
2213 4298 2275 4353 τὸ
2306 4300 2540 4369 πνεῦμα,
2572 4293 2752 4370 ὥσπερ
2784 4293 2907 4371 χεὶρ
2942 4292 3106 4348 αὐτοῦ
3145 4291 3213 4346 τὰ
3241 4290 3414 4346 πάντα
3457 4287 3552 4362 δη-

1903 4392 2156 4463 μιουργεῖ
2186 4391 2307 4464 φῶσ
2334 4386 2439 4440 ἀπὸ
2487 4384 2713 4446 σκότους
2765 4383 3007 4460 χωρίζον
3055 4384 3121 4454 ‘7,
3150 4379 3241 4435 καὶ
3294 4379 3428 4453 μετά
3457 4380 3551 4434 τὸν

1899 4477 2126 4553 ἀόρατον
2193 4474 2419 4551 οὐρανὸν
2476 4474 2567 4529 τὸν
2618 4472 2943 4553 φαινόμενον
2994 4468 3316 4549 ἐφαπλῶσαν
3361 4466 3548 4541 ⁸⁸,Ἱνα

1894 4568 1963 4622 τὰ
2002 4565 2112 4621 ἄνω
2140 4570 2257 4628 τοῖς
2288 4560 2384 4619 τοῦ
2415 4563 2591 4642 φωτὸς
2638 4561 2889 4639 ἀγγέλοις
2939 4560 3159 4632 οἷκηθῇ,
3196 4558 3264 4613 τὰ
3311 4556 3369 4612 δὲ
3398 4559 3546 4612 κάτω

1817 4664 1866 4729 D
1898 4656 2003 4711 ὑπὸ
2048 4656 2333 4732 ἀνθρώπου
2381 4652 2494 4727 ἅμα
2538 4656 2655 4714 τοῖς
2713 4648 2784 4705 δι’
2841 4649 2998 4705 αὐτὸν
3051 4642 3363 4727 γενομένοις
3411 4652 3544 4701 πᾶσι

1896 4743 2174 4819 διοικηθῇ.

1966 4840 2156 4890 XXIII.
2182 4834 2279 4888 Διὰ
2300 4832 2403 4909 γὰρ
2440 4831 2497 4886 σὶ
2528 4830 2619 4887 τὸν
2665 4826 2945 4903 ἄνθρωπον
2985 4826 3014 4884 6
3048 4825 3177 4889 Θεὸς
3212 4822 3460 4881 ἐκέλευσε
3485 4822 3548 4879 τὸ

1895 4923 1982 4980 ἐπὶ
2012 4924 2312 5001 προσώπου
2340 4928 2440 4991 τῆς
2470 4927 2571 4997 γῆς
2605 4919 2967 4994 ὑποχωρῆσαι
3000 4914 3169 4994 ὕδωρ,
3195 4914 3278 5001 ίνα
3305 4912 3548 4991 καρποὺς

1894 5016 1929 5084 ἡ
1975 4998 2064 5089 γῆν
2105 5034 2188 5067 σοι
2226 5011 2580 5087 προσενέγκαι
2626 5005 2853 5082 δυνηθῇ,
2903 5008 2993 5062 καὶ
3041 4998 3311 5083 τρηδόνας
3362 5002 3550 5073 ἐποίη-

1896 5123 2005 5174 σεν,
2035 5099 2126 5157 ’ίνα
2166 5122 2250 5156 σοι
2300 5100 2555 5175 παράσχῃ
2604 5100 2649 5134 ⁸³
2688 5102 2870 5171 πηγᾶς
2922 5094 3013 5150 καὶ
3051 5097 3313 5167 ποταμῶν
3367 5091 3554 5169 ῥεῖθρα

1481 5407 1725 5464 νΑΗΙιἘ
1764 5408 2179 5466 LECTIONES.

203 5560 248 5593 ⁸ο
280 5554 555 5633 ἐῖκεῶντμες,
617 5551 839 5614 ἑαυτούς
894 5558 975 5633 Οε,
1035 5548 1312 5633 ἐλῳῦνξες
1364 5546 1796 5633 ,ἑαυτούςηὸηω
1841 5551 1909 5606 τά
1951 5547 2422 5633 transcripsiuex
2468 5546 2533 5600 Ο.
2580 5545 2623 5633 ξι
2674 5543 2877 5618 γονέων
2909 5543 3022 5633 ‘p'tv
3056 5536 3225 5633 ὄντων
3259 5533 3557 5633 emanat

131 5628 435 5701 γενομένων
471 5613 757 5681 ἐποιοῦντο
786 5613 1077 5701 τᾶςγεῦχάς
1111 5624 1177 5678 Ο.
1210 5623 1255 5656 ⁴²
1285 5618 1578 5701 πείριωνται
1612 5622 1758 5701 9.."
1787 5624 1943 5701 ἡμῖν,
1974 5613 2290 5701 τίᾼέστινᾮ.
2317 5619 2363 5654 ⁴⁴
2392 5613 2781 5701 ἕτερνξρθηέταν

131 5652 147 5665 λ
170 5642 435 5701 ενομενων
471 5642 757 5681 εποιουντο
786 5642 883 5685 τας
914 5645 968 5678 ευ
1000 5643 1077 5697 νας
1111 5642 1177 5678 υ.
1210 5642 1255 5656 ν·
1285 5642 1578 5694 πειρωνται
1612 5642 1680 5677 υ.
1714 5642 1758 5657 ’ν
1787 5642 1943 5696 ημιν,
1974 5642 2027 5677 τι
2059 5642 2198 5677 εστιν
2231 5642 2290 5676 υ.
2317 5642 2363 5654 *ν
2392 5642 2781 5691 ετορνευυησαν
2835 5642 2925 5671 και
2958 5642 2986 5669 ο
3015 5642 3305 5690 τυρνευσυις
3355 5642 3412 5668 υ.
3442 5642 3553 5665 υιιο

129 5651 398 5758 'i’urrian.
420 5701 527 5755 Pro
561 5702 721 5765 epist.
751 5700 949 5765 ponti].
975 5642 1081 5753 ἦε.
1114 5713 1166 5764 ν,
1200 5710 1326 5765 cap.
1364 5692 1470 5747 ult.
1504 5693 1549 5729 ω
1578 5691 1708 5747 αὐτό
1738 5711 1855 5755 om.
1907 5695 1971 5753 Ο,
2010 5695 2053 5730 ⁸⁸
2103 5688 2401 5751 ἐκστάσεως
2450 5693 2510 5746 C.
2558 5687 2601 5725 ⁸⁷
2649 5660 2907 5764 χωρίζων
2937 5688 3002 5746 Ο.
3035 5688 3080 5722 ⁸³
3128 5682 3461 5765 ἐφαπλώσας
3492 5679 3558 5739 Ο.

181 5703 398 5772 urrian.
420 5701 538 5772 Pro,
561 5702 721 5772 epist.
750 5700 949 5772 ponti].

132 5776 176 5809 ‘9
202 5770 479 5846 παράσχοι
511 5771 576 5828 Ο.

2835 5610 2986 5690 καῖῥ
3015 5610 3327 5690 τορνεύσαζ
3342 5610 3412 5690 ⁵(ζ).
3442 5610 3553 5690 (ἏΪ.
