4086 6216
310 401 432 458 293

1454 388 1984 452 CLEMENTINA.
2020 421 2093 432 ——
2129 389 2455 453 IIOMILIA
2500 395 2603 456 ΧΙ.

3626 406 3744 466 294

311 532 457 605 φανῇ
506 527 597 581 καὶ
650 530 758 595 ζῶα
804 518 1074 601 ἐκϐρασθῇ
1116 526 1179 592 ⁸ο,
1212 520 1450 578 συνελὼν
1501 522 1629 597 ἐρῶ,
1655 519 1748 575 ’ίνα
1798 519 1969 574 πάντα

2112 523 2275 592 ΙΠάίΒ,
2310 528 2366 580 et
2397 528 2673 584 animalia
2702 532 2945 598 exirent,
2983 551 3097 589 uno
3128 536 3299 591 verbo
3333 543 3396 592 ut
3428 541 3624 597 omnia
3677 560 3739 600 se

309 638 400 671 σοι
462 622 802 691 παραστῆναι
860 611 1085 687 δυνηθῇ.
1119 615 1187 669 Ἠ
1255 614 1358 688 γὰρ
1418 611 1478 666 οὐ
1538 610 1625 666 διὰ
1678 612 1733 664 σε
1778 611 1969 682 ἀνεμοι

310 708 456 781 πρὸς
506 710 727 780 καρπῶν
781 702 1040 778 ἐπιγονὴν
1091 703 1310 756 πνέουσι
1356 704 1399 738 Μ
1452 700 1540 754 καὶ
1591 698 1733 754 ὑετοὶ
1786 700 1971 776 φέρον-

310 816 403 849 ται
441 797 597 853 246
627 793 717 848 καὶ
746 791 944 865 τροπαὶ
973 791 1211 865 γίνονται
1239 810 1251 859 ;
1284 789 1491 847 Αὐτίκα
1519 793 1647 863 γοῦν
1679 785 1839 855 ἥλιος
1887 785 1976 840 καὶ

314 881 530 953 σελήνη
581 883 691 954 ἅμα
739 887 857 942 τοῖς
909 878 1104 940 ἄλλοις
1154 876 1373 954 ἄστροις
1404 880 1450 914 ⁸³
1482 876 1572 931 διὰ
1618 877 1675 931 σὲ
1720 878 1813 937 τὰς
1858 874 1978 928 ἀνα-

310 973 489 1034 τολάς
537 974 626 1027 καὶ
678 969 854 1031 δύσεις
903 968 1231 1038 ἐκτελοῦσιν,
1281 968 1369 1022 καὶ
1426 965 1664 1039 ποταμοὶ
1734 965 1823 1019 καὶ
1891 962 1975 1017 λί-

318 1085 449 1135 μναι
501 1063 617 1133 ἅμα
657 1066 777 1121 ταῖς
826 1062 1020 1120 πάσαις
1069 1064 1272 1133 πηγαῖς
1323 1060 1367 1093 ⁵³
1407 1057 1785 1130 ὑπηρετοῦσιν.
1819 1055 1977 1116 ’Ὀθεν

318 1173 411 1205 σοι
463 1155 545 1222 τῷ
592 1148 902 1220 ἀναισθήτῳ
952 1146 1128 1221 ὥσπερ
1178 1149 1212 1216 ἡ
1267 1146 1465 1219 μείζων
1510 1142 1667 1215 ἐδόθη
1698 1143 1859 1215 τιμὴ,
1893 1140 1982 1195 οῦ·-

314 1261 433 1301 τως
500 1239 932 1314 ἀχαριστήσαντι
990 1239 1025 1306 ἡ
1088 1236 1285 1309 μείζων
1367 1231 1455 1287 διὰ
1522 1234 1690 1309 πυρὸς
1760 1231 1983 1291 κόλασις

312 1328 793 1405 προητοίμασται,
853 1325 935 1381 ὅτι
992 1329 1187 1401 γνῶναι
1264 1323 1362 1379 οὐκ
1435 1322 1707 1393 ἠθέλησας
1763 1322 1821 1376 ’ὸν
1878 1320 1984 1394 πρὸ

315 1422 544 1473 πάντων
581 1414 687 1471 ἔδει
719 1420 944 1490 γνῶναι.

394 1508 592 1562 XXIV.
631 1504 729 1559 Καὶ
787 1506 832 1539 ⁸⁸
888 1508 980 1557 νῦν
1041 1499 1098 1556 δὲ
1156 1500 1216 1556 ἐκ
1273 1505 1378 1555 τῶν
1427 1494 1669 1570 ἡττόνων
1730 1498 1986 1565 ἐπίγνωθι

326 1598 422 1663 τήν
467 1600 582 1649 τῶν
623 1593 769 1649 ὅλων
820 1591 1017 1661 αἰτίαν,
1060 1589 1420 1665 λογισάμενος
1468 1588 1551 1644 ὅτι
1594 1588 1659 1642 τὰ
1708 1589 1881 1641 πάντα
1926 1586 1989 1641 τὸ

329 1683 471 1759 ὕδωρ
508 1688 680 1751 ποιεῖ,
714 1684 777 1736 τὸ
807 1680 863 1736 δὲ
895 1678 1040 1754 ὕδωρ
1076 1680 1177 1733 ὑπὸ
1227 1678 1535 1751 πνεύματος
1571 1678 1833 1746 κινήσεως
1886 1676 1985 1743 τήν

323 1771 529 1847 γένεσιν
590 1765 882 1843 λαμϐάνει,
914 1770 974 1823 τὸ
1026 1766 1082 1822 δὲ
1130 1772 1343 1840 πνεῦμα
1394 1766 1497 1820 ἀπὸ
1546 1770 1643 1819 τοῦ
1690 1766 1797 1819 τῶν
1843 1762 1988 1817 ὅλων

2082 611 2183 664 tibi
2219 620 2455 682 possent
2484 617 2708 673 olferre.
2742 626 2851 674 Aut
2888 639 2998 676 non
3031 630 3264 694 propter
3295 632 3347 679 te
3397 630 3549 683 venti
3600 632 3726 703 spi-

2083 707 2234 767 rant,
2267 703 2337 756 ad
2373 703 2667 760 fructuum
2699 709 3158 779 productionem,
3202 719 3257 766 et
3305 716 3524 773 imbres
3568 720 3731 776 dete-

2088 792 2299 844 runtur
2328 796 2384 846 et
2414 793 2550 847 anni
2582 799 2958 866 tempestates
3013 799 3202 853 ﬁunt?
3230 805 3355 856 Jam
3388 820 3519 860 vero
3551 808 3637 863 sol
3671 813 3727 865 et

2086 876 2227 932 luna
2259 896 2391 933 cum
2424 880 2553 936 aliis
2575 883 2759 938 stellis
2790 891 3025 956 propter
3058 892 3113 941 te
3151 888 3427 945 oriuntur
3475 898 3531 947 et
3582 896 3735 950 occi-

2090 966 2256 1031 dunt,
2292 969 2448 1023 ﬂuvii
2482 975 2537 1023 et
2567 977 2776 1043 stagna
2806 990 2937 1027 cum
2988 975 3261 1031 omnibus
3315 978 3575 1036 fontibus
3626 983 3735 1037 tibi

2091 1057 2484 1113 subserviunt.
2529 1059 2690 1114 Unde
2722 1061 2827 1115 tibi
2860 1079 3037 1117 sensu
3086 1065 3303 1119 carenti
3354 1070 3736 1137 quemadmo-

2093 1145 2233 1199 dum
2268 1148 2455 1217 major
2486 1149 2779 1219 priestitus
2811 1156 2899 1205 est
2924 1151 3130 1223 honor,
3162 1152 3244 1208 ita
3272 1154 3503 1227 ingrato
3555 1160 3744 1228 major

2093 1240 2417 1305 praeparata
2463 1242 2552 1291 est
2608 1238 2763 1308 ignis
2812 1255 3001 1310 poena,
3059 1243 3211 1312 quod
3266 1244 3414 1300 scire
3462 1245 3741 1317 nolueris,

2095 1339 2266 1393 quem
2299 1330 2433 1380 ante
2459 1326 2658 1381 omnia
2689 1329 2947 1399 oportuit
2986 1346 3353 1402 cognoscere.

2168 1500 2359 1558 XXIV.
2385 1504 2494 1559 Sed
2520 1504 2605 1559 vel
2627 1522 2781 1561 nunc
2802 1523 2871 1561 ex
2892 1508 3218 1565 minoribus
3241 1527 3491 1581 agnosce
3515 1518 3755 1571 cuncto-

2100 1606 2229 1644 rum
2246 1608 2504 1659 causam,
2530 1594 2929 1661 considerans,
2949 1598 3099 1668 quiid
3127 1601 3323 1653 omnia
3348 1617 3503 1671 aqua
3533 1604 3748 1673 produ-

2100 1678 2197 1744 cit,
2226 1696 2379 1749 aqua
2404 1698 2535 1736 vero
2559 1699 2591 1737 a
2613 1683 2821 1753 spiritu
2841 1684 3053 1755 accipit
3078 1693 3271 1742 motus
3295 1689 3601 1760 originem,
3628 1691 3751 1761 spi-

2104 1768 2250 1822 ritus
2265 1774 2457 1823 autem
2477 1771 2547 1825 ab
2564 1773 3091 1829 universorumDeo
3106 1775 3339 1830 initium
3357 1777 3750 1851 habet.Atque

321 1866 461 1916 Θεοῦ
522 1862 625 1929 τήν
680 1859 858 1934 ἀρχὴν
923 1857 1059 1933 ἔχει.
1096 1857 1191 1911 Καὶ
1252 1855 1425 1916 οὕτως
1482 1851 1587 1909 ἔδει
1639 1851 1989 1928 λογίσασθαι,

2112 1856 2183 1910 ita
2195 1862 2419 1927 oportet
2442 1866 2708 1930 reputare
2723 1879 2837 1932 quo
2858 1878 2956 1932 per
2972 1864 3251 1918 rationem
3267 1866 3338 1919 ad
3354 1866 3534 1921 Deum
3552 1885 3688 1938 poss
3702 1870 3750 1925 is

322 1948 424 2003 ἵνα
478 1949 569 2003 ἐπὶ
630 1947 780 2023 λόγῳ
838 1948 911 2008 εἷς
964 1946 1091 2001 Θεὸν
1150 1951 1476 2013 καταντῆσαι
1530 1940 1790 2015 δυνηθῇς,
1841 1942 1994 2004 ὅπως

2112 1946 2421 2016 pervenire,
2457 1954 2520 2000 ut
2549 1964 2870 2017 agnoscens
2902 1956 3069 2004 tuum
3094 1968 3278 2022 genus
3300 1959 3355 2007 et
3376 1962 3749 2025 regeneratus

320 2036 590 2111 ἐπιγνούς
644 2057 737 2090 σου
789 2035 853 2089 τὸ
906 2035 1061 2110 γένος
1100 2036 1164 2100 ⁵⁵,
1195 2032 1285 2087 καὶ
1332 2031 1671 2107 πρωτογόνῳ
1701 2030 1991 2106 ἀναγεννη-

2112 2049 2256 2105 aqua
2287 2035 2659 2106 primigenita
2689 2036 2863 2092 etiam
2895 2038 3078 2093 heares
3107 2041 3379 2097 efﬁciaris
3440 2050 3753 2114 parentum

322 2128 441 2187 θεὶς
513 2123 669 2179 ὕδατι
716 2123 806 2179 καὶ
858 2127 901 2160 ⁸⁸
948 2122 1302 2199 κληρονόμος
1361 2124 1630 2194 καταστῇς
1694 2123 1797 2173 τῶν
1856 2119 1993 2193 πρὸς

2112 2124 2205 2193 qui
2236 2128 2292 2177 te
2323 2124 2393 2177 ad
2425 2123 2921 2196 incorruptionem
2952 2133 3304 2199 genuerunt.

326 2213 639 2292 &?B:paiav
674 2212 1043 2288 γεννησάντων
1079 2232 1136 2265 σε
1162 2209 1386 2286 γονέων.

406 2305 576 2361 XXV.
612 2304 704 2358 Διὸ
763 2302 997 2375 ἑτοίμως
1055 2298 1322 2374 πρόσελθε
1374 2298 1447 2360 ὡς
1508 2299 1623 2359 υἱὸς
1680 2296 1863 2372 πατρὶ,
1908 2293 1998 2349 ⁸ίνα

328 2399 441 2449 τῶν
479 2390 892 2468 ἁμαρτημάτων
927 2412 1021 2444 σου
1055 2391 1081 2444 ὁ
1114 2391 1244 2451 Θεὸς
1273 2389 1372 2457 τὴν
1415 2388 1634 2461 ἄγνοιαν
1681 2386 1853 2440 αἰτίαν
1907 2386 1994 2456 θῇ.

332 2482 397 2538 Εἴ
448 2479 509 2535 δὲ
556 2482 645 2535 καὶ
691 2480 825 2553 μετὰ
870 2480 932 2534 τὸ
979 2477 1250 2548 κληθῆναι
1302 2476 1363 2531 οὐ
1416 2475 1589 2537 θέλεις
1620 2476 1654 2543 ἢ
1694 2472 1997 2550 βραδύνεις,

333 2569 529 2641 δικαίᾳ
559 2574 693 2625 Θεοῦ
724 2567 906 2641 ἀπολῇ
939 2567 1245 2641 κρίσει,τῷ
1298 2566 1374 2638 μή
1430 2563 1654 2633 θελῆσαι
1709 2564 1784 2636 μὴ
1835 2561 1998 2632 θελη-

338 2660 469 2720 Gai:
525 2659 615 2713 καὶ
678 2659 752 2729 μή
810 2678 894 2711 τοι
954 2655 1203 2729 νομίσῃς,
1258 2653 1341 2709 δτι
1401 2652 1486 2707 ἐάν
1539 2656 1581 2688 ⁵⁷
1632 2653 1845 2706 πάντων
1890 2655 1997 2705 τῶν

338 2769 479 2803 ποτε
530 2747 835 2822 γενομένων
882 2740 1113 2799 εὐσεϐῶν
1166 2739 1536 2818 εὐσεϐέστερος
1587 2741 1729 2817 γένῃ,
1768 2736 1999 2795 άὲάπτι-

339 2858 472 2899 στος
530 2834 586 2890 δὲ
629 2835 720 2909 ᾖς,
753 2832 974 2895 ἐλπίδος
1003 2838 1190 2908 τυχεῖν
1244 2830 1446 2905 δυνήσῃ
1494 2830 1645 2885 ποτέ.
1680 2830 1855 2903 Ταύτῃ
1900 2829 2000 2904 γάρ

342 2924 568 2999 μᾶλλον
613 2923 842 2978 πλείονα
885 2921 1088 3000 ὑφέξεις
1140 2920 1386 2989 κόλασιν,
1418 2918 1502 2973 ὅτι
1549 2918 1691 2974 καλά
1730 2916 1857 2993 ἔργα
1907 2917 2005 2971 οὐκ

341 3014 615 3084 ἐποίησας
646 3011 853 3075 καλῶς.
883 3009 1034 3081 Καλή
1078 3012 1182 3086 γὰρ
1233 3008 1463 3081 εὐποιία,
1498 3008 1697 3062 ὁπόταν
1749 3008 1823 3069 ὡς
1874 3006 2003 3067 Θεὸς

346 3102 601 3158 ἐκέλευσε
644 3102 880 3178 γίνηται.
914 3099 988 3154 Σὺ
1038 3096 1095 3153 δὲ
1143 3098 1188 3153 εἷ
1238 3098 1298 3152 οὐ
1349 3095 1546 3168 θέλεις,
1579 3098 1731 3154 247
1767 3096 1843 3157 ὡς
1876 3094 2007 3149 ἐκεί-

344 3214 427 3262 νῳ
477 3188 675 3262 ἔδοξεν,
713 3190 1089 3265 βαπτισθῆναι,
1148 3186 1228 3260 τῷ
1277 3190 1354 3258 σῷ
1399 3184 1667 3258 θελήματι
1722 3184 2005 3262 ὑπηρετῶν

346 3279 661 3355 ἐχθραίνεις
690 3282 759 3352 τῇ
790 3277 994 3332 ἐκείνου
1030 3275 1227 3352 βουλῇ.

427 3458 615 3513 XXVI.
650 3455 805 3513 Ἀλλ’
850 3452 981 3517 ἴσως
1028 3454 1138 3531 ἐρεῖ
1182 3472 1281 3514 τις·
1332 3450 1391 3505 Τί
1440 3447 1812 3525 συμϐάλλεται
1870 3451 2005 3527 πρὸς

354 3540 628 3600 εὐσέϐειαν
687 3546 749 3602 τὸ
798 3545 1158 3620 βαπτισθῆναι
1215 3539 1409 3611 ὕδατι;
1460 3545 1683 3617 Πρῶτον
1754 3541 1871 3613 μὲν,
1924 3539 2004 3594 ὅτι

346 3636 411 3689 τὸ
465 3633 622 3704 δόξαν
668 3639 783 3706 Θεῷ
830 3634 1102 3710 πράττεις·
1140 3629 1385 3706 δεύτερον
1438 3627 1514 3702 δὲ,
1548 3629 1597 3699 ἐξ
1639 3626 1830 3690 ὕδατος
1880 3631 2004 3683 ἀνα-

344 3724 634 3797 γεννηθεὶς
698 3727 832 3796 Θεῷ,
893 3721 1037 3793 αἰτίᾳ
1110 3714 1281 3798 φόϐου
1338 3721 1402 3792 ⁸⁸,
1448 3720 1548 3787 τήν
1609 3717 1660 3788 ἐξ
1719 3718 2006 3792 ἐπιθυμίας

348 3813 575 3888 πρώτην
636 3833 721 3867 σοι
768 3813 1067 3888 γενομένην
1117 3806 1507 3869 καταλλάσσεις
1557 3809 1601 3845 ⁸⁸
1648 3809 1875 3881 γένεσιν,
1917 3806 2006 3861 καὶ

356 3901 533 3963 οὕτως
595 3901 867 3975 σωτηρίας
926 3904 1111 3975 τυχεῖν
1174 3896 1321 3971 δύνῃ·
1370 3895 1557 3958 ἄλλως
1618 3893 1675 3950 δὲ
1726 3894 2006 3951 ἀδύνατον.

349 3989 540 4051 Οὕτως
627 3989 731 4064 γὰρ
818 3992 952 4061 ἡμῖν
1005 3985 1216 4060 ὤμοσεν
1274 3986 1302 4039 ὁ
1357 3986 1659 4062 ’προφήτης
1726 3985 1890 4039 εἰπών
1940 3988 2004 4021 ⁶⁰’

350 4078 528 4150 Ἀμην
607 4078 732 4150 ὑμῖν
809 4077 976 4154 λέγω,
1045 4076 1131 4131 ἐὰν
1214 4076 1288 4148 μὴ
1377 4074 1771 4148 ἀναγεννηθῆτε
1854 4070 2006 4127 ὕδατι

358 4172 543 4236 ζῶντι,
596 4166 673 4227 εἷς
730 4161 905 4237 ὄνομα
959 4164 1189 4240 Πατρὸς,
1252 4162 1397 4227 Ποῦ,
1456 4160 1614 4235 ἁγίου
1674 4160 2006 4234 Πνεύματος,

354 4256 415 4309 οὐ
480 4257 555 4327 μη
626 4253 905 4323 εἰσέλθητε
986 4254 1063 4316 εἲς
1144 4253 1243 4321 την
1335 4248 1612 4327 βασιλείαν
1677 4255 1783 4305 τῶν
1844 4250 2007 4327 οὐρα-

354 4350 480 4401 νῶν.
536 4345 631 4399 Διὸ
687 4342 1034 4420 προσέλθετε.
1095 4348 1247 4398 Ἔστι
1314 4341 1416 4416 γάρ
1472 4361 1524 4393 τι
1585 4338 1694 4395 ἐκεῖ
1751 4340 2008 4415 ἀπαρχῆς

352 4431 613 4504 έλεῆμον,
644 4431 1033 4511 ἐπιφερόμενον
1073 4431 1155 4503 τῷ
1186 4428 1359 4502 ὕδατι,
1392 4430 1481 4484 καὶ
1533 4432 1577 4466 ⁶ί
1626 4427 1753 4491 τοὺς
1816 4430 2008 4505 βαπτι-

354 4520 613 4595 ζομένους
662 4522 748 4576 ἐπὶ
791 4526 861 4596 τῇ
901 4540 1269 4597 τρισμακαριᾳ
1305 4517 1639 4592 ἐπονομασίᾳ
1684 4516 1773 4572 καὶ
1812 4520 1857 4554 ⁸³
1887 4516 2006 4593 ῥύε-

2118 2324 2119 2327 η
2178 2300 2341 2355 XXV.
2377 2300 2615 2371 Propter
2645 2303 2799 2373 quod
2836 2308 3122 2375 prompte,
3158 2309 3439 2377 tanquam
3472 2307 3631 2364 ﬁlius
3677 2309 3749 2365 ad

2106 2394 2353 2460 patrem,
2389 2391 2615 2457 accede,
2652 2396 2716 2445 ut
2745 2391 2897 2446 Deus
2928 2408 3164 2448 causam
3200 2403 3569 2465 peccatorum
3622 2403 3753 2452 tuo-

2108 2495 2237 2533 rum
2268 2484 2444 2550 ponat
2473 2479 2886 2550 ignorantiam.
2921 2482 3081 2546 Quod
3106 2482 3155 2537 si
3182 2488 3492 2554 postquam
3516 2492 3753 2542 vocatus

2109 2584 2190 2637 es,
2227 2584 2339 2622 non
2371 2568 2477 2633 vis,
2510 2572 2611 2623 aut
2642 2570 2955 2639 cunctaris,
2980 2571 3144 2639 justo
3181 2572 3274 2625 Dei
3324 2572 3546 2641 judicio
3598 2575 3755 2645 peri-

2109 2655 2221 2723 bis,
2254 2660 2309 2709 et
2338 2655 2474 2725 quia
2504 2661 2565 2710 tu
2598 2655 2857 2727 noluisti,
2892 2658 3046 2714 nolet
3067 2664 3119 2714 te
3142 2660 3439 2717 Deus.Nec
3468 2679 3600 2717 vero
3642 2680 3749 2734 pu-

2112 2748 2217 2813 tes,
2252 2746 2405 2815 quod
2439 2750 2496 2799 et
2525 2744 2571 2799 si
2605 2746 2892 2813 omnium,
2928 2747 3027 2817 qui
3061 2765 3321 2819 unquam
3370 2750 3605 2805 fuerunt
3651 2753 3756 2821 pii,

2114 2832 2417 2903 piissimus
2449 2833 2552 2902 sis,
2586 2850 2699 2887 non
2732 2834 2911 2889 fueris
2941 2841 3137 2891 autem
3189 2837 3535 2908 baptizatus,
3587 2856 3752 2910 spem

2114 2921 2358 2991 adipisci
2389 2920 2703 2992 aliquando
2734 2924 2969 2994 poteris.
3004 2930 3079 2978 Eo
3110 2925 3263 2979 enim
3300 2928 3548 2997 majores
3588 2928 3757 2984 dabis

2115 3027 2337 3081 pcenas,
2371 3011 2525 3081 quod
2558 3011 2709 3064 bona
2752 3028 2928 3082 opera
2976 3029 3088 3067 non
3140 3014 3285 3069 bene
3333 3016 3558 3071 feceris.
3608 3017 3759 3071 Prm-

2117 3099 2273 3153 clara
2302 3100 2457 3153 enim
2509 3115 2599 3153 res
2631 3104 2738 3164 est,
2801 3101 2952 3155 bona
3008 3102 3256 3172 operari,
3312 3104 3547 3174 quando
3587 3105 3759 3175 juxta

2121 3188 2466 3241 mandatum
2497 3186 2595 3241 Dei
2628 3187 2709 3241 Iit.
2744 3188 2830 3243 Tu
2864 3205 3018 3259 vero,
3051 3190 3123 3258 si,
3158 3195 3221 3244 ut
3250 3189 3334 3244 illi
3366 3191 3573 3263 placet,
3610 3192 3761 3249 nolis

2124 3276 2423 3348 baptizari,
2457 3280 2567 3330 tuae
2608 3276 2893 3332 voluntati
2942 3279 3270 3351 obsequens
3314 3280 3473 3336 illius
3523 3282 3761 3339 consilio

2116 3382 2427 3437 repugnas.

2188 3454 2374 3509 XXVI.
2410 3454 2521 3509 Sed
2583 3454 2794 3526 aliquis
2848 3456 3041 3511 forsan
3093 3458 3283 3514 dicet:
3342 3459 3487 3525 Quid
3538 3462 3761 3516 confert

2117 3544 2187 3597 ad
2222 3543 2516 3614 pietatem,
2549 3560 2700 3614 aqua
2732 3544 3059 3614 baptizari?
3086 3546 3279 3602 Primo
3310 3549 3569 3617 quidem,
3624 3550 3762 3620 quia

2116 3631 2173 3686 id
2199 3634 2352 3702 quod
2388 3637 2499 3686 Deo
2533 3632 2751 3703 placuit
2782 3634 2942 3688 facis.
2976 3634 3241 3690 Secundo
3263 3653 3394 3691 vero
3422 3654 3523 3708 per
3539 3654 3756 3709 aquam

2119 3725 2231 3775 Deo
2263 3727 2519 3790 renatus,
2543 3722 2772 3777 timoris
2804 3738 3040 3778 causam
3086 3724 3336 3795 primam
3390 3726 3755 3782 nativitatem

2118 3826 2292 3880 quam
2326 3826 2393 3863 ex
2419 3810 2893 3881 concupiscentia
2920 3812 3147 3866 traxisti
3179 3818 3501 3884 permutas,
3552 3814 3755 3885 sicque

2118 3898 2366 3953 salutem
2398 3898 2672 3969 consequi
2709 3903 2871 3969 potes
2901 3916 2913 3953 :
2949 3900 3113 3954 aliter
3151 3907 3346 3955 autem
3400 3902 3761 3973 impossibile

2118 3993 2224 4043 est.
2260 3988 2341 4041 Ita
2370 3986 2525 4041 enim
2559 3986 2727 4041 nobis
2753 3988 2969 4056 juravit
3004 3988 3285 4060 prOpheta
3316 3990 3554 4045 dicens:
3588 3992 3762 4045 Amen

2117 4076 2237 4132 dico
2270 4076 2439 4140 vobis,
2472 4077 2586 4130 nisi
2614 4078 2797 4130 renati
2821 4079 3040 4147 fueritis
3070 4094 3214 4148 aqua
3240 4081 3382 4145 viva,
3436 4082 3493 4133 in
3542 4082 3765 4135 nomine

2119 4167 2321 4231 Patris,
2356 4163 2517 4231 Filii,
2551 4164 2787 4235 Spiritus
2829 4168 3025 4234 sancti,
3072 4182 3181 4222 non
3226 4168 3526 4223 introzbilis
3570 4170 3629 4223 in
3675 4186 3762 4225 re-

2117 4271 2286 4325 gnum
2316 4255 2576 4308 ctrlorum
2608 4253 2706 4325 (α).
2741 4253 3018 4316 Quocirca
3050 4255 3325 4311 accedite.
3377 4256 3458 4310 Ibi
3511 4272 3765 4328 namque

2119 4348 2207 4397 est
2237 4343 2458 4413 aliquid
2492 4343 2562 4397 ab
2595 4341 2764 4396 initio
2788 4343 3139 4399 misericors:
3175 4345 3329 4415 quod
3366 4346 3547 4401 fertur
3584 4362 3764 4416 super

2120 4448 2354 4502 aquam,
2390 4436 2447 4485 et
2471 4447 2569 4486 eos
2600 4430 2698 4501 qui
2728 4433 2787 4485 in
2810 4436 2895 4485 ter
2917 4432 3083 4487 beata
3105 4432 3463 4488 invocatione
3485 4434 3763 4505 baptizati

2121 4525 2260 4584 sunt
2289 4519 2459 4590 eripit
2487 4519 2557 4573 de
2589 4520 2799 4573 futuris
2832 4520 3158 4590 suppliciis,
3209 4526 3264 4576 et
3312 4538 3435 4593 quae
3484 4527 3616 4593 post
3664 4522 3765 4577 ba-

348 4630 435 4665 ται
470 4618 575 4680 τῆς
609 4610 869 4684 ἐσομένης
928 4608 1227 4680 κολάσεως,
1261 4606 1439 4684 ὥσπερ
1499 4604 1648 4679 δῶρα
1703 4606 1995 4685 προσφέροι

2116 4610 2399 4680 ptismum
2432 4609 2577 4662 facta
2608 4612 2747 4662 sunt
2785 4624 2818 4661 a
2864 4608 3171 4679 baptizatis
3225 4610 3378 4665 bona
3424 4627 3600 4681 opera
3649 4609 3764 4665 Deo

345 4705 427 4773 τῷ
458 4699 579 4772 Θεῷ
609 4701 683 4763 ὡς
716 4700 775 4755 ἂν
809 4702 855 4737 ⁸³
888 4700 993 4755 ἀπὸ
1022 4703 1120 4754 τοῦ
1147 4697 1519 4774 βαπτίσματος
1570 4695 1745 4751 αὐτῶν
1776 4700 1882 4751 τῶν
1920 4696 2013 4771 βα-

421 4818 505 4889 (α)
532 4816 701 4873 Joan.
738 4834 821 4886 III,
854 4819 907 4873 5.

2125 4698 2294 4753 oﬂ‘ert
2324 4696 2491 4768 quasi
2538 4696 2780 4752 donum.
2836 4697 3023 4761 Quare
3066 4697 3360 4770 confugite
3407 4698 3479 4752 ad
3525 4713 3766 4769 aquam.

1711 4902 1958 4958 VARIzE
2000 4903 2409 4960 LECTIONES.

425 5004 591 5059 “Ita
645 5006 689 5059 Ο
744 5008 799 5058 et
857 5020 925 5060 ex
978 5003 1241 5075 conject.
1282 5004 1339 5070 C,
1396 5000 1739 5075 cuj._textus
1798 4994 2087 5075 tx6acr6ﬁ._
2128 5002 2168 5036 ⁶¹
2201 5001 2425 5075 πνέουσι
2470 4997 2717 5075 ascripsi
2765 5016 2812 5055 c.
2843 5002 2901 5052 Ο.
2976 4999 3023 5075 μ’
3056 4997 3271 5075 ἄστροις
3303 5006 3512 5075 om.Q.
3588 5001 3633 5037 ⁸³
3662 4997 3764 5053 πά-

352 5094 473 5150 qui;
505 5092 562 5147 p.
595 5073 792 5150 πάσαις
818 5068 1109 5150 πηγαῖςῼ]
1144 5074 1250 5150 qui
1281 5068 1449 5150 (δοιῇ.¹
1468 5068 1781 5150 θαλάσσαις.
1816 5068 2014 5150 pectio
2057 5072 2429 5150 Qtloboniani
2480 5068 2801 5150 quamlibet
2858 5068 3251 5150 conjecturam
3312 5073 3503 5150 reddit
3559 5088 3763 5143 super-

1819 5146 1844 5156 α.

640 5147 685 5181 ⁵⁵
715 5143 823 5201 Κάν
853 5148 911 5202 C.

352 5219 555 5287 Clem,
585 5235 640 5289 p.
673 5220 800 5283 226,
829 5220 953 5274 569.
990 5218 1046 5274 S.

352 5148 562 5202 ﬂuam.

1125 5216 1177 5253 ⁸⁸⁷
1203 5222 1287 5271 Ita
1318 5216 1361 5271 Ο
1393 5232 1439 5270 c.

348 5363 487 5416 Ruf.
554 5363 674 5416 Rec.
734 5379 811 5426 vx,
867 5364 901 5415 9
936 5379 946 5416 :
982 5364 1321 5432 amputatur.

355 5433 540 5489 Theol.
572 5433 822 5504 Tubing.
853 5434 1008 5500 1845,
1045 5449 1097 5502 p.
1131 5433 1275 5497 6I3;
1310 5431 1466 5497 1847,

390 5578 481 5630 'ub.
520 5576 685 5646 1851,Δ
711 5592 767 5646 p.
798 5577 923 5646 514.
1000 5577 1042 5610 ⁸1
1075 5574 1164 5628 καί
1194 5580 1239 5629 Ο
1272 5590 1332 5646 c._
1358 5579 1418 5637 Ι),

990 5146 1034 5180 ⁸⁸
1064 5141 1291 5219 ἐπιγνῷς
1323 5141 1451 5196 αὐτό
1567 5148 1623 5204 C,
1658 5141 1887 5237 Eni-pg):
1919 5148 2114 5197 σαυτοῦ
2139 5166 2189 5219 γ.
2226 5146 2289 5199 D.

990 5218 1046 5271 S.
1125 5218 1168 5253 ⁵⁸
1203 5222 1287 5271 Ita
1318 5216 1361 5271 Ο
1393 5232 1439 5270 c.
1518 5256 1531 5271 .
1564 5212 1710 5271 αἰτία
1739 5213 1894 5271 φόοω
1926 5217 1987 5271 C.
2026 5218 2150 5270 Haec
2181 5218 2289 5271 vbb

1505 5446 1559 5500 p.
1595 5430 1733 5496 132;
1767 5431 1978 5486 Frank.
2016 5427 2306 5485 Wurtemb.
2342 5430 2415 5483 St.
2450 5434 2591 5482 tom.
2627 5427 2817 5491 XVIII,

391 5505 587 5559 ent'eld
628 5522 639 5558 :
673 5504 717 5558 D
771 5501 943 5559 Clem.
981 5506 1098 5558 Rec.
1134 5522 1189 5558 ιι.
1226 5505 1370 5559 Rom.
1410 5520 1461 5573 p.
1499 5501 1638 5573 4667;
1676 5507 1742 5555 l).
1776 5502 1873 5555 Ev.
1906 5502 2032 5557 Job.

1451 5573 1549 5644 qui
1608 5572 1799 5627 locum
1862 5573 1941 5644 ita
1997 5592 2069 5629 vu

2368 5143 2410 5177 56
2458 5138 2546 5195 καί
2606 5159 2719 5196 om.
2762 5146 2824 5197 Ο.
2904 5138 3071 5195 ⁵⁷“κέίν
3143 5161 3255 5199 scr.
3315 5138 3765 5200 Schliemannus

1518 5256 1531 5281 ,
1564 5212 1710 5285 αἰτίᾳ
1739 5212 1894 5291 ιρόόφ
1926 5217 1987 5271 C.
2026 5212 2463 5291 llzec'vbb.__no_n
2490 5217 2631 5291 sunt
2661 5214 2719 5267 in
2742 5214 2977 5291 __codice
3007 5216 3299 5291 Turriani,
3342 5234 3530 5287 neque
3564 5232 3763 5291 ‘agno-

351 5288 607 5345 scuntur
637 5306 669 5344 a
694 5290 940 5357 Ruﬁno;
974 5305 1154 5360 quare
1185 5304 1251 5343 ea
1282 5288 1325 5342 D
1359 5304 1487 5360 esse
1520 5293 1687 5357 putat
1716 5288 1759 5360 a_'
1782 5289 1936 5342 mala
1968 5305 2166 5343 manu.
2192 5290 2247 5343 S.

1399 5359 1443 5393 ⁸ο
1497 5360 1607 5413 Cfr.
1668 5358 1859 5414 Schw.
1920 5362 2095 5415 Mont.

2326 5288 2369 5321 59
2399 5283 2674 5355 ἁποτέμνη
2704 5284 2817 5337 alia
2873 5303 3029 5340 man.
3064 5286 3127 5343 Ο.
3166 5288 3248 5343 lta
3286 5283 3359 5342 'et
3414 5283 3764 5352 'I‘urrianus;

2159 5376 2213 5429 p.
2254 5358 2347 5413 184
2376 5376 2388 5425 ;
2422 5356 3035 5429 NachapLZcilalteri,
3067 5360 3172 5412 218
3203 5376 3290 5429 sq.
3318 5377 3330 5427 ;
3363 5358 3545 5413 Zeller
3578 5376 3591 5411 :
3624 5358 3766 5429 (inn.

2854 5428 2989 5498 p.7I
3033 5446 3142 5499 sq.,
3180 5427 3297 5484 XIX
3358 5448 3411 5500 p.
3477 5429 3610 5493 179;
3648 5427 3769 5500 Hil-

2113 5545 2124 5557 .
2162 5504 2255 5556 151
2286 5519 2298 5567 ;
2336 5502 2481 5555 Krit.
2517 5501 2749 5564 Unters.,
2810 5516 2863 5568 p.
2899 5500 3041 5564 358;
3080 5500 3296 5554 Ritschl
3334 5499 3501 5554 {Ann
3535 5517 3553 5553 :
3588 5499 3763 5553 Iht‘ol.

2071 5521 2120 5628 ᾗ
2177 5573 2452 5627 restitui:
2490 5568 2587 5622 Καὶ
2642 5568 2767 5627 τοὺς
2829 5570 2987 5628 βαπτ.
3023 5569 3109 5623 ἐπὶ
3158 5574 3224 5628 τῆ
3275 5590 3360 5628 rp.
3394 5570 3540 5625 ἐπον.
3580 5568 3762 5628 ῥύεται

2177 5573 2405 5627 restitui
2438 5588 2452 5626 :
2490 5568 2587 5622 Καὶ
2642 5568 2783 5643 τοὺςΔ
2829 5570 2987 5641 βαπτ.
3023 5569 3109 5643 ἐπὶ
3158 5574 3225 5642 τῇ
3275 5590 3360 5642 τρ.
3394 5570 3540 5643 ἐπον.
3578 5568 3762 5643 ῥύεται

345 5645 443 5700 καὶ
504 5652 607 5721 τῆς
662 5637 762 5721 ’ἔσχ
806 5644 931 5721 κολ.
986 5643 1339 5721 ApudCxai
1398 5637 1561 5699 debat
1610 5649 1744 5700 ante
1797 5641 1923 5705 τοὺς
1986 5640 2437 5721 βαπτιζομένους,
2472 5642 2508 5697 S
2540 5637 2723 5701 ὃτοὺς
2760 5637 3210 5713 βαπτιζομένουᾴ
3287 5637 3332 5677 ⁸⁵
3363 5639 3453 5695 καί
3512 5637 3629 5696 om.
3691 5640 3758 5697 Ο.

345 5720 399 5756 ⁸³
430 5718 507 5779 ὡς
542 5715 602 5773 ἄν
630 5717 697 5787 D,
731 5715 809 5771 ὅτ’
840 5715 900 5772 ἄν
931 5718 992 5789 C,
1026 5715 1150 5774 ὅταν
1177 5721 1241 5774 Ο.
