4086 6216
2741 141 2790 152 ,κ

308 372 425 432 295
1137 368 1199 425 S.
1249 367 1688 427 CLEMENTIS
1736 369 1758 425 l
1805 365 1959 426 ΗΘΜ

2074 365 2267 424 ὈΝΤ.
2315 359 2576 424 ΟΡΕΒΑ
2618 363 2881 424 DUBIA.
3591 366 3713 427 296

318 504 437 558 haec
467 502 620 556 enim
655 499 779 555 sola
810 499 924 555 vim
985 499 1139 570 ignis
1193 503 1384 571 potest
1437 499 1825 571 exstinguere.
1874 499 1958 552 Ad

2074 493 2399 550 πτισθέντων
2424 493 2518 556 τὰς
2549 494 2812 557 εὐποιίας.
2847 495 2940 549 Διὸ
2996 495 3356 572 προσφεύγετε
3399 493 3479 568 τῷ
3535 495 3714 570 ὕδατι,

3354 579 3410 620 ξι

315 607 491 662 quam
517 589 617 661 qui
636 590 894 644 nondum
920 588 1041 642 vult
1063 588 1277 654 venire,
1302 588 1492 644 adhuc
1515 587 1781 643 rabidum
1805 587 1956 660 gerit

2074 589 2220 638 τοῦτο
2251 583 2354 660 γὰρ
2390 584 2552 656 μόνον
2583 585 2682 653 τήν
2728 588 2824 638 τοῦ
2873 585 3041 660 πυρὸς
3092 585 3268 660 ὁρμὴν
3320 583 3504 640 σϐέσαι
3553 583 3716 642 δύνα-

311 679 610 750 spiritum,
642 679 810 748 cujus
841 677 1031 750 gratia
1059 694 1175 732 non
1192 678 1316 732 vult
1335 693 1438 749 pro
1461 694 1568 733 sua
1589 675 1776 733 salute
1795 677 1954 732 adire

2074 694 2167 730 cat.
2197 672 2385 744 Τούτῳ
2416 673 2444 726 ὁ
2480 675 2648 746 μήπω
2677 671 2996 746 προσελθεῖν
3029 672 3201 728 θέλων
3233 671 3309 729 ἔτι
3339 675 3402 729 τὸ
3440 677 3543 744 τῆς
3583 674 3713 731 λύσ-

309 781 523 839 aquam
552 767 763 822 vivam.

385 944 607 1001 XXVII.
643 945 860 999 Accede
892 944 1089 1016 igitur,
1136 943 1256 999 sive
1298 945 1499 1014 justus
1545 945 1646 1014 sis,
1697 943 1816 999 sive
1862 944 1952 998 in-

301 1035 525 1105 justus.
558 1034 703 1089 Nam
738 1033 864 1099 tibi,
899 1034 946 1088 si
972 1035 1172 1102 justus
1201 1049 1284 1103 es,
1318 1033 1508 1088 solum
1539 1033 1738 1088 deerat
1765 1031 1953 1104 bapti-

311 1123 428 1178 zari
448 1123 505 1177 in
529 1122 800 1192 salutem,
825 1123 915 1178 sin
936 1121 1271 1192 injustusin
1296 1121 1704 1177 remissionem
1729 1137 1953 1189 eorum,

314 1228 444 1283 quae
467 1211 525 1266 in
541 1211 869 1282 ignorantia
882 1210 1044 1282 prius
1059 1210 1425 1282 perpetrasti.
1451 1211 1510 1266 Si
1526 1227 1656 1266 vero
1674 1210 1950 1279 iniustus,

313 1298 685 1370 relinquitur,
719 1303 782 1353 ut
807 1298 1182 1370 baptismatis
1212 1299 1364 1353 bona
1393 1296 1956 1369 opererisjuxtaim-

311 1388 545 1460 pietatis
578 1388 1030 1459 proportionem.
1067 1388 1450 1458 Quapropter,
1483 1387 1602 1442 sive
1641 1387 1845 1458 justus
1892 1402 1954 1440 es

310 1478 429 1532 sive
456 1477 716 1548 iniquus,
750 1477 958 1531 festina
988 1476 1148 1530 nasci
1181 1480 1313 1543 Deo,
1368 1476 1508 1547 quia
1539 1474 1738 1529 dilatio
1791 1474 1957 1529 ati'ert

314 1565 669 1634 periculum;
705 1582 838 1620 nam
869 1565 1154 1620 incertum
1207 1567 1295 1619 est
1343 1564 1737 1635 praestitutum
1785 1561 1953 1618 morti

313 1660 526 1710 nostra:
556 1660 808 1726 tempus.
842 1654 1019 1719 Patri,
1052 1653 1150 1724 qui
1182 1657 1236 1708 te
1268 1670 1337 1708 ex
1367 1670 1518 1724 aqua
1539 1652 1762 1724 genuit,
1796 1651 1958 1706 simi-

311 1743 619 1798 litudinem
645 1760 745 1815 per
766 1744 916 1798 bona
929 1759 1104 1814 Opera
1117 1743 1691 1812 ostende.Tanquam
1708 1741 1824 1794 veri
1838 1746 1957 1795 stu-

312 1831 514 1887 diosus
534 1848 728 1886 verum
752 1836 932 1886 Deum
955 1831 1177 1886 honora
1191 1836 1254 1886 ut
1276 1835 1520 1903 patrem.
1542 1830 1736 1884 Honor
1757 1835 1954 1885 autem

309 1924 438 1989 ejus
453 1927 560 1986 est,
595 1925 660 1974 ut
687 1921 767 1975 ita
782 1920 959 1986 vivas,
980 1921 1133 1975 sicut
1152 1921 1298 1991 ipse,
1326 1920 1643 1990 quijustus
1668 1923 1776 1983 est,
1804 1919 1955 1974 desi-

308 2013 416 2063 rat.
429 2011 666 2078 Porroju
678 2008 749 2063 sti
762 2007 894 2063 volu
906 2013 1035 2064 ntas
1053 2013 1161 2075 est,
1187 2007 1537 2078 injustitiam
1553 2023 1667 2062 non
1684 2007 1958 2062 facias.Et

309 2103 396 2154 est
425 2097 738 2168 injustitia,
764 2096 1406 2164 occidere,adulterare,
1426 2095 1639 2161 odisse,
1661 2095 1954 2163 fraudare,

312 2191 629 2264 caeteraque
661 2186 753 2241 his
785 2185 1022 2254 similia,
1054 2202 1301 2254 quorum
1333 2184 1529 2240 multae
1552 2189 1691 2239 sunt
1711 2183 1954 2255 species.

385 2275 629 2329 XXVIII.
662 2274 1081 2330 Verumtamen
1111 2273 1241 2329 istis
1274 2273 1668 2343 adjiciendum
1717 2277 1805 2327 est
1853 2271 1956 2325 ali-

313 2363 472 2434 quid,
507 2364 659 2434 quod
693 2363 930 2434 quidem
959 2379 1094 2417 cum
1119 2361 1355 2432 reliquis
1374 2361 1709 2416 hominibus
1733 2377 1847 2414 non
1869 2363 1960 2415 est

319 2468 651 2516 commune,
684 2451 784 2506 sed
817 2451 1050 2522 prOprie
1081 2451 1358 2522 competit
1391 2449 1655 2522 religioni
1675 2448 1790 2504 Dei.
1820 2448 1959 2504 Dico

317 2546 535 2611 autem,
569 2540 626 2594 in
649 2540 901 2610 puritate
924 2540 1149 2610 degere,
1174 2539 1244 2594 ad
1268 2555 1504 2594 uxorem
1532 2555 1698 2592 suam
1724 2537 1960 2609 quando

320 2629 379 2683 in
413 2629 761 2700 purgatione
792 2632 881 2683 est
911 2645 1027 2684 non
1061 2629 1364 2683 accedere:
1399 2627 1508 2682 hoc
1540 2627 1752 2698 quippe
1791 2627 1962 2696 jubet

319 2717 419 2773 Dei
451 2716 558 2772 lex.
594 2717 740 2776 Ouid
774 2733 902 2772 vero
927 2716 955 2769 ?
988 2716 1109 2771 Nisi
1152 2716 1376 2786 puritas
1423 2717 1482 2770 in
1534 2715 1811 2786 religione
1859 2714 1961 2770 Dei

319 2811 474 2861 esset
503 2809 862 2872 consecrata,
905 2822 1006 2861 vos
1054 2809 1119 2860 ut
1167 2805 1427 2860 canthari
1482 2820 1614 2859 cum
1669 2803 1962 2876 voluptate

315 2894 709 2950 volveremini.
745 2894 951 2963 Quare,
984 2899 1265 2965 tanquam
1301 2893 1567 2949 homines
1597 2892 1820 2964 aliquid
1847 2907 1966 2947 am-

321 2982 476 3054 plius
503 2982 692 3038 brutis
719 2982 1118 3038 animantibus
1150 2983 1453 3051 habentes,
1503 2981 1786 3037 nimirum
1835 2997 1964 3037 esse

319 3071 655 3138 rationales,
681 3088 777 3126 cor
819 3071 1055 3142 quidem
1087 3088 1120 3126 a
1152 3071 1324 3126 malis
1348 3077 1594 3144 purgate
1644 3087 1746 3142 per
1791 3069 1964 3126 cccle-

320 3164 469 3214 stem
492 3159 874 3227 intellectum,
889 3159 1117 3215 lavacro
1140 3165 1334 3216 autem
1351 3177 1563 3232 corpus
1583 3159 1963 3216 diluite.Nam

318 3247 469 3302 inter
497 3264 628 3303 vere
661 3249 812 3303 bona
856 3253 945 3303 est
992 3249 1331 3304 mundities.
1379 3249 1504 3304 Non
1556 3248 1724 3322 quasi
1772 3248 1962 3304 cordis
1993 3234 2036 3300 C

318 3337 631 3407 puritatem
665 3337 951 3408 praecedat
979 3337 1215 3392 castitas
1247 3339 1526 3409 corporis,
1551 3341 1649 3394 sed
1673 3341 1811 3410 quia
1834 3341 1966 3410 post

316 3426 538 3480 bonum
569 3425 836 3496 sequitur
866 3426 1018 3496 quod
1051 3427 1339 3481 mundum
1372 3431 1478 3481 est.
1513 3427 1739 3483 Etenim
1781 3426 1966 3499 magi-

319 3517 438 3568 ster
470 3518 669 3568 noster
708 3515 996 3584 quosdam
1046 3519 1378 3570 nostrorum
1432 3515 1858 3571 Pharisaeorum
1911 3520 1968 3570 et

317 3602 665 3670 scribarum,
693 3603 790 3674 qui
825 3608 963 3658 sunt
983 3604 1254 3674 separati,
1288 3608 1346 3658 et
1384 3603 1529 3676 legis
1576 3605 1869 3674 instituta,
1903 3609 1967 3660 ut

317 3690 693 3762 Scribe,plus
719 3692 939 3747 caeteris
962 3697 1342 3764 cognoscunt,
1366 3694 1749 3766 redarguebat
1768 3699 1964 3750 tamen

318 3778 483 3834 velut
510 3779 862 3852 hypocritas,
897 3781 1051 3852 quod
1083 3799 1150 3836 ea
1187 3782 1309 3837 sola
1342 3799 1466 3853 quae
1513 3786 1583 3837 ab
1627 3783 1965 3839 hominibus

315 3869 589 3924 videntur
625 3869 1023 3941 puriﬁcarent,
1055 3871 1247 3926 cordis
1279 3888 1409 3926 vero
1442 3871 1755 3942 puritatem
1787 3888 1965 3944 quam

316 3957 479 4013 solus
511 3958 664 4013 Deus
697 3959 906 4029 aspicit
934 3958 1346 4031 relinquerent.

386 4046 573 4100 XXIX.
607 4046 722 4102 Hac
754 4064 889 4119 ergo
921 4047 1050 4118 ipsa
1091 4065 1226 4104 voce
1284 4065 1428 4104 usus
1481 4052 1592 4115 est,
1640 4065 1836 4105 revera
1892 4050 1964 4105 ad

315 4134 650 4206 hypocritas
680 4135 830 4191 inter
858 4153 956 4190 eos
986 4134 1252 4207 loquens,
1286 4155 1400 4192 non
1447 4155 1578 4193 vero
1638 4139 1706 4193 ad
1759 4155 1962 4193 omnes

314 4225 462 4279 Nam
494 4224 790 4295 praecepit,
824 4230 889 4279 ut
915 4225 1266 4296 quibusdam
1311 4226 1664 4292 obediretur,
1695 4228 1846 4298 quod
1890 4226 1964 4282 iis

318 4312 640 4368 commissa
667 4312 878 4368 fuisset
925 4313 1140 4386 Moysis
1172 4313 1447 4370 cathedra
1488 4315 1584 4386 (α).
1635 4315 1853 4370 Verum
1897 4331 1963 4371 ac

310 4400 644 4473 hypocritas
675 4400 855 4456 dixit:
893 4402 974 4457 Vae
1003 4403 1152 4458 {vobis
1181 4403 1393 4460 Scriba:
1443 4407 1493 4458 et
1540 4404 1813 4458 Phariswi
1858 4404 1963 4474 hy-

304 4491 552 4562 pocritw,
606 4492 738 4561 quia
790 4493 1071 4546 mundatis
1121 4493 1308 4546 calicz's
1369 4499 1419 4547 et
1463 4492 1779 4563 parapsidis
1824 4491 1964 4562 quod

2062 781 2163 830 σης
2195 760 2344 838 φέρει
2373 765 2606 835 πνεῦμα,
2639 761 2701 815 οὗ
2730 757 2882 816 ἓνεκα
2929 761 3015 815 ἐπὶ
3064 765 3130 836 τῇ
3191 761 3353 817 αὐτοῦ
3393 765 3440 800 ⁸⁸
3473 765 3716 840 σωτηρίᾳ

2063 847 2218 904 ὅδατι
2252 854 2410 920 ζῶντι
2442 849 2761 924 προσελθεῖν
2796 850 2858 904 ού
2892 847 3058 914 θέλει.

2134 940 2346 996 XXVII.
2379 937 2654 1014 Πρόσελθε
2693 937 2806 1011 οὖν,
2838 937 2934 993 κᾶν
2983 937 3189 1001 δίκαιος
3236 941 3321 1010 ᾖς,
3354 939 3450 994 κᾶν
3501 938 3712 1003 ἄδικος.

2064 1027 2264 1100 Δικαίῳ
2320 1027 2422 1103 γὰρ
2480 1022 2594 1081 ὄντι
2655 1028 2806 1085 248
2865 1049 2948 1081 σοι
3013 1027 3170 1100 μόνον
3229 1023 3412 1084 ἔλειπε
3455 1029 3519 1084 τὸ
3575 1030 3716 1106 πρὸς

2062 1115 2331 1192 σωτηρίαν
2385 1117 2762 1192 βαπτισθῆναι,
2799 1113 2969 1189 ἀδίκῳ
3019 1113 3077 1171 δὲ
3123 1117 3261 1192 πρὸς
3315 1119 3378 1173 τὸ
3413 1118 3717 1194 βαπτισθῆ-

2062 1226 2148 1260 ναι
2178 1208 2223 1241 ⁵⁵
2249 1204 2323 1267 εἷς
2377 1204 2559 1282 ἄφεσιν
2618 1209 2725 1259 τῶν
2786 1205 2836 1259 ἐν
2888 1204 3077 1281 ἀγνοίᾳ
3104 1207 3615 1282 προπεπραγμένων
3647 1211 3716 1266 ⁸⁸.

2063 1291 2264 1366 Ἀδίκῳ
2314 1291 2360 1347 δ’
2409 1293 2892 1348 ὑποκαταλείπεται
2947 1294 3062 1348 κατ’
3098 1292 3390 1371 ἀναλογίαν
3439 1303 3541 1365 τῆς
3594 1296 3718 1352 ἀσε-

2063 1376 2212 1444 ϐείας
2244 1383 2277 1452 ἠ
2312 1380 2398 1436 ἐπὶ
2434 1381 2492 1437 τὸ
2554 1381 2831 1457 βάπτισμα
2871 1380 3105 1440 εὐποιία.
3142 1384 3235 1438 Διὸ
3296 1380 3349 1437 εἷ’
3391 1405 3449 1440 τε
3507 1382 3718 1448 δίκαιος

2065 1470 2132 1538 εἴ,
2161 1467 2268 1524 εἷ’τε
2307 1468 2515 1541 ἄδικος,
2549 1474 2774 1524 σπεῦσον
2821 1472 3145 1546 γεννηθῆναι
3200 1476 3336 1544 Θεῷ,
3369 1471 3452 1528 ὅτι
3501 1475 3534 1542 ἠ
3582 1473 3713 1528 ἀνα-

2065 1554 2207 1628 ϐολή
2241 1557 2483 1613 κίνδυνον
2518 1561 2665 1637 φέρει
2699 1556 2789 1613 διὰ
2814 1559 2877 1614 τὸ
2916 1557 3122 1629 ἄδηλον
3155 1563 3200 1597 ⁶’¹
3233 1559 3365 1616 εἶναι
3411 1565 3510 1616 τοῦ
3556 1561 3716 1616 θανά-

2063 1669 2158 1702 του
2213 1649 2312 1717 τὴν
2367 1648 2720 1724 προθεσμίαν,
2771 1653 2850 1720 τῷ
2905 1647 2957 1718 ἐξ
3015 1646 3208 1711 ὕδατος
3256 1652 3300 1687 ⁸⁸
3355 1650 3606 1724 γεννῶντί
3657 1671 3718 1705 σε

2063 1735 2228 1812 πατρί
2286 1734 2374 1790 διὰ
2427 1739 2525 1806 τῆς
2583 1735 2829 1799 εὐποιίας
2878 1739 2977 1806 τήν
3036 1738 3338 1810 ὁμοιότητα
3387 1737 3577 1810 δείξας.
3623 1745 3714 1802 Ὧς

2065 1825 2380 1904 φιλαλήθης
2437 1827 2528 1880 τὸν
2590 1823 2773 1896 ἀληθῆ
2828 1826 2954 1881 Θεὸν
3000 1831 3175 1900 τιμῶν
3207 1827 3281 1888 ὡς
3309 1829 3533 1904 πατέρα.
3565 1829 3712 1901 Τιμή
3780 1899 3790 1906 _

2066 1914 2122 1971 δὲ
2177 1917 2322 1987 αὑτῷ
2378 1916 2439 1970 τὸ
2499 1919 2592 1989 ζῇν
2627 1937 2684 1969 σε
2713 1915 2787 1976 ὡς
2817 1915 2976 1976 αὐτὸς
3031 1912 3238 1978 δίκαιος
3299 1913 3370 1972 ὢν
3420 1914 3584 1971 θέλει.
3621 1923 3717 1972 Δι-

2065 2005 2219 2060 καίου
2281 2001 2338 2058 δὲ
2385 2003 2601 2077 θέλημα
2655 2001 2718 2059 τὸ
2781 2004 2856 2076 μὴ
2914 2001 3135 2060 ἀδικεῖν.
3195 2001 3410 2060 Ἀδικία
3459 2001 3515 2060 δέ
3574 2003 3716 2060 ἐστιν

2066 2093 2327 2172 φονεύειν,
2364 2098 2559 2166 μισεῖν,
2592 2091 2956 2162 πλεονεκτεῖν,
2989 2093 3080 2148 καὶ
3135 2093 3202 2147 τὰ
3253 2092 3469 2156 τούτοις
3524 2091 3714 2168 ὅμοια·

2065 2183 2269 2237 τούτων
2305 2179 2362 2236 δὲ
2392 2179 2506 2251 εἶ’δη
2540 2180 2745 2238 πολλά.

2136 2273 2377 2328 XXVIII.
2434 2268 2586 2339 Πλὴν
2627 2268 2842 2332 τούτοις
2913 2269 3270 2346 συνεισφέρειν
3332 2268 3415 2327 δεῖ
3459 2271 3511 2326 τί
3563 2293 3717 2342 ποτε,

2069 2361 2098 2414 ’ὀ
2127 2359 2418 2428 κοινότητα
2447 2359 2582 2434 πρὸς
2625 2359 2964 2434 [ἀνθρώπους
3015 2360 3108 2431 μὲν
3159 2359 3257 2414 ούκ
3304 2355 3444 2437 ἔχει,
3478 2357 3617 2416 ἴδιον
3659 2359 3717 2416 δὶ

2071 2448 2359 2525 θρησκείας
2418 2452 2552 2502 Θεοῦ
2607 2449 2884 2524 τυγχάνει.
2932 2447 3084 2524 Λέγω
3143 2446 3208 2518 δή
3267 2450 3330 2504 τὸ
3386 2449 3714 2526 καθαρεύειν,

2067 2536 2132 2591 τὸ
2192 2536 2242 2590 ἐν
2302 2533 2520 2614 ἀφέδρῳ
2574 2532 2704 2609 οὔσῃ
2761 2539 2827 2609 τῇ
2888 2533 3000 2608 ἰδίᾳ
3053 2541 3262 2612 γαμετῇ
3309 2539 3382 2611 μὴ
3416 2543 3717 2609 κοινωνεῖν,

2071 2624 2153 2680 ὅτι
2184 2629 2344 2680 τοῦτο
2378 2627 2405 2680 ὁ
2437 2630 2570 2680 Θεοῦ
2602 2624 2810 2680 κελεύει
2842 2625 3034 2699 νόμος.
3066 2626 3124 2681 Τί
3157 2624 3251 2695 δέ;
3287 2626 3331 2681 εί
3367 2629 3440 2700 μή
3500 2628 3590 2682 καὶ
3647 2630 3719 2700 τῇ

2071 2719 2166 2770 τοῦ
2196 2718 2328 2769 Θεοῦ
2359 2714 2615 2788 θρησκείᾳ
2641 2715 2704 2769 τὸ
2759 2705 3392 2789 καθαρεύειν’Ἒνέκειτο,
3425 2716 3580 2789 ὑμεῖς
3641 2715 3721 2779 ὡς

2073 2805 2124 2858 οἱ
2153 2804 2412 2879 κάνθαροι
2440 2805 2486 2839 ⁵9
2515 2800 2689 2872 ἡδέως
2721 2802 2779 2857 ἂν
2822 2800 3124 2867 έκυλίασθε.
3159 2805 3252 2858 Διὸ
3308 2804 3383 2866 ὡς
3442 2802 3720 2880 ἄνθρωποι

2074 2889 2293 2966 ἔχοντές
2347 2913 2398 2946 τι
2457 2891 2646 2965 πλεῖον
2694 2895 2801 2946 τῶν
2853 2891 3071 2967 ἀλόγων
3112 2893 3289 2961 ζώων,
3318 2893 3381 2948 τὸ
3427 2891 3647 2968 λογικοὶ
3676 2896 3723 2929 το

2073 2981 2224 3050 εἶναι,
2276 2982 2376 3050 τήν
2442 2981 2534 3053 μὲν
2591 2977 2814 3056 καρδίαν
2868 2985 2976 3036 τῶν
3035 2986 3212 3036 κακῶν
3274 2981 3509 3058 οὐρανίῳ
3559 2984 3727 3038 καθά-

2074 3090 2199 3146 ρατε
2234 3069 2504 3146 λογισμῷ,
2538 3068 2755 3145 λουτρῷ
2804 3067 2860 3124 δὲ
2910 3069 3141 3126 πλύνετε
3169 3073 3212 3108 τί
3243 3072 3306 3126 τὸ
3354 3075 3534 3144 σῶμα.
3567 3074 3722 3130 249

2072 3160 2216 3214 Κατᾶ
2244 3159 2344 3235 γὰρ
2372 3159 2439 3213 τὰ
2469 3156 2649 3229 ἀληθῆ
2679 3158 2742 3212 τὸ
2771 3159 3102 3233 καθαρεύειν,
3137 3159 3243 3236 οὐχ
3290 3160 3365 3222 ὠς
3412 3159 3495 3215 ὅτι
3545 3181 3724 3237 προη-

2072 3253 2245 3324 γεῖται
2271 3253 2371 3316 τῆς
2403 3248 2536 3302 κατὰ
2563 3248 2661 3315 τήν
2693 3245 2916 3321 καρδιαν
2962 3245 3272 3324 καθάρσεως
3301 3251 3336 3318 ἡ
3384 3254 3482 3304 τοῦ
3530 3252 3723 3322 σώμα-

2072 3357 2165 3392 τος
2196 3335 2398 3410 ἁγνεία,
2432 3333 2557 3390 ἀλλ’
2589 3335 2662 3397 ὡς
2693 3339 2738 3372 ⁷9
2784 3334 2863 3389 ὅτι
2911 3332 3094 3390 ἕπεται
3150 3341 3229 3407 τῷ
3279 3337 3460 3413 ἀγαθῷ
3504 3338 3568 3394 τὸ
3623 3359 3720 3392 κα-

2075 3425 2281 3500 θάριον.
2314 3425 2412 3478 Καὶ
2470 3424 2574 3499 γὰρ
2609 3421 2996 3487 ὁδιδάσκαλος
3053 3426 3214 3497 ἡμῶν
3274 3424 3448 3487 ἐνίους
3503 3429 3611 3480 τῶν
3671 3425 3724 3481 έν

2073 3517 2207 3586 ἡμῖν
2241 3515 2285 3549 ⁷³
2316 3512 2624 3588 Φαρισαίων
2675 3512 2766 3566 καὶ
2818 3515 3208 3588 γραμματέων,
3236 3511 3289 3568 οτί
3318 3513 3450 3579 εἰσιν
3513 3515 3725 3593 ἀφωρι-

2073 3602 2261 3674 σμένοι
2294 3603 2407 3675 (33)
2434 3601 2524 3655 καὶ
2553 3599 2620 3654 τὰ
2647 3600 2859 3674 νόμιμα
2890 3601 2963 3663 ὡς
3003 3608 3344 3677 γραμματεῖς
3374 3606 3480 3658 τῶν
3533 3601 3722 3658 ἄλλων
3775 3615 3778 3618 ’

2073 3691 2263 3746 πλεῖον
2325 3688 2550 3757 εἷ’δότες,
2583 3689 2737 3762 ὅμως
2786 3687 3078 3766 διήλεγχεν
3128 3690 3322 3753 αὐτοὺς
3380 3691 3458 3753 ὡς
3498 3692 3724 3767 ὑποκρι-

2069 3780 2188 3849 τὰς,
2224 3779 2328 3846 ὅτι,
2365 3779 2504 3852 μόνα
2545 3779 2612 3832 τὰ
2663 3778 2970 3852 ἀνθρώποις
3029 3779 3324 3856 φαινόμενα
3390 3780 3723 3853 ἁγνεύοντες,

2070 3870 2137 3924 τὰ
2164 3875 2264 3937 τῆς
2295 3865 2518 3944 καρδίας
2565 3869 2770 3944 καθαρὰ
2799 3867 2889 3922 καὶ
2921 3872 3034 3940 Θεῷ
3085 3868 3234 3942 μόνῳ
3283 3869 3534 3945 ὁρώμενα
3579 3889 3720 3946 παρ-

2073 3957 2131 4012 ελ
2143 3959 2155 4011 ί
2166 3978 2372 4030 μπανον
2383 4001 2395 4013 .

2145 4053 2338 4103 XXIX.
2374 4048 2540 4120 Ῥητῇ
2574 4043 2666 4100 οὖν
2698 4044 2865 4120 ταύτῃ
2895 4050 3049 4123 φωνῇ
3094 4046 3391 4124 ἐχρήσατο,
3421 4047 3490 4102 τὰ
3537 4045 3722 4117 ἀληθῆ

2071 4137 2206 4212 πρὸς
2253 4136 2379 4197 τοὺς
2431 4135 2723 4211 ὑποκριτὰς
2774 4135 2949 4190 αὐτῶν
2999 4134 3172 4212 λέγων
3201 4139 3266 4202 ⁷³,
3299 4136 3360 4191 ού
3397 4133 3533 4211 πρὸς
3592 4137 3724 4191 πάν-

2069 4246 2186 4287 τας.
2221 4223 2407 4279 Ἐνίων
2440 4223 2542 4298 γὰρ
2573 4223 2663 4278 καὶ
2715 4222 2997 4278 ἐπακούειν
3051 4223 3247 4300 ἔλεγεν,
3281 4223 3364 4279 ὅτι
3411 4226 3509 4294 τήν
3559 4231 3723 4280 Maiis-

2071 4311 2206 4375 σέως
2261 4311 2645 4382 ἐπιστεύθησαν
2702 4309 2983 4389 καθέδραν.
3018 4311 3172 4382 Πλὴν
3223 4315 3358 4390 πρὸς
3407 4313 3550 4386 τοὺς
3584 4314 3721 4368 ὑπο-

2071 4402 2257 4475 κριτὰς
2305 4399 2504 4478 ἔλεγεν
2539 4401 2673 4458 Οὐαὶ
2733 4402 2861 4476 ὑμῖν
2913 4405 2976 4471 ⁷⁵,
3007 4409 3348 4479 γραμματεῖς
3407 4402 3496 4457 καὶ
3552 4407 3723 4476 Φαρι-

2071 4497 2236 4562 σαῖοι,
2323 4491 2629 4568 ὑποκριταὶ,
2713 4490 2795 4547 ὅτι
2879 4491 3189 4567 καθαρίζετε
3267 4488 3366 4546 τοῦ
3449 4489 3723 4563 ποτηρίου

310 4581 554 4635 exterius
584 4583 681 4645 est,
733 4581 883 4635 intus
937 4584 1124 4636 autem
1177 4596 1242 4636 ea
1291 4582 1460 4653 plena
1512 4585 1637 4636 sunt
1689 4582 1959 4652 squaloris

2074 4579 2160 4635 καὶ
2245 4586 2347 4650 τῆς
2429 4578 2730 4656 παροψίδος
2787 4579 2848 4634 τὸ
2901 4577 3116 4654 ἔξωθεν,
3176 4578 3369 4636 ἔσωθεν
3431 4576 3489 4636 δὲ
3563 4578 3720 4655 γέμει

307 4669 593 4725 Phariam
621 4684 781 4739 came,
837 4670 1044 4726 munda
1100 4687 1258 4742 prms
1304 4671 1501 4726 aulicis
1556 4673 1606 4726 et
1648 4671 1962 4742 paropsidis

375 4791 458 4864 (α)
489 4793 695 4848 Matth.
718 4810 878 4862 xxm,
900 4795 954 4848 2.

2074 4669 2244 4746 ῥύπου
2298 4671 2363 4725 ⁷⁸.
2419 4674 2682 4746 Φαρισαῖε
2743 4668 2938 4745 τυφλέ,
2995 4670 3283 4748 καθάρισον
3349 4673 3565 4745 πρῶτον
3621 4671 3723 4724 τοῦ

1667 4892 1908 4948 νΑΡιΙίΕ
1954 4892 2366 4949 LECTIONES.

375 4987 421 5022 ⁸⁸
450 4988 545 5072 Ita
565 4988 623 5058 S,
657 4986 826 5072 αὐτοῦ
849 4990 1006 5072 C,
1083 4991 1127 5024 ⁸⁵
1155 4989 1307 5072 Vbb.
1337 4985 1518 5072 018ng
1566 4985 1632 5072 δὲ
1678 4990 1818 5072 πρὸς
1867 4991 1930 5071 τᾷ

308 5075 434 5128 rec_._
480 5078 558 5128 τῳ

1992 4989 2349 5063 βαπτισθῆναι
2409 4993 2781 5063 accesserunt
2836 5006 2904 5046 ex
2934 4990 2998 5061 Ο,
3041 4990 3101 5046 in
3159 4992 3275 5062 cuj.
3311 5007 3497 5063 marg.
3545 5007 3708 5048 man.

610 5077 713 5132 pro
766 5059 900 5136 id.“
927 5063 972 5097 ⁸⁸
1025 5061 1422 5136 πεπραγμένων
1599 5059 1859 5118 Subinde
1913 5059 2083 5134 ἀδίκῳ
2139 5059 2185 5116 δ’
2238 5063 2371 5136 add.
2432 5064 2487 5117 S.

2550 5079 2607 5134 c_.
2662 5062 2872 5134 Rnﬁno
2918 5065 3044 5134 Rec.
3077 5063 3226 5134 v1,q97
3255 5081 3269 5120 :
3302 5062 3507 5134 injuste
3571 5079 3718 5134 υενρ.

305 5131 348 5165 ⁸⁷
381 5125 691 5208 ᾅδειλόνὶὐι.
769 5133 811 5208 οῗ
842 5128 995 5208 ὕδατι
1026 5133 1091 5188 Ο.
1139 5125 1594 5208 ’⁶⁹’Ᾰῐ’ἰξί;.-ῌίδι.
1623 5136 1887 5208 _am'm_._v,
1923 5137 2006 5205 19,
2199 5151 2252 5208 a_,
2309 5135 2416 5208 I_7A:
2451 5132 2514 5186 Oi.
2568 5129 2624 5186 δὲ
2671 5131 2963 5208 κάνθαροιΔ
2989 5133 3049 5203 ἣν
3098 5125 3377 5208 κύλίουςξί⁷
3406 5132 3632 5208 κόπρον,
3665 5131 3717 5187 έν

304 5200 470 5285 ταύτῃ
492 5198 806 5292 (ιρωλεύουησί
834 5223 892 5256 τε
919 5204 1007 5258 τὸν
1040 5208 1306 5292 χειμῶνα.
1328 5205 1396 5292 ἓ.
1430 5205 1579 5292 ilium
1612 5198 1951 5292 ἀγεκυλίεσθε
2107 5198 2170 5292 at
2230 5202 2592 5288 équisoesﬂ.
2669 5204 2714 5239 7°
2753 5198 2992 5292 ’.λογικόν
3013 5198 3023 5203 ’
3054 5208 3141 5292 C,"
3173 5209 3250 5278 τῷ
3307 5198 3528 5292 λογικαὶ¹
3583 5198 3718 5258 εἶναι

305 5271 457 5350 conj.
492 5271 548 5329 S.
629 5275 668 5310 τί
688 5271 933 5350 πλύνατε
959 5282 1028 5350 (1.
1049 5271 1195 5350 Tum
1225 5272 1514 5350 tb_&).r,0éc
1543 5281 1606 5350 Ο.
1650 5277 1938 5350 Deinceps
1966 5271 2082 5350 fuit
2107 5277 2314 5350 lacuna
2345 5277 2480 5350 in_0
2509 5277 2660 5330 inter
2683 5271 2992 5350 καθαρεύειν
3025 5281 3082 5350 et
3103 5271 3716 5350 8n,'quani.al.qman.

306 5346 516 5420 partim
575 5346 821 5420 explevit
877 5348 1067 5420 verbis
1124 5345 1359 5420 ούχωὼς
1418 5347 1738 5420 inscriptis.
1815 5345 2036 5404 π’ἀλλά
2092 5349 2168 5410 ὡς
2198 5351 2257 5405 C.

2333 5350 2379 5422 ’ζδ
2412 5347 2632 5422 anno.
2686 5347 3058 5405 Ottoboniani
3110 5347 3264 5406 lectf
3299 5348 3627 5422 prasagivit
3656 5347 3715 5405 S.

307 5413 352 5452 τι
384 5413 560 5490 λέγων
592 5413 727 5474 add.
762 5435 810 5474 c.
846 5420 912 5474 Ο.
949 5419 1106 5474 Idem
1143 5413 1412 5492 ρξ’ἔλεγεν
1445 5413 1715 5475 lacunam
1748 5421 1984 5492 praebet.
2059 5422 2103 5458 ⁷⁵
2136 5421 2290 5494 ὑμεῖς
2323 5421 2388 5478 Ο.
2449 5413 2508 5454 ³⁷⁸
2540 5416 2763 5494 ῥύπους.
2797 5425 2854 5476 C.

1671 5535 2053 5594 VARIORUM
2091 5537 2324 5594 NOT/E.

376 5619 1062 5701 (332_’Azgcop_ecpévoz.__ld
1105 5621 1415 5701 eigniﬁcat
1456 5640 1685 5701 nomen
1735 5629 2041 5701 Φαρισαῖοι.
2101 5628 2386 5700 Suspecta
2472 5626 2669 5682 autem
2727 5623 3052 5683 Ebionismi
3107 5628 3165 5684 et
3212 5622 3506 5684 Judaismi
3580 5625 3722 5680 sunt

305 5691 436 5762 quae
472 5691 563 5747 his
594 5691 888 5764 capitibus
917 5691 1203 5750 dicuntur
1223 5695 1294 5750 de
1319 5694 1630 5751 lavatione.
1663 5699 1790 5753 ουτ.
