4086 6216
282 336 367 394 ξεῃ
1359 326 1887 389 CLEMENTINA.
1925 361 2000 373 —
2031 329 2361 391 HOMILIA
2403 331 2505 390 XI.

3516 335 3637 396 298

280 459 501 534 ποτηρίου
563 456 645 511 καὶ
718 456 818 524 τῆς
894 451 1196 529 παροψίδος
1246 453 1310 510 τὸ
1367 452 1587 527 ἔσωθεν,
1638 456 1728 512 ’ίνα
1783 457 1870 533 γὲ-

1990 464 2248 533 mterz'us,
2280 466 2342 517 ut
2393 466 2443 517 et
2500 461 2727 518 illorum
2774 464 3053 518 exteriora
3108 461 3316 518 munda
3370 463 3508 532 ﬁant
3537 466 3634 537 (a).

276 569 397 619 νηται
448 546 533 600 καὶ
585 545 648 600 τὰ
703 540 805 613 ἔξω
863 542 1038 599 αὐτῶν
1096 546 1141 579 ⁷⁷
1189 544 1415 619 καθαρά,
1469 545 1566 599 Καὶ
1628 544 1871 616 ἀληθῶς·

273 636 588 716 pinno-Beato:
614 634 715 709 γάρ
746 637 843 687 τοῦ
874 637 968 717 vo?
998 636 1066 706 τῇ
1096 633 1313 710 γνώσει,
1348 635 1375 687 6
1411 635 1592 707 μαθὼν
1653 632 1871 690 δύναται

275 726 437 801 ἀγαθὸς
490 724 637 790 εἶναι,
696 723 742 793 ᾧ
816 724 1112 798 παρέπεται
1170 722 1234 776 τὸ
1290 723 1522 798 καθαρὸν
1608 722 1870 799 γενέσθαι·

271 817 318 871 ἐκ
363 821 445 882 τῆς
501 810 599 866 ἔσω
652 810 753 886 γὰρ
815 808 1055 871 διανοίας
1103 812 1137 879 ἡ
1168 814 1265 865 τοῦ
1321 808 1423 881 ἔξω
1455 814 1708 885 σώματος
1738 813 1872 887 ἀγα-

270 906 322 971 θὴ
348 903 526 977 γίνεται
566 900 813 975 πρόνοια.
846 899 934 961 Ὠς
992 899 1098 953 ἀπό
1156 920 1217 975 γε
1270 906 1373 969 τῆς
1432 906 1567 955 κατά
1608 902 1671 956 τὸ
1712 906 1874 974 σῶμα

268 990 565 1059 ἀναισθησίας
593 992 691 1058 τῆς
745 986 983 1051 διανοίας
1035 988 1264 1061 πρόνοια
1304 988 1547 1063 γενέσθαι
1599 990 1660 1045 ού
1712 988 1867 1045 δύνα-

266 1104 350 1151 ται,
373 1081 531 1141 οὕτως
558 1079 585 1133 6
614 1078 846 1153 καθαρὸς
876 1077 964 1132 καὶ
990 1077 1053 1131 τὸ
1084 1075 1184 1148 ἔξω
1239 1077 1329 1132 καὶ
1385 1078 1448 1133 τὸ
1506 1075 1609 1134 ἔσω
1640 1080 1870 1155 καθᾶραι

267 1174 389 1230 250
440 1166 671 1224 δύναται·
705 1168 734 1222 6
786 1164 844 1221 δὲ
891 1168 960 1221 τὰ
1005 1164 1105 1239 ἔξω
1152 1166 1421 1242 καθαίρων
1467 1168 1600 1241 πρὸς
1659 1169 1869 1244 ἀνθρώ-

264 1282 353 1314 πων
380 1261 416 1295 ’⁸³
440 1259 523 1313 τὸν
580 1253 795 1312 ἔπαινον
850 1256 1067 1333 ἀφορῶν
1124 1254 1285 1311 τοῦτο
1323 1262 1490 1329 ποιεῖ,
1522 1257 1611 1311 καὶ
1668 1255 1869 1330 ἐπαίνῳ

263 1354 344 1404 τῶν
371 1347 716 1421 ἱστορούντων
745 1347 891 1423 παρὰ
919 1350 999 1417 τῷ
1032 1342 1149 1418 Θεῷ
1177 1342 1328 1400 οὐδὲν
1362 1342 1500 1421 ἔχει.

319 1442 448 1492 XXX.
492 1436 604 1490 Τίνι
659 1431 716 1489 δὲ
765 1434 828 1488 ού
879 1433 1139 1511 φαίνεται,
1197 1433 1278 1488 ὅτι
1309 1433 1552 1507 κρεῖττόν
1613 1434 1724 1489 ἐστι
1778 1457 1868 1510 γυ-

269 1526 371 1581 ναικὶ
418 1522 465 1580 ἐν
518 1523 849 1599 γυναικείοις
910 1519 1041 1596 οὔσῃ
1100 1522 1176 1594 μὴ
1233 1520 1528 1596 συνελθεῖν,
1572 1522 1716 1578 ἀλλὰ
1770 1544 1865 1578 κα-

270 1612 461 1689 θαρθείσῃ
512 1611 603 1665 καὶ
670 1608 1059 1685 βαπτισθείσῃ;
1103 1607 1277 1666 Ἀλλὰ
1332 1610 1420 1664 καὶ
1483 1609 1617 1682 μετά
1669 1630 1865 1665 κοινω-

268 1701 347 1755 ’δίαν
397 1700 741 1776 βαπτίζεσθαι
798 1695 899 1754 δεῖ.
962 1697 1022 1752 Εἰ
1084 1695 1141 1752 δὲ
1197 1702 1358 1753 τοῦτο
1398 1704 1576 1753 ποιεῖν
1637 1698 1865 1769 ὀκνεῖτε,

262 1790 591 1859 ἀναπολήσατε
622 1792 741 1849 πῶς
771 1787 838 1841 τὰ
872 1793 974 1856 τῆς
1024 1787 1238 1861 ἁγνείας
1286 1788 1423 1863 μὲρη
1487 1785 1862 1861 μετεδιώκετε,

258 1880 324 1933 ὅτε
354 1880 683 1948 ἀναισθήτοις
735 1873 989 1937 εἰδώλοις
1044 1875 1391 1951 ἐθρησκεύετε
1418 1879 1481 1930 7°.
1528 1877 1864 1952 Αἶσχύνθητε

259 1971 321 2023 δτι
363 1968 591 2034 ἐνταῦθα,
628 1967 766 2020 ὅπου
818 1964 1008 2041 ἐχρῆν,
1044 1964 1106 2019 ού
1158 1966 1219 2019 τὸ
1267 1964 1456 2020 πλεῖον
1517 1963 1687 2040 λέγω,
1720 1965 1867 2021 ἀλλὰ

260 2058 388 2129 μόνον
432 2056 515 2111 καὶ
555 2055 690 2111 ὅλον
738 2055 802 2109 τὸ
848 2061 946 2123 τῆς
980 2054 1194 2128 ἁγνείας
1226 2052 1595 2125 ἀναδέξασθαι,
1638 2054 1865 2131 ὀκνηρό-

253 2168 367 2222 τεροι
408 2134 628 2221 γίνεσθε.
680 2146 926 2213 Νοήσατε
988 2141 1077 2197 οὖν
1139 2143 1230 2197 τὸν
1284 2143 1394 2198 ἐκεῖ
1442 2144 1579 2217 ὑμᾶς
1637 2165 1869 2213 πεποιη-

256 2236 373 2305 κὸτα,
400 2236 481 2289 καὶ
538 2231 968 2303 διανοηθήσεσθε
1020 2231 1102 2294 τίς
1157 2231 1296 2287 ἐστιν
1349 2233 1376 2287 6
1426 2231 1650 2297 ἐνταῦθα
1708 2228 1863 2288 ὄκνον

256 2324 361 2399 πρὸς
386 2323 617 2399 ἁγνείαν,
656 2322 783 2394 ὑμῖν
816 2315 1133 2394 ἐμϐάλλων.

306 2415 467 2469 XXXI.
500 2409 663 2468 Ἀλλ’
696 2409 808 2485 ἐρεῖ
833 2430 917 2471 τις
958 2410 1133 2481 ὑμῶν.
1168 2410 1290 2485 Χρὴ
1351 2407 1442 2464 οὖν
1493 2412 1642 2483 ἡμᾶς
1690 2416 1865 2464 ποιεῖν

252 2500 327 2555 ὅσα
352 2500 395 2555 ἐν
428 2498 690 2561 εἰδώλοις
722 2498 1057 2570 ἑποιοῦμεν;
1087 2496 1248 2571 Φημί
1281 2519 1388 2570 σοι,
1423 2498 1529 2574 οὐχ
1585 2498 1708 2568 ὅλα,
1741 2497 1869 2554 ἀλλ’

257 2589 325 2640 ὅσα
367 2586 541 2648 καλῶς
605 2586 862 2650 ἐποιεῖτε,
891 2584 979 2638 καὶ
1041 2583 1264 2639 ἐνταῦθα
1307 2584 1518 2641 πλεῖον.
1552 2588 1615 2639 "0
1662 2608 1716 2640 τι
1758 2587 1861 2660 γὰρ

260 2674 297 2729 'n
341 2675 509 2737 καλῶς
567 2676 791 2750 γίνηται
845 2672 895 2727 ὲν
945 2677 1014 2746 τῇ
1062 2672 1257 2747 πλάνῃ,
1295 2674 1399 2728 ἀπὸ
1456 2682 1552 2744 τῆς
1606 2673 1864 2745 ἀληθείας

256 2764 463 2839 ἤρτηται,
497 2765 592 2835 ὡς,
636 2762 679 2817 εἰ
712 2762 801 2816 καί
830 2784 881 2816 τι
904 2761 968 2816 ιέν
997 2766 1065 2835 τῇ
1118 2761 1344 2833 ἀληθείᾳ
1391 2768 1572 2824 κακῶς
1628 2764 1865 2838 γένοιτο,

248 2852 331 2907 ἀπὸ
370 2860 460 2921 τῆς
518 2852 743 2922 πλάνης
797 2850 959 2906 ἐστίν.
994 2846 1327 2906 Ἀπολάϐετε
1379 2849 1469 2905 οὖν
1535 2852 1685 2924 ὑμῶν
1742 2874 1871 2906 παν-

246 2942 434 3018 ταχόθεν
489 2943 559 2996 τὰ
622 2938 756 3012 ἴδια,
816 2941 890 3013 μὴ
944 2940 1013 2994 τὰ
1066 2938 1354 3015 ἀλλότρια,
1386 2941 1476 2995 καὶ
1520 2936 1619 3014 ’μῆ
1663 2941 1864 3017 λέγετεο

246 3029 302 3085 Εἴ
333 3052 377 3085 τι
417 3029 670 3085 ποιοῦσιν
725 3030 777 3083 οἱ
825 3026 1237 3101 πεπλανημένοι
1290 3027 1481 3101 καλὸν,
1538 3036 1714 3085 ποιεῖν
1771 3030 1869 3085 οὐκ

174 3168 179 3179 ,
247 3118 519 3195 ὀρείλομεν.
550 3118 748 3190 Τούτῳ
797 3117 897 3193 γάρ
954 3121 1032 3188 τῷ
1083 3116 1257 3192 λόγῳ,
1293 3116 1379 3173 ἐὰν
1426 3119 1500 3190 μή
1534 3120 1730 3196 φονεύῃ
1784 3140 1867 3180 τις

1984 551 2054 607 Et
2082 568 2232 607 vere.
2267 551 2412 606 Nam
2446 556 2638 607 mente
2682 568 2785 623 per
2832 551 3131 608 scientiam
3176 552 3491 618 illustrata,
3534 554 3636 625 qui

1985 640 2191 695 didicit
2220 644 2411 712 potest
2442 656 2570 696 esse
2600 640 2826 706 bonus;
2876 657 3051 712 quam
3105 658 3225 696 rem
3257 641 3638 714 consequitur

1984 729 2211 802 puritas
2244 728 2383 799 quia
2436 745 2503 783 ex
2558 728 2816 784 interiori
2866 728 3165 784 intellectu
3225 729 3292 784 ﬁt
3334 729 3635 786 exterioris

1984 819 2244 889 corporis
2274 818 2427 873 bona
2449 817 2723 888 provisio.
2747 817 3253 881 Quemadmodum
3276 833 3344 872 ex
3372 819 3633 890 corporis

1982 905 2244 977 neglectu
2281 905 2494 961 mentis
2519 905 2767 977 provisio
2799 906 2920 961 ﬁeri
2955 908 3181 977 nequit,
3214 906 3293 961 ita
3314 906 3413 978 qui
3446 924 3630 978 purus

1981 1000 2090 1059 est,
2115 1000 2173 1050 et
2199 996 2353 1067 quod
2378 994 2630 1050 exterius
2653 1000 2741 1050 est
2768 999 2824 1050 et
2844 996 2997 1067 quod
3024 995 3270 1050 interius
3289 999 3478 1066 potest
3496 1013 3632 1067 pur-

1979 1101 2113 1154 gare
2130 1080 2150 1139 ἐ
2187 1084 2286 1156 qui
2316 1101 2448 1140 vero
2480 1084 2762 1140 exteriora
2792 1089 3023 1157 purgat,
3058 1085 3130 1139 ad
3162 1083 3473 1140 hominum
3498 1084 3626 1141 lau-

1980 1172 2081 1228 des
2113 1172 2415 1245 aspiciens,
2444 1172 2503 1227 id
2525 1171 2666 1245 agit,
2691 1188 2755 1228 ac
2778 1177 3012 1245 propter
3033 1170 3393 1229 cernentium
3423 1170 3627 1228 laudes

1979 1260 2125 1317 nihil
2159 1279 2191 1317 a
2219 1261 2335 1318 Deo
2370 1261 2594 1332 recipit.

2046 1437 2213 1493 XXX.
2273 1438 2375 1493 Cui
2427 1454 2561 1495 vero
2620 1455 2735 1495 non
2794 1442 3054 1511 apparet,
3114 1438 3323 1495 melius
3378 1453 3507 1494 esse
3557 1438 3629 1493 ad

1977 1525 2283 1583 mulierem
2318 1532 2623 1583 menstrua
2666 1528 2985 1599 patientem
3026 1544 3142 1583 non
3201 1528 3494 1595 accedere,
3528 1527 3631 1583 sed

1977 1616 2047 1670 ad
2079 1616 2448 1687 puriﬁcatam
2480 1620 2537 1671 et
2564 1615 2745 1671 lotam
2765 1614 2793 1669 ?
2835 1616 3074 1688 Oportet
3123 1616 3297 1672 etiam
3332 1624 3464 1688 post
3494 1633 3633 1672 con-

1974 1705 2239 1760 cubitum
2290 1704 2489 1760 lavari.
2550 1705 2712 1768 Quod
2772 1704 2821 1760 si
2881 1705 2989 1760 hoc
3049 1704 3235 1760 facere
3291 1722 3391 1761 vos
3450 1706 3633 1783 piget,

1977 1794 2172 1848 animo
2205 1793 2465 1865 repetite,
2501 1810 2616 1864 quo
2648 1797 2814 1864 pacto
2869 1793 3229 1849 castimoniae
3261 1793 3465 1850 munia
3497 1812 3629 1867 pro-

1975 1882 2401 1954 sequebamini,
2449 1882 2683 1953 quando
2742 1898 2955 1937 sensus
2986 1882 3244 1953 expertia
3294 1882 3449 1938 idola
3477 1883 3632 1939 cole-

1975 1971 2147 2027 batis.
2208 1972 2565 2039 Erubescite,
2625 1974 2775 2041 quod
2837 1971 2953 2037 hic,
3016 1971 3114 2025 ubi
3173 1972 3450 2042 oportuit,
3515 1988 3629 2026 non

1974 2061 2102 2115 dico
2135 2061 2438 2130 majorem,
2475 2060 2575 2115 sed
2610 2058 2964 2131 singularem
2998 2063 3051 2113 et
3085 2059 3372 2131 integram
3408 2058 3627 2130 ample-

1975 2149 2053 2205 cti
2084 2148 2431 2219 castitatem,
2465 2148 2763 2219 segniores
2786 2148 2950 2202 estis.
2984 2146 3243 2219 Cogitate
3264 2148 3444 2220 igitur
3469 2164 3627 2214 eum,

1975 2236 2075 2309 qui
2108 2253 2205 2292 vos
2255 2236 2372 2291 illic
2421 2237 2826 2300 constituerat,
2866 2240 2925 2291 et
2979 2234 3315 2304 intelligetis
3370 2236 3504 2307 quis
3534 2236 3628 2292 hic

1974 2326 2138 2382 vobis
2164 2324 2473 2396 segnitiem
2505 2325 2577 2379 ad
2600 2324 3006 2379 castimoniam
3037 2323 3342 2379 immittat.

2047 2414 2234 2470 XXXI.
2269 2414 2380 2469 Sed
2425 2413 2578 2468 dicet
2624 2412 2839 2484 aliquis
2885 2417 3143 2468 vestrum
3176 2428 3189 2466 ς
3225 2411 3466 2483 Oportet
3494 2426 3629 2483 ergo

1980 2521 2086 2559 nos
2140 2503 2327 2558 facere
2385 2517 2747 2574 quaecunque
2800 2500 2953 2572 apud
3014 2499 3173 2555 idola
3227 2500 3477 2572 egimus.
3528 2498 3631 2554 Aio

1978 2592 2123 2647 tibi:
2158 2592 2283 2647 Non
2315 2591 2533 2656 omnia,
2577 2590 2675 2645 sed
2725 2604 3087 2661 quascunque
3139 2590 3283 2644 bene
3314 2589 3630 2658 faciebatis,

1985 2686 2159 2751 atque
2187 2680 2279 2735 hic
2308 2681 2590 2749 majorem
2609 2679 2667 2732 in
2700 2678 2961 2733 modum.
2989 2677 3280 2747 Quidquid
3308 2677 3463 2732 enim
3486 2677 3633 2732 bene

1983 2770 2049 2825 ﬁt
2080 2769 2139 2823 in
2171 2784 2384 2834 errore,
2417 2785 2450 2822 a
2504 2766 2745 2822 \eritate
2802 2767 3037 2837 pendet,
3097 2766 3249 2821 sicut
3305 2770 3358 2820 et
3413 2766 3460 2821 si
3492 2765 3629 2836 quid

1979 2858 2129 2913 male
2163 2858 2264 2911 ﬁat
2294 2856 2352 2910 in
2385 2855 2643 2921 veritate,
2685 2871 2753 2910 ex
2782 2871 2975 2909 errore
3021 2852 3195 2909 venit.
3231 2854 3486 2926 Recipite
3516 2853 3632 2926 igi-

1977 2951 2073 3001 tur
2103 2962 2231 3017 quze
2264 2945 2522 3016 undique
2566 2943 2637 2998 ad
2670 2960 2769 2997 vos
2819 2943 3131 3014 pertinent,
3186 2959 3298 2997 non
3333 2959 3457 3014 quae
3491 2946 3632 2997 sunt

1977 3034 2186 3104 aliena,
2220 3039 2276 3088 et
2305 3049 2378 3088 ne
2408 3031 2617 3087 dicatis
2644 3047 2656 3086 :
2690 3032 2747 3087 Si
2794 3031 2933 3102 quid
2965 3030 3100 3086 boni
3148 3030 3369 3086 faciunt
3398 3030 3499 3102 qui
3532 3047 3627 3086 er-

1976 3128 2129 3188 rant,
2162 3124 2346 3177 l‘acere
2376 3138 2483 3177 nos
2530 3137 2643 3175 non
2690 3120 2991 3175 debemus.
3042 3120 3158 3174 Hac
3208 3120 3499 3192 siquidem
3534 3136 3624 3175 ra-

246 3205 413 3263 εῗόωλα
441 3204 646 3276 σέϐων,
680 3205 919 3283 φονεύειν
950 3203 1264 3281 ὀφείλομεν,
1298 3206 1379 3262 ὅτι
1412 3209 1441 3263 6
1468 3207 1517 3263 ἐν
1578 3207 1757 3283 πλάνῃ
1786 3205 1860 3263 ὢν

1987 3212 2147 3279 .ione,
2180 3212 2228 3267 si
2260 3227 2375 3266 non
2407 3209 2632 3265 occidat
2660 3208 2947 3264 idolorum
2980 3209 3188 3277 cultor,
3222 3209 3503 3265 debemus
3525 3225 3622 3265 oc-

276 3296 285 3315 !
438 3297 451 3318 Ι
602 3315 617 3328 .

244 3318 293 3351 ου
315 3318 503 3375 φονευει
601 3341 619 3366 ,

232 3408 247 3441 ι
299 3388 495 3444 XXXII.
528 3384 700 3459 Οὗχί’
764 3381 908 3439 ἀλλά
963 3385 1006 3421 ⁸1
1032 3384 1095 3439 τὸ
1139 3382 1352 3455 πλεῖον,
1386 3383 1471 3439 ἐὰν
1523 3386 1575 3440 οἱ
1606 3385 1657 3439 ἐν
1688 3386 1868 3459 πλάνῃ

247 3476 307 3545 μή
359 3476 673 3553 φονεύωσιν,
725 3475 871 3531 251
936 3475 1100 3546 ἡμεῖς
1163 3475 1237 3547 μὴ
1284 3475 1331 3510 ⁸³
1377 3473 1743 3549 ὀργιζώμεθα·
1779 3474 1866 3529 ἐὰν

246 3564 351 3643 Vi”
400 3563 579 3638 πλάνῃ
649 3564 723 3636 μὴ
790 3562 1045 3638 μοιχεύῃ,
1103 3564 1265 3634 ἡμεῖς
1340 3564 1437 3631 τήν
1494 3563 1670 3639 ἀρχὴν
1730 3560 1895 3636 μηδὲν

245 3651 602 3727 ἐνθυμηθῶμεν
666 3654 730 3688 '3'
792 3651 879 3705 ἐὰν
942 3653 970 3706 6
1028 3651 1080 3705 ἐν
1138 3649 1320 3725 πλάνῃ
1406 3652 1496 3706 τὸν
1583 3652 1874 3728 ἀγαπῶντα

247 3741 642 3816 ἀγαπᾷηὴμεῖς
700 3740 789 3796 καὶ
847 3739 973 3801 τοὺς
1017 3745 1323 3813 μισοῦντας’
1381 3740 1467 3795 ἐὰν
1516 3741 1544 3795 6
1589 3740 1640 3794 ἐν
1694 3738 1874 3815 πλάνῃ

248 3828 430 3906 δινείζῃ
484 3838 612 3893 τοῖς
670 3829 913 3906 ἔχουσιν,
958 3831 1122 3902 ἡμεῖς
1180 3829 1269 3883 καὶ
1322 3835 1439 3891 τοῖς
1501 3830 1575 3902 μὴ
1635 3828 1872 3904 ἔχουσιν,

249 3920 581 3993 Ἀπαξαπλῶς
649 3918 939 3997 ὀφείλομεν
989 3919 1040 3972 οἱ
1085 3918 1174 3973 τὸν
1229 3917 1451 3994 ἄπειρον
1507 3918 1675 3972 αἰῶνα
1727 3918 1878 3974 ἐλπί-

250 4015 401 4076 ζοντες
427 4009 830 4085 κληρονομεῖν,
861 4012 968 4062 τῶν
996 4007 1084 4061 τὸν
1113 4006 1353 4082 παρόντα
1414 4006 1577 4080 μόνον
1634 4005 1877 4078 εἰδότων,

244 4103 334 4151 τῶν
387 4100 470 4154 ὑπ’
521 4099 707 4153 αἰτῶν
765 4095 1071 4172 γενομένων
1121 4094 1303 4150 καλῶν
1349 4096 1576 4170 κρείττω
1606 4100 1651 4133 ⁸⁴
1679 4103 1878 4167 ποιεῖν,

476 4188 585 4255 ὅτι,
627 4186 712 4240 ἐὰν
772 4185 949 4239 αὐτῶν
1006 4185 1072 4238 τὰ
1128 4180 1259 4259 ἔργα
1307 4190 1423 4245 τοῖς
1480 4184 1769 4259 ἡμετέροις
1829 4184 1880 4239 ἐν

251 4277 406 4351 ἡμέρᾳ
485 4276 726 4350 κρίσεως
811 4272 1160 4350 ἀνακριθέντα
1247 4271 1334 4327 ίίσα
1399 4276 1443 4309 ⁸⁸
1509 4278 1578 4347 τῇ
1667 4273 1882 4346 εὐποιία

249 4364 430 4439 εὗρεθῇ,
464 4354 555 4420 καὶ
620 4367 783 4436 ἡμεῖς
842 4362 1250 4437 ἐναισχυνθῆναι
1315 4357 1542 4438 ἔχομεν,
1594 4362 1747 4417 αὐτοὶ
1801 4360 1877 4435 δὶ,

251 4449 324 4506 διὰ
367 4454 581 4525 πλάνην
642 4457 708 4507 τά
763 4453 880 4506 κατ’
910 4450 1067 4505 αὐτὸν
1100 4452 1144 4487 ⁸⁵
1172 4452 1522 4520 ποιήσαντες,
1558 4448 1877 4515 ἀπολέσθαι.

250 4542 307 4594 Τὸ
334 4539 383 4596 δὲ
412 4544 773 4618 αἰσχυνθῆναι
801 4540 936 4595 κατὰ
964 4543 1122 4593 τοῦτο
1178 4536 1391 4610 εἷ’ρηκα,
1427 4538 1510 4593 ὅτι
1565 4541 1639 4613 μὴ
1686 4538 1879 4595 πλεῖον

254 4627 564 4704 ἐποιήσαμεν
622 4630 797 4684 αὐτῶν
848 4630 921 4683 ὧν
966 4628 1055 4683 καὶ
1103 4626 1294 4683 πλεῖον
1345 4627 1677 4703 ἐγνώκαμεν.
1713 4628 1774 4682 Εἰ
1824 4626 1882 4683 δὲ

250 4719 590 4794 αἰσχυνθῆναι
623 4718 783 4790 ἔστιν,
812 4718 910 4786 τὴν
972 4714 1215 4771 εὐποιίαν
1275 4716 1459 4779 αὐτοῖς
1508 4714 1630 4787 ίίσην
1679 4714 1880 4787 δείξαν-

252 4826 335 4868 τας
362 4812 401 4845 ⁸⁷
428 4811 520 4864 καὶ
568 4809 631 4864 οὐ
684 4807 898 4877 πλεῖον,
931 4806 1085 4879 πόσῳ
1128 4827 1189 4883 γε
1216 4808 1261 4843 ⁸⁸
1295 4803 1531 4879 μᾶλλον,
1564 4804 1649 4860 ἐὰν
1706 4806 1881 4861 αὐτῶν

249 4902 336 4965 τῆς
364 4896 606 4960 εὐποιίας
635 4898 698 4952 τὸ
728 4898 892 4967 ἦττον
921 4892 1216 4969 δείξωμεν;

312 5050 385 5122 (a)
415 5050 628 5108 Matth.
658 5067 824 5122 um,
851 5050 943 5107 25.

248 4183 441 4250 εἰδότες.

1977 3301 2187 3365 cidere,
2224 3298 2361 3371 quia
2392 3298 2492 3371 qui
2524 3298 2579 3353 in
2613 3314 2807 3355 errore
2836 3301 3100 3353 versatur
3126 3314 3240 3352 non
3273 3298 3482 3353 occidit
3506 3297 3534 3353 ?

2047 3388 2262 3444 XXXII.
2308 3387 2583 3443 Minime:
2645 3387 2763 3442 imo
2816 3386 3033 3458 potius,
3093 3386 3141 3441 si
3190 3385 3273 3440 illi
3330 3385 3627 3458 quierant

1978 3477 2363 3534 homicidium
2421 3493 2537 3531 non
2596 3475 2836 3541 faciunt,
2886 3491 2993 3530 nos
3038 3491 3109 3530 ne
3154 3474 3517 3531 irascamur:
3552 3474 3627 3544 si,

1981 3583 2182 3622 errans
2217 3582 2331 3621 non
2393 3563 2740 3632 moechatur,
2800 3579 2906 3618 nos
2957 3563 3230 3635 primitus
3270 3579 3341 3617 ne
3389 3563 3626 3633 quidem

1983 3655 2470 3726 concupiscamus
2497 3668 2509 3706 :
2542 3652 2591 3707 si
2624 3651 2720 3708 ille
2751 3652 3044 3706 amantem
3090 3656 3267 3722 amat,
3320 3668 3425 3707 nos
3455 3652 3631 3706 etiam

1984 3743 2254 3799 inimicos
2287 3742 2645 3814 diligamus;
2702 3739 2753 3795 si
2796 3739 2891 3796 ille
2952 3744 3225 3795 mutuum
3277 3740 3374 3794 dat
3434 3740 3505 3794 iis
3534 3738 3637 3811 qui

1987 3833 2226 3903 habent,
2260 3848 2366 3886 nos
2409 3830 2583 3885 etiam
2633 3846 2747 3885 non
2798 3828 3169 3884 habentibus.
3221 3828 3469 3884 Omnino
3498 3844 3639 3883 sane

1988 3923 2292 3984 debemus,
2339 3920 2437 3991 qui
2499 3920 2694 3974 zeterni
2746 3917 2941 3973 saeculi
3001 3918 3389 3972 haareditatem
3436 3934 3637 3988 spera-

1993 4028 2144 4075 mus,
2178 4010 2237 4064 in
2272 4009 2439 4064 bonis
2469 4008 2743 4079 operibus
2776 4023 3051 4079 superare
3080 4023 3198 4073 eos,
3249 4006 3347 4077 qui
3382 4022 3637 4078 praesens

1990 4104 2219 4155 tantum
2271 4096 2549 4152 saeculum
2605 4102 2858 4151 norunt:
2919 4098 3084 4165 gnari
3144 4096 3319 4166 quod,
3372 4095 3421 4150 si
3466 4111 3639 4165 opera

1992 4188 2223 4242 illorum
2258 4202 2390 4240 cum
2424 4184 2638 4240 nostris
2668 4185 2940 4256 operibus
2972 4184 3029 4238 in
3060 4184 3153 4238 die
3187 4184 3395 4255 judicii
3429 4184 3640 4239 collata

1994 4276 2149 4348 paris
2181 4274 2372 4329 meriti
2406 4273 2792 4345 reperiantur,
2825 4274 3089 4329 confusio
3124 4273 3293 4328 nobis
3314 4272 3439 4340 erit,
3472 4280 3529 4327 et
3556 4272 3641 4327 illi

1993 4381 2095 4437 per
2122 4379 2379 4419 errorem
2408 4363 2561 4433 quod
2595 4363 2664 4417 ad
2698 4363 2961 4418 futurum
2993 4361 3272 4417 saeculum
3303 4363 3521 4433 operati
3551 4362 3640 4417 in-

1991 4454 2270 4509 teribunt.
2328 4456 2469 4507 Fore
2525 4455 2721 4506 autem
2780 4451 2949 4506 nobis
3006 4451 3429 4520 confusionem,
3483 4450 3640 4505 ineo

1994 4542 2133 4607 dixi,
2166 4540 2320 4613 quod
2354 4557 2468 4595 non
2502 4538 2755 4611 amplius
2788 4540 3095 4595 fecerimus
3154 4555 3330 4609 quam
3376 4538 3481 4604 illi,
3515 4540 3643 4610 qui-

1996 4632 2107 4686 bus
2138 4628 2393 4701 amplius
2443 4626 2858 4683 intelleximus.
2910 4628 3071 4693 Quod
3121 4626 3166 4682 si
3207 4627 3470 4682 confusio
3514 4625 3644 4698 erit,

1995 4719 2042 4776 si
2076 4720 2135 4774 in
2168 4716 2446 4789 operibus
2477 4716 2646 4773 bonis
2676 4733 2781 4772 nos
2820 4715 2935 4771 illis
2965 4715 3218 4788 aequales
3247 4716 3646 4804 ostendemus,
3754 4780 3757 4781 ν

1994 4825 2110 4863 non
2142 4804 2494 4878 superiores,
2540 4809 2759 4876 quanto
2792 4804 3000 4877 magis,
3033 4806 3082 4861 si
3126 4804 3186 4859 in
3216 4804 3427 4861 iisdem
3458 4806 3646 4877 operi-

1995 4897 2106 4952 bus
2138 4911 2245 4950 nos
2275 4893 2577 4949 inferiores
2610 4893 3051 4949 exhibuerimus
3070 4892 3099 4947 ?

1588 5163 1830 5221 νΑΗΙιιΕ
1877 5161 2263 5221 LECTIONES
2276 5203 2288 5218 .

322 5287 550 5371 ’ἷαΰτοὲ
608 5292 670 5371 9-
746 5292 790 5371 3'.
822 5295 917 5371 ".8.
967 5288 1010 5371 ς)
1052 5287 1210 5371 ,εξ-,δν
1245 5286 1675 5371 ἐνθξιὲιπρυςεκ
1725 5290 1771 5371 ἸῩ
1800 5287 2167 5371 “meai”:
2203 5283 2258 5357 δέ
2291 5286 2356 5355 ον
2416 5284 2838 5371 iam“)???
2900 5287 3122 5371 “PQ”.
3166 5282 3371 5371 φργεάξι

3431 5288 3647 5356 puncto

263 5361 561 5434 distinguit
615 5364 672 5418 C.
718 5364 792 5434 ἀεί
851 5359 990 5434 Οὐχί
1047 5352 1206 5434 ἄλλο’
1232 5363 1310 5434 _C,
1337 5352 1481 5433 Οὐχὶ
1540 5356 1687 5434 ἀλλὰ
1733 5365 1789 5431 8,
1823 5352 2074 5434 e'thuf.
2126 5352 2253 5434 Hec.
2306 5352 2382 5434 vi,
2417 5352 2484 5434 13
2505 5352 2618 5434 fon
2651 5360 2729 5413 ita
2745 5367 2857 5434 est,
2889 5359 2998 5434 sed.
3025 5352 3283 5434 Dein'éa’zv
3311 5352 3488 5434 8,199}
3519 5357 3562 5411 O
3593 5373 3645 5434 c_.

261 5432 315 5497 (ἶ,
339 5503 345 5509 .
368 5426 465 5511 qui
512 5435 657 5505 conj.
713 5431 803 5511 τίνα
828 5452 892 5511 *ει
932 5426 1013 5486 οἱ.
1080 5426 1505 5511 fﬂpiﬁ-Oetléx
1526 5426 1862 5511 copject.'C,
1883 5432 1971 5511 ’ἱῐι⁵
1989 5433 2102 5501 cuj.
2128 5431 2253 5511 θρὰ.
2290 5429 2470 5511 deest.
2504 5430 2652 5483 Tum
2692 5429 2765 5511 μὴ
2796 5429 3037 5511 ῖμοιχεύῃ
3067 5429 3131 5511 Q,
3170 5426 3416 5511 μοιχεύει
3447 5432 3504 5511 ρ,
3534 5427 3642 5511 ’(1ῃί

262 5497 480 5575 quidem
517 5497 664 5559 τεοῖο
697 5506 773 5575 μή
808 5507 1012 5559 deesse
1042 5497 1212 5575 vidit.
1234 5497 1291 5536 "3
1320 5497 1741 5575 ἐπιθυμηθᾶίμεν
1765 5497 2016 5571 conj.C.,
2036 5497 2189 5575 quod
2225 5500 2633 5575 non_G_rzecum
2664 5497 3330 5575 est._Lec_tio_vulg.recte
3359 5513 3423 5575 se
3451 5497 3645 5575 habet.

259 5568 309 5626 S.
348 5574 419 5645 ,³⁸
446 5568 773 5645 κρεῖττονύξ
828 5576 896 5609 ’⁸⁵
929 5576 1011 5630 Ita
1040 5580 1084 5629 0
1114 5579 1170 5628 et
1203 5574 1257 5627 in
1292 5568 1569 5645 margCC,
1600 5568 1699 5627 ὅσα
1729 5575 1787 5630 in
1819 5568 2009 5645 textu.
2054 5568 2119 5609 ’⁸⁸
2148 5572 2265 5625 καθ’
2297 5568 2469 5645 αὐτῶν
2502 5575 2559 5625 C.
2594 5572 2712 5645 καθ’
2742 5571 2936 5633 αὐτούς
2987 5572 3095 5644 leg.

3147 5574 3312 5642 putat
3355 5570 3412 5623 S.
3491 5569 3533 5603 ⁸⁷
3566 5570 3651 5626 Ita

259 5643 451 5717 scripsi
482 5640 701 5704 ratione
730 5647 930 5703 habita
958 5646 1096 5703 lect.
1137 5645 1325 5701 Ottob.
1362 5640 1621 5715 δείξαντα,
1655 5664 1747 5718 ap.
1783 5648 1824 5703 C
1854 5643 2140 5717 δείξαντες.
2175 5645 2386 5703 Verum
2412 5643 2537 5713 jam
2564 5643 2708 5701 vidit
2734 5645 2792 5701 S.
2868 5646 2912 5681 ⁸⁸
2945 5640 3071 5704 πῶς
3088 5640 3244 5715 γεὊι.

532 5772 787 5836 ΡΑτεοι..
834 5774 944 5834 Gs.
990 5772 1068 5834 ll.

3292 5766 3368 5826 10
