4086 6216
349 348 466 408 299

1176 346 1239 407 S.
1288 346 1731 407 CLEMENTIS
1778 346 1801 405 Ι
1851 341 2039 405 ROM.
2087 345 2319 408 PONT.
2362 346 2623 406 OPERA
2665 347 2931 409 DUBIA.

3648 355 3758 417 300

416 477 666 533 XXXIII.
713 476 873 542 Quod
927 480 1120 532 autem
1176 493 1309 533 vere
1367 477 1426 533 in
1485 477 1577 533 die
1624 476 1831 547 judicii
1865 491 1965 531 cur

2079 536 2084 542 _
2184 475 2419 532 XXXIII.
2453 476 2577 533 "Ott
2631 473 2688 531 δὲ
2749 471 2923 539 ὅντως
2979 477 3031 532 ἐν
3089 478 3273 555 ἡμέρᾳ
3338 480 3568 556 κρίσεως
3644 489 3758 547 ταῖς

342 566 513 622 bonis
570 565 844 637 operibus
897 565 1217 621 errantium
1273 570 1685 639 comparentur
1735 564 1992 621 actiones

340 654 818 725 cognoscentium
875 654 1199 723 veritatem,
1261 671 1367 711 nos
1423 654 1622 711 docuit
1667 654 1764 725 qui
1804 653 1992 709 nescit

339 741 596 814 mentiri,
646 743 847 799 dicens
904 744 976 799 ad
1034 761 1134 800 eos
1193 743 1430 815 quidem
1464 744 1562 815 qui
1619 742 1992 815 negligebant

335 831 531 888 venire
561 837 618 888 et
650 833 851 888 audire
901 831 1106 888 illum:
1166 834 1372 905 Regina
1419 834 1606 888 Austri
1653 838 1839 900 surget
1864 846 1989 885 cum

338 923 690 991 generatione
742 924 869 990 ista,
921 925 973 979 et
1026 922 1409 978 condemnabit
1465 937 1606 993 eam,
1665 922 1799 993 quia
1842 920 1991 975 venit

338 1029 372 1067 a
389 1013 597 1082 ﬁnibus
629 1015 797 1069 terrae
823 1013 1027 1068 audire
1053 1013 1383 1084 sapientiam
1425 1011 1754 1079 Salomonis,
1786 1013 1841 1065 et
1870 1024 1989 1065 ecce

2098 566 2208 617 τῶν
2240 562 2675 637 πεπλανημένων
2708 565 2974 628 εύποιίαις
3020 567 3075 620 αἱ
3126 572 3233 622 τῶν
3285 567 3542 639 ἀλήθειαν
3596 570 3754 647 ἐγνω-

2098 651 2273 707 κότων
2351 652 2621 723 ἰσάζονται
2710 655 2947 732 πράξεις,
3006 654 3167 719 αὐτὸς
3227 659 3374 729 ἡμᾶς
3432 658 3460 712 6
3517 658 3750 733 ἀψευδής

2101 738 2361 812 ἐδίδαξεν,
2422 742 2587 797 εἰπὼν
2645 743 2781 818 πρὸς
2842 745 2936 817 μὲν
2992 743 3122 807 τοὺς
3180 745 3517 820 ἀμελοῦντας
3577 748 3742 814 ἐλθεῖν

2095 829 2185 884 καὶ
2263 830 2546 886 ἐπακούειν
2616 832 2800 887 αὐτοῦ’
2890 832 3183 889 Βασίλισσα
3263 835 3424 891 νότου
3529 836 3741 914 ἐγερθή-

2097 939 2241 974 σεται
2324 920 2458 993 μετὰ
2539 927 2640 991 τῆς
2726 928 2911 997 γενεᾶς
2992 923 3217 997 ταύτης,
3275 924 3365 980 καὶ
3444 934 3746 1003 κατακρινεῖ

2095 1007 2283 1081 αὐτὴν,
2344 1008 2427 1065 ὅτι
2478 1012 2524 1047 ⁸9
2572 1009 2740 1079 ἦλθεν
2796 1010 2901 1066 ἀπὸ
2983 1016 3091 1067 τῶν
3164 1015 3410 1089 περάτων
3478 1018 3578 1085 τῆς
3643 1024 3741 1093 γῆς

334 1101 630 1174 plusquam
676 1100 950 1158 Salomon
980 1100 1087 1169 hic,
1138 1111 1193 1157 et
1223 1117 1331 1157 non
1383 1100 1603 1156 creditis
1631 1100 1728 1172 (a).
1776 1098 1860 1152 Ad
1887 1114 1965 1153 eo:

2092 1095 2317 1153 ἀκοῦσαι
2372 1098 2471 1167 τὴν
2534 1099 2721 1178 σοφίαν
2797 1100 3151 1175 Σολομῶνος·
3210 1103 3301 1158 καὶ
3376 1101 3495 1159 ἰδοὺ
3554 1103 3740 1162 πλεῖον

334 1206 467 1246 vero
498 1207 528 1246 e
559 1191 791 1262 populo,
817 1190 917 1263 qui
939 1190 1215 1246 nolebant
1235 1191 1305 1247 ad
1331 1189 1489 1245 illius
1514 1187 1983 1261 praedicationem

2095 1185 2429 1261 Σολομῶνος
2491 1185 2617 1259 ὦδε,
2667 1188 2755 1244 καὶ
2814 1190 2876 1244 ού
2935 1191 3231 1248 πιστεύετε.
3281 1193 3425 1267 Πρὸς
3478 1191 3536 1249 δὲ
3592 1198 3741 1255 252

335 1295 503 1351 agere
557 1280 983 1350 pmnitentiam,
1032 1280 1211 1334 dixit:
1277 1280 1391 1335 Viri
1444 1280 1709 1335 Ninivitx
1757 1292 1965 1346 surgen.

2088 1275 2216 1338 τοὺς
2275 1275 2325 1330 ἐν
2382 1281 2461 1349 τῷ
2517 1274 2637 1350 λαῷ
2698 1280 2773 1351 μὴ
2833 1278 3091 1342 θέλοντας
3153 1289 3480 1354 μετανοῆσαι
3527 1282 3614 1338 ἐπὶ
3670 1289 3743 1358 τῷ

330 1384 456 1423 cum
483 1371 833 1439 generatione
888 1368 988 1424 hac
1042 1377 1093 1423 et
1146 1368 1584 1424 condemnabunt
1622 1368 1801 1432 illam,
1849 1366 1982 1436 quia

325 1457 609 1515 audientes
663 1461 887 1529 egerunt
938 1459 1322 1529 paenitentiam
1399 1456 1474 1512 ad
1536 1456 1980 1528 praedicationem

323 1550 502 1614 Jonas,
533 1551 583 1603 et
612 1564 728 1603 ecce
753 1548 881 1619 plus
910 1548 1022 1614 hic,
1083 1552 1136 1602 et
1190 1563 1347 1602 nemo
1391 1545 1562 1601 credit
1616 1544 1710 1617 (b).
1766 1544 1978 1615 Sicque

326 1638 395 1692 ad
425 1654 656 1692 omnem
678 1653 879 1691 eorum
907 1635 1265 1708 impietatem
1287 1651 1587 1707 opponens
1606 1632 1975 1688 ethnicorum

322 1727 469 1781 bene
517 1731 845 1797 operantes,
904 1725 962 1779 in
1020 1725 1566 1780 condemnationem
1626 1738 1827 1778 eorum
1875 1719 1975 1792 qui

323 1814 383 1869 in
414 1831 549 1870 vera
580 1814 859 1887 religione
917 1814 1202 1869 bonorum
1263 1829 1504 1885 operum
1564 1810 1811 1884 aqualis
1857 1826 1973 1865 non

323 1905 614 1960 faciebant
642 1903 994 1971 errantibus,
1038 1902 1388 1958 admonebat
1446 1902 1733 1965 cordatos,
1767 1905 1831 1954 ut
1860 1915 1976 1954 non

322 1993 512 2049 solum
553 1992 871 2048 bonitatem
895 1991 1201 2063 gentilium
1224 1995 1523 2061 aequarent
1545 1989 1839 2061 operibus,
1875 1987 1977 2042 sed

2089 1364 2400 1441 κηρύγματι
2458 1365 2621 1421 αὐτοῦ
2679 1366 2843 1421 εἶπεψ
2904 1365 3128 1444 Ἀνδρες
3188 1375 3459 1425 Νινευῖται
3507 1374 3553 1408 ⁸ο
3593 1370 3741 1448 ἐγερ-

2090 1456 2345 1523 θήσονται
2436 1456 2570 1527 μετὰ
2645 1462 2744 1525 τῆς
2803 1462 2986 1532 γενεᾶς
3042 1458 3267 1528 ταύτης,
3322 1458 3411 1513 καὶ
3493 1482 3739 1537 κατακρι-

2086 1546 2265 1597 νοῦσιν
2353 1543 2520 1612 αὐτὴν
2553 1589 2567 1614 ,
2655 1544 2737 1600 ὅτι
2815 1544 3136 1608 ἀκούσαντες
3231 1548 3558 1620 μετενόησαν
3667 1550 3739 1613 είς

2082 1632 2145 1685 τὸ
2182 1634 2439 1709 κήρυγμα
2470 1634 2645 1688 Ἰωνῖλὶ⁶
2677 1635 2768 1689 καὶ
2828 1632 2948 1689 ἰδοὺ
3005 1634 3194 1692 πλεῖον
3255 1635 3381 1706 ὦδε,
3416 1638 3505 1693 καὶ
3563 1637 3736 1703 οὐδεὶς

2088 1723 2350 1778 πιστεύει.
2410 1722 2508 1776 Καὶ
2572 1722 2744 1785 οὕτως
2809 1725 2943 1799 πρὸς
3011 1731 3183 1780 πᾶσαν
3242 1722 3485 1782 ἀσέϐειαν
3565 1728 3739 1783 αὐτῶν

2083 1808 2456 1886 ἀντιπαραθεὶς
2511 1811 2638 1874 τοὺς
2695 1812 2802 1867 ἀπὸ
2852 1818 2959 1868 τῶν
3030 1813 3190 1869 ἐθνῶν
3249 1818 3292 1854 ⁹¹
3345 1817 3738 1890 πεποιηκότας,

2091 1897 2165 1959 εἷς
2193 1900 2504 1975 κατάκρισιν
2534 1905 2642 1955 τῶν
2678 1901 2729 1956 ἐν
2764 1896 3039 1975 θεοσεϐείᾳ
3080 1901 3222 1976 μηδὲ
3274 1905 3338 1960 τὸ
3398 1902 3510 1960 ἴσον
3570 1905 3736 1962 καλὸν

2087 1993 2203 2050 τοῖς
2253 1987 2694 2063 πεπλανημένοις
2745 1992 3147 2064 πεποιηκότων,
3195 1992 3323 2056 τοὺς
3365 1988 3593 2069 ἔχοντας
3648 1996 3739 2052 λο-

323 2083 499 2139 etiam
557 2081 875 2136 vincerent.
939 2080 1078 2134 Mihi
1135 2083 1327 2135 autem
1389 2078 1555 2133 ﬂuxit
1610 2077 1706 2133 hic
1759 2091 1965 2155 sermo1

2084 2077 2279 2151 γισμὸν
2313 2076 2599 2151 ἐνουθέτει,
2638 2080 2712 2153 μὴ
2750 2079 2912 2152 μόνον
2958 2080 3057 2135 ὅσα
3103 2086 3223 2144 τοῖς
3272 2076 3438 2138 ἔθνεσι
3479 2084 3549 2139 τὰ
3594 2084 3736 2141 καλά

322 2172 624 2229 occasione
684 2174 921 2242 accepta
975 2186 1045 2225 ex
1099 2185 1187 2235 eo,
1248 2168 1405 2240 quod
1464 2172 1690 2239 oportet
1748 2183 1975 2223 servare

318 2267 552 2333 tempus
606 2258 971 2332 purgationis
1029 2262 1086 2313 et
1142 2263 1274 2329 post
1327 2256 1703 2312 concubitum
1763 2272 1974 2328 corpus

321 2350 576 2417 abluere,
612 2365 717 2405 nec
746 2347 993 2403 inﬁciari
1025 2348 1175 2403 hanc
1234 2344 1664 2412 castimoniam,
1706 2344 1842 2399 licet
1870 2345 1971 2416 qui

317 2438 618 2496 averitate
649 2438 942 2507 aberrant,
1002 2435 1164 2490 illam
1222 2437 1651 2505 exsequantur:
1708 2433 1969 2504 quando-

316 2528 553 2601 quidem
586 2527 686 2599 qui
719 2526 777 2580 in
808 2542 1001 2581 errore
1033 2524 1178 2579 bene
1209 2527 1410 2595 agunt,
1430 2527 1487 2578 et
1516 2538 1644 2578 vere
1672 2522 1968 2593 religionis

312 2616 584 2672 homines
631 2615 1044 2680 condemnant,
1095 2618 1151 2668 et
1181 2630 1296 2668 non
1345 2611 1667 2679 salvantur,
1702 2612 1842 2682 quia
1870 2627 1964 2665 ca-

311 2707 571 2761 stitatem
604 2703 804 2759 colunt
834 2707 1069 2775 propter
1096 2717 1372 2769 errorem,
1424 2718 1536 2755 non
1567 2716 1699 2754 vero
1734 2703 1967 2771 propter

312 2794 591 2867 pietatem
624 2794 682 2848 in
714 2808 913 2848 verum
948 2795 1175 2846 Patrem
1211 2807 1275 2846 ac
1306 2790 1490 2845 Deum
1523 2794 1889 2845 cunctorum.

387 2970 625 3026 XXXIV.
658 2970 820 3034 Quod
871 2985 1005 3024 cum
1059 2967 1322 3037 dixisset,
1364 2968 1566 3021 turbas
1618 2965 1862 3033 dimisit,
1908 2968 1964 3021 et

315 3078 383 3117 ex
413 3077 571 3116 more
625 3076 759 3114 cum
822 3057 1210 3113 familiaribus
1260 3057 1387 3112 cibo
1438 3060 1673 3128 sumpto
1722 3054 1959 3127 quievit.

2085 2160 2214 2226 i’amc
2246 2171 2444 2235 ποιεῖν,
2476 2165 2623 2221 ἀλλὰ
2650 2167 2713 2222 τὸ
2744 2166 2951 2225 πλεῖον.
2984 2174 3038 2225 '0
3088 2166 3145 2224 δὲ
3176 2167 3344 2245 λόγος
3388 2192 3481 2245 μοι
3543 2171 3731 2248 ἐρρύη,

2081 2253 2348 2331 πρόφασιν
2382 2249 2565 2310 λαϐὼν
2599 2255 2658 2311 ἐκ
2684 2261 2782 2311 τοῦ
2824 2254 2933 2312 δεῖν
2983 2256 3271 2335 φυλάσσειν
3331 2261 3431 2329 τήν
3482 2261 3729 2339 ἔφεδρον,

2080 2341 2170 2396 καὶ
2219 2342 2324 2397 ἀπὸ
2389 2344 2670 2408 κοινωνίας
2737 2344 3107 2422 βαπτίζεσθαι,
3161 2346 3237 2419 μή
3302 2346 3572 2424 ἀρνεῖσθαι
3628 2352 3727 2420 τήν

2076 2429 2332 2502 τοιαύτην
2391 2431 2619 2508 ἀγνείαν,
2656 2432 2752 2488 κᾶν
2779 2435 2831 2489 οἱ
2875 2433 3282 2508 πεπλανημένοι
3338 2436 3506 2506 αὐτὴν
3559 2438 3722 2513 πράτ-

2073 2540 2238 2575 τωσιν
2274 2522 2340 2589 ⁰²,
2375 2520 2463 2576 ὅτε
2522 2523 2597 2585 εἰς
2644 2524 2957 2600 κατάκρισιν
3015 2528 3123 2579 τῶν
3184 2524 3235 2579 ἐν
3292 2520 3565 2598 θεοσεϐείᾳ
3593 2526 3718 2582 εἷ’σὶν

2076 2609 2128 2662 οἱ
2176 2608 2228 2663 ἐν
2268 2608 2447 2685 πλάνῃ
2502 2616 2781 2674 ποιοῦντες
2839 2610 3025 2675 καλῶς
3089 2614 3221 2687 μετὰ
3267 2618 3363 2668 τοῦ
3426 2615 3502 2688 μὴ
3562 2616 3725 2685 σώζε-

2074 2698 2213 2752 σθαι·
2274 2697 2356 2753 ὅτι
2411 2702 2445 2769 ἡ
2500 2701 2637 2773 τιμὴ
2685 2703 2781 2771 τῆς
2840 2702 3047 2776 ἁγνείας
3092 2707 3266 2757 αὐτῶν
3315 2703 3423 2759 ἐστι
3476 2702 3565 2759 διὰ
3620 2707 3721 2774 τὴν

2072 2785 2308 2858 πλάνην,
2340 2789 2428 2843 καὶ
2462 2788 2523 2843 οὐ
2557 2786 2644 2845 διὰ
2676 2790 2960 2866 θρησκείαν
3010 2795 3106 2847 τοῦ
3154 2786 3322 2855 ὅντως
3372 2794 3583 2869 Πατρὸς
3633 2794 3725 2849 καὶ

2072 2880 2205 2931 Θεοῦ
2234 2881 2339 2931 τῶν
2373 2876 2540 2935 ὅλων.

2142 2967 2376 3023 XXXIV.
2424 2971 2593 3021 Τοῦτο
2652 2964 2709 3021 δὲ
2771 2966 2964 3039 εἰπὼν,
3020 2966 3252 3023 ἀπέλυσε
3306 2969 3433 3032 τοὺς
3491 2966 3721 3046 ὄχλους,

2068 3054 2157 3107 καὶ
2214 3056 2461 3126 συνήθως
2510 3054 2655 3110 ἁλῶν
2703 3055 2794 3110 σὺν
2838 3061 2956 3120 τοῖς
3024 3056 3306 3135 φιλτάτοις
3371 3056 3722 3134 μεταλαϐὼν,

313 3151 399 3205 Ita
429 3166 564 3221 ergo
597 3148 811 3203 faciens
842 3151 897 3202 et
944 3145 1202 3218 quotidie
1233 3146 1547 3212 disserens,
1597 3144 1961 3199 accessiones

2079 3141 2363 3217 ἡσύχασεν.
2412 3143 2594 3206 Οὕτως
2643 3142 2737 3198 οὖν
2787 3150 2959 3199 ποιῶν
3009 3146 3097 3201 καὶ
3161 3144 3550 3223 διαλεγόμενος
3610 3149 3728 3205 ἐκά-

313 3220 516 3294 firmas
545 3237 657 3310 legi
687 3237 788 3292 Dei
820 3236 1082 3302 adduxit,
1130 3238 1362 3305 putatos
1411 3234 1548 3288 deos
1580 3249 1713 3288 cum
1744 3231 1963 3289 credita

2079 3250 2247 3298 στοτε,
2281 3233 2644 3307 προσαγωγὰς
2691 3233 2803 3306 (34)
2848 3233 2985 3287 κατὰ
3031 3233 3095 3288 τὸ
3153 3220 3367 3308 βέϐαιον
3427 3236 3724 3315 προσέφερε

312 3329 511 3400 genesi
543 3327 874 3393 confutans,
908 3324 1339 3395 ostendensque
1358 3322 1736 3379 temerarium
1765 3338 1960 3377 rerum

312 3434 512 3473 casum
548 3430 919 3487 nequaquam
947 3429 1097 3479 esse,
1123 3413 1224 3468 sed
1248 3412 1534 3467 mundum
1562 3428 1632 3467 ex
1657 3410 1963 3466 Providen-

306 3506 388 3562 tia
417 3504 751 3578 gubernari.

376 3683 589 3739 XXXV.
623 3680 942 3754 Completis
999 3696 1135 3752 ergo
1192 3679 1383 3735 tribus
1444 3678 1766 3749 mensibus,
1819 3694 1954 3735 cum

302 3789 406 3845 per
436 3772 560 3827 dies
581 3770 861 3843 jussisset
911 3785 1004 3824 me
1043 3769 1331 3840 jejunare,
1384 3767 1606 3822 ducens
1663 3768 1734 3822 ad
1765 3770 1955 3824 t‘ontes

302 3862 483 3917 maris
514 3861 735 3916 vicinos
789 3858 942 3914 utin
1002 3857 1243 3930 perenni
1292 3872 1444 3928 aqua
1502 3855 1831 3928 baptizavit.
1862 3856 1956 3912 Sic

301 3949 483 4022 igitur
513 3949 793 4006 fratribus
825 3947 1042 4003 nostris
1100 3946 1317 4002 feriatis
1370 3961 1435 4001 ac
1468 3943 1614 3999 laetis
1672 3961 1775 4017 pro
1806 3944 1952 4000 mihi

302 4055 335 4094 a
364 4039 479 4095 Deo
514 4054 792 4094 concessa
839 4037 1098 4092 secunda
1145 4036 1465 4101 nativitate,
1515 4034 1719 4088 Petrus
1750 4034 1950 4105 paucis

301 4133 434 4199 post
463 4128 670 4183 diebus
701 4141 1013 4181 conversus
1062 4124 1130 4178 ad
1165 4124 1533 4194 presbyteros
1564 4138 1756 4176 coram
1789 4122 1947 4177 omni

300 4216 554 4271 Ecclesia
584 4215 878 4286 praecepit,
912 4214 1111 4268 dicens
1141 4228 1153 4266 :
1190 4213 1294 4276 Qui
1332 4213 1494 4266 misit
1526 4227 1631 4266 nos
1664 4211 1948 4267 Dominus

298 4310 496 4362 noster
525 4309 582 4359 et
613 4304 913 4375 propheta,
948 4300 1203 4356 narravit
1229 4300 1415 4369 nobis,
1450 4300 1945 4372 quemadmodum

294 4394 566 4449 diabolus
625 4391 1013 4464 quadraginta
1070 4390 1275 4445 diebus
1307 4406 1442 4444 cum
1498 4405 1565 4444 eo
1597 4388 1943 4455 collocutus,

290 4484 555 4556 nihilque
588 4486 789 4538 contra
819 4480 1037 4546 valens,
1062 4479 1395 4552 promiserit
1418 4496 1481 4533 se
1508 4496 1576 4534 ex
1601 4480 1726 4534 suis
1757 4486 1941 4534 secta-

286 4572 514 4628 toribus
545 4570 837 4643 apostolos
895 4569 965 4625 ad
1026 4568 1293 4624 fraudem
1355 4567 1678 4623 faciendam
1718 4566 1937 4622 missu-
1970 4589 2016 4652 υ

285 4678 440 4718 rum.
475 4664 663 4728 Quare
694 4663 826 4715 ante
856 4658 1056 4714 omnia
1079 4674 1367 4713 memores
1392 4661 1575 4713 estote
1597 4656 1765 4711 illum
1796 4672 1935 4729 apo-

2068 3323 2147 3391 τῷ
2176 3324 2271 3374 τοῦ
2311 3325 2445 3375 Θεοῦ
2491 3320 2665 3394 νόμῳ,
2698 3321 2827 3384 τοὺς
2873 3324 3265 3395 νομιζομένους
3320 3325 3455 3397 μετὰ
3496 3333 3596 3395 τῆς
3640 3348 3726 3381 νο-

2073 3410 2371 3481 μιζομένης
2430 3410 2688 3485 γενέσεως
2744 3409 3013 3487 ἐλέγχων,
3042 3412 3132 3467 καὶ
3177 3411 3259 3467 ὅτι
3308 3413 3720 3490 αύτοματισμὸς

2071 3498 2165 3571 μὲν
2200 3498 2299 3553 οὐκ
2335 3495 2498 3571 ἔστιν,
2529 3498 2673 3555 ἀλλᾶ
2719 3501 2856 3557 κατᾶ
2903 3500 3162 3577 Πρόνοιαν
3209 3499 3496 3559 διοικεῖται
3541 3506 3570 3560 6
3617 3506 3719 3560 κό-

2066 3607 2224 3659 σμος.

2136 3680 2353 3733 XXXV.
2387 3679 2561 3750 Τριῶν
2609 3674 2698 3731 οὗν
2758 3680 2943 3750 μηνῶν
3019 3676 3442 3751 πληρωθέντων,
3487 3686 3712 3753 νηστεῦ-

2062 3761 2151 3819 σαί
2211 3786 2305 3839 μοι
2350 3764 2607 3828 κελεύσας
2638 3767 2884 3840 ἡμερῶν,
2917 3769 3071 3826 258
3102 3767 3318 3845 ἀγαγών
3379 3791 3446 3842 με
3500 3770 3577 3833 εἷς
3616 3773 3715 3835 τὰς

2062 3851 2114 3907 ἐν
2162 3857 2231 3928 τῇ
2289 3852 2526 3929 θαλάσσῃ
2581 3851 2815 3925 πλησίον
2871 3852 3030 3919 οὔσας
3087 3858 3285 3933 πηγὰς,
3318 3857 3395 3920 ὡς
3452 3858 3529 3922 εἲς
3586 3858 3716 3915 ἀέν-

2057 3959 2179 3994 ναον
2230 3942 2276 3977 ⁸³
2324 3935 2602 3996 ἐϐάπτισεν
2680 3939 2848 4019 ὕδωρ.
2911 3943 3094 4006 Οὕτως
3156 3942 3248 3999 οῦν
3313 3944 3713 4023 εύωχηθέντων

2057 4033 2163 4083 τῶν
2197 4027 2443 4107 ἀδελφῶν
2494 4032 2653 4103 ⁴ἡμῶν
2707 4030 2793 4086 ἐπὶ
2841 4036 2909 4105 τῇ
2959 4030 3288 4109 θεοδωρήτῳ
3342 4057 3445 4108 μου
3488 4037 3712 4113 ἀναγεν-

2056 4121 2228 4190 νήσει,
2294 4120 2408 4193 μετ’
2454 4118 2515 4173 ού
2574 4118 2788 4183 πολλὰς
2843 4121 3053 4198 ἡμέρας
3129 4128 3247 4185 τοῖς
3317 4121 3709 4201 πρεσϐυτέροις

2056 4206 2386 4285 ἐπιστρέφων
2452 4208 2537 4263 ἐπὶ
2595 4208 2771 4280 πάσης
2841 4217 2943 4279 τῆς
3002 4209 3325 4281 Ἐκκλησίας
3398 4213 3709 4270 ἐνετείλατο

2057 4294 2250 4371 λέγων·
2285 4298 2344 4355 Ὀ
2390 4296 2717 4360 ἀποστείλας
2765 4301 2914 4371 ἡμᾶς
2965 4300 3161 4376 Κύριος
3209 4303 3367 4374 ἡμῶν
3418 4303 3507 4356 καὶ
3567 4325 3711 4379 προ-

2054 4387 2231 4463 φήτης
2266 4387 2580 4464 ὑφηγήσατο
2638 4390 2797 4460 ἡμῖν,
2830 4389 2905 4451 ὡς
2956 4390 2984 4443 6
3031 4390 3271 4466 πονηρὸς
3307 4393 3706 4467 τεσσαράκοντα

2051 4476 2261 4551 ἡμέρας
2313 4473 2622 4552 διαλεχθεὶς
2669 4475 2814 4549 αὐτῷ
2862 4477 2951 4532 καὶ
3018 4475 3187 4551 μηδὲν
3256 4476 3504 4549 δυνηθεὶς
3570 4483 3703 4557 πρὸς

2052 4563 2233 4632 αὐτὸν,
2265 4563 2325 4618 ἐκ
2370 4568 2477 4619 τῶν
2524 4564 2689 4619 αὐτοῦ
2742 4564 2993 4635 ἐπηκόων
3045 4569 3091 4603 ⁸⁸
3135 4566 3509 4644 ’ἐπηγγέλλετο
3564 4570 3701 4645 πρὸς

2047 4653 2254 4724 ἀπάτην
2288 4651 2630 4716 ἀποστόλους
2676 4655 2909 4728 πέμψαι.
2942 4656 3035 4709 Διὸ
3076 4655 3183 4731 πρὸ
3226 4655 3440 4710 πάντων
3486 4658 3704 4731 μέμνη-

284 4750 502 4808 stolum
532 4751 621 4807 vel
682 4747 1033 4821 magistrum
1064 4747 1151 4803 vel
1209 4746 1554 4819 prophetam
1586 4746 1804 4819 fugere,
1836 4745 1935 4819 qui

2080 4753 2137 4807 θε
2182 4741 2486 4799 ἀπόστολον
2517 4744 2626 4812 πῆ
2677 4740 3000 4800 διδάσκαλον
3051 4744 3089 4815 ἢ
3141 4746 3431 4825 προφήτην
3481 4746 3700 4825 φεύγειν

351 4893 429 4967 (α)
459 4891 666 4950 Matth.
699 4909 801 4962 ιιι,
830 4892 920 4947 42.
1000 4890 1075 4963 (b)
1108 4890 1250 4959 Luc,
1279 4906 1359 4962 x1,
1393 4890 1482 4945 32.

1629 5003 1871 5060 VARIxE
1912 5003 2327 5061 LECTIONES.

347 5106 394 5140 ³⁸
450 5102 534 5159 ὅτι
582 5121 699 5160 om.
754 5105 819 5161 Ο.
895 5105 939 5140 ⁹⁰
995 5105 1244 5156 Νινευῖτα
1294 5105 1357 5159 Ο.

278 5178 323 5252 ff
353 5175 678 5252 πράττωσιν-
716 5181 753 5230 8
811 5175 875 5252 ς),
925 5173 1248 5252 πράττουσιν
1305 5179 1363 5229 C.
1440 5173 1601 5252 9"Ita
1757 5190 1805 5252 c.
1868 5170 2173 5252 S,_&évaov
2343 5172 2420 5252 ‘9‘
2467 5172 2610 5252 _Le_g.
2674 5170 2781 5241 ὑπη

1435 5103 1478 5137 ἰ
1539 5105 1683 5173 Post,
1731 5099 1895 5155 ἐθνῶν
1952 5101 2287 5173 addendum
2342 5100 2493 5173 fort:
2536 5095 2593 5153 εὖ
2648 5099 2739 5173 vel
2793 5096 2980 5173 καλῶς
3030 5104 3163 5173 post
3209 5100 3582 5173 πεποιηκότας
3632 5107 3691 5161 8.

2787 5165 2929 5225 κόων
2988 5165 3048 5227 Ξῖ
3124 5173 3168 5209 ⁸⁸
3224 5165 3566 5235 ἀποστόλους
3623 5175 3693 5232 Ο.

276 5236 452 5325 '_I‘ui_n_
483 5248 681 5325 addidi
731 5236 945 5325 φεύγέιν
970 5236 978 5251 ’
1002 5264 1071 5303 ex
1122 5246 1474 5317 conjectura,
1506 5236 1925 5317 inscripsique'
1953 5243 2174 5300 lacunis
2228 5244 2288 5298 in
2337 5241 2381 5299 Ο
2428 5236 2607 5298 obviis
2654 5236 2780 5299 voc.
2811 5236 3118 5317 [ἀκριϐῶς].
3150 5244 3326 5302 Tacet
3361 5246 3402 5301 C
3431 5247 3501 5302 de
3557 5247 3691 5304 cod.

272 5320 606 5377 Parisiensi.

1649 5413 2025 5472 VARIORUM
2064 5412 2295 5469 NOT/E.

337 5542 451 5625 (34)
504 5539 871 5625 ,ῌροσαγωγάς
897 5612 920 5625 Α
945 5538 1290 5625 προσέφερεν.
1319 5613 1344 5625 __
1368 5540 1454 5596 Ad
1514 5538 1753 5622 verbum
1808 5539 1918 5625 ‘sic
2028 5554 2169 5625 rum
2196 5536 2411 5625 divini:
2435 5534 2770 5593 revelationi
2814 5553 2885 5593 ex
2914 5536 3109 5592 animo
3162 5537 3465 5595 crederent
3493 5542 3550 5594 et
3579 5537 3697 5595 ad-

264 5612 459 5684 verte:
495 5612 715 5684 Divinz
738 5612 847 5683 legi
883 5612 1073 5684 ﬁnitas

270 5689 379 5754 est,
410 5683 677 5742 homines
705 5681 1018 5744 nonnullos
1048 5684 1132 5743 ita
1159 5682 1460 5756 convertit,
1520 5685 1584 5740 ut
1611 5681 1673 5739 in
1722 5684 1917 5754 poste-

1227 5613 1349 5667 uxit
1403 5612 1775 5672 accessiones;
1808 5610 1917 5667 hoc
2028 5608 2338 5666 haererent.
2368 5608 2565 5664 Daws.
