4086 6216
382 410 499 468 303

1202 405 1265 463 S.
1314 400 1755 463 CLEMENTIS
1799 403 1822 462 Ι
1874 404 2062 461 ΙὶΟῺ.
2113 403 2339 463 PON'l‘.
2389 404 2651 465 OPERA
2699 405 2969 466 DUBlA.

3672 411 3798 473 304

380 538 649 594 ciendum
671 534 1250 605 audieritis,duorum
1269 551 1383 590 non
1410 534 1773 607 integrorum
1798 534 2011 590 dierun:

2139 531 2567 623 ἀπολειπόμενοί
2596 537 2641 572 ¹⁰
2673 556 2778 608 μου
2810 533 3083 608 διάστημα
3103 534 3219 592 οὐδ’
3249 535 3393 593 ὅλων
3413 541 3638 617 ἡμερῶν
3672 537 3801 600 δύο.

379 626 575 698 spatio
603 642 637 680 a
682 640 775 679 me
802 622 1074 695 separari.
1114 627 1229 679 Vos
1263 624 1441 694 igitur
1484 639 1832 694 cognoscere
1872 622 2023 693 volo,

381 713 535 783 quod
568 729 697 778 nos,
758 712 857 783 qui
904 710 1328 783 persuasimus,
1391 728 1492 765 vos
1544 711 1643 782 qui
1693 710 2025 767 credidistis

381 801 564 856 multo
595 800 849 873 amplius
908 799 1230 872 diligimus,
1274 816 1451 871 quam
1482 816 1582 854 vos
1614 800 1874 872 diligatis
1918 816 2025 855 nos

379 907 773 962 persuasores.
812 892 1009 960 Itaque
1042 894 1243 944 mutuo
1275 905 1471 944 amore
1520 888 1833 960 ﬂagrantes
1866 888 2025 943 inco-

378 979 664 1035 lumitatis
696 996 896 1035 curam
953 995 1228 1051 geramus
1258 995 1361 1050 pro
1410 978 1651 1045 viribus,
1708 995 1822 1033 non
1880 978 2025 1033 citra

377 1070 662 1125 rationem
686 1068 961 1124 facientes
983 1085 1108 1139 quae
1126 1067 1418 1139 cupimus.
1443 1067 1531 1121 Ad
1563 1066 1684 1123 haec
1708 1083 1839 1123 vero
1864 1065 2026 1122 nulla

379 1157 470 1214 die
501 1176 535 1213 a
566 1174 657 1213 me
715 1157 1054 1229 disputante
1105 1155 1363 1211 aberitis.
1398 1155 1507 1211 Per
1553 1155 1817 1227 singulas
1866 1156 2021 1210 enim

380 1263 641 1318 quasque
658 1245 1008 1317 insigniores
1031 1243 1465 1317 provinciarum
1497 1243 1757 1301 civitates
1820 1260 2026 1316 propo-

379 1336 493 1401 sui,
524 1335 678 1391 sicut
708 1333 884 1390 etiam
914 1350 1017 1389 vos
1061 1332 1243 1402 scitis,
1277 1348 1379 1403 per
1409 1331 1533 1387 dies
1566 1332 1819 1387 residere
1850 1336 1904 1387 et
1936 1331 2023 1385 di-

380 1434 662 1496 sceptare.
693 1424 858 1478 Nunc
889 1438 1024 1493 ergo
1045 1422 1103 1476 in
1124 1420 1471 1476 Laodiceam
1507 1420 1674 1475 nobis
1697 1421 2022 1491 proximam

378 1512 702 1586 praecedite,
735 1517 794 1567 et
822 1516 957 1583 post
985 1512 1231 1566 biduum
1256 1516 1311 1564 et
1326 1509 1612 1575 triduum,
1636 1513 1927 1580 quantum
1951 1509 2022 1563 ad

376 1603 741 1674 propositum
774 1617 970 1655 meum
996 1604 1238 1671 spectat,
1265 1598 1552 1670 attingam
1574 1615 1694 1653 vos.
1721 1598 1805 1653 Ad
1828 1601 2024 1669 portas

379 1698 573 1747 autem
606 1707 706 1746 vos
736 1689 843 1745 soli
876 1689 1113 1760 recipite
1143 1704 1257 1751 me,
1284 1692 1444 1742 metu
1474 1687 1821 1755 murmuris,
1854 1686 2024 1741 utsic

377 1781 600 1852 absque
621 1779 867 1850 strepitu
890 1777 1326 1849 etiamingressi
1352 1793 1470 1830 una
1490 1776 1790 1831 vobiscum
1814 1775 2020 1830 simus.

376 1871 445 1925 Et
468 1869 603 1925 inde
639 1867 930 1934 similiter,
964 1884 1097 1921 cum
1133 1866 1255 1921 dies
1282 1866 1361 1920 ibi
1395 1864 1616 1936 aliquot
1671 1863 2021 1935 transegeri-

2137 619 2343 676 Είδέναι
2376 621 2466 677 οὖν
2502 623 2640 696 ὑμὴ
2671 622 2835 691 θέλω,
2887 624 2970 679 ὅτι
3017 624 3436 681 πολλαπλάσιον
3489 627 3794 703 ἀγαπῶμεν

2135 713 2297 783 ἡμεῖς
2354 713 2405 766 οἱ
2463 711 2737 775 πείσαντες
2797 713 2935 785 ὑμᾶς
2989 714 3118 776 τοὺς
3175 717 3509 783 πεισθέντας,
3558 716 3700 793 ἤπερ
3747 724 3790 758 η

2138 800 2292 871 ὑμεῖς
2324 803 2469 874 ἡμᾶς
2500 802 2625 863 τοὺς
2659 802 3000 864 πεπεικότας.
3051 802 3367 874 ’Δλλήλους
3418 805 3507 861 οὖν
3553 809 3793 884 στέργόν-

2132 909 2242 951 τες,
2274 894 2353 961 τῷ
2382 893 2426 927 ¹²
2466 892 2541 963 μή
2596 887 2812 966 ἀλόγως
2860 898 3035 946 ποιεῖν
3084 892 3117 946 ἃ
3167 893 3436 968 θέλωμεν,
3482 903 3584 965 τῆς
3621 897 3789 975 ἀσφα-

2137 975 2304 1050 λείας,
2339 978 2462 1033 ὅσον
2491 979 2553 1033 τὸ
2586 980 2664 1057 ἐφ’
2696 982 2855 1052 ἡμῖν,
2892 981 3288 1058 φροντίζωμεν.
3320 986 3464 1058 Πρὸς
3490 984 3707 1049 τούτοις
3734 984 3793 1042 δὲ

2136 1064 2392 1139 οὐδεμιᾶς
2426 1068 2633 1144 ἡμέρας
2668 1065 3059 1145 διαλεγομένου
3096 1093 3204 1143 μου
3246 1071 3691 1145 ἀπολιμπάνεσθε
3725 1079 3793 1133 η.

2137 1154 2227 1216 Εἷς
2282 1154 2383 1231 γάρ
2439 1156 2535 1219 τὰς
2612 1156 3014 1233 ἐπισημοτέρας
3073 1164 3179 1215 τῶν
3259 1161 3534 1238 ἐπαρχιῶν
3597 1164 3794 1228 πόλεις

2135 1244 2483 1320 προῄρημαι,
2518 1244 2591 1307 ὡς
2618 1244 2730 1301 ἷίστε
2759 1246 2848 1301 καὶ
2900 1247 3079 1320 ὑμεῖς,
3121 1251 3343 1324 ἡμερῶν
3373 1250 3648 1324 ἐπιμένειν
3698 1257 3795 1309 καὶ

2135 1329 2496 1407 διαλέγεσθαι.
2529 1333 2628 1388 Καὶ
2658 1335 2721 1389 τὸ
2750 1332 2841 1390 νῦν
2877 1334 2952 1398 εἷς
3001 1337 3100 1406 τὴν
3152 1336 3442 1414 ἐγγυτέραν
3485 1344 3623 1414 ἡμῖν
3654 1350 3799 1399 Λαο-

2135 1419 2336 1476 δίκειαν
2368 1423 2653 1496 προάξατε,
2704 1424 2794 1478 καὶ
2848 1426 2965 1497 μεθ’
3014 1424 3227 1503 ἡμέρας
3267 1424 3363 1482 δύο
3393 1429 3429 1497 ἢ
3459 1435 3626 1506 τρεῖς,
3662 1430 3792 1487 ὅσον

2135 1508 2223 1564 ἐπὶ
2252 1514 2319 1583 τῇ
2362 1510 2467 1583 ἐμῇ
2494 1510 2822 1588 προαιρέσει,
2850 1516 3241 1588 καταλήψομαι
3272 1516 3432 1589 ὑμᾶς.
3463 1518 3580 1573 Έπὶ
3607 1516 3665 1574 δὲ
3680 1526 3791 1576 τῶν

2132 1598 2321 1654 πυλῶν
2351 1597 2627 1670 ἐκδέξασθέ
2662 1622 2728 1674 με
2760 1602 2914 1674 ὑμεῖς
2952 1602 3130 1675 μόνοι,
3167 1607 3320 1664 256
3370 1603 3459 1661 διὰ
3485 1609 3577 1662 τὸν
3621 1609 3796 1685 θρύλ-

2136 1685 2230 1742 λον
2283 1689 2350 1755 1⁸,
2394 1685 2486 1742 ’ίνα
2535 1688 2706 1751 οὕτως
2754 1689 2995 1768 ἀψοφητὶ
3040 1692 3469 1758 συνεισελθόντες
3515 1696 3627 1770 ἅμα
3659 1699 3793 1771 ὑμῖν

2135 1776 2304 1847 ὦμεν.
2366 1776 2618 1841 Κάκεῖθεν
2669 1777 2878 1851 ὁμοίως
2935 1781 3069 1851 μετά
3124 1782 3186 1836 τὸ
3235 1781 3510 1856 ἐπιμεῖναι
3560 1787 3791 1862 ἡμερῶν

2135 1862 2297 1919 ἄλλοι
2336 1865 2446 1920 ἀνθ’
2479 1866 2628 1940 ὑμῶν
2662 1866 2738 1929 εἷς
2768 1867 2836 1922 τὰ
2866 1867 3109 1925 ἐπέκεινα
3130 1872 3266 1925 κατὰ
3296 1871 3597 1951 ἐφημερίας
3619 1878 3794 1949 προά-

379 1968 533 2025 mus,
566 1957 664 2013 alii
714 1974 817 2029 pro
846 1956 1010 2011 vobis
1062 1953 1309 2010 ulterius
1342 1969 1443 2025 per
1496 1953 1649 2009 vices
1699 1953 2011 2025 praecedenl

2132 1951 2313 2026 ξωσιν,
2339 1954 2433 2016 τὰς
2464 1929 2634 2026 ξενίας
2667 1954 3067 2030 ὶτοιμάζοντες.

378 2052 434 2103 et
464 2046 721 2119 hospitia
748 2046 1179 2118 praeparabunt.

451 2154 548 2209 ΙΙΙ.
583 2152 710 2208 Haec
742 2151 970 2207 dicente
1000 2151 1189 2220 Petro,
1223 2148 1550 2204 necessario
1583 2148 2017 2220 acquieverunt,

380 2243 673 2299 dicentes:
708 2240 833 2296 Non
886 2238 1046 2295 valde
1078 2255 1203 2306 nos,
1237 2238 1493 2304 domine,
1548 2237 1856 2293 contristat
1910 2237 2020 2293 hoc

375 2349 564 2406 agere,
588 2331 866 2403 quoniam
899 2346 933 2385 a
961 2328 1296 2400 tejubetur.
1348 2326 1541 2383 Primo
1573 2328 1831 2399 quidem,
1881 2326 2021 2398 quia

372 2422 473 2478 Dei
506 2419 871 2493 providentia
903 2416 1183 2482 delectus,
1216 2416 1432 2488 dignus
1463 2415 1564 2488 qui
1620 2420 1831 2470 cuncta
1873 2431 2018 2485 pra;-

370 2510 524 2567 clare
551 2509 766 2581 cogites
799 2512 972 2578 atque
994 2504 1285 2560 consulas.
1311 2505 1389 2559 Ad
1422 2504 1541 2559 haec
1556 2521 1707 2574 vero,
1736 2504 1873 2574 quia
1893 2502 2015 2575 ple-

370 2614 621 2671 rumque
641 2614 745 2670 per
757 2596 1002 2651 biduum
1025 2599 1257 2649 tantum
1283 2593 1626 2648 necessitate
1649 2592 2014 2665 praecedendi

367 2694 471 2745 ate
494 2688 791 2744 aberimus
809 2703 821 2740 :
841 2684 985 2739 illud
1006 2688 1200 2739 autem
1217 2682 1470 2754 spatium
1490 2682 1757 2753 quamvis
1772 2681 2011 2753 longum

366 2779 464 2844 sit,
495 2779 634 2832 dum
657 2780 714 2832 te
728 2792 841 2831 non
856 2773 1123 2828 videmus
1144 2771 1449 2827 dominum
1474 2776 1738 2825 nostrum
1756 2770 2008 2835 Petrum,

367 2871 621 2921 attamen
656 2864 1004 2937 cogitamus,
1038 2859 1220 2915 multo
1279 2859 1584 2915 molestius
1614 2858 1858 2929 laturos,
1908 2859 2009 2930 qui

362 2954 597 3027 longius
629 2951 913 3025 praemissi
942 2952 1317 3020 sunt,utpote
1339 2950 1540 3020 jussos
1572 2952 1625 3003 te
1654 2948 1876 3002 diutius
1912 2963 2013 3018 per

365 3046 539 3099 urbes
570 3047 924 3114 exspectare,
958 3044 1013 3094 et
1035 3038 1235 3093 anxios
1263 3038 1417 3109 quod
1450 3042 1687 3108 aspectu
1720 3036 2009 3092 desidera-

2200 2149 2291 2206 ΙΙΙ.
2324 2154 2499 2206 Ταῦτα
2537 2156 2633 2206 τοῦ
2666 2150 2870 2228 Πέτρου
2908 2151 3172 2227 εἰπόντος,
3205 2155 3615 2232 ἡναγκάσθησαν
3659 2181 3781 2215 συν·-

2128 2236 2303 2291 θέσθαι
2350 2236 2623 2314 λέγοντες·
2677 2240 2749 2295 Ού
2798 2242 2936 2296 πάνυ
2986 2244 3156 2315 ἡμᾶς,
3198 2243 3373 2319 κύριε,
3427 2244 3592 2301 λυπεῖ
3616 2252 3781 2304 τοῦτο

2126 2328 2402 2400 πράττειν,
2448 2326 2536 2383 διὰ
2584 2329 2646 2383 τὸ
2697 2330 2800 2384 ὑπὸ
2849 2335 2946 2385 σοῦ
2992 2330 3327 2395 κελεύεσθαι.
3382 2339 3605 2407 Πρῶτον
3652 2336 3775 2410 μὲν,

2126 2415 2208 2469 ὅτι
2240 2417 2413 2471 πάντα
2441 2415 2626 2480 καλῶς
2657 2422 2797 2472 νοεῖν
2852 2420 2895 2456 1⁸
2936 2439 2995 2474 τε
3041 2420 3129 2474 καὶ
3180 2415 3573 2494 συμϐουλεύειν
3626 2425 3775 2494 ἄξιος

2126 2501 2198 2559 ὢν
2233 2503 2335 2560 ὑπὸ
2363 2513 2461 2576 τῆς
2491 2511 2588 2561 τοῦ
2620 2511 2753 2562 Θεοῦ
2784 2507 3040 2583 προνοίας
3072 2507 3344 2586 ἐξελέγης·
3378 2512 3515 2585 πρὸς
3558 2512 3768 2577 τούτοις

2125 2590 2181 2648 δὲ
2214 2592 2300 2648 ἐπί
2335 2598 2376 2632 ιθ
2404 2597 2466 2650 τὸ
2515 2595 2663 2651 πολὺ
2714 2598 2938 2672 ἡμερῶν
2986 2594 3081 2652 δύο
3131 2597 3337 2674 ἀνάγκῃ
3364 2605 3462 2655 τοῦ
3514 2601 3769 2677 προάγειν

2123 2682 2617 2758 ἀπολιμπανόμεθά
2667 2705 2781 2739 σου·
2814 2685 2902 2740 καὶ
2951 2686 3105 2741 αὗται
3160 2688 3253 2761 μὲν
3303 2687 3509 2744 πολλαὶ
3542 2692 3679 2767 πρὸς
3711 2692 3777 2747 τὸ

2124 2774 2199 2844 μή
2235 2794 2291 2827 σε
2318 2773 2409 2827 τὸν
2441 2773 2626 2847 κύριον
2654 2777 2812 2847 ἡμῶν
2846 2776 2974 2850 ὁρᾷν
3000 2777 3224 2849 Πέτρον,
3248 2776 3393 2847 πλὴν
3412 2776 3773 2854 λογιζόμεθα,

2120 2860 2201 2916 ὅτι
2234 2860 2422 2917 πλεῖον
2459 2860 2871 2932 λυπηθήσονται
2904 2864 2956 2918 οἱ
2982 2862 3127 2919 πολὺ
3180 2866 3385 2940 μακρὰν
3434 2869 3774 2942 προπεμπό-

2122 2971 2290 3023 μενοι,
2325 2951 2398 3013 ὡς
2432 2949 2518 3005 ἐπί
2549 2949 2736 3005 πλεῖον
2790 2950 3070 3024 ἀναμένειν
3123 2973 3180 3007 σε
3225 2955 3360 3008 κατά
3406 2954 3567 3009 πόλιν
3609 2979 3774 3013 κεκε-

2120 3037 2404 3112 λευσμένοι
2440 3043 2501 3111 ‘7,
2534 3040 2829 3112 ἀνιώμενοι
2860 3039 2911 3094 ἐν
2954 3046 3031 3113 τῷ
3080 3041 3166 3096 ἐπὶ
3218 3041 3407 3098 πλεῖον
3443 3044 3767 3121 ἐστερῆσθαι

362 3133 496 3188 bilis
526 3132 721 3187 vultus
753 3130 835 3184 tui
869 3145 971 3200 per
1001 3126 1251 3181 multum
1291 3131 1524 3197 tempus
1551 3124 1669 3179 sint
1691 3124 1919 3194 privati.
1940 3126 2009 3180 Et

2126 3132 2210 3181 τοῦ
2249 3130 2375 3203 ὁρᾷν
2422 3150 2518 3183 σου
2562 3128 2625 3182 τὸ
2675 3130 3042 3204 περιπόθητον
3100 3132 3414 3205 πρόσωπον.
3467 3134 3566 3188 Καὶ
3597 3138 3768 3207 ἡμεῖς

362 3239 467 3277 nos
493 3239 607 3276 non
640 3220 836 3275 minus
883 3216 1000 3271 illis
1039 3215 1236 3270 tristes
1267 3215 1454 3269 facere
1502 3214 2002 3285 quemadmodum

2116 3216 2214 3271 οὐκ
2242 3216 2463 3273 ἔλαττον
2496 3222 2542 3273 ‘3.
2570 3216 2785 3272 ἐκείνων
2816 3218 3174 3291 ἀθυμοῦντεςδ
3203 3221 3276 3283 ὡς
3309 3220 3551 3285 κελεύεις
3580 3221 3669 3279 διὰ
3697 3226 3764 3281 τὸ

348 3311 524 3383 jubes
545 3313 781 3382 propter
810 3306 1122 3362 utilitatem
1140 3320 1253 3358 non
1283 3318 1599 3357 moramur.
1636 3301 1808 3356 Ethis
1830 3302 2001 3358 dictis

2126 3308 2384 3384 τυμιρέρον
2444 3308 2620 3361 ποιεῖν
2681 3306 2779 3361 οὐκ
2835 3306 3206 3384 ἀντιλέγομεν.
3265 3311 3448 3383 Ὀμῶς
3500 3315 3543 3350 ¹⁹
3592 3318 3767 3369 ταῦτα

356 3414 726 3471 praecessere,
758 3398 991 3466 accepto
1024 3391 1322 3458 mandato,
1356 3391 1501 3445 utin
1534 3389 1720 3462 primo
1743 3391 1995 3463 hospitio

351 3488 788 3560 alloquerentur
805 3482 1239 3539 multitudinem
1260 3478 1432 3536 simul
1452 3480 1560 3535 iter
1576 3486 1868 3553 agentem,
1882 3497 1994 3551 quo

349 3577 599 3649 sparsim
613 3581 670 3633 et
690 3593 722 3631 a
744 3590 804 3631 se
817 3577 1022 3629 mutuo
1045 3570 1212 3625 divisi
1246 3569 1677 3642 ingredirentur
1706 3571 1990 3626 civitates.

417 3774 506 3832 lV.
540 3773 640 3829 His
670 3772 850 3845 igitur
879 3761 1173 3845 profectis,
1199 3785 1303 3842 ego
1335 3766 1601 3823 Clemens
1633 3766 1799 3822 valde
1830 3766 1989 3840 gavi-

344 3883 448 3922 sus
481 3881 637 3930 sum,
665 3863 819 3935 quod
854 3877 942 3917 me
965 3875 1163 3916 secum
1190 3874 1317 3913 esse
1338 3856 1633 3912 voluisset.
1652 3853 1989 3928 Atque'baee

344 3956 418 4010 ad
449 3970 583 4009 eum
611 3954 784 4007 verba
815 3950 1041 4023 profero
1067 3966 1079 4003 :
1115 3947 1341 4004 Gratias
1382 3962 1487 4018 ago
1519 3946 1660 4010 Deo,
1708 3946 1862 4017 quod
1896 3964 1987 4003 me

343 4060 456 4098 non
499 4041 785 4109 emiseris,
820 4046 885 4095 ut
934 4038 1115 4095 alios:
1151 4053 1286 4091 nam
1338 4052 1452 4107 prae
1501 4033 1699 4089 dolore
1748 4040 1986 4091 enectus

343 4132 609 4187 fuissem.
646 4130 747 4185 Ille
768 4144 937 4184 vero:
974 4126 1123 4193 Quid
1147 4131 1363 4192 autem,
1396 4123 1607 4194 inquit,
1641 4124 1687 4178 si
1725 4141 1851 4195 quae
1881 4142 1981 4181 ne-

341 4221 583 4275 cessitas
612 4218 866 4291 exegerit
898 4215 1048 4271 mitti
1081 4219 1135 4270 te
1165 4213 1359 4285 aliquo
1393 4212 1670 4268 doctrinis
1693 4214 1899 4285 gratia,
1916 4220 1979 4272 tu

2107 3395 2349 3457 εἰπόντες
2383 3396 2647 3471 προῆξαν,
2680 3394 2904 3465 ἐντολὴν
2932 3392 3174 3472 ἔχοντες,
3208 3397 3259 3453 ἐν
3286 3404 3367 3471 τῷ
3396 3402 3599 3475 πρώτῳ
3629 3424 3766 3457 παν-

2106 3481 2312 3560 δοχείῳ
2343 3483 2748 3561 προσομιλῆσαι
2780 3490 2859 3557 τῷ
2891 3484 3362 3559 συνοδοιποροῦντι
3394 3484 3575 3565 ὄχλῳ,
3607 3491 3765 3555 ὅπως

2103 3571 2378 3648 σποράδην
2429 3571 2694 3643 ἀλλήλων
2745 3573 3028 3648 γενόμενοι
3078 3575 3155 3637 εἷς
3206 3576 3301 3639 τάς
3351 3576 3540 3641 πόλεις
3582 3578 3758 3657 εἰσέρ-

2102 3681 2331 3736 χωνται.

2171 3776 2266 3826 IV.
2304 3768 2674 3844 Πορευθέντων
2707 3768 2798 3822 οὗν
2828 3767 3026 3837 αὐτῶν,
3061 3769 3165 3846 ἐγὼ
3217 3768 3450 3844 Κλήμης
3490 3771 3754 3847 μεγάλως

2098 3856 2342 3935 ἔχαιρον,
2377 3857 2457 3912 δτι
2490 3856 2581 3910 σὺν
2632 3859 2779 3915 257
2830 3857 2975 3930 αύτῷ
3026 3880 3091 3931 με
3135 3857 3407 3915 ἐκέλευσεν
3456 3861 3611 3918 εἶναι.
3648 3866 3753 3919 Καὶ

2096 3947 2407 4024 ἀποκριθεὶς
2442 3945 2607 4000 εἷπον·
2644 3945 2967 4021 Εὐχάριστῶ
2995 3951 3074 4019 τῷ
3107 3952 3245 4021 Θεῷ,
3278 3948 3360 4003 ὅτι
3396 3970 3465 4022 με
3506 3950 3605 4005 οὐκ
3636 3951 3753 4023 ἐξα-

2094 4035 2420 4106 πέσταλκας,
2452 4034 2526 4097 ὡς
2555 4033 2683 4096 τοὺς
2713 4033 2948 4112 ἐτέρους,
2981 4032 3167 4106 ἐπειδὴ
3212 4039 3257 4074 ²⁰
3308 4035 3650 4111 ὀδυνώμενος
3688 4041 3751 4096 ἂν

2094 4123 2545 4203 διαπεφωνήκειν.
2579 4125 2634 4176 Ὁ
2666 4120 2723 4178 δὲ
2753 4126 2799 4161 ²ι
2831 4122 2954 4202 ἔφη·
2987 4124 3047 4178 Τί
3080 4122 3135 4179 δέ
3168 4142 3182 4195 ;
3217 4126 3263 4181 εί
3312 4128 3401 4181 καὶ
3449 4128 3612 4203 χρεία
3664 4152 3749 4194 τις

2092 4214 2235 4270 ἔσται
2268 4211 2578 4285 πεμφθῆναί
2609 4211 2667 4267 σέ
2694 4233 2798 4267 που
2836 4215 2883 4249 ²²
2934 4215 3272 4287 μαθημάτων
3320 4216 3504 4291 χάριν,
3535 4216 3619 4286 σὺ,
3654 4216 3746 4273 διὰ

338 4309 477 4381 quia
514 4307 854 4379 aliquandiu
887 4323 920 4361 a
951 4320 1043 4359 me
1075 4302 1295 4358 utiliter
1325 4300 1440 4356 eris
1490 4308 1813 4373 separatus,
1849 4303 1977 4360 ideo

2126 4303 2150 4357 6
2179 4302 2313 4378 πρὸς
2350 4298 2532 4375 ὀλίγον
2564 4297 3033 4372 ἀπολιμπάνεσθαί
3068 4322 3172 4374 μου
3211 4303 3616 4380 συμφερόντως,
3652 4303 3743 4360 διὰ

335 4398 600 4453 morieris
621 4398 648 4450 ?
678 4396 879 4451 Nonne
908 4394 1125 4467 potius,
1158 4396 1350 4447 tecum
1409 4394 1707 4460 reputans,
1740 4392 1979 4449 terenda

2126 4396 2244 4446 οὖτο
2276 4391 2494 4463 τεθνήξῃ
2527 4407 2540 4457 ;
2574 4386 2711 4463 Οὐχὶ
2745 4386 2821 4461 δὲ,
2854 4388 3275 4462 προσομιλήσας
3305 4391 3511 4464 σεαυτῷ
3562 4392 3741 4470 φέρειν

327 4501 455 4542 esse
495 4503 621 4558 quas
647 4488 881 4556 propter
912 4481 1313 4539 necessitatem
1340 4478 1445 4534 tibi
1491 4479 1768 4550 imposita
1815 4486 1972 4552 sunt,

2126 4482 2149 4536 Ξι
2175 4478 2263 4534 διὰ
2290 4479 2389 4546 τὴν
2421 4476 2660 4552 ἀνάγκην
2702 4497 2786 4530 σοι
2818 4477 3182 4552 προσταγέντα
3222 4481 3288 4546 ³⁸,
3317 4478 3567 4552 εὐθύμως
3597 4479 3727 4533 ὐποο

324 4592 490 4647 aequo
522 4573 716 4630 animo
749 4572 1112 4628 sustinebis?
1146 4574 1259 4624 Aut
1289 4569 1546 4639 ignoras,
1576 4568 1797 4623 amicos
1856 4586 1973 4625 una

2126 4571 2270 4640 ιαίης
2323 4570 2369 4603 ²⁴
2401 4586 2415 4636 ;
2448 4572 2513 4620 'U
2562 4565 2662 4620 οὐκ
2708 4565 2861 4629 οἶσθα
2909 4565 2994 4621 ὅτι
3043 4567 3270 4623 σύνεισιν
3315 4568 3366 4621 οἱ
3416 4566 3569 4645 φίλοι
3615 4573 3733 4629 ταῖς

322 4680 452 4719 esse
511 4662 928 4732 recordatione,
988 4659 1123 4715 licet
1187 4657 1528 4728 corporibus
1598 4664 2011 4729 separentur,]

2126 4661 2342 4730 νήμαις,
2392 4652 2488 4708 κᾶν
2540 4658 2655 4716 τοῖς
2707 4654 2950 4726 σώμασιν
3004 4652 3495 4728 ἀπολιμπάνωνται
3546 4659 3614 4725 ξε,
3656 4656 3734 4719 ὡς

320 4752 471 4807 sicut
494 4750 756 4806 nonnulli
781 4766 1017 4821 corpore
1045 4753 1379 4819 praesentes,
1412 4744 1565 4815 quod
1597 4760 1796 4799 eorum
1847 4764 1960 4803 non

2129 4768 2221 4819 ιοι,
2254 4739 2500 4804 συνόντες
2528 4747 2645 4803 τοῖς
2704 4743 2971 4815 σώμασιν,
3002 4742 3146 4816 ἀμνη
3160 4743 3399 4817 μοσύνης
3428 4742 3576 4815 αἰτίᾳ
3606 4750 3728 4807 ταῖς

318 4841 714 4911 recordentur,
746 4839 942 4895 animo
975 4837 1425 4910 peregrinantur
1457 4834 1527 4889 ab
1558 4833 1763 4889 amicis
1785 4834 1812 4887 ‘I

2126 4840 2276 4912 ›χαῖς
2306 4836 2350 4870 ²⁶
2381 4829 2727 4905 ἀποδημοῦσι
2758 4836 2875 4894 τοῖς
2909 4830 3094 4910 φίλοις
3127 4851 3141 4903 ;

1656 4984 1897 5043 VARI/E
1948 4990 2246 5048 LECTION
2252 4990 2353 5046 ES.

382 5098 425 5133 ¹⁰
455 5094 853 5168 ἀπολιπόμενοί
884 5101 941 5153 C.
980 5100 1020 5133 “
1052 5096 1087 5168 ἢ
1118 5089 1265 5168 eius?
1299 5109 1353 5168 p_.
1404 5087 1543 5165 ἤπερ
1667 5092 2028 5168 Δξλςδςιίίοικξω
2086 5099 2145 5153 in
2195 5100 2239 5152 0
2291 5093 2519 5168 obviam
2567 5092 2851 5168 praevidit
2886 5092 2951 5147 D.
3013 5094 3059 5168 1’
3109 5094 3195 5168 ita
3227 5096 3306 5168 ‘O_
3335 5109 3403 5168 ο..
3436 5092 3528 5168 12.,
3566 5089 3631 5168 :6
3662 5095 3723 5149 C.

307 5173 452 5253 "Tum
482 5158 715 5252 θέλοωμιεν¹
743 5169 807 5253 0’.
857 5170 899 5204 ¹³
947 5158 1382 5253 ἀπελιμνπάνεᾶθε
1430 5158 1524 5218 Ο.’
1554 5165 1613 5245 ξ⁴
1663 5158 1903 5253 θλύ).λον
2079 5172 2122 5253 ξε
2157 5171 2331 5253 ποιεῖν
2384 5166 2511 5253 cod.
2540 5158 2706 5253 “Reg;
2755 5164 2859 5250 I804
2907 5168 2964 5219 et
2994 5164 3240 5253 ~Ruf."°
3289 5158 3519 5247 ἐπεί
3569 5164 3723 5253 Tum

304 5240 505 5316 ἀνάγκη
536 5234 630 5293 τοῦ
662 5241 920 5313 προάγειν
955 5234 1220 5308 οοηῇξο,
1254 5235 1458 5307 ἀνάγκη
1489 5235 1647 5286 τοῦτο
1685 5234 1938 5312 προάγειν
1974 5241 2051 5295 id.
2086 5241 2145 5296 in
2197 5246 2377 5307 textu,
2427 5240 2493 5291 ut
2538 5234 2627 5301 0.,
2660 5234 2880 5308 ἀνάγκη
2927 5238 3025 5288 τοῦ
3072 5234 3325 5320 πράττειν
3374 5237 3537 5289 τοῦτο
3587 5235 3719 5292 cod.

304 5314 441 5375 Reg.
466 5296 571 5366 804
604 5313 870 5375 Epitomes
902 5329 950 5367 c.
981 5316 1040 5365 71
1079 5310 1198 5365 ῘΠΕΟ
1230 5308 1406 5362 habet
1442 5324 1453 5361 :
1491 5304 1711 5358 Ἔπειτα
1744 5303 1821 5373 δὲ,
1856 5307 1938 5364 ὅτι
1982 5311 2055 5373 ὡς
2102 5308 2335 5366 ἐπιπολὺ
2384 5309 2605 5375 ἡμερῶν
2648 5301 2753 5375 ,δύο
2804 5304 3009 5375 ἀνάγκη
3054 5327 3215 5361 τουτο
3263 5307 3513 5375 πράττειν
3567 5306 3719 5375 ἡμᾶς

304 5326 441 5381 tteg.
466 5326 571 5366 ὄυίι
604 5326 870 5382 Epuomes
902 5329 950 5367 c.
982 5326 1040 5365 ἰι
1079 5326 1198 5365 haec
1232 5326 1406 5362 naDet
1442 5326 1453 5361 :
1514 5326 1711 5358 LﬁEt’ta
1744 5326 1821 5373 οε,
1856 5326 1938 5364 οτι
1982 5326 2055 5373 ως
2102 5326 2335 5366 επιποΛυ
2384 5326 2605 5381 ημερων
2658 5326 2753 5358 ouo
2804 5326 3009 5378 αναγκη
3054 5327 3215 5361 τουτο
3263 5326 3513 5381 πράττειν
3567 5326 3725 5377 ημας

299 5381 851 5460 ἀπολιμπάνομένους
886 5404 998 5460 σου..
1044 5383 1312 5460 Fortasse
1345 5383 1541 5460 nostro
1565 5377 1692 5460 loco
1725 5386 1853 5460 post
1880 5381 2095 5460 τούτοις
2144 5380 2199 5437 δὲ
2219 5380 2581 5460 _addendum
2625 5373 2709 5460 ὅτι
2755 5379 3079 5460 secundum
3192 5381 3235 5460 f7
3266 5376 3717 5460 κεκελευσάμενοι

297 5457 362 5511 Ο.
398 5448 545 5510 Tum
582 5448 891 5529 ἐστερῆσθαι
932 5454 1003 5529 *τὸ
1046 5453 1171 5529 όρξν
1224 5452 1285 5529 g,
1342 5450 1538 5503 minus
1566 5448 1756 5529 'I‘ecte.
1810 5454 1853 5529 {3
1902 5452 2158 5529 ξλάττονα
2210 5455 2272 5510 0.
2327 5454 2368 5488 ‘9
2418 5452 2500 5505 Ita
2548 5450 2632 5512 S.,
2683 5449 2834 5529 δμως
2978 5450 3063 5529 0.,
3100 5452 3145 5529 ’9
3189 5449 3303 5504 ἐπεί
3344 5451 3433 5519 0.,
3465 5450 3507 5484 ²¹
3541 5448 3714 5529 ᾐρη

297 5517 801 5600 ῐηθηόοεϐεὲθίποι
833 5526 943 5599 legi
975 5517 1187 5600 vultus.
1224 5524 1268 5556 23
1286 5519 1679 5600 Δπροσίεται-(έν-τςα
1729 5526 1865 5600 corl_
1906 5527 2193 5600 11081804
2246 5531 2304 5600 et
2347 5530 2435 5600 0;,
2487 5517 2850 5600 προσταθέντα
2902 5526 2958 5574 C.
3122 5528 3304 5600 textu,
3331 5517 3718 5600 ,προστεθέντα

294 5574 653 5671 magis
684 5574 773 5654 [ιᾶ
791 5574 1249 5671 satiatae,
1282 5574 1408 5660 soi,
1442 5574 1702 5671 ὑπόστέης
1734 5574 1790 5648 c1
1811 5574 2155 5671 psus.
2176 5574 2539 5671 ’céafajeg.‘
2569 5592 2674 5671 894
2702 5591 2862 5671 jqea
2904 5598 2961 5659 c,
2997 5574 3120 5671 _o._
3137 5574 3354 5671 Ρὸεζρι
3380 5574 3422 5649 ὸ
3476 5592 3606 5671 e_xb_.
3642 5590 3712 5671 ει.

294 5616 353 5654 1n
388 5616 571 5671 marg.
606 5610 653 5632 ³⁸
684 5610 767 5654 lta
792 5610 836 5654 U
866 5616 915 5653 ο.
949 5610 1075 5653 cod.
1115 5610 1249 5667 [188-
1282 5610 1408 5660 δυίι,
1442 5612 1702 5657 υποστεης
1734 5610 1790 5648 U.
1824 5610 1970 5654 'l'um
2004 5610 2155 5652 οισθα
2203 5610 2331 5653 con.
2387 5610 2463 5649 ne
2511 5632 2522 5644 .
2569 5610 2674 5646 oua
2722 5610 2862 5658 ησθα
2904 5610 2961 5659 υ,
3019 5610 3083 5649 υ.
3137 5610 3269 5649 rost
3299 5610 3349 5646 οι
3380 5610 3422 5649 υ
3476 5610 3606 5647 exn.
3642 5610 3712 5649 ει.

294 5670 339 5703 ³⁵
368 5668 930 5743 ἀπᾼολιμπάᾉνονταιρ.
963 5672 1111 5726 Tum
1143 5663 1274 5720 ἔνιοι
1305 5670 1370 5735 Ο,
1401 5680 1451 5719 c.
1486 5666 1614 5721 cod.
1638 5649 1777 5737 Reg.
1804 5667 1913 5724 804
1940 5674 1996 5728 et
2021 5672 2168 5743 Epit.
2211 5686 2260 5724 c.
2288 5669 2379 5734 72,
2411 5610 2577 5725 ἐνῗοις
2609 5666 2667 5719 C.
2701 5664 2747 5700 ³⁸
2776 5668 2865 5719 Ita
2909 5665 3038 5720 cod.
3087 5665 3225 5738 Reg.
3256 5666 3363 5722 804
3394 5670 3451 5721 et
3488 5665 3629 5737 Epit.
3664 5667 3713 5722 t.

292 5755 367 5812 0.,
398 5739 492 5803 τὰς
520 5739 699 5816 ψυχάς
728 5742 790 5801 Ο.
822 5742 889 5803 Ο.
