  <div class='ocr_page' id='page_1' title='image "/cluster/home/n/w/nwhite01/storage/ocr_20150623/2/hvd.32044073501397/158.png"; bbox 0 0 4086 6216; ppageno 0'>
   <div class='ocr_carea' id='block_1_1' title="bbox 292 428 3728 496">
    <p class='ocr_par' dir='ltr' id='par_1_1' title="bbox 292 428 3728 496">
     <span class='ocr_line' id='line_1_1' title="bbox 292 428 3728 496; baseline 0 -6"><span class='ocrx_word' id='word_1_1' title='bbox 292 428 421 491; x_wconf 81' lang='lat'><strong>305</strong></span> <span class='ocrx_word' id='word_1_2' title='bbox 1422 430 1958 493; x_wconf 85' lang='lat' dir='ltr'><strong>CLEMENTINA.</strong></span> <span class='ocrx_word' id='word_1_3' title='bbox 1991 463 2068 476; x_wconf 88' lang='lat'><strong><em>—</em></strong></span> <span class='ocrx_word' id='word_1_4' title='bbox 2109 430 2442 494; x_wconf 83' lang='lat' dir='ltr'><strong>HOMILIA</strong></span> <span class='ocrx_word' id='word_1_5' title='bbox 2485 434 2618 496; x_wconf 83' lang='lat' dir='ltr'><strong>XII.</strong></span> <span class='ocrx_word' id='word_1_6' title='bbox 3608 429 3728 493; x_wconf 84' lang='lat'><strong>306</strong></span> 
     </span>
    </p>
   </div>
   <div class='ocr_carea' id='block_1_2' title="bbox 364 557 1963 637">
    <p class='ocr_par' dir='ltr' id='par_1_2' title="bbox 364 557 1958 636">
     <span class='ocr_line' id='line_1_2' title="bbox 364 557 1958 636; baseline 0.001 -22"><span class='ocrx_word' id='word_1_7' title='bbox 364 560 437 614; x_wconf 79' lang='grc' dir='ltr'>ν.</span> <span class='ocrx_word' id='word_1_8' title='bbox 474 558 644 633; x_wconf 81' lang='grc' dir='ltr'>Κάγὼ</span> <span class='ocrx_word' id='word_1_9' title='bbox 688 557 1080 636; x_wconf 57' lang='grc' dir='ltr'>ἀπεκρινάμην</span> <span class='ocrx_word' id='word_1_10' title='bbox 1132 560 1225 630; x_wconf 77' lang='grc' dir='ltr'><strong>Μὴ</strong></span> <span class='ocrx_word' id='word_1_11' title='bbox 1285 561 1464 616; x_wconf 81' lang='grc' dir='ltr'>τοίνυν</span> <span class='ocrx_word' id='word_1_12' title='bbox 1515 560 1736 635; x_wconf 80' lang='grc' dir='ltr'>νομίσῃ,</span> <span class='ocrx_word' id='word_1_13' title='bbox 1785 561 1958 636; x_wconf 69' lang='grc' dir='ltr'>κύριε,</span> 
     </span>
    </p>
   </div>
   <div class='ocr_carea' id='block_1_3' title="bbox 2075 557 3723 637">
    <p class='ocr_par' dir='ltr' id='par_1_3' title="bbox 2146 561 3723 637">
     <span class='ocr_line' id='line_1_3' title="bbox 2146 561 3723 637; baseline 0.001 -20"><span class='ocrx_word' id='word_1_14' title='bbox 2146 568 2213 617; x_wconf 91' lang='lat' dir='ltr'><strong>V.</strong></span> <span class='ocrx_word' id='word_1_15' title='bbox 2248 564 2316 619; x_wconf 85' lang='lat' dir='ltr'><strong>Et</strong></span> <span class='ocrx_word' id='word_1_16' title='bbox 2345 580 2450 636; x_wconf 84' lang='lat' dir='ltr'><strong>ego</strong></span> <span class='ocrx_word' id='word_1_17' title='bbox 2484 566 2755 637; x_wconf 82' lang='lat' dir='ltr'><strong>respondi</strong></span> <span class='ocrx_word' id='word_1_18' title='bbox 2784 582 2796 620; x_wconf 91' lang='lat'><strong>:</strong></span> <span class='ocrx_word' id='word_1_19' title='bbox 2830 564 2957 621; x_wconf 86' lang='lat' dir='ltr'><strong>Noli</strong></span> <span class='ocrx_word' id='word_1_20' title='bbox 2989 567 3183 620; x_wconf 87' lang='lat' dir='ltr'><strong>autem</strong></span> <span class='ocrx_word' id='word_1_21' title='bbox 3216 566 3443 635; x_wconf 86' lang='lat' dir='ltr'><strong>putare,</strong></span> <span class='ocrx_word' id='word_1_22' title='bbox 3466 561 3723 633; x_wconf 87' lang='lat' dir='ltr'><strong>domine,</strong></span> 
     </span>
    </p>
   </div>
   <div class='ocr_carea' id='block_1_4' title="bbox 294 647 1963 725">
    <p class='ocr_par' dir='ltr' id='par_1_4' title="bbox 294 647 1963 724">
     <span class='ocr_line' id='line_1_4' title="bbox 294 647 1963 724; baseline 0 -22"><span class='ocrx_word' id='word_1_23' title='bbox 294 648 383 702; x_wconf 77' lang='grc' dir='ltr'><strong>δτι</strong></span> <span class='ocrx_word' id='word_1_24' title='bbox 416 648 487 703; x_wconf 70' lang='grc' dir='ltr'>τὰ</span> <span class='ocrx_word' id='word_1_25' title='bbox 519 647 702 718; x_wconf 68' lang='grc' dir='ltr'>λύπης</span> <span class='ocrx_word' id='word_1_26' title='bbox 736 650 968 724; x_wconf 75' lang='grc' dir='ltr'>πάσχειν</span> <span class='ocrx_word' id='word_1_27' title='bbox 996 647 1246 721; x_wconf 76' lang='grc' dir='ltr'>ἤμελλον</span> <span class='ocrx_word' id='word_1_28' title='bbox 1270 648 1801 720; x_wconf 69' lang='grc' dir='ltr'>ἀνοήτως,ἀλλὰκαὶ</span> <span class='ocrx_word' id='word_1_29' title='bbox 1827 652 1963 703; x_wconf 73' lang='grc' dir='ltr'>πάνυ</span> 
     </span>
    </p>
   </div>
   <div class='ocr_carea' id='block_1_5' title="bbox 2075 647 3722 725">
    <p class='ocr_par' dir='ltr' id='par_1_5' title="bbox 2078 653 3722 725">
     <span class='ocr_line' id='line_1_5' title="bbox 2078 653 3722 725; baseline -0.002 -17"><span class='ocrx_word' id='word_1_30' title='bbox 2078 654 2230 725; x_wconf 90' lang='lat' dir='ltr'><strong>quod</strong></span> <span class='ocrx_word' id='word_1_31' title='bbox 2265 654 2443 709; x_wconf 89' lang='lat' dir='ltr'><strong>istum</strong></span> <span class='ocrx_word' id='word_1_32' title='bbox 2475 671 2778 709; x_wconf 77' lang='lat' dir='ltr'><strong>mcerorem</strong></span> <span class='ocrx_word' id='word_1_33' title='bbox 2815 654 3152 724; x_wconf 80' lang='lat' dir='ltr'><strong>insipienter</strong></span> <span class='ocrx_word' id='word_1_34' title='bbox 3171 653 3281 707; x_wconf 92' lang='lat' dir='ltr'><strong>sim</strong></span> <span class='ocrx_word' id='word_1_35' title='bbox 3314 668 3722 724; x_wconf 83' lang='lat' dir='ltr'><strong>perpessurus,</strong></span> 
     </span>
    </p>
   </div>
   <div class='ocr_carea' id='block_1_6' title="bbox 296 737 1963 814">
    <p class='ocr_par' dir='ltr' id='par_1_6' title="bbox 296 737 1963 814">
     <span class='ocr_line' id='line_1_6' title="bbox 296 737 1963 814; baseline 0.001 -23"><span class='ocrx_word' id='word_1_36' title='bbox 296 737 452 813; x_wconf 74' lang='grc' dir='ltr'>ὀρθῷ</span> <span class='ocrx_word' id='word_1_37' title='bbox 480 759 589 792; x_wconf 85' lang='grc' dir='ltr'>τινι</span> <span class='ocrx_word' id='word_1_38' title='bbox 625 738 901 812; x_wconf 79' lang='grc' dir='ltr'><strong>λογισμῷ.</strong></span> <span class='ocrx_word' id='word_1_39' title='bbox 943 738 1092 795; x_wconf 81' lang='grc' dir='ltr'>Ἐπεὶ</span> <span class='ocrx_word' id='word_1_40' title='bbox 1124 740 1225 814; x_wconf 79' lang='grc' dir='ltr'><strong>γάρ</strong></span> <span class='ocrx_word' id='word_1_41' title='bbox 1256 761 1332 810; x_wconf 92' lang='grc' dir='ltr'><strong>σε,</strong></span> <span class='ocrx_word' id='word_1_42' title='bbox 1356 739 1509 814; x_wconf 69' lang='grc' dir='ltr'>κύριέ</span> <span class='ocrx_word' id='word_1_43' title='bbox 1545 738 1802 811; x_wconf 83' lang='grc' dir='ltr'>μου,ἀντὶ</span> <span class='ocrx_word' id='word_1_44' title='bbox 1836 740 1963 792; x_wconf 79' lang='grc' dir='ltr'>πάν-</span> 
     </span>
    </p>
   </div>
   <div class='ocr_carea' id='block_1_7' title="bbox 2075 737 3720 814">
    <p class='ocr_par' dir='ltr' id='par_1_7' title="bbox 2076 741 3720 812">
     <span class='ocr_line' id='line_1_7' title="bbox 2076 741 3720 812; baseline -0.001 -15"><span class='ocrx_word' id='word_1_45' title='bbox 2076 743 2338 812; x_wconf 91' lang='lat' dir='ltr'><strong>quinimo</strong></span> <span class='ocrx_word' id='word_1_46' title='bbox 2371 743 2689 797; x_wconf 85' lang='lat' dir='ltr'><strong>admodum</strong></span> <span class='ocrx_word' id='word_1_47' title='bbox 2724 749 2878 797; x_wconf 87' lang='lat' dir='ltr'><strong>recta</strong></span> <span class='ocrx_word' id='word_1_48' title='bbox 2898 744 3139 797; x_wconf 80' lang='lat' dir='ltr'><strong>ratione.</strong></span> <span class='ocrx_word' id='word_1_49' title='bbox 3161 742 3442 807; x_wconf 78' lang='lat' dir='ltr'><strong>Quoniam</strong></span> <span class='ocrx_word' id='word_1_50' title='bbox 3467 741 3620 795; x_wconf 90' lang='lat' dir='ltr'><strong>enim</strong></span> <span class='ocrx_word' id='word_1_51' title='bbox 3645 745 3720 807; x_wconf 89' lang='lat' dir='ltr'><strong>te,</strong></span> 
     </span>
    </p>
   </div>
   <div class='ocr_carea' id='block_1_8' title="bbox 287 826 1963 905">
    <p class='ocr_par' dir='ltr' id='par_1_8' title="bbox 287 826 1963 905">
     <span class='ocr_line' id='line_1_8' title="bbox 287 826 1963 905; baseline -0.001 -23"><span class='ocrx_word' id='word_1_52' title='bbox 287 849 404 882; x_wconf 85' lang='grc' dir='ltr'><strong>των</strong></span> <span class='ocrx_word' id='word_1_53' title='bbox 436 826 580 903; x_wconf 76' lang='grc' dir='ltr'>ἔχω,</span> <span class='ocrx_word' id='word_1_54' title='bbox 594 828 798 903; x_wconf 84' lang='grc' dir='ltr'>πατρός</span> <span class='ocrx_word' id='word_1_55' title='bbox 827 849 885 882; x_wconf 89' lang='grc' dir='ltr'><strong>τε</strong></span> <span class='ocrx_word' id='word_1_56' title='bbox 914 828 1004 881; x_wconf 80' lang='grc' dir='ltr'><strong>καὶ</strong></span> <span class='ocrx_word' id='word_1_57' title='bbox 1041 829 1244 901; x_wconf 79' lang='grc' dir='ltr'>μητρὸς</span> <span class='ocrx_word' id='word_1_58' title='bbox 1273 828 1363 882; x_wconf 81' lang='grc' dir='ltr'><strong>καὶ</strong></span> <span class='ocrx_word' id='word_1_59' title='bbox 1394 827 1643 905; x_wconf 72' lang='grc' dir='ltr'>ἀδελφῶν</span> <span class='ocrx_word' id='word_1_60' title='bbox 1664 827 1751 882; x_wconf 76' lang='grc' dir='ltr'>καὶ</span> <span class='ocrx_word' id='word_1_61' title='bbox 1778 848 1963 902; x_wconf 88' lang='grc' dir='ltr'>συγγε-</span> 
     </span>
    </p>
   </div>
   <div class='ocr_carea' id='block_1_9' title="bbox 2075 826 3719 905">
    <p class='ocr_par' dir='ltr' id='par_1_9' title="bbox 2075 831 3719 904">
     <span class='ocr_line' id='line_1_9' title="bbox 2075 831 3719 904; baseline -0.002 -18"><span class='ocrx_word' id='word_1_62' title='bbox 2075 832 2308 887; x_wconf 88' lang='lat' dir='ltr'><strong>domine</strong></span> <span class='ocrx_word' id='word_1_63' title='bbox 2340 833 2441 895; x_wconf 84' lang='lat' dir='ltr'><strong>mi,</strong></span> <span class='ocrx_word' id='word_1_64' title='bbox 2477 850 2578 904; x_wconf 90' lang='lat' dir='ltr'><strong>pro</strong></span> <span class='ocrx_word' id='word_1_65' title='bbox 2607 832 2882 886; x_wconf 90' lang='lat' dir='ltr'><strong>omnibus</strong></span> <span class='ocrx_word' id='word_1_66' title='bbox 2915 831 3119 896; x_wconf 84' lang='lat' dir='ltr'><strong>habeo,</strong></span> <span class='ocrx_word' id='word_1_67' title='bbox 3153 848 3253 902; x_wconf 93' lang='lat' dir='ltr'><strong>pro</strong></span> <span class='ocrx_word' id='word_1_68' title='bbox 3285 837 3468 901; x_wconf 90' lang='lat' dir='ltr'><strong>patre,</strong></span> <span class='ocrx_word' id='word_1_69' title='bbox 3516 835 3719 895; x_wconf 84' lang='lat' dir='ltr'><strong>matre,</strong></span> 
     </span>
    </p>
   </div>
   <div class='ocr_carea' id='block_1_10' title="bbox 292 913 1963 992">
    <p class='ocr_par' dir='ltr' id='par_1_10' title="bbox 292 913 1963 991">
     <span class='ocr_line' id='line_1_10' title="bbox 292 913 1963 991; baseline -0.001 -21"><span class='ocrx_word' id='word_1_70' title='bbox 292 921 426 984; x_wconf 87' lang='grc' dir='ltr'>νῶν,</span> <span class='ocrx_word' id='word_1_71' title='bbox 460 913 641 970; x_wconf 72' lang='grc' dir='ltr'>αἶ’τιόν</span> <span class='ocrx_word' id='word_1_72' title='bbox 676 937 767 988; x_wconf 91' lang='grc' dir='ltr'><strong>μοι</strong></span> <span class='ocrx_word' id='word_1_73' title='bbox 800 916 1086 991; x_wconf 81' lang='grc' dir='ltr'>γενόμενον</span> <span class='ocrx_word' id='word_1_74' title='bbox 1121 914 1208 970; x_wconf 78' lang='grc' dir='ltr'>διὰ</span> <span class='ocrx_word' id='word_1_75' title='bbox 1237 918 1325 971; x_wconf 89' lang='grc' dir='ltr'>τὸν</span> <span class='ocrx_word' id='word_1_76' title='bbox 1359 917 1487 971; x_wconf 86' lang='grc' dir='ltr'>Θεόν</span> <span class='ocrx_word' id='word_1_77' title='bbox 1532 924 1633 986; x_wconf 81' lang='grc' dir='ltr'>τῆς</span> <span class='ocrx_word' id='word_1_78' title='bbox 1681 918 1963 986; x_wconf 79' lang='grc' dir='ltr'>σωζούσης</span> 
     </span>
    </p>
   </div>
   <div class='ocr_carea' id='block_1_11' title="bbox 2075 913 3722 992">
    <p class='ocr_par' dir='ltr' id='par_1_11' title="bbox 2075 918 3722 992">
     <span class='ocr_line' id='line_1_11' title="bbox 2075 918 3722 992; baseline -0.001 -19"><span class='ocrx_word' id='word_1_79' title='bbox 2075 920 2352 974; x_wconf 79' lang='lat' dir='ltr'><strong>fratribus</strong></span> <span class='ocrx_word' id='word_1_80' title='bbox 2382 927 2440 975; x_wconf 86' lang='lat' dir='ltr'><strong>et</strong></span> <span class='ocrx_word' id='word_1_81' title='bbox 2472 921 2756 992; x_wconf 77' lang='lat' dir='ltr'><strong>cognatis,</strong></span> <span class='ocrx_word' id='word_1_82' title='bbox 2792 920 2889 991; x_wconf 88' lang='lat' dir='ltr'><strong>qui</strong></span> <span class='ocrx_word' id='word_1_83' title='bbox 2924 937 3021 990; x_wconf 90' lang='lat' dir='ltr'><strong>per</strong></span> <span class='ocrx_word' id='word_1_84' title='bbox 3082 919 3265 973; x_wconf 88' lang='lat' dir='ltr'><strong>Deum</strong></span> <span class='ocrx_word' id='word_1_85' title='bbox 3320 924 3521 973; x_wconf 82' lang='lat' dir='ltr'><strong>auctor</strong></span> <span class='ocrx_word' id='word_1_86' title='bbox 3580 918 3722 973; x_wconf 89' lang='lat' dir='ltr'><strong>mihi</strong></span> 
     </span>
    </p>
   </div>
   <div class='ocr_carea' id='block_1_12' title="bbox 292 1001 1963 1082">
    <p class='ocr_par' dir='ltr' id='par_1_12' title="bbox 292 1001 1961 1082">
     <span class='ocr_line' id='line_1_12' title="bbox 292 1001 1961 1082; baseline -0.001 -23"><span class='ocrx_word' id='word_1_87' title='bbox 292 1004 589 1075; x_wconf 75' lang='grc' dir='ltr'>ἀληθείας,</span> <span class='ocrx_word' id='word_1_88' title='bbox 627 1005 739 1059; x_wconf 84' lang='grc' dir='ltr'>ἀντί</span> <span class='ocrx_word' id='word_1_89' title='bbox 768 1005 982 1059; x_wconf 76' lang='grc' dir='ltr'>πάντων</span> <span class='ocrx_word' id='word_1_90' title='bbox 1016 1001 1158 1081; x_wconf 83' lang='grc' dir='ltr'>ἔχων</span> <span class='ocrx_word' id='word_1_91' title='bbox 1192 1027 1248 1060; x_wconf 90' lang='grc' dir='ltr'><strong>σε</strong></span> <span class='ocrx_word' id='word_1_92' title='bbox 1278 1006 1622 1082; x_wconf 71' lang='grc' dir='ltr'><strong>παραμυθίας</strong></span> <span class='ocrx_word' id='word_1_93' title='bbox 1672 1014 1774 1075; x_wconf 79' lang='grc' dir='ltr'><strong>τῆς</strong></span> <span class='ocrx_word' id='word_1_94' title='bbox 1809 1006 1961 1081; x_wconf 88' lang='grc' dir='ltr'>μεγί-</span> 
     </span>
    </p>
   </div>
   <div class='ocr_carea' id='block_1_13' title="bbox 2075 1001 3720 1082">
    <p class='ocr_par' dir='ltr' id='par_1_13' title="bbox 2076 1007 3720 1077">
     <span class='ocr_line' id='line_1_13' title="bbox 2076 1007 3720 1077; baseline 0 -15"><span class='ocrx_word' id='word_1_95' title='bbox 2076 1009 2235 1063; x_wconf 72' lang='lat' dir='ltr'><strong>fuisti</strong></span> <span class='ocrx_word' id='word_1_96' title='bbox 2276 1011 2657 1077; x_wconf 68' lang='lat' dir='ltr'><strong>agnoscendis</strong></span> <span class='ocrx_word' id='word_1_97' title='bbox 2709 1009 3039 1064; x_wconf 86' lang='lat' dir='ltr'><strong>servatricis</strong></span> <span class='ocrx_word' id='word_1_98' title='bbox 3083 1007 3363 1070; x_wconf 78' lang='lat' dir='ltr'><strong>veritatis,</strong></span> <span class='ocrx_word' id='word_1_99' title='bbox 3418 1008 3472 1060; x_wconf 92' lang='lat' dir='ltr'><strong>in</strong></span> <span class='ocrx_word' id='word_1_100' title='bbox 3529 1007 3720 1062; x_wconf 87' lang='lat' dir='ltr'><strong>locum</strong></span> 
     </span>
    </p>
   </div>
   <div class='ocr_carea' id='block_1_14' title="bbox 287 1093 1963 1170">
    <p class='ocr_par' dir='ltr' id='par_1_14' title="bbox 287 1093 1961 1170">
     <span class='ocr_line' id='line_1_14' title="bbox 287 1093 1961 1170; baseline 0 -21"><span class='ocrx_word' id='word_1_101' title='bbox 287 1115 424 1164; x_wconf 78' lang='grc' dir='ltr'>στης</span> <span class='ocrx_word' id='word_1_102' title='bbox 453 1094 902 1170; x_wconf 72' lang='grc' dir='ltr'>τυγχάνω.Πρὸς</span> <span class='ocrx_word' id='word_1_103' title='bbox 923 1095 1161 1165; x_wconf 69' lang='grc' dir='ltr'>τούτοις,</span> <span class='ocrx_word' id='word_1_104' title='bbox 1181 1093 1371 1157; x_wconf 84' lang='grc' dir='ltr'>δεδιώς</span> <span class='ocrx_word' id='word_1_105' title='bbox 1408 1116 1511 1169; x_wconf 86' lang='grc' dir='ltr'><strong>μου</strong></span> <span class='ocrx_word' id='word_1_106' title='bbox 1543 1095 1629 1149; x_wconf 80' lang='grc' dir='ltr'><strong>καὶ</strong></span> <span class='ocrx_word' id='word_1_107' title='bbox 1660 1102 1759 1164; x_wconf 78' lang='grc' dir='ltr'>τῆς</span> <span class='ocrx_word' id='word_1_108' title='bbox 1782 1096 1961 1167; x_wconf 74' lang='grc' dir='ltr'>ἀκμῆς</span> 
     </span>
    </p>
   </div>
   <div class='ocr_carea' id='block_1_15' title="bbox 2075 1093 3720 1170">
    <p class='ocr_par' dir='ltr' id='par_1_15' title="bbox 2075 1095 3720 1153">
     <span class='ocr_line' id='line_1_15' title="bbox 2075 1095 3720 1153; baseline 0.001 -2"><span class='ocrx_word' id='word_1_109' title='bbox 2075 1098 2337 1152; x_wconf 90' lang='lat' dir='ltr'><strong>omnium</strong></span> <span class='ocrx_word' id='word_1_110' title='bbox 2390 1098 2610 1153; x_wconf 83' lang='lat' dir='ltr'><strong>habens</strong></span> <span class='ocrx_word' id='word_1_111' title='bbox 2668 1104 2721 1153; x_wconf 88' lang='lat' dir='ltr'><strong>te</strong></span> <span class='ocrx_word' id='word_1_112' title='bbox 2783 1098 3035 1152; x_wconf 83' lang='lat' dir='ltr'><strong>maxima</strong></span> <span class='ocrx_word' id='word_1_113' title='bbox 3092 1097 3248 1151; x_wconf 85' lang='lat' dir='ltr'><strong>fruor</strong></span> <span class='ocrx_word' id='word_1_114' title='bbox 3307 1095 3720 1152; x_wconf 82' lang='lat' dir='ltr'><strong>consolatione.</strong></span> 
     </span>
    </p>
   </div>
   <div class='ocr_carea' id='block_1_16' title="bbox 287 1181 1963 1260">
    <p class='ocr_par' dir='ltr' id='par_1_16' title="bbox 287 1181 1962 1260">
     <span class='ocr_line' id='line_1_16' title="bbox 287 1181 1962 1260; baseline 0.002 -27"><span class='ocrx_word' id='word_1_115' title='bbox 287 1184 392 1251; x_wconf 65' lang='grc' dir='ltr'>τὴν</span> <span class='ocrx_word' id='word_1_116' title='bbox 428 1182 492 1237; x_wconf 75' lang='grc' dir='ltr'>ἐκ</span> <span class='ocrx_word' id='word_1_117' title='bbox 522 1181 735 1260; x_wconf 66' lang='grc' dir='ltr'>φύσεως</span> <span class='ocrx_word' id='word_1_118' title='bbox 787 1182 1397 1259; x_wconf 74' lang='grc' dir='ltr'>έπιθυμίαν,ἠγωνίων,</span> <span class='ocrx_word' id='word_1_119' title='bbox 1444 1185 1519 1256; x_wconf 72' lang='grc' dir='ltr'>μή</span> <span class='ocrx_word' id='word_1_120' title='bbox 1572 1205 1688 1245; x_wconf 90' lang='grc' dir='ltr'><strong>πως</strong></span> <span class='ocrx_word' id='word_1_121' title='bbox 1739 1183 1962 1238; x_wconf 88' lang='grc' dir='ltr'>ἀπολει-</span> 
     </span>
    </p>
   </div>
   <div class='ocr_carea' id='block_1_17' title="bbox 2075 1181 3721 1260">
    <p class='ocr_par' dir='ltr' id='par_1_17' title="bbox 2075 1184 3721 1257">
     <span class='ocr_line' id='line_1_17' title="bbox 2075 1184 3721 1257; baseline -0.001 -16"><span class='ocrx_word' id='word_1_122' title='bbox 2075 1192 2356 1243; x_wconf 68' lang='lat' dir='ltr'><strong>Prmterea</strong></span> <span class='ocrx_word' id='word_1_123' title='bbox 2386 1189 2602 1243; x_wconf 89' lang='lat' dir='ltr'><strong>veritus</strong></span> <span class='ocrx_word' id='word_1_124' title='bbox 2628 1188 2954 1257; x_wconf 85' lang='lat' dir='ltr'><strong>juventutis</strong></span> <span class='ocrx_word' id='word_1_125' title='bbox 2978 1204 3117 1241; x_wconf 69' lang='lat' dir='ltr'><strong>meae</strong></span> <span class='ocrx_word' id='word_1_126' title='bbox 3148 1184 3473 1240; x_wconf 87' lang='lat' dir='ltr'><strong>naturalem</strong></span> <span class='ocrx_word' id='word_1_127' title='bbox 3507 1202 3721 1240; x_wconf 86' lang='lat' dir='ltr'><strong>concu-</strong></span> 
     </span>
    </p>
   </div>
   <div class='ocr_carea' id='block_1_18' title="bbox 2075 1274 3720 1348">
    <p class='ocr_par' dir='ltr' id='par_1_18' title="bbox 2075 1274 3720 1348">
     <span class='ocr_line' id='line_1_18' title="bbox 2075 1274 3720 1348; baseline -0.001 -17"><span class='ocrx_word' id='word_1_128' title='bbox 2075 1278 2418 1348; x_wconf 89' lang='lat' dir='ltr'><strong>piscentiam</strong></span> <span class='ocrx_word' id='word_1_129' title='bbox 2453 1279 2659 1333; x_wconf 82' lang='lat' dir='ltr'><strong>anxius</strong></span> <span class='ocrx_word' id='word_1_130' title='bbox 2688 1294 2869 1347; x_wconf 90' lang='lat' dir='ltr'><strong>eram,</strong></span> <span class='ocrx_word' id='word_1_131' title='bbox 2904 1294 2975 1331; x_wconf 90' lang='lat' dir='ltr'><strong>ne</strong></span> <span class='ocrx_word' id='word_1_132' title='bbox 3033 1276 3198 1341; x_wconf 88' lang='lat' dir='ltr'><strong>forte,</strong></span> <span class='ocrx_word' id='word_1_133' title='bbox 3250 1274 3350 1346; x_wconf 90' lang='lat' dir='ltr'><strong>qui</strong></span> <span class='ocrx_word' id='word_1_134' title='bbox 3402 1274 3577 1329; x_wconf 91' lang='lat' dir='ltr'><strong>homo</strong></span> <span class='ocrx_word' id='word_1_135' title='bbox 3619 1276 3720 1345; x_wconf 86' lang='lat' dir='ltr'><strong>ju-</strong></span> 
     </span>
    </p>
   </div>
   <div class='ocr_carea' id='block_1_19' title="bbox 2073 1364 3719 1437">
    <p class='ocr_par' dir='ltr' id='par_1_19' title="bbox 2073 1364 3719 1437">
     <span class='ocr_line' id='line_1_19' title="bbox 2073 1364 3719 1437; baseline -0.001 -16"><span class='ocrx_word' id='word_1_136' title='bbox 2073 1367 2234 1421; x_wconf 84' lang='lat' dir='ltr'><strong>venis</strong></span> <span class='ocrx_word' id='word_1_137' title='bbox 2265 1383 2419 1433; x_wconf 83' lang='lat' dir='ltr'><strong>sum,</strong></span> <span class='ocrx_word' id='word_1_138' title='bbox 2454 1367 2786 1437; x_wconf 87' lang='lat' dir='ltr'><strong>disjunctus</strong></span> <span class='ocrx_word' id='word_1_139' title='bbox 2819 1383 2850 1421; x_wconf 89' lang='lat' dir='ltr'><strong>a</strong></span> <span class='ocrx_word' id='word_1_140' title='bbox 2881 1370 2936 1420; x_wconf 92' lang='lat' dir='ltr'><strong>te</strong></span> <span class='ocrx_word' id='word_1_141' title='bbox 2970 1365 3091 1435; x_wconf 92' lang='lat' dir='ltr'><strong>(qui</strong></span> <span class='ocrx_word' id='word_1_142' title='bbox 3124 1381 3279 1419; x_wconf 90' lang='lat' dir='ltr'><strong>nunc</strong></span> <span class='ocrx_word' id='word_1_143' title='bbox 3323 1364 3406 1418; x_wconf 92' lang='lat' dir='ltr'><strong>ita</strong></span> <span class='ocrx_word' id='word_1_144' title='bbox 3453 1380 3719 1419; x_wconf 84' lang='lat' dir='ltr'><strong>animum</strong></span> 
     </span>
    </p>
   </div>
   <div class='ocr_carea' id='block_1_20' title="bbox 2074 1452 3723 1527">
    <p class='ocr_par' dir='ltr' id='par_1_20' title="bbox 2074 1452 3723 1527">
     <span class='ocr_line' id='line_1_20' title="bbox 2074 1452 3723 1527; baseline -0.001 -17"><span class='ocrx_word' id='word_1_145' title='bbox 2074 1455 2298 1521; x_wconf 85' lang='lat' dir='ltr'><strong>induxi,</strong></span> <span class='ocrx_word' id='word_1_146' title='bbox 2334 1461 2397 1510; x_wconf 91' lang='lat' dir='ltr'><strong>ut</strong></span> <span class='ocrx_word' id='word_1_147' title='bbox 2428 1456 2648 1527; x_wconf 86' lang='lat' dir='ltr'><strong>absque</strong></span> <span class='ocrx_word' id='word_1_148' title='bbox 2679 1455 2876 1510; x_wconf 90' lang='lat' dir='ltr'><strong>divina</strong></span> <span class='ocrx_word' id='word_1_149' title='bbox 2906 1454 3159 1525; x_wconf 89' lang='lat' dir='ltr'><strong>quadam</strong></span> <span class='ocrx_word' id='word_1_150' title='bbox 3190 1453 3276 1508; x_wconf 91' lang='lat' dir='ltr'><strong>ira</strong></span> <span class='ocrx_word' id='word_1_151' title='bbox 3305 1470 3419 1507; x_wconf 89' lang='lat' dir='ltr'><strong>non</strong></span> <span class='ocrx_word' id='word_1_152' title='bbox 3449 1452 3670 1525; x_wconf 90' lang='lat' dir='ltr'><strong>possim</strong></span> <span class='ocrx_word' id='word_1_153' title='bbox 3690 1470 3723 1509; x_wconf 88' lang='lat' dir='ltr'><strong>a</strong></span> 
     </span>
    </p>
   </div>
   <div class='ocr_carea' id='block_1_21' title="bbox 288 1269 1965 1349">
    <p class='ocr_par' dir='ltr' id='par_1_21' title="bbox 288 1269 1965 1349">
     <span class='ocr_line' id='line_1_21' title="bbox 288 1269 1965 1349; baseline 0.001 -24"><span class='ocrx_word' id='word_1_154' title='bbox 288 1270 444 1349; x_wconf 61' lang='grc' dir='ltr'>ᾳθείς</span> <span class='ocrx_word' id='word_1_155' title='bbox 478 1292 604 1342; x_wconf 84' lang='grc' dir='ltr'>σου,</span> <span class='ocrx_word' id='word_1_156' title='bbox 639 1273 924 1348; x_wconf 74' lang='grc' dir='ltr'>ἄνθρωπος</span> <span class='ocrx_word' id='word_1_157' title='bbox 954 1269 1026 1326; x_wconf 79' lang='grc' dir='ltr'>ὣν</span> <span class='ocrx_word' id='word_1_158' title='bbox 1062 1273 1347 1346; x_wconf 87' lang='grc' dir='ltr'>νεώτερος,</span> <span class='ocrx_word' id='word_1_159' title='bbox 1381 1271 1545 1348; x_wconf 73' lang='grc' dir='ltr'>ὅσπερ</span> <span class='ocrx_word' id='word_1_160' title='bbox 1578 1276 1622 1308; x_wconf 81' lang='grc'>³⁷</span> <span class='ocrx_word' id='word_1_161' title='bbox 1651 1277 1742 1325; x_wconf 92' lang='grc' dir='ltr'><strong>νῦν</strong></span> <span class='ocrx_word' id='word_1_162' title='bbox 1794 1272 1965 1335; x_wconf 74' lang='grc' dir='ltr'>οὕτως</span> 
     </span>
    </p>
   </div>
   <div class='ocr_carea' id='block_1_22' title="bbox 288 1357 1964 1436">
    <p class='ocr_par' dir='ltr' id='par_1_22' title="bbox 288 1357 1964 1436">
     <span class='ocr_line' id='line_1_22' title="bbox 288 1357 1964 1436; baseline -0.001 -19"><span class='ocrx_word' id='word_1_163' title='bbox 288 1360 599 1422; x_wconf 72' lang='grc' dir='ltr'>ὶνστάσεως</span> <span class='ocrx_word' id='word_1_164' title='bbox 632 1357 769 1436; x_wconf 80' lang='grc' dir='ltr'>ἔχω,</span> <span class='ocrx_word' id='word_1_165' title='bbox 804 1360 879 1422; x_wconf 83' lang='grc' dir='ltr'><strong>ὡς</strong></span> <span class='ocrx_word' id='word_1_166' title='bbox 912 1361 970 1414; x_wconf 74' lang='grc' dir='ltr'>ἂν</span> <span class='ocrx_word' id='word_1_167' title='bbox 1004 1362 1077 1434; x_wconf 77' lang='grc' dir='ltr'>μὴ</span> <span class='ocrx_word' id='word_1_168' title='bbox 1112 1362 1248 1415; x_wconf 85' lang='grc' dir='ltr'>κατά</span> <span class='ocrx_word' id='word_1_169' title='bbox 1276 1382 1397 1416; x_wconf 88' lang='grc' dir='ltr'>τινα</span> <span class='ocrx_word' id='word_1_170' title='bbox 1427 1361 1598 1436; x_wconf 72' lang='grc' dir='ltr'>χόλον</span> <span class='ocrx_word' id='word_1_171' title='bbox 1652 1366 1785 1416; x_wconf 88' lang='grc' dir='ltr'>Θεοῦ</span> <span class='ocrx_word' id='word_1_172' title='bbox 1832 1361 1964 1416; x_wconf 87' lang='grc' dir='ltr'>ἀπο-</span> 
     </span>
    </p>
   </div>
   <div class='ocr_carea' id='block_1_23' title="bbox 288 1447 1965 1524">
    <p class='ocr_par' dir='ltr' id='par_1_23' title="bbox 288 1447 1965 1524">
     <span class='ocr_line' id='line_1_23' title="bbox 288 1447 1965 1524; baseline 0 -21"><span class='ocrx_word' id='word_1_173' title='bbox 288 1449 483 1519; x_wconf 75' lang='grc' dir='ltr'>στῆναί</span> <span class='ocrx_word' id='word_1_174' title='bbox 533 1470 632 1504; x_wconf 90' lang='grc' dir='ltr'><strong>σου</strong></span> <span class='ocrx_word' id='word_1_175' title='bbox 670 1447 933 1504; x_wconf 71' lang='grc' dir='ltr'>ἀδύνατον</span> <span class='ocrx_word' id='word_1_176' title='bbox 980 1449 1111 1504; x_wconf 74' lang='grc' dir='ltr'>ε’ίναι</span> <span class='ocrx_word' id='word_1_177' title='bbox 1142 1453 1207 1523; x_wconf 82' lang='grc'><strong>³⁸,</strong></span> <span class='ocrx_word' id='word_1_178' title='bbox 1234 1449 1413 1519; x_wconf 76' lang='grc' dir='ltr'>ἥττων</span> <span class='ocrx_word' id='word_1_179' title='bbox 1471 1453 1624 1510; x_wconf 69' lang='grc'><strong>258</strong></span> <span class='ocrx_word' id='word_1_180' title='bbox 1677 1450 1965 1524; x_wconf 70' lang='grc' dir='ltr'><strong>ἐπιθυμίας</strong></span> 
     </span>
    </p>
   </div>
   <div class='ocr_carea' id='block_1_24' title="bbox 294 1536 1959 1619">
    <p class='ocr_par' dir='ltr' id='par_1_24' title="bbox 294 1536 1959 1619">
     <span class='ocr_line' id='line_1_24' title="bbox 294 1536 1959 1619; baseline 0 -25"><span class='ocrx_word' id='word_1_181' title='bbox 294 1536 512 1611; x_wconf 72' lang='grc' dir='ltr'>ἔσομαι.</span> <span class='ocrx_word' id='word_1_182' title='bbox 551 1536 715 1595; x_wconf 81' lang='grc' dir='ltr'>Ἀλλ’</span> <span class='ocrx_word' id='word_1_183' title='bbox 750 1536 937 1608; x_wconf 80' lang='grc' dir='ltr'>ἐπειδή</span> <span class='ocrx_word' id='word_1_184' title='bbox 972 1537 1171 1610; x_wconf 87' lang='grc' dir='ltr'>πολλῷ</span> <span class='ocrx_word' id='word_1_185' title='bbox 1202 1540 1423 1613; x_wconf 85' lang='grc' dir='ltr'>ἄμεινον</span> <span class='ocrx_word' id='word_1_186' title='bbox 1442 1542 1531 1594; x_wconf 82' lang='grc' dir='ltr'>καὶ</span> <span class='ocrx_word' id='word_1_187' title='bbox 1564 1539 1959 1619; x_wconf 81' lang='grc' dir='ltr'>ἀσφαλέστερον</span> 
     </span>
    </p>
   </div>
   <div class='ocr_carea' id='block_1_25' title="bbox 295 1626 1961 1704">
    <p class='ocr_par' dir='ltr' id='par_1_25' title="bbox 295 1626 1961 1704">
     <span class='ocr_line' id='line_1_25' title="bbox 295 1626 1961 1704; baseline 0.001 -22"><span class='ocrx_word' id='word_1_188' title='bbox 295 1627 535 1683; x_wconf 79' lang='grc' dir='ltr'>συνεῖναί</span> <span class='ocrx_word' id='word_1_189' title='bbox 560 1630 630 1701; x_wconf 80' lang='grc' dir='ltr'><strong>μέ</strong></span> <span class='ocrx_word' id='word_1_190' title='bbox 652 1629 975 1701; x_wconf 81' lang='grc' dir='ltr'>σοι,τούτῳ,</span> <span class='ocrx_word' id='word_1_191' title='bbox 994 1629 1039 1699; x_wconf 82' lang='grc' dir='ltr'>ᾧ</span> <span class='ocrx_word' id='word_1_192' title='bbox 1054 1628 1138 1682; x_wconf 79' lang='grc' dir='ltr'><strong>³⁹ὁ</strong></span> <span class='ocrx_word' id='word_1_193' title='bbox 1160 1633 1285 1690; x_wconf 89' lang='grc' dir='ltr'>νοῦς</span> <span class='ocrx_word' id='word_1_194' title='bbox 1307 1650 1411 1701; x_wconf 89' lang='grc' dir='ltr'><strong>μου</strong></span> <span class='ocrx_word' id='word_1_195' title='bbox 1433 1626 1699 1693; x_wconf 84' lang='grc' dir='ltr'>αἰδεῖσθαι</span> <span class='ocrx_word' id='word_1_196' title='bbox 1717 1628 1961 1704; x_wconf 76' lang='grc' dir='ltr'>εὐλόγως</span> 
     </span>
    </p>
   </div>
   <div class='ocr_carea' id='block_1_26' title="bbox 295 1714 1960 1794">
    <p class='ocr_par' dir='ltr' id='par_1_26' title="bbox 295 1714 1960 1794">
     <span class='ocr_line' id='line_1_26' title="bbox 295 1714 1960 1794; baseline 0.001 -23"><span class='ocrx_word' id='word_1_197' title='bbox 295 1716 661 1792; x_wconf 68' lang='grc' dir='ltr'>προείληφεν,</span> <span class='ocrx_word' id='word_1_198' title='bbox 696 1714 779 1772; x_wconf 86' lang='grc' dir='ltr'>διὸ</span> <span class='ocrx_word' id='word_1_199' title='bbox 808 1716 983 1787; x_wconf 84' lang='grc' dir='ltr'>πάντη</span> <span class='ocrx_word' id='word_1_200' title='bbox 1016 1738 1099 1770; x_wconf 87' lang='grc' dir='ltr'><strong>σοι</strong></span> <span class='ocrx_word' id='word_1_201' title='bbox 1140 1720 1185 1753; x_wconf 82' lang='grc' dir='ltr'><strong>³ο</strong></span> <span class='ocrx_word' id='word_1_202' title='bbox 1236 1723 1469 1772; x_wconf 87' lang='grc' dir='ltr'>συνεῖναι</span> <span class='ocrx_word' id='word_1_203' title='bbox 1526 1715 1784 1794; x_wconf 72' lang='grc' dir='ltr'>εὔχομαι.</span> <span class='ocrx_word' id='word_1_204' title='bbox 1818 1720 1960 1793; x_wconf 87' lang='grc' dir='ltr'>Πρὸς</span> 
     </span>
    </p>
   </div>
   <div class='ocr_carea' id='block_1_27' title="bbox 287 1804 1962 1882">
    <p class='ocr_par' dir='ltr' id='par_1_27' title="bbox 287 1804 1962 1882">
     <span class='ocr_line' id='line_1_27' title="bbox 287 1804 1962 1882; baseline 0.001 -22"><span class='ocrx_word' id='word_1_205' title='bbox 287 1805 513 1867; x_wconf 64' lang='grc' dir='ltr'>τούτοις</span> <span class='ocrx_word' id='word_1_206' title='bbox 548 1804 609 1861; x_wconf 71' lang='grc' dir='ltr'>δὲ</span> <span class='ocrx_word' id='word_1_207' title='bbox 644 1805 930 1879; x_wconf 86' lang='grc' dir='ltr'>μέμνημαί</span> <span class='ocrx_word' id='word_1_208' title='bbox 959 1827 1059 1860; x_wconf 90' lang='grc' dir='ltr'><strong>σου</strong></span> <span class='ocrx_word' id='word_1_209' title='bbox 1082 1805 1133 1859; x_wconf 85' lang='grc' dir='ltr'>ἐν</span> <span class='ocrx_word' id='word_1_210' title='bbox 1168 1806 1458 1882; x_wconf 76' lang='grc' dir='ltr'><strong>Καισαρείᾳ</strong></span> <span class='ocrx_word' id='word_1_211' title='bbox 1490 1807 1760 1870; x_wconf 81' lang='grc' dir='ltr'>εἰπόντος’</span> <span class='ocrx_word' id='word_1_212' title='bbox 1788 1805 1856 1862; x_wconf 72' lang='lat' dir='ltr'><strong>Ei’</strong></span> <span class='ocrx_word' id='word_1_213' title='bbox 1880 1829 1962 1870; x_wconf 88' lang='grc' dir='ltr'><strong>τις</strong></span> 
     </span>
    </p>
   </div>
   <div class='ocr_carea' id='block_1_28' title="bbox 285 1891 2043 2003">
    <p class='ocr_par' dir='ltr' id='par_1_28' title="bbox 285 1891 2043 2003">
     <span class='ocr_line' id='line_1_28' title="bbox 285 1891 2043 2003; baseline 0.001 -55"><span class='ocrx_word' id='word_1_214' title='bbox 285 1892 559 1969; x_wconf 68' lang='grc' dir='ltr'>βοῦλεταί</span> <span class='ocrx_word' id='word_1_215' title='bbox 592 1915 686 1967; x_wconf 89' lang='grc' dir='ltr'><strong>μοι</strong></span> <span class='ocrx_word' id='word_1_216' title='bbox 720 1892 1054 1964; x_wconf 75' lang='grc' dir='ltr'>συνοδεῦσαι,</span> <span class='ocrx_word' id='word_1_217' title='bbox 1107 1891 1341 1957; x_wconf 73' lang='grc' dir='ltr'>εὐσεϐῶς</span> <span class='ocrx_word' id='word_1_218' title='bbox 1386 1893 1716 1951; x_wconf 81' lang='grc' dir='ltr'>συνοδευέτω</span> <span class='ocrx_word' id='word_1_219' title='bbox 1755 1899 1822 1952; x_wconf 77' lang='grc' dir='ltr'><strong>δί.</strong></span> <span class='ocrx_word' id='word_1_220' title='bbox 1858 1896 1961 1950; x_wconf 80' lang='grc' dir='ltr'><strong>Εὐ-</strong></span> <span class='ocrx_word' id='word_1_221' title='bbox 1995 1938 2043 2003; x_wconf 82' lang='grc' dir='ltr'><strong>Β</strong></span> 
     </span>
     <span class='ocr_line' id='line_1_29' title="bbox 354 1978 1853 2003; baseline 0.004 -6"><span class='ocrx_word' id='word_1_222' title='bbox 354 1978 426 2003; x_wconf 76' lang='grc' dir='ltr'>ρ-</span> <span class='ocrx_word' id='word_1_223' title='bbox 510 1981 555 2001; x_wconf 57' lang='grc' dir='ltr'><strong>κς</strong></span> <span class='ocrx_word' id='word_1_224' title='bbox 599 1982 623 1999; x_wconf 75' lang='grc' dir='ltr'><strong>ν</strong></span> <span class='ocrx_word' id='word_1_225' title='bbox 826 1984 838 1999; x_wconf 65' lang='grc' dir='ltr'><strong>ε</strong></span> <span class='ocrx_word' id='word_1_226' title='bbox 968 1981 1014 2003; x_wconf 67' lang='lat' dir='ltr'><strong>tu</strong></span> <span class='ocrx_word' id='word_1_227' title='bbox 1120 1982 1139 2003; x_wconf 56' lang='grc' dir='ltr'><strong><em>κ</em></strong></span> <span class='ocrx_word' id='word_1_228' title='bbox 1262 1990 1283 2000; x_wconf 65' lang='grc' dir='ltr'><strong>υ</strong></span> <span class='ocrx_word' id='word_1_229' title='bbox 1452 1986 1464 2003; x_wconf 65' lang='grc' dir='ltr'><strong>ι</strong></span> <span class='ocrx_word' id='word_1_230' title='bbox 1508 1992 1538 2003; x_wconf 64' lang='grc' dir='ltr'><strong>Α</strong></span> <span class='ocrx_word' id='word_1_231' title='bbox 1578 1986 1591 2003; x_wconf 59' lang='grc' dir='ltr'><strong>κ</strong></span> <span class='ocrx_word' id='word_1_232' title='bbox 1714 1987 1733 2003; x_wconf 64' lang='grc' dir='ltr'><strong>ν</strong></span> <span class='ocrx_word' id='word_1_233' title='bbox 1839 1985 1853 2003; x_wconf 74' lang='lat'><strong>9</strong></span> 
     </span>
    </p>
   </div>
   <div class='ocr_carea' id='block_1_29' title="bbox 290 1978 1961 2061">
    <p class='ocr_par' dir='ltr' id='par_1_29' title="bbox 290 1978 1961 2061">
     <span class='ocr_line' id='line_1_30' title="bbox 290 1978 1961 2061; baseline 0.001 -23"><span class='ocrx_word' id='word_1_234' title='bbox 290 1978 471 2044; x_wconf 79' lang='grc' dir='ltr'>σεϐῶς</span> <span class='ocrx_word' id='word_1_235' title='bbox 506 1981 566 2038; x_wconf 79' lang='grc' dir='ltr'>δὶ</span> <span class='ocrx_word' id='word_1_236' title='bbox 596 1982 754 2061; x_wconf 72' lang='grc' dir='ltr'>ἔφης,</span> <span class='ocrx_word' id='word_1_237' title='bbox 786 1984 849 2038; x_wconf 86' lang='grc' dir='ltr'>τὸ</span> <span class='ocrx_word' id='word_1_238' title='bbox 879 1981 1089 2056; x_wconf 83' lang='grc' dir='ltr'>μηδένα</span> <span class='ocrx_word' id='word_1_239' title='bbox 1120 1982 1308 2039; x_wconf 83' lang='grc' dir='ltr'>λυπεῖν</span> <span class='ocrx_word' id='word_1_240' title='bbox 1338 1986 1473 2039; x_wconf 81' lang='grc' dir='ltr'>κατὰ</span> <span class='ocrx_word' id='word_1_241' title='bbox 1503 1986 1649 2057; x_wconf 84' lang='grc' dir='ltr'>Θεὸν,</span> <span class='ocrx_word' id='word_1_242' title='bbox 1685 1987 1795 2039; x_wconf 80' lang='grc' dir='ltr'>οἷον</span> <span class='ocrx_word' id='word_1_243' title='bbox 1829 1985 1961 2040; x_wconf 84' lang='grc' dir='ltr'>ἀπο-</span> 
     </span>
    </p>
   </div>
   <div class='ocr_carea' id='block_1_30' title="bbox 291 2068 1965 2151">
    <p class='ocr_par' dir='ltr' id='par_1_30' title="bbox 291 2068 1965 2151">
     <span class='ocr_line' id='line_1_31' title="bbox 291 2068 1965 2151; baseline 0.001 -23"><span class='ocrx_word' id='word_1_244' title='bbox 291 2068 539 2128; x_wconf 75' lang='grc' dir='ltr'>λιπόντα</span> <span class='ocrx_word' id='word_1_245' title='bbox 570 2076 618 2109; x_wconf 85' lang='grc'><strong>³³</strong></span> <span class='ocrx_word' id='word_1_246' title='bbox 650 2078 849 2147; x_wconf 83' lang='grc' dir='ltr'>γονεῖς,</span> <span class='ocrx_word' id='word_1_247' title='bbox 880 2079 1106 2150; x_wconf 77' lang='grc' dir='ltr'>γυναῖκα</span> <span class='ocrx_word' id='word_1_248' title='bbox 1137 2073 1437 2151; x_wconf 66' lang='grc' dir='ltr'>ὁμόφρονα.</span> <span class='ocrx_word' id='word_1_249' title='bbox 1469 2076 1503 2143; x_wconf 71' lang='grc' dir='ltr'><strong>ἢ</strong></span> <span class='ocrx_word' id='word_1_250' title='bbox 1550 2073 1768 2150; x_wconf 70' lang='grc' dir='ltr'>ἑτέρους</span> <span class='ocrx_word' id='word_1_251' title='bbox 1814 2075 1965 2137; x_wconf 78' lang='grc' dir='ltr'>τινὰς</span> 
     </span>
    </p>
   </div>
   <div class='ocr_carea' id='block_1_31' title="bbox 289 2156 1965 2239">
    <p class='ocr_par' dir='ltr' id='par_1_31' title="bbox 289 2156 1965 2239">
     <span class='ocr_line' id='line_1_32' title="bbox 289 2156 1965 2239; baseline 0.002 -24"><span class='ocrx_word' id='word_1_252' title='bbox 289 2166 362 2235; x_wconf 71' lang='grc' dir='ltr'>τῇ</span> <span class='ocrx_word' id='word_1_253' title='bbox 416 2156 701 2233; x_wconf 73' lang='grc' dir='ltr'>θεοσεϐείᾳ</span> <span class='ocrx_word' id='word_1_254' title='bbox 756 2161 1205 2237; x_wconf 73' lang='grc' dir='ltr'>προσκειμένους.</span> <span class='ocrx_word' id='word_1_255' title='bbox 1240 2166 1397 2227; x_wconf 84' lang='grc' dir='ltr'>’Όθεν</span> <span class='ocrx_word' id='word_1_256' title='bbox 1450 2163 1560 2239; x_wconf 81' lang='grc' dir='ltr'>ἐγὼ</span> <span class='ocrx_word' id='word_1_257' title='bbox 1616 2163 1752 2218; x_wconf 85' lang='grc' dir='ltr'><strong>κατὰ</strong></span> <span class='ocrx_word' id='word_1_258' title='bbox 1794 2163 1965 2218; x_wconf 86' lang='grc' dir='ltr'>πάντα</span> 
     </span>
    </p>
   </div>
   <div class='ocr_carea' id='block_1_32' title="bbox 287 2248 1963 2326">
    <p class='ocr_par' dir='ltr' id='par_1_32' title="bbox 287 2248 1963 2326">
     <span class='ocr_line' id='line_1_33' title="bbox 287 2248 1963 2326; baseline 0 -19"><span class='ocrx_word' id='word_1_259' title='bbox 287 2248 615 2321; x_wconf 65' lang='grc' dir='ltr'>ἐπιτήδειός</span> <span class='ocrx_word' id='word_1_260' title='bbox 664 2250 780 2325; x_wconf 81' lang='grc' dir='ltr'>εἰμί</span> <span class='ocrx_word' id='word_1_261' title='bbox 830 2272 913 2306; x_wconf 90' lang='grc' dir='ltr'><strong>σοι</strong></span> <span class='ocrx_word' id='word_1_262' title='bbox 964 2251 1376 2326; x_wconf 78' lang='grc' dir='ltr'>συνοδοιπόρος,</span> <span class='ocrx_word' id='word_1_263' title='bbox 1427 2254 1472 2325; x_wconf 82' lang='grc' dir='ltr'>ᾧ</span> <span class='ocrx_word' id='word_1_264' title='bbox 1522 2252 1566 2307; x_wconf 86' lang='grc' dir='ltr'>εἰ</span> <span class='ocrx_word' id='word_1_265' title='bbox 1615 2254 1702 2307; x_wconf 82' lang='grc' dir='ltr'>καὶ</span> <span class='ocrx_word' id='word_1_266' title='bbox 1745 2253 1813 2307; x_wconf 78' lang='grc' dir='ltr'>τὰ</span> <span class='ocrx_word' id='word_1_267' title='bbox 1871 2251 1963 2325; x_wconf 86' lang='grc' dir='ltr'>μέ·-</span> 
     </span>
    </p>
   </div>
   <div class='ocr_carea' id='block_1_33' title="bbox 293 2337 1963 2418">
    <p class='ocr_par' dir='ltr' id='par_1_33' title="bbox 293 2337 1963 2418">
     <span class='ocr_line' id='line_1_34' title="bbox 293 2337 1963 2418; baseline 0.001 -24"><span class='ocrx_word' id='word_1_268' title='bbox 293 2362 461 2416; x_wconf 77' lang='grc' dir='ltr'>γιστα</span> <span class='ocrx_word' id='word_1_269' title='bbox 493 2340 715 2417; x_wconf 76' lang='grc' dir='ltr'>χαρίζῃ,</span> <span class='ocrx_word' id='word_1_270' title='bbox 748 2342 845 2403; x_wconf 79' lang='grc' dir='ltr'>τὰς</span> <span class='ocrx_word' id='word_1_271' title='bbox 896 2337 1108 2396; x_wconf 80' lang='grc' dir='ltr'>δούλων</span> <span class='ocrx_word' id='word_1_272' title='bbox 1164 2362 1257 2414; x_wconf 93' lang='grc' dir='ltr'><strong>μοι</strong></span> <span class='ocrx_word' id='word_1_273' title='bbox 1309 2341 1605 2417; x_wconf 82' lang='grc' dir='ltr'>ὑπηρεσίας</span> <span class='ocrx_word' id='word_1_274' title='bbox 1655 2347 1963 2418; x_wconf 84' lang='grc' dir='ltr'>συγχωρεῖς</span> 
     </span>
    </p>
   </div>
   <div class='ocr_carea' id='block_1_34' title="bbox 291 2451 501 2486">
    <p class='ocr_par' dir='ltr' id='par_1_34' title="bbox 291 2451 501 2486">
     <span class='ocr_line' id='line_1_35' title="bbox 291 2451 501 2486; baseline 0.005 -1"><span class='ocrx_word' id='word_1_275' title='bbox 291 2452 367 2485; x_wconf 85' lang='grc' dir='ltr'><strong>πο</strong></span> <span class='ocrx_word' id='word_1_276' title='bbox 376 2451 421 2485; x_wconf 84' lang='grc' dir='ltr'><strong>ιε</strong></span> <span class='ocrx_word' id='word_1_277' title='bbox 431 2453 501 2486; x_wconf 82' lang='grc' dir='ltr'>ιν.</span> 
     </span>
    </p>
   </div>
   <div class='ocr_carea' id='block_1_35' title="bbox 369 2516 1965 2598">
    <p class='ocr_par' dir='ltr' id='par_1_35' title="bbox 369 2516 1965 2598">
     <span class='ocr_line' id='line_1_36' title="bbox 369 2516 1965 2598; baseline 0.001 -26"><span class='ocrx_word' id='word_1_278' title='bbox 369 2520 469 2575; x_wconf 80' lang='lat' dir='ltr'><strong>Vl.</strong></span> <span class='ocrx_word' id='word_1_279' title='bbox 510 2519 616 2575; x_wconf 77' lang='grc' dir='ltr'>Καὶ</span> <span class='ocrx_word' id='word_1_280' title='bbox 648 2520 676 2573; x_wconf 84' lang='grc' dir='ltr'>ὁ</span> <span class='ocrx_word' id='word_1_281' title='bbox 710 2519 933 2594; x_wconf 83' lang='grc' dir='ltr'>Πέτρος,</span> <span class='ocrx_word' id='word_1_282' title='bbox 966 2517 1221 2583; x_wconf 68' lang='grc' dir='ltr'>ἀκούσας,</span> <span class='ocrx_word' id='word_1_283' title='bbox 1265 2516 1565 2593; x_wconf 78' lang='grc' dir='ltr'>γελοιάζων</span> <span class='ocrx_word' id='word_1_284' title='bbox 1617 2517 1739 2598; x_wconf 71' lang='grc' dir='ltr'><strong>ἔφη’</strong></span> <span class='ocrx_word' id='word_1_285' title='bbox 1772 2518 1831 2573; x_wconf 87' lang='grc' dir='ltr'>Τί</span> <span class='ocrx_word' id='word_1_286' title='bbox 1876 2518 1965 2574; x_wconf 78' lang='grc' dir='ltr'><strong>οῦν</strong></span> 
     </span>
    </p>
   </div>
   <div class='ocr_carea' id='block_1_36' title="bbox 303 2604 1962 2682">
    <p class='ocr_par' dir='ltr' id='par_1_36' title="bbox 303 2604 1962 2682">
     <span class='ocr_line' id='line_1_37' title="bbox 303 2604 1962 2682; baseline 0 -20"><span class='ocrx_word' id='word_1_287' title='bbox 303 2604 432 2673; x_wconf 73' lang='grc' dir='ltr'>οἷέι,</span> <span class='ocrx_word' id='word_1_288' title='bbox 469 2605 738 2679; x_wconf 71' lang='grc' dir='ltr'>Κλήμης,</span> <span class='ocrx_word' id='word_1_289' title='bbox 772 2608 848 2680; x_wconf 86' lang='grc' dir='ltr'>μὴ</span> <span class='ocrx_word' id='word_1_290' title='bbox 888 2608 974 2661; x_wconf 79' lang='grc' dir='ltr'><strong>ὑπ’</strong></span> <span class='ocrx_word' id='word_1_291' title='bbox 1023 2608 1191 2678; x_wconf 79' lang='grc' dir='ltr'>αὐτῆς</span> <span class='ocrx_word' id='word_1_292' title='bbox 1243 2608 1479 2682; x_wconf 79' lang='grc' dir='ltr'>ἀνάγκης</span> <span class='ocrx_word' id='word_1_293' title='bbox 1518 2630 1576 2663; x_wconf 91' lang='grc' dir='ltr'><strong>σε</strong></span> <span class='ocrx_word' id='word_1_294' title='bbox 1623 2608 1697 2670; x_wconf 84' lang='grc' dir='ltr'><strong>εἷς</strong></span> <span class='ocrx_word' id='word_1_295' title='bbox 1750 2606 1962 2664; x_wconf 69' lang='grc' dir='ltr'>δούλων</span> 
     </span>
    </p>
   </div>
   <div class='ocr_carea' id='block_1_37' title="bbox 312 2694 1965 2769">
    <p class='ocr_par' dir='ltr' id='par_1_37' title="bbox 312 2694 1965 2769">
     <span class='ocr_line' id='line_1_38' title="bbox 312 2694 1965 2769; baseline 0.001 -20"><span class='ocrx_word' id='word_1_296' title='bbox 312 2716 405 2768; x_wconf 73' lang='grc' dir='ltr'><strong>μοι</strong></span> <span class='ocrx_word' id='word_1_297' title='bbox 432 2703 673 2769; x_wconf 79' lang='grc' dir='ltr'>ταγῆναι</span> <span class='ocrx_word' id='word_1_298' title='bbox 703 2696 911 2765; x_wconf 86' lang='grc' dir='ltr'>τόπον;</span> <span class='ocrx_word' id='word_1_299' title='bbox 945 2697 1093 2752; x_wconf 84' lang='grc' dir='ltr'>Ἐπεὶ</span> <span class='ocrx_word' id='word_1_300' title='bbox 1122 2697 1206 2759; x_wconf 90' lang='grc' dir='ltr'><strong>τίς</strong></span> <span class='ocrx_word' id='word_1_301' title='bbox 1254 2698 1349 2759; x_wconf 70' lang='grc' dir='ltr'>τὰς</span> <span class='ocrx_word' id='word_1_302' title='bbox 1397 2696 1568 2758; x_wconf 71' lang='grc' dir='ltr'>καλὰς</span> <span class='ocrx_word' id='word_1_303' title='bbox 1612 2696 1702 2751; x_wconf 80' lang='grc' dir='ltr'><strong>καὶ</strong></span> <span class='ocrx_word' id='word_1_304' title='bbox 1752 2694 1965 2758; x_wconf 80' lang='grc' dir='ltr'>πολλὰς</span> 
     </span>
    </p>
   </div>
   <div class='ocr_carea' id='block_1_38' title="bbox 304 2783 1967 2859">
    <p class='ocr_par' dir='ltr' id='par_1_38' title="bbox 304 2783 1967 2859">
     <span class='ocr_line' id='line_1_39' title="bbox 304 2783 1967 2859; baseline 0 -19"><span class='ocrx_word' id='word_1_305' title='bbox 304 2783 555 2847; x_wconf 74' lang='grc' dir='ltr'>σινδόνας</span> <span class='ocrx_word' id='word_1_306' title='bbox 591 2786 726 2857; x_wconf 83' lang='grc' dir='ltr'><strong>μετά</strong></span> <span class='ocrx_word' id='word_1_307' title='bbox 753 2789 861 2839; x_wconf 81' lang='grc' dir='ltr'><strong>τῶν</strong></span> <span class='ocrx_word' id='word_1_308' title='bbox 897 2784 1175 2859; x_wconf 79' lang='grc' dir='ltr'>ἒπομένων</span> <span class='ocrx_word' id='word_1_309' title='bbox 1214 2807 1305 2858; x_wconf 83' lang='grc' dir='ltr'><strong>μοι</strong></span> <span class='ocrx_word' id='word_1_310' title='bbox 1359 2784 1657 2841; x_wconf 78' lang='grc' dir='ltr'>δακτυλίων</span> <span class='ocrx_word' id='word_1_311' title='bbox 1707 2786 1795 2841; x_wconf 79' lang='grc' dir='ltr'><strong>καὶ</strong></span> <span class='ocrx_word' id='word_1_312' title='bbox 1839 2786 1967 2841; x_wconf 83' lang='grc' dir='ltr'>ὑπο-</span> 
     </span>
    </p>
   </div>
   <div class='ocr_carea' id='block_1_39' title="bbox 298 2872 1960 2949">
    <p class='ocr_par' dir='ltr' id='par_1_39' title="bbox 298 2872 1960 2949">
     <span class='ocr_line' id='line_1_40' title="bbox 298 2872 1960 2949; baseline 0 -20"><span class='ocrx_word' id='word_1_313' title='bbox 298 2872 521 2944; x_wconf 65' lang='grc' dir='ltr'>δήσεων</span> <span class='ocrx_word' id='word_1_314' title='bbox 556 2872 778 2949; x_wconf 71' lang='grc' dir='ltr'>φυλάξει</span> <span class='ocrx_word' id='word_1_315' title='bbox 804 2894 819 2943; x_wconf 88' lang='grc'><strong>;</strong></span> <span class='ocrx_word' id='word_1_316' title='bbox 849 2875 940 2936; x_wconf 87' lang='grc' dir='ltr'><strong>Τίς</strong></span> <span class='ocrx_word' id='word_1_317' title='bbox 982 2872 1038 2929; x_wconf 76' lang='grc' dir='ltr'>δὲ</span> <span class='ocrx_word' id='word_1_318' title='bbox 1080 2875 1169 2930; x_wconf 82' lang='grc' dir='ltr'><strong>καὶ</strong></span> <span class='ocrx_word' id='word_1_319' title='bbox 1222 2876 1290 2930; x_wconf 78' lang='grc' dir='ltr'>τὰ</span> <span class='ocrx_word' id='word_1_320' title='bbox 1345 2873 1479 2945; x_wconf 76' lang='grc' dir='ltr'>ἡδέα</span> <span class='ocrx_word' id='word_1_321' title='bbox 1534 2876 1623 2930; x_wconf 82' lang='grc' dir='ltr'>καὶ</span> <span class='ocrx_word' id='word_1_322' title='bbox 1680 2874 1960 2945; x_wconf 82' lang='grc' dir='ltr'>πολυτελῆ</span> 
     </span>
    </p>
   </div>
   <div class='ocr_carea' id='block_1_40' title="bbox 294 2960 1963 3039">
    <p class='ocr_par' dir='ltr' id='par_1_40' title="bbox 294 2960 1963 3039">
     <span class='ocr_line' id='line_1_41' title="bbox 294 2960 1963 3039; baseline 0.001 -21"><span class='ocrx_word' id='word_1_323' title='bbox 294 2960 411 3037; x_wconf 69' lang='grc' dir='ltr'><strong>ὄψα</strong></span> <span class='ocrx_word' id='word_1_324' title='bbox 444 2967 494 3000; x_wconf 78' lang='grc'><strong>³³</strong></span> <span class='ocrx_word' id='word_1_325' title='bbox 525 2963 934 3039; x_wconf 80' lang='grc' dir='ltr'>προετοιμάσει,</span> <span class='ocrx_word' id='word_1_326' title='bbox 966 2964 1140 3033; x_wconf 75' lang='grc' dir='ltr'>ἅτινα,</span> <span class='ocrx_word' id='word_1_327' title='bbox 1173 2963 1399 3019; x_wconf 84' lang='grc' dir='ltr'>ποικίλα</span> <span class='ocrx_word' id='word_1_328' title='bbox 1429 2961 1577 3036; x_wconf 77' lang='grc' dir='ltr'>ὅντα,</span> <span class='ocrx_word' id='word_1_329' title='bbox 1611 2963 1841 3019; x_wconf 80' lang='grc' dir='ltr'>πολλῶν</span> <span class='ocrx_word' id='word_1_330' title='bbox 1875 2965 1963 3019; x_wconf 80' lang='grc' dir='ltr'>καὶ</span> 
     </span>
    </p>
   </div>
   <div class='ocr_carea' id='block_1_41' title="bbox 291 3050 1965 3128">
    <p class='ocr_par' dir='ltr' id='par_1_41' title="bbox 291 3050 1965 3128">
     <span class='ocr_line' id='line_1_42' title="bbox 291 3050 1965 3128; baseline 0.001 -21"><span class='ocrx_word' id='word_1_331' title='bbox 291 3057 567 3128; x_wconf 76' lang='grc' dir='ltr'>τεχνιτῶν</span> <span class='ocrx_word' id='word_1_332' title='bbox 620 3055 666 3088; x_wconf 64' lang='grc'><strong>³⁸</strong></span> <span class='ocrx_word' id='word_1_333' title='bbox 713 3050 886 3107; x_wconf 84' lang='grc' dir='ltr'>δεῖται</span> <span class='ocrx_word' id='word_1_334' title='bbox 937 3053 1231 3128; x_wconf 82' lang='grc' dir='ltr'>μαγείρων,</span> <span class='ocrx_word' id='word_1_335' title='bbox 1281 3054 1370 3107; x_wconf 80' lang='grc' dir='ltr'><strong>καὶ</strong></span> <span class='ocrx_word' id='word_1_336' title='bbox 1420 3054 1593 3108; x_wconf 78' lang='grc' dir='ltr'>πάντα</span> <span class='ocrx_word' id='word_1_337' title='bbox 1649 3053 1825 3108; x_wconf 81' lang='grc' dir='ltr'>ἐκεῖνα</span> <span class='ocrx_word' id='word_1_338' title='bbox 1866 3053 1965 3108; x_wconf 78' lang='grc' dir='ltr'><strong>ὅσα</strong></span> 
     </span>
    </p>
   </div>
   <div class='ocr_carea' id='block_1_42' title="bbox 294 3140 1962 3218">
    <p class='ocr_par' dir='ltr' id='par_1_42' title="bbox 294 3140 1962 3218">
     <span class='ocr_line' id='line_1_43' title="bbox 294 3140 1962 3218; baseline 0.001 -22"><span class='ocrx_word' id='word_1_339' title='bbox 294 3140 803 3214; x_wconf 72' lang='grc' dir='ltr'>ἓκτεθηλυμμένων</span> <span class='ocrx_word' id='word_1_340' title='bbox 838 3144 886 3178; x_wconf 67' lang='grc'>³⁵</span> <span class='ocrx_word' id='word_1_341' title='bbox 919 3142 1219 3218; x_wconf 81' lang='grc' dir='ltr'>ἀνθρώπων</span> <span class='ocrx_word' id='word_1_342' title='bbox 1280 3142 1354 3204; x_wconf 88' lang='grc' dir='ltr'><strong>ὡς</strong></span> <span class='ocrx_word' id='word_1_343' title='bbox 1398 3143 1572 3215; x_wconf 86' lang='grc' dir='ltr'>θηρίῳ</span> <span class='ocrx_word' id='word_1_344' title='bbox 1624 3141 1851 3218; x_wconf 83' lang='grc' dir='ltr'>μεγάλῳ</span> <span class='ocrx_word' id='word_1_345' title='bbox 1893 3147 1962 3218; x_wconf 76' lang='grc' dir='ltr'>τῇ</span> 
     </span>
    </p>
   </div>
   <div class='ocr_carea' id='block_1_43' title="bbox 294 3229 1962 3307">
    <p class='ocr_par' dir='ltr' id='par_1_43' title="bbox 294 3229 1962 3307">
     <span class='ocr_line' id='line_1_44' title="bbox 294 3229 1962 3307; baseline 0.001 -22"><span class='ocrx_word' id='word_1_346' title='bbox 294 3229 568 3302; x_wconf 63' lang='grc' dir='ltr'>ἐπιθυμίᾳ</span> <span class='ocrx_word' id='word_1_347' title='bbox 617 3229 675 3285; x_wconf 71' lang='grc' dir='ltr'><strong>ὲκ</strong></span> <span class='ocrx_word' id='word_1_348' title='bbox 722 3229 900 3300; x_wconf 82' lang='grc' dir='ltr'>πάσης</span> <span class='ocrx_word' id='word_1_349' title='bbox 948 3230 1265 3302; x_wconf 78' lang='grc' dir='ltr'>πλεονεξίας</span> <span class='ocrx_word' id='word_1_350' title='bbox 1314 3231 1636 3307; x_wconf 71' lang='grc' dir='ltr'>πορισθέντα</span> <span class='ocrx_word' id='word_1_351' title='bbox 1684 3231 1962 3305; x_wconf 74' lang='grc' dir='ltr'>ἑτοιμάζε-</span> 
     </span>
    </p>
   </div>
   <div class='ocr_carea' id='block_1_44' title="bbox 2073 1541 3721 1616">
    <p class='ocr_par' dir='ltr' id='par_1_44' title="bbox 2073 1541 3721 1616">
     <span class='ocr_line' id='line_1_45' title="bbox 2073 1541 3721 1616; baseline -0.002 -16"><span class='ocrx_word' id='word_1_352' title='bbox 2073 1550 2131 1600; x_wconf 89' lang='lat' dir='ltr'><strong>te</strong></span> <span class='ocrx_word' id='word_1_353' title='bbox 2160 1544 2398 1616; x_wconf 84' lang='lat' dir='ltr'><strong>divelli),</strong></span> <span class='ocrx_word' id='word_1_354' title='bbox 2434 1562 2469 1599; x_wconf 90' lang='lat' dir='ltr'><strong>a</strong></span> <span class='ocrx_word' id='word_1_355' title='bbox 2496 1544 2819 1616; x_wconf 86' lang='lat' dir='ltr'><strong>cupiditate</strong></span> <span class='ocrx_word' id='word_1_356' title='bbox 2864 1543 3143 1598; x_wconf 92' lang='lat' dir='ltr'><strong>vincerer.</strong></span> <span class='ocrx_word' id='word_1_357' title='bbox 3191 1543 3299 1598; x_wconf 89' lang='lat' dir='ltr'><strong>Sed</strong></span> <span class='ocrx_word' id='word_1_358' title='bbox 3361 1542 3498 1613; x_wconf 91' lang='lat' dir='ltr'><strong>quia</strong></span> <span class='ocrx_word' id='word_1_359' title='bbox 3538 1541 3721 1597; x_wconf 87' lang='lat' dir='ltr'><strong>multo</strong></span> 
     </span>
    </p>
   </div>
   <div class='ocr_carea' id='block_1_45' title="bbox 2075 1631 3718 1704">
    <p class='ocr_par' dir='ltr' id='par_1_45' title="bbox 2075 1631 3718 1704">
     <span class='ocr_line' id='line_1_46' title="bbox 2075 1631 3718 1704; baseline -0.002 -15"><span class='ocrx_word' id='word_1_360' title='bbox 2075 1633 2285 1689; x_wconf 87' lang='lat' dir='ltr'><strong>melius</strong></span> <span class='ocrx_word' id='word_1_361' title='bbox 2314 1651 2379 1689; x_wconf 91' lang='lat' dir='ltr'><strong>ac</strong></span> <span class='ocrx_word' id='word_1_362' title='bbox 2407 1633 2597 1688; x_wconf 87' lang='lat' dir='ltr'><strong>tutius</strong></span> <span class='ocrx_word' id='word_1_363' title='bbox 2626 1638 2735 1698; x_wconf 91' lang='lat' dir='ltr'><strong>est,</strong></span> <span class='ocrx_word' id='word_1_364' title='bbox 2770 1649 2861 1687; x_wconf 91' lang='lat' dir='ltr'><strong>me</strong></span> <span class='ocrx_word' id='word_1_365' title='bbox 2881 1648 3118 1687; x_wconf 89' lang='lat' dir='ltr'><strong>manere</strong></span> <span class='ocrx_word' id='word_1_366' title='bbox 3135 1632 3295 1704; x_wconf 89' lang='lat' dir='ltr'><strong>upud</strong></span> <span class='ocrx_word' id='word_1_367' title='bbox 3321 1636 3395 1697; x_wconf 90' lang='lat' dir='ltr'><strong>te,</strong></span> <span class='ocrx_word' id='word_1_368' title='bbox 3420 1631 3718 1686; x_wconf 83' lang='lat' dir='ltr'><strong>hominem</strong></span> 
     </span>
    </p>
   </div>
   <div class='ocr_carea' id='block_1_46' title="bbox 2073 1720 3719 1794">
    <p class='ocr_par' dir='ltr' id='par_1_46' title="bbox 2073 1720 3719 1794">
     <span class='ocr_line' id='line_1_47' title="bbox 2073 1720 3719 1794; baseline -0.001 -17"><span class='ocrx_word' id='word_1_369' title='bbox 2073 1739 2244 1794; x_wconf 88' lang='lat' dir='ltr'><strong>quem</strong></span> <span class='ocrx_word' id='word_1_370' title='bbox 2278 1722 2512 1778; x_wconf 89' lang='lat' dir='ltr'><strong>animus</strong></span> <span class='ocrx_word' id='word_1_371' title='bbox 2570 1737 2738 1777; x_wconf 90' lang='lat' dir='ltr'><strong>meus</strong></span> <span class='ocrx_word' id='word_1_372' title='bbox 2783 1722 2989 1776; x_wconf 88' lang='lat' dir='ltr'><strong>merito</strong></span> <span class='ocrx_word' id='word_1_373' title='bbox 3049 1720 3292 1775; x_wconf 89' lang='lat' dir='ltr'><strong>revereri</strong></span> <span class='ocrx_word' id='word_1_374' title='bbox 3323 1720 3598 1787; x_wconf 88' lang='lat' dir='ltr'><strong>instituit,</strong></span> <span class='ocrx_word' id='word_1_375' title='bbox 3632 1720 3719 1775; x_wconf 84' lang='lat' dir='ltr'><strong>id-</strong></span> 
     </span>
    </p>
   </div>
   <div class='ocr_carea' id='block_1_47' title="bbox 2072 1809 3719 1881">
    <p class='ocr_par' dir='ltr' id='par_1_47' title="bbox 2072 1809 3719 1881">
     <span class='ocr_line' id='line_1_48' title="bbox 2072 1809 3719 1881; baseline -0.002 -14"><span class='ocrx_word' id='word_1_376' title='bbox 2072 1814 2224 1868; x_wconf 90' lang='lat' dir='ltr'><strong>circo</strong></span> <span class='ocrx_word' id='word_1_377' title='bbox 2255 1812 2492 1868; x_wconf 89' lang='lat' dir='ltr'><strong>omnino</strong></span> <span class='ocrx_word' id='word_1_378' title='bbox 2524 1815 2715 1867; x_wconf 88' lang='lat' dir='ltr'><strong>tecum</strong></span> <span class='ocrx_word' id='word_1_379' title='bbox 2763 1827 2889 1865; x_wconf 91' lang='lat' dir='ltr'><strong>esse</strong></span> <span class='ocrx_word' id='word_1_380' title='bbox 2945 1813 3101 1881; x_wconf 90' lang='lat' dir='ltr'><strong>opto.</strong></span> <span class='ocrx_word' id='word_1_381' title='bbox 3160 1810 3244 1864; x_wconf 93' lang='lat' dir='ltr'><strong>Ad</strong></span> <span class='ocrx_word' id='word_1_382' title='bbox 3303 1809 3425 1863; x_wconf 69' lang='lat' dir='ltr'><strong>haec</strong></span> <span class='ocrx_word' id='word_1_383' title='bbox 3478 1809 3719 1864; x_wconf 91' lang='lat' dir='ltr'><strong>memini</strong></span> 
     </span>
    </p>
   </div>
   <div class='ocr_carea' id='block_1_48' title="bbox 2073 1897 3719 1973">
    <p class='ocr_par' dir='ltr' id='par_1_48' title="bbox 2073 1897 3719 1973">
     <span class='ocr_line' id='line_1_49' title="bbox 2073 1897 3719 1973; baseline -0.003 -16"><span class='ocrx_word' id='word_1_384' title='bbox 2073 1906 2125 1957; x_wconf 88' lang='lat' dir='ltr'><strong>te</strong></span> <span class='ocrx_word' id='word_1_385' title='bbox 2154 1902 2307 1973; x_wconf 91' lang='lat' dir='ltr'><strong>apud</strong></span> <span class='ocrx_word' id='word_1_386' title='bbox 2342 1902 2659 1957; x_wconf 69' lang='lat' dir='ltr'><strong>Caesaream</strong></span> <span class='ocrx_word' id='word_1_387' title='bbox 2696 1900 2949 1955; x_wconf 86' lang='lat' dir='ltr'><strong>dixisse:</strong></span> <span class='ocrx_word' id='word_1_388' title='bbox 2982 1900 3054 1954; x_wconf 92' lang='lat' dir='ltr'><strong>Se</strong></span> <span class='ocrx_word' id='word_1_389' title='bbox 3084 1898 3217 1970; x_wconf 88' lang='lat' dir='ltr'><strong>quis</strong></span> <span class='ocrx_word' id='word_1_390' title='bbox 3247 1897 3363 1952; x_wconf 90' lang='lat' dir='ltr'><strong>vuli</strong></span> <span class='ocrx_word' id='word_1_391' title='bbox 3397 1914 3488 1952; x_wconf 91' lang='lat' dir='ltr'><strong>me</strong></span> <span class='ocrx_word' id='word_1_392' title='bbox 3540 1900 3719 1952; x_wconf 85' lang='lat' dir='ltr'><strong>comi-</strong></span> 
     </span>
    </p>
   </div>
   <div class='ocr_carea' id='block_1_49' title="bbox 2077 1987 3718 2062">
    <p class='ocr_par' dir='ltr' id='par_1_49' title="bbox 2077 1987 3718 2062">
     <span class='ocr_line' id='line_1_50' title="bbox 2077 1987 3718 2062; baseline -0.004 -15"><span class='ocrx_word' id='word_1_393' title='bbox 2077 1991 2206 2060; x_wconf 88' lang='lat' dir='ltr'><strong>tari,</strong></span> <span class='ocrx_word' id='word_1_394' title='bbox 2241 1990 2332 2062; x_wconf 90' lang='lat' dir='ltr'><strong>pie</strong></span> <span class='ocrx_word' id='word_1_395' title='bbox 2363 1991 2691 2045; x_wconf 83' lang='lat' dir='ltr'><strong>comitetur.</strong></span> <span class='ocrx_word' id='word_1_396' title='bbox 2729 1989 2825 2043; x_wconf 90' lang='lat' dir='ltr'><strong>Pie</strong></span> <span class='ocrx_word' id='word_1_397' title='bbox 2854 1992 3045 2043; x_wconf 87' lang='lat' dir='ltr'><strong>autem</strong></span> <span class='ocrx_word' id='word_1_398' title='bbox 3108 1988 3362 2051; x_wconf 88' lang='lat' dir='ltr'><strong>dicebas,</strong></span> <span class='ocrx_word' id='word_1_399' title='bbox 3426 1987 3718 2042; x_wconf 89' lang='lat' dir='ltr'><strong>neminem</strong></span> 
     </span>
    </p>
   </div>
   <div class='ocr_carea' id='block_1_50' title="bbox 2076 2075 3721 2148">
    <p class='ocr_par' dir='ltr' id='par_1_50' title="bbox 2076 2075 3721 2148">
     <span class='ocr_line' id='line_1_51' title="bbox 2076 2075 3721 2148; baseline -0.003 -12"><span class='ocrx_word' id='word_1_400' title='bbox 2076 2080 2318 2136; x_wconf 83' lang='lat' dir='ltr'><strong>tristitia</strong></span> <span class='ocrx_word' id='word_1_401' title='bbox 2348 2080 2671 2135; x_wconf 90' lang='lat' dir='ltr'><strong>secundum</strong></span> <span class='ocrx_word' id='word_1_402' title='bbox 2695 2079 2876 2133; x_wconf 91' lang='lat' dir='ltr'><strong>Deum</strong></span> <span class='ocrx_word' id='word_1_403' title='bbox 2896 2078 3145 2143; x_wconf 85' lang='lat' dir='ltr'><strong>afﬁcere,</strong></span> <span class='ocrx_word' id='word_1_404' title='bbox 3167 2076 3327 2132; x_wconf 91' lang='lat' dir='ltr'><strong>velut</strong></span> <span class='ocrx_word' id='word_1_405' title='bbox 3341 2075 3721 2148; x_wconf 87' lang='lat' dir='ltr'><strong>relinquendo</strong></span> 
     </span>
    </p>
   </div>
   <div class='ocr_carea' id='block_1_51' title="bbox 2078 2164 3720 2242">
    <p class='ocr_par' dir='ltr' id='par_1_51' title="bbox 2078 2164 3720 2242">
     <span class='ocr_line' id='line_1_52' title="bbox 2078 2164 3720 2242; baseline -0.004 -17"><span class='ocrx_word' id='word_1_406' title='bbox 2078 2174 2367 2242; x_wconf 90' lang='lat' dir='ltr'><strong>parentes,</strong></span> <span class='ocrx_word' id='word_1_407' title='bbox 2403 2185 2639 2223; x_wconf 83' lang='lat' dir='ltr'><strong>uxorem</strong></span> <span class='ocrx_word' id='word_1_408' title='bbox 2672 2166 3038 2233; x_wconf 86' lang='lat' dir='ltr'><strong>unanimem,</strong></span> <span class='ocrx_word' id='word_1_409' title='bbox 3069 2171 3169 2221; x_wconf 90' lang='lat' dir='ltr'><strong>aut</strong></span> <span class='ocrx_word' id='word_1_410' title='bbox 3196 2165 3341 2221; x_wconf 88' lang='lat' dir='ltr'><strong>alios</strong></span> <span class='ocrx_word' id='word_1_411' title='bbox 3386 2182 3528 2220; x_wconf 62' lang='lat' dir='ltr'><strong>verae</strong></span> <span class='ocrx_word' id='word_1_412' title='bbox 3582 2164 3720 2220; x_wconf 91' lang='lat' dir='ltr'><strong>reli-</strong></span> 
     </span>
    </p>
   </div>
   <div class='ocr_carea' id='block_1_52' title="bbox 2074 2255 3723 2332">
    <p class='ocr_par' dir='ltr' id='par_1_52' title="bbox 2074 2255 3723 2332">
     <span class='ocr_line' id='line_1_53' title="bbox 2074 2255 3723 2332; baseline -0.003 -19"><span class='ocrx_word' id='word_1_413' title='bbox 2074 2258 2232 2332; x_wconf 88' lang='lat' dir='ltr'><strong>gioni</strong></span> <span class='ocrx_word' id='word_1_414' title='bbox 2265 2258 2548 2313; x_wconf 88' lang='lat' dir='ltr'><strong>addictos.</strong></span> <span class='ocrx_word' id='word_1_415' title='bbox 2586 2256 2748 2312; x_wconf 90' lang='lat' dir='ltr'><strong>Unde</strong></span> <span class='ocrx_word' id='word_1_416' title='bbox 2777 2273 2882 2328; x_wconf 88' lang='lat' dir='ltr'><strong>ego</strong></span> <span class='ocrx_word' id='word_1_417' title='bbox 2909 2272 3150 2326; x_wconf 89' lang='lat' dir='ltr'><strong>prorsus</strong></span> <span class='ocrx_word' id='word_1_418' title='bbox 3206 2255 3311 2309; x_wconf 89' lang='lat' dir='ltr'><strong>tibi</strong></span> <span class='ocrx_word' id='word_1_419' title='bbox 3369 2271 3500 2310; x_wconf 90' lang='lat' dir='ltr'><strong>sum</strong></span> <span class='ocrx_word' id='word_1_420' title='bbox 3550 2259 3723 2325; x_wconf 89' lang='lat' dir='ltr'><strong>aptus</strong></span> 
     </span>
    </p>
   </div>
   <div class='ocr_carea' id='block_1_53' title="bbox 2074 2343 3720 2417">
    <p class='ocr_par' dir='ltr' id='par_1_53' title="bbox 2074 2343 3720 2417">
     <span class='ocr_line' id='line_1_54' title="bbox 2074 2343 3720 2417; baseline -0.002 -15"><span class='ocrx_word' id='word_1_421' title='bbox 2074 2348 2301 2403; x_wconf 87' lang='lat' dir='ltr'><strong>itineris</strong></span> <span class='ocrx_word' id='word_1_422' title='bbox 2330 2364 2544 2415; x_wconf 91' lang='lat' dir='ltr'><strong>comes,</strong></span> <span class='ocrx_word' id='word_1_423' title='bbox 2578 2364 2611 2400; x_wconf 89' lang='lat' dir='ltr'><strong>a</strong></span> <span class='ocrx_word' id='word_1_424' title='bbox 2642 2363 2757 2417; x_wconf 93' lang='lat' dir='ltr'><strong>quo</strong></span> <span class='ocrx_word' id='word_1_425' title='bbox 2791 2345 2838 2400; x_wconf 86' lang='lat' dir='ltr'><strong>si</strong></span> <span class='ocrx_word' id='word_1_426' title='bbox 2874 2344 3187 2399; x_wconf 85' lang='lat' dir='ltr'><strong>maximam</strong></span> <span class='ocrx_word' id='word_1_427' title='bbox 3216 2343 3360 2399; x_wconf 86' lang='lat' dir='ltr'><strong>velis</strong></span> <span class='ocrx_word' id='word_1_428' title='bbox 3397 2343 3543 2398; x_wconf 90' lang='lat' dir='ltr'><strong>inire</strong></span> <span class='ocrx_word' id='word_1_429' title='bbox 3589 2360 3720 2415; x_wconf 89' lang='lat' dir='ltr'><strong>gra-</strong></span> 
     </span>
    </p>
   </div>
   <div class='ocr_carea' id='block_1_54' title="bbox 2074 2433 3648 2504">
    <p class='ocr_par' dir='ltr' id='par_1_54' title="bbox 2074 2433 3648 2504">
     <span class='ocr_line' id='line_1_55' title="bbox 2074 2433 3648 2504; baseline -0.004 -12"><span class='ocrx_word' id='word_1_430' title='bbox 2074 2438 2238 2504; x_wconf 90' lang='lat' dir='ltr'><strong>tiam,</strong></span> <span class='ocrx_word' id='word_1_431' title='bbox 2274 2436 2600 2491; x_wconf 89' lang='lat' dir='ltr'><strong>ministeria</strong></span> <span class='ocrx_word' id='word_1_432' title='bbox 2628 2450 2925 2490; x_wconf 90' lang='lat' dir='ltr'><strong>servorum</strong></span> <span class='ocrx_word' id='word_1_433' title='bbox 2960 2433 3119 2488; x_wconf 90' lang='lat' dir='ltr'><strong>obire</strong></span> <span class='ocrx_word' id='word_1_434' title='bbox 3160 2433 3301 2487; x_wconf 91' lang='lat' dir='ltr'><strong>mihi</strong></span> <span class='ocrx_word' id='word_1_435' title='bbox 3348 2433 3648 2488; x_wconf 88' lang='lat' dir='ltr'><strong>concedes.</strong></span> 
     </span>
    </p>
   </div>
   <div class='ocr_carea' id='block_1_55' title="bbox 2147 2522 3721 2592">
    <p class='ocr_par' dir='ltr' id='par_1_55' title="bbox 2147 2522 3721 2592">
     <span class='ocr_line' id='line_1_56' title="bbox 2147 2522 3721 2592; baseline -0.001 -15"><span class='ocrx_word' id='word_1_436' title='bbox 2147 2526 2237 2581; x_wconf 91' lang='lat' dir='ltr'><strong>VI.</strong></span> <span class='ocrx_word' id='word_1_437' title='bbox 2274 2527 2388 2580; x_wconf 89' lang='lat' dir='ltr'><strong>Hoc</strong></span> <span class='ocrx_word' id='word_1_438' title='bbox 2420 2525 2637 2591; x_wconf 90' lang='lat' dir='ltr'><strong>audito,</strong></span> <span class='ocrx_word' id='word_1_439' title='bbox 2670 2528 2876 2579; x_wconf 86' lang='lat' dir='ltr'><strong>Petrus</strong></span> <span class='ocrx_word' id='word_1_440' title='bbox 2908 2522 3221 2578; x_wconf 88' lang='lat' dir='ltr'><strong>subridens</strong></span> <span class='ocrx_word' id='word_1_441' title='bbox 3252 2522 3365 2577; x_wconf 86' lang='lat' dir='ltr'><strong>ait:</strong></span> <span class='ocrx_word' id='word_1_442' title='bbox 3397 2522 3543 2587; x_wconf 92' lang='lat' dir='ltr'><strong>Quid</strong></span> <span class='ocrx_word' id='word_1_443' title='bbox 3585 2537 3721 2592; x_wconf 87' lang='lat' dir='ltr'><strong>ergo</strong></span> 
     </span>
    </p>
   </div>
   <div class='ocr_carea' id='block_1_56' title="bbox 2076 2609 3721 2687">
    <p class='ocr_par' dir='ltr' id='par_1_56' title="bbox 2076 2609 3721 2687">
     <span class='ocr_line' id='line_1_57' title="bbox 2076 2609 3721 2687; baseline -0.004 -17"><span class='ocrx_word' id='word_1_444' title='bbox 2076 2620 2268 2687; x_wconf 86' lang='lat' dir='ltr'><strong>putas,</strong></span> <span class='ocrx_word' id='word_1_445' title='bbox 2301 2613 2585 2684; x_wconf 81' lang='lat' dir='ltr'><strong>Clemens,</strong></span> <span class='ocrx_word' id='word_1_446' title='bbox 2617 2613 2771 2685; x_wconf 91' lang='lat' dir='ltr'><strong>quod</strong></span> <span class='ocrx_word' id='word_1_447' title='bbox 2806 2630 2920 2667; x_wconf 87' lang='lat' dir='ltr'><strong>non</strong></span> <span class='ocrx_word' id='word_1_448' title='bbox 2953 2614 3082 2685; x_wconf 89' lang='lat' dir='ltr'><strong>ipsa</strong></span> <span class='ocrx_word' id='word_1_449' title='bbox 3138 2610 3483 2667; x_wconf 83' lang='lat' dir='ltr'><strong>necessitate</strong></span> <span class='ocrx_word' id='word_1_450' title='bbox 3540 2615 3604 2664; x_wconf 88' lang='lat' dir='ltr'><strong>tu</strong></span> <span class='ocrx_word' id='word_1_451' title='bbox 3659 2609 3721 2665; x_wconf 92' lang='lat' dir='ltr'><strong>in</strong></span> 
     </span>
    </p>
   </div>
   <div class='ocr_carea' id='block_1_57' title="bbox 2075 2697 3720 2773">
    <p class='ocr_par' dir='ltr' id='par_1_57' title="bbox 2075 2697 3720 2773">
     <span class='ocr_line' id='line_1_58' title="bbox 2075 2697 3720 2773; baseline -0.004 -13"><span class='ocrx_word' id='word_1_452' title='bbox 2075 2720 2373 2761; x_wconf 85' lang='lat' dir='ltr'><strong>servorum</strong></span> <span class='ocrx_word' id='word_1_453' title='bbox 2410 2702 2599 2758; x_wconf 90' lang='lat' dir='ltr'><strong>locum</strong></span> <span class='ocrx_word' id='word_1_454' title='bbox 2635 2702 2776 2756; x_wconf 87' lang='lat' dir='ltr'><strong>mihi</strong></span> <span class='ocrx_word' id='word_1_455' title='bbox 2800 2701 3133 2773; x_wconf 83' lang='lat' dir='ltr'><strong>redigeris?</strong></span> <span class='ocrx_word' id='word_1_456' title='bbox 3162 2704 3307 2754; x_wconf 88' lang='lat' dir='ltr'><strong>Nam</strong></span> <span class='ocrx_word' id='word_1_457' title='bbox 3340 2699 3440 2766; x_wconf 89' lang='lat' dir='ltr'><strong>qui</strong></span> <span class='ocrx_word' id='word_1_458' title='bbox 3489 2697 3720 2771; x_wconf 84' lang='lat' dir='ltr'><strong>elegan-</strong></span> 
     </span>
    </p>
   </div>
   <div class='ocr_carea' id='block_1_58' title="bbox 2077 2786 3723 2859">
    <p class='ocr_par' dir='ltr' id='par_1_58' title="bbox 2077 2786 3723 2859">
     <span class='ocr_line' id='line_1_59' title="bbox 2077 2786 3723 2859; baseline -0.004 -11"><span class='ocrx_word' id='word_1_459' title='bbox 2077 2798 2161 2849; x_wconf 88' lang='lat' dir='ltr'><strong>tes</strong></span> <span class='ocrx_word' id='word_1_460' title='bbox 2193 2810 2258 2848; x_wconf 90' lang='lat' dir='ltr'><strong>ac</strong></span> <span class='ocrx_word' id='word_1_461' title='bbox 2292 2791 2505 2847; x_wconf 89' lang='lat' dir='ltr'><strong>multas</strong></span> <span class='ocrx_word' id='word_1_462' title='bbox 2539 2791 2815 2846; x_wconf 89' lang='lat' dir='ltr'><strong>sindones</strong></span> <span class='ocrx_word' id='word_1_463' title='bbox 2848 2806 2983 2845; x_wconf 91' lang='lat' dir='ltr'><strong>cum</strong></span> <span class='ocrx_word' id='word_1_464' title='bbox 3033 2787 3326 2859; x_wconf 89' lang='lat' dir='ltr'><strong>adjunctis</strong></span> <span class='ocrx_word' id='word_1_465' title='bbox 3383 2786 3620 2843; x_wconf 90' lang='lat' dir='ltr'><strong>annulis</strong></span> <span class='ocrx_word' id='word_1_466' title='bbox 3665 2790 3723 2841; x_wconf 88' lang='lat' dir='ltr'><strong>et</strong></span> 
     </span>
    </p>
   </div>
   <div class='ocr_carea' id='block_1_59' title="bbox 2074 2876 3722 2948">
    <p class='ocr_par' dir='ltr' id='par_1_59' title="bbox 2074 2876 3722 2948">
     <span class='ocr_line' id='line_1_60' title="bbox 2074 2876 3722 2948; baseline -0.004 -11"><span class='ocrx_word' id='word_1_467' title='bbox 2074 2882 2279 2938; x_wconf 89' lang='lat' dir='ltr'><strong>calceis</strong></span> <span class='ocrx_word' id='word_1_468' title='bbox 2307 2880 2448 2936; x_wconf 91' lang='lat' dir='ltr'><strong>mihi</strong></span> <span class='ocrx_word' id='word_1_469' title='bbox 2480 2879 2816 2935; x_wconf 84' lang='lat' dir='ltr'><strong>custodiet?</strong></span> <span class='ocrx_word' id='word_1_470' title='bbox 2842 2879 2983 2943; x_wconf 90' lang='lat' dir='ltr'><strong>Quis</strong></span> <span class='ocrx_word' id='word_1_471' title='bbox 3011 2895 3143 2933; x_wconf 91' lang='lat' dir='ltr'><strong>vero</strong></span> <span class='ocrx_word' id='word_1_472' title='bbox 3174 2882 3231 2933; x_wconf 86' lang='lat' dir='ltr'><strong>et</strong></span> <span class='ocrx_word' id='word_1_473' title='bbox 3261 2877 3462 2933; x_wconf 91' lang='lat' dir='ltr'><strong>suavia</strong></span> <span class='ocrx_word' id='word_1_474' title='bbox 3516 2876 3722 2948; x_wconf 87' lang='lat' dir='ltr'><strong>exqui-</strong></span> 
     </span>
    </p>
   </div>
   <div class='ocr_carea' id='block_1_60' title="bbox 2074 2966 3718 3043">
    <p class='ocr_par' dir='ltr' id='par_1_60' title="bbox 2074 2966 3718 3043">
     <span class='ocr_line' id='line_1_61' title="bbox 2074 2966 3718 3043; baseline -0.005 -15"><span class='ocrx_word' id='word_1_475' title='bbox 2074 2972 2303 3043; x_wconf 85' lang='lat' dir='ltr'><strong>sitaque</strong></span> <span class='ocrx_word' id='word_1_476' title='bbox 2333 2969 2578 3041; x_wconf 82' lang='lat' dir='ltr'><strong>opsonia</strong></span> <span class='ocrx_word' id='word_1_477' title='bbox 2615 2967 2983 3040; x_wconf 78' lang='lat' dir='ltr'><strong>praeparabit,</strong></span> <span class='ocrx_word' id='word_1_478' title='bbox 3036 2984 3160 3039; x_wconf 71' lang='lat' dir='ltr'><strong>quae</strong></span> <span class='ocrx_word' id='word_1_479' title='bbox 3199 2984 3334 3022; x_wconf 90' lang='lat' dir='ltr'><strong>cum</strong></span> <span class='ocrx_word' id='word_1_480' title='bbox 3379 2967 3536 3021; x_wconf 90' lang='lat' dir='ltr'><strong>varia</strong></span> <span class='ocrx_word' id='word_1_481' title='bbox 3581 2966 3718 3036; x_wconf 85' lang='lat' dir='ltr'><strong>sint,</strong></span> 
     </span>
    </p>
   </div>
   <div class='ocr_carea' id='block_1_61' title="bbox 2075 3054 3717 3129">
    <p class='ocr_par' dir='ltr' id='par_1_61' title="bbox 2075 3054 3717 3129">
     <span class='ocr_line' id='line_1_62' title="bbox 2075 3054 3717 3129; baseline -0.004 -15"><span class='ocrx_word' id='word_1_482' title='bbox 2075 3060 2293 3115; x_wconf 83' lang='lat' dir='ltr'><strong>multos</strong></span> <span class='ocrx_word' id='word_1_483' title='bbox 2323 3075 2389 3113; x_wconf 89' lang='lat' dir='ltr'><strong>ac</strong></span> <span class='ocrx_word' id='word_1_484' title='bbox 2422 3059 2637 3129; x_wconf 90' lang='lat' dir='ltr'><strong>peritos</strong></span> <span class='ocrx_word' id='word_1_485' title='bbox 2669 3057 2968 3129; x_wconf 89' lang='lat' dir='ltr'><strong>postulant</strong></span> <span class='ocrx_word' id='word_1_486' title='bbox 2998 3072 3216 3127; x_wconf 87' lang='lat' dir='ltr'><strong>coquos</strong></span> <span class='ocrx_word' id='word_1_487' title='bbox 3243 3073 3255 3110; x_wconf 87' lang='grc'>;</span> <span class='ocrx_word' id='word_1_488' title='bbox 3288 3060 3344 3111; x_wconf 89' lang='lat' dir='ltr'><strong>et</strong></span> <span class='ocrx_word' id='word_1_489' title='bbox 3373 3056 3570 3110; x_wconf 89' lang='lat' dir='ltr'><strong>omnia</strong></span> <span class='ocrx_word' id='word_1_490' title='bbox 3597 3054 3717 3122; x_wconf 92' lang='lat' dir='ltr'><strong>illa,</strong></span> 
     </span>
    </p>
   </div>
   <div class='ocr_carea' id='block_1_62' title="bbox 2074 3144 3719 3220">
    <p class='ocr_par' dir='ltr' id='par_1_62' title="bbox 2074 3144 3719 3220">
     <span class='ocr_line' id='line_1_63' title="bbox 2074 3144 3719 3220; baseline -0.003 -16"><span class='ocrx_word' id='word_1_491' title='bbox 2074 3166 2205 3220; x_wconf 81' lang='lat' dir='ltr'><strong>quae</strong></span> <span class='ocrx_word' id='word_1_492' title='bbox 2224 3149 2378 3220; x_wconf 85' lang='lat' dir='ltr'><strong>apud</strong></span> <span class='ocrx_word' id='word_1_493' title='bbox 2408 3147 2770 3203; x_wconf 77' lang='lat' dir='ltr'><strong>effeminatos</strong></span> <span class='ocrx_word' id='word_1_494' title='bbox 2801 3146 3071 3201; x_wconf 87' lang='lat' dir='ltr'><strong>homines</strong></span> <span class='ocrx_word' id='word_1_495' title='bbox 3089 3144 3412 3216; x_wconf 87' lang='lat' dir='ltr'><strong>cupiditati,</strong></span> <span class='ocrx_word' id='word_1_496' title='bbox 3436 3149 3719 3214; x_wconf 87' lang='lat' dir='ltr'><strong>tanquam</strong></span> 
     </span>
    </p>
   </div>
   <div class='ocr_carea' id='block_1_63' title="bbox 2076 3233 3719 3308">
    <p class='ocr_par' dir='ltr' id='par_1_63' title="bbox 2076 3233 3719 3308">
     <span class='ocr_line' id='line_1_64' title="bbox 2076 3233 3719 3308; baseline -0.004 -15"><span class='ocrx_word' id='word_1_497' title='bbox 2076 3238 2321 3294; x_wconf 86' lang='lat' dir='ltr'><strong>immani</strong></span> <span class='ocrx_word' id='word_1_498' title='bbox 2362 3238 2582 3305; x_wconf 73' lang='lat' dir='ltr'><strong>bestiae,</strong></span> <span class='ocrx_word' id='word_1_499' title='bbox 2637 3253 2739 3308; x_wconf 91' lang='lat' dir='ltr'><strong>per</strong></span> <span class='ocrx_word' id='word_1_500' title='bbox 2797 3251 3028 3290; x_wconf 89' lang='lat' dir='ltr'><strong>omnem</strong></span> <span class='ocrx_word' id='word_1_501' title='bbox 3091 3234 3340 3305; x_wconf 60' lang='lat' dir='ltr'><strong>quissita</strong></span> <span class='ocrx_word' id='word_1_502' title='bbox 3395 3233 3594 3288; x_wconf 86' lang='lat' dir='ltr'><strong>luxum</strong></span> <span class='ocrx_word' id='word_1_503' title='bbox 3654 3250 3719 3288; x_wconf 88' lang='lat' dir='ltr'><strong>ac</strong></span> 
     </span>
    </p>
   </div>
   <div class='ocr_carea' id='block_1_64' title="bbox 292 3307 1963 3399">
    <p class='ocr_par' dir='ltr' id='par_1_64' title="bbox 292 3317 1963 3397">
     <span class='ocr_line' id='line_1_65' title="bbox 292 3317 1963 3397; baseline 0.001 -23"><span class='ocrx_word' id='word_1_504' title='bbox 292 3338 434 3387; x_wconf 83' lang='grc' dir='ltr'>ται;</span> <span class='ocrx_word' id='word_1_505' title='bbox 480 3317 634 3387; x_wconf 75' lang='grc' dir='ltr'>Πλὴν</span> <span class='ocrx_word' id='word_1_506' title='bbox 684 3321 719 3389; x_wconf 78' lang='grc' dir='ltr'><strong>ἡ</strong></span> <span class='ocrx_word' id='word_1_507' title='bbox 772 3322 817 3356; x_wconf 76' lang='grc'><strong>³⁸</strong></span> <span class='ocrx_word' id='word_1_508' title='bbox 863 3319 1087 3391; x_wconf 80' lang='grc' dir='ltr'>τοιαύτη</span> <span class='ocrx_word' id='word_1_509' title='bbox 1141 3341 1198 3375; x_wconf 87' lang='grc' dir='ltr'><strong>σε</strong></span> <span class='ocrx_word' id='word_1_510' title='bbox 1254 3320 1565 3397; x_wconf 87' lang='grc' dir='ltr'>προαίρεσις</span> <span class='ocrx_word' id='word_1_511' title='bbox 1621 3320 1963 3391; x_wconf 72' lang='grc' dir='ltr'>ὑπεισῆλθεν,</span> 
     </span>
    </p>
   </div>
   <div class='ocr_carea' id='block_1_65' title="bbox 2075 3307 3721 3399">
    <p class='ocr_par' dir='ltr' id='par_1_65' title="bbox 2080 3307 3721 3399">
     <span class='ocr_line' id='line_1_66' title="bbox 2080 3307 3721 3399; baseline -0.004 -16"><span class='ocrx_word' id='word_1_512' title='bbox 2080 3330 2341 3383; x_wconf 90' lang='lat' dir='ltr'><strong>fraudem</strong></span> <span class='ocrx_word' id='word_1_513' title='bbox 2376 3307 2702 3399; x_wconf 82' lang='lat' dir='ltr'><strong>parantur?</strong></span> <span class='ocrx_word' id='word_1_514' title='bbox 2731 3326 2836 3380; x_wconf 89' lang='lat' dir='ltr'><strong>Sed</strong></span> <span class='ocrx_word' id='word_1_515' title='bbox 2874 3324 3068 3379; x_wconf 85' lang='lat' dir='ltr'><strong>forsan</strong></span> <span class='ocrx_word' id='word_1_516' title='bbox 3108 3323 3216 3379; x_wconf 91' lang='lat' dir='ltr'><strong>hoc</strong></span> <span class='ocrx_word' id='word_1_517' title='bbox 3262 3328 3318 3379; x_wconf 89' lang='lat' dir='ltr'><strong>te</strong></span> <span class='ocrx_word' id='word_1_518' title='bbox 3367 3323 3550 3378; x_wconf 87' lang='lat' dir='ltr'><strong>subiit</strong></span> <span class='ocrx_word' id='word_1_519' title='bbox 3590 3340 3721 3395; x_wconf 91' lang='lat' dir='ltr'><strong>pro-</strong></span> 
     </span>
    </p>
   </div>
   <div class='ocr_carea' id='block_1_66' title="bbox 297 3406 1961 3486">
    <p class='ocr_par' dir='ltr' id='par_1_66' title="bbox 297 3406 1961 3486">
     <span class='ocr_line' id='line_1_67' title="bbox 297 3406 1961 3486; baseline 0.002 -24"><span class='ocrx_word' id='word_1_520' title='bbox 297 3406 438 3469; x_wconf 70' lang='grc' dir='ltr'>ἴσως</span> <span class='ocrx_word' id='word_1_521' title='bbox 503 3410 579 3481; x_wconf 81' lang='grc' dir='ltr'>μή</span> <span class='ocrx_word' id='word_1_522' title='bbox 642 3408 863 3463; x_wconf 87' lang='grc' dir='ltr'>συνέντα</span> <span class='ocrx_word' id='word_1_523' title='bbox 916 3409 1006 3464; x_wconf 80' lang='grc' dir='ltr'><strong>καὶ</strong></span> <span class='ocrx_word' id='word_1_524' title='bbox 1064 3410 1154 3464; x_wconf 88' lang='grc' dir='ltr'>τὸν</span> <span class='ocrx_word' id='word_1_525' title='bbox 1205 3409 1334 3482; x_wconf 82' lang='grc' dir='ltr'>ἐμὸν</span> <span class='ocrx_word' id='word_1_526' title='bbox 1386 3411 1676 3485; x_wconf 74' lang='grc' dir='ltr'>ἀγνοοῦντα</span> <span class='ocrx_word' id='word_1_527' title='bbox 1710 3410 1844 3486; x_wconf 89' lang='grc' dir='ltr'>βίον,</span> <span class='ocrx_word' id='word_1_528' title='bbox 1879 3410 1961 3466; x_wconf 83' lang='grc' dir='ltr'>ὅτι</span> 
     </span>
    </p>
   </div>
   <div class='ocr_carea' id='block_1_67' title="bbox 298 3492 1961 3576">
    <p class='ocr_par' dir='ltr' id='par_1_67' title="bbox 298 3492 1961 3576">
     <span class='ocr_line' id='line_1_68' title="bbox 298 3492 1961 3576; baseline 0.002 -25"><span class='ocrx_word' id='word_1_529' title='bbox 298 3495 454 3572; x_wconf 73' lang='grc' dir='ltr'>ἄρτῳ</span> <span class='ocrx_word' id='word_1_530' title='bbox 495 3492 645 3569; x_wconf 85' lang='grc' dir='ltr'>μόνῳ</span> <span class='ocrx_word' id='word_1_531' title='bbox 691 3498 780 3551; x_wconf 80' lang='grc' dir='ltr'>καὶ</span> <span class='ocrx_word' id='word_1_532' title='bbox 827 3497 1033 3561; x_wconf 80' lang='grc' dir='ltr'>ἐλαίαις</span> <span class='ocrx_word' id='word_1_533' title='bbox 1084 3504 1331 3575; x_wconf 81' lang='grc' dir='ltr'>χρῶμαι,</span> <span class='ocrx_word' id='word_1_534' title='bbox 1358 3500 1446 3553; x_wconf 83' lang='grc' dir='ltr'>καὶ</span> <span class='ocrx_word' id='word_1_535' title='bbox 1492 3499 1728 3561; x_wconf 87' lang='grc' dir='ltr'>σπανίως</span> <span class='ocrx_word' id='word_1_536' title='bbox 1785 3498 1961 3576; x_wconf 78' lang='grc' dir='ltr'>λαχά-</span> 
     </span>
    </p>
   </div>
   <div class='ocr_carea' id='block_1_68' title="bbox 302 3583 1962 3666">
    <p class='ocr_par' dir='ltr' id='par_1_68' title="bbox 302 3583 1962 3666">
     <span class='ocr_line' id='line_1_69' title="bbox 302 3583 1962 3666; baseline 0.002 -26"><span class='ocrx_word' id='word_1_537' title='bbox 302 3608 444 3651; x_wconf 83' lang='grc' dir='ltr'>νοις,</span> <span class='ocrx_word' id='word_1_538' title='bbox 479 3586 571 3640; x_wconf 82' lang='grc' dir='ltr'><strong>καὶ</strong></span> <span class='ocrx_word' id='word_1_539' title='bbox 605 3586 687 3640; x_wconf 77' lang='grc' dir='ltr'>ὅτι</span> <span class='ocrx_word' id='word_1_540' title='bbox 716 3586 933 3658; x_wconf 74' lang='grc' dir='ltr'>ἱμάτιόν</span> <span class='ocrx_word' id='word_1_541' title='bbox 994 3608 1085 3660; x_wconf 91' lang='grc' dir='ltr'><strong>μοι</strong></span> <span class='ocrx_word' id='word_1_542' title='bbox 1134 3588 1223 3642; x_wconf 83' lang='grc' dir='ltr'><strong>καὶ</strong></span> <span class='ocrx_word' id='word_1_543' title='bbox 1268 3583 1556 3662; x_wconf 78' lang='grc' dir='ltr'>τριϐώνιον</span> <span class='ocrx_word' id='word_1_544' title='bbox 1731 3589 1962 3666; x_wconf 73' lang='grc' dir='ltr'>ὑπάρχει</span> 
     </span>
    </p>
   </div>
   <div class='ocr_carea' id='block_1_69' title="bbox 301 3671 1966 3753">
    <p class='ocr_par' dir='ltr' id='par_1_69' title="bbox 301 3671 1966 3753">
     <span class='ocr_line' id='line_1_70' title="bbox 301 3671 1966 3753; baseline 0.001 -22"><span class='ocrx_word' id='word_1_545' title='bbox 301 3677 457 3731; x_wconf 83' lang='grc' dir='ltr'>τοῦτ’</span> <span class='ocrx_word' id='word_1_546' title='bbox 482 3679 526 3712; x_wconf 76' lang='grc'>³⁷</span> <span class='ocrx_word' id='word_1_547' title='bbox 557 3674 687 3729; x_wconf 85' lang='grc' dir='ltr'>αὐτὸ</span> <span class='ocrx_word' id='word_1_548' title='bbox 719 3676 748 3730; x_wconf 78' lang='grc' dir='ltr'><strong>’ὀ</strong></span> <span class='ocrx_word' id='word_1_549' title='bbox 786 3671 1220 3751; x_wconf 72' lang='grc' dir='ltr'>περιϐέϐλημαι,</span> <span class='ocrx_word' id='word_1_550' title='bbox 1252 3676 1342 3730; x_wconf 79' lang='grc' dir='ltr'>καὶ</span> <span class='ocrx_word' id='word_1_551' title='bbox 1394 3675 1577 3753; x_wconf 71' lang='grc' dir='ltr'>ἑτέρου</span> <span class='ocrx_word' id='word_1_552' title='bbox 1626 3676 1814 3752; x_wconf 87' lang='grc' dir='ltr'>χρείαν</span> <span class='ocrx_word' id='word_1_553' title='bbox 1867 3677 1966 3733; x_wconf 84' lang='grc' dir='ltr'><strong>οὐκ</strong></span> 
     </span>
    </p>
   </div>
   <div class='ocr_carea' id='block_1_70' title="bbox 305 3762 1966 3842">
    <p class='ocr_par' dir='ltr' id='par_1_70' title="bbox 305 3762 1966 3842">
     <span class='ocr_line' id='line_1_71' title="bbox 305 3762 1966 3842; baseline 0.001 -23"><span class='ocrx_word' id='word_1_554' title='bbox 305 3762 424 3839; x_wconf 76' lang='grc' dir='ltr'><strong>ἔχω</strong></span> <span class='ocrx_word' id='word_1_555' title='bbox 458 3762 587 3819; x_wconf 68' lang='grc' dir='ltr'>οὐδὲ</span> <span class='ocrx_word' id='word_1_556' title='bbox 616 3766 767 3822; x_wconf 71' lang='lat'><strong>259</strong></span> <span class='ocrx_word' id='word_1_557' title='bbox 794 3763 978 3819; x_wconf 78' lang='grc' dir='ltr'>ἄλλων</span> <span class='ocrx_word' id='word_1_558' title='bbox 998 3769 1181 3823; x_wconf 86' lang='grc' dir='ltr'>τινῶν.</span> <span class='ocrx_word' id='word_1_559' title='bbox 1200 3766 1282 3819; x_wconf 87' lang='grc' dir='ltr'>Ἐν</span> <span class='ocrx_word' id='word_1_560' title='bbox 1300 3766 1400 3841; x_wconf 75' lang='grc' dir='ltr'>γὰρ</span> <span class='ocrx_word' id='word_1_561' title='bbox 1421 3764 1636 3827; x_wconf 69' lang='grc' dir='ltr'>τούτοις</span> <span class='ocrx_word' id='word_1_562' title='bbox 1667 3766 1756 3820; x_wconf 80' lang='grc' dir='ltr'><strong>καὶ</strong></span> <span class='ocrx_word' id='word_1_563' title='bbox 1787 3787 1966 3842; x_wconf 87' lang='grc' dir='ltr'>περισ-</span> 
     </span>
    </p>
   </div>
   <div class='ocr_carea' id='block_1_71' title="bbox 303 3852 1962 3929">
    <p class='ocr_par' dir='ltr' id='par_1_71' title="bbox 303 3852 1962 3929">
     <span class='ocr_line' id='line_1_72' title="bbox 303 3852 1962 3929; baseline 0.001 -22"><span class='ocrx_word' id='word_1_564' title='bbox 303 3852 559 3925; x_wconf 74' lang='grc' dir='ltr'>σεύομαι.</span> <span class='ocrx_word' id='word_1_565' title='bbox 594 3854 657 3909; x_wconf 80' lang='grc' dir='ltr'><strong>Ὀ</strong></span> <span class='ocrx_word' id='word_1_566' title='bbox 681 3857 811 3915; x_wconf 85' lang='grc' dir='ltr'>νοῦς</span> <span class='ocrx_word' id='word_1_567' title='bbox 843 3854 945 3929; x_wconf 75' lang='grc' dir='ltr'>γάρ</span> <span class='ocrx_word' id='word_1_568' title='bbox 998 3874 1124 3926; x_wconf 87' lang='grc' dir='ltr'>μου,</span> <span class='ocrx_word' id='word_1_569' title='bbox 1157 3855 1223 3908; x_wconf 82' lang='grc' dir='ltr'>τὰ</span> <span class='ocrx_word' id='word_1_570' title='bbox 1270 3852 1380 3909; x_wconf 81' lang='grc' dir='ltr'>ἐκεῖ</span> <span class='ocrx_word' id='word_1_571' title='bbox 1425 3856 1597 3909; x_wconf 78' lang='grc' dir='ltr'>πάντα</span> <span class='ocrx_word' id='word_1_572' title='bbox 1641 3856 1782 3929; x_wconf 86' lang='grc' dir='ltr'>ὁρῶν</span> <span class='ocrx_word' id='word_1_573' title='bbox 1831 3855 1962 3909; x_wconf 82' lang='grc' dir='ltr'><strong>αἶ’ώ-</strong></span> 
     </span>
    </p>
   </div>
   <div class='ocr_carea' id='block_1_72' title="bbox 304 3938 1962 4018">
    <p class='ocr_par' dir='ltr' id='par_1_72' title="bbox 304 3938 1962 4018">
     <span class='ocr_line' id='line_1_73' title="bbox 304 3938 1962 4018; baseline 0.001 -21"><span class='ocrx_word' id='word_1_574' title='bbox 304 3964 395 3997; x_wconf 81' lang='grc' dir='ltr'><strong>νια</strong></span> <span class='ocrx_word' id='word_1_575' title='bbox 452 3942 645 4017; x_wconf 70' lang='grc' dir='ltr'>ἀγαθὰ,</span> <span class='ocrx_word' id='word_1_576' title='bbox 678 3939 832 3997; x_wconf 74' lang='grc' dir='ltr'>οὐδὲν</span> <span class='ocrx_word' id='word_1_577' title='bbox 887 3947 995 3997; x_wconf 89' lang='grc' dir='ltr'><strong>τῶν</strong></span> <span class='ocrx_word' id='word_1_578' title='bbox 1057 3943 1281 3998; x_wconf 75' lang='grc' dir='ltr'>ἐνταῦθα</span> <span class='ocrx_word' id='word_1_579' title='bbox 1325 3938 1730 4018; x_wconf 72' lang='grc' dir='ltr'>περιϐλέπεται.</span> <span class='ocrx_word' id='word_1_580' title='bbox 1784 3944 1962 4014; x_wconf 73' lang='grc' dir='ltr'>Πλὴν,</span> 
     </span>
    </p>
   </div>
   <div class='ocr_carea' id='block_1_73' title="bbox 304 4030 1961 4109">
    <p class='ocr_par' dir='ltr' id='par_1_73' title="bbox 304 4030 1961 4109">
     <span class='ocr_line' id='line_1_74' title="bbox 304 4030 1961 4109; baseline 0.002 -23"><span class='ocrx_word' id='word_1_581' title='bbox 304 4036 404 4086; x_wconf 84' lang='grc' dir='ltr'><strong>σοῦ</strong></span> <span class='ocrx_word' id='word_1_582' title='bbox 440 4032 538 4103; x_wconf 76' lang='grc' dir='ltr'><strong>μὲν</strong></span> <span class='ocrx_word' id='word_1_583' title='bbox 564 4032 665 4100; x_wconf 76' lang='grc' dir='ltr'>τήν</span> <span class='ocrx_word' id='word_1_584' title='bbox 694 4032 901 4106; x_wconf 71' lang='grc' dir='ltr'>ἀγαθήν</span> <span class='ocrx_word' id='word_1_585' title='bbox 942 4032 1253 4109; x_wconf 85' lang='grc' dir='ltr'>προαίρεσιν</span> <span class='ocrx_word' id='word_1_586' title='bbox 1306 4030 1673 4108; x_wconf 71' lang='grc' dir='ltr'>ἀποδέχομαι,</span> <span class='ocrx_word' id='word_1_587' title='bbox 1704 4035 1792 4088; x_wconf 81' lang='grc' dir='ltr'><strong>καὶ</strong></span> <span class='ocrx_word' id='word_1_588' title='bbox 1836 4036 1961 4089; x_wconf 87' lang='grc' dir='ltr'>θαυ-</span> 
     </span>
    </p>
   </div>
   <div class='ocr_carea' id='block_1_74' title="bbox 308 4120 1968 4200">
    <p class='ocr_par' dir='ltr' id='par_1_74' title="bbox 308 4120 1968 4200">
     <span class='ocr_line' id='line_1_75' title="bbox 308 4120 1968 4200; baseline 0.003 -26"><span class='ocrx_word' id='word_1_589' title='bbox 308 4121 498 4194; x_wconf 70' lang='grc' dir='ltr'>μάζων</span> <span class='ocrx_word' id='word_1_590' title='bbox 543 4120 769 4189; x_wconf 83' lang='grc' dir='ltr'>ἐπαινῶ,</span> <span class='ocrx_word' id='word_1_591' title='bbox 802 4126 918 4183; x_wconf 88' lang='grc' dir='ltr'><strong>πῶς</strong></span> <span class='ocrx_word' id='word_1_592' title='bbox 964 4121 1101 4196; x_wconf 75' lang='grc' dir='ltr'>ἀνὴρ</span> <span class='ocrx_word' id='word_1_593' title='bbox 1152 4122 1211 4176; x_wconf 78' lang='grc' dir='ltr'>ἐκ</span> <span class='ocrx_word' id='word_1_594' title='bbox 1251 4121 1569 4177; x_wconf 85' lang='grc' dir='ltr'>πολυτελῶν</span> <span class='ocrx_word' id='word_1_595' title='bbox 1620 4122 1751 4177; x_wconf 81' lang='grc' dir='ltr'>ἐθῶν</span> <span class='ocrx_word' id='word_1_596' title='bbox 1804 4124 1968 4200; x_wconf 78' lang='grc' dir='ltr'>ὑπάρ-</span> 
     </span>
    </p>
   </div>
   <div class='ocr_carea' id='block_1_75' title="bbox 304 4208 1963 4286">
    <p class='ocr_par' dir='ltr' id='par_1_75' title="bbox 304 4208 1963 4286">
     <span class='ocr_line' id='line_1_76' title="bbox 304 4208 1963 4286; baseline 0.002 -23"><span class='ocrx_word' id='word_1_597' title='bbox 304 4231 425 4286; x_wconf 78' lang='grc' dir='ltr'><strong>χων</strong></span> <span class='ocrx_word' id='word_1_598' title='bbox 478 4208 676 4285; x_wconf 67' lang='grc' dir='ltr'>ῥᾳδίως</span> <span class='ocrx_word' id='word_1_599' title='bbox 722 4215 839 4272; x_wconf 81' lang='grc' dir='ltr'>τοῖς</span> <span class='ocrx_word' id='word_1_600' title='bbox 888 4210 1194 4286; x_wconf 76' lang='grc' dir='ltr'>ἀναγκαίοις</span> <span class='ocrx_word' id='word_1_601' title='bbox 1241 4212 1331 4265; x_wconf 88' lang='grc' dir='ltr'><strong>τὸν</strong></span> <span class='ocrx_word' id='word_1_602' title='bbox 1376 4216 1598 4266; x_wconf 76' lang='grc' dir='ltr'>σεαυτοῦ</span> <span class='ocrx_word' id='word_1_603' title='bbox 1646 4212 1963 4284; x_wconf 71' lang='grc' dir='ltr'>ὑπήλλαξας</span> 
     </span>
    </p>
   </div>
   <div class='ocr_carea' id='block_1_76' title="bbox 310 4296 1964 4376">
    <p class='ocr_par' dir='ltr' id='par_1_76' title="bbox 310 4296 1964 4376">
     <span class='ocr_line' id='line_1_77' title="bbox 310 4296 1964 4376; baseline 0.006 -30"><span class='ocrx_word' id='word_1_604' title='bbox 310 4300 453 4374; x_wconf 68' lang='grc' dir='ltr'>βίον,</span> <span class='ocrx_word' id='word_1_605' title='bbox 488 4300 679 4370; x_wconf 81' lang='grc' dir='ltr'>Ἡμεῖς</span> <span class='ocrx_word' id='word_1_606' title='bbox 723 4300 826 4375; x_wconf 75' lang='grc' dir='ltr'>γὰρ</span> <span class='ocrx_word' id='word_1_607' title='bbox 877 4297 934 4353; x_wconf 76' lang='grc' dir='ltr'>ἐκ</span> <span class='ocrx_word' id='word_1_608' title='bbox 981 4296 1213 4367; x_wconf 80' lang='grc' dir='ltr'>παίδων,</span> <span class='ocrx_word' id='word_1_609' title='bbox 1246 4298 1352 4376; x_wconf 73' lang='grc' dir='ltr'><strong>ἐγώ</strong></span> <span class='ocrx_word' id='word_1_610' title='bbox 1397 4320 1456 4353; x_wconf 92' lang='grc' dir='ltr'><strong>τε</strong></span> <span class='ocrx_word' id='word_1_611' title='bbox 1500 4300 1590 4353; x_wconf 80' lang='grc' dir='ltr'><strong>καὶ</strong></span> <span class='ocrx_word' id='word_1_612' title='bbox 1642 4298 1892 4375; x_wconf 86' lang='grc' dir='ltr'>Ἀνδρέας</span> <span class='ocrx_word' id='word_1_613' title='bbox 1936 4302 1964 4356; x_wconf 86' lang='grc' dir='ltr'>ὁ</span> 
     </span>
    </p>
   </div>
   <div class='ocr_carea' id='block_1_77' title="bbox 308 4385 1965 4465">
    <p class='ocr_par' dir='ltr' id='par_1_77' title="bbox 308 4385 1965 4465">
     <span class='ocr_line' id='line_1_78' title="bbox 308 4385 1965 4465; baseline 0.001 -22"><span class='ocrx_word' id='word_1_614' title='bbox 308 4388 577 4461; x_wconf 63' lang='grc' dir='ltr'>σῦναιμος</span> <span class='ocrx_word' id='word_1_615' title='bbox 624 4388 713 4442; x_wconf 81' lang='grc' dir='ltr'>καὶ</span> <span class='ocrx_word' id='word_1_616' title='bbox 764 4388 900 4442; x_wconf 77' lang='grc' dir='ltr'><strong>κατά</strong></span> <span class='ocrx_word' id='word_1_617' title='bbox 947 4388 1075 4443; x_wconf 87' lang='grc' dir='ltr'>Θεὸν</span> <span class='ocrx_word' id='word_1_618' title='bbox 1116 4385 1350 4465; x_wconf 77' lang='grc' dir='ltr'>ἀδελφὸς</span> <span class='ocrx_word' id='word_1_619' title='bbox 1397 4385 1469 4442; x_wconf 77' lang='grc' dir='ltr'><strong>ὢν</strong></span> <span class='ocrx_word' id='word_1_620' title='bbox 1520 4388 1671 4461; x_wconf 77' lang='grc' dir='ltr'>ἐμὸς,</span> <span class='ocrx_word' id='word_1_621' title='bbox 1707 4388 1769 4443; x_wconf 90' lang='grc' dir='ltr'><strong>οὐ</strong></span> <span class='ocrx_word' id='word_1_622' title='bbox 1803 4389 1965 4461; x_wconf 86' lang='grc' dir='ltr'>μόνον</span> 
     </span>
    </p>
   </div>
   <div class='ocr_carea' id='block_1_78' title="bbox 306 4474 1963 4553">
    <p class='ocr_par' dir='ltr' id='par_1_78' title="bbox 306 4474 1963 4553">
     <span class='ocr_line' id='line_1_79' title="bbox 306 4474 1963 4553; baseline 0.002 -23"><span class='ocrx_word' id='word_1_623' title='bbox 306 4475 361 4530; x_wconf 76' lang='grc' dir='ltr'>ἒν</span> <span class='ocrx_word' id='word_1_624' title='bbox 418 4476 655 4553; x_wconf 64' lang='grc' dir='ltr'>ὀρφανίᾳ</span> <span class='ocrx_word' id='word_1_625' title='bbox 698 4476 1106 4552; x_wconf 67' lang='grc' dir='ltr'>ἀνατραφέντες,</span> <span class='ocrx_word' id='word_1_626' title='bbox 1150 4474 1297 4531; x_wconf 85' lang='grc' dir='ltr'><strong>ἀλλὰ</strong></span> <span class='ocrx_word' id='word_1_627' title='bbox 1341 4477 1430 4531; x_wconf 76' lang='grc' dir='ltr'><strong>καὶ</strong></span> <span class='ocrx_word' id='word_1_628' title='bbox 1487 4478 1588 4531; x_wconf 82' lang='grc' dir='ltr'>ὑπὸ</span> <span class='ocrx_word' id='word_1_629' title='bbox 1644 4477 1826 4540; x_wconf 89' lang='grc' dir='ltr'>πενίας</span> <span class='ocrx_word' id='word_1_630' title='bbox 1873 4479 1963 4533; x_wconf 78' lang='grc' dir='ltr'>καὶ</span> 
     </span>
    </p>
   </div>
   <div class='ocr_carea' id='block_1_79' title="bbox 306 4564 1961 4642">
    <p class='ocr_par' dir='ltr' id='par_1_79' title="bbox 306 4564 1961 4642">
     <span class='ocr_line' id='line_1_80' title="bbox 306 4564 1961 4642; baseline 0.001 -21"><span class='ocrx_word' id='word_1_631' title='bbox 306 4565 616 4640; x_wconf 71' lang='grc' dir='ltr'>κακουχίας</span> <span class='ocrx_word' id='word_1_632' title='bbox 668 4565 744 4627; x_wconf 76' lang='grc' dir='ltr'><strong>εἷς</strong></span> <span class='ocrx_word' id='word_1_633' title='bbox 813 4564 1061 4640; x_wconf 77' lang='grc' dir='ltr'>ἐργασίαν</span> <span class='ocrx_word' id='word_1_634' title='bbox 1112 4567 1155 4601; x_wconf 82' lang='grc'><strong>⁸⁸</strong></span> <span class='ocrx_word' id='word_1_635' title='bbox 1205 4565 1520 4635; x_wconf 83' lang='grc' dir='ltr'>ἐθισθέντες,</span> <span class='ocrx_word' id='word_1_636' title='bbox 1572 4565 1821 4642; x_wconf 77' lang='grc' dir='ltr'>εὐμαρῶς</span> <span class='ocrx_word' id='word_1_637' title='bbox 1870 4573 1961 4622; x_wconf 90' lang='grc' dir='ltr'><strong>νῦν</strong></span> 
     </span>
    </p>
   </div>
   <div class='ocr_carea' id='block_1_80' title="bbox 2074 3412 3718 3490">
    <p class='ocr_par' dir='ltr' id='par_1_80' title="bbox 2074 3412 3718 3490">
     <span class='ocr_line' id='line_1_81' title="bbox 2074 3412 3718 3490; baseline -0.004 -17"><span class='ocrx_word' id='word_1_638' title='bbox 2074 3418 2351 3490; x_wconf 87' lang='lat' dir='ltr'><strong>positum,</strong></span> <span class='ocrx_word' id='word_1_639' title='bbox 2387 3418 2525 3488; x_wconf 90' lang='lat' dir='ltr'><strong>quia</strong></span> <span class='ocrx_word' id='word_1_640' title='bbox 2557 3432 2671 3470; x_wconf 92' lang='lat' dir='ltr'><strong>non</strong></span> <span class='ocrx_word' id='word_1_641' title='bbox 2698 3413 3049 3470; x_wconf 84' lang='lat' dir='ltr'><strong>intellexeris</strong></span> <span class='ocrx_word' id='word_1_642' title='bbox 3081 3418 3253 3484; x_wconf 87' lang='lat' dir='ltr'><strong>atque</strong></span> <span class='ocrx_word' id='word_1_643' title='bbox 3311 3412 3543 3484; x_wconf 86' lang='lat' dir='ltr'><strong>ignores</strong></span> <span class='ocrx_word' id='word_1_644' title='bbox 3591 3413 3718 3467; x_wconf 69' lang='lat' dir='ltr'><strong>vitae</strong></span> 
     </span>
    </p>
   </div>
   <div class='ocr_carea' id='block_1_81' title="bbox 2074 3501 3718 3576">
    <p class='ocr_par' dir='ltr' id='par_1_81' title="bbox 2074 3501 3718 3576">
     <span class='ocr_line' id='line_1_82' title="bbox 2074 3501 3718 3576; baseline -0.003 -15"><span class='ocrx_word' id='word_1_645' title='bbox 2074 3523 2213 3561; x_wconf 68' lang='lat' dir='ltr'><strong>meae</strong></span> <span class='ocrx_word' id='word_1_646' title='bbox 2245 3506 2550 3572; x_wconf 90' lang='lat' dir='ltr'><strong>rationem,</strong></span> <span class='ocrx_word' id='word_1_647' title='bbox 2587 3504 2687 3575; x_wconf 91' lang='lat' dir='ltr'><strong>qui</strong></span> <span class='ocrx_word' id='word_1_648' title='bbox 2719 3520 2866 3576; x_wconf 91' lang='lat' dir='ltr'><strong>pane</strong></span> <span class='ocrx_word' id='word_1_649' title='bbox 2897 3502 3021 3559; x_wconf 90' lang='lat' dir='ltr'><strong>solo</strong></span> <span class='ocrx_word' id='word_1_650' title='bbox 3052 3507 3110 3557; x_wconf 90' lang='lat' dir='ltr'><strong>et</strong></span> <span class='ocrx_word' id='word_1_651' title='bbox 3139 3501 3306 3558; x_wconf 88' lang='lat' dir='ltr'><strong>olivis</strong></span> <span class='ocrx_word' id='word_1_652' title='bbox 3365 3511 3513 3573; x_wconf 88' lang='lat' dir='ltr'><strong>ulor,</strong></span> <span class='ocrx_word' id='word_1_653' title='bbox 3569 3517 3718 3556; x_wconf 83' lang='lat' dir='ltr'><strong>rare-</strong></span> 
     </span>
    </p>
   </div>
   <div class='ocr_carea' id='block_1_82' title="bbox 2074 3588 3718 3666">
    <p class='ocr_par' dir='ltr' id='par_1_82' title="bbox 2074 3588 3718 3666">
     <span class='ocr_line' id='line_1_83' title="bbox 2074 3588 3718 3666; baseline -0.004 -17"><span class='ocrx_word' id='word_1_654' title='bbox 2074 3612 2187 3666; x_wconf 92' lang='lat' dir='ltr'><strong>que</strong></span> <span class='ocrx_word' id='word_1_655' title='bbox 2209 3593 2484 3663; x_wconf 89' lang='lat' dir='ltr'><strong>oleribus,</strong></span> <span class='ocrx_word' id='word_1_656' title='bbox 2505 3594 2723 3664; x_wconf 90' lang='lat' dir='ltr'><strong>quique</strong></span> <span class='ocrx_word' id='word_1_657' title='bbox 2745 3590 3162 3645; x_wconf 89' lang='lat' dir='ltr'><strong>vestimentum</strong></span> <span class='ocrx_word' id='word_1_658' title='bbox 3185 3605 3249 3644; x_wconf 87' lang='lat' dir='ltr'><strong>ac</strong></span> <span class='ocrx_word' id='word_1_659' title='bbox 3273 3588 3513 3659; x_wconf 90' lang='lat' dir='ltr'><strong>pallium</strong></span> <span class='ocrx_word' id='word_1_660' title='bbox 3536 3589 3718 3643; x_wconf 89' lang='lat' dir='ltr'><strong>habeo</strong></span> 
     </span>
    </p>
   </div>
   <div class='ocr_carea' id='block_1_83' title="bbox 2073 3678 3719 3754">
    <p class='ocr_par' dir='ltr' id='par_1_83' title="bbox 2073 3678 3719 3754">
     <span class='ocr_line' id='line_1_84' title="bbox 2073 3678 3719 3754; baseline -0.004 -16"><span class='ocrx_word' id='word_1_661' title='bbox 2073 3684 2182 3739; x_wconf 91' lang='lat' dir='ltr'><strong>hoc</strong></span> <span class='ocrx_word' id='word_1_662' title='bbox 2214 3683 2407 3754; x_wconf 90' lang='lat' dir='ltr'><strong>ipsum</strong></span> <span class='ocrx_word' id='word_1_663' title='bbox 2442 3699 2559 3752; x_wconf 94' lang='lat' dir='ltr'><strong>quo</strong></span> <span class='ocrx_word' id='word_1_664' title='bbox 2589 3682 2843 3736; x_wconf 84' lang='lat' dir='ltr'><strong>amictus</strong></span> <span class='ocrx_word' id='word_1_665' title='bbox 2874 3696 3030 3746; x_wconf 89' lang='lat' dir='ltr'><strong>sum,</strong></span> <span class='ocrx_word' id='word_1_666' title='bbox 3062 3683 3119 3734; x_wconf 92' lang='lat' dir='ltr'><strong>et</strong></span> <span class='ocrx_word' id='word_1_667' title='bbox 3150 3678 3262 3733; x_wconf 86' lang='lat' dir='ltr'><strong>alio</strong></span> <span class='ocrx_word' id='word_1_668' title='bbox 3291 3695 3438 3748; x_wconf 90' lang='lat' dir='ltr'><strong>opus</strong></span> <span class='ocrx_word' id='word_1_669' title='bbox 3472 3694 3585 3733; x_wconf 90' lang='lat' dir='ltr'><strong>non</strong></span> <span class='ocrx_word' id='word_1_670' title='bbox 3618 3678 3719 3731; x_wconf 91' lang='lat' dir='ltr'><strong>ha-</strong></span> 
     </span>
    </p>
   </div>
   <div class='ocr_carea' id='block_1_84' title="bbox 2072 3765 3721 3842">
    <p class='ocr_par' dir='ltr' id='par_1_84' title="bbox 2072 3765 3721 3842">
     <span class='ocr_line' id='line_1_85' title="bbox 2072 3765 3721 3842; baseline -0.004 -15"><span class='ocrx_word' id='word_1_671' title='bbox 2072 3772 2199 3839; x_wconf 91' lang='lat' dir='ltr'><strong>beo,</strong></span> <span class='ocrx_word' id='word_1_672' title='bbox 2224 3788 2411 3842; x_wconf 85' lang='lat' dir='ltr'><strong>ncque</strong></span> <span class='ocrx_word' id='word_1_673' title='bbox 2446 3769 2562 3825; x_wconf 89' lang='lat' dir='ltr'><strong>ulla</strong></span> <span class='ocrx_word' id='word_1_674' title='bbox 2593 3787 2673 3825; x_wconf 90' lang='lat' dir='ltr'><strong>re.</strong></span> <span class='ocrx_word' id='word_1_675' title='bbox 2698 3774 2843 3824; x_wconf 89' lang='lat' dir='ltr'><strong>Nam</strong></span> <span class='ocrx_word' id='word_1_676' title='bbox 2877 3769 2936 3824; x_wconf 89' lang='lat' dir='ltr'><strong>in</strong></span> <span class='ocrx_word' id='word_1_677' title='bbox 2971 3769 3060 3824; x_wconf 89' lang='lat' dir='ltr'><strong>his</strong></span> <span class='ocrx_word' id='word_1_678' title='bbox 3089 3768 3263 3824; x_wconf 86' lang='lat' dir='ltr'><strong>etiam</strong></span> <span class='ocrx_word' id='word_1_679' title='bbox 3296 3767 3529 3822; x_wconf 88' lang='lat' dir='ltr'><strong>abunde</strong></span> <span class='ocrx_word' id='word_1_680' title='bbox 3577 3765 3721 3820; x_wconf 91' lang='lat' dir='ltr'><strong>mihi</strong></span> 
     </span>
    </p>
   </div>
   <div class='ocr_carea' id='block_1_85' title="bbox 2072 3856 3720 3932">
    <p class='ocr_par' dir='ltr' id='par_1_85' title="bbox 2072 3856 3720 3932">
     <span class='ocr_line' id='line_1_86' title="bbox 2072 3856 3720 3932; baseline -0.004 -16"><span class='ocrx_word' id='word_1_681' title='bbox 2072 3866 2179 3917; x_wconf 88' lang='lat' dir='ltr'><strong>est.</strong></span> <span class='ocrx_word' id='word_1_682' title='bbox 2211 3864 2337 3915; x_wconf 84' lang='lat' dir='ltr'><strong>Mea</strong></span> <span class='ocrx_word' id='word_1_683' title='bbox 2366 3860 2582 3932; x_wconf 89' lang='lat' dir='ltr'><strong>quippe</strong></span> <span class='ocrx_word' id='word_1_684' title='bbox 2622 3875 2787 3913; x_wconf 90' lang='lat' dir='ltr'><strong>mens</strong></span> <span class='ocrx_word' id='word_1_685' title='bbox 2846 3874 3090 3913; x_wconf 88' lang='lat' dir='ltr'><strong>cernens</strong></span> <span class='ocrx_word' id='word_1_686' title='bbox 3146 3856 3265 3912; x_wconf 90' lang='lat' dir='ltr'><strong>illic</strong></span> <span class='ocrx_word' id='word_1_687' title='bbox 3325 3856 3525 3910; x_wconf 90' lang='lat' dir='ltr'><strong>omnia</strong></span> <span class='ocrx_word' id='word_1_688' title='bbox 3571 3856 3720 3910; x_wconf 90' lang='lat' dir='ltr'><strong>bona</strong></span> 
     </span>
    </p>
   </div>
   <div class='ocr_carea' id='block_1_86' title="bbox 2074 3945 3718 4018">
    <p class='ocr_par' dir='ltr' id='par_1_86' title="bbox 2074 3945 3718 4018">
     <span class='ocr_line' id='line_1_87' title="bbox 2074 3945 3718 4018; baseline -0.005 -12"><span class='ocrx_word' id='word_1_689' title='bbox 2074 3955 2305 4013; x_wconf 78' lang='lat' dir='ltr'><strong>aeterna,</strong></span> <span class='ocrx_word' id='word_1_690' title='bbox 2339 3948 2483 4003; x_wconf 92' lang='lat' dir='ltr'><strong>nihil</strong></span> <span class='ocrx_word' id='word_1_691' title='bbox 2515 3964 2709 4003; x_wconf 90' lang='lat' dir='ltr'><strong>eorum</strong></span> <span class='ocrx_word' id='word_1_692' title='bbox 2740 3964 2866 4018; x_wconf 75' lang='lat' dir='ltr'><strong>quae</strong></span> <span class='ocrx_word' id='word_1_693' title='bbox 2899 3947 2989 4001; x_wconf 88' lang='lat' dir='ltr'><strong>hic</strong></span> <span class='ocrx_word' id='word_1_694' title='bbox 3023 3949 3162 4001; x_wconf 90' lang='lat' dir='ltr'><strong>sunt</strong></span> <span class='ocrx_word' id='word_1_695' title='bbox 3191 3945 3419 4017; x_wconf 90' lang='lat' dir='ltr'><strong>aspicit.</strong></span> <span class='ocrx_word' id='word_1_696' title='bbox 3450 3946 3718 3999; x_wconf 84' lang='lat' dir='ltr'><strong>Attamen</strong></span> 
     </span>
    </p>
   </div>
   <div class='ocr_carea' id='block_1_87' title="bbox 2071 4032 3718 4109">
    <p class='ocr_par' dir='ltr' id='par_1_87' title="bbox 2071 4032 3718 4109">
     <span class='ocr_line' id='line_1_88' title="bbox 2071 4032 3718 4109; baseline -0.004 -15"><span class='ocrx_word' id='word_1_697' title='bbox 2071 4044 2241 4094; x_wconf 88' lang='lat' dir='ltr'><strong>tuum</strong></span> <span class='ocrx_word' id='word_1_698' title='bbox 2272 4037 2571 4109; x_wconf 89' lang='lat' dir='ltr'><strong>egregium</strong></span> <span class='ocrx_word' id='word_1_699' title='bbox 2604 4035 2862 4107; x_wconf 90' lang='lat' dir='ltr'><strong>approbo</strong></span> <span class='ocrx_word' id='word_1_700' title='bbox 2902 4034 3260 4100; x_wconf 87' lang='lat' dir='ltr'><strong>institutum,</strong></span> <span class='ocrx_word' id='word_1_701' title='bbox 3306 4032 3600 4103; x_wconf 90' lang='lat' dir='ltr'><strong>mirorque</strong></span> <span class='ocrx_word' id='word_1_702' title='bbox 3651 4050 3718 4088; x_wconf 88' lang='lat' dir='ltr'><strong>ac</strong></span> 
     </span>
    </p>
   </div>
   <div class='ocr_carea' id='block_1_88' title="bbox 2072 4122 3722 4198">
    <p class='ocr_par' dir='ltr' id='par_1_88' title="bbox 2072 4122 3722 4198">
     <span class='ocr_line' id='line_1_89' title="bbox 2072 4122 3722 4198; baseline -0.004 -15"><span class='ocrx_word' id='word_1_703' title='bbox 2072 4127 2268 4193; x_wconf 90' lang='lat' dir='ltr'><strong>laudo,</strong></span> <span class='ocrx_word' id='word_1_704' title='bbox 2312 4143 2426 4198; x_wconf 91' lang='lat' dir='ltr'><strong>quo</strong></span> <span class='ocrx_word' id='word_1_705' title='bbox 2459 4125 2632 4179; x_wconf 89' lang='lat' dir='ltr'><strong>modo</strong></span> <span class='ocrx_word' id='word_1_706' title='bbox 2662 4141 2794 4178; x_wconf 91' lang='lat' dir='ltr'><strong>cum</strong></span> <span class='ocrx_word' id='word_1_707' title='bbox 2847 4123 2929 4178; x_wconf 90' lang='lat' dir='ltr'><strong>sis</strong></span> <span class='ocrx_word' id='word_1_708' title='bbox 2984 4123 3072 4176; x_wconf 91' lang='lat' dir='ltr'><strong>vir</strong></span> <span class='ocrx_word' id='word_1_709' title='bbox 3102 4122 3159 4176; x_wconf 89' lang='lat' dir='ltr'><strong>in</strong></span> <span class='ocrx_word' id='word_1_710' title='bbox 3206 4122 3323 4176; x_wconf 90' lang='lat' dir='ltr'><strong>vita</strong></span> <span class='ocrx_word' id='word_1_711' title='bbox 3372 4126 3722 4193; x_wconf 88' lang='lat' dir='ltr'><strong>sumptuosa</strong></span> 
     </span>
    </p>
   </div>
   <div class='ocr_carea' id='block_1_89' title="bbox 2072 4211 3721 4283">
    <p class='ocr_par' dir='ltr' id='par_1_89' title="bbox 2072 4211 3721 4283">
     <span class='ocr_line' id='line_1_90' title="bbox 2072 4211 3721 4283; baseline -0.003 -12"><span class='ocrx_word' id='word_1_712' title='bbox 2072 4217 2376 4283; x_wconf 90' lang='lat' dir='ltr'><strong>educatus,</strong></span> <span class='ocrx_word' id='word_1_713' title='bbox 2410 4214 2575 4269; x_wconf 83' lang='lat' dir='ltr'><strong>facile</strong></span> <span class='ocrx_word' id='word_1_714' title='bbox 2614 4211 2837 4267; x_wconf 90' lang='lat' dir='ltr'><strong>vivendi</strong></span> <span class='ocrx_word' id='word_1_715' title='bbox 2884 4212 3165 4266; x_wconf 90' lang='lat' dir='ltr'><strong>rationem</strong></span> <span class='ocrx_word' id='word_1_716' title='bbox 3214 4211 3615 4266; x_wconf 89' lang='lat' dir='ltr'><strong>immutaveris</strong></span> <span class='ocrx_word' id='word_1_717' title='bbox 3664 4214 3721 4266; x_wconf 88' lang='lat' dir='ltr'><strong>et</strong></span> 
     </span>
    </p>
   </div>
   <div class='ocr_carea' id='block_1_90' title="bbox 2074 4299 3714 4371">
    <p class='ocr_par' dir='ltr' id='par_1_90' title="bbox 2074 4299 3714 4371">
     <span class='ocr_line' id='line_1_91' title="bbox 2074 4299 3714 4371; baseline -0.004 -11"><span class='ocrx_word' id='word_1_718' title='bbox 2074 4306 2143 4360; x_wconf 89' lang='lat' dir='ltr'><strong>ad</strong></span> <span class='ocrx_word' id='word_1_719' title='bbox 2178 4304 2304 4359; x_wconf 91' lang='lat' dir='ltr'><strong>sola</strong></span> <span class='ocrx_word' id='word_1_720' title='bbox 2334 4301 2661 4358; x_wconf 90' lang='lat' dir='ltr'><strong>necessaria</strong></span> <span class='ocrx_word' id='word_1_721' title='bbox 2689 4299 3036 4356; x_wconf 83' lang='lat' dir='ltr'><strong>traduxeris.</strong></span> <span class='ocrx_word' id='word_1_722' title='bbox 3070 4303 3189 4354; x_wconf 89' lang='lat' dir='ltr'><strong>Nos</strong></span> <span class='ocrx_word' id='word_1_723' title='bbox 3246 4299 3402 4354; x_wconf 89' lang='lat' dir='ltr'><strong>enim</strong></span> <span class='ocrx_word' id='word_1_724' title='bbox 3449 4316 3483 4354; x_wconf 92' lang='lat' dir='ltr'><strong>a</strong></span> <span class='ocrx_word' id='word_1_725' title='bbox 3514 4315 3714 4371; x_wconf 88' lang='lat' dir='ltr'><strong>puero,</strong></span> 
     </span>
    </p>
   </div>
   <div class='ocr_carea' id='block_1_91' title="bbox 2073 4389 3713 4467">
    <p class='ocr_par' dir='ltr' id='par_1_91' title="bbox 2073 4389 3713 4467">
     <span class='ocr_line' id='line_1_92' title="bbox 2073 4389 3713 4467; baseline -0.004 -18"><span class='ocrx_word' id='word_1_726' title='bbox 2073 4411 2179 4467; x_wconf 85' lang='lat' dir='ltr'><strong>ego</strong></span> <span class='ocrx_word' id='word_1_727' title='bbox 2209 4398 2264 4448; x_wconf 87' lang='lat' dir='ltr'><strong>et</strong></span> <span class='ocrx_word' id='word_1_728' title='bbox 2294 4393 2581 4455; x_wconf 85' lang='lat' dir='ltr'><strong>Andreas,</strong></span> <span class='ocrx_word' id='word_1_729' title='bbox 2616 4390 2714 4462; x_wconf 89' lang='lat' dir='ltr'><strong>qui</strong></span> <span class='ocrx_word' id='word_1_730' title='bbox 2734 4390 2997 4459; x_wconf 84' lang='lat' dir='ltr'><strong>ejusdem</strong></span> <span class='ocrx_word' id='word_1_731' title='bbox 3026 4405 3255 4444; x_wconf 92' lang='lat' dir='ltr'><strong>mecum</strong></span> <span class='ocrx_word' id='word_1_732' title='bbox 3279 4389 3587 4459; x_wconf 90' lang='lat' dir='ltr'><strong>sanguinis</strong></span> <span class='ocrx_word' id='word_1_733' title='bbox 3605 4393 3713 4456; x_wconf 91' lang='lat' dir='ltr'><strong>est,</strong></span> 
     </span>
    </p>
   </div>
   <div class='ocr_carea' id='block_1_92' title="bbox 2073 4476 3717 4553">
    <p class='ocr_par' dir='ltr' id='par_1_92' title="bbox 2073 4476 3717 4553">
     <span class='ocr_line' id='line_1_93' title="bbox 2073 4476 3717 4553; baseline -0.005 -15"><span class='ocrx_word' id='word_1_734' title='bbox 2073 4498 2358 4553; x_wconf 91' lang='lat' dir='ltr'><strong>meusque</strong></span> <span class='ocrx_word' id='word_1_735' title='bbox 2383 4480 2706 4534; x_wconf 89' lang='lat' dir='ltr'><strong>secundum</strong></span> <span class='ocrx_word' id='word_1_736' title='bbox 2738 4478 2919 4533; x_wconf 90' lang='lat' dir='ltr'><strong>Deum</strong></span> <span class='ocrx_word' id='word_1_737' title='bbox 2953 4479 3148 4543; x_wconf 75' lang='lat' dir='ltr'><strong>frater,</strong></span> <span class='ocrx_word' id='word_1_738' title='bbox 3174 4493 3286 4531; x_wconf 91' lang='lat' dir='ltr'><strong>non</strong></span> <span class='ocrx_word' id='word_1_739' title='bbox 3321 4476 3510 4531; x_wconf 90' lang='lat' dir='ltr'><strong>solum</strong></span> <span class='ocrx_word' id='word_1_740' title='bbox 3533 4478 3591 4530; x_wconf 90' lang='lat' dir='ltr'><strong>in</strong></span> <span class='ocrx_word' id='word_1_741' title='bbox 3612 4493 3717 4548; x_wconf 87' lang='lat' dir='ltr'><strong>pu-</strong></span> 
     </span>
    </p>
   </div>
   <div class='ocr_carea' id='block_1_93' title="bbox 2073 4565 3720 4643">
    <p class='ocr_par' dir='ltr' id='par_1_93' title="bbox 2073 4565 3720 4643">
     <span class='ocr_line' id='line_1_94' title="bbox 2073 4565 3720 4643; baseline -0.004 -17"><span class='ocrx_word' id='word_1_742' title='bbox 2073 4570 2280 4643; x_wconf 89' lang='lat' dir='ltr'><strong>pillatu</strong></span> <span class='ocrx_word' id='word_1_743' title='bbox 2321 4567 2572 4637; x_wconf 89' lang='lat' dir='ltr'><strong>educati,</strong></span> <span class='ocrx_word' id='word_1_744' title='bbox 2608 4582 2807 4621; x_wconf 90' lang='lat' dir='ltr'><strong>verum</strong></span> <span class='ocrx_word' id='word_1_745' title='bbox 2841 4565 3017 4621; x_wconf 89' lang='lat' dir='ltr'><strong>etiam</strong></span> <span class='ocrx_word' id='word_1_746' title='bbox 3049 4569 3285 4637; x_wconf 88' lang='lat' dir='ltr'><strong>pr0pter</strong></span> <span class='ocrx_word' id='word_1_747' title='bbox 3340 4565 3598 4633; x_wconf 86' lang='lat' dir='ltr'><strong>in0piam</strong></span> <span class='ocrx_word' id='word_1_748' title='bbox 3664 4569 3720 4619; x_wconf 91' lang='lat' dir='ltr'><strong>et</strong></span> 
     </span>
    </p>
   </div>
   <div class='ocr_carea' id='block_1_94' title="bbox 305 4651 1963 4737">
    <p class='ocr_par' dir='ltr' id='par_1_94' title="bbox 305 4651 1959 4731">
     <span class='ocr_line' id='line_1_95' title="bbox 305 4651 1959 4731; baseline 0.002 -22"><span class='ocrx_word' id='word_1_749' title='bbox 305 4656 405 4717; x_wconf 77' lang='grc' dir='ltr'>τὰς</span> <span class='ocrx_word' id='word_1_750' title='bbox 464 4658 576 4709; x_wconf 90' lang='grc' dir='ltr'><strong>τῶν</strong></span> <span class='ocrx_word' id='word_1_751' title='bbox 634 4651 773 4709; x_wconf 84' lang='grc' dir='ltr'>ὁδῶν</span> <span class='ocrx_word' id='word_1_752' title='bbox 822 4655 1055 4731; x_wconf 72' lang='grc' dir='ltr'>φέρομεν</span> <span class='ocrx_word' id='word_1_753' title='bbox 1110 4651 1383 4717; x_wconf 77' lang='grc' dir='ltr'>σκύλσεις.</span> <span class='ocrx_word' id='word_1_754' title='bbox 1435 4656 1617 4726; x_wconf 78' lang='grc' dir='ltr'>’¹Οθεν,</span> <span class='ocrx_word' id='word_1_755' title='bbox 1649 4654 1694 4710; x_wconf 78' lang='grc' dir='ltr'>εἰ</span> <span class='ocrx_word' id='word_1_756' title='bbox 1744 4654 1959 4712; x_wconf 82' lang='grc' dir='ltr'>ἐπείθου</span> 
     </span>
    </p>
   </div>
   <div class='ocr_carea' id='block_1_95' title="bbox 2075 4651 3719 4737">
    <p class='ocr_par' dir='ltr' id='par_1_95' title="bbox 2075 4654 3719 4726">
     <span class='ocr_line' id='line_1_96' title="bbox 2075 4654 3719 4726; baseline -0.004 -11"><span class='ocrx_word' id='word_1_757' title='bbox 2075 4676 2361 4715; x_wconf 67' lang='lat' dir='ltr'><strong>aerumnas</strong></span> <span class='ocrx_word' id='word_1_758' title='bbox 2392 4657 2461 4712; x_wconf 87' lang='lat' dir='ltr'><strong>ad</strong></span> <span class='ocrx_word' id='word_1_759' title='bbox 2496 4655 2754 4711; x_wconf 85' lang='lat' dir='ltr'><strong>laborem</strong></span> <span class='ocrx_word' id='word_1_760' title='bbox 2786 4654 3119 4720; x_wconf 87' lang='lat' dir='ltr'><strong>assuefacti,</strong></span> <span class='ocrx_word' id='word_1_761' title='bbox 3152 4654 3416 4726; x_wconf 80' lang='lat' dir='ltr'><strong>expedite</strong></span> <span class='ocrx_word' id='word_1_762' title='bbox 3447 4670 3602 4709; x_wconf 89' lang='lat' dir='ltr'><strong>nunc</strong></span> <span class='ocrx_word' id='word_1_763' title='bbox 3628 4654 3719 4709; x_wconf 81' lang='lat' dir='ltr'><strong>iti-</strong></span> 
     </span>
    </p>
   </div>
   <div class='ocr_carea' id='block_1_96' title="bbox 1660 4808 2366 4867">
    <p class='ocr_par' dir='ltr' id='par_1_96' title="bbox 1660 4808 2366 4867">
     <span class='ocr_line' id='line_1_97' title="bbox 1660 4808 2366 4867; baseline 0 -4"><span class='ocrx_word' id='word_1_764' title='bbox 1660 4808 1900 4865; x_wconf 75' lang='lat' dir='ltr'><strong>VARle</strong></span> <span class='ocrx_word' id='word_1_765' title='bbox 1957 4809 2366 4867; x_wconf 82' lang='lat' dir='ltr'><strong>LECTIONES.</strong></span> 
     </span>
    </p>
   </div>
   <div class='ocr_carea' id='block_1_97' title="bbox 374 4916 3712 4995">
    <p class='ocr_par' dir='ltr' id='par_1_97' title="bbox 374 4916 3712 4995">
     <span class='ocr_line' id='line_1_98' title="bbox 374 4916 3712 4995; baseline 0 -19"><span class='ocrx_word' id='word_1_766' title='bbox 374 4925 424 4959; x_wconf 74' lang='grc'>³⁷</span> <span class='ocrx_word' id='word_1_767' title='bbox 456 4921 625 4995; x_wconf 74' lang='grc' dir='ltr'>ὅσπερ</span> <span class='ocrx_word' id='word_1_768' title='bbox 682 4922 772 4995; x_wconf 88' lang='lat' dir='ltr'><strong>D,_</strong></span> <span class='ocrx_word' id='word_1_769' title='bbox 809 4919 940 4995; x_wconf 79' lang='grc' dir='ltr'>ὅπερ</span> <span class='ocrx_word' id='word_1_770' title='bbox 999 4924 1057 4991; x_wconf 90' lang='lat' dir='ltr'><strong>C,</strong></span> <span class='ocrx_word' id='word_1_771' title='bbox 1107 4924 1177 4995; x_wconf 62' lang='grc' dir='ltr'><strong>Ο.Δ</strong></span> <span class='ocrx_word' id='word_1_772' title='bbox 1228 4921 1375 4995; x_wconf 79' lang='lat' dir='ltr'><strong>Tum</strong></span> <span class='ocrx_word' id='word_1_773' title='bbox 1437 4921 1511 4983; x_wconf 85' lang='grc' dir='ltr'>ὡς</span> <span class='ocrx_word' id='word_1_774' title='bbox 1542 4920 1600 4977; x_wconf 76' lang='grc' dir='ltr'>ἃν</span> <span class='ocrx_word' id='word_1_775' title='bbox 1640 4925 1711 4995; x_wconf 82' lang='grc' dir='ltr'>μή</span> <span class='ocrx_word' id='word_1_776' title='bbox 1750 4930 1810 4979; x_wconf 87' lang='grc' dir='ltr'><strong>Ι).</strong></span> <span class='ocrx_word' id='word_1_777' title='bbox 1844 4922 1941 4980; x_wconf 68' lang='grc' dir='ltr'>κᾶν</span> <span class='ocrx_word' id='word_1_778' title='bbox 1969 4928 2028 4994; x_wconf 91' lang='lat' dir='ltr'><strong>C,</strong></span> <span class='ocrx_word' id='word_1_779' title='bbox 2062 4927 2127 4995; x_wconf 87' lang='lat'><strong>0,</strong></span> <span class='ocrx_word' id='word_1_780' title='bbox 2156 4925 2231 4987; x_wconf 83' lang='grc' dir='ltr'>ὡς</span> <span class='ocrx_word' id='word_1_781' title='bbox 2254 4956 2323 4966; x_wconf 91' lang='lat'><strong>-—</strong></span> <span class='ocrx_word' id='word_1_782' title='bbox 2352 4921 2399 4977; x_wconf 71' lang='grc' dir='ltr'>εἴ</span> <span class='ocrx_word' id='word_1_783' title='bbox 2432 4922 2507 4994; x_wconf 79' lang='grc' dir='ltr'>μὴ</span> <span class='ocrx_word' id='word_1_784' title='bbox 2540 4953 2609 4995; x_wconf 90' lang='lat'><strong>—-_</strong></span> <span class='ocrx_word' id='word_1_785' title='bbox 2638 4923 2797 4995; x_wconf 78' lang='lat' dir='ltr'><strong>Epit.</strong></span> <span class='ocrx_word' id='word_1_786' title='bbox 2831 4922 3001 4995; x_wconf 12' lang='lat'><strong>(73.773,</strong></span> <span class='ocrx_word' id='word_1_787' title='bbox 3032 4919 3106 4982; x_wconf 80' lang='grc' dir='ltr'>ὡς</span> <span class='ocrx_word' id='word_1_788' title='bbox 3134 4916 3230 4995; x_wconf 66' lang='grc' dir='ltr'>διᾶίν</span> <span class='ocrx_word' id='word_1_789' title='bbox 3265 4922 3416 4995; x_wconf 80' lang='lat' dir='ltr'><strong>conj.</strong></span> <span class='ocrx_word' id='word_1_790' title='bbox 3449 4926 3505 4977; x_wconf 89' lang='lat' dir='ltr'><strong>S.</strong></span> <span class='ocrx_word' id='word_1_791' title='bbox 3540 4921 3712 4995; x_wconf 88' lang='lat' dir='ltr'><strong>Dein-</strong></span> 
     </span>
    </p>
   </div>
   <div class='ocr_carea' id='block_1_98' title="bbox 299 4990 3423 5068">
    <p class='ocr_par' dir='ltr' id='par_1_98' title="bbox 299 4990 3423 5068">
     <span class='ocr_line' id='line_1_99' title="bbox 299 4990 3423 5068; baseline -0.001 -17"><span class='ocrx_word' id='word_1_792' title='bbox 299 5012 447 5068; x_wconf 73' lang='lat' dir='ltr'><strong>cepe</strong></span> <span class='ocrx_word' id='word_1_793' title='bbox 476 4990 773 5068; x_wconf 65' lang='grc' dir='ltr'>ἀποστῆναί</span> <span class='ocrx_word' id='word_1_794' title='bbox 990 4990 1132 5064; x_wconf 80' lang='lat' dir='ltr'><strong>Epit.</strong></span> <span class='ocrx_word' id='word_1_795' title='bbox 1165 4992 1590 5068; x_wconf 74' lang='lat' dir='ltr'><strong>l._c.,_&amp;1roc~reiv</strong></span> <span class='ocrx_word' id='word_1_796' title='bbox 1621 4990 1710 5050; x_wconf 38' lang='lat' dir='ltr'><strong>Cf</strong></span> <span class='ocrx_word' id='word_1_797' title='bbox 1756 4998 1802 5031; x_wconf 79' lang='grc'>³⁸</span> <span class='ocrx_word' id='word_1_798' title='bbox 1834 4999 1916 5054; x_wconf 82' lang='lat' dir='ltr'><strong>Ita</strong></span> <span class='ocrx_word' id='word_1_799' title='bbox 1944 4990 2122 5068; x_wconf 59' lang='lat' dir='ltr'><strong>Epit,</strong></span> <span class='ocrx_word' id='word_1_800' title='bbox 2144 4997 2190 5051; x_wconf 83' lang='grc' dir='ltr'>εἶ</span> <span class='ocrx_word' id='word_1_801' title='bbox 2219 5002 2276 5052; x_wconf 92' lang='lat' dir='ltr'><strong>C.</strong></span> <span class='ocrx_word' id='word_1_802' title='bbox 2311 4996 2374 5051; x_wconf 93' lang='lat'><strong>0.</strong></span> <span class='ocrx_word' id='word_1_803' title='bbox 2395 5067 2410 5068; x_wconf 19' lang='lat' dir='ltr'><strong><em>ﬂ</em></strong></span> <span class='ocrx_word' id='word_1_804' title='bbox 2433 4990 2496 5029; x_wconf 62' lang='grc'>’³³</span> <span class='ocrx_word' id='word_1_805' title='bbox 2518 4990 2750 5068; x_wconf 46' lang='lat' dir='ltr'><strong>coitu—.5</strong></span> <span class='ocrx_word' id='word_1_806' title='bbox 2781 4992 2911 5063; x_wconf 88' lang='lat' dir='ltr'><strong>(sic)</strong></span> <span class='ocrx_word' id='word_1_807' title='bbox 2944 4990 3045 5068; x_wconf 73' lang='lat' dir='ltr'><strong>pro</strong></span> <span class='ocrx_word' id='word_1_808' title='bbox 3070 4990 3253 5068; x_wconf 68' lang='grc' dir='ltr'>τούτῳ</span> <span class='ocrx_word' id='word_1_809' title='bbox 3282 4993 3328 5063; x_wconf 86' lang='grc' dir='ltr'>ᾦ</span> 
     </span>
    </p>
   </div>
   <div class='ocr_carea' id='block_1_99' title="bbox 3502 4994 3711 5047">
    <p class='ocr_par' dir='ltr' id='par_1_99' title="bbox 3502 4994 3711 5047">
     <span class='ocr_line' id='line_1_100' title="bbox 3502 4994 3711 5047; baseline 0.014 -17"><span class='ocrx_word' id='word_1_810' title='bbox 3502 4995 3548 5030; x_wconf 77' lang='lat'><strong>30</strong></span> <span class='ocrx_word' id='word_1_811' title='bbox 3576 4994 3711 5047; x_wconf 74' lang='grc' dir='ltr'><strong>πάν-</strong></span> 
     </span>
    </p>
   </div>
   <div class='ocr_carea' id='block_1_100' title="bbox 296 5059 3710 5139">
    <p class='ocr_par' dir='ltr' id='par_1_100' title="bbox 296 5059 3710 5139">
     <span class='ocr_line' id='line_1_101' title="bbox 296 5059 3710 5139; baseline 0 -20"><span class='ocrx_word' id='word_1_812' title='bbox 296 5059 430 5120; x_wconf 72' lang='grc' dir='ltr'>τοτε</span> <span class='ocrx_word' id='word_1_813' title='bbox 458 5085 544 5119; x_wconf 89' lang='grc' dir='ltr'><strong>σοι</strong></span> <span class='ocrx_word' id='word_1_814' title='bbox 573 5070 637 5120; x_wconf 95' lang='lat'><strong>0.</strong></span> <span class='ocrx_word' id='word_1_815' title='bbox 675 5059 767 5139; x_wconf 24' lang='grc'>-³¹,</span> <span class='ocrx_word' id='word_1_816' title='bbox 790 5059 1043 5139; x_wconf 59' lang='grc' dir='ltr'>εὐσεϐῶς</span> <span class='ocrx_word' id='word_1_817' title='bbox 1077 5061 1405 5139; x_wconf 65' lang='grc' dir='ltr'>συνοδευέτω</span> <span class='ocrx_word' id='word_1_818' title='bbox 1462 5084 1574 5122; x_wconf 89' lang='lat' dir='ltr'><strong>om.</strong></span> <span class='ocrx_word' id='word_1_819' title='bbox 1709 5068 1861 5123; x_wconf 79' lang='lat' dir='ltr'><strong>Idem</strong></span> <span class='ocrx_word' id='word_1_820' title='bbox 1924 5059 2109 5123; x_wconf 72' lang='grc' dir='ltr'>λυπεῖν</span> <span class='ocrx_word' id='word_1_821' title='bbox 2144 5087 2189 5125; x_wconf 88' lang='lat' dir='ltr'><strong>c.</strong></span> <span class='ocrx_word' id='word_1_822' title='bbox 2228 5069 2354 5139; x_wconf 75' lang='lat' dir='ltr'><strong>ch.</strong></span> <span class='ocrx_word' id='word_1_823' title='bbox 2388 5067 2526 5139; x_wconf 81' lang='lat' dir='ltr'><strong>Reg.</strong></span> <span class='ocrx_word' id='word_1_824' title='bbox 2558 5067 2683 5139; x_wconf 79' lang='grc'>804,</span> <span class='ocrx_word' id='word_1_825' title='bbox 2718 5059 2922 5117; x_wconf 84' lang='grc' dir='ltr'>λυποῦν</span> <span class='ocrx_word' id='word_1_826' title='bbox 2944 5059 3015 5131; x_wconf 72' lang='grc' dir='ltr'>Ὀ,</span> <span class='ocrx_word' id='word_1_827' title='bbox 3041 5059 3310 5139; x_wconf 32' lang='grc' dir='ltr'>,λυπῆσαι</span> <span class='ocrx_word' id='word_1_828' title='bbox 3359 5066 3504 5139; x_wconf 59' lang='lat' dir='ltr'><strong>Epit.</strong></span> <span class='ocrx_word' id='word_1_829' title='bbox 3539 5083 3596 5139; x_wconf 89' lang='lat' dir='ltr'><strong>c._</strong></span> <span class='ocrx_word' id='word_1_830' title='bbox 3620 5067 3710 5120; x_wconf 88' lang='lat'><strong>73.</strong></span> 
     </span>
    </p>
   </div>
   <div class='ocr_carea' id='block_1_101' title="bbox 298 5133 1437 5208">
    <p class='ocr_par' dir='ltr' id='par_1_101' title="bbox 298 5133 1437 5208">
     <span class='ocr_line' id='line_1_102' title="bbox 298 5133 1437 5208; baseline 0.016 -34"><span class='ocrx_word' id='word_1_831' title='bbox 298 5140 350 5175; x_wconf 75' lang='grc' dir='ltr'>ει</span> <span class='ocrx_word' id='word_1_832' title='bbox 408 5139 498 5193; x_wconf 65' lang='grc' dir='ltr'>ιιι</span> <span class='ocrx_word' id='word_1_833' title='bbox 556 5139 693 5208; x_wconf 70' lang='lat' dir='ltr'><strong>Epit.</strong></span> <span class='ocrx_word' id='word_1_834' title='bbox 728 5137 793 5208; x_wconf 92' lang='lat' dir='ltr'><strong>_l.</strong></span> <span class='ocrx_word' id='word_1_835' title='bbox 855 5154 930 5203; x_wconf 88' lang='lat' dir='ltr'><strong>c.,</strong></span> <span class='ocrx_word' id='word_1_836' title='bbox 988 5133 1437 5192; x_wconf 81' lang='grc' dir='ltr'>ἀπολιπώνΟΟ.</span> 
     </span>
    </p>
   </div>
   <div class='ocr_carea' id='block_1_102' title="bbox 1517 5133 2475 5210">
    <p class='ocr_par' dir='ltr' id='par_1_102' title="bbox 1517 5133 2475 5210">
     <span class='ocr_line' id='line_1_103' title="bbox 1517 5133 2475 5210; baseline 0.024 -23"><span class='ocrx_word' id='word_1_837' title='bbox 1517 5140 1563 5174; x_wconf 67' lang='grc' dir='ltr'>κε</span> <span class='ocrx_word' id='word_1_838' title='bbox 1595 5133 1703 5210; x_wconf 73' lang='grc' dir='ltr'>ὄψα</span> <span class='ocrx_word' id='word_1_839' title='bbox 1731 5142 1853 5210; x_wconf 76' lang='lat' dir='ltr'><strong>Epit</strong></span> <span class='ocrx_word' id='word_1_840' title='bbox 1907 5158 1955 5196; x_wconf 90' lang='lat' dir='ltr'><strong>c.</strong></span> <span class='ocrx_word' id='word_1_841' title='bbox 1989 5144 2060 5197; x_wconf 81' lang='grc'>74</span> <span class='ocrx_word' id='word_1_842' title='bbox 2089 5148 2145 5198; x_wconf 89' lang='lat' dir='ltr'><strong>et</strong></span> <span class='ocrx_word' id='word_1_843' title='bbox 2174 5142 2240 5203; x_wconf 80' lang='grc' dir='ltr'><strong>Ο,</strong></span> <span class='ocrx_word' id='word_1_844' title='bbox 2272 5133 2377 5210; x_wconf 66' lang='grc' dir='ltr'>ὕψη</span> <span class='ocrx_word' id='word_1_845' title='bbox 2415 5138 2475 5210; x_wconf 71' lang='grc' dir='ltr'><strong>Οτ</strong></span> 
     </span>
    </p>
   </div>
   <div class='ocr_carea' id='block_1_103' title="bbox 295 5206 2697 5283">
    <p class='ocr_par' dir='ltr' id='par_1_103' title="bbox 295 5206 2697 5283">
     <span class='ocr_line' id='line_1_104' title="bbox 295 5206 2697 5283; baseline -0.002 -18"><span class='ocrx_word' id='word_1_846' title='bbox 295 5214 354 5265; x_wconf 82' lang='lat'><strong>8.</strong></span> <span class='ocrx_word' id='word_1_847' title='bbox 435 5210 481 5245; x_wconf 79' lang='grc'><strong>⁸⁸</strong></span> <span class='ocrx_word' id='word_1_848' title='bbox 518 5206 664 5276; x_wconf 66' lang='grc' dir='ltr'>πλὴν</span> <span class='ocrx_word' id='word_1_849' title='bbox 697 5206 742 5263; x_wconf 77' lang='grc' dir='ltr'><strong>εί</strong></span> <span class='ocrx_word' id='word_1_850' title='bbox 774 5210 903 5266; x_wconf 77' lang='lat' dir='ltr'><strong>00d.</strong></span> <span class='ocrx_word' id='word_1_851' title='bbox 936 5209 1075 5280; x_wconf 83' lang='lat' dir='ltr'><strong>Reg.</strong></span> <span class='ocrx_word' id='word_1_852' title='bbox 1105 5208 1211 5263; x_wconf 84' lang='grc'>804</span> <span class='ocrx_word' id='word_1_853' title='bbox 1238 5213 1296 5264; x_wconf 90' lang='lat' dir='ltr'><strong>et</strong></span> <span class='ocrx_word' id='word_1_854' title='bbox 1324 5209 1389 5264; x_wconf 91' lang='lat'><strong>0.</strong></span> <span class='ocrx_word' id='word_1_855' title='bbox 1420 5210 1569 5265; x_wconf 86' lang='lat' dir='ltr'><strong>Tum</strong></span> <span class='ocrx_word' id='word_1_856' title='bbox 1611 5206 1852 5264; x_wconf 78' lang='grc' dir='ltr'>συνιέντα</span> <span class='ocrx_word' id='word_1_857' title='bbox 1881 5214 2000 5283; x_wconf 83' lang='lat' dir='ltr'><strong>epit</strong></span> <span class='ocrx_word' id='word_1_858' title='bbox 2070 5215 2114 5249; x_wconf 83' lang='grc'>³⁷</span> <span class='ocrx_word' id='word_1_859' title='bbox 2142 5215 2303 5266; x_wconf 85' lang='grc' dir='ltr'>τοῦτο</span> <span class='ocrx_word' id='word_1_860' title='bbox 2319 5206 2386 5265; x_wconf 59' lang='grc' dir='ltr'>Ὀις</span> <span class='ocrx_word' id='word_1_861' title='bbox 2462 5208 2506 5243; x_wconf 80' lang='grc'>³⁸</span> <span class='ocrx_word' id='word_1_862' title='bbox 2538 5207 2697 5283; x_wconf 78' lang='grc' dir='ltr'>ὶργατ</span> 
     </span>
    </p>
   </div>
   <div class='ocr_carea' id='block_1_104' title="bbox 2551 5132 3709 5261">
    <p class='ocr_par' dir='ltr' id='par_1_104' title="bbox 2551 5132 3709 5261">
     <span class='ocr_line' id='line_1_105' title="bbox 2551 5132 3709 5209; baseline 0.001 -22"><span class='ocrx_word' id='word_1_863' title='bbox 2551 5138 2597 5171; x_wconf 69' lang='grc'>³⁸</span> <span class='ocrx_word' id='word_1_864' title='bbox 2641 5132 2700 5188; x_wconf 81' lang='grc' dir='ltr'>τέ</span> <span class='ocrx_word' id='word_1_865' title='bbox 2743 5139 2902 5189; x_wconf 81' lang='grc' dir='ltr'>νικῶν</span> <span class='ocrx_word' id='word_1_866' title='bbox 2964 5153 2994 5191; x_wconf 91' lang='lat' dir='ltr'><strong>e</strong></span> <span class='ocrx_word' id='word_1_867' title='bbox 3038 5135 3099 5190; x_wconf 86' lang='lat' dir='ltr'><strong>it.</strong></span> <span class='ocrx_word' id='word_1_868' title='bbox 3176 5136 3221 5170; x_wconf 81' lang='grc'>³⁸</span> <span class='ocrx_word' id='word_1_869' title='bbox 3270 5132 3709 5209; x_wconf 81' lang='grc' dir='ltr'>ἐκτεθηλυμένων</span> 
     </span>
     <span class='ocr_line' id='line_1_106' title="bbox 2551 5153 3464 5261; baseline 0 0"><span class='ocrx_word' id='word_1_870' title='bbox 2551 5154 2811 5261; x_wconf 63' lang='grc' dir='ltr'>ίογατέίαν</span> <span class='ocrx_word' id='word_1_871' title='bbox 2843 5208 2971 5261; x_wconf 90' lang='lat' dir='ltr'><strong>cod.</strong></span> <span class='ocrx_word' id='word_1_872' title='bbox 3001 5153 3146 5261; x_wconf 61' lang='grc' dir='ltr'>ῗὶθα.</span> <span class='ocrx_word' id='word_1_873' title='bbox 3178 5207 3284 5261; x_wconf 81' lang='grc'>804</span> <span class='ocrx_word' id='word_1_874' title='bbox 3314 5213 3372 5261; x_wconf 90' lang='lat' dir='ltr'><strong>et</strong></span> <span class='ocrx_word' id='word_1_875' title='bbox 3400 5209 3464 5261; x_wconf 94' lang='lat'><strong>0.</strong></span> 
     </span>
    </p>
   </div>
   <div class='ocr_carea' id='block_1_105' title="bbox 2703 5207 3464 5281">
    <p class='ocr_par' dir='ltr' id='par_1_105' title="bbox 2703 5207 3464 5281">
     <span class='ocr_line' id='line_1_107' title="bbox 2703 5207 3464 5281; baseline 0.005 -21"><span class='ocrx_word' id='word_1_876' title='bbox 2703 5207 2811 5261; x_wconf 75' lang='grc' dir='ltr'>είαν</span> <span class='ocrx_word' id='word_1_877' title='bbox 2843 5208 2971 5264; x_wconf 90' lang='lat' dir='ltr'><strong>cod.</strong></span> <span class='ocrx_word' id='word_1_878' title='bbox 3007 5207 3146 5281; x_wconf 85' lang='lat' dir='ltr'><strong>Reg.</strong></span> <span class='ocrx_word' id='word_1_879' title='bbox 3178 5207 3284 5263; x_wconf 83' lang='grc'><strong>804</strong></span> <span class='ocrx_word' id='word_1_880' title='bbox 3314 5213 3372 5263; x_wconf 88' lang='lat' dir='ltr'><strong>et</strong></span> <span class='ocrx_word' id='word_1_881' title='bbox 3400 5209 3464 5264; x_wconf 94' lang='grc' dir='ltr'><strong>Ο.</strong></span> 
     </span>
    </p>
   </div>
   <div class='ocr_carea' id='block_1_106' title="bbox 1688 5361 2342 5421">
    <p class='ocr_par' dir='ltr' id='par_1_106' title="bbox 1688 5361 2342 5421">
     <span class='ocr_line' id='line_1_108' title="bbox 1688 5361 2342 5421; baseline 0.003 -5"><span class='ocrx_word' id='word_1_882' title='bbox 1688 5361 2070 5421; x_wconf 82' lang='lat' dir='ltr'><strong>VARIORUM</strong></span> <span class='ocrx_word' id='word_1_883' title='bbox 2108 5362 2342 5420; x_wconf 73' lang='lat' dir='ltr'><strong>NOTIE.</strong></span> 
     </span>
    </p>
   </div>
   <div class='ocr_carea' id='block_1_107' title="bbox 374 5468 1953 5601">
    <p class='ocr_par' dir='ltr' id='par_1_107' title="bbox 374 5468 1953 5601">
     <span class='ocr_line' id='line_1_109' title="bbox 374 5468 1953 5601; baseline 0.003 -74"><span class='ocrx_word' id='word_1_884' title='bbox 374 5476 492 5601; x_wconf 48' lang='grc' dir='ltr'><strong>Εὖ)</strong></span> <span class='ocrx_word' id='word_1_885' title='bbox 520 5468 819 5549; x_wconf 78' lang='grc' dir='ltr'>Τριϐώνιον</span> <span class='ocrx_word' id='word_1_886' title='bbox 876 5476 1296 5531; x_wconf 88' lang='lat' dir='ltr'><strong>Tribunarium</strong></span> <span class='ocrx_word' id='word_1_887' title='bbox 1348 5474 1564 5531; x_wconf 90' lang='lat' dir='ltr'><strong>dicitur</strong></span> <span class='ocrx_word' id='word_1_888' title='bbox 1610 5492 1724 5533; x_wconf 90' lang='lat' dir='ltr'><strong>non</strong></span> <span class='ocrx_word' id='word_1_889' title='bbox 1774 5478 1953 5534; x_wconf 90' lang='lat' dir='ltr'><strong>semel</strong></span> 
     </span>
     <span class='ocr_line' id='line_1_110' title="bbox 389 5548 1953 5601; baseline 0 0"><span class='ocrx_word' id='word_1_890' title='bbox 389 5580 407 5601; x_wconf 56' lang='grc' dir='ltr'><strong>ι</strong></span> <span class='ocrx_word' id='word_1_891' title='bbox 441 5548 732 5601; x_wconf 85' lang='lat' dir='ltr'><strong>arratione</strong></span> <span class='ocrx_word' id='word_1_892' title='bbox 762 5548 833 5601; x_wconf 91' lang='lat' dir='ltr'><strong>de</strong></span> <span class='ocrx_word' id='word_1_893' title='bbox 864 5548 1163 5601; x_wconf 82' lang='lat' dir='ltr'><strong>Apollonio</strong></span> <span class='ocrx_word' id='word_1_894' title='bbox 1190 5548 1381 5601; x_wconf 88' lang='lat' dir='ltr'><strong>Tvrio.</strong></span> <span class='ocrx_word' id='word_1_895' title='bbox 1402 5554 1675 5601; x_wconf 67' lang='lat' dir='ltr'><strong>Augustae</strong></span> <span class='ocrx_word' id='word_1_896' title='bbox 1702 5550 1953 5601; x_wconf 82' lang='lat' dir='ltr'><strong>Vindeli-</strong></span> 
     </span>
    </p>
   </div>
   <div class='ocr_carea' id='block_1_108' title="bbox 300 5548 1953 5630">
    <p class='ocr_par' dir='ltr' id='par_1_108' title="bbox 300 5548 1953 5630">
     <span class='ocr_line' id='line_1_111' title="bbox 300 5548 1953 5630; baseline 0 -25"><span class='ocrx_word' id='word_1_897' title='bbox 300 5549 361 5605; x_wconf 89' lang='lat' dir='ltr'><strong>in</strong></span> <span class='ocrx_word' id='word_1_898' title='bbox 388 5548 732 5630; x_wconf 74' lang='lat' dir='ltr'><strong>Narratione</strong></span> <span class='ocrx_word' id='word_1_899' title='bbox 762 5548 833 5603; x_wconf 92' lang='lat' dir='ltr'><strong>de</strong></span> <span class='ocrx_word' id='word_1_900' title='bbox 864 5548 1163 5630; x_wconf 79' lang='lat' dir='ltr'><strong>Apollonio</strong></span> <span class='ocrx_word' id='word_1_901' title='bbox 1190 5548 1675 5630; x_wconf 35' lang='lat' dir='ltr'><strong>TyrionAugustae</strong></span> <span class='ocrx_word' id='word_1_902' title='bbox 1702 5550 1953 5630; x_wconf 37' lang='lat' dir='ltr'><strong>Yindeli:</strong></span> 
     </span>
    </p>
   </div>
   <div class='ocr_carea' id='block_1_109' title="bbox 300 5618 1957 5691">
    <p class='ocr_par' dir='ltr' id='par_1_109' title="bbox 300 5618 1957 5691">
     <span class='ocr_line' id='line_1_112' title="bbox 300 5618 1957 5691; baseline 0 -14"><span class='ocrx_word' id='word_1_903' title='bbox 300 5637 509 5677; x_wconf 83' lang='lat' dir='ltr'><strong>corum</strong></span> <span class='ocrx_word' id='word_1_904' title='bbox 534 5619 706 5685; x_wconf 87' lang='lat' dir='ltr'><strong>edita,</strong></span> <span class='ocrx_word' id='word_1_905' title='bbox 731 5636 834 5691; x_wconf 81' lang='lat' dir='ltr'><strong>pro</strong></span> <span class='ocrx_word' id='word_1_906' title='bbox 858 5618 1630 5691; x_wconf 51' lang='lat' dir='ltr'><strong>tribonariumfﬁedespicias</strong></span> <span class='ocrx_word' id='word_1_907' title='bbox 1650 5622 1957 5691; x_wconf 65' lang='lat' dir='ltr'><strong>tribqnarz‘i</strong></span> 
     </span>
    </p>
   </div>
   <div class='ocr_carea' id='block_1_110' title="bbox 298 5684 1951 5766">
    <p class='ocr_par' dir='ltr' id='par_1_110' title="bbox 298 5684 1951 5766">
     <span class='ocr_line' id='line_1_113' title="bbox 298 5684 1951 5766; baseline -0.001 -18"><span class='ocrx_word' id='word_1_908' title='bbox 298 5684 1107 5766; x_wconf 44' lang='lat' dir='ltr'><strong>paupertatem-Estuautem</strong></span> <span class='ocrx_word' id='word_1_909' title='bbox 1164 5684 1466 5766; x_wconf 65' lang='grc' dir='ltr'>τριϐωνιοῇ</span> <span class='ocrx_word' id='word_1_910' title='bbox 1520 5708 1623 5747; x_wconf 88' lang='lat' dir='ltr'><strong>seu</strong></span> <span class='ocrx_word' id='word_1_911' title='bbox 1677 5686 1951 5766; x_wconf 75' lang='grc' dir='ltr'>τριϐόνιον</span> 
     </span>
    </p>
   </div>
   <div class='ocr_carea' id='block_1_111' title="bbox 302 5760 1952 5839">
    <p class='ocr_par' dir='ltr' id='par_1_111' title="bbox 302 5760 1952 5839">
     <span class='ocr_line' id='line_1_114' title="bbox 302 5760 1952 5839; baseline -0.001 -18"><span class='ocrx_word' id='word_1_912' title='bbox 302 5760 831 5838; x_wconf 60' lang='lat' dir='ltr'><strong>grainmaticorum</strong></span> <span class='ocrx_word' id='word_1_913' title='bbox 860 5760 999 5820; x_wconf 81' lang='lat' dir='ltr'><strong>ﬁliis</strong></span> <span class='ocrx_word' id='word_1_914' title='bbox 1026 5761 1087 5817; x_wconf 86' lang='grc' dir='ltr'>τὸ</span> <span class='ocrx_word' id='word_1_915' title='bbox 1110 5760 1342 5820; x_wconf 75' lang='grc' dir='ltr'>παλαιὸν</span> <span class='ocrx_word' id='word_1_916' title='bbox 1373 5760 1463 5817; x_wconf 76' lang='grc' dir='ltr'>καὶ</span> <span class='ocrx_word' id='word_1_917' title='bbox 1486 5760 1842 5839; x_wconf 74' lang='grc' dir='ltr'>τετριμμένον</span> <span class='ocrx_word' id='word_1_918' title='bbox 1890 5764 1952 5819; x_wconf 86' lang='grc' dir='ltr'>τὸ</span> 
     </span>
    </p>
   </div>
   <div class='ocr_carea' id='block_1_112' title="bbox 2068 5471 3710 5551">
    <p class='ocr_par' dir='ltr' id='par_1_112' title="bbox 2068 5471 3710 5551">
     <span class='ocr_line' id='line_1_115' title="bbox 2068 5471 3710 5551; baseline -0.001 -22"><span class='ocrx_word' id='word_1_919' title='bbox 2068 5475 2306 5551; x_wconf 66' lang='grc' dir='ltr'>ἱμάτιονξ</span> <span class='ocrx_word' id='word_1_920' title='bbox 2345 5484 2837 5551; x_wconf 75' lang='grc' dir='ltr'>κατατετριμμένον</span> <span class='ocrx_word' id='word_1_921' title='bbox 2892 5473 3082 5551; x_wconf 52' lang='grc' dir='ltr'>ῥάξοςί</span> <span class='ocrx_word' id='word_1_922' title='bbox 3128 5471 3477 5551; x_wconf 40' lang='grc' dir='ltr'>παλλίον--Ιη</span> <span class='ocrx_word' id='word_1_923' title='bbox 3515 5474 3710 5551; x_wconf 43' lang='lat' dir='ltr'><strong>Auso-</strong></span> 
     </span>
    </p>
   </div>
   <div class='ocr_carea' id='block_1_113' title="bbox 2065 5543 3705 5621">
    <p class='ocr_par' dir='ltr' id='par_1_113' title="bbox 2065 5543 3705 5621">
     <span class='ocr_line' id='line_1_116' title="bbox 2065 5543 3705 5621; baseline -0.002 -18"><span class='ocrx_word' id='word_1_924' title='bbox 2065 5543 2180 5621; x_wconf 70' lang='lat' dir='ltr'><strong>nio,</strong></span> <span class='ocrx_word' id='word_1_925' title='bbox 2214 5543 2914 5621; x_wconf 42' lang='lat' dir='ltr'><strong>epigramm.&#39;§2,&#39;trz&#39;bon&#39;.</strong></span> <span class='ocrx_word' id='word_1_926' title='bbox 2953 5547 3124 5603; x_wconf 88' lang='lat' dir='ltr'><strong>Paulo</strong></span> <span class='ocrx_word' id='word_1_927' title='bbox 3156 5552 3288 5621; x_wconf 81' lang='lat' dir='ltr'><strong>ante</strong></span> <span class='ocrx_word' id='word_1_928' title='bbox 3320 5545 3489 5621; x_wconf 81' lang='lat' dir='ltr'><strong>Di_ber</strong></span> <span class='ocrx_word' id='word_1_929' title='bbox 3515 5543 3705 5621; x_wconf 81' lang='lat' dir='ltr'><strong>Regis,</strong></span> 
     </span>
    </p>
   </div>
   <div class='ocr_carea' id='block_1_114' title="bbox 2062 5614 3705 5749">
    <p class='ocr_par' dir='ltr' id='par_1_114' title="bbox 2062 5614 3705 5749">
     <span class='ocr_line' id='line_1_117' title="bbox 2062 5614 3705 5749; baseline -0.002 -74"><span class='ocrx_word' id='word_1_930' title='bbox 2062 5618 2209 5749; x_wconf 61' lang='grc' dir='ltr'>ἕλην</span> <span class='ocrx_word' id='word_1_931' title='bbox 2244 5614 2295 5674; x_wconf 72' lang='grc' dir='ltr'>εἴ</span> <span class='ocrx_word' id='word_1_932' title='bbox 2311 5614 2566 5687; x_wconf 61' lang='grc' dir='ltr'>τοιαύτη.</span> <span class='ocrx_word' id='word_1_933' title='bbox 2602 5620 2669 5673; x_wconf 84' lang='lat' dir='ltr'><strong>Et</strong></span> <span class='ocrx_word' id='word_1_934' title='bbox 2699 5620 2807 5674; x_wconf 85' lang='lat' dir='ltr'><strong>sub</strong></span> <span class='ocrx_word' id='word_1_935' title='bbox 2864 5620 3039 5674; x_wconf 85' lang='lat' dir='ltr'><strong>ﬁnem</strong></span> <span class='ocrx_word' id='word_1_936' title='bbox 3094 5617 3319 5689; x_wconf 83' lang='lat' dir='ltr'><strong>capitis,</strong></span> <span class='ocrx_word' id='word_1_937' title='bbox 3379 5614 3705 5690; x_wconf 84' lang='grc' dir='ltr'>έργαστείαν.</span> 
     </span>
     <span class='ocr_line' id='line_1_118' title="bbox 2107 5710 2194 5748; baseline 0 0"><span class='ocrx_word' id='word_1_938' title='bbox 2107 5710 2194 5748; x_wconf 86' lang='grc' dir='ltr'><strong>ΟΤ.</strong></span> 
     </span>
    </p>
   </div>
  </div>
