4086 6216
364 423 480 486 307

1167 422 1232 481 S.
1279 419 1721 481 CLEMENTIS
1767 418 1792 480 Ῑ
1836 417 2029 479 ROM.
2077 416 2307 477 PONT.
2356 417 2618 478 OPERA
2660 417 2928 478 DUBIA.

3654 413 3785 478 308

357 571 564 611 nerum
596 554 927 610 vexationes
958 554 1223 609 ferimus.
1256 554 1441 618 Quare
1471 554 1519 609 si
1548 554 1813 609 crederes
1836 551 2000 621 mihi,

2135 568 2240 616 1.0L,
2283 547 2409 620 ἐμοὶ
2462 551 2519 603 ἂν
2580 549 3043 624 συγκεχωρήκεις,
3096 543 3244 623 ἀνδρὶ
3297 544 3517 623 ἐργάτῃ,
3571 546 3658 602 σοὶ
3716 547 3787 603 τὰ

356 661 660 701 servorum
691 642 885 699 ofﬁcia
915 660 1028 713 me,
1068 642 1365 699 hominem
1398 643 1755 716 operarium,
1780 642 1884 696 tibi
1908 642 2015 696 im-

356 734 613 805 pendere
645 734 1012 788 concederes.

428 820 548 876 VII.
584 826 654 877 At
684 837 789 892 ego
822 820 940 875 hac
973 821 1219 875 audiens
1247 820 1576 876 contremui
1628 823 1685 876 et
1731 818 2014 890 collacry-

363 910 535 975 mavi,
595 912 747 981 quod
795 912 969 965 talem
1019 910 1322 966 habuisset
1372 909 1691 965 orationem
1764 909 1851 963 vir
1898 924 2014 980 quo

364 1000 557 1055 cuncti
600 1000 779 1071 hujus
825 998 1008 1054 aetatis
1056 999 1324 1054 homines
1372 998 1595 1054 ratione
1646 996 1905 1053 scientiae
1948 1013 2014 1051 ac

365 1088 601 1161 pietatis
632 1089 888 1144 minores
919 1095 1084 1143 sunt;
1111 1089 1261 1143 Tum
1311 1086 1408 1142 ille
1455 1087 1877 1159 lacrymantem
1924 1103 2016 1143 me

363 1178 567 1233 videns
598 1194 834 1233 causam
865 1176 1257 1249 lacrymarum
1292 1177 1756 1248 percontabatur.
1794 1176 1863 1230 Et
1909 1192 2014 1247 ego

366 1267 669 1339 respondi:
704 1266 852 1329 Quid
914 1271 1144 1320 tantum
1202 1266 1454 1336 peccavl,
1506 1268 1571 1319 ut
1616 1264 1759 1319 mihi
1811 1265 2015 1336 hujus-

366 1355 523 1410 modi
555 1355 842 1427 proferres
877 1354 1249 1410 sermonem?
1280 1355 1348 1409 Et
1399 1357 1606 1408 Petrus
1653 1352 1905 1425 excepit:
1957 1353 2016 1408 Si

365 1445 586 1500 malum
618 1449 728 1509 est,
768 1444 921 1515 quod
958 1443 1095 1509 dixi,
1146 1448 1210 1498 ut
1257 1442 1503 1498 serviam
1559 1442 1689 1509 tibi,
1740 1447 1804 1497 tu
1858 1442 2018 1515 prior

364 1532 639 1605 peccasti,
676 1532 785 1587 hoc
818 1532 956 1587 mihi
993 1531 1299 1603 postulans
1332 1532 1537 1586 facere.
1574 1532 1642 1585 Et
1690 1546 1834 1602 ego:
1890 1535 2015 1586 Non

365 1626 474 1692 est,
528 1620 798 1692 inquam,
843 1619 1076 1676 simile:
1132 1637 1223 1674 me
1271 1619 1426 1675 enim
1472 1619 1581 1675 hoc
1637 1636 1806 1691 agere
1855 1620 2019 1675 decet

367 1710 624 1775 omnino,
658 1716 714 1764 te
738 1715 954 1772 autem,
982 1708 1082 1781 qui
1106 1727 1167 1764 es
1201 1709 1297 1764 Dei
1330 1725 1516 1780 praeco
1547 1713 1605 1764 et
1636 1714 1869 1764 nostras
1894 1726 2016 1765 ser-

369 1816 470 1853 vas
503 1798 752 1864 animas,
790 1799 846 1852 id
882 1798 1022 1852 mihi
1068 1799 1255 1853 facere
1302 1814 1475 1870 grave
1525 1803 1634 1853 est.
1687 1798 1756 1852 Et
1810 1799 2017 1853 Petrus

370 1887 699 1958 respondit:
725 1887 1166 1957 Acquiescerem
1187 1886 1315 1954 tibi,
1340 1903 1473 1941 cum
1500 1886 1782 1941 Dominus
1799 1893 2014 1953 noster,

375 1975 474 2048 qui
506 1976 576 2029 ad
611 1974 860 2030 salutem
898 1975 1078 2030 totius
1112 1975 1313 2030 mundi
1346 1975 1521 2041 venit,
1578 1991 1849 2047 unusque
1896 1992 2018 2030 om-

374 2065 538 2119 nium
569 2069 656 2119 est
687 2064 1112 2134 nobilissimus,
1146 2064 1484 2120 servitutem
1528 2064 1897 2133 sustinuerit,
1960 2067 2024 2118 ut

372 2171 478 2209 nos
511 2154 781 2208 suaderet
813 2170 927 2209 non
960 2156 1305 2210 erubescere
1339 2153 1618 2209 fratribus
1652 2154 1868 2209 nostris
1896 2169 2021 2209 ser-

368 2258 573 2297 vorum
604 2242 874 2297 exhibere
916 2242 1246 2298 ministeria
1294 2244 1371 2313 (a)
1404 2242 1671 2313 quamvis
1703 2243 2022 2298 admodum

368 2331 593 2387 nobiles
626 2332 833 2386 simus.
865 2332 1016 2386 Tum
1050 2348 1155 2403 ego
1187 2331 1343 2387 dixi:
1390 2332 1449 2387 Si
1491 2335 1713 2403 putem,
1761 2332 1918 2403 quod
1970 2335 2025 2386 te

370 2419 481 2475 sim
515 2424 904 2491 superaturus
935 2419 1218 2487 oratione,
1253 2419 1472 2475 stultus
1504 2437 1673 2475 sum:
1729 2426 2025 2476 verumta-

372 2526 505 2564 men
539 2525 644 2579 ago
672 2509 889 2581 gratias
934 2507 1308 2580 providentiae
1359 2510 1479 2579 Dei,
1528 2509 1668 2580 quia
1716 2514 2025 2580 parentum

374 2597 501 2653 loco
534 2598 748 2653 habere
780 2607 834 2653 te
860 2597 1063 2653 merui.

451 2686 602 2742 VIII.
636 2687 704 2740 Et
738 2690 943 2741 Petrus
1002 2685 1415 2758 interrogavit:
1469 2689 1726 2742 Nemone
1776 2704 1907 2743 vere
1960 2704 2029 2744 ex

381 2791 589 2848 genere
611 2775 715 2829 tibi
740 2775 1045 2846 superest?
1069 2774 1391 2847 Respondi:
1419 2775 1569 2830 Sunt
1591 2776 1831 2848 quidem
1857 2775 2025 2831 multi

380 2869 436 2918 et
468 2868 731 2934 potentes
761 2863 889 2931 viri,
934 2866 1108 2934 atque
1135 2879 1203 2917 ex
1249 2862 1521 2935 prosapia
1567 2862 1830 2919 Caesaris.
1879 2868 2025 2919 Nam

384 2951 532 3024 patri
564 2968 713 3022 meo,
763 2956 963 3022 utpote
1010 2968 1124 3007 una
1168 2952 1432 3017 educato,
1484 2959 1790 3023 cognatam
1839 2954 2031 3009 Caesar

382 3040 509 3113 ipse
532 3041 730 3111 junxit
760 3057 1017 3107 uxorem,
1051 3042 1121 3095 de
1153 3058 1269 3113 qua
1293 3045 1412 3096 tres
1443 3040 1612 3095 liberi
1644 3040 1754 3095 orti
1796 3059 2025 3107 sumus,

383 3129 499 3185 duo
531 3129 768 3201 quidem
802 3134 934 3185 ante
967 3146 1081 3197 me,
1110 3130 1211 3200 qui
1243 3147 1375 3185 cum
1408 3134 1607 3186 essent
1638 3130 1878 3203 gemini,
1926 3132 2027 3186 ad-

381 3219 619 3273 modum
654 3219 764 3273 sibi
795 3218 1039 3273 invicem
1072 3218 1296 3275 similes
1326 3223 1510 3287 erant,
1572 3224 1637 3273 ut
1689 3220 1813 3290 ipse
1866 3225 2028 3291 pater

2125 635 2337 693 δούλων
2377 636 2736 714 ἀποπληροῦν
2770 637 2906 712 μέρη
2920 681 2933 693 .

2193 816 2311 869 VII.
2341 815 2484 890 Ἐγὼ
2515 813 2572 870 δὲ
2602 814 2835 878 ἀκούσας
2868 813 3169 890 σῦντρομος
3211 807 3477 889 ἐγενόμην
3526 815 3612 870 καὶ
3664 814 3775 871 ἐπί-

2125 901 2342 979 δακρυς,
2377 907 2492 960 οἷον
2524 903 2685 981 λόγον
2720 905 2865 960 εἶπεν
2896 905 3053 979 ἀνὴρ,
3080 904 3141 958 οὗ
3194 904 3387 965 πάντες
3436 905 3488 958 οἱ
3536 912 3635 973 τῆς
3681 903 3771 959 νῦν

2122 999 2301 1068 γενεᾶς
2335 994 2608 1066 ἄνθρωποι
2638 992 2717 1066 τῷ
2746 996 2846 1062 τῆς
2876 993 3132 1067 γνώσεως
3176 992 3267 1047 καὶ
3309 987 3579 1054 εὐσεϐείας
3628 991 3780 1067 λόγῳ

2125 1079 2321 1150 ἥττους
2354 1084 2401 1118 3’
2436 1082 2819 1158 τυγχάνουσιν.
2851 1082 2911 1138 Ὁ
2945 1078 3021 1153 δὲ,
3058 1078 3186 1135 ἰδών
3225 1102 3292 1154 με
3332 1079 3645 1157 σύνδακρυν,
3676 1087 3786 1136 τῶν

2127 1167 2371 1245 δακρύων
2406 1170 2634 1234 ἐπύθετο
2664 1170 2989 1239 τήνιαῖτίαν.
3024 1171 3193 1246 Κάγὼ
3225 1168 3378 1249 ἔφην·
3415 1170 3473 1225 Τί
3529 1176 3783 1226 τοιοῦτον

2125 1257 2396 1335 ἥμαρτον,
2425 1258 2516 1314 ’ίνα
2571 1280 2662 1329 μοι
2702 1260 2955 1314 τοιοῦτον
2989 1262 3033 1296 ⁸ο
3064 1256 3216 1334 εἷ’πῃς
3247 1258 3450 1334 λόγον;
3485 1262 3586 1314 Καὶ
3617 1261 3645 1313 6
3680 1260 3787 1315 Πέ-

2123 1367 2250 1423 τρος
2309 1347 2653 1423 ἀπεκρίνατο’
2684 1348 2747 1403 Εἰ
2801 1348 2897 1421 μὲν
2947 1353 3125 1410 κακῶς
3176 1368 3368 1425 ειρηκα
3397 1348 3458 1403 τὸ
3491 1345 3787 1404 δουλεῦσαί

2126 1456 2231 1503 σοι,
2266 1435 2329 1490 σὺ
2360 1442 2576 1512 πρῶτος
2606 1436 2867 1509 ἥμαρτες,
2911 1438 3058 1492 τοῦτ’
3088 1439 3126 1473 ⁸⁸
3182 1436 3303 1509 ἐμοὶ
3355 1444 3582 1507 ποιῆσαι
3628 1438 3796 1508 ἀξιὼ-

2127 1545 2242 1587 σας.
2272 1526 2432 1599 Κάγὼ
2460 1523 2615 1600 ἔφην·
2641 1526 2761 1601 Οὐχ
2793 1525 2985 1598 ὅμοιόν
3020 1525 3178 1581 ἐστιν’
3201 1526 3324 1599 ἐμοὶ
3361 1527 3455 1599 μὶν
3487 1527 3587 1602 γὰρ
3617 1532 3787 1582 τοῦτο

2126 1620 2300 1668 ποιεῖν
2336 1616 2526 1689 πρέπει
2565 1614 2723 1685 πάνυ,
2761 1614 2845 1668 σοὶ
2891 1612 2949 1669 δὲ
2990 1619 3069 1686 τῷ
3112 1619 3214 1669 τοῦ
3254 1619 3387 1670 Θεοῦ
3436 1618 3632 1690 κήρυκι
3687 1616 3787 1679 τὰς

2126 1703 2395 1779 ἡμετέρας
2434 1704 2665 1772 σώζοντι
2694 1704 2877 1779 ψυχὰς
2908 1703 3153 1779 χαλεπὸν
3203 1708 3364 1759 τοῦτο
3408 1711 3582 1759 ποιεῖν
3630 1704 3786 1777 ἐμοί.

2129 1792 2225 1845 Καὶ
2258 1793 2285 1846 6
2318 1791 2517 1867 Πέτρος
2574 1793 2917 1866 ἀπεκρίνατο’
2981 1792 3290 1867 Συνεθέμην
3354 1791 3412 1847 ἄν
3459 1816 3566 1866 σοι,
3599 1793 3686 1849 ἐπὶ
3736 1798 3786 1831 ⁴²

2130 1880 2386 1956 ὁΚύριος
2454 1883 2633 1953 ἡμῶν,
2687 1882 2714 1935 ὁ
2775 1881 2861 1936 ἐπὶ
2914 1881 3160 1957 σωτηρίᾳ
3218 1885 3372 1941 260
3430 1883 3625 1946 παντὸς
3685 1888 3785 1938 τοῦ

2128 1966 2338 2041 κόσμου
2386 1968 2691 2041 ἐληλυθὼς,
2747 1970 2908 2043 μόνος
2958 1972 3090 2046 ὑπὲρ
3140 1971 3340 2033 πάντας
3409 1971 3631 2047 εὐγενὴς
3681 1970 3781 2041 ὢν,

2132 2054 2379 2112 δουλείαν
2415 2058 2716 2131 ὑπέμεινεν,
2742 2057 2833 2113 ’ίνα
2863 2062 3009 2133 ἡμᾶς
3040 2059 3198 2134 πείσῃ
3235 2061 3307 2132 μὴ
3352 2057 3619 2116 αἰδεῖσθαι
3663 2068 3785 2123 τοῖς

2130 2143 2389 2223 ἀδελφοῖς
2440 2149 2599 2219 ἡμῶν
2656 2149 2753 2209 τὰς
2812 2145 3024 2203 δούλων
3082 2155 3257 2203 ποιεῖν
3315 2149 3634 2225 ὑπηρεσίας,
3688 2151 3786 2204 κᾶν

2130 2234 2267 2289 πάνυ
2318 2235 2547 2311 εὐγενεῖς
2591 2237 2969 2313 τυγχάνωμεν.
3006 2238 3169 2313 Κάγὼ
3227 2236 3379 2315 ἔφην’
3434 2238 3497 2295 Εἰ
3552 2240 3643 2312 μὲν
3700 2261 3792 2293 νο-

2138 2323 2279 2397 μίζω
2332 2345 2389 2379 σε
2434 2332 2651 2394 νικῆσαι
2684 2327 2729 2362 ⁸³
2760 2324 2934 2400 λόγῳ,
2984 2325 3212 2397 ἀνόητός
3257 2326 3395 2399 εἰμι,
3425 2326 3573 2396 πλὴν
3622 2327 3783 2404 χάριν

2134 2411 2249 2488 ἔχω
2297 2418 2364 2486 τῇ
2408 2418 2506 2469 τοῦ
2555 2419 2688 2469 Θεοῦ
2736 2414 2990 2491 προνοίᾳ,
3024 2414 3105 2470 ὅτι
3155 2436 3213 2470 σε
3260 2415 3337 2478 εἷς
3367 2417 3571 2492 γονέων
3619 2416 3779 2471 τόπον

2134 2497 2282 2578 ἔχειν
2313 2503 2682 2574 κατηξιώθην.

2206 2683 2352 2737 VIII.
2388 2681 2489 2737 Καὶ
2536 2683 2564 2737 6
2617 2681 2822 2759 Πέτρος
2867 2681 3210 2738 ἐπυνθάνετο*
3264 2680 3458 2745 Οὐδεὶς
3506 2679 3562 2737 δέ
3617 2703 3715 2737 σου
3747 2684 3797 2719 ⁸³

2136 2768 2356 2840 ἀληθῶς
2388 2770 2523 2846 πρὸς
2571 2772 2761 2847 γένους
2791 2773 2835 2808 ’⁸⁵
2869 2771 3136 2848 ὑπάρχει;
3177 2771 3338 2846 Κάγὼ
3388 2772 3791 2847 ἀπεκρινάμην

2137 2858 2256 2913 Εἰσὶ
2289 2859 2383 2932 μὲν
2428 2857 2633 2916 πολλοὶ
2682 2861 2769 2915 καὶ
2823 2860 3054 2935 μεγάλοι
3100 2858 3305 2937 ἄνδρες.
3339 2860 3597 2934 Καίσαρος
3644 2860 3794 2935 πρὸς

2137 2950 2291 3022 γένος
2353 2944 2523 3010 ὅντες.
2556 2951 2710 3004 Ὅθεν
2764 2953 2842 3020 τῷ
2901 2949 3017 3022 ἐμῷ
3047 2949 3209 3024 πατρὶ
3250 2950 3324 3011 ὡς
3366 2948 3454 3003 καὶ
3499 2948 3794 3026 συντρόφῳ

2143 3036 2297 3099 αὐτὸς
2356 3043 2558 3113 Καῖσαρ
2613 3035 2903 3113 συγγενίδα
2957 3041 3001 3075 ⁸⁵
3056 3038 3480 3114 προσηρμόσατο
3538 3043 3792 3112 γυναῖκα,

2139 3126 2227 3203 ἀφ’
2256 3128 2322 3194 ἧς
2372 3131 2517 3201 τρεῖς
2567 3126 2858 3201 ἐγενόμεθα
2901 3127 3031 3196 υἱοὶ,
3087 3125 3182 3182 δύο
3235 3128 3329 3200 μὲν
3377 3128 3484 3202 πρὸ
3535 3125 3693 3199 ἐμοῦ,
3736 3125 3794 3181 οἳ

2136 3215 2224 3269 καὶ
2258 3212 2476 3288 δίδυμοι
2510 3210 2657 3278 ὄντες
2690 3215 2824 3271 πάνυ
2855 3215 3040 3289 ὅμοιοι
3071 3215 3344 3287 ἀλλήλοις
3375 3214 3792 3292 έτύγχανον,ὡς

377 3307 568 3361 aiebat
592 3306 734 3361 mihi
768 3322 781 3361 :
815 3322 919 3379 ego
950 3307 1104 3361 enim
1139 3323 1327 3378 neque
1376 3307 1504 3361 illos
1559 3324 1747 3378 neque
1791 3289 2019 3378 genitri-

2136 3302 2293 3366 αὐτὸς
2327 3305 2354 3358 ὀ
2386 3306 2565 3380 πατὴρ
2599 3303 2749 3381 ἔλεγέ
2784 3327 2898 3378 μοι.
2932 3306 3075 3380 Ἐγὼ
3107 3306 3209 3381 γάρ
3252 3302 3374 3360 οὔτε
3414 3304 3631 3373 αὐτοὺς,
3666 3301 3795 3360 οὔτε

377 3410 501 3449 cem
536 3394 702 3450 valde
736 3394 886 3461 novi,
917 3396 1016 3450 sed
1053 3396 1216 3463 quasi
1251 3412 1351 3468 per
1380 3395 1675 3450 somnium
1710 3396 2021 3451 obscuram

373 3499 575 3537 eorum
610 3482 853 3538 formam
906 3482 1117 3539 recolo.
1170 3484 1355 3538 Mater
1400 3499 1533 3553 ergo
1586 3499 1713 3538 mea
1760 3484 2024 3540 Mattidia

373 3570 693 3637 dicebatur,
731 3576 893 3643 pater
923 3576 1121 3627 autem
1160 3573 1427 3641 Faustus,
1454 3571 1700 3625 fratrum
1725 3588 1855 3627 vero
1878 3571 2021 3627 alter

372 3658 689 3715 Faustinus
720 3661 1053 3726 vocabatur,
1089 3660 1237 3715 alter
1255 3661 1557 3715 dicebatnr
1582 3660 2019 3715 Faustinianus.

371 3747 516 3803 Cum
550 3748 728 3819 igitur
761 3750 969 3804 tertius
1001 3765 1105 3821 ego
1142 3755 1272 3820 post
1301 3766 1399 3804 eos
1433 3754 1605 3804 natus
1634 3765 1845 3813 essem,
1898 3766 2021 3805 ma-

371 3837 997 3907 ter(quemadmodum
1020 3842 1184 3909 pater
1207 3854 1374 3893 meus
1399 3838 1703 3910 referebat)
1724 3837 2019 3894 somnium

369 3924 536 3991 vidit,
570 3926 722 3997 quod
760 3927 871 3981 nisi
904 3928 1213 3982 confestim
1247 3927 1479 3982 duobus
1519 3926 1655 3982 {iliis
1686 3927 1810 3982 suis
1835 3929 2018 3999 gemi-

373 4014 465 4069 nis
495 4016 817 4085 assumptis
851 4017 1055 4072 urbem
1103 4017 1346 4072 Romam
1397 4015 1604 4071 fuisset
1659 4031 1912 4087 egressa,
1964 4022 2021 4072 et

370 4102 655 4158 abfuisset
683 4104 854 4158 annis
902 4105 1232 4171 duodecim,
1272 4104 1401 4176 ipsa
1432 4121 1566 4160 cum
1598 4104 1667 4160 iis
1698 4104 1854 4160 letho
1886 4122 2017 4177 pes-

370 4190 521 4245 simo
553 4197 709 4246 esset
731 4192 1059 4246 interitura.

442 4279 532 4334 IX.
566 4279 733 4335 Pater
771 4279 971 4352 igitur,
1007 4280 1105 4352 qui
1137 4281 1453 4337 liberorum
1487 4298 1692 4337 amans
1714 4286 1857 4347 erat,
1881 4299 2012 4338 cum

365 4366 549 4424 servis
579 4372 637 4422 et
665 4368 915 4439 ancillis,
940 4385 1005 4424 ac
1036 4370 1170 4425 dato
1201 4369 1515 4426 sufﬁcienti
1546 4370 1776 4439 viatico,
1819 4371 1878 4427 in
1914 4388 2014 4428 na-

434 4509 511 4583 (a)
541 4508 748 4566 Matth.
782 4526 877 4578 xx,
909 4510 1000 4566 28.

2131 3395 2228 3463 τὴν
2262 3398 2517 3448 τεκοῦσαν
2551 3392 2688 3448 πάνυ
2734 3394 3041 3466 ἐπίσταμαι,
3072 3393 3197 3449 ἀλλ’
3228 3393 3408 3471 ὥσπερ
3457 3391 3529 3449 δι’
3562 3394 3790 3468 ὀνείρων

2132 3481 2373 3558 ἀμαυρὸν
2406 3481 2581 3536 αὐτῶν
2611 3484 2673 3537 τὸ
2706 3481 2848 3545 εἶδος
2874 3483 3144 3561 ἀναφέρω.
3177 3487 3240 3538 Ἡ
3294 3485 3389 3555 μὲν
3446 3481 3534 3538 οῦν
3602 3485 3791 3559 μήτηρ

2135 3592 2239 3642 μου
2269 3568 2534 3628 Ματτιδία
2567 3575 2609 3608 ⁴⁷
2637 3575 2749 3644 (36)
2780 3570 3065 3646 ἐλέγετο,ὁ
3090 3570 3147 3627 δὲ
3176 3574 3356 3648 πατὴρ
3389 3576 3788 3641 Φαῦπος,τῶν

2132 3656 2189 3713 δὲ
2218 3657 2465 3736 ἀδελφῶν
2498 3662 2588 3715 καὶ
2620 3661 2792 3715 αὐτῶν
2822 3662 2850 3715 6
2884 3661 2977 3733 μὲν
3012 3666 3311 3723 Φαυστῖνος
3363 3660 3628 3733 ἐκαλεῖτο,
3666 3662 3694 3716 ὁ
3728 3658 3789 3716 δὲ

2131 3749 2518 3811 Φαυστινιανὸς
2568 3747 2806 3824 ἐλέγετο.
2858 3753 3026 3824 Ἐμοῦ
3084 3748 3174 3804 οῦν
3246 3750 3431 3825 τρίτου
3499 3750 3787 3825 ὲπιγεννη-

2130 3838 2308 3900 Θέντος
2363 3837 2570 3908 αὐτοῖς,
2610 3842 2644 3909 ἡ
2708 3841 2886 3915 μήτηρ
2944 3839 3151 3915 ὄνειρον
3210 3840 3458 3915 ἑωράκει,
3514 3838 3696 3915 ὥσπερ
3755 3841 3785 3895 6

2127 3928 2308 4001 πατήρ
2345 3948 2448 4000 μου
2490 3928 2768 4005 ὑφηγεῖτο,
2801 3927 2905 3999 ὅτι,
2939 3927 3025 3982 ἐάν
3062 3929 3301 4001 μή,τοὺς
3334 3926 3597 4001 διδύμους
3629 3928 3786 3991 υἱοὺς

2128 4014 2296 4084 αὐτῆς
2374 4015 2595 4086 ἐξαυτῆς
2659 4012 3071 4093 παραλαϐοῦσα,
3128 4018 3227 4086 τὴν
3288 4017 3571 4090 Ῥωμαίων
3646 4017 3788 4090 πρὸς

2127 4101 2438 4177 ἀποδημίαν
2486 4105 2672 4179 ἐξέλθῃ
2716 4108 2760 4142 ⁸⁸
2808 4105 2970 4161 πόλιν
3021 4106 3103 4161 ἐπ’
3134 4105 3225 4177 ἔτη
3280 4104 3491 4162 δώδεκα
3523 4108 3588 4179 ‘9,
3620 4128 3785 4161 πανο-

2129 4191 2330 4267 λεθρίῳ
2367 4192 2518 4267 μόρῳ
2550 4194 2660 4267 ἅμα
2692 4194 2876 4257 αὐτοῖς
2905 4195 3189 4259 ἀποθανεῖν
3223 4192 3361 4271 ἔχει.

2197 4284 2343 4339 261
2384 4285 2479 4339 ΙΧ.
2512 4284 2569 4336 Ὀ
2604 4283 2697 4356 μὲν
2760 4281 2851 4338 οὖν
2900 4285 3101 4359 πατὴρ,
3153 4282 3472 4363 φιλότεκνος
3532 4280 3631 4355 ὢν,
3680 4284 3775 4338 σύν

2122 4391 2182 4427 τε
2239 4368 2460 4434 δούλοις
2516 4371 2604 4427 καὶ
2677 4369 2898 4435 δούλαις
2958 4370 3243 4452 ἐφοδιάσας
3301 4374 3502 4437 ἱκανῶς
3558 4372 3647 4428 καί
3702 4373 3781 4435 εἰς

1715 4628 1803 4683 VA
1814 4628 1951 4685 RUE
2014 4631 2419 4689 LECTIONES.

433 4749 479 4784 ³⁸
508 4750 595 4804 Ita
615 4750 779 4826 Epit.
800 4766 848 4807 ο.
867 4750 943 4826 :75
970 4756 1027 4826 et
1056 4751 1120 4818 Ο,
1145 4749 1411 4826 £11qu
1447 4753 1590 4826 09d.
1633 4754 1771 4826 Reg.
1828 4755 1955 4819 804,

2011 4753 2176 4835 ᾕττον
2226 4758 2287 4835 C.
2337 4756 2410 4835 λ⁴⁰
2441 4757 2572 4835 Post
2598 4761 2847 4835 τοιοῦτον
2876 4764 3223 4835 repetuntur
3250 4760 3384 4835 vbb.
3415 4757 3664 4835 ἥμαρτον
3688 4756 3783 4812 ἵνα

367 4825 734 4914 μοιμτοιροῦτον
766 4823 832 4914 iq
857 4822 921 4878 Ο.
999 4824 1232 4914 ⁴ξτρῦτο
1384 4824 1446 4914 ’⁸³
1476 4822 1985 4914 Rufinuihaac’ita
2014 4822 2427 4914 interpretatur
2459 4846 2473 4885 :
2501 4830 2911 4914 écq‘uz'escgr‘em
2941 4822 3086 4914 'tib‘z',
3117 4834 3233 4914 πίε]
3283 4822 3547 4914 Πονῃὺὶιιέ
3596 4841 3783 4913 noster

366 4909 656 4975 -:—_pa.ssu{
696 4896 851 4975 esset,
887 4895 1081 4975 quasi
1097 4895 1320 4975 _lege_r_it_
1355 4893 1526 4975 εἷΑμή
1674 4898 2009 4975 ,⁸³..νικήσειν
2060 4893 2207 4975 ξρίζ.
2287 4901 2446 4975 “eoi
2494 4893 2635 4975 Erit.
2684 4918 2733 4956 c.
2765 4903 2855 4971 76,
2885 4903 3043 4975 quod
3072 4893 3662 4975 praeferendumesse
3692 4903 3779 4957 vi-

366 4965 555 5041 detur.
587 4965 697 5041 tlfr.
734 4965 1029 5041 hqrnIxu,
1064 4965 1182 5021 15f
1226 4968 1275 5041 ξιξ
1304 4971 1383 5041 lla
1409 4967 1455 5041 Ο
1488 4983 1535 5041 c.
1571 4970 1722 5037 Epit.
1754 4967 1793 5023 1.
1827 4965 1889 5024 οξ
1912 4975 1968 5023 et
1998 4965 2125 5025 cod'.
2161 4971 2297 5041 Reg.
2332 4972 2457 5026 804.

2572 4989 2641 5027 uc
2701 4974 2923 5045 accedit
2985 4974 3089 5029 ed.’
3137 4992 3222 5044 pr.
3285 4974 3571 5042 Cotelerii,
3606 4976 3780 5045 cujus

365 5034 501 5126 ἱερὸς
544 5032 736 5126 γένους
798 5037 855 5091 in
918 5043 1162 5125 utraque
1217 5038 1419 5126 Clerici
1461 5039 1551 5126 ed.
1587 5032 2007 5126 permutatum“
2033 5046 2123 5126 est
2173 5032 2304 5098 cu‘m
2337 5040 2673 5126 περᾷς-γένος.
2711 5044 2871 5099 Unde
2903 5032 3316 5126 Schygegderug
3342 5032 3777 5126 emendandus.

364 5105 418 5141 ιδ’
440 5105 596 5182 ᾳύτρν
626 5108 828 5182 Καῖσαρ
861 5129 959 5182 συγ

1001 5115 1089 5189 εἰῇ
1123 5112 1419 5189 olnobilis
1448 5110 1689 5189 adaequ
1701 5112 2255 5189 lamjlg'aaRutinm,
2267 5110 2437 5189 quasi
2489 5110 2725 5189 legisset
2772 5110 3195 5189 συνευγενίδίϐ.
3273 5118 3316 5151 ‘7
3348 5118 3431 5172 Ita
3496 5116 3540 5189 ς)
3570 5120 3692 5189 c._C
3722 5121 3783 5172 et

364 5128 407 5141 νυ
440 5128 596 5159 αυτον
626 5128 828 5179 Λαισαρ
861 5128 1089 5234 συγῦεξη
1123 5128 1185 5177 0.
1217 5128 1419 5165 nomn:
1448 5128 1676 5195 adaeque
1701 5128 1935 5182 [amatae
1970 5128 2237 5179 tumnus,
2271 5131 2437 5185 quae!
2489 5128 2725 5186 legisset
2772 5128 3112 5189 συνευγενῐὸα
3137 5128 3195 5171 (3.
3273 5128 3314 5151 ⁴¹
3348 5128 3431 5172 Ita
3496 5128 3540 5171 U
3572 5133 3621 5171 c.
3652 5128 3692 5171 (λ
3722 5128 3780 5172 et

362 5179 660 5268 codAReg.
692 5180 818 5268 804'.
852 5185 979 5268 Μαῖ
1007 5179 1112 5268 laid
1168 5182 1396 5268 ngog’rlz.
1456 5186 1513 5237 et
1566 5184 1709 5268 13p“.
1786 5184 1830 5218 η
1861 5179 2066 5254 ἐξέλθοι
2106 5188 2163 5239 C.
2241 5186 2285 5220 ⁸³
2316 5181 2463 5254 δέκα,
2497 5190 2555 5253 C,
2593 5187 2747 5255 Ruf,
2778 5188 2915 5259 epit.
2949 5206 2997 5244 c.
3028 5190 3118 5243 76.
3159 5193 3302 5243 Tum
3338 5185 3700 5261 πανωλεθρίῳ
3732 5192 3780 5245 Ο

362 5255 421 5306 et
451 5251 589 5321 Epit.
612 5249 663 5305 'l.
698 5268 748 5306 ο.
784 5255 844 5307 ln
877 5253 1005 5308 cod.
1031 5253 1170 5326 Reg.
1200 5249 1319 5309 804⁷
1336 5249 1459 5327 ἔχοι
1489 5271 1545 5326 p.
1579 5249 1718 5328 ἔχει.

1736 5405 2120 5463 VARIORUM
2160 5407 2392 5463 NOTI‘E.

426 5517 540 5589 (36)
565 5513 951 5591 Ματτιδίαβὶο
1006 5534 1238 5589 quoque
1281 5535 1432 5591 saepe
1470 5519 1664 5576 dictus
1694 5520 2001 5577 dicendus-

359 5605 473 5660 que
500 5590 697 5663 codex.
737 5595 805 5644 At
845 5590 903 5644 in
944 5590 1428 5663 Ῑίεξεοςγγιίιίονήιηὶς⁸
1452 5596 1522 5663 et
1576 5594 1841 5663 Epitome,
1892 5592 2005 5648 im-

358 5659 577 5734 pressis
610 5659 1204 5734 manuqueexaratis,
1234 5659 1515 5729 Ματθιδία,
1569 5659 1848 5733 Mattidia,
1888 5682 2004 5734 quo

359 5682 577 5731 ρι’θυειδ
610 5682 907 5734 manuque
933 5682 1204 5729 BXRPEUS,
1234 5682 1515 5729 Ματυιοια,
1569 5682 1848 5733 mamma,
1932 5682 2004 5720 ΠΟ

359 5731 531 5786 modo
552 5733 706 5803 apud
740 5733 1153 5805 Nicephorum,
1184 5738 1241 5789 et
1268 5734 1447 5790 αι’ωοὶ
1486 5735 1545 5789 in
1606 5735 1842 5791 Menam.
1888 5682 2004 5791 (ὲκ-

2110 5522 2235 5603 pe
2265 5524 2870 5603 tamen_membranas
2894 5526 3345 5603 Recogaitigaum
3364 5542 3542 5603 penes
3571 5528 3649 5603 P._
3666 5527 3774 5603 Pe-

2115 5594 2289 5649 titum
2314 5611 2325 5649 :
2362 5594 2636 5650 exhibent
2660 5595 2813 5650 enim
2841 5594 3135 5653 Mathiiiia.
3162 5594 3563 5655 Chronoloa'us
3584 5597 3767 5655 Altis-

2115 5665 2473 5722 siodorensis
2500 5668 2823 5724 monachus
2851 5669 3131 5726 Matidiam
3165 5676 3350 5728 vocat.
3400 5665 3621 5728 Uftima
3671 5687 3773 5727 ca-

2115 5736 2255 5808 pitis
2283 5752 2420 5793 voce
2453 5738 2650 5808 codex,
2681 5734 2830 5813 ἔχοι.
2878 5739 3009 5797 Οοτ.
