4086 6216
333 460 463 523 309

1475 455 2004 520 CLEMENTINA.
2037 488 2116 500 ——
2148 454 2481 517 HOMILIA
2525 457 2661 519 XII.

3646 457 3765 520 310

325 566 547 646 πλοῖά
593 585 975 665 ἐμϐαλόμενος
1008 593 1073 660 ⁵ο,
1114 589 1189 652 εἷς
1239 590 1334 653 τὰς
1367 590 1597 661 Ἀθήνας
1632 590 1743 661 ἅμα
1771 584 1980 643 παιδευ-

2104 603 2234 643 vem
2265 590 2556 659 conjectos
2586 590 2841 647 Athenas
2872 590 3045 647 etiam
3069 591 3426 647 erudiendos
3459 590 3622 646 misit
3646 609 3759 655 gme

327 678 674 750 θησομένους
730 679 1022 753 ἐξέπεμψεν
1073 682 1138 749 5‘,
1174 678 1271 753 ἐμὲ
1318 677 1375 733 δὲ
1430 679 1595 753 μόνον
1627 678 1740 733 υἱὸν
1775 677 1852 739 εἷς
1896 698 1996 731 πα-

330 768 608 842 ραμυθίαν
664 766 792 844 ἔσχε
845 770 961 841 μεθ’
1004 768 1212 825 ἑαυτοῦ.
1261 770 1363 825 Καὶ
1412 768 1498 823 ἐπὶ
1546 767 1724 841 τούτῳ
1755 770 1800 804 ⁸²
1831 766 1994 843 εὐχα-

2107 694 2239 733 vero
2272 678 2463 733 solum
2500 678 2685 734 ﬁlium
2711 680 2782 735 ad
2798 680 3250 735 consolationem
3274 696 3472 735 secum
3495 681 3758 736 retinuit.

2105 768 2286 837 Atque
2314 782 2441 821 eam
2473 768 2545 822 ob
2579 784 2700 822 rem
2728 768 2993 839 ingentes
3023 769 3241 839 gratias
3272 785 3399 840 ago,
3458 770 3607 839 quod
3670 786 3763 825 me

331 863 510 932 ριστῶ
543 855 751 923 πολλὰ,
802 857 885 913 δτι
934 858 1074 930 κάμὲ
1104 859 1130 912 6
1162 854 1367 933 ὄνειρος
1419 859 1493 930 μή
1545 856 1850 912 κεκελεύκει
1884 857 1980 929 ἅμα

2104 872 2332 926 quoque
2364 857 2658 911 somnium
2688 856 3055 926 nonjusserit
3092 874 3207 911 una
3239 873 3371 911 cum
3407 862 3590 912 matre
3614 858 3755 913 urbe

322 950 399 1017 τῇ
453 944 623 1021 μητρί
671 948 771 1015 τὴν
822 948 1108 1019 Ῥωμαίων
1155 942 1373 1016 ἐκϐῆναι
1424 946 1609 1003 πόλιν.
1662 946 1993 1022 Περαιωθὲν-

319 1056 421 1095 τος
454 1032 553 1089 οὖν
588 1035 835 1090 ἐνιαυτοῦ
885 1037 913 1090 6
945 1038 1122 1112 πατὴρ
1173 1034 1407 1109 ἔπεμψεν
1464 1036 1539 1098 εἰς
1590 1037 1818 1105 Ἀθήνας
1850 1037 1992 1109 χρή-

322 1145 477 1196 ματα
507 1130 634 1185 τοῖς
666 1123 849 1196 αὐτοῦ,
900 1126 1012 1197 ἅμα
1054 1145 1113 1179 τε
1161 1123 1251 1178 καί
1304 1130 1488 1198 μαθεῖν
1542 1127 1586 1160 ⁵³
1632 1124 1695 1178 τὸ
1724 1128 1840 1185 πῶς
1875 1120 1991 1177 διά-

312 1234 535 1287 γουσιν.
598 1213 660 1266 Οἱ
722 1211 778 1267 δὲ
835 1212 1157 1277 ἀπελθόντες
1219 1214 1326 1288 οὐχ
1381 1213 1754 1287 ὑπέστρεψαν.
1814 1210 1992 1286 Τρίτῳ

313 1297 377 1356 δὲ
430 1300 668 1373 ἐνιαυτῷ
720 1303 749 1357 6
798 1304 977 1377 πατὴρ
1028 1302 1249 1375 ἀθυμῶν
1300 1303 1517 1377 ἑτέρους
1567 1301 1775 1374 ὁμοίως
1830 1299 1992 1373 ἔπεμ-

310 1392 387 1463 ψε
439 1393 489 1427 ⁵⁵
556 1392 672 1463 μετ’
722 1389 978 1469 ἐφοδίων,
1022 1389 1213 1454 οἷ’τινες
1263 1389 1504 1467 τετάρτῳ
1550 1390 1776 1461 ἐνιαυτῷ
1818 1388 1990 1458 ἢλθον

316 1477 715 1554 ἀγγέλλοντες,
772 1482 910 1553 μήτε
961 1501 1064 1552 μου
1114 1481 1212 1549 τήν
1266 1484 1523 1535 τεκοῦσαν
1572 1480 1608 1549 ἢ
1655 1477 1782 1540 τοὺς
1828 1475 1992 1532 ἀδελ-

323 1567 455 1643 φοὺς
513 1567 833 1644 ἑωρακέναι,
888 1569 1027 1642 μήτε
1077 1569 1184 1641 μὴν
1231 1567 1426 1631 αὐτοὺς
1485 1571 1529 1605 ⁵⁸
1578 1569 1835 1636 Ἀθήναις
1878 1565 1993 1621 ἐπι-

324 1653 726 1729 δεδημηκέναι,
762 1659 901 1729 μήτε
933 1655 1109 1711 ἄλλου
1156 1657 1305 1719 τινὸς
1352 1661 1461 1712 τῶν
1512 1655 1603 1711 σὺν
1654 1654 1837 1717 αὐτοῖς
1866 1655 1992 1710 ἀπε-

323 1744 654 1814 ληλυθότων
682 1747 778 1801 κᾶν
814 1743 961 1822 ἴχνος
992 1749 1036 1782 ⁸⁸
1067 1745 1371 1823 εὑρηκέναι.

394 1840 462 1890 Χ.
496 1836 559 1893 Ὁ
624 1837 716 1909 μὲν
774 1834 866 1890 οὗν
924 1837 1127 1911 πατὴρ,
1185 1839 1352 1890 ταῦτα
1406 1834 1679 1908 ἀκούσας,
1739 1833 1827 1889 καὶ
1884 1833 1989 1889 61:6

308 1922 548 1995 πολλῆς
603 1924 786 1994 λύπης
834 1919 1106 1997 ἔκθαμϐος
1153 1923 1442 2001 γενόμενος
1477 1969 1490 1992 ,
1524 1926 1612 1978 καὶ
1672 1923 1769 1978 οὐκ
1826 1920 1984 1985 εἰδώς

305 2018 422 2067 ποῦ
486 2014 737 2086 ὁρμήσας
797 2012 885 2067 ἐπὶ
942 2016 1165 2083 ζήτησιν
1221 2013 1393 2067 αὐτῶν
1454 2012 1723 2088 γένηται,
1782 2011 1879 2083 ἐμὲ
1924 2031 1984 2065 τε

306 2097 654 2156 παθαλαϐὼν
684 2102 774 2156 καὶ
808 2102 886 2165 εἷς
939 2102 1139 2175 πόρτον
1172 2097 1431 2171 καταϐὰς,
1463 2100 1690 2156 πολλῶν
1722 2101 1982 2155 πυκνότε-

311 2210 408 2265 ρον
462 2189 806 2257 ἐπυνθάνετο,
858 2194 963 2245 ποῦ
1008 2187 1232 2251 ’ἕκαστος
1282 2190 1457 2245 αὐτῶν
1513 2187 1647 2245 εἶδεν
1681 2192 1722 2225 ⁵⁷
1753 2190 1787 2258 ἢ
1820 2186 1983 2258 ἤκου-

310 2299 399 2333 σεν
463 2278 575 2333 ἀπὸ
630 2278 905 2353 τεσσάρων
966 2278 1098 2334 ἐτῶν
1158 2281 1202 2315 ³⁸
1260 2279 1550 2354 γενόμενον
1613 2280 1981 2356 ναυφράγιον.

316 2367 417 2421 Καὶ
482 2365 656 2429 ἄλλος
708 2365 933 2444 ἀλλαχῆ
970 2363 1177 2443 ἔλεγεν.
1212 2369 1273 2426 Ὁ
1328 2365 1386 2421 δὲ
1438 2366 1880 2435 ἀπεπυνθάνετο,
1935 2367 1981 2421 εἰ

314 2454 596 2529 ἑωράκασι
673 2459 833 2527 σῶμα
904 2456 1156 2531 γυναικὸς
1237 2458 1370 2529 μετὰ
1452 2457 1662 2534 βρεφῶν
1722 2450 1981 2531 ἐκϐεϐρα-

315 2542 545 2614 σμένον.
577 2548 692 2598 Τῶν
726 2546 770 2580 ⁸9
816 2543 909 2598 οὗν
960 2543 1149 2600 πολλὰ
1179 2547 1332 2603 262
1383 2542 1654 2621 λεγόντων
1689 2544 1980 2617 ἑωρακέναι

320 2633 600 2704 πτώματα
646 2634 783 2687 κατᾶ
827 2632 1072 2695 πολλοὺς
1121 2633 1323 2696 τόπους
1354 2637 1418 2703 ⁶⁰,
1462 2635 1490 2688 6
1538 2635 1717 2711 πατὴρ
1766 2632 1977 2688 ἀκούων

323 2718 622 2791 ἐστέναξεν.
675 2721 824 2790 Πλὴν
869 2721 973 2777 61:6
1020 2721 1351 2799 σπλάγχνων
1401 2718 1801 2798 θορυϐούμενος
1852 2720 1980 2777 ἀλό-

316 2830 480 2885 γιστα
541 2809 899 2884 ἐπυνθάνετο,
959 2810 1041 2866 ὅτι
1095 2816 1354 2867 τοσοῦτον
1420 2813 1646 2888 μέγεθος
1704 2811 1977 2883 θαλάττης

317 2897 540 2971 ἑρευνᾷν
598 2897 869 2973 ἐπειρᾶτο.
930 2898 1083 2970 Πλὴν
1143 2902 1479 2976 συγγνωστὸς
1536 2903 1602 2971 ἦν
1661 2904 1725 2971 ⁶¹,
1776 2900 1858 2956 ὅτι
1906 2900 1975 2975 τῇ

318 2987 462 3062 πρὸς
517 2986 646 3049 τοὺς
705 2989 1064 3061 ζητουμένους
1112 2993 1312 3065 στοργῇ
1363 2988 1575 3045 ἐλπίσιν
1628 2985 1976 3045 ἐϐουκολεῖτο

317 3080 528 3137 κεναῖς.
590 3076 687 3130 Καὶ
736 3074 942 3147 δήποτε
994 3076 1098 3132 61:6
1146 3079 1467 3152 φροντιστὰς
1516 3081 1749 3149 ποιήσας
1795 3098 1859 3150 με
1887 3076 1975 3132 καὶ

320 3164 399 3225 εἰς
448 3164 673 3237 Ῥώμην
723 3163 1054 3238 καταλείψας
1098 3162 1445 3237 δωδεκαετῆ,
1496 3166 1677 3236 αὐτὸς,
1733 3163 1977 3242 δακρύων

318 3250 399 3312 εἷς
433 3250 636 3325 πόρτον
684 3249 958 3307 κατελθὼν
1007 3253 1096 3306 καὶ
1129 3252 1204 3313 εἷς
1234 3253 1430 3307 πλοῖον
1472 3249 1665 3327 ἐμϐὰς,
1699 3253 1973 3329 ἀναχθεὶς,

2106 943 2289 998 Roma
2317 946 2611 1000 excedere.
2670 952 2837 1000 Anno
2884 946 3062 1017 igitur
3118 946 3430 1018 completo,
3467 952 3629 1017 pater
3686 948 3755 1001 ad

2104 1049 2242 1088 suos
2268 1034 2519 1089 Athenas
2548 1034 2707 1089 misit
2729 1033 3370 1106 pecuniam,simulque
3392 1034 3755 1091 sciscitatum

2101 1138 2212 1192 quo
2246 1124 2415 1178 modo
2448 1128 2706 1194 agerent.
2743 1124 2850 1187 Qui
2882 1140 3013 1178 vero
3072 1124 3362 1191 abierunt,
3396 1139 3511 1177 non
3546 1124 3757 1179 reversi

2102 1215 2259 1266 sunt.
2290 1211 2482 1267 Tertio
2515 1217 2707 1267 autem
2734 1228 2887 1267 anno
2911 1218 3153 1267 mestus
3176 1218 3338 1283 pater
3358 1211 3501 1266 alios
3524 1211 3758 1283 ablega-

2100 1299 2182 1354 vit
2212 1299 2485 1355 similiter
2509 1316 2641 1356 cum
2673 1301 2848 1356 rebus
2879 1301 2949 1355 ad
2983 1301 3199 1355 victum
3259 1301 3589 1366 necessarii,
3648 1301 3752 1371 qui

2102 1392 2309 1460 quarto
2337 1406 2491 1444 anno
2523 1390 2773 1461 regressi
2814 1392 3109 1456 nuntiant,
3142 1406 3327 1460 neque
3381 1406 3571 1445 meam
3633 1405 3754 1445 ma-

2100 1481 2249 1533 trem
2278 1495 2354 1548 se,
2390 1495 2577 1550 neque
2626 1480 2834 1535 fratres
2892 1479 3131 1547 vidisse,
3190 1481 3289 1535 sed
3349 1495 3537 1550 neque
3593 1478 3755 1551 ipsos

2099 1566 2360 1623 Athenas
2384 1568 2736 1640 pervenisse,
2781 1585 2968 1641 neque
3018 1586 3269 1640 usquam
3324 1568 3597 1639 alicujus,
3654 1569 3754 1639 qui

2100 1672 2232 1711 cum
2262 1657 2406 1729 ipsis
2440 1657 2688 1726 fuerant,
2711 1658 2799 1713 vel
2829 1658 3141 1731 vestigium
3174 1675 3207 1714 a
3236 1674 3298 1714 se
3328 1661 3644 1730 repertum.

2169 1835 2233 1891 Χ.
2269 1836 2437 1891 Pater
2463 1852 2598 1909 ergo
2624 1836 2747 1891 hinc
2776 1837 3022 1893 audiens
3054 1840 3109 1893 et
3159 1836 3344 1892 multa
3372 1835 3605 1892 tristitia
3652 1836 3754 1892 ob-

2098 1926 2875 1997 stupefactus,nesciensque
2905 1942 3019 1997 quo
3051 1926 3311 1981 tenderet
3342 1942 3407 1980 ac
3438 1924 3571 1980 illos
3602 1940 3755 1997 quas-

2094 2017 2263 2079 reret,
2303 2017 2607 2083 assumpto
2660 2030 2772 2079 me,
2831 2029 2896 2067 ac
2954 2012 3011 2066 in
3070 2016 3306 2084 portum
3365 2010 3747 2080 descendens,

2093 2101 2309 2158 multos
2343 2101 2704 2174 frequentius
2730 2102 3196 2173 percontabatur,
3231 2101 3327 2155 ubi
3360 2100 3609 2172 quisque
3650 2115 3749 2155 eo-

2091 2207 2221 2245 rum
2255 2191 2497 2245 vidisset
2528 2189 2615 2245 vel
2651 2190 2935 2245 audiisset
2964 2207 2997 2244 a
3027 2195 3279 2261 quatuor
3298 2188 3468 2243 annis
3510 2189 3745 2244 naufra-

2091 2280 2254 2351 gium
2286 2280 2816 2351 contigisse.Atque
2836 2279 2977 2334 varii
3006 2279 3163 2333 vario
3197 2279 3253 2332 in
3286 2277 3410 2333 loco
3466 2278 3748 2333 accidisse

2091 2368 2544 2424 referebantJlle
2576 2386 2709 2425 vero
2742 2370 2954 2424 iterum
2998 2368 3262 2439 rogabat,
3292 2383 3434 2421 num
3464 2366 3749 2421 vidissent

2089 2474 2305 2530 corpus
2331 2457 2595 2513 mulieris
2612 2474 2743 2513 cum
2772 2456 2968 2529 pueris
2986 2473 3019 2511 a
3042 2455 3189 2511 mari
3211 2456 3747 2526 ejectum.Cumque

2088 2547 2173 2601 illi
2209 2547 2395 2603 multa
2425 2564 2487 2603 se
2514 2547 2717 2602 multis
2748 2546 2888 2602 locis
2918 2546 3201 2601 cadavera
3220 2544 3436 2599 vidisse
3465 2544 3741 2611 dicerent,

2089 2640 2253 2708 pater
2280 2636 2525 2691 audiens
2557 2634 3216 2708 ingemiscebat.Verum
3241 2633 3494 2688 naturali
3526 2633 3734 2688 affectu

2087 2726 2464 2797 perturbatus
2491 2730 2695 2797 praeter
2716 2725 2999 2780 rationem
3031 2722 3459 2789 sciscitabatur,
3488 2720 3588 2792 qui
3612 2725 3737 2776 tan—

2084 2818 2205 2868 tam
2239 2814 2418 2870 maris
2447 2814 2777 2870 vastitatem
2808 2812 3058 2870 scrutari
3112 2817 3440 2868 conaretur.
3464 2812 3738 2866 Attamen

2085 2904 2252 2959 venia
2282 2904 2495 2976 dignus
2525 2909 2666 2972 erat,
2700 2905 2855 2975 quod
2887 2902 3172 2957 charitate
3225 2917 3362 2973 erga
3412 2916 3530 2967 eos,
3588 2916 3738 2971 quos

2085 2993 2402 3063 quaerebat,
2433 2994 2650 3065 spebus
2680 2992 2975 3048 laetaretur
3000 2991 3295 3047 inanibus.
3326 2990 3587 3061 Denique
3624 3004 3740 3050 ,me

2085 3082 2196 3135 sub
2232 3082 2530 3154 magistris
2578 3083 2859 3153 positum,
2909 3096 3095 3136 annos
3143 3084 3346 3134 natum
3407 3078 3735 3148 duodecim,

2086 3170 2280 3225 Romae
2310 3169 2564 3242 reliquit,
2596 3176 2653 3226 et
2681 3170 2805 3241 ipse
2839 3171 2984 3225 ﬂens
3014 3168 3312 3224 descendit
3361 3168 3431 3221 ad
3482 3172 3738 3238 portum,

2088 3259 2333 3330 navique
2364 3276 2680 3315 conscensa
2703 3260 3014 3314 subvectus
3045 3258 3115 3313 ad
3145 3257 3585 3328 inquisitionem
3611 3272 3741 3327 pro-

318 3339 407 3394 ἐπὶ
458 3341 558 3409 τὴν
611 3342 835 3410 ζήτησιν
878 3339 1172 3416 ἐπορεύθη.
1224 3341 1328 3398 Καὶ
1377 3338 1561 3396 ἔκτοτε
1608 3341 1683 3404 εἷς
1733 3328 1835 3411 τὴν
1884 3344 1977 3414 σή-

2094 3328 2275 3403 t'ectus
2296 3353 2407 3403 est.
2424 3350 2606 3419 Atque
2628 3365 2693 3403 ex
2717 3365 2780 3403 eo
2798 3352 3057 3419 tempore
3082 3363 3269 3418 usque
3300 3346 3356 3401 in
3391 3345 3740 3402 hodiernum

321 3450 491 3504 μερον
524 3429 732 3505 ἡμέραν
781 3426 905 3484 οῦτε
958 3450 1256 3506 γράμματα
1313 3427 1573 3504 ἐδεξάμην
1622 3433 1747 3506 παρ’
1786 3432 1972 3502 αὐτοῦ,

316 3514 444 3571 οὔτε
500 3518 545 3571 εἱ
606 3519 672 3588 ζῇ
727 3517 833 3572 εἴτε
877 3520 923 3554 ⁶²
965 3520 1191 3589 τέθνηκε
1237 3524 1418 3597 σαφῶς
1465 3519 1773 3593 ἐπίσταμαι.
1826 3520 1975 3576 Μᾶλ-

286 3603 416 3658 ’λον
475 3603 531 3659 δὲ
560 3604 778 3660 ὖπονοῶ
827 3604 911 3661 ὅτι
956 3606 1046 3661 καὶ
1097 3606 1253 3669 αὐτὸς
1300 3608 1523 3678 τέθνηκέ.
1568 3629 1675 3663 που
1703 3611 1768 3676 ⁸³,
1799 3609 1834 3678 ἣ
1870 3607 1974 3664 ὒπὸ

318 3691 506 3763 λύπης
565 3693 808 3763 νικηθεὶς
866 3694 902 3763 ἢ
959 3694 1202 3770 ναυαγίῳ
1261 3698 1565 3772 περιπεσών
1599 3741 1611 3753 .
1670 3697 1874 3753 Τούτου
1930 3701 1976 3736 ⁶⁴

320 3779 379 3837 δὲ
410 3780 630 3858 δεῖγμα,
656 3782 737 3838 ὅτι
769 3779 880 3851 ἤδη
934 3781 1126 3839 λοιπὸν
1158 3780 1341 3840 ἔκτοτε
1371 3785 1610 3841 εἰκοστὸν
1660 3784 1780 3849 ἔτος
1812 3785 1972 3857 ἐστὶν,

318 3871 409 3949 ἐφ’
495 3874 563 3940 ἧς
646 3874 693 3909 ⁸³
775 3869 1030 3945 οὐδεμίαν
1111 3874 1230 3929 τινὰ
1285 3874 1409 3950 περὶ
1484 3874 1650 3930 αὐτοῦ
1716 3875 1976 3947 ἀλήθειαν

315 3958 552 4030 ἤκουσα.

390 4055 482 4106 XI.
513 4055 569 4105 '0
598 4046 657 4105 δὲ
707 4051 935 4125 Πέτρος,
968 4050 1179 4106 ἀκούων
1234 4055 1425 4121 ταῦτα,
1481 4052 1586 4108 61:6
1639 4053 1976 4126 συμπαθείας

318 4136 629 4214 ἐδάκρυσεν,
687 4138 777 4193 καὶ
837 4138 1030 4200 εὐθέως
1085 4144 1203 4203 τοῖς
1275 4146 1491 4196 συνοῦσι
1548 4142 1790 4217 γνησίοις
1847 4142 1971 4222 ἔφη·

317 4234 497 4283 Ταῦτα
554 4224 608 4283 εἷ’
656 4249 741 4290 τις
794 4229 1106 4284 πεπόνθειεν
1165 4232 1210 4266 ⁶⁶
1257 4224 1537 4300 θεοσεϐὴς,
1590 4232 1677 4285 οἴα
1707 4233 1735 4286 6
1777 4233 1974 4288 τούτου

317 4318 556 4373 πέπονθε
583 4319 786 4393 πατὴρ,
820 4317 1017 4381 εὐθέως
1068 4323 1145 4391 τῷ
1190 4322 1288 4387 τῆς
1339 4314 1642 4382 θεοσεϐείας
1693 4320 1845 4397 λόγῳ
1873 4324 1972 4392 τὴν

318 4406 496 4462 αἰτίαν
553 4414 863 4483 προσῆπτεν
925 4405 1237 4485 ἐπιγράφων
1291 4408 1384 4464 τὸν
1436 4409 1677 4482 πονηρόν
1724 4413 1787 4447 ⁸⁷·
1830 4410 1973 4467 οὕτω

313 4498 406 4551 καὶ
448 4500 569 4557 τοῖς
606 4495 981 4572 ταλαιπώροις
1034 4495 1197 4551 ἔθνεσι
1252 4492 1533 4569 συμϐαίνει
1579 4498 1832 4575 πάσχειν,
1882 4500 1970 4555 καθ

312 4586 618 4662 ἀγνοοῦμεν
670 4586 721 4639 οἱ
778 4584 1069 4649 θεοσελεῖς.
1120 4584 1511 4662 Ταλαιπώρους
1563 4584 1621 4642 δὲ
1657 4587 1851 4651 αὐτοὺς
1884 4588 1969 4644 εὐ-

2084 3437 2238 3492 diem
2273 3454 2459 3508 neque
2488 3437 2713 3492 litteras
2746 3439 2873 3507 ejus
2904 3435 3320 3507 accepi,neque
3353 3436 3400 3489 si
3441 3434 3593 3489 vivat
3641 3436 3742 3489 aut

2083 3526 2392 3581 defunctus
2425 3526 2502 3581 sit
2532 3531 2689 3581 certo
2714 3526 2864 3580 novi.
2900 3525 3009 3581 Sed
3045 3523 3231 3596 magis
3274 3522 3541 3594 suspicor
3571 3521 3738 3576 illum

2084 3631 2317 3687 quoque
2345 3616 2579 3687 obiisse,
2612 3618 2713 3670 aut
2750 3613 2987 3669 tristitia
3011 3613 3250 3677 victum,
3282 3616 3383 3667 aut
3412 3610 3737 3682 naufragio,

2083 3702 2432 3759 involutum.
2458 3703 2559 3758 Cui
2594 3702 2676 3758 rei
2702 3705 3047 3774 argumento
3078 3705 3187 3767 est,
3208 3700 3336 3771 jam
3379 3700 3450 3754 ab
3480 3716 3547 3755 eo
3591 3704 3736 3755 tem-

2084 3808 2221 3864 pore
2252 3792 2601 3866 vigesimum
2622 3807 2845 3847 annum
2867 3806 3016 3857 esse,
3048 3806 3117 3846 ex
3167 3805 3282 3861 quo
3341 3788 3486 3844 nihil
3543 3788 3615 3844 de
3670 3804 3737 3845 eo

2083 3883 2201 3939 veri
2232 3882 2573 3937 audiverim.

2154 4061 2247 4118 Χῐ.
2281 4061 2487 4117 Petrus
2518 4077 2648 4116 vero
2696 4059 2819 4116 bees
2878 4057 3146 4123 audiens,
3209 4055 3738 4113 commiserationis

2085 4151 2293 4207 affectu
2334 4149 2625 4222 lacrymae
2671 4148 2854 4204 fudit:
2914 4146 3233 4219 statimque
3289 4146 3361 4200 ad
3421 4144 3739 4201 familiares

2086 4240 2185 4312 qui
2216 4240 2460 4295 aderant
2489 4238 2603 4293 ait:
2636 4242 2768 4293 Haec
2800 4236 2849 4293 si
2882 4236 3095 4308 quisin
3139 4235 3241 4291 Dei
3301 4233 3461 4290 cultu
3514 4234 3738 4306 positus

2084 4327 2439 4401 pertulisset,
2473 4344 2599 4398 quae
2630 4326 2807 4395 hujus
2840 4324 3078 4397 pertulit
3102 4328 3285 4396 pater,
3318 4323 3623 4380 confestim
3655 4340 3739 4379 re-

2082 4416 2283 4489 ligioni
2315 4415 2679 4471 attribuisset
2709 4431 2973 4480 causam,
3000 4418 3057 4470 et
3088 4412 3319 4469 diabolo
3342 4413 3731 4484 ascripsisset.

2084 4507 2170 4561 Ita
2196 4507 2374 4560 etiam
2407 4504 2637 4560 miseris
2659 4502 2977 4577 gentilibus
3010 4500 3297 4573 contingit
3319 4501 3460 4573 pati,
3492 4506 3549 4556 et
3579 4501 3738 4573 igno-

2083 4611 2283 4651 ramus
2306 4593 2405 4665 qui
2436 4593 2516 4665 pii
2540 4609 2677 4665 erga
2693 4592 2874 4647 Deum
2908 4590 3387 4647 sumus.Miseros
3417 4595 3613 4645 autem
3634 4608 3735 4647 eos

313 4673 501 4750 λόγως
532 4671 745 4749 εἷ’ρηκα,
795 4672 878 4728 ὅτι
921 4672 1143 4729 ἐνταῦθα
1187 4673 1424 4730 ἀλῶνται
1471 4677 1689 4746 καὶτῆς
1735 4676 1847 4732 ἐκεῖ
1877 4676 1966 4733 ἐλ-

2094 4680 2198 4737 iixi
2229 4680 2456 4746 merito,
2491 4679 2589 4752 qui
2621 4685 2679 4735 et
2721 4679 2814 4734 hic
2845 4683 3130 4751 vagantur
3161 4678 3219 4733 in
3245 4678 3539 4734 erroribus
3569 4682 3629 4734 et
3658 4678 3731 4733 ab

308 4761 475 4825 πίδος
508 4763 572 4818 06
602 4764 979 4839 τυγχάνουσιν.
1030 4764 1093 4818 Οἱ
1127 4767 1280 4822 263
1332 4766 1431 4841 γὰρ
1465 4764 1517 4819 ἐν
1564 4761 1838 4838 θεοσεϐείᾳ
1866 4766 1969 4824 πά-

311 4872 548 4929 σχοντες
596 4850 664 4907 τὰ
704 4846 933 4929 θλιόερὰ
972 4851 1048 4915 εἰς
1098 4850 1349 4931 ἔκπραξιν
1380 4857 1835 4929 παραπτωμάτων
1873 4857 1972 4912 πά-

309 4962 494 5018 σχουσ
501 4963 546 4995 ιν
557 4984 570 4997 .

2080 4787 2182 4841 spe
2212 4771 2409 4825 futura
2442 4768 2804 4824 fraudantur.
2837 4768 2937 4824 Dei
2969 4769 3125 4823 enim
3157 4767 3407 4823 cultores
3454 4783 3592 4822 cum
3641 4766 3732 4822 in-

2080 4857 2387 4915 commoda
2417 4856 2742 4928 patiuntur,
2804 4855 2875 4911 ad
2934 4854 3327 4927 expiationem
3387 4853 3731 4911 delictorum

2082 4948 2400 5022 perferunt.

1676 5045 1921 5102 VARI/E
1960 5044 2367 5104 LECTIONES.
2414 5037 2426 5051 ’

380 5121 876 5202 ⁵⁸ἐμϐαλλόμενος
932 5132 992 5185 C.
1049 5131 1091 5167 ⁵¹
1153 5127 1450 5202 ἐξέπεμψας
1508 5130 1573 5202 0,

1634 5135 1931 5191 mendose.
1989 5137 2035 5172 ⁶²
2084 5133 2171 5189 ἐπὶ
2220 5137 2401 5204 τοῦτο
2434 5149 2554 5204 var.
2609 5130 2741 5188 lect.
2806 5149 2898 5204 ap.
2946 5130 3358 5204 C.VS_criptura
3398 5131 3745 5204 Ottobonia-

310 5204 373 5291 ni
408 5218 514 5291 nec
544 5201 717 5291 plena
745 5206 855 5291 etet,
886 5209 1283 5291 pequencerta.
1317 5201 1369 5239 ⁵³
1394 5202 1548 5291 Ροεῒλ
1565 5207 2031 5291 μαθεῖντθχςξάίε
2064 5210 2308 5291 fortasse
2352 5201 2714 5291 γλιχόμενος,

307 5270 648 5347 ψενῗὸμρίως
676 5276 731 5329 C.
754 5273 812 5347 :3
841 5270 1035 5347 a6:0_6c
1074 5275 1306 5347 Recogn.
1345 5291 1455 5347 "vlg,
1514 5270 1573 5344 9,
1628 5274 1816 5338 αὐταῖς
1878 5280 1938 5335 C.
1993 5279 2057 5334 0.

311 5341 366 5402 ὁ.
398 5341 702 5423 8,3510:
737 5345 902 5423 _Tum
958 5341 1195 5423 ἤκουσαν
1216 5341 1307 5423 ⁷⁸0.
1342 5345 1386 5380 ⁵⁸
1416 5341 1671 5423 ἐνιαυτῶν
1819 5350 2146 5423 lu___e_odem
2199 5341 2362 5423 deest
2393 5341 2759 5423 νίιυτρράγίρνζ
2786 5348 2949 5423 ACOQ.
3004 5346 3141 5423 Beg.

2809 5201 2923 5259 uod
2972 5201 3132 5276 addit
3174 5201 3316 5276 βρίι.
3372 5205 3428 5259 s.
3480 5204 3527 5237 ει
3572 5201 3738 5276 ἔπεμ-

2870 5278 2930 5332 C.
2974 5275 3038 5331 0.
3088 5273 3131 5307 ⁵⁸
3181 5272 3337 5336 ἶγνος
3390 5276 3453 5331 Ο.
3505 5276 3547 5308 ⁸⁷
3581 5272 3738 5332 ΙῐειὈ

2118 5280 2267 5335 Tum
2329 5271 2492 5347 μῆτέ⁷
2525 5271 2608 5341 3.,
2674 5271 2783 5345 μηδ

3231 5347 3299 5401 04
3349 5354 3407 5402 et
3436 5347 3581 5414 Epit.
3618 5363 3731 5402 scr.

308 5416 565 5492 ναυάγιον
596 5416 706 5472 Sed
737 5415 897 5471 hom.
927 5433 1021 5481 xv,
1061 5418 1096 5472 3
1138 5416 1353 5543 legitur
1398 5415 1646 5491 ναυαγία.
1702 5420 1853 5476 Tum
1894 5417 2034 5475 ἄλλο
2088 5438 2141 5492 ρ.
2200 5416 2372 5480 αλλος
2422 5419 2487 5474 0.
2524 5415 2582 5454 ’⁵⁷9
2625 5415 2725 5493 τήν
2776 5419 2839 5474 Ο.
2889 5420 2933 5453 ⁶⁰
2962 5415 3163 5474 τόπους
3196 5417 3261 5472 0.
3311 5434 3362 5473 ο.
3415 5418 3542 5472 cod.
3595 5418 3734 5491 Reg.

309 5489 441 5543 804.
475 5487 712 5543 τρόπους
761 5492 820 5542 C.
864 5487 907 5523 ⁶¹
955 5485 1047 5541 οῦν
1106 5492 1168 5543 0.
1254 5505 1351 5543 um
1400 5486 1506 5543 πρό
1567 5489 1997 5543 n.1ro6cidem.
2032 5494 2079 5528 ⁵³
2110 5488 2146 5543 ἢ
2176 5493 2236 5543 C.
2286 5492 2331 5526 ⁸³
2378 5510 2483 5543 που
2532 5507 2648 5543 om.
2699 5493 2763 5543 0.
2814 5491 2965 5543 Tum
2996 5487 3306 5543 ναυφραγίω
3362 5488 3420 5542 C.
3462 5488 3508 5522 ⁶⁴
3538 5487 3734 5542 τούτου

309 5485 712 5560 804.’τρόπους
761 5492 820 5542 C.
864 5487 907 5523 ⁶¹
955 5485 1047 5560 οῦν
1106 5492 1168 5543 0.

306 5561 400 5636 ᾗ,
433 5557 704 5636 exﬁpiL,
734 5560 906 5636 106:0
944 5558 1003 5616 C.
1035 5562 1103 5636 Οἶ
1147 5560 1193 5594 ⁸³
1221 5558 1310 5636 ἀφ’
1358 5557 1642 5636 06:Ep1:t.,
1667 5557 1765 5636 ,ἀφ’
1796 5563 1868 5616 ὧν
1916 5564 1982 5630 0,

1254 5505 1351 5579 um
1393 5486 1515 5579 χερί
1547 5486 1621 5579 Ἠ.
1654 5489 1997 5579 «praevidens.
2032 5486 2146 5576 ⁸ίῆ
2286 5492 2331 5526 ⁵³
2378 5510 2483 5544 που
2532 5507 2650 5577 οη]ἰ
2699 5492 2763 5543 Ο.
2814 5491 2965 5579 Tum
2996 5487 3306 5579 ναυςρραγίῳ

2041 5537 2168 5635 qui_
2193 5568 2317 5618 tum
2369 5578 2485 5618 om.
2534 5561 2677 5629 τινά,
2712 5561 3043 5635 scribitque
3100 5537 3168 5615 άλ

3362 5488 3420 5542 C.
3462 5488 3508 5522 ⁸⁵
3538 5488 3735 5542 τούτᾶυ

3173 5558 3347 5628 ἤθεια.
3395 5560 3438 5593 ⁸⁵
3481 5558 3735 5614 πεπόνθει

307 5624 477 5689 δίη)
510 5624 715 5687 00880
760 5630 991 5686 videtur
1044 5624 1304 5694 πέπονθόι
1353 5629 1404 5683 ὲν
1439 5624 1733 5714 θεόσεοείςῃ⁸
1763 5652 1818 5715 p.
1870 5654 1928 5691 1:.
1968 5624 2259 5717 ’θεοσεβήᾳ
2310 5634 2352 5669 ⁸⁷
2401 5637 2481 5704 τῷ
2524 5624 2747 5758 nemp?
2768 5624 3129 5717 “cod..Reg.
3183 5624 3286 5716 80:5
3334 5632 3573 5717 et‘Epi't.
3626 5633 3735 5687 Sed

309 5704 419 5758 cfr.
454 5703 615 5758 hom.
651 5720 727 5758 ιι.
761 5702 849 5758 16.
885 5703 971 5758 17.
1006 5704 1091 5758 18.
1124 5703 1208 5758 Ad
1231 5720 1394 5758 oram
1419 5702 1790 5758 Ottobomam
1822 5706 1932 5758 hoc
1962 5708 2224 5758 scholion
2256 5709 2447 5758 exstat
2486 5723 2499 5758 :
2536 5699 2663 5758 i’awc
2742 5723 2789 5757 ει
2836 5704 3129 5758 ποοάπτειν
3175 5720 3312 5758 προς
3358 5720 3457 5758 την
3488 5702 3729 5758 omam

309 5704 419 5758 cfr.
454 5703 615 5759 hom.
651 5720 727 5773 ix,
761 5702 849 5769 16,
885 5703 1091 5773 17,18.
1124 5703 1208 5759 Ad
1231 5720 1394 5760 oram
1419 5699 1790 5761 Ottoboniani
1822 5706 1932 5762 hoc
1962 5699 2224 5764 scholion
2256 5699 2499 5761 exstat:
2536 5699 2663 5765 ιεως

306 5773 630 5855 ἰπιγράφων
655 5772 747 5830 τὸν
778 5771 1040 5849 πονηρόν.

2768 5706 2790 5756 ἴ
2836 5700 3129 5779 προάπτέιν
3175 5701 3312 5775 πρὸς
3358 5700 3729 5773 τήνίσύνταξιν
