4086 6216
352 415 465 475 3H

1181 415 1245 474 S.
1292 412 1737 475 CLEMENTIS
1782 412 1809 473 Ι
1853 410 2041 471 ΒΟΜ.
2087 408 2321 491 ΡΟΝΤ.
2367 411 2630 474 OPERA
2672 413 2932 476 DUBlA.

3643 411 3767 471 312

426 544 546 599 ΧΠ.
580 544 697 599 Ista
728 548 1039 616 postquam
1071 545 1311 601 dixisset
1341 546 1564 614 Petrus,
1598 562 1752 601 unus
1781 562 1849 599 ex
1898 560 2000 597 no-

2182 542 2301 597 XII.
2335 546 2509 597 Ταῦτα
2554 548 2651 599 τοῦ
2710 543 2912 618 Πέτρου
2972 542 3220 605 εἰπόντος
3277 543 3352 603 εἷς
3401 562 3483 604 τις
3532 546 3643 597 τῶν
3709 544 3762 598 ἐν

356 632 496 688 stris
526 632 769 687 audacia
799 637 1031 703 sumpta
1065 650 1166 704 pro
1198 634 1474 690 omnibus
1506 635 1900 705 rogaviteum,
1942 636 2006 686 ut

359 720 448 777 die
478 721 735 776 crastina
768 721 1057 777 maturius
1088 721 1145 776 in
1180 724 1461 789 Aradum,
1488 722 1814 795 oppositam
1843 723 2003 776 insu-

356 809 498 874 lam,
532 826 660 881 quae
690 811 947 880 triginta,
981 812 1207 882 opinor,
1244 829 1346 866 nec
1380 813 1516 867 totis
1549 812 1755 867 stadiis
1803 812 2003 877 distat,

357 900 785 971 navigaremus,
814 901 883 953 ad
911 901 1287 955 videndasibi
1318 902 1465 955 duas
1495 901 1799 958 columnas
1828 902 2008 956 viteas

358 988 675 1043 maximam
711 989 923 1044 molem
952 989 1249 1044 habentes.
1304 990 1506 1045 Petrus
1564 1006 1720 1061 ergo,
1776 996 1838 1044 ut
1886 996 2010 1045 erat

358 1076 875 1142 clementissimus,
935 1079 1240 1141 concessit,
1295 1079 1526 1133 dicens:
1580 1080 1723 1134 Cum
1782 1096 1811 1134 e
1878 1078 2007 1134 navi

357 1166 576 1238 egressi
596 1166 845 1233 fueritis,
882 1184 952 1221 ne
985 1184 1098 1221 una
1140 1166 1311 1222 multi
1373 1168 1699 1239 procedatis
1747 1168 1817 1223 ad
1877 1185 2006 1240 spe-

360 1252 673 1311 ctationem
704 1272 905 1311 eorum
931 1258 1327 1328 quaacupitis:
1387 1257 1518 1313 nolo
1576 1258 1733 1313 enim
1793 1257 2008 1312 civium

360 1360 682 1401 concursus
711 1345 781 1399 ad
815 1362 914 1400 vos
946 1345 1089 1400 ﬁeri.
1123 1350 1313 1417 Atque
1344 1349 1428 1401 sic
1485 1346 1821 1418 navigantes
1882 1364 2009 1402 mo-

362 1437 559 1488 mento
592 1433 745 1489 horae
769 1434 828 1487 in
860 1433 1114 1489 insulam
1147 1434 1321 1491 delati
1366 1452 1594 1491 sumus.
1656 1440 1721 1491 Et
1772 1437 2009 1492 descen-

363 1521 567 1577 dentes
595 1538 663 1577 ex
690 1522 909 1593 scapha
929 1539 993 1578 eo
1022 1523 1244 1595 agressi
1292 1540 1520 1594 sumus,
1547 1524 1645 1578 ubi
1694 1529 1861 1579 erant
1915 1541 2015 1581 co-

364 1610 579 1666 lumna)
600 1611 760 1667 vitea:
795 1629 807 1678 ;
843 1611 1139 1683 simulque
1179 1629 1313 1668 cum
1337 1612 1631 1669 columnis
1660 1612 1814 1669 alius
1853 1611 2010 1668 aliud

368 1716 433 1755 ex
466 1700 683 1755 Phidizu
715 1701 988 1771 operibus
1020 1702 1343 1771 spectabat.

436 1790 581 1844 XIII.
630 1790 786 1846 Unus
823 1794 1017 1845 autem
1070 1794 1275 1846 Petrus
1334 1807 1568 1847 necesse
1624 1808 1739 1847 non
1788 1792 2014 1863 putavit

2113 632 2246 701 ἡμῖν
2278 629 2561 704 τολμήσας
2612 632 2723 687 ἀντὶ
2775 632 2991 688 πάντων
3041 630 3404 707 παρεκάλεσεν
3451 630 3635 700 αὐτὸν,
3666 630 3759 687 αῦ-

2116 739 2229 794 ριον
2265 718 2631 796 ὀρθριαίτερον
2681 724 2724 759 53
2757 723 2868 793 (37)
2918 722 2995 783 εἰς
3044 717 3298 795 Ἄραδον,
3347 721 3446 787 τὴν
3488 720 3755 778 κατέναντι

2114 814 2301 876 νῆσον,
2336 807 2667 877 εἰσπλεῦσαι,
2698 814 3008 887 τριάκοντα,
3055 809 3229 882 οἶμαι,
3280 806 3395 863 οὐδ’
3442 807 3602 873 ὅλους
3633 810 3750 865 ἀπέ-

2116 916 2319 971 χουσαν
2354 895 2624 962 σταδίους,
2659 899 2733 960 ὡς
2780 897 2864 953 ἐπὶ
2915 898 3126 973 ἱστορίᾳ
3171 903 3277 952 τῶν
3313 896 3423 952 ἐκεῖ
3453 898 3753 969 ἀμπελίνων

2118 982 2212 1039 δύο
2260 985 2469 1041 στόλων
2521 988 2743 1063 μέγιστα
2790 987 3026 1063 ἐχόντων
3076 989 3341 1077 πάχη.ζο
3372 985 3462 1041 οὖν
3490 990 3760 1057 πειθήνιος

2119 1074 2320 1150 Πέτρος
2353 1076 2725 1150 συνεχώρησεν
2759 1076 2947 1132 εἰπών.
2982 1077 3143 1131 Ἐπάν
3173 1080 3270 1130 τοῦ
3286 1071 3500 1131 ἶπλοίου
3548 1071 3762 1147 ἐκϐἧτε,

2121 1165 2195 1237 μὴ
2231 1164 2341 1236 ἅμα
2372 1162 2574 1220 πολλοὶ
2635 1165 2939 1241 εἶ’σέρχεσθε
2990 1165 3064 1227 εἷς
3112 1166 3210 1234 τήν
3262 1163 3488 1237 θεωρίαν
3540 1165 3613 1218 ὧν
3644 1163 3769 1218 ἐπι-

2118 1255 2356 1325 θυμεῖτε·
2419 1252 2480 1306 οὐ
2536 1253 2636 1329 γὰρ
2696 1252 2969 1329 βούλομαι
3029 1254 3345 1328 στρέμματα
3403 1253 3638 1327 γίνεσθαι
3687 1252 3765 1315 εἷς

2123 1342 2261 1415 ὑμᾶς
2289 1343 2336 1378 ⁸9
2358 1346 2464 1396 τῶν
2504 1340 2770 1399 πολιτῶν.
2823 1342 2920 1396 Καὶ
2971 1342 3113 1396 οὕτω
3161 1345 3224 1413 ⁷ο,
3257 1340 3585 1403 πλεύσαντες
3618 1339 3767 1417 ῥοπῇ

2120 1430 2285 1503 ὥρας,
2332 1432 2688 1506 κατήχθημεν
2741 1429 2815 1492 εἲς
2864 1431 2963 1500 τὴν
3012 1437 3197 1500 νῆσον.
3250 1424 3532 1493 Ἐκϐάντες
3562 1428 3621 1486 δε
3666 1435 3769 1485 τοῦ

2121 1521 2378 1598 σκάφους,
2430 1519 2704 1595 εἱσῄειμεν
2754 1515 2875 1575 ἔνθα
2922 1521 2975 1574 οἱ
3023 1520 3316 1594 ἀμπέλινοι
3366 1519 3553 1576 στῦλοι
3601 1521 3766 1591 ἦσαν,

2121 1610 2275 1683 ὁμῶς
2304 1611 2345 1645 ⁷¹
2379 1610 2492 1681 ἅμα
2520 1606 2705 1671 αὺτοῖς
2734 1605 2905 1671 ἄλλος
2952 1606 3092 1664 ἄλλο
3121 1631 3175 1664 τι
3208 1612 3253 1650 ⁷³
3277 1614 3386 1665 τῶν
3424 1608 3645 1666 Φειδίου
3676 1606 3766 1685 ἕρ-

2119 1720 2231 1774 γων
2266 1697 2502 1772 ἐθεώρει.

2190 1790 2338 1844 Xlll.
2370 1786 2574 1860 Πὲτρος
2605 1783 2663 1840 δὲ
2698 1785 2858 1858 μόνος
2908 1785 3007 1841 οὐκ
3054 1787 3336 1862 ἀναγκαῖον
3386 1788 3633 1862 ἡγήσατο
3677 1787 3767 1842 ἐπὶ

364 1895 491 1949 qua
525 1878 601 1933 ibi
634 1882 801 1934 erant
829 1879 1096 1947 invisere,
1140 1881 1241 1935 sed
1301 1880 1581 1936 attentius
1633 1880 2007 1936 considerans

2122 1877 2216 1946 τὴν
2265 1880 2372 1930 τῶν
2419 1874 2530 1930 ἐκεῖ
2578 1874 2814 1949 ἱστορίαν
2866 1878 2911 1912 ⁷³
2958 1875 3234 1951 γενέσθαι,
3292 1875 3506 1950 γυναικὶ
3559 1874 3616 1931 δέ.
3660 1898 3767 1931 τινι

362 1966 665 2022 mulierem
698 1967 1038 2038 quamdam,
1071 1973 1231 2023 extra
1252 1986 1354 2040 pro
1389 1970 1608 2024 foribus
1638 1970 1935 2025 sedentem
1957 1975 2013 2025 et

357 2057 542 2111 victus
572 2055 760 2127 gratia
791 2056 1260 2111 mendicantem:
1306 2057 1533 2127 Mulier,
1590 2058 1803 2130 inquit,
1858 2061 2008 2128 quod

358 2145 466 2200 tibi
501 2146 828 2200 membrum
850 2147 1100 2211 deest,ut
1126 2150 1345 2201 tantam
1380 2147 1795 2202 contumeliam
1817 2164 2011 2203 susce-

358 2235 536 2306 peris,
571 2234 824 2306 petendi,
845 2234 1107 2305 inquam,
1133 2235 1341 2306 stipem
1375 2240 1431 2290 et
1462 2253 1572 2290 non
1599 2236 1792 2307 potius
1822 2237 2008 2291 mani-

358 2324 472 2379 bus
502 2324 644 2393 tuis,
664 2339 807 2392 quas
831 2340 863 2377 a
884 2323 998 2378 Deo
1030 2324 1580 2395 accepisti,operans
1602 2325 2007 2397 quotidianum

363 2412 557 2466 cibum
594 2412 939 2483 quaeris?At
961 2410 1060 2465 illa
1090 2412 1398 2484 suspirans
1432 2414 1731 2484 respondit
1754 2414 2004 2470 :Utinam

363 2499 509 2554 mihi
534 2500 769 2571 quidem
802 2504 998 2555 essent
1022 2516 1254 2566 manus,
1277 2518 1399 2569 ques
1434 2507 1675 2572 possent
1703 2502 1967 2558 laborare
1992 2502 2005 2557 l

356 2605 515 2643 nunc
545 2594 739 2644 autem
762 2588 905 2643 mihi
937 2588 1120 2644 solam
1156 2606 1439 2645 manuum
1472 2592 1727 2662 speciem
1753 2596 2006 2659 servant,

358 2693 492 2733 cum
525 2678 644 2733 sint
672 2683 969 2744 emortum,
1005 2678 1300 2735 morsibus
1327 2679 1471 2735 meis
1510 2684 1747 2735 vexatae.
1781 2685 1846 2735 Et
1902 2685 2010 2737 Pe-

353 2770 481 2823 trus
514 2767 926 2839 interrogavit:
962 2769 1095 2834 Quae
1120 2785 1254 2823 vero
1302 2769 1413 2823 fuit
1458 2785 1656 2839 causa,
1718 2775 1781 2825 ut
1836 2787 2009 2842 grave

348 2854 460 2913 hoc
493 2855 713 2911 malum
746 2857 1063 2912 sustineres
1086 2858 1113 2912 ?
1142 2862 1285 2912 Tum
1318 2857 1418 2913 illa
1447 2860 1782 2930 respondit:
1815 2860 2009 2915 Animi

349 2944 747 3014 imbecillitas,
783 2962 887 3001 nec
919 2945 1075 3000 aliud
1124 2947 1468 3018 quidquam.
1539 2947 1594 3001 Si
1655 2947 1809 3002 enim
1875 2949 2007 3003 forti

350 3034 546 3091 animo
580 3034 820 3089 fuissem
848 3035 1110 3106 praedita,
1144 3040 1267 3090 erat
1305 3036 1712 3108 praecipitium,
1745 3042 1871 3092 erat
1912 3053 2008 3107 pe-

346 3120 537 3195 lagus,
564 3124 719 3178 unde
760 3140 852 3178 me
875 3124 1152 3193 dejiciens
1195 3130 1453 3195 poteram
1515 3124 1685 3180 malis
1743 3126 2001 3181 dolorem

353 3211 497 3267 mihi
529 3213 905 3268 aﬂ‘erentibus
941 3213 1114 3267 finem
1145 3212 1467 3283 imponere.

2123 1964 2221 2037 ἔξω
2280 1966 2385 2041 πρὸ
2442 1970 2551 2060 τῶγ
2606 1966 2778 2039 θυρῶν
2837 1965 3162 2039 καθεζομένῃ
3208 1964 3297 2019 καὶ
3345 1967 3551 2043 τροφῆς
3602 1965 3765 2041 χάριν

2125 2052 2448 2128 μεταιτουσῃ
2489 2049 2697 2125 πῦκνᾶ,
2748 2055 3119 2123 κατανοήσας,
3170 2049 3300 2131 ἔφη·
3357 2052 3539 2121 Γύναι,
3586 2054 3639 2108 τί
3680 2076 3765 2109 σοι

2117 2148 2224 2199 τῶν
2263 2140 2442 2215 μελῶν
2478 2141 2674 2207 λείπει,
2708 2141 2790 2196 ὅτι
2820 2142 3086 2211 τοσαυτην
3116 2137 3267 2217 ὕϐριν
3318 2139 3567 2214 ἀνεδέξω,
3615 2142 3763 2218 λέγω

2121 2229 2187 2301 δὴ
2218 2230 2280 2286 τὸ
2329 2236 2661 2307 προσαιτεῖν,
2713 2230 2801 2285 καὶ
2854 2230 2930 2303 μὴ
2985 2228 3196 2302 μᾶλλον
3247 2235 3365 2291 ταῖς
3415 2230 3517 2285 ὑπὸ
3557 2236 3689 2286 Θεοῦ
3720 2234 3767 2268 ⁷⁸

2117 2342 2202 2375 σοι
2250 2318 2654 2397 δεδωρημὲναις
2698 2319 2883 2395 χερσὶν
2930 2318 3267 2396 ἐργαζομένη
3316 2319 3414 2381 τὰς
3458 2318 3764 2398 ἐφημέρους

2118 2409 2315 2485 πορίζῃ
2369 2412 2414 2445 ⁷⁸
2468 2409 2669 2488 τροφάς
2715 2410 2826 2477 ;ἹΙ
2885 2406 2963 2477 δὲ,
3022 2408 3341 2479 στενάξασα,
3400 2408 3756 2483 ἀπεκρίνατο·

2118 2499 2242 2555 Εἴθε
2268 2500 2369 2575 γὰρ
2401 2499 2535 2568 ἦσάν
2575 2519 2666 2572 μοι
2698 2503 2880 2573 χεῖρες
2934 2499 3216 2574 ὑπουργεῖν
3251 2501 3406 2556 264
3438 2496 3715 2571 δυνάμεναι
3742 2500 3755 2555 !

2116 2593 2207 2644 νῦν
2242 2586 2300 2643 δέ
2331 2609 2425 2661 μοι
2459 2594 2651 2663 σχῆμα
2703 2586 2865 2659 μόνον
2918 2590 3117 2663 χειρῶν
3150 2584 3537 2663 φυλάσσουσιν,
3580 2588 3763 2661 νεκραῖ

2116 2679 2499 2754 τυγχάνουσαι,
2562 2675 2664 2730 ὑπὸ
2724 2672 3018 2750 δηγμάτων
3086 2674 3232 2749 ἐμῶν
3291 2670 3759 2750 βεϐασανισμὲναι.

2118 2766 2218 2821 Καὶ
2251 2766 2278 2820 ὁ
2335 2764 2536 2840 Πὲτρος
2591 2763 2837 2819 ἐπύθετοο
2899 2764 2990 2826 Τίς
3048 2761 3106 2819 δὲ
3160 2767 3194 2834 ἠ
3250 2764 3394 2818 αίτία
3446 2768 3542 2818 τοῦ
3591 2785 3648 2818 σε
3696 2763 3761 2818 τὸ

2118 2853 2363 2930 χαλεπὸν
2419 2858 2584 2909 τοῦτο
2645 2852 2961 2908 πεπονθέναι
2992 2856 3036 2890 ⁷⁶
3084 2870 3098 2921 ;
3157 2853 3221 2909 Ἡ
3280 2850 3337 2907 δὲ
3391 2851 3713 2927 ἀπεκρίνατο
3750 2870 3764 2885 ⁸

2120 2951 2320 3020 Ψυχῆς
2377 2944 2618 2998 ἀσθένεια
2671 2941 2759 2998 καὶ
2810 2940 2976 2997 πλέον
3023 2940 3199 2996 οὐθὲν.
3259 2942 3322 2996 Ei
3372 2942 3471 3017 γὰρ
3524 2939 3771 3017 ἀνδρεῖον

2121 3033 2274 3109 εἶχον
2308 3032 2584 3111 φρόνημα,
2616 3034 2680 3101 ἦν
2715 3032 2979 3107 κρημνὸς,
3012 3030 3078 3100 ἢν
3111 3034 3153 3067 ⁷⁷
3207 3031 3389 3106 βυθὸς,
3437 3029 3552 3086 ὅθεν
3604 3030 3771 3103 ἐμαυ-

2117 3124 2216 3191 τὴν
2247 3123 2464 3197 ῥίψασα,
2505 3126 2611 3176 τῶν
2662 3118 2975 3175 ὀδυνώντων
3023 3141 3089 3193 με
3134 3120 3431 3175 παύσασθαι
3482 3116 3763 3193 ἠδυνάμην

2119 3233 2299 3268 κακῶν
2316 3256 2326 3269 .

418 3300 563 3355 XIV.
599 3302 749 3356 Tum
776 3307 980 3357 Petrus
1005 3302 1132 3356 iniit
1274 3302 1412 3373 quid
1435 3301 1462 3357 ‘I
1486 3302 1739 3359 Putasne
1772 3303 2004 3375 mulier,

2186 3303 2328 3358 XIV.
2364 3299 2459 3355 Καὶ
2512 3301 2539 3354 ὁ
2588 3298 2791 3375 Πέτρος
2846 3297 2969 3376 ἔφη’
3020 3299 3080 3353 Τί
3120 3298 3211 3353 οὖν
3246 3316 3261 3367 ;
3296 3296 3420 3367 οῖει,
3468 3297 3641 3374 γύναι,
3688 3297 3772 3354 ὅτι

348 3390 502 3460 quod
537 3389 632 3458 qui
663 3390 1010 3461 semetipsos
1044 3391 1603 3461 perimunt,omniao
1636 3409 1669 3447 a
1700 3393 2007 3465 suppliciis

348 3475 691 3547 liberantur,
726 3496 918 3533 annon
954 3480 1148 3548 potius
1168 3480 1378 3535 animae
1407 3482 1738 3552 eorum,qui
1773 3481 1854 3537 ita
1878 3498 2005 3537 mo-

352 3564 605 3635 riuntur,
642 3567 963 3635 majoribus
996 3569 1320 3638 puniuntur
1350 3569 1505 3640 apud
1538 3569 1752 3624 inferos
1798 3571 2004 3643 poenis,

356 3660 593 3727 propter
624 3656 713 3709 sui
750 3655 1129 3710 homicidium
1161 3657 1187 3711 ?
1218 3660 1289 3711 At
1319 3656 1418 3710 illa
1452 3676 1463 3712 :
1501 3657 1755 3726 Utinam,
1792 3660 2005 3731 inquit.

351 3759 701 3816 persuasum
738 3743 881 3797 mihi
913 3750 1086 3813 esset,
1121 3760 1321 3801 revera
1350 3746 1407 3800 in
1432 3747 1631 3801 inferis
1661 3747 1891 3803 animas
1926 3750 2007 3803 vi-

350 3848 453 3887 vas
481 3832 717 3904 reperiri
752 3851 765 3899 ;
795 3833 996 3904 utique
1028 3835 1377 3905 contemptis
1412 3835 1598 3906 pomis
1630 3838 1778 3892 mori
1838 3836 2007 3909 elige-

351 3938 497 3991 rem,
531 3926 595 3976 ut
625 3922 828 3977 horam
861 3921 1065 3977 saltem
1100 3940 1278 3977 unam
1312 3924 1565 3980 viderem
1605 3925 1751 3980 mihi
1779 3931 2010 3998 exopta-

352 4009 631 4065 tissimos.
670 4011 737 4065 Et
775 4015 980 4066 Petrus
1014 4012 1196 4066 dixit:
1251 4011 1540 4075 Quidnam
1582 4013 1677 4084 sit,
1739 4016 1893 4086 quod
1954 4020 2009 4070 te

351 4099 819 4169 excruciet,scire
850 4099 1043 4167 velim,
1071 4100 1301 4156 mulier.
1335 4100 1396 4155 Si
1426 4103 1583 4157 enim
1643 4119 1737 4158 me
1796 4104 2007 4159 docue-

352 4186 456 4253 ris,
490 4204 591 4258 pro
623 4204 691 4242 ea
720 4187 907 4259 gratia
937 4193 1151 4243 certam
1184 4194 1239 4244 te
1282 4190 1486 4245 faciam
1520 4191 1590 4246 de
1622 4190 1830 4247 animae
1894 4193 2011 4248 vita

354 4276 509 4348 apud
541 4275 774 4339 inferos,
806 4282 862 4331 et
893 4294 993 4348 pro
1027 4276 1341 4348 praecipitio
1371 4278 1460 4333 vel
1491 4280 1778 4350 profundo
1826 4281 2007 4336 medi-

359 4371 694 4421 camentum
731 4367 960 4421 tradam
992 4372 1057 4421 ut
1086 4366 1211 4421 sine
1264 4367 1527 4423 cruciatu
1576 4368 1771 4425 valeas
1828 4371 2008 4426 vitam

360 4458 739 4512 commutare.

432 4543 544 4600 XV.
577 4543 1117 4616 Tuncmulier,quae
1150 4545 1497 4618 ambiguum
1529 4564 1861 4604 sermonem
1891 4566 2008 4605 non

2118 3391 2332 3453 πάντως
2390 3391 2442 3446 οἱ
2493 3391 2833 3465 ἀναιροῦντες
2891 3387 3110 3449 ἑαυτοὺς
3159 3388 3436 3449 κολάσεως
3486 3385 3777 3443 ἀπαλλασ-

2118 3501 2323 3551 σονται,
2357 3479 2390 3548 ἢ
2430 3481 2562 3552 μήτι
2595 3481 2639 3515 ⁷⁸
2667 3479 2879 3554 ’χείρονι
2930 3476 3152 3532 κολάσει
3206 3476 3256 3532 ὲν
3299 3471 3399 3550 ᾅδῃ
3444 3477 3500 3530 αἱ
3527 3480 3635 3530 τῶν
3682 3476 3776 3531 οὕ⁸

2115 3591 2225 3632 τως
2276 3568 2616 3639 θνησκόντων
2666 3568 2840 3643 ψυχαὶ
2883 3565 3004 3641 περὶ
3064 3572 3163 3635 τῆς
3212 3564 3559 3627 αὐτοκτονίας
3607 3564 3799 3620 καλά-ρ

2121 3664 2299 3729 ζονται
2334 3678 2347 3728 ;
2380 3660 2442 3714 ἸΙ
2474 3655 2531 3711 δὲ
2580 3654 2677 3733 ἔφη
2729 3660 2794 3693 "-
2846 3653 2973 3719 Εῗθε
3013 3655 3366 3727 ἐπεπείσμην,
3401 3653 3485 3708 ὅτι
3514 3650 3685 3716 ὅντως
3718 3654 3773 3709 ἐν

2119 3744 2220 3822 ἅδῃ
2248 3746 2421 3823 ψυχαὶ
2472 3745 2806 3822 εὑρίσκονται
2860 3749 3047 3815 ζῶσαι,
3080 3743 3171 3799 καὶ
3220 3745 3469 3819 ἠγάπων,
3520 3749 3620 3811 τῆς
3672 3764 3770 3797 κο-

2120 3836 2327 3899 λάσεως
2374 3836 2847 3912 καταρρονήσασα,
2880 3835 3075 3904 θανεῖν,
3116 3831 3265 3894 ὅπως
3310 3832 3441 3893 τοὺς
3469 3831 3635 3904 ἐμοὺς
3665 3852 3771 3885 πε-

2121 3927 2447 3999 ριποθήτους
2507 3922 2607 3978 ἴδω
2665 3926 2709 3960 ⁸ο
2752 3922 2847 3977 κᾶν
2902 3922 3026 3995 μίαν
3081 3920 3269 3997 ὥρανί
3326 3920 3423 3975 Καὶ
3476 3921 3505 3974 ὁ
3563 3920 3773 3995 Πέτρος

2119 4011 2243 4085 ἔφη·
2274 4014 2335 4068 Τί
2368 4010 2471 4089 ἄρα
2516 4012 2624 4067 ἐστὶ
2670 4013 2733 4067 τὸ
2782 4010 2985 4067 λυποῦν
3029 4031 3105 4082 σε,
3159 4014 3346 4083 μαθεῖν
3395 4006 3620 4078 ἤθελον,
3670 4008 3769 4084 γύ-

2116 4125 2220 4158 ναι.
2254 4102 2375 4157 Ἐὰν
2424 4102 2527 4179 γάρ
2575 4122 2642 4174 με
2692 4098 2934 4175 διδάξῃς,
2988 4101 3101 4155 ἀντὶ
3146 4097 3349 4169 ταύτης
3393 4105 3493 4167 τῆς
3540 4097 3771 4174 χάριτος

2118 4192 2533 4269 πληροφορήσω
2594 4212 2668 4259 σε,
2731 4189 2812 4245 ὅτι
2874 4189 2925 4244 ἐν
2982 4184 3083 4263 ᾅδῃ
3133 4193 3287 4258 ζῶσιν
3338 4188 3392 4242 αἱ
3440 4188 3634 4263 ψυχαὶ,
3676 4188 3769 4241 καὶ

2119 4281 2235 4336 ἀντὶ
2290 4283 2540 4356 κρημνοῦ
2596 4280 2630 4349 ἢ
2697 4280 2862 4354 βυθοῦ
2921 4279 3203 4356 φάρμακον
3264 4274 3424 4331 δώσω
3476 4278 3560 4343 ⁸¹,
3617 4274 3770 4337 ὅπως

2116 4366 2481 4432 ἀϐασανίστως
2527 4373 2625 4424 τοῦ
2676 4372 2771 4442 ζῇν
2820 4368 2909 4421 τὸν
2964 4366 3079 4442 βίον
3291 4362 3623 4438 μεταλλάξαι
3673 4362 3766 4419 δυ-

2118 4462 2307 4533 νηθῇς.

2192 4552 2299 4605 XV.
2326 4547 2423 4600 Καὶ
2453 4548 2487 4615 ἡ
2520 4545 2681 4620 γυνὴ,
2720 4545 2784 4600 τὸ
2834 4539 3158 4622 ἀμφιϐόλως
3207 4543 3365 4620 ῥηθὲν
3421 4544 3498 4616 μὴ
3529 4548 3765 4614 συνεῖσα,

358 4628 731 4706 intelligeret,
762 4634 1149 4704 promissione
1193 4641 1492 4707 gratanter
1548 4642 1782 4709 accepta
1837 4639 2007 4710 ccepit

2122 4637 2301 4711 ἑπὶτῇ
2350 4634 2638 4711 ὑποσχέσει
2665 4636 2906 4704 ἡσθεῖσα,
2964 4638 3052 4688 τοῦ
3102 4632 3279 4709 λέγειν
3328 4630 3530 4706 ἤρξατο
3562 4634 3757 4696 οὕτως·

359 4722 551 4779 dicere
584 4722 736 4777 hunc
766 4724 825 4777 in
858 4723 1127 4779 modum:
1157 4728 1351 4780 Genus
1381 4724 1616 4797 quidem
1659 4730 1716 4782 et
1761 4728 2009 4798 patriam

2122 4725 2276 4789 Γὲνος
2310 4725 2403 4799 μὲν
2426 4724 2515 4779 καὶ
2546 4720 2777 4799 πατρίδα
2804 4722 2970 4777 εἰπεῖν
3002 4725 3069 4792 ⁸³,
3099 4721 3197 4777 οὐκ
3227 4725 3374 4783 285
3411 4722 3565 4796 οἶμαι
3586 4724 3770 4779 πεῖσαί

1704 4868 1945 4925 VARI/E
1989 4870 2400 4929 LECTIONES.

425 4962 814 5052 ‘i.‘ta-0-..°-
876 4962 1414 5052 8-.6929‘2500aﬁ-
1473 4963 1756 5052 ῗὲηιὲμᾶςη
1779 4966 1937 5052 ο..ο-.
1988 4970 2115 5052 θοάς
2174 4970 2312 5052 Res;
2375 4969 2480 5025 804
2535 4973 2596 5052 et.
2641 4967 2782 5052 βρξι·
2829 4982 2882 5052 ρο
2934 4966 3039 5049 80-.
3074 4965 3221 5052 ἡμᾶς
3258 4964 3344 5052 .0:
3405 4962 3765 5052 7°-°'33‘°59-

351 5032 398 5113 ξς
458 5034 651 5113 ἰωὴ-8,
700 5032 865 5113 Δὅμως
926 5041 982 5101 C,
1026 5032 1111 5113 Ὀξ.
1162 5032 1217 5071 ἠ’
1252 5032 1659 5113 Δὀὶλλοῄιάίλλ-ιξτι
1706 5040 1873 5113 ’0.ᾲν⁷³
1924 5037 2136 5113 ἱστορία
2182 5032 2357 5113 O,vi_n

2404 5056 2517 5110 quo
2566 5039 2776 5121 deinde
2806 5040 3103 5121 ngueuifaiz.
3137 5035 3354 5121 ⁸⁵’ξδῇιξπὸ
3399 5040 3679 5121 τοῦῆθεῆοῦ

424 5102 662 5185 πορίζεις
688 5102 823 5185 0.;75
852 5105 1204 5185 πεποιηκέναι
1239 5109 1375 5164 Ο.ε⁷⁷
1405 5103 1442 5176 ἤ
1473 5112 1532 5165 C.
1566 5109 1608 5144 ⁷⁸
1640 5108 1727 5177 Μὴ
1758 5111 1826 5182 τῇ
1868 5128 1923 5183 p.
1962 5102 2097 5183 μήτι
2128 5114 2189 5169 C.
2223 5102 2267 5148 ’ίθ
2296 5111 2361 5183 Ο,
2395 5102 2484 5168 bis
2514 5110 2642 5166 exh.
2677 5104 2777 5185 ἔφη
2806 5109 2850 5144 ⁸ο
2880 5102 3008 5161 εἰδῶ
3041 5108 3103 5165 Ο.
3137 5108 3180 5145 ³¹
3216 5104 3375 5163 δώσω
3406 5109 3463 5166 S.
3497 5108 3563 5177 Ο,
3597 5104 3678 5163 δῶ
3707 5113 3765 5165 C.

349 5174 396 5212 ⁸³
427 5174 580 5233 Fort.
616 5175 838 5230 εἰποῦσα
866 5182 922 5232 8.

1734 5278 2108 5337 VABIORUM
2148 5279 2379 5337 NOTAE.

418 5381 528 5453 (37)
546 5380 804 5437 Insulam
836 5383 1116 5449 Aradum,
1149 5386 1278 5440 urbi
1322 5386 1607 5440 Antarado
1653 5401 1721 5441 ex
1761 5387 2001 5442 adverso

350 5452 548 5525 sitam,
583 5458 912 5508 memorant
940 5454 1147 5509 Herod.
1179 5474 1274 5525 νη,
1315 5457 1403 5511 98.
1442 5457 1631 5513 Strab.
1685 5475 1802 5525 xvx,
1860 5459 1991 5513 753.

350 5524 598 5580 Casaub.
642 5530 942 5580 SCHWEGL.

422 5596 537 5663 (38)
570 5595 809 5670 Videtur
834 5595 932 5670 τὸν
965 5594 1078 5670 βίον
1106 5614 1234 5653 esse
1298 5598 1694 5670 interpretatie
1730 5602 1827 5651 τοῦ
1888 5600 1999 5670 ζῇν.

353 5661 453 5743 Est
476 5661 672 5743 autem
704 5661 1037 5743 ἀμφίϐολον,
1068 5669 1206 5743 quia
1236 5671 1389 5743 quod
1418 5661 1623 5743 Petrus
1645 5661 2004 5743 intelligebat

357 5737 428 5791 de
460 5737 947 5796 mutation‘e'vitaa
975 5740 1033 5796 in
1069 5737 1303 5809 melius,
1336 5741 1393 5796 id
1425 5742 1731 5798 Matthidia
1748 5737 2002 5799 de'com-

2112 5388 2436 5443 mutatione
2465 5386 2591 5442 vitea
2622 5403 2755 5442 cum
2810 5390 2994 5442 morte
3040 5385 3551 5457 interpretabatur.
3612 5385 3763 5457 Lege

2110 5475 2235 5529 cap.
2272 5459 2356 5514 18.
2388 5459 2517 5514 Cor.
2555 5458 2800 5513 Fallitur
2830 5459 2893 5523 Ο,
2928 5474 3062 5514 cum
3109 5456 3211 5510 τὸν
3232 5456 3367 5529 Δοἷον
3418 5456 3761 5529 interpreta-

2112 5525 2328 5602 tionem
2362 5547 2488 5586 esse
2519 5536 2715 5585 censet
2741 5533 2838 5583 τοῦ
2872 5534 2988 5602 Cm,
3025 5546 3156 5602 nam
3222 5525 3338 5602 βίον
3376 5530 3495 5602 Δζὶῇν
3523 5525 3763 5602 _dicunt

2112 5601 2273 5657 Plato
2302 5602 2624 5673 Optimique
2655 5599 2969 5672 scriptores
2992 5600 3108 5655 alii.
3128 5599 3284 5655 Licet
3314 5599 3491 5672 igitur
3521 5599 3608 5654 bis
3660 5618 3757 5656 vo-

2110 5689 2206 5729 ces
2235 5673 2294 5728 in
2327 5674 2470 5741 Epit.
2505 5672 2632 5744 cap.
2666 5674 2736 5727 82
2766 5680 2822 5727 et
2849 5672 3001 5727 infra
3031 5688 3081 5744 cf.
3108 5674 3175 5726 18
3203 5689 3320 5728 non
3351 5676 3598 5741 exstent,
3631 5688 3758 5728 0m-

2110 5746 2250 5800 nino
2280 5749 2476 5801 tamen
2507 5743 2647 5800 sunt
2675 5744 3012 5801 retinendae.
3053 5743 3241 5801 Davus.
