4086 6216
319 356 430 417 313

1419 357 1951 420 CLEMENTINA.
1986 390 2061 402 —
2096 358 2431 421 HOMILIA
2476 361 2610 421 XII.

3603 359 3727 418 314

320 506 441 540 ποτε
471 484 769 555 δυνηθῆναί
795 508 934 542 τινα.
968 486 1120 557 Ηλὴν
1154 489 1242 543 καὶ
1276 490 1357 544 σοὶ
1397 490 1449 544 τί
1501 487 1739 565 διαφέρει
1794 492 1954 542 τοῦτο

2075 491 2115 545 si
2152 492 2487 562 proferrem,
2521 509 2635 547 non
2668 491 2944 548 arbitrior
2973 509 3043 547 ne
3075 508 3245 563 posse
3274 491 3446 546 alicui
3486 508 3738 563 persua-

319 580 523 647 μαθεῖν,
559 577 596 644 ἤ
634 576 793 647 μόνον
824 578 869 613 ⁸³
896 579 995 646 τήν
1044 578 1238 649 αἰτίαν,
1280 582 1345 646 ἧς
1398 575 1572 633 ἕνεκεν
1633 577 1954 649 ὀδυνωμὲνη

318 663 557 736 δήγμασι
614 667 705 726 τὰς
744 667 878 738 ἔμας
939 666 1206 741 ἐνέκρωσα
1262 674 1472 743 χεῖραςο
1533 667 1678 736 πλὴν
1715 670 1781 721 τά
1841 667 1965 721 κατ’

314 753 577 825 ἐμαυτήν,
631 756 701 816 ὡς
760 753 979 809 δυνατὸν
1035 756 1257 810 ἀκοῦσαί
1299 778 1375 825 σε,
1411 754 1770 830 διηγήσομαι.
1804 756 1965 830 Ἐγὼ,

314 844 443 895 πάνυ
505 842 732 917 εὐγενής
795 845 1133 920 ὑπάρχουσα.
1193 842 1456 899 δυνάστου
1510 848 1556 880 ⁸⁸
1597 846 1741 899 τινὸς
1799 865 1964 919 προσ-

311 936 443 1005 ταγῇ
504 930 665 1005 ἀνδρὶ
722 934 857 1007 πρὸς
916 933 1107 1007 γένους
1162 933 1307 1005 αὐτῷ
1341 935 1641 1010 ὑπάρχοντι
1702 933 1964 1009 ἐγενόμην

309 1023 460 1093 γυνη.
516 1021 618 1075 Καὶ
676 1010 810 1094 μετὰ
878 1019 1079 1095 δίδυμα
1125 1024 1285 1078 τέκνα
1335 1020 1495 1099 ἔσχον
1527 1022 1708 1098 ἕτερον
1743 1022 1879 1079 υἱόν.
1913 1023 1969 1074 Ὁ

311 1107 364 1163 δὲ
390 1114 488 1163 τοῦ
522 1108 663 1181 ἐμοῦ
694 1108 889 1183 ἀνδρὸς
920 1110 1153 1189 ἀδελφὸς
1191 1112 1375 1186 μανεὶς
1407 1112 1504 1167 οὐκ
1561 1111 1783 1167 ἔλαττον
1839 1111 1972 1186 ἡρά-

311 1200 400 1267 σθη
435 1219 548 1269 μου
597 1201 698 1267 τῆς
744 1197 1098 1275 ταλαιπωρου
1129 1203 1191 1272 ⁸⁸,
1240 1199 1448 1279 σφόδρα
1494 1206 1789 1279 σωφρονεῖν
1843 1201 1972 1275 ἀγα-

308 1287 512 1351 πώσης.
569 1286 669 1341 Καὶ
734 1287 1048 1364 βουλομένη
1111 1293 1155 1329 ⁸⁸
1217 1294 1355 1363 μήτε
1408 1295 1487 1361 τῷ
1541 1289 1735 1364 ἐραστῇ
1787 1287 1969 1353 συνθέ-

309 1376 441 1444 σΘαι,
480 1377 627 1446 μήτε
678 1380 757 1447 τῷ
796 1376 913 1450 ἐμῷ
967 1375 1121 1452 ἀνδρὶ
1170 1378 1450 1443 ἀναθέσθαι
1509 1380 1601 1434 τὸν
1655 1383 1752 1433 τοῦ
1810 1376 1970 1433 ἀδελ-

311 1468 401 1542 φοῦ
474 1464 651 1518 αὐτοῦ
727 1466 866 1540 πρὸς
945 1465 1043 1540 ἐμὶ
1116 1466 1311 1543 ἔρωτα,
1374 1468 1738 1543 ἐλογισάμην,
1791 1465 1883 1522 ’ίνα
1925 1469 1969 1504 ⁸⁷

313 1556 438 1625 μήτε
499 1555 905 1630 μοιχησαμένη
968 1555 1207 1629 ἐμαυτὴν
1265 1562 1457 1630 μιανῶ,
1498 1560 1635 1631 μήτε
1690 1561 1788 1611 τοῦ
1834 1556 1969 1629 ἐμοῦ

311 1640 491 1715 ἀνδρὸς
552 1645 660 1712 τὴν
721 1644 909 1716 κοίτην
981 1644 1207 1719 ὑϐρίσω,
1273 1649 1410 1719 μήτε
1464 1646 1544 1719 τῷ
1602 1644 1823 1723 ἀδελφῷ
1873 1647 1963 1700 τὸν

308 1728 531 1805 ἀδελφὸν
598 1732 877 1805 πολέμιον
964 1737 1309 1805 καταστήσω,
1374 1739 1513 1809 μήτε
1595 1735 1725 1790 ὅλον
1810 1735 1966 1810 γένος

304 1822 433 1895 μέγα
471 1822 531 1876 ὃν
580 1821 661 1884 εἷς
709 1821 1015 1897 ὀνειδισμὸν
1068 1831 1227 1880 πᾶσιν
1274 1820 1538 1881 ὑποϐαλῶ
1568 1828 1632 1862 ⁸⁸·
1675 1826 1748 1887 ὡς
1808 1822 1963 1901 ἔφην,
2004 1866 2049 1931 Β

307 1910 347 1931 ’Ν
502 1912 513 1927 1
720 1914 733 1930 \
867 1913 907 1931 ΙΝ
1127 1916 1139 1931 \
1237 1919 1263 1930 υ
1362 1914 1375 1931 ἱ
1438 1920 1461 1929 ~
1556 1912 1579 1931 ἢ
1614 1912 1668 1931 ﬁl
1934 1914 1944 1931 1

1934 1914 1944 1934 1

303 1910 643 1987 ἐλογισάμην
674 1914 771 1981 τήν
810 1913 974 1969 πόλιν
1014 1916 1148 1987 μετά
1196 1919 1305 1969 τῶν
1358 1914 1504 1988 ἐμῶν
1553 1912 1795 1987 διδύμων
1848 1914 1971 1968 παί-

301 1998 400 2055 δων
464 1996 699 2071 ἐκϐῆναι
755 2001 843 2057 ἐπὶ
898 2003 1099 2078 χρόνον
1146 2000 1416 2070 τινᾶ,ἓως
1477 2003 1535 2058 ἂν
1585 2004 1674 2058 καὶ
1707 2005 1735 2058 ὁ
1772 2004 1964 2076 μιαρὸς

303 2088 429 2164 ἔρως
488 2089 771 2161 παύσηται
832 2096 930 2146 τοῦ
987 2092 1073 2146 ἐπὶ
1129 2097 1197 2166 τῇ
1248 2092 1354 2166 ἐμῇ
1390 2087 1539 2167 ὕϐρει
1572 2091 1965 2155 κολακεύοντός

305 2198 382 2249 με.
413 2179 515 2232 Τὸν
583 2181 772 2251 μέντοι
831 2178 1012 2255 ἕτερον
1062 2182 1174 2235 υἱὸν
1230 2182 1374 2257 παρᾶ
1422 2185 1501 2253 τῷ
1557 2181 1720 2258 πατρὶ
1786 2187 1961 2255 μεῖναι

306 2266 371 2328 εἷς
400 2268 758 2343 παραμυθίαν
790 2268 1105 2327 κατέλιπον.

368 2376 513 2430 XVI.
548 2375 709 2443 Πλὴν
737 2377 803 2444 ⁸9,
832 2374 920 2430 ’ίνα
962 2380 1130 2431 ταῦτα
1186 2375 1359 2439 οὕτως
1417 2378 1662 2452 γένηται,
1697 2376 1963 2448 ἐπενόησα

303 2457 497 2536 ὄνειρον
562 2463 898 2535 πλάσασθαι,
928 2466 1003 2528 ὡς
1065 2463 1131 2536 δή
1189 2486 1337 2529 τινος
1387 2465 1596 2541 νύκτωρ
1646 2467 1959 2529 ἐπιστάντος

308 2572 389 2624 μοι
421 2554 511 2607 καὶ
546 2553 865 2628 εἰρηκότος*
907 2555 1089 2627 Γύναι,
1123 2554 1347 2626 ἐξαυτῆς
1394 2559 1437 2593 ⁸ο
1487 2557 1600 2629 ἅμα
1641 2562 1759 2618 τοῖς
1812 2554 1958 2611 διδό-

310 2662 420 2713 μοις
452 2663 554 2696 σου
585 2640 800 2703 τέκνοις
832 2642 918 2697 ἐπὶ
949 2644 1149 2719 χρόνον
1181 2644 1317 2713 τινὰ,
1354 2645 1548 2720 μέχρις
1596 2644 1685 2699 ὅτε
1735 2646 1961 2717 μηνύσω

303 2729 615 2786 ἐπανελθεῖν
678 2752 735 2786 σε
791 2731 1031 2800 ἐνταῦθα,
1066 2727 1257 2803 ἔκϐηθι
1314 2734 1411 2801 τήν
1459 2732 1643 2788 πόλιν
1679 2733 1791 2787 ἐπεὶ
1849 2736 1959 2806 ἅμα

301 2817 444 2894 ἀνδρὶ
490 2820 588 2875 καὶ
639 2821 769 2875 πᾶσί
817 2842 913 2875 σου
949 2826 1067 2883 τοῖς
1094 2821 1304 2883 τέκνοις
1339 2825 1492 2881 266
1525 2821 1809 2900 αἰφνιδίως
1867 2845 1961 2878 κα-

297 2912 397 2969 κῶς
454 2908 834 2979 τελευτήσεις.
888 2912 1066 2983 Ὀμῶς
1127 2909 1298 2972 οὕτως
1349 2911 1598 2982 ἐποίησα.
1650 2914 1803 2985 ’Ἅμα
1856 2911 1959 2987 γὰρ

296 3000 369 3068 τῷ
414 3000 505 3051 τὸν
561 2992 778 3071 ὄνειρον
828 2998 1120 3072 ψεύσασθαί
1168 3021 1234 3072 με
1274 3004 1352 3071 τῷ
1384 2998 1558 3073 ἀνδρὶ,
1594 3000 1772 3064 αὐτὸς,
1805 3002 1957 3076 περί-

300 3082 460 3163 φοϐος
492 3088 815 3163 γενόμενος,
850 3090 982 3160 μετᾶ
1013 3092 1122 3143 τῶν
1156 3087 1301 3161 ἐμῶν
1336 3093 1377 3126 ⁹¹
1412 3086 1507 3143 δύο
1550 3091 1707 3160 υἱῶν,
1741 3088 1954 3146 δούλων

294 3196 349 3230 τε
375 3176 463 3230 καὶ
496 3173 809 3231 παιδισκῶν
855 3177 945 3231 καὶ
988 3179 1293 3252 χρημάτων
1327 3182 1538 3253 συχνῶν
1593 3179 1729 3233 κατὰ
1781 3178 1953 3233 πλοῦν

296 3264 367 3325 εἰς
424 3267 671 3335 Ἀθήνας
727 3285 793 3337 με
849 3264 1165 3339 ἐξέπεμψεν,
1216 3264 1557 3320 έκπαιδεῦσαι
1612 3267 1741 3329 τοὺς
1783 3267 1954 3337 υἱοὺς,

297 3377 323 3404 α
357 3354 559 3429 μέχρις
608 3352 689 3425 ἂν,
723 3350 845 3430 ἔφη,
874 3358 952 3425 τῷ
983 3354 1385 3429 χρηματίσαντι
1420 3352 1545 3429 δόξῃ
1604 3354 1869 3411 ἐπανιέναι
1903 3378 1959 3412 σε

296 3444 422 3516 πρὸς
484 3442 615 3515 ἐμέ.
652 3467 680 3492 ››
711 3444 891 3515 Ὀμῶς
949 3442 1061 3515 ἅμα
1113 3444 1321 3505 τέκνοις
1369 3446 1403 3513 ἡ
1435 3444 1663 3499 τάλαινα
1716 3445 1959 3501 πλέουσα

301 3531 394 3585 ὑπὸ
452 3531 679 3603 ἀνέμων
739 3529 953 3601 ἀταξίας
989 3531 1063 3592 εἰς
1091 3531 1320 3593 τούτους
1369 3533 1729 3612 ἀπορριφεῖσα
1758 3538 1803 3571 ⁰²
1831 3535 1956 3597 τοὺς

300 3622 513 3688 τόπους,
548 3620 745 3681 νυκτὸς
800 3628 901 3689 τῆς
949 3620 1083 3690 νηὸς
1143 3619 1508 3692 διαλυθείσης,
1535 3623 1770 3699 ναυαγίῳ
1802 3626 1845 3660 ⁹³
1870 3645 1960 3678 πε-

302 3710 534 3783 ριέπεσα.
578 3709 797 3764 Πάντων
860 3707 917 3763 δὲ
976 3708 1261 3777 θανόντων,
1293 3713 1327 3779 ἡ
1379 3712 1589 3787 ἀτυχὴς
1649 3710 1757 3787 ἐγὼ
1812 3712 1953 3785 μόνη

302 3798 396 3853 ὑπὸ
427 3796 674 3877 σφοδροῦ
704 3799 944 3871 κύματος
976 3798 1291 3873 ῥαπισθεῖσα
1321 3803 1387 3867 ⁹⁴,
1422 3799 1511 3854 ἐπὶ
1558 3802 1758 3876 πέτρας
1810 3801 1955 3877 ὲρῥί-

299 3908 421 3964 φην,
454 3888 539 3963 ἐφ’
572 3891 639 3957 ἧς
670 3895 986 3952 καθεσθεῖσα
1018 3891 1052 3959 ἡ
1086 3888 1245 3944 ἀθλία
1279 3887 1460 3944 ἐλπίδι
1490 3894 1586 3944 τοῦ
1616 3892 1682 3944 τὰ
1713 3894 1757 3927 9⁵
1797 3890 1956 3945 τέκνα

301 3998 360 4049 με
392 3983 574 4047 ζῶντα
605 3978 799 4052 εὑρεῖν,
834 3977 909 4039 εἷς
955 3978 1047 4032 τὸν
1085 3981 1127 4014 ³⁸
1162 3979 1321 4053 βυθὸν
1373 3977 1611 4051 ἐμαυτὴν
1663 3978 1763 4033 οὐκ
1809 3978 1953 4056 ἔρρι-

295 4068 363 4137 ψα
389 4067 537 4138 τότε,
576 4065 685 4133 ὅτε,
715 4067 815 4135 τήν
857 4068 1042 4141 ψυχὴν
1090 4067 1503 4140 μεμεθυσμένην
1553 4073 1671 4130 τοῖς
1722 4068 1952 4142 κύμασιν

296 4151 511 4231 ἔχουσα,
547 4160 711 4210 τοῦτο
737 4162 964 4225 ποιῆσαι
996 4153 1195 4231 ῥᾳδίως
1228 4155 1503 4230 έδυθάμην

361 4246 531 4302 XVII.
570 4243 724 4313 Πλὴν
758 4242 943 4313 ἐπειδὴ
1004 4241 1200 4321 ὄρθρος
1260 4246 1487 4322 ἐγένετο,
1525 4244 1739 4321 μεγάλα
1773 4248 1954 4323 βοῶσα

297 4332 379 4386 καὶ
435 4334 608 4408 γοερὰ
664 4333 949 4387 κωκύουσα
978 4336 1019 4369 ⁸⁷
1052 4330 1522 4409 περιεϐλεπόμην,
1560 4340 1792 4404 ζητοῦσα
1848 4340 1951 4389 τῶν

302 4420 440 4493 ἐμῶν
474 4420 843 4495 ταλαιπώρων
894 4423 1104 4500 βρεφῶν
1136 4423 1203 4477 τά
1258 4426 1419 4499 νεκρὰ
1476 4424 1722 4496 σώματα.
1759 4423 1954 4494 Ἐλεή-

301 4530 479 4572 σαντες
508 4508 603 4565 οῦν
641 4531 706 4583 με
754 4511 805 4565 oi
837 4509 1152 4586 ἐπιχώριοι,
1192 4515 1404 4587 γυμνήν
1454 4509 1680 4579 ἰδόντες,
1712 4510 1955 4569 ἐνδύσαν-

2079 580 2233 636 dere.
2266 582 2373 635 Sed
2408 587 2465 636 et
2496 582 2634 652 quid
2672 582 2741 635 ad
2778 587 2831 636 te
2862 581 3070 637 attinet
3115 582 3170 635 id
3203 597 3571 652 cognoscere,
3611 582 3725 637 nisi

2076 673 2307 722 tantum
2342 686 2600 735 causam,
2634 670 2706 724 ob
2737 687 2912 741 quam
2946 672 3143 725 dolore
3190 671 3391 725 affecta
3424 670 3723 726 morsibus

2079 774 2290 813 manus
2325 776 2483 813 meas
2510 765 2771 814 mortuas
2803 760 3047 813 reddidi.
3095 760 3311 814 Tamen
3347 777 3494 823 mea,
3530 761 3722 830 quoad

2079 849 2281 901 audire
2313 855 2497 919 potes,
2534 849 2797 903 referam.
2836 849 2946 919 Ego
2978 848 3294 903 admodum
3324 848 3723 919 nobilis,prin-

2080 936 2225 1008 cipis
2258 939 2567 1007 cujusdam
2618 937 2724 991 viri
2774 936 3038 1009 imperio,
3091 938 3264 1007 nupsi
3314 938 3435 992 viro
3477 940 3572 1007 qui
3603 943 3725 993 erat

2079 1026 2238 1081 illius
2272 1028 2675 1098 propinquus:
2726 1033 2785 1083 et
2838 1033 2967 1098 post
3013 1028 3159 1081 duos
3208 1027 3472 1098 geminos
3511 1026 3725 1082 liberos

2081 1114 2261 1170 alium
2293 1117 2524 1187 suscepi
2557 1116 2880 1170 ﬁlium.Sed
2917 1115 3094 1169 frater
3126 1113 3318 1168 mariti
3350 1114 3481 1179 mei,
3514 1130 3725 1185 magna

2081 1210 2380 1275 correptus
2410 1205 2659 1275 insania,
2694 1205 2986 1260 adamavit
3020 1220 3111 1257 me
3146 1202 3442 1272 miseram,
3472 1219 3599 1274 quae
3630 1218 3723 1257 ca-

2081 1298 2168 1349 ste
2199 1295 2389 1348 vivere
2422 1294 2728 1366 cupiebam
2763 1294 3373 1363 admodum.Cumque
3395 1308 3499 1347 nec
3520 1291 3722 1345 vellem

2081 1382 2324 1438 amatori
2358 1383 2702 1450 consentire,
2752 1400 2855 1438 nec
2906 1383 3027 1437 viro
3060 1399 3188 1437 meo
3239 1397 3495 1437 amorem
3528 1379 3726 1435 fratris

2080 1472 2206 1542 ejus
2237 1487 2373 1543 erga
2403 1488 2496 1527 me
2522 1488 2826 1543 exponere,
2852 1471 3054 1536 statui,
3092 1476 3153 1525 ut
3174 1487 3360 1541 neque
3386 1469 3723 1524 adulterans

2078 1558 2399 1631 polluerem
2433 1577 2546 1625 me,
2579 1577 2684 1615 nec
2712 1560 2818 1614 viri
2850 1560 2959 1615 mei
2994 1564 3187 1615 torum
3214 1557 3569 1615 contumelia
3597 1557 3721 1612 affi-

2079 1665 2290 1714 cerem,
2325 1665 2510 1721 neque
2540 1650 2777 1705 fratrem
2835 1649 2999 1704 fratri
3033 1649 3333 1704 redderem
3392 1648 3719 1712 inimicum,

2078 1754 2267 1809 neque
2299 1743 2478 1794 totam
2513 1738 2815 1805 familiam,
2850 1755 2975 1810 quae
3010 1755 3223 1809 magna
3247 1742 3389 1807 erat,
3424 1737 3482 1791 in
3511 1752 3722 1808 Oppro-

2080 1828 2271 1882 brium
2305 1828 2531 1883 cunctis
2557 1828 2756 1882 darem
2785 1853 2798 1895 ;
2852 1827 3050 1895 statui,
3103 1827 3369 1898 inquam,
3414 1827 3557 1881 urbe
3587 1842 3719 1880 cum

2080 1918 2225 1972 meis
2247 1917 2496 1988 geminis
2520 1916 2714 1989 pueris
2738 1917 2807 1971 ad
2830 1917 3123 1987 quoddam
3144 1920 3375 1985 tempus
3397 1915 3716 1983 discedere,

2075 2006 2254 2060 donec
2284 2010 2342 2061 et
2375 2006 2641 2076 impurus
2666 2022 2829 2061 amor
2860 2005 3039 2075 illius,
3068 2004 3167 2075 qui
3194 2005 3334 2059 mihi
3369 2005 3437 2059 ad
3466 2004 3717 2059 dedecus

2076 2111 2271 2149 meum
2306 2095 2734 2162 assentabatur,
2770 2096 2947 2148 tinem
2996 2095 3333 2165 accepisset.
3372 2096 3437 2147 At
3467 2093 3715 2147 alterum

2074 2183 2284 2253 filium,
2317 2189 2381 2237 ut
2410 2184 2565 2255 apud
2618 2188 2840 2255 patrem
2892 2182 2949 2236 in
2992 2182 3263 2237 solatium
3314 2187 3593 2249 maneret,
3630 2199 3717 2237 re-

2073 2272 2239 2344 liqui.

2144 2380 2284 2434 XVI.
2302 2384 2517 2435 Verum
2532 2395 2646 2451 quo
2668 2379 2880 2433 hecita
2894 2378 3121 2445 ﬁerent,
3135 2378 3191 2433 in
3208 2378 3471 2433 animum
3491 2377 3715 2447 induxi,

2072 2470 2369 2524 somnium
2396 2469 2808 2542 ﬁngere,quasi
2832 2467 3048 2538 aliquis
3072 2467 3212 2522 mihi
3240 2473 3411 2522 noctu
3436 2468 3719 2522 astitisset

2071 2575 2137 2613 ac
2161 2558 2433 2614 dixisset:
2460 2558 2691 2624 mulier,
2711 2558 3017 2612 confestim
3038 2575 3155 2612 una
3175 2574 3306 2611 cum
3327 2557 3576 2627 geminis
3597 2556 3716 2610 tuis

2073 2648 2268 2719 pueris
2301 2648 2442 2702 urbe
2473 2648 2705 2703 discede
2737 2648 2806 2701 ad
2841 2645 3075 2718 aliquod
3110 2652 3367 2719 tempus,
3392 2646 3572 2700 donec
3595 2662 3722 2700 rur-

2071 2753 2173 2791 sus
2206 2736 2556 2806 indicavero,
2591 2740 2655 2791 ut
2686 2736 2890 2791 redeas
2923 2735 3071 2801 huc;
3107 2734 3316 2806 alioqui
3343 2752 3474 2789 cum
3510 2734 3715 2789 marito

2070 2825 2417 2896 cunctisque
2447 2824 2564 2879 tuis
2590 2824 2789 2880 liberis
2824 2825 2893 2880 de
2916 2828 3150 2895 repente
3172 2823 3386 2895 peribis
3417 2823 3588 2877 male.
3622 2828 3721 2877 Αι-

2072 2931 2184 2985 que
2214 2914 2296 2968 ita
2325 2915 2453 2969 feci.
2486 2915 2700 2969 Statim
2746 2914 2901 2967 enim
2935 2918 2999 2967 ut
3045 2913 3339 2967 somnium
3374 2913 3720 2967 ementitum

2067 3001 2191 3056 viro
2225 3003 2511 3070 enarravi,
2562 3003 2851 3069 extimuit,
2884 3008 2941 3057 et
2990 3019 3083 3057 me
3132 3018 3265 3056 cum
3316 3001 3548 3056 duobus
3575 3000 3723 3055 meis

2069 3088 2206 3144 filiis
2228 3107 2479 3162 cumque
2506 3091 2687 3146 servis
2719 3095 2775 3145 et
2806 3090 3036 3145 ancillis
3062 3095 3237 3161 atque
3261 3089 3446 3144 multa
3479 3089 3723 3161 pecunia

2068 3179 2331 3234 Athenas
2388 3197 2489 3250 per
2547 3196 2749 3234 navem
2810 3180 2994 3248 misit,
3056 3185 3121 3233 ut
3179 3184 3344 3234 natos
3402 3178 3720 3245 erudirem,

2069 3269 2293 3339 Quoad,
2324 3268 2542 3338 inquit,
2574 3266 2813 3322 visionis
2864 3268 3088 3322 auctori
3134 3265 3417 3338 placuerit
3448 3271 3503 3321 te
3534 3266 3722 3321 redire

2071 3358 2141 3412 ad
2175 3374 2287 3411 me.
2324 3360 2605 3413 Caeterum
2640 3374 2745 3428 ego
2797 3358 3009 3412 misera
3059 3375 3175 3412 una
3224 3374 3354 3411 cum
3390 3356 3587 3411 liberis
3619 3374 3720 3411 na-

2068 3445 2273 3518 vigans
2306 3452 2611 3502 ventorum
2642 3448 2693 3499 vi
2730 3447 3007 3517 projicior
3054 3446 3111 3500 in
3158 3445 3279 3501 haec
3327 3445 3469 3516 loca,
3503 3450 3559 3500 et
3588 3445 3721 3499 navi

2069 3542 2243 3590 noctu
2278 3534 2561 3590 dissoluta
2597 3536 2654 3589 in
2689 3536 3062 3607 naufragium
3096 3534 3559 3605 incidi.Cumquc
3590 3550 3719 3588 om-

2070 3640 2175 3678 nes
2204 3624 2563 3689 interissent,
2619 3641 2736 3678 una
2791 3640 2896 3695 ego
2948 3623 3166 3689 infelix,
3232 3622 3458 3694 magnis
3504 3622 3718 3693 agitata

2068 3711 2364 3779 ﬂuctibus,
2398 3714 2456 3768 in
2489 3730 2692 3769 saxum
2727 3714 2912 3783 ejecta
2942 3728 3114 3767 sum:
3169 3712 3264 3766 ubi
3298 3728 3430 3765 cum
3465 3712 3717 3764 infortu—

2067 3807 2207 3856 nata
2239 3802 2530 3871 sederem,
2573 3819 2675 3873 spe
2706 3801 3029 3873 reperiendi
3065 3806 3233 3855 natos
3282 3816 3441 3854 meos
3470 3799 3627 3853 vivos
3657 3799 3715 3852 in

2068 3890 2422 3963 profundum
2457 3907 2551 3946 me
2582 3908 2696 3945 non
2730 3890 3086 3961 przecipitavi
3116 3895 3275 3953 tunc,
3324 3889 3559 3960 quando
3591 3889 3716 3941 ani-

2067 3994 2228 4033 mum
2265 3979 2489 4033 habens
2521 3978 2737 4033 doloris
2787 3978 3061 4033 ﬂuctibus
3112 3978 3339 4033 ebrium
3391 3977 3499 4032 hoc
3532 3978 3715 4031 facere

2065 4067 2234 4124 facile
2269 4074 2550 4140 poteram.

2138 4247 2307 4302 XVII.
2342 4250 2554 4301 Verum
2610 4251 2922 4319 postquam
2984 4246 3108 4301 dies
3142 4249 3376 4301 exortus
3433 4249 3541 4315 est,
3576 4262 3709 4299 cum

2066 4336 2319 4392 clamore
2352 4353 2560 4409 magno
2588 4342 2643 4391 et
2674 4335 2991 4391 miserabili
3017 4336 3242 4390 ulutatu
3277 4334 3710 4405 circumspicie-

2065 4426 2222 4491 bam,
2253 4443 2519 4497 quaerens
2551 4426 2871 4480 infelicium
2906 4432 3173 4480 natorum
3198 4426 3497 4481 cadavera.
3528 4424 3711 4496 Igitur

2064 4514 2439 4571 miseratione
2466 4514 2746 4569 commoti
2799 4514 3021 4579 incolae,
3056 4515 3275 4569 nudam
3326 4512 3542 4582 intuiti,
3575 4530 3706 4567 cum

302 4598 384 4660 τές
415 4620 482 4672 με
509 4601 575 4653 τὸ
607 4604 844 4675 πρῶτον,
870 4600 959 4653 τὸν
1011 4601 1170 4675 βυθὸν
1226 4600 1559 4675 ἀνηρεύνων,
1590 4602 1657 4655 τὰ
1706 4600 1811 4674 ἐμά
1861 4607 1952 4672 ζη-

2075 4604 2251 4676 primo
2284 4620 2377 4657 me
2406 4602 2758 4671 induissent,
2792 4602 3035 4657 scrutati
3082 4607 3220 4657 sunt
3254 4604 3429 4657 maris
3464 4602 3709 4671 profun-

306 4692 516 4750 τοῦντες
562 4686 737 4743 τέκνα.
773 4688 871 4741 Καὶ
923 4688 1037 4743 ἐπεὶ
1085 4686 1253 4761 μηδὲν
1303 4688 1559 4763 ηὕρισκον
1607 4692 1652 4726 ⁸⁸
1704 4691 1776 4744 ὧν
1828 4689 1953 4761 ἐζή-

306 4796 446 4845 τουν,
481 4776 826 4854 παραμυθίας
877 4778 1038 4853 χάριν
1086 4779 1224 4841 τινες
1273 4783 1381 4833 τῶν
1431 4778 1724 4856 φιλοξίνων
1774 4800 1955 4855 γυναι-

305 4870 409 4920 κῶν
440 4865 837 4940 προσελθοῦσαι
872 4863 1156 4943 διηγοῦντο
1189 4867 1381 4936 ἑκάστη
1412 4868 1479 4922 τὰ
1537 4868 1733 4937 ἑαυτῆς
1792 4869 1950 4937 κακά,

304 4952 387 5008 ’ίνα
414 4961 482 5029 τῇ
508 4959 553 4993 θ’
578 4960 685 5011 τῶν
742 4954 951 5028 ὁμοίων
1008 4962 1261 5035 συμφορᾷ
1316 4958 1657 5033 παραμυθίας
1707 4956 1883 5030 τύχω,
1918 4958 1947 5011 ὃ

312 5040 371 5114 δή
407 5066 471 5117 με
503 5043 715 5118 μᾶλλον
747 5042 956 5103 ἐλύπει.
992 5045 1063 5101 Οὐ
1111 5048 1211 5123 γὰρ
1262 5043 1394 5121 ἔφην
1452 5046 1595 5100 οὕτω
1626 5050 1773 5104 267
1808 5048 1946 5116 κακὴ

2064 4694 2227 4760 dum,
2260 4692 2570 4764 quaerendo
2603 4697 2769 4746 natos
2793 4708 2974 4746 meos.
3010 4692 3077 4745 Et
3103 4690 3241 4762 quia
3273 4688 3412 4744 nihil
3449 4689 3708 4743 invenie-

2062 4780 2206 4836 bant
2225 4796 2425 4836 eorum
2458 4797 2585 4852 quas
2617 4780 2991 4849 indagabam.
3044 4778 3336 4835 nonnullze
3384 4776 3707 4849 hospitales

2063 4869 2335 4926 mulieres
2366 4868 2705 4924 consolandi
2736 4886 2825 4923 me
2850 4869 3036 4940 gratia
3066 4871 3456 4931 accesserunt,
3488 4872 3545 4920 et
3569 4883 3706 4921 suas

2062 4958 2305 5030 singulae
2340 4958 2694 5013 enarrabant
2738 4957 3025 5023 miserias,
3061 4962 3123 5011 ut
3151 4956 3435 5012 similium
3468 4954 3705 5010 calami-

2059 5052 2178 5104 tate
2209 5048 2484 5103 solatium
2517 5062 2781 5119 caperem
2811 5064 2823 5102 :
2858 5047 3011 5118 quod
3060 5062 3151 5100 me
3185 5045 3366 5117 magis
3398 5045 3705 5100 contrista-

1648 5163 1895 5219 VARL/E
1936 5163 2351 5221 LECTIONES.

376 5258 421 5336 ξπ*
474 5259 640 5336 μόνην
798 5333 807 5336 _
843 5262 891 5297 “
949 5255 1175 5336 δυνατοῦ
1207 5260 1378 5336 "Egit.
1456 5260 1502 5295 ⁸⁸
1554 5258 1933 5336 ταλαιπωρίας
1971 5262 2053 5336 ΔΟ,

322 5328 540 5397 μήτεΟ
596 5328 653 5388 et
706 5333 871 5402 Epit,
937 5333 1011 5401 μή
1068 5335 1127 5387 C.
1204 5328 1391 5384 ⁸“²⁷⁹ίνα
1449 5349 1564 5387 om.
1621 5337 1686 5387 Ο.
1761 5328 2119 5387 ⁸⁸’ὑποϐάλω
2179 5332 2243 5387 Ο.

320 5408 540 5457 stanter.
616 5405 659 5439 ⁹¹
724 5401 870 5457 ἐμῶν
927 5407 1091 5457 deest
1148 5404 1204 5456 in
1266 5403 1329 5457 Ο.
1407 5404 1451 5439 ⁹²
1508 5402 1903 5457 ἀποόὲιωθεῖσα
1959 5406 2023 5457 Ο.
2102 5405 2144 5440 9³
2201 5424 2243 5455 νς

323 5472 433 5526 804.
506 5476 548 5508 ⁹⁴
574 5470 877 5546 ῥιπισθέἶσα
906 5481 1030 5533 cod.
1068 5475 1209 5545 Reg.
1250 5476 1374 5539 804,
1408 5481 1463 5531 et
1492 5470 1634 5546 Epit:
1656 5470 1833 5530 Ic.'87’i.

322 5572 382 5582 --
428 5546 583 5619 γοερά
637 5545 921 5619 κωκύουσα
979 5548 1387 5619 desiderantur
1418 5547 1499 5619 Vin
1532 5545 1595 5601 υ.

724 5401 870 5473 έμῶν
927 5407 1091 5459 deest
1148 5404 1204 5456 in
1266 5403 1329 5458 Ο.
1407 5404 1451 5439 ⁹²
1508 5402 1903 5479 ἀπορῥιφθεῖσα
1959 5406 2023 5460 Ο.
2102 5405 2144 5440 9³
2201 5402 2515 5528 ναυφραόίῳ
2584 5402 2643 5456 C.

724 5475 877 5527 Θεῖσα
906 5481 1030 5528 cod.
1068 5475 1209 5528 Reg.
1250 5476 1374 5528 804.
1408 5481 1463 5528 et
1492 5477 1634 5528 Epit.
1664 5492 1711 5528 c.
1745 5477 1833 5528 84.
1912 5478 1955 5511 π
1983 5474 2049 5528 τά
2080 5474 2297 5528 inserui
2330 5491 2378 5527 c.
2464 5518 2475 5528 .
2554 5474 2597 5507 ⁹⁶

1673 5474 1833 5530 3.’84.
1912 5478 1955 5511 ⁸⁸
1983 5474 2049 5530 τά
2080 5474 2378 5531 inserui'c.
2412 5474 2475 5528 Ο.
2554 5474 2597 5507 ⁹⁶
2654 5474 2713 5525 τό
2768 5474 2827 5527 S.
2904 5474 2946 5507 97
3004 5474 3128 5526 Vbb
3180 5474 3375 5541 ῥᾳδίως
3434 5474 3701 5540 ἐουνάμην

1673 5548 1715 5581 ⁹⁸
1751 5548 1885 5602 Vide
1916 5550 1987 5604 de
2018 5549 2124 5603 hoc
2158 5544 2619 5618 augmentohetsi
2646 5544 2971 5618 rarissimo
3005 5544 3351 5618 I_.o_beckiun_i
3384 5543 3463 5618 (id
3483 5542 3701 5618 "Pliryn.

2145 5262 2190 5296 ⁸⁵
2276 5258 2587 5334 βουλομένη
2667 5259 2749 5328 8.,
2814 5254 3155 5333 βουλομένης
3212 5259 3274 5325 c,
3330 5263 3392 5317 ο.
3448 5256 3707 5313 Subinde

2179 5332 2222 5366 n
2318 5332 2363 5366 se
2421 5330 2592 5366 θείη-ω,
2648 5333 2814 5366 ...ητις-η
2871 5331 2911 5366 n
3034 5331 3078 5365 eo
3135 5328 3182 5366 ξε
3256 5326 3423 5366 manu
3480 5328 3523 5366 n
3574 5344 3707 5366 ρηη,

2421 5330 2592 5389 οὕτως
2648 5328 2823 5383 ταῦτα’
2871 5331 2929 5385 C.
2992 5328 3078 5365 ’θο
3134 5328 3182 5400 ἐξ
3256 5328 3423 5397 αὐτῆς
3480 5328 3523 5383 Ο
3574 5344 3707 5383 con-

2421 5402 2515 5469 γίῳ
2584 5402 2643 5456 C.
2695 5402 2953 5456 Subinde
3006 5401 3317 5469 περιέπεσον
3376 5400 3502 5469 οοιί.
3565 5399 3701 5469 Reg.

2654 5472 2713 5525 τό
2768 5474 2827 5527 S.
2904 5474 2946 5507 97
3004 5473 3128 5526 Vbb
3180 5468 3375 5541 ῥᾳδίως
3434 5468 3702 5540 έουνάμην

324 5608 528 5739 ἓδᾶιιο·
575 5620 633 5674 S.
685 5616 929 5692 εὕρισκον
984 5619 1029 5673 Ο
1087 5622 1145 5674 et
1190 5618 1331 5689 Epit.
1409 5618 1454 5653 "
1494 5621 1563 5690 τῇ
1623 5619 1869 5691 ascripsi
1926 5637 1995 5676 ex
2050 5620 2114 5676 Ο.
2168 5608 2385 5673 Deinde
2415 5616 2443 5670 ὃ
2476 5610 2532 5667 δὲ
2567 5612 2778 5686 μᾶλλόν
2816 5635 2882 5687 με
2912 5619 2969 5670 C.
3006 5615 3189 5670 Etiam
3218 5617 3275 5670 in
3305 5614 3449 5683 Epit.
3483 5612 3511 5666 ὃ
3542 5608 3617 5681 δή
3646 5630 3702 5684 p.
