4086 6216
326 334 441 396 315

1142 335 1207 397 8.
1255 335 1701 398 CLEMENTIS
1744 337 1769 398 Ι
1816 336 2006 397 ROM.
2051 334 2284 398 PONT.
2332 333 2597 398 OPERA
2641 334 2909 398 DUBIA.

3619 336 3744 398 316

329 468 464 524 bat:
500 467 616 521 Non
651 465 825 533 enim,
859 465 1218 538 inquiebam.
1250 470 1393 524 adeo
1429 469 1585 525 mala
1616 487 1769 541 sum,
1804 474 1869 524 ut
1900 486 1968 525 ex

2089 465 2237 539 εἶναι,
2269 467 2342 528 ὡς
2376 469 2444 507 ¹ο⁰
2470 471 2592 528 ταῖς
2624 464 2808 521 ἄλλων
2839 470 3149 545 συμφοραῖς
3177 470 3522 540 παραμυθίας
3555 464 3737 543 τύχω.

330 556 576 611 aliorum
610 554 1039 612 calamitatibus
1069 558 1525 614 consolationem
1571 559 1872 631 accipiam.
1908 558 1973 612 Et

2089 555 2183 609 Καὶ
2216 554 2281 625 δὴ
2318 556 2392 617 εἷς
2436 556 2604 627 ξενίαν
2656 553 2885 610 πολλῶν
2938 575 3005 627 με
3060 552 3208 630 ἄγειν
3266 554 3531 627 ἀξιουσῶν
3564 558 3605 627 ί,
3642 556 3739 630 μία

331 660 462 699 cum
490 660 580 698 me
606 643 803 699 multae
825 644 1077 717 hospitio
1094 651 1372 719 cuperent
1390 648 1663 720 recipere,
1689 665 1805 702 una
1826 664 1976 719 quaa-

329 733 461 787 dam
497 733 852 803 paupercula
884 735 974 788 hic
1003 734 1275 790 habitans
1297 738 1536 791 extorsit
1571 736 1713 791 mihi
1741 737 1975 808 tugurio

327 820 455 891 ejus
485 822 1020 889 succedere,dicens
1046 840 1057 877 :
1088 825 1341 891 Conﬁde,
1370 826 1615 880 mulier:
1651 826 1865 881 etenim
1890 825 1978 880 vir
2029 824 2033 828 ’

328 925 515 972 meus,
549 908 724 965 homo
774 917 972 979 nauta,
1002 913 1059 966 in
1094 915 1239 967 mari
1292 915 1483 969 adhuc
1528 914 1761 985 juvenis
1793 913 1970 969 obiit:

328 1003 500 1069 atque
532 1014 599 1053 ex
629 1016 694 1054 eo
726 1000 840 1066 die,
876 1002 1143 1071 quamvis
1176 1002 1345 1057 multi
1374 1019 1466 1058 me
1492 1003 1874 1058 sollicitarent
1905 1003 1975 1057 ad

329 1087 586 1158 nuptias,
621 1104 725 1159 ego
758 1089 1041 1145 desiderio
1083 1091 1188 1147 viri
1225 1091 1341 1147 mei
1392 1091 1569 1147 malui
1606 1093 1661 1147 in
1696 1092 1977 1147 viduitate

330 1192 520 1248 agere.
556 1178 739 1231 Erunt
763 1196 898 1251 ergo
921 1180 1277 1250 communia,
1307 1197 1670 1254 quaecunque
1703 1181 1976 1236 manibus

333 1281 591 1337 quaerere
622 1266 962 1338 poterimus.

401 1354 596 1411 XVIII.
632 1361 697 1410 Et
756 1375 825 1412 ne
855 1356 1027 1430 longa
1084 1376 1150 1414 ac
1212 1360 1410 1416 minus
1468 1359 1597 1414 utili
1644 1359 1978 1414 narratione

333 1449 483 1510 utar,
518 1444 768 1499 habitavi
804 1463 932 1499 cum
966 1465 1050 1514 ea,
1109 1453 1344 1521 propter
1389 1465 1648 1504 amorem
1681 1450 1808 1518 ejus
1839 1463 1977 1520 erga

332 1534 627 1587 maritum.
662 1535 771 1589 Sed
808 1553 921 1590 non
972 1536 1157 1593 multo
1206 1543 1339 1610 post
1386 1537 1528 1593 mihi
1577 1537 1793 1593 infelici
1824 1536 1975 1592 lace-

329 1625 465 1675 ratae
498 1622 790 1677 morsibus
823 1623 1089 1679 resoluta:
1121 1632 1259 1681 sunt
1289 1642 1522 1695 manus,
1553 1625 1652 1680 illa
1682 1641 1812 1680 vero
1846 1641 1973 1695 quas

330 1726 423 1764 me
453 1716 807 1782 susceperat,
868 1717 991 1768 tota
1048 1716 1249 1770 morbo
1308 1715 1560 1787 quodam
1609 1718 1888 1785 occupata
1919 1718 1978 1769 et

330 1797 598 1869 colligata
631 1800 787 1854 domi
810 1802 985 1871 jacet.
1021 1804 1303 1868 Quoniam
1333 1820 1467 1875 ergo
1506 1802 1972 1873 mulierum,qum

330 1887 493 1958 prius
526 1887 972 1957 miserabantur,
1006 1891 1266 1964 elanguit
1295 1893 1559 1956 affectus,
1577 1907 1641 1945 ac
1670 1907 1774 1963 ego
1797 1896 1851 1945 et
1875 1889 1975 1945 illa

330 1975 528 2031 clausa
558 1978 713 2032 domi
765 1980 946 2033 ambae
979 1980 1199 2037 debiles
1246 1986 1302 2036 et
1354 1980 1710 2036 calamitosae
1740 1997 1972 2051 sumus,

328 2081 396 2120 ex
429 2066 608 2121 multo
642 2072 898 2137 tempore
930 2069 1044 2139 hic,
1079 2074 1143 2124 ut
1172 2071 1351 2140 vides,
1403 2071 1596 2135 sedeo,
1630 2070 1841 2140 stipem
1876 2086 1973 2141 pe-

329 2163 476 2220 tens,
510 2158 583 2223 et,
644 2156 690 2209 si
726 2156 865 2227 quid
924 2160 1067 2213 forte
1126 2175 1420 2230 accepero,
1480 2158 1656 2213 etiam
1707 2159 1775 2213 ad
1810 2156 1972 2212 illam

328 2246 547 2315 pariter
579 2246 851 2301 miseram
886 2250 952 2301 ad
989 2249 1182 2303 cibum
1217 2250 1431 2304 defero.
1472 2250 1661 2319 Atque
1690 2247 1974 2303 hactenus

329 2349 467 2388 meas
501 2335 735 2405 quidem
772 2354 863 2390 res
896 2338 1251 2393 sufﬁcienter
1298 2342 1439 2393 sunt
1468 2338 1654 2392 dictae.
1702 2341 1784 2390 Tu
1819 2352 1975 2391 nunc

329 2423 466 2494 quid
499 2425 745 2479 moraris
778 2426 1017 2497 implere
1041 2428 1195 2496 quod
1220 2426 1595 2498 promiseras,
1620 2430 1674 2481 te
1697 2427 1972 2481 daturum

296 2526 299 2535 λ
331 2511 687 2567 medicamen
714 2514 739 2567 ‘2
765 2530 877 2584 quo
901 2514 1075 2570 etiam
1095 2514 1178 2569 illi
1204 2515 1429 2570 obitum
1450 2516 1704 2586 cupienti
1721 2514 1970 2584 tradam,

329 2604 386 2655 et
417 2600 500 2655 sic
532 2618 636 2673 ego
669 2618 900 2674 quoque
948 2605 1191 2674 possim,
1227 2610 1289 2659 ut
1339 2604 1445 2673 ais,
1494 2604 1671 2659 vitam
1702 2619 1973 2658 commu-

326 2690 474 2745 tare.

402 2778 540 2833 XIX.
574 2779 701 2834 Hec
735 2780 960 2835 dicente
1013 2781 1277 2850 muliere,
1336 2786 1544 2838 Petrus
1598 2781 1786 2838 multa
1815 2781 1972 2853 cogi-

328 2866 548 2923 tatione
577 2874 730 2924 stare
762 2887 1086 2940 suspensus
1115 2873 1439 2927 videbatur.
1476 2874 1545 2927 Et
1569 2889 1673 2944 ego
1704 2886 1973 2943 superve-

327 2954 536 3011 niens:
574 2959 822 3021 Dudum,
858 2960 1096 3031 inquam
1125 2978 1227 3032 per
1258 2963 1455 3017 omnia
1479 2962 1604 3017 loca
1634 2962 1970 3017 discurrens

325 3047 655 3118 quaerebam
688 3052 780 3103 te:
829 3054 886 3103 et
932 3067 1105 3120 nunc,
1160 3051 1301 3123 quid
1351 3052 1583 3124 agimus
1609 3051 1637 3106 ‘I
1671 3053 1735 3106 At
1765 3052 1969 3105 Petrus

329 3136 600 3208 praecepit
630 3138 796 3207 mihi,
829 3143 895 3194 ut
924 3140 995 3193 ad
1038 3140 1369 3196 naviculum
1423 3142 1824 3213 praecederem,
1859 3138 1966 3193 ibi-

330 3241 444 3297 que
472 3207 639 3281 illum
691 3228 1003 3299 Opperirer.
1036 3230 1105 3285 Et
1160 3230 1299 3302 quia
1329 3207 1643 3286 contradici
1703 3231 1754 3285 ei
1785 3229 1968 3300 impe-
2002 3207 2044 3274 Ο

328 3314 479 3368 ranti
513 3332 625 3370 non
660 3322 899 3387 poterat,
936 3319 1087 3389 quod
1113 3319 1294 3391 jussit
1325 3320 1451 3375 feci.
1476 3321 1604 3390 Ipse
1632 3335 1786 3385 vero,
1821 3319 1973 3372 sicut

329 3403 473 3458 mihi
509 3410 718 3460 cuncta
750 3406 1039 3477 posterius
1096 3408 1405 3475 enarravit,
1458 3408 1789 3480 suspicione
1829 3424 1970 3479 qua-

329 3492 462 3547 dam
496 3494 704 3565 exigua
733 3496 903 3550 corde
925 3495 1192 3567 pulsatus
1216 3496 1617 3570 interrogabat
1647 3496 1971 3566 mulierem,

333 3582 566 3637 dicens:
602 3583 771 3638 Refer
797 3584 962 3649 mihi,
1017 3586 1231 3641 femina
1279 3603 1465 3657 genus
1496 3595 1552 3641 et
1581 3586 1877 3641 civitatem
1909 3601 1975 3640 ac

332 3669 585 3726 ﬁliorum
620 3673 875 3738 nomina,
928 3679 983 3729 et
1006 3675 1131 3746 jam
1194 3675 1684 3731 medicamentum
1742 3675 1846 3730 tibi
1877 3675 1969 3729 do.

330 3766 406 3814 At
436 3759 535 3815 illa
565 3763 679 3826 vim
713 3762 1015 3819 sustinens
1066 3780 1257 3835 neque
1302 3764 1499 3820 volens
1529 3765 1742 3820 referre
1769 3767 1825 3819 et
1856 3779 1975 3818 me-

330 3849 645 3904 dicamenti
703 3850 1023 3923 accipiendi
1075 3854 1289 3924 cupida
1318 3854 1485 3909 ﬁnxit
1540 3854 1655 3909 alia
1687 3870 1788 3925 pro
1821 3851 1973 3918 aliis,

331 3943 387 3993 et
417 3938 518 4002 ait,
576 3956 639 3994 se
695 3939 931 4011 quidem
993 3942 1321 4015 Ephesiam,
1381 3944 1572 3998 virum
1631 3948 1827 3997 autem
1889 3941 1976 3996 Si-

336 4026 558 4093 culum,
583 4029 683 4083 sed
715 4036 771 4083 et
796 4029 1045 4084 filiorum
1072 4031 1311 4086 nomina
1334 4030 1602 4086 similiter
1622 4032 1974 4085 immutavit.

335 4116 485 4170 Tum
518 4117 743 4184 Petrus,
778 4118 1118 4173 existimans
1150 4136 1278 4175 eam
1319 4137 1517 4175 verum
1552 4120 1825 4192 proferre,
1860 4120 1976 4175 ait:

338 4209 455 4259 Heu
486 4206 497 4258 ι
530 4207 758 4273 mulier,
785 4208 1063 4278 putabam
1084 4209 1303 4280 grande
1321 4209 1555 4281 aliquod
1579 4209 1859 4279 gaudium
1882 4208 1981 4263 ho-

2082 665 2165 706 τις
2194 649 2299 699 τῶν
2332 644 2557 699 ἐνταῦθα
2587 644 2821 718 πενιχρὰ
2850 641 2995 698 πολὺ
3029 644 3330 718 βιασαμένη
3383 642 3457 706 εἴς
3513 645 3576 699 τὸ
3623 646 3739 700 ἑαυ-

2083 740 2185 803 τῆς
2235 731 2409 796 ἐλθεῖν
2459 734 2729 808 ἠνάγκασε
2778 734 3065 804 σκήνωμα,
3102 731 3328 786 εἰποῦσά
3372 753 3487 805 μοι.
3521 733 3734 809 Θάῤῥει,

2086 822 2264 898 γύναι,
2295 823 2384 877 καὶ
2435 822 2535 899 γάρ
2570 824 2598 877 6
2630 821 2758 895 ἐμὸς
2808 822 2943 897 ἀνὴρ
2992 820 3191 891 ναύτης
3238 819 3313 875 ὢν
3356 824 3493 877 κατά
3539 822 3738 879 θάλασ-

2087 933 2178 966 σαν
2211 914 2233 947 ²
2259 912 2534 982 τέθνηκεν,
2566 913 2617 966 ἐν
2647 916 2714 986 τῇ
2764 910 3019 985 νεαζούσῃ
3070 913 3360 987 τυγχάνων
3401 910 3612 983 ἡλικίᾳ*
3645 913 3740 967 καὶ

2085 996 2288 1068 ἔκτοτε,
2320 998 2545 1056 πολλῶν
2583 1021 2649 1073 με
2677 998 2990 1070 ἀξιούντων,
3014 1000 3149 1069 πρὸς
3182 1001 3363 1075 γάμον
3396 999 3505 1076 ἐγὼ
3536 1001 3742 1077 χηρεύ-

2086 1111 2160 1145 ειν
2196 1088 2451 1163 είλόμην,
2481 1091 2570 1144 τὸν
2605 1088 2734 1162 ἐμὸν
2763 1090 3005 1144 ποθοῦσα
3041 1086 3225 1161 ἄνδρα.
3256 1090 3440 1143 Ἔσται
3493 1088 3551 1145 δέ
3598 1093 3736 1164 ἡμῖν

2084 1180 2241 1235 κοινὰ
2270 1178 2304 1233 ’ὰ
2336 1176 2424 1234 διὰ
2453 1183 2655 1257 χειρῶν
2688 1174 2988 1257 ἀμφότεραι
3018 1178 3260 1255 πορίζειν
3303 1175 3595 1252 δυνάμεθα.

2158 1359 2351 1415 XVIII.
2386 1357 2488 1413 Καὶ
2513 1354 2603 1411 ἵνα
2636 1358 2710 1431 μή
2747 1378 2832 1411 σοι
2867 1356 3094 1430 μηκύνω
3123 1355 3252 1420 τοὺς
3284 1354 3384 1411 οὑκ
3412 1354 3741 1432 ἀναγκαίους

2086 1444 2312 1521 λόγους,
2347 1447 2629 1520 συνῴκησα
2666 1445 2800 1519 αὐτῇ
2833 1443 2923 1500 διὰ
2950 1446 3048 1514 τὴν
3090 1443 3429 1524 φιλανδρίαν.
3460 1445 3568 1501 Καὶ
3621 1451 3743 1519 μετ’

2086 1533 2147 1589 ού
2178 1533 2322 1589 πολὺ
2354 1534 2490 1609 ἐμοῦ
2518 1541 2619 1604 τῆς
2648 1533 3004 1611 ταλαιπώρου
3034 1536 3089 1590 αἱ
3120 1541 3302 1611 χεῖρες
3334 1534 3437 1590 ὑπὸ
3464 1538 3571 1590 τῶν
3607 1531 3743 1611 δηγ-

2089 1622 2270 1696 μάτων
2300 1625 2322 1659 ³
2375 1623 2725 1696 παρείθησαν,
2785 1623 2875 1679 καὶ
2932 1626 2966 1693 ἡ
3028 1621 3399 1697 ὑποδεξαμένη
3454 1644 3521 1697 με
3573 1625 3736 1699 γυνὴ,

2084 1710 2189 1783 ὅλη
2226 1712 2328 1767 ὑπὸ
2357 1710 2559 1776 πάθους
2590 1712 2733 1774 τινὸς
2766 1709 3095 1786 συνδεθεῖσα,
3127 1712 3215 1768 ἐπὶ
3243 1720 3343 1782 τῆς
3375 1712 3549 1775 οἰκίας
3591 1710 3739 1788 ἔρῥι-

2083 1821 2232 1856 πται.
2266 1800 2414 1856 Ἐπεὶ
2447 1799 2537 1856 οῦν
2572 1802 2600 1855 6
2628 1805 2734 1855 τῶν
2767 1800 2939 1857 πάλαι
2969 1806 3236 1877 γυναικῶν
3266 1800 3417 1864 ἔλεος
3449 1803 3743 1878 παρηκμα-

2083 1911 2190 1962 σεν,
2221 1890 2329 1966 ἐγὼ
2387 1888 2443 1945 δὲ
2497 1890 2585 1944 καὶ
2638 1892 2673 1959 ἡ
2733 1891 2849 1945 κατ’
2908 1890 3054 1946 οἷκον
3116 1890 3416 1970 ἀμφότεραι
3475 1889 3737 1953 έπισινεῖς

2080 1978 2447 2054 τυγχάνομεν,
2498 1977 2556 2033 έκ
2612 1977 2839 2034 πολλῶν
2900 1979 3117 2056 χρόνων
3166 1979 3412 2048 ἐνταῦθα,
3447 1979 3521 2040 ὡς
3583 1980 3734 2055 ὁρᾷς,

2080 2068 2374 2141 καθέζομαι
2432 2072 2819 2144 προσαιτοῦσα,
2850 2069 2939 2123 καὶ
2991 2070 3065 2123 ὧν
3126 2068 3183 2123 ἂν
3243 2068 3587 2144 εύπορήσω⁴
3641 2068 3738 2121 καὶ

2081 2162 2149 2231 τῇ
2200 2155 2626 2230 συνταλαιπώρῳ
2654 2160 2675 2193 ⁸
2715 2156 2791 2220 εἰς
2837 2157 3042 2235 τροφὰς
3086 2157 3321 2230 κομίζω.
3373 2156 3471 2212 Καὶ
3518 2157 3585 2213 τὰ
3640 2157 3733 2229 μὶν

2084 2248 2190 2323 ἐμὰ
2219 2248 2307 2304 ἐπὶ
2336 2253 2591 2303 τοσοῦτον
2626 2248 2907 2325 αὐτάρκως
2940 2250 3201 2325 εἰρήσθω.
3243 2249 3448 2305 Λοιπὸν
3501 2248 3563 2303 σὺ
3615 2269 3733 2302 κω-

2083 2336 2231 2401 λύεις
2262 2342 2284 2376 “
2310 2341 2408 2408 τήν
2444 2338 2735 2414 ὑπόσχεσιν
2763 2337 3055 2415 πληρῶσαι
3108 2343 3206 2394 τοῦ
3258 2334 3445 2393 δοῦναι
3489 2337 3552 2391 τὸ
3594 2337 3727 2413 φάρ-

2087 2446 2288 2502 μακον;
2321 2426 2471 2490 ὅπως
2496 2427 2716 2502 κάκείνῃ
2755 2426 3094 2503 ὶπιθυμούοῃ
3141 2428 3317 2482 θανεῖν
3372 2424 3471 2499 δῶ,
3501 2426 3590 2482 καὶ
3639 2423 3732 2479 οῦ·-

2078 2539 2189 2580 τως
2219 2517 2368 2595 κάγὼ
2395 2522 2493 2573 τοῦ
2526 2520 2642 2591 ζῇν,
2676 2517 2749 2579 ὡς
2780 2512 2936 2595 ἔφης,
2970 2514 3301 2591 μεταλλάξαι
3345 2513 3581 2582 δυνηθῶ.

2150 2788 2286 2843 XIX.
2317 2790 2491 2841 Ταῦτα
2517 2791 2619 2855 τῆς
2676 2783 2925 2862 γυναικὸς
2978 2782 3259 2856 εἷ’πούσης,
3294 2783 3397 2839 ὑπὸ
3445 2780 3730 2858 λογισμῶν

2078 2872 2305 2930 πολλῶν
2345 2876 2372 2930 6
2427 2873 2626 2951 Πέτρος
2691 2876 2844 2933 268
2904 2872 3175 2948 μετέωρος
3236 2870 3410 2929 ἰδόκει
3459 2868 3736 2926 ἵστασθαι.

2076 2966 2215 3040 Ἐγὼ
2275 2961 2333 3018 δὲ
2388 2961 2630 3027 ἐπελθὼν
2682 2961 2832 3041 ἔφην·
2866 2967 2960 3018 Ἐκ
2987 2959 3204 3017 πολλοῦ
3254 2981 3311 3016 σε
3365 2957 3738 3035 περιερχόμε-

2076 3073 2164 3114 νος
2222 3057 2388 3121 ζητῶ’
2422 3052 2513 3107 καὶ
2568 3054 2635 3107 τὰ
2689 3057 2780 3106 νῦν
2837 3050 2890 3105 τί
2937 3055 3248 3124 ποιοῦμενς
3295 3050 3352 3103 Ὀ
3414 3047 3472 3103 δὲ
3529 3048 3737 3122 Πέτρος

2079 3138 2369 3216 προσέταξέ
2414 3161 2506 3213 μοι
2556 3140 2841 3217 προάξαντι
2896 3138 3072 3212 μένειν
3130 3138 3287 3194 αὑτὸν
3346 3137 3435 3193 ἐπὶ
3477 3141 3575 3190 τοῦ
3606 3136 3737 3190 σκά-

2082 3249 2235 3307 φους.
2279 3229 2380 3285 Καὶ
2411 3226 2597 3298 ἐπειδὴ
2641 3229 2904 3283 ἀντειπεῖν
2954 3227 3053 3282 οὐκ
3098 3227 3165 3297 ἦν
3212 3226 3360 3299 αὐτῷ
3396 3222 3737 3293 κελεύσαντι,

2082 3316 2305 3385 ἐποίησα
2332 3317 2394 3372 τὸ
2424 3317 2783 3394 προσταχθέν.
2816 3318 2873 3371 Ὁ
2905 3315 2963 3371 δὶ
2994 3314 3195 3393 Πέτρος
3232 3320 3401 3392 μικρᾷ
3447 3336 3555 3369 τινι
3601 3313 3736 3368 ὑπο-

2082 3404 2202 3481 ψίᾳ,
2233 3406 2308 3468 ὡς
2341 3406 2497 3468 αὑτός
2531 3428 2624 3480 μοι
2672 3406 2844 3461 πάντα
2892 3404 3112 3479 ὕστερον
3163 3401 3483 3481 διηγήσατο,
3514 3401 3734 3457 παλλό-

2087 3516 2246 3569 μενος
2274 3496 2372 3565 τήν
2403 3492 2624 3571 καρδίαν
2678 3494 2998 3559 ἐπυνθάνετο
3043 3496 3145 3563 τῆς
3199 3493 3474 3569 γυναικὸς,
3528 3489 3731 3566 λέγων⁸

2084 3584 2216 3640 Εἰπέ
2250 3606 2365 3657 μοι,
2396 3584 2575 3660 γύναι,
2605 3585 2667 3639 τὸ
2697 3584 2851 3658 γένος
2890 3582 2980 3637 καὶ
3036 3584 3137 3652 τὴν
3164 3579 3327 3636 πόλιν
3358 3580 3447 3636 καὶ
3489 3584 3596 3634 τῶν
3644 3579 3733 3633 τέ-

2082 3695 2218 3729 κνων
2249 3676 2315 3728 τὰ
2348 3672 2604 3746 ὀνόματα,
2636 3673 2725 3727 καὶ
2782 3669 2891 3742 ἤδη
2951 3668 3153 3745 δίδωμί
3200 3691 3288 3725 σοι
3332 3670 3394 3724 τὸ
3424 3668 3734 3747 φάρμακον.

2083 3763 2145 3818 Ἠ
2177 3760 2253 3835 δὲ,
2291 3761 2408 3837 βίαν
2438 3764 2725 3837 πάσχουσα
2746 3762 2837 3816 καὶ
2866 3761 3034 3816 εἰπεῖν
3068 3759 3129 3815 ού
3162 3756 3411 3831 θέλουσα,
3424 3759 3486 3813 τὸ
3518 3756 3575 3813 δὲ
3605 3758 3740 3835 φάρ-

2090 3873 2257 3925 μακον
2293 3846 2478 3906 λαϐεῖν
2511 3851 2869 3925 ἐπιθυμοῦσα,
2902 3848 3188 3927 ἔσοφίσατο
3220 3847 3366 3905 ἄλλα
3393 3846 3507 3902 ἀντὶ
3547 3844 3737 3903 ἄλλων

2087 3942 2277 3996 εἰπεῖν·
2312 3938 2399 3995 καί
2450 3940 2606 4013 ὁμῶς
2650 3938 2767 4018 ἔφη,
2802 3939 2969 4009 αὐτὴν
3024 3938 3118 4011 μὲν
3171 3936 3414 4015 Ἐφεσίαν
3461 3936 3619 4005 εἶναι,
3647 3936 3741 3991 τὸν

2089 4027 2145 4085 δὲ
2177 4026 2345 4105 ἄνδρα
2374 4028 2625 4098 Σικελὸν,
2657 4029 2807 4102 ὁμῶς
2837 4029 2927 4083 καὶ
2955 4032 3064 4082 τῶν
3087 4031 3253 4103 τριῶν
3280 4027 3479 4082 τέκνων
3530 4023 3742 4098 ἤλλαξε

2085 4119 2153 4173 τὰ
2183 4117 2441 4191 ὀνόματα.
2475 4117 2572 4173 Καὶ
2599 4119 2626 4172 6
2676 4118 2901 4193 Πέτρος,
2934 4117 3157 4191 νομίσας
3206 4115 3373 4185 αὐτὴν
3428 4114 3741 4186 ἀληθεύειν,

2088 4205 2212 4286 ἔφη’
2242 4204 2426 4280 Οῗ¹μοι,
2458 4207 2631 4281 γύναι,
2674 4206 2924 4280 ἐνόμιζον
2962 4204 3203 4282 μεγάλην
3244 4206 3365 4260 τινὰ
3412 4203 3585 4281 χαρὰν
3635 4204 3739 4273 τὴν

337 4293 539 4349 dierno
570 4295 662 4350 die
695 4312 783 4350 me
833 4302 1300 4369 apportaturum,
1354 4299 1697 4370 suspicabar
1737 4298 1893 4353 enim
1926 4303 1973 4352 te

2089 4299 2328 4373 σήμερον
2388 4294 2535 4371 ἄγειν
2569 4296 2800 4371 ἡμέραν,
2836 4294 3174 4357 ὑποπτεύσας
3204 4293 3262 4349 σέ
3307 4315 3427 4348 τινα
3474 4293 3631 4361 εἶναι,
3676 4294 3739 4362 ἣν

337 4394 466 4438 esse
497 4384 813 4454 quamdam
847 4385 1172 4457 mulierem,
1207 4404 1382 4458 quam
1407 4388 1747 4453 sentiebam,
1781 4388 1980 4458 cujus-

338 4487 450 4543 que
482 4490 573 4527 res
606 4473 800 4528 audivi
830 4479 887 4528 et
914 4476 1090 4546 probe
1120 4477 1270 4531 novi.
1304 4479 1374 4531 At
1402 4475 1499 4531 illa
1529 4477 1858 4547 adjurabat,
1892 4475 1980 4531 di-

2091 4385 2364 4459 ἐνόμιζον,
2396 4388 2465 4454 ἧς
2492 4386 2558 4441 τὰ
2595 4384 2889 4461 πράγματα
2937 4383 3166 4445 ἀκούσας
3216 4378 3459 4459 ἀκριϐῶς
3516 4381 3738 4438 ἰπίπα-

2094 4496 2210 4548 μαι.
2242 4475 2304 4531 Ἣ
2339 4471 2396 4529 δὲ
2436 4474 2689 4550 ἐξώρκιζε
2728 4474 2977 4550 λέγουσα
3043 4473 3268 4546 Δέομαι,
3302 4472 3418 4527 εἷπε
3473 4493 3589 4546 μοι,
3645 4469 3740 4526 ἵνα

337 4576 510 4617 cens:
545 4563 703 4634 Rogo
736 4562 874 4618 mihi
901 4564 1136 4633 referas,
1172 4568 1237 4620 ut
1262 4566 1464 4633 sciam,
1493 4582 1563 4621 an
1600 4566 1677 4621 sit
1705 4565 1973 4621 illainter

2089 4561 2216 4620 εἰδῶ
2247 4563 2292 4618 εἰ
2324 4560 2436 4619 ἔστι
2464 4584 2547 4626 τις
2580 4562 2631 4618 ἐν
2663 4562 2895 4639 γυναιξὶν
2925 4561 3229 4636 ἀθλιωτέρα
3255 4561 3412 4635 ἐμοῦ.

338 4651 611 4708 mulieres
644 4670 737 4707 me
764 4652 1066 4709 infelicior.

405 4740 517 4795 XX.
550 4742 697 4796 Tum
731 4742 934 4798 Petrus
986 4743 1218 4798 mentiri
1269 4746 1536 4802 nesciens
1584 4763 1699 4818 prae
1734 4746 1974 4802 misera-

334 4829 489 4885 tione
519 4846 655 4902 erga
688 4831 847 4886 illam
880 4849 1079 4887 verum
1103 4834 1276 4905 coepit
1297 4835 1485 4891 dicere
1511 4852 1523 4889 :
1555 4838 1655 4892 Est
1677 4853 1816 4891 sane
1848 4836 1974 4908 qui-

334 4918 468 4971 dam
502 4919 860 4983 adolescens,
895 4926 1144 4976 sectator
1173 4939 1360 4989 meus,
1416 4923 1642 4994 piorum
1678 4923 1975 4995 religioso-

334 5022 581 5076 rumque
613 5023 947 5063 sermonum
985 5009 1233 5081 cupidus
1262 5016 1319 5066 et
1350 5012 1647 5067 Romanus
1680 5013 1841 5081 civis,
1875 5012 1975 5083 qui

331 5095 475 5150 mihi
511 5098 784 5167 narravit,
837 5101 987 5169 quod
1039 5104 1263 5172 patrem
1313 5101 1586 5158 habuerit
1615 5107 1672 5159 et
1700 5102 1848 5157 duos
1877 5118 1975 5174 ge-

2156 4748 2264 4799 XX.
2301 4742 2399 4799 Καὶ
2431 4743 2459 4797 6
2490 4742 2714 4818 Πέτρος,
2746 4737 3028 4814 ψεύδεσθαι
3061 4739 3163 4795 οὑκ
3204 4737 3383 4811 εἰδὼς,
3414 4739 3518 4795 ὑπὸ
3549 4738 3737 4803 ἐλέους

2085 4836 2182 4887 τοῦ
2225 4831 2361 4908 πρὸς
2410 4830 2575 4900 αὐτὴν
2606 4830 2670 4885 τὸ
2718 4827 2920 4901 ἀληθὲς
2973 4828 3146 4906 λέγειν
3191 4825 3413 4906 ἤρξατο’
3448 4828 3605 4903 Ἐμοί
3655 4849 3739 4891 τις

2087 4920 2281 4976 λοιπὸν
2312 4918 2422 4992 ἤδη
2463 4923 2484 4957 “¹
2513 4920 2718 4982 νεανίας
2778 4917 2850 4974 ὢν
2907 4918 3222 4995 παρέπεταί,
3253 4922 3361 4974 τῶν
3400 4925 3500 4988 τῆς
3556 4920 3774 4975 θεοσε-.

2087 5005 2235 5073 ϐείας
2268 5010 2595 5088 ὀρεγόμενος
2627 5007 2835 5084 λόγων,
2868 5007 3154 5082 Ῥωμαίων
3189 5007 3449 5085 ὑπάρχων
3480 5006 3740 5081 πολίτης,

2086 5098 2233 5163 ὅστις
2266 5120 2360 5173 μοι
2392 5096 2689 5176 διηγήσατο
2722 5100 2763 5170 ⁸,
2779 5102 2916 5169 πῶς,
2939 5097 3144 5173 πατέρα
3173 5092 3317 5173 ἔχων
3347 5096 3438 5152 καὶ
3471 5093 3743 5174 ἀδελφοὺς

1676 5357 1915 5414 VARI/ﬁ
1952 5356 2363 5415 LECTIONES.

404 5524 468 5560 1°"
523 5523 595 5585 ὡς
643 5526 685 5580 Ο
743 5528 813 5598 et
853 5541 921 5579 ex
960 5525 1205 5598 conject
1257 5526 1433 5598 C,_in
1490 5528 1606 5598 cuj.
1665 5531 1823 5583 textu
1855 5528 2035 5583 deest.
2116 5525 2494 5598 ’ﬁEtoGawO.
2571 5526 2593 5561 ²
2625 5521 2892 5598 θάλατταν
2924 5523 2990 5598 Q.
3068 5525 3089 5560 ³
3121 5519 3424 5598 δειγμάτων
3453 5522 3520 5598 Ο.
3561 5524 3739 5598 “Ita

328 5595 375 5683 ρ
429 5614 490 5683 c.‘
538 5601 710 5683 L‘p‘it’”
768 5595 1054 5683 εὐφορηξω
1088 5594 1146 5652 Ὀ
1221 5594 1608 5683 Ιξὶταλὴαιὶπιιὶηειίρ
1666 5604 1754 5683 0.“
1806 5601 1827 5633 ⁶
1856 5604 1891 5654 8
1941 5601 2077 5673 Leg.
2108 5597 2160 5652 τί
2207 5594 2277 5652 ’σε
2332 5595 2557 5654 κωλύει.
2590 5596 2704 5653 Cfr.
2735 5613 2786 5652 θ.
2841 5612 2897 5669 g.
2950 5595 3108 5653 hom.
3137 5594 3262 5668 xm,
3290 5596 3347 5651 5.
3378 5596 3524 5667 Epit.
3558 5595 3737 5653 habet

327 5665 391 5720 σὺ
420 5666 497 5740 μὴ
527 5664 801 5741 κωλύσῃς.
841 5664 850 5674 ’
885 5664 911 5706 ’δ’
932 5664 1042 5741 ἤδη
1075 5685 1192 5728 om.
1226 5668 1291 5727 Ο.
1369 5670 1390 5705 ⁸
1421 5664 1686 5747 διηγεῖται
1716 5673 1776 5727 C.
