4086 6216
208 329 327 391 319
738 328 743 331 “
1034 332 1101 392 8.
1145 332 1586 395 CLEMENTIS
1634 331 1660 392 Ῑ
1704 330 1899 392 ROM.
1944 331 2174 393 PONT.
2222 332 2485 395 OPERA
2526 334 2795 397 DUBIA.
3504 328 3631 391 320

211 462 285 516 be
316 461 604 516 audiente
636 460 842 515 Petrus
859 460 938 516 ait
963 478 974 517 :
1000 462 1057 517 Si
1079 463 1339 519 veritatis
1360 481 1464 533 ego
1495 480 1625 519 sum
1654 479 1860 535 praeco,

1991 459 2130 533 Βμῶς
2191 461 2501 538 ἐνεχθείσης
2555 463 2645 518 καὶ
2703 461 2947 533 τεθείσης
3000 468 3103 531 τῆς
3150 459 3365 533 κλίνης,
3414 460 3637 515 πάντων

227 552 295 606 ad
332 550 502 605 fidem
541 567 737 604 eorum
771 551 866 619 qui
902 552 1206 618 assistunt,
1235 554 1502 608 utsciant
1533 569 1714 607 unum
1742 569 1868 606 esse

1991 554 2081 603 :in
2143 549 2330 626 ὄχλων
2390 552 2718 624 ἀκουόντων,
2770 550 2870 630 ἔφη
2931 552 2958 606 ὀ
2999 549 3218 623 Πέτρος·
3270 549 3328 605 Εἰ
3371 548 3632 619 ἀληθείας

226 640 408 695 Deum
441 638 709 709 opiﬁcem
766 641 993 705 mundi,
1029 646 1231 712 surgat
1273 643 1549 697 continuo
1604 659 1767 696 sana.
1803 641 1871 695 Et

220 728 418 783 statim
458 740 518 781 ut
549 727 671 782 hzec
701 728 945 783 dixisset
994 730 1215 793 Petrus,
1252 730 1462 785 mulier
1492 732 1743 786 surrexit
1776 747 1870 785 sa-

228 822 362 872 nata
393 822 450 872 et
482 817 728 888 procidit
753 819 821 871 ad
852 819 1027 889 pedes
1052 819 1218 882 Petri,
1238 826 1411 891 atque
1432 820 1678 875 amicam
1704 838 1870 875 suam

227 923 294 960 ac
316 905 659 960 familiarem
685 907 943 961 osculata
967 910 1418 979 percontabatur
1450 911 1587 981 quid
1615 910 1768 964 istud
1788 928 1875 964 es—

226 1001 332 1049 set.
367 996 437 1049 At
460 994 559 1049 illa
582 996 829 1049 breviter
851 1013 1022 1050 omne
1052 997 1101 1050 ei
1129 998 1544 1069 recognitionis
1572 999 1871 1069 negotium

223 1084 511 1153 eXposuit,
546 1089 602 1137 et
626 1083 725 1154 qui
749 1085 1059 1140 audierunt
1080 1086 1463 1157 obstupefacti
1497 1092 1655 1143 sunt.
1682 1089 1870 1142 Tunc-

222 1190 333 1243 que
367 1178 553 1227 mater
573 1173 863 1243 hospitem
889 1179 1153 1230 curatam
1179 1175 1379 1231 videns
1404 1177 1644 1249 rogavit,
1662 1182 1724 1231 ut
1749 1178 1875 1248 ipsa

224 1277 457 1331 quoque
488 1261 795 1316 sanitatem
831 1264 1134 1334 acciperet.
1176 1263 1271 1319 Ille
1303 1270 1498 1321 autem
1549 1282 1725 1321 manu
1768 1267 1874 1320 im-

226 1350 419 1421 posita
449 1350 637 1421 ipsam
669 1351 841 1406 etiam
878 1353 1117 1407 curavit.

301 1634 492 1690 XXIV.
527 1635 736 1707 Sicque
770 1641 969 1708 postea
1000 1641 1206 1693 Petrus
1235 1638 1306 1692 de
1338 1637 1453 1693 Deo
1475 1654 1541 1693 ac
1563 1639 1633 1694 de
1663 1638 1761 1693 Dei
1783 1655 1875 1694 re-

224 1724 438 1796 ligione
468 1741 801 1780 sermonem
833 1726 1043 1782 habuit
1072 1732 1128 1781 et
1152 1727 1209 1781 in
1233 1727 1345 1782 line
1375 1728 1602 1782 addidit
1626 1728 1708 1782 :Si
1744 1728 1877 1799 quis

1978 639 2147 713 κῆρυξ
2179 640 2286 713 ἐγὼ
2313 643 2593 716 τυγχάνω,
2626 642 2700 703 εἷς
2751 642 2847 709 τήν
2879 645 2985 695 τῶν
3035 640 3393 713 παρεστώτων
3424 637 3621 711 πίστιν,

1975 726 2068 781 ’ίνα
2099 734 2292 803 γνῶσιν
2353 730 2437 785 δτι
2496 733 2571 793 εἷς
2629 730 2739 785 ἐστι
2798 731 2947 801 Θεὸς,
3010 731 3037 784 6
3084 729 3177 783 τὸν
3224 728 3429 801 κόσμον
3470 730 3611 786 271

1982 820 2236 888 ποιήσας,
2269 819 2488 891 ἐξαυτῆς
2540 820 2812 896 ἐγερθήτω
2861 820 3042 894 ὑγιής.
3087 818 3182 872 Καὶ
3212 819 3323 890 ἅμα
3351 821 3429 889 τῷ
3458 817 3622 871 εἰπεῖν

1985 907 2185 983 Πέτρον
2212 913 2379 963 ταῦτα
2408 910 2441 978 ἠ
2475 911 2612 984 γυνή
2661 910 2867 983 ἠγέρθη
2923 909 3249 984 ὑγιασθεῖσσ,
3281 906 3371 961 καὶ
3417 910 3495 977 τῷ
3522 907 3632 961 Πέ-

1982 1017 2098 1072 τρῳ
2127 998 2474 1071 προσέπεσεν,
2505 998 2594 1053 καὶ
2641 1000 2739 1067 τήν
2779 999 2981 1067 συνήθη
3011 995 3177 1074 φίλην
3222 994 3639 1073 καταφιλήσασα

1987 1083 2303 1141 ἐπυνθάνετο
2330 1087 2381 1141 τί
2413 1084 2495 1157 εἴη
2527 1092 2711 1144 τοῦτο.
2742 1088 2804 1143 Ἠ
2834 1084 2892 1141 δέ
2920 1085 3049 1141 ὅλον
3075 1085 3210 1159 αὐτῇ
3246 1087 3288 1122 ¹⁸
3315 1084 3380 1140 τὸ
3410 1090 3640 1159 πρᾶγμα

1984 1179 2080 1229 τοῦ
2112 1176 2527 1252 ἀναγνωρισμοῦ
2559 1176 2841 1250 συντόμως
2871 1173 3196 1250 διηγήσατο,
3227 1174 3316 1229 καὶ
3368 1174 3421 1227 οἱ
3469 1171 3637 1227 ἀκού-

1987 1285 2166 1326 σαντες
2215 1264 2655 1336 κατεπλάγησαν.
2702 1265 2834 1321 Τότε
2879 1265 2969 1320 καὶ
3013 1266 3047 1335 ἠ
3086 1266 3291 1340 μήτηρ,
3340 1264 3439 1332 τήν
3487 1262 3635 1332 ξενο-

1987 1350 2153 1429 δόχον
2210 1357 2617 1430 θεραπευθεῖσαν
2679 1356 2996 1431 θεωρήσασα
3053 1356 3134 1425 ³9,
3192 1350 3485 1429 παρεκάλει
3543 1350 3640 1405 καὶ

1984 1442 2119 1512 αὐτή
2154 1441 2347 1506 ῗάσεως
2377 1449 2585 1520 τυχεῖν.
2617 1445 2678 1502 Ὁ
2712 1442 2788 1514 δὲ,
2840 1442 3039 1505 ἐπιθεὶς
3066 1444 3167 1511 τὴν
3204 1447 3385 1517 χεῖρα,
3414 1439 3504 1495 καὶ
3536 1438 3634 1493 αὖ·

1982 1533 2082 1602 τήν
2116 1531 2484 1609 ἐθεράπευσεν.

2056 1640 2241 1696 XXIV.
2274 1639 2369 1694 Καὶ
2417 1641 2515 1703 εἶθ’
2546 1639 2719 1701 οὕτως
2750 1640 2778 1694 6
2810 1638 3014 1713 Πέτρος
3060 1637 3183 1710 περὶ
3233 1641 3366 1693 Θεοῦ
3412 1636 3502 1691 καὶ
3531 1641 3637 1705 τῆς

1986 1727 2132 1801 αὐτῷ
2166 1726 2525 1805 διαφερούσης
2575 1728 2861 1804 θρησκείας
2914 1726 3208 1800 ὁμιλήσας,
3242 1725 3497 1803 προσθεὶς
3546 1724 3637 1780 ἐπὶ

221 1816 341 1870 haec
362 1814 485 1869 vult
514 1813 824 1887 diligenter
840 1832 1209 1887 cognoscere,
1233 1817 1626 1883 Antiochiam,
1650 1818 1750 1873 ubi
1777 1835 1877 1889 per

1991 1817 2152 1889 τέλει,
2187 1817 2289 1873 ὅτι’
2320 1815 2495 1879 Εἶ’τις
2530 1816 2786 1893 βούλεται
2833 1821 2999 1872 ταῦτα
3034 1811 3273 1891 ἀκριϐῶς
3318 1816 3528 1887 μαθεῖν,
3562 1813 3641 1875 εἷς

227 1904 448 1959 multos
479 1903 603 1959 dies
635 1905 888 1961 residere
920 1905 1121 1976 statui,
1157 1905 1415 1977 veniens,
1451 1924 1579 1978 quze
1612 1908 1683 1962 ad
1717 1906 1871 1962 salu-

227 1997 345 2047 tem
369 2009 539 2047 suam
572 1994 864 2063 pertinent
894 1995 1100 2049 discat.
1146 1999 1271 2050 Non
1322 1996 1500 2063 enim,
1554 1996 1653 2067 qui
1694 2012 1875 2067 nego-

228 2081 413 2136 tiandi
445 2086 546 2136 aut
576 2082 863 2137 militandi
896 2099 1073 2139 causa
1101 2085 1350 2155 patriam
1376 2084 1700 2155 relinquere
1726 2084 1875 2140 sole-

228 2170 307 2226 tis
339 2176 395 2225 et
424 2172 495 2226 ad
548 2170 674 2226 loca
706 2172 958 2227 multum
985 2173 1192 2229 dissita
1231 2174 1411 2239 abire,
1444 2180 1678 2245 prapter
1708 2179 1874 2228 aeter-

231 2278 367 2316 nam
392 2260 639 2315 salutem
672 2262 759 2316 vel
784 2262 960 2316 trium
996 2262 1224 2317 dierum
1256 2263 1366 2318 iter
1396 2265 1694 2335 suscipere
1713 2264 1875 2318 nole-

228 2350 323 2405 tis.
359 2350 558 2421 Itaque
590 2355 718 2421 post
757 2351 903 2406 Petri
937 2353 1274 2408 concionem
1319 2369 1425 2424 ego
1459 2352 1713 2420 mulieri,
1746 2369 1874 2423 qum

230 2445 435 2494 sanata
467 2440 672 2509 fuerat,
707 2457 901 2495 coram
926 2441 1084 2495 omni
1121 2441 1329 2513 populo
1374 2442 1531 2497 mille
1566 2442 1873 2497 drachmas

146 2550 147 2557 η
231 2528 301 2583 ad
331 2528 547 2581 victum
581 2527 712 2582 dedi
753 2534 809 2583 et
847 2531 1246 2584 commendavi
1280 2548 1407 2585 eam
1458 2531 1686 2585 cuidam
1722 2532 1873 2586 bono

227 2617 371 2682 viro,
397 2617 672 2689 primario
704 2618 922 2689 oppidi,
958 2618 1055 2688 qui
1090 2624 1295 2691 sponte
1328 2620 1382 2674 id
1403 2636 1535 2676 cum
1555 2620 1767 2691 gaudio
1796 2620 1874 2675 fa-

238 2722 365 2761 cere
397 2708 718 2778 proposuit.
741 2707 848 2762 Sed
884 2712 935 2762 et
960 2707 1088 2762 aliis
1121 2709 1324 2763 multis
1345 2709 1651 2779 pecuniam
1677 2709 1871 2763 distri-

236 2795 357 2861 bui,
390 2796 727 2868 gratiasque
745 2796 962 2867 egiillis
985 2796 1351 2868 mulieribus,
1366 2815 1492 2869 quas
1509 2798 1676 2852 matri
1697 2815 1876 2869 quon-

186 2932 187 2935 η
234 2885 365 2938 dam
399 2884 668 2939 solatium
727 2886 1123 2956 praebuerant:
1179 2892 1235 2940 et
1271 2891 1403 2957 post
1442 2886 1563 2941 haec
1596 2903 1711 2941 una
1740 2903 1873 2941 cum

230 2978 437 3040 matre,
474 2975 656 3037 Petro,
691 2974 1026 3046 ueterisque
1048 2976 1347 3031 sodalibus
1362 2977 1720 3030 Antaradum
1744 2992 1876 3030 ena-

221 3060 430 3133 vigavi,
464 3069 641 3134 atque
664 3063 746 3119 ita
778 3064 849 3119 ad
881 3063 1201 3135 hospitium
1238 3067 1647 3136 processimus.

302 3259 469 3314 XXV.
506 3259 606 3317 Ubi
640 3278 771 3315 cum
804 3278 1067 3317 essemus
1099 3267 1156 3318 et
1185 3263 1648 3335 sumpsissemus
1677 3266 1873 3320 cibum

238 3365 304 3403 ac
336 3349 404 3403 de
435 3365 592 3405 more
621 3351 838 3421 gratias
860 3352 1206 3422 egissemus,
1229 3359 1404 3424 atque
1436 3354 1627 3409 adhuc
1648 3358 1883 3426 tempus

241 3444 592 3509 superesset,
626 3456 731 3513 ego
764 3440 879 3495 dixi
913 3445 1079 3496 Petro
1109 3458 1121 3496 :
1157 3442 1549 3500 Humanitatis
1578 3461 1745 3515 opus,
1782 3446 1884 3499 do-

239 3527 397 3582 mine
432 3528 507 3582 mi
543 3528 725 3595 Petre,
779 3532 1029 3585 exercuit
1062 3548 1189 3586 mea
1247 3537 1451 3595 mater,
1486 3549 1611 3604 qua:
1643 3533 1885 3603 hospitae

239 3616 503 3672 mulieris
527 3618 825 3673 recordata
858 3620 1050 3674 fuerit.
1078 3621 1391 3691 Respondit
1422 3622 1664 3679 Petrus:
1701 3624 1882 3689 Itane,

238 3721 271 3761 0
302 3706 591 3775 Clemens,
630 3725 759 3763 vere
787 3710 1158 3775 existimasti,
1200 3710 1585 3765 humanitatis
1616 3728 1763 3783 opus
1797 3713 1883 3766 fa-

236 3798 397 3849 ctum
430 3813 463 3850 a
495 3800 596 3850 tua
612 3798 913 3869 genitrice,
948 3799 1182 3869 quando
1211 3799 1408 3870 eiquaa
1430 3800 1617 3870 ipsam
1651 3817 1718 3854 ex
1741 3818 1882 3854 nau-

233 3882 418 3955 fragio
452 3890 749 3955 receperat
771 3887 1247 3958 gratiam'retulit
1279 3904 1385 3942 :an
1418 3893 1480 3942 ut
1499 3890 1666 3943 matri
1702 3889 1885 3959 pluri-

239 3988 399 4028 mum
420 3975 1019 4044 gratiﬁcareris,hunc
1041 3976 1235 4031 dixisti
1261 3981 1629 4032 sermonem?
1654 3978 1709 4033 Si
1730 3978 1884 4032 enim

240 4078 357 4116 non
389 4068 453 4116 ut
484 4081 605 4118 rem
641 4068 865 4134 gratam
895 4066 1248 4129 faceres,sed
1282 4071 1347 4119 ut
1364 4066 1663 4121 veritatem
1694 4066 1887 4137 loque-

241 4150 409 4221 reris,
444 4153 653 4206 effatus
684 4169 767 4215 es,
797 4152 1011 4208 videris
1044 4154 1185 4208 mihi
1220 4155 1486 4225 ignorare
1511 4172 1777 4227 quaenam
1810 4157 1890 4213 sit

240 4242 585 4314 magnitudo
614 4242 1152 4313 humanitatisque;
1176 4248 1266 4297 est
1287 4245 1519 4299 amorin
1546 4246 1883 4315 quemlibet.

242 4337 532 4404 quatenus
558 4330 875 4397 hominem,
900 4337 955 4386 et
987 4333 1205 4403 absque
1233 4332 1349 4387 ullo
1382 4334 1628 4389 naturali
1659 4336 1886 4390 affectu.

130 4416 133 4419 ’
239 4421 350 4477 Sed
388 4437 493 4476 nec
526 4420 842 4491 hospitem,
876 4438 997 4490 quae
1034 4428 1278 4477 matrem
1311 4428 1473 4477 tuam
1524 4441 1552 4479 e
1585 4426 1889 4498 naufragio

240 4511 518 4582 suscepit,
544 4510 735 4565 ausim
766 4510 1073 4566 hominum
1116 4518 1410 4567 amantem
1444 4514 1753 4586 appellare.
1786 4516 1888 4569 Mi-

240 4600 562 4657 sericordia
590 4599 745 4655 enim
782 4605 1091 4668 commota,
1128 4601 1383 4673 impulsa
1412 4608 1501 4658 est
1532 4604 1599 4658 ad
1634 4604 1779 4660 bene
1811 4606 1891 4660 fa-

1987 1907 2347 1983 ’Δντιόχειαν,
2382 1905 2518 1962 ὅπου
2566 1904 2836 1961 πλειόνων
2881 1907 3103 1983 ἡμερῶν
3148 1904 3456 1980 περιμένειν
3491 1900 3638 1979 ἔκρι-

1983 2016 2068 2067 να,
2101 1994 2274 2060 ἐλθὼν
2322 1997 2389 2051 τὰ
2434 1997 2570 2071 πρὸς
2616 1997 2717 2065 τήν
2768 1996 2932 2050 αὑτοῦ
2982 1994 3254 2069 σωτηρίαν
3301 1994 3637 2066 μανθανέτω.

1984 2086 2056 2140 Οὐ
2086 2087 2189 2162 γὰρ
2224 2084 2289 2155 δὴ
2349 2085 2393 2140 εἰ
2443 2088 2488 2123 ²⁰
2536 2084 2800 2161 ἐμπορίας
2851 2082 3007 2139 ἕνεκα
3053 2085 3087 2153 ἢ
3123 2082 3399 2159 στρατείας
3448 2080 3640 2157 πατρίς

1984 2174 2078 2238 δας
2127 2174 2554 2247 καταλιμπάνειν
2608 2172 2788 2229 οἷ’δατε
2835 2174 2925 2229 καὶ
2975 2172 3050 2236 είς
3106 2171 3345 2248 μακροὺς
3393 2171 3637 2246 ἀπέρχε-

1983 2265 2099 2318 σθαι
2158 2264 2380 2333 τόπους,
2436 2260 2526 2317 διὰ
2571 2259 2627 2318 δέ
2676 2262 2897 2317 αἶ’ώνιον
2942 2260 3215 2337 σωτηρίαν
3281 2257 3421 2333 μηδὲ
3464 2264 3631 2335 τριῶν

1981 2355 2204 2428 ἡμερῶν
2234 2350 2355 2407 ὁδὸν
2414 2354 2741 2429 πορευθῆναι
2794 2350 3050 2423 θελήσετε
3101 2353 3167 2407 ²¹.
3197 2351 3343 2405 Μετὰ
3396 2348 3488 2421 μέν
3537 2349 3629 2403 οὗν

1979 2444 2079 2511 τήν
2112 2439 2478 2517 προσομιλίαν
2545 2440 2748 2516 Πέτρου
2805 2439 2910 2516 ἐγὼ
3078 2436 3387 2514 ὑγιασθείσῃ
3421 2435 3627 2513 γυναικὶ

1982 2530 2067 2585 έπῖ
2122 2531 2321 2592 παντὸς
2366 2534 2462 2585 τοῦ
2512 2527 2689 2605 ὄχλου
2737 2527 2923 2604 ’χιλίας
2990 2524 3245 2603 δραχμάς
3294 2526 3370 2588 εἷς
3426 2527 3627 2603 τροφὰς

1982 2618 2366 2693 έδωρησάμην,
2422 2618 2791 2695 παραθέμενος
2841 2617 3007 2686 αὐτὴν
3064 2615 3247 2692 ἀγαθῷ
3298 2636 3405 2670 τινι
3453 2612 3633 2689 ἀνδρὶ,

1982 2711 2187 2786 πρώτῳ
2233 2715 2333 2777 τῆς
2391 2706 2607 2768 πόλεως
2664 2702 2798 2773 ὅντι,
2859 2704 3012 2783 φύσει
3076 2706 3209 2779 μετᾶ
3255 2710 3431 2779 χαρᾶς
3471 2707 3635 2758 τοῦτο

1982 2804 2156 2854 ποιεῖν
2188 2797 2579 2874 προῃρημένῳ.
2610 2798 2728 2851 Ἔτι
2762 2793 2818 2850 δὲ
2849 2796 2939 2850 καὶ
2971 2792 3170 2856 ἄλλαές
3202 2792 3440 2855 πολλαῖς
3470 2795 3517 2829 ²²
3546 2793 3642 2867 ἆρ-

1980 2909 2140 2965 γυρια
2190 2885 2491 2959 διανείμας,
2543 2891 2660 2947 ταῖς
2717 2905 2850 2940 ποτε
2902 2884 3002 2952 τὴν
3058 2880 3267 2957 μητέρα
3304 2882 3637 2958 παραμυθη-

1985 2977 2241 3050 σαμέναις
2286 2975 2706 3051 εὐχαριστήσας,
2761 2976 2915 3031 272
2974 2969 3267 3026 διέπλευσα
3324 2970 3401 3031 είς
3450 2969 3639 3025 Ἀντά-

1985 3065 2168 3143 ραδον,
2229 3068 2341 3138 ἅμα
2387 3068 2456 3138 τῇ
2521 3063 2686 3139 μητρὶ
2747 3063 2835 3118 καὶ
2887 3062 3075 3137 Πέτρῳ
3123 3060 3211 3115 καὶ
3251 3064 3369 3120 τοῖς
3417 3056 3640 3120 λοιποῖς

1988 3155 2222 3231 ἑταίροις
2256 3157 2319 3191 2³·
2346 3154 2433 3209 καὶ
2468 3153 2641 3215 οὕτως
2674 3152 2750 3214 εἷς
2779 3151 2877 3219 τὴν
2911 3150 3074 3221 ξενίαν
3110 3149 3466 3223 ὡρμήσαμεν.

2063 3268 2223 3321 XXV.
2260 3262 2569 3334 Γενομένων
2619 3257 2676 3314 δὲ
2728 3261 2889 3331 ἡμῶν
2940 3260 2986 3293 ²⁴
3025 3257 3114 3311 καὶ
3161 3258 3369 3333 τροφῆς
3402 3251 3637 3328 μεταλα-

1992 3348 2194 3407 ϐόντων
2242 3352 2331 3406 καὶ
2382 3352 2626 3419 συνήθως
2670 3346 3199 3423 εὐχαριστησάντων,
3252 3343 3329 3399 ἔτι
3362 3342 3507 3419 ὥρας
3546 3339 3639 3396 οὔ·

1994 3464 2114 3513 σης,
2149 3439 2280 3519 ἔφην
2334 3440 2438 3515 ἐγὼ
2482 3443 2562 3510 τῷ
2606 3439 2797 3512 Πέτρῳ
2828 3438 2960 3509 (39)·
2994 3433 3415 3510 Φιλανθρωπίας
3458 3430 3637 3508 ἔργον,

1992 3530 2145 3607 κύριέ
2198 3551 2301 3603 μου
2350 3528 2537 3602 Πέτρε,
2588 3530 2622 3597 ἡ
2673 3525 2778 3599 έμή
2831 3523 3054 3595 ἐποίησε
3103 3526 3311 3598 μήτηρ,
3358 3525 3457 3591 τῆς
3498 3523 3642 3591 ξενο-

1996 3617 2164 3695 δόχου
2198 3619 2602 3691 ὑπομνησθεῖσα
2649 3614 2921 3691 γυναικός.
2958 3612 3054 3693 Καὶ
3105 3614 3133 3667 6
3166 3614 3368 3687 Πέτρος
3417 3610 3639 3680 ἀπεκρί-

1993 3730 2141 3764 νατο.
2174 3706 2313 3783 Ἀρά
2344 3727 2427 3782 γε,
2479 3706 2522 3759 ὧ
2567 3702 2822 3776 Κλήμης,
2875 3700 3095 3770 άληθῶς
3142 3700 3430 3773 νενόμικας
3460 3698 3644 3777 φιλαν-

1996 3796 2238 3875 θρωπίας
2287 3793 2443 3871 ἔργον
2492 3793 2846 3859 πεποιηκέναι
2893 3792 2993 3861 τὴν
3053 3791 3151 3859 σὴν
3196 3786 3473 3860 τεκοῦσαν,
3525 3794 3643 3852 καθ’

1995 3888 2024 3943 ὃ
2053 3889 2152 3955 τὴν
2188 3885 2291 3940 ἀπὸ
2318 3884 2573 3960 ναυαγίου
2604 3885 2648 3919 ²⁵
2676 3882 2843 3949 αὐτὴν
2896 3876 3297 3951 ὑποδεξαμένην
3344 3876 3644 3950 ἠμείψατο,

1996 3978 2031 4046 ἢ
2084 3976 2159 4037 ὡς
2214 3973 2379 4048 μητρὶ
2433 3971 2644 4049 μεγάλα
2692 3974 2737 4008 ³⁸
2789 3968 3152 4045 χαριζόμενος
3195 3971 3387 4022 τοῦτον
3427 3966 3646 4041 είρηκας

1995 4068 2086 4121 τὸν
2117 4064 2282 4139 λόγον
2320 4083 2333 4133 ;
2366 4062 2430 4117 Εἰ
2462 4059 2519 4116 δέ
2569 4060 2676 4136 οὐχ
2722 4059 2795 4121 ὡς
2829 4057 3211 4135 χαριζόμενος,
3243 4054 3371 4111 ἀλλ’
3399 4055 3474 4117 ὡς
3506 4054 3649 4125 ἀλη-

1998 4155 2164 4210 θεύων
2196 4152 2348 4230 ἔφης,
2381 4148 2559 4213 ἔοικάς
2597 4170 2688 4222 μοι
2724 4148 2934 4223 ἀγνοεῖν
2981 4147 3032 4201 τί
3062 4147 3182 4200 ποτ’
3213 4144 3322 4199 ἐστὶ
3373 4147 3415 4181 ³⁷
3462 4144 3650 4222 φιλαν-

2002 4244 2243 4320 θρωπίας
2279 4243 2525 4316 μέγεθος,
2554 4238 2674 4308 ἥτις
2709 4237 2846 4292 ἐστὶν
2900 4239 2934 4305 ἡ
2986 4237 3108 4290 ἄνευ
3134 4239 3231 4289 τοῦ
3274 4233 3511 4312 φυσικῶς
3538 4232 3649 4289 πεί-

2000 4336 2209 4403 θοντος,
2311 4333 2355 4366 ²⁸
2385 4328 2521 4400 πρὸς
2566 4330 2678 4382 οἷον
2734 4326 2939 4397 δήποτε
2986 4326 3213 4399 στοργὴ,
3263 4325 3397 4388 καθὸ
3441 4321 3647 4397 ἄνθρω-

2000 4423 2100 4484 πός
2132 4421 2293 4476 ἐστιν.
2330 4416 2483 4475 Ἀλλ’
2511 4415 2635 4471 οὐδὲ
2664 4418 2763 4485 τὴν
2807 4412 3093 4490 ξενοδόχον
3136 4414 3233 4481 τὴν
3283 4413 3389 4467 ἀπὸ
3416 4432 3649 4490 ναυφραο

2001 4513 2126 4588 γίου
2158 4507 2557 4582 ἀποδεξαμένην
2604 4510 2649 4544 ²⁹
2697 4507 2795 4573 τήν
2847 4506 2942 4573 σὴν
2991 4508 3246 4558 τεκοῦσαν
3276 4499 3429 4557 οὔπω
3459 4500 3649 4579 φιλάν-

2000 4606 2215 4679 θρωπον
2265 4598 2433 4653 εἰπεῖν
2475 4595 2690 4669 τολμῶ.
2744 4596 2855 4649 Ὑπ⁹
2909 4591 3064 4649 έλέου
3092 4592 3192 4670 γὰρ
3239 4591 3649 4660 κολακευθεῖσα,

1601 4754 1839 4812 νΑΗΙΛΕ
1875 4751 2281 4813 LECTIONES.

320 4878 361 4912 1⁸
405 4875 573 4949 αὐτῆς
621 4881 684 4932 ().
737 4877 781 4949 ίμθ
828 4876 1158 4945 ἱστορήσασα
1205 4876 1264 4932 C.
1313 4878 1357 4911 ²⁰
1396 4875 1449 4949 Δεί
1499 4879 1721 4934 addidit
1770 4881 1825 4935 S.
1881 4881 1951 4935 de
1998 4879 2356 4949 conjectura,
2406 4872 2449 4927 εἰ
2480 4871 2585 4949 χὰρ
2618 4866 2684 4940 δή

2737 4870 2865 4926 cod.
2900 4874 3038 4943 Reg.
3069 4870 3197 4939 804,
3231 4867 3327 4943 εἷς,
3352 4869 3460 4943 ,γάρ
3492 4869 3649 4943 Epit.

246 4948 511 5023 Subinde
530 4940 827 5023 ’ἐμπορείας
861 4940 1113 5023 0.4Tum
1142 4946 1467 5023 στρατηγίας
1501 4968 1864 5023 ρηστρατειας
1895 4952 2070 5023 idem.
2102 4940 2146 4984 ’ἀί
2184 4951 2269 5002 lta
2446 4940 2619 5023 θέλειν
2645 4946 2903 5023 _utequ_ue_
2955 4940 3130 5023 H_o_m.._
3153 4942 3275 5023 cod:
3310 4940 3492 5023 θέλετε
3522 4940 3626 5023 cod

243 5020 381 5091 Reg.
414 5022 539 5092 801,
569 5015 984 5092 προθυμήσεσθε
1016 5022 1147 5092 Epit.
1187 5015 1233 5055 ²’²
1266 5015 1462 5092 ἄλλοις
1491 5015 1725 5083 πολλοῖς
1759 5028 1816 5077 C.
1851 5025 1896 5058 ²³
1923 5029 2009 5078 Ita
2038 5022 2165 5092 070.
2196 5016 2604 5092 Epit.,_é1:épg!€
2636 5019 2694 5069 C-
2728 5015 2748 5049 ²

242 5086 577 5169 ναυῖρραγίου
609 5086 670 5147 C.
704 5086 762 5127 2⁸⁷
785 5086 1005 5167 μεγάλω
1037 5086 1100 5147 Ο.
1136 5093 1179 5126 ³⁷
1209 5090 1340 5146 ποτέ
1370 5092 1481 5147 ἐστι
1513 5099 1570 5149 G.
1605 5096 1647 5128 ²⁸
1679 5096 1713 5163 ἡ
1748 5112 1864 5151 om.
1900 5094 1966 5151 Ο.
1999 5095 2046 5129 ²⁹
2084 5086 2583 5163 ὑποδέξαμένηνὈ.

1617 5261 2003 5319 VARIORUM
2043 5259 2275 5319 ΝΟΤΛΕ.

320 5388 447 5473 (39).
480 5390 655 5472 "Ep-4::
714 5385 819 5473 ἐγὼ
867 5388 952 5473 ’τῷ
982 5382 1215 5473 νΠέτρης.
1272 5384 1401 5473 Illaec
1485 5386 1660 5473 verba
1709 5402 1895 5458 usque

250 5455 335 5516 ad
386 5455 495 5514 ista
551 5455 682 5511 ποῖα
731 5455 775 5512 δ’
826 5455 932 5510 οὐκ
978 5455 1066 5524 ἦν,
1116 5455 1443 5511 ὀίιοηιιιιιει
1496 5458 1711 5512 Nicone
1770 5455 1893 5512 mo-

247 5532 432 5587 nai-lm
458 5531 761 5586 PaL-estino
788 5530 843 5583 in
879 5530 1157 5583 Pandecte
1180 5529 1721 5598 interpretationum
1757 5529 1894 5583 divi-

248 5622 456 5660 norum
485 5604 912 5666 nmndatorum,
939 5617 1112 5656 serm.
1136 5601 1206 5655 24
1222 5606 1279 5669 et
1299 5600 1535 5669 39,cum
1564 5600 1671 5655 hoc
1694 5600 1892 5656 titulo:

2005 5400 2073 5439 ex
2102 5387 2298 5457 Opere
2312 5380 2474 5457 dicto
2488 5376 3067 5457 __Clement_ina;_0rnat
3096 5374 3532 5457 bibliothecam_
3542 5374 3651 5456 Re-

2005 5447 2163 5530 giam
2182 5454 2441 5530 optimus
2465 5452 2627 5517 liber,
2647 5449 2751 5530 qui
2776 5448 3056 5530 collectus
3076 5452 3246 5530 estex
3266 5447 3481 5530 divinis
3501 5447 3652 5530 Scli-

2005 5522 2429 5600 pturisfsacris
2452 5522 2793 5587 canonibus,
2818 5522 3171 5600 testimoniis
3195 5523 3525 5600 sanctorum
3554 5522 3654 5572 Pa-

2003 5589 2209 5667 trum,
2234 5596 2480 5667 aliisque
2511 5591 2912 5667 monumentis
2940 5589 3374 5661 ecclesiasticis,
3398 5606 3505 5647 nec
3534 5605 3650 5645 non

245 5675 321 5728 Τὰ
378 5671 710 5747 Κλημέντια.
770 5680 827 5730 et
882 5664 975 5727 Ἐκ
1042 5674 1147 5726 τῶν
1212 5664 1588 5745 Κλημεντίων,
1649 5672 1759 5729 hoc
1807 5676 1895 5729 est
2001 5664 2232 5743 legibus
2272 5664 2561 5725 civilibus.
2594 5664 2725 5721 COT.

2752 4983 2944 5085 ὀὲρίι.
2979 5014 3138 5071 addit
3185 5010 3272 5066 ἐπὶ
3318 5012 3380 5066 τὸ
3428 5009 3578 5067 αὐτό.
3609 5011 3655 5047 π
