4086 6216
227 359 232 364 Ι
275 291 390 353 323

1093 289 1155 347 S.
1206 286 1650 347 CLEMENTIS
1697 286 1720 344 Ι
1769 282 1954 343 BOM.
2002 283 2233 344 PONT.
2281 283 2544 344 OPERA
2589 284 2857 344 DUBIA.

3560 282 3685 344 324

271 424 345 477 Ac
382 423 579 478 Petrus
604 437 616 475 :
638 419 966 491 Pugnantia
991 419 1266 489 loqueris.
1283 419 1427 474 Nam
1452 415 1916 491 quiajudicabit,

2034 413 2134 475 πός
2184 412 2371 482 ἐστιν;
2419 413 2515 468 Καὶ
2571 415 2598 468 6
2651 397 2873 488 Πέτρος·
2921 411 3236 468 Τούναντίον
3287 411 3481 487 λέγεις.
3535 411 3691 466 Ἐπεὶ

270 510 399 566 ideo
431 509 728 564 humanus
762 513 868 562 est.
909 508 1165 579 Diligens
1199 509 1354 563 enim
1390 525 1455 563 ac
1488 508 1803 562 miseratus
1835 505 1921 559 in-

266 599 426 671 juria
457 599 714 656 affectos.
749 597 950 670 plectit
979 614 1079 653 eos
1110 597 1210 669 qui
1243 598 1538 668 injuriam,
1578 595 1921 650 intulerunt.

274 692 339 742 Et
369 703 517 759 ego:
578 689 803 758 Itaque,
854 687 1119 757 inquam,
1172 686 1221 742 si
1279 688 1403 758 ipse
1462 685 1629 741 bonis
1687 683 1922 738 benefa-

271 776 357 830 cio
391 781 448 830 et
479 776 796 846 injuriosos
826 776 965 848 quia
991 776 1194 847 injurii
1226 792 1364 848 erga
1384 775 1652 830 homines
1684 773 1924 828 fuerunt

273 865 516 938 castigo,
551 864 849 920 humanus
896 881 1050 920 sum.
1114 865 1180 919 Et
1224 865 1428 920 Petrus
1491 863 1825 934 respondit:
1861 861 1921 917 Si

270 971 390 1009 una
441 970 573 1009 cum
627 955 982 1025 praenotione
1040 955 1286 1009 haberes
1345 969 1578 1025 quoque
1613 951 1919 1023 judicandi

267 1046 614 1114 potestatem
649 1048 800 1097 recte
855 1042 910 1096 id
949 1043 1188 1112 faceres,
1220 1059 1324 1114 per
1355 1046 1650 1113 acceptam
1683 1040 1919 1111 quidem

265 1135 639 1203 potestatem,
665 1131 1065 1186 condemnans
1087 1148 1184 1186 eos
1206 1147 1355 1202 quos
1386 1131 1539 1186 Deus
1561 1128 1792 1193 creavit,
1819 1143 1922 1199 per

272 1220 688 1291 praenotionem
750 1235 904 1284 vero,
940 1219 1252 1290 inculpate,
1312 1219 1372 1273 in
1412 1218 1737 1290 judicando
1792 1221 1919 1271 tum

272 1309 416 1364 alios
448 1313 724 1380 tanquam
745 1309 939 1380 justos
963 1307 1292 1370 absolvens,
1322 1313 1447 1363 tum
1471 1307 1613 1362 alios
1637 1311 1918 1378 tanquam

272 1397 524 1467 injustos
556 1398 866 1452 damnans.
920 1397 989 1452 Et
1018 1412 1122 1468 ego
1182 1396 1297 1450 dixi
1331 1414 1344 1451 :
1379 1401 1548 1470 Recte
1595 1395 1826 1450 locutus
1857 1411 1920 1451 es

272 1503 336 1540 ac
367 1503 499 1542 vere
525 1505 536 1554 ;
574 1486 695 1540 ﬁeri
719 1486 874 1541 enim
902 1487 1124 1558 nequit,
1161 1491 1223 1541 ut
1243 1485 1340 1557 qui
1366 1485 1719 1557 praenotione
1740 1489 1915 1553 caret,

270 1578 424 1629 recte
447 1575 692 1643 iudicet.
729 1574 1027 1629 Interdum
1087 1575 1301 1647 quippe
1351 1573 1614 1629 nonnulli
1645 1573 1920 1628 videntur

271 1664 426 1728 boni,
459 1663 558 1733 qui
613 1662 816 1717 illicita
863 1662 1010 1717 clam
1065 1667 1418 1734 perpetrant,
1471 1661 1735 1716 nonnulli
1785 1678 1917 1717 vero

267 1751 403 1807 boni
437 1751 696 1806 hostium
729 1751 1025 1806 calumnia
1059 1751 1192 1807 mali
1219 1769 1346 1807 esse
1378 1751 1830 1807 creduntur.Sed
1863 1756 1919 1806 et

269 1842 313 1895 si
351 1842 482 1911 quis
505 1844 789 1911 potestate
812 1841 1119 1912 torquendi
1146 1841 1426 1912 praeditus
1451 1840 1693 1910 judicet,
1728 1856 1918 1911 neque

269 1929 351 1985 sic
385 1930 547 2000 juste
577 1930 814 1984 omnino
862 1929 1101 1984 habebit
1144 1929 1426 1998 judicare.
1477 1929 1724 1993 Quidam
1758 1929 1915 1983 enim

272 2019 600 2084 homicidae,
626 2018 967 2089 quaestionis
992 2022 1280 2073 tormenta
1298 2017 1916 2090 perferentes,dimissi

267 2111 406 2162 sunt
460 2107 617 2162 velut
672 2107 915 2172 innoxii,
987 2105 1084 2161 alii
1154 2124 1308 2175 vero,
1367 2108 1466 2179 qui
1525 2111 1692 2161 erant
1747 2105 1914 2160 inno-

267 2201 481 2261 centes,
518 2212 650 2251 cum
684 2199 974 2250 tormenta
1018 2196 1162 2251 ferre
1193 2214 1306 2250 non
1333 2195 1678 2268 potuissent,
1712 2199 1917 2250 contra

268 2303 328 2340 se
363 2285 587 2339 mentiti
621 2284 780 2340 velut
809 2285 886 2338 rei
921 2282 1206 2356 supplicio
1236 2285 1422 2340 affecti
1453 2289 1610 2340 sunt.

338 2373 579 2429 XXVIII.
618 2377 758 2427 Tum
788 2373 991 2428 Petrus
1019 2389 1030 2427 :
1058 2375 1243 2444 Atque
1275 2373 1414 2443 haec,
1444 2372 1654 2444 inquit,
1688 2372 1916 2428 modica

268 2467 424 2530 sunt,
457 2463 592 2518 audi
626 2478 760 2518 vero
812 2463 1024 2532 majus.
1076 2461 1218 2516 Cum
1272 2462 1449 2533 aliqui
1485 2461 1752 2516 homines
1782 2478 1913 2534 pec-

270 2557 406 2608 cant
433 2551 520 2606 vel
553 2551 697 2606 bene
729 2556 932 2622 agunt,
985 2568 1184 2606 eorum
1239 2567 1366 2622 qua:
1415 2568 1570 2605 nunc
1601 2555 1917 2622 operantur

274 2640 390 2697 alia
421 2641 656 2711 quidem
688 2640 948 2710 ipsorum
981 2639 1214 2711 propria
1244 2638 1512 2694 suntalia
1541 2656 1672 2694 vero
1702 2639 1913 2708 aliena,

269 2747 501 2802 aequum
535 2733 728 2784 autem
762 2733 850 2784 est
881 2745 1358 2801 unumquemque
1389 2745 1492 2800 pro
1522 2727 1751 2783 delictis
1785 2744 1913 2800 pro-

270 2820 415 2891 priis
447 2820 583 2874 dare
615 2835 839 2890 pcenas,
871 2823 973 2873 aut
1005 2835 1106 2890 pro
1138 2817 1362 2873 meritis
1413 2817 1664 2889 pr0priis
1695 2833 1911 2872 merce-

270 2908 403 2962 dem
438 2908 602 2962 ferre.
641 2908 783 2962 Fieri
833 2912 1027 2962 autem
1077 2905 1279 2979 nequit
1325 2912 1389 2962 ut
1436 2906 1753 2978 quispiam,
1801 2905 1913 2961 nisi

266 2995 429 3051 solus
475 2996 758 3067 propheta
814 2996 1227 3068 praenotionem
1289 2995 1531 3065 habens,
1593 2995 1662 3049 ab
1715 2994 1911 3066 aliquo

263 3088 430 3157 gesta
461 3085 627 3155 sciat,
661 3102 929 3157 quanam
960 3087 1087 3156 ejus
1136 3086 1372 3157 propria
1412 3085 1530 3139 sint
1559 3088 1614 3140 et
1645 3101 1908 3156 quaenam

2032 501 2133 578 γὰρ
2171 508 2346 578 κρινεῖ
2391 506 2456 570 ⁴’²,
2507 501 2597 557 διὰ
2641 507 2801 557 τοῦτο
2856 501 3238 580 φιλάνθρωπός
3291 500 3454 558 ἐστιν.
3498 499 3691 556 Φιλῶν

2029 591 2131 667 γὰρ
2188 592 2277 645 καὶ
2337 592 2504 647 ἐλεῶν
2565 591 2688 654 τοὺς
2737 589 3128 665 ἠδικημένους,
3179 595 3413 666 τιμωρεῖ
3460 592 3504 626 ⁸⁸
3559 589 3690 652 τοὺς

2032 676 2384 750 ἠδικηκότας.
2423 680 2585 756 Κάγὼ
2629 679 2783 758 ἔφην·
2836 678 2946 735 Οὒκ
2997 678 3111 750 οὖν,
3164 679 3210 734 εἰ
3258 679 3412 754 κάγὼ
3450 679 3684 754 ἀγαθοὺς

2036 769 2130 840 μὲν
2165 768 2446 844 εὐεργετῶ,
2480 768 2607 832 τοὺς
2658 767 2714 824 δὲ
2758 767 3077 832 ἀδικοῦντας
3126 770 3245 833 καθ’
3292 769 3321 823 ’ὁ
3370 769 3680 845 ἀνθρώπους

2029 854 2293 928 ἠδίκησαν
2342 862 2596 934 τιμωρῶ,
2657 861 2806 918 275
2861 857 3251 938 φιλάνθρωπός
3302 856 3415 930 εἷ’μι
3450 876 3465 926 ;
3499 857 3599 914 Καὶ
3651 858 3680 912 6

2032 947 2234 1022 Πέτρος
2293 947 2649 1023 ἀπεκρίνατο·
2711 947 2774 1002 Εἰ
2841 947 2975 1021 μετὰ
3029 951 3126 1001 τοῦ
3187 945 3497 1022 πρόγνωσιν
3567 948 3682 1020 (40)

2031 1033 2176 1110 ἔχειν
2211 1036 2354 1112 εἶχες
2381 1036 2472 1091 καὶ
2501 1040 2597 1092 τοῦ
2634 1035 2835 1112 κρίνειν
2885 1035 3148 1108 ἐξουσίαν,
3199 1035 3374 1111 ὀρθῶς
3408 1035 3468 1090 ἃν
3515 1040 3683 1091 τοῦτο

2029 1123 2252 1196 ἐποίεις,
2287 1123 2375 1179 διὰ
2408 1125 2501 1197 μὲν
2533 1125 2596 1180 τὸ
2626 1123 2909 1203 εἰληφέναι
2955 1125 3053 1193 τήν
3104 1124 3340 1194 ἐξουσίαν
3386 1121 3682 1179 καταδικά-

2032 1216 2136 1280 ζων
2168 1212 2258 1274 οὓς
2291 1213 2319 1267 6
2351 1213 2480 1276 Θεὸς
2522 1211 2947 1290 ἐδημιούργησε,
2981 1210 3070 1268 διὰ
3118 1210 3175 1268 δὲ
3220 1215 3319 1281 τήν
3370 1213 3680 1290 πρόγνωσιν

2028 1301 2336 1363 ἀπταίστως
2367 1300 2419 1355 ἐν
2445 1307 2524 1374 τῷ
2553 1303 2752 1378 κρίνειν
2788 1301 2880 1364 οὓς
2916 1301 3011 1374 μέν
3045 1302 3121 1363 ὡς
3153 1299 3390 1364 δικαίους
3429 1299 3678 1371 δικαιῶν,

2029 1388 2120 1452 οὓς
2153 1386 2210 1444 δὲ
2257 1390 2334 1452 ὡς
2383 1387 2603 1453 ἀδίκους
2647 1387 3038 1460 καταδικάζων.
3090 1389 3258 1466 Κάγὼ
3285 1387 3442 1468 ἔφην·
3471 1391 3680 1466 Ὀρθῶς

2028 1477 2162 1554 ἔφης
2190 1478 2279 1532 καὶ
2319 1476 2563 1549 ἀληθῶς·
2611 1475 2865 1534 ἀδύνατον
2918 1480 3021 1554 γάρ
3063 1499 3184 1534 τινα
3230 1479 3535 1556 πρόγνωσιν
3582 1479 3685 1535 οὐκ

2027 1563 2226 1642 ἔχοντα
2285 1566 2460 1644 ὀρθῶς
2522 1573 2721 1642 κρῖναι.
2783 1568 2989 1623 Ἐνίοτε
3041 1568 3146 1644 γὰρ
3203 1569 3482 1646 φαίνονταί
3533 1591 3679 1632 τινες

2029 1656 2254 1732 ἀγαθοὶ,
2316 1655 2544 1729 ἀθέμιτα
2617 1659 2794 1735 κρύφα
2869 1655 3319 1732 διαπρασσόμενοι
3355 1703 3369 1730 ,
3431 1654 3560 1712 ἔνιοι
3622 1655 3684 1713 δὲ

2025 1745 2214 1822 ἀγαθοὶ
2276 1745 2376 1800 ὑπὸ
2431 1740 2695 1815 διαϐολῆς
2747 1745 2956 1821 ἐχθρῶν
3006 1745 3161 1800 κακοὶ
3213 1741 3679 1819 ὑπολαμϐανόμε-

1947 1810 1994 1874 Β
2024 1855 2130 1892 νοι.
2159 1831 2317 1890 Ἀλλ’
2350 1834 2394 1888 εἰ
2426 1834 2515 1888 καὶ
2565 1838 2662 1889 τοῦ
2711 1833 3008 1910 βασανίζειν
3055 1834 3144 1889 καὶ
3177 1835 3475 1910 ἀνακρίνειν
3527 1834 3676 1905 ἐξου-

2027 1921 2142 1976 σίαν
2175 1944 2256 1984 τις
2290 1921 2432 1998 ἔχων
2467 1920 2692 1992 δικάζει,
2726 1919 2850 1977 οὐδὲ
2881 1921 3052 1985 οὕτως
3081 1923 3144 1978 τὸ
3191 1922 3405 1985 πάντως
3448 1920 3676 1986 δικαίως

2026 2010 2171 2083 αὐτῷ
2220 2009 2432 2066 δικάσαι
2465 2011 2691 2085 ἐγίνετο.
2743 2017 2916 2077 Ἔνιρι
2965 2011 3088 2087 γὰρ,
3141 2017 3317 2089 φονεῖς
3367 2007 3537 2077 ὄντες,
3579 2012 3676 2073 τὰς

2029 2099 2288 2176 βασάνους
2339 2100 2743 2173 ὑπομείναντες;
2797 2100 2870 2162 ὡς
2923 2102 3110 2171 ἀθῶοι,
3158 2099 3520 2170 ἀπελύθησαν,
3552 2098 3673 2155 ’ἐτε-

2026 2209 2110 2264 ροι
2145 2187 2223 2260 δὲ,
2257 2191 2424 2244 ἀθῶοι
2457 2186 2604 2251 ὄντες
2637 2192 2701 2261 ‘9,
2731 2189 2827 2251 τάς
2863 2190 3121 2265 βασάνους
3155 2191 3230 2262 μή
3265 2189 3672 2262 ὑπομείναντες,

2025 2279 2224 2333 ἑαυτῶν
2254 2279 2741 2351 καταψευσάμενοι,
2777 2278 2852 2340 ὡς
2883 2277 3048 2333 αἷίτιοι
3075 2276 3469 2350 ἐκολάσθησαν.

2095 2369 2338 2424 XXVIII.
2389 2368 2488 2422 Καὶ
2538 2369 2566 2422 6
2617 2369 2857 2442 Πέτρος·
2906 2367 3192 2441 Μετρίως,
3245 2366 3372 2445 ἔφη,
3423 2365 3541 2442 ἔχει
3587 2366 3672 2422 καὶ

2017 2461 2205 2530 ταῦτα,
2233 2459 2293 2511 τὸ
2325 2453 2382 2510 δὲ
2415 2461 2597 2529 μεῖζον
2647 2455 2898 2513 ἄκουσον.
2926 2455 3114 2511 Ἐνίων
3168 2456 3466 2532 ἀνθρώπων
3502 2459 3671 2532 ἀμαρ-

2021 2545 2287 2600 τανόντων
2336 2545 2371 2614 ἢ
2423 2545 2851 2622 εὐπραττόντων,
2911 2545 2985 2600 ὧν
3032 2549 3123 2599 νῦν
3156 2547 3202 2582 ⁵ο
3238 2549 3486 2600 ποιοῦσιν
3516 2545 3550 2599 ἃ
3582 2546 3676 2618 μὲν

2024 2633 2135 2690 ἴδια
2169 2635 2344 2689 αὐτῶν
2391 2633 2555 2704 ἐστιν,
2596 2634 2630 2689 ἃ
2660 2631 2717 2689 δὲ
2765 2633 3053 2709 ἀλλότρια,
3105 2632 3312 2689 δίκαιον
3365 2632 3423 2688 δὲ
3451 2631 3676 2689 ἕκαστον

2022 2723 2109 2779 ἐπὶ
2156 2729 2270 2786 τοῖς
2323 2721 2480 2784 ἰδίοις
2528 2725 2881 2798 ἁμαρτήμασι
2924 2725 3283 2798 τιμωρεῖσθαι
3332 2724 3367 2792 ἢ
3419 2721 3505 2778 ἐπὶ
3553 2727 3673 2785 τοῖς

2023 2811 2184 2875 ἰδίοις
2212 2812 2624 2888 κατορθώμασιν
2675 2811 3084 2888 εὐεργετεῖσθαι.
3121 2810 3406 2869 Ἀδύνατον
3457 2809 3514 2866 δὶ
3541 2833 3669 2883 τινι,

2019 2901 2167 2971 πλὴν
2212 2904 2466 2980 προφήτῃ
2517 2900 2669 2974 μόνῳ
2716 2901 3022 2977 πρόγνωσιν
3069 2897 3273 2977 ἔχοντι,
3321 2901 3390 2956 τὰ
3435 2903 3479 2938 ⁵¹
3513 2903 3668 2958 278

2023 2991 2125 3047 ὑπό
2177 3012 2322 3052 τινος
2371 2989 2628 3067 γινόμενα
2675 2987 2890 3063 εἰδέναι,
2946 2991 3079 3045 ποῖά
3131 2989 3271 3045 ἐστιν
3326 2988 3490 3045 αὐτοῦ
3534 2987 3666 3063 ἴδια,

2021 3087 2154 3137 ποῖα
2183 3077 2239 3135 δὲ
2271 3079 2368 3134 οὐκ
2411 3082 2498 3149 ἦν·
2541 3077 2713 3134 πάντα
2749 3080 2849 3156 γάρ
2883 3076 2953 3134 δι’
2981 3078 3146 3134 αὐτοῦ
3173 3077 3432 3156 γινόμενα
3467 3077 3667 3155 βλέπε-

265 3190 380 3228 non
413 3174 549 3229 sint.
600 3173 770 3228 Videt
813 3174 969 3229 enim
1017 3177 1230 3229 cuncta
1277 3191 1404 3245 qua)
1454 3175 1620 3228 ﬁunt.
1662 3175 1730 3229 Et
1759 3189 1903 3245 ego:

2029 3192 2126 3227 ται.
2180 3169 2341 3246 Κάγὼ
2391 3165 2545 3247 ἔφην·
2603 3163 2948 3242 Ἐϐουλόμην
2999 3173 3185 3242 μαθεῖν
3236 3173 3351 3231 πῶς
3397 3172 3506 3223 τῶν
3554 3164 3670 3222 ἀδιο

265 3261 510 3330 Vellem,
544 3263 807 3333 inquam,
842 3263 1062 3332 audire,
1096 3279 1213 3334 quo
1262 3263 1432 3317 modo
1463 3280 1532 3318 ex
1563 3262 1910 3318 criminibus

267 3356 371 3407 aut
398 3351 567 3407 bonis
601 3353 874 3423 operibus
906 3352 1018 3407 alia
1051 3353 1285 3424 quidem
1319 3355 1459 3406 sunt
1511 3351 1762 3423 propria,
1796 3351 1911 3407 alia

265 3457 399 3496 vero
431 3439 642 3496 aliena.

337 3528 530 3586 XXIX.
594 3531 912 3602 Respondit
979 3531 1222 3585 Petrus:
1296 3529 1572 3584 Veritatis
1630 3529 1914 3602 propheta

261 3619 444 3675 dixit:
482 3619 696 3691 Oportet
719 3629 776 3674 ut
799 3621 1029 3675 veniunt
1051 3619 1216 3675 bona.
1246 3623 1441 3674 Beatus
1471 3623 1673 3687 autem,
1699 3619 1911 3691 inquit,

256 3725 356 3782 per
384 3726 546 3780 quem
575 3710 820 3764 veniunt.
855 3708 1123 3763 Similiter
1173 3724 1382 3763 necesse
1407 3716 1487 3763 est
1531 3712 1589 3762 ut
1629 3710 1796 3763 etiam
1824 3723 1912 3763 ve-

261 3799 420 3852 niunt
449 3798 642 3852 mala:
691 3813 775 3854 vae
825 3807 1006 3852 autem
1055 3797 1146 3852 illi
1188 3814 1286 3868 per
1333 3813 1501 3868 quem
1543 3797 1772 3852 veni-unt
1816 3796 1913 3867 (a).

263 3889 442 3941 Porro
476 3885 522 3942 si
555 3903 658 3958 per
690 3886 873 3941 malos
896 3887 1140 3941 veniunt
1161 3886 1316 3941 mala
1345 3890 1402 3940 et
1429 3903 1531 3957 per
1552 3886 1735 3940 bonos
1764 3885 1918 3940 bona

260 3974 618 4043 inferuntur,
672 3980 737 4029 ut
789 3975 1088 4047 proprium
1149 3974 1468 4046 unicuique
1515 3974 1708 4029 inesse
1747 3974 1920 4029 debet

264 4063 486 4118 bonum
516 4064 602 4119 vel
637 4064 880 4135 malum,
935 4070 990 4118 et
1021 4081 1089 4119 ex
1141 4064 1212 4119 iis
1274 4081 1399 4134 quae
1451 4063 1614 4134 prius
1645 4068 1919 4134 operatus

265 4157 392 4220 est;
426 4154 581 4222 quod
631 4153 873 4208 veniunt
920 4153 1178 4207 secunda
1227 4153 1383 4207 bona
1426 4151 1512 4207 vel
1560 4151 1735 4218 mala,
1766 4168 1915 4224 quae,

337 4267 414 4339 (a)
448 4267 657 4322 Matth.
699 4285 874 4335 xvxu;
914 4269 1042 4322 Luc.
1073 4284 1209 4322 xvn.

2017 3259 2278 3333 κημάτων
2335 3258 2370 3327 ἢ
2422 3256 2858 3333 κατορθωμάτων
2904 3257 2937 3312 ἃ
2996 3259 3089 3332 μὶν
3141 3255 3273 3329 ἴδια,
3322 3257 3356 3312 ἃ
3387 3255 3445 3313 δὲ
3491 3255 3665 3313 ἀλλό-

2017 3369 2162 3426 τρια.

2093 3527 2282 3584 ΧΧΙΧ.
2315 3528 2427 3599 (41)
2474 3525 2579 3580 Καὶ
2611 3525 2639 3579 ὁ
2681 3524 2883 3602 Πέτρος
2931 3525 3278 3598 ἀπεκρίνατο,
3311 3523 3396 3580 ὅτι
3435 3525 3464 3580 6
3495 3531 3596 3594 τῆς
3628 3525 3676 3562 ⁵³

2023 3614 2280 3686 ἀληθείας
2328 3616 2618 3691 προφήτης
2669 3610 2768 3691 ἔφη
2797 3633 2809 3646 ⁸
2857 3614 2932 3669 Τά
2976 3615 3152 3690 ἀγαθά
3200 3613 3374 3669 ἐλθεῖν
3427 3611 3527 3686 δεῖ,
3578 3635 3677 3686 μα-

2022 3704 2209 3783 κάριος
2243 3703 2321 3777 δὲ,
2350 3704 2503 3782 φησὶ,
2537 3702 2604 3758 δι’
2653 3703 2714 3759 οὗ
2767 3699 3009 3779 ἔρχεται.
3041 3703 3280 3778 Ὁμοίως
3309 3703 3398 3759 καὶ
3441 3706 3509 3758 τά
3538 3704 3678 3758 κακὰ

2023 3794 2226 3870 ἀνάγκη
2263 3792 2458 3848 ἐλθεῖν·
2491 3793 2610 3848 οὐαὶ
2644 3790 2701 3847 δὲ
2732 3789 2799 3847 δι’
2847 3790 2908 3847 οὗ
2952 3791 3192 3870 ἔρχεται.
3227 3793 3290 3848 Εἰ
3337 3791 3393 3847 δὲ
3443 3791 3533 3847 διὰ
3582 3813 3678 3847 κα-

2023 3888 2134 3938 κῶν
2166 3884 2304 3938 κακὰ⁴
2334 3878 2574 3958 ἔρχεται,
2607 3880 2696 3937 καὶ
2720 3879 2808 3936 διά
2831 3883 3046 3957 ἀγαθῶν
3071 3883 3242 3957 ἀγαθά
3263 3883 3676 3960 φέρεται,προσ-

2027 3978 2163 4027 εῖναι
2195 3969 2276 4027 δεῖ
2309 3973 2518 4044 ἑκάστῳ
2546 3971 2608 4026 τὸ
2644 3968 2800 4041 ἴδιον,
2830 3971 2893 4026 τὸ
2925 3971 3124 4046 ἀγαθὸν
3164 3971 3295 4026 εἶναι
3327 3974 3372 4009 ⁵³
3400 3971 3434 4039 ἢ
3487 3971 3676 4039 κακὸν,

2026 4061 2115 4116 καὶ
2147 4060 2197 4131 ἐξ
2227 4059 2299 4115 ὧν
2349 4060 2704 4136 προέπραξεν,
2749 4057 2839 4114 διὰ
2883 4065 2980 4114 τοῦ
3029 4063 3074 4097 ⁶⁴
3121 4057 3292 4114 ἐλθεῖν
3344 4060 3412 4114 τὰ
3459 4056 3680 4135 δεύτερα

2027 4150 2197 4226 ἀγαθά
2296 4150 2453 4223 κακὰ,
2488 4151 2640 4204 ἅτινα
2671 4145 2781 4203 ἴδια
2812 4148 2976 4204 αὐτοῦ
3005 4156 3106 4220 τῆς
3140 4148 3392 4224 αἱρέσεως
3412 4147 3541 4203 ὅντα
3576 4147 3678 4202 ὑπὸ

1614 4368 1708 4418 VA
1719 4365 1859 4420 RUE
1900 4364 2203 4422 LECTION
2213 4365 2313 4419 ES.

341 4463 385 4498 ‘7
417 4460 584 4535 κρίνει
617 4463 676 4518 C.
714 4464 757 4498 ⁴⁸
784 4483 914 4534 τιμο
957 4467 1091 4517 εἷται
1123 4465 1218 4535 0.,
1246 4461 1471 4517 ultimis
1501 4463 1691 4518 tribus
1741 4463 1950 4520 litteris
1979 4463 2315 4519 subnotatis
2345 4462 2490 4518 Vbb.
2522 4459 2650 4523 τοὺς
2689 4457 3023 4531 ἠδικηκότας
3063 4459 3330 4536 εὐεργετῶ
3371 4461 3431 4518 in
3480 4461 3683 4517 eodem

341 4540 505 4610 sunt.
536 4535 580 4570 ‘9
609 4536 756 4610 Vbb.
788 4535 882 4597 τὰς
921 4483 1181 4610 βασάνονς
1212 4533 1397 4610 eoeo;
1452 4527 1599 4610 ὄντες
1657 4536 2071 4610 desiderantur
2114 4535 2175 4590 in
2224 4536 2290 4590 Ο.
2335 4535 2380 4610 δίξ
2429 4536 2520 4610 vim
2569 4550 2684 4610 om.
2718 4540 2882 4610 0._c.
2919 4535 3045 4610 cod_.
3097 4534 3234 4607 Reg.
3287 4534 3413 4604 804,
3455 4539 3512 4589 et
3541 4533 3682 4610 Epit.

270 4534 505 4590 desunt.
536 4535 580 4570 ‘9
609 4536 756 4590 Vbb.
788 4535 882 4597 τὰς

955 4527 1397 4607 ασάνονςίάθῶοι
1452 4527 1599 4607 ὄντες
1658 4536 2067 4607 desiderantur
2114 4535 2175 4590 in
2224 4536 2290 4590 Ο.
2335 4535 2380 4607 δίξ
2429 4536 2520 4607 νῦν
2569 4550 2684 4589 om.
2714 4527 2882 4607 'o._¢.
2919 4535 3045 4607 cod_.
3097 4527 3234 4607 Reg'.
3287 4534 3413 4604 804,
3455 4539 3512 4589 et
3541 4533 3682 4607 Epit.

269 4605 310 4642 ⁶¹
339 4601 538 4681 ἔχοντα
566 4624 627 4678 ρ.
669 4604 852 4681 ἔχοντι
905 4601 970 4659 ’ἑά
1009 4611 1072 4664 Ο.
1127 4607 1172 4641 ⁵²
1204 4605 1230 4658 ὁ
1279 4611 1380 4674 τῆς
1419 4606 1672 4681 adjunxi
1718 4624 1788 4681 ei;
1830 4606 1977 4681 _0.“3
2026 4605 2181 4681 εἶναῇ
2229 4605 2383 4675 quod
2435 4606 2736 4681 deest-ap.
2785 4605 2956 4681 Joan:
3007 4601 3436 4681 Damascenum
3467 4601 3683 4681 Parati.

266 4667 416 4734 διιεῖ.
473 4696 512 4744 1,
559 4667 798 4750 28,_iibi
861 4683 1059 4750 nostra
1112 4667 1385 4750 excerpta
1414 4667 1708 4750 legiintur,
1757 4677 2104 4750 deleri_vult
2145 4667 2212 4733 Ι).
2247 4667 2528 4750 'Fortassie
2568 4667 3066 4750 τόᾼῇοξιλέκᾴστῳ

3104 4677 3455 4732 mutandum
3494 4676 3550 4730 in
3584 4673 3681 4746 ὡς,

267 4753 446 4821 atque
475 4743 648 4805 Verba
671 4747 720 4818 ἐξ
753 4749 824 4802 ὧν
859 4748 1186 4822 προέπραξεν
1216 4743 1372 4804 ini'ra
1401 4743 1738 4822 collocanda
1763 4755 1905 4822 post,
1921 4746 2096 4822 ἐλθεῖν
2127 4749 2452 4805 secundum
2481 4749 2540 4803 S.
2574 4748 2620 4783 5‘
2646 4743 2731 4804 S':
2765 4743 2854 4801 διὰ
2879 4745 2943 4802 τό
2974 4743 3178 4805 scribit
3205 4748 3472 4805 Neander
3501 4743 3682 4803 Gnost.

266 4819 402 4893 syat.
436 4838 495 4895 p.
529 4822 651 4877 413.
685 4823 842 4877 Idem
876 4819 1008 4894 post
1035 4819 1294 4894 αἱρέσεως
1327 4820 1613 4876 excidisse
1642 4819 1940 4877 contendit
1971 4821 2072 4893 μή.

1648 4952 2029 5010 VARIORUM
2067 4953 2304 5010 NOTE.

338 5049 455 5124 (4-0)
483 5048 795 5124 Πρόγνωσις
857 5053 966 5108 hoc
1022 5052 1148 5108 loco
1199 5068 1314 5106 non
1364 5053 1455 5106 est
1501 5053 1791 5124 praenotio,
1850 5056 1918 5107 ut

262 5121 548 5206 vertit,(’).,
580 5121 700 5206 sed~
723 5125 974 5206 cognitio
1008 5125 1454 5206 praeteritorunm,
1501 5124 1608 5206 τῶν
1651 5121 1912 5206 πρότερον

262 5190 564 5268 γεγο-νότων
601 5190 821 5268 γνῶσιςῖ
854 5196 935 5250 Cl.
971 5190 1040 5251 ad
1075 5197 1218 5266 Epit.
1253 5211 1322 5268 οη
1356 5193 1445 5268 95)
1501 5190 1913 5268 Πρόγνωσιςεί-

264 5264 506 5336 gniﬁcat
535 5264 688 5335 (coll.
723 5283 770 5320 c.
805 5268 895 5326 38)
927 5264 1231 5322 scientiam
1277 5264 1637 5336 absolutam,
1680 5266 1913 5336 qualem

263 5335 438 5409 habet
470 5353 639 5409 verus
673 5340 976 5409 propheta,
1005 5340 1102 5409 qui
1137 5345 1224 5392 est
1271 5337 1298 5389 6
1337 5335 1522 5409 πάντα
1570 5335 1798 5389 πάντοτε
1836 5335 1910 5389 εἷ-

137 5459 142 5466 .
185 5443 204 5448 --
263 5405 394 5470 δὼς,
431 5407 560 5464 coll.
597 5405 754 5462 hom.
783 5405 854 5470 ἰι,
885 5405 1078 5474 5,16,
1117 5409 1201 5462 11.
1235 5410 1292 5462 S.
1331 5408 1606 5462 DRESSEL.

336 5479 394 5552 (4
437 5480 452 5549 )
510 5478 607 5532 Καὶ
661 5480 688 5532 ὁ
750 5479 958 5555 Πέτρος
997 5478 1352 5555 ἀπεκρίνατο..
1404 5479 1574 5555 Αρυᾴ
1621 5479 1912 5555 Joannem

113 5561 126 5576 ‘
175 5547 182 5550 ’
265 5547 693 5626 Damascenum
726 5547 1201 5626 mstqlogaru'm
1231 5552 1418 5626 capite
1451 5547 1578 5624 Περὶ
1609 5547 1880 5626 aut)”

260 5640 358 5682 τος
403 5620 491 5675 καὶ
545 5624 867 5695 μεσάζοντος
922 5620 1230 5700 ἀπόκρισιν,
1264 5620 1417 5695 quod
1468 5620 1559 5679 est
1599 5620 1909 5680 Pdi'allelo-

2024 5069 2172 5120 rum,
2213 5051 2316 5124 lib.
2351 5065 2560 5124 i,__(_:ap.
2696 5064 2708 5104 :
2749 5044 3091 5124 Κλήμεντος-
3109 5047 3339 5124 ὡς’-ἀπὸ
3380 5051 3478 5104 τοῦ
3527 5046 3681 5124 ᾁγίου

2025 5116 2258 5211 Ilerges".
2295 5122 2351 5173 Ὁ
2376 5116 2742 5211 Κύρῖοςὲφη·
2773 5142 2801 5170 ‹‹
2832 5116 3038 5211 Ἄγαθά
3069 5116 3381 5211 δεῖὶέλθεῖγξ
3419 5116 3684 5210 μακάριος

2026 5191 2094 5267 δι’
2126 5189 2187 5267 οὗ
2221 5189 2506 5267 ἔρχονται.
2556 5189 2814 5267 ὉμξοίωςΔ
2841 5189 2931 5267 καὶ
2955 5193 3024 5246 τὰ
3050 5193 3188 5246 κακά
3218 5189 3528 5267 ἐλθεῖν·
3561 5189 3684 5267 oximi.

2025 5263 2095 5338 δι’
2123 5265 2185 5320 οὗ
2243 5258 2520 5338 ἔρχονται.
2543 5286 2569 5338 ξ)
2702 5260 2759 5315 δὲ
2789 5258 2878 5316 διὰ
2907 5268 3084 5319 κακῶν
3117 5261 3562 5338 κακὰ-ἔρχονται,
3593 5262 3684 5338 καῖ

2026 5330 2346 5411 δι’ἀγαθῖιίῆ
2392 5333 2566 5411 irati?
2616 5331 2894 5411 ἔρχοντᾳι,
2940 5340 3220 5411 revehet
3255 5330 3685 5411 eadem

2026 5401 2258 5488 δίκαιον,
2289 5407 2352 5461 τὸ
2403 5401 2600 5488 ἀγαθὸν
2644 5401 2905 5488 ἠ’κακιὸν,
2935 5401 3031 5488 κάξ
3076 5405 3126 5488 ἐξ
3158 5408 3230 5461 ὧν
3264 5401 3688 5488 προέπραξεϋδιᾶ

2022 5484 2124 5534 τοῦ
2158 5478 2334 5534 ἐλθεῖν
2383 5473 2460 5530 τᾶ
2501 5473 2739 5553 δεότερα,
2873 5473 3051 5553 ιῖιγαθὸιΔ
3175 5473 3334 5546 κακᾶ,
3388 5473 3540 5553 ἅτινα
3571 5473 3685 5530 ἴδια

2023 5550 2187 5626 αὐτοῦ
2216 5557 2494 5626 τῆςςιςροα
2523 5543 2733 5626 ρέσεως
2765 5543 3065 5626 ὄνταξᾲὺπὸ
3093 5543 3195 5624 τῆς
3242 5543 3341 5606 τοῦ
3371 5549 3505 5605 Θεοῦ
3541 5568 3678 5626 προ-

2021 5621 2171 5686 νοίας
2190 5617 2478 5697 προελθεῖν
2512 5617 2902 5694 ᾠκονόμηται.’
2917 5621 3048 5680 ϐαι.
