4086 6216
1438 313 1970 374 CLEMENTINA.
2005 348 2081 359 —
2124 314 2455 377 HOMILIA
2500 319 2633 378 XII.

3627 325 3744 385 326

320 452 418 513 τῆς
448 449 552 500 τοῦ
584 448 718 501 Θεοῦ
748 445 1006 519 προνοίας
1034 441 1266 507 διελθεῖν
1301 444 1345 479 ⁸⁸
1376 442 1912 517 ᾠκονόμηται.Ἐπεὶ
1936 447 1979 481 ⁸⁸

2113 465 2225 503 :um
2258 466 2290 501 a
2322 450 2552 520 propria
2582 450 2840 505 hominis
2875 451 2993 505 sint
3025 451 3439 521 voluntate,.ut
3476 457 3703 512 exoriar
3731 491 3743 497 -

318 556 498 609 κρισις
538 535 675 603 αὕτη
709 539 843 606 Θεῷ,
878 534 1059 609 ὥσπερ
1106 533 1186 587 ἐπ’
1249 532 1460 608 ἀγῶνος
1516 535 1607 588 τὸν
1663 532 1750 588 διὰ
1806 536 1983 605 πάσης

311 623 627 699 κακουχίας
711 622 1075 693 διεληλυθότα
1158 621 1248 676 καὶ
1334 621 1619 695 ἄμεμπτον
1680 623 1977 698 εὑρεθέντα,

312 712 529 767 ἐκεῖνον
583 719 730 782 ζωῆς
778 712 1004 767 αἰωνίου
1051 712 1449 781 καταξιοῦσθαι.
1484 713 1547 764 0i.
1597 714 1700 788 γὰρ
1752 712 1803 765 ἐν
1852 712 1985 786 ἀγα-

313 803 442 863 θοῖς
472 799 592 873 ῒδίᾳ
625 801 801 877 βουλῇ
838 801 1207 877 προκόψαντες
1243 800 1346 854 ὑπὸ
1401 805 1508 854 τῶν
1565 797 1677 871 ἰδίᾳ
1728 800 1903 877 βουλῇ
1933 800 1983 854 ἐν

314 891 486 963 κακίᾳ
547 895 590 927 ⁸⁷
666 892 1107 967 παραμεινάντων
1190 890 1555 965 πειράζονται,
1635 887 1984 963 διωκόμενοι,

322 980 682 1053 μισούμενοι,
742 976 1182 1055 λοιδορούμενοι,
1242 973 1748 1051 ἐπιϐουλευόμενοι,
1796 978 1989 1033 τυπτό-

320 1090 501 1142 μενοι,
557 1068 1066 1142 πλεονεκτούμενοι,
1114 1062 1543 1141 διαϐαλλόμενοι
1591 1069 1654 1139 ³⁸,
1695 1067 1985 1143 ἀγγαρευό-

320 1178 505 1231 μενοι,
541 1157 994 1234 ἐπηρεαζόμενοι,
1026 1158 1199 1211 πάντα
1230 1156 1405 1211 ἐκεῖνα
1452 1156 1777 1232 πάσχοντες,
1812 1154 1880 1211 δι’
1912 1158 1985 1211 ὦν

314 1245 575 1321 εόλόγως
634 1244 785 1302 δοκεῖ
828 1248 891 1300 τὸ
947 1245 1249 1322 ὀργίζεσθαι
1303 1244 1537 1322 γίνεσθαι
1597 1247 1643 1282 ⁸⁸
1705 1246 1795 1300 καὶ
1850 1245 1988 1321 πρὸς

314 1334 535 1407 ἄμυναν
566 1337 628 1408 ὁρ
640 1340 765 1409 μᾷν,

390 1427 549 1482 277
585 1425 749 1482 XXX.
781 1426 843 1482 Ὀ
876 1421 933 1479 δὲ
993 1420 1321 1484 διδάσκαλος
1380 1421 1563 1489 εἰδὼς,
1596 1422 1677 1477 ὅτι
1713 1423 1765 1477 οὶ
1823 1427 1989 1477 ταῦτα

326 1511 530 1575 ἀδίκως
575 1518 857 1575 ποιοῦντες
925 1513 984 1568 ἐκ
1025 1511 1304 1588 προτέρων
1366 1510 1771 1588 ἁμαρτημάτων
1825 1511 1986 1566 κατά-

330 1600 468 1657 δικοί
532 1601 691 1674 εἰσιν,
742 1602 831 1657 καὶ
883 1601 966 1658 ὅτι
1031 1599 1119 1657 διὰ
1173 1599 1474 1656 καταδίκων
1534 1601 1596 1655 τὸ
1650 1608 1751 1670 τῆς
1801 1600 1989 1662 κακίας

329 1696 544 1764 πνεῦμα
570 1690 741 1746 ταῦτα
771 1692 1000 1766 ἐνεργεῖ,
1031 1690 1158 1751 τοὺς
1193 1690 1287 1763 μὲν
1318 1690 1811 1765 ἀνθρώπους,καθὰ
1839 1692 1883 1725 ⁶⁰
1905 1691 1990 1743 ἆν-

327 1781 544 1854 θρωποί
600 1780 759 1847 εἰσιν,
809 1780 897 1835 καὶ
958 1778 1028 1835 δι’
1086 1778 1353 1854 ἁμαρτίας
1411 1773 1609 1855 ὄργανα
1666 1779 1989 1853 γινομένους

323 1869 547 1936 κακίας,
604 1868 773 1924 ἐλεεῖν
853 1862 1267 1923 συνεϐούλευσεν
1320 1870 1387 1935 εί,
1451 1867 1526 1928 ὡς
1582 1865 1989 1944 φιλανθρωπίαν

317 1958 605 2026 ἀσκοῦσιν,
638 1958 725 2011 καὶ
754 1958 818 2012 τὸ
869 1956 993 2011 ὅσον
1036 1955 1118 2011 ἐπ’
1169 1956 1353 2017 αὐτοῖς
1406 1954 1565 2021 ἐστιν,
1597 1953 1992 2028 ἀδικουμένως

314 2048 412 2100 καὶ
470 2043 734 2101 ἀπολύειν
791 2048 837 2083 ⁸³
866 2052 967 2114 τῆς
1023 2043 1319 2113 καταδίκης
1376 2043 1504 2105 τοὺς
1534 2041 1875 2113 ἀδικοῦντας,
1902 2041 1995 2097 ’ίνα

318 2134 515 2210 ὥσπερ
576 2135 630 2189 οἱ
683 2136 945 2212 νήφοντες
1003 2138 1119 2194 τοῖς
1170 2132 1427 2205 μεθύουσι
1462 2134 1753 2208 βοηθῶσιν,
1786 2132 1993 2207 εὐχαῖς,

318 2222 633 2295 νηστείαις,
684 2222 977 2299 εὐλογίαις,
1027 2222 1103 2295 μὴ
1159 2220 1558 2295 ἀνθιστάμενοι,
1596 2223 1671 2294 μὴ
1723 2221 1995 2294 ἀμυνόμε-

319 2309 555 2381 νοι,⁹ίνα
589 2312 666 2384 μὴ
698 2310 784 2366 ἐπὶ
814 2313 877 2367 τὸ
934 2309 1127 2365 πλεῖον
1189 2310 1384 2372 αὐτοὺς
1443 2311 1701 2385 ἁμαρτεῖν
1762 2309 1996 2384 ἀναγκά-

321 2422 527 2459 σωσιν,
557 2404 665 2455 Τοῦ
724 2402 825 2477 γὰρ
874 2404 1065 2464 παθεῖν
1124 2400 1341 2461 πάντως
1399 2400 1724 2473 κεκριμένου
1780 2398 1885 2452 τινὶ
1930 2400 1997 2467 ⁸³,

324 2491 431 2545 ούκ
463 2488 698 2564 εὔλογον
724 2490 1037 2566 ἀγανακτεῖν
1090 2487 1305 2561 ἐκείνῳ,
1339 2485 1410 2542 δι’
1441 2489 1505 2543 οὗ
1555 2489 1617 2543 τὸ
1674 2490 1861 2542 παθεῖν
1913 2487 1997 2561 γίο

324 2602 507 2646 νεται,
568 2576 955 2655 λογισάμενον,
992 2578 1097 2650 ὅτι,
1131 2576 1175 2632 εἷ
1233 2578 1323 2632 καὶ
1375 2576 1577 2639 ἐκεῖνος
1622 2576 1720 2632 οὐκ
1777 2576 2000 2631 ἐκακού-

337 2688 515 2745 χησεν
562 2667 743 2722 αὐτὸν·
778 2666 866 2722 διὰ
908 2666 971 2722 τὸ
1029 2667 1244 2727 πάντως
1301 2668 1713 2741 κακουχηθῆναι
1779 2663 2002 2738 μέλλειν

342 2756 431 2812 ἐδιᾶ⁵
457 2760 509 2793 ⁶⁴
538 2757 724 2831 ἑτέρου
751 2757 814 2811 τὸ
844 2758 1029 2811 παθεῖν
1061 2756 1151 2825 ἦν.
1182 2755 1241 2809 Τί
1296 2754 1386 2809 οῦν
1437 2756 1718 2839 ἀγανακτεῖ)
1766 2760 1843 2827 τῷ
1887 2752 2002 2809 δια-

341 2845 582 2918 θεμένῳ,
617 2844 753 2917 έμοῦ
808 2845 1025 2907 πάντως
1082 2847 1269 2899 παθεῖν
1321 2842 1683 2920 κεκριμένου;
1718 2842 1877 2898 Ἀλλ’
1925 2839 2003 2899 ἔτι

349 2936 486 3007 μὴν,
523 2934 569 2987 εἰ
600 2934 665 2989 τὰ
695 2933 827 2989 αὐτὰ
855 2939 971 2995 τοῖς
1016 2938 1205 2994 κακοῖς
1254 2933 1516 3010 προφάσει
1570 2932 1776 3006 ἀμύνης
1833 2937 2003 2987 ποιῶ-

349 3045 473 3096 μεν,
497 3022 645 3099 παρά
672 3024 734 3078 τὸ
764 3027 997 3095 πρῶτοι,
1031 3020 1273 3098 δεύτεροι
1300 3022 1364 3076 τὸ
1394 3021 1524 3076 αὐτὸ
1564 3026 1686 3083 τοῖς
1744 3027 1930 3083 κακοῖς
1962 3023 2007 3059 ⁸³

344 3114 397 3167 οἱ
444 3112 637 3187 ἀγαθοὶ
688 3112 1020 3187 πράσσομεν.
1075 3111 1177 3168 Καὶ
1233 3111 1309 3172 ὡς
1360 3106 1518 3188 ἔφην,
1568 3110 1630 3165 οὐ
1684 3112 1796 3186 ’χρὴ
1850 3109 2006 3186 ἀγαν-

2022 1828 2069 1892 Β

2096 542 2211 603 tur,
2246 538 2444 592 dixina
2474 539 2729 593 instituit
2761 540 3359 613 Providentia.ltaque
3390 545 3494 599 hoc
3526 551 3613 600 est
3651 550 3659 599 l
3696 569 3743 601 ιι

2086 626 2401 696 judicium,
2436 632 2499 681 ut
2529 628 2626 697 qui
2661 646 2761 698 per
2806 646 3039 684 omnem
3074 632 3455 699 Vi-xationem,
3488 634 3643 689 velut
3681 636 3740 690 in

2095 731 2300 786 agone,
2334 715 2633 770 transierit
2683 722 2739 771 et
2770 717 3038 772 inventus
3072 719 3243 774 fuerit
3292 721 3644 793 inculpatus,
3690 725 3738 779 is

2096 804 2345 858 donetur
2393 805 2509 859 vita
2552 810 2784 860 aeterna.
2833 806 2977 860 Nam
3030 806 3130 878 qui
3183 808 3237 861 in
3289 810 3457 864 bonis
3506 813 3739 883 propria

2094 892 2389 948 voluntate
2440 898 2828 965 profecerunt,
2861 896 2930 949 ab
2984 895 3055 949 iis
3087 897 3184 967 qui
3220 915 3326 952 sua
3357 916 3588 971 quoque
3634 918 3737 955 vo-

2094 979 2319 1035 luntate
2350 980 2407 1035 in
2445 981 2597 1036 mala
2626 983 2970 1038 tractatione
3003 990 3387 1053 perseverant,
3420 992 3742 1054 tentantur,

2098 1068 2485 1140 exagitantur,
2569 1070 2721 1135 odia,
2778 1072 3060 1136 convicia,
3140 1073 3407 1144 insidias,
3484 1076 3741 1145 verbera,

2098 1158 2354 1228 fraudes,
2388 1159 2734 1229 calumnias,
2768 1160 2882 1213 vim
2920 1162 3582 1231 patiuntur,afticiuntur
3611 1181 3744 1220 con-

2098 1247 2378 1314 tumeliis,
2430 1253 2754 1319 cunctaque
2786 1248 2885 1303 illa
2937 1250 3251 1321 perferunt,
3288 1269 3389 1323 per
3434 1253 3749 1324 quaejusta

2097 1336 2327 1392 videtur
2366 1354 2493 1392 esse
2525 1337 2612 1392 ira
2644 1344 2700 1392 et
2732 1337 2896 1392 ultio.

2169 1424 2332 1479 ΧΧΧ.
2370 1426 2644 1496 Magister
2676 1443 2808 1481 vero
2841 1428 3214 1499 sciens,quod
3250 1430 3349 1500 qui
3383 1429 3501 1485 haec
3534 1432 3749 1501 injuste

2100 1512 2344 1580 faciunt,
2376 1531 2442 1568 ex
2491 1514 2783 1585 prioribus
2829 1516 3081 1586 peccatis
3131 1518 3208 1572 rei
3262 1524 3421 1583 sunt,
3472 1522 3747 1592 quodque

2100 1618 2201 1674 per
2230 1607 2427 1657 sontes
2475 1603 2713 1673 Spiritus
2748 1604 2983 1659 malitia:
3023 1604 3136 1660 ista
3185 1607 3381 1676 efﬁcit,
3418 1607 3743 1677 hominum,

2102 1696 2391 1762 quatenus
2423 1691 2690 1746 homines
2732 1698 2889 1757 sunt,
2918 1694 3027 1747 etsi
3061 1699 3295 1767 propter
3342 1702 3581 1767 peccata
3613 1698 3748 1753 facti

2104 1779 2316 1834 fuerint
2350 1779 2585 1835 malitiae
2640 1781 3053 1847 instrumenta,
3091 1783 3352 1838 misereri
3387 1787 3571 1840 suasit
3602 1787 3747 1857 suis,

2105 1874 2383 1939 tanquam
2419 1868 2830 1924 misericordiae
2862 1870 3207 1939 cultoribus,
3231 1882 3430 1944 utque,
3465 1882 3752 1945 quantum

2105 1958 2163 2012 in
2196 1973 2257 2011 se
2288 1962 2395 2024 est,
2432 1958 2648 2027 injuria
2680 1959 2864 2013 affecti
2900 1960 3174 2029 injuriam
3212 1961 3487 2018 facientes
3519 1981 3551 2018 a
3582 1965 3748 2019 dam-

2107 2047 2339 2101 natione
2372 2046 2712 2113 absolvant;
2748 2064 2859 2119 quo
2891 2049 3046 2103 velut
3080 2050 3257 2103 sobrii
3291 2051 3467 2106 ebriis
3512 2070 3752 2110 succur-

2105 2140 2256 2202 rant,
2290 2152 2392 2205 per
2421 2136 2991 2206 orationes,jejunia,
3027 2138 3480 2210 benedictiones,
3515 2158 3626 2195 non
3663 2159 3749 2197 re-

2106 2224 2387 2289 sistendo,
2422 2241 2535 2278 non
2568 2224 2938 2289 vindicando,
2973 2243 3075 2281 nec
3106 2244 3204 2283 eos
3235 2234 3444 2300 cogant
3496 2230 3750 2301 amplius

2107 2330 2364 2385 peccare.
2398 2318 2540 2367 Cum
2574 2313 2725 2367 enim
2781 2313 2993 2386 aliquis
3026 2316 3265 2370 omnino
3299 2318 3365 2371 ad
3414 2318 3752 2389 patiendum

2108 2402 2533 2457 condemnatus
2592 2406 2707 2469 est,
2768 2420 2881 2457 non
2941 2409 3029 2458 est
3090 2421 3320 2475 aequum
3379 2412 3444 2461 ut
3492 2407 3574 2461 illi
3636 2410 3749 2463 ira-

2109 2498 2307 2546 scatur
2360 2508 2460 2563 per
2489 2508 2662 2562 quem
2719 2493 2953 2562 patitur,
2989 2509 3188 2548 secum
3240 2500 3536 2567 reputans,
3573 2499 3752 2569 quod,

2111 2579 2217 2635 etsi
2281 2580 2375 2635 ille
2433 2598 2547 2634 non
2606 2580 2911 2635 alﬂixisset
2967 2597 3123 2643 eum,
3184 2588 3377 2638 tamen
3438 2586 3575 2656 quia
3631 2604 3755 2641 om-

2114 2668 2249 2723 nino
2284 2669 2464 2739 aftligi
2497 2670 2686 2733 debet,
2722 2686 2821 2739 per
2853 2668 3031 2724 alium
3087 2672 3201 2742 pati
3238 2673 3343 2727 sibi
3374 2674 3754 2746 contingeret.

2112 2762 2224 2813 Cur
2254 2774 2390 2829 ergo
2423 2758 2697 2829 indignor
2728 2760 3007 2813 adversus
3040 2763 3465 2833 auctorem,qui
3499 2763 3668 2833 plane
3686 2766 3757 2819 ad

2115 2845 2550 2917 perpessionem
2584 2862 2715 2899 sum
2748 2845 3117 2900 destinatus?
3138 2848 3245 2901 Sed
3279 2852 3335 2901 et
3364 2848 3627 2914 adhuc,si
3660 2868 3755 2906 ea-

2115 2936 2246 2989 dem
2271 2951 2403 2989 cum
2434 2934 2715 3005 improbis
2735 2939 3010 3005 praetextu
3033 2935 3269 2991 ultionis
3299 2938 3755 3011 faciamus,prze-

2114 3027 2378 3094 terquam
2413 3023 2563 3094 quod
2603 3022 2772 3093 primi
2806 3040 2919 3077 non
2953 3041 3180 3091 sumus,
3216 3026 3456 3081 secundi
3488 3028 3640 3082 idem
3676 3029 3759 3084 la-

2116 3112 2306 3167 cimus
2339 3128 2405 3166 ac
2439 3110 2597 3177 mali,
2633 3128 2737 3165 nos
2770 3111 2868 3182 qui
2903 3112 3037 3166 boni
3069 3114 3339 3167 dicimur.
3377 3117 3443 3170 Et
3478 3118 3759 3187 quemad-

341 3207 545 3273 ακτεῖν,
580 3201 653 3263 ὡς
686 3198 867 3256 εἰδότα
896 3203 941 3238 ⁸⁸
979 3198 1061 3255 ὅτι
1114 3196 1247 3255 Θεοῦ
1295 3198 1525 3274 προνοίᾳ
1572 3199 1623 3253 οἱ
1672 3197 1828 3253 κακοὶ
1877 3199 1999 3260 τοὺς

2122 3200 2362 3255 modum
2394 3200 2643 3267 aiebam,
2678 3201 2969 3272 indignari
3003 3218 3117 3256 non
3168 3208 3411 3273 oportet,
3446 3221 3577 3260 cum
3609 3207 3763 3262 scias

345 3290 585 3365 ἀγαθοὺς
632 3293 991 3364 τιμωροῦσιν.
1026 3289 1093 3346 Οἱ
1138 3288 1229 3342 οὖν
1275 3293 1393 3349 τοῖς
1440 3290 1483 3325 ⁸⁷
1532 3292 1867 3361 τιμωροῦσιν
1919 3308 2011 3363 χα-

345 3379 725 3447 λεπαίνοντες,
786 3378 860 3441 ὡς
916 3376 1044 3439 τοὺς
1084 3375 1429 3438 ἀποστόλους
1490 3380 1624 3431 Θεοῦ
1681 3372 2010 3451 ὑϐρίζοντες,

347 3468 776 3543 ἁμαρτάνουσιν·
808 3471 1075 3539 τιμῶντες
1108 3463 1165 3521 δὲ
1193 3466 1283 3520 καὶ
1311 3467 1379 3520 τὰ
1412 3464 1623 3520 ἐναντία
1650 3470 1767 3527 τοῖς
1812 3462 2015 3519 ἀδικεῖν

347 3556 747 3631 νομιζομένοις
780 3556 933 3613 278
968 3552 1329 3627 διατιθέμενοι
1359 3552 1575 3626 αὐτοὺς,
1608 3553 1683 3616 εἲς
1740 3554 1831 3607 τὸν
1883 3553 2011 3609 Θεὸν

347 3648 451 3701 τὸν
483 3645 630 3700 οὕτω
665 3642 1095 3721 βουλευσάμενον
1130 3639 1461 3702 εὐσεϐοῦσιν.

422 3824 613 3880 XXXI.
650 3821 813 3897 Κάγὼ
862 3821 1002 3897 πρὸς
1060 3824 1228 3876 ταῦτα
1272 3818 1669 3898 ἀπεκρινάμηνο
1721 3818 1928 3877 Ούκοῦν
1962 3819 2014 3874 οἱ

347 3909 671 3973 ἀδικοῦντες
705 3910 803 3965 οὐκ
833 3909 963 3964 εἰσὶν
1008 3906 1195 3982 αἴτιοι,
1227 3908 1310 3963 ὅτι
1360 3908 1533 3982 κρίσει
1581 3912 1713 3963 Θεοῦ
1771 3906 2013 3963 ἀδικοῦσι

346 4000 483 4062 τοὺς
539 3998 799 4060 δικαίους.
848 3998 945 4053 Καὶ
994 3999 1022 4052 ὁ
1074 4000 1279 4075 Πέτρος
1334 3996 1459 4074 ἔφη·
1513 3997 1611 4051 Καὶ
1658 3997 1795 4051 πάνυ
1846 3999 2015 4074 ἀμαρ-

343 4092 620 4161 τάνουσιν,
654 4090 789 4164 πρὸς
818 4088 919 4163 γὰρ
950 4088 1013 4142 τὸ
1073 4086 1395 4160 ἁμαρτάνειν
1458 4085 1680 4148 ἑαυτοὺς
1738 4084 2014 4141 ἀποδεδω-

345 4180 535 4241 κότες.
567 4182 723 4242 ’Ὁθεν
772 4175 930 4239 εἰδὼς
991 4178 1079 4231 ἀπ’
1126 4176 1302 4231 αὐτῶν
1332 4179 1375 4213 ⁸⁸
1430 4173 1702 4251 ἐκλέγεται
1752 4181 2013 4251 τιμωρεῖν

346 4268 479 4331 τοὺς
515 4268 603 4323 έπὶ
628 4273 745 4329 τοῖς
786 4267 1073 4341 προτέροις
1133 4266 1491 4338 ἁμαρτήμασι
1553 4265 2017 4338 μεταμεληθέντας

351 4356 603 4427 δικαίως,
626 4355 719 4411 ’ἱνα
765 4361 880 4418 τοῖς
929 4356 1025 4428 μὶν
1080 4352 1310 4416 δικαίοις
1364 4351 1454 4408 διά
1505 4360 1604 4423 τῆς
1636 4352 1895 4423 τοιαύτης
1941 4375 2019 4408 τι-

356 4446 576 4521 μωρίας
634 4445 702 4499 τά
756 4446 861 4519 πρὸ
918 4446 1016 4513 τῆς
1099 4442 1381 4517 μετανοίας
1454 4441 1763 4517 πραχθέντα
1846 4444 2016 4520 ἀφεθῇ

2122 3306 2155 3343 a
2187 3288 2356 3343 malis
2388 3289 2571 3343 bonos
2603 3306 2705 3360 per
2734 3288 2833 3343 Dei
2869 3290 3287 3360 providentiam
3331 3293 3624 3363 castigari.
3656 3294 3765 3358 Qui

2121 3395 2257 3450 ergo
2288 3378 2503 3433 ultores
2533 3393 2683 3448 aegre
2716 3377 2925 3443 ferunt,
2958 3384 3236 3450 tanquam
3279 3380 3377 3451 qui
3411 3399 3445 3435 a
3476 3386 3587 3437 Deo
3621 3383 3761 3438 mis-

2122 3484 2218 3522 sos
2248 3466 2603 3521 contumelia
2645 3466 2920 3535 afﬁciant,
2968 3468 3355 3538 delinquunt;
3389 3470 3489 3541 qui
3538 3488 3669 3526 vero
3703 3474 3760 3526 in

2123 3553 2306 3627 pretio
2339 3553 2576 3620 habent,
2626 3558 2683 3607 et
2711 3554 3001 3609 contrarie
3038 3556 3297 3610 sentiunt
3326 3573 3463 3628 erga
3512 3574 3630 3625 eos,
3664 3558 3767 3629 qui

2123 3644 2268 3716 ipsis
2316 3642 2593 3713 injuriam
2627 3642 2840 3697 inferre
2887 3648 3188 3715 putantur,
3218 3644 3276 3700 in
3326 3645 3508 3701 Deum
3542 3647 3642 3718 qui
3687 3648 3768 3702 ita

2124 3732 2324 3789 statuit
2356 3731 2433 3803 pii
2467 3735 2625 3787 sunt.

2194 3821 2462 3876 XXXI.Et
2491 3836 2595 3891 ego
2623 3820 2693 3875 ad
2726 3821 2843 3875 haec
2876 3820 2991 3875 dixi
3026 3838 3038 3876 :
3075 3822 3275 3892 Itaque
3304 3823 3403 3893 qui
3438 3823 3659 3879 faciunt
3679 3824 3768 3879 in-

2117 3913 2357 3982 juriam.
2393 3910 2469 3964 rei
2505 3926 2619 3965 non
2648 3914 2807 3975 sunt,
2841 3911 3122 3979 quoniam
3158 3911 3251 3965 Dei
3278 3912 3501 3981 judicio
3554 3913 3773 3983 injuria

2116 4003 2311 4071 justos
2350 3999 2631 4053 afficiunt.
2668 3998 2987 4069 Respondit
3020 4004 3259 4053 Petrus:
3296 4000 3475 4055 Valde
3508 4008 3768 4073 peccant,

2125 4090 2338 4161 quippe
2388 4088 2483 4159 qui
2519 4103 2578 4141 se
2610 4087 2679 4141 ad
2715 4089 3073 4159 peccandum
3118 4089 3351 4144 dedant.
3387 4089 3547 4144 Unde
3578 4092 3769 4148 sciens

2126 4180 2278 4233 Deus
2310 4194 2377 4230 ex
2411 4176 2630 4230 iisillos
2646 4178 2851 4247 punire
2870 4176 3287 4247 deligit,quide
3320 4180 3611 4249 prioribus
3635 4197 3763 4251 pec-

2128 4267 2269 4321 catis
2294 4267 2455 4335 juste
2485 4272 2667 4336 agunt
2700 4265 3192 4336 pmnitentiam,ut
3216 4268 3395 4336 justis
3417 4269 3650 4338 quidem
3672 4286 3774 4341 per

2128 4355 2235 4410 has
2268 4370 2467 4425 poenas
2507 4353 2881 4407 dimittantur
2912 4370 3041 4425 quae
3072 4360 3204 4409 aute
3259 4356 3657 4427 pcenitentiam
3692 4358 3772 4413 fe-

2130 4447 2335 4499 cerunt
2384 4441 2554 4496 mala.
2588 4442 2791 4513 Impiis
2842 4459 2974 4497 vero
3006 4442 3105 4513 qui
3150 4445 3440 4516 castigant
3469 4450 3525 4501 et
3570 4462 3777 4501 vexare

350 4537 519 4592 κακά.
556 4540 681 4595 Τοῖς
734 4531 791 4588 δὲ
842 4537 1178 4608 τιμωροῦσιν
1232 4526 1441 4587 ἀσεϐέσι
1491 4536 1785 4606 κακουχεῖν
1840 4530 1999 4595 ἐπιθυ·

2129 4533 2393 4604 cupiunt,
2448 4547 2553 4585 nec
2606 4531 3002 4602 paenitentiam
3064 4532 3266 4587 volunt
3314 4550 3506 4605 agere,
3558 4535 3626 4589 ad
3659 4534 3775 4589 im-

356 4628 526 4698 μοῦσι
576 4624 665 4677 καὶ
723 4627 996 4695 μετανοεῖν
1056 4623 1131 4694 μή
1198 4618 1444 4675 θέλουσιν
1497 4620 1571 4682 είς
1630 4620 2017 4695 ἀναπλήρωσιν

354 4712 509 4775 ἰδίας
568 4715 615 4749 ⁶⁹
659 4710 937 4773 κολάσεως
994 4707 1233 4772 δικαίους
1290 4715 1581 4785 κακουχεῖν
1631 4710 2013 4785 συνεχωρήθηο

2129 4620 2334 4693 plenda
2366 4618 2575 4674 delicta
2607 4618 2968 4690 permittitur
2992 4620 3189 4689 justos
3218 4622 3505 4692 castigare
3544 4626 3599 4677 et
3629 4623 3775 4677 afﬂi-

2126 4726 2277 4782 gere.
2296 4708 2440 4763 Nam
2475 4709 2697 4779 absque
2730 4707 2823 4763 Dei
2853 4706 3149 4765 voluntate
3173 4726 3359 4781 neque
3383 4727 3584 4781 passer
3606 4711 3665 4766 in
3687 4709 3773 4767 la-

1715 4933 1961 4991 VARLE
1999 4931 2408 4990 LBCTIONES.

431 5079 477 5159 ξε
504 5074 821 5159 προελθεῖν,
873 5076 1043 5159 qugd,
1076 5075 1529 5159 praeferendum,
1573 5075 1717 5159 ‘cod.
1746 5075 1949 5159 “Jo‘an:
2016 5072 2392 5159 pama'sceni‘,
2453 5067 2521 5159 δι’
2566 5065 2798 5159 ςαέτοῦή
2828 5067 3222 5159 έλθεῖνήοονῐῄ,
3304 5072 3663 5159 Νοεμᾶειχι.
3722 5091 3775 5132 ο.

360 5151 407 5185 ⁵⁸
436 5151 525 5206 Ita
547 5141 923 5207 Ottoboniani
956 5146 1043 5202 ἐπί
1074 5141 1589 5221 interpretor,_émi
1622 5146 1713 5200 οὗν
1743 5146 1811 5221 C,
1838 5144 1951 5221 ἐπεὶ
1985 5143 2074 5199 οὖν
2206 5141 2587 5221 Βοὶηάθαύτή
2616 5146 2743 5221 Θεῷ,
2760 5142 2840 5221 C,n
2857 5142 2986 5221 αῦτη
3018 5141 3150 5196 Θεοῦ
3176 5141 3360 5221 '(cum
3418 5146 3538 5201 haec
3588 5148 3667 5221 ita
3696 5164 3777 5221 pse

362 5180 405 5185 vv
439 5180 525 5206 [HI
553 5180 923 5207 υιιυυυιιιαυι
956 5180 1043 5202 ιιιι
1076 5180 1442 5220 ιιιιυιμιῦιιυι,
1476 5180 1589 5200 ὖιιῦἲ
1622 5180 1712 5200 υυν
1743 5180 1804 5217 υ,
1838 5180 1951 5199 ῢιιῦἱ
1985 5180 2073 5199 νυν
2112 5180 2175 5200 υ.
2206 5180 2423 5200 υῡιιιυυ
2454 5180 2587 5209 Mhi-0".
2616 5180 2730 5211 νειμ
2761 5180 2819 5207 υ,
2859 5180 2972 5195 ἄνδρα
3020 5180 3150 5196 υῧ⁷1υ
3200 5180 3356 5214 χυυιιι
3420 5180 3538 5201 υωυ
3592 5180 3667 5201 ιια.
3715 5180 3777 5202 ου

362 5221 603 5291 habent,
636 5222 735 5277 Dei
770 5222 1205 5291 hocjudicium)
1242 5227 1300 5273 υ.
1379 5220 1421 5254 ⁵⁷
1450 5219 1533 5274 Ita
1562 5224 1607 5273 0
1632 5235 1681 5273 c.
1716 5220 1841 5273 eod.
1878 5219 2020 5291 Fteg;
2208 5214 2475 5291 κακουχίᾳ
2642 5180 3165 5291 δδμδιαβαλλόιμενοι,
3205 5215 3569 5291 μισούμενοιχ
3600 5216 3779 5271 λοιδο-

397 5281 640 5364 ούμενοι·
675 5281 1161 5349 ultimis-duabus
1189 5281 1437 5346 [vocibus
1468 5291 1774 5361 expunctis
1809 5309 1859 5361 p.
1897 5281 2319 5358 διαϐαλλόμενοι
2354 5281 2417 5342 0:
2457 5281 2464 5284 ⁷
2494 5288 2537 5320 ⁵9
2570 5281 2745 5338 δοκεῖν
2777 5285 2839 5337 τὸ
2873 5281 3176 5358 ὀργίζεσθαί
3205 5281 3439 5358 ’γίνεται
3471 5290 3596 5344 cod.
3634 5290 3712 5343 Re
3760 5330 3771 5343 .

362 5312 486 5419 £04.
518 5365 666 5419 Tum
699 5383 901 5419 ἀμυνον
929 5371 992 5419 0.
1069 5364 1113 5397 ⁶⁰
1142 5360 1273 5415 καθό
1306 5362 1369 5417 Ο.
1446 5363 1487 5397 ⁵¹
1546 5358 1959 5414 συνεοούλευσεν
2020 5365 2074 5415 C.
2155 5362 2200 5394 ⁶²
2233 5354 2607 5419 ἀδικουμένοις
2667 5353 2925 5408 ἀπολύειν
2982 5358 3108 5413 cod.
3168 5362 3305 5419 Reg.
3363 5362 3487 5413 804.
3564 5361 3607 5393 ⁸³
3635 5306 3771 5418 avg:

436 5358 486 5419 4ξ
518 5365 666 5419 Tum
699 5383 901 5419 αμυνον
929 5371 992 5419 0.
1069 5364 1113 5397 ⁶⁰
1142 5360 1273 5415 καθό
1306 5362 1369 5417 Ο.
1446 5363 1487 5397 ⁶¹
1543 5358 1959 5414 συνεοούλευσεν
2020 5365 2074 5415 C.

364 5439 492 5491 cod.
527 5438 661 5508 Reg.

2155 5353 2200 5394 6⁷³
2233 5354 2607 5428 ἀδικουμένοις
2667 5353 3108 5429 ἀπολύνεινύυό.
3168 5353 3305 5429 Reg.
3363 5362 3487 5413 804.
3564 5361 3607 5393 ⁸³
3635 5353 3777 5418 τινός

768 5437 819 5490 4.
894 5436 941 5469 ⁸⁸
973 5430 1039 5487 δι’
1070 5434 1128 5489 C.
1203 5435 1248 5467 ⁸⁸
1278 5433 1425 5518 Vb‘b.
1471 5431 1749 5518 ‘ngopa'wsi
1782 5438 1993 5518 Ῑ-Ιτοῖς
2052 5436 2239 5490 κακοῖς
2272 5448 2424 5518 μου.
2454 5435 2592 5483 sunt
2626 5428 2680 5481 in
2707 5428 2777 5509 .0.
2804 5428 2892 5518 ‘Ex
2923 5431 3041 5482 (ἴοι.
3077 5428 3351 5518 versione.
3373 5431 3571 5499 liquet,
3607 5430 3774 5484 illum

364 5498 804 5563 rescribendum
844 5507 1119 5578 statuisse
1148 5505 1293 5578 παρᾶ
1319 5503 1382 5558 τὸ
1418 5504 1493 5575 μή
1527 5498 1757 5578 πρῷτοι,
1788 5500 2188 5578 δεύτεροιζὲθᾶ
2213 5498 2873 5578 ρᾴάθοῐξοηοκριειιιιίουιαξ
2902 5498 3536 5578 negantisbaudppus
3565 5507 3671 5578 est.
3711 5508 3770 5578 ρ.

363 5580 518 5635 Tum
550 5579 859 5653 πράσσομεν
880 5584 941 5653 _S,
962 5577 1039 5653 Ὀ,
1072 5575 1485 5653 πράσσωμενϐ,
1517 5576 1845 5653 πράσσοντες
1877 5575 2005 5631 cod.
2024 5575 2173 5653 _Re_g.

2217 5519 2540 5605 augecuone
2557 5519 2867 5584 Νρειτίιοιιιίιξ
2902 5519 3167 5571 negantis
3201 5519 3353 5554 naua
3389 5519 3536 5571 opus
3565 5519 3671 5555 esn.
3711 5519 3770 5555 U.

2206 5574 2330 5627 804.
2409 5573 2453 5606 ⁶⁶
2502 5568 2714 5643 ελῖοότας
2773 5571 2900 5625 cod.
2955 5576 3092 5643 Reg.
3142 5571 3266 5625 804.
3342 5572 3385 5605 ⁵⁷
3419 5572 3563 5627 Vbb.
3602 5571 3652 5623 οἱ
3684 5568 3773 5624 οὖν

358 5652 485 5711 τοῖς
515 5637 632 5708 om.
663 5653 728 5707 Ο.
767 5637 847 5686 ’⁸⁸
870 5637 1123 5703 ἁπάντων
1143 5666 1201 5722 p.
1234 5637 1322 5701 ἀπ’
1350 5637 1526 5702 αὐτῶν
1554 5637 1615 5707 C.
1694 5648 1738 5684 ⁸⁸
1770 5642 1909 5708 ἰδίας
1938 5646 2065 5705 cod.
2098 5637 2234 5717 Ρῖθε.
2267 5644 2393 5712 804,
2426 5661 2483 5696 τε
2514 5637 2603 5695 διά
2633 5641 2697 5709 C,
2725 5645 2792 5697 Ο.
