4086 6216
329 296 447 354 327

1156 289 1219 346 S.
1270 284 1710 346 CLEMENTIS
1757 285 1777 342 Ι
1827 282 2015 343 ROM.
2061 281 2294 341 PONT.
2342 281 2602 342 OPERA
2645 280 2905 341 DUBIA.

3566 267 3579 271 ’
3620 284 3752 344 328

330 442 549 497 queum
582 421 835 477 incidere
861 422 1069 490 potest.
1105 417 1199 473 Sic
1221 417 1518 487 justorum
1567 415 1740 470 etiam
1777 412 1970 485 capilli

2091 407 2207 463 Ξὶνευ
2247 410 2350 485 γὰρ
2381 416 2479 478 τῆς
2508 413 2605 463 τοῦ
2636 414 2769 464 Θεοῦ
2806 410 3013 483 βουλῇς
3062 407 3187 464 οὐδὲ
3234 411 3491 485 στρουθὸς
3542 412 3594 467 ἐν
3637 433 3750 466 πα-

334 520 446 568 Deo
481 511 768 567 numerati
802 514 956 562 sunt.

403 689 618 744 XXXII.
657 686 756 741 Ille
787 692 979 740 autem
1005 686 1209 754 justus
1242 682 1461 753 est,qui
1497 686 1729 753 propter
1759 685 1975 736 rectam

335 780 620 833 rationem
657 781 879 848 pugnat
910 791 1039 828 cum
1073 779 1299 826 natura.
1334 772 1502 825 Verbi
1537 769 1976 843 gratia,cunctis

333 887 363 922 a
399 876 609 923 natura
641 866 885 919 insitum
917 862 1339 933 est,diligentes
1373 860 1611 931 diligere
1636 860 1977 929 :justusco-

330 964 501 1011 natur
535 955 708 1009 etiam
746 952 987 1023 diligere
1017 951 1288 1005 inimicos
1306 953 1361 1003 et
1387 947 1845 1003 conviciantibus
1878 946 1973 999 be-

330 1047 619 1114 nedicere,
655 1061 718 1097 ac
752 1049 1025 1113 praeterea
1056 1055 1219 1093 orare
1252 1055 1353 1109 pro
1384 1037 1673 1099 hostibus,
1698 1034 1968 1105 injuriam

319 1136 639 1189 inferentes
674 1130 957 1186 miserari.
984 1127 1262 1193 Quocirca
1287 1143 1347 1181 se
1380 1126 1630 1197 priorem
1658 1125 1875 1195 injuria
1896 1122 1977 1177 af-

317 1225 411 1278 ﬁci
446 1223 681 1294 patitur,
714 1221 854 1275 item
888 1216 1381 1273 maledicentibus
1413 1214 1721 1280 benedicit,
1772 1212 1972 1267 verbe-

318 1312 585 1367 rantibus
633 1311 940 1373 condonet,
972 1307 1121 1361 cedit
1161 1304 1664 1377 persequentibus,
1718 1302 1972 1365 salutat,

316 1419 416 1456 eos
448 1400 546 1472 qui
600 1416 714 1454 non
747 1397 1026 1463 salutant,
1061 1412 1194 1449 cum
1247 1411 1362 1448 non
1412 1392 1767 1447 habentibus
1813 1408 1969 1446 com-

321 1491 585 1545 municat
637 1505 762 1559 quae
796 1486 989 1555 habet,
1040 1483 1391 1538 irascentem
1431 1481 1633 1547 ﬂectit,
1665 1479 1968 1535 inimicum

320 1577 615 1641 conciliat,
651 1579 1053 1631 contumacem
1086 1571 1374 1634 hortatur,
1408 1568 1775 1625 incredulum
1809 1568 1972 1623 insti-

323 1670 458 1733 tuit,
494 1667 786 1738 lugentem
821 1661 1175 1722 consolatur.
1208 1660 1535 1731 exagitatus
1575 1657 1846 1726 sustinet,
1879 1656 1967 1711 in-

322 1763 489 1830 grate
517 1760 790 1826 acceptus
840 1768 952 1805 non
984 1750 1219 1817 indigne
1254 1751 1383 1812 fert,
1425 1763 1750 1819 propensus
1778 1750 1865 1800 est
1898 1745 1965 1799 ad
2003 1780 2048 1844 B

322 1845 685 1917 diligendum
747 1840 1074 1912 proximum
1126 1842 1404 1909 tanquam
1440 1853 1520 1901 se,
1570 1840 1967 1907 paupertatem

323 1952 433 1989 non
470 1933 656 1996 timet,
690 1945 887 1983 verum
928 1944 1035 1981 sua
1067 1942 1180 1980 non
1214 1924 1564 1979 habentibus
1613 1922 1877 1977 dividens
1908 1922 1973 1977 fit

327 2038 565 2095 pauper.
622 2020 731 2074 Sed
766 2034 868 2071 nec
924 2019 1256 2087 peccantem
1307 2012 1626 2067 ulciscitur.
1660 2011 1764 2075 Qui
1814 2011 1971 2065 enim

328 2111 658 2181 proximum
712 2105 869 2161 velut
898 2120 958 2159 se
1008 2102 1221 2173 diligit,
1278 2101 1773 2171 quemadmodum
1827 2101 1970 2171 ipse,

327 2216 460 2254 cum
493 2195 768 2270 peccavit,
803 2194 912 2248 scit
942 2190 1093 2247 nolle
1125 2191 1181 2245 in
1214 2206 1275 2245 se
1307 2188 1709 2255 animadverti,
1747 2189 1829 2243 ita
1868 2205 1973 2243 nec

329 2292 658 2359 peccatores
688 2283 952 2353 castigat,
986 2286 1042 2335 et
1072 2280 1223 2334 sicut
1252 2278 1375 2333 vult
1427 2278 1764 2347 demulceri,
1799 2279 1971 2332 bene-

326 2377 461 2445 dici,
496 2372 790 2435 honorari,
825 2370 1209 2439 omniumque
1239 2367 1581 2421 delictorum
1616 2366 1841 2421 veniam
1875 2382 1974 2420 ac-

327 2467 541 2536 cipere,
592 2462 702 2517 hoc
741 2461 865 2530 ipse
914 2458 1178 2529 proximo
1230 2457 1363 2510 facit
1410 2470 1452 2521 ι,
1484 2472 1658 2527 quem
1707 2454 1863 2510 velut
1914 2471 1975 2510 se

328 2558 508 2608 amat.
544 2551 668 2607 Uno
699 2550 893 2610 verbo,
927 2549 1081 2617 quod
1117 2545 1226 2599 sibi
1271 2545 1452 2615 cupit,
1486 2544 1646 2615 cupit
1674 2550 1730 2599 et
1784 2544 1974 2614 proxi-

331 2659 445 2697 mo.
481 2642 609 2695 Haec
656 2638 811 2693 enim
845 2645 929 2690 est
985 2633 1079 2688 Dei
1125 2650 1191 2687 ac
1243 2632 1656 2703 prophetarum
1704 2633 1812 2699 lex,
1858 2634 1977 2687 haec

338 2730 598 2785 veritatis
628 2726 910 2782 doctrina.
938 2725 1137 2793 Itaque
1169 2722 1420 2777 Charitas
1450 2738 1585 2793 erga
1615 2739 1845 2777 omnem
1880 2722 1977 2776 bo-

340 2822 549 2875 minem
589 2817 840 2889 perfecta
875 2831 1008 2884 pars
1041 2817 1129 2867 est
1160 2810 1421 2865 mascula
1469 2811 1873 2866 humanitatis.
1907 2813 1977 2865 At

340 2906 745 2962 misericordia
778 2920 911 2975 pars
943 2906 1029 2956 est
1059 2899 1215 2954 illius
1247 2900 1515 2954 feminea.
1549 2902 1681 2965 Quae
1728 2904 1817 2954 est
1845 2916 1976 2954 esu-

333 2997 577 3051 rientem
612 2994 782 3058 alere,
818 2996 1016 3064 potum
1047 2989 1263 3044 sitienti
1298 2989 1454 3053 dare,
1490 2990 1712 3043 nudum
1746 2988 1975 3054 vestire,

328 3086 566 3141 visitare
615 3084 1011 3154 languentem,
1071 3078 1359 3149 hospitem
1419 3078 1692 3149 recipere,
1752 3093 1979 3132 carcere

333 3174 678 3229 conclusum
713 3188 815 3242 pro
853 3169 1076 3223 viribus
1108 3168 1355 3222 invisere
1383 3172 1441 3221 et
1479 3168 1706 3238 juvare,
1740 3167 1977 3221 omnino
2009 3142 2052 3209 (ἶ

332 3263 590 3332 denique
620 3257 943 3315 calamitosi
977 3255 1258 3311 misereri.

419 3437 656 3495 XXXIII.
687 3437 805 3508 Ego
835 3450 971 3490 vero
1004 3432 1201 3487 audito
1232 3431 1339 3486 hoc
1372 3430 1485 3485 dixi
1522 3448 1535 3486 :
1564 3434 1695 3485 Haec
1743 3430 1980 3501 quidem

333 3530 528 3585 facere
563 3541 899 3599 possumus,
924 3528 981 3577 at
1012 3521 1265 3575 inimicis
1296 3522 1633 3575 benefacere
1663 3536 1982 3591 omnesque

321 3633 528 3674 eorum
564 3613 810 3683 injurias
842 3608 1339 3677 tolerare,utinsit
1372 3608 1429 3662 in
1460 3608 1719 3663 humana
1752 3614 1959 3663 natura

326 3673 698 3777 impossibile
732 3706 891 3773 puto.
924 3701 1071 3755 Tum
1097 3673 1315 3753 ’Petrus
1345 3698 1676 3769 respondit:
1704 3698 1875 3752 Recte
1908 3673 1987 3753 lo1

329 3802 503 3849 cutus
537 3796 775 3847 es.Cum
809 3789 961 3844 enim
996 3787 1333 3841 humanitas
1365 3802 1545 3840 causa
1576 3786 1651 3840 sit
1683 3787 1982 3840 immorta-

336 3882 544 3949 litatis,
584 3881 767 3934 niulto
799 3882 1044 3933 constat.
1103 3876 1221 3930 Dixi
1252 3892 1357 3944 ego
1393 3892 1404 3929 :
1435 3876 1556 3939 Quo
1589 3875 1759 3929 modo
1810 3874 1987 3943 igitur

335 3977 529 4027 mente
560 3974 755 4041 potest
784 3965 1053 4037 concipi?
1085 3964 1405 4035 Respondit
1436 3968 1669 4018 Petrus:
1705 3964 1984 4018 Humani-

330 4065 448 4123 tas,
484 4058 691 4113 dilecte
730 4056 1017 4121 Clemens,
1051 4052 1275 4125 acquiri
1310 4057 1517 4123 potest,
1554 4052 1599 4105 si
1632 4053 1764 4123 quis
1818 4052 1987 4123 plene

335 4149 450 4204 sibi
487 4143 1300 4219 persuadeat,inimicos,dum
1336 4158 1484 4212 quos
1505 4143 1751 4195 oderunt
1780 4147 1989 4197 vexant

338 4238 409 4294 ad
442 4230 1193 4307 tempus,aaternisupplicii
1213 4230 1616 4284 liberationem
1645 4229 1760 4285 illis
1780 4231 1989 4301 produ-

333 4342 464 4382 cere
494 4342 505 4380 :
541 4325 742 4394 sicque
772 4321 810 4374 ii
865 4320 1038 4375 etiam
1087 4323 1151 4372 ut
1196 4318 1437 4373 beneﬁci
1482 4318 1800 4373 admodum
1852 4317 1989 4373 dili—

342 4418 575 4487 gentur.
609 4412 784 4467 Porro
831 4409 922 4464 via
952 4408 1375 4463 humanitatem
1430 4407 1774 4478 accipiendi,
1806 4408 1991 4463 amice

2088 497 2199 573 γίδι
2232 502 2276 536 ⁷ο
2307 500 2555 571 ἐμπεσεῖν
2586 496 2724 573 ἔχει.
2759 499 2941 560 Οὕτως
2978 496 3201 553 δικαίων
3234 500 3323 553 καὶ
3354 500 3407 554 αἲ
3441 500 3635 576 τρίχες
3666 499 3753 573 τῷ

2087 592 2202 659 Θεῷ
2235 587 2536 662 ἐναρίθμιοί
2570 587 2721 643 εἰσιν.

2160 683 2373 731 XXXII.
2410 676 2625 737 Δίκαιος
2683 674 2740 730 δέ
2793 675 2931 731 ἐστιν
2994 675 3216 747 ἐκεῖνος,
3275 676 3303 729 6
3349 682 3447 731 τοῦ
3507 676 3739 754 εὐλόγου

2084 762 2239 820 ἕνεκα
2294 769 2362 838 τῇ
2422 765 2573 843 φύσει
2635 764 2973 840 μαχόμενος.
3009 768 3135 820 Οἴον
3164 769 3231 837 τί,
3264 771 3392 819 πᾶσι
3451 766 3733 841 πρόσεστιν

2088 855 2145 909 ἐκ
2202 853 2411 931 φύσεως
2471 852 2762 932 φιλοῦντας
2821 852 3022 931 φιλεῖν·
3085 852 3294 916 δίκαιος
3353 862 3603 929 πειρᾶται
3647 856 3737 911 καὶ

2083 944 2313 1019 ἐχθροὺς
2362 944 2567 1020 ἀγαπᾷν
2620 944 2707 997 καὶ
2758 942 3144 1017 λοιδοροῦντας
3192 943 3459 1019 εὐλογεῖν,
3492 942 3569 1000 ἔτι
3629 948 3737 1018 μὴν

2083 1033 2171 1087 καὶ
2224 1034 2355 1108 ὑπὲρ
2403 1031 2613 1108 ἐχθρῶν
2661 1029 2933 1107 εὔχεσθαι,
2970 1030 3290 1095 ἀδικοῦντας
3342 1033 3513 1089 ἐλεεῖν
3544 1037 3610 1091 ⁷³.
3644 1037 3741 1090 Διὸ

2080 1121 2168 1176 καὶ
2246 1118 2653 1197 προαδικεῖσθαι
2730 1124 2774 1157 ⁷³
2844 1122 3144 1197 ἀπέχεται,
3220 1122 3309 1176 καὶ
3386 1124 3540 1195 ὁμῶς
3615 1145 3743 1180 κατ-

2082 1208 2392 1286 αρωμένους
2453 1208 2691 1285 εὐλογεῖ,
2746 1210 3006 1264 τύπτουσι
3086 1217 3383 1286 συγχωρεῖ,
3445 1209 3740 1268 διώκουσιν

2083 1300 2385 1374 ὑποχωρεῖ,
2447 1299 2521 1371 μή
2578 1298 2987 1370 ἀσπαζομένους
3070 1298 3383 1367 ἀσπάζεται,
3441 1306 3558 1363 τοῖς
3639 1302 3746 1357 οὐκ

2082 1386 2299 1463 ἔχουσιν
2350 1388 2421 1441 ὧν
2476 1384 2591 1462 ἔχει
2632 1392 2905 1457 κοινωνεῖ,
2942 1385 3293 1463 ὀργιζόμενον
3346 1388 3517 1453 πείθει
3548 1393 3611 1461 ⁷⁸,
3644 1392 3740 1445 τὸν

2082 1475 2274 1551 ἐχθρὸν
2327 1472 2664 1542 διαλλάσσει,
2714 1475 2805 1529 τὸν
2856 1475 3057 1545 ἀπειθῆ
3110 1475 3435 1551 παρακαλεῖ,
3466 1480 3557 1533 τὸν
3610 1476 3741 1535 ἄπι-

2081 1586 2203 1619 στον
2262 1565 2413 1622 279
2468 1568 2721 1639 κατηχεῖ,
2780 1564 2873 1618 τὸν
2934 1565 3230 1619 πενθοῦντα
3312 1569 3740 1640 παραμυθεῖται,

2080 1652 2511 1728 ἐπηρεαζόμενος
2568 1652 2764 1727 στέγει,
2799 1652 3265 1727 ἀχαριστοῦμενος
3324 1657 3368 1691 ’⁷⁸
3425 1655 3523 1711 οὐκ
3580 1656 3739 1732 ἄγαν,

2081 1748 2248 1798 ακτεῖ.
2284 1742 2378 1803 Εἷς
2411 1739 2467 1795 δὲ
2493 1742 2555 1795 τὸ
2591 1741 2799 1814 ἀγαπᾷν
2830 1742 2921 1795 τὸν
2952 1740 3185 1810 πλησίον
3240 1744 3317 1805 ὡς
3365 1745 3551 1799 ἑαυτὸν
3598 1745 3739 1800 ἀπο-

2080 1827 2352 1891 δεδωκὼς,
2386 1828 2567 1883 πενίαν
2622 1831 2682 1884 ού
2733 1824 3059 1907 πεφόϐηται,
3095 1828 3241 1884 ἀλλὰ
3285 1834 3351 1885 τὰ
3400 1833 3591 1887 ἑαυτοῦ
3642 1856 3740 1907 με·

2082 1919 2243 1995 ρίζων
2276 1924 2391 1979 τοῖς
2426 1918 2523 1972 οὐκ
2554 1916 2739 1993 ἔχουσι
2792 1920 2958 1989 πένης
2996 1918 3220 1994 γίνεται.
3255 1919 3411 1975 Ἀλλ’
3441 1921 3568 1977 οὐδὲ
3626 1924 3738 1994 μην

2083 2009 2459 2082 ἁμαρτάνοντα
2488 2010 2531 2043 ⁷⁸
2558 2012 2812 2081 τιμωρεῖ.
2846 2009 2902 2060 Ὀ
2944 2008 3045 2083 γὰρ
3089 2009 3181 2062 τὸν
3227 2007 3463 2079 πλησίον
3508 2012 3735 2085 ἀγαπῷν

2082 2098 2155 2159 ὡς
2200 2095 2408 2169 ἑαυτὸν,
2461 2096 2533 2157 ὡς
2589 2095 2749 2157 αὐτὸς
2801 2097 3119 2172 ἁμαρτήσας
3170 2094 3283 2153 οἶδε
3348 2103 3736 2175 τιμωρηθῆναι

2086 2187 2159 2259 μὴ
2210 2184 2408 2252 θέλειν,
2442 2184 2615 2246 οὕτως
2667 2182 2792 2239 οὐδέ
2837 2183 2965 2247 τοὺς
3014 2186 3421 2261 ἁμαρτάνοντας
3476 2195 3733 2265 τιμωρεῖ.

2083 2272 2181 2328 Kal
2231 2274 2305 2335 ὡς
2347 2272 2489 2336 θέλει
2531 2269 2919 2337 κολακεύεσθαι
2968 2273 3057 2327 καὶ
3104 2273 3445 2351 εὐλογεῖσθαι
3503 2277 3593 2331 καὶ
3658 2299 3737 2332 τι-

2087 2364 2279 2436 μᾶσθαι
2329 2362 2418 2416 καὶ
2466 2360 2637 2415 πάντα
2682 2361 2749 2417 τὰ
2795 2364 2837 2398 ⁷⁷
2897 2363 3264 2438 ἁμαρτήματα
3320 2364 3468 2437 αὐτῷ
3519 2388 3732 2443 συγχωο

2085 2453 2310 2526 ρεῖσθαι,
2340 2455 2500 2505 τοῦτο
2561 2450 2721 2512 αὐτὸς
2785 2454 2867 2523 τῷ
2920 2449 3157 2521 πλησίον
3212 2458 3380 2525 πσιεῖ,
3421 2454 3496 2516 ὡς
3548 2454 3729 2510 ἑαυτὸν

2085 2540 2284 2595 ἐκεῖνον
2327 2540 2565 2614 ἀγαπῶν.
2603 2539 2711 2592 Ἑνὶ
2764 2538 2938 2613 λόγῳ,
2972 2540 3000 2594 ’ὁ
3030 2538 3174 2594 θέλει
3229 2541 3425 2613 ἑαυτῷ,
3460 2543 3608 2597 θέλει
3646 2542 3737 2598 καὶ

2081 2631 2161 2701 τῷ
2192 2627 2451 2697 πλησίον.
2484 2627 2653 2688 Οὗτος
2684 2629 2786 2702 γάρ
2819 2628 2929 2682 ἐστι
2970 2632 3104 2683 Θεοῦ
3153 2628 3325 2701 νόμος
3383 2634 3471 2685 καὶ
3522 2652 3739 2710 προφη-

2081 2724 2214 2790 τῶν,
2245 2718 2378 2786 αὕτη
2414 2719 2455 2753 ⁷⁸
2484 2723 2583 2785 τῆς
2639 2714 2893 2784 ἀληθείας
2927 2720 2960 2785 ἡ
3006 2714 3348 2775 διδασκαλία.
3411 2719 3507 2773 Καὶ
3565 2726 3738 2776 ταῦτα

2089 2809 2181 2881 μὲν
2219 2807 2400 2881 ἀγάπη
2434 2808 2468 2873 ἡ
2502 2806 2638 2880 πρὸς
2689 2805 2860 2859 πάντα
2908 2802 3189 2879 ἄνθρωπον
3236 2806 3417 2862 τελεία
3462 2810 3523 2863 τὸ
3572 2807 3732 2885 ἅῤῥεν

2090 2897 2251 2969 μέρος
2338 2892 2478 2948 ἐστὶν
2548 2900 2646 2961 τῆς
2721 2893 3153 2971 φιλανθρωπίας,
3211 2896 3274 2950 τὸ
3333 2894 3390 2950 δὲ
3447 2896 3615 2953 ἐλεεῖν
3670 2900 3737 2954 τὸ

2088 2986 2229 3055 θῆλυ
2264 2982 2424 3059 μέρος
2458 2981 2598 3036 ἐστὶν
2628 2981 2816 3052 αὐτῆς.
2850 2986 3017 3056 Ὅπερ
3068 2983 3179 3038 ἐστί
3230 2990 3495 3041 πεινῶντα
3543 2988 3737 3062 θρέψαι

2088 3074 2176 3130 καὶ
2208 3073 2373 3127 ποτὸν
2407 3069 2635 3145 διψῶντι
2663 3076 2964 3147 παρασχεῖν
3001 3071 3090 3127 καὶ
3130 3074 3338 3149 γυμνὸν
3386 3071 3600 3129 ἐνδῦσαι
3646 3076 3739 3131 καὶ

2088 3167 2348 3219 νοσοῦντα
2405 3159 2784 3234 ἐπισκέψασθαι
2843 3160 2932 3215 καὶ
2991 3160 3134 3232 ξένον
3190 3159 3455 3233 δέξασθαι,
3486 3168 3566 3236 τῷ
3594 3168 3641 3202 ⁶²⁹
3688 3164 3742 3219 ἐν

2090 3255 2275 3330 εἱρκτῇ
2306 3251 2440 3305 κατὰ
2476 3250 2538 3304 τὸ
2571 3247 2792 3304 δυνατὸν
2824 3249 3236 3326 ἐπιφαινόμενον
3292 3252 3539 3327 βοηθεῖν,
3571 3253 3742 3325 ἀπαξ-

2090 3341 2279 3403 απλῶς
2304 3340 2394 3394 τὸν
2428 3338 2478 3393 ἐν
2511 3344 2815 3416 συμφοραῖς
2848 3337 3087 3408 ἐλεῆσαι.

2162 3434 2404 3489 XXXIII.
2437 3427 2581 3502 Ἐγὼ
2613 3424 2669 3481 δὲ
2717 3426 2949 3488 ἀκούσας
2997 3424 3152 3505 ἔφην·
3203 3432 3377 3483 Ταῦτα
3430 3430 3524 3502 μὲν
3578 3429 3742 3486 δυνα-

2090 3522 2181 3576 τὸν
2238 3517 2510 3593 πράττειν·
2565 3514 2794 3592 ἐχθροὺς
2852 3513 2910 3570 δὲ
2968 3516 3285 3592 εὐεργετεῖν,
3348 3524 3518 3573 πᾶσαν
3566 3520 3743 3575 αὐτῶν

2094 3609 2430 3686 ὑποφέροντα
2478 3604 2755 3679 ἐπήρειαν,
2788 3603 2887 3658 οὐκ
2938 3600 3124 3675 οέὀμαι
3174 3608 3220 3641 ⁸ο
3271 3602 3491 3661 δυνατὸν
3534 3609 3740 3681 ἀνθρω-

2092 3698 2217 3767 πείᾳ
2257 3700 2533 3769 προσεῖναι
2583 3692 2756 3771 φύσει.
2792 3692 2888 3746 Καὶ
2923 3694 2951 3747 6
2981 3691 3184 3761 Πέτρος
3228 3695 3564 3770 ἀπεκρίνατο’
3616 3698 3737 3773 Ὀρ-

2092 3789 2197 3847 θῶς
2234 3784 2389 3862 {cp-qr
2438 3782 2719 3843 ἀθανασίας
2775 3781 2874 3857 γὰρ
2929 3781 3073 3837 αῗτία
3118 3780 3249 3836 οῦσα
3287 3786 3321 3852 ἡ
3355 3783 3740 3861 φιλανθρωπία

2091 3872 2306 3930 πολλοῦ
2356 3869 2580 3927 δίδοται.
2633 3872 2797 3946 Κάγὼ
2850 3867 3003 3949 ἔφην’
3039 3876 3161 3933 Πῶς
3203 3874 3357 3930 280
3404 3872 3495 3928 οὖν
3539 3877 3580 3912 ει
3617 3874 3739 3929 σύν-

2095 3984 2233 4018 εστιν
2287 3960 2338 4015 ὲν
2388 3958 2465 4032 νῷ
2515 3954 2700 4013 λαϐεῖν
2732 3977 2745 4027 ;
2779 3958 2874 4012 Καὶ
2906 3960 2933 4012 ὁ
2978 3958 3182 4031 Πέτρος
3231 3960 3573 4037 ἀπεκρίνατο·
3606 3962 3743 4017 Ταύ-

2092 4074 2214 4122 την,
2251 4051 2295 4103 ὧ
2343 4047 2469 4127 φίλε
2516 4046 2748 4119 Κλήμης
2795 4049 2862 4112 ⁸³,
2897 4042 3081 4102 λαϐεῖν
3132 4044 3290 4120 ἔστιν,
3324 4048 3412 4103 ἐὰν
3462 4050 3751 4128 πληροφο-

2098 4142 2237 4218 ρηθῇ
2269 4160 2372 4206 τις,
2403 4137 2485 4192 ὅτι
2518 4137 2569 4191 οἱ
2617 4136 2806 4211 ἐχθροὶ
2851 4137 2985 4211 πρὸς
3034 4138 3219 4212 καιρὸν
3252 4141 3297 4175 ⁸³
3327 4144 3749 4214 κακουχοῦντες,

2098 4230 2189 4291 οὓς
2225 4232 2493 4301 μισοῦσιν,
2527 4224 2749 4279 αἰωνίου
2779 4222 3057 4286 κολάσεως
3090 4223 3415 4302 ἀπαλλαγῆς
3463 4227 3647 4290 αὐτοῖς
3677 4227 3753 4283 αἵ-

2102 4340 2210 4375 τιοι
2241 4317 2497 4392 γίνονται·
2531 4314 2754 4390 προσέτι
2786 4311 2843 4368 δὲ
2874 4313 3065 4376 αὐτοὺς
3098 4314 3172 4377 ὡς
3211 4314 3492 4391 εὐεργέτας
3545 4315 3752 4394 σφόδρα

2101 4408 2499 4483 ἀγαπήσουσιν.
2528 4405 2587 4460 Ἣ
2641 4400 2699 4457 δὲ
2747 4400 2869 4464 ὁδὸς
2912 4408 3008 4457 τοῦ
3054 4404 3254 4473 ταύτην
3299 4400 3508 4476 λαϐεῖν,
3541 4406 3587 4460 ὦ
3628 4406 3754 4484 φίλε

330 4503 618 4571 Clemens,
659 4499 835 4555 unica
867 4501 976 4563 est,
1013 4497 1292 4552 nimirum
1327 4495 1506 4551 timor
1539 4496 1655 4550 Dei.
1691 4495 1836 4550 Nam
1891 4513 1977 4567 qu‘

2102 4495 2338 4568 Κλήμης
2367 4495 2434 4561 δι,
2472 4492 2568 4565 μία
2616 4491 2697 4553 τίς
2738 4489 2900 4564 ἐστιν,
2929 4491 3068 4568 ἥπερ
3122 4492 3231 4547 ἐστὶ
3282 4489 3450 4571 φόϐος
3500 4498 3656 4550 Θεοῦ.
3697 4495 3754 4548 Ὁ

330 4594 502 4648 timet
537 4592 750 4656 Deum,
784 4605 899 4644 non
932 4586 1166 4659 quidem
1204 4589 1393 4657 potest
1423 4585 1708 4655 principio
1754 4584 1993 4656 diligere

335 4681 669 4754 proximum
705 4685 983 4749 tanquam
1017 4692 1077 4730 se
1111 4673 1362 4730 :etenim
1396 4674 1465 4727 ad
1501 4672 1608 4727 hoc
1640 4678 1991 4743 praeceptum

332 4788 449 4826 non
485 4770 711 4825 accedit
743 4767 1036 4831 anima;at
1066 4764 1273 4818 timore
1302 4779 1437 4832 erga
1455 4760 1632 4815 Deum
1668 4762 1988 4816 amantium

335 4876 512 4931 opera
540 4862 733 4930 potest
764 4870 1059 4928 peragere,
1095 4852 1296 4924 sicque
1327 4856 1548 4922 postea,
1575 4849 1672 4904 ubi
1705 4866 1882 4922 Opera
1912 4850 1994 4904 di-

407 5002 485 5076 (a)
517 5000 724 5056 Matth.
756 5015 856 5068 vn,
888 4998 973 5053 12.

2101 4584 2201 4661 γάρ
2232 4585 2356 4641 Θεὸν
2388 4577 2726 4660 φοϐούμενος
2756 4581 2848 4635 τὸν
2878 4579 3113 4649 πλησίον
3174 4581 3248 4643 ὡς
3308 4582 3493 4637 ἑαυτὸν
3538 4582 3750 4657 ἀγαπᾷν

2106 4674 2199 4745 μὲν
2223 4672 2499 4747 καταρχὰς
2532 4673 2592 4724 οὐ
2624 4667 2837 4724 δύναται
2894 4669 3009 4725 ἐπεὶ
3040 4671 3100 4724 τὸ
3146 4674 3394 4725 τοιοῦτον
3436 4670 3677 4727 κελεύειν
3708 4672 3755 4707 ⁸⁸

2103 4762 2164 4816 οὐ
2196 4762 2554 4836 προσέρχεται
2586 4762 2653 4831 τῇ
2687 4762 2861 4834 ψυχῇ
2893 4763 2972 4829 τῷ
3005 4760 3189 4831 μέντοι
3227 4761 3364 4836 πρὸς
3413 4760 3540 4815 Θεὸν
3593 4754 3752 4838 φόϐῳ

2099 4850 2167 4904 τά
2222 4850 2552 4926 ἀγαπώντων
2611 4852 2785 4901 ποιεῖν
2847 4843 3089 4920 δύναται,
3120 4849 3211 4904 καὶ
3269 4849 3365 4913 εἶθ’
3396 4848 3571 4912 οὕτως
3624 4847 3756 4924 πρέ-

1698 5107 1941 5165 VARI/E
1978 5109 2387 5166 LECTIONES.

407 5251 452 5321 7‘3
481 5244 745 5321 έμπαγίδι
801 5249 965 5321 (βοά.Δ
988 5248 1124 5315 Reg.
1184 5246 1309 5321 80_li.
1370 5243 1484 5297 Cfr.
1522 5241 1660 5321 “Luc
1705 5243 1976 5321 xnkﬁ,
2050 5244 2094 5321 7f
2131 5244 2284 5321 Fort.
2311 5240 2651 5321 addendum
2683 5238 2889 5321 etpost
2926 5240 3055 5321 οῖον.
3091 5242 3195 5298 cfr.
3228 5241 3389 5321 hom,
3421 5258 3536 5321 xyi,
3693 5240 3752 5297 S.

336 5323 382 5358 ’⁸⁸
412 5308 555 5375 ἐλεεῖ
582 5308 684 5394 U.'_
724 5322 767 5355 73
798 5308 1209 5394 προαδικεῖσθαι
1238 5317 1303 5375 D,
1337 5308 1872 5394 προσαδικεῖσθαιζξ,
1897 5319 1961 5383 Ο,
1995 5313 2128 5394 πρὸς
2158 5311 2452 5394 ἀδικεῖσθαι
2486 5312 2631 5394 alter
2656 5308 2896 5394 cod-.I‘Ci.
2960 5314 3017 5367 in
3078 5330 3192 5385 quo
3252 5308 3529 5368 subinde?
3560 5310 3755 5386 ἀνέχευ

335 5414 446 5460 ται,
484 5399 545 5447 ut.
602 5392 729 5447 exh.
789 5385 850 5446 Οξ
925 5393 970 5425 ⁷⁸
1028 5385 1388 5464 ὀργιζόμενος
1420 5385 1599 5464 ,ποθεξ
1652 5386 1973 5464 {Od-.388:

343 5467 468 5521 804.
545 5465 587 5497 7"
644 5464 709 5515 τα
764 5463 982 5517 inserui
1034 5480 1083 5517 c.
1145 5464 1207 5515 Ο.

1286 5460 1327 5491 7⁸
1382 5456 1515 5527 αὕτη
1568 5458 1622 5514 S.
1664 5456 1735 5527 Ο,Δ
1763 5454 1895 5525 αὐτη
1924 5454 1992 5521 C,
2026 5458 2159 5527 αὐτή
2194 5458 2274 5512 Cl.

2062 5389 2149 5459 04.
2227 5388 2271 5459 ’ίδ
2305 5383 2763 5459 ἀχαριστοῦμενος
2795 5384 2858 5459 0,.
2936 5385 2980 5459 7f
3014 5383 3417 5459 ἀμαρτᾴνοντας
3451 5384 3578 5439 cod.
3613 5383 3753 5459 Reg:

2355 5446 2399 5492 ᾖ
2418 5440 2505 5525 1τῷ
2539 5459 2582 5510 0
2695 5462 2767 5526 υ.-
2796 5458 2903 5507 τῶν
2934 5454 2998 5510 Ο.
3052 5440 3332 5526 Ἶλοόῗεμαι
3363 5440 3427 5512 Ο..
3504 5458 3564 5526 ⁸¹ᾲ
3591 5440 3756 5526 οὗνῗ)

3553 5524 3570 5554 1

346 5545 402 5593 et
459 5554 525 5591 ex
582 5537 823 5607 conject.
858 5541 913 5590 υ.
950 5536 1005 5607 in
1036 5535 1179 5607 icuj.
1223 5521 1518 5607 Διωιιυιούζ
1593 5521 1979 5607 ξῆΚλάμηρ.
2056 5532 2101 5607 f3
2131 5521 2557 5607 πρόσκαιρον-Ο.
2634 5528 2679 5562 ⁸⁸
2712 5521 2914 5598 Κλήμη
2947 5527 2990 5582 0
3022 5521 3377 5585 constanter.
3454 5527 3500 5562 ⁸⁸
3550 5524 3636 5579 ἐπὶ
3696 5524 3757 5580 τὸ

345 5610 564 5664 τοιοῦτο
593 5599 902 5660 κελὲὕσαντι
936 5606 995 5662 C.
1030 5599 1180 5661 Tum
1211 5603 1246 5670 ἡ
1280 5600 1431 5673 ψυχή
1468 5618 1524 5673 Ρ.
1554 5601 1623 5671 τῇ
1655 5599 1807 5672 ψυχῇ
1840 5599 1952 5671 legi
1982 5600 2108 5661 vult
2136 5599 2195 5657 Si.
