4086 6216
413 430 527 491 331

1236 426 1301 487 S.
1348 423 1787 487 CLEMENTIS
1830 425 1855 484 Ι
1902 421 2091 484 ROM.
2139 421 2371 482 PONT.
2418 422 2679 483 OPERA
2721 421 2986 484 DUBIA.

3693 425 3807 485 332

411 560 598 626 nium,
631 575 912 615 verumne
942 562 1030 614 est
1059 557 1269 625 hoc,an
1287 561 1376 614 est
1404 558 1697 614 somnium
1729 557 1757 612 ?
1786 557 1936 611 Tum
1958 555 2049 610 Pe-

2167 551 2307 621 ’Λρά
2362 573 2443 627 γε,
2505 551 2745 607 Δέσποτα
2799 552 2887 607 καὶ
2947 552 3107 629 Κύριε
3162 556 3269 607 τῶν
3325 552 3604 624 ἁπάντων,
3651 557 3805 610 τοῦτο

410 652 540 702 trus
571 646 654 702 ait
687 663 700 702 :
732 646 855 703 Nisi
888 646 1216 714 dorminus,
1247 663 1447 702 verum
1480 651 1587 702 est.
1619 648 1689 701 At
1737 645 1819 700 illi
1847 643 2059 718 paulu-

417 735 544 791 lum
576 737 847 791 remorati
881 741 936 791 et
958 735 1331 808 cogitabundi
1354 735 1625 790 dixerunt
1656 752 1669 790 :
1704 734 1819 790 Nos
1852 750 2058 789 sumus

411 824 749 891 Faustinus,
783 830 839 880 et
873 824 1307 891 Faustinianus,
1340 828 1397 879 et
1429 826 1500 879 ab
1531 824 1716 887 initio,
1754 838 1888 878 cum
1927 838 2058 877 nar-

412 928 541 969 rare
564 913 811 985 ccspisti,
844 912 990 969 alter
1018 912 1263 968 alterum
1306 912 1704 984 inspicientes,
1738 911 2059 983 plurimum

416 1000 574 1057 circa
607 1019 711 1057 nos
742 1002 1430 1069 considerabamus,num
1462 1003 1533 1056 ad
1566 1018 1671 1056 nos
1703 1000 2062 1072 pertinerent

415 1106 543 1162 quzs
576 1090 944 1159 dicebantur,
980 1094 1321 1163 reputantes
1352 1089 1537 1145 multa
1566 1088 1783 1145 similia
1799 1088 2059 1145 accidere

413 1179 475 1234 in
504 1179 625 1234 vita
655 1180 987 1250 hominum,
1018 1180 1322 1249 quorcirca
1352 1178 1810 1245 tacuimus,licet
1839 1195 1937 1233 cor
1957 1194 2059 1233 no-

414 1272 603 1324 strum
636 1268 964 1341 palpitaret.
1010 1268 1209 1323 Intuiti
1244 1272 1439 1324 autem
1480 1268 1541 1322 in
1594 1270 1709 1322 ﬁne
1748 1266 2056 1334 sermonis,

415 1357 569 1412 dicta
599 1358 888 1429 pertinere
918 1357 991 1412 ad
1023 1374 1149 1427 nos,
1183 1361 1325 1412 tunc
1356 1374 1465 1412 nos
1508 1356 1955 1413 declaravimus.
1988 1356 2059 1411 Et

413 1450 724 1516 postquam
756 1444 866 1501 hoc
895 1444 1198 1515 dixissent,
1252 1444 1641 1514 lacrymantes
1690 1445 1762 1499 ad
1809 1449 2056 1500 matrem

415 1534 783 1603 accedebant,
835 1549 1083 1605 eamque
1135 1534 1522 1589 dormientem
1591 1533 1746 1588 nacti
1791 1534 2057 1605 protinus

415 1623 720 1694 complecti
747 1622 1038 1678 volebant.
1070 1623 1275 1677 Petrus
1305 1638 1439 1678 vero
1470 1622 1787 1694 prohibuit,
1816 1623 2054 1677 dicens:

414 1712 595 1767 Sinite
626 1729 739 1783 me,
771 1711 1058 1766 adducam
1081 1728 1181 1766 vos
1205 1716 1262 1765 et
1282 1710 1564 1766 exhibebo
1592 1709 1786 1775 matri,
1818 1728 1890 1767 ne
1913 1712 2059 1766 forte

416 1801 600 1857 multo
631 1807 687 1856 et
713 1800 909 1855 subito
936 1800 1147 1870 gaudio
1178 1799 1238 1855 in
1268 1800 1449 1855 animi
1482 1804 1782 1871 stuporem
1814 1798 2055 1868 incidat,

2169 639 2371 711 ἀληθὲς
2412 644 2447 711 ἤ
2507 637 2715 717 ὄνειρός
2772 644 2815 679 9°
2863 642 3001 697 ἐστιν
3036 660 3049 712 ;
3081 642 3177 696 Καὶ
3232 643 3260 697 ὁ
3318 643 3520 718 Πέτρος
3570 639 3703 720 ἔφη·
3751 644 3805 698 Εἰ

2176 731 2252 802 μὴ
2313 731 2636 803 κοιμώμεθα
2692 733 2755 798 ⁰⁹,
2816 729 3019 801 ἀληθὲς
3074 730 3349 806 τυγχάνει.
3396 731 3458 784 Οἱ
3506 728 3585 801 δὲ,
3641 732 3800 808 βραχῦ

2176 822 2447 891 μείναντες
2495 818 2583 873 καὶ
2630 818 2809 873 σύννοι
2873 822 2939 857 ί⁰⁰
2994 814 3300 894 γενόμενοι,
3360 814 3574 898 ἕφασαψ
3634 822 3799 893 Ἡμεῖς

2173 908 2332 981 ἐσμεν
2380 914 2680 970 Φαυστῖνος
2709 908 2799 963 καὶ
2850 909 3257 979 Φαυστινιανὸς,
3302 908 3392 963 καὶ
3438 909 3690 985 ἀπάρχῆς
3720 913 3802 966 σου

2172 995 2564 1074 διαλεγομένου
2604 1000 2878 1071 ἀλληλοις
2930 996 3296 1074 ἐμϐλέποντες
3335 998 3522 1056 πολλὰ
3552 999 3674 1076 περί
3703 1001 3807 1056 ἑαυ-

2168 1091 2273 1141 τῶν
2318 1090 2869 1163 κατεστοχαζόμεθα,
2921 1089 2991 1159 λὴ
3044 1090 3148 1167 ἄρα
3199 1088 3306 1165 οὐχ
3350 1092 3485 1162 ἡμῖν
3543 1087 3806 1166 διαφέρῃί

2167 1175 2234 1230 τά
2265 1175 2552 1250 λεγόμενα,
2588 1176 2933 1254 λογιζόμενοι
2964 1178 3046 1233 ὅτι
3077 1177 3264 1234 πολλά
3294 1178 3575 1254 παρόμοια
3613 1178 3807 1253 γίνεται

2170 1263 2221 1319 ἐν
2254 1268 2332 1336 τῷ
2364 1264 2488 1339 βίῳ·
2538 1263 2622 1321 διὸ
2671 1266 2992 1340 ἐσιωπῶμεν
3038 1266 3382 1340 παλλόμενοι
3428 1266 3524 1328 τὰς
3568 1265 3806 1341 καρδίας.

2168 1353 2310 1428 Πρὸς
2343 1350 2401 1408 δὲ
2428 1354 2491 1408 τὸ
2528 1353 2684 1417 τέλος
2733 1360 2830 1410 τοῦ
2879 1353 3177 1431 λεγομένου
3217 1350 3624 1430 ἀποϐλέψαντες
3657 1357 3700 1425 ³,
3734 1354 3808 1410 ὅτι

2167 1444 2302 1515 ἡμῖν
2336 1439 2573 1520 διαφέρει
2599 1443 2665 1498 τὰ
2708 1441 3001 1519 λεγόμενα,
3039 1444 3163 1499 τότε
3210 1444 3431 1506 ἑαυτοὺς
3464 1446 3617 1503 288
3667 1444 3811 1516 ὦμε-

2168 1527 2523 1604 λογήσαμεν.
2584 1532 2682 1586 Καὶ
2747 1534 2895 1587 τοῦτ’
2943 1535 2965 1569 ³
3007 1532 3248 1596 εἰπόντες
3310 1534 3444 1606 μετὰ
3519 1530 3765 1605 δακρύων
3798 1578 3813 1605 ,

2167 1618 2489 1688 ἐπεισῆλθον
2534 1625 2602 1695 τῇ
2658 1622 2839 1697 μητρὶ,
2872 1620 2963 1676 καί
3011 1622 3366 1696 κοιμωμένην
3414 1622 3655 1699 εὑρόντες
3706 1620 3812 1693 ἤδη

2165 1707 2583 1785 περιπλέκεσθαι
2636 1713 2659 1746 ⁸
2712 1706 3027 1769 ἐϐούλοντο.
3086 1713 3144 1766 Ὀ
3202 1708 3259 1766 δὲ
3318 1710 3519 1787 Πέτρος
3577 1703 3813 1767 ἐκώλυεν

2167 1796 2361 1860 αὐτοὺς
2421 1797 2609 1856 εἰπών.
2644 1799 2863 1854 Ἐάσατέ
2915 1820 3015 1873 με,
3075 1801 3399 1877 προσαγάγω
3460 1801 3598 1874 ὑμᾶς
3646 1820 3819 1873 παρα-

417 1895 617 1962 utpote
650 1906 776 1961 quae
807 1888 984 1945 etiam
1018 1887 1689 1960 dormiat,spiritumque
1719 1905 1927 1946 somno
1959 1887 2049 1943 ha-

2168 1889 2355 1955 στῆσαι
2383 1891 2451 1961 τῇ
2493 1889 2681 1964 μητρὶ,
2719 1891 2792 1961 μή
2824 1910 2942 1951 πως
2995 1889 3097 1944 ὑπὸ
3133 1896 3233 1959 τῆς
3282 1886 3502 1959 πολλῆς
3543 1887 3816 1967 αἰφνιδίου

414 1980 549 2035 beat
578 1982 949 2050 occupatum.

484 2158 578 2213 IV.
613 2155 796 2229 Igitur
825 2156 923 2211 ubi
951 2172 1224 2212 somnum
1256 2156 1326 2212 ad
1350 2156 1677 2212 satietatem
1708 2158 1860 2229 cepit
1877 2176 1943 2215 ac
1966 2176 2035 2214 ex

414 2252 677 2319 perrecta
707 2250 795 2302 est
822 2250 1029 2312 mater,
1066 2245 1288 2312 Petrus,
1322 2246 1591 2301 adductis
1641 2246 1777 2311 illis,
1813 2250 1985 2320 ccspit
2004 2249 2055 2303 ei

415 2337 487 2391 de
521 2335 613 2391 Dei
646 2335 808 2391 cultu
837 2335 1123 2391 disserere
1154 2334 1316 2407 prius
1347 2335 1547 2390 dicens
1582 2352 1594 2389 :
1630 2336 1789 2391 Scire
1820 2341 1876 2392 te
1906 2336 2053 2408 volo,

416 2424 645 2492 mulier,
680 2424 979 2497 religionis
1010 2428 1220 2479 nostrae
1251 2423 1703 2480 observantiam.
1735 2425 1850 2480 Nos
1870 2443 2053 2482 unum

420 2513 668 2569 colimus
699 2513 906 2579 Deum,
938 2513 1038 2584 qui
1088 2513 1222 2567 fecit
1268 2529 1441 2582 quem
1481 2513 1671 2569 cernis
1720 2515 2051 2573 mundum:

418 2602 578 2658 illius
609 2607 667 2659 et
696 2601 883 2675 legem
914 2618 1240 2671 servamus,
1272 2618 1401 2672 quas
1433 2602 1491 2656 in
1536 2602 1742 2674 primis
1772 2604 2053 2669 continet,

415 2692 611 2763 ipsum
640 2690 830 2746 solum
844 2690 1149 2747 colendum
1168 2706 1316 2757 esse,
1341 2690 1824 2747 sanctiﬁcandum
1844 2710 2053 2750 nomen

414 2783 561 2851 ejus,
585 2785 854 2853 parentes
876 2778 1581 2847 honorandos,colendam
1604 2783 2052 2853 temperantiam

412 2875 468 2926 et
498 2870 589 2941 pie
618 2869 1041 2925 vivendum.Ad
1073 2868 1194 2923 haec
1227 2885 1341 2924 non
1368 2868 1619 2924 vivimus
1658 2869 2054 2927 indifferenter

413 2975 517 3015 nec
538 2976 568 3014 e
589 2958 896 3031 gentilium
921 2974 1124 3014 mensa
1154 2957 1349 3013 cibum
1380 2958 1889 3031 sumimus,neque
1919 2977 2052 3017 cum

410 3048 483 3104 iis
500 3064 819 3120 possumus
832 3047 1316 3119 comedere,quod
1334 3047 1625 3117 impuram
1637 3047 1817 3103 vitam
1844 3055 2049 3121 agunt.

409 3138 620 3194 Verum
652 3152 784 3191 cum
817 3136 902 3191 eis
928 3136 1394 3207 persuaserimus
1427 3135 1642 3190 sentire
1671 3153 1737 3191 ac
1770 3137 1955 3193 facere
1984 3156 2053 3195 ea

410 3242 537 3298 qua:
568 3226 640 3280 ad
671 3225 974 3279 veritatem
1006 3227 1293 3296 spectant,
1325 3227 1381 3278 et
1431 3222 1919 3295 baptizaverimus
1950 3243 2049 3282 eos

2165 1982 2338 2051 χαρᾶς
2373 1975 2448 2039 εἷς
2501 1974 2742 2032 ἔκστασιν
2794 1975 2945 2042 ἔλθοι
2988 1982 3217 2056 φρενῶν,
3250 1979 3340 2033 ἅτε
3387 1976 3455 2047 δὴ
3486 1976 3809 2051 κοιμωμένη

2164 2064 2252 2119 καὶ
2282 2064 2344 2119 τὸ
2374 2069 2583 2139 πνεῦμα
2614 2066 2716 2121 ὑπὸ
2740 2071 2837 2121 τοῦ
2875 2064 3043 2121 ὕπνου
3092 2064 3561 2142 ἀπησχολημένον
3590 2063 3809 2142 ἕγουσα.

2237 2154 2330 2209 IV.
2362 2156 2550 2227 Ὅμως
2593 2154 2707 2210 ἐπεὶ
2759 2154 2921 2231 κόρον
2969 2154 3123 2231 ἔσχεν
3164 2155 3355 2227 ὕπνου,
3389 2152 3716 2231 διεγερθείσῃ

2169 2244 2335 2319 μητρῖ
2386 2244 2414 2297 ὁ
2476 2244 2676 2318 Πέτρος
2726 2240 2926 2320 ἤρξατο
2984 2245 3106 2321 περὶ
3162 2251 3264 2313 τῆς
3313 2239 3615 2306 θεοσεϐείας
3671 2244 3805 2318 αὐτῇ

2166 2327 2507 2406 διαλέγεσθαι
2556 2331 2816 2408 πρότερον
2874 2331 3045 2408 λέγων
3093 2335 3132 2369 ⁸’
3184 2334 3473 2388 Γινώσκειν
3523 2353 3582 2387 σε
3623 2332 3805 2407 θέλω,

2164 2418 2341 2495 γύναι,
2372 2427 2471 2489 τῆς
2503 2419 2772 2496 ἡμετέρας
2822 2420 3105 2496 θρησκείας
3135 2422 3233 2489 τήν
3281 2419 3584 2478 πολιτείαν.
3619 2422 3808 2494 Ἡμεῖς

2163 2505 2254 2563 ἕνα
2301 2509 2429 2563 Θεὸν
2479 2504 2733 2581 σέϐομεν,
2780 2510 2871 2565 τὸν
2922 2509 3262 2580 πεποιηκότα
3310 2511 3367 2566 ὃν
3413 2510 3542 2587 ὀρᾷς
3582 2511 3803 2585 κόσμον.

2165 2598 2254 2652 καὶ
2304 2596 2500 2653 τούτου
2557 2596 2901 2676 φυλάσσομεν
2960 2600 3051 2654 τὸν
3105 2599 3275 2671 νόμον
3306 2646 3321 2669 ,
3380 2600 3705 2675 περίέχοντα
3759 2599 3809 2655 ἐν

2163 2688 2424 2761 πρώτοις,
2474 2686 2633 2741 αὐτὸν
2681 2682 2854 2742 σέϐειν
2906 2688 3066 2760 μόνον
3115 2689 3203 2743 καὶ
3252 2688 3313 2743 τὸ
3361 2686 3525 2743 αὐτοῦ
3574 2691 3815 2765 άγιάζειν

2164 2771 2364 2849 ὄνομα,
2412 2781 2572 2849 τιμᾷν
2604 2797 2663 2831 τε
2691 2783 2886 2852 γονεῖς,
2921 2778 3012 2832 καὶ
3060 2783 3379 2856 σωφρονεῖν,
3433 2778 3583 2853 βιοῦν
3628 2799 3691 2833 τε
3736 2798 3825 2833 σε·

2168 2870 2312 2937 μνῶς
2358 2867 2400 2922 δ.
2455 2866 2596 2940 Πρὸς
2644 2864 2859 2928 τούτοις
2904 2863 2961 2921 δὲ
3008 2864 3317 2945 ἀδιαφόρως
3367 2870 3386 2903 ’³
3438 2867 3511 2938 μὴ
3567 2867 3820 2942 βιοῦντες

2160 2955 2433 3029 τραπέζης
2483 2953 2642 3008 ἐθνῶν
2694 2954 2793 3009 οὐκ
2835 2954 3207 3028 ἀπολαύομεν,
3258 2956 3350 3010 ἅτε
3398 2953 3463 3025 δὴ
3515 2952 3641 3011 οὐδὲ
3692 2977 3821 3010 συν-

2162 3049 2431 3107 εστιᾶσθαι
2465 3042 2647 3104 αὐτοῖς
2677 3040 2986 3117 δυνάμενοι,
3020 3042 3109 3099 διὰ
3136 3044 3200 3099 τὸ
3248 3044 3564 3120 ἀκαθάρτως
3612 3043 3817 3108 αὐτοὺς

2166 3134 2339 3208 βιοῦν.
2389 3130 2541 3202 Πλὴν
2598 3127 2795 3187 ὁπόταν
2849 3133 3045 3195 αὐτοὺς
3101 3132 3375 3206 πείσωμεν
3422 3134 3490 3188 τά
3536 3136 3633 3203 τῆς
3665 3134 3817 3203 ἀλη-

2160 3221 2301 3284 θείας
2361 3226 2577 3298 φρονεῖν
2633 3242 2693 3276 τε
2757 3224 2846 3276 καὶ
2918 3227 3134 3294 ποιεῖν,
3210 3222 3556 3297 βαπτίσαντες
3611 3222 3815 3285 αὐτοὺς

409 3315 468 3370 in
500 3320 587 3369 ter
615 3314 786 3369 beata
816 3314 1068 3384 quadam
1090 3311 1344 3367 nominis
1377 3312 1904 3378 invocatione,tunc
1930 3332 2047 3372 una

2165 3311 2521 3387 τρισμακαρίᾳ
2566 3311 2670 3365 τινὶ
2720 3311 3088 3385 ἐπονομασίᾳ,
3135 3311 3259 3366 τότε
3310 3311 3494 3374 αὐτοῖς
3560 3309 3817 3367 συναυλι-

410 3418 542 3458 cum
574 3403 657 3457 eis
688 3400 996 3457 vescimur.
1029 3399 1298 3471 Alioquin
1326 3401 1500 3455 etiam
1546 3401 1592 3455 si
1628 3407 1790 3472 pater
1821 3404 1918 3469 sit,
1950 3407 2052 3459 aut

408 3507 569 3558 uxor,
605 3496 706 3546 aut
737 3473 947 3562 proles,
980 3495 1081 3544 aut
1111 3489 1300 3555 frater,
1335 3492 1435 3543 aut
1465 3489 1655 3559 quivis
1696 3490 1846 3545 alius
1879 3496 2047 3547 natu-

405 3579 511 3636 rali
543 3596 741 3635 amore
766 3579 1302 3649 charus,nusquam
1326 3577 1611 3632 audemus
1638 3594 1704 3633 ac
1728 3596 2047 3651 possumus

403 3686 539 3725 cum
591 3670 719 3741 ipso
766 3668 961 3724 cibum
1016 3683 1269 3722 sumere.
1326 3666 1441 3721 Hoc
1480 3667 1695 3738 quippe
1747 3668 2046 3741 religionis

402 3774 582 3815 causa
609 3758 895 3830 praecipue
924 3756 1192 3812 facimus.
1224 3755 1305 3811 Ne
1351 3770 1487 3827 ergo
1537 3756 1639 3810 tibi
1688 3756 2042 3827 injuriosum

396 3848 684 3917 videatur,
717 3848 766 3903 si
795 3852 988 3902 tecum
1018 3844 1178 3899 ﬁlius
1208 3843 1404 3899 cibum
1438 3860 1551 3899 non
1610 3845 1819 3916 capiat,
1858 3863 2042 3919 usque

399 3953 515 4009 quo
548 3953 662 3992 non
694 3936 895 3992 eadem
929 3951 1062 3989 cum
1096 3931 1194 3988 illo
1228 3933 1447 3989 sentias
1477 3937 1534 3987 et
1565 3949 1722 4005 agas.

468 4026 536 4080 V.
571 4025 792 4090 Quibus
823 4023 925 4079 illa
952 4021 1169 4078 auditis
1203 4040 1216 4077 :
1250 4022 1318 4076 Et
1350 4021 1729 4093 quid,inquit,
1762 4027 1913 4079 vetat
1934 4023 2040 4080 ho-

400 4114 493 4169 die
523 4130 617 4168 me
646 4111 930 4185 baptizari
961 4111 989 4165 ?
1020 4128 1144 4181 qua:
1164 4109 1325 4181 prius
1349 4126 1525 4180 quam
1548 4114 1603 4163 te
1620 4109 2038 4183 viderem,illos

399 4219 546 4276 quos
574 4206 781 4258 vocant
809 4202 947 4256 deos
978 4204 1239 4255 aversata
1269 4198 1512 4269 sim,per
1543 4197 1694 4253 hanc
1725 4200 2037 4257 ratiocina-

394 4294 637 4360 tionem,
670 4290 768 4363 qui
804 4288 948 4344 mihi
980 4286 1166 4343 multa
1194 4286 1312 4342 fere
1339 4287 1598 4357 quotidie
1644 4286 1790 4359 ipsis
1822 4288 2037 4346 immo-

393 4382 537 4438 lanti
562 4382 620 4436 in
653 4378 914 4435 adversis
944 4378 1120 4433 rebus
1159 4392 1271 4431 non
1327 4375 1659 4432 adfuerunt.
1695 4377 1776 4433 De
1805 4378 2034 4436 adulte-

393 4471 479 4527 rio
511 4477 705 4525 autem
737 4467 856 4540 qud
886 4465 1079 4521 verbis
1108 4481 1255 4537 opus
1273 4469 1361 4519 est
1381 4463 1409 4519 ‘I
1438 4480 1569 4519 cum
1594 4481 1784 4537 neque
1806 4469 2036 4536 quando

391 4560 552 4616 dives
584 4574 764 4626 eram,
794 4556 1011 4613 deliciae
1060 4570 1153 4610 me
1182 4554 1241 4608 in
1285 4553 1394 4609 hoc
1442 4555 1794 4626 deceperint,
1845 4572 2032 4628 neque

385 4755 520 4811 gere
552 4738 705 4810 quod
736 4733 1077 4807 pudicitiam
1102 4747 1290 4787 meam
1326 4730 1483 4786 velut
1512 4730 1830 4787 maximum
1853 4733 2031 4790 dccus

385 4823 870 4899 capesserem,cuj
881 4839 947 4878 us
964 4820 1153 4895 gratia
1181 4821 1238 4875 in
1270 4824 1493 4875 tantam
1522 4818 1917 4876 calamitatem
1941 4823 2033 4879 de-

2163 3399 2365 3472 ζόμεθα
2411 3403 2452 3456 ⁸.
2504 3400 2652 3455 Ἐπεὶ
2703 3398 2816 3455 οὐδ’
2868 3400 2925 3454 ἂν
2955 3404 2977 3437 ⁹
3023 3401 3204 3476 πατὴρ
3250 3402 3519 3475 τυγχάνῃ,
3562 3401 3598 3469 ἢ
3647 3401 3811 3475 γυνὴ,

2157 3486 2193 3557 ἤ
2224 3489 2398 3560 τέκον,
2429 3486 2464 3558 ἤ
2497 3486 2750 3567 ἀδελφὸς,
2784 3486 2820 3558 ἤ
2854 3487 3027 3551 ἄλλος
3076 3510 3158 3551 τις
3210 3488 3267 3543 έκ
3314 3488 3524 3566 φύσεως
3574 3490 3813 3565 στοργήν

2159 3575 2325 3653 ἔχων,
2386 3580 2748 3632 συνεστιᾶσθαι
2818 3577 2965 3649 αὐτῷ
3022 3577 3233 3651 τολμᾷν
3292 3575 3600 3651 δυνάμεθα.
3663 3584 3816 3654 Θρη-

2156 3666 2306 3737 σκείᾳ
2338 3668 2492 3723 284
2540 3667 2640 3742 γάρ
2690 3664 3053 3744 διαφερόντως
3088 3670 3132 3704 ¹⁰
3178 3670 3339 3721 τοῦτο
3388 3670 3678 3739 ποιοῦμεν.
3724 3667 3816 3737 Μὴ

2154 3752 2244 3808 οὖν
2300 3749 2452 3830 ὕϐριν
2502 3757 2681 3831 ἡγήσῃ
2722 3756 2785 3809 τὸ
2847 3755 2923 3828 μή
2972 3756 3341 3811 συνεστιᾶσθαι
3392 3777 3477 3810 σοι
3528 3756 3618 3810 τὸν
3667 3756 3815 3828 υἱὸν,

2156 3843 2353 3919 μέχρις
2384 3841 2442 3899 ἂν
2479 3845 2554 3917 μὴ
2586 3844 2653 3898 τὰ
2682 3843 2816 3899 αὐτὰ
2847 3842 2992 3917 αὐτῷ
3022 3843 3228 3923 φρονῇς
3263 3849 3304 3883 ¹¹
3336 3844 3426 3899 καὶ
3467 3843 3661 3920 ποιῇς.

2219 4023 2285 4077 ν.
2318 4027 2377 4075 ἹΙ
2430 4018 2487 4075 δὲ
2534 4020 2804 4077 ἀκούσασα
2856 4017 2979 4100 ἔφη·
3027 4022 3089 4076 Τί
3138 4022 3230 4078 οὗν
3289 4022 3493 4079 κωλύει
3550 4024 3803 4100 σήμερόν

2151 4133 2218 4185 με
2246 4114 2291 4149 ¹²
2327 4112 2683 4187 βαπτισθῆναι
2713 4128 2727 4180 ;
2759 4108 2881 4179 ἥτις
2912 4112 3017 4185 πρὸ
3044 4116 3141 4166 τοῦ
3192 4133 3249 4167 σε
3299 4110 3429 4167 ἰδεῖν
3478 4111 3605 4174 τοὺς
3639 4111 3811 4189 λεγο-

2150 4200 2344 4273 μένους
2373 4198 2526 4263 θεοὺς
2558 4198 2921 4275 ἀπεστράφην,
2956 4198 3211 4275 λογισμῷ
3250 4201 3451 4273 τούτῳ,
3483 4200 3564 4256 ὅτι
3608 4201 3812 4257 πολλὰ

2147 4286 2340 4364 σχεδὸν
2373 4290 2490 4351 καθ’
2538 4286 2746 4362 ἡμέραν
2797 4290 2841 4324 ¹³
2889 4287 3087 4363 θυούσῃ
3139 4288 3322 4352 αὐτοῖς
3373 4289 3424 4344 έν
3472 4295 3593 4351 ταῖς
3632 4290 3811 4365 ἀνάγ-

2144 4398 2263 4439 καις
2312 4377 2373 4432 ού
2415 4373 2820 4452 παρεστάθησάν
2875 4398 2992 4449 μοι.
3043 4378 3172 4452 Περὶ
3227 4375 3284 4433 δὲ
3336 4377 3588 4453 μοιχείας
3634 4379 3696 4433 τί
3728 4376 3814 4434 δεῖ

2144 4466 2233 4522 καὶ
2264 4464 2439 4542 λέγειν
2464 4492 2479 4536 ς
2507 4465 2667 4520 ὁπότε
2692 4462 2805 4521 οὐδ’
2837 4464 2926 4523 ὅτε
2950 4465 3448 4545 έπλούτουν,τρυφή
3480 4488 3545 4540 με
3563 4472 3738 4523 τοῦτο
3764 4472 3808 4507 ίδ

2143 4556 2418 4626 ἠπάτησεν
2456 4597 2470 4621 ,

388 4650 702 4706 subsecuta
734 4650 1046 4720 paupertas
1080 4642 1329 4715 potuerit
1358 4642 1429 4697 ad
1462 4658 1527 4697 eo
1561 4643 1907 4699 veniendum
1939 4662 2032 4702 co-

2165 4644 2315 4700 ,λθεῖν
2375 4642 2661 4719 ἀναγκάσαι
2720 4640 3021 4715 δεδύνηται,
3080 4643 3536 4718 ἀντιποιουμένην
3571 4647 3638 4714 1⁸,

2531 4551 2647 4609 οὐδ’
2701 4557 2735 4624 ἡ
2797 4556 2932 4628 μετὰ
3004 4553 3204 4625 ταύτην
3263 4555 3419 4610 πενία
3488 4554 3574 4610 ἐπὶ
3633 4563 3809 4613 τοῦτο

3697 4668 3810 4719 μου

2138 4740 2239 4803 τῆς
2272 4732 2627 4811 σωφροσύνης
2683 4732 2757 4794 ὡς
2815 4732 3067 4809 μεγίστου
3122 4732 3365 4796 κάλλους
3418 4736 3482 4803 1⁸,
3536 4735 3601 4801 ἧς
3640 4732 3811 4791 ’ἑνεκα

2142 4821 2219 4885 εἰς
2244 4822 2513 4891 τοσαύτην
2565 4819 2739 4890 ἦλθον
2790 4821 3120 4895 περίστασιν.
3172 4821 3327 4880 Ἀλλ’
3356 4819 3472 4877 οὐδ’
3504 4822 3669 4895 οἶμαί
3721 4846 3810 4892 σε,

1745 4938 1986 4996 VARUE
2024 4940 2436 4998 LECTIONES.

454 5043 499 5078 95
520 5034 725 5116 ὄνειρον
760 5042 824 5097 Ο.
865 5042 909 5077 θθ
949 5044 1032 5116 lia
1182 5040 1349 5116 Epit”

1412 5036 1709 5120 parva-pse;
1748 5040 1958 5120 (insani
2010 5043 2268 5120 sumus),
2303 5042 2520 5120 R_uﬁ_n.A
2551 5043 2778 5109 Recogn.
2820 5041 3160 5120 v31,‘28.__1°°
3200 5042 3285 5097 Ita
3332 5042 3427 5120 _S_.,_
3461 5036 3801 5120 gnivyoes

384 5112 449 5181 Ο,
484 5111 659 5184 quam
695 5116 939 5185 formam
973 5111 1579 5185 ille_librariisrdeberi
1615 5115 1827 5185 putat:
1862 5128 1989 5167 esse
2018 5111 2392 5185 enimsatatis
2423 5113 2657 5179 infimae,
2691 5112 2988 5185 quae_Lob.
3020 5112 3297 5185 Phryn.p.
3327 5114 3432 5168 453
3461 5112 3641 5185 hujus
3667 5111 3806 5185 viAtii

384 5176 646 5259 attulerit
691 5182 971 5259 cntempla.
1007 5178 1292 5259 [διαφέρει
1349 5184 1496 5259 Qlet
1615 5176 1708 5259 'inA
1759 5180 2133 5259 Corrigenda,
2174 5181 2396 5259 διαφέρῃ
2444 5186 2502 5238 in
2550 5176 2797 5259 textui}
2825 5176 3405 5259 ἀποϐέψανξΟξΤυῐη
3455 5176 3651 5259 αύτούς
3708 5182 3807 5259 _C.,

383 5254 590 5329 αὐτούς
616 5260 684 5329 Δ8.
736 5256 757 5290 ³
788 5250 961 5329 ⁸τοίῖτο
1010 5255 1068 5310 C.
1124 5250 1169 5288 ’θ’
1198 5250 1715 5329 περιπλέκεσθαι.λο
1774 5250 2072 5329 mendose.
2110 5250 2137 5291 ’⁸
2166 5250 2388 5329 ,ἤρξατο
2446 5252 2823 5329 προσαγαγῲν-
2860 5250 3037 5327 λέγειν
3096 5255 3137 5311 C
3199 5256 3565 5329 intermediis
3595 5250 3807 5329 emis;

383 5328 484 5383 sis.
519 5328 540 5362 δ
569 5322 747 5395 ἡδέως
779 5325 842 5397 Ο,
876 5342 1053 5397 supra
1083 5320 1314 5397 σεμνῶς,
1349 5342 1437 5397 ap.
1473 5326 1532 5380 Ο.
1586 5320 1785 5392 ἡδέως.
1839 5326 1996 5381 Hanc
2046 5320 2352 5383 lectio-nem
2395 5320 2722 5397 corruptela
2752 5320 3014 5381 laborare
3065 5332 3215 5382 recte
3238 5327 3382 5382 vidit
3412 5328 3470 5382 S.
3514 5326 3610 5397 qui
3649 5342 3771 5397 pro

380 5390 603 5485 ρρειιὶίξ
631 5390 1209 5485 ἀγίωξί⁷ηδιαὶφόρως
1259 5390 1401 5485 cod:
1438 5397 1575 5485 Reg.
1611 5390 1751 5485 i894.
1786 5398 1806 5432 ⁸
1847 5397 2019 5485 Ιὲᾶ
2068 5415 2117 5454 c.
2173 5401 2336 5485 Epit,
2388 5390 2780 5485 ἱυναλίζόμεθα
2826 5397 2885 5453 C.
2930 5398 2969 5485 Σ
3010 5402 3094 5485 liii
3133 5403 3187 5485 ρ
3231 5415 3277 5485 c,
3308 5399 3435 5454 cod.
3485 5390 3620 5468 Rbg.

3685 5356 3810 5453 ἕόὶ

379 5464 435 5525 et
464 5464 957 5545 AEpzjtqjoiiaagod
1101 5464 1323 5545 Deinde
1369 5464 1609 5545 τυγχάνῃ
1666 5472 1711 5523 Ο
1759 5486 1806 5545 c_,
1864 5468 2029 5545 Epit,
2072 5464 2338 5545 ravidivel
2397 5474 2470 5545 C.‘
2506 5464 2691 5545 τέκνον
2751 5485 2867 5545 qm:
2927 5468 2991 5523 Ο.
3036 5470 3080 5505 ¹⁰
3128 5464 3470 5545 διαφέροντες
3531 5464 3694 5545 conj.
3734 5468 3803 5545 ΒΓ

378 5544 429 5617 “_
456 5536 769 5617 Scripsi_biv_
799 5536 886 5617 pi
904 5538 971 5593 τά
1000 5536 1134 5617 αὐτὰ
1161 5536 1539 5617 αὐτῷκφρονῇς
1573 5536 1621 5594 c.
1653 5546 1743 5617 _().,
1779 5538 1845 5617 ἂν
1866 5536 1942 5617 τά
1958 5536 2226 5617 αύτῷφρξ
2258 5547 2341 5617 C._,
2374 5540 2701 5617 quideesse
2731 5537 2863 5617 αύτά
2894 5545 3045 5617 recte
3070 5536 3429 5617 suspicatus
3477 5544 3583 5617 est,
3620 5536 3693 5617 ἓν
3726 5538 3808 5617 τὰ

372 5608 622 5689 αὐτά-φρ.
655 5608 989 5689 ξρίιξ-ηῄμε
1019 5608 1430 5689 σήμερονςϐξξη
1456 5608 2420 5689 nonpép_aiv_0._Subindeﬁuoécﬂ.
2452 5614 2619 5689 Epit”
2644 5608 2889 5689 ,θυούσης
3172 5608 3339 5689 αὐτοῦ
3377 5630 3443 5689 Ε.
3490 5608 3686 5689 αὐτοῖς
3720 5610 3799 5669 Ο.

373 5686 418 5718 ιι
441 5678 583 5756 πρὸς
608 5678 769 5758 topic
799 5678 956 5755 Epit.
985 5678 1141 5758 quod
1166 5678 1241 5758 "in
1262 5685 1420 5758 textu
1453 5678 1744 5758 poniLvult
1772 5683 1837 5739 D.
1872 5683 2132 5742 Frustra.
2167 5684 2251 5742 Cf.
2284 5702 2333 5743 e.
2366 5678 2422 5758 g.
2452 5678 2811 5741 X'en.’Anab.
2842 5698 2900 5753 v,
2930 5683 2985 5753 7,
3020 5683 3105 5737 11·
3140 5678 3197 5738 εἷ’
3232 5704 3316 5747 τις
3374 5678 3797 5756 ἐξαπατηθῆναι

366 5753 532 5810 ταυτα
554 5760 611 5810 S.
644 5755 687 5790 ¹⁸
715 5753 1170 5829 ἀντιποιουμένης
1200 5754 1340 5825 Epit.
1377 5754 1420 5793 1°
1449 5753 1621 5809 καλοῦ
1652 5754 1717 5811 Ο.
