4086 6216
562 156 571 173 Α
606 144 609 147 .

51 72 741 329 F.-

176 499 266 557 333

168 626 292 702 κύριέ
321 646 423 699 μου
462 623 651 699 Πέτρε,
684 622 913 699 ἀγνοεῖν,
946 622 1027 679 ὅτι
1082 626 1115 694 ἡ
1166 623 1373 681 πλείων
1425 623 1687 697 ἐπιθυμία
1738 623 1789 695 ἐξ

1905 627 2051 683 veni.
2086 628 2197 683 Sed
2230 645 2333 684 nec
2365 634 2421 683 te
2452 627 2722 699 arbritor,
2750 627 2991 684 domine
3022 627 3103 682 ml
3143 628 3331 693 Petre,
3380 626 3548 699 igno-

160 718 406 787 εόθυμιῶν
442 710 997 788 γίνεται.“Οθεν’ἐγὼ
1032 711 1082 767 ἐν
1116 712 1345 787 εὐθυμία
1374 716 1790 791 σωφρονήσασα,

159 804 201 861 ἐν
259 801 520 876 δυσθυμία
574 802 707 877 πρὸς
759 799 957 871 ἡδονὰς
1010 801 1250 874 ἐμαυτὴν
1296 802 1397 857 οὐκ
1454 799 1789 875 ἀποδίδωμι.

159 892 299 951 Α).λᾶ
348 887 486 965 μηδὲ
542 894 631 943 νῦν
706 910 809 963 μου
874 888 1171 965 κακουχίας
1236 889 1598 966 ἀπηλλάχθαι
1636 889 1793 963 νομί-

162 1002 240 1057 της
270 982 307 1016 ιτ
352 980 450 1047 τὴν
505 979 715 1053 ψυχὴν,
745 979 845 1046 την
899 982 1081 1040 ποσῶς
1128 978 1472 1054 παραμυθίας
1518 984 1790 1054 τυχοῦσαν

165 1068 237 1123 διὰ
278 1070 370 1137 τήν
420 1066 748 1139 Κλήμεντος
800 1065 1107 1143 ἐπίγνωσιν.
1159 1069 1643 1143 Ἀντεισερχομένη
1690 1068 1791 1142 γὰρ

162 1161 190 1227 ἡ
218 1158 269 1212 ἐκ
299 1162 403 1212 τῶν
459 1154 560 1211 δύο
606 1156 809 1210 τέκνων
864 1177 969 1227 μου
1022 1156 1328 1232 βαρυθυμία
1358 1160 1398 1193 ³⁸
1422 1157 1512 1211 καὶ
1540 1158 1639 1225 την
1690 1177 1791 1211 που

162 1252 251 1308 σῶς
277 1246 511 1318 ἀμαυροῖ
540 1242 737 1319 χαράν.
772 1248 945 1297 Λυπεῖ
973 1244 1077 1319 γὰρ
1107 1246 1257 1316 ἡμᾶς
1312 1243 1374 1298 οὐ
1420 1248 1678 1299 τοσοῦτον
1727 1243 1791 1297 τὸ

164 1335 205 1389 ἐν
317 1332 559 1406 θαλάσσῃ
588 1332 815 1393 τούτους
867 1330 1294 1407 παραπολέσθαι,
1329 1331 1451 1387 ὅσον
1500 1332 1565 1387 τὸ
1612 1331 1789 1408 χωρὶς

163 1432 241 1493 τῆς
290 1420 425 1483 θείας
484 1421 564 1483 εἰς
624 1421 751 1476 Θεὸν
814 1415 1081 1483 εὐσεϐείας
1131 1418 1490 1499 διαφθαρῆναι
1549 1420 1683 1493 μετά
1728 1442 1792 1496 γε

164 1517 247 1566 τῶν
272 1514 451 1585 ψυχῶν
486 1509 683 1571 αὐτοῖς
713 1508 801 1564 καὶ
830 1510 899 1564 τὰ
930 1511 1160 1582 σώματα
1188 1512 1252 1567 ¹⁹.
1285 1510 1341 1563 Ὀ
1373 1507 1431 1564 δὲ
1458 1508 1665 1564 τούτων
1692 1530 1792 1564 πα-

174 1601 430 1673 τὴρ,²85
495 1597 637 1673 ἐμὸς
697 1595 755 1652 δὲ
814 1591 1067 1672 σύμϐιος,
1128 1597 1202 1660 ὡς
1261 1597 1407 1675 παρά
1466 1596 1788 1671 Κλήμεντος

175 1688 349 1761 ἔμαθον,
380 1687 466 1743 ἐπί
494 1708 559 1742 τε
592 1688 691 1755 τὴν
726 1685 863 1759 ἐμὴν
892 1687 981 1741 καὶ
1012 1688 1057 1723 ²⁰
1084 1691 1191 1741 τῶν
1234 1687 1365 1742 υἱῶν
1426 1689 1650 1757 ζήτησιν
1702 1686 1787 1742 ἐκ-

176 1775 265 1845 ϐὰς,
306 1778 591 1838 τοσούτοις
632 1774 799 1831 ἔτεσιν
848 1776 1055 1853 ἀφανής
1106 1775 1268 1830 ἐστιν’
1311 1776 1526 1836 πάντως
1573 1772 1631 1829 δὲ
1679 1773 1805 1830 ἐτε-⁷

169 1867 405 1937 λεύτησεν.
437 1866 538 1920 Καὶ
576 1865 683 1941 γὰρ
718 1866 746 1920 6
774 1863 1125 1941 ταλαίπωρος
1165 1865 1267 1919 ὑπὸ
1315 1863 1671 1942 σωφροσύνης
1723 1884 1791 1936 με

168 1955 342 2031 ἀγαπῶν
398 1953 729 2033 φιλότεκνος
782 1954 872 2022 ἦν.
933 1955 1086 2007 Ὅθεν
1145 1954 1361 2008 πάντων
1407 1955 1566 2025 ἡμῶν
1600 1956 1706 2006 τῶν
1739 1954 1788 1989 ²²

168 2046 269 2120 ὑπὲρ
297 2046 453 2098 πάντα
485 2043 639 2115 αὐτῷ
670 2040 1041 2118 ήγαπημένων
1078 2042 1358 2119 στερηθεὶς
1391 2042 1419 2095 6
1458 2042 1631 2118 γέρων
1686 2041 1788 2097 ὑπὸ

174 2133 392 2207 μεγίστης
422 2130 667 2205 ἀθυμίας
700 2128 1047 2208 διεφώνησεν.

225 2225 300 2279 VI.
327 2228 428 2291 Τῆς
464 2220 686 2297 μητρὸς
718 2225 885 2275 ταῦτα
922 2217 1215 2296 λεγούσης,
1248 2219 1385 2273 κατὰ
1429 2219 1528 2288 τήν
1583 2218 1788 2292 Πέτρου

174 2310 428 2385 παραίνεσιν
482 2313 554 2383 ’9,
614 2307 901 2371 ἀκούοντες
942 2306 1121 2363 οὐκέτι
1171 2306 1372 2383 στέγειν
1426 2304 1678 2363 ἐδύναντο
1734 2309 1786 2363 οἱ

174 2398 337 2471 παῖδες,
368 2398 490 2454 ἀλλ’
541 2398 853 2474 έγερθέντες
900 2395 1324 2474 περιεπλέκοντο
1384 2396 1543 2471 αὐτῇ,
1602 2395 1789 2452 πολλὰ

174 2485 439 2563 δακρύοντες
501 2489 604 2543 καὶ
664 2486 1103 2565 καταφιλοῦντες.
1136 2488 1199 2543 Ἡ
1232 2483 1291 2540 δὲ
1342 2482 1465 2565 ἔφη·
1521 2486 1580 2540 Τί
1640 2484 1784 2541 θέλει

176 2583 294 2632 τοῦτο
345 2579 513 2647 sim;
584 2577 679 2631 Καὶ
740 2578 767 2631 ὁ
827 2576 1027 2652 Πέτρος
1086 2575 1432 2652 ἀπεκρίνατο.
1496 2576 1781 2649 Παράστη-

183 2687 263 2735 εον,
287 2670 321 2721 ὧ
347 2668 522 2742 γύναι,
573 2666 833 2742 γενναίως
865 2667 953 2719 τὸν
996 2670 1119 2719 νοῦν
1156 2685 1276 2735 σου,
1309 2664 1459 2726 ὅπως
1512 2668 1619 2717 τῶν
1676 2668 1781 2718 σῶν

186 2754 435 2830 ἀπολαύσῃς
494 2755 729 2810 τέκνων.
778 2753 936 2808 Οὗτοι
998 2755 1099 2830 γὰρ
1178 2754 1277 2809 εἶσι
1336 2758 1636 2815 Φαυστῖνος
1694 2752 1782 2807 καὶ

182 2847 528 2913 Φαυπινιανὸς,
574 2846 626 2899 οἱ
657 2843 766 2899 υἱοί
796 2865 911 2916 σου,
947 2843 1037 2905 οῦς
1071 2842 1121 2897 ἐν
1176 2844 1325 2917 βυθῷ
1372 2843 1610 2897 τεθνάναι
1665 2840 1780 2897 ἕλε-

178 2956 261 3005 γες.
302 2940 413 2997 Πῶς
476 2932 535 2989 δε
606 2938 787 3005 ζῶσιν,
840 2931 926 2986 ἐπὶ
980 2927 1143 2988 ϐυθοῦ
1204 2935 1251 2968 ²³
1317 2932 1561 2993 θανόντες
1609 2931 1659 2985 ἐν
1712 2935 1781 3005 τῇ

181 3026 492 3096 χαλεπωτάτη
524 3023 710 3092 ἐκείνη
739 3022 911 3093 νυκτὶ,
940 3022 1028 3076 καὶ
1086 3027 1201 3084 πῶς
1247 3025 1337 3076 νῦν
1389 3024 1416 3075 6
1468 3022 1561 3093 μὲν
1607 3020 1781 3075 αὐτῶν

183 3114 374 3184 Νικήτης
428 3110 680 3189 λέγεται,
741 3112 769 3166 ὁ
829 3108 886 3165 δὲ
944 3110 1198 3180 Ἀκύλας,
1250 3110 1401 3165 αὐτοί
1472 3131 1554 3165 σοι
1613 3109 1780 3165 εἰπεῖν

181 3197 463 3271 δυνήσονται·
502 3203 606 3257 σὺν
668 3200 752 3255 σοὶ
808 3200 909 3276 γὰρ
958 3202 1123 3272 ἡμεῖς
1177 3201 1362 3273 μαθεῖν
1396 3198 1617 3276 ἔχομεν.
1647 3204 1782 3254 Ταῦ-

176 3307 224 3339 τα
263 3293 345 3343 τοῦ
391 3289 603 3365 Πέτρου
658 3287 927 3353 εἰπόντος,
954 3290 989 3357 ἡ
1028 3290 1235 3363 μήτηρ,
1267 3294 1495 3363 χαρεῖσα
1552 3285 1777 3365 σφόδρα,

180 3376 255 3430 ὑπὸ
302 3377 560 3440 ἐκλύσεως
624 3376 815 3452 ὀλίγου
874 3374 1143 3454 διεφώνει.
1176 3380 1301 3432 ’Ὀτε
1358 3374 1415 3431 δὲ
1470 3376 1637 3446 αὐτὴν
1696 3378 1784 3433 ἀν-

182 3466 481 3540 εκτησαμεθα,
537 3465 832 3538 ἐκαθέσθη,
890 3464 979 3519 καὶ
1038 3467 1231 3535 εαυτῆς
1306 3466 1572 3543 γενομένη
1642 3464 1774 3545 ἔφη’

183 3554 455 3629 Παρακαλῶ,
485 3558 659 3612 τέκνα
694 3576 797 3629 μου
837 3554 1081 3624 ποθεινὰ,
1115 3552 1297 3610 εἷ’πατε
1340 3558 1474 3629 ἡμῖν
1524 3556 1591 3611 τὰ
1654 3557 1787 3631 μετά

185 3644 257 3709 τὴν
284 3643 512 3720 χαλεπὴν
545 3644 768 3715 ἐκείνην
800 3643 965 3699 νύκτα
996 3639 1274 3717 συμϐάντα
1306 3645 1451 3719 ὑμῖν.

239 3824 365 3881 288
394 3828 512 3882 VII.
542 3825 654 3879 Καὶ
684 3824 712 3878 6
746 3825 1006 3894 Νικήτης,
1028 3827 1125 3878 τοῦ
1159 3822 1359 3879 λοιποῦ
1390 3829 1689 3887 Φαυστῖνος
1720 3828 1790 3896 ﬂ,

191 3908 346 3983 ἤρξατο
375 3912 577 3988 λέγειν’
606 3913 714 3981 Τῆς
746 3912 913 3981 αὐτῆς
947 3911 1156 3982 ἐκείνης
1188 3913 1378 3975 νυκτὸς
1425 3918 1521 3968 τοῦ
1569 3913 1791 3975 πλοίου.

194 3996 246 4058 ὧς
292 4000 445 4074 οἶσθα,
496 4000 894 4073 διαλυομένου,
950 4003 1097 4073 ἡμᾶς
1153 3998 1340 4073 ἄνδρες
1394 4002 1555 4071 τινες,
1615 4001 1666 4057 έν
1718 4007 1797 4074 τῷ

200 4086 312 4159 β’)θῷ
361 4091 637 4165 Αῃστεύειν
699 4091 774 4163 μὴ
828 4085 1181 4167 φοϐούμενοι,
1214 4088 1493 4146 ἀνείλοντο
1526 4094 1591 4162 ²⁵,
1623 4091 1711 4146 καὶ
1744 4090 1797 4146 ἐν

200 4175 332 4253 σκὶφῃ
356 4179 523 4243 θέντες
564 4180 653 4234 καὶ
710 4179 922 4241 κώπαις
980 4176 1318 4248 ἐλαύνοντες,
1352 4180 1441 4235 ὁτὲ
1501 4181 1595 4253 μὲν
1656 4181 1799 4256 παρᾶ

200 4271 273 4335 γῆν
300 4263 488 4344 ἔφερον,
514 4269 610 4323 ὁτὲ
643 4268 700 4322 δὲ
728 4268 816 4322 καὶ
846 4267 1054 4345 τροφὰς
1080 4268 1560 4342 μεταπεμπόμενοι
1594 4269 1670 4332 εἰς
1699 4272 1798 4339 τήν

205 4354 465 4423 Στράτωνος
498 4359 642 4433 ἦγον
683 4356 1017 4431 Καισάρειαν·
1042 4356 1197 4411 κάκεῖ
1227 4354 1552 4433 δακρύοντας
1582 4361 1624 4395 ²⁶
1654 4361 1803 4431 ἡμᾶς

207 4436 339 4533 igni),
363 4441 507 4522 φόϐῳ
534 4468 597 4501 τε
627 4445 717 4499 καὶ
748 4444 1014 4533 πληγαῖς,
1039 4444 1189 4507 ὅπως
1226 4448 1299 4519 μή
1334 4468 1385 4500 τι
1416 4448 1682 4523 προπετὲς
1714 4446 1809 4502 λα-

211 4531 417 4605 )-ᾕτωμεν
442 4541 549 4589 τῶν
586 4534 771 4595 αὐτοῖς
804 4536 880 4606 μὴ
916 4531 1244 4607 δοκούντων,
1279 4533 1355 4589 ἔτι
1402 4557 1461 4590 τε
1506 4539 1549 4572 ³⁷
1607 4536 1695 4590 καὶ
1742 4542 1809 4591 τὰ

214 4615 405 4717 ἕρματα
432 4626 588 4696 ἡμῶν
624 4622 975 4693 ἀλλάξαντες,
990 4622 1246 4692 πωλῆσαι
1279 4621 1647 4695 ἠδυνήθησαν·
1668 4626 1807 4694 Γυνὴ

1237 491 1771 554 CLEMENTINA.
1805 524 1886 538 —
1914 490 2248 557 HOMILIA
2290 494 2454 556 XIII.

3431 493 3551 553 334

1904 732 2052 787 rare,
2086 717 2366 787 majorem
2397 716 2777 788 cupiditatem
2827 733 2896 773 ex
2926 716 3057 771 laeta
3098 717 3333 772 fortuna
3388 714 3548 770 oriri.

1905 804 2065 861 Unde
2094 822 2199 878 ego
2230 822 2355 876 quae
2387 806 2445 860 in
2478 804 2748 861 secundis
2779 806 2952 861 rebus
2985 809 3304 877 temperate
3322 803 3456 873 vixi,
3489 803 3550 859 in

1902 894 2215 950 afﬂictione
2247 910 2339 951 me
2368 894 2765 966 voluptatibus
2788 911 2899 950 non
2920 896 3169 949 tradam.
3196 897 3395 965 Neque
3419 907 3551 948 vero

1903 1000 2058 1038 nunc
2092 986 2355 1039 animum
2385 999 2582 1040 meum
2612 982 2909 1039 existimes
2944 981 3291 1053 aegritudine
3320 997 3448 1037 esse
3480 978 3552 1035 li-

1902 1073 2128 1140 berum,
2176 1073 2275 1144 qui
2333 1072 2600 1129 nonnihil
2659 1070 3077 1127 consolationis
3111 1087 3215 1143 per
3243 1068 3557 1125 Clementis

1901 1160 2257 1233 agnitionem
2288 1166 2495 1217 nactus
2522 1162 2717 1217 fuerit.
2747 1161 3079 1217 Succedens
3102 1175 3359 1231 namque
3378 1157 3562 1213 tristi-

1902 1249 1983 1304 tia
2003 1266 2070 1304 ex
2095 1250 2344 1305 duorum
2377 1250 2693 1306 liberorum
2741 1250 2983 1305 interitu
3015 1254 3154 1304 nata
3213 1248 3388 1303 etiam
3448 1245 3558 1302 hoc

1899 1337 2270 1409 aliquantum
2303 1338 2585 1410 gaudium
2617 1339 2912 1394 obscurat.
2970 1336 3199 1394 Etenim
3258 1353 3374 1393 non
3426 1338 3553 1391 tam

1898 1425 2054 1482 circa
2093 1443 2190 1483 eos
2232 1426 2522 1494 dolemus,
2558 1429 2712 1500 quod
2746 1427 2806 1483 in
2854 1427 3002 1483 mari
3059 1425 3328 1494 obierint,
3372 1438 3554 1496 quam

1899 1516 2054 1587 quod
2087 1520 2247 1573 extra
2285 1516 2541 1572 divinam
2591 1515 2933 1590 religionem
2988 1515 3225 1585 mortui,
3276 1512 3555 1587 perierint

1898 1621 2137 1677 corpore
2167 1609 2224 1661 et
2253 1605 2470 1663 anima.
2495 1606 2663 1661 Pater
2684 1610 2879 1661 autem
2910 1620 3112 1660 eorum
3132 1618 3416 1675 meusque
3438 1601 3551 1666 vir,

1899 1694 2396 1765 quemadmodum
2448 1711 2550 1767 per
2575 1694 2930 1752 Clementem
2961 1693 3239 1765 comperi,
3272 1692 3344 1748 ad
3394 1706 3551 1764 qum-

1898 1783 2146 1838 rendum
2180 1799 2271 1839 me
2302 1801 2367 1839 ac
2398 1784 2614 1839 liberos
2646 1799 3016 1855 progressus,
3062 1786 3146 1837 tot
3202 1780 3375 1837 annis
3434 1795 3552 1835 non

1899 1879 2233 1944 comparet:
2269 1889 2515 1945 prorsus
2550 1889 2678 1929 vero
2712 1871 2953 1927 interiit.
2988 1870 3219 1926 Etenim
3252 1868 3452 1925 infelix
3477 1868 3553 1925 ob

1898 1961 2317 2017 continentiam
2337 1960 2616 2034 diligebat
2634 1976 2747 2027 me,
2766 1964 2825 2014 ct
2841 1964 2966 2015 erat
2986 1975 3191 2013 amans
3211 1956 3551 2013 liberorum.

1899 2049 2087 2113 Quare
2117 2051 2345 2106 cunctis
2376 2049 2565 2117 nobis,
2599 2066 2632 2105 a
2653 2066 2715 2104 se
2745 2065 2923 2120 super
2952 2047 3149 2103 omnia
3183 2045 3437 2112 dilectis,
3460 2062 3552 2102 or-

1900 2139 2075 2195 batus
2102 2156 2277 2195 senex
2309 2156 2424 2210 prae
2454 2138 2712 2193 maximo
2745 2136 2940 2193 dolore
2967 2134 3265 2192 occubuit.

1972 2228 2059 2285 VI.
2094 2228 2336 2283 Matrem
2368 2243 2500 2283 vero
2532 2226 2653 2282 haec
2691 2225 2945 2282 locutam
2996 2224 3163 2281 liberi
3212 2222 3540 2291 audientes,

1899 2334 2015 2373 non
2033 2316 2287 2389 amplius
2302 2316 2627 2372 secundum
2642 2314 2792 2371 Petri
2809 2312 3265 2369 admonitionem
3289 2327 3350 2367 se
3362 2310 3549 2366 conti-

1898 2423 2033 2462 nere
2056 2410 2402 2478 potuerunt:
2437 2406 2536 2460 sed
2570 2409 2878 2476 surgentes
2911 2400 3191 2473 complexi
3225 2404 3365 2455 sunt
3390 2415 3546 2470 eam,

1896 2499 1954 2551 et
1982 2512 2114 2551 cum
2149 2494 2349 2549 multis
2381 2493 2650 2565 lacrymis
2672 2491 2941 2549 osculati.
2967 2496 3041 2545 At
3073 2490 3172 2545 illa
3191 2488 3366 2544 dixit:
3397 2487 3546 2552 Quid

1895 2584 2005 2640 hoc
2036 2584 2147 2639 sibi
2178 2583 2347 2638 vult?
2378 2583 2698 2654 Respondit
2728 2582 2968 2636 Petrus:
3016 2580 3243 2635 Advoca
3299 2578 3543 2647 fortiter,

1896 2691 1927 2730 o
1953 2674 2189 2744 femina,
2224 2673 2489 2727 animum
2522 2678 2711 2737 tuum,
2750 2675 2815 2726 ut
2845 2669 2998 2725 natis
3029 2668 3149 2724 tuis
3183 2667 3414 2723 fruaris.
3440 2664 3543 2722 Isti

1895 2763 2049 2819 enim
2082 2768 2223 2817 sunt
2246 2762 2562 2818 Faustinus
2593 2765 2649 2816 et
2668 2758 3104 2823 Faustinianus,
3133 2756 3241 2825 filii,
3261 2756 3368 2822 tui,
3394 2770 3542 2826 quos

1894 2853 1953 2907 in
1986 2852 2275 2924 profundo
2308 2849 2549 2921 periisse
2570 2848 2822 2903 dicebas.
2859 2849 2981 2914 Quo
3032 2846 3203 2901 modo
3236 2848 3428 2899 autem
3460 2842 3542 2897 vi-

1893 2946 2031 2997 vant
2061 2940 2120 2995 in
2147 2940 2246 2995 illa
2276 2938 2541 2995 horribili
2568 2942 2735 2993 nocte
2767 2934 2981 2991 mortui
3013 2935 3068 2989 in
3104 2934 3327 3006 pelago,
3351 2936 3407 2987 et
3427 2948 3541 3003 quo

1896 3030 2069 3085 modo
2099 3044 2255 3083 nunc
2288 3027 2437 3083 alius
2460 3026 2722 3098 ipsorum
2752 3025 2982 3081 Nicetas
3015 3027 3071 3078 et
3123 3022 3275 3078 alius
3330 3018 3543 3093 Aquila

1895 3117 2252 3182 nominetur,
2283 3116 2395 3189 ipsi
2428 3114 2530 3170 tibi
2564 3129 2849 3187 exponere
2878 3116 3189 3185 poterunt:
3223 3114 3279 3165 et
3311 3125 3428 3165 una
3454 3112 3541 3164 te-

1893 3224 2027 3263 cum
2060 3207 2234 3262 etiam
2268 3205 2376 3261 hos
2430 3204 2758 3260 audiemus.
2788 3202 2894 3259 Ubi
2929 3208 3050 3256 haec
3109 3200 3309 3256 Petrus
3367 3197 3536 3265 dixit,

1893 3300 2099 3363 mater,
2123 3296 2497 3351 vehementer
2553 3291 2773 3364 gavisa,
2797 3289 3054 3361 deliquio
3110 3288 3535 3361 propemodum

1894 3386 2225 3442 exanimata
2247 3389 2353 3440 est.
2380 3382 2697 3454 Postquam
2718 3396 2853 3436 vero
2881 3377 3042 3435 illam
3066 3376 3538 3442 refocillavimus,

1895 3476 2069 3539 sedit,
2102 3479 2271 3543 atque
2304 3472 2360 3526 in
2393 3470 2770 3542 semetipsam
2822 3484 3089 3541 regressa
3117 3466 3234 3522 ait:
3290 3466 3536 3522 Obsecro

1894 3580 2017 3630 vos,
2070 3560 2397 3618 dulcissimi
2458 3559 2584 3625 ﬁlii,
2645 3558 2817 3615 dicite
2876 3556 3065 3624 nobis,
3125 3572 3255 3627 quae
3312 3554 3543 3609 accide-

1898 3652 2017 3707 rint
2062 3650 2225 3706 vobis
2283 3653 2412 3722 post
2482 3647 2644 3704 illam
2701 3646 3089 3720 perniciosam
3148 3648 3205 3700 et
3251 3640 3545 3698 crudelem

1902 3744 2160 3795 noctem.

1972 3829 2096 3884 VII.
2129 3832 2275 3882 Tum
2306 3826 2557 3894 Nicetes,
2592 3824 2690 3897 qui
2723 3828 2783 3881 et
2804 3840 2959 3879 nunc
2990 3820 3325 3890 Faustinus,
3375 3817 3552 3890 ccepit

1905 3918 2132 3974 dicere:
2167 3916 2231 3972 In
2263 3915 2363 3970 illa
2411 3915 2538 3986 ipsa
2569 3918 2755 3977 nocte,
2789 3928 2921 3967 cum
2954 3911 3140 3980 navis,
3174 3908 3555 3981 quemadmo-

1908 4007 2049 4062 dum
2081 4006 2255 4071 nosti,
2294 4004 2502 4059 fuisset
2531 4001 2807 4070 resoluta,
2862 4000 2970 4055 viri
3020 4000 3282 4071 quidam,
3334 3995 3436 4069 qui
3491 3994 3555 4052 in

1910 4100 2057 4152 mari
2090 4094 2423 4150 latrocinari
2471 4109 2587 4147 non
2645 4094 2936 4158 verentur,
2994 4091 3274 4160 ceperunt
3317 4103 3447 4151 nos,
3500 4089 3557 4141 et
3634 4118 3640 4123 ~

1911 4184 2190 4241 naviculae
2248 4182 2676 4253 imposuerunt,
2737 4185 2793 4235 et
2848 4177 3186 4251 remigando
3240 4174 3557 4247 aliquando

1914 4274 1983 4329 ad
2017 4278 2231 4328 terram
2264 4270 2617 4335 deferebant,
2650 4267 2981 4339 aliquando.
2998 4271 3054 4321 et
3083 4265 3243 4321 cibos
3300 4278 3559 4319 accerse-

1914 4364 2077 4430 bant,
2110 4362 2311 4433 sicque
2340 4360 2659 4415 Caesaream
2684 4358 2971 4413 Stratonis
3003 4356 3427 4427 perduxerunt:
3458 4351 3562 4406 ibi-

1917 4469 2028 4526 que
2060 4468 2167 4506 nos
2210 4450 2265 4504 in
2322 4448 2610 4521 lacrymas
2661 4447 2876 4502 effusos
2909 4445 3080 4513 fame,
3116 4448 3296 4513 metu,
3356 4440 3560 4499 verbe-

1918 4543 2083 4598 ribus
2137 4538 2480 4611 affligentes,
2550 4553 2622 4592 ne
2680 4534 2822 4607 quid
2879 4539 3096 4589 temere
3142 4536 3342 4587 contra
3390 4545 3562 4584 suam

1921 4629 2273 4688 sententiam
2307 4626 2699 4698 loqueremur,
2743 4622 3073 4678 immutatis
3116 4621 3293 4676 etiam
3348 4618 3566 4675 nostris

277 4726 344 4770 τις
364 4710 617 4774 Ἰουδαίας
644 4715 687 4749 ²⁸
712 4711 1075 4785 προσήλυτος,
1092 4710 1381 4786 ἀξιόλογος
1403 4712 1562 4781 πάνυ,
1584 4713 1786 4787 ὀνόματ

1921 4717 2282 4781 nominibus,
2331 4716 2738 4770 vendiderunt.
2803 4716 2975 4766 Porro
3036 4709 3248 4765 mulier
3298 4707 3568 4780 quaedam

214 4792 398 4871 Ἰύστα,
429 4799 754 4873 ὠνησαμένη
786 4804 933 4873 ἡμᾶς
964 4801 1039 4863 εἷς
1066 4802 1267 4856 τέκνων
1300 4800 1592 4878 ἐφύλαττεν
1625 4803 1809 4875 τόπον,

217 4883 284 4935 κιίῖ
310 4887 434 4961 πάσῃ
458 4890 761 4963 Ἑλληνικῇ
789 4888 1008 4961 παιδείᾳ
1042 4891 1175 4963 μετὰ
1217 4888 1458 4960 σπουδῆς
1511 4890 1813 4962 ἐξεπαίδευ-

222 4988 305 5027 τῖο.
328 4974 496 5051 Ἡμεῖς
527 4978 584 5034 δὲ
614 4978 695 5057 ἐφ’
725 4978 947 5048 ἡλικίας
990 4978 1253 5057 ἔμφρονες
1282 4978 1565 5057 γενόμενοι
1594 4980 1684 5035 καὶ
1714 4984 1812 5051 τὴν

1922 4807 2076 4881 apud
2102 4806 2332 4861 Judaeos
2364 4802 2673 4875 proselyta,
2725 4801 2971 4857 honesta
3002 4798 3343 4866 admodum,
3397 4797 3572 4853 Justa

1925 4894 2183 4963 nomine,
2233 4909 2369 4949 cum
2426 4908 2532 4947 nos
2577 4890 2838 4960 emisset,
2898 4888 3104 4945 habuit
3135 4887 3258 4944 loco
3291 4886 3570 4957 ﬁliorum,

1925 4990 2101 5057 atque
2130 4981 2405 5038 omnibus
2427 4978 2642 5036 Graecis
2662 4976 2989 5050 disciplinis
3011 4976 3272 5032 studiose
3300 4973 3573 5031 erudivit.

1536 5132 1777 5190 VARLE
1816 5135 2203 5193 LECTIONES

288 5240 319 5324 ξτ
344 5241 561 5324 νομίσειν
738 5246 783 5324 ¹ξ
821 5244 1070 5302 ἀπώλεια
1099 5250 1160 5314 C,
1193 5247 1292 5319 qui
1351 5247 1505 5324 conj.
1537 5244 1839 5324 ἀπωλείας.
1866 5250 2084 5324 ἀθυμία.
2118 5250 2183 5324 In
2231 5249 2378 5320 Epit.
2425 5243 2665 5324 diluuia.
2692 5316 2704 5324 _
2744 5245 2788 5280 ¹⁹
2826 5243 2941 5300 Cfr-
3004 5242 3142 5324 _EPi_‘-
3202 5257 3252 5298 ο·
3308 5240 3434 5324 ⁴Ο2ς
3466 5240 3577 5324 ,AP'

236 5308 267 5360 C
288 5309 387 5369 haec

246 5400 400 5482 1:};—
428 5390 648 5482 ἐμαυτήν
711 5406 829 5445 var.
865 5390 978 5446 lect
1028 5408 1118 5463 ap.
1153 5390 1449 5459 eumdem,
1482 5390 1694 5482 παρακα

400 5474 447 5482 __
481 5462 652 5482 -__--\
699 5458 714 5482 2
783 5458 916 5482 AA!
1091 5460 1158 5482 b,
1233 5460 1243 5478 ν
1484 5458 1531 5482 ,Ἴ
1590 5463 1602 5481 ι
1674 5462 1686 5482 ν

400 5455 655 5538 referens)
696 5458 747 5538 ξν
782 5458 1027 5538 θαλάσσῃ
1065 5455 1444 5538 ’διεφώνησανς

246 5530 349 5606 θεοῦ
373 5530 727 5606 φθαρέντεςτᾶ
758 5532 984 5606 σώματα
1004 5530 1098 5586 ⁷καὶ
1128 5530 1221 5592 τᾶς
1254 5530 1435 5606 ψυχᾶξ
1466 5530 1771 5591 ἀπώλονέδ·

253 5596 412 5679 ίίἱτρου
438 5596 725 5679 παραίνεσρν
759 5596 891 5679 post
921 5604 1098 5658 οὐκέτι
1133 5596 1371 5679 rectius:
1400 5605 1643 5679 collocat
1671 5610 1823 5679 Epit.

991 5696 1094 5747 μου
1136 5674 1391 5751 -ποθεινὲι,
1440 5673 1596 5751 τέκνα
1642 5663 2160 5751 γλυκύτατα,’τέκνα
2204 5663 2426 5749 καρδίας
2483 5669 2693 5726 καύσων
2750 5678 2853 5739 τῆς
2909 5669 3066 5741 ἐμῆς,
3109 5663 3310 5751 ⁹εἷ’πκατέ
3366 5683 3465 5751 μοι
3521 5666 3583 5718 Ο.

253 5672 376 5737 textu
428 5672 531 5737 σου,
558 5682 617 5729 ut
678 5672 927 5730 Ο.’τὲκνα

473 5318 700 5374 ericdus
762 5317 846 5375 ita
902 5324 1073 5375 sonat
1103 5338 1115 5375 :
1147 5310 1563 5393 Πᾶραινέσωμεν
1595 5328 1691 5391 (πα
1729 5310 2013 5395 ανιάζομὲν
2068 5322 2154 5378 vel
2209 5310 2621 5393 πάρανιάζωμεν
2651 5316 2727 5371 id.
2762 5331 2831 5371 ex
2889 5310 3156 5385 conjéct.,
3188 5310 3579 5386 παραμυθήσοε

473 5391 648 5473 in:qu
711 5406 829 5445 var.
865 5390 978 5446 lect
1028 5408 1118 5463 ap.
1153 5391 1449 5459 eumdem,
1482 5409 1555 5443 πα
1594 5339 1929 5485 ακαῖισοραι
1962 5395 2031 5467 D)
2061 5393 2163 5468 γὰρ
2216 5412 2281 5445 πε
2323 5390 2339 5443 ὶ
2396 5388 2569 5442 αὐτῶν
2624 5385 2715 5441 ὅτε
2767 5384 2850 5459 (οὐ
2954 5385 3036 5440 ὅτι
3096 5384 3367 5457 proponit
3418 5386 3475 5445 C.
3504 5379 3577 5435 ad

476 5462 655 5517 erensl
696 5458 747 5513 έν
782 5458 1027 5517 θαλάσση
1088 5460 1443 5517 διεφώνησαν,
1475 5408 1602 5517 ἀλλ’
1633 5462 1735 5517 οὐγ
1769 5467 1895 5517 (ουν
1930 5466 2156 5517 addidit
2185 5464 2254 5517 Dl
2285 5410 2366 5517 ἔτι
2398 5460 2533 5517 πρὸς
2590 5456 2803 5517 τούτοις
2857 5404 3012 5517 ἔκτὸς
3060 5458 3259 5517 τειγῶν
3293 5448 3579 5517 θρησκείας

1633 5462 1741 5539 οὐχ
1769 5462 1897 5574 (0ύῶ
1930 5462 2156 5574 ad‘didjt
2185 5464 2254 5574 DF)

2954 5379 3036 5457 ὅτι
3096 5379 3367 5457 proponit
3418 5379 3577 5457 C.ad

2889 5449 3012 5517 κτὸς
3060 5448 3259 5527 τειχῶν
3293 5455 3392 5527 θρη
3402 5448 3580 5527 σκείας

3162 5521 3253 5581 5b.
3300 5521 3435 5577 κατὰ
3478 5521 3579 5588 τήν

2315 5482 2366 5514 τι
2398 5460 2533 5532 πρὸς
2590 5456 2803 5519 τούτοις

1926 5536 2014 5590 καὶ
2062 5537 2161 5604 τήν
2211 5529 2269 5589 C.
2348 5534 2393 5568 2‘
2424 5529 2530 5584 τῶν
2566 5530 2762 5604 addidi
2813 5546 2861 5585 c.
2895 5530 2957 5604 Ο,
3036 5529 3081 5604 ea

1902 5610 1948 5645 ³³
1986 5594 2149 5683 βυθοῦ
2180 5607 2515 5683 conjectura
2566 5602 2643 5683 ad
2702 5618 2862 5656 oram
2913 5596 3308 5683 ‘Ottobonuiani,
3340 5595 3399 5649 in
3463 5594 3581 5683 cui.

256 5734 425 5819 12V.“-
452 5734 615 5819 τοῖλι
647 5751 946 5819 Φναυστῖνος
978 5734 1098 5819 om:
1122 5748 1191 5819 _O.
1271 5748 1317 5781 ²⁵
1340 5734 1625 5819 ,ἀνείλαντο
1656 5734 1718 5805 C.
1794 5752 1839 5787 ³⁸
1870 5734 2150 5812 δάκνοντες
2182 5734 2334 5819 conj.
2368 5747 2435 5819 D,
2459 5745 2761 5817 a/ﬂigentes
2790 5734 2889 5801 nos
2916 5734 3082 5816 fame.
3109 5740 3243 5797 Ruf.
3266 5740 3327 5796 in
3356 5734 3587 5813 Recogn.

265 5805 294 5861 C
315 5808 477 5870 deesse
502 5816 713 5891 aliquid
744 5805 942 5892 putat.
1005 5821 1048 5855 ³⁷
1080 5815 1137 5873 δέ
1168 5820 1230 5885 C,
1310 5818 1355 5854 ²⁸
1387 5814 1672 5883 Ἰουδαίοις
1699 5821 1761 5879 C.
