4086 6216
380 487 499 548 335

1210 482 1276 542 S.
1322 477 1761 543 CLEMENTIS
1806 479 1831 539 Ι
1877 473 2065 538 BOM.
2112 473 2345 537 PONT.
2394 474 2656 536 OPEltA
2700 474 2966 535 DUBIA.

3681 478 3813 539 336

382 621 501 672 Nos
533 632 665 672 vero
696 632 799 687 per
833 618 1060 669 aitatem
1080 614 1397 685 prudentes
1416 612 1572 682 facti,
1607 617 1664 668 et
1689 611 2027 684 religionem

2153 604 2431 681 θρησκείαν
2471 605 2853 681 ἠγαπήσαμεν,
2885 603 2975 658 καὶ
3020 610 3087 658 τά
3140 610 3241 673 τῆς
3300 600 3554 667 παιδείας
3614 606 3809 684 ἐφιλο-

383 705 731 771 amavimus,
760 703 1049 759 etlitteris
1079 703 1343 776 gnaviter
1371 719 1607 773 operam
1640 702 1931 767 dedimus,
1964 703 2031 755 ut

383 810 518 849 cum
554 792 792 865 reliquis
831 793 1103 865 gentibus
1162 792 1551 861 disputantes,
1585 807 1682 845 eas
1728 791 1799 845 de
1839 804 2030 845 errore

385 898 695 955 possemus
719 898 982 953 arguere.
1006 881 1116 937 Sed
1145 885 1201 935 et
1221 880 1639 952 perdidicimus
1660 877 2027 951 philosopho.

386 986 520 1025 rum
560 970 810 1036 decreta,
838 970 1091 1024 maxime
1122 985 1251 1040 qua;
1280 985 1314 1023 a
1342 968 1552 1039 pietate
1582 968 1641 1022 in
1675 972 1859 1022 Deum
1892 965 2029 1022 alie-

387 1058 638 1114 nissima
669 1062 829 1125 sunt,
864 1056 1117 1130 Epicuri,
1150 1057 1414 1127 inquam,
1440 1060 1497 1111 et
1528 1054 1862 1127 Pyrrhonis,
1915 1069 2031 1125 quo

386 1146 579 1218 magis
613 1163 921 1218 possemus
946 1146 1267 1202 confutare.

456 1252 603 1309 VIII.
636 1253 920 1310 Caeterum
953 1269 1071 1308 una
1119 1267 1255 1308 cum
1304 1250 1545 1306 Simone
1577 1250 1828 1322 quodam
1860 1264 2032 1320 mago

386 1341 637 1408 educati,
672 1342 894 1397 ratione
924 1339 1199 1396 amicitiae
1227 1339 1288 1394 in
1322 1339 1587 1395 fraudem
1643 1339 1760 1393 fere
1810 1336 2032 1391 inducti

387 1429 1007 1486 fuimus.Ferturenim
1026 1429 1289 1500 quaedam
1305 1429 1375 1484 de
1392 1427 1589 1498 aliquo
1602 1426 1837 1482 homine
1855 1426 2030 1492 fama,

386 1520 488 1591 qui
521 1518 618 1573 ubi
649 1517 1004 1590 apparuerit,
1036 1516 1307 1572 universa
1338 1516 1566 1588 piorum
1625 1514 1941 1570 multitudo
1973 1513 2030 1568 in

388 1624 567 1680 regno
595 1607 748 1663 vivet
776 1610 1054 1679 perpetuo
1084 1622 1150 1661 ac
1179 1606 1327 1661 citra
1357 1604 1704 1661 molestiam.
1756 1604 1864 1659 Sed
1918 1604 2034 1659 haec

391 1696 517 1762 tibi,
552 1700 757 1763 mater,
792 1694 1130 1767 diligentius
1152 1694 1209 1749 in
1235 1699 1495 1765 tempore
1517 1698 1895 1765 exponentur.
1917 1692 2033 1747 Nos

391 1784 626 1840 interim
674 1800 805 1839 cum
860 1800 1005 1855 pene
1057 1786 1183 1854 jam
1239 1783 1644 1855 deciperemur
1690 1798 1725 1837 a
1779 1781 2034 1849 Simone,

391 1873 631 1945 quidam
663 1872 881 1944 collega
908 1871 1132 1928 domini
1162 1871 1343 1927 nostri
1377 1871 1554 1937 Petri,
1601 1869 1875 1927 Zachmus
1932 1885 2035 1924 no-

2140 697 2477 767 πονήσαμεν,
2512 695 2663 757 ὅπως
2693 695 2831 770 πρὸς
2890 695 2958 749 τά
3004 691 3173 748 λοιπά
3230 690 3353 763 ἔθνη
3417 692 3800 771 διαλεγόμενοι

2140 781 2386 859 ἐλέγχειν
2418 782 2553 838 αύτά
2581 783 2705 857 περὶ
2752 782 2966 854 πλάνης
3018 780 3325 856 δυνώμεθα.
3361 782 3535 839 Ἀλλά
3587 786 3677 840 καὶ
3726 787 3797 843 τά

2140 872 2456 951 φιλοσόφων
2489 868 2899 947 ἠκριϐώσαμεν,
2933 870 3217 949 ἐξαιρέτως
3267 869 3326 927 δὲ
3382 872 3450 927 τά
3498 875 3795 950 ἀθεώτατα,

2141 959 2286 1037 λέγω
2317 959 2383 1031 δὴ
2419 964 2466 999 ²⁹
2492 962 2561 1017 τὰ
2591 961 2918 1038 Ἑπικούρου
2967 961 3055 1017 καὶ
3087 960 3406 1038 Πύρρωνος,
3433 960 3523 1017 τίνα
3575 962 3794 1037 μᾶλλον

2140 1050 2201 1106 ἀν
2210 1051 2468 1120 ασκευάζε
2476 1072 2518 1105 ιν
2553 1048 2858 1124 δυνώμεθα.

2212 1252 2365 1303 VIII.
2400 1245 2612 1319 Σίμωνι
2643 1243 2700 1301 δέ
2727 1266 2835 1300 τινι
2872 1247 3028 1322 μάγῳ
3076 1244 3273 1322 σχεδὸν
3313 1247 3609 1328 σύντροφοι
3653 1248 3810 1326 γενό-

2144 1356 2316 1408 μενοι,
2376 1334 2563 1413 φιλίας
2620 1337 2666 1372 ³ο
2734 1331 2846 1406 ὁδῷ
2917 1334 3258 1405 ἀπατηθῆναι
3330 1335 3805 1413 ἐκινδυνεύσαμεν.

2141 1430 2292 1477 Ἔστι
2323 1426 2367 1461 ³¹
2401 1421 2459 1478 δέ
2487 1445 2569 1485 τις
2594 1423 2717 1499 περὶ
2748 1423 3039 1499 ἀνθρώπου
3078 1424 3223 1485 τινὸς
3273 1424 3460 1499 λόγος,
3493 1427 3557 1481 οὗ
3603 1429 3803 1505 φανέν·

2139 1534 2231 1574 τος
2262 1512 2312 1566 ἐν
2350 1511 2598 1587 βασιλείᾳ
2620 1516 2728 1566 τῶν
2762 1507 3197 1582 θεοσεϐησάντων
3231 1509 3407 1589 ὄχλος
3438 1518 3486 1553 ³³
3515 1517 3808 1580 ἀθανάτως

2142 1602 2231 1656 καὶ
2289 1599 2512 1662 ἀλύπως
2543 1604 2689 1659 287
2732 1602 2928 1677 βιῶσαι
2976 1601 3113 1677 ἔχει’
3147 1601 3301 1674 ὅμως
3342 1609 3509 1659 ταῦτα
3558 1608 3653 1678 μέν
3688 1628 3807 1675 σοι,

2149 1698 2319 1763 μῆτερ
2374 1692 2439 1757 ³³,
2502 1689 2589 1744 ἐπὶ
2646 1695 2838 1764 καιροῦ
2895 1686 3273 1767 ἀκριϐέστερον
3328 1692 3669 1764 ἐκτεθήσεται
3736 1699 3806 1732 3‘-

2144 1778 2297 1847 Πλήν
2359 1776 2654 1851 μέλλουσιν
2691 1782 2827 1853 ἡμῖν
2883 1779 3179 1835 ἀπατᾶσθαι
3232 1781 3335 1836 ὑπὸ
3385 1787 3483 1836 τοῦ
3545 1784 3810 1856 Σίμωνος

2147 1867 2357 1941 ἑταῖρός
2386 1888 2469 1929 τις
2511 1872 2608 1922 τοῦ
2659 1869 2850 1943 κυρίου
2900 1870 3059 1940 ἡμῶν
3119 1870 3349 1945 Πέτρου,
3382 1876 3655 1948 Ζακχαῖος
3715 1871 3808 1929 λε·-

391 1961 569 2032 mine,
603 1961 882 2017 accedens
914 1961 1143 2016 monuit
1173 1977 1243 2016 ne
1292 1960 1626 2016 falleremur
1678 1976 1712 2014 a
1743 1958 1930 2029 Mago,
1981 1961 2036 2012 et

2153 1957 2394 2033 γόμενος,
2455 1957 2873 2032 προσηκάμενος
2931 1955 3248 2028 ἐνουθέτησε
3297 1960 3373 2031 μὴ
3454 1961 3804 2031 ἀπατηθῆναι

388 2051 556 2105 Petro
600 2049 928 2105 advenienti
961 2066 1068 2105 nos
1111 2048 1342 2119 obtulit,
1371 2053 1434 2103 ut
1484 2048 1556 2103 ab
1614 2049 1739 2120 ipso
1790 2047 2038 2119 perfecte

393 2155 520 2211 qua:
554 2142 823 2210 spectant
863 2138 935 2193 ad
994 2138 1221 2195 cultum
1280 2136 1380 2193 Dei
1427 2137 1789 2193 doceremur.
1851 2137 2039 2202 Quare

390 2227 567 2284 etiam
594 2231 651 2282 te
710 2243 967 2294 oramus,
1027 2232 1235 2292 mater,
1281 2230 1346 2282 ut
1392 2242 1519 2298 quae
1578 2242 1682 2281 nos
1739 2222 2037 2281 consecuti

393 2332 601 2372 sumus
634 2316 805 2383 bona,
851 2314 953 2370 illa
982 2319 1040 2370 et
1094 2320 1158 2371 tu
1213 2315 1523 2387 percipias,
1585 2330 1699 2385 quo
1742 2314 2039 2385 possimus

394 2405 592 2461 cibum
624 2408 681 2460 et
713 2420 977 2459 mensam
1011 2404 1223 2459 habere
1280 2419 1673 2459 communem.
1725 2402 1803 2456 Ea
1860 2402 2041 2473 igitur

396 2509 575 2548 causa
596 2492 788 2557 fuit,o
845 2491 1113 2563 genitrix,
1174 2496 1411 2563 propter
1457 2507 1635 2563 quam
1695 2489 2041 2545 existimasti

396 2599 506 2638 nos
528 2581 762 2649 obiisse,
820 2581 974 2653 quod
1025 2581 1084 2636 in
1129 2597 1197 2636 ea
1254 2580 1601 2636 difﬁcillima
1648 2585 1814 2635 nocte
1862 2596 1890 2634 a
1955 2578 2039 2649 pi-

398 2669 543 2726 ratis
573 2670 630 2724 in
662 2669 864 2742 pelago
919 2670 1069 2741 rapti
1126 2686 1361 2736 sumus,
1409 2675 1588 2740 tuque
1638 2685 1745 2724 nos
1800 2666 2041 2740 periisse

396 2759 721 2816 credidisti.

469 2865 565 2921 1X.
612 2869 933 2938 Postquam
991 2865 1114 2921 haec
1167 2865 1411 2921 dixisset
1466 2865 1792 2932 Faustinus,
1854 2869 2043 2920 mater

393 2959 597 3011 nostra
627 2954 875 3026 procidit
895 2955 965 3009 ad
986 2955 1160 3026 pedes
1183 2954 1357 3021 Petri,
1387 2971 1598 3026 rogans
1618 2959 1676 3009 et
1705 2956 2039 3021 obsecrans,

396 3048 464 3098 ut
493 3049 550 3098 et
580 3042 769 3115 ipsam
801 3049 858 3098 et
880 3043 1173 3114 hospitam
1208 3059 1374 3098 suam
1408 3049 1703 3097 evocatam
1723 3043 1849 3098 siue
1880 3058 2044 3097 mora

398 3130 741 3202 baptizaret,
775 3130 867 3186 Uti
900 3134 956 3186 et
987 3147 1057 3186 ne
1086 3147 1221 3202 una,
1254 3130 1467 3202 inquit,
1500 3130 1625 3186 dies
1680 3130 2041 3196 excludatur,

402 3234 472 3274 ex
510 3236 625 3291 quo
666 3224 834 3274 natos
866 3235 1024 3274 meos
1058 3220 1267 3291 recepi,
1318 3219 1374 3273 in
1430 3236 1546 3291 qua
1602 3236 1735 3274 cum
1784 3220 1867 3275 eis
1927 3237 2041 3276 non

2145 2050 2224 2118 τῷ
2281 2046 2474 2120 Μάγῳ,
2500 2043 2779 2099 ἐπελθόντι
2813 2042 2870 2099 δέ
2896 2049 2975 2117 τῷ
3005 2044 3193 2121 Πέτρῳ
3250 2050 3616 2125 προσήγαγεν,
3650 2050 3804 2113 ὅπως

2147 2135 2578 2214 πληροφορήσας
2608 2137 2757 2207 ἡμᾶς
2786 2137 2831 2170 ⁸⁵
2860 2134 3015 2209 πείσῃ
3061 2135 3184 2208 περὶ
3230 2141 3340 2191 τῶν
3394 2142 3465 2211 τῇ
3523 2135 3808 2212 θεοσεϐείᾳ

2149 2222 2529 2303 διαφερόντων.
2591 2224 2683 2278 Διὸ
2740 2223 2828 2278 καὶ
2888 2225 2966 2290 σὶ,
3030 2231 3200 2301 μῆτερ
3259 2228 3325 2297 ³⁸,
3360 2227 3650 2303 εὐχόμεθα,
3708 2228 3811 2285 ἵνα

2150 2315 2223 2367 ὢν
2300 2316 2465 2386 ἡμεῖς
2532 2313 2947 2385 κατηξιώθημεν
3018 2313 3253 2388 ἀγαθῶν,
3320 2315 3527 2371 τούτων
3585 2318 3675 2372 καὶ
3740 2318 3808 2373 σὺ

2154 2397 2478 2477 μεταλάϐῃς,
2512 2399 2660 2463 ὅπως
2690 2406 2887 2456 κοινῶν
2920 2404 2963 2438 ³⁷
2995 2400 3141 2457 ἁλῶν
3175 2403 3265 2458 καὶ
3303 2404 3578 2480 τραπέζης
3634 2427 3807 2479 μετα-

2150 2485 2335 2546 λαϐεῖν
2387 2487 2722 2563 δυνηθῶμεν.
2756 2490 2903 2561 Αὕτη
2955 2488 3045 2546 οὖν
3092 2490 3232 2546 ἐστιν
3261 2494 3296 2562 ἡ
3338 2492 3505 2558 αἰτία,
3550 2500 3803 2568 τεκοῦσα,

2152 2576 2221 2634 δι’
2248 2581 2310 2649 ἣν
2342 2578 2587 2653 ἐνόμιζες
2609 2582 2756 2653 ἡμᾶς
2785 2581 3150 2652 τεθνάναι,τῷ
3174 2584 3217 2617 ³⁸
3250 2581 3424 2656 ἐκείνῃ
3451 2587 3519 2656 τῇ
3544 2584 3807 2659 χαλεπω-

2147 2670 2280 2743 τάτῃ
2335 2668 2484 2723 νυκτὶ
2547 2669 2649 2723 ὑπὸ
2696 2673 2965 2742 πειρατῶν
3021 2668 3247 2745 ἀρθῆναι
3279 2670 3329 2725 έν
3372 2669 3615 2747 πελάγει,
3652 2673 3712 2728 σε
3745 2670 3809 2729 δὲ

2151 2757 2392 2831 νομίζειν
2426 2760 2574 2830 ἡμᾶς
2606 2754 2952 2812 ἀπολωλέναι
2964 2801 2976 2813 .

2222 2872 2319 2921 IX.
2345 2868 2525 2922 Ταῦτα
2553 2863 2648 2919 τοῖ’)
2682 2865 2982 2920 Φαυπίνου
3014 2864 3279 2939 εἰπόντος,
3320 2869 3355 2936 ἡ
3391 2870 3572 2944 μήτηρ
3626 2871 3803 2941 ἡμῶν

2150 2956 2449 3030 προσέπεσε
2495 2958 2574 3026 τῷ
2631 2955 2838 3028 Πέτρῳ,
2902 2951 3132 3027 δεομένη
3193 2957 3282 3010 καὶ
3357 2956 3598 3028 ἀξιοῦσα,
3642 2957 3805 3022 ὅπως

2150 3042 2316 3112 αἰτήν
2348 3062 2405 3096 τε
2434 3041 2524 3096 καὶ
2564 3042 2663 3110 τὴν
2715 3037 3001 3116 ξενοδόχον
3064 3041 3233 3112 αὐτῆς
3303 3045 3809 3119 μεταπεμψάμενος

2153 3130 2372 3201 ἐξαυτῆς
2434 3130 2684 3206 βαπτίσῃ,
2737 3128 2850 3194 τίνα,
2911 3131 3065 3208 φησὶ,
3129 3128 3375 3205 μηδεμία
3453 3154 3537 3195 τις
3620 3134 3813 3211 ἡμέρα

2154 3221 2385 3296 ἄμοιρος
2412 3220 2654 3295 γένηται,
2687 3218 2777 3295 ἀφ’
2805 3221 2871 3287 ἧς
2902 3219 2969 3273 τὰ
2998 3218 3237 3291 ἐμαυτῆς
3291 3216 3566 3276 ἀπέλαϐον
3622 3224 3814 3293 τέκνα,

403 3307 759 3379 sumpserim
792 3308 1007 3363 cibum.
1040 3308 1302 3378 Cumque
1334 3324 1440 3362 nos
1469 3308 1670 3363 eadem
1705 3325 1830 3379 quae
1860 3313 2036 3364 mater

2225 3310 2269 3362 θ’
2609 3307 2622 3327 9
2834 3330 2844 3343 κ
3262 3308 3275 3327 9
3354 3315 3376 3325 ν
3570 3310 3583 3329 9
3635 3311 3649 3328 \
3748 3310 3777 3331 τ

2155 3331 2221 3365 κα
2327 3310 2388 3378 ἣν
2451 3308 2510 3362 ἂν
2568 3329 2630 3363 ου
2769 3309 3159 3378 συθεστιαθειην
3218 3329 3426 3372 αυτοις.
3484 3316 3659 3365 Ταυτα
3715 3334 3815 3367 ουν

401 3411 927 3467 comprecaremur,
950 3400 1157 3451 Petrus
1179 3396 1287 3451 ait:
1312 3396 1455 3462 Quid
1478 3397 1717 3467 putatis,
1742 3413 1835 3451 me
1856 3397 2046 3452 immi-

397 3484 751 3541 sericordem
782 3501 910 3541 esse
932 3484 1145 3549 solum,
1174 3486 1327 3557 quod
1359 3485 1537 3540 nolim
1556 3502 1655 3540 vos
1687 3485 1889 3540 matris
1913 3502 2045 3541 con-

392 3572 543 3629 vivio
574 3574 806 3643 sociari,
840 3574 1011 3629 hodie
1049 3572 1209 3628 illam
1259 3574 1610 3645 baptizans?
1647 3575 1756 3629 Sed
1810 3592 2041 3630 necesse

395 3668 485 3719 est
513 3678 638 3718 eam
673 3662 758 3717 vel
792 3679 911 3717 una
940 3663 1033 3717 die
1062 3668 1194 3718 ante
1240 3662 1636 3733 babptismum
1662 3664 1960 3733 jejunare:
1986 3669 2043 3719 et

389 3750 521 3818 hoc,
554 3752 692 3822 quia
712 3751 952 3808 omnino
976 3751 1289 3823 quemdam
1321 3767 1420 3822 pro
1448 3768 1510 3806 se
1567 3750 1759 3806 locuta
1799 3758 1887 3806 est
1918 3769 2037 3807 ser-

387 3856 645 3911 monent,
665 3856 838 3912 quem
870 3857 974 3913 ego
1002 3840 1276 3896 idoneum
1308 3839 1440 3894 fidei
1475 3838 1631 3894 illius
1661 3840 2035 3911 interpretem

387 3927 609 3987 habeo:
644 3928 863 4001 alioqui
896 3928 1100 3985 multis
1130 3928 1319 4001 ipsam
1352 3928 1558 3984 diebus
1588 3930 1891 4001 oportebat
1946 3930 2037 3986 lu-

392 4017 588 4074 strari.

460 4128 526 4180 Χ.
564 4126 628 4180 Et
656 4140 799 4196 ego:
828 4124 923 4179 Dic
950 4123 1137 4193 nobis,
1183 4123 1447 4194 inquam,
1500 4122 1733 4195 qualem
1787 4125 2036 4197 protule-

2154 3398 2245 3453 καὶ
2297 3399 2457 3468 ἡμῶν
2647 3396 2813 3471 μητρὶ
2861 3396 3481 3472 συμπαρακαλεσάντων,
3527 3401 3555 3454 ὁ
3600 3400 3814 3477 Πέτρος

2155 3481 2278 3563 ἔφη·
2307 3484 2367 3539 Τί
2425 3484 2697 3557 νομίζετε,
2731 3484 2836 3559 ἐγὼ
2872 3484 3032 3557 μόνος
3087 3482 3439 3561 ἄσπλαγχνός
3468 3490 3513 3524 ιο
3555 3488 3689 3559 εἶμι,
3725 3488 3819 3544 6n

2156 3576 2231 3647 μὴ
2294 3573 2566 3650 βούλομαι
2623 3574 2762 3646 ὑμᾶς
2805 3576 3206 3642 συνεστιαθῆναι
3239 3577 3279 3611 ⁴¹
3336 3579 3405 3648 τῇ
3470 3576 3657 3652 μητρὶ,
3698 3578 3802 3652 βα-

2152 3664 2336 3719 πτίσας
2372 3663 2536 3732 αὐτὴν
2569 3665 2806 3738 σήμερον
2835 3682 2847 3731 ;
2881 3661 3027 3717 ἀλλά
3074 3662 3168 3717 κᾶν
3232 3664 3357 3736 μίαν
3423 3665 3631 3742 ἡμέραν
3687 3668 3801 3742 πρὸ

2147 3758 2244 3807 τοῦ
2306 3754 2663 3828 βαπτισθῆναι
2714 3756 3004 3821 νηστεῦσαι
3064 3751 3230 3820 αὐτὴν
3295 3750 3396 3809 δεῖ.
3458 3752 3557 3808 Καὶ
3628 3760 3805 3810 ταῦτα

2147 3842 2263 3897 ἐπεὶ
2314 3841 2503 3903 ἁπλῶς
2546 3843 2701 3899 288
2756 3862 2876 3897 τινα
2920 3841 3053 3917 ὑπὲρ
3111 3842 3304 3911 ἑαυτῆς
3362 3841 3645 3920 ἐφθέγξατο
3707 3843 3809 3900 λό-

2146 3952 2243 4006 γον
2272 3933 2339 4003 ⁴²,
2369 3931 2429 3985 ὃν
2459 3929 2567 4005 ἐγὼ
2597 3932 2694 3999 τῆς
2725 3928 2954 3992 πίστεως
2986 3929 3152 3999 αὐτῆς
3190 3930 3370 3986 ἱκανὸν
3399 3931 3636 4005 ἑρμηνέα
3666 3954 3805 3987 συν-

2146 4017 2308 4075 εῖδον·
2343 4018 2457 4074 ἐπεὶ
2488 4016 2713 4073 πολλῶν
2769 4020 2993 4094 ἡμερῶν
3043 4017 3209 4087 αὐτὴν
3242 4018 3557 4095 ἀγνισθῆναι
3588 4023 3633 4057 ⁴³
3662 4018 3803 4080 ἔδει.

2214 4133 2277 4184 Χ.
2312 4126 2474 4201 Κάγὼ
2527 4122 2682 4202 ἔφην·
2714 4124 2850 4180 Εἰπὲ
2906 4127 3042 4197 ἡμῖν
3099 4125 3217 4180 τίνα
3275 4124 3565 4203 ἐφθέγξατο
3598 4126 3800 4203 λόγον,

383 4212 460 4269 rit
481 4229 833 4284 sermonem,
867 4213 966 4285 qui
991 4213 1163 4267 fidem
1196 4211 1351 4267 illius
1381 4213 1734 4283 patefecerit.
1770 4214 2033 4287 Respon-

2153 4212 2199 4275 ἲς
2238 4218 2283 4250 ⁸⁸
2332 4215 2430 4282 τήν
2484 4213 2664 4267 πίστιν
2720 4212 2889 4281 αὐτῆς
2940 4212 3185 4291 ἐξέφηνεν
3246 4217 3309 4271 ⁴⁶.
3346 4216 3449 4271 Καὶ
3506 4216 3534 4271 ὁ
3584 4218 3800 4293 Πέτρος

387 4302 475 4358 dit
503 4307 746 4358 Petrus:
783 4301 883 4357 Ille
922 4317 1113 4357 sermo
1144 4306 1253 4370 est,
1287 4318 1400 4373 quo
1434 4302 1655 4374 rogavit
1686 4308 1751 4357 ut
1801 4304 2034 4376 hospita

2153 4300 2266 4381 ἔφη·
2300 4304 2363 4359 Ἠ
2396 4301 2614 4374 ἀξίωσις
2676 4300 2841 4371 αὐτῆς
2900 4306 2998 4356 τοῦ
3054 4297 3523 4374 συμϐαπτισθῆναι
3580 4309 3624 4341 ⁴⁶
3654 4306 3798 4381 αὐτῇ

384 4396 443 4447 et
471 4392 733 4447 beneﬁca
761 4390 937 4447 simul
966 4390 1358 4463 baptizaretur
1387 4406 1519 4445 cum
1575 4390 1721 4462 ipsa.
1768 4393 1893 4448 Non
1925 4410 2031 4449 au-

2153 4393 2235 4461 τὴν
2297 4390 2584 4466 ξενοδόχον
2645 4390 2733 4445 καὶ
2791 4390 3075 4467 εὐεργέτιν.
3112 4390 3221 4446 Οὐκ
3275 4392 3333 4446 ἂν
3396 4390 3453 4447 δὲ
3506 4399 3668 4448 τοῦτο
3720 4401 3793 4469 τῇ

382 4485 503 4536 tem
536 4485 783 4551 rogaret,
818 4484 882 4535 ut
913 4479 996 4533 illi
1028 4495 1206 4551 quam
1264 4478 1454 4548 diligit
1500 4484 1878 4551 praestaretur
1910 4482 2030 4538 haec

2153 4481 2229 4535 ὄπ’
2258 4480 2423 4549 αὐτῆς
2481 4480 2793 4555 ποθουμένη
2851 4478 3071 4550 δοθῆναι
3115 4479 3431 4555 παρεκάλει,
3464 4482 3510 4536 εἰ
3545 4485 3621 4556 μή
3654 4485 3795 4557 πρό-

381 4568 594 4638 gratia,
624 4569 736 4624 nisi
773 4569 936 4640 prius
961 4583 1098 4639 erga
1147 4566 1506 4639 baptismum
1556 4573 1835 4639 tanquam
1893 4586 2031 4643 erga

2153 4590 2289 4644 τερον
2324 4570 2456 4639 αύτῆ
2492 4567 2700 4639 διετέθη
2732 4572 2773 4605 ‘7
2801 4569 2875 4631 ὡς
2935 4569 3023 4624 ἐπὶ
3085 4567 3299 4644 μεγάλη
3355 4574 3424 4644 τῇ
3461 4575 3559 4626 τοῦ
3592 4572 3797 4643 βαπτί-

382 4672 671 4729 magnum
704 4674 920 4713 munus
942 4662 1095 4712 esset
1124 4656 1347 4711 aﬂ'ecta.
1383 4654 1544 4711 Unde
1577 4672 1682 4728 ego
1715 4658 2026 4729 reprehen-

2153 4680 2345 4731 τματος
2404 4656 2597 4734 δωρεᾷ.
2657 4662 2811 4723 Ὅθεν
2887 4658 2992 4735 ἐγὼ
3066 4656 3291 4713 πολλῶν
3374 4662 3796 4736 καταγινώσ-ιιω,

382 4745 456 4802 do
481 4745 788 4817 plurimos,
822 4746 920 4819 qui
953 4762 1087 4801 cum
1121 4744 1395 4816 baptizati
1430 4745 1661 4813 fuerint,
1709 4753 1765 4800 et
1794 4748 2025 4804 credere

2153 4747 2337 4803 Ξπόταν
2371 4750 2436 4816 ³⁸,
2474 4746 2850 4823 βαπτισθέντες
2899 4746 2989 4801 καὶ
3038 4745 3306 4801 πιστεύειν
3367 4745 3639 4823 λέγοντες,
3677 4772 3797 4822 μη-

377 4851 442 4891 se
472 4836 691 4903 dicant,
725 4835 875 4891 nihil
932 4840 1131 4891 tamen
1164 4835 1404 4906 dignum
1462 4834 1575 4889 fide
1604 4840 1799 4904 agant,
1834 4854 2026 4910 neque

2153 4836 2222 4892 i‘sv
2256 4838 2399 4908 ἄξιον
2454 4836 2686 4899 πίστεως
2740 4840 2960 4907 ποιῶσι,
2998 4832 3127 4909 μηδ’
3176 4834 3269 4899 οὓς
3300 4835 3600 4911 ἀγαπῶσιν,
3634 4839 3795 4914 λέγω

376 4939 477 4980 eos
509 4941 659 4997 quos
690 4926 946 4998 diligunt
978 4924 1232 4995 (uxores,
1269 4922 1534 4993 inquam,
1565 4923 1653 4978 vel
1710 4924 1883 4995 ﬁlios,
1936 4926 2027 4984 vel

2153 4926 2203 4996 Βῆ
2234 4931 2487 5003 γυναῖκας
2518 4925 2691 4981 αὐτῶν
2707 4926 2741 4995 ἢ
2761 4924 2910 4987 υἱοὺς
2932 4926 2968 4994 ἢ
2988 4923 3204 5003 φίλους,
3219 4924 3355 5001 πρὸς
3378 4930 3539 4981 τοῦτο
3560 4928 3798 5004 προτρέ-

378 5012 620 5086 amicos)
647 5014 720 5070 ad
744 5014 852 5070 hoc
893 5013 1217 5069 hortentur.
1270 5011 1415 5067 Nam
1448 5010 1498 5067 si
1557 5013 1878 5083 crederent,
1937 5017 2023 5072 vi-

2153 5037 2362 5072 τωνται.
2424 5014 2486 5072 Εἰ
2543 5014 2647 5090 γάρ
2721 5013 3105 5069 πεπιστεύκασι
3185 5014 3329 5083 ζωήν
3410 5013 3631 5070 αἰώνιον
3688 5015 3791 5073 σὺν

1726 5174 1897 5230 VARI
1904 5180 1964 5231 ιΕ
2001 5176 2414 5233 LECTIONES.

444 5310 490 5345 ²⁰
521 5309 606 5366 Ita
636 5311 816 5379 Epit.,
848 5304 995 5383 λέγω
1056 5303 1112 5361 δέ
1161 5308 1223 5374 C,
1256 5312 1320 5364 Ο.
1351 5381 1359 5383 _
1398 5308 1442 5343 ³ο
1473 5304 1680 5383 φιλίοις
1708 5308 1798 5383 0.,
1848 5310 1892 5346 ³1
1927 5312 2157 5382 Recogn.
2217 5328 2341 5369 vm.
2371 5311 2441 5364 33
2475 5311 2717 5383 :_Fertur
2772 5308 2921 5364 enim
2943 5310 3011 5383 in
3041 5310 3308 5383 religione
3365 5317 3551 5365 nostra
3602 5324 3789 5368 sermo

371 5381 437 5438 de
463 5383 738 5454 PrOphera
767 5380 999 5454 quodam
1020 5396 1121 5454 per
1149 5396 1309 5454 quem
1337 5380 1670 5436 immortalis
1700 5391 1750 5436 et
1781 5381 1937 5437 beata
1966 5380 2083 5438 vitri
2113 5383 2457 5438 credentibus
2487 5380 2675 5454 dapda
2701 5381 3066 5454 promittitur.
3098 5382 3249 5454 Hunc
3287 5398 3417 5454 ergo
3467 5398 3592 5454 nos__
3616 5387 3789 5454 puta-

371 5445 1329 5526 bamus-Simonem.Sed'ttzectibi,
1359 5455 1553 5526 mater,
1586 5456 1948 5526 opportunius
1973 5463 2333 5526 exponentur.
2408 5454 2456 5487 ³³
2487 5445 2751 5526 οχλονλῧ,
2786 5452 2885 5526 qui
2943 5452 3112 5526 conj
3154 5445 3445 5526 ὄχλος-,τίη
3489 5452 3531 5508 Ο
3564 5445 3783 5526 δ’)ζλωνἒ

368 5525 414 5560 ³³
450 5531 619 5601 μῆτερ
652 5525 708 5587 εν
743 5524 1005 5601 parte?
1039 5523 1101 5601 (ξι
1134 5592 1146 5601 .
1178 5520 1864 5601 ζειαί..
1906 5526 1985 5601 ᾖδε
2016 5520 2624 5601 ἡμᾶςπληροφορήξας
2655 5520 2751 5601 0.;
2793 5520 2837 5601 ξε
2870 5520 3149 5601 μερξιενῖυ.
3715 5523 3783 5579 τε

369 5592 521 5666 conj.
554 5592 609 5663 δ’,
645 5597 789 5651 satis
820 5592 986 5650 bene.
1059 5596 1102 5629 3°
1130 5592 1180 5646 ἐν
1280 5595 1354 5664 μή
1379 5611 1445 5666 _p.
1479 5594 1596 5666 καθ’
1716 5592 1774 5646 ἂν
1800 5593 1860 5647 οὐ
1887 5600 1943 5649 C.
1967 5592 2226 5651 Subinde
2256 5592 2677 5659 συνεστιασθείην
2711 5596 2851 5665 Epit.
2872 5592 2948 5649 Vc.
2970 5596 3071 5649 1Οὸ
3101 5601 3158 5649 et
3202 5595 3267 5661 Ο,
3302 5592 3681 5663 συνεστιάσθην
3713 5602 3776 5653 C.

372 5662 519 5739 Tum
550 5662 717 5721 ταυτά
746 5668 803 5735 S,
835 5669 1002 5739 ταύτα
1031 5666 1089 5734 C,
1124 5662 1309 5739 0.7-7"?0
1341 5662 1810 5739 edicjtlayxvquO.
1849 5666 1970 5721 Alia
2023 5686 2180 5739 mali.
2220 5669 2497 5739 praaiuisit
2538 5666 2705 5739 potin
2742 5662 2923 5739 marg.
3001 5667 3055 5739 ‘1
3081 5667 3164 5739 Ita.
3216 5668 3261 5722 Ο
3320 5683 3370 5721 c.
3418 5667 3476 5721 S.
3537 5685 3780 5739 συνεστι-

378 5738 603 5816 ασθῆναι
634 5741 699 5816 (1:
772 5734 817 5816 ξδ’
849 5735 1159 5816 λόγον-0111Ζ
1332 5738 1377 5772 ‘3
1399 5734 1877 5816 ,ἀφελλῆνισθῆναι
1909 5743 1968 5793 C.
2001 5740 2109 5816 __‘f_
2131 5737 2160 5792 ὅ
2188 5734 2246 5816 ς,
2502 5734 2565 5816 ‘f.
2596 5734 2852 5816 ἐξέφηνεν
2873 5734 2986 5816 ’μη
3017 5734 3258 5816 ἐξέφανεν
3309 5743 3369 5812 Ο,
3421 5739 3488 5795 Ο.
3563 5739 3607 5773 ⁴⁶
3639 5737 3781 5816 βαπ-

380 5757 603 5803 ασυηναι
634 5757 694 5795 υ.
772 5757 816 5773 ⁹¹⁵
850 5757 1010 5813 Λογον
1040 5757 1156 5794 0m.
1191 5757 1255 5793 U.
1332 5757 1377 5772 ’³
1418 5757 1877 5811 αφεΛΛηνισῠηναι
1909 5757 1968 5793 υ.
2046 5757 2093 5775 ⁸*
2131 5757 2159 5792 Ο
2188 5757 2246 5810 υ,
2357 5757 2423 5795 U.
2502 5757 2546 5774 ’⁸
2596 5757 2676 5807 εζε
2719 5757 2844 5807 ηνεν
2896 5757 2959 5804 υ,
3017 5757 3219 5813 εζεφανε

380 5807 630 5880 τισθῆναι
663 5809 726 5866 Ο.
758 5814 900 5867 Cum
931 5810 1058 5867 eod.
1090 5807 1291 5867 addidi
1321 5804 1410 5862 καί
1440 5813 1577 5881 post
1606 5804 1917 5884 ξενοδόχον.
1995 5811 2039 5846 ⁴⁷
2069 5810 2156 5867 Ita
2180 5811 2224 5866 Ο
2254 5827 2305 5869 0.
2339 5810 2398 5882 S,
2433 5805 2640 5881 διεθέτη
2809 5808 2853 5846 ⁴⁸
2886 5804 3037 5865 ὁπότ’
3065 5804 3127 5865 ἄν
3158 5813 3219 5867 C.
