4086 6216
276 300 367 360 337
1319 302 1847 365 CLEMENTINA.
1880 333 1960 349 —
1997 302 2328 364 HOMILIA
2370 302 2530 366 XIII.

3512 307 3635 371 338

273 440 364 488 tam
390 435 652 488 eternam
682 449 813 488 cum
863 433 1057 503 bonis,
1107 435 1382 508 operibus
1415 454 1447 493 a
1480 442 1591 493 Deo
1632 442 1857 511 propter

1979 433 2156 510 ἔργοις
2207 436 2400 498 καλοῖς
2458 434 2745 513 δωρεῖσθαι
2821 434 2914 492 τὸν
2971 438 3098 492 Θεὸν
3158 435 3245 493 ἐπὶ
3301 436 3381 512 τῷ
3444 440 3634 515 βαπτί-

268 520 592 591 baptismum
625 521 918 593 dilatione,
962 540 1110 597 quos
1154 525 1451 591 dilatione,
1484 543 1630 597 quos
1662 526 1866 598 dilige-

259 617 383 678 rent,
405 610 471 665 ad
498 627 632 667 eum
662 612 1102 684 suscipiendum
1131 615 1712 671 exhortarentur.Sed
1734 615 1869 671 licet

254 705 483 755 vestrum
516 700 646 772 quis
677 718 689 755 :
724 701 986 773 Diligunt
1026 720 1147 769 eos,
1173 721 1237 760 ac
1262 705 1331 759 de
1361 705 1434 759 iis
1453 710 1590 759 sunt
1612 704 1863 760 solliciti.

252 786 305 843 Id
334 787 565 843 stultum
598 793 703 845 est.
736 790 880 845 Nam
924 807 1028 845 cur
1068 793 1304 847 tandem
1338 810 1436 848 eos
1477 798 1754 866 egrotare
1785 792 1865 847 vi-

252 877 450 941 dentes,
483 878 673 932 autin
715 880 920 935 mortis
967 880 1118 936 viam
1171 880 1401 950 abduci,
1449 886 1551 935 aut
1600 881 1864 953 quaedam

248 965 345 1020 alia
372 964 609 1021 molesta
637 968 948 1037 sustinere,
982 976 1227 1041 gemunt
1258 976 1433 1042 atque
1464 969 1869 1025 miserantur?

249 1055 319 1109 Ita
358 1054 402 1109 si
451 1056 835 1112 credidissent
878 1059 1071 1129 ignem
1140 1063 1424 1114 aeternum
1477 1074 1713 1114 manere
1768 1075 1868 1115 eos

248 1143 329 1216 qui
368 1142 541 1198 Deum
576 1161 690 1199 non
726 1145 943 1214 colunt,
1001 1163 1116 1202 non
1167 1152 1465 1204 cessarent
1508 1164 1740 1204 monere
1777 1146 1866 1203 vel

247 1239 498 1302 tanquam
530 1233 604 1287 de
646 1233 985 1290 infidelibus
1027 1234 1243 1308 dolere,
1294 1237 1434 1292 dum
1481 1253 1579 1292 eos
1623 1239 1868 1292 cernunt

245 1320 562 1392 incredulos,
596 1323 738 1377 certi
773 1323 981 1378 futurae
1029 1323 1265 1379 illorum
1296 1343 1499 1397 pcenaa.
1534 1326 1699 1381 Nunc
1729 1342 1864 1397 ergo

247 1408 504 1480 hospitam
569 1411 920 1467 accersitam
988 1412 1380 1486 interrogabo,
1466 1431 1607 1470 num
1673 1414 1861 1486 legem

250 1503 467 1552 nostram
500 1498 645 1555 velit
688 1499 984 1573 amplecti,
1034 1506 1092 1558 et
1126 1505 1297 1575 prout
1326 1519 1692 1575 consequens
1741 1503 1865 1559 fue-

251 1586 304 1642 rit
326 1603 574 1657 agemus.

301 1677 377 1729 XI.
404 1678 475 1730 At
503 1681 704 1734 vestra
735 1685 942 1748 mater,
976 1680 1278 1752 quoniam,
1314 1686 1380 1736 ut
1410 1682 1575 1737 decet
1605 1680 1861 1749 ﬁdelem,

246 1764 287 1819 in
306 1765 656 1836 baptismum
688 1768 949 1825 animata
978 1775 1088 1838 est,
1121 1771 1210 1826 vel
1243 1788 1359 1826 uno
1392 1770 1485 1825 die
1514 1775 1647 1825 ante
1677 1770 1863 1841 bapti-

240 1869 401 1907 smum
423 1855 681 1925 jejunet.
720 1857 821 1912 Illa
852 1875 983 1914 vero
1024 1859 1285 1929 jurabat,
1339 1860 1540 1914 dicens
1574 1877 1587 1915 ε
1623 1859 1863 1914 Duobus

238 1941 612 2012 superioribus
643 1945 871 2015 diebus,
904 1948 1045 2002 dum
1108 1964 1273 2003 narro
1320 1947 1550 2003 mulieri
1602 1946 1864 2019 recogni-

243 2029 393 2086 tionis
438 2038 740 2105 eventum,
787 2052 889 2107 pro
940 2036 1126 2093 multo
1165 2038 1377 2110 gaudio
1422 2037 1620 2093 cibum
1656 2054 1862 2109 capere

244 2118 442 2190 nequivi
485 2138 500 2190 ;
556 2122 681 2178 nisi
729 2124 886 2195 quod
935 2125 1210 2181 hesterna
1269 2126 1361 2181 die
1410 2125 1650 2197 paulum
1699 2142 1858 2195 aquas

243 2209 454 2279 sumpsi.
502 2211 854 2269 Iuramento
899 2219 1091 2270 autem
1151 2215 1554 2271 testimonium
1612 2215 1858 2286 prebuit

240 2312 353 2351 uxor
378 2298 547 2365 Petri,
583 2301 792 2358 dicens
823 2318 836 2358 :
870 2302 1014 2359 Vere
1043 2302 1191 2358 nihil
1221 2304 1495 2376 gustavit.
1527 2307 1592 2358 Et
1620 2302 1852 2374 Aquila,

238 2385 390 2457 magis
433 2404 567 2443 vero
626 2391 901 2462 deinceps
954 2393 1291 2458 Faustinus,
1338 2392 1419 2448 ait
1471 2410 1484 2447 :
1539 2392 1689 2447 Nihil
1719 2409 1854 2465 ergo

236 2472 395 2529 obstat
425 2477 563 2548 quin
612 2479 957 2550 baptizetur.
989 2482 1136 2536 Tum
1170 2486 1375 2537 Petrus
1406 2482 1736 2551 subridens,
1761 2497 1851 2536 re-

238 2563 431 2632 spondit
464 2582 477 2618 :
512 2566 634 2621 Sed
661 2584 774 2623 non
808 2574 896 2624 est
928 2569 1341 2641 hocjejunium
1365 2570 1662 2642 baptismi,
1695 2571 1851 2641 quod

243 2664 325 2704 non
353 2660 590 2725 propter
650 2656 814 2712 illum
864 2664 1203 2731 susceptum
1254 2664 1363 2715 est.
1418 2660 1489 2715 Et
1536 2660 1852 2716 Faustinus

242 2742 421 2812 excepit
468 2759 483 2798 :
519 2745 639 2800 Sed
692 2745 838 2802 forte
885 2748 1081 2803 volens
1113 2748 1267 2804 Deus
1310 2753 1557 2805 matrem
1589 2753 1851 2803 nostram

236 2842 317 2882 nec
362 2846 475 2886 una
523 2834 650 2900 die,
685 2835 900 2907 agnitis
942 2837 1133 2907 nobis,
1167 2837 1423 2908 separari
1475 2855 1509 2892 a
1560 2836 1851 2893 consortio

234 2935 413 2976 mensae
443 2930 691 2989 nostra,
726 2925 1129 2995 praeordinarit
1181 2926 1287 2981 hoc
1330 2926 1645 2997 jejunium.
1690 2925 1854 2980 Sicut

231 3008 359 3063 enim
415 3011 773 3082 pudicitiam
821 3014 1070 3069 servavit
1120 3015 1178 3069 in
1230 3015 1581 3087 ignorantia,
1634 3014 1852 3070 faciens

232 3100 356 3167 quod
378 3100 692 3157 veritatem
725 3102 910 3170 decet,
942 3103 1025 3158 ita
1054 3108 1111 3158 et
1140 3119 1297 3159 nunc
1322 3108 1471 3160 Deus
1501 3104 1695 3159 forsan
1728 3120 1852 3176 pro-

1978 544 2140 596 σματι
2200 528 2243 561 ‘9
2276 569 2290 591 ,
2352 524 2721 600 ἀνυπερθέτως
2779 525 2873 588 οὕς
2942 527 3172 602 ἠγάπων
3232 528 3626 604 προετρέποντο

1983 613 2363 689 βαπτισθῆναι.
2420 613 2577 669 Ἀλλ’
2635 614 2745 688 ἐρεῖ
2799 636 2881 677 τις
2939 616 3109 689 ὑμῶν·
3170 618 3474 693 Ἀγαπὼσιν
3532 619 3627 674 αύ-

1976 701 2103 764 τοὺς
2154 703 2243 756 καὶ
2296 702 2663 778 φροντίζουσιν
2724 703 2938 757 αὐτῶν.
2997 709 3165 759 Τοῦτο
3226 704 3412 775 εὔηθές
3460 706 3623 766 ἐστιν.

1980 792 2127 845 Ἐπεὶ
2175 790 2227 846 τί
2277 788 2341 862 δή
2385 813 2517 846 ποτε
2564 796 2847 853 νοσοῦντας
2898 793 3145 866 ὁρῶντες,
3178 791 3213 862 ἤ
3252 794 3625 870 ἀπαγομένους

1976 880 2075 947 τὴν
2110 880 2196 934 ἐπὶ
2247 881 2465 935 θάνατον
2496 882 2559 949 ⁵ο,
2591 878 2626 948 ἤ
2659 878 2801 934 ἄλλα
2852 882 2971 935 τινα
3019 880 3239 956 χαλεπά
3285 882 3621 958 πάσχοντας,

1982 965 2269 1044 ὀδύρονται
2307 968 2396 1024 καὶ
2449 967 2689 1024 ἐλεοῦσιν
2718 971 2759 1005 ⁵¹
2798 986 2811 1036 ;
2855 968 3038 1031 Οὕτως
3090 969 3135 1024 εἰ
3184 970 3620 1027 πεπιστεύκεισαν

1976 1058 2199 1113 αἰώνιον
2239 1062 2345 1131 πῦρ
2402 1059 2578 1130 μένειν
2631 1055 2760 1119 τοὺς
2808 1058 2854 1093 ⁶²
2901 1058 2992 1111 τὸν
3041 1058 3165 1112 Θεὸν
3220 1060 3295 1130 μὴ
3348 1055 3622 1133 σέϐοντας,

1976 1144 2076 1201 οὐκ
2135 1147 2194 1200 ἂν
2256 1146 2553 1201 ἐπαύσαντο
2608 1146 3003 1214 νουθετοῦντες,
3060 1143 3096 1214 ἤ
3141 1146 3229 1200 καὶ
3281 1148 3624 1210 ἀπειθοῦντας

1976 1236 2227 1309 ὁρῶντες,
2261 1234 2335 1296 ὠς
2376 1234 2501 1310 περὶ
2533 1233 2772 1288 ἀπίστων
2823 1230 3178 1307 ὀδυνώμενοι,
3228 1236 3326 1303 τὴν
3377 1238 3493 1291 κατ’
3523 1236 3628 1291 aui--

1972 1328 2080 1378 τῶν
2126 1319 2349 1378 κόλασιν
2404 1320 2984 1399 πεπληροφορημένοι.
3046 1324 3197 1381 289
3258 1322 3357 1378 Καὶ
3410 1325 3477 1379 τὰ
3530 1330 3621 1380 νῦν

1973 1414 2071 1481 τὴν
2106 1410 2394 1489 ξενοδόχον
2425 1412 2646 1486 πέμψας
2678 1410 3011 1486 έπανακρινῶ
3041 1414 3085 1448 ³³
3117 1410 3161 1466 εἰ
3190 1411 3282 1467 τὸν
3328 1413 3495 1485 νόμον
3533 1415 3625 1469 τὸν

1974 1499 2044 1557 δι’
2074 1504 2120 1539 ³⁸
2148 1504 2309 1576 ἡμῶν
2342 1501 2551 1577 ἀγαπᾷν
2603 1500 2857 1577 αἱρεῖται·
2900 1499 2989 1554 καὶ
3022 1499 3193 1556 οὕτων
3244 1500 3558 1566 ἀκολούθως
3589 1501 3624 1557 ἃ

1973 1589 2055 1646 δεῖ
2080 1592 2375 1666 πράξομεν.

2043 1682 2135 1737 XI.
2168 1682 2232 1734 Ἦ
2281 1678 2339 1735 δὲ
2390 1681 2574 1756 μήτηρ
2630 1679 2804 1754 ὑμῶν,
2866 1676 3052 1749 ἐπειδὴ
3109 1683 3317 1741 πιστῶς
3361 1677 3619 1736 διάκειται

1971 1770 2095 1846 περὶ
2144 1774 2243 1825 τοῦ
2295 1770 2689 1842 βαπτίσματος,
2738 1768 2835 1823 κᾶν
2891 1768 3012 1842 μίαν
3046 1768 3153 1842 πρὸ
3180 1773 3276 1823 τοῦ
3321 1768 3625 1843 βαπτίσμα-

1972 1881 2063 1921 τος
2122 1857 2465 1930 νηστευσάτω
2523 1856 2754 1931 ἡμέραν.
2807 1858 2867 1912 Ἦ
2928 1855 2985 1912 δὲ
3043 1856 3287 1930 ὤμνυεν·
3347 1857 3451 1912 Δύο
3510 1862 3618 1913 τῶν

1974 1945 2304 2003 διελθουσῶν
2353 1950 2610 2023 ἡμερῶν,
2646 1945 2717 2021 τῇ
2775 1947 2987 2021 γυναικὶ
3034 1945 3101 2001 τὰ
3157 1945 3291 2001 κατὰ
3345 1948 3435 2001 τὸν
3496 1948 3621 2004 ἀνα-

1970 2038 2282 2114 γνωρισμὸν
2313 2034 2675 2111 διηγουμένη,
2707 2035 2812 2089 ὐπὸ
2854 2035 2954 2104 τῆς
3001 2032 3221 2104 πολλῆς
3270 2041 3446 2110 χαρᾶς
3487 2055 3620 2107 τρο-

1970 2132 2075 2204 φῆς
2140 2119 2462 2198 μεταλαϐεῖν
2504 2127 2548 2160 ⁵⁸
2606 2123 2705 2178 οὐκ
2768 2120 3080 2195 ἠδυνήθην,
3144 2124 3171 2192 ἤ
3236 2122 3389 2199 ἐχθὲς
3452 2124 3611 2195 μόνον

1971 2213 2207 2291 βραχέος
2241 2211 2452 2274 ὕδατος.
2502 2210 2874 2286 Ἐμαρτύρησέ
2925 2215 2969 2248 ⁵⁸
3013 2233 3071 2267 τε
3112 2216 3189 2283 τῷ
3238 2212 3441 2287 ὅρκῳῆ
3476 2214 3610 2287 γυνή

1965 2304 2172 2379 Πέτρου
2233 2301 2515 2377 λέγουσα·
2575 2301 2829 2371 Ἀληθῶς
2901 2300 3000 2356 οὐκ
3068 2300 3317 2377 ἐγεύσατο
3351 2344 3365 2359 .
3423 2300 3524 2358 Καὶ
3582 2302 3612 2357 6

1964 2391 2221 2465 Ἀκύλας,
2275 2389 2485 2464 μᾶλλον
2538 2388 2596 2445 δὲ
2640 2395 2737 2445 τοῦ
2787 2389 2984 2445 λοιποῦ
3035 2395 3334 2452 Φαυστῖνος
3386 2392 3449 2458 ⁸⁷,
3482 2387 3609 2469 ἔφη·

1964 2481 2170 2538 Οὐκοῦν
2222 2478 2375 2536 οὐδὲν
2424 2479 2627 2535 κωλύει
2680 2479 2845 2547 αὐτὴν
2897 2480 3272 2554 βαπτισθῆναι.
3308 2477 3405 2534 Καὶ
3438 2480 3466 2534 6
3506 2480 3609 2535 Πέ-

1959 2591 2089 2646 τρος
2127 2570 2360 2645 γελάσας
2404 2568 2747 2643 ἀπεκρίνατο·
2796 2567 2952 2623 Ἀλλ’
2999 2567 3098 2622 ούκ
3142 2563 3250 2621 ἔστι
3300 2572 3459 2623 τοῦτο
3506 2589 3609 2638 νη-

1962 2660 2109 2715 στεία
2160 2659 2554 2735 βαπτίσματος,
2586 2658 2616 2712 ’ὀ
2645 2660 2688 2694 ⁵³
2722 2658 2797 2730 μή
2849 2654 2917 2711 δι’
2966 2656 3095 2711 αὐτὸ
3140 2656 3375 2731 γέγονεν.
3424 2656 3519 2710 Καὶ
3572 2657 3601 2710 6

1962 2752 2264 2808 Φαυστῖνος
2313 2744 2651 2819 ἀπεκρίνατο·
2704 2745 2860 2805 Ἴσως
2910 2744 3000 2798 οὗν
3052 2743 3079 2797 6
3128 2744 3276 2816 Θεὸς,
3333 2741 3603 2819 βουλόμε-

1961 2856 2049 2897 νος
2094 2838 2255 2907 ἡμῶν
2299 2835 2399 2903 τήν
2463 2833 2672 2908 μητέρα
2723 2830 2993 2907 μηδεμίαν
3053 2833 3261 2907 ἡμέραν
3324 2832 3456 2905 μετά
3510 2834 3602 2888 τὸν

1962 2924 2367 3001 ἀναγνωρισμὸν
2443 2924 2682 3000 χωρίσαι
2762 2928 2861 2990 τῆς
2935 2923 3203 2998 ἡμετέρας
3277 2921 3598 2998 τραπέζης,

1962 3012 2423 3089 προῳκονόμησεν
2481 3012 2582 3081 τὴν
2638 3010 2931 3081 νηστείαν.
2994 3012 3081 3072 Ὡς
3140 3011 3240 3087 γὰρ
3310 3010 3602 3088 ἐσωφρόνει

1963 3103 2015 3158 ἐν
2052 3102 2240 3179 ἀγνοίᾳ
2280 3102 2343 3156 τὸ
2391 3099 2594 3176 πρέπον
2644 3104 2712 3173 τῇ
2763 3098 2993 3171 ἀληθείᾳ
3042 3101 3335 3169 ποιήσασα,
3388 3098 3529 3154 οὕτω
3568 3102 3613 3137 ⁵9

230 3186 363 3255 vidit,
392 3205 517 3245 eam
552 3196 700 3246 ante
731 3208 916 3247 unum
949 3193 1104 3248 diem
1126 3194 1395 3264 jejunare
1429 3209 1533 3264 pro
1582 3208 1715 3249 vero
1748 3194 1852 3247 ba-

1972 3192 2052 3246 καὶ
2082 3195 2173 3244 νῦν
2207 3192 2235 3245 6
2265 3191 2390 3251 Θεὸς
2428 3187 2565 3250 ’ίσως
2616 3188 2965 3261 ᾠκονόμησεν
3012 3187 3179 3255 αὐτὴν
3210 3188 3316 3261 πρὸ
3357 3194 3481 3260 μιᾶς
3511 3208 3611 3257 νη-

229 3274 502 3345 ptismo,ut
532 3296 579 3335 ει
597 3280 788 3351 primo
831 3280 924 3336 die
963 3281 1277 3354 agnitionis
1308 3286 1520 3337 nostra
1546 3281 1853 3337 nobiscum

227 3370 394 3433 posset
420 3367 613 3423 salem
645 3385 749 3424 seu
780 3368 977 3425 cibum
1008 3386 1234 3441 capere.

282 3548 392 3602 XII.
424 3547 587 3603 Tum
619 3548 825 3603 Petrus
876 3564 889 3604 :
942 3549 1067 3605 Non
1100 3566 1225 3617 nos,
1269 3547 1482 3621 inquit,
1508 3548 1699 3604 vincat
1729 3564 1853 3604 ma-

225 3630 346 3702 litia,
376 3640 730 3708 praetextum
764 3641 933 3693 nacta
974 3637 1399 3693 Providentiam
1442 3641 1501 3691 et
1532 3637 1736 3693 matris
1768 3638 1852 3692 af-

226 3722 412 3780 fectum
444 3744 457 3781 :
490 3726 605 3782 sed
639 3726 827 3799 magis
870 3743 974 3781 vos
1005 3730 1061 3782 et
1107 3742 1213 3798 ego
1252 3726 1554 3782 vobiscum
1589 3726 1760 3782 hodie
1792 3728 1850 3781 in

216 3810 415 3881 jejunio
448 3830 913 3887 per-maneamus
938 3833 951 3883 ;
974 3820 1031 3871 et
1052 3831 1182 3870 cras
1215 3814 1621 3886 baptizabitur.
1651 3816 1850 3887 Neque

223 3902 352 3955 enim
405 3902 711 3958 hodiernae
749 3903 861 3959 diei
896 3903 1041 3958 hora
1072 3905 1141 3959 ad
1176 3903 1536 3976 baptismum
1575 3908 1710 3975 apta
1739 3908 1847 3960 est.

222 3985 396 4060 Itaque
424 3992 511 4047 sic
538 3991 672 4046 fieri
703 4008 906 4047 omnes
937 3991 1363 4047 consensimus.

282 4170 417 4228 XIII.
450 4173 574 4229 Hac
610 4188 747 4245 ergo
778 4188 1017 4244 vespera
1048 4171 1242 4227 cuncti
1277 4171 1433 4227 fruiti
1466 4188 1674 4227 sumus
1694 4171 1850 4227 Petri

224 4259 595 4334 doctrina,qui
626 4262 793 4317 nobis
816 4260 1071 4317 ostendit
1091 4278 1195 4333 per
1224 4261 1585 4318 occasionem
1620 4261 1847 4329 matris,

226 4362 319 4419 quo
348 4351 518 4407 modo
542 4350 839 4423 pudicitiae
873 4352 1016 4406 fines
1038 4350 1157 4405 sint
1186 4350 1342 4418 boni,
1378 4351 1521 4406 fines
1550 4366 1682 4405 vero
1713 4366 1853 4405 moe-

223 4437 345 4494 chim
372 4440 662 4510 exitiales,
694 4445 750 4496 et
780 4440 859 4496 ita
900 4444 1111 4495 natura
1153 4440 1491 4512 comparati,
1524 4443 1591 4495 ut
1616 4439 1722 4495 toti
1752 4454 1850 4511 ge-

1964 3284 2176 3335 στεῦσαι
2223 3282 2269 3316 ⁶⁰
2319 3279 2450 3350 ὑπὲρ
2501 3281 2600 3332 τοῦ
2648 3276 2888 3346 ἀληθοῦς
2951 3273 3461 3351 βαπτίσματος,“ίνα
3506 3277 3613 3331 ἀπὸ

1961 3370 2188 3442 πρώτης
2231 3368 2442 3441 ἡμέρας
2487 3370 2585 3421 τοῦ
2627 3365 2889 3442 γνωρίσαι
2935 3367 3084 3439 ἡμᾶς
3135 3365 3227 3419 σὺν
3272 3367 3407 3438 ἡμῖν
3461 3364 3607 3421 ἁλῶν

1966 3450 2290 3528 μεταλαϐεῖν
2325 3451 2551 3526 δυνηθῇ.

2034 3547 2188 3602 290
2238 3549 2362 3599 XII.
2414 3540 2521 3597 Καὶ
2570 3541 2597 3596 ὁ
2648 3542 2851 3617 Πέτρος
2900 3537 3024 3618 ἔφη·
3076 3541 3164 3609 Μὴ
3215 3543 3361 3614 ἡμᾶς
3408 3541 3606 3596 νικάτω

1961 3636 1996 3699 ἡ
2028 3634 2207 3704 κακία,
2241 3632 2509 3709 πρόφασιν
2563 3631 2793 3706 εὑροῦσα
2838 3631 2937 3699 τήν
2986 3628 3243 3704 πρόνοιαν
3290 3629 3379 3684 καὶ
3416 3632 3606 3684 τεκού-

1962 3744 2063 3793 σης
2120 3722 2375 3798 στοργήν·
2437 3718 2583 3775 ἀλλὰ
2634 3717 2847 3793 μᾶλλον
2909 3719 3063 3791 ὑμεῖς
3120 3718 3269 3794 κάγὼ
3327 3720 3418 3773 σὺν
3481 3719 3607 3791 ὑμῖν

1961 3809 2327 3885 διαμείνωμεν
2377 3810 2475 3878 τὴν
2525 3810 2765 3884 σήμερον
2817 3806 2869 3862 έν
2920 3806 3139 3877 νηστείᾳ
3184 3810 3249 3878 ⁶¹,
3282 3805 3370 3860 καὶ
3418 3803 3603 3882 αὔριον

1964 3901 2402 3977 βαπτισθήσεται.
2450 3895 2586 3952 Ούδὶ
2630 3898 2732 3973 γὰρ
2781 3898 2817 3965 ἡ
2873 3894 2987 3971 ὥρα
3031 3902 3131 3964 τῆς
3179 3896 3415 3971 σήμερον
3464 3893 3605 3968 ἠμέ-

1960 4010 2054 4065 ρας
2086 3986 2394 4059 ἐπιτήδειός
2447 3986 2585 4042 ἐστιν
2633 3985 2707 4047 εἶς
2759 3984 3057 4061 βάπτισμα.
3091 3984 3193 4041 Καὶ
3232 3985 3383 4056 ὁμῶς
3432 3983 3606 4045 οὕτως

1956 4079 2192 4155 γενέσθαι
2226 4078 2279 4133 οἱ
2311 4076 2505 4132 πάντες
2538 4072 3029 4146 συνευδοκήσαμεν.

2029 4170 2176 4225 XIII.
2212 4166 2392 4236 Αὐτῆς
2451 4164 2541 4220 οῦν
2590 4171 2690 4234 τῆς
2749 4168 2794 4201 ⁶²
2853 4164 3079 4239 ἑσπέρας
3138 4169 3240 4232 τῆς
3299 4160 3502 4239 Πέτρου
3561 4146 3611 4217 εί

1959 4259 2154 4319 πάντες
2235 4253 2585 4315 διδασκαλίας
2643 4250 2987 4327 ἀπελαύομεν
3018 4300 3033 4325 ,
3094 4249 3398 4314 δεικνύντος
3471 4254 3607 4326 ἡμῖν

1962 4345 2021 4402 ἐκ
2070 4353 2170 4415 τῆς
2216 4345 2353 4400 κατὰ
2397 4344 2497 4413 τήν
2548 4343 2757 4419 μητέρα
2804 4340 3147 4419 προφάσεως,
3196 4340 3303 4396 τίνι
3353 4339 3507 4416 λόγῳ
3542 4338 3611 4395 τὰ

1959 4435 2093 4506 τέλη
2124 4441 2225 4504 τῆς
2258 4432 2612 4511 σωφροσύνης
2665 4429 2828 4497 καλὰ,
2859 4431 2925 4485 τὰ
2973 4428 3031 4485 δὲ
3075 4436 3177 4499 τῆς
3226 4428 3478 4505 μοιχείας
3508 4449 3610 4505 χα-

225 4526 327 4579 neri
359 4527 677 4599 perniciem
712 4527 1223 4593 inferant,etiamsi
1260 4544 1373 4582 non
1407 4528 1630 4597 statim,
1653 4531 1851 4582 tamen

1972 4524 2100 4580 λεπά
2132 4520 2261 4577 ὄντα
2309 4521 2426 4594 ὅλῳ
2473 4520 2615 4595 γένει
2668 4522 2713 4557 ⁸³
2759 4514 2985 4594 ὄλεθρον
3040 4523 3216 4573 ποιεῖν
3269 4518 3424 4595 φύσιν
3466 4514 3604 4593 ἔχει,

222 4612 336 4670 licet
360 4618 547 4673 tarde.
583 4618 647 4673 ln
679 4622 911 4671 tantum
945 4621 1162 4680 autem,
1192 4616 1405 4687 inquit,
1426 4616 1707 4688 pudicitia
1735 4616 1851 4670 Deo

1972 4614 2057 4669 κάν
2093 4614 2167 4685 μή
2199 4610 2433 4687 ταχέως,
2484 4608 2609 4665 ἀλλ’
2643 4606 2732 4663 οὖν
2766 4629 2829 4683 γε
2866 4607 2962 4662 κᾶν
3018 4604 3280 4682 βραδέως.
3316 4606 3436 4661 Ἐπὶ
3479 4627 3605 4661 τοσ-

222 4702 409 4773 placet,
435 4711 503 4761 ut
531 4707 709 4763 etiam
742 4706 834 4760 his
867 4704 969 4777 qui
1000 4704 1058 4759 in
1090 4721 1283 4761 errore
1312 4710 1450 4760 sunt
1478 4705 1674 4777 positi,
1704 4720 1851 4759 non-

222 4793 350 4849 nibil
378 4797 582 4868 gratiae
612 4811 717 4868 pro
737 4793 840 4850 illa
865 4794 926 4849 in
958 4794 1228 4867 praesenti
1260 4794 1519 4850 conferat
1545 4797 1680 4849 vita.
1705 4793 1853 4849 Nam

1963 4706 2121 4756 οῦτον
2182 4698 2264 4768 δὲ,
2320 4698 2519 4776 φησὶν,
2578 4698 2644 4752 τὰ
2688 4703 2791 4766 τῆς
2849 4694 3203 4772 σωφροσύνης
3260 4694 3472 4768 ἀρέσκει
3524 4698 3607 4767 τῷ

1964 4794 2100 4862 Θεῷ,
2129 4788 2211 4844 ὅτι
2241 4790 2287 4825 ⁸⁵
2314 4785 2403 4842 καί
2430 4790 2548 4848 τοῖς
2578 4784 2629 4841 έν
2661 4783 2840 4858 πλάνῃ
2862 4784 2977 4839 οὖσι
3014 4781 3273 4860 βραχεῖάν
3321 4803 3443 4838 τινα
3472 4782 3604 4859 ὑπὲρ

1559 4979 1801 5036 νΑΗῙίΕ
1840 4977 2245 5037 LECTIONES.

290 5128 331 5197 θ’
354 5128 504 5184 Vbb.
536 5125 622 5181 ἰπὶ
674 5130 755 5197 τῷ

225 5196 549 5273 “haupsz
579 5200 640 5256 C.
684 5191 736 5234 ’ί
775 5191 867 5254 τὸν
920 5193 990 5250 δι’
1020 5191 1160 5252 οω.
1192 5212 1313 5250 var.
1337 5191 1479 5251 lect.
1514 5210 1608 5266 ap.
1666 5194 1726 5251 C.
1782 5192 1827 5227 ⁸⁵
1855 5213 1885 5247 τ
1925 5212 1953 5246 ο
1997 5197 2062 5260 ῆς
2124 5191 2200 5263 μή

229 5278 330 5331 θην.
375 5271 419 5306 ⁸⁸
476 5273 559 5326 Ita
615 5271 770 5336 conj.
829 5272 890 5327 Ο.
953 5268 1067 5336 cuj.
1123 5271 1315 5321 textus
1351 5265 1682 5336 μαρτυρήσει
1742 5268 1806 5320 ut
1860 5211 2028 5336 Epit,
2093 5281 2198 5336 μαρ

229 5278 330 5331 θην.
375 5265 426 5306 ⁸⁶’
476 5273 559 5326 Ita
615 5271 770 5339 conj.
829 5272 890 5327 Ο.
953 5268 1067 5337 cuj.
1123 5271 1315 5321 textus
1351 5265 1682 5339 μαρτυρήσει
1742 5268 1806 5320 ut

232 5287 330 5331 θην.
375 5287 419 5306 ὐ
479 5287 559 5326 ua
615 5287 719 5326 con
758 5312 770 5323 .
829 5287 890 5327 u-

232 5340 669 5422 "-¢1uo-uviav6¢
809 5344 853 5378 ⁸³
882 5339 916 5407 ἦ

948 5340 989 5395 C
1038 5343 1182 5392 Tum
1242 5338 1627 5407 Φαυστινιανός
1680 5354 1750 5407 ρ.Δ
1794 5338 2093 5407 Φαυστῖνῄος

850 5123 1145 5195 απτίσματι
1206 5124 1395 5195 recepi
1454 5139 1524 5178 ex
1569 5122 1635 5178 Ο.
1680 5123 1738 5195 ,⁸ο
1784 5120 2007 5195 Δθοινιλίτῳ
2057 5124 2116 5176 C.
2167 5120 2211 5195 ξι
2262 5114 2501 5195 ἐλεῶσινη
2643 5115 2689 5195 :3
2737 5111 2866 5195 tiret.
2896 5110 3025 5173 τούς
3074 5130 3196 5195 var.
3245 5111 3382 5195 lect.
3414 5128 3507 5195 9p.

2261 5182 2582 5277 μεγαλαὲεῖν
2608 5186 2733 5277 ,ονε
2770 5184 2889 5277 φιὲ
2919 5185 3223 5277 9?);th-
3243 5182 3381 5277 ,τέέξ
3403 5182 3608 5277 ἠδὶὲἷίῖ

2201 5255 2407 5332 τυρήσο
2458 5263 2547 5332 0.,
2604 5255 2898 5332 ἐμαρτύρει
2921 5255 3188 5332 nonnulli
3238 5256 3405 5311 codd.
3448 5256 3606 5332 Epit.

2147 5282 2165 5314 Ι
2201 5281 2264 5314 τυ
2305 5278 2407 5330 ησο
2458 5278 2547 5329 υς,
2604 5278 2899 5341 εμσρτυρεέ
2922 5278 3187 5310 Ποηιιυιιι
3238 5278 3405 5311 (3000..
3448 5278 3606 5324 Βρῑι.

2147 5281 2244 5416 ὅ,
2270 5278 2335 5416 E9.
2363 5330 2599 5416 ἡμέραν,
2624 5334 2733 5416 τῆς,
2780 5328 2940 5415 ἡμων
2994 5325 3337 5416 ὲπχιγγὶιὶὶσεως
3375 5324 3610 5416 χωρίσαι

234 5412 320 5475 τῆς
344 5416 627 5485 τραπέζης,
656 5395 1123 5486 προῳκονόμησεν
1148 5409 1247 5475 τὴν
1278 5405 1542 5477 νηστείαν.
1576 5409 1664 5469 Ὡς
1685 5395 1766 5479 ’γὰ
1829 5404 2196 5482 ἐσωφρόνησεν
2227 5402 2277 5457 ἐν
2311 5395 2517 5476 ἀγνοίῄ,
2545 5399 2608 5454 τὸ
2638 5395 2843 5475 πρέπον
2868 5404 2968 5466 τῆς
3016 5395 3270 5480 ἀληθείας
3316 5395 3609 5463 ποιήσασα,

238 5481 392 5534 οὕτως
422 5485 483 5534 (1-
518 5487 557 5528 σο
586 5485 930 5534 dumdu-nasia
962 5480 1069 5534 πρὸ
1104 5485 1229 5534 μιᾶς
1255 5483 1540 5534 νηστεῦσαι
1567 5479 1731 5534 αὐτὴν
1765 5424 1816 5534 ἓν
1849 5477 2041 5534 ἀγνοίᾳ
2071 5478 2131 5534 C.
2155 5478 2193 5512 ⁶¹
2218 5475 2317 5534 τήν
2352 5475 2589 5534 σήμερον
2637 5468 2999 5534 διαμείνωμεν
3053 5473 3111 5523 C-
3160 5470 3405 5534 Eleme
3449 5470 3512 5521 Ut
3541 5467 3607 5521 Ο·

422 5467 930 5557 Οἰῖίῷκοξιὸμησεν
956 5467 1069 5557 ’πρὸ
1104 5467 1229 5557 μιᾷς
1255 5467 1731 5557 νηστεῦσαιαύτήν
1765 5467 1816 5534 έν
1839 5467 2041 5557 ,ἀγνξίίίξ
2155 5475 2317 5557 ξξὶτήν
2351 5467 2999 5557 ᾁήμὲρονηδιάμείνωμεγ
3053 5473 3111 5523 C.
3160 5470 3405 5556 Epitorne

242 5524 393 5545 -υ--ις
424 5524 483 5541 υ.
520 5524 535 5528 ν
586 5524 757 5557 qmva
812 5524 928 5554 φηγ
970 5524 1000 5535 --
1044 5524 1068 5533 ν
1104 5524 1227 5550 ι--πη
1264 5524 1540 5549 --ι---ηπ-
1568 5524 1726 5547 "np
1765 5524 1811 5534 --
1850 5524 2041 5551 ην--τ
2076 5524 2131 5534 ..-
2231 5524 2309 5543 νην
2358 5524 2551 5546 qr...
2649 5524 2655 5525 γ
2733 5524 2743 5544 ι
2784 5524 2804 5556 ν,
2906 5524 2916 5541 .
3164 5524 3213 5539 ν,
3330 5536 3344 5556 ,
3469 5534 3492 5556 η

240 5553 398 5629 ξῗξῆς
427 5557 639 5629 inserui
669 5574 717 5613 c.
752 5524 1317 5629 5.”_xa{e1ti_6'v'ca_z,
1350 5548 1477 5629 She
1497 5549 1637 5625 γένει
1671 5569 1725 5624 p.
1760 5546 1979 5626 χαλεπά
2008 5546 2131 5605 ὄντα
2162 5544 2280 5620 ὅλῳ
2309 5543 2446 5622 γένει
2590 5545 2741 5600 Tum
2790 5543 2870 5599 1d.
2919 5538 3123 5617 πέφυκε
3170 5557 3225 5612 p.
3280 5557 3433 5616 φυσιν
3467 5555 3604 5611 εχει.

240 5624 279 5658 ⁸⁸
297 5619 549 5688 Pertusa
575 5625 733 5701 ὥστε,
758 5628 845 5687 vel
876 5619 1006 5682 δάὖν
1038 5654 1106 5665 —-
1133 5619 1422 5695 ἀπονέμειν
1450 5626 1506 5678 S.
