4086 6216
3604 124 3633 149 /

334 321 452 387 339
1163 317 1228 379 S.
1274 312 1715 378 CLEMENTIS
1761 312 1783 374 Ι
1829 312 2020 374 BOM.
2068 311 2300 372 PONT.
2345 312 2608 374 OPERA
2651 309 2913 372 DUBIA.
3627 315 3754 376 340

336 455 532 512 futura
561 453 853 510 beatitudo
882 453 1001 509 illis
1033 451 1225 509 solum
1256 451 1616 523 retribuitur,
1650 450 1750 523 qui
1783 448 1972 521 bapti-

2116 441 2258 513 ειότῆς
2317 442 2368 499 ἐν
2418 448 2497 516 τῷ
2552 448 2639 499 νῦν
2701 438 2803 517 ϐίῳ
2860 441 3119 517 ἀπονέμει
3171 443 3332 522 χάριν
3490 446 3598 522 γὰρ
3639 445 3754 501 ἐκεῖ

336 544 445 601 zati
477 546 616 598 sunt
643 546 879 615 propter
910 558 1074 615 spem
1107 540 1165 595 in
1197 557 1353 609 cum,
1388 541 1605 613 quique
1635 538 1974 609 pudicitiam

2116 531 2332 607 ’ωτηρία
2384 531 2571 605 μόνοις
2622 538 2738 594 τοῖς
2784 530 2871 586 διὰ
2926 533 3022 602 τήν
3075 533 3151 595 εθίς
3198 534 3356 589 αὐτὸν
3394 532 3595 590 ἐλπίδα
3651 535 3753 611 βα-

336 635 391 688 et
413 628 707 702 justitiam
739 634 987 687 servant.
1040 630 1545 695 Quemadmodum
1592 627 1822 683 vidistis
1852 642 1979 698 quae

2116 622 2354 676 rusticis:
2432 621 2522 676 καὶ
2579 621 2873 700 σωφρόνως
2934 618 3407 699 δικαιοπραγοῦσιν
3484 620 3748 679 ἀποδίδοο

338 719 511 776 matri
540 722 744 774 vestras
776 720 1170 792 contigerunt,
1222 718 1394 785 bona,
1446 718 1708 789 inquam,
1764 732 1889 787 quae
1919 715 1980 769 in

2116 711 2219 783 at).
2281 711 2485 785 ’Ὠσπερ
2546 710 2811 786 ἐγνώκατε
2886 709 2973 765 ἐπὶ
3035 717 3133 779 τῆς
3212 712 3475 787 ὑμετέρας
3532 714 3741 790 μητρὸς

248 850 259 855 ι
337 809 454 864 ﬁne
482 807 753 864 obtinuit.
802 808 970 863 Forte
1018 808 1174 863 enim
1204 806 1255 863 si
1285 806 1697 873 adulterasset,
1730 821 1760 859 e
1793 803 1982 859 medio

2116 797 2370 870 ιενόμενα,
2433 796 2581 874 λέγω
2640 796 2706 868 δὴ
2762 799 2830 853 τὰ
2888 797 2974 854 ἐπὶ
3031 798 3175 855 τέλει
3231 798 3393 855 καλά.
3427 801 3571 862 Ἴσως
3602 798 3658 855 δὲ
3692 800 3741 855 εἷ

340 896 552 953 fuisset
580 896 830 952 sublata.
866 896 1148 961 Quocirca
1165 895 1437 968 pudicam
1471 896 1784 950 miseratus
1832 893 1987 948 Deus

2116 889 2459 962 ιμοιχήσατο,
2502 887 2741 963 ἀνῄρητο
2790 889 2868 945 ἄν.
2924 888 3017 942 Διὸ
3050 890 3470 966 σωφρονήσασαν
3516 886 3744 959 ἐλεήσας

341 1000 543 1042 necem
598 984 648 1039 ei
692 984 1099 1041 imminentem
1144 984 1370 1055 avertit,
1403 988 1461 1040 et
1502 983 1726 1039 ablatos
1773 981 1988 1037 liberos

2116 978 2127 1029 ί
2176 975 2304 1038 Θεὸς
2362 976 2456 1031 τὸν
2517 978 2635 1031 κατ’
2686 976 2852 1045 αὐτῆς
2913 975 3240 1052 ἀπέστρεψεν
3298 977 3485 1055 φόνον,
3538 978 3627 1032 καὶ
3683 979 3756 1033 τὰ

345 1073 556 1130 reddit.

418 1165 568 1217 XIV.
600 1165 813 1219 Verum
849 1162 1095 1220 fortasse
1135 1160 1277 1216 dicit
1303 1160 1515 1232 aliquis
1546 1178 1562 1214 :
1604 1161 1754 1226 Quot
1783 1160 1855 1215 ob
1886 1175 1992 1231 pu-

348 1250 608 1307 dicitiam
648 1250 869 1323 periere
890 1251 917 1306 ‘I
944 1250 1080 1307 Dico
1113 1265 1127 1305 :
1159 1249 1304 1315 Quia
1334 1265 1449 1305 non
1480 1253 1813 1305 senserunt.
1832 1249 1996 1305 Certe

349 1340 509 1395 enim
540 1344 768 1411 oportet
801 1343 884 1407 ut,
918 1357 1043 1411 quae
1072 1338 1251 1394 sentit
1281 1336 1534 1411 aliquem
1565 1337 1653 1393 vel
1704 1337 1994 1393 amasium

350 1429 439 1486 vel
474 1432 817 1494 amatorem,
864 1428 1050 1502 fugiat
1091 1428 1289 1483 statim
1345 1427 1812 1483 commistionem
1861 1443 1994 1482 cum

355 1534 446 1586 eo,
480 1521 763 1589 tanquam
796 1516 951 1589 ignis
981 1516 1300 1582 flammam,
1339 1515 1427 1572 vel
1456 1532 1659 1571 canem
1690 1514 1986 1571 rabidum.

356 1606 863 1671 Quemadmodum
898 1605 1031 1660 fecit
1060 1621 1185 1676 quae
1207 1620 1307 1660 vos
1337 1604 1580 1677 peperit,
1610 1619 1805 1659 revera
1836 1603 2000 1675 pudi-

358 1694 504 1751 citiae
537 1694 755 1750 bonum
789 1693 1059 1765 diligens.
1097 1694 1333 1765 Propter
1362 1693 1516 1765 quod
1557 1696 1780 1748 servata
1809 1692 1998 1747 vobis-

2100 1064 2451 1142 ἀφαιρεθέντα
2480 1065 2638 1121 τέκνα
2668 1063 2965 1122 ἀπέδωκεν.

2171 1154 2316 1210 XIV.
2348 1152 2505 1209 Ἀλλ’
2545 1152 2657 1231 ἐρεῖ
2701 1174 2785 1215 τις
2834 1150 2983 1216 ἴσως·
3036 1153 3201 1209 Πόσοι
3252 1152 3341 1209 διὰ
3394 1155 3759 1233 σωφροσύνην

2102 1239 2389 1297 ἀπώλοντο
2450 1244 2651 1316 ;Φημὶ
2697 1242 3047 1314 ἀναισθησίας
3095 1242 3243 1315 αἰτίᾳ
3271 1263 3284 1274 '
3335 1246 3448 1319 χρὴ
3502 1245 3606 1321 γὰρ
3653 1246 3760 1313 τὴν

2103 1331 2494 1405 αἶ’σθανομένην
2542 1329 2578 1402 η’
2639 1330 2915 1408 ἐρωμένου
2972 1334 3016 1369 ⁸⁵
3062 1332 3209 1395 τινὸς
3257 1330 3292 1402 ἤ
3342 1336 3385 1369 ⁶⁶
3435 1335 3584 1392 291
3635 1332 3765 1408 ἐρα-

2105 1418 2233 1475 στοῦ
2280 1422 2405 1495 παρ’
2454 1420 2583 1475 αὐτὸ
2639 1425 2825 1499 φυγεῖν
2883 1427 2984 1491 τῆς
3044 1421 3179 1497 πρὸς
3230 1419 3391 1477 αὐτδν
3444 1421 3765 1495 ἐπιμίξεως,

2106 1510 2181 1572 ὡς
2212 1513 2319 1587 πῦρ
2365 1508 2565 1588 φλέγον
2614 1507 2651 1579 ἤ
2703 1508 3003 1565 λυσσοῦντα
3053 1513 3096 1547 ⁸⁷
3140 1509 3287 1566 κύνα·
3340 1505 3503 1587 ὅνπερ
3550 1512 3765 1587 τρόπον

2108 1598 2358 1669 ἐποίησεν
2388 1601 2421 1669 ἡ
2458 1600 2597 1672 ὑμᾶς
2641 1603 2891 1669 τεκοῦσα,
2938 1599 3000 1654 τὸ
3044 1602 3142 1668 τῆς
3190 1599 3545 1678 σωφροσύνης
3582 1596 3767 1673 ὅντῳς

2108 1686 2428 1763 ἀγαπήσασα
2475 1686 2663 1744 καλόν.
2716 1688 2809 1741 Διὸ
2864 1690 2930 1757 ⁸⁸,
2982 1687 3321 1765 φυλαχθεῖσα
3371 1688 3463 1743 σὺν
3517 1689 3645 1762 ὑμῖν
3696 1692 3767 1762 ⁵9,

358 1800 493 1839 cum
527 1783 688 1854 regni
718 1782 1055 1852 sempiterni
1095 1782 1313 1853 accepit
1352 1781 1756 1853 cognitionem.
1794 1780 2001 1836 Mulier

2116 1775 2330 1831 αἶ’ωνίου
2382 1775 2660 1853 βασιλείας
2712 1771 2874 1832 ἔλαϐε
2918 1777 3018 1845 τὴν
3068 1776 3380 1851 ἐπίγνωσιν.
3425 1779 3489 1833 Ἡ
3539 1799 3770 1856 σωφρο-

362 1889 490 1945 quae
523 1872 730 1943 pudice
760 1871 922 1941 cupit
950 1871 1156 1940 vivere,
1184 1871 1332 1925 scire
1360 1870 1549 1939 debet,
1582 1870 1691 1925 sibi
1722 1888 1754 1925 a
1782 1868 2001 1925 malitia

2116 1870 2215 1921 νεῖν
2256 1862 2565 1939 βουλομένη
2598 1868 2735 1939 γυνὴ
2773 1862 2969 1920 εἰδέναι
3019 1865 3251 1944 ὀφείλει,
3282 1866 3366 1921 δτι
3415 1868 3764 1944 φθονουμένη

362 1960 630 2029 invideri,
664 1959 997 2031 multosque
1028 1976 1089 2015 se
1128 1959 1346 2015 amoris
1393 1974 1572 2015 causa
1619 1958 1831 2014 habere
1862 1957 2003 2013 insi-

360 2049 636 2105 diatores.
671 2047 794 2104 Uno
825 2051 1020 2104 autem
1083 2046 1374 2120 pudicitiae
1424 2047 1632 2102 ati‘ectu
1664 2050 1825 2103 casta
1874 2062 2004 2118 per-

359 2154 629 2207 manens,
662 2142 909 2210 sempta,
938 2138 1008 2192 de
1030 2136 1303 2193 omnibus
1332 2135 1574 2191 victoria
1593 2135 1842 2192 salutem
1873 2152 2005 2191 con-

357 2228 645 2299 sequitur.
680 2226 907 2282 Etenim
941 2226 1073 2281 licet
1116 2225 1246 2297 quis
1272 2229 1514 2281 cunctas
1545 2223 1863 2281 excoluerit
1888 2223 2002 2279 vir-

354 2322 530 2386 tutes,
567 2318 638 2371 ob
672 2315 911 2371 unicum
941 2313 1211 2371 adulterii
1244 2318 1546 2387 peccatum
1587 2314 1748 2369 dabit
1776 2329 2001 2385 pcenas,

350 2404 550 2477 inquit
579 2404 881 2477 propheta.

428 2497 548 2548 XV.
572 2492 779 2549 Mulier
804 2492 1041 2565 pudica,
1091 2491 1188 2547 Dei
1214 2490 1575 2548 voluntatem
1609 2491 1851 2563 faciens,
1884 2490 2001 2563 pri-

356 2598 465 2639 mes
497 2598 616 2637 suae
660 2580 970 2637 creationis
1018 2580 1295 2653 praclara
1338 2584 1426 2636 est
1473 2580 1951 2636 commemoratio
1985 2598 1999 2648 ;

356 2670 496 2742 quia
525 2675 676 2727 Deus
707 2670 809 2742 qui
836 2686 990 2725 unus
1040 2674 1148 2738 est,
1183 2669 1405 2725 homini
1436 2670 1537 2725 uni
1580 2686 1759 2725 unam
1791 2668 2005 2725 creavit

354 2757 687 2815 mulierem.
737 2758 935 2815 Adhuc
980 2775 1111 2814 vere
1141 2757 1396 2831 amplius
1448 2762 1646 2815 manet
1690 2759 1919 2831 pudica,
1953 2759 2002 2814 si

358 2847 668 2904 creationis
716 2864 830 2903 non
876 2846 1272 2918 obliviscatur,
1325 2848 1587 2903 futurum
1646 2847 2003 2920 supplicium

360 2934 692 3008 praevideat,
726 2952 831 2991 nec
859 2934 1086 3009 ignoret
1128 2939 1477 2991 aeternorum
1511 2937 1796 2992 bonorum
1830 2936 2005 2993 amis-

361 3025 607 3081 sionem.
661 3024 878 3080 Pudica
927 3024 1161 3090 mulier,
1212 3023 1285 3079 iis
1339 3024 1621 3080 delectata
1670 3023 1769 3097 qui
1801 3023 2005 3080 volunt

362 3112 504 3169 salvi
540 3113 686 3180 ﬁeri,
714 3118 801 3170 est
831 3113 992 3185 pium
1038 3111 1367 3184 exemplum
1417 3112 1742 3168 cultoribus
1795 3112 2002 3168 Divini-

358 3201 495 3257 talis
526 3213 539 3255 :
575 3173 775 3273 utpote
808 3173 970 3256 bona:
1000 3200 1127 3255 vitat
1156 3173 1408 3267 le'x.Quae
1440 3201 1603 3272 cupit
1633 3201 1840 3272 pudice
1871 3219 2001 3275 age-
2031 3173 2074 3241 σε

357 3305 439 3357 re,
490 3290 825 3346 occasiones
868 3288 1162 3345 maledicti
1216 3292 1481 3360 amputat
1528 3306 1541 3345 :
1595 3289 1673 3345 sit
1724 3307 1856 3346 vero
1887 3307 2000 3346 non

357 3380 493 3435 data
536 3377 834 3435 occasione
882 3383 1164 3450 tanquam
1208 3376 1279 3431 ab
1328 3376 1567 3434 inimico
1619 3378 1771 3435 male
1815 3379 1999 3450 audit,

358 3484 391 3523 a
422 3468 537 3523 Deo
568 3466 928 3523 benedicitur
956 3483 1023 3522 ac
1053 3465 1402 3521 vindicatur.
1438 3465 1655 3524 Pudica
1688 3467 1872 3523 Deum
1903 3469 2000 3524 de-

358 3555 595 3627 siderat,
632 3556 810 3611 Deum
837 3554 1046 3627 diligit,
1100 3559 1279 3610 Deum
1311 3553 1580 3626 oblectat,
1613 3556 1727 3613 Deo
1756 3556 2003 3629 gloriam

359 3645 581 3713 defert;
644 3643 981 3701 hominibus
1027 3642 1432 3700 occasionibus
1490 3643 1837 3716 obloquendi
1889 3663 2003 3702 non

364 3733 600 3806 praebet.
634 3732 839 3788 Mulier
887 3732 1100 3805 pudica
1147 3731 1445 3789 excellenti
1498 3733 1781 3807 dignitate
1822 3734 2006 3807 replet

362 3822 679 3879 Ecclesium
711 3825 884 3892 atque
934 3822 1085 3876 bono
1135 3821 1309 3877 odore
1344 3837 1358 3877 :
1391 3826 1448 3877 et
1493 3826 1770 3894 praeterea
1818 3824 2002 3897 magi-

358 3916 613 3968 strorum
665 3910 792 3966 laus
840 3914 949 3977 est,
1000 3909 1371 3981 adjutrixque
1426 3910 1768 3983 pudicitiam
1812 3914 2003 3969 colen-

357 4000 539 4056 tibus.

430 4088 578 4144 XVI.
612 4088 832 4144 Pudica
878 4085 1089 4142 mulier
1138 4091 1421 4159 tanquam
1465 4104 1682 4161 sponso
1729 4090 1870 4147 Filio
1903 4090 2005 4147 Dei

354 4183 621 4243 ornatur,
653 4176 861 4232 vestita
892 4182 1054 4231 sacro
1086 4174 1328 4231 lumine.
1363 4177 1479 4248 Ipsi
1511 4183 1703 4234 autem
1737 4179 1913 4236 decus
1942 4180 2004 4235 in

359 4266 557 4322 anima
586 4268 694 4336 est,
726 4264 971 4320 honesta
1001 4262 1137 4318 vita.
1173 4263 1547 4337 Unguentum
1578 4282 1710 4322 vero
1741 4267 1875 4334 olet,
1908 4268 2005 4324 bo-

360 4372 495 4410 nam
528 4356 765 4411 famam.
800 4351 1075 4409 Praeclare
1101 4353 1315 4408 amicta
1339 4358 1446 4425 est,
1471 4355 1751 4427 pudorem
1776 4356 2002 4426 induta;

358 4447 533 4516 atque
564 4442 833 4516 pretiosis
866 4440 1195 4514 margaritis
1226 4442 1518 4511 redimita,
1577 4445 1853 4501 castificis
1882 4463 2002 4502 ser-

2114 1953 2218 2009 ὑπὸ
2248 1953 2435 2016 κακίας
2467 1955 2731 2033 προφάσει
2767 1952 2969 2030 ἔρωτος
3017 1953 3264 2018 πολλοὺς
3311 1954 3428 2032 ἔχει
3483 1956 3605 2019 τοὺς
3647 1957 3769 2013 ἐπι-

2113 2037 2393 2106 ϐούλους.
2447 2048 2556 2115 Μιᾷ
2614 2040 2671 2098 δὲ
2722 2047 2792 2117 τῇ
2851 2044 2987 2118 πρὸς
3041 2044 3104 2099 τὸ
3171 2050 3466 2123 σωφρονεῖν
3523 2045 3769 2101 ἐνστάσει

2113 2133 2283 2206 σεμνή
2345 2131 2586 2205 μείνασα,
2632 2133 2733 2202 τὴν
2791 2132 2927 2187 κατᾶ
2980 2134 3026 2169 ’⁷ο
3070 2131 3283 2187 πάντων
3335 2133 3460 2204 νίκη
3524 2130 3772 2190 λαϐοῦσα

2114 2222 2351 2290 σωθῆναι
2401 2216 2539 2296 ἔχει.
2587 2223 2686 2276 Καὶ
2736 2222 2839 2297 γὰρ
2886 2220 2931 2275 εἰ
2994 2222 3167 2276 πάντα
3226 2223 3369 2277 καλὲ
3413 2221 3767 2299 διαπράξαιτό

2109 2330 2215 2382 τις,
2252 2315 2351 2383 μιᾷ
2377 2314 2446 2384 τῇ
2476 2309 2613 2386 πρὸς
2638 2310 2703 2366 τὸ
2738 2312 3109 2387 μοιχήσασθαι
3142 2310 3383 2387 ἁμαρτίᾳ
3428 2312 3762 2384 κολασθῆναι

2113 2396 2195 2455 δεῖ
2223 2402 2291 2468 ⁷1,
2324 2399 2351 2454 ὁ
2383 2402 2674 2477 προφήτης
2708 2396 2832 2478 ἔφη.

2184 2490 2294 2547 XV.
2326 2489 2386 2545 Ἣ
2421 2489 2652 2566 σώφρων
2695 2489 2853 2565 γυνὴ,
2902 2488 2963 2543 τὸ
3010 2492 3106 2543 τοῦ
3137 2492 3272 2544 Θεοῦ
3317 2488 3535 2564 θέλημα
3564 2495 3757 2546 ποιοῦ-

2113 2597 2198 2647 σα,
2228 2583 2328 2646 τῆς
2380 2576 2544 2631 αὐτοῦ
2573 2578 2800 2653 πρώτης
2846 2576 3074 2640 κτίσεως
3119 2576 3296 2653 ἀγαθή
3340 2578 3642 2652 ὑπόμνησις
3672 2578 3765 2653 γί-

2111 2683 2277 2720 νεται·
2326 2663 2409 2721 ὅτι
2459 2665 2534 2728 εἷς
2588 2665 2661 2720 ὣν
2691 2667 2718 2721 ὁ
2768 2666 2897 2728 Θεὸς
2930 2664 3000 2720 ἐνὶ
3032 2669 3078 2703 ⁷2
3110 2667 3376 2742 ἀνθρώπῳ
3429 2668 3554 2742 μίαν
3589 2663 3770 2724 ἔκτισε

2110 2759 2351 2831 γοναῖκα.
2388 2756 2505 2810 Ἵζτι
2536 2751 2594 2809 δὲ
2628 2753 2839 2827 μᾶλλον
2896 2755 3127 2834 σώφρων
3182 2756 3347 2829 μένει,
3396 2755 3481 2811 ἐὰν
3516 2764 3618 2827 τῆς
3648 2756 3773 2812 κτίο

2114 2864 2249 2905 σεως
2300 2845 2345 2881 ⁷⁸
2398 2844 2475 2917 μὴ
2526 2841 2976 2915 ἐπιλανθάνηται,
3033 2844 3124 2898 καὶ
3183 2845 3280 2914 τὴν
3336 2843 3557 2899 κόλασιν
3622 2867 3773 2923 προ-

2114 2926 2311 3007 ϐλέπῃ,
2368 2931 2458 2986 καὶ
2522 2935 2631 2987 τῶν
2689 2930 2923 2987 αἰωνίων
2985 2932 3198 3007 ἀγαθῶν
3255 2933 3354 3001 τὴν
3418 2932 3617 3005 ζημίαν
3685 2936 3769 3007 μὴ

2114 3022 2303 3098 ἀγνοῇ.
2331 3022 2394 3077 Ἡ
2425 3020 2655 3099 σώφρων
2687 3022 2848 3097 γυνὴ,
2902 3021 2989 3075 ἐπὶ
3037 3026 3157 3084 τοῖς
3206 3022 3470 3091 σώζεσθαι
3514 3021 3774 3079 θέλουσιν

2111 3107 2380 3183 ἡδομένη,
2440 3107 2785 3186 παράδειγμα
2838 3104 3047 3171 εὐσεϐὲς
3098 3115 3215 3172 τοῖς
3271 3106 3580 3174 θεοσεϐοῦσι
3636 3132 3769 3188 τυγ-

2112 3200 2286 3273 χάνει’
2338 3198 2540 3275 ἀγαθοῦ
2586 3199 2686 3275 γὰρ
2741 3198 2863 3274 βίου
2911 3198 3081 3272 νόμος
3128 3197 3265 3254 ἐστίν
3294 3242 3307 3255 .
3357 3201 3419 3257 Ἡ
3468 3206 3766 3279 σωφρονεῖν

2110 3287 2342 3343 θέλουσα
2387 3289 2483 3350 τὰς
2533 3288 2831 3365 προφάσεις
2876 3294 2976 3357 τῆς
3024 3285 3301 3363 λοιδορίας
3352 3286 3623 3362 ἐκκόπτει,
3675 3288 3766 3344 ἐὰν

2114 3375 2171 3432 δὲ
2222 3379 2297 3450 μή
2348 3374 2665 3452 παρέχουσα
2711 3375 2977 3453 πρόφασιν
3030 3374 3364 3454 λοιδορεῖται
3423 3380 3469 3415 7‘
3526 3378 3603 3441 ὡς
3659 3379 3766 3435 ὑπὸ

2114 3465 2336 3543 ἐχθροῦ,
2373 3465 2476 3520 ὑπὸ
2529 3462 2661 3521 Θεοῦ
2711 3463 3013 3543 εὐλογεῖται
3063 3466 3152 3520 καὶ
3197 3463 3509 3525 ἐκδικεῖται.
3540 3469 3605 3523 Ἡ
3654 3469 3767 3521 σώ-

2114 3576 2261 3634 φρων
2292 3556 2383 3609 τὸν
2434 3553 2562 3610 Θεὸν
2614 3560 2793 3627 ποθεῖ,
2824 3554 2918 3609 τὸν
2965 3556 3090 3611 Θεὸν
3143 3554 3311 3635 φιλεῖ,
3341 3556 3432 3611 τὸν
3484 3556 3611 3611 Θεὸν
3639 3557 3768 3632 τέρ-

2112 3666 2221 3716 πει,
2275 3645 2365 3699 τὸν
2428 3645 2553 3700 Θεὸν
2613 3641 2819 3714 δοξάζει
2855 3661 2871 3679 ⁸
2930 3644 3245 3717 ἀνθρώποις
3303 3644 3569 3723 πρόφασιν
3625 3646 3771 3721 πρὸς

2115 3731 2395 3810 λοιδορίαν
2437 3733 2499 3787 οὐ
2543 3732 2792 3809 παρέχει.
2824 3738 2887 3787 Ἡ
2935 3734 3165 3811 σώφρων
3214 3734 3353 3809 γυνὴ
3385 3733 3486 3803 τήν
3521 3732 3769 3804 Ἐκκλη-

2113 3822 2229 3877 σίαν
2285 3821 2458 3899 ἀγαθῇ
2515 3826 2653 3895 τιμῇ
2707 3821 2917 3899 μυρίζει
2974 3822 3064 3877 καὶ
3123 3822 3210 3877 ἐπὶ
3271 3822 3555 3896 σεμνότητι
3607 3826 3769 3882 292

2114 3910 2341 3983 δοξάζει·
2400 3908 2478 3966 ἔτι
2533 3910 2590 3966 δὲ
2645 3910 2734 3966 καὶ
2793 3908 3133 3966 διδασκάλων
3186 3909 3404 3974 ἔπαινός
3455 3911 3615 3984 ἐστιν,
3664 3912 3762 3967 καὶ

2114 4001 2361 4077 συνεργὸς
2390 4000 2573 4062 αὐτοῖς
2605 4003 2946 4078 σωφρονοῦσι
2975 4000 3249 4075 τυγχάνει.

2184 4092 2324 4146 XVI.
2358 4091 2421 4144 Ἡ
2478 4090 2709 4165 σώφρων
2767 4089 2902 4164 γυνή
2962 4089 3035 4150 ὡς
3093 4088 3314 4166 νυμφίῳ
3363 4088 3444 4161 τῷ
3502 4089 3612 4161 Υἱῷ
3662 4093 3768 4143 τοῦ

2113 4182 2247 4235 Θεοῦ
2276 4181 2321 4215 ’⁷⁵
2350 4184 2655 4251 κοσμεῖται,
2700 4175 3023 4250 ἐνδεδυμένη
3073 4177 3135 4231 τὸ
3185 4178 3377 4251 σεμνὸν
3430 4182 3563 4256 φῶς.
3610 4183 3766 4233 Ἔστι

2114 4265 2172 4323 δὲ
2216 4267 2351 4342 αὐτῇ
2401 4265 2611 4330 κάλλος
2659 4268 2693 4336 ἡ
2734 4269 2779 4303 ⁷⁸
2808 4265 2859 4321 ἐν
2906 4269 2976 4340 τῇ
3025 4269 3178 4342 ψυχῇ
3213 4265 3455 4340 εὐνομία.
3489 4266 3673 4341 Μύρου
3708 4265 3771 4322 δὲ

2112 4359 2257 4412 πνέει
2288 4363 2390 4427 τῆς
2440 4358 2644 4432 ἀγαθῆς
2698 4357 2912 4434 φήμης.
2946 4355 3097 4410 Καλὰ
3144 4356 3313 4434 φάρεα
3362 4354 3653 4434 ἠμφίεσται
3697 4360 3766 4429 ⁸⁸⁷,

2110 4447 2210 4517 τήν
2272 4444 2429 4501 αἷδῶ’
2490 4445 2580 4501 καὶ
2633 4445 2850 4519 τιμίους
2911 4445 3242 4521 μαργαρίτας
3287 4444 3585 4522 περίκεται,
3632 4444 3765 4507 τοὺς

362 4533 656 4588 monibus.
695 4531 953 4587 Candida
985 4534 1179 4586 autem
1210 4535 1320 4599 est,
1372 4536 1437 4587 ut
1464 4532 1659 4589 animo
1690 4533 1998 4591 illustrata.

2116 4534 2550 4614 σωφρονίζοντας
2598 4533 2817 4608 λόγους.
2870 4534 3045 4602 Λευκὴ
3098 4530 3155 4588 δὲ
3209 4535 3492 4609 τυγχάνει,
3544 4533 3664 4590 ὅταν
3719 4537 3771 4573 ⁷⁸

360 4627 425 4677 In
458 4621 744 4693 optimum
778 4620 1040 4676 intuetur
1064 4620 1526 4692 speculum,quaa
1549 4621 1608 4677 in
1647 4624 1825 4678 Deum
1851 4624 2009 4697 aspi-

360 4710 493 4766 ciat.
525 4709 775 4765 Pulchro
807 4714 1012 4764 ornatu
1048 4709 1250 4779 utitur,
1266 4708 1476 4765 timore
1506 4727 1646 4783 erga
1666 4712 1851 4769 Deum
1885 4713 2009 4769 ani-

361 4816 519 4855 mam
570 4799 907 4855 instituens.
958 4798 1204 4871 Egregia
1252 4797 1483 4869 mulier,
1532 4816 1647 4856 non
1697 4818 1823 4873 qua:
1866 4820 2006 4860 auro

355 4888 581 4946 irretita
609 4892 715 4955 est,
768 4887 868 4943 sed
910 4903 1036 4959 quae
1087 4903 1120 4941 a
1167 4888 1539 4958 temporariis
1587 4890 2006 4962 cupiditatibus

356 4979 568 5035 soluta.
617 4976 835 5033 Pudica
878 4975 1090 5032 mulier
1119 4992 1152 5031 a
1183 4991 1395 5048 magno
1429 4976 1583 5049 Rege
1615 4979 2001 5054 desideratur,

354 5068 764 5141 desponsatur,
782 5065 1132 5135 custoditur,
1162 5064 1444 5138 diligitur.
1471 5065 1689 5124 Pudica
1719 5086 1830 5126 non
1856 5089 2001 5145 prte-

2114 4626 2210 4688 τὰς
2259 4623 2451 4703 φρένας
2586 4621 3042 4699 λελαμπρυμένη.
3093 4619 3258 4696 Κοιλῷ
3314 4622 3561 4698 ἐσόπτρῳ
3610 4625 3718 4700 ὁρᾷ
3752 4670 3770 4699 ,

2117 4714 2194 4776 είς
2242 4714 2334 4769 τὸν
2394 4713 2521 4768 Θεὸν
2574 4706 2924 4786 ἐμϐλέπουσα
2970 4713 3035 4768 ⁷⁸.
3086 4711 3251 4784 Καλῷ
3290 4711 3484 4785 κόσμῳ
3532 4719 3771 4788 χρῆται,

2114 4802 2194 4877 τῷ
2218 4803 2350 4864 πυὸς
2380 4802 2507 4857 Θεὸν
2558 4802 2604 4837 ⁸ο
2655 4795 2810 4878 φόϐῳ
2852 4801 2952 4869 τὴν
3000 4800 3183 4875 ψυχὴν
3224 4805 3567 4865 νουθετοῦσα.
3604 4800 3769 4873 Καλὴ

2113 4895 2148 4963 ἢ
2178 4891 2333 4967 γννή,
2368 4891 2476 4964 οὐχ
2503 4890 2537 4959 ἠ
2570 4893 2760 4965 χρυσῷ
2791 4885 3165 4961 πεπεδημένη,
3191 4886 3317 4945 ἀλλ’
3362 4890 3396 4959 ἠ
3444 4893 3551 4945 τῶν
3590 4910 3774 4964 προσ-

2112 4981 2312 5058 καίρων
2362 4978 2662 5052 ἐπιθυμιῶν
2713 4975 2989 5050 λελυμένη
3018 5020 3030 5034 .
3079 4978 3142 5032 Ἡ
3190 4978 3423 5057 σώφρων
3467 4980 3606 5054 γυνὴ
3662 5000 3773 5052 με-

2111 5070 2266 5149 γάλῳ
2322 5066 2543 5124 Βασιλεῖ
2587 5065 2953 5142 περιπόθητός
3011 5065 3170 5139 ἐστιν,
3231 5065 3377 5140 αὐτῷ
3426 5069 3775 5145 μεμνηστευ-

1709 5220 1946 5281 νΑΗΙιΕ
1987 5223 2401 5285 LECTIONES.

420 5353 465 5389 ⁸⁸
493 5349 789 5427 γενομένου
821 5350 945 5437 9.τῆ
979 5348 1250 5479 ἓρωμένου
1274 5350 1339 5407 0.
1371 5351 1416 5387 ⁸⁵
1444 5346 1483 5418 ἤ
1538 5352 1673 5409 add.
1727 5354 1794 5411 D.
1854 5358 2005 5414 Tum

426 5420 494 5478 δι’
525 5421 555 5477 ὅ
603 5429 661 5479 C.
706 5424 749 5459 ⁶⁹
796 5422 932 5479 ἧμιν
1029 5464 1042 5478 .
1094 5424 1139 5458 ⁷ο
1170 5416 1272 5475 ὑπό
1330 5421 1391 5476 C.
1443 5424 1485 5459 ⁷¹
1522 5418 1587 5479 δή
1636 5428 1700 5479 Ο.
1756 5423 1863 5479 δεῖν
1920 5447 2005 5479 cm

348 5426 393 5461 ⁸³
426 5420 555 5478 δι”ὅ
603 5420 661 5479 0.
706 5424 749 5459 ⁶⁹
777 5420 932 5492 Δἡμῖν

351 5494 480 5569 θάνῃ
510 5498 570 5552 C.
604 5496 649 5529 7‘
678 5489 1091 5569 Koma-pitag.
1124 5496 1167 5529 ⁷⁵
1198 5491 1413 5569 νυμφίῳ
1444 5493 1546 5569 υἱῷ
1576 5489 1709 5549 Θεοῦ
1740 5499 1801 5554 ρ,
1833 5500 1878 5535 76

350 5639 436 5697 οι.

2062 5359 2161 5426 τήν
2218 5356 2356 5426 πρὸς
2413 5352 2579 5426 αὐτὸνΔ
2630 5350 2903 5425 ἐπιμιξίαν
2958 5351 3035 5426 Ο.
3072 5354 3117 5389 ⁶⁷
3148 5349 3537 5426 λυσσῶντανο.
3579 5354 3761 5426 bene.

1094 5375 1250 5422 μενου
1274 5375 1339 5407 υο
1371 5375 1478 5418 ν”η
1538 5375 1673 5409 uua.
1727 5375 1794 5411 υ.
2062 5375 2161 5426 την
2218 5375 2356 5464 τεῖος
2413 5375 2570 5409 αυτον
2630 5375 2903 5425 επιμιζιαν
2958 5375 3023 5409 υ.
3073 5375 3113 5389 ν’
3150 5375 3336 5407 Λυσσω

1094 5416 1272 5502 τῗ-ὑπό
1443 5424 1490 5502 ⁷ξ
1509 5418 1603 5502 *δή
1636 5428 1705 5502 Ο.
1752 5423 1863 5502 δεῖν
1920 5430 2072 5502 conj.
2107 5430 2194 5502 ,C.
2226 5431 2245 5464 ⁷
2303 5429 2412 5502 Ita_
2447 5426 2536 5502 D._
2564 5422 2618 5502 ἐν
2672 5432 2730 5502 (ί.
2763 5426 2828 5480 Ο.
2862 5426 2908 5502 τέ’
2938 5425 3180 5502 κτήσεως
3235 5425 3300 5481 Ο.
3329 5494 3336 5502 ι

1906 5501 1939 5569 ἡ
1969 5492 2212 5573 ascripsi
2263 5516 2329 5573 e_x
2496 5498 2648 5553 Fort.
2698 5492 3225 5573 legendumpm’itﬁc
3258 5492 3479 5573 κάλλος
3524 5496 3555 5565 ἠ
3605 5494 3657 5573 ἐν
3701 5519 3766 5558 κ,

350 5586 410 5642 ιε.-
437 5563 492 5624 λ.
526 5563 850 5623 secundum
899 5570 954 5620 Β.
1012 5566 1055 5601 Π
1099 5563 1275 5642 φορεῖέ
1318 5563 1616 5641 sanetam.
1665 5571 1724 5623 C.
1777 5571 1820 5606 ⁷⁸
1869 5563 1947 5625 ὅτδ
1985 5569 2044 5625 ἄν
2088 5563 2148 5630 Οἱ
2202 5573 2247 5611 79
2292 5563 2673 5641 ἰμϐλέπτουσα
2719 5563 2786 5625 Οἶ
2835 5569 2881 5605 ⁸ο
2926 5565 3054 5622 Θιόν
3094 5571 3153 5622 S.
3183 5563 3338 5623 add.
3389 5584 3459 5625 ex
3506 5563 3765 5640 conject.

2303 5429 2390 5483 Ita
2447 5426 2513 5482 D.
2564 5422 2615 5478 ἐν
2672 5422 2735 5481 ι..
2763 5422 2828 5480 0.
2862 5426 2908 5461 ⁷³
2938 5425 3180 5493 κτήσεως
3235 5425 3300 5481 0.
3354 5425 3571 5481 Deinde
3627 5423 3767 5480 λαν-
