4086 6216
288 369 374 431 3H
1343 362 1877 427 CLEMENTINA.
1908 394 1987 406 -—
2015 362 2348 424 HOMILIA
2391 364 2557 426 XIII.

3537 365 3655 428 342

281 521 372 567 ται,
398 498 536 569 αὖτῷ
571 499 882 574 τετήρηται,
918 497 1005 553 ὑπ’
1035 499 1076 534 ⁸1
1127 495 1290 553 αὐτοῦ
1336 496 1638 573 ἧγάπηται.
1671 497 1732 553 Ἡ
1784 496 1884 549 σώ-

2006 497 2103 551 bet
2133 498 2467 554 occasiones
2490 502 2554 554 ut
2582 502 2909 572 appetatur,
2940 498 3051 555 nisi
3083 499 3203 555 viro
3252 515 3379 556 suo.
3433 500 3653 558 Pudica

277 609 406 667 φρων
467 587 543 649 εἰς
598 588 661 642 τὸ
717 586 962 651 θέλεσθαι
1020 587 1314 665 προφάσεις
1364 587 1424 641 ού
1466 585 1716 662 παρέχει.
1748 587 1782 655 ἢ
1815 586 1892 657 τῷ

273 678 418 745 (16:17:
462 674 636 752 ἀνδρί.
693 677 755 734 Ἠ
794 677 1024 753 σώφρων
1077 677 1178 731 ὑπὸ
1238 677 1423 752 ἑτέρου
1478 674 1747 749 θελομένη
1796 673 1894 730 λυ·

272 771 449 823 πεῖται.
482 767 545 822 Ή
576 767 803 843 σώφρων
856 766 947 820 τὸν
1004 762 1168 842 ἄνδρα
1227 763 1543 829 ένὸιαθέτως
1604 762 1774 840 φιλεῖ,
1804 763 1893 817 καὶ

270 852 553 933 καταφιλεῖ,
611 855 700 909 καὶ
781 853 1085 923 κολακεύει,
1136 854 1368 930 ἀρέσκει,
1429 852 1696 923 δουλεύει,
1756 852 1892 929 πρὸς

269 945 422 1000 πάντα
500 942 646 1015 αὐτῷ
730 943 991 1017 πείθεται,
1051 944 1315 1020 παρεκτὸς
1371 945 1417 979 ⁸²
1482 940 1579 997 τοῦ
1661 942 1895 997 ἀπειθεῖν

268 1039 385 1106 Θεῷ.
431 1036 469 1090 Η
515 1034 620 1109 γὰρ
670 1034 965 1105 πειθομένη
1017 1037 1132 1105 Θεῷ
1184 1030 1303 1088 ἄνευ
1350 1030 1603 1110 φυλάκων
1659 1032 1747 1086 καὶ
1791 1032 1891 1100 τήν

266 1124 426 1199 ψαῄν
458 1127 730 1199 σωφρονεῖ
759 1122 846 1177 καὶ
867 1123 931 1177 τὸ
964 1127 1122 1196 σῶμα
1150 1123 1455 1194 καθαρεύει.

327 1213 482 1267 XVII.
525 1211 788 1281 Ἀνόητος
842 1209 931 1265 οὖν
996 1216 1101 1273 πᾶς
1144 1210 1282 1287 ἀνὴρ
1333 1211 1361 1264 ὁ
1407 1210 1506 1279 τὴν
1568 1209 1757 1264 ἑαυτοῦ
1794 1230 1893 1285 γυ-

263 1305 399 1355 ναῖκα
428 1299 684 1375 χωρίζων
718 1294 888 1376 φόϐου
928 1303 1080 1356 Θεοῦ.
1115 1301 1233 1353 Ὅτι
1282 1301 1317 1369 ἡ
1365 1299 1493 1354 Θεὸν
1556 1300 1631 1372 μή
1693 1293 1893 1377 φοϐου-

270 1389 381 1464 μένη
409 1385 531 1443 οὐδὲ
558 1389 654 1443 τὸν
686 1386 850 1465 ἄνδρα
904 1382 1172 1467 φοϐεῖται.
1206 1388 1328 1442 Ἐὰν
1375 1388 1500 1444 Θεὸν
1550 1387 1641 1442 τὸν
1694 1387 1893 1464 ἀόρατα

273 1476 513 1553 βλέποντα
547 1478 632 1549 μή
665 1472 919 1554 φοϐῆται,
952 1476 1089 1553 πρὸς
1117 1476 1210 1531 τὸν
1252 1477 1328 1549 μή
1362 1476 1571 1553 ὁρῶντα
1617 1480 1734 1539 πῶς
1785 1497 1891 1530 σω-

272 1566 496 1645 φρονήσει
527 1567 620 1634 8³;
654 1568 807 1623 293
856 1569 974 1627 πῶς
1024 1562 1082 1619 δὲ
1139 1567 1479 1644 σωφρονήσει
1511 1567 1545 1635 ἡ
1581 1566 1655 1639 μὴ
1707 1584 1892 1641 συνερ-

275 1654 451 1729 χομένη
513 1653 661 1727 πρὸς
706 1653 837 1715 τοὺς
898 1650 1326 1732 σωφρονίζοντας
1381 1653 1592 1709 ἀκούειν
1653 1652 1889 1729 λόγους;

268 1747 360 1804 πῶς
412 1739 466 1797 δὲ
511 1742 610 1797 καὶ
670 1742 948 1804 νουθεσίας
1003 1742 1207 1819 τύχοι;
1262 1747 1380 1805 πῶς
1438 1741 1496 1798 δὲ
1552 1745 1889 1820 σωφρονήσει

264 1832 360 1885 ἄνευ
403 1829 690 1909 φυλάκων,
730 1831 818 1887 ἐὰν
862 1834 961 1901 τήν
1012 1832 1274 1905 ἐσομένην
1323 1833 1497 1904 κρίσιν
1543 1837 1641 1887 τοῦ
1680 1835 1726 1869 ⁸⁸
1757 1837 1890 1888 Θεοῦ
1921 1866 1968 1931 Β

267 1920 329 1993 μὴ
359 1916 616 1995 διδαχθῇ,
654 1917 794 1993 μηδὲ
817 1922 916 1989 τὴν
952 1920 1039 1976 ἐπὶ
1094 1926 1261 1996 μικρᾷ
1306 1920 1478 1994 ἠδονῇ
1522 1921 1741 1975 αἰώνιον
1794 1926 1889 1992 ζη-

263 2008 366 2080 μίαν
410 2008 859 2087 πληροφορηθῇς
929 2006 1014 2064 διὸ
1070 2008 1373 2065 τούναντίον
1434 2007 1661 2064 ἄκουσαν
1722 2009 1888 2079 αὐτὴν

260 2098 375 2173 πρὸς
420 2098 511 2153 τὸν
568 2098 985 2177 σωφρονίζοντα
1043 2098 1125 2153 ἀεὶ
1182 2097 1516 2176 εἰσέρχεσθαι
1561 2101 1675 2142 ⁸⁸-θδ
1725 2096 1888 2175 λόγον

259 2186 541 2264 ἀνάγκασον,
572 2185 937 2245 κολάκευσον.

313 2455 487 2512 XVIII.
526 2453 691 2510 Πολὺ
749 2452 806 2510 δὲ
854 2460 1120 2531 κρεῖττον,
1154 2454 1201 2510 εἰ
1246 2456 1660 2532 χειραγωγήσας
1718 2454 1885 2529 ἥξεις·

253 2538 327 2596 ἵνα
376 2544 458 2598 οιαὶ
517 2544 690 2605 αὐτὸς
749 2545 979 2622 σώφρων
1034 2544 1180 2621 γένῃ·
1217 2543 1466 2615 θελήσεις
1522 2544 1623 2621 γὰρ
1657 2544 1886 2623 σώφρων

261 2631 623 2705 γενέσθαι,’ἷνα
668 2634 849 2709 γνώσῃ
874 2636 919 2671 ⁸⁷
958 2638 1157 2706 σεμνοῦ
1213 2634 1394 2709 γάμου
1451 2635 1512 2688 τὸ
1567 2632 1749 2705 τέλος,
1799 2634 1888 2689 καὶ

264 2720 338 2775 οὐκ
363 2720 638 2793 ὀκνήσεις,
671 2722 717 2777 εἷ
768 2721 1002 2797 ἀγαπᾷς,
1038 2721 1181 2799 λέγω
1213 2721 1279 2791 δὴ
1310 2725 1354 2758 ⁸⁸
1385 2723 1563 2798 πατὴρ
1621 2722 1887 2796 γενέσθαι,

256 2806 348 2862 ἴδια
395 2810 553 2865 τέκνα
618 2809 796 2888 φιλεῖν
856 2812 946 2865 καὶ
1007 2811 1110 2865 ὑπὸ
1164 2809 1315 2866 ἰδίων
1364 2810 1635 2889 φιλεῖσθαι
1666 2812 1886 2870 τέκνων.

253 2897 301 2951 Ὀ
325 2900 365 2934 ⁸9
411 2901 676 2977 σώφρονα
730 2905 957 2973 γυναῖκα
996 2898 1139 2976 ἔχειν
1199 2899 1370 2955 θέλων
1418 2901 1508 2955 καὶ
1566 2900 1723 2963 αὐτὸς
1780 2923 1886 2956 σω-

255 2992 431 3062 φρονεῖ,
486 2989 597 3057 τὴν
658 2986 1023 3066 ὀφειλομένην
1093 2988 1250 3058 εύνὴν
1313 2987 1662 3060 ἀποδίδωσιν,
1723 2990 1888 3066 ταύτῃ

255 3081 596 3149 συνεστιᾶται,
628 3076 794 3152 ταύτῃ
825 3076 1086 3150 σύνεστιν,
1119 3077 1210 3133 σὺν
1239 3078 1375 3152 αὐτῇ
1432 3079 1569 3154 πρὸς
1626 3080 1717 3135 τὸν
1778 3102 1885 3135 σω-

255 3164 550 3239 φρονίζοντα
614 3162 832 3242 ἔρχεται
888 3164 1075 3242 λόγον,
1109 3166 1171 3221 οὗ
1229 3166 1411 3239 λυπεῖ,
1445 3167 1542 3223 οὐκ
1598 3168 1717 3239 εἰκῆ
1788 3171 1886 3243 μά-

2008 586 2077 640 ab
2130 585 2243 641 alio
2292 586 2508 656 cupita,
2560 587 2732 644 dolet.
2787 588 3005 644 Pudica
3054 589 3263 644 marito
3310 588 3495 645 defert
3526 590 3649 644 sin-

2004 692 2203 731 cerum
2237 692 2303 731 ac
2333 692 2568 731 suavem
2593 693 2873 747 amorem,
2904 678 3225 743 blanditur,
3276 676 3481 749 placet,
3525 695 3647 734 ser-
3712 744 3715 749 η

2003 764 2085 819 vit
2119 783 2131 829 ;
2166 766 2220 819 in
2256 765 2531 820 omnibus
2553 766 2606 820 ei
2637 766 3124 836 obsequitur,nisi
3157 768 3391 837 quando
3420 767 3650 824 inobse-
3714 752 3719 759 ’

2004 870 2189 925 quens
2224 856 2368 909 foret
2398 853 2533 909 Deo.
2568 854 2714 909 Nam
2742 871 2869 926 quas
2901 854 3016 910 Deo
3048 855 3230 910 credit
3259 872 3324 910 ac
3354 856 3647 927 obtempe-

2004 947 2114 1010 rat,
2144 944 2366 1016 absque
2397 943 2741 999 custodibus
2762 947 2819 999 et
2867 943 3061 999 animo
3097 947 3259 999 casta
3306 947 3364 1000 et
3410 960 3647 1019 corpore

2004 1049 2151 1105 pura
2180 1036 2288 1088 est.

2074 1212 2244 1268 XVII.
2280 1214 2491 1268 Amens
2521 1228 2658 1284 ergo
2685 1216 2775 1267 est
2812 1211 3007 1268 omnis
3056 1210 3325 1279 maritus,
3376 1212 3474 1283 qui
3510 1229 3651 1269 uxo-

2003 1318 2126 1358 rem
2175 1318 2344 1357 suam
2395 1318 2428 1356 a
2469 1300 2677 1356 timore
2730 1300 2825 1356 Dei
2874 1306 3123 1373 separet.
3182 1301 3488 1369 Quoniam,
3524 1318 3651 1373 quas

2003 1408 2119 1446 non
2150 1391 2321 1446 timet
2350 1390 2557 1455 Deum,
2602 1406 2705 1445 nec
2756 1390 3034 1445 maritum
3087 1389 3313 1445 metuit.
3360 1390 3414 1444 Si
3465 1390 3649 1445 Deum

2000 1478 2443 1552 inaspectabilia
2468 1482 2802 1535 cernentem
2837 1496 3209 1551 nequaquam
3239 1485 3649 1551 vereatur,quo

2003 1569 2176 1624 modo
2207 1568 2374 1623 illum
2407 1568 2508 1639 qui
2541 1583 2608 1623 ea
2647 1584 2764 1623 non
2814 1566 2971 1623 videt
3019 1568 3315 1625 verebitur
3342 1566 3370 1622 ?
3398 1572 3486 1622 An
3517 1586 3647 1641 gra-

2001 1657 2149 1713 tuito
2182 1657 2507 1713 castitatem
2539 1656 2686 1712 colet
2715 1656 2742 1711 ?
2770 1658 2893 1721 Qua
2920 1672 3052 1711 vero
3084 1656 3306 1712 ratione
3336 1662 3493 1712 casta
3516 1658 3645 1727 erit,

2002 1763 2131 1819 quae
2163 1764 2277 1801 non
2307 1746 2576 1801 convenit
2602 1746 2673 1801 ad
2725 1746 3050 1801 audiendos
3098 1746 3389 1800 castiﬁcos
3420 1763 3646 1802 sermo-

2003 1854 2107 1893 nes
2138 1836 2165 1890 ?
2196 1836 2266 1891 Et
2294 1852 2410 1907 quo
2443 1840 2609 1907 pacto
2662 1836 2987 1890 instruetur
3013 1835 3040 1890 ‘I
3076 1836 3198 1900 Quo
3249 1836 3420 1890 modo
3472 1837 3647 1891 etiam

2000 1930 2396 1998 temperanter
2426 1941 2488 1981 se
2519 1930 2679 1996 geret
2725 1925 2947 1995 absque
2994 1924 3360 1989 custodibus,
3408 1925 3456 1980 si
3491 1926 3650 1981 futu-

2000 2032 2129 2071 rum
2166 2014 2264 2070 Dei
2292 2014 2579 2086 judicium
2614 2031 2729 2069 non
2760 2012 3091 2083 edoceatur,
3123 2029 3311 2084 neque
3338 2013 3451 2068 sibi
3482 2013 3651 2086 plene

1999 2103 2351 2176 persuadeat
2380 2106 2659 2157 aeternum
2693 2101 2766 2157 ob
2797 2102 3065 2173 exiguam
3124 2100 3482 2172 voluptatem
3516 2119 3652 2175 sup-

1999 2192 2239 2266 plicium
2270 2192 2298 2245 ?
2329 2194 2515 2258 Quare
2545 2195 2748 2247 contra
2782 2190 3023 2245 invitam
3052 2206 3212 2263 coge,
3246 2195 3309 2245 ut
3340 2190 3407 2245 ad
3442 2191 3650 2247 doctri-

1999 2299 2135 2338 nam
2167 2280 2456 2336 castitatis
2485 2280 2834 2337 effectricem
2868 2295 3099 2353 semper
3128 2280 3475 2351 acccdat,vel
3510 2281 3645 2336 adu-

1996 2370 2318 2426 lationibus
2347 2370 2532 2426 vince.

2069 2460 2267 2515 XVIII.
2302 2458 2483 2514 Multo
2514 2462 2709 2519 autem
2750 2457 2961 2514 melius
3010 2458 3141 2525 erit,
3192 2458 3241 2513 si
3295 2475 3469 2514 manu
3507 2476 3637 2517 eam

1998 2550 2216 2605 ducens
2245 2548 2463 2613 venias,
2498 2564 2612 2619 quo
2645 2547 2768 2619 ipse
2799 2550 2973 2603 etiam
3019 2547 3272 2619 pudicus
3311 2548 3455 2615 ﬁas;
3493 2549 3646 2604 desi-

1998 2638 2232 2693 derabis
2257 2638 2413 2693 enim
2447 2636 2591 2703 fieri,
2623 2642 2686 2690 ut
2714 2652 3032 2708 cognoscas
3086 2635 3262 2691 finem
3311 2636 3538 2693 honesti
3572 2654 3639 2694 ac

1997 2727 2307 2783 venerandi
2343 2725 2725 2790 matrimonii,
2758 2740 2945 2796 neque
2978 2724 3217 2797 pigebit,
3246 2724 3295 2779 si
3326 2725 3494 2797 cupis
3514 2742 3643 2783 esse

1998 2817 2257 2888 inqusm,
2292 2820 2476 2888 pater,
2507 2820 2638 2870 tuos
2669 2813 2885 2869 liberos
2925 2812 3187 2886 diligere,
3238 2814 3395 2869 etab
3446 2815 3516 2870 iis
3555 2815 3642 2871 di-

1996 2905 2117 2978 ligi.
2151 2905 2255 2970 Qui
2310 2902 2615 2958 mulierem
2650 2901 2922 2974 pudicam
2971 2901 3183 2957 habere
3221 2901 3367 2969 vult,
3416 2907 3473 2959 et
3515 2903 3641 2975 ipse

1998 2994 2205 3067 pudice
2238 2992 2469 3060 vivit,ac
2502 2992 2762 3047 debitum
2796 2990 3073 3063 persolvit
3102 2991 3642 3059 concubitum,cum

1995 3100 2063 3140 ea
2090 3082 2362 3149 vescitur,
2396 3085 2674 3147 moratur,
2710 3080 2779 3135 ad
2814 3080 3134 3135 castificam
3187 3079 3511 3136 doctrinam
3548 3098 3645 3138 ve-

1998 3173 2084 3228 nit
2119 3190 2133 3241 ;
2167 3189 2281 3227 non
2316 3170 2767 3240 contristat,non
2799 3173 3017 3224 temere
3057 3167 3337 3239 1itigat,se
3373 3186 3485 3224 non
3510 3171 3645 3226 facit

252 3270 405 3327 χεται,
433 3254 630 3309 ἑαυτὸν
667 3254 891 3327 μισητὸν
926 3253 988 3309 ού
1018 3261 1183 3326 ποιεῖ,
1217 3255 1249 3310 ἃ
1281 3253 1497 3311 δύναται
1550 3256 1693 3311 καλά
1745 3278 1882 3334 παρ-

1999 3236 2288 3329 odiosum,
2322 3276 2448 3331 quae
2483 3236 2674 3330 potest
2721 3257 2874 3312 bona
2914 3236 3179 3328 praestat,
3224 3260 3459 3329 quando
3505 3277 3636 3316 vero

252 3340 369 3415 ἑχει,
395 3343 464 3396 ὧν
500 3344 590 3416 μὴ
639 3341 779 3418 ἔχει,
809 3348 878 3418 τῇ
922 3341 1181 3415 κολακείᾳ
1224 3345 1288 3400 τὸ
1335 3344 1522 3401 λεῖπον
1554 3349 1599 3383 ⁹⁰
1624 3346 1879 3418 ἀποπλη-

253 3435 325 3505 ροῖ
349 3433 411 3489 ⁹¹,
439 3437 499 3488 'II
565 3434 795 3510 σώφρων
836 3434 970 3508 γυνὴ
1005 3436 1117 3506 (42)
1147 3432 1545 3503 κολακευθῆναι
1600 3434 1703 3491 οὐκ
1758 3436 1879 3491 ἀνα-

254 3521 398 3589 μένει,
427 3520 625 3596 κύριον
682 3522 772 3576 τὸν
832 3519 998 3598 ἄνδρα
1055 3523 1330 3599 γνωρίζει,
1364 3524 1664 3596 πενομένου
1704 3528 1749 3561 ⁹²
1778 3526 1874 3595 τήν

251 3607 407 3664 πενίαν
465 3609 647 3688 φέρει,
680 3615 927 3665 πεινῶντι
981 3616 1271 3684 συμπεινᾷ,
1321 3609 1695 3685 ἀποδημοῦντι
1752 3636 1879 3668 συν-

249 3694 520 3771 αποδημεῖ,
590 3696 933 3772 λυπούμενον
1005 3701 1439 3774 παραμυθεῖται,
1498 3702 1593 3756 κᾶν
1679 3708 1879 3779 προῖκα

251 3785 442 3857 μείζονα
470 3784 609 3865 ἔχῃ,
642 3788 716 3850 ὡς
753 3786 921 3861 μηδεν
970 3785 1171 3865 ἔχουσα
1206 3788 1501 3846 ὑπόκείται.
1533 3791 1590 3844 Ὀ
1636 3788 1692 3846 δὲ
1723 3795 1877 3851 294

248 3873 361 3951 ἀνὴρ
428 3876 525 3931 κᾶν
607 3878 811 3946 πένητα
886 3875 989 3953 ἔχῃ
1042 3882 1287 3954 γυναῖκα,
1352 3877 1599 3954 μεγάλην
1676 3886 1877 3955 προῖκα

246 3962 455 4038 ἡγείσθω
512 3964 689 4035 αὐτῆς
745 3967 842 4035 τὴν
903 3966 1278 4045 σωφροσύνην.
1327 3968 1390 4023 Ἡ
1447 3969 1677 4047 σώφρων
1736 3972 1872 4046 γυνὴ

245 4052 509 4127 αὐταρκείᾳ
548 4055 856 4131 βρωμάτων
897 4057 986 4111 καὶ
1034 4060 1216 4111 ποτῶν
1261 4059 1483 4132 χρῆται,
1512 4056 1603 4112 ’ίνα
1662 4060 1737 4132 μή
1790 4059 1874 4115 λι-

246 4142 510 4207 πανθέντος
568 4148 669 4199 τοῦ
722 4146 977 4218 σώματος
1021 4144 1101 4218 τῷ
1135 4146 1287 4221 βάρει
1318 4148 1362 4183 9³
1390 4146 1526 4222 πρὸς
1586 4147 1877 4222 ἐπιθυμίας

249 4229 464 4304 ἀνόμους
521 4232 837 4308 κατασπάσῃ
895 4235 990 4303 τὴν
1050 4236 1257 4310 ψυχήν.
1313 4234 1469 4291 Ἀλλ’
1500 4234 1574 4290 ἔτι
1637 4239 1744 4311 μὴν
1783 4238 1874 4293 σὺν

246 4318 370 4381 νέοις
400 4320 501 4376 οὒκ
556 4319 775 4393 ἶδιάζει,
833 4321 923 4377 καὶ
979 4322 1101 4384 τοὺς
1164 4322 1418 4398 γέροντας
1452 4322 1764 4393 ὑποπτεύει,
1793 4327 1877 4402 γέ-

250 4402 406 4471 λωτας
438 4408 704 4472 ἀτάκτους
740 4410 1056 4483 ἀπωθεῖται,
1090 4408 1206 4483 Θεῷ
1241 4410 1392 4484 μόνῳ
1447 4412 1640 4482 ἒαυτήν
1692 4415 1880 4470 ἀπονέ-

251 4516 405 4566 μουσα
434 4497 498 4553 ού
530 4496 853 4578 σφάλλεται,
878 4498 1106 4572 σεμνοὺς
1140 4498 1337 4575 λόγους
1371 4500 1636 4555 ἀκούουσα
1663 4500 1874 4576 ἥδεται,

1991 3368 2105 3406 non
2138 3350 2332 3412 habet,
2366 3346 2759 3403 assentatione
2790 3347 2942 3418 quod
2973 3348 3137 3403 deest
3162 3345 3640 3419 supplet.Mulier

1989 3440 2202 3512 pudica
2232 3436 2626 3493 adulationem
2660 3452 2771 3490 non
2805 3440 3121 3507 exspectat,
3152 3436 3344 3491 virum
3395 3454 3498 3509 pro
3529 3439 3635 3495 do-

1990 3529 2149 3584 mino
2194 3528 2367 3582 habet
2409 3542 2475 3582 ac
2515 3523 2820 3580 dominum
2868 3528 3056 3585 vocat.
3107 3540 3173 3579 eo
3221 3541 3475 3597 paupere
3524 3528 3633 3583 fert

1989 3621 2413 3691 paupertatem,
2444 3631 2578 3669 cum
2610 3612 2904 3669 esuriente
2934 3612 3137 3683 esurit,
3187 3630 3320 3668 cum
3372 3616 3627 3687 peregri-

1990 3712 2162 3763 nante
2205 3704 2627 3778 peregrinatur,
2676 3702 2903 3757 tristem
2953 3700 3306 3774 consolatur,
3360 3705 3629 3774 quamvis

1988 3798 2266 3868 majorem
2301 3794 2573 3849 habuerit
2614 3792 2832 3856 dotem,
2881 3795 3165 3864 tanquam
3216 3792 3361 3847 nihil
3409 3793 3631 3850 habens

1986 3884 2314 3956 subjicitur.
2361 3882 2607 3937 Maritus
2655 3885 2850 3936 autem
2883 3879 3015 3934 licet
3044 3897 3358 3953 pauperem
3394 3899 3632 3938 uxorem

1982 3974 2509 4043 duxerit,magnam
2541 3970 2730 4025 dotem
2757 3973 2919 4040 putet
2937 3968 3279 4041 pudicitiam
3302 3969 3637 4043 ipsius.Mu-

1983 4063 2091 4118 lier
2120 4063 2332 4135 pudica
2357 4060 2539 4115 nimio
2570 4076 2686 4114 non
2748 4058 2931 4113 utitur
2979 4058 3107 4113 cibo
3139 4074 3205 4113 ac
3258 4064 3418 4130 potu,
3453 4077 3523 4115 ne
3553 4060 3635 4116 ci-

1986 4152 2116 4219 bus,
2154 4150 2520 4223 pinguefacto
2552 4163 2809 4219 corpore,
2843 4150 3098 4217 pondere
3146 4147 3407 4204 animam
3440 4150 3636 4206 trahat

1986 4241 2057 4296 ad
2114 4239 2462 4311 cupiditates
2509 4235 2764 4291 illicitas.
2818 4235 3101 4291 Praeterea
3148 4252 3281 4291 cum
3317 4238 3636 4308 juvenibus

1986 4344 2358 4402 nequaquam
2400 4325 2770 4391 solamanet,
2823 4340 2889 4378 ac
2944 4339 3114 4380 senes
3164 4332 3461 4381 reveretur
3491 4369 3505 4395 ,
3543 4327 3631 4383 in-

1986 4417 2339 4488 compositos
2390 4415 2545 4470 risus
2595 4416 2902 4478 removet;
2956 4428 3016 4467 se
3066 4410 3171 4467 soli
3232 4414 3346 4470 Deo
3396 4416 3634 4472 tradens

1986 4524 2101 4563 non
2149 4504 2439 4577 decipitur
2470 4520 2484 4572 ;
2517 4502 2764 4557 honesta
2813 4500 2985 4556 verba
3016 4500 3262 4557 audiens
3295 4502 3636 4571 delectatur,

246 4584 355 4647 τοὺς
383 4583 439 4641 δὲ
472 4588 551 4661 μὴ
615 4587 701 4643 ἐπὶ
751 4587 1070 4667 σωφροσύνῃ
1120 4591 1165 4626 ⁹⁴
1194 4586 1520 4665 λεγομένους
1559 4589 1877 4656 ἀπωθεῖται.

1999 4613 2055 4652 3a
2080 4612 2237 4663 vero,
2273 4610 2398 4667 quae
2421 4592 2491 4647 ad
2539 4590 2881 4663 pudicitiam
2924 4606 3036 4645 non
3087 4592 3352 4655 tendunt,
3386 4592 3633 4663 repellit.

1600 4745 1846 4802 VARI/E
1886 4746 2273 4803 LECTIONES

310 4835 349 4871 ⁸¹
384 4834 485 4891 ὑπό
542 4838 605 4895 C.
664 4839 727 4929 ‘3’
776 4838 903 4912 παρ’
956 4835 1108 4900 ἐκτός
1166 4842 1225 4895 C.
1302 4840 1348 4875 ⁸³
1400 4839 1539 4916 πρὸς
1596 4841 1687 4896 τὸν
1747 4843 1822 4917 μὴ
1873 4844 2085 4919 ὁρῶντα
2138 4847 2255 4903 πῶς
2284 4840 2627 4918 σωφρονήσει
2656 4839 2866 4910 scripsi
2897 4839 2967 4895 de
3007 4840 3359 4910 conjectura,
3393 4843 3508 4902 πῶς
3536 4841 3635 4968 τὴν

315 4924 465 4968 ρατον
514 4928 679 4968 προαι
737 4911 1079 4968 σωφρονήσει
1113 4911 1238 4966 cod.
1272 4910 1439 4968 Hom.
1501 4913 1772 4968 Parisin.-
1805 4918 1923 4968 πῶς
1980 4915 2072 4968 τὸν
2125 4914 2350 4968 ἀόρατον
2406 4916 2605 4968 προῖκα
2665 4929 2837 4968 σωφρ.
2872 4911 3024 4968 conj.
3059 4914 3119 4968 Ο.
3152 4919 3206 4965 et
3256 4928 3324 4966 ex
3372 4911 3463 4968 his
3520 4930 3585 4968 co
3615 4945 3635 4955 -

254 4902 465 5000 ἐόρατσν
513 4908 688 5000 Epona
737 4902 1079 4986 σωφρονήσει
1113 4911 1238 4994 cod.
1272 4902 1455 4968 Hom:
1501 4902 1772 4997 Parisin;
1980 4915 2083 4998 τὸν,
2125 4902 2350 4985 ἀόρατον
2378 4902 2605 5000 ’πραῖκα
2655 4902 3024 5000 κσωφῐρᾏοοῐιξ.
3059 4902 3135 5000 ϐξ
3152 4919 3206 4965 ct
3256 4902 3463 5000 exl'his
3520 4902 3637 4969 col-

254 4974 2023 5077 latis~lectionibus.putam'yersioqem.composuisselvidetur:
2069 4974 2557 5077 interpre§;‘np6c
2615 4981 2707 5036 τὸν

2771 4977 2935 5055 ἄνδρα
2978 4977 3174 5055 ῥρατὸν
3200 4982 3473 5055 *παρέσται
3530 5004 3640 5038 σω..

255 5055 543 5173 geminat,
575 5055 728 5173 coqj.
769 5056 829 5108 υ.
863 5054 1145 5109 Przeterea
1174 5054 1387 5125 aliquis
1417 5050 1605 5127 possit
1635 5059 1920 5128 conjicere
1949 5060 2068 5118 πῶς
2124 5060 2204 5129 τῷ
2224 5050 2402 5131 ’ἀνδρὶ
2460 5050 2690 5130 ἀόρατος
2719 5055 2827 5127 (vel
2871 5050 3214 5130 ἀφύλακτος)
3273 5050 3405 5108 οὖσα
3463 5074 3637 5133 σωφρ.

299 5161 310 5172 .
338 5124 451 5173 πῶς
479 5142 579 5173 την
618 5121 649 5173 ἀ
690 5143 845 5173 οατον
881 5122 1191 5173 ποοαίοεσιν
1234 5124 1553 5173 ammcoviam
1586 5130 1647 5173 Ο.
1685 5130 1831 5173 Tum
1866 5129 1993 5173 lnam.
2022 5127 2158 5173 πολε
2190 5128 2252 5173 τὸ
2299 5128 2447 5173 mss
2482 5128 2545 5173 n_
2624 5126 2671 5161 ⁸⁸
2718 5128 2813 5173 τοῦ
2873 5141 2988 5173 om-
3023 5123 3087 5173 0-
3123 5124 3218 5173 αιιί
3278 5126 3467 5173 ῃηνρὶῐ
3507 5130 3637 5173 Θεοῦ

299 5161 310 5172 .
338 5124 451 5183 πῶς
479 5121 579 5191 τήν
618 5121 845 5197 ἀᾷοατον
881 5122 1191 5199 προαίρεσιν
1234 5121 1553 5235 σωφρονίσει
1586 5130 1649 5184 Ο.
1685 5121 1833 5185 Tum
1866 5129 1993 5203 lege
2022 5121 2252 5203 πρὸς’τὸ
2299 5121 2449 5188 τούς.
2482 5121 2547 5184 Βξ
2624 5126 2671 5161 ⁸⁸
2718 5121 2813 5178 τοῦ
2873 5121 2988 5187 Otii,
3023 5123 3087 5187 Ο,
3123 5121 3219 5194 qui
3278 5126 3467 5198 pergit
3507 5121 3639 5181 Θεοῦ

299 5189 412 5235 πίσω
449 5194 523 5235 ..ἢ
556 5190 640 5235 m
738 5196 859 5235 es-“
884 5193 1130 5235 ἔηνςηαη.
1166 5200 1207 5235 n
1302 5198 1323 5231 θ
1380 5198 1506 5235 ῡηαι
1540 5198 1716 5235 mni...
1766 5202 1822 5235 ς..
1857 5204 1901 5235 n
1964 5206 2145 5235 οναιοι
2176 5219 2232 5235 ..ρ
2283 5200 2660 5235 αιιιπιηιοιιπη
2762 5198 2807 5233 sa
2838 5191 2893 5235 m-
2925 5196 2969 5235 n
3066 5196 3113 5231 ϐο
3140 5197 3175 5235 θλ
3207 5196 3252 5235 n
3350 5198 3394 5233 oo
3432 5194 3638 5235 ὶηπηπ..

257 5189 412 5315 aptat»
438 5176 696 5320 ’ῢὴᾘιδλ
738 5176 859 5237 Si"
883 5176 1135 5270 tanta;
1166 5176 1251 5250 οζ
1274 5176 1323 5231 ηε

297 5302 310 5315 ο
377 5265 419 5302 ’ί
510 5265 647 5320 alim
677 5265 989 5320 ἀναπληροῖ
1019 5269 1077 5320 S.
1154 5268 1199 5304 θ’
1233 5273 1319 5320 lta

260 5265 310 5315 Β.
377 5265 419 5302 ’ί
452 5265 647 5322 Malim
677 5265 989 5343 ἀναπληροῖ
1019 5269 1077 5324 S.
1154 5268 1199 5304 θ’
1233 5273 1319 5324 lta
1349 5276 1395 5325 υ
1423 5276 1481 5325 et
1510 5265 1639 5327 cod.

260 5331 339 5388 vel
363 5334 425 5389 τὰ
446 5335 581 5411 βάρη
615 5340 769 5411 conj.
796 5339 862 5395 D.
940 5340 985 5375 9‘
1015 5337 1369 5415 σωφροσύνης
1400 5344 1462 5398 C.

1378 5198 1513 5254 Post
1540 5198 1651 5273 γνώ
1766 5202 1825 5257 in
1857 5191 2150 5257 Ofexstat
2176 5219 2235 5254 τε
2283 5200 2685 5255 subnotatum.
2762 5198 2807 5233 ³⁸
2838 5191 2896 5249 δέ
2925 5196 2990 5251 0.
3066 5196 3113 5231 3°
3140 5191 3176 5264 ἦ
3207 5191 3297 5252 Ο.’
3350 5191 3413 5233 ⁰⁰”
3432 5194 3638 5251 λυποῦν

1378 5276 1395 5322 )
1423 5276 1481 5325 et
1510 5220 1813 5327 cod.a’Fur.
1845 5273 1983 5327 (Gt‘r.
2015 5277 2182 5327 Turr.
2220 5271 2397 5327 Const.
2429 5278 2635 5327 anost..
2657 5264 3141 5327 ο.93).πενομὲνῳ
3171 5271 3229 5323 C.
3306 5269 3351 5304 ⁸³
3378 5269 3440 5323 τὸ
3478 5269 3638 5327 ϐάρος

1726 5289 1813 5327 ur.
1845 5273 1983 5344 (Ct‘r.
2015 5277 2182 5328 Turr.
2220 5271 2397 5328 Const.
2429 5278 2635 5342 apost.,
2657 5269 2844 5342 p.93),
2861 5264 3141 5339 πενομένῳ
3171 5271 3229 5323 C.
3306 5269 3351 5304 ⁸³
3378 5269 3440 5323 τὸ
3476 5269 3640 5345 βάρος

1610 5440 1992 5499 VARIORUM
2032 5441 2265 5498 NOT/E.

326 5527 749 5621 ηςὼφριυν
772 5536 931 5621 γυνη.
992 5535 1127 5621 Adi.
1155 5536 1227 5591 ad
1275 5536 1705 5621 .Constitutz‘ones
1732 5557 1881 5621 ⁸ιιρο-

264 5598 463 5678 “plicat
490 5598 753 5680 Turriani
785 5598 982 5663 Latine
1010 5611 1239 5680 tantum
1271 5608 1591 5680 impressas
1637 5598 1883 5668 Antu'er-

267 5682 362 5739 pia
391 5688 513 5748 pag.
542 5679 631 5749 93,
666 5680 726 5735 in
758 5678 1397 5753 margine.Ulpianus':
1429 5681 1573 5752 Quid
1593 5685 1743 5739 enim
1772 5688 1886 5741 tam

1993 5542 2300 5595 humanum
2335 5545 2435 5605 est,
2483 5553 2649 5609 quam
2700 5543 2761 5591 ut
2819 5535 3067 5609 fortuiti:
3131 5533 3344 5609 casibus
3374 5534 3643 5609 [mitteris

1994 5614 2286 5678 maritum,
2316 5611 2399 5667 vel
2430 5605 2663 5665 umorem
2694 5609 2804 5663 vm’
2821 5605 3152 5680 participem
3178 5620 3293 5661 esse
3312 5608 3338 5658 .9
3364 5605 3494 5661 Co'r.
