4086 6216
357 325 478 387 343

1188 323 1254 383 S.
1299 319 1745 383 CLEMENTIS
1788 319 1812 380 Ι
1859 315 2047 378 ROM.
2096 316 2325 376 PONT.
2374 316 2637 377 OPERA
2680 316 2947 378 DUBIA.

3654 320 3784 381 344

433 456 575 513 ΧῐΧ.
609 455 800 511 Testis
845 459 937 509 est
986 454 1190 511 Deus:
1230 454 1416 509 multa
1462 453 1777 510 homicidia
1826 466 2009 506 unum

2195 450 2335 501 XIX.
2373 446 2587 523 Μάρτυς
2620 444 2989 519 Θεὸς,πολλοῖ
3019 445 3171 525 φόνοι
3206 445 3428 524 μοιχεία
3447 450 3561 523 (43)
3589 449 3691 522 μία
3713 453 3783 508 9³.

366 546 721 602 adulterium
749 562 761 612 ;
796 548 853 599 et
884 545 1039 615 quod
1063 560 1234 615 grave
1258 543 1827 613 est,homicidiorum
1855 540 2015 595 illius

366 636 572 690 horror
599 649 665 688 ac
717 633 991 705 impietas
1042 651 1155 689 non
1207 633 1486 705 cernitur,
1539 633 1684 688 Nam
1727 633 1857 687 fuso
1889 647 2021 685 san-

365 722 543 797 guine
574 738 787 793 corpus
820 726 1116 777 mortuum
1141 722 1384 793 jacet,et
1406 720 1762 776 calamitatis
1796 718 2020 790 magni-

363 810 569 866 tudine
619 826 824 866 omnes
873 814 1131 882 stupent.
1184 816 1259 865 At
1306 827 1477 866 neces
1535 810 1866 865 animarum
1920 824 2022 880 per

365 898 746 963 adulterium,
771 915 902 954 cum
936 899 1056 954 sint
1087 899 1273 971 magis
1303 898 1631 965 horribiles,
1658 897 1795 969 quia
1824 901 2019 952 tamen

363 988 434 1043 ab
466 986 805 1042 hominibus
837 1004 951 1043 non
985 987 1273 1055 videntur,
1295 986 1741 1060 aggressoribus
1762 984 2021 1041 occasio-

372 1092 505 1131 nem
538 1075 823 1131 indesidis
855 1075 1112 1147 impetus
1143 1076 1423 1149 praebent.
1475 1075 1791 1148 Cognosce,
1823 1074 2021 1140 homo,

368 1165 541 1235 cujus
574 1163 847 1237 spiritum
879 1164 1097 1220 habeas
1129 1165 1196 1220 ad
1245 1163 1579 1235 vivendum,
1630 1168 1689 1219 et
1736 1179 1807 1218 ne
1854 1161 2022 1216 illum

371 1253 618 1327 patiaris
652 1252 859 1326 pollui.
894 1260 939 1308 A
971 1253 1095 1310 solo
1130 1252 1416 1309 adulterio
1462 1251 1745 1325 polluitur
1776 1252 1871 1307 Dei
1904 1251 2022 1323 spi-

374 1345 523 1399 ritus
558 1361 570 1401 :
606 1346 781 1416 atque
812 1342 940 1398 ideo
975 1341 1069 1399 ille
1101 1343 1172 1398 ad
1231 1342 1426 1415 ignem
1486 1341 1670 1397 trahit
1726 1340 2023 1396 hominem

378 1432 477 1505 qui
510 1431 738 1505 polluit.
772 1431 1029 1487 Festinat
1057 1433 1215 1488 enim
1273 1430 1765 1488 contumeliosum
1797 1431 2026 1487 tradere

379 1525 592 1576 (sterno
626 1519 932 1593 supplicio.

451 1609 569 1664 XX.
607 1611 731 1664 llaec
762 1627 892 1664 cum
925 1609 1147 1666 diceret
1181 1610 1406 1674 Petrus,
1446 1608 1780 1682 videretque
1811 1608 2025 1664 bonam

382 1700 773 1770 pudicamque
819 1699 1143 1755 Mattidiam
1189 1699 1325 1755 ﬂere
1389 1698 1623 1771 gaudio,
1708 1698 2027 1754 arbitratus

378 1787 573 1877 dolere
605 1804 732 1842 eam
766 1788 834 1843 de
863 1788 1122 1877 toleratis
1154 1788 1410 1855 casibus,
1446 1787 1531 1842 ait
1555 1788 1863 1877 :Aconﬁde,
1899 1804 2026 1841 mu-
2059 1812 2107 1877 Β

377 1875 476 1931 lie.
528 1876 674 1931 Cum
724 1877 893 1931 multi
947 1876 1131 1932 multa
1199 1876 1353 1932 mala
1402 1875 1747 1949 pertulerint
1796 1881 2031 1948 propter

379 1965 753 2031 adulterium,
789 1971 849 2020 tu
885 1972 1119 2037 propter
1150 1965 1495 2038 pudicitiam
1530 1982 1706 2037 passa
1754 1981 1837 2036 es,
1872 1965 2028 2020 idco-

379 2070 493 2125 que
526 2071 639 2109 non
681 2054 971 2110 interiisti.
1008 2055 1117 2110 Sed
1151 2059 1207 2109 et
1236 2054 1285 2109 si
1335 2053 1601 2121 obiisses,
1638 2053 1845 2109 animae
1869 2053 2029 2109 salu~

381 2146 497 2199 tem
530 2142 743 2198 fuisses
775 2148 1107 2198 consecuta.
1142 2143 1399 2198 Patriam
1434 2147 1675 2198 Romam
1735 2141 2027 2213 pudicitiae

383 2247 520 2304 ergo
553 2230 839 2303 reliquisti
874 2249 885 2286 :
922 2234 1020 2287 sed
1050 2231 1157 2286 hac
1190 2232 1494 2287 occasione
1553 2230 1823 2286 invenisti
1882 2231 2027 2286 veri-

384 2324 590 2388 tatem,
622 2322 817 2376 aeterni
852 2321 1015 2392 regni
1045 2320 1333 2376 diadema.
1360 2322 1420 2375 In
1446 2321 1591 2375 mari
1624 2320 1945 2392 periclitata
1967 2337 2029 2375 es

385 2413 447 2464 at
476 2425 589 2463 non
614 2414 879 2476 mortua;
914 2425 1113 2464 verum
1143 2408 1278 2464 licet
1309 2414 1538 2464 mortua
1566 2410 1803 2477 fuisses,
1833 2409 2029 2480 ipsum

388 2497 497 2552 tibi
550 2497 790 2570 pelagus
834 2502 1069 2570 pr0pter
1108 2498 1451 2570 pudicitiam
1505 2498 1711 2553 fuisset
1759 2498 2029 2553 morienti

386 2586 719 2657 baptismus
748 2587 819 2642 ad
853 2587 1058 2642 animze
1091 2586 1362 2642 salutem.
1406 2586 1490 2641 Ad
1523 2603 1772 2658 paucum
1798 2592 2031 2658 tempus

386 2675 591 2731 orbata
615 2693 676 2731 es
698 2674 916 2747 liberis,
952 2677 1054 2748 qui
1084 2692 1218 2731 cum
1249 2694 1279 2728 e
1299 2675 1570 2748 legetimo
1599 2681 1794 2731 essent
1808 2676 2031 2733 semine

384 2763 600 2819 inventi
634 2768 775 2819 sunt
805 2765 862 2819 in
897 2764 1132 2821 meliore
1162 2770 1335 2821 sorte.
1372 2766 1542 2820 Fame
1572 2781 1774 2836 pressa
1805 2764 2029 2821 mendi-

383 2854 529 2908 casti
563 2853 757 2908 cibum
796 2869 808 2908 :
842 2854 942 2908 sed
976 2859 1180 2927 stupro
1212 2857 1379 2909 tuum
1408 2870 1621 2926 corpus
1652 2871 1766 2909 non
1801 2854 2028 2908 fmdasti

383 2940 607 3011 Corpus
638 2940 896 2997 afﬂixisti
935 2959 947 2996 :
982 2945 1041 2995 at
1071 2942 1314 2997 servasti
1370 2941 1651 2997 animam.
1682 2939 2027 2995 Adulterum

386 3029 609 3101 fugisti,
642 3046 715 3085 ne
748 3030 942 3085 mariti
965 3030 1155 3085 cubile
1179 3030 1505 3085 maculares
1533 3048 1545 3085 :
1580 3045 1781 3084 verum
1816 3028 1914 3100 qui
1947 3028 2031 3083 fu-

382 3134 518 3191 gam
550 3118 695 3173 vidit
723 3119 1141 3192 Deus,propter
1169 3119 1512 3191 pudicitiam
1546 3117 1736 3174 locum
1769 3117 1873 3171 viri
1897 3134 2030 3189 sup-

2127 534 2306 589 καὶτὸ
2347 533 2540 607 δεινὸν,
2570 534 2789 591 ὅτιτῶν
2825 535 3002 614 φόνων
3060 536 3229 606 αὐτῆς
3275 538 3337 591 τὸ
3393 533 3630 615 φοϐερὸν
3690 541 3785 595 καὶ

2127 619 2315 685 ἀσεϐὲς
2366 624 2427 679 οὐ
2482 624 2758 701 βλέπεται.
2791 628 2932 696 Ὅτι,
2985 623 3213 698 α’ίματος
3260 626 3541 701 χυθέντος,
3594 629 3783 705 νεκρὸν

2128 718 2297 767 κεῖται
2357 718 2536 787 σῶμα,
2587 715 2674 769 καὶ
2730 714 2793 769 τὸ
2849 717 2946 783 τῆς
3007 721 3289 793 συμφορᾶς
3348 713 3520 771 δεινὸν
3574 716 3775 782 πάντας

2131 800 2448 886 έκπλήσσει.
2480 809 2593 872 Τῆς
2624 801 2681 857 δὲ
2714 803 2967 879 μοιχείας
3000 807 3042 842 ⁹⁶
3068 805 3118 859 οἱ
3147 812 3248 873 τῆς
3280 808 3468 880 ψυχῆς
3498 807 3646 884 φόνοι
3679 830 3774 886 φο-

2130 884 2425 966 ϐερώτεροι
2475 888 2649 957 ὄντες,
2687 890 2802 947 ἐπεὶ
2865 894 2939 965 μὴ
2998 892 3305 967 ἀνθρώποις
3363 893 3647 968 βλέπονται
3692 884 3776 967 Ἵθτ,

2127 984 2244 1041 τοῖς
2274 979 2554 1051 τολμῶσιν
2589 977 2780 1036 ἄοκνον
2812 982 2910 1049 τήν
2962 983 3140 1058 ὁρμὴν
3200 983 3554 1058 παρέχουσιν·
3586 989 3785 1060 γνῶθι,

2133 1064 2403 1141 ἄνθρωπε,
2433 1070 2581 1131 τίνος
2612 1071 2780 1139 πνοήν
2817 1069 2963 1147 ἔχεις
2993 1072 3131 1147 πρὸς
3189 1073 3250 1127 τὸ
3305 1076 3419 1145 ζῇν,
3446 1072 3536 1127 καὶ
3576 1073 3643 1129 οὗ
3706 1075 3788 1148 μὴ

2132 1156 2298 1226 αὐτὴν
2334 1166 2621 1231 μιανθῆναι
2657 1157 2912 1233 θελήσῃς.
2945 1162 3074 1215 Ὑπὸ
3109 1163 3364 1237 μοιχείας
3422 1162 3591 1235 μόνης
3638 1162 3793 1237 μιαί-

2131 1268 2279 1301 νεται
2309 1249 2342 1317 ἡ
2376 1252 2508 1302 Θεοῦ
2546 1250 2709 1320 πνοή·
2759 1248 2849 1303 καὶ
2882 1246 2971 1303 διὰ
3000 1254 3160 1305 τοῦτο
3194 1250 3328 1319 αύτὴ
3368 1251 3459 1305 τὸν
3522 1253 3795 1325 μιάναντα

2135 1334 2211 1397 εἷς
2241 1339 2347 1412 πῦρ
2377 1343 2642 1409 κατασπᾷ.
2678 1335 2908 1393 Σπεύδει
2954 1339 3055 1415 γὰρ
3110 1337 3202 1394 τὸν
3264 1334 3520 1415 ὑϐριστὴν
3578 1341 3793 1415 αῗωνῖῳ

2135 1423 2468 1502 παραδοῦναι
2500 1424 2741 1481 κολάσει.

2208 1609 2318 1660 XX.
2349 1608 2523 1659 Ταῦτα
2561 1602 2737 1681 λέγων
2772 1605 2799 1659 ὁ
2832 1606 3058 1681 Πέτρος,
3081 1607 3181 1675 τήν
3230 1610 3273 1644 9⁸
3320 1606 3520 1684 ἀγαθὴν
3552 1609 3643 1664 καὶ
3686 1610 3797 1664 σώ-

2140 1712 2311 1769 φρονα
2359 1690 2649 1748 Ματτιδίαν
2683 1697 2727 1731 ⁹⁹
2759 1694 2861 1749 ὑπὸ
2904 1700 3079 1771 χαρᾶς
3124 1691 3453 1770 δακρύουσαν
3503 1694 3662 1768 ἰδὼν,
3712 1699 3795 1761 ὡς

2139 1780 2225 1836 ἐπὶ
2283 1782 2570 1859 ὑποσχέσει
2628 1787 2737 1838 τῶν
2794 1783 3089 1860 γεγονότων
3149 1784 3458 1855 λυπηθῆναι
3539 1786 3793 1859 νομίσας,

2143 1867 2266 1946 ἔφη’
2328 1870 2541 1947 Θάρσει,
2600 1871 2777 1946 γύναι·
2811 1870 3039 1927 πολλῶν
3097 1872 3283 1929 πολλὰ
3337 1875 3478 1929 κακά
3514 1876 3800 1939 παθόντων

2144 1955 2231 2013 διὰ
2283 1960 2555 2035 μοιχείαν,
2608 1963 2756 2019 295
2821 1960 2883 2015 σὺ
2944 1959 3032 2016 διὰ
3090 1963 3443 2040 σωφροσύνην
3501 1964 3797 2035 πέπονθας,

2140 2046 2230 2102 καὶ
2263 2045 2351 2101 διὰ
2377 2053 2538 2103 τοῦτο
2571 2048 2669 2103 οῦκ
2708 2048 3061 2121 ἐτελεύτησας
3093 2054 3226 2125 (44).
3262 2052 3322 2106 Εἰ
3360 2050 3415 2107 δὲ
3467 2055 3555 2108 καὶ
3598 2058 3798 2126 τεθνή-

2141 2158 2274 2205 κεις,
2310 2139 2651 2210 σεσωσμένην
2689 2139 2746 2193 ἂν
2798 2138 2944 2214 εἶχες
2994 2142 3094 2210 τὴν
3143 2143 3348 2217 ψυχήν.
3385 2141 3625 2220 Πατρίδα
3663 2146 3801 2198 Ῥώο

2148 2249 2253 2300 μην
2288 2222 2495 2288 ἔλειπες
2527 2224 2615 2281 διὰ
2640 2228 3014 2305 σωφροσύνην’
3033 2228 3177 2285 ἀλλὰ
3195 2235 3263 2304 τῇ
3294 2231 3496 2303 ταύτης
3526 2233 3799 2311 προφάσει

2144 2315 2402 2385 ἀλήθειαν
2432 2316 2601 2390 εὗρες,
2631 2317 2694 2371 τὸ
2727 2314 2963 2391 διάδημα
2988 2320 3087 2387 τῆς
3143 2316 3320 2374 ἀϊδίου
3374 2322 3670 2395 βασιλείας.
3704 2324 3793 2378 Ἐν

2146 2405 2294 2480 βυθῷ
2318 2401 2748 2478 κεκινδύνευκας,
2779 2405 2869 2461 καὶ
2921 2406 3020 2461 οὐκ
3059 2406 3435 2481 ἐτελεύτησας,
3470 2410 3558 2465 καὶ
3591 2410 3689 2466 εἷ’τε
3721 2414 3792 2449 ¹⁰⁰

2138 2491 2562 2563 τετελευτήκεις,
2592 2493 2749 2556 αὐτός
2781 2515 2864 2548 σοι
2896 2495 2923 2548 ὁ
2968 2496 3127 2569 βυθὸς
3159 2493 3247 2550 διὰ
3279 2499 3627 2574 σωφροσύνην
3658 2501 3785 2569 θνη-

2140 2581 2338 2657 σκούσῃ
2398 2584 2677 2657 βάπτισμα
2732 2582 2931 2660 ἐγίνετο
2990 2584 3125 2659 πρὸς
3158 2589 3341 2662 ψυχῆς
3371 2588 3660 2663 σωτηρίαν.
3688 2589 3791 2643 Τέ-

2138 2693 2278 2726 κνων
2306 2671 2638 2750 ἀπελείφθης
2670 2674 2805 2749 πρὸς
2840 2671 3225 2748 ὀλίγον,ὁίτινα
3252 2676 3471 2751 γνησίας
3502 2672 3628 2731 ὄντα
3660 2698 3800 2731 σπυ-

2140 2766 2236 2835 ρᾶς
2268 2760 2320 2815 έν
2362 2766 2478 2824 τοῖς
2526 2761 2823 2836 κρείττοσιν
2878 2761 3120 2838 εὕρηται.
3165 2764 3522 2837 Λιμώττουσα
3576 2768 3794 2844 τροφὰς

2138 2849 2486 2924 προσῄτησας
2523 2854 2563 2921 ¹,
2597 2848 2742 2906 ἀλλὰ
2768 2851 2992 2927 πορνείᾳ
3022 2856 3181 2925 σῶμα
3240 2854 3325 2907 σὸν
3384 2854 3480 2909 οὐκ
3537 2854 3796 2927 ἐμίανας.

2141 2942 2315 3012 Σῶμα
2346 2940 2434 2993 σὸν
2491 2934 2827 3009 ἐϐασάνισας,
2856 2938 3003 2995 ἀλλά
3028 2942 3127 3011 τήν
3171 2943 3351 3018 ψυχὴν
3397 2939 3623 3005 ἔσωσας.
3656 2950 3803 2998 Μοι-

2138 3028 2239 3103 χὸν
2272 3023 2481 3105 ἔφυγες,
2506 3025 2597 3082 ἵνα
2640 3029 2715 3101 μὴ
2760 3028 2947 3097 κοίτην
2977 3026 3170 3106 ἀνδρὸς
3204 3032 3396 3105 μιάνῃς
3434 3035 3475 3103 ³,
3510 3029 3654 3087 ἀλλά
3702 3030 3803 3087 διὰ

2138 3117 2236 3186 τήν
2269 3119 2291 3152 ³
2321 3117 2673 3193 σωφροσύνην
2707 3118 2734 3171 ὁ
2767 3119 2864 3187 τήν
2900 3120 3074 3195 φυγήν
3109 3117 3266 3181 εἰδὼς
3297 3121 3425 3183 Θεὸς
3471 3121 3562 3175 τὸν
3595 3119 3801 3196 ἀνδρὸς

384 3178 586 3279 plebit.
622 3208 699 3263 Ad
734 3178 1031 3263 tristitiam
1063 3213 1120 3264 et
1148 3178 1522 3263 solitudinem
1544 3178 2027 3278 redacta,privata

2141 3203 2533 3279 ἀποπληρώσει
2564 3205 2752 3263 τόπον.
2787 3209 3100 3276 Λυπηθεῖσα
3154 3208 3244 3262 καὶ
3298 3211 3602 3282 μονωθεῖσα
3655 3212 3801 3283 πρὸς

386 3312 449 3352 es
481 3296 550 3350 ad
575 3296 745 3351 breve
768 3302 1140 3368 tempustum
1169 3300 1539 3361 marito,tum
1560 3295 1758 3350 liberis
1793 3312 1805 3350 :
1839 3296 1937 3350 scd
1968 3294 2027 3349 hi

386 3401 589 3440 omnes
620 3384 726 3439 tibi
758 3384 1127 3456 relinquendi
1160 3389 1324 3440 erant
1356 3401 1458 3456 per
1482 3384 1687 3440 mortis
1718 3383 2029 3439 necessita-

384 3476 502 3529 tem
539 3491 553 3530 :
591 3479 825 3544 praestat
855 3479 1073 3545 autem,
1108 3475 1261 3547 quod
1309 3479 1544 3546 propter
1573 3473 1898 3529 castitatem
1930 3489 2028 3528 vo-

385 3560 514 3618 lens
544 3564 771 3635 privata
799 3580 880 3632 es,
912 3579 1089 3636 quam
1123 3563 1171 3619 si
1206 3563 1387 3619 invita
1430 3567 1631 3635 postea
1662 3563 1937 3635 periisses
1969 3561 2029 3615 in

383 3651 662 3724 peccatis.

455 3740 595 3797 XXI.
630 3741 812 3797 Multo
844 3742 1024 3814 igitur
1052 3742 1261 3798 melius
1292 3742 1601 3815 est,priora
1629 3740 1874 3797 molesta
1904 3756 2032 3796 esse

381 3846 449 3886 ac
479 3832 645 3886 dura.
679 3830 905 3886 Etenim
936 3831 1170 3903 quando
1202 3832 1438 3896 adsunt,
1474 3846 1577 3903 spe
1609 3831 1766 3903 quod
1797 3835 2029 3903 praeter-

384 3919 699 3988 ibunt,non
730 3921 1048 3976 admodum
1085 3919 1590 3986 contristant,imo
1622 3920 1913 3991 potiorum
1937 3934 2031 3973 ex-

383 4010 742 4080 spectatione
785 4009 1067 4082 gaudium
1122 4010 1402 4083 praabent.
1449 4013 1599 4064 Ante
1649 4008 1806 4065 omia
1836 4012 2033 4063 autem

381 4097 532 4152 scire
560 4102 617 4152 te
646 4097 1088 4170 volo,quantum
1121 4098 1403 4170 pudicitia
1428 4098 1543 4153 Deo
1571 4096 2037 4170 placeat.Mulier

382 4185 596 4257 pudica
627 4190 715 4241 est
746 4186 842 4241 Dei
873 4186 1100 4254 electio,
1133 4186 1232 4242 Dei
1268 4186 1717 4257 bcneplacitum,
1753 4186 1845 4240 Dei
1906 4185 2033 4257 glo-

385 4274 492 4340 ria,
528 4275 620 4330 Dei
660 4274 913 4331 lilia.Tot
943 4275 1352 4348 praarogativas
1383 4274 1559 4331 habet
1589 4274 1891 4348 pudicitia.
1914 4275 2036 4331 Nisi

385 4361 478 4419 lex
497 4366 670 4435 esset,
694 4366 758 4418 ut
785 4380 855 4419 ne
877 4364 1080 4435 justus
1111 4363 1345 4436 quidem
1378 4364 1598 4435 absque
1625 4362 1919 4436 baptismo
1946 4362 2037 4417 in-

2138 3293 2323 3369 ὀλίγον
2352 3291 2545 3369 ἀνδρὸς
2575 3294 2663 3349 καὶ
2721 3296 2921 3350 τέκνων
2980 3296 3331 3375 ἀπελείφθης,
3365 3296 3512 3353 ἀλλὰ
3562 3300 3798 3363 τούτους

2137 3381 2338 3445 πάντας
2364 3382 2653 3438 ἀπολιπεῖν
2681 3388 2699 3420 ⁴
2724 3384 2868 3462 εἶχες
2899 3386 3203 3460 προθεσμίᾳ
3234 3387 3463 3451 θανάτου
3496 3391 3516 3424 ⁸
3544 3394 3795 3464 κρεῖττον

2141 3469 2198 3526 δὲ
2229 3470 2310 3526 ὅτι
2372 3470 2460 3526 διὰ
2495 3472 2846 3552 σωφροσύνην
2907 3474 3101 3530 ἑκοῦσα
3145 3473 3496 3555 ἀπελείφθης,
3527 3479 3561 3547 ἦ
3587 3481 3609 3514 ⁶
3638 3474 3798 3551 εἶ’περ

2140 3558 2341 3615 ἄκουσα
2400 3563 2534 3633 μετὰ
2589 3562 2788 3637 χρόνον
2850 3561 2930 3642 ἐφ’
2988 3564 3276 3640 ἁμαρτίαις
3330 3564 3515 3629 αὐταῖς
3596 3566 3800 3623 ἀπωλ-

2140 3648 2296 3706 λύου.

2213 3745 2399 3797 XXXI.
2434 3738 2637 3812 Πολλῷ
2663 3738 2752 3795 οῦν
2802 3741 3016 3814 ἄμεινον
3068 3743 3137 3797 τὰ
3164 3748 3407 3819 πρωτεῖα
3436 3747 3457 3780 ⁷
3486 3743 3615 3798 εἶναι
3667 3743 3804 3808 θλι-

2142 3822 2293 3901 ϐερά.
2328 3827 2425 3882 Καὶ
2484 3828 2583 3903 γὰρ
2639 3827 2727 3883 ὅτε
2782 3828 3056 3903 πάρεστιν,
3105 3829 3286 3886 ἐλπίδι
3343 3837 3445 3886 τοῦ
3496 3831 3800 3909 παρελθεῖν

2142 3916 2204 3972 οὐ
2234 3919 2369 3970 πάνυ
2402 3915 2583 3989 λυπεῖ,
2614 3915 2913 3992 προσδοκίᾳ
2941 3940 2999 3973 τε
3040 3924 3137 3974 τοῦ
3189 3920 3494 3996 κρείττονος
3521 3922 3609 3976 καὶ
3657 3922 3804 3999 χαί-

2144 4025 2252 4081 ρειν
2281 4007 2530 4082 παρέχει.
2565 4008 2677 4082 Πρὸ
2706 4008 2920 4061 πάντων
2953 4005 3010 4063 δὲ
3059 4007 3255 4064 εἰδέναι
3313 4031 3370 4065 σε
3426 4008 3590 4081 θέλω,
3620 4012 3800 4067 πόσον

2141 4095 2204 4150 τὸ
2264 4101 2559 4173 σωφρονεῖν
2619 4096 2832 4172 ἀρέσκει
2890 4102 3022 4169 Θεῷ.
3072 4099 3133 4154 Ἡ
3194 4099 3422 4176 σώφρων
3482 4102 3614 4177 γυνῆ
3656 4108 3807 4157 Θεοῦ

2146 4182 2369 4261 ἐκλογὴ,
2428 4188 2557 4239 Θεοῦ
2617 4182 2852 4253 εὐδοκία,
2914 4191 3046 4242 Θεοῦ
3101 4190 3253 4246 298
3310 4186 3456 4259 δόξα,
3504 4194 3633 4245 Θεοῦ
3702 4191 3807 4246 τέ-

2143 4294 2288 4329 κνον.
2321 4278 2583 4328 Τοσοῦτον
2629 4274 2829 4351 ἀγαθὸν
2860 4277 2881 4312 ⁸
2914 4276 3254 4355 σωφροσύνη.
3289 4277 3351 4331 Εἰ
3385 4278 3460 4351 μὴ
3492 4276 3574 4333 ὅτι
3626 4278 3810 4352 νόμος

2142 4362 2231 4433 ἦν,
2268 4360 2408 4436 μηδέ
2439 4360 2644 4419 δίκαιον
2672 4360 2997 4420 ἀϐάπτιστον
3030 4368 3051 4402 θ
3084 4366 3159 4427 εἷς
3202 4367 3299 4435 τήν
3363 4367 3635 4443 βασιλείαν
3691 4373 3807 4424 τοῦ

1737 4462 1980 4516 νΑΗῐιἘ
2022 4461 2436 4518 LECTIONES.

528 4549 627 4625 μία
659 4552 973 4625 μοιχεῖα-Ο.

448 4551 505 4638 :5
528 4549 626 4622 μία
659 4554 882 4625 μοιχεῖα
913 4552 973 4608 C.
1051 4553 1094 4588 9°
1121 4554 1189 4624 τῇ
1224 4547 1280 4605 δὲ
1315 4550 1538 4678 μοιέείᾳ
1569 4553 1720 4620 conj.
1755 4551 1821 4607 D.

448 4622 559 4675 οίαν
599 4624 663 4677 Ο.
744 4626 811 4660 ¹⁰⁰
867 4621 911 4675 εἰ
969 4626 1033 4678 0.
1116 4627 1129 4659 ¹
1163 4624 1397 4678 προσέτι
1438 4645 1452 4676 ι
1514 4625 1578 4678 Ο.
1657 4626 1678 4657 ³
1713 4643 1821 4678 meo

386 4621 559 4675 θιδίαν
599 4621 667 4677 O.
744 4621 811 4660 ωδ
867 4621 911 4675 εἰ
969 4626 1033 4678 0.

1116 4627 1129 4659 ¹
1147 4624 1462 4698 Ᾱπροσήτιὸι-
1514 4625 1585 4698 ΟΔ.¹
1657 4626 1678 4657 ³

1712 4625 1921 4713 ptavi};
1964 4625 2024 4713 Cl.

1899 4552 1943 4586 9"
1972 4556 2058 4626 Ita
2103 4547 2493 4626 spumat
2540 4556 2600 4626 C,
2650 4551 2717 4626 Ο.
2749 4621 2763 4626 _
2794 4552 2962 4626 “frwﬁv
3008 4554 3244 4625 adjunxi
3299 4571 3348 4610 c.
3407 4558 3471 4626 Ο,
3550 4557 3593 4591 ⁹⁹
3638 4561 3805 4612 Ματ-

2100 4623 2123 4657 ³
2148 4623 2248 4691 τήν
2295 4640 2411 4678 om.
2445 4627 2509 4680 υ.

2588 4624 2609 4658 ⁸
2639 4621 2951 4678 ἀπολείπειν
2985 4630 3043 4680 C.
3081 4621 3096 4625 ⁷
3120 4626 3142 4660 ⁸
3174 4631 3230 4680 ln
3276 4626 3320 4681 Ο
3378 4621 3508 4683 esse
3561 4628 3809 4686 videtur

435 4695 741 4770 uvpgiv_e:v._
772 4696 792 4730 ⁸
821 4692 860 4770 ᾔ
890 4695 1114 4750 addidit
1145 4691 1503 4770 DLSubiqde
1533 4693 1690 4770 ’ἤπερ
1715 4691 1779 4766 ρ.
1815 4691 1964 4770 εἰπερ
2004 4700 2068 4749 υ.
2095 4695 2252 4770 ΑΤυιη
2311 4696 2463 4770 idem
2519 4712 2637 4750 om.
2688 4694 2873 4770 αὐταῖς
2915 4698 3249 4770 scribitque
3289 4695 3607 4770 ἀπωλλύου,
3640 4717 3688 4755 c.
3726 4703 3802 4769 S,

421 4763 671 4843 uallum)
703 4766 762 4821 Ο.
803 4835 816 4843 Δ
840 4767 860 4800 ⁷
891 4770 1166 4843 πρωατεῖα
1196 4767 1267 4843 Οἶ
1305 4767 1358 4843 ,ξ
1410 4768 1492 4822 Ita
1523 4768 1566 4823 Ο
1596 4763 1756 4843 (it-eji-
1805 4763 2051 4843 conject;
2081 4766 2232 4843 Clin
2260 4837 2272 4843 _
2292 4767 2409 4838 cuj.
2443 4772 2603 4822 textu
2645 4765 2935 4843 Δτοσούτων
2967 4763 3197 4841 ἀγαθῶν.
3229 4769 3264 4823 S
3295 4770 3537 4842 insuper
3593 4763 3806 4843 conje;

384 4837 461 4893 cit
489 4835 759 4891 τοσούτων
792 4832 1005 4912 ἀγαθῶν
1027 4834 1218 4895 αἷίτιον.
1249 4839 1272 4873 9
1302 4833 1506 4892 δίκαιον
1538 4837 1627 4892 καὶ
1660 4832 1985 4891 ἀϐάπτιστον
2016 4836 2080 4893 Ο.

2109 4810 2232 4892 cf:
2260 4810 2418 4894 hBi'i'u'.
2448 4810 2693 4908 355,331

1757 4933 2139 4991 VARIORUM
2177 4935 2410 4992 NOT/E.

458 5023 841 5109 (fraxineas;
870 5025 950 5081 De
981 5025 1592 5109 adulterio‘emendes
1612 5024 1784 5109 velim
1834 5023 2027 5109 lo‘culr‘n

390 5095 777 5169 S_.'Methodii,
810 5096 869 5169 in
902 5114 1072 5169 opere
1104 5099 1177 5152 De
1222 5098 1396 5154 libero
1443 5097 1698 5163 abritrio,
1740 5095 2025 5169 Combeli-f

382 5166 564 5241 sianae
605 5166 898 5231 editiOnis,
940 5166 1016 5241 ρ.
1058 5170 1210 5241 353)
1249 5171 1485 5241 ξἘτερος
1528 5173 1767 5241 προσῆν,
1814 5166 2026 5241 ’ὸς-,τοῦ

381 5235 619 5308 πλησίον
651 5244 880 5325 γυναῖκα
907 5234 1113 5325 παίζειν
1146 5237 1330 5325 ἤθελε,
1348 5234 1620 5325 λῄστεύων
1652 5234 1828 5313 γάμον
1861 5234 2027 5322 ἀλλό-

382 5329 558 5399 τριον,
587 5308 675 5364 καὶ
708 5308 795 5399 ἐπὶ
825 5312 1138 5385 παράνομον
1170 5308 1358 5399 κοίτηγ
1389 5308 2023 5399 τριαπῆναι’¹παρρρμῶν,

384 5380 477 5436 τὸν
506 5380 878 5457 γεγαμηκότεν
904 5380 1585 5457 λιγτῖσ⁷ιφκίπιοργνῆσιον
1613 5383 1711 5457 vel
1764 5380 1857 5453 μὴ’
1888 5380 2024 5457 ίγγλή-

388 5451 530 5525 σιον)
560 5451 762 5525 πατέρα
793 5451 1029 5526 γίνεσθαι
1077 5451 1269 5510 θέλων.
1304 5451 1420 5509 Hoc
1468 5459 1557 5510 est
1590 5471 1602 5510 :
1636 5451 1833 5509 Aderat
1883 5451 2027 5509 (ilius

388 5527 486 5596 qui
508 5527 762 5598 proximi
788 5527 955 5598 uxori
977 5528 1227 5598 cupiebat
1255 5526 1508 5589 illudere,
1550 5526 1797 5581 alienum
1823 5527 2023 5579 matri-

388 5597 635 5653 monium
664 5597 964 5668 praedatus,
996 5604 1045 5654 et
1082 5601 1322 5653 incitans
1349 5615 1468 5654 eam
1497 5607 1559 5653 ut
1584 5598 1654 5652 ad
1682 5598 2027 5653 concubitum

379 5670 655 5726 illicitum
689 5677 1009 5739 verteretur,
1043 5687 1074 5726 e
1100 5671 1303 5725 marito
1350 5669 1534 5726 volens
1578 5672 1766 5740 facere
1812 5676 2025 5740 patrem

2137 5040 2248 5080 non
2275 5042 2485 5081 verum.
2519 5023 2650 5081 Co'r.

2208 5095 2319 5175 (ᾄᾷ)
2352 5099 2415 5175 I_n
2444 5096 2904 5175 Clementirtorum
2931 5114 3041 5154 ms.
3074 5097 3168 5175 hic
3217 5100 3288 5175 ad
3333 5100 3654 5175 marginem
3702 5119 3809 5175 re-

2138 5168 2380 5243 centiori
2414 5185 2598 5243 manu
2626 5169 2910 5243 scriptum
2945 5170 3237 5243 cernitur;
3258 5174 3375 5226 Ὅτι
3409 5168 3571 5227 civitati
3602 5170 3801 5243 ἐθνικὴ

2139 5232 2488 5316 ἀϐάπτιστος,
2522 5235 2609 5316 διὰ
2640 5232 3123 5316 τῆν’σωφροσύνῃν
3144 5238 3503 5316 ηέδικαιοῦτο.
3540 5232 3801 5315 Parique

2140 5312 2311 5392 modo
2342 5307 2902 5392 infra,.§txai95vmi'
2932 5314 3035 5392 μὲν
3131 5309 3334 5392 ἔργων,
3368 5316 3401 5385 ἣ
3433 5313 3522 5371 διὰ
3566 5307 3793 5392 σωφρο-

2138 5380 2324 5450 σύνην,
2419 5378 2488 5435 δι’
2520 5378 2974 5457 ἐλεημοσύνηνέῆ
3008 5378 3107 5437 διά
3127 5378 3493 5457 δικαιοσύνην,
3526 5387 3578 5440 oi
3613 5378 3793 5442 ταῦτα

2141 5452 2552 5531 μετερχᾷμενοι.
2587 5452 2864 5531 Βασιλείαν
2895 5453 2951 5509 δὲ
2973 5457 3212 5531 ’Χριστοῦ
3247 5457 3400 5528 μόνοι
3425 5452 3484 5513 ὀἱ
3528 5458 3796 5531 βαπτιζό-

2139 5522 2398 5603 μενοιςέιξ
2432 5522 2584 5603 ἁγίαν
2615 5522 2833 5603 Τριάδα,
2850 5522 3180 5603 κ.τ.λ.ᾼὈυεε
3204 5522 3400 5586 omnia
3421 5533 3491 5587 ad
3514 5522 3788 5603 Pelagia-

2136 5613 2268 5668 nam
2293 5596 2570 5668 Ahaares'im
2604 5596 2892 5668 pertinere
2944 5600 3251 5668 videntur;
3286 5608 3350 5657 ut
3380 5609 3437 5659 et
3496 5596 3793 5662 nonnulla

2137 5667 2252 5724 alia
2280 5666 2557 5725 Clementi
2591 5666 2863 5742 ascriptis
2894 5671 3170 5743 operibus
3202 5666 3494 5747 inspersa.
3526 5674 3659 5731 Co'r.
