4086 6216
404 311 523 373 345

1509 313 2036 376 CLEMENTINA.
2071 344 2147 358 —
2176 311 2510 375 HOMILIA
2557 310 2715 373 XIV.

3694 301 3814 367 346

400 449 538 499 Θεοῦ
570 444 853 516 εἰσελθεῖν,
879 443 1025 522 τάχα
1077 467 1183 502 που
1210 451 1318 501 τῶν
1371 445 1534 501 ἐθνῶν
1587 448 1639 502 οἱ
1692 444 2055 518 πεπλανημέ-

2178 446 2430 519 greditur
2458 445 2516 501 in
2549 461 2797 518 regnum
2827 444 2949 513 Dei,
3003 444 3148 500 forte
3204 441 3305 515 qui
3361 440 3615 498 erantin
3672 455 3813 513 gen-

397 556 484 590 νοι
550 532 640 589 διὰ
693 535 1047 614 σωφροσύνην
1111 535 1274 609 μόνον
1334 538 1568 606 σωθῆναι
1623 534 1895 591 ἐδύναντο.
1960 534 2057 588 Διὰ

394 627 566 678 τοῦτο
602 622 722 679 λίαν
757 625 947 696 ἀθυμῶ
977 625 1099 701 περὶ
1128 628 1235 679 τῶν
1273 623 1324 680 ἐν
1375 624 1555 699 πλάνῃ
1603 623 2057 703 σωφρονούντων,

398 710 484 765 ὅτι
521 710 643 767 ἄνευ
676 711 899 774 ἐλπίδος
930 712 1135 787 ἀγαθῆς
1168 720 1465 792 σωφρονεῖν
1516 712 1770 787 ἑλόμενοι
1810 714 1946 789 πρὸς
1996 712 2058 766 τὸ

404 801 771 874 βαπτισθῆναι
825 800 1074 877 ὀκνηρῶς
1123 798 1363 878 ἔχουσιν.
1400 803 1493 857 Διὸ
1541 802 1605 857 οὐ
1654 804 1938 871 σώζονται·
1975 800 2057 856 ὅτι

400 886 592 962 δόγμα
640 894 773 944 Θεοῦ
827 896 1022 958 κεῖται,
1053 885 1381 946 ἀϐάπτιστον
1434 890 1508 953 εἰς
1553 892 1653 960 τήν
1694 891 1858 946 αὐτοῦ
1912 891 2060 967 βασι-

399 974 556 1031 λείαν
587 978 665 1050 μὴ
698 977 977 1034 εἰσελθεῖν.
1005 984 1181 1034 Ταῦτα
1210 980 1373 1035 αὐτοῦ
1419 980 1668 1043 εἰπόντος
1713 980 1804 1034 καὶ
1848 980 2058 1035 τούτων

396 1064 655 1139 πλείονα,
688 1067 763 1130 εἰς
794 1068 959 1123 ὕπνον
993 1068 1327 1145 ἐτράπημεν.

1034 1283 1295 1338 ὈΜΙΛΙΑ
1339 1284 1437 1340 ΙΔ’.

477 1393 525 1443 Ι.
556 1387 951 1465 Ὀρθριαίτερον
987 1392 1031 1428 ίο
1061 1388 1119 1444 δὲ
1165 1387 1364 1462 πολλῷ
1410 1394 1507 1444 τοῦ
1554 1389 1868 1465 καθημέραν
1907 1390 1935 1444 ὁ
1966 1390 2065 1444 Πέο

401 1497 534 1553 τρος
565 1475 896 1540 διυπνισθεὶς
939 1478 1108 1552 εἰσῄει
1141 1479 1277 1554 πρὸς
1305 1482 1473 1553 ἡμᾶς,
1504 1480 1593 1534 καὶ
1628 1479 1901 1552 ἐξυπνίσας
1935 1475 2060 1557 ἔφη*

405 1571 706 1629 (humanive:
736 1567 829 1621 καὶ
860 1569 1250 1630 Φαυστινιανὸς
1281 1570 1395 1642 ἅμα
1443 1567 1725 1641 Κλήμεντι
1777 1570 1910 1641 μετὰ
1956 1573 2065 1623 τῶν

410 1655 627 1709 οἰκείων
679 1655 1202 1727 ἀκολουθησάτωσάν
1260 1679 1352 1731 μοι
1387 1660 1449 1728 ¹¹,
1485 1657 1634 1720 ὅπως
1669 1657 1720 1713 ἐν
1755 1659 1990 1730 σκεπινῷ
2021 1660 2064 1694 ¹²

403 1751 506 1813 τῆς
538 1743 816 1816 θαλάσσης
845 1745 998 1819 τόπῳ
1028 1744 1277 1810 ἐλθόντες
1319 1746 1370 1802 ἐν
1415 1746 1775 1820 ἀκατασκόπῳ
1810 1747 2065 1823 βαπτίσαι

403 1832 579 1902 αὐτὴν
616 1831 1132 1907 δνδνηθῶμεν.Πλήν
1166 1834 1253 1890 ἐπὶ
1284 1839 1392 1891 τῶν
1416 1834 1677 1911 αἰγιαλῶν
1707 1834 2067 1912 ¹³γενομένων

404 1924 596 1993 ἡμῶν,
636 1921 830 1994 μεταξὺ
873 1928 1080 1999 πετρῶν
1126 1946 1284 1978 τινων
1326 1923 1572 1999 γαληνοῦ
1619 1925 1708 1979 καὶ
1753 1928 1796 1964 1⁵
1832 1927 2067 2001 καθαροῦ

401 2011 585 2065 τόπου
634 2010 1049 2087 εύπορησάντων
1097 2009 1376 2068 ἐϐάπτισεν
1426 2013 1615 2083 αὐτήν.
1670 2015 1859 2086 Ἡμεῖς
1907 2012 1964 2068 δὲ
2017 2013 2067 2066 οἱ

405 2097 665 2177 ἀδελφοὶ,
695 2106 802 2155 τῶν
837 2106 1107 2175 γυναικῶν
1140 2102 1300 2177 χάριν
1335 2104 1447 2174 ἅμα
1477 2100 1696 2181 ἀδελφῷ
1731 2104 1821 2157 καὶ
1872 2100 2066 2165 ἄλλοις

404 2190 554 2242 τισὶν
610 2190 1069 2265 ὑποχωρήσαντες
1114 2191 1203 2245 καὶ
1257 2193 1605 2264 Λουσάμενοι,
1638 2194 1785 2250 297
1825 2190 2067 2254 ἐλθόντες

410 2276 505 2331 ἐπὶ
541 2280 586 2315 ιδ
613 2278 707 2339 τὰς
736 2283 991 2354 γυναῖκας
1026 2274 1425 2354 παρελάϐομεν.
1461 2280 1562 2336 Καὶ
1617 2280 1791 2342 οὕτως
1838 2279 1890 2334 ἐν
1939 2300 2069 2355 κρυ-

404 2365 560 2443 φαίῳ
608 2366 761 2439 τόπῳ
812 2369 1157 2442 πορευθέντες
1209 2368 1502 2444 εὐχόμεθον
1537 2370 1817 2425 Ἔπειταὸ
1868 2369 2069 2445 Πέτρος

406 2457 510 2515 τὰς
540 2460 801 2530 γυναῖκας
835 2452 922 2510 διὰ
949 2457 1039 2511 τὸν
1065 2452 1238 2532 ὄχλον
1260 2457 1629 2533 προέπεμψεν,
1646 2457 1714 2513 δι’
1736 2457 1916 2527 ἄλλης
1940 2456 2069 2513 ὁδοῦ

407 2543 504 2599 ἐπί
535 2545 637 2613 τήν
663 2543 829 2614 ξενίαν
863 2543 1037 2609 ἐλθεῖν
1069 2543 1350 2613 κελεύσας,
1383 2543 1589 2622 ἀνδρῶν
1621 2568 1680 2602 τε
1714 2547 1901 2620 μόνοις
1931 2550 2065 2621 ἡμῖν

408 2638 651 2687 συνεῖναι
683 2637 751 2706 τῇ
787 2632 956 2710 μητρὶ
988 2634 1076 2688 καί
1108 2639 1224 2696 ταῖς
1255 2633 1442 2697 αύταῖς
1492 2636 1730 2711 γυναιξὶν
1766 2638 1808 2675 1⁸
1850 2635 2065 2713 ἐπέτρε-

406 2724 532 2794 ψεν.
570 2720 851 2783 Ἐλθόντες
908 2720 1001 2776 οῦν
1055 2722 1132 2785 εἰς
1188 2724 1287 2791 τήν
1346 2723 1515 2796 ξενίαν
1564 2725 1653 2778 καὶ
1720 2724 2069 2798 ἀναμένοντες

405 2810 578 2864 αύτὸν
631 2809 803 2873 ἐλθεῖν
852 2809 1125 2883 ἀλλήλοις
1169 2809 1541 2889 διελεγόμεθα.
1574 2814 1725 2870 Μετὰ
1773 2814 1958 2877 ἱκανὰς
2013 2812 2070 2869 δὲ

411 2898 568 2971 ὥρας
603 2899 632 2953 ὁ
663 2900 863 2975 Πέτρος
896 2898 1092 2971 ἐλθὼν,
1122 2902 1214 2955 τὸν
1248 2900 1404 2978 ἄρτον
1456 2902 1538 2957 ἐπ’
1571 2902 1889 2978 εὐχαριστίᾳ
1933 2902 2068 2960 κλά-

405 3008 511 3049 σας
568 2989 657 3042 καὶ
705 2987 911 3053 ἐπιθεὶς
968 2987 1223 3063 ἅλας,τῇ
1287 2990 1452 3066 μητρὶ
1506 2996 1723 3067 πρῶτον
1778 2989 2067 3065 ἐπέδωκεν,

407 3078 506 3130 καὶ
542 3080 581 3111 ’τ
612 3078 724 3148 μετ’
756 3078 923 3147 αὐτὴν
956 3084 1092 3150 ἡμῖν
1141 3085 1257 3140 τοῖς
1313 3081 1451 3143 υἱοῖς
1511 3080 1700 3149 αὐτῆς.
1738 3081 1837 3136 Καὶ
1892 3080 2067 3144 οὕτως

403 3165 549 3237 αύτῇ
584 3165 1015 3239 συνειστιέθημεν
1046 3167 1135 3222 καὶ
1166 3168 1257 3222 τὸν
1291 3169 1416 3223 Θεὸν
1451 3168 1847 3245 εύλογήσαμεν.

485 3261 553 3310 ll.
588 3254 717 3309 Τότε
758 3253 952 3309 λοιπὸν
983 3257 1010 3309 ὁ
1042 3256 1264 3329 Πέτρος,
1295 3258 1385 3311 τὸν
1443 3256 1614 3333 ὄχλον
1673 3257 2064 3326 εἰσεληλυθότα

398 3340 544 3397 ἰδὼν
572 3343 660 3397 καὶ
689 3345 966 3406 καθεσθεὶς
997 3344 1085 3399 καὶ
1144 3348 1611 3418 παρακαθεσθῆναι
1668 3349 1817 3421 ἡμᾶς
1875 3347 2062 3404 κελευ-

402 3453 531 3501 σας,
590 3433 875 3511 ὑφηγεῖται
933 3435 1001 3488 τὰ
1055 3439 1246 3507 πρῶτα
1291 3435 1490 3489 πείθων
1539 3438 1712 3508 ἡμᾶς,
1758 3435 1861 3491 τίνι
1912 3434 2064 3513 λόγῳ

399 3521 744 3595 προπέμψας
800 3524 948 3595 ἡμᾶς
1011 3524 1115 3578 ἀπὸ
1170 3527 1268 3578 τοῦ
1330 3524 1700 3600 βαπτίσματος
1755 3526 1846 3579 καὶ
1902 3525 2064 3589 αὐτὸς

406 3608 682 3685 βραδύνας
741 3610 999 3680 ἐπῆλθεν.
1056 3614 1163 3681 Τὴν
1225 3610 1283 3667 δὲ
1340 3613 1510 3668 αἰτίαν
1567 3612 1719 3690 ἔλεγε
1780 3614 2060 3686 τοιαύτην.

398 3701 568 3770 ⁸’Δμα
619 3704 699 3771 τῷ
757 3701 917 3773 ὑμᾶς,
952 3700 1137 3778 φησὶν,
1183 3702 1500 3771 ἀποστῆναι,
1560 3703 1736 3779 γέρων
1797 3704 2063 3779 ωνεισῂει

400 3785 669 3862 ἐργάτης,
720 3789 1020 3865 περιέργως
1073 3793 1115 3827 ³⁸
1166 3790 1415 3846 κλέπτων
1465 3794 1509 3828 ίθ
1548 3790 1753 3859 ἑαυτὸν,
1793 3793 1883 3847 καὶ
1931 3814 2063 3869 προ-

404 3879 831 3946 κατασκοπτξσας
889 3880 1060 3950 ἡμᾶς,
1116 3878 1191 3941 ὡς
1249 3878 1407 3942 αὐτὸς
1483 3879 1702 3956 ὕστερον
1758 3878 2059 3958 ὡμολόγει,

400 3966 548 4037 πρὸς
574 3966 636 4019 τὸ
668 3963 797 4020 ἰδεῖν
826 3966 881 4021 τί
915 3966 973 4021 ἂν
1005 3969 1335 4043 πράττοιμεν
1370 3968 1448 4031 εἰς
1495 3970 1584 4024 τὸν
1621 3972 1868 4025 σκεπινὸν
1894 3970 2062 4026 τόπον

404 4053 762 4126 εἰσελθόντες,
796 4054 967 4131 λάθρα
1012 4052 1171 4119 ἐκϐὰς
1203 4058 1600 4129 ἠκολούθησεν·
1635 4059 1723 4114 καί
1775 4062 1821 4095 ²⁰
1867 4060 1919 4114 ἐν
1972 4059 2058 4115 εύ-

402 4142 584 4218 καίρῳ
624 4142 778 4217 τόπῳ
824 4144 1143 4217 προσελθὼν
1193 4147 1282 4202 καὶ
1329 4147 1771 4225 προσαγορεύσας
1814 4147 1936 4227 ἔφη’
1968 4155 2062 4205 Ἐκ

405 4230 631 4286 πολλοῦ
662 4253 742 4287 σοι
776 4230 1091 4288 ἀκολουθῶν
1124 4235 1213 4290 καὶ
1245 4242 1525 4312 συντυχεῖν
1570 4236 1742 4300 θέλων
1785 4235 2057 4312 ᾐδούμην,

414 4322 617 4392 μήπως
651 4320 726 4383 ὡς
756 4322 1030 4397 περιέργῳ
1065 4344 1159 4396 μοι
1189 4323 1548 4399 χαλεπαίνῃς⁸
1578 4330 1669 4379 νῦν
1716 4323 1773 4380 δὲ
1818 4328 1885 4381 τὰ
1936 4327 2061 4400 ἐμοὶ

405 4406 671 4464 δοκοῦντα
724 4409 929 4481 ἀληθῆ,
963 4411 1008 4465 εἰ
1071 4410 1282 4487 βούλει,
1334 4411 1481 4487 λέγω
1562 4413 1720 4489 Κάγὼ
1776 4414 2061 4491 ἀπεκρινά-

410 4516 543 4569 μην·
574 4500 725 4556 298
756 4499 895 4573 Λέγε
923 4502 1059 4572 ἡμῖν
1088 4499 1220 4576 ὅπερ
1251 4521 1337 4555 σοι
1365 4498 1516 4556 δοκεῖ
1562 4500 1728 4557 καλὸν
1781 4503 1935 4575 εἰναι,
1967 4505 2058 4559 καὶ

404 4582 782 4659 ἀποδεξόμεθά
812 4608 889 4659 σε,
922 4589 1020 4643 κᾶν
1052 4594 1132 4661 τῷ
1162 4584 1275 4644 ὄντι
1326 4591 1401 4663 μὴ
1452 4588 1617 4646 καλὸν
1649 4590 1685 4665 ᾖ
1711 4593 1774 4647 τὸ
1824 4589 2059 4665 λελόμε-

402 4696 520 4743 νον,
554 4674 771 4749 ἐπείπερ
830 4676 1004 4751 ἀγαθῇ
1063 4677 1373 4754 προαιρέσει
1428 4680 1492 4734 τὸ
1550 4676 1742 4735 δοκοῦν
1775 4702 1861 4737 σοι
1890 4679 2056 4738 καλὸν

402 4763 575 4818 εἰπεῖν
609 4763 907 4835 ἠθέλησας.

478 4858 570 4908 ΙΙΙ.
605 4854 706 4911 Καὶ
738 4855 766 4909 ὁ
791 4854 963 4931 γέρων
990 4860 1088 4911 τοῦ
1138 4854 1313 4934 λέγειν
1366 4854 1567 4934 ἤρξατο
1625 4858 1821 4922 οὕτως’
1855 4856 2060 4915 Θαλάσ-

400 4963 469 5016 σῃ
524 4942 661 5015 ὑμᾶς
718 4942 1091 5018 λελουμένους
1152 4945 1231 5009 εἰς
1285 4949 1330 4987 ³1
1379 4947 1471 5003 τὸν
1526 4947 1838 5027 ἀπόκρυφον
1886 4949 2054 5005 τόπον

2168 536 2345 605 tibus,
2382 540 2614 607 propter
2653 534 2838 590 solam
2899 533 3240 606 pudicitiam
3299 531 3530 604 posscni
3578 528 3811 585 salvari.

2167 626 2448 692 Quocirca
2504 624 2880 680 vehementer
2908 623 3116 677 anxius
3145 638 3278 677 sum
3303 621 3373 675 de
3405 619 3477 673 iis
3500 619 3598 690 qui
3633 617 3690 671 ln
3722 633 3812 672 er-

2169 731 2294 769 rore
2326 714 2529 770 vivunt
2560 715 2787 785 pudice,
2821 713 2973 783 quod
3007 711 3131 766 sine
3164 712 3315 765 bona
3335 726 3436 780 spe
3467 706 3810 779 pudicitiam

2168 803 2504 868 consectati,
2538 804 2608 858 ad
2640 803 3002 874 baptismum
3062 799 3432 872 recipendum
3491 813 3553 853 se
3607 798 3813 868 gerant

2169 894 2444 965 segniter.
2479 893 2665 957 Quare
2687 891 2829 947 salvi
2854 907 2967 945 non
3003 888 3347 959 ﬁunt;quia
3382 886 3475 941 Dei
3511 887 3809 941 decretum

2170 982 2425 1054 positum
2451 988 2556 1047 est,
2582 998 2655 1037 ne
2673 981 2729 1035 in
2754 979 2939 1053 ipsius
2959 994 3201 1049 regnum
3226 975 3586 1048 ingrediatur
3606 989 3812 1044 expers

2168 1071 2468 1143 baptismi.
2504 1071 2639 1135 Quae
2670 1074 2980 1141 postquam
3004 1065 3267 1139 protulit,
3317 1069 3375 1120 et
3396 1063 3487 1118 his
3520 1063 3707 1135 plura,
3740 1061 3813 1116 ad

2171 1178 2445 1218 somnum
2478 1158 2741 1215 conversi
2770 1174 3000 1214 sumus.

2732 1368 2838 1427 ΗΟ
2855 1365 3065 1425 HILIA
3104 1363 3257 1423 XIV.

2243 1484 2288 1539 Ι.
2317 1481 2499 1538 Multo
2532 1486 2725 1536 autem
2758 1478 3069 1541 maturius,
3089 1492 3267 1547 quam
3291 1474 3550 1546 quotidie
3573 1472 3815 1539 solebat,

2174 1577 2382 1628 Petrus
2412 1575 2782 1642 experrectus
2813 1568 2883 1623 ad
2918 1584 3023 1623 nos
3053 1566 3354 1637 ingressus
3384 1568 3492 1631 est,
3538 1579 3684 1634 quos
3714 1578 3820 1616 ex-

2175 1662 2507 1735 pergefacit,
2555 1676 2621 1714 ac
2679 1658 2861 1713 dixit:
2926 1656 3242 1711 Faustinus
3290 1658 3347 1708 et
3402 1650 3816 1707 Faustinianus

2176 1767 2408 1823 unaque
2437 1750 2702 1804 clemens
2735 1764 2867 1802 cum
2925 1744 3049 1801 suis
3084 1760 3174 1799 me
3227 1746 3571 1815 sequantur,
3606 1744 3671 1794 ut
3726 1755 3819 1794 ve-

2101 1819 2144 1884 B
2179 1840 2403 1895 nientes
2434 1840 2501 1893 ad
2555 1838 2848 1893 obtectum
2877 1834 3058 1890 maris
3090 1832 3282 1887 locum
3315 1830 3466 1887 clam
3522 1818 3829 1902 possimus

2178 1946 2304 1985 eam
2340 1926 2651 1999 baptizare.
2692 1930 2892 1996 Itaque
2925 1923 3019 1978 ubi
3078 1922 3298 1977 fuimus
3332 1920 3387 1973 in
3424 1919 3636 1986 littore,
3673 1918 3825 1972 inter

2179 2037 2317 2074 saxa
2340 2018 2628 2089 quaedam,
2662 2033 2790 2088 quae
2824 2011 3208 2085 tranquillum
3243 2014 3298 2065 et
3320 2006 3822 2064 mundumlocum

2180 2108 2535 2178 prmbebant,
2560 2100 3201 2177 baptizavitillam.Nos
3224 2104 3419 2154 autem
3446 2097 3672 2163 fratres,
3700 2112 3822 2150 mu-

2181 2197 2385 2251 lierum
2421 2195 2628 2266 gratia,
2660 2212 2776 2248 una
2806 2209 2938 2248 cum
2973 2192 3146 2245 fratre
3173 2194 3229 2244 et
3250 2187 3379 2242 aliis
3412 2184 3708 2241 nonnullis
3739 2201 3825 2239 se-

2178 2286 2466 2342 cessimus
2498 2290 2555 2339 et
2576 2284 2859 2348 lavimus;
2894 2298 2959 2336 ac
2991 2278 3228 2351 profecti
3261 2278 3331 2331 ad
3366 2275 3636 2330 mulieres
3660 2289 3819 2328 rece-

2180 2376 2374 2447 pimus
2406 2375 2585 2446 ipsas.
2627 2373 2835 2443 Sicque
2866 2371 2923 2425 in
2962 2368 3154 2424 locum
3201 2364 3491 2421 occultum
3526 2361 3825 2435 progressi

2180 2464 2296 2519 illic
2324 2462 2537 2535 precati
2570 2478 2796 2517 sumus.
2828 2461 3031 2515 Postea
3062 2458 3265 2512 Petrus
3285 2454 3554 2509 mulieres
3576 2452 3648 2507 ob
3672 2449 3824 2506 mul-

2178 2554 2489 2609 titudinem
2549 2550 2851 2624 praemisit,
2894 2548 3112 2619 jubens
3143 2550 3206 2599 ut
3242 2561 3343 2616 per
3373 2541 3613 2597 alteram
3671 2541 3824 2595 viam

2179 2642 2415 2697 irentad
2435 2640 2775 2712 hospitium,
2802 2636 3059 2708 solisque
3082 2635 3343 2689 vivorum
3367 2630 3535 2686 nobis
3560 2628 3827 2701 permisit

2179 2736 2425 2787 matrem
2455 2746 2521 2785 ac
2551 2728 2828 2784 mulieres
2878 2724 3166 2781 comitari.
3220 2721 3534 2777 Venientes
3563 2735 3698 2791 ergo
3749 2717 3822 2773 ad

2179 2820 2561 2877 diversorium
2585 2823 2642 2873 et
2672 2815 3076 2889 praestolantes
3106 2812 3420 2867 adventum
3451 2808 3611 2864 illius
3647 2805 3825 2862 collo-

2179 2911 2509 2982 quebamur
2536 2908 2803 2962 invicem.
2841 2908 2977 2960 Post
3006 2902 3222 2959 multas
3253 2916 3387 2955 vero
3417 2898 3592 2952 horas
3616 2896 3821 2951 Petrus

2179 3015 2482 3072 regressus
2507 3012 2713 3069 panem
2746 2996 2803 3049 in
2836 2993 3252 3049 eucharistiam
3288 2988 3536 3060 fregit,et
3565 2986 3692 3041 cibo
3727 3001 3825 3056 po-

2178 3090 2289 3144 sito
2322 3088 2488 3141 matri
2526 3087 2782 3158 primum
2816 3084 2993 3150 dedit,
3052 3097 3118 3136 ac
3166 3082 3296 3151 post
3325 3094 3453 3133 eam
3490 3075 3658 3130 nobis
3690 3074 3827 3129 filiis

2096 3189 2138 3253 ρ
2177 3179 2325 3248 ejus.
2358 3181 2544 3247 Atque
2577 3174 2657 3230 ita
2689 3191 2819 3228 cum
2850 3190 2917 3228 ea
2946 3170 3331 3234 comedimus,
3366 3166 3665 3234 Deumque
3692 3161 3824 3218 lau-

2176 3266 2348 3321 dibus
2375 3264 2670 3337 prosecuti
2703 3280 2931 3318 sumus.

2244 3355 2483 3410 II.Tum
2525 3354 2733 3409 deinde
2790 3353 3010 3413 Petrus,
3044 3350 3374 3423 ingressum
3425 3350 3707 3423 populum
3737 3349 3823 3403 vi-

2173 3445 2340 3512 dens,
2399 3459 2536 3498 cum
2597 3442 2864 3511 sedisset,
2925 3456 3147 3511 nosque
3186 3441 3466 3510 jussisset
3536 3438 3814 3509 assidere,

2173 3533 2460 3588 enarravit
2490 3532 2677 3603 primo
2707 3548 2772 3586 ac
2804 3530 3022 3594 docuit,
3054 3547 3169 3601 qua
3201 3529 3421 3583 ratione
3452 3527 3621 3583 nobis
3653 3531 3820 3599 post-

2171 3621 2525 3693 baptismum
2557 3620 2875 3692 praemissis
2904 3618 3028 3690 ipse
3058 3620 3223 3673 tarde
3247 3617 3533 3672 rediisset.
3568 3616 3815 3671 Causam

2169 3728 2301 3766 vero
2335 3710 2483 3765 hanc
2515 3710 2779 3765 dicebat:
2815 3708 2998 3763 Simul
3032 3713 3207 3778 atque
3265 3723 3384 3771 vos,
3440 3705 3654 3778 inquit,
3703 3704 3822 3759 dis-

2171 3799 2455 3866 cessistis,
2477 3815 2651 3853 senex
2673 3798 2972 3869 operarius
2994 3797 3248 3863 advenit,
3272 3795 3499 3851 curiose
3521 3792 3820 3849 occultans

2171 3904 2253 3953 se,
2288 3887 2571 3960 nobisque
2619 3887 2780 3959 prius
2839 3885 3158 3942 observatis
3214 3885 3390 3956 (sicut
3444 3884 3568 3955 ipse
3618 3887 3819 3954 postea

2170 3978 2361 4033 fassus
2391 3977 2522 4046 est),
2559 3981 2622 4031 ut
2650 3976 2885 4043 videret,
2912 3975 3193 4048 quidnam
3226 3972 3473 4045 ingressi
3502 3971 3695 4028 locum
3718 3971 3819 4026 oh-

2170 4070 2385 4120 tectum
2422 4082 2749 4137 ageremus,
2777 4065 2927 4119 clam
2970 4063 3106 4119 exiit
3136 4068 3190 4118 et
3212 4068 3447 4118 secutus
3496 4065 3603 4127 est,
3637 4064 3812 4131 atque

2170 4152 2229 4207 in
2260 4160 2587 4226 opportuno
2618 4153 2743 4209 loco
2774 4153 3119 4208 conveniens
3151 4168 3244 4206 me
3275 4168 3340 4206 ac
3396 4149 3660 4205 salutans
3690 4149 3809 4205 ait:

2168 4245 2297 4297 Jam
2333 4242 2429 4296 diu
2464 4246 2518 4297 te
2548 4258 2800 4314 sequens
2832 4247 2887 4297 et
2917 4240 3130 4313 alloqui
3163 4240 3425 4313 cupiens,
3456 4238 3695 4294 verebar
3744 4253 3818 4292 ne

2170 4330 2314 4385 mihi
2338 4340 2612 4403 tanquam
2644 4331 2872 4386 curioso
2896 4331 3248 4401 irascereris,
3279 4346 3434 4384 nunc
3460 4332 3654 4384 autem
3687 4342 3813 4397 qua:

2169 4419 2314 4475 mihi
2336 4420 2609 4476 videntur
2628 4437 2781 4486 vera,
2805 4420 2853 4476 si
2883 4421 2972 4475 vis
3004 4420 3249 4491 profero.
3282 4420 3353 4473 Et
3374 4434 3479 4489 ego
3501 4414 3772 4488 respondi
3802 4428 3815 4470 :

2170 4507 2272 4564 Dic
2304 4509 2471 4564 nobis
2486 4510 2639 4581 quod
2665 4509 2765 4563 tibi
2789 4510 3080 4564 vididetur
3110 4525 3239 4564 esse
3262 4509 3501 4577 bonum,
3524 4511 3582 4562 et
3612 4505 3814 4561 lauda-

2170 4597 2367 4653 bimus
2395 4604 2471 4664 te,
2503 4598 2639 4653 licet
2669 4615 2727 4653 re
2759 4615 2912 4659 vera.
2944 4598 3101 4669 quod
3132 4598 3365 4663 dixeris,
3421 4598 3637 4651 bonum
3694 4610 3809 4648 non

2169 4686 2367 4750 fuerit,
2400 4686 2674 4758 quoniam
2731 4687 3003 4758 prudenti
3062 4685 3303 4741 consilio
3361 4684 3440 4750 id,
3500 4683 3654 4756 quod
3704 4681 3810 4736 tibi

2167 4776 2357 4831 visum
2391 4781 2480 4830 est
2510 4775 2753 4843 bonum,
2785 4774 3036 4832 volueris
3068 4774 3354 4848 proloqui.

2239 4864 2335 4918 ΙΙΙ.
2370 4868 2515 4919 Tum
2548 4880 2724 4920 senex
2772 4864 2852 4919 ita
2910 4863 3085 4937 coepit
3130 4863 3359 4919 dicere:
3394 4862 3455 4917 In
3506 4859 3653 4916 mari
3708 4874 3809 4915 vos

2164 4952 2377 5008 lavisse
2403 4952 2544 5022 vidi,
2576 4957 2632 5008 et
2682 4957 2817 5026 post
2864 4953 2975 5008 hoc
3021 4954 3089 5009 ad
3152 4956 3441 5009 secretum
3497 4948 3813 5007 secessisso

1755 5146 1998 5204 VARUE
2037 5147 2452 5206 LECTIONES.

474 5281 705 5373 '°,Ita‘0
748 5300 813 5373 nc.
869 5288 927 5373 'S,
987 5284 1315 5373 dpeptrepov‘
1332 5286 1575 5373 (ληρῶ
1636 5286 1826 5373 hom.“
1852 5306 1955 5373 xu,
1992 5290 2239 5373 12;.xv1,
2270 5290 2677 5373 21;xv1.1,_1_;.
2713 5310 2831 5373 ιω(Ξ
2983 5294 3130 5373 Tum
3188 5293 3305 5356 καθ’
3356 5290 3561 5373 ἡμέραν
3625 5291 3801 5373 idem.

400 5355 445 5389 ¹¹
507 5350 1062 5427 ἆκουλουθησάτωσάν
1088 5350 1098 5360 ’
1122 5350 1215 5427 μοί
1274 5360 1338 5412 Ο.

1417 5358 1461 5439 ιε
1492 5362 1756 5439 “Fumea,
1785 5358 1850 5439 φ,
1883 5364 1941 5415 et
1970 5358 2263 5439 ‘postbac.
2296 5362 2442 5439 Tum
2501 5362 2577 5439 id.
2611 5362 2684 5439 Τά
2740 5358 2835 5419 τοῦ
2896 5363 3268 5439 βαπτίσματος
3311 5358 3684 5439 σχεδιάσωμεν
3721 5362 3802 5439 (in

398 5426 1060 5511 Ἦ⁸58·..Ὲαρὲν9ζέν.καῖ.
1099 5426 1489 5511 ,νόθονηοωέν
1544 5426 1914 5511 ἐκοετοεσκότέφ.
1967 5426 2218 5511 βέιπτίσαι
2276 5431 2442 5511 sint?
2501 5429 2837 5511 δυνηθῶμεν⁶
2896 5426 2963 5473 ’³³
3018 5426 3111 5490 τὸκῖ
3173 5426 3418 5511 αἰγιακδν
3478 5439 3537 5489 C-
3589 5426 3661 5469 ’¹⁴
3718 5426 3807 5485 καί

398 5497 553 5564 Epit.
591 5497 780 5582 iiOft
808 5498 869 5582 ρ.
906 5500 1068 5582 deest
1098 5497 1358 5582 ἰμῐϐκιίὲ
1384 5500 1463 5582 C_i_.
1544 5502 1586 5535 ¹⁶
1626 5499 1713 5582 ἐπί
1744 5497 2006 5574 suppleti
2034 5513 2214 5582 exp:
2279 5506 2323 5539 ¹⁶
2353 5497 2449 5582 καὶ.
2486 5497 2733 5582 salutate.
2761 5505 3155 5582 ταῖς-γυναιξίν
3187 5497 3253 5573 Οξ
3281 5505 3371 5582 καὶ
3428 5508 3545 5582 ταῖς
3606 5501 3801 5582 ἅλ-λαιε

398 5568 769 5658 ἰλ-εφη]λὶ
822 5570 1031 5658 Πηλίῳ,
1067 5571 1381 5658 εόάλολο.
1420 5576 1497 5626 Ex
1552 5574 1752 5658 eodem
1805 5568 2265 5658 genosuijpjv,
2296 5578 2452 5658 quod
2485 5580 2841 5658 imagine.
2873 5568 3022 5658 Tdrn
3054 5568 3467 5658 σῦνξστίάθημεν
3492 5577 3560 5658 9.
3640 5576 3805 5628 ιδπε.

398 5635 788 5713 ῥίεργοςἙρίι.
866 5642 912 5677 ιθ
941 5640 1157 5697 κλέπων
1190 5642 1253 5699 O.
1288 5642 1552 5714 Sequens
1578 5642 1668 5698 καί
1699 5661 1768 5701 ex
1798 5635 1945 5718 Ερίε.
1978 5650 2036 5703 et
2063 5635 2330 5717 0,"dee'st'
2351 5665 2443 5721 ap.
2477 5652 2535 5705 Ο.
2611 5651 2656 5686 ²⁰
2684 5649 2773 5705 καί
2802 5651 3024 5708 inserui
3049 5668 3098 5708 ο.
3132 5654 3197 5708 Ο.
3274 5650 3318 5687 ²¹
3354 5635 3455 5704 ὄπό
3486 5650 3553 5707 0.
