4086 6216
242 257 360 318 3H

1072 252 1137 313 S.
1184 250 1627 316 CLEMENTIS
1672 254 1697 314 l
1741 251 1934 315 ROM.
1977 254 2206 318 PONT.
2253 256 2515 320 OPERA
2556 259 2824 323 DUBIA.

3531 258 3655 320 348
3682 350 3685 351 ί

250 388 482 444 locum:
517 386 796 442 accedens
827 399 987 458 ergo,
1033 388 1091 441 et
1143 385 1463 443 observans
1524 387 1593 442 de
1642 387 1891 456 occulto,

2026 388 2473 465 ὶποχωρήσαντας
2519 390 2670 463 ἰδὼν,
2702 392 3017 470 προσελθὼν
3069 392 3241 468 λάθρα
3284 390 3654 447 κατεσκόπουν

254 478 390 550 quid
423 477 481 531 in
514 478 800 530 secretum
843 474 1093 548 ingressi
1142 475 1410 547 ageretis,
1474 492 1605 531 cum
1663 482 1894 532 orantes

254 565 659 639 inspexissem,
718 565 976 620 secessi:
1025 571 1082 621 et
1136 582 1243 621 vos
1289 565 1601 621 miseratus
1645 566 1898 638 opperiri

252 655 413 728 caepi,
447 671 744 725 usquequo
776 670 1040 726 egressos
1064 653 1408 726 alloquerer,
1442 672 1507 710 ac
1529 656 1793 711 docerem
1828 672 1898 710 ne

253 744 476 802 erretis.
501 743 644 806 Quia
675 759 865 814 neque
895 743 1049 798 Deus
1099 748 1205 809 est,
1268 759 1456 814 neque
1512 743 1895 815 providentia,

255 835 356 890 sed
389 832 586 905 genesi
618 832 816 887 omnia
847 832 1170 903 subjacent,
1204 832 1356 887 sicut
1380 849 1485 905 ego
1518 850 1587 889 ex
1644 834 1735 899 iis,
1772 850 1898 905 quas

256 922 401 977 mihi
423 921 779 988 acciderunt,
813 920 1291 976 manifestissime
1321 924 1598 994 comperi,
1631 924 1688 978 in
1723 924 1898 979 disci-

254 1011 416 1084 plina
446 1009 773 1067 matheseos
796 1011 923 1081 jam
960 1011 1189 1081 pridem
1247 1010 1556 1084 diligenter
1610 1014 1898 1070 eruditus.

255 1100 383 1155 Noli
417 1114 552 1170 ergo
583 1115 795 1166 errare,
829 1098 933 1153 ﬁli.
995 1099 1124 1154 Sive
1181 1099 1337 1155 enim
1388 1117 1541 1161 ores.
1600 1102 1720 1158 sive
1761 1120 1899 1175 non,

257 1206 384 1261 quae
416 1188 646 1261 genesis
680 1193 780 1243 tua
810 1187 1085 1259 continet,
1121 1187 1240 1244 haec
1260 1188 1363 1244 tibi
1398 1190 1661 1246 accident
1702 1206 1902 1248 neces-

258 1277 433 1335 sario.
474 1278 619 1333 Nam
669 1277 717 1332 si
778 1293 977 1349 preces
1029 1282 1268 1350 possent
1302 1278 1690 1351 aliquid,"'vel
1750 1281 1905 1336 bona

258 1384 455 1440 opera,
490 1366 613 1439 ipse
641 1366 795 1421 inter
850 1365 1132 1423 feliciores
1182 1384 1394 1424 essem.
1427 1370 1506 1423 Ac
1554 1387 1729 1435 nunc,
1791 1370 1904 1425 nisi

258 1461 315 1512 te
347 1455 563 1528 decipit
584 1455 704 1510 haec
736 1456 1109 1527 paupercula:
1136 1472 1266 1511 mea
1295 1457 1491 1526 vestis,
1526 1458 1698 1514 dictis
1762 1460 1907 1515 meis

260 1563 375 1602 non
408 1545 663 1601 difﬁdas.
695 1546 839 1601 Cum
897 1544 1037 1600 olim
1069 1546 1126 1600 in
1161 1562 1373 1617 magna
1401 1548 1687 1603 bonorum
1719 1550 1906 1604 abun-

261 1635 461 1691 dantia
491 1649 775 1703 versarer,
807 1633 991 1689 multa
1024 1641 1150 1689 tum
1184 1635 1299 1689 diis
1330 1636 1733 1707 immolabam,
1781 1644 1908 1694 tum

2005 478 2068 531 τὸ
2096 477 2148 530 τί
2180 477 2238 531 ἂν
2273 478 2323 533 έν
2358 480 2604 558 κρυφαίῳ
2665 481 2919 544 εἰσιόντες
2979 482 3286 557 πράττοιτε,
3315 479 3404 536 καὶ
3464 476 3657 548 ἐπειδή

2009 566 2342 642 εὐχομένους
2402 567 2544 625 εἶδον
2602 573 2665 641 ²²,
2703 571 3055 647 ὑπεχώρησα·
3111 568 3337 639 ἐλεήσας
3396 566 3456 624 δὲ
3514 568 3655 641 ὑμᾶς

2007 654 2278 727 ἀνέμεινα,
2332 656 2481 719 ὅπως
2533 658 2729 729 ἐξιοῦσι
2781 662 2827 696 2³
2873 658 3294 735 προσομιλήσας
3349 658 3517 712 πείσω
3573 659 3647 729 μὴ

2009 744 2326 800 ἀπατᾶσθαι.
2362 742 2499 803 Οὔτε
2526 748 2628 823 γὰρ
2683 749 2809 811 Θεὸς
2865 745 3027 819 ἔστιν,
3062 743 3185 803 οὔτε
3230 746 3479 822 πρόνοια,
3506 746 3650 801 ἀλλὰ

2008 834 2206 907 γενέσει
2236 836 2303 889 τὰ
2333 837 2506 890 πάντα
2555 836 2851 905 ὑπόκειται,
2886 837 2961 898 ὡς
3019 836 3124 912 ἐγὼ
3177 836 3255 914 ἐφ’
3289 837 3369 896 οἷς
3419 833 3656 889 πέπονθα

2008 920 2537 1002 πεπληροφόρημαι,
2571 925 2629 980 ἐκ
2679 924 2906 981 πολλῶν
2936 928 2982 962 ²⁴
3008 920 3245 1001 ἀκριϐῶν
3304 925 3367 979 τὸ
3409 924 3661 997 μάθημα.

2010 1012 2099 1081 Μή
2160 1010 2250 1067 οὖν
2308 1013 2753 1083 ἀπατῶ,τέκνον.
2787 1011 2910 1069 Εἴτε
2965 1014 3065 1090 γὰρ
3116 1012 3272 1089 εὔχῃ,
3306 1011 3411 1068 εἴτε
3467 1014 3565 1085 μή,
3596 1011 3667 1065 τὰ

2012 1100 2070 1156 ἐκ
2106 1103 2206 1170 τῆς
2235 1103 2493 1178 γενέσεως
2520 1103 2748 1179 πάσχειν
2782 1104 3021 1178 ἀνάγκην
3054 1101 3222 1178 ἔχεις·
3259 1101 3304 1157 εἰ
3362 1102 3466 1177 γὰρ
3505 1098 3668 1177 εὐχαί

2010 1211 2062 1244 τι
2090 1187 2343 1246 ἐδύναντο
2375 1194 2419 1229 ’⁵
2447 1193 2481 1262 ἢ
2512 1193 2576 1247 τὸ
2608 1193 2663 1248 εὗ
2693 1198 2892 1264 ποιεῖν,
2926 1191 3083 1254 αὐτὸς
3117 1192 3177 1247 ἂν
3220 1190 3271 1247 ἐν
3318 1196 3438 1253 τοῖς
3484 1191 3670 1266 κρείτ-

2013 1301 2159 1334 τοσιν
2192 1277 2366 1353 ἤμην.
2401 1281 2498 1335 Καὶ
2530 1286 2618 1335 νῦν
2652 1281 2696 1336 εἰ
2768 1282 2843 1356 μή
2904 1302 2962 1335 σε
3000 1281 3177 1351 ἀπατᾷ
3206 1282 3241 1350 ἡ
3272 1280 3509 1356 πενιχρά
3561 1299 3669 1352 μου

2015 1368 2147 1440 αὕτη
2210 1369 2388 1439 ἐσθὴς,
2422 1369 2521 1424 ούκ
2572 1369 2889 1440 ἀπιστήσεις
2921 1372 2966 1407 ³⁸
2999 1372 3080 1431 οἷς
3130 1368 3294 1445 λέγω.
3332 1369 3416 1422 Ἐν
3473 1364 3670 1439 πολλῇ

2021 1457 2141 1534 βίου
2191 1460 2323 1514 ποτὶ
2371 1456 2443 1514 ὢν
2493 1458 2796 1534 περιουσίᾳ,
2830 1457 3016 1514 πολλὰ
3062 1460 3151 1513 καὶ
3193 1459 3333 1520 Θεοῖς
3365 1455 3538 1528 ἔθυον,
3570 1454 3667 1510 καὶ

2020 1544 2300 1621 δεομένοις
2326 1553 2614 1625 παρεῖχον,
2645 1548 2735 1603 καὶ
2766 1547 2919 1620 ὅμως
2953 1545 3249 1622 εὐχόμενός
3277 1567 3335 1600 τε
3379 1545 3469 1600 καὶ
3517 1543 3672 1599 εὗσε-

2021 1632 2129 1692 6ῶν
2186 1638 2286 1706 τὴν
2341 1637 2705 1713 πεπρωμένην
2758 1638 3003 1715 ἐκφυγεῖν
3046 1635 3145 1691 οὐκ
3174 1632 3474 1705 ἠδυνήθην.
3507 1633 3673 1709 Κάγὼ

262 1724 460 1796 egenis
492 1723 819 1795 largiebar:
881 1728 1135 1779 attamen
1186 1724 1328 1779 dum
1362 1742 1461 1781 oro
1493 1731 1551 1781 et
1606 1726 1699 1798 pie
1758 1727 1906 1794 vivo,

2026 1724 2152 1803 ἔφην
2171 1745 2181 1758 ·
2218 1726 2347 1781 Τίνα
2376 1726 2515 1781 ἐστὶν
2544 1727 2578 1781 ξι
2606 1726 2878 1788 πέπονθας
2909 1728 2991 1794 ²⁷;
3025 1725 3052 1778 ὁ
3084 1722 3142 1779 δὲ
3182 1723 3523 1796 ἀπεκρίνατο·
3560 1721 3678 1816 Olim

261 1814 446 1869 fatum
480 1829 595 1867 non
627 1812 784 1884 potui
818 1812 1088 1883 effugere.
1132 1813 1200 1868 Et
1252 1830 1357 1886 ego
1401 1814 1519 1869 dixi
1555 1831 1567 1870 :
1629 1817 1905 1881 Quaenam

264 1906 422 1970 sunt,
456 1918 580 1973 quae
639 1900 745 1956 tibi
791 1901 1186 1973 contigerunt?
1232 1903 1333 1959 Ille
1364 1920 1498 1960 vero
1558 1906 1905 1976 respondit:

264 1996 389 2047 Non
424 2006 660 2046 necesse
689 1995 778 2045 est
809 2007 963 2046 nunc
992 1991 1215 2047 dicere:
1251 1993 1396 2049 forte
1427 1993 1487 2049 in
1517 1994 1632 2051 fine
1682 1997 1908 2065 audies,

267 2080 540 2153 quisnam
589 2096 693 2151 ego
751 2096 884 2135 cum
936 2096 1151 2148 essem,
1184 2085 1241 2137 et
1270 2099 1337 2138 ex
1367 2082 1583 2155 quibus
1615 2089 1799 2158 ortus,
1850 2087 1912 2143 in

2016 1816 2216 1892 ἀνάγκη
2250 1813 2426 1892 λέγειν
2458 1820 2569 1885 νῦν,
2600 1813 2730 1877 ἴσως
2778 1814 2865 1869 ἐπὶ
2920 1811 3069 1869 τέλει
3115 1812 3336 1881 άκούση,
3368 1812 3449 1874 τίς
3485 1832 3546 1866 τε
3595 1807 3671 1865 ὢν

2019 1904 2129 1980 ἐγὼ
2178 1905 2267 1960 καὶ
2322 1904 2508 1973 τίνων,
2542 1903 2593 1960 έν
2633 1903 2814 1966 ποίαις
2880 1902 2998 1979 βίου
3053 1902 3394 1978 περιστάσεσι
3452 1898 3675 1975 γέγονα.

2018 1996 2129 2052 Νῦν
2177 1991 2234 2050 δὲ
2290 1992 2371 2049 ὅτι
2421 1993 2621 2071 γενέσει
2674 1992 2741 2048 τὰ
2771 1994 2943 2048 πάντα
2976 1986 3275 2063 ὑπόκειται,
3306 1988 3683 2067 πληροφορη-

2022 2083 2174 2154 θῆναί
2206 2104 2263 2138 σε
2292 2080 2457 2139 θέλω.

267 2167 471 2241 quales
527 2167 869 2224 incurrerim
932 2168 1062 2224 vitae
1120 2169 1504 2229 calamitates.
1563 2174 1677 2229 Sed
1733 2192 1911 2249 nunc,
1953 2173 2151 2232 omnia
2197 2171 2408 2244 subjici
2454 2172 2758 2245 geniturae,
2788 2170 2918 2228 volo
2964 2171 3069 2227 tibi
3119 2186 3249 2227 esse
3295 2166 3679 2243 persuasissi-

266 2274 452 2313 mum.

339 2348 431 2403 IV.
465 2348 583 2419 Ego
613 2347 770 2403 dixi:
805 2346 864 2403 Si
913 2349 1108 2419 genesi
1142 2354 1351 2406 cuncta
1380 2352 1658 2421 subsunt,
1692 2353 1915 2426 hocque

264 2436 347 2492 ita
377 2452 504 2492 esse
523 2452 868 2508 persuasum
892 2437 1092 2508 habes,
1124 2443 1317 2495 tecum
1347 2443 1668 2514 pugnantia
1690 2445 1913 2515 cogitas

268 2529 324 2582 et
358 2525 635 2581 consulis.
688 2526 915 2582 Etenim
967 2526 1016 2582 si
1074 2534 1278 2584 contra
1333 2530 1523 2586 natale
1579 2549 1650 2587 ne
1698 2533 1917 2589 sentire

270 2615 506 2688 quidem
560 2632 895 2686 possumus,
929 2632 1034 2671 cur
1091 2618 1305 2672 frustra
1366 2617 1617 2688 laboras,
1678 2620 1735 2676 id
1790 2621 1916 2677 fieri

267 2702 649 2771 consulendo,
684 2705 839 2775 quod
871 2719 998 2760 esse
1029 2705 1280 2777 nequit?
1304 2708 1634 2771 Quinetiam
1666 2710 1714 2764 si
1764 2709 1914 2765 nati-

266 2793 415 2848 vitas
436 2792 729 2863 subsistit,
764 2791 886 2847 noli
917 2793 971 2848 in
1008 2810 1073 2850 eo
1106 2812 1314 2851 navare
1346 2813 1603 2869 operam,
1663 2802 1728 2854 ut
1785 2816 1914 2871 per-

270 2882 521 2938 suadeas
541 2882 705 2952 mihi,
740 2900 810 2938 ne
841 2882 1028 2939 colam
1061 2889 1353 2940 astrorum
1385 2886 1563 2942 etiam
1583 2887 1915 2953 Dominum,

271 2971 371 3044 qui
405 2975 462 3026 et
492 2970 540 3026 si
570 2971 707 3027 velit
736 2989 848 3026 non
900 2973 1021 3027 ﬁeri
1073 2973 1317 3045 aliquid,
1352 2975 1474 3030 fieri
1508 2977 1727 3048 nequit.
1755 2982 1916 3032 Sem-

271 3078 375 3134 per
403 3061 581 3131 enim,
617 3062 768 3132 quod
799 3063 1021 3131 subest,
1055 3064 1126 3129 ei,
1162 3066 1312 3135 quod
1350 3070 1558 3137 praeest
1609 3083 1676 3120 ac
1734 3066 1914 3131 ducit,

271 3154 472 3223 pareat
520 3165 755 3206 necesse
805 3151 997 3206 habet.
1032 3152 1195 3208 Certe
1243 3154 1503 3209 venerari
1536 3171 1656 3222 eos,
1689 3155 1786 3227 qui
1837 3154 1916 3209 dii

272 3244 577 3311 putantur,
610 3241 808 3311 genesi
831 3240 1170 3297 dominante
1196 3244 1559 3314 superfluum
1592 3248 1697 3299 est.
1718 3249 1916 3316 Neque

272 3328 428 3384 enim
462 3333 670 3400 praeter
726 3329 806 3394 id,
846 3331 1001 3401 quod
1052 3332 1167 3385 fato
1215 3331 1419 3402 placet,
1453 3332 1771 3405 quidquam
1830 3334 1914 3400 fit,

275 3432 464 3489 neque
486 3417 597 3489 ipsi
631 3418 929 3490 quidpiam
967 3420 1151 3475 facere
1183 3426 1451 3493 possunt,
1483 3423 1580 3494 qui
1603 3420 1915 3477 universali

276 3505 473 3577 genesi
502 3523 620 3561 sua:
654 3507 774 3561 sint
799 3508 1066 3579 subjecti.
1100 3510 1159 3565 Si
1209 3510 1438 3581 genesis
1468 3511 1683 3581 existit,
1744 3527 1918 3583 repu-

277 3598 436 3668 gnat,
473 3595 528 3649 id
563 3596 713 3666 quod
741 3614 854 3653 non
886 3602 973 3653 est
1003 3599 1282 3670 primum,
1307 3599 1591 3671 imperare
1616 3617 1628 3655 :
1651 3604 1752 3655 aut
1784 3599 1919 3654 sub-

267 3684 494 3755 jectum
527 3699 653 3739 esse
685 3701 797 3739 non
853 3691 1041 3756 potest
1096 3687 1446 3759 ingenitum,
1500 3706 1657 3754 cum,
1718 3692 1920 3761 utpote

275 3772 625 3843 ingenitum,
662 3772 806 3828 nihil
838 3774 1049 3831 habeat
1079 3793 1141 3831 se
1167 3777 1467 3849 antiquius

346 3860 413 3914 V.
450 3862 577 3917 Haec
609 3879 740 3917 cum
775 3863 927 3919 inter
956 3881 1062 3919 nos
1093 3864 1484 3937 loqueremur,
1518 3866 1725 3938 ingens
1782 3866 1922 3921 asti-

276 3949 349 4005 tit
380 3949 683 4008 hominum
716 3952 1047 4008 multitudo.
1082 3956 1358 4027 Tuncque
1380 3956 1451 4010 ad
1483 3972 1581 4011 eos
1607 3956 1924 4025 respiciens

281 4039 433 4094 dixi:
470 4041 585 4111 Ego
617 4058 750 4096 cum
781 4058 991 4114 genere
1023 4059 1149 4098 meo
1172 4046 1363 4116 accepi
1396 4062 1429 4099 a
1460 4046 1781 4117 majoribus
1808 4044 1925 4100 cul-

280 4131 407 4183 tum
442 4129 560 4197 Dei,
593 4136 649 4185 et
681 4136 1029 4202 praeceptum
1070 4130 1254 4188 habeo
1288 4149 1357 4188 ne
1389 4135 1541 4188 ortui
1572 4134 1923 4204 adhaeream,

281 4217 642 4290 astrologicaa
675 4220 915 4291 inquam
931 4220 1249 4293 disciplinae
1274 4239 1286 4277 :
1312 4221 1549 4278 idicirco
1567 4223 1636 4277 ad
1657 4239 1781 4278 eam
1809 4223 1925 4277 ani-

282 4323 447 4363 mum
480 4324 594 4363 non
627 4308 902 4380 applicui.
938 4311 1102 4365 Unde
1160 4310 1482 4383 astrologiae
1516 4310 1747 4383 quidem
1810 4327 1924 4366 non

284 4412 413 4451 sum
446 4397 665 4468 peritus
704 4415 717 4454 :
749 4414 999 4469 quorum
1043 4405 1237 4455 autem
1279 4400 1545 4472 peritiam
1582 4400 1788 4465 habeo,
1827 4398 1927 4453 illa

283 4502 589 4558 exponam.
625 4488 770 4554 Quia
799 4490 1039 4559 genesin
1070 4506 1137 4545 ex
1167 4490 1295 4560 ipsa
1344 4505 1621 4563 geneseos
1678 4489 1926 4544 scientia

2099 2353 2382 2409 2991\7.
2417 2349 2585 2423 Κάγὼ
2632 2344 2784 2427 ἔφην’
2818 2346 2885 2403 Ei
2938 2346 3142 2424 γενέσει
3197 2348 3267 2402 τὰ
3320 2344 3495 2401 πάντα
3549 2342 3677 2400 ὑπό⁴

2023 2461 2219 2506 κειται,
2249 2437 2339 2494 καί
2383 2440 2529 2493 τοῦθ’
2561 2439 2607 2475 ³⁸
2656 2437 2828 2499 οὕτως
2880 2435 3022 2513 ἔχειν
3067 2439 3112 2474 ²⁹
3160 2433 3675 2512 πεπληροφόρησαι,

2026 2529 2231 2602 σεαυτῷ
2263 2527 2470 2583 ἐναντία
2498 2531 2636 2582 νοῶν
2667 2521 3082 2599 συμϐουλεύεις.
3105 2524 3169 2580 Εἰ
3205 2525 3299 2599 μὲν
3326 2524 3427 2600 γὰρ
3457 2526 3504 2560 ³ο
3532 2523 3685 2598 παρὰ.

2024 2620 2229 2695 γένεσιν
2265 2616 2325 2672 ού
2358 2613 2579 2671 δυνατὸν
2616 2612 2738 2670 ούδέ
2775 2616 2838 2670 τὸ
2888 2619 3126 2691 φρονεῖν,
3158 2613 3210 2668 τί
3269 2616 3682 2686 ματαιοπονεῖς,

2025 2701 2414 2781 συμϐουλεύων
2468 2703 2713 2780 γενέσθαι
2773 2705 2802 2759 ’ὀ
2857 2704 3095 2781 γενέσθαι
3185 2699 3438 2757 ἀδύνατόν
3493 2699 3680 2769 έστινς

2027 2794 2153 2852 ἀλλ’
2183 2794 2260 2851 ἔτι
2298 2795 2403 2869 μὴν
2438 2793 2484 2849 εἴ
2513 2792 2718 2869 γένεσις
2766 2792 3081 2872 ὑφέστηκεν,
3118 2791 3195 2865 μή
3245 2787 3436 2846 σπεῦδε
3472 2788 3681 2844 πείθειν

2028 2885 2125 2959 ἰμὲ
2160 2885 2233 2958 μή
2268 2878 2440 2939 σέϐειν
2472 2884 2562 2938 τὸν
2597 2881 2688 2938 καὶ
2728 2886 2835 2937 τῶν
2898 2880 3107 2958 ἄστρων
3160 2878 3448 2951 δεσπότην,
3478 2877 3540 2933 οῦ
3590 2878 3690 2933 θέ-

2027 2972 2224 3035 λοντος
2251 2971 2339 3027 καὶ
2375 2973 2449 3045 μὴ
2482 2972 2726 3047 γενέσθαι
2771 2992 2846 3042 τι,
2879 2969 3121 3048 γενέσθαι
3173 2967 3428 3024 ἀδύνατον
3457 2972 3527 3023 ³1.
3566 2966 3687 3021 Αἷεὶ

2024 3064 2125 3139 γάρ
2154 3063 2217 3117 τὸ
2250 3062 2606 3134 ὑποκείμενον
2648 3059 2728 3133 τῷ
2776 3059 3068 3137 ἡγουμένῳ
3116 3058 3389 3122 πείθεσθαι
3438 3055 3682 3131 ἀνάγκην

2029 3149 2167 3228 ἔχει.
2200 3152 2279 3208 Τὸ
2314 3151 2497 3224 μέντοι
2542 3148 2671 3211 τοὺς
2716 3150 3111 3222 νομιζομένους
3161 3148 3313 3208 θεοὺς
3361 3140 3559 3213 σέϐειν,
3588 3165 3685 3219 γε-

2028 3242 2223 3303 νέσεως
2255 3237 2671 3314 ἐπικρατούσης,
2705 3238 2952 3313 περιττόν
3007 3236 3168 3293 ἐστιν.
3203 3232 3337 3290 Οὔτε
3385 3235 3488 3309 γὰρ
3537 3233 3689 3310 παρᾶ

2022 3332 2086 3386 τὸ
2118 3327 2309 3385 δοκοῦν
2341 3332 2411 3401 τῇ
2461 3328 2793 3404 πεπρωμένῃ
2824 3349 2873 3381 τι
2904 3330 2950 3364 ³²
2980 3326 3206 3401 γίνεται,
3240 3322 3362 3379 οὔτε
3420 3322 3571 3378 αὐτοί
3626 3343 3683 3376 τι

2024 3425 2201 3475 ποιεῖν
2253 3415 2523 3487 δύνανται,
2561 3420 2629 3491 τῇ
2683 3411 2920 3472 καθόλου
2971 3414 3143 3470 αὐτῶν
3195 3412 3541 3486 ὑποκείμενοι
3590 3431 3684 3485 γε-

2026 3508 2186 3565 νέσει.
2250 3506 2313 3562 Εἰ
2369 3506 2575 3583 γένεσις
2632 3503 2792 3572 ἔστιν,
2851 3504 3143 3559 ἀντίκέιται
3201 3502 3264 3557 τὸ
3322 3503 3396 3575 μή
3452 3499 3670 3575 πρῶτον

2029 3595 2237 3675 ἄρχειν,
2268 3597 2302 3664 ἢ
2329 3597 2373 3631 ³³
2405 3594 2717 3659 ὑποκεῖσθαι
2777 3592 2839 3647 ού
2900 3590 3115 3647 δύναται
3171 3589 3233 3646 τὰ
3283 3589 3562 3665 ἀγένητον,
3595 3588 3673 3650 ὡς

2030 3683 2280 3762 ἀγένητον
2314 3685 2504 3740 ἑαυτοῦ
2534 3678 2895 3759 πρεσϐύτερον
2932 3678 3099 3755 μηδὲν
3126 3678 3277 3756 ἔχον.

2103 3866 2164 3922 ν.
2200 3866 2431 3918 Τοιαῦτα
2460 3861 2598 3938 πρὸς
2635 3860 2923 3933 ἀλλήλους
2971 3858 3244 3936 λεγόντων
3289 3859 3473 3931 ἡμῶν,
3500 3853 3676 3919 πολὺς

2031 3951 2270 4027 παρέστη
2325 3946 2519 4026 ὄχλος.
2556 3950 2655 4004 Καὶ
2702 3950 2826 4005 τότε
2856 3948 2964 4024 ἐγὼ
2991 3948 3068 4010 εθς
3094 3949 3186 4002 τὸν
3218 3942 3391 4023 ὄχλον
3437 3940 3677 4000 ἀποϐλέ-

2032 4062 2147 4096 πων
2183 4038 2332 4118 ἕφην·
2371 4041 2511 4117 Ἐγὼ
2541 4040 2632 4095 καὶ
2662 4041 2725 4095 τὸ
2756 4038 2884 4112 έμὸν
2918 4036 3089 4115 φῦλον
3127 4036 3187 4092 έκ
3231 4035 3514 4112 προγόνων
3547 4034 3676 4090 Θεὸν

2032 4125 2204 4186 σέϐειν
2240 4128 2597 4206 παρειληφὼς
2626 4128 2715 4183 καὶ
2760 4124 3127 4203 παράγγελμα
3163 4123 3305 4201 ἔχων
3348 4126 3547 4200 γενέσει
3599 4124 3677 4196 μὴ

2034 4217 2409 4295 προσανέχειν,
2445 4215 2589 4293 λέγω
2621 4213 2688 4286 δὴ
2719 4220 2797 4288 τῷ
2824 4222 2923 4285 τῆς
2966 4213 3322 4292 ἀστρολογίας
3376 4213 3681 4287 μαθήματι,

2037 4305 2126 4363 διὰ
2152 4312 2313 4362 τοῦτο
2346 4305 2406 4361 οὐ
2456 4305 2787 4381 προσέσχον.
2820 4306 2977 4363 Ὅθεν
3031 4301 3385 4379 ἀστρολογίας
3439 4302 3533 4374 μὲν
3582 4301 3687 4357 οὐκ

2036 4395 2148 4471 εἷμί
2207 4391 2485 4469 ἔμπειρος,
2522 4396 2595 4449 ὧν
2653 4391 2710 4449 δέ
2768 4393 2902 4467 εἷ’μι,
2967 4393 3343 4470 ὑφηγήσομαι.
3378 4387 3597 4459 Ἐπειδὴ
3640 4393 3688 4427 ³⁴

2037 4487 2243 4561 γένεσιν
2295 4485 2385 4539 ἀπ’
2414 4483 2581 4553 αὑτῆς
2624 4490 2727 4552 τῆς
2773 4483 2909 4538 κατᾶ
2962 4483 3062 4549 τὴν
3119 4479 3320 4557 γένεσιν
3378 4479 3686 4553 ἐπιστήμης

284 4576 583 4631 confutare
617 4594 859 4649 nequeo,
891 4577 1021 4634 volo
1052 4579 1166 4634 alia
1195 4579 1417 4635 ratione
1464 4579 1790 4644 ostendere,
1823 4593 1912 4648 pel

2031 4574 2405 4643 ἀνασκευάζειν
2459 4572 2521 4628 ού
2578 4575 2624 4609 ³³
2680 4570 2936 4645 δύναμαι,
2971 4573 3128 4628 300
3189 4567 3462 4645 βούλομαι
3523 4566 3686 4642 ἄλλῳ

284 4664 385 4719 Dei
420 4665 838 4737 providentiam
876 4684 968 4722 res
995 4667 1416 4734 administrari,
1448 4673 1504 4722 et
1538 4683 1929 4737 unumquem-

286 4770 400 4826 que
431 4756 754 4811 secundum
786 4773 852 4811 ea
884 4773 1008 4828 quaa
1032 4757 1223 4827 faciat,
1258 4756 1562 4829 praemium
1595 4755 1680 4811 vel
1729 4771 1932 4827 poenas

288 4858 420 4899 esse
445 4848 784 4901 nacturum:
818 4847 937 4902 sive
968 4863 1145 4913 nunc,
1176 4847 1298 4903 sive
1330 4845 1594 4918 posthac,
1628 4844 1773 4900 nihil
1806 4860 1934 4900 mea

2036 4662 2228 4738 τρόπῳ
2285 4658 2585 4735 ἀποδεῖξαι,
2636 4659 2719 4715 δτι
2776 4660 2912 4715 κατὰ
2967 4658 3226 4735 Πρόνοιαν
3282 4654 3565 4713 διοικεῖται
3620 4656 3692 4712 τὰ

2040 4750 2355 4829 πράγματα,
2410 4749 2500 4805 καὶ
2556 4745 2802 4822 ἕκαστος,
2865 4749 3000 4825 πρὸς
3062 4747 3096 4801 ’ἀ
3146 4744 3388 4822 πράττει,
3445 4752 3615 4819 τιμῆς
3656 4747 3692 4815 ἢ

2040 4839 2316 4903 κολάσεως
2371 4838 2628 4911 τεύξεταιο
2665 4835 2773 4894 εἴτε
2832 4834 2891 4893 δὲ
2945 4839 2989 4874 ⁸⁸
3036 4839 3127 4893 νῦν
3187 4832 3295 4892 εἴτε
3323 4835 3494 4906 αὖθις,
3529 4834 3684 4890 οὐθέν

1649 5022 1884 5079 νΑΗΙβΕ
1924 5020 2331 5078 LECTIONES.

361 5166 409 5202 ²²
441 5162 580 5219 εἶδον
643 5171 679 5222 S
733 5167 799 5235 Ο,
832 5162 945 5221 ἴδον
1006 5168 1065 5223 C.
1141 5167 1187 5201 ³³
1217 5170 1302 5223 Ita
1357 5171 1402 5223 Ο
1451 5169 1507 5223 et
1560 5181 1629 5222 ex
1667 5166 1911 5237 conject.
1947 5165 2010 5233 Ο,
2043 5163 2101 5219 in
2161 5165 2278 5235 ouj.
2338 5166 2514 5237 textu;
2556 5158 2799 5237 ιίιξιοῖδιιτιἒ
2861 5154 3165 5237 ειξλσιιολλοῦ
3219 5159 3295 5237 (1.
3355 5157 3401 5193 ³⁵
3439 5153 3695 5237 δύνανται

290 5244 348 5296 C.
426 5238 473 5311 9?
528 5239 611 5294 Ita
665 5238 708 5295 Ο
765 5230 813 5294 ὁ.
874 5239 935 5305 S,
993 5236 1292 5311 ἀπιστήσῃς
1351 5242 1410 5292 C.
1486 5237 1529 5272 ³⁷
1585 5230 1813 5291 πέπονθε
1873 5230 2074 5311 Ο.Αί.²⁸λ
2114 5230 2275 5311 τοῦτο
2308 5235 2393 5311 _C.
2433 5309 2438 5311 _
2472 5234 2535 5311 ²⁰Α
2574 5230 2707 5307 ἔχον

2900 5232 2947 5267 so
3000 5230 3104 5305 γάρ
3156 5229 3507 5305 praetermis.
3640 5243 3691 5305 9-

291 5312 373 5368 Cl.
407 5310 499 5365 ed.
539 5311 671 5365 1638
701 5315 758 5366 et
790 5300 946 5365 1725'.
1022 5312 1065 5347 ³1
1126 5300 1210 5366 Ita
1241 5300 1312 5365 "0
1365 5326 1416 5365 ο.
1449 5311 1593 5380 Epit.
1626 5315 1683 5365 et
1738 5324 1923 5380 marg.
1956 5307 2017 5364 Ci
2051 5303 2272 5380 δυνατόν
2305 5307 2362 5361 in
2425 5300 2892 5380 tex_tu,”quodut
2921 5300 3297 5380 sanamlect._
3319 5300 3586 5380 repetivit
3633 5303 3693 5380 ξ,

291 5382 612 5438 dummodo
671 5382 734 5436 οὗ
792 5380 1071 5455 θέλοντοςὲ
1092 5382 1307 5437 referas
1364 5384 1433 5437 ad
1490 5369 1611 5452 έμέ.
1652 5380 1729 5455 λ⁸¹
1770 5369 2063 5455 Διιι-’Ὁκικ
2115 5379 2281 5455 Ερίιη
2315 5379 2479 5455 deest
2510 5377 2569 5431 in
2593 5369 2760 5455 testu
2924 5374 2995 5455 .33
3026 5369 3071 5455 ἤ
3094 5378 3152 5455 et
3178 5370 3242 5455 is
3273 5369 3529 5455 ἀγένητον
3563 5371 3692 5455 cod.

296 5455 436 5523 Reg.
494 5454 868 5531 _8.(_)4.desunt
923 5453 983 5509 in
1038 5443 1697 5531 _utroque__Ho_m:cod._
1767 5453 1813 5531 εξ
1843 5443 2388 5531 ἐπειδρὴςγαξρμουάἒ
2440 5446 2729 5531 Regl8Q4.
2808 5446 2853 5531 ἥδ
2884 5443 2944 5497 οὐ
3004 5444 3137 5531 add.
3193 5443 3330 5531 Qei
3360 5444 3605 5531 cqnject.
3642 5458 3694 5531 ς.

290 5513 889 5597 nonnullistpitomes
952 5513 1270 5581 codicibus.
1302 5524 1491 5597 Verba
1522 5520 1707 5597 ἐπειδὴ
1741 5513 2067 5597 γένεᾲσινᾼᾶπ’
2098 5513 2267 5597 αὐτῆς
2321 5525 2422 5589 τῆς
2452 5513 2589 5572 καῗτὰ
2618 5524 2718 5588 τῆν
2779 5515 2979 5592 γένεσιν
3038 5513 3347 5586 ἐπιστήμης
3403 5513 3695 5568 ἀνασκευά-

294 5602 399 5666 ζειν
433 5597 495 5652 ού
530 5591 757 5673 δύναμαι
792 5597 1202 5656 desiderantur
1229 5597 1291 5654 in
1319 5596 1384 5654 Ο.
1461 5599 1505 5634 ³⁸
1538 5592 1595 5651 δέ
1624 5591 1970 5668 transcripsi
1999 5609 2069 5651 ex
2097 5591 2163 5650 Ο.
