4086 6216
415 299 538 362 349

1520 306 2054 369 CLEMENTINA.
2084 337 2164 352 —-
2194 306 2517 368 HOMILIA
2558 306 2720 369 XIV.

3700 309 3823 371 350

418 452 520 504 μοι
580 429 845 511 διαφέρει,
882 431 1029 504 πλὴν
1090 433 1172 491 ὅτι
1232 434 1448 500 πάντως
1506 438 1805 493 ἀπολαύσει
1849 435 2069 501 ἕκαστος

2190 438 2471 497 interest:
2506 440 2617 497 nisi
2649 440 2802 513 quod
2832 440 3067 497 omnino
3124 440 3533 513 unusquisque
3572 442 3829 498 fructum

413 521 491 574 ὢν
527 520 865 597 ἔπραξεν,Ἣ
911 522 967 579 δὲ
1015 522 1284 596 ἀπόδειξις
1344 530 1439 580 τοῦ
1500 528 1574 600 μὴ
1637 527 1768 582 εἶναι
1831 527 2065 602 γένεσιν,

416 608 564 665 ἔστιν
594 612 753 681 αὕτη.
786 618 903 667 Τῶν
932 616 1291 688 παρεστώτων
1343 613 1395 669 εἷ’
1435 638 1519 677 τις
1575 614 1875 694 ὀφθαλμῶν
1929 616 2072 671 ἐστέ-

415 720 605 775 ρηται,
646 703 680 769 ἦ
736 699 943 769 κυλλήν
1005 697 1118 778 ἔχει
1179 706 1222 740 ³⁷
1277 706 1376 773 τὴν
1436 710 1617 780 χεῖρα,
1650 708 1684 775 ἣ
1736 705 1923 781 χωλὸν
1980 706 2071 760 τὸν

410 787 583 861 πόδα,
614 793 649 859 ἦ
705 788 882 864 ἕτερόν
939 813 992 844 τι
1044 794 1168 868 περὶ
1227 797 1406 865 σῶμα,
1454 795 1482 848 ὃ
1542 795 1885 872 ὑποστροφὴν
1939 795 2075 871 πρὸς

410 874 562 932 ἴασιν
624 878 788 935 πάλιν
835 880 937 934 οῦκ
993 877 1131 956 ἔχει,
1162 883 1251 935 xui
1310 880 1507 944 παντὸς
1559 884 1803 958 ἱατρικοῦ
1834 886 1877 920 ³⁸
1910 883 2073 957 ἐπαγ-

408 966 701 1041 γέλματος
760 965 911 1031 ἐκτός
971 968 1138 1037 ἐστιν,
1198 972 1255 1024 ’ὸν
1316 969 1441 1026 οὐδὲ
1511 970 1834 1047 ἀστρολόγοι
1897 972 2071 1027 ἰᾶσθαι

406 1054 870 1133 ἐπαγγέλλονται,
904 1057 988 1113 ὅτι
1022 1060 1097 1130 μὴ
1132 1059 1236 1114 ἀπὸ
1260 1064 1355 1114 τοῦ
1400 1065 1607 1137 μακροῦ
1646 1061 1846 1123 αἰῶνος
1891 1066 2073 1116 τοιοῦ-

405 1146 510 1201 τόν
558 1168 613 1201 τι
642 1146 875 1223 γέγονεν·
905 1148 1011 1224 ἐγὼ
1045 1146 1103 1204 δὲ
1133 1153 1266 1204 Θεοῦ
1298 1146 1510 1219 δεηθεὶς
1551 1152 1651 1219 τῆν
1702 1148 1840 1205 ἴασιν
1900 1149 2072 1225 παρά-

409 1254 542 1311 σχω
574 1238 640 1307 ”,
676 1235 840 1291 ὁπότε
894 1235 952 1291 ἐκ
995 1236 1253 1312 γενέσεως
1296 1238 1628 1313 κατόρθωσιν
1659 1240 1721 1293 τὸ
1775 1243 1993 1295 τοιοῦτο
2028 1242 2074 1275 ‘0

411 1322 684 1379 οὐδέποτε
742 1320 927 1381 λαϐεῖν
987 1323 1251 1397 ἠδυνήθη·
1301 1326 1494 1382 τούτοο
1554 1326 1725 1390 οὕτως
1779 1330 2072 1404 γενομένου

408 1413 530 1488 οὐχ
559 1414 959 1488 ἁμαρτάνουσιν
990 1415 1041 1470 οἱ
1071 1415 1161 1470 τὸν
1208 1414 1382 1471 πάντα
1437 1414 1917 1493 δημιουργήσαντα
1947 1419 2073 1472 Θεὸν

414 1500 924 1581 βλασφημοῦντες;
957 1503 1057 1558 Καὶ
1105 1504 1133 1558 ὁ
1189 1504 1365 1580 γέρων
1420 1504 1761 1581 ἀπεκρίνατο·
1813 1504 2071 1584 Βλασφη-

414 1597 541 1663 μεῖν
570 1594 677 1667 γάρ
714 1591 823 1647 ἐστι
852 1592 915 1647 τὸ
947 1591 1125 1660 λέγειν
1158 1593 1362 1668 γενέσει
1397 1594 1708 1649 ὑποκεῖσθαι
1739 1595 1807 1650 τὰ
1859 1597 2032 1650 πάντα
2052 1614 2074 1659 ,·

405 1682 568 1756 κάγὼ
601 1682 1001 1757 ἀπεκρινάμην·
1038 1682 1134 1736 Καὶ
1166 1684 1325 1739 πάνυ.
1360 1682 1425 1737 Ei
1472 1684 1571 1759 γὰρ
1630 1689 1797 1738 πᾶσαι
1852 1684 1908 1737 ui
1962 1687 2070 1738 τῶν

2185 545 2385 583 eorum
2418 546 2543 600 qure
2567 530 2813 591 gesserit
2836 531 3130 602 percipiet.
3156 531 3587 586 Demonstratio
3610 536 3829 599 autem,

2185 634 2300 673 non
2326 634 2453 673 esse
2484 620 2746 689 genesin,
2781 619 2901 674 haec
2931 625 3040 674 est.
3084 621 3164 674 Ex
3211 620 3539 674 astantibus
3595 619 3643 674 si
3698 622 3833 691 quis

2187 708 2369 763 oculis
2400 707 2475 761 sit
2506 709 2765 775 orbatus,
2801 713 2900 762 aut
2932 709 3197 763 mutilam
3224 708 3435 763 habeat
3456 726 3719 778 manum,
3745 709 3832 765 vel

2185 798 2389 868 pedem
2426 796 2724 861 claudum,
2756 798 2842 850 vel
2880 797 2936 851 in
2969 813 3207 868 corpore
3229 797 3447 869 aliquid
3472 796 3653 865 aliud,
3679 799 3831 869 quod

2186 891 2243 940 et
2271 886 2459 940 redire
2491 886 2559 940 ad
2593 886 2987 956 integritatem
3022 902 3134 939 non
3166 885 3376 947 valeat,
3426 890 3482 940 et
3529 887 3606 940 sit
3656 903 3835 957 supra

2184 991 2416 1029 omnem
2450 976 2737 1045 magicam
2770 980 2953 1029 artem
2984 992 2996 1029 :
3030 990 3203 1045 quem
3236 991 3424 1044 neque
3463 974 3737 1047 astrologi
3772 991 3834 1031 se

2185 1063 2569 1134 profiteantur
2595 1068 2924 1127 sanaturos,
2970 1062 3248 1133 quoniam
3300 1064 3372 1117 ab
3416 1063 3576 1117 omni
3622 1064 3831 1119 szeculo

2185 1151 2331 1207 nihil
2364 1152 2475 1207 tale
2504 1152 2785 1223 contigit:
2820 1168 2923 1222 ego
2958 1168 3088 1207 vero
3120 1151 3302 1206 Deum
3353 1154 3623 1224 precatus
3675 1154 3833 1207 sani-

2183 1246 2360 1297 tatem
2393 1242 2709 1314 praebuero,
2744 1241 3222 1312 quandoquidem
3258 1241 3312 1295 id
3346 1240 3682 1296 nullatenus
3733 1258 3832 1311 po-

2182 1330 2296 1386 tuit
2325 1348 2427 1403 per
2455 1329 2693 1403 genesin
2718 1330 2956 1402 corrigi:
2987 1329 3096 1385 hoc
3118 1330 3198 1384 ita
3226 1330 3394 1395 facto,
3423 1345 3616 1384 nonne
3639 1334 3834 1385 errant

2184 1419 2282 1492 qui
2318 1418 2372 1474 in
2399 1424 2743 1474 cunctorum
2770 1418 3034 1490 opificem
3066 1420 3242 1473 Deum
3268 1417 3575 1473 maledicta
3596 1422 3653 1473 et
3679 1417 3831 1473 blas-

2184 1508 2450 1580 phemias
2482 1507 2845 1579 conjiciunt?
2876 1507 3195 1578 Respondit
3227 1523 3401 1562 senex
3431 1525 3444 1563 :
3476 1506 3719 1573 Scilicet,
3772 1507 3829 1561 id

2184 1602 2273 1651 est
2298 1596 2603 1652 maledicta
2631 1598 2912 1665 conferre,
2943 1596 3132 1651 dicere
3152 1597 3433 1667 geniturae
3468 1595 3679 1665 subjici
3708 1596 3831 1649 uni-

2181 1704 2348 1743 versa
2370 1688 2396 1741 ?
2418 1688 2621 1759 Excepi
2657 1704 2761 1758 ego
2788 1704 2799 1742 :
2832 1688 3081 1742 Omnino
3112 1691 3219 1742 est.
3254 1686 3400 1742 Nam
3432 1689 3482 1741 si
3504 1701 3707 1740 omnes
3728 1684 3829 1740 ho-

409 1770 727 1844 ἀνθρώπων
786 1771 1044 1844 ἁμαρτίαι
1108 1771 1197 1826 καὶ
1255 1767 1491 1827 ἀσέϐειαι
1544 1773 1633 1826 καὶ
1691 1770 1960 1848 ἀσέλγειαι
2021 1771 2069 1844 ἐξ

2184 1775 2410 1832 minum
2459 1793 2683 1832 errores
2733 1781 2789 1831 et
2845 1775 3173 1847 impietates
3222 1781 3280 1829 et
3328 1774 3706 1846 impudicitiae
3762 1790 3831 1828 ex

407 1858 660 1934 ἀστέρων
711 1860 976 1933 γίνονται,
1026 1861 1077 1914 οἱ
1132 1857 1191 1914 δὲ
1246 1860 1461 1935 ἀστέρες
1518 1866 1684 1916 ταῦτα
1737 1867 1912 1915 ποιεῖν
1973 1862 2076 1916 ὑπὸ

409 1952 559 2002 Θεοῦ
617 1946 1024 2023 ἐτάγησαν,’ίνα
1079 1949 1293 2003 πάντων
1352 1946 1611 2025 χαλεπῶν
1665 1948 2077 2005 ἀποτελεστικοί

407 2037 709 2111 γένωνται,
741 2038 797 2091 ui
824 2038 1040 2092 πάντων
1074 2038 1331 2114 ἁμαρτίαι
1377 2038 1454 2101 εἷς
1503 2038 1662 2094 αὐτὸν
1697 2040 2073 2118 ἀναφέρονται,

406 2126 511 2181 τὸν
543 2128 644 2195 τῆν
677 2127 881 2200 γένεσιν
917 2128 1072 2191 θέντα
1104 2126 1153 2181 ἐν
1182 2132 1301 2189 τοῖς
1338 2128 1574 2203 ἄστροις.

494 2217 591 2272 VI.
626 2216 727 2272 Kui
759 2217 787 2269 ὁ
835 2216 1011 2292 γέρων
1062 2215 1405 2289 ἀπεκρίνατο·
1442 2216 1689 2287 Ἀληθῶς
1742 2214 1999 2292 μεγάλως
2029 2221 2073 2256 ⁴¹

412 2300 582 2381 ἔφης,
617 2303 760 2359 ἀλλά
788 2303 932 2378 πάσῃ
961 2326 1057 2359 σου
1088 2308 1236 2363 801
1267 2310 1345 2360 τῶ
1368 2300 1746 2381 ἀπαραϐλήτῳ
1803 2304 2075 2377 ἀποδείξει

411 2393 597 2465 ἡέμή
660 2391 941 2465 ἐμποδίζει
1001 2391 1329 2464 συνείδησις.
1375 2394 1516 2470 Ἐγὼ
1572 2394 1677 2470 γάρ
1736 2393 2072 2470 ἀστρολόγος

412 2480 496 2537 ὢν
523 2483 617 2536 καὶ
646 2483 862 2555 Ῥώμην
893 2486 1108 2558 πρῶτον
1144 2482 1389 2553 οἰκήσας,
1423 2483 1536 2538 εἶτα
1564 2486 1610 2520 ⁸³
1642 2481 1925 2561 φιλιωθείς
1963 2506 2071 2539 τινι

411 2571 559 2645 πρὸς
590 2570 779 2645 γένους
812 2566 921 2624 ὄντι
956 2572 1243 2647 Καίσαρος,
1276 2571 1441 2626 αὐτοῦ
1471 2593 1531 2627 τε
1558 2572 1647 2627 xui
1679 2575 1777 2641 τῆς
1836 2568 2073 2645 συμϐίου

406 2661 515 2727 τὴν
577 2658 781 2735 γένεσιν
841 2656 1079 2735 ἀκριϐῶς
1136 2662 1182 2696 ⁴³
1231 2660 1575 2733 ἠπιστάμην,
1630 2660 1722 2716 καὶ
1780 2662 2073 2737 ἱστορήσας

410 2747 742 2813 ἀκολούθως
801 2750 895 2810 τάς
984 2746 1203 2823 πράξεις
1268 2748 1713 2812 ἀποτελεσθείσας
1773 2749 1946 2804 αὐτῶν
2002 2754 2071 2824 τῇ

412 2838 627 2911 γενέσει
656 2833 802 2912 ἔργῳ
830 2840 895 2905 “,
926 2838 1009 2892 σοὶ
1062 2836 1211 2914 λόγῳ
1268 2837 1539 2903 πείθεσθαι
1588 2838 1650 2893 οὐ
1683 2836 1936 2912 δύναμαι.
1971 2841 2069 2897 Ἢν

414 2927 529 3003 γάρ
562 2929 659 2995 τῆς
686 2927 945 3001 γενέσεως
978 2926 1145 2997 αὐτῆς
1172 2928 1235 2982 τὸ
1266 2924 1513 3001 διάθεμα,
1546 2932 1741 2983 ποιοῦν
1777 2925 2070 3004 μοιχάδας,

420 3013 583 3070 ἰδίων
630 3012 843 3071 δούλων
896 3014 1118 3091 έρώσας,
1164 3016 1253 3071 καὶ
1308 3016 1395 3071 ἐπὶ
1446 3017 1601 3088 ξένης
1651 3017 1702 3071 έν
1752 3015 1907 3072 ὕδασι
1953 3020 2075 3089 θνη-

416 3105 672 3166 σκούσας.
704 3107 767 3158 Ὃ
796 3105 884 3159 καὶ
923 3105 1097 3167 οὕτως
1126 3108 1168 3142 ⁴⁵
1197 3106 1435 3181 γέγονεν.
1471 3107 1779 3181 Ἐρασθεῖσα
1825 3107 1928 3182 γὰρ
1974 3111 2071 3161 τοῦ

422 3190 567 3247 ἰδίου
598 3191 821 3259 δούλου,
853 3192 939 3247 xui
977 3196 1050 3266 μὴ
1084 3174 1317 3271 φέρουσα
1345 3195 1437 3249 τὸν
1470 3174 1655 3270 ψδγον,
1688 3174 1930 3273 φυγοῦσα
1974 3194 2067 3250 σὺν
2101 3174 2145 3241 CI

416 3280 589 3353 αὐτῷ,
623 3281 674 3337 ἐν
706 3279 996 3355 ἀλλοδαπῇ
1048 3284 1334 3357 ὁρμήσασα
1379 3283 1468 3337 καὶ
1520 3282 1709 3355 κοίτης
1755 3284 1902 3357 αὐτῷ
1952 3305 2069 3339 κοι-

411 3373 721 3440 νωνήσασα,
749 3371 885 3425 κατά
914 3369 1183 3426 θάλασσαν
1217 3374 1260 3408 ⁴⁶
1292 3370 1576 3448 διεφθάρη.

488 3460 611 3516 VII.
652 3459 810 3536 Κάγὼ
868 3458 1269 3534 ἀπεκρινάμην·
1330 3462 1426 3515 Καὶ
1480 3466 1597 3524 πῶς
1654 3458 1755 3538 ἄρα
1806 3464 1850 3499 ‘7
1905 3464 2070 3539 γινώ-

415 3569 566 3609 σκεις
597 3547 678 3603 ὅτι
709 3551 744 3618 ἡ
777 3553 1021 3627 φυγοῦσα
1052 3548 1103 3604 ἐν
1148 3546 1440 3623 ἀλλοδαπῇ
1491 3551 1755 3624 γενομένη
1799 3551 1891 3606 τὸν
1943 3549 2068 3607 δοῦ-

414 3635 519 3691 λον
568 3636 795 3711 ἔγημεν,
824 3637 912 3691 καὶ
962 3639 1187 3713 γήματα
1234 3640 1279 3675 ⁸⁸
1328 3637 1711 3709 ἐτελε·5τησεν;
1751 3640 1854 3697 Καὶ
1903 3642 1932 3696 ὁ
1975 3641 2066 3717 γέ-

418 3745 554 3801 ρων·
580 3727 869 3804 ’Δσφαλῶς
918 3724 1040 3781 οἴδα
1085 3725 1322 3799 τάληθῆ,
1358 3728 1467 3805 οὐχ
1516 3727 1599 3783 ὅτι
1648 3726 1871 3805 ἔγημεν,
1906 3731 2069 3787 ὁπότε

419 3812 537 3870 οὐδ’
568 3815 648 3870 ὅτι
678 3813 788 3888 ἤρα
818 3814 1127 3892 ἐγίνωσκον,
1162 3814 1308 3871 ἀλλὰ
1342 3818 1477 3890 μετά
1514 3818 1610 3886 τήν
1671 3818 1836 3886 αὐτῆς
1893 3818 2067 3875 ἀπαλ-

421 3905 601 3978 λαγὴν
633 3904 720 3959 καὶ
752 3907 798 3941 ‘9
832 3901 1065 3981 ἀδελφὸς
1097 3906 1125 3959 ὁ
1150 3909 1247 3959 τοῦ
1276 3903 1471 3981 ἀνδρὸς
1511 3905 1677 3975 αὐτῆς
1709 3906 1834 3981 ἐμοὶ
1874 3906 2067 3985 διηγή-

420 4014 550 4048 σατο
604 3993 776 4048 πάντα
829 3994 897 4048 τὰ
950 3996 1086 4048 κατά
1139 3994 1230 4049 τὸν
1292 3994 1460 4065 αὐτῆς
1518 3993 1716 4069 ἔρωτα,
1746 3996 1836 4051 καὶ
1887 3999 1933 4035 ⁵⁸³
1989 3999 2065 4061 ὡς

419 4084 619 4155 σεμνὸς
663 4081 757 4155 ὣν,
789 4085 880 4139 ἅτε
918 4080 985 4152 δὴ
1034 4083 1124 4137 καὶ
1168 4081 1423 4161 ἀδελφὸς,
1457 4083 1555 4139 οὐκ
1611 4080 1885 4156 ἐϐουλήθη
1940 4092 2063 4160 μιᾶ-

412 4193 504 4225 ναι
531 4174 629 4240 τὴν
660 4173 872 4241 κοίτην,
899 4172 987 4226 καὶ
1018 4176 1139 4235 πῶς
1176 4172 1487 4248 βουλομένη
1520 4174 1609 4228 καὶ
1642 4172 1934 4247 αἰδουμένη
1968 4175 2061 4231 αὐ-

411 4262 508 4315 τὸν
528 4261 615 4314 καὶ
638 4262 728 4315 τὸν
746 4261 916 4336 ψόγον
938 4264 973 4331 ἡ
998 4260 1227 4316 τάλαινα
1246 4261 1371 4335 (οὐκ
1394 4259 1503 4316 ἔστι
1528 4264 1631 4338 γάρ
1659 4263 1823 4332 αὐτὴν
1851 4264 2064 4339 μέμψα-

415 4352 560 4419 σθαι,
594 4349 674 4404 ὅτι
709 4350 769 4405 έκ
795 4350 1054 4424 γενέσεως
1107 4354 1273 4404 ταῦτα
1327 4356 1501 4405 ποιεῖν
1530 4372 1589 4406 τε
1619 4354 1663 4387 ⁸³
1690 4354 1779 4407 καὶ
1836 4353 2065 4429 πάσχειν

410 4438 745 4514 ἠναγκάζετο
766 4441 832 4509 ⁸³)
863 4434 1069 4514 ὄνειρον
1102 4436 1207 4494 εἷ’τε
1240 4436 1418 4509 ἀληθῆ
1453 4437 1557 4495 εἷ’τε
1587 4439 1762 4514 ψευδῆ
1792 4440 2062 4498 ἐπλάσατο

2186 1866 2371 1921 stellis
2403 1866 2691 1932 oriuntur,
2726 1865 2903 1921 stella:
2936 1870 3128 1920 autem
3164 1864 3235 1919 ad
3266 1881 3334 1919 ea
3367 1864 3630 1919 facienda
3658 1880 3691 1918 a
3715 1862 3828 1918 Deo

2186 1956 2516 2011 constituta:
2548 1959 2705 2021 sunt,
2742 1971 2858 2027 quo
2916 1959 3259 2009 cunctorum
3309 1953 3663 2024 ﬂagitiorum
3712 1952 3833 2007 sint

2186 2044 2527 2109 effectrices,
2550 2043 2815 2098 omnium
2842 2046 3075 2114 peccata
3099 2042 3170 2097 ad
3197 2058 3331 2097 eum
3354 2040 3703 2109 referuntur,
3728 2039 3829 2112 qui

2185 2134 2244 2189 in
2276 2132 2448 2188 astris
2481 2132 2741 2205 posuerit
2769 2132 3031 2203 genesin.

2256 2224 2347 2279 VI.
2378 2224 2444 2277 Et
2477 2238 2651 2278 senex
2682 2221 3018 2292 respondit:
3055 2220 3385 2275 Admodum
3421 2235 3551 2274 vere
3594 2218 3827 2274 locutus

2184 2312 2415 2378 es;sed
2456 2310 2615 2367 omni
2664 2315 2779 2366 tuae
2826 2308 3271 2382 incomparabili
3320 2308 3648 2381 probationi
3697 2324 3830 2363 mea

2182 2404 2378 2457 obstat
2409 2399 2783 2456 conscientia.
2820 2401 2936 2471 Ego
2967 2400 3145 2467 enim,
3180 2398 3277 2470 qui
3311 2399 3640 2469 astrologus
3669 2413 3824 2465 sum,

2182 2496 2242 2546 et
2270 2494 2466 2545 Romae
2496 2488 2752 2560 primum
2786 2489 3059 2555 babitavi,
3112 2488 3337 2544 amicus
3386 2493 3587 2558 postea
3635 2486 3823 2542 factus

2183 2579 2492 2649 cujusdam
2523 2579 2624 2649 qui
2656 2583 2779 2633 erat
2821 2594 2889 2632 ex
2932 2593 3141 2649 genere
3190 2576 3457 2643 Caesaris,
3504 2574 3613 2630 viri
3665 2573 3824 2630 illius

2183 2668 2497 2739 uxorisque
2526 2669 2654 2737 ejus
2688 2666 3015 2739 genituram
3049 2670 3317 2721 accurate
3350 2670 3545 2720 notam
3601 2662 3820 2734 habui;

2183 2772 2435 2828 cumque
2464 2755 2709 2811 viderim
2744 2771 2855 2823 res,
2891 2759 3061 2827 prout
3089 2754 3306 2809 ferebat
3343 2769 3543 2809 eorum
3570 2751 3820 2825 genesis,

2183 2862 2379 2901 revera
2408 2846 2693 2915 evenisse,
2727 2860 2995 2900 sermone
3016 2848 3131 2899 ate
3184 2859 3411 2914 nequeo
3463 2841 3821 2913 persuaderi.

2184 2934 2446 2989 Habebat
2476 2934 2631 2989 enim
2667 2933 2877 2989 mulier
2905 2933 3079 2988 talem
3114 2931 3638 2999 constellationem,
3695 2946 3823 3002 quas

2183 3023 2480 3078 adulteras
2513 3023 2669 3090 facit,
2693 3027 2749 3077 et
2773 3038 2970 3077 servos
3004 3022 3270 3093 pr0prios
3301 3036 3517 3088 amare,
3552 3020 3612 3075 in
3661 3035 3823 3092 pere-

2183 3112 2509 3185 grinatione
2539 3117 2594 3167 et
2618 3112 2674 3166 in
2705 3112 2873 3182 aquis
2902 3110 3172 3182 defungi:
3206 3111 3358 3181 quod
3391 3114 3449 3165 et
3476 3109 3559 3166 ita
3604 3108 3827 3165 factum

2184 3206 2293 3256 est.
2328 3201 2536 3255 Incidit
2566 3216 2819 3270 namque
2850 3200 2907 3253 in
2941 3216 3197 3255 amorem
3224 3199 3373 3253 servi
3397 3200 3508 3265 sui,
3533 3202 3589 3253 et
3623 3214 3827 3269 oppro-

2181 3290 2374 3345 brium
2409 3307 2522 3344 non
2549 3293 2737 3344 terens
2770 3290 2917 3360 fugit
2946 3305 3081 3343 cum
3114 3289 3241 3360 ipso
3263 3331 3275 3354 ,
3312 3304 3377 3343 ac
3426 3304 3661 3360 peregre
3692 3304 3827 3359 pro-

2180 3380 2347 3445 fecta,
2376 3379 2578 3450 illique
2600 3378 2928 3447 commista,
2964 3377 3133 3449 periit
3166 3378 3221 3431 in
3257 3377 3422 3431 mari.

2250 3468 2373 3524 Vll.
2407 3468 2476 3521 Et
2505 3483 2611 3538 ego
2643 3465 2913 3536 respondi
2965 3482 2977 3520 :
3012 3465 3175 3520 Unde
3234 3465 3414 3537 igitur
3470 3465 3608 3533 scis,
3660 3465 3817 3537 quod

2179 3556 2279 3612 illa
2311 3556 2559 3629 fugiens,
2594 3556 2653 3609 in
2674 3554 2862 3610 alieno
2888 3554 3009 3609 solo
3043 3554 3252 3626 posita,
3319 3570 3483 3609 servo
3534 3555 3820 3626 nupserit,

2180 3650 2236 3702 et
2266 3651 2397 3717 post
2426 3645 2662 3716 nuptias
2697 3644 2870 3699 fuerit
2899 3644 3217 3698 defuncta?
3248 3644 3313 3698 Et
3354 3658 3564 3698 senex:
3619 3642 3827 3700 Certis-

2179 3735 2349 3802 sime,
2382 3734 2594 3805 inquit,
2626 3734 2769 3799 scio,
2801 3748 2995 3787 revera
3026 3749 3137 3787 non
3167 3733 3319 3803 quod
3352 3731 3615 3803 nupserit
3637 3748 3822 3797 servo,

2179 3824 2656 3896 quandoquidem
2693 3838 2878 3893 neque
2911 3821 3065 3893 quod
3097 3838 3229 3876 eum
3281 3826 3523 3889 amaret,
3573 3838 3825 3894 agnove-

2178 3930 2340 3980 ram;
2376 3913 2474 3967 sed
2509 3916 2819 3983 postquam
2855 3914 3114 3982 protecta
3154 3915 3262 3975 est,
3290 3910 3463 3964 etiam
3496 3910 3672 3966 frater
3719 3910 3824 3964 viri

2176 4004 2303 4073 ejus
2338 4002 2481 4056 mihi
2514 4000 2807 4056 enarravit
2831 4016 3062 4055 omnem
3109 3998 3269 4053 illius
3320 4015 3618 4065 amorem;
3666 4000 3822 4072 quod

2174 4091 2321 4163 ipse,
2355 4091 2455 4162 qui
2488 4090 2770 4146 honestus
2799 4094 2940 4155 erat,
2975 4092 3172 4159 utpote
3203 4088 3398 4157 frater,
3445 4087 3695 4143 noluerit
3742 4092 3825 4145 to-

2176 4197 2305 4235 rum
2330 4180 2645 4247 maculare,
2680 4183 2735 4233 et
2764 4195 2879 4250 quo
2908 4179 3078 4233 modo
3114 4177 3334 4245 volens,
3384 4194 3449 4232 ac
3499 4178 3692 4249 ipsum
3744 4182 3821 4233 at-

2177 4286 2290 4341 que
2319 4268 2697 4340 opprobrium
2732 4268 2912 4322 verita
2942 4266 3040 4322 illa
3071 4266 3270 4321 infelix
3302 4266 3509 4339 (neque
3541 4268 3693 4322 enim
3717 4267 3823 4321 im-

2175 4359 2502 4431 putandum
2536 4358 2586 4412 ei
2617 4362 2727 4423 est,
2760 4356 2898 4428 quia
2928 4372 3054 4411 eam
3105 4355 3337 4428 genesis
3387 4356 3574 4411 facere
3620 4354 3721 4411 illa
3762 4361 3821 4412 et

2174 4446 2394 4519 perpeti
2428 4444 2733 4517 compulit)
2768 4445 2995 4500 finxerit
3052 4445 3370 4510 somnium,
3421 4460 3698 4500 verumne
3746 4462 3818 4501 an

414 4526 517 4581 οῦκ
572 4524 686 4603 ἔχω
746 4526 946 4604 λέγειν.
981 4525 1176 4604 Ἔλεγε
1230 4528 1331 4604 γὰρ
1388 4528 1552 4597 αὐτὴν
1587 4532 1739 4588 302
1773 4530 2062 4607 εἰρηκέναι·

2184 4536 2411 4601 falsum,
2445 4551 2560 4590 non
2592 4534 2777 4590 habeo
2807 4535 3014 4589 dicere.
3051 4534 3256 4588 Aiebat
3286 4533 3577 4604 siquidem
3628 4534 3818 4605 ipsam

407 4621 500 4677 Ὠς
528 4617 611 4671 ὅττι
647 4616 698 4671 έν
734 4617 968 4693 ὁράματι
998 4615 1218 4678 ἐπιστὰς
1263 4637 1349 4679 τις
1395 4613 1645 4673 ἐκέλευσέ
1696 4639 1789 4691 μοι
1837 4617 1957 4694 ᾔμα
1983 4621 2067 4678 τέ-

410 4726 566 4767 κνοις
615 4704 837 4778 ἐξαυτῆς
888 4707 989 4775 τὴν
1045 4703 1330 4779 Ῥωμαίων
1390 4700 1611 4775 ἐκϐῆναι
1669 4707 1854 4766 πόλιν.
1887 4710 1948 4767 Ὀ
2006 4708 2064 4766 δὲ

410 4794 553 4870 ἀνὴρ
594 4795 855 4863 σώζεσθαι
890 4794 1053 4863 αὐτὴν
1086 4795 1177 4849 σὺν
1207 4800 1323 4856 τοῖς
1374 4796 1515 4858 υἱοῖς
1570 4794 1814 4852 σπεύδων
1872 4798 2065 4856 αὐτίκα

410 4884 609 4945 αὐτοὺς
635 4881 1170 4957 παιδευθησομένους
1200 4886 1246 4921 ⁸⁸
1270 4884 1346 4946 εἷς
1386 4882 1481 4946 τὰς
1521 4885 1754 4956 Ἀθήνας
1800 4885 2064 4963 ἐξέπεμψε

413 4972 507 5027 σὺν
670 4970 837 5049 μητρὶ
894 4972 985 5027 καὶ
1046 4969 1288 5043 δούλοις,
1318 4972 1499 5049 τρίτον
1530 4970 1589 5029 δὲ
1636 4975 1893 5050 νεώτερον
1944 4977 2058 5034 υἱὸν

2175 4625 2419 4681 dixisse:
2460 4623 2656 4680 Astitit
2686 4623 2828 4678 mihi
2860 4622 3099 4693 quidam
3133 4640 3235 4694 per
3270 4622 3462 4677 visum
3510 4623 3609 4693 qui
3632 4622 3818 4692 jussit

2175 4731 2269 4770 me
2293 4730 2427 4770 cum
2460 4712 2661 4767 liberis
2692 4713 2817 4767 sine
2850 4728 3013 4766 mora
3046 4713 3184 4767 urbe
3202 4715 3385 4767 Roma
3402 4710 3707 4783 egredi.At
3730 4727 3818 4765 v1r

2173 4820 2275 4876 pro
2301 4802 2489 4859 salute
2517 4802 2645 4873 ejus
2676 4800 3048 4873 filiorumque
3077 4800 3365 4857 sollicitus
3389 4800 3691 4855 confestim
3715 4815 3814 4855 eos

2171 4892 2523 4949 erudiendos
2561 4890 2818 4946 Athenas
2875 4890 3036 4945 misit
3082 4906 3216 4945 cum
3268 4895 3452 4945 matre
3500 4894 3557 4945 et
3601 4888 3809 4944 servis:

2170 4981 2397 5037 habens
2424 4996 2556 5036 vero
2586 4980 2821 5035 tertium
2857 4978 3067 5048 filium,
3110 4978 3212 5049 qui
3263 4983 3386 5034 erat
3426 4977 3647 5049 junior,
3698 4978 3811 5034 sibi

1793 5101 2037 5160 VARle
2075 5104 2486 5163 LEGTIONES.

478 5204 522 5239 ³⁷
553 5198 670 5292 ἔχει
726 5204 952 5292 adndunt
1004 5205 1150 5275 Epit.
1182 5208 1254 5292 et,
1296 5206 1424 5262 cod.
1483 5205 1643 5292 R'eg;
1682 5207 1827 5292 894..
1858 5210 2011 5292 .ln_0
2041 5216 2177 5292 est;
2206 5212 2240 5280 ἣ
2268 5207 2833 5292 κυλλήνλτὴνηχεῖραν
2864 5205 3005 5292 ἔχοιῖ
3081 5206 3299 5292 3{illatam
3470 5209 3516 5244 ³⁸
3542 5210 3809 5292 παρασχῶ

407 5275 473 5343 C,
504 5274 720 5351 παρέξω
777 5277 941 5351 Epit,
981 5274 1338 5351 παρασχήσω
1360 5274 1668 5351 ρῳιῄξὸ.
1730 5279 1990 5351 Subinde
2048 5274 2297 5337 ὁπότε’ὁ
2358 5279 2418 5351 ἐκ

1669 5348 2082 5429 φιλωθείςῇϐ.-.
2123 5355 2168 5389 ⁴³
2222 5347 2460 5429 ἀκριϐῶς
2514 5351 2704 5429 recepi
2763 5368 2831 5406 ex
2886 5354 2992 5429 Q._
3028 5352 3081 5429 ":
3118 5347 3433 5429 ἀκολούθως
3484 5354 3551 5429 τῇ
3604 5350 3805 5429 γενέσει

405 5363 459 5402 c.
518 5345 596 5400 Ο.’
656 5348 702 5381 ⁴²
756 5345 869 5400 εἶτα
926 5345 1087 5402 εάάᾘ
1123 5345 1292 5402 ο.”Ο.
1354 5345 1616 5403 Subinde

2471 5285 2536 5338 Ο.
2570 5276 2573 5277 ν
2610 5276 2932 5354 “genere;
2961 5282 3064 5354 0.”
3103 5280 3145 5354 ‘f
3202 5276 3452 5354 μεγάλως
3510 5276 3808 5354 omiserim

407 5416 585 5471 αὐτῶν
628 5416 731 5509 ’τὰς
788 5415 1509 5509 πράξεξὶςηάποτελὲσθείσας
1546 5415 1712 5504 ,ἔργῲ
1768 5426 1831 5477 C.
1857 5492 1870 5509 ε
1918 5424 1963 5460 ⁴⁸
2021 5423 2164 5509 οὕτω
2220 5415 2302 5482 Ο,’
2358 5426 2402 5460 ⁸⁸
2430 5415 2812 5509 κοινωνήσασα
2860 5420 3025 5509 αιξτιῖτ,
3059 5421 3298 5509 θαλάσσῃ
3416 5415 3807 5509 uimine-uorti:

405 5489 802 5561 κοινωνήσασα,
834 5489 886 5544 κ.

962 5485 1230 5542 θάλασσαν
1397 5492 1439 5570 ξτ
1497 5485 1612 5551 πῶς
1784 5492 1872 5570 καὶ
1931 5498 2049 5557 πῶς
2088 5496 2189 5570 ἄρα
2220 5497 2288 5555 D.
2365 5497 2407 5530 ⁸⁸
2450 5485 2741 5570 γημάσασα
2914 5485 3022 5570 ⁸-9
3048 5497 3105 5549 C.
3183 5495 3227 5570 ξθ
3255 5485 3345 5546 καί
3374 5492 3463 5545 καί
3636 5485 3803 5570 Μ-καῖ

406 5560 452 5617 0
483 5577 533 5615 c.
575 5561 720 5639 ερὶι.
753 5558 870 5639 ξε.
902 5560 1050 5616 Tum
1110 5561 1298 5633 recepi
1356 5562 1455 5631 τήν
1515 5579 1585 5618 ex
1637 5558 1702 5634 σ,
1736 5564 1835 5636 qui
1893 5582 2007 5624 scr.
2072 5558 2279 5637 μίάναι.
2356 5568 2403 5603 ⁵⁸
2428 5558 2488 5620 τὲ
2510 5558 2667 5622 ’ἰωὰ
2702 5581 2750 5621 c.
2783 5565 2847 5621 0.
2924 5566 2970 5601 ⁸³
2996 5564 3346 5639 ἠναγκάζετο,
3378 5572 3441 5621 υ.
3518 5566 3562 5601 ⁸⁸
3588 5562 3805 5619 παιδευ-

410 5630 713 5702 θησομέντις
750 5630 816 5687 0.
