  <div class='ocr_page' id='page_1' title='image "/cluster/home/n/w/nwhite01/storage/ocr_20150623/2/hvd.32044073501397/181.png"; bbox 0 0 4086 6216; ppageno 0'>
   <div class='ocr_carea' id='block_1_1' title="bbox 275 282 389 343">
    <p class='ocr_par' dir='ltr' id='par_1_1' title="bbox 275 282 389 343">
     <span class='ocr_line' id='line_1_1' title="bbox 275 282 389 343; baseline 0 0"><span class='ocrx_word' id='word_1_1' title='bbox 275 282 389 343; x_wconf 77' lang='grc'>351</span> 
     </span>
    </p>
   </div>
   <div class='ocr_carea' id='block_1_2' title="bbox 1107 295 2871 369">
    <p class='ocr_par' dir='ltr' id='par_1_2' title="bbox 1107 295 2871 369">
     <span class='ocr_line' id='line_1_2' title="bbox 1107 295 2871 369; baseline 0.006 -14"><span class='ocrx_word' id='word_1_2' title='bbox 1107 295 1173 355; x_wconf 89' lang='lat' dir='ltr'>S.</span> <span class='ocrx_word' id='word_1_3' title='bbox 1221 296 1665 362; x_wconf 85' lang='lat' dir='ltr'>CLEMENTIS</span> <span class='ocrx_word' id='word_1_4' title='bbox 1709 300 1735 361; x_wconf 94' lang='grc' dir='ltr'>Ι</span> <span class='ocrx_word' id='word_1_5' title='bbox 1781 301 1973 363; x_wconf 77' lang='grc' dir='ltr'>ΗΟΜ.</span> <span class='ocrx_word' id='word_1_6' title='bbox 2021 303 2252 366; x_wconf 83' lang='grc' dir='ltr'>ΡΟΝΤ.</span> <span class='ocrx_word' id='word_1_7' title='bbox 2297 302 2558 366; x_wconf 83' lang='lat' dir='ltr'><strong>OPERA</strong></span> <span class='ocrx_word' id='word_1_8' title='bbox 2605 305 2871 369; x_wconf 83' lang='lat' dir='ltr'>DUBIA.</span> 
     </span>
    </p>
   </div>
   <div class='ocr_carea' id='block_1_3' title="bbox 3571 306 3695 369">
    <p class='ocr_par' dir='ltr' id='par_1_3' title="bbox 3571 306 3695 369">
     <span class='ocr_line' id='line_1_3' title="bbox 3571 306 3695 369; baseline -0.008 -1"><span class='ocrx_word' id='word_1_9' title='bbox 3571 306 3695 369; x_wconf 69' lang='lat'><strong>352</strong></span> 
     </span>
    </p>
   </div>
   <div class='ocr_carea' id='block_1_4' title="bbox 276 416 1908 511">
    <p class='ocr_par' dir='ltr' id='par_1_4' title="bbox 276 416 1908 499">
     <span class='ocr_line' id='line_1_4' title="bbox 276 416 1908 499; baseline 0.012 -31"><span class='ocrx_word' id='word_1_10' title='bbox 276 429 412 471; x_wconf 91' lang='lat' dir='ltr'>eum</span> <span class='ocrx_word' id='word_1_11' title='bbox 445 416 721 486; x_wconf 85' lang='lat' dir='ltr'>retinnit;</span> <span class='ocrx_word' id='word_1_12' title='bbox 757 419 805 474; x_wconf 88' lang='lat' dir='ltr'>is</span> <span class='ocrx_word' id='word_1_13' title='bbox 835 422 1013 492; x_wconf 87' lang='lat' dir='ltr'>enim,</span> <span class='ocrx_word' id='word_1_14' title='bbox 1046 425 1146 495; x_wconf 89' lang='lat' dir='ltr'>qui</span> <span class='ocrx_word' id='word_1_15' title='bbox 1178 443 1456 499; x_wconf 89' lang='lat' dir='ltr'>responsa</span> <span class='ocrx_word' id='word_1_16' title='bbox 1488 430 1546 485; x_wconf 90' lang='lat' dir='ltr'>in</span> <span class='ocrx_word' id='word_1_17' title='bbox 1578 431 1800 487; x_wconf 82' lang='lat' dir='ltr'>somnis</span> <span class='ocrx_word' id='word_1_18' title='bbox 1822 434 1908 487; x_wconf 91' lang='lat' dir='ltr'>de-</span> 
     </span>
    </p>
   </div>
   <div class='ocr_carea' id='block_1_5' title="bbox 2021 416 3697 511">
    <p class='ocr_par' dir='ltr' id='par_1_5' title="bbox 2029 430 3697 511">
     <span class='ocr_line' id='line_1_5' title="bbox 2029 430 3697 511; baseline 0.002 -24"><span class='ocrx_word' id='word_1_19' title='bbox 2029 446 2176 507; x_wconf 70' lang='grc' dir='ltr'>ἔχων</span> <span class='ocrx_word' id='word_1_20' title='bbox 2210 431 2338 508; x_wconf 84' lang='grc' dir='ltr'>ἔσχε</span> <span class='ocrx_word' id='word_1_21' title='bbox 2365 439 2490 510; x_wconf 75' lang='grc' dir='ltr'>παρ’</span> <span class='ocrx_word' id='word_1_22' title='bbox 2540 432 2713 507; x_wconf 75' lang='grc' dir='ltr'>ἑαυτῷ</span> <span class='ocrx_word' id='word_1_23' title='bbox 2760 437 2825 505; x_wconf 75' lang='grc'>⁵⁸,</span> <span class='ocrx_word' id='word_1_24' title='bbox 2854 435 2929 497; x_wconf 83' lang='grc' dir='ltr'>ὡς</span> <span class='ocrx_word' id='word_1_25' title='bbox 2981 430 3047 505; x_wconf 78' lang='grc' dir='ltr'>δή</span> <span class='ocrx_word' id='word_1_26' title='bbox 3092 438 3189 490; x_wconf 88' lang='grc' dir='ltr'>τοῦ</span> <span class='ocrx_word' id='word_1_27' title='bbox 3245 435 3697 511; x_wconf 82' lang='grc' dir='ltr'>χρηματίσαντος</span> 
     </span>
    </p>
   </div>
   <div class='ocr_carea' id='block_1_6' title="bbox 276 503 1931 587">
    <p class='ocr_par' dir='ltr' id='par_1_6' title="bbox 276 503 1931 587">
     <span class='ocr_line' id='line_1_6' title="bbox 276 503 1931 587; baseline 0.01 -29"><span class='ocrx_word' id='word_1_28' title='bbox 276 503 467 569; x_wconf 81' lang='lat' dir='ltr'>derat,</span> <span class='ocrx_word' id='word_1_29' title='bbox 501 522 633 560; x_wconf 90' lang='lat' dir='ltr'>cum</span> <span class='ocrx_word' id='word_1_30' title='bbox 669 524 735 562; x_wconf 93' lang='lat' dir='ltr'>co</span> <span class='ocrx_word' id='word_1_31' title='bbox 766 525 1003 567; x_wconf 89' lang='lat' dir='ltr'>manere</span> <span class='ocrx_word' id='word_1_32' title='bbox 1034 512 1198 569; x_wconf 87' lang='lat' dir='ltr'>illum</span> <span class='ocrx_word' id='word_1_33' title='bbox 1237 519 1602 587; x_wconf 74' lang='lat' dir='ltr'>permiserat.</span> <span class='ocrx_word' id='word_1_34' title='bbox 1651 524 1931 576; x_wconf 64' lang='lat' dir='ltr'>Caeterum</span> 
     </span>
    </p>
   </div>
   <div class='ocr_carea' id='block_1_7' title="bbox 279 592 1929 682">
    <p class='ocr_par' dir='ltr' id='par_1_7' title="bbox 279 592 1929 682">
     <span class='ocr_line' id='line_1_7' title="bbox 279 592 1929 682; baseline 0.013 -37"><span class='ocrx_word' id='word_1_35' title='bbox 279 592 465 647; x_wconf 91' lang='lat' dir='ltr'>multo</span> <span class='ocrx_word' id='word_1_36' title='bbox 488 593 684 665; x_wconf 90' lang='lat' dir='ltr'>elapso</span> <span class='ocrx_word' id='word_1_37' title='bbox 716 601 977 670; x_wconf 88' lang='lat' dir='ltr'>tempore</span> <span class='ocrx_word' id='word_1_38' title='bbox 1011 602 1084 657; x_wconf 88' lang='lat' dir='ltr'>ab</span> <span class='ocrx_word' id='word_1_39' title='bbox 1117 619 1185 658; x_wconf 87' lang='lat' dir='ltr'>ea</span> <span class='ocrx_word' id='word_1_40' title='bbox 1233 603 1457 663; x_wconf 76' lang='lat' dir='ltr'>litteras</span> <span class='ocrx_word' id='word_1_41' title='bbox 1512 626 1626 664; x_wconf 93' lang='lat' dir='ltr'>non</span> <span class='ocrx_word' id='word_1_42' title='bbox 1672 611 1929 682; x_wconf 91' lang='lat' dir='ltr'>accepit;</span> 
     </span>
    </p>
   </div>
   <div class='ocr_carea' id='block_1_8' title="bbox 276 687 1928 771">
    <p class='ocr_par' dir='ltr' id='par_1_8' title="bbox 276 687 1928 771">
     <span class='ocr_line' id='line_1_8' title="bbox 276 687 1928 771; baseline 0.012 -37"><span class='ocrx_word' id='word_1_43' title='bbox 276 697 525 751; x_wconf 89' lang='lat' dir='ltr'>cumque</span> <span class='ocrx_word' id='word_1_44' title='bbox 556 700 708 757; x_wconf 84' lang='lat' dir='ltr'>saepe</span> <span class='ocrx_word' id='word_1_45' title='bbox 738 687 1002 745; x_wconf 85' lang='lat' dir='ltr'>Athenas</span> <span class='ocrx_word' id='word_1_46' title='bbox 1031 692 1314 760; x_wconf 85' lang='lat' dir='ltr'>misisset,</span> <span class='ocrx_word' id='word_1_47' title='bbox 1352 703 1658 770; x_wconf 89' lang='lat' dir='ltr'>assumpto</span> <span class='ocrx_word' id='word_1_48' title='bbox 1691 716 1802 767; x_wconf 88' lang='lat' dir='ltr'>me,</span> <span class='ocrx_word' id='word_1_49' title='bbox 1829 700 1928 771; x_wconf 89' lang='lat' dir='ltr'>qui</span> 
     </span>
    </p>
   </div>
   <div class='ocr_carea' id='block_1_9' title="bbox 276 771 1926 859">
    <p class='ocr_par' dir='ltr' id='par_1_9' title="bbox 276 771 1926 859">
     <span class='ocr_line' id='line_1_9' title="bbox 276 771 1926 859; baseline 0.012 -35"><span class='ocrx_word' id='word_1_50' title='bbox 276 771 327 825; x_wconf 90' lang='lat' dir='ltr'>ei</span> <span class='ocrx_word' id='word_1_51' title='bbox 359 772 621 828; x_wconf 92' lang='lat' dir='ltr'>omnium</span> <span class='ocrx_word' id='word_1_52' title='bbox 656 791 845 832; x_wconf 83' lang='lat' dir='ltr'>essem</span> <span class='ocrx_word' id='word_1_53' title='bbox 907 781 1428 850; x_wconf 88' lang='lat' dir='ltr'>conjunctissimus</span> <span class='ocrx_word' id='word_1_54' title='bbox 1469 804 1535 842; x_wconf 92' lang='lat' dir='ltr'>ac</span> <span class='ocrx_word' id='word_1_55' title='bbox 1581 788 1926 859; x_wconf 84' lang='lat' dir='ltr'>ﬁdissimus,</span> 
     </span>
    </p>
   </div>
   <div class='ocr_carea' id='block_1_10' title="bbox 275 860 1923 949">
    <p class='ocr_par' dir='ltr' id='par_1_10' title="bbox 275 860 1923 949">
     <span class='ocr_line' id='line_1_10' title="bbox 275 860 1923 949; baseline 0.012 -36"><span class='ocrx_word' id='word_1_56' title='bbox 275 860 345 914; x_wconf 90' lang='lat' dir='ltr'>ad</span> <span class='ocrx_word' id='word_1_57' title='bbox 379 876 506 916; x_wconf 89' lang='lat' dir='ltr'>eam</span> <span class='ocrx_word' id='word_1_58' title='bbox 540 866 910 934; x_wconf 76' lang='lat' dir='ltr'>quaerendam</span> <span class='ocrx_word' id='word_1_59' title='bbox 947 872 1241 940; x_wconf 85' lang='lat' dir='ltr'>profectus</span> <span class='ocrx_word' id='word_1_60' title='bbox 1277 878 1385 929; x_wconf 88' lang='lat' dir='ltr'>est.</span> <span class='ocrx_word' id='word_1_61' title='bbox 1418 876 1631 932; x_wconf 86' lang='lat' dir='ltr'>Multos</span> <span class='ocrx_word' id='word_1_62' title='bbox 1653 877 1923 949; x_wconf 86' lang='lat' dir='ltr'>equidem</span> 
     </span>
    </p>
   </div>
   <div class='ocr_carea' id='block_1_11' title="bbox 271 949 1921 1030">
    <p class='ocr_par' dir='ltr' id='par_1_11' title="bbox 271 949 1921 1030">
     <span class='ocr_line' id='line_1_11' title="bbox 271 949 1921 1030; baseline 0.012 -29"><span class='ocrx_word' id='word_1_63' title='bbox 271 964 405 1003; x_wconf 90' lang='lat' dir='ltr'>cum</span> <span class='ocrx_word' id='word_1_64' title='bbox 439 949 566 1021; x_wconf 91' lang='lat' dir='ltr'>ipso</span> <span class='ocrx_word' id='word_1_65' title='bbox 600 951 654 1006; x_wconf 88' lang='lat' dir='ltr'>in</span> <span class='ocrx_word' id='word_1_66' title='bbox 690 956 1153 1026; x_wconf 81' lang='lat' dir='ltr'>peregrinatione</span> <span class='ocrx_word' id='word_1_67' title='bbox 1206 960 1435 1018; x_wconf 85' lang='lat' dir='ltr'>labores</span> <span class='ocrx_word' id='word_1_68' title='bbox 1477 964 1747 1020; x_wconf 84' lang='lat' dir='ltr'>alacriter</span> <span class='ocrx_word' id='word_1_69' title='bbox 1794 967 1921 1030; x_wconf 81' lang='lat' dir='ltr'>tuli.</span> 
     </span>
    </p>
   </div>
   <div class='ocr_carea' id='block_1_12' title="bbox 272 1041 1919 1115">
    <p class='ocr_par' dir='ltr' id='par_1_12' title="bbox 272 1041 1919 1115">
     <span class='ocr_line' id='line_1_12' title="bbox 272 1041 1919 1115; baseline 0.012 -24"><span class='ocrx_word' id='word_1_70' title='bbox 272 1052 495 1094; x_wconf 91' lang='lat' dir='ltr'>memor</span> <span class='ocrx_word' id='word_1_71' title='bbox 524 1042 679 1111; x_wconf 93' lang='lat' dir='ltr'>quod</span> <span class='ocrx_word' id='word_1_72' title='bbox 711 1041 768 1097; x_wconf 90' lang='lat' dir='ltr'>in</span> <span class='ocrx_word' id='word_1_73' title='bbox 803 1046 994 1115; x_wconf 90' lang='lat' dir='ltr'>prisea</span> <span class='ocrx_word' id='word_1_74' title='bbox 1037 1064 1145 1103; x_wconf 91' lang='lat' dir='ltr'>sua</span> <span class='ocrx_word' id='word_1_75' title='bbox 1192 1050 1466 1107; x_wconf 84' lang='lat' dir='ltr'>felicitate</span> <span class='ocrx_word' id='word_1_76' title='bbox 1514 1069 1607 1108; x_wconf 93' lang='lat' dir='ltr'>me</span> <span class='ocrx_word' id='word_1_77' title='bbox 1657 1056 1919 1111; x_wconf 91' lang='lat' dir='ltr'>omnium</span> 
     </span>
    </p>
   </div>
   <div class='ocr_carea' id='block_1_13' title="bbox 270 1124 1921 1207">
    <p class='ocr_par' dir='ltr' id='par_1_13' title="bbox 270 1124 1921 1207">
     <span class='ocr_line' id='line_1_13' title="bbox 270 1124 1921 1207; baseline 0.013 -28"><span class='ocrx_word' id='word_1_78' title='bbox 270 1124 574 1183; x_wconf 83' lang='lat' dir='ltr'>habuisset</span> <span class='ocrx_word' id='word_1_79' title='bbox 603 1130 849 1198; x_wconf 91' lang='lat' dir='ltr'>socium,</span> <span class='ocrx_word' id='word_1_80' title='bbox 882 1150 948 1188; x_wconf 90' lang='lat' dir='ltr'>ac</span> <span class='ocrx_word' id='word_1_81' title='bbox 980 1152 1160 1207; x_wconf 89' lang='lat' dir='ltr'>supra</span> <span class='ocrx_word' id='word_1_82' title='bbox 1189 1155 1394 1195; x_wconf 88' lang='lat' dir='ltr'>omnes</span> <span class='ocrx_word' id='word_1_83' title='bbox 1423 1142 1643 1198; x_wconf 89' lang='lat' dir='ltr'>amicos</span> <span class='ocrx_word' id='word_1_84' title='bbox 1686 1144 1921 1200; x_wconf 85' lang='lat' dir='ltr'>dilexis-</span> 
     </span>
    </p>
   </div>
   <div class='ocr_carea' id='block_1_14' title="bbox 267 1217 1921 1306">
    <p class='ocr_par' dir='ltr' id='par_1_14' title="bbox 267 1217 1921 1306">
     <span class='ocr_line' id='line_1_14' title="bbox 267 1217 1921 1306; baseline 0.013 -38"><span class='ocrx_word' id='word_1_85' title='bbox 267 1218 374 1270; x_wconf 87' lang='lat' dir='ltr'>set.</span> <span class='ocrx_word' id='word_1_86' title='bbox 411 1217 611 1288; x_wconf 90' lang='lat' dir='ltr'>ltaque</span> <span class='ocrx_word' id='word_1_87' title='bbox 642 1219 828 1276; x_wconf 85' lang='lat' dir='ltr'>Roma</span> <span class='ocrx_word' id='word_1_88' title='bbox 873 1223 1176 1293; x_wconf 87' lang='lat' dir='ltr'>solvimus,</span> <span class='ocrx_word' id='word_1_89' title='bbox 1228 1228 1429 1300; x_wconf 87' lang='lat' dir='ltr'>sicque</span> <span class='ocrx_word' id='word_1_90' title='bbox 1478 1232 1537 1285; x_wconf 92' lang='lat' dir='ltr'>in</span> <span class='ocrx_word' id='word_1_91' title='bbox 1584 1230 1690 1287; x_wconf 78' lang='lat' dir='ltr'>has</span> <span class='ocrx_word' id='word_1_92' title='bbox 1744 1232 1921 1306; x_wconf 72' lang='lat' dir='ltr'>Syriaa</span> 
     </span>
    </p>
   </div>
   <div class='ocr_carea' id='block_1_15' title="bbox 268 1307 1920 1386">
    <p class='ocr_par' dir='ltr' id='par_1_15' title="bbox 268 1307 1920 1386">
     <span class='ocr_line' id='line_1_15' title="bbox 268 1307 1920 1386; baseline 0.012 -28"><span class='ocrx_word' id='word_1_93' title='bbox 268 1309 463 1376; x_wconf 88' lang='lat' dir='ltr'>partes</span> <span class='ocrx_word' id='word_1_94' title='bbox 495 1307 837 1366; x_wconf 89' lang='lat' dir='ltr'>devenimus</span> <span class='ocrx_word' id='word_1_95' title='bbox 866 1317 923 1367; x_wconf 88' lang='lat' dir='ltr'>et</span> <span class='ocrx_word' id='word_1_96' title='bbox 952 1314 1294 1386; x_wconf 90' lang='lat' dir='ltr'>appulimus</span> <span class='ocrx_word' id='word_1_97' title='bbox 1323 1319 1394 1373; x_wconf 89' lang='lat' dir='ltr'>ad</span> <span class='ocrx_word' id='word_1_98' title='bbox 1426 1318 1775 1378; x_wconf 86' lang='lat' dir='ltr'>Seleuciam.</span> <span class='ocrx_word' id='word_1_99' title='bbox 1820 1327 1920 1378; x_wconf 88' lang='lat' dir='ltr'>At-</span> 
     </span>
    </p>
   </div>
   <div class='ocr_carea' id='block_1_16' title="bbox 269 1393 1923 1482">
    <p class='ocr_par' dir='ltr' id='par_1_16' title="bbox 269 1393 1923 1482">
     <span class='ocr_line' id='line_1_16' title="bbox 269 1393 1923 1482; baseline 0.013 -36"><span class='ocrx_word' id='word_1_100' title='bbox 269 1409 384 1464; x_wconf 89' lang='lat' dir='ltr'>que</span> <span class='ocrx_word' id='word_1_101' title='bbox 413 1393 493 1449; x_wconf 89' lang='lat' dir='ltr'>ita</span> <span class='ocrx_word' id='word_1_102' title='bbox 523 1412 552 1450; x_wconf 91' lang='lat' dir='ltr'>e</span> <span class='ocrx_word' id='word_1_103' title='bbox 581 1399 711 1452; x_wconf 89' lang='lat' dir='ltr'>navi</span> <span class='ocrx_word' id='word_1_104' title='bbox 738 1402 989 1472; x_wconf 86' lang='lat' dir='ltr'>egressis</span> <span class='ocrx_word' id='word_1_105' title='bbox 1023 1404 1213 1475; x_wconf 89' lang='lat' dir='ltr'>nobis,</span> <span class='ocrx_word' id='word_1_106' title='bbox 1246 1405 1341 1462; x_wconf 89' lang='lat' dir='ltr'>ille</span> <span class='ocrx_word' id='word_1_107' title='bbox 1375 1424 1484 1463; x_wconf 91' lang='lat' dir='ltr'>non</span> <span class='ocrx_word' id='word_1_108' title='bbox 1530 1408 1748 1466; x_wconf 89' lang='lat' dir='ltr'>multos</span> <span class='ocrx_word' id='word_1_109' title='bbox 1792 1416 1923 1482; x_wconf 91' lang='lat' dir='ltr'>post</span> 
     </span>
    </p>
   </div>
   <div class='ocr_carea' id='block_1_17' title="bbox 272 1481 1918 1571">
    <p class='ocr_par' dir='ltr' id='par_1_17' title="bbox 272 1481 1918 1571">
     <span class='ocr_line' id='line_1_17' title="bbox 272 1481 1918 1571; baseline 0.012 -36"><span class='ocrx_word' id='word_1_110' title='bbox 272 1481 396 1537; x_wconf 91' lang='lat' dir='ltr'>dies</span> <span class='ocrx_word' id='word_1_111' title='bbox 431 1500 542 1555; x_wconf 68' lang='lat' dir='ltr'>pra:</span> <span class='ocrx_word' id='word_1_112' title='bbox 565 1487 745 1542; x_wconf 90' lang='lat' dir='ltr'>animi</span> <span class='ocrx_word' id='word_1_113' title='bbox 769 1489 965 1545; x_wconf 84' lang='lat' dir='ltr'>dolore</span> <span class='ocrx_word' id='word_1_114' title='bbox 990 1492 1151 1564; x_wconf 89' lang='lat' dir='ltr'>obiit,</span> <span class='ocrx_word' id='word_1_115' title='bbox 1170 1509 1273 1566; x_wconf 86' lang='lat' dir='ltr'>ego</span> <span class='ocrx_word' id='word_1_116' title='bbox 1297 1500 1493 1552; x_wconf 89' lang='lat' dir='ltr'>autem</span> <span class='ocrx_word' id='word_1_117' title='bbox 1521 1497 1630 1552; x_wconf 89' lang='lat' dir='ltr'>huc</span> <span class='ocrx_word' id='word_1_118' title='bbox 1662 1481 1918 1571; x_wconf 82' lang='lat' dir='ltr'>veniens,</span> 
     </span>
    </p>
   </div>
   <div class='ocr_carea' id='block_1_18' title="bbox 272 1571 1919 1658">
    <p class='ocr_par' dir='ltr' id='par_1_18' title="bbox 272 1571 1919 1658">
     <span class='ocr_line' id='line_1_18' title="bbox 272 1571 1919 1658; baseline 0.012 -33"><span class='ocrx_word' id='word_1_119' title='bbox 272 1571 487 1628; x_wconf 90' lang='lat' dir='ltr'>victum</span> <span class='ocrx_word' id='word_1_120' title='bbox 520 1574 591 1629; x_wconf 89' lang='lat' dir='ltr'>ab</span> <span class='ocrx_word' id='word_1_121' title='bbox 622 1592 686 1631; x_wconf 91' lang='lat' dir='ltr'>eo</span> <span class='ocrx_word' id='word_1_122' title='bbox 719 1580 978 1650; x_wconf 89' lang='lat' dir='ltr'>tempore</span> <span class='ocrx_word' id='word_1_123' title='bbox 1009 1582 1081 1637; x_wconf 88' lang='lat' dir='ltr'>ad</span> <span class='ocrx_word' id='word_1_124' title='bbox 1116 1581 1273 1639; x_wconf 91' lang='lat' dir='ltr'>hunc</span> <span class='ocrx_word' id='word_1_125' title='bbox 1303 1602 1490 1658; x_wconf 89' lang='lat' dir='ltr'>usque</span> <span class='ocrx_word' id='word_1_126' title='bbox 1523 1587 1676 1643; x_wconf 91' lang='lat' dir='ltr'>diem</span> <span class='ocrx_word' id='word_1_127' title='bbox 1726 1588 1919 1644; x_wconf 87' lang='lat' dir='ltr'>mani-</span> 
     </span>
    </p>
   </div>
   <div class='ocr_carea' id='block_1_19' title="bbox 268 1659 706 1735">
    <p class='ocr_par' dir='ltr' id='par_1_19' title="bbox 268 1659 706 1735">
     <span class='ocr_line' id='line_1_19' title="bbox 268 1659 706 1735; baseline 0.014 -21"><span class='ocrx_word' id='word_1_128' title='bbox 268 1659 383 1716; x_wconf 91' lang='lat' dir='ltr'>bus</span> <span class='ocrx_word' id='word_1_129' title='bbox 413 1678 706 1735; x_wconf 89' lang='lat' dir='ltr'>comparo.</span> 
     </span>
    </p>
   </div>
   <div class='ocr_carea' id='block_1_20' title="bbox 339 1838 1914 1928">
    <p class='ocr_par' dir='ltr' id='par_1_20' title="bbox 339 1838 1914 1928">
     <span class='ocr_line' id='line_1_20' title="bbox 339 1838 1914 1928; baseline 0.014 -36"><span class='ocrx_word' id='word_1_130' title='bbox 339 1838 481 1896; x_wconf 88' lang='lat' dir='ltr'>ViII.</span> <span class='ocrx_word' id='word_1_131' title='bbox 517 1842 617 1898; x_wconf 86' lang='lat' dir='ltr'>His</span> <span class='ocrx_word' id='word_1_132' title='bbox 649 1862 683 1899; x_wconf 90' lang='lat' dir='ltr'>a</span> <span class='ocrx_word' id='word_1_133' title='bbox 712 1862 848 1903; x_wconf 91' lang='lat' dir='ltr'>sene</span> <span class='ocrx_word' id='word_1_134' title='bbox 882 1848 1058 1905; x_wconf 91' lang='lat' dir='ltr'>dictis</span> <span class='ocrx_word' id='word_1_135' title='bbox 1080 1850 1336 1908; x_wconf 86' lang='lat' dir='ltr'>intellexi</span> <span class='ocrx_word' id='word_1_136' title='bbox 1367 1871 1435 1910; x_wconf 85' lang='lat' dir='ltr'>ex</span> <span class='ocrx_word' id='word_1_137' title='bbox 1464 1855 1726 1913; x_wconf 88' lang='lat' dir='ltr'>oratiane</span> <span class='ocrx_word' id='word_1_138' title='bbox 1763 1858 1914 1928; x_wconf 89' lang='lat' dir='ltr'>ejus,</span> 
     </span>
    </p>
   </div>
   <div class='ocr_carea' id='block_1_21' title="bbox 269 1935 1917 2018">
    <p class='ocr_par' dir='ltr' id='par_1_21' title="bbox 269 1935 1917 2018">
     <span class='ocr_line' id='line_1_21' title="bbox 269 1935 1917 2018; baseline 0.014 -38"><span class='ocrx_word' id='word_1_139' title='bbox 269 1942 491 1999; x_wconf 90' lang='lat' dir='ltr'>senem,</span> <span class='ocrx_word' id='word_1_140' title='bbox 526 1947 698 2001; x_wconf 88' lang='lat' dir='ltr'>quem</span> <span class='ocrx_word' id='word_1_141' title='bbox 731 1935 948 1992; x_wconf 92' lang='lat' dir='ltr'>obiisse</span> <span class='ocrx_word' id='word_1_142' title='bbox 968 1938 1209 2007; x_wconf 87' lang='lat' dir='ltr'>dixerat,</span> <span class='ocrx_word' id='word_1_143' title='bbox 1242 1942 1407 1998; x_wconf 91' lang='lat' dir='ltr'>illum</span> <span class='ocrx_word' id='word_1_144' title='bbox 1442 1943 1637 2016; x_wconf 90' lang='lat' dir='ltr'>ipsum</span> <span class='ocrx_word' id='word_1_145' title='bbox 1670 1962 1797 2001; x_wconf 89' lang='lat' dir='ltr'>esse</span> <span class='ocrx_word' id='word_1_146' title='bbox 1821 1963 1917 2018; x_wconf 88' lang='lat' dir='ltr'>pa-</span> 
     </span>
    </p>
   </div>
   <div class='ocr_carea' id='block_1_22' title="bbox 270 2019 1912 2100">
    <p class='ocr_par' dir='ltr' id='par_1_22' title="bbox 270 2019 1912 2100">
     <span class='ocr_line' id='line_1_22' title="bbox 270 2019 1912 2100; baseline 0.014 -31"><span class='ocrx_word' id='word_1_147' title='bbox 270 2019 421 2072; x_wconf 87' lang='lat' dir='ltr'>trem</span> <span class='ocrx_word' id='word_1_148' title='bbox 454 2025 731 2077; x_wconf 89' lang='lat' dir='ltr'>vestrum.</span> <span class='ocrx_word' id='word_1_149' title='bbox 763 2023 932 2080; x_wconf 90' lang='lat' dir='ltr'>Nolui</span> <span class='ocrx_word' id='word_1_150' title='bbox 980 2043 1115 2100; x_wconf 87' lang='lat' dir='ltr'>ergo</span> <span class='ocrx_word' id='word_1_151' title='bbox 1166 2030 1237 2085; x_wconf 91' lang='lat' dir='ltr'>de</span> <span class='ocrx_word' id='word_1_152' title='bbox 1294 2032 1501 2088; x_wconf 84' lang='lat' dir='ltr'>vestris</span> <span class='ocrx_word' id='word_1_153' title='bbox 1547 2034 1721 2089; x_wconf 86' lang='lat' dir='ltr'>rebus</span> <span class='ocrx_word' id='word_1_154' title='bbox 1778 2051 1912 2091; x_wconf 90' lang='lat' dir='ltr'>cum</span> 
     </span>
    </p>
   </div>
   <div class='ocr_carea' id='block_1_23' title="bbox 269 2113 1915 2193">
    <p class='ocr_par' dir='ltr' id='par_1_23' title="bbox 269 2113 1915 2193">
     <span class='ocr_line' id='line_1_23' title="bbox 269 2113 1915 2193; baseline 0.013 -35"><span class='ocrx_word' id='word_1_155' title='bbox 269 2119 335 2158; x_wconf 90' lang='lat' dir='ltr'>eo</span> <span class='ocrx_word' id='word_1_156' title='bbox 367 2121 693 2164; x_wconf 87' lang='lat' dir='ltr'>sermonem</span> <span class='ocrx_word' id='word_1_157' title='bbox 718 2113 998 2181; x_wconf 82' lang='lat' dir='ltr'>conferre,</span> <span class='ocrx_word' id='word_1_158' title='bbox 1033 2116 1214 2173; x_wconf 89' lang='lat' dir='ltr'>donec</span> <span class='ocrx_word' id='word_1_159' title='bbox 1242 2122 1772 2193; x_wconf 70' lang='lat' dir='ltr'>communicassem</span> <span class='ocrx_word' id='word_1_160' title='bbox 1823 2140 1915 2179; x_wconf 86' lang='lat' dir='ltr'>vo-</span> 
     </span>
    </p>
   </div>
   <div class='ocr_carea' id='block_1_24' title="bbox 268 2191 1910 2282">
    <p class='ocr_par' dir='ltr' id='par_1_24' title="bbox 268 2191 1910 2282">
     <span class='ocr_line' id='line_1_24' title="bbox 268 2191 1910 2282; baseline 0.013 -35"><span class='ocrx_word' id='word_1_161' title='bbox 268 2191 517 2251; x_wconf 90' lang='lat' dir='ltr'>biscum.</span> <span class='ocrx_word' id='word_1_162' title='bbox 551 2198 674 2252; x_wconf 90' lang='lat' dir='ltr'>Nisi</span> <span class='ocrx_word' id='word_1_163' title='bbox 706 2203 862 2271; x_wconf 91' lang='lat' dir='ltr'>quod</span> <span class='ocrx_word' id='word_1_164' title='bbox 897 2205 993 2260; x_wconf 89' lang='lat' dir='ltr'>ubi</span> <span class='ocrx_word' id='word_1_165' title='bbox 1024 2205 1342 2280; x_wconf 89' lang='lat' dir='ltr'>hospitium</span> <span class='ocrx_word' id='word_1_166' title='bbox 1376 2191 1525 2282; x_wconf 83' lang='lat' dir='ltr'>ejus</span> <span class='ocrx_word' id='word_1_167' title='bbox 1550 2212 1910 2281; x_wconf 87' lang='lat' dir='ltr'>didicissem,</span> 
     </span>
    </p>
   </div>
   <div class='ocr_carea' id='block_1_25' title="bbox 222 2280 1913 2368">
    <p class='ocr_par' dir='ltr' id='par_1_25' title="bbox 222 2280 1913 2368">
     <span class='ocr_line' id='line_1_25' title="bbox 222 2280 1913 2368; baseline 0.014 -33"><span class='ocrx_word' id='word_1_168' title='bbox 222 2280 223 2283; x_wconf 60' lang='grc'><em>“</em></span> <span class='ocrx_word' id='word_1_169' title='bbox 270 2298 584 2357; x_wconf 91' lang='lat' dir='ltr'>meumque</span> <span class='ocrx_word' id='word_1_170' title='bbox 614 2286 987 2359; x_wconf 84' lang='lat' dir='ltr'>iudicassem,</span> <span class='ocrx_word' id='word_1_171' title='bbox 1021 2295 1354 2367; x_wconf 84' lang='lat' dir='ltr'>explorandi</span> <span class='ocrx_word' id='word_1_172' title='bbox 1386 2280 1581 2368; x_wconf 82' lang='lat' dir='ltr'>causa,</span> <span class='ocrx_word' id='word_1_173' title='bbox 1615 2299 1724 2356; x_wconf 92' lang='lat' dir='ltr'>hoc</span> <span class='ocrx_word' id='word_1_174' title='bbox 1778 2306 1913 2357; x_wconf 84' lang='lat' dir='ltr'>tan-</span> 
     </span>
    </p>
   </div>
   <div class='ocr_carea' id='block_1_26' title="bbox 266 2375 1911 2454">
    <p class='ocr_par' dir='ltr' id='par_1_26' title="bbox 266 2375 1911 2454">
     <span class='ocr_line' id='line_1_26' title="bbox 266 2375 1911 2454; baseline 0.012 -28"><span class='ocrx_word' id='word_1_175' title='bbox 266 2375 392 2428; x_wconf 88' lang='lat' dir='ltr'>tum</span> <span class='ocrx_word' id='word_1_176' title='bbox 425 2382 804 2445; x_wconf 84' lang='lat' dir='ltr'>percontatus</span> <span class='ocrx_word' id='word_1_177' title='bbox 835 2397 988 2450; x_wconf 90' lang='lat' dir='ltr'>sum,</span> <span class='ocrx_word' id='word_1_178' title='bbox 1022 2386 1176 2454; x_wconf 91' lang='lat' dir='ltr'>quod</span> <span class='ocrx_word' id='word_1_179' title='bbox 1208 2393 1361 2443; x_wconf 87' lang='lat' dir='ltr'>esset</span> <span class='ocrx_word' id='word_1_180' title='bbox 1382 2388 1505 2444; x_wconf 88' lang='lat' dir='ltr'>seni</span> <span class='ocrx_word' id='word_1_181' title='bbox 1532 2406 1741 2445; x_wconf 88' lang='lat' dir='ltr'>nomen</span> <span class='ocrx_word' id='word_1_182' title='bbox 1762 2390 1789 2445; x_wconf 86' lang='lat'><strong>?</strong></span> <span class='ocrx_word' id='word_1_183' title='bbox 1814 2389 1911 2446; x_wconf 93' lang='lat' dir='ltr'>ille</span> 
     </span>
    </p>
   </div>
   <div class='ocr_carea' id='block_1_27' title="bbox 265 2464 1909 2549">
    <p class='ocr_par' dir='ltr' id='par_1_27' title="bbox 265 2464 1909 2549">
     <span class='ocr_line' id='line_1_27' title="bbox 265 2464 1909 2549; baseline 0.012 -34"><span class='ocrx_word' id='word_1_184' title='bbox 265 2466 480 2532; x_wconf 88' lang='lat' dir='ltr'>autem,</span> <span class='ocrx_word' id='word_1_185' title='bbox 516 2464 786 2533; x_wconf 87' lang='lat' dir='ltr'>Faustus,</span> <span class='ocrx_word' id='word_1_186' title='bbox 821 2469 1046 2542; x_wconf 88' lang='lat' dir='ltr'>inquit;</span> <span class='ocrx_word' id='word_1_187' title='bbox 1082 2473 1220 2529; x_wconf 86' lang='lat' dir='ltr'>item</span> <span class='ocrx_word' id='word_1_188' title='bbox 1245 2477 1399 2547; x_wconf 92' lang='lat' dir='ltr'>quod</span> <span class='ocrx_word' id='word_1_189' title='bbox 1425 2494 1637 2533; x_wconf 91' lang='lat' dir='ltr'>nomen</span> <span class='ocrx_word' id='word_1_190' title='bbox 1660 2478 1909 2549; x_wconf 85' lang='lat' dir='ltr'>geminis</span> 
     </span>
    </p>
   </div>
   <div class='ocr_carea' id='block_1_28' title="bbox 266 2549 1908 2630">
    <p class='ocr_par' dir='ltr' id='par_1_28' title="bbox 266 2549 1908 2630">
     <span class='ocr_line' id='line_1_28' title="bbox 266 2549 1908 2630; baseline 0.013 -27"><span class='ocrx_word' id='word_1_191' title='bbox 266 2549 453 2607; x_wconf 82' lang='lat' dir='ltr'>ﬁliis?</span> <span class='ocrx_word' id='word_1_192' title='bbox 482 2552 577 2609; x_wconf 89' lang='lat' dir='ltr'>ille</span> <span class='ocrx_word' id='word_1_193' title='bbox 608 2572 738 2612; x_wconf 91' lang='lat' dir='ltr'>vero</span> <span class='ocrx_word' id='word_1_194' title='bbox 769 2561 1089 2630; x_wconf 90' lang='lat' dir='ltr'>respondit,</span> <span class='ocrx_word' id='word_1_195' title='bbox 1125 2564 1439 2620; x_wconf 89' lang='lat' dir='ltr'>Faustinus</span> <span class='ocrx_word' id='word_1_196' title='bbox 1470 2572 1530 2622; x_wconf 89' lang='lat' dir='ltr'>et</span> <span class='ocrx_word' id='word_1_197' title='bbox 1580 2567 1908 2623; x_wconf 84' lang='lat' dir='ltr'>Faustinia-</span> 
     </span>
    </p>
   </div>
   <div class='ocr_carea' id='block_1_29' title="bbox 262 2644 1906 2722">
    <p class='ocr_par' dir='ltr' id='par_1_29' title="bbox 262 2644 1906 2722">
     <span class='ocr_line' id='line_1_29' title="bbox 262 2644 1906 2722; baseline 0.013 -30"><span class='ocrx_word' id='word_1_198' title='bbox 262 2654 413 2708; x_wconf 88' lang='lat' dir='ltr'>nus;</span> <span class='ocrx_word' id='word_1_199' title='bbox 446 2646 504 2696; x_wconf 93' lang='lat' dir='ltr'>et</span> <span class='ocrx_word' id='word_1_200' title='bbox 533 2644 830 2714; x_wconf 86' lang='lat' dir='ltr'>quodnam</span> <span class='ocrx_word' id='word_1_201' title='bbox 881 2650 1051 2706; x_wconf 90' lang='lat' dir='ltr'>tertio</span> <span class='ocrx_word' id='word_1_202' title='bbox 1102 2651 1265 2708; x_wconf 80' lang='lat' dir='ltr'>lilio?</span> <span class='ocrx_word' id='word_1_203' title='bbox 1310 2658 1382 2708; x_wconf 88' lang='lat' dir='ltr'>At</span> <span class='ocrx_word' id='word_1_204' title='bbox 1429 2654 1526 2711; x_wconf 91' lang='lat' dir='ltr'>ille</span> <span class='ocrx_word' id='word_1_205' title='bbox 1566 2656 1732 2722; x_wconf 87' lang='lat' dir='ltr'>dixit,</span> <span class='ocrx_word' id='word_1_206' title='bbox 1783 2657 1906 2713; x_wconf 89' lang='lat' dir='ltr'>Cle-</span> 
     </span>
    </p>
   </div>
   <div class='ocr_carea' id='block_1_30' title="bbox 263 2731 1905 2807">
    <p class='ocr_par' dir='ltr' id='par_1_30' title="bbox 263 2731 1905 2807">
     <span class='ocr_line' id='line_1_30' title="bbox 263 2731 1905 2807; baseline 0.013 -26"><span class='ocrx_word' id='word_1_207' title='bbox 263 2742 468 2796; x_wconf 79' lang='lat' dir='ltr'>mens;</span> <span class='ocrx_word' id='word_1_208' title='bbox 500 2731 750 2804; x_wconf 90' lang='lat' dir='ltr'>denique</span> <span class='ocrx_word' id='word_1_209' title='bbox 782 2752 897 2807; x_wconf 91' lang='lat' dir='ltr'>quo</span> <span class='ocrx_word' id='word_1_210' title='bbox 928 2740 1164 2796; x_wconf 91' lang='lat' dir='ltr'>nomine</span> <span class='ocrx_word' id='word_1_211' title='bbox 1194 2750 1493 2799; x_wconf 87' lang='lat' dir='ltr'>vocaretur</span> <span class='ocrx_word' id='word_1_212' title='bbox 1540 2761 1739 2801; x_wconf 89' lang='lat' dir='ltr'>eorum</span> <span class='ocrx_word' id='word_1_213' title='bbox 1789 2762 1905 2801; x_wconf 87' lang='lat' dir='ltr'>ma-</span> 
     </span>
    </p>
   </div>
   <div class='ocr_carea' id='block_1_31' title="bbox 262 2816 1905 2902">
    <p class='ocr_par' dir='ltr' id='par_1_31' title="bbox 262 2816 1905 2902">
     <span class='ocr_line' id='line_1_31' title="bbox 262 2816 1905 2902; baseline 0.012 -32"><span class='ocrx_word' id='word_1_214' title='bbox 262 2816 397 2871; x_wconf 84' lang='lat' dir='ltr'>ter?</span> <span class='ocrx_word' id='word_1_215' title='bbox 424 2823 482 2874; x_wconf 89' lang='lat' dir='ltr'>et</span> <span class='ocrx_word' id='word_1_216' title='bbox 513 2821 616 2889; x_wconf 90' lang='lat' dir='ltr'>ait,</span> <span class='ocrx_word' id='word_1_217' title='bbox 648 2825 930 2881; x_wconf 85' lang='lat' dir='ltr'>Mattidia.</span> <span class='ocrx_word' id='word_1_218' title='bbox 965 2828 1081 2899; x_wconf 88' lang='lat' dir='ltr'>Ego</span> <span class='ocrx_word' id='word_1_219' title='bbox 1112 2830 1293 2902; x_wconf 90' lang='lat' dir='ltr'>igitur</span> <span class='ocrx_word' id='word_1_220' title='bbox 1315 2848 1381 2887; x_wconf 82' lang='lat' dir='ltr'>ex</span> <span class='ocrx_word' id='word_1_221' title='bbox 1400 2834 1771 2890; x_wconf 74' lang='lat' dir='ltr'>miseratione</span> <span class='ocrx_word' id='word_1_222' title='bbox 1792 2834 1905 2891; x_wconf 88' lang='lat' dir='ltr'>col-</span> 
     </span>
    </p>
   </div>
   <div class='ocr_carea' id='block_1_32' title="bbox 261 2903 1901 2995">
    <p class='ocr_par' dir='ltr' id='par_1_32' title="bbox 261 2903 1901 2995">
     <span class='ocr_line' id='line_1_32' title="bbox 261 2903 1901 2995; baseline 0.01 -35"><span class='ocrx_word' id='word_1_223' title='bbox 261 2903 616 2979; x_wconf 73' lang='lat' dir='ltr'>lacrymans,</span> <span class='ocrx_word' id='word_1_224' title='bbox 645 2911 894 2969; x_wconf 83' lang='lat' dir='ltr'>dimissa</span> <span class='ocrx_word' id='word_1_225' title='bbox 924 2918 1116 2982; x_wconf 88' lang='lat' dir='ltr'>turba,</span> <span class='ocrx_word' id='word_1_226' title='bbox 1151 2919 1278 2974; x_wconf 84' lang='lat' dir='ltr'>veni</span> <span class='ocrx_word' id='word_1_227' title='bbox 1308 2922 1377 2975; x_wconf 81' lang='lat' dir='ltr'>ad</span> <span class='ocrx_word' id='word_1_228' title='bbox 1403 2939 1525 2990; x_wconf 92' lang='lat' dir='ltr'>vos,</span> <span class='ocrx_word' id='word_1_229' title='bbox 1552 2927 1613 2977; x_wconf 91' lang='lat' dir='ltr'>ut</span> <span class='ocrx_word' id='word_1_230' title='bbox 1636 2929 1768 2995; x_wconf 80' lang='lat' dir='ltr'>post</span> <span class='ocrx_word' id='word_1_231' title='bbox 1790 2923 1901 2980; x_wconf 90' lang='lat' dir='ltr'>cibi</span> 
     </span>
    </p>
   </div>
   <div class='ocr_carea' id='block_1_33' title="bbox 259 3003 1901 3074">
    <p class='ocr_par' dir='ltr' id='par_1_33' title="bbox 259 3003 1901 3074">
     <span class='ocr_line' id='line_1_33' title="bbox 259 3003 1901 3074; baseline 0.012 -25"><span class='ocrx_word' id='word_1_232' title='bbox 259 3010 630 3053; x_wconf 90' lang='lat' dir='ltr'>communem</span> <span class='ocrx_word' id='word_1_233' title='bbox 650 3003 1088 3074; x_wconf 82' lang='lat' dir='ltr'>perceptionem</span> <span class='ocrx_word' id='word_1_234' title='bbox 1121 3007 1241 3064; x_wconf 67' lang='lat' dir='ltr'>haec</span> <span class='ocrx_word' id='word_1_235' title='bbox 1284 3010 1583 3065; x_wconf 87' lang='lat' dir='ltr'>vobiscum</span> <span class='ocrx_word' id='word_1_236' title='bbox 1639 3028 1901 3067; x_wconf 89' lang='lat' dir='ltr'>commu-</span> 
     </span>
    </p>
   </div>
   <div class='ocr_carea' id='block_1_34' title="bbox 257 3083 1897 3169">
    <p class='ocr_par' dir='ltr' id='par_1_34' title="bbox 257 3083 1897 3169">
     <span class='ocr_line' id='line_1_34' title="bbox 257 3083 1897 3169; baseline 0.01 -30"><span class='ocrx_word' id='word_1_237' title='bbox 257 3083 533 3141; x_wconf 90' lang='lat' dir='ltr'>nicarem.</span> <span class='ocrx_word' id='word_1_238' title='bbox 556 3088 732 3145; x_wconf 91' lang='lat' dir='ltr'>Porro</span> <span class='ocrx_word' id='word_1_239' title='bbox 751 3097 884 3147; x_wconf 89' lang='lat' dir='ltr'>ante</span> <span class='ocrx_word' id='word_1_240' title='bbox 909 3094 1104 3150; x_wconf 89' lang='lat' dir='ltr'>cibum</span> <span class='ocrx_word' id='word_1_241' title='bbox 1129 3104 1431 3169; x_wconf 92' lang='lat' dir='ltr'>sumptum</span> <span class='ocrx_word' id='word_1_242' title='bbox 1459 3099 1614 3155; x_wconf 90' lang='lat' dir='ltr'>nolui</span> <span class='ocrx_word' id='word_1_243' title='bbox 1643 3118 1897 3167; x_wconf 86' lang='lat' dir='ltr'>narrare,</span> 
     </span>
    </p>
   </div>
   <div class='ocr_carea' id='block_1_35' title="bbox 2043 517 3700 599">
    <p class='ocr_par' dir='ltr' id='par_1_35' title="bbox 2043 517 3700 599">
     <span class='ocr_line' id='line_1_35' title="bbox 2043 517 3700 599; baseline 0.004 -25"><span class='ocrx_word' id='word_1_244' title='bbox 2043 522 2159 575; x_wconf 88' lang='grc' dir='ltr'>κατ’</span> <span class='ocrx_word' id='word_1_245' title='bbox 2201 517 2329 597; x_wconf 77' lang='grc' dir='ltr'>ὄναρ</span> <span class='ocrx_word' id='word_1_246' title='bbox 2388 529 2619 578; x_wconf 81' lang='grc' dir='ltr'>συνεῖναι</span> <span class='ocrx_word' id='word_1_247' title='bbox 2670 523 2827 578; x_wconf 76' lang='grc' dir='ltr'>αὐτὸν</span> <span class='ocrx_word' id='word_1_248' title='bbox 2878 522 3024 596; x_wconf 77' lang='grc' dir='ltr'>αὐτῷ</span> <span class='ocrx_word' id='word_1_249' title='bbox 3082 523 3493 599; x_wconf 76' lang='grc' dir='ltr'>ἒπιτρέψαντος.</span> <span class='ocrx_word' id='word_1_250' title='bbox 3547 525 3700 581; x_wconf 82' lang='grc' dir='ltr'>Πολ-</span> 
     </span>
    </p>
   </div>
   <div class='ocr_carea' id='block_1_36' title="bbox 2043 606 3699 688">
    <p class='ocr_par' dir='ltr' id='par_1_36' title="bbox 2043 606 3699 688">
     <span class='ocr_line' id='line_1_36' title="bbox 2043 606 3699 688; baseline 0.002 -25"><span class='ocrx_word' id='word_1_251' title='bbox 2043 606 2144 664; x_wconf 95' lang='grc' dir='ltr'>λοῦ</span> <span class='ocrx_word' id='word_1_252' title='bbox 2176 607 2233 665; x_wconf 80' lang='grc' dir='ltr'>δὲ</span> <span class='ocrx_word' id='word_1_253' title='bbox 2263 611 2467 687; x_wconf 79' lang='grc' dir='ltr'>χρόνου</span> <span class='ocrx_word' id='word_1_254' title='bbox 2516 611 2822 675; x_wconf 82' lang='grc' dir='ltr'>διελθόντος</span> <span class='ocrx_word' id='word_1_255' title='bbox 2871 612 2971 668; x_wconf 80' lang='grc' dir='ltr'>οὐκ</span> <span class='ocrx_word' id='word_1_256' title='bbox 3016 608 3179 669; x_wconf 78' lang='grc' dir='ltr'>ἔλαϐε</span> <span class='ocrx_word' id='word_1_257' title='bbox 3223 614 3519 688; x_wconf 84' lang='grc' dir='ltr'>γράμματα</span> <span class='ocrx_word' id='word_1_258' title='bbox 3566 615 3699 688; x_wconf 82' lang='grc' dir='ltr'>παρ’</span> 
     </span>
    </p>
   </div>
   <div class='ocr_carea' id='block_1_37' title="bbox 2040 698 3686 775">
    <p class='ocr_par' dir='ltr' id='par_1_37' title="bbox 2040 698 3686 775">
     <span class='ocr_line' id='line_1_37' title="bbox 2040 698 3686 775; baseline 0.002 -22"><span class='ocrx_word' id='word_1_259' title='bbox 2040 698 2229 768; x_wconf 79' lang='grc' dir='ltr'>αὐτῆς.</span> <span class='ocrx_word' id='word_1_260' title='bbox 2260 700 2431 763; x_wconf 81' lang='grc' dir='ltr'>Αὐτὸς</span> <span class='ocrx_word' id='word_1_261' title='bbox 2459 700 2730 763; x_wconf 77' lang='grc' dir='ltr'>πολλάκις</span> <span class='ocrx_word' id='word_1_262' title='bbox 2777 703 2998 775; x_wconf 79' lang='grc' dir='ltr'>πέμψας</span> <span class='ocrx_word' id='word_1_263' title='bbox 3047 701 3121 763; x_wconf 76' lang='grc' dir='ltr'>εἰς</span> <span class='ocrx_word' id='word_1_264' title='bbox 3153 704 3408 772; x_wconf 84' lang='grc' dir='ltr'>Ἀθήνας,</span> <span class='ocrx_word' id='word_1_265' title='bbox 3442 700 3538 774; x_wconf 77' lang='grc' dir='ltr'>ἐμὲ</span> <span class='ocrx_word' id='word_1_266' title='bbox 3584 723 3686 757; x_wconf 87' lang='grc' dir='ltr'>πα-</span> 
     </span>
    </p>
   </div>
   <div class='ocr_carea' id='block_1_38' title="bbox 2041 784 3686 866">
    <p class='ocr_par' dir='ltr' id='par_1_38' title="bbox 2041 784 3686 866">
     <span class='ocr_line' id='line_1_38' title="bbox 2041 784 3686 866; baseline 0.003 -25"><span class='ocrx_word' id='word_1_267' title='bbox 2041 784 2298 864; x_wconf 81' lang='grc' dir='ltr'>ραλαϐὼν</span> <span class='ocrx_word' id='word_1_268' title='bbox 2360 789 2436 852; x_wconf 86' lang='grc' dir='ltr'>ὡς</span> <span class='ocrx_word' id='word_1_269' title='bbox 2493 790 2703 845; x_wconf 87' lang='grc' dir='ltr'>πάντων</span> <span class='ocrx_word' id='word_1_270' title='bbox 2767 790 2913 861; x_wconf 79' lang='grc' dir='ltr'>αὐτῷ</span> <span class='ocrx_word' id='word_1_271' title='bbox 2976 791 3339 866; x_wconf 82' lang='grc' dir='ltr'>γνησιώτερον</span> <span class='ocrx_word' id='word_1_272' title='bbox 3410 786 3553 861; x_wconf 80' lang='grc' dir='ltr'>ὄντα,</span> <span class='ocrx_word' id='word_1_273' title='bbox 3602 790 3686 846; x_wconf 82' lang='grc' dir='ltr'>ἐπὶ</span> 
     </span>
    </p>
   </div>
   <div class='ocr_carea' id='block_1_39' title="bbox 2034 876 3689 954">
    <p class='ocr_par' dir='ltr' id='par_1_39' title="bbox 2034 876 3689 954">
     <span class='ocr_line' id='line_1_39' title="bbox 2034 876 3689 954; baseline 0.002 -23"><span class='ocrx_word' id='word_1_274' title='bbox 2034 877 2133 945; x_wconf 73' lang='grc' dir='ltr'>τὴν</span> <span class='ocrx_word' id='word_1_275' title='bbox 2171 879 2395 947; x_wconf 85' lang='grc' dir='ltr'>ζήτησιν</span> <span class='ocrx_word' id='word_1_276' title='bbox 2430 878 2597 947; x_wconf 79' lang='grc' dir='ltr'>αὐτῆς</span> <span class='ocrx_word' id='word_1_277' title='bbox 2628 882 2671 915; x_wconf 77' lang='grc'>⁵⁵</span> <span class='ocrx_word' id='word_1_278' title='bbox 2704 878 2990 954; x_wconf 80' lang='grc' dir='ltr'>ἐπορεύθη.</span> <span class='ocrx_word' id='word_1_279' title='bbox 3023 877 3218 934; x_wconf 88' lang='grc' dir='ltr'>Πολλά</span> <span class='ocrx_word' id='word_1_280' title='bbox 3266 878 3360 951; x_wconf 74' lang='grc' dir='ltr'>μὲν</span> <span class='ocrx_word' id='word_1_281' title='bbox 3406 876 3496 932; x_wconf 84' lang='grc' dir='ltr'>οῦν</span> <span class='ocrx_word' id='word_1_282' title='bbox 3545 878 3689 953; x_wconf 79' lang='grc' dir='ltr'>αύτῷ</span> 
     </span>
    </p>
   </div>
   <div class='ocr_carea' id='block_1_40' title="bbox 2034 964 3689 1044">
    <p class='ocr_par' dir='ltr' id='par_1_40' title="bbox 2034 964 3689 1044">
     <span class='ocr_line' id='line_1_40' title="bbox 2034 964 3689 1044; baseline 0.002 -25"><span class='ocrx_word' id='word_1_283' title='bbox 2034 966 2124 1020; x_wconf 87' lang='grc' dir='ltr'>καὶ</span> <span class='ocrx_word' id='word_1_284' title='bbox 2175 968 2309 1021; x_wconf 75' lang='grc' dir='ltr'>κατὰ</span> <span class='ocrx_word' id='word_1_285' title='bbox 2359 968 2459 1035; x_wconf 77' lang='grc' dir='ltr'>τήν</span> <span class='ocrx_word' id='word_1_286' title='bbox 2518 964 2831 1040; x_wconf 79' lang='grc' dir='ltr'>ἀποδημίαν</span> <span class='ocrx_word' id='word_1_287' title='bbox 2892 967 3221 1040; x_wconf 86' lang='grc' dir='ltr'>συνέκαμνον</span> <span class='ocrx_word' id='word_1_288' title='bbox 3271 970 3314 1003; x_wconf 78' lang='grc'>⁸⁷</span> <span class='ocrx_word' id='word_1_289' title='bbox 3369 967 3689 1044; x_wconf 74' lang='grc' dir='ltr'>προθύμως,</span> 
     </span>
    </p>
   </div>
   <div class='ocr_carea' id='block_1_41' title="bbox 2040 1053 3688 1129">
    <p class='ocr_par' dir='ltr' id='par_1_41' title="bbox 2040 1053 3688 1129">
     <span class='ocr_line' id='line_1_41' title="bbox 2040 1053 3688 1129; baseline 0.001 -20"><span class='ocrx_word' id='word_1_290' title='bbox 2040 1056 2393 1129; x_wconf 79' lang='grc' dir='ltr'>μεμνημένος</span> <span class='ocrx_word' id='word_1_291' title='bbox 2423 1056 2507 1111; x_wconf 80' lang='grc' dir='ltr'>ὅτι</span> <span class='ocrx_word' id='word_1_292' title='bbox 2536 1064 2636 1125; x_wconf 76' lang='grc' dir='ltr'>τῆς</span> <span class='ocrx_word' id='word_1_293' title='bbox 2668 1055 2837 1112; x_wconf 80' lang='grc' dir='ltr'>πάλαι</span> <span class='ocrx_word' id='word_1_294' title='bbox 2881 1056 3043 1111; x_wconf 80' lang='grc' dir='ltr'>αὐτοῦ</span> <span class='ocrx_word' id='word_1_295' title='bbox 3067 1053 3413 1129; x_wconf 76' lang='grc' dir='ltr'>εὐδαιμονίας</span> <span class='ocrx_word' id='word_1_296' title='bbox 3432 1057 3688 1112; x_wconf 83' lang='grc' dir='ltr'>κοινωνόν</span> 
     </span>
    </p>
   </div>
   <div class='ocr_carea' id='block_1_42' title="bbox 2037 1143 3690 1223">
    <p class='ocr_par' dir='ltr' id='par_1_42' title="bbox 2037 1143 3690 1223">
     <span class='ocr_line' id='line_1_42' title="bbox 2037 1143 3690 1223; baseline 0 -24"><span class='ocrx_word' id='word_1_297' title='bbox 2037 1166 2103 1217; x_wconf 91' lang='grc' dir='ltr'>με</span> <span class='ocrx_word' id='word_1_298' title='bbox 2135 1146 2350 1200; x_wconf 80' lang='grc' dir='ltr'>πάντων</span> <span class='ocrx_word' id='word_1_299' title='bbox 2384 1145 2554 1221; x_wconf 75' lang='grc' dir='ltr'>εἶχεν,</span> <span class='ocrx_word' id='word_1_300' title='bbox 2588 1147 2720 1219; x_wconf 80' lang='grc' dir='ltr'>ὑπὲρ</span> <span class='ocrx_word' id='word_1_301' title='bbox 2768 1146 2970 1207; x_wconf 80' lang='grc' dir='ltr'>πάντας</span> <span class='ocrx_word' id='word_1_302' title='bbox 3002 1143 3165 1200; x_wconf 80' lang='grc' dir='ltr'>αῦτοῦ</span> <span class='ocrx_word' id='word_1_303' title='bbox 3200 1166 3266 1218; x_wconf 88' lang='grc' dir='ltr'>με</span> <span class='ocrx_word' id='word_1_304' title='bbox 3312 1145 3439 1207; x_wconf 78' lang='grc' dir='ltr'>τοὺς</span> <span class='ocrx_word' id='word_1_305' title='bbox 3487 1144 3690 1223; x_wconf 86' lang='grc' dir='ltr'>φίλους</span> 
     </span>
    </p>
   </div>
   <div class='ocr_carea' id='block_1_43' title="bbox 2033 1232 3690 1308">
    <p class='ocr_par' dir='ltr' id='par_1_43' title="bbox 2033 1232 3690 1308">
     <span class='ocr_line' id='line_1_43' title="bbox 2033 1232 3690 1308; baseline 0.001 -20"><span class='ocrx_word' id='word_1_306' title='bbox 2033 1234 2256 1308; x_wconf 79' lang='grc' dir='ltr'>ἀγαπῶν</span> <span class='ocrx_word' id='word_1_307' title='bbox 2284 1236 2349 1289; x_wconf 79' lang='grc'>⁸⁸.</span> <span class='ocrx_word' id='word_1_308' title='bbox 2384 1235 2486 1291; x_wconf 85' lang='grc' dir='ltr'>Καὶ</span> <span class='ocrx_word' id='word_1_309' title='bbox 2536 1232 2602 1303; x_wconf 78' lang='grc' dir='ltr'>δὴ</span> <span class='ocrx_word' id='word_1_310' title='bbox 2653 1233 3065 1307; x_wconf 82' lang='grc' dir='ltr'>ἀπεπλεύσαμεν</span> <span class='ocrx_word' id='word_1_311' title='bbox 3110 1233 3275 1303; x_wconf 71' lang='grc' dir='ltr'>αὐτῆς</span> <span class='ocrx_word' id='word_1_312' title='bbox 3321 1234 3565 1307; x_wconf 80' lang='grc' dir='ltr'>Ῥώμης,</span> <span class='ocrx_word' id='word_1_313' title='bbox 3595 1234 3690 1289; x_wconf 83' lang='grc' dir='ltr'>καὶ</span> 
     </span>
    </p>
   </div>
   <div class='ocr_carea' id='block_1_44' title="bbox 2032 1321 3687 1398">
    <p class='ocr_par' dir='ltr' id='par_1_44' title="bbox 2032 1321 3687 1398">
     <span class='ocr_line' id='line_1_44' title="bbox 2032 1321 3687 1398; baseline 0.001 -22"><span class='ocrx_word' id='word_1_314' title='bbox 2032 1321 2206 1385; x_wconf 81' lang='grc' dir='ltr'>οὕτως</span> <span class='ocrx_word' id='word_1_315' title='bbox 2239 1322 2314 1384; x_wconf 74' lang='grc' dir='ltr'>εἷς</span> <span class='ocrx_word' id='word_1_316' title='bbox 2344 1322 2411 1377; x_wconf 76' lang='grc' dir='ltr'>τὰ</span> <span class='ocrx_word' id='word_1_317' title='bbox 2440 1322 2665 1378; x_wconf 84' lang='grc' dir='ltr'>ἐνταῦθα</span> <span class='ocrx_word' id='word_1_318' title='bbox 2704 1330 2802 1393; x_wconf 80' lang='grc' dir='ltr'>τῆς</span> <span class='ocrx_word' id='word_1_319' title='bbox 2854 1321 3053 1398; x_wconf 78' lang='grc' dir='ltr'>Συρίας</span> <span class='ocrx_word' id='word_1_320' title='bbox 3105 1322 3397 1398; x_wconf 75' lang='grc' dir='ltr'>ἐγενόμεθα</span> <span class='ocrx_word' id='word_1_321' title='bbox 3446 1323 3585 1397; x_wconf 76' lang='grc' dir='ltr'>μέρη</span> <span class='ocrx_word' id='word_1_322' title='bbox 3620 1325 3687 1393; x_wconf 72' lang='lat'>5’,</span> 
     </span>
    </p>
   </div>
   <div class='ocr_carea' id='block_1_45' title="bbox 2030 1406 3687 1489">
    <p class='ocr_par' dir='ltr' id='par_1_45' title="bbox 2030 1406 3687 1489">
     <span class='ocr_line' id='line_1_45' title="bbox 2030 1406 3687 1489; baseline 0.001 -23"><span class='ocrx_word' id='word_1_323' title='bbox 2030 1411 2120 1466; x_wconf 86' lang='grc' dir='ltr'>καὶ</span> <span class='ocrx_word' id='word_1_324' title='bbox 2153 1411 2227 1473; x_wconf 86' lang='grc' dir='ltr'>εἷς</span> <span class='ocrx_word' id='word_1_325' title='bbox 2261 1410 2578 1467; x_wconf 87' lang='grc' dir='ltr'>Σελεύκειαν</span> <span class='ocrx_word' id='word_1_326' title='bbox 2611 1406 2993 1489; x_wconf 79' lang='grc' dir='ltr'>παρεϐάλομεν</span> <span class='ocrx_word' id='word_1_327' title='bbox 3040 1414 3105 1484; x_wconf 70' lang='grc' dir='ltr'>ω,</span> <span class='ocrx_word' id='word_1_328' title='bbox 3136 1411 3227 1466; x_wconf 82' lang='grc' dir='ltr'>καὶ</span> <span class='ocrx_word' id='word_1_329' title='bbox 3275 1411 3448 1474; x_wconf 67' lang='grc' dir='ltr'>οὕτως</span> <span class='ocrx_word' id='word_1_330' title='bbox 3494 1406 3687 1467; x_wconf 76' lang='grc' dir='ltr'>ἐκϐάν-</span> 
     </span>
    </p>
   </div>
   <div class='ocr_carea' id='block_1_46' title="bbox 2028 1498 3686 1577">
    <p class='ocr_par' dir='ltr' id='par_1_46' title="bbox 2028 1498 3686 1577">
     <span class='ocr_line' id='line_1_46' title="bbox 2028 1498 3686 1577; baseline 0.001 -22"><span class='ocrx_word' id='word_1_331' title='bbox 2028 1521 2136 1555; x_wconf 90' lang='grc' dir='ltr'>των</span> <span class='ocrx_word' id='word_1_332' title='bbox 2174 1502 2331 1574; x_wconf 77' lang='grc' dir='ltr'>ἡμῶν</span> <span class='ocrx_word' id='word_1_333' title='bbox 2364 1505 2461 1556; x_wconf 92' lang='grc' dir='ltr'>τοῦ</span> <span class='ocrx_word' id='word_1_334' title='bbox 2487 1500 2689 1556; x_wconf 82' lang='grc' dir='ltr'>πλοίου</span> <span class='ocrx_word' id='word_1_335' title='bbox 2724 1501 2838 1575; x_wconf 90' lang='grc' dir='ltr'>μετ’</span> <span class='ocrx_word' id='word_1_336' title='bbox 2869 1500 2931 1556; x_wconf 85' lang='grc' dir='ltr'>ού</span> <span class='ocrx_word' id='word_1_337' title='bbox 2964 1498 3179 1562; x_wconf 73' lang='grc' dir='ltr'>πολλὰς</span> <span class='ocrx_word' id='word_1_338' title='bbox 3212 1502 3422 1577; x_wconf 83' lang='grc' dir='ltr'>ἡμέρας</span> <span class='ocrx_word' id='word_1_339' title='bbox 3476 1500 3686 1564; x_wconf 79' lang='grc' dir='ltr'>ἐκεῖνος</span> 
     </span>
    </p>
   </div>
   <div class='ocr_carea' id='block_1_47' title="bbox 2034 1586 3683 1664">
    <p class='ocr_par' dir='ltr' id='par_1_47' title="bbox 2034 1586 3683 1664">
     <span class='ocr_line' id='line_1_47' title="bbox 2034 1586 3683 1664; baseline 0.001 -21"><span class='ocrx_word' id='word_1_340' title='bbox 2034 1590 2127 1663; x_wconf 75' lang='grc' dir='ltr'>μὲν</span> <span class='ocrx_word' id='word_1_341' title='bbox 2159 1592 2203 1627; x_wconf 83' lang='grc'>⁶¹</span> <span class='ocrx_word' id='word_1_342' title='bbox 2244 1590 2463 1663; x_wconf 85' lang='grc' dir='ltr'>ἀθυμῶν</span> <span class='ocrx_word' id='word_1_343' title='bbox 2497 1587 2862 1659; x_wconf 78' lang='grc' dir='ltr'>ἐτελεύτησεν.</span> <span class='ocrx_word' id='word_1_344' title='bbox 2899 1590 3041 1664; x_wconf 85' lang='grc' dir='ltr'>Ἐγὼ</span> <span class='ocrx_word' id='word_1_345' title='bbox 3091 1586 3149 1643; x_wconf 73' lang='grc' dir='ltr'>δὲ</span> <span class='ocrx_word' id='word_1_346' title='bbox 3205 1587 3429 1653; x_wconf 75' lang='grc' dir='ltr'>ἐνταῦθα</span> <span class='ocrx_word' id='word_1_347' title='bbox 3484 1588 3683 1661; x_wconf 79' lang='grc' dir='ltr'>ἐλθὼν,</span> 
     </span>
    </p>
   </div>
   <div class='ocr_carea' id='block_1_48' title="bbox 2026 1675 3683 1755">
    <p class='ocr_par' dir='ltr' id='par_1_48' title="bbox 2026 1675 3683 1755">
     <span class='ocr_line' id='line_1_48' title="bbox 2026 1675 3683 1755; baseline 0.001 -22"><span class='ocrx_word' id='word_1_348' title='bbox 2026 1678 2124 1741; x_wconf 71' lang='grc' dir='ltr'>τὰς</span> <span class='ocrx_word' id='word_1_349' title='bbox 2156 1675 2244 1733; x_wconf 86' lang='grc' dir='ltr'>διὰ</span> <span class='ocrx_word' id='word_1_350' title='bbox 2266 1683 2371 1733; x_wconf 88' lang='grc' dir='ltr'>τῶν</span> <span class='ocrx_word' id='word_1_351' title='bbox 2403 1683 2606 1755; x_wconf 89' lang='grc' dir='ltr'>χειρῶν</span> <span class='ocrx_word' id='word_1_352' title='bbox 2632 1678 2838 1755; x_wconf 82' lang='grc' dir='ltr'>τροφὰς</span> <span class='ocrx_word' id='word_1_353' title='bbox 2884 1676 3069 1733; x_wconf 80' lang='grc' dir='ltr'>ἔκτοτε</span> <span class='ocrx_word' id='word_1_354' title='bbox 3114 1677 3204 1733; x_wconf 83' lang='grc' dir='ltr'>καὶ</span> <span class='ocrx_word' id='word_1_355' title='bbox 3254 1678 3329 1739; x_wconf 83' lang='grc' dir='ltr'>εἷς</span> <span class='ocrx_word' id='word_1_356' title='bbox 3372 1675 3527 1755; x_wconf 88' lang='grc' dir='ltr'>δεῦρο</span> <span class='ocrx_word' id='word_1_357' title='bbox 3576 1699 3683 1735; x_wconf 84' lang='grc' dir='ltr'>πο-</span> 
     </span>
    </p>
   </div>
   <div class='ocr_carea' id='block_1_49' title="bbox 1944 1766 2347 1866">
    <p class='ocr_par' dir='ltr' id='par_1_49' title="bbox 1944 1766 2347 1866">
     <span class='ocr_line' id='line_1_49' title="bbox 1944 1766 2347 1866; baseline 0.01 -45"><span class='ocrx_word' id='word_1_358' title='bbox 1944 1800 1991 1866; x_wconf 83' lang='grc' dir='ltr'><strong>Β</strong></span> <span class='ocrx_word' id='word_1_359' title='bbox 2030 1766 2249 1866; x_wconf 75' lang='grc' dir='ltr'>ρίζομαι</span> <span class='ocrx_word' id='word_1_360' title='bbox 2280 1770 2347 1825; x_wconf 68' lang='grc'>⁸³.</span> 
     </span>
    </p>
   </div>
   <div class='ocr_carea' id='block_1_50' title="bbox 2096 1853 3680 1933">
    <p class='ocr_par' dir='ltr' id='par_1_50' title="bbox 2096 1853 3680 1933">
     <span class='ocr_line' id='line_1_50' title="bbox 2096 1853 3680 1933; baseline -0.001 -21"><span class='ocrx_word' id='word_1_361' title='bbox 2096 1859 2248 1915; x_wconf 83' lang='lat' dir='ltr'><strong>VIII.</strong></span> <span class='ocrx_word' id='word_1_362' title='bbox 2282 1861 2456 1912; x_wconf 91' lang='grc' dir='ltr'>Ταῦτα</span> <span class='ocrx_word' id='word_1_363' title='bbox 2483 1862 2582 1912; x_wconf 92' lang='grc' dir='ltr'>τοῦ</span> <span class='ocrx_word' id='word_1_364' title='bbox 2621 1858 2877 1933; x_wconf 88' lang='grc' dir='ltr'>γέροντος</span> <span class='ocrx_word' id='word_1_365' title='bbox 2931 1855 3197 1927; x_wconf 67' lang='grc' dir='ltr'>εἰπόντος,</span> <span class='ocrx_word' id='word_1_366' title='bbox 3227 1853 3446 1910; x_wconf 84' lang='grc' dir='ltr'>σύνοιδα</span> <span class='ocrx_word' id='word_1_367' title='bbox 3468 1859 3537 1924; x_wconf 69' lang='grc'>⁸³,</span> <span class='ocrx_word' id='word_1_368' title='bbox 3569 1856 3680 1929; x_wconf 81' lang='grc' dir='ltr'>δτι,</span> 
     </span>
    </p>
   </div>
   <div class='ocr_carea' id='block_1_51' title="bbox 2024 1943 3676 2023">
    <p class='ocr_par' dir='ltr' id='par_1_51' title="bbox 2024 1943 3676 2023">
     <span class='ocr_line' id='line_1_51' title="bbox 2024 1943 3676 2023; baseline 0 -22"><span class='ocrx_word' id='word_1_369' title='bbox 2024 1947 2081 2001; x_wconf 77' lang='grc' dir='ltr'>’ὸν</span> <span class='ocrx_word' id='word_1_370' title='bbox 2138 1943 2321 2021; x_wconf 79' lang='grc' dir='ltr'>ἔλεγεν</span> <span class='ocrx_word' id='word_1_371' title='bbox 2376 1945 2602 2023; x_wconf 80' lang='grc' dir='ltr'>γέροντα</span> <span class='ocrx_word' id='word_1_372' title='bbox 2646 1946 2891 2001; x_wconf 84' lang='grc' dir='ltr'>τεθνάναι</span> <span class='ocrx_word' id='word_1_373' title='bbox 2921 1948 2986 2017; x_wconf 74' lang='grc' dir='ltr'>δ”,</span> <span class='ocrx_word' id='word_1_374' title='bbox 3020 1946 3176 2007; x_wconf 82' lang='grc' dir='ltr'>οὗτος</span> <span class='ocrx_word' id='word_1_375' title='bbox 3206 1945 3367 2008; x_wconf 76' lang='grc' dir='ltr'>αὐτὸς</span> <span class='ocrx_word' id='word_1_376' title='bbox 3397 1946 3483 2015; x_wconf 74' lang='grc' dir='ltr'>ἦν,</span> <span class='ocrx_word' id='word_1_377' title='bbox 3517 1945 3567 2019; x_wconf 75' lang='grc' dir='ltr'>ἐξ</span> <span class='ocrx_word' id='word_1_378' title='bbox 3598 1948 3676 2001; x_wconf 83' lang='grc' dir='ltr'>ὧν</span> 
     </span>
    </p>
   </div>
   <div class='ocr_carea' id='block_1_52' title="bbox 2024 2029 3677 2112">
    <p class='ocr_par' dir='ltr' id='par_1_52' title="bbox 2024 2029 3677 2112">
     <span class='ocr_line' id='line_1_52' title="bbox 2024 2029 3677 2112; baseline 0.001 -23"><span class='ocrx_word' id='word_1_379' title='bbox 2024 2032 2227 2112; x_wconf 82' lang='grc' dir='ltr'>ἔλεγεν,</span> <span class='ocrx_word' id='word_1_380' title='bbox 2262 2036 2289 2090; x_wconf 88' lang='grc' dir='ltr'>ὁ</span> <span class='ocrx_word' id='word_1_381' title='bbox 2320 2036 2499 2110; x_wconf 79' lang='grc' dir='ltr'>πατὴρ</span> <span class='ocrx_word' id='word_1_382' title='bbox 2531 2036 2559 2090; x_wconf 90' lang='grc' dir='ltr'><strong>ὁ</strong></span> <span class='ocrx_word' id='word_1_383' title='bbox 2592 2036 2868 2109; x_wconf 80' lang='grc' dir='ltr'>ὑμέτερος.</span> <span class='ocrx_word' id='word_1_384' title='bbox 2902 2034 3012 2088; x_wconf 85' lang='grc' dir='ltr'>Ούκ</span> <span class='ocrx_word' id='word_1_385' title='bbox 3059 2029 3363 2105; x_wconf 81' lang='grc' dir='ltr'>ἐϐουλήθην</span> <span class='ocrx_word' id='word_1_386' title='bbox 3414 2032 3506 2089; x_wconf 81' lang='grc' dir='ltr'>οῦν</span> <span class='ocrx_word' id='word_1_387' title='bbox 3537 2037 3583 2071; x_wconf 77' lang='grc'>⁸⁸</span> <span class='ocrx_word' id='word_1_388' title='bbox 3610 2034 3677 2090; x_wconf 84' lang='grc' dir='ltr'>τὸ</span> 
     </span>
    </p>
   </div>
   <div class='ocr_carea' id='block_1_53' title="bbox 2021 2119 3671 2199">
    <p class='ocr_par' dir='ltr' id='par_1_53' title="bbox 2021 2119 3671 2199">
     <span class='ocr_line' id='line_1_53' title="bbox 2021 2119 3671 2199; baseline -0.001 -20"><span class='ocrx_word' id='word_1_389' title='bbox 2021 2125 2137 2179; x_wconf 85' lang='grc' dir='ltr'>καθ’</span> <span class='ocrx_word' id='word_1_390' title='bbox 2170 2124 2308 2197; x_wconf 79' lang='grc' dir='ltr'>ὑμᾶς</span> <span class='ocrx_word' id='word_1_391' title='bbox 2341 2122 2487 2196; x_wconf 85' lang='grc' dir='ltr'>αὖτῷ</span> <span class='ocrx_word' id='word_1_392' title='bbox 2522 2119 2951 2196; x_wconf 80' lang='grc' dir='ltr'>συναντιϐαλεῖν,</span> <span class='ocrx_word' id='word_1_393' title='bbox 2984 2124 3178 2199; x_wconf 81' lang='grc' dir='ltr'>μέχρις</span> <span class='ocrx_word' id='word_1_394' title='bbox 3212 2123 3272 2178; x_wconf 80' lang='grc' dir='ltr'>ἂν</span> <span class='ocrx_word' id='word_1_395' title='bbox 3324 2123 3448 2197; x_wconf 81' lang='grc' dir='ltr'>ὑμῖν</span> <span class='ocrx_word' id='word_1_396' title='bbox 3500 2144 3671 2198; x_wconf 84' lang='grc' dir='ltr'>προσ-</span> 
     </span>
    </p>
   </div>
   <div class='ocr_carea' id='block_1_54' title="bbox 2022 2210 3673 2287">
    <p class='ocr_par' dir='ltr' id='par_1_54' title="bbox 2022 2210 3673 2287">
     <span class='ocr_line' id='line_1_54' title="bbox 2022 2210 3673 2287; baseline -0.001 -19"><span class='ocrx_word' id='word_1_397' title='bbox 2022 2212 2326 2287; x_wconf 84' lang='grc' dir='ltr'>ανάθωμαι.</span> <span class='ocrx_word' id='word_1_398' title='bbox 2361 2216 2515 2270; x_wconf 73' lang='lat'>803</span> <span class='ocrx_word' id='word_1_399' title='bbox 2551 2210 2700 2281; x_wconf 75' lang='grc' dir='ltr'>Πλῆν</span> <span class='ocrx_word' id='word_1_400' title='bbox 2732 2212 2799 2266; x_wconf 77' lang='grc' dir='ltr'>τὰ</span> <span class='ocrx_word' id='word_1_401' title='bbox 2826 2214 2961 2267; x_wconf 78' lang='grc' dir='ltr'>κατὰ</span> <span class='ocrx_word' id='word_1_402' title='bbox 3001 2213 3100 2279; x_wconf 73' lang='grc' dir='ltr'>τήν</span> <span class='ocrx_word' id='word_1_403' title='bbox 3152 2211 3322 2285; x_wconf 79' lang='grc' dir='ltr'>ξενίαν</span> <span class='ocrx_word' id='word_1_404' title='bbox 3369 2212 3532 2268; x_wconf 77' lang='grc' dir='ltr'>αὐτοῦ</span> <span class='ocrx_word' id='word_1_405' title='bbox 3575 2234 3673 2268; x_wconf 88' lang='grc' dir='ltr'>κα-</span> 
     </span>
    </p>
   </div>
   <div class='ocr_carea' id='block_1_55' title="bbox 2019 2298 3669 2377">
    <p class='ocr_par' dir='ltr' id='par_1_55' title="bbox 2019 2298 3669 2377">
     <span class='ocr_line' id='line_1_55' title="bbox 2019 2298 3669 2377; baseline 0 -20"><span class='ocrx_word' id='word_1_406' title='bbox 2019 2303 2276 2375; x_wconf 84' lang='grc' dir='ltr'>ταμαθὼν</span> <span class='ocrx_word' id='word_1_407' title='bbox 2307 2303 2396 2357; x_wconf 82' lang='grc' dir='ltr'>καὶ</span> <span class='ocrx_word' id='word_1_408' title='bbox 2421 2303 2520 2370; x_wconf 71' lang='grc' dir='ltr'>τὴν</span> <span class='ocrx_word' id='word_1_409' title='bbox 2553 2301 2689 2375; x_wconf 74' lang='grc' dir='ltr'>ἐμὴν</span> <span class='ocrx_word' id='word_1_410' title='bbox 2719 2299 2776 2356; x_wconf 75' lang='grc' dir='ltr'>δὲ</span> <span class='ocrx_word' id='word_1_411' title='bbox 2805 2304 2849 2339; x_wconf 74' lang='grc'>⁵⁵</span> <span class='ocrx_word' id='word_1_412' title='bbox 2887 2300 3149 2374; x_wconf 79' lang='grc' dir='ltr'>μηνύσας,</span> <span class='ocrx_word' id='word_1_413' title='bbox 3184 2298 3457 2377; x_wconf 81' lang='grc' dir='ltr'>ἀκριϐείας</span> <span class='ocrx_word' id='word_1_414' title='bbox 3491 2298 3669 2375; x_wconf 68' lang='grc' dir='ltr'>ἕνεκα,</span> 
     </span>
    </p>
   </div>
   <div class='ocr_carea' id='block_1_56' title="bbox 2017 2385 3664 2465">
    <p class='ocr_par' dir='ltr' id='par_1_56' title="bbox 2017 2385 3664 2465">
     <span class='ocr_line' id='line_1_56' title="bbox 2017 2385 3664 2465; baseline 0 -20"><span class='ocrx_word' id='word_1_415' title='bbox 2017 2395 2179 2445; x_wconf 91' lang='grc' dir='ltr'>τοῦτο</span> <span class='ocrx_word' id='word_1_416' title='bbox 2233 2390 2392 2463; x_wconf 91' lang='grc' dir='ltr'>μόνον</span> <span class='ocrx_word' id='word_1_417' title='bbox 2440 2390 2742 2463; x_wconf 77' lang='grc' dir='ltr'>ἐπυθόμην,</span> <span class='ocrx_word' id='word_1_418' title='bbox 2782 2390 2835 2444; x_wconf 91' lang='grc' dir='ltr'>τί</span> <span class='ocrx_word' id='word_1_419' title='bbox 2883 2385 3059 2462; x_wconf 74' lang='grc' dir='ltr'>ὄνομα</span> <span class='ocrx_word' id='word_1_420' title='bbox 3094 2394 3173 2460; x_wconf 78' lang='grc' dir='ltr'>τῷ</span> <span class='ocrx_word' id='word_1_421' title='bbox 3221 2389 3469 2465; x_wconf 82' lang='grc' dir='ltr'>γέροντι;</span> <span class='ocrx_word' id='word_1_422' title='bbox 3504 2391 3560 2443; x_wconf 82' lang='lat'>&#39;0</span> <span class='ocrx_word' id='word_1_423' title='bbox 3607 2387 3664 2445; x_wconf 78' lang='grc' dir='ltr'>δὲ</span> 
     </span>
    </p>
   </div>
   <div class='ocr_carea' id='block_1_57' title="bbox 2020 2476 3660 2559">
    <p class='ocr_par' dir='ltr' id='par_1_57' title="bbox 2020 2476 3660 2559">
     <span class='ocr_line' id='line_1_57' title="bbox 2020 2476 3660 2559; baseline -0.001 -23"><span class='ocrx_word' id='word_1_424' title='bbox 2020 2479 2145 2559; x_wconf 81' lang='grc' dir='ltr'>ἔφη,</span> <span class='ocrx_word' id='word_1_425' title='bbox 2180 2484 2445 2542; x_wconf 82' lang='grc' dir='ltr'>Φαῦστος.</span> <span class='ocrx_word' id='word_1_426' title='bbox 2471 2479 2531 2533; x_wconf 87' lang='grc' dir='ltr'>Τί</span> <span class='ocrx_word' id='word_1_427' title='bbox 2563 2477 2621 2534; x_wconf 76' lang='grc' dir='ltr'>δὲ</span> <span class='ocrx_word' id='word_1_428' title='bbox 2661 2484 2781 2541; x_wconf 86' lang='grc' dir='ltr'>τοῖς</span> <span class='ocrx_word' id='word_1_429' title='bbox 2815 2476 3066 2551; x_wconf 78' lang='grc' dir='ltr'>διδύμοις</span> <span class='ocrx_word' id='word_1_430' title='bbox 3116 2479 3296 2546; x_wconf 72' lang='grc' dir='ltr'>υἱοῖςς</span> <span class='ocrx_word' id='word_1_431' title='bbox 3329 2480 3387 2535; x_wconf 86' lang='grc' dir='ltr'><strong>Ὁ</strong></span> <span class='ocrx_word' id='word_1_432' title='bbox 3436 2476 3495 2533; x_wconf 73' lang='grc' dir='ltr'>δὲ</span> <span class='ocrx_word' id='word_1_433' title='bbox 3536 2479 3660 2535; x_wconf 86' lang='grc' dir='ltr'>ἀπε-</span> 
     </span>
    </p>
   </div>
   <div class='ocr_carea' id='block_1_58' title="bbox 2018 2564 3665 2643">
    <p class='ocr_par' dir='ltr' id='par_1_58' title="bbox 2018 2564 3665 2643">
     <span class='ocr_line' id='line_1_58' title="bbox 2018 2564 3665 2643; baseline -0.002 -19"><span class='ocrx_word' id='word_1_434' title='bbox 2018 2570 2259 2639; x_wconf 78' lang='grc' dir='ltr'>κρίνατο,</span> <span class='ocrx_word' id='word_1_435' title='bbox 2288 2574 2587 2630; x_wconf 79' lang='grc' dir='ltr'>Φαυστῖνος</span> <span class='ocrx_word' id='word_1_436' title='bbox 2619 2567 2709 2621; x_wconf 80' lang='grc' dir='ltr'>καὶ</span> <span class='ocrx_word' id='word_1_437' title='bbox 2739 2566 3150 2628; x_wconf 84' lang='grc' dir='ltr'>Φαυστινιανὸς.</span> <span class='ocrx_word' id='word_1_438' title='bbox 3181 2567 3248 2624; x_wconf 89' lang='grc' dir='ltr'>Τί</span> <span class='ocrx_word' id='word_1_439' title='bbox 3280 2564 3338 2622; x_wconf 71' lang='grc' dir='ltr'>δὲ</span> <span class='ocrx_word' id='word_1_440' title='bbox 3374 2572 3452 2639; x_wconf 80' lang='grc' dir='ltr'>τῷ</span> <span class='ocrx_word' id='word_1_441' title='bbox 3496 2567 3665 2643; x_wconf 84' lang='grc' dir='ltr'>τρίτῳ</span> 
     </span>
    </p>
   </div>
   <div class='ocr_carea' id='block_1_59' title="bbox 2017 2652 3661 2729">
    <p class='ocr_par' dir='ltr' id='par_1_59' title="bbox 2017 2652 3661 2729">
     <span class='ocr_line' id='line_1_59' title="bbox 2017 2652 3661 2729; baseline -0.002 -17"><span class='ocrx_word' id='word_1_442' title='bbox 2017 2658 2157 2729; x_wconf 72' lang='grc' dir='ltr'>υἱῷς</span> <span class='ocrx_word' id='word_1_443' title='bbox 2192 2659 2248 2711; x_wconf 87' lang='grc' dir='ltr'>Ὃ</span> <span class='ocrx_word' id='word_1_444' title='bbox 2298 2654 2355 2711; x_wconf 75' lang='grc' dir='ltr'>δὲ</span> <span class='ocrx_word' id='word_1_445' title='bbox 2406 2656 2572 2726; x_wconf 74' lang='grc' dir='ltr'>εἶπεν,</span> <span class='ocrx_word' id='word_1_446' title='bbox 2608 2654 2873 2727; x_wconf 79' lang='grc' dir='ltr'>Κλήμης.</span> <span class='ocrx_word' id='word_1_447' title='bbox 2906 2655 2966 2710; x_wconf 89' lang='grc' dir='ltr'>Τί</span> <span class='ocrx_word' id='word_1_448' title='bbox 3016 2652 3073 2710; x_wconf 70' lang='grc' dir='ltr'>δῖε</span> <span class='ocrx_word' id='word_1_449' title='bbox 3113 2659 3182 2729; x_wconf 81' lang='grc' dir='ltr'>τῇ</span> <span class='ocrx_word' id='word_1_450' title='bbox 3228 2654 3436 2711; x_wconf 90' lang='grc' dir='ltr'>τούτων</span> <span class='ocrx_word' id='word_1_451' title='bbox 3490 2656 3661 2729; x_wconf 87' lang='grc' dir='ltr'>μητρὶ</span> 
     </span>
    </p>
   </div>
   <div class='ocr_carea' id='block_1_60' title="bbox 2016 2741 3666 2824">
    <p class='ocr_par' dir='ltr' id='par_1_60' title="bbox 2016 2741 3666 2824">
     <span class='ocr_line' id='line_1_60' title="bbox 2016 2741 3666 2824; baseline -0.001 -24"><span class='ocrx_word' id='word_1_452' title='bbox 2016 2741 2225 2820; x_wconf 78' lang='grc' dir='ltr'>ὅνομα;</span> <span class='ocrx_word' id='word_1_453' title='bbox 2286 2747 2347 2804; x_wconf 87' lang='grc' dir='ltr'>Ὁ</span> <span class='ocrx_word' id='word_1_454' title='bbox 2402 2742 2459 2800; x_wconf 75' lang='grc' dir='ltr'>δὲ</span> <span class='ocrx_word' id='word_1_455' title='bbox 2516 2744 2641 2824; x_wconf 80' lang='grc' dir='ltr'>ἔφη,</span> <span class='ocrx_word' id='word_1_456' title='bbox 2701 2741 2966 2800; x_wconf 85' lang='grc' dir='ltr'>Ματτιδία</span> <span class='ocrx_word' id='word_1_457' title='bbox 3022 2747 3086 2800; x_wconf 76' lang='grc'>⁵⁷.</span> <span class='ocrx_word' id='word_1_458' title='bbox 3145 2744 3273 2799; x_wconf 83' lang='grc' dir='ltr'>Ὑπὸ</span> <span class='ocrx_word' id='word_1_459' title='bbox 3331 2744 3666 2817; x_wconf 83' lang='grc' dir='ltr'>συμπαθείας</span> 
     </span>
    </p>
   </div>
   <div class='ocr_carea' id='block_1_61' title="bbox 2015 2830 3659 2911">
    <p class='ocr_par' dir='ltr' id='par_1_61' title="bbox 2015 2830 3659 2911">
     <span class='ocr_line' id='line_1_61' title="bbox 2015 2830 3659 2911; baseline -0.001 -21"><span class='ocrx_word' id='word_1_460' title='bbox 2015 2833 2105 2891; x_wconf 82' lang='grc' dir='ltr'>οῦν</span> <span class='ocrx_word' id='word_1_461' title='bbox 2141 2835 2249 2911; x_wconf 85' lang='grc' dir='ltr'><strong>ἐγὼ</strong></span> <span class='ocrx_word' id='word_1_462' title='bbox 2279 2832 2572 2911; x_wconf 85' lang='grc' dir='ltr'>σύνδακρυς</span> <span class='ocrx_word' id='word_1_463' title='bbox 2603 2833 2914 2910; x_wconf 87' lang='grc' dir='ltr'>γενόμενος,</span> <span class='ocrx_word' id='word_1_464' title='bbox 2946 2832 3225 2895; x_wconf 72' lang='grc' dir='ltr'>ἀπολύσας</span> <span class='ocrx_word' id='word_1_465' title='bbox 3273 2833 3400 2896; x_wconf 81' lang='grc' dir='ltr'>τοὺς</span> <span class='ocrx_word' id='word_1_466' title='bbox 3448 2830 3659 2909; x_wconf 75' lang='grc' dir='ltr'>ὄχλους</span> 
     </span>
    </p>
   </div>
   <div class='ocr_carea' id='block_1_62' title="bbox 2011 2921 3663 3000">
    <p class='ocr_par' dir='ltr' id='par_1_62' title="bbox 2011 2921 3663 3000">
     <span class='ocr_line' id='line_1_62' title="bbox 2011 2921 3663 3000; baseline -0.002 -20"><span class='ocrx_word' id='word_1_467' title='bbox 2011 2923 2183 2994; x_wconf 86' lang='grc' dir='ltr'>ἦλθον</span> <span class='ocrx_word' id='word_1_468' title='bbox 2212 2924 2346 3000; x_wconf 91' lang='grc' dir='ltr'>πρὸς</span> <span class='ocrx_word' id='word_1_469' title='bbox 2376 2925 2539 2998; x_wconf 75' lang='grc' dir='ltr'>ὑμᾶς,</span> <span class='ocrx_word' id='word_1_470' title='bbox 2564 2922 2656 2978; x_wconf 73' lang='grc' dir='ltr'>’ἱνα</span> <span class='ocrx_word' id='word_1_471' title='bbox 2686 2924 2819 2997; x_wconf 81' lang='grc' dir='ltr'>μετᾶ</span> <span class='ocrx_word' id='word_1_472' title='bbox 2845 2923 2945 2992; x_wconf 73' lang='grc' dir='ltr'>τήν</span> <span class='ocrx_word' id='word_1_473' title='bbox 2975 2922 3121 2978; x_wconf 80' lang='grc' dir='ltr'>ἁλῶν</span> <span class='ocrx_word' id='word_1_474' title='bbox 3151 2921 3437 2978; x_wconf 86' lang='grc' dir='ltr'>κοινωνίαν</span> <span class='ocrx_word' id='word_1_475' title='bbox 3490 2926 3663 2978; x_wconf 87' lang='grc' dir='ltr'>ταῦτα</span> 
     </span>
    </p>
   </div>
   <div class='ocr_carea' id='block_1_63' title="bbox 2008 3006 3658 3089">
    <p class='ocr_par' dir='ltr' id='par_1_63' title="bbox 2008 3006 3658 3089">
     <span class='ocr_line' id='line_1_63' title="bbox 2008 3006 3658 3089; baseline -0.001 -20"><span class='ocrx_word' id='word_1_476' title='bbox 2008 3015 2435 3089; x_wconf 80' lang='grc' dir='ltr'>προσανάθωμαι</span> <span class='ocrx_word' id='word_1_477' title='bbox 2470 3013 2617 3085; x_wconf 85' lang='grc' dir='ltr'>ὑμῖν.</span> <span class='ocrx_word' id='word_1_478' title='bbox 2651 3013 2763 3087; x_wconf 83' lang='grc' dir='ltr'>Πρὸ</span> <span class='ocrx_word' id='word_1_479' title='bbox 2794 3009 2853 3066; x_wconf 74' lang='grc' dir='ltr'>δὲ</span> <span class='ocrx_word' id='word_1_480' title='bbox 2879 3015 2975 3066; x_wconf 87' lang='grc' dir='ltr'>τοῦ</span> <span class='ocrx_word' id='word_1_481' title='bbox 3009 3010 3154 3067; x_wconf 79' lang='grc' dir='ltr'>ἁλῶν</span> <span class='ocrx_word' id='word_1_482' title='bbox 3207 3006 3529 3083; x_wconf 80' lang='grc' dir='ltr'>μεταλαϐεῖν</span> <span class='ocrx_word' id='word_1_483' title='bbox 3581 3011 3658 3067; x_wconf 83' lang='grc' dir='ltr'>εἷ-</span> 
     </span>
    </p>
   </div>
   <div class='ocr_carea' id='block_1_64' title="bbox 2010 3095 3665 3175">
    <p class='ocr_par' dir='ltr' id='par_1_64' title="bbox 2010 3095 3665 3175">
     <span class='ocr_line' id='line_1_64' title="bbox 2010 3095 3665 3175; baseline -0.001 -18"><span class='ocrx_word' id='word_1_484' title='bbox 2010 3108 2129 3157; x_wconf 89' lang='grc' dir='ltr'>πεῖν</span> <span class='ocrx_word' id='word_1_485' title='bbox 2164 3102 2290 3175; x_wconf 83' lang='grc' dir='ltr'>ὑμῖν</span> <span class='ocrx_word' id='word_1_486' title='bbox 2323 3100 2421 3155; x_wconf 80' lang='grc' dir='ltr'>οὐκ</span> <span class='ocrx_word' id='word_1_487' title='bbox 2465 3095 2793 3170; x_wconf 81' lang='grc' dir='ltr'>ἐϐουλήθην,</span> <span class='ocrx_word' id='word_1_488' title='bbox 2832 3102 2905 3172; x_wconf 86' lang='grc' dir='ltr'>μή</span> <span class='ocrx_word' id='word_1_489' title='bbox 2958 3122 3077 3161; x_wconf 90' lang='grc' dir='ltr'>πως</span> <span class='ocrx_word' id='word_1_490' title='bbox 3122 3100 3225 3155; x_wconf 81' lang='grc' dir='ltr'>ὑπὸ</span> <span class='ocrx_word' id='word_1_491' title='bbox 3270 3098 3451 3170; x_wconf 85' lang='grc' dir='ltr'>λύπης</span> <span class='ocrx_word' id='word_1_492' title='bbox 3498 3122 3665 3171; x_wconf 64' lang='lat' dir='ltr'>vna,—</span> 
     </span>
    </p>
   </div>
   <div class='ocr_carea' id='block_1_65' title="bbox 253 3163 1908 3265">
    <p class='ocr_par' dir='ltr' id='par_1_65' title="bbox 253 3163 1896 3255">
     <span class='ocr_line' id='line_1_65' title="bbox 253 3163 1896 3255; baseline 0.012 -28"><span class='ocrx_word' id='word_1_493' title='bbox 253 3187 326 3227; x_wconf 90' lang='lat' dir='ltr'>ne</span> <span class='ocrx_word' id='word_1_494' title='bbox 359 3173 503 3230; x_wconf 85' lang='lat' dir='ltr'>forte</span> <span class='ocrx_word' id='word_1_495' title='bbox 535 3177 667 3234; x_wconf 89' lang='lat' dir='ltr'>victi</span> <span class='ocrx_word' id='word_1_496' title='bbox 700 3178 896 3237; x_wconf 90' lang='lat' dir='ltr'>dolore</span> <span class='ocrx_word' id='word_1_497' title='bbox 926 3184 1204 3255; x_wconf 83' lang='lat' dir='ltr'>baptismi</span> <span class='ocrx_word' id='word_1_498' title='bbox 1235 3163 1388 3242; x_wconf 79' lang='lat' dir='ltr'>diem</span> <span class='ocrx_word' id='word_1_499' title='bbox 1422 3188 1479 3242; x_wconf 89' lang='lat' dir='ltr'>in</span> <span class='ocrx_word' id='word_1_500' title='bbox 1514 3188 1672 3244; x_wconf 91' lang='lat' dir='ltr'>luctu</span> <span class='ocrx_word' id='word_1_501' title='bbox 1722 3163 1896 3245; x_wconf 44' lang='lat' dir='ltr'>duce;</span> 
     </span>
    </p>
   </div>
   <div class='ocr_carea' id='block_1_66' title="bbox 2021 3163 3639 3265">
    <p class='ocr_par' dir='ltr' id='par_1_66' title="bbox 2021 3163 3639 3265">
     <span class='ocr_line' id='line_1_66' title="bbox 2021 3163 3639 3265; baseline -0.001 -20"><span class='ocrx_word' id='word_1_502' title='bbox 2021 3163 2274 3253; x_wconf 48' lang='grc' dir='ltr'>θέντεςέν</span> <span class='ocrx_word' id='word_1_503' title='bbox 2304 3193 2373 3263; x_wconf 79' lang='grc' dir='ltr'>τῇ</span> <span class='ocrx_word' id='word_1_504' title='bbox 2402 3194 2501 3243; x_wconf 92' lang='grc' dir='ltr'>τοῦ</span> <span class='ocrx_word' id='word_1_505' title='bbox 2548 3163 2917 3265; x_wconf 71' lang='grc' dir='ltr'>βαπτίσματος</span> <span class='ocrx_word' id='word_1_506' title='bbox 2964 3189 3148 3264; x_wconf 77' lang='grc' dir='ltr'>ἡμέρᾳ</span> <span class='ocrx_word' id='word_1_507' title='bbox 3189 3193 3504 3252; x_wconf 78' lang='grc' dir='ltr'>πενθοῦντες</span> <span class='ocrx_word' id='word_1_508' title='bbox 3549 3187 3639 3244; x_wconf 83' lang='grc' dir='ltr'>δια</span> 
     </span>
    </p>
   </div>
   <div class='ocr_carea' id='block_1_67' title="bbox 255 3262 1900 3345">
    <p class='ocr_par' dir='ltr' id='par_1_67' title="bbox 255 3262 1900 3345">
     <span class='ocr_line' id='line_1_67' title="bbox 255 3262 1900 3345; baseline 0.012 -30"><span class='ocrx_word' id='word_1_509' title='bbox 255 3262 413 3333; x_wconf 90' lang='lat' dir='ltr'>retis,</span> <span class='ocrx_word' id='word_1_510' title='bbox 449 3268 683 3336; x_wconf 89' lang='lat' dir='ltr'>quando</span> <span class='ocrx_word' id='word_1_511' title='bbox 713 3270 889 3325; x_wconf 88' lang='lat' dir='ltr'>etiam</span> <span class='ocrx_word' id='word_1_512' title='bbox 923 3274 1110 3345; x_wconf 86' lang='lat' dir='ltr'>angeli</span> <span class='ocrx_word' id='word_1_513' title='bbox 1144 3276 1467 3332; x_wconf 69' lang='lat' dir='ltr'>efferuntur</span> <span class='ocrx_word' id='word_1_514' title='bbox 1496 3276 1715 3334; x_wconf 67' lang='lat' dir='ltr'>laetitia.</span> <span class='ocrx_word' id='word_1_515' title='bbox 1776 3280 1900 3335; x_wconf 65' lang='lat' dir='ltr'>llaec</span> 
     </span>
    </p>
   </div>
   <div class='ocr_carea' id='block_1_68' title="bbox 254 3354 1899 3441">
    <p class='ocr_par' dir='ltr' id='par_1_68' title="bbox 254 3354 1899 3441">
     <span class='ocr_line' id='line_1_68' title="bbox 254 3354 1899 3441; baseline 0.011 -37"><span class='ocrx_word' id='word_1_516' title='bbox 254 3354 463 3408; x_wconf 90' lang='lat' dir='ltr'>Petrus</span> <span class='ocrx_word' id='word_1_517' title='bbox 504 3371 636 3411; x_wconf 91' lang='lat' dir='ltr'>cum</span> <span class='ocrx_word' id='word_1_518' title='bbox 669 3356 904 3427; x_wconf 91' lang='lat' dir='ltr'>diceret,</span> <span class='ocrx_word' id='word_1_519' title='bbox 936 3378 1141 3418; x_wconf 89' lang='lat' dir='ltr'>omnes</span> <span class='ocrx_word' id='word_1_520' title='bbox 1183 3382 1298 3420; x_wconf 89' lang='lat' dir='ltr'>una</span> <span class='ocrx_word' id='word_1_521' title='bbox 1332 3382 1465 3421; x_wconf 92' lang='lat' dir='ltr'>cum</span> <span class='ocrx_word' id='word_1_522' title='bbox 1500 3374 1683 3423; x_wconf 90' lang='lat' dir='ltr'>matre</span> <span class='ocrx_word' id='word_1_523' title='bbox 1714 3366 1899 3441; x_wconf 84' lang='lat' dir='ltr'>lacry-</span> 
     </span>
    </p>
   </div>
   <div class='ocr_carea' id='block_1_69' title="bbox 257 3441 1896 3527">
    <p class='ocr_par' dir='ltr' id='par_1_69' title="bbox 257 3441 1896 3527">
     <span class='ocr_line' id='line_1_69' title="bbox 257 3441 1896 3527; baseline 0.012 -33"><span class='ocrx_word' id='word_1_524' title='bbox 257 3441 370 3496; x_wconf 88' lang='lat' dir='ltr'>mis</span> <span class='ocrx_word' id='word_1_525' title='bbox 402 3458 508 3498; x_wconf 90' lang='lat' dir='ltr'>nos</span> <span class='ocrx_word' id='word_1_526' title='bbox 548 3445 838 3502; x_wconf 85' lang='lat' dir='ltr'>dedimus.</span> <span class='ocrx_word' id='word_1_527' title='bbox 891 3453 1043 3517; x_wconf 88' lang='lat' dir='ltr'>Quos</span> <span class='ocrx_word' id='word_1_528' title='bbox 1095 3452 1190 3508; x_wconf 92' lang='lat' dir='ltr'>ille</span> <span class='ocrx_word' id='word_1_529' title='bbox 1232 3454 1619 3527; x_wconf 87' lang='lat' dir='ltr'>lacrymantes</span> <span class='ocrx_word' id='word_1_530' title='bbox 1672 3457 1896 3526; x_wconf 88' lang='lat' dir='ltr'>videns,</span> 
     </span>
    </p>
   </div>
   <div class='ocr_carea' id='block_1_70' title="bbox 254 3530 1901 3619">
    <p class='ocr_par' dir='ltr' id='par_1_70' title="bbox 254 3530 1901 3619">
     <span class='ocr_line' id='line_1_70' title="bbox 254 3530 1901 3619; baseline 0.013 -37"><span class='ocrx_word' id='word_1_531' title='bbox 254 3530 371 3584; x_wconf 89' lang='lat' dir='ltr'>ait:</span> <span class='ocrx_word' id='word_1_532' title='bbox 399 3530 563 3587; x_wconf 88' lang='lat' dir='ltr'>Nunc</span> <span class='ocrx_word' id='word_1_533' title='bbox 598 3538 1001 3611; x_wconf 89' lang='lat' dir='ltr'>unusquisque</span> <span class='ocrx_word' id='word_1_534' title='bbox 1030 3548 1311 3610; x_wconf 89' lang='lat' dir='ltr'>vestrum,</span> <span class='ocrx_word' id='word_1_535' title='bbox 1354 3562 1458 3615; x_wconf 91' lang='lat' dir='ltr'>pro</span> <span class='ocrx_word' id='word_1_536' title='bbox 1506 3546 1714 3601; x_wconf 91' lang='lat' dir='ltr'>timore</span> <span class='ocrx_word' id='word_1_537' title='bbox 1762 3563 1901 3619; x_wconf 87' lang='lat' dir='ltr'>erga</span> 
     </span>
    </p>
   </div>
   <div class='ocr_carea' id='block_1_71' title="bbox 254 3617 1898 3708">
    <p class='ocr_par' dir='ltr' id='par_1_71' title="bbox 254 3617 1898 3708">
     <span class='ocr_line' id='line_1_71' title="bbox 254 3617 1898 3708; baseline 0.012 -36"><span class='ocrx_word' id='word_1_538' title='bbox 254 3617 461 3687; x_wconf 91' lang='lat' dir='ltr'>Deum,</span> <span class='ocrx_word' id='word_1_539' title='bbox 496 3623 720 3679; x_wconf 84' lang='lat' dir='ltr'>fortiter</span> <span class='ocrx_word' id='word_1_540' title='bbox 756 3644 882 3697; x_wconf 61' lang='lat' dir='ltr'>qua:</span> <span class='ocrx_word' id='word_1_541' title='bbox 932 3637 1253 3687; x_wconf 87' lang='lat' dir='ltr'>memorata</span> <span class='ocrx_word' id='word_1_542' title='bbox 1300 3638 1438 3688; x_wconf 92' lang='lat' dir='ltr'>sunt</span> <span class='ocrx_word' id='word_1_543' title='bbox 1484 3635 1648 3690; x_wconf 84' lang='lat' dir='ltr'>ferat.</span> <span class='ocrx_word' id='word_1_544' title='bbox 1699 3617 1898 3708; x_wconf 50' lang='lat' dir='ltr'>neque</span> 
     </span>
    </p>
   </div>
   <div class='ocr_carea' id='block_1_72' title="bbox 252 3706 1899 3794">
    <p class='ocr_par' dir='ltr' id='par_1_72' title="bbox 252 3706 1899 3794">
     <span class='ocr_line' id='line_1_72' title="bbox 252 3706 1899 3794; baseline 0.012 -33"><span class='ocrx_word' id='word_1_545' title='bbox 252 3706 409 3763; x_wconf 85' lang='lat' dir='ltr'>enim</span> <span class='ocrx_word' id='word_1_546' title='bbox 442 3709 611 3766; x_wconf 92' lang='lat' dir='ltr'>hodie</span> <span class='ocrx_word' id='word_1_547' title='bbox 643 3715 805 3770; x_wconf 87' lang='lat' dir='ltr'>vobis</span> <span class='ocrx_word' id='word_1_548' title='bbox 838 3716 1057 3773; x_wconf 90' lang='lat' dir='ltr'>interiit</span> <span class='ocrx_word' id='word_1_549' title='bbox 1079 3726 1257 3792; x_wconf 88' lang='lat' dir='ltr'>pater,</span> <span class='ocrx_word' id='word_1_550' title='bbox 1284 3724 1381 3777; x_wconf 90' lang='lat' dir='ltr'>sed</span> <span class='ocrx_word' id='word_1_551' title='bbox 1401 3723 1525 3794; x_wconf 87' lang='lat' dir='ltr'>jam</span> <span class='ocrx_word' id='word_1_552' title='bbox 1557 3723 1718 3793; x_wconf 90' lang='lat' dir='ltr'>olim,</span> <span class='ocrx_word' id='word_1_553' title='bbox 1746 3706 1899 3781; x_wconf 82' lang='lat' dir='ltr'>sicut</span> 
     </span>
    </p>
   </div>
   <div class='ocr_carea' id='block_1_73' title="bbox 248 3802 1359 3870">
    <p class='ocr_par' dir='ltr' id='par_1_73' title="bbox 248 3802 1359 3870">
     <span class='ocr_line' id='line_1_73' title="bbox 248 3802 1359 3870; baseline 0.014 -20"><span class='ocrx_word' id='word_1_554' title='bbox 248 3811 349 3852; x_wconf 88' lang='lat' dir='ltr'>vos</span> <span class='ocrx_word' id='word_1_555' title='bbox 382 3802 715 3870; x_wconf 79' lang='lat' dir='ltr'>conjectura</span> <span class='ocrx_word' id='word_1_556' title='bbox 749 3811 900 3863; x_wconf 88' lang='lat' dir='ltr'>recte</span> <span class='ocrx_word' id='word_1_557' title='bbox 932 3808 1079 3864; x_wconf 88' lang='lat' dir='ltr'>facta</span> <span class='ocrx_word' id='word_1_558' title='bbox 1110 3811 1359 3867; x_wconf 86' lang='lat' dir='ltr'>dixistis.</span> 
     </span>
    </p>
   </div>
   <div class='ocr_carea' id='block_1_74' title="bbox 321 3886 1898 3967">
    <p class='ocr_par' dir='ltr' id='par_1_74' title="bbox 321 3886 1898 3967">
     <span class='ocr_line' id='line_1_74' title="bbox 321 3886 1898 3967; baseline 0.012 -27"><span class='ocrx_word' id='word_1_559' title='bbox 321 3886 411 3942; x_wconf 84' lang='lat' dir='ltr'>1X.</span> <span class='ocrx_word' id='word_1_560' title='bbox 447 3889 563 3944; x_wconf 87' lang='lat' dir='ltr'>Ista</span> <span class='ocrx_word' id='word_1_561' title='bbox 594 3891 759 3948; x_wconf 90' lang='lat' dir='ltr'>Petro</span> <span class='ocrx_word' id='word_1_562' title='bbox 789 3894 1063 3967; x_wconf 89' lang='lat' dir='ltr'>loquente</span> <span class='ocrx_word' id='word_1_563' title='bbox 1111 3906 1298 3955; x_wconf 90' lang='lat' dir='ltr'>mater</span> <span class='ocrx_word' id='word_1_564' title='bbox 1346 3901 1491 3957; x_wconf 86' lang='lat' dir='ltr'>ferre</span> <span class='ocrx_word' id='word_1_565' title='bbox 1538 3920 1651 3958; x_wconf 89' lang='lat' dir='ltr'>non</span> <span class='ocrx_word' id='word_1_566' title='bbox 1700 3902 1898 3959; x_wconf 86' lang='lat' dir='ltr'>valens</span> 
     </span>
    </p>
   </div>
   <div class='ocr_carea' id='block_1_75' title="bbox 253 3972 1897 4064">
    <p class='ocr_par' dir='ltr' id='par_1_75' title="bbox 253 3972 1897 4064">
     <span class='ocr_line' id='line_1_75' title="bbox 253 3972 1897 4064; baseline 0.012 -35"><span class='ocrx_word' id='word_1_567' title='bbox 253 3972 523 4032; x_wconf 86' lang='lat' dir='ltr'>clamavit</span> <span class='ocrx_word' id='word_1_568' title='bbox 551 3986 607 4034; x_wconf 93' lang='lat' dir='ltr'>et</span> <span class='ocrx_word' id='word_1_569' title='bbox 637 3982 821 4039; x_wconf 84' lang='lat' dir='ltr'>dixit:</span> <span class='ocrx_word' id='word_1_570' title='bbox 856 3985 955 4041; x_wconf 88' lang='lat' dir='ltr'>Hei</span> <span class='ocrx_word' id='word_1_571' title='bbox 989 3987 1152 4057; x_wconf 84' lang='lat' dir='ltr'>mihi,</span> <span class='ocrx_word' id='word_1_572' title='bbox 1186 4007 1217 4044; x_wconf 92' lang='grc' dir='ltr'>ο</span> <span class='ocrx_word' id='word_1_573' title='bbox 1248 3991 1369 4057; x_wconf 93' lang='lat' dir='ltr'>vir;</span> <span class='ocrx_word' id='word_1_574' title='bbox 1404 3998 1463 4047; x_wconf 90' lang='lat' dir='ltr'>tu</span> <span class='ocrx_word' id='word_1_575' title='bbox 1498 4010 1605 4047; x_wconf 89' lang='lat' dir='ltr'>nos</span> <span class='ocrx_word' id='word_1_576' title='bbox 1648 3992 1897 4064; x_wconf 89' lang='lat' dir='ltr'>diligens</span> 
     </span>
    </p>
   </div>
   <div class='ocr_carea' id='block_1_76' title="bbox 253 4064 1895 4153">
    <p class='ocr_par' dir='ltr' id='par_1_76' title="bbox 253 4064 1895 4153">
     <span class='ocr_line' id='line_1_76' title="bbox 253 4064 1895 4153; baseline 0.011 -36"><span class='ocrx_word' id='word_1_577' title='bbox 253 4064 397 4119; x_wconf 91' lang='lat' dir='ltr'>mori</span> <span class='ocrx_word' id='word_1_578' title='bbox 430 4066 697 4135; x_wconf 84' lang='lat' dir='ltr'>voluisti;</span> <span class='ocrx_word' id='word_1_579' title='bbox 733 4089 837 4129; x_wconf 90' lang='lat' dir='ltr'>nos</span> <span class='ocrx_word' id='word_1_580' title='bbox 868 4092 999 4130; x_wconf 91' lang='lat' dir='ltr'>vero</span> <span class='ocrx_word' id='word_1_581' title='bbox 1030 4078 1299 4145; x_wconf 85' lang='lat' dir='ltr'>vivimus,</span> <span class='ocrx_word' id='word_1_582' title='bbox 1342 4085 1399 4134; x_wconf 91' lang='lat' dir='ltr'>et</span> <span class='ocrx_word' id='word_1_583' title='bbox 1448 4080 1636 4137; x_wconf 90' lang='lat' dir='ltr'>lucem</span> <span class='ocrx_word' id='word_1_584' title='bbox 1684 4082 1895 4153; x_wconf 87' lang='lat' dir='ltr'>aspici-</span> 
     </span>
    </p>
   </div>
   <div class='ocr_carea' id='block_1_77' title="bbox 256 4158 1896 4233">
    <p class='ocr_par' dir='ltr' id='par_1_77' title="bbox 256 4158 1896 4233">
     <span class='ocr_line' id='line_1_77' title="bbox 256 4158 1896 4233; baseline 0.014 -28"><span class='ocrx_word' id='word_1_585' title='bbox 256 4168 409 4221; x_wconf 87' lang='lat' dir='ltr'>mus,</span> <span class='ocrx_word' id='word_1_586' title='bbox 444 4160 501 4209; x_wconf 90' lang='lat' dir='ltr'>et</span> <span class='ocrx_word' id='word_1_587' title='bbox 531 4158 723 4214; x_wconf 82' lang='lat' dir='ltr'>adhuc</span> <span class='ocrx_word' id='word_1_588' title='bbox 752 4163 1248 4233; x_wconf 89' lang='lat' dir='ltr'>capimuscibum.</span> <span class='ocrx_word' id='word_1_589' title='bbox 1274 4171 1545 4225; x_wconf 85' lang='lat' dir='ltr'>Nondum</span> <span class='ocrx_word' id='word_1_590' title='bbox 1569 4176 1763 4226; x_wconf 81' lang='lat' dir='ltr'>autem</span> <span class='ocrx_word' id='word_1_591' title='bbox 1788 4171 1896 4227; x_wconf 91' lang='lat' dir='ltr'>hoc</span> 
     </span>
    </p>
   </div>
   <div class='ocr_carea' id='block_1_78' title="bbox 254 4246 1895 4329">
    <p class='ocr_par' dir='ltr' id='par_1_78' title="bbox 254 4246 1895 4329">
     <span class='ocr_line' id='line_1_78' title="bbox 254 4246 1895 4329; baseline 0.012 -33"><span class='ocrx_word' id='word_1_592' title='bbox 254 4258 368 4299; x_wconf 91' lang='lat' dir='ltr'>uno</span> <span class='ocrx_word' id='word_1_593' title='bbox 399 4246 618 4315; x_wconf 83' lang='lat' dir='ltr'>ejulatu</span> <span class='ocrx_word' id='word_1_594' title='bbox 650 4248 837 4320; x_wconf 86' lang='lat' dir='ltr'>ﬁnito,</span> <span class='ocrx_word' id='word_1_595' title='bbox 871 4269 1001 4309; x_wconf 90' lang='lat' dir='ltr'>ecce</span> <span class='ocrx_word' id='word_1_596' title='bbox 1031 4271 1205 4310; x_wconf 84' lang='lat' dir='ltr'>senex</span> <span class='ocrx_word' id='word_1_597' title='bbox 1234 4257 1578 4329; x_wconf 83' lang='lat' dir='ltr'>ingreditur,</span> <span class='ocrx_word' id='word_1_598' title='bbox 1612 4264 1668 4314; x_wconf 93' lang='lat' dir='ltr'>et</span> <span class='ocrx_word' id='word_1_599' title='bbox 1718 4261 1895 4316; x_wconf 88' lang='lat' dir='ltr'>simul</span> 
     </span>
    </p>
   </div>
   <div class='ocr_carea' id='block_1_79' title="bbox 250 4335 1895 4421">
    <p class='ocr_par' dir='ltr' id='par_1_79' title="bbox 250 4335 1895 4421">
     <span class='ocr_line' id='line_1_79' title="bbox 250 4335 1895 4421; baseline 0.012 -34"><span class='ocrx_word' id='word_1_600' title='bbox 250 4337 425 4404; x_wconf 89' lang='lat' dir='ltr'>atque</span> <span class='ocrx_word' id='word_1_601' title='bbox 454 4335 723 4393; x_wconf 86' lang='lat' dir='ltr'>clamoris</span> <span class='ocrx_word' id='word_1_602' title='bbox 756 4356 993 4397; x_wconf 88' lang='lat' dir='ltr'>causam</span> <span class='ocrx_word' id='word_1_603' title='bbox 1022 4344 1305 4401; x_wconf 87' lang='lat' dir='ltr'>sciscitari</span> <span class='ocrx_word' id='word_1_604' title='bbox 1340 4347 1526 4416; x_wconf 84' lang='lat' dir='ltr'>vellet,</span> <span class='ocrx_word' id='word_1_605' title='bbox 1581 4349 1895 4421; x_wconf 87' lang='lat' dir='ltr'>respiciens</span> 
     </span>
    </p>
   </div>
   <div class='ocr_carea' id='block_1_80' title="bbox 248 4423 1891 4506">
    <p class='ocr_par' dir='ltr' id='par_1_80' title="bbox 248 4423 1891 4506">
     <span class='ocr_line' id='line_1_80' title="bbox 248 4423 1891 4506; baseline 0.012 -30"><span class='ocrx_word' id='word_1_606' title='bbox 248 4423 321 4477; x_wconf 92' lang='lat' dir='ltr'>ad</span> <span class='ocrx_word' id='word_1_607' title='bbox 354 4440 633 4483; x_wconf 86' lang='lat' dir='ltr'>uxorem:</span> <span class='ocrx_word' id='word_1_608' title='bbox 670 4446 682 4483; x_wconf 94' lang='lat'>:</span> <span class='ocrx_word' id='word_1_609' title='bbox 719 4429 841 4496; x_wconf 85' lang='lat' dir='ltr'>Hei,</span> <span class='ocrx_word' id='word_1_610' title='bbox 874 4430 1085 4503; x_wconf 87' lang='lat' dir='ltr'>inquit,</span> <span class='ocrx_word' id='word_1_611' title='bbox 1121 4436 1402 4506; x_wconf 88' lang='lat' dir='ltr'>quidnam</span> <span class='ocrx_word' id='word_1_612' title='bbox 1430 4437 1536 4493; x_wconf 90' lang='lat' dir='ltr'>hoc</span> <span class='ocrx_word' id='word_1_613' title='bbox 1554 4443 1643 4494; x_wconf 86' lang='lat' dir='ltr'>est</span> <span class='ocrx_word' id='word_1_614' title='bbox 1670 4440 1891 4503; x_wconf 78' lang='lat' dir='ltr'>PQuam</span> 
     </span>
    </p>
   </div>
   <div class='ocr_carea' id='block_1_81' title="bbox 2007 3276 3661 3353">
    <p class='ocr_par' dir='ltr' id='par_1_81' title="bbox 2007 3276 3661 3353">
     <span class='ocr_line' id='line_1_81' title="bbox 2007 3276 3661 3353; baseline -0.001 -19"><span class='ocrx_word' id='word_1_615' title='bbox 2007 3277 2288 3349; x_wconf 81' lang='grc' dir='ltr'>τελέσητε,</span> <span class='ocrx_word' id='word_1_616' title='bbox 2342 3276 2505 3333; x_wconf 84' lang='grc' dir='ltr'>ὁπότε</span> <span class='ocrx_word' id='word_1_617' title='bbox 2550 3277 2641 3332; x_wconf 85' lang='grc' dir='ltr'>καὶ</span> <span class='ocrx_word' id='word_1_618' title='bbox 2700 3276 2918 3353; x_wconf 82' lang='grc' dir='ltr'>ἄγγελοι</span> <span class='ocrx_word' id='word_1_619' title='bbox 2970 3276 3272 3353; x_wconf 85' lang='grc' dir='ltr'>χαίρουσιν.</span> <span class='ocrx_word' id='word_1_620' title='bbox 3323 3282 3499 3333; x_wconf 89' lang='grc' dir='ltr'>Ταῦτα</span> <span class='ocrx_word' id='word_1_621' title='bbox 3559 3282 3661 3333; x_wconf 88' lang='grc' dir='ltr'>τοῦ</span> 
     </span>
    </p>
   </div>
   <div class='ocr_carea' id='block_1_82' title="bbox 2010 3364 3663 3443">
    <p class='ocr_par' dir='ltr' id='par_1_82' title="bbox 2010 3364 3663 3443">
     <span class='ocr_line' id='line_1_82' title="bbox 2010 3364 3663 3443; baseline -0.002 -20"><span class='ocrx_word' id='word_1_622' title='bbox 2010 3368 2216 3443; x_wconf 85' lang='grc' dir='ltr'>Πέτρου</span> <span class='ocrx_word' id='word_1_623' title='bbox 2244 3366 2529 3443; x_wconf 84' lang='grc' dir='ltr'>λέγοντος,</span> <span class='ocrx_word' id='word_1_624' title='bbox 2562 3364 2891 3441; x_wconf 77' lang='grc' dir='ltr'>ἐδακρύομεν</span> <span class='ocrx_word' id='word_1_625' title='bbox 2934 3367 2984 3420; x_wconf 77' lang='lat' dir='ltr'>oi.</span> <span class='ocrx_word' id='word_1_626' title='bbox 3015 3368 3208 3428; x_wconf 73' lang='grc' dir='ltr'>πάντες</span> <span class='ocrx_word' id='word_1_627' title='bbox 3246 3366 3379 3439; x_wconf 77' lang='grc' dir='ltr'>μετὰ</span> <span class='ocrx_word' id='word_1_628' title='bbox 3404 3374 3505 3436; x_wconf 77' lang='grc' dir='ltr'>τῆς</span> <span class='ocrx_word' id='word_1_629' title='bbox 3558 3388 3663 3440; x_wconf 89' lang='grc' dir='ltr'>μη-</span> 
     </span>
    </p>
   </div>
   <div class='ocr_carea' id='block_1_83' title="bbox 2007 3451 3656 3534">
    <p class='ocr_par' dir='ltr' id='par_1_83' title="bbox 2007 3451 3656 3534">
     <span class='ocr_line' id='line_1_83' title="bbox 2007 3451 3656 3534; baseline -0.002 -21"><span class='ocrx_word' id='word_1_630' title='bbox 2007 3457 2157 3534; x_wconf 91' lang='grc' dir='ltr'>τρός.</span> <span class='ocrx_word' id='word_1_631' title='bbox 2190 3458 2246 3510; x_wconf 77' lang='grc' dir='ltr'><strong>Ὀ</strong></span> <span class='ocrx_word' id='word_1_632' title='bbox 2278 3454 2336 3511; x_wconf 79' lang='grc' dir='ltr'>δὲ</span> <span class='ocrx_word' id='word_1_633' title='bbox 2379 3454 2708 3533; x_wconf 89' lang='grc' dir='ltr'>δακρύοντας</span> <span class='ocrx_word' id='word_1_634' title='bbox 2761 3452 2889 3510; x_wconf 78' lang='grc' dir='ltr'>ἰδὼν</span> <span class='ocrx_word' id='word_1_635' title='bbox 2940 3458 3087 3529; x_wconf 77' lang='grc' dir='ltr'>ἡμᾶς</span> <span class='ocrx_word' id='word_1_636' title='bbox 3132 3457 3177 3491; x_wconf 72' lang='grc'>⁸⁸</span> <span class='ocrx_word' id='word_1_637' title='bbox 3225 3451 3345 3533; x_wconf 81' lang='grc' dir='ltr'>ἔφη·</span> <span class='ocrx_word' id='word_1_638' title='bbox 3377 3459 3481 3510; x_wconf 80' lang='grc' dir='ltr'>Νῦν</span> <span class='ocrx_word' id='word_1_639' title='bbox 3530 3452 3656 3511; x_wconf 71' lang='grc' dir='ltr'>’ἑκα-</span> 
     </span>
    </p>
   </div>
   <div class='ocr_carea' id='block_1_84' title="bbox 2008 3541 3655 3623">
    <p class='ocr_par' dir='ltr' id='par_1_84' title="bbox 2008 3541 3655 3623">
     <span class='ocr_line' id='line_1_84' title="bbox 2008 3541 3655 3623; baseline -0.002 -21"><span class='ocrx_word' id='word_1_640' title='bbox 2008 3568 2133 3609; x_wconf 90' lang='grc' dir='ltr'>στος</span> <span class='ocrx_word' id='word_1_641' title='bbox 2168 3547 2320 3620; x_wconf 87' lang='grc' dir='ltr'>ὑμῶν</span> <span class='ocrx_word' id='word_1_642' title='bbox 2354 3541 2509 3621; x_wconf 89' lang='grc' dir='ltr'>φόϐῳ</span> <span class='ocrx_word' id='word_1_643' title='bbox 2533 3549 2613 3617; x_wconf 82' lang='grc' dir='ltr'>τῷ</span> <span class='ocrx_word' id='word_1_644' title='bbox 2641 3545 2777 3621; x_wconf 89' lang='grc' dir='ltr'>πρὸς</span> <span class='ocrx_word' id='word_1_645' title='bbox 2824 3546 2916 3599; x_wconf 90' lang='grc' dir='ltr'>τὸν</span> <span class='ocrx_word' id='word_1_646' title='bbox 2966 3545 3093 3600; x_wconf 86' lang='grc' dir='ltr'>Θεὸν</span> <span class='ocrx_word' id='word_1_647' title='bbox 3139 3544 3395 3621; x_wconf 79' lang='grc' dir='ltr'>γενναίως</span> <span class='ocrx_word' id='word_1_648' title='bbox 3448 3543 3655 3623; x_wconf 83' lang='grc' dir='ltr'>φερέτω</span> 
     </span>
    </p>
   </div>
   <div class='ocr_carea' id='block_1_85' title="bbox 2005 3632 3655 3712">
    <p class='ocr_par' dir='ltr' id='par_1_85' title="bbox 2005 3632 3655 3712">
     <span class='ocr_line' id='line_1_85' title="bbox 2005 3632 3655 3712; baseline -0.001 -21"><span class='ocrx_word' id='word_1_649' title='bbox 2005 3636 2073 3691; x_wconf 84' lang='grc' dir='ltr'>τὰ</span> <span class='ocrx_word' id='word_1_650' title='bbox 2105 3635 2386 3712; x_wconf 82' lang='grc' dir='ltr'>λεχθέντα.</span> <span class='ocrx_word' id='word_1_651' title='bbox 2422 3634 2495 3689; x_wconf 80' lang='grc' dir='ltr'>Οὐ</span> <span class='ocrx_word' id='word_1_652' title='bbox 2526 3634 2626 3710; x_wconf 79' lang='grc' dir='ltr'>γὰρ</span> <span class='ocrx_word' id='word_1_653' title='bbox 2660 3632 2727 3702; x_wconf 74' lang='grc' dir='ltr'>δή</span> <span class='ocrx_word' id='word_1_654' title='bbox 2779 3636 3015 3710; x_wconf 89' lang='grc' dir='ltr'>σήμερον</span> <span class='ocrx_word' id='word_1_655' title='bbox 3067 3634 3192 3707; x_wconf 87' lang='grc' dir='ltr'>ὑμῖν</span> <span class='ocrx_word' id='word_1_656' title='bbox 3236 3632 3578 3704; x_wconf 82' lang='grc' dir='ltr'>ἐτελεύτησεν</span> <span class='ocrx_word' id='word_1_657' title='bbox 3626 3634 3655 3689; x_wconf 81' lang='grc' dir='ltr'>ὁ</span> 
     </span>
    </p>
   </div>
   <div class='ocr_carea' id='block_1_86' title="bbox 2006 3720 3653 3801">
    <p class='ocr_par' dir='ltr' id='par_1_86' title="bbox 2006 3720 3653 3801">
     <span class='ocr_line' id='line_1_86' title="bbox 2006 3720 3653 3801; baseline -0.002 -21"><span class='ocrx_word' id='word_1_658' title='bbox 2006 3726 2208 3801; x_wconf 72' lang='grc' dir='ltr'>πατὴρ,</span> <span class='ocrx_word' id='word_1_659' title='bbox 2241 3721 2387 3779; x_wconf 72' lang='grc' dir='ltr'>ἀλλὰ</span> <span class='ocrx_word' id='word_1_660' title='bbox 2434 3724 2524 3778; x_wconf 81' lang='grc' dir='ltr'>καὶ</span> <span class='ocrx_word' id='word_1_661' title='bbox 2571 3720 2803 3778; x_wconf 82' lang='grc' dir='ltr'>ἔκπαλαι</span> <span class='ocrx_word' id='word_1_662' title='bbox 2832 3726 2898 3793; x_wconf 70' lang='grc'>⁸9,</span> <span class='ocrx_word' id='word_1_663' title='bbox 2933 3723 3005 3785; x_wconf 86' lang='grc' dir='ltr'>ὡς</span> <span class='ocrx_word' id='word_1_664' title='bbox 3056 3723 3211 3795; x_wconf 82' lang='grc' dir='ltr'>ὑμεῖς</span> <span class='ocrx_word' id='word_1_665' title='bbox 3259 3722 3653 3798; x_wconf 76' lang='grc' dir='ltr'>στοχαζόμενοι</span> 
     </span>
    </p>
   </div>
   <div class='ocr_carea' id='block_1_87' title="bbox 2008 3811 2280 3887">
    <p class='ocr_par' dir='ltr' id='par_1_87' title="bbox 2008 3811 2280 3887">
     <span class='ocr_line' id='line_1_87' title="bbox 2008 3811 2280 3887; baseline 0.004 -21"><span class='ocrx_word' id='word_1_666' title='bbox 2008 3811 2280 3887; x_wconf 73' lang='grc' dir='ltr'>εἰρήκατε.</span> 
     </span>
    </p>
   </div>
   <div class='ocr_carea' id='block_1_88' title="bbox 2078 3897 3655 3976">
    <p class='ocr_par' dir='ltr' id='par_1_88' title="bbox 2078 3897 3655 3976">
     <span class='ocr_line' id='line_1_88' title="bbox 2078 3897 3655 3976; baseline -0.008 -21"><span class='ocrx_word' id='word_1_667' title='bbox 2078 3906 2167 3956; x_wconf 84' lang='lat' dir='ltr'>IX.</span> <span class='ocrx_word' id='word_1_668' title='bbox 2193 3903 2368 3954; x_wconf 82' lang='grc' dir='ltr'>Ταῦτα</span> <span class='ocrx_word' id='word_1_669' title='bbox 2405 3903 2503 3954; x_wconf 91' lang='grc' dir='ltr'>τοῦ</span> <span class='ocrx_word' id='word_1_670' title='bbox 2552 3897 2757 3971; x_wconf 82' lang='grc' dir='ltr'>Πέτρου</span> <span class='ocrx_word' id='word_1_671' title='bbox 2804 3897 3072 3967; x_wconf 66' lang='grc' dir='ltr'>εἰπόντος,</span> <span class='ocrx_word' id='word_1_672' title='bbox 3105 3900 3139 3968; x_wconf 79' lang='grc' dir='ltr'><strong>ἡ</strong></span> <span class='ocrx_word' id='word_1_673' title='bbox 3196 3900 3378 3972; x_wconf 81' lang='grc' dir='ltr'>μήτηρ</span> <span class='ocrx_word' id='word_1_674' title='bbox 3429 3899 3505 3971; x_wconf 81' lang='grc' dir='ltr'>μὴ</span> <span class='ocrx_word' id='word_1_675' title='bbox 3565 3897 3655 3976; x_wconf 71' lang='grc' dir='ltr'>φέ-</span> 
     </span>
    </p>
   </div>
   <div class='ocr_carea' id='block_1_89' title="bbox 2008 3985 3652 4066">
    <p class='ocr_par' dir='ltr' id='par_1_89' title="bbox 2008 3985 3652 4066">
     <span class='ocr_line' id='line_1_89' title="bbox 2008 3985 3652 4066; baseline -0.001 -23"><span class='ocrx_word' id='word_1_676' title='bbox 2008 4010 2173 4066; x_wconf 92' lang='grc' dir='ltr'>ρουσα</span> <span class='ocrx_word' id='word_1_677' title='bbox 2226 3990 2408 4064; x_wconf 88' lang='grc' dir='ltr'>βοῶσα</span> <span class='ocrx_word' id='word_1_678' title='bbox 2439 3985 2562 4066; x_wconf 77' lang='grc' dir='ltr'>ἔφη’</span> <span class='ocrx_word' id='word_1_679' title='bbox 2597 3985 2765 4061; x_wconf 74' lang='grc' dir='ltr'>Οἷ¹μοι</span> <span class='ocrx_word' id='word_1_680' title='bbox 2795 3990 2840 4024; x_wconf 72' lang='grc' dir='ltr'>το</span> <span class='ocrx_word' id='word_1_681' title='bbox 2884 3986 3030 4063; x_wconf 76' lang='grc' dir='ltr'>ἄνερ,</span> <span class='ocrx_word' id='word_1_682' title='bbox 3070 3990 3219 4061; x_wconf 74' lang='grc' dir='ltr'>ἡμᾶς</span> <span class='ocrx_word' id='word_1_683' title='bbox 3266 3987 3484 4061; x_wconf 80' lang='grc' dir='ltr'>ἀγαπῶν</span> <span class='ocrx_word' id='word_1_684' title='bbox 3534 3986 3652 4063; x_wconf 86' lang='grc' dir='ltr'>κρί-</span> 
     </span>
    </p>
   </div>
   <div class='ocr_carea' id='block_1_90' title="bbox 2004 4073 3655 4154">
    <p class='ocr_par' dir='ltr' id='par_1_90' title="bbox 2004 4073 3655 4154">
     <span class='ocr_line' id='line_1_90' title="bbox 2004 4073 3655 4154; baseline -0.001 -22"><span class='ocrx_word' id='word_1_685' title='bbox 2004 4099 2082 4133; x_wconf 88' lang='grc' dir='ltr'>σει</span> <span class='ocrx_word' id='word_1_686' title='bbox 2118 4079 2213 4151; x_wconf 78' lang='grc' dir='ltr'>μὶν</span> <span class='ocrx_word' id='word_1_687' title='bbox 2242 4077 2400 4139; x_wconf 79' lang='grc' dir='ltr'>αὐτὸς</span> <span class='ocrx_word' id='word_1_688' title='bbox 2436 4076 2810 4147; x_wconf 82' lang='grc' dir='ltr'>ἐτελεύτησας,</span> <span class='ocrx_word' id='word_1_689' title='bbox 2842 4078 3004 4149; x_wconf 78' lang='grc' dir='ltr'>ἡμεῖς</span> <span class='ocrx_word' id='word_1_690' title='bbox 3035 4073 3091 4131; x_wconf 75' lang='grc' dir='ltr'>δὲ</span> <span class='ocrx_word' id='word_1_691' title='bbox 3123 4081 3316 4145; x_wconf 85' lang='grc' dir='ltr'>ζῶντες</span> <span class='ocrx_word' id='word_1_692' title='bbox 3363 4081 3475 4154; x_wconf 85' lang='grc' dir='ltr'>φῶς</span> <span class='ocrx_word' id='word_1_693' title='bbox 3509 4077 3655 4153; x_wconf 89' lang='grc' dir='ltr'>ὁρῶ-</span> 
     </span>
    </p>
   </div>
   <div class='ocr_carea' id='block_1_91' title="bbox 2008 4160 3655 4243">
    <p class='ocr_par' dir='ltr' id='par_1_91' title="bbox 2008 4160 3655 4243">
     <span class='ocr_line' id='line_1_91' title="bbox 2008 4160 3655 4243; baseline -0.001 -21"><span class='ocrx_word' id='word_1_694' title='bbox 2008 4188 2123 4240; x_wconf 87' lang='grc' dir='ltr'>μεν,</span> <span class='ocrx_word' id='word_1_695' title='bbox 2154 4166 2243 4222; x_wconf 84' lang='grc' dir='ltr'>καὶ</span> <span class='ocrx_word' id='word_1_696' title='bbox 2291 4173 2500 4243; x_wconf 84' lang='grc' dir='ltr'>τροφῆς</span> <span class='ocrx_word' id='word_1_697' title='bbox 2552 4162 2673 4239; x_wconf 80' lang='grc' dir='ltr'>ἄρτι</span> <span class='ocrx_word' id='word_1_698' title='bbox 2717 4169 2761 4203; x_wconf 83' lang='grc'>⁷¹</span> <span class='ocrx_word' id='word_1_699' title='bbox 2816 4160 3328 4239; x_wconf 76' lang='grc' dir='ltr'>μεταλαμϐάνομεν.</span> <span class='ocrx_word' id='word_1_700' title='bbox 3380 4162 3543 4220; x_wconf 77' lang='grc' dir='ltr'>Οῦπω</span> <span class='ocrx_word' id='word_1_701' title='bbox 3594 4163 3655 4220; x_wconf 71' lang='grc' dir='ltr'>δὲ</span> 
     </span>
    </p>
   </div>
   <div class='ocr_carea' id='block_1_92' title="bbox 2003 4250 3652 4332">
    <p class='ocr_par' dir='ltr' id='par_1_92' title="bbox 2003 4250 3652 4332">
     <span class='ocr_line' id='line_1_92' title="bbox 2003 4250 3652 4332; baseline -0.002 -20"><span class='ocrx_word' id='word_1_702' title='bbox 2003 4267 2102 4329; x_wconf 83' lang='grc' dir='ltr'>τῆς</span> <span class='ocrx_word' id='word_1_703' title='bbox 2140 4263 2265 4332; x_wconf 79' lang='grc' dir='ltr'>μιᾶς</span> <span class='ocrx_word' id='word_1_704' title='bbox 2294 4254 2495 4325; x_wconf 79' lang='grc' dir='ltr'>ταύτης</span> <span class='ocrx_word' id='word_1_705' title='bbox 2529 4253 2812 4329; x_wconf 82' lang='grc' dir='ltr'>ὁλολυγῆς</span> <span class='ocrx_word' id='word_1_706' title='bbox 2851 4253 3222 4326; x_wconf 80' lang='grc' dir='ltr'>παυσαμένης,</span> <span class='ocrx_word' id='word_1_707' title='bbox 3257 4250 3373 4309; x_wconf 76' lang='grc' dir='ltr'>ἰδοῦ</span> <span class='ocrx_word' id='word_1_708' title='bbox 3421 4254 3509 4309; x_wconf 84' lang='grc' dir='ltr'>καὶ</span> <span class='ocrx_word' id='word_1_709' title='bbox 3541 4258 3586 4290; x_wconf 75' lang='grc'>⁷³</span> <span class='ocrx_word' id='word_1_710' title='bbox 3623 4256 3652 4309; x_wconf 88' lang='lat'>6</span> 
     </span>
    </p>
   </div>
   <div class='ocr_carea' id='block_1_93' title="bbox 2002 4341 3656 4426">
    <p class='ocr_par' dir='ltr' id='par_1_93' title="bbox 2002 4341 3656 4426">
     <span class='ocr_line' id='line_1_93' title="bbox 2002 4341 3656 4426; baseline -0.004 -23"><span class='ocrx_word' id='word_1_711' title='bbox 2002 4350 2173 4426; x_wconf 86' lang='grc' dir='ltr'>γέρων</span> <span class='ocrx_word' id='word_1_712' title='bbox 2206 4345 2398 4419; x_wconf 75' lang='grc' dir='ltr'>εἰσῄει,</span> <span class='ocrx_word' id='word_1_713' title='bbox 2429 4343 2519 4399; x_wconf 84' lang='grc' dir='ltr'>καὶ</span> <span class='ocrx_word' id='word_1_714' title='bbox 2549 4344 2660 4417; x_wconf 71' lang='grc' dir='ltr'>ἅμα</span> <span class='ocrx_word' id='word_1_715' title='bbox 2688 4347 2767 4415; x_wconf 80' lang='grc' dir='ltr'>τῷ</span> <span class='ocrx_word' id='word_1_716' title='bbox 2800 4341 3087 4419; x_wconf 86' lang='grc' dir='ltr'>βούλεσθαι</span> <span class='ocrx_word' id='word_1_717' title='bbox 3138 4342 3295 4397; x_wconf 81' lang='grc' dir='ltr'>αὐτὸν</span> <span class='ocrx_word' id='word_1_718' title='bbox 3343 4349 3444 4412; x_wconf 79' lang='grc' dir='ltr'>τῆς</span> <span class='ocrx_word' id='word_1_719' title='bbox 3492 4363 3656 4420; x_wconf 86' lang='grc' dir='ltr'>κραυ-</span> 
     </span>
    </p>
   </div>
   <div class='ocr_carea' id='block_1_94' title="bbox 2002 4427 3656 4515">
    <p class='ocr_par' dir='ltr' id='par_1_94' title="bbox 2002 4427 3656 4515">
     <span class='ocr_line' id='line_1_94' title="bbox 2002 4427 3656 4515; baseline -0.003 -23"><span class='ocrx_word' id='word_1_720' title='bbox 2002 4446 2104 4515; x_wconf 82' lang='grc' dir='ltr'>γῆς</span> <span class='ocrx_word' id='word_1_721' title='bbox 2142 4437 2242 4505; x_wconf 74' lang='grc' dir='ltr'>τὴν</span> <span class='ocrx_word' id='word_1_722' title='bbox 2292 4432 2466 4489; x_wconf 76' lang='grc' dir='ltr'>αἰτίαν</span> <span class='ocrx_word' id='word_1_723' title='bbox 2519 4433 2876 4488; x_wconf 71' lang='grc' dir='ltr'>πυνθάνεσθαι</span> <span class='ocrx_word' id='word_1_724' title='bbox 2917 4431 2995 4493; x_wconf 83' lang='grc' dir='ltr'>εἷς</span> <span class='ocrx_word' id='word_1_725' title='bbox 3042 4432 3140 4501; x_wconf 75' lang='grc' dir='ltr'>τήν</span> <span class='ocrx_word' id='word_1_726' title='bbox 3187 4437 3411 4507; x_wconf 82' lang='grc' dir='ltr'>γυναῖκα</span> <span class='ocrx_word' id='word_1_727' title='bbox 3458 4427 3656 4505; x_wconf 81' lang='grc' dir='ltr'>ἐμϐλέ-</span> 
     </span>
    </p>
   </div>
   <div class='ocr_carea' id='block_1_95' title="bbox 243 4511 1908 4602">
    <p class='ocr_par' dir='ltr' id='par_1_95' title="bbox 243 4511 1887 4596">
     <span class='ocr_line' id='line_1_95' title="bbox 243 4511 1887 4596; baseline 0.012 -32"><span class='ocrx_word' id='word_1_728' title='bbox 243 4511 454 4567; x_wconf 81' lang='lat' dir='ltr'>video?</span> <span class='ocrx_word' id='word_1_729' title='bbox 492 4516 780 4572; x_wconf 77' lang='lat' dir='ltr'>Accedens</span> <span class='ocrx_word' id='word_1_730' title='bbox 810 4535 941 4575; x_wconf 89' lang='lat' dir='ltr'>vero</span> <span class='ocrx_word' id='word_1_731' title='bbox 986 4527 1043 4576; x_wconf 89' lang='lat' dir='ltr'>et</span> <span class='ocrx_word' id='word_1_732' title='bbox 1092 4522 1432 4594; x_wconf 71' lang='lat' dir='ltr'>diligentius</span> <span class='ocrx_word' id='word_1_733' title='bbox 1483 4526 1773 4596; x_wconf 89' lang='lat' dir='ltr'>aspiciens</span> <span class='ocrx_word' id='word_1_734' title='bbox 1821 4544 1887 4583; x_wconf 91' lang='lat' dir='ltr'>ac</span> 
     </span>
    </p>
   </div>
   <div class='ocr_carea' id='block_1_96' title="bbox 2021 4511 3647 4602">
    <p class='ocr_par' dir='ltr' id='par_1_96' title="bbox 2021 4511 3647 4601">
     <span class='ocr_line' id='line_1_96' title="bbox 2021 4511 3647 4601; baseline -0.002 -20"><span class='ocrx_word' id='word_1_735' title='bbox 2021 4511 2097 4589; x_wconf 55' lang='lat' dir='ltr'>iac</span> <span class='ocrx_word' id='word_1_736' title='bbox 2127 4527 2282 4583; x_wconf 70' lang='lat'><strong>304</strong></span> <span class='ocrx_word' id='word_1_737' title='bbox 2314 4518 2620 4601; x_wconf 69' lang='grc' dir='ltr'>ἕφη⁴οῗ’μοι</span> <span class='ocrx_word' id='word_1_738' title='bbox 2652 4524 2698 4557; x_wconf 79' lang='grc'>⁷³</span> <span class='ocrx_word' id='word_1_739' title='bbox 2728 4520 2778 4575; x_wconf 85' lang='grc' dir='ltr'>τί</span> <span class='ocrx_word' id='word_1_740' title='bbox 2810 4519 2954 4576; x_wconf 87' lang='grc' dir='ltr'>θέλει</span> <span class='ocrx_word' id='word_1_741' title='bbox 2984 4525 3145 4576; x_wconf 92' lang='grc' dir='ltr'>τοῦτο</span> <span class='ocrx_word' id='word_1_742' title='bbox 3178 4520 3474 4589; x_wconf 78' lang='grc' dir='ltr'>εἶναι;τίνα</span> <span class='ocrx_word' id='word_1_743' title='bbox 3504 4523 3647 4597; x_wconf 74' lang='grc' dir='ltr'>ὁρῶς</span> 
     </span>
    </p>
   </div>
   <div class='ocr_carea' id='block_1_97' title="bbox 247 4599 1895 4685">
    <p class='ocr_par' dir='ltr' id='par_1_97' title="bbox 247 4599 1895 4685">
     <span class='ocr_line' id='line_1_97' title="bbox 247 4599 1895 4685; baseline 0.01 -31"><span class='ocrx_word' id='word_1_744' title='bbox 247 4599 409 4655; x_wconf 86' lang='lat' dir='ltr'>visus</span> <span class='ocrx_word' id='word_1_745' title='bbox 442 4603 778 4675; x_wconf 90' lang='lat' dir='ltr'>complexus</span> <span class='ocrx_word' id='word_1_746' title='bbox 809 4613 915 4664; x_wconf 88' lang='lat' dir='ltr'>est.</span> <span class='ocrx_word' id='word_1_747' title='bbox 951 4611 1133 4667; x_wconf 80' lang='lat' dir='ltr'>Ambo</span> <span class='ocrx_word' id='word_1_748' title='bbox 1165 4616 1352 4667; x_wconf 89' lang='lat' dir='ltr'>autem</span> <span class='ocrx_word' id='word_1_749' title='bbox 1390 4631 1503 4684; x_wconf 72' lang='lat' dir='ltr'>prae</span> <span class='ocrx_word' id='word_1_750' title='bbox 1538 4614 1751 4685; x_wconf 88' lang='lat' dir='ltr'>gaudio</span> <span class='ocrx_word' id='word_1_751' title='bbox 1810 4632 1895 4671; x_wconf 90' lang='lat' dir='ltr'>re-</span> 
     </span>
    </p>
   </div>
   <div class='ocr_carea' id='block_1_98' title="bbox 250 4690 1895 4769">
    <p class='ocr_par' dir='ltr' id='par_1_98' title="bbox 250 4690 1895 4769">
     <span class='ocr_line' id='line_1_98' title="bbox 250 4690 1895 4769; baseline 0.01 -25"><span class='ocrx_word' id='word_1_752' title='bbox 250 4690 490 4763; x_wconf 90' lang='lat' dir='ltr'>pentino</span> <span class='ocrx_word' id='word_1_753' title='bbox 521 4695 855 4752; x_wconf 89' lang='lat' dir='ltr'>defecerunt</span> <span class='ocrx_word' id='word_1_754' title='bbox 883 4698 1205 4756; x_wconf 82' lang='lat' dir='ltr'>exclamare</span> <span class='ocrx_word' id='word_1_755' title='bbox 1243 4702 1376 4769; x_wconf 89' lang='lat' dir='ltr'>nisi,</span> <span class='ocrx_word' id='word_1_756' title='bbox 1432 4708 1491 4758; x_wconf 87' lang='lat' dir='ltr'>et</span> <span class='ocrx_word' id='word_1_757' title='bbox 1536 4704 1683 4759; x_wconf 90' lang='lat' dir='ltr'>alter</span> <span class='ocrx_word' id='word_1_758' title='bbox 1730 4703 1895 4760; x_wconf 86' lang='lat' dir='ltr'>alteri</span> 
     </span>
    </p>
   </div>
   <div class='ocr_carea' id='block_1_99' title="bbox 251 4778 1896 4862">
    <p class='ocr_par' dir='ltr' id='par_1_99' title="bbox 251 4778 1896 4862">
     <span class='ocr_line' id='line_1_99' title="bbox 251 4778 1896 4862; baseline 0.008 -27"><span class='ocrx_word' id='word_1_759' title='bbox 251 4778 411 4854; x_wconf 91' lang='lat' dir='ltr'>loqui</span> <span class='ocrx_word' id='word_1_760' title='bbox 443 4784 746 4855; x_wconf 90' lang='lat' dir='ltr'>cupientes</span> <span class='ocrx_word' id='word_1_761' title='bbox 775 4804 969 4843; x_wconf 90' lang='lat' dir='ltr'>vocem</span> <span class='ocrx_word' id='word_1_762' title='bbox 1002 4806 1115 4845; x_wconf 91' lang='lat' dir='ltr'>non</span> <span class='ocrx_word' id='word_1_763' title='bbox 1149 4796 1466 4862; x_wconf 89' lang='lat' dir='ltr'>potuerunt</span> <span class='ocrx_word' id='word_1_764' title='bbox 1486 4793 1769 4859; x_wconf 81' lang='lat' dir='ltr'>emittere,</span> <span class='ocrx_word' id='word_1_765' title='bbox 1790 4810 1896 4849; x_wconf 88' lang='lat' dir='ltr'>nec</span> 
     </span>
    </p>
   </div>
   <div class='ocr_carea' id='block_1_100' title="bbox 252 4874 1896 4949">
    <p class='ocr_par' dir='ltr' id='par_1_100' title="bbox 252 4874 1896 4949">
     <span class='ocr_line' id='line_1_100' title="bbox 252 4874 1896 4949; baseline 0.005 -21"><span class='ocrx_word' id='word_1_766' title='bbox 252 4874 548 4931; x_wconf 86' lang='lat' dir='ltr'>continere</span> <span class='ocrx_word' id='word_1_767' title='bbox 576 4876 927 4949; x_wconf 86' lang='lat' dir='ltr'>inexpletam</span> <span class='ocrx_word' id='word_1_768' title='bbox 950 4878 1231 4935; x_wconf 71' lang='lat' dir='ltr'>laetitiam.</span> <span class='ocrx_word' id='word_1_769' title='bbox 1285 4884 1499 4936; x_wconf 90' lang='lat' dir='ltr'>Verum</span> <span class='ocrx_word' id='word_1_770' title='bbox 1544 4897 1661 4937; x_wconf 92' lang='lat' dir='ltr'>non</span> <span class='ocrx_word' id='word_1_771' title='bbox 1710 4880 1896 4937; x_wconf 89' lang='lat' dir='ltr'>multo</span> 
     </span>
    </p>
   </div>
   <div class='ocr_carea' id='block_1_101' title="bbox 2002 4605 3648 4693">
    <p class='ocr_par' dir='ltr' id='par_1_101' title="bbox 2002 4605 3648 4693">
     <span class='ocr_line' id='line_1_101' title="bbox 2002 4605 3648 4693; baseline -0.005 -21"><span class='ocrx_word' id='word_1_772' title='bbox 2002 4612 2317 4693; x_wconf 86' lang='grc' dir='ltr'>προσελθὼν</span> <span class='ocrx_word' id='word_1_773' title='bbox 2384 4608 2442 4666; x_wconf 78' lang='grc' dir='ltr'>δὲ</span> <span class='ocrx_word' id='word_1_774' title='bbox 2487 4610 2576 4665; x_wconf 82' lang='grc' dir='ltr'>καὶ</span> <span class='ocrx_word' id='word_1_775' title='bbox 2618 4605 2997 4687; x_wconf 79' lang='grc' dir='ltr'>ἀκριϐέστερον</span> <span class='ocrx_word' id='word_1_776' title='bbox 3049 4608 3235 4665; x_wconf 80' lang='grc' dir='ltr'>ἐνιδὼν</span> <span class='ocrx_word' id='word_1_777' title='bbox 3289 4608 3376 4665; x_wconf 81' lang='grc' dir='ltr'>καί</span> <span class='ocrx_word' id='word_1_778' title='bbox 3433 4611 3648 4685; x_wconf 78' lang='grc' dir='ltr'>ὁραθείς</span> 
     </span>
    </p>
   </div>
   <div class='ocr_carea' id='block_1_102' title="bbox 2003 4696 3646 4780">
    <p class='ocr_par' dir='ltr' id='par_1_102' title="bbox 2003 4696 3646 4780">
     <span class='ocr_line' id='line_1_102' title="bbox 2003 4696 3646 4780; baseline -0.007 -20"><span class='ocrx_word' id='word_1_779' title='bbox 2003 4700 2408 4780; x_wconf 87' lang='grc' dir='ltr'>περιεπλέκετο.</span> <span class='ocrx_word' id='word_1_780' title='bbox 2442 4699 2505 4753; x_wconf 82' lang='lat' dir='ltr'>0i</span> <span class='ocrx_word' id='word_1_781' title='bbox 2547 4696 2606 4754; x_wconf 72' lang='grc' dir='ltr'>δὲ</span> <span class='ocrx_word' id='word_1_782' title='bbox 2655 4700 2757 4753; x_wconf 84' lang='grc' dir='ltr'>ὑπὸ</span> <span class='ocrx_word' id='word_1_783' title='bbox 2808 4704 2983 4775; x_wconf 76' lang='grc' dir='ltr'>χαρᾶς</span> <span class='ocrx_word' id='word_1_784' title='bbox 3030 4697 3299 4777; x_wconf 77' lang='grc' dir='ltr'>αἰφνιδίου</span> <span class='ocrx_word' id='word_1_785' title='bbox 3348 4696 3646 4775; x_wconf 83' lang='grc' dir='ltr'>διεφώνουν</span> 
     </span>
    </p>
   </div>
   <div class='ocr_carea' id='block_1_103' title="bbox 2004 4786 3653 4870">
    <p class='ocr_par' dir='ltr' id='par_1_103' title="bbox 2004 4786 3653 4870">
     <span class='ocr_line' id='line_1_103' title="bbox 2004 4786 3653 4870; baseline -0.003 -23"><span class='ocrx_word' id='word_1_786' title='bbox 2004 4790 2326 4870; x_wconf 87' lang='grc' dir='ltr'>ἀμφότεροι.</span> <span class='ocrx_word' id='word_1_787' title='bbox 2368 4786 2467 4843; x_wconf 82' lang='grc' dir='ltr'>Καὶ</span> <span class='ocrx_word' id='word_1_788' title='bbox 2498 4786 2688 4844; x_wconf 85' lang='grc' dir='ltr'>λαλεῖν</span> <span class='ocrx_word' id='word_1_789' title='bbox 2738 4786 3014 4859; x_wconf 89' lang='grc' dir='ltr'>ἀλλήλοις</span> <span class='ocrx_word' id='word_1_790' title='bbox 3065 4788 3417 4864; x_wconf 85' lang='grc' dir='ltr'>βουλόμενοι,</span> <span class='ocrx_word' id='word_1_791' title='bbox 3449 4788 3653 4865; x_wconf 79' lang='grc' dir='ltr'>ἀφασίᾳ</span> 
     </span>
    </p>
   </div>
   <div class='ocr_carea' id='block_1_104' title="bbox 2006 4873 3650 4956">
    <p class='ocr_par' dir='ltr' id='par_1_104' title="bbox 2006 4873 3650 4956">
     <span class='ocr_line' id='line_1_104' title="bbox 2006 4873 3650 4956; baseline -0.002 -21"><span class='ocrx_word' id='word_1_792' title='bbox 2006 4880 2355 4956; x_wconf 88' lang='grc' dir='ltr'>συσχεθέντες</span> <span class='ocrx_word' id='word_1_793' title='bbox 2387 4877 2447 4935; x_wconf 74' lang='grc' dir='ltr'>ἐκ</span> <span class='ocrx_word' id='word_1_794' title='bbox 2474 4881 2521 4915; x_wconf 71' lang='grc'>⁷⁸</span> <span class='ocrx_word' id='word_1_795' title='bbox 2549 4879 2647 4947; x_wconf 81' lang='grc' dir='ltr'>τῆς</span> <span class='ocrx_word' id='word_1_796' title='bbox 2699 4873 2982 4948; x_wconf 76' lang='grc' dir='ltr'>ἀπλήστου</span> <span class='ocrx_word' id='word_1_797' title='bbox 3030 4882 3205 4954; x_wconf 83' lang='grc' dir='ltr'>χαρᾶς</span> <span class='ocrx_word' id='word_1_798' title='bbox 3253 4876 3355 4934; x_wconf 80' lang='grc' dir='ltr'>οὐκ</span> <span class='ocrx_word' id='word_1_799' title='bbox 3398 4874 3650 4933; x_wconf 78' lang='grc' dir='ltr'>ἐδύναντο</span> 
     </span>
    </p>
   </div>
   <div class='ocr_carea' id='block_1_105' title="bbox 1602 5023 2292 5081">
    <p class='ocr_par' dir='ltr' id='par_1_105' title="bbox 1602 5023 2292 5081">
     <span class='ocr_line' id='line_1_105' title="bbox 1602 5023 2292 5081; baseline -0.001 0"><span class='ocrx_word' id='word_1_800' title='bbox 1602 5024 1838 5081; x_wconf 69' lang='lat' dir='ltr'>VARI/E</span> <span class='ocrx_word' id='word_1_801' title='bbox 1880 5023 2292 5080; x_wconf 82' lang='lat' dir='ltr'>LECTIONES.</span> 
     </span>
    </p>
   </div>
   <div class='ocr_carea' id='block_1_106' title="bbox 314 5130 3648 5263">
    <p class='ocr_par' dir='ltr' id='par_1_106' title="bbox 314 5130 3648 5263">
     <span class='ocr_line' id='line_1_106' title="bbox 314 5130 3648 5263; baseline 0.001 -77"><span class='ocrx_word' id='word_1_802' title='bbox 314 5133 358 5168; x_wconf 73' lang='grc'>⁸⁸</span> <span class='ocrx_word' id='word_1_803' title='bbox 388 5130 543 5208; x_wconf 80' lang='grc' dir='ltr'>ἔσχεν</span> <span class='ocrx_word' id='word_1_804' title='bbox 588 5137 715 5263; x_wconf 52' lang='grc' dir='ltr'>παρ’</span> <span class='ocrx_word' id='word_1_805' title='bbox 743 5134 887 5208; x_wconf 78' lang='grc' dir='ltr'>αύτῴ</span> <span class='ocrx_word' id='word_1_806' title='bbox 918 5139 979 5195; x_wconf 91' lang='lat' dir='ltr'>C.</span> <span class='ocrx_word' id='word_1_807' title='bbox 1014 5139 1163 5194; x_wconf 93' lang='lat' dir='ltr'>Tum</span> <span class='ocrx_word' id='word_1_808' title='bbox 1198 5134 1255 5192; x_wconf 76' lang='grc' dir='ltr'>δὲ</span> <span class='ocrx_word' id='word_1_809' title='bbox 1285 5156 1341 5211; x_wconf 94' lang='lat' dir='ltr'>p.</span> <span class='ocrx_word' id='word_1_810' title='bbox 1377 5134 1441 5208; x_wconf 83' lang='grc' dir='ltr'>δή</span> <span class='ocrx_word' id='word_1_811' title='bbox 1475 5139 1556 5195; x_wconf 93' lang='lat' dir='ltr'>Cl.</span> <span class='ocrx_word' id='word_1_812' title='bbox 1591 5140 1755 5195; x_wconf 87' lang='lat' dir='ltr'>Errat</span> <span class='ocrx_word' id='word_1_813' title='bbox 1785 5140 1846 5195; x_wconf 91' lang='lat' dir='ltr'>S.</span> <span class='ocrx_word' id='word_1_814' title='bbox 1876 5140 1948 5195; x_wconf 91' lang='lat' dir='ltr'>de</span> <span class='ocrx_word' id='word_1_815' title='bbox 1976 5140 2039 5206; x_wconf 77' lang='grc' dir='ltr'>Ο,</span> <span class='ocrx_word' id='word_1_816' title='bbox 2072 5139 2170 5211; x_wconf 91' lang='lat' dir='ltr'>qui</span> <span class='ocrx_word' id='word_1_817' title='bbox 2204 5142 2262 5195; x_wconf 86' lang='lat' dir='ltr'>et</span> <span class='ocrx_word' id='word_1_818' title='bbox 2290 5138 2418 5223; x_wconf 77' lang='lat' dir='ltr'>ipse</span> <span class='ocrx_word' id='word_1_819' title='bbox 2448 5132 2537 5206; x_wconf 82' lang='grc' dir='ltr'>δή.</span> <span class='ocrx_word' id='word_1_820' title='bbox 2614 5138 2658 5174; x_wconf 78' lang='grc'>⁸⁸</span> <span class='ocrx_word' id='word_1_821' title='bbox 2686 5133 2856 5205; x_wconf 79' lang='grc' dir='ltr'>αύτῆς</span> <span class='ocrx_word' id='word_1_822' title='bbox 2885 5136 3181 5220; x_wconf 78' lang='lat' dir='ltr'>assumpsi</span> <span class='ocrx_word' id='word_1_823' title='bbox 3218 5153 3287 5193; x_wconf 85' lang='lat' dir='ltr'>ex</span> <span class='ocrx_word' id='word_1_824' title='bbox 3313 5140 3377 5193; x_wconf 91' lang='grc' dir='ltr'>Ο.</span> <span class='ocrx_word' id='word_1_825' title='bbox 3454 5137 3497 5172; x_wconf 78' lang='grc'>⁸⁷</span> <span class='ocrx_word' id='word_1_826' title='bbox 3525 5155 3648 5189; x_wconf 85' lang='grc' dir='ltr'>συν-</span> 
     </span>
     <span class='ocr_line' id='line_1_107' title="bbox 317 5202 3648 5263; baseline -0.001 0"><span class='ocrx_word' id='word_1_827' title='bbox 317 5225 416 5263; x_wconf 83' lang='grc' dir='ltr'>μον</span> <span class='ocrx_word' id='word_1_828' title='bbox 448 5211 508 5261; x_wconf 91' lang='lat' dir='ltr'>C.</span> <span class='ocrx_word' id='word_1_829' title='bbox 585 5208 628 5242; x_wconf 76' lang='grc'>⁵⁸</span> <span class='ocrx_word' id='word_1_830' title='bbox 694 5213 880 5263; x_wconf 78' lang='grc' dir='ltr'>ναπῶν</span> <span class='ocrx_word' id='word_1_831' title='bbox 913 5212 1081 5263; x_wconf 72' lang='grc' dir='ltr'>Ευίι..</span> <span class='ocrx_word' id='word_1_832' title='bbox 1114 5210 1403 5263; x_wconf 79' lang='grc' dir='ltr'>ἀγαπῶντα</span> <span class='ocrx_word' id='word_1_833' title='bbox 1431 5214 1489 5263; x_wconf 81' lang='lat' dir='ltr'>C.</span> <span class='ocrx_word' id='word_1_834' title='bbox 1522 5211 1587 5263; x_wconf 94' lang='grc' dir='ltr'>Ο.</span> <span class='ocrx_word' id='word_1_835' title='bbox 1664 5212 1710 5247; x_wconf 65' lang='grc'>⁸9</span> <span class='ocrx_word' id='word_1_836' title='bbox 1743 5211 1881 5263; x_wconf 75' lang='lat' dir='ltr'>uéo-n</span> <span class='ocrx_word' id='word_1_837' title='bbox 1936 5209 2233 5263; x_wconf 70' lang='grc' dir='ltr'>ἐγενόμεθα</span> <span class='ocrx_word' id='word_1_838' title='bbox 2272 5214 2332 5263; x_wconf 83' lang='grc' dir='ltr'>Ο.</span> <span class='ocrx_word' id='word_1_839' title='bbox 2366 5214 2712 5263; x_wconf 80' lang='lat' dir='ltr'>insequente</span> <span class='ocrx_word' id='word_1_840' title='bbox 2765 5207 2855 5262; x_wconf 87' lang='grc' dir='ltr'>καί</span> <span class='ocrx_word' id='word_1_841' title='bbox 2911 5226 3150 5263; x_wconf 80' lang='lat' dir='ltr'>omisso.</span> <span class='ocrx_word' id='word_1_842' title='bbox 3227 5210 3274 5245; x_wconf 73' lang='grc' dir='ltr'>⁸ο</span> <span class='ocrx_word' id='word_1_843' title='bbox 3308 5202 3648 5263; x_wconf 76' lang='grc' dir='ltr'>παραϐαλόν-</span> 
     </span>
    </p>
   </div>
   <div class='ocr_carea' id='block_1_107' title="bbox 241 5208 628 5276">
    <p class='ocr_par' dir='ltr' id='par_1_107' title="bbox 241 5208 628 5276">
     <span class='ocr_line' id='line_1_108' title="bbox 241 5208 628 5276; baseline 0.016 -19"><span class='ocrx_word' id='word_1_844' title='bbox 241 5224 416 5276; x_wconf 88' lang='grc' dir='ltr'>καμον</span> <span class='ocrx_word' id='word_1_845' title='bbox 448 5211 508 5261; x_wconf 91' lang='lat' dir='ltr'>C.</span> <span class='ocrx_word' id='word_1_846' title='bbox 585 5208 628 5242; x_wconf 76' lang='grc'>⁵⁸</span> 
     </span>
    </p>
   </div>
   <div class='ocr_carea' id='block_1_108' title="bbox 694 5202 3653 5300">
    <p class='ocr_par' dir='ltr' id='par_1_108' title="bbox 694 5202 3653 5300">
     <span class='ocr_line' id='line_1_109' title="bbox 694 5202 3653 5300; baseline 0 -39"><span class='ocrx_word' id='word_1_847' title='bbox 694 5202 894 5300; x_wconf 45' lang='grc' dir='ltr'>γαπῶςρ.</span> <span class='ocrx_word' id='word_1_848' title='bbox 913 5212 1081 5300; x_wconf 43' lang='lat' dir='ltr'>Epit?</span> <span class='ocrx_word' id='word_1_849' title='bbox 1114 5202 1489 5300; x_wconf 50' lang='grc' dir='ltr'>ἀγαπῶνταᾮ,</span> <span class='ocrx_word' id='word_1_850' title='bbox 1522 5211 1631 5300; x_wconf 60' lang='grc' dir='ltr'>Ο.Λ</span> <span class='ocrx_word' id='word_1_851' title='bbox 1664 5212 1710 5247; x_wconf 71' lang='grc'>⁸⁸</span> <span class='ocrx_word' id='word_1_852' title='bbox 1742 5211 1881 5285; x_wconf 83' lang='grc' dir='ltr'>μέρη</span> <span class='ocrx_word' id='word_1_853' title='bbox 1936 5202 2233 5300; x_wconf 54' lang='grc' dir='ltr'>ἐγενόμεθα</span> <span class='ocrx_word' id='word_1_854' title='bbox 2272 5202 2332 5296; x_wconf 44' lang='lat' dir='ltr'>C‘,</span> <span class='ocrx_word' id='word_1_855' title='bbox 2366 5202 3150 5300; x_wconf 36' lang='lat' dir='ltr'>insequente‘xai‘omi‘ss’b.</span> <span class='ocrx_word' id='word_1_856' title='bbox 3195 5210 3293 5300; x_wconf 38' lang='lat'>:0”</span> <span class='ocrx_word' id='word_1_857' title='bbox 3308 5202 3653 5300; x_wconf 66' lang='grc' dir='ltr'>παραϐαλόν-</span> 
     </span>
    </p>
   </div>
   <div class='ocr_carea' id='block_1_109' title="bbox 242 5278 3451 5355">
    <p class='ocr_par' dir='ltr' id='par_1_109' title="bbox 242 5278 3451 5355">
     <span class='ocr_line' id='line_1_110' title="bbox 242 5278 3451 5355; baseline 0.002 -27"><span class='ocrx_word' id='word_1_858' title='bbox 242 5296 330 5336; x_wconf 85' lang='grc' dir='ltr'>τες</span> <span class='ocrx_word' id='word_1_859' title='bbox 379 5278 717 5349; x_wconf 74' lang='lat' dir='ltr'>suspicatur</span> <span class='ocrx_word' id='word_1_860' title='bbox 742 5286 798 5335; x_wconf 72' lang='lat'>8.</span> <span class='ocrx_word' id='word_1_861' title='bbox 874 5282 917 5316; x_wconf 80' lang='grc'>⁶¹</span> <span class='ocrx_word' id='word_1_862' title='bbox 949 5278 1095 5337; x_wconf 77' lang='grc' dir='ltr'>Ᾱάό.</span> <span class='ocrx_word' id='word_1_863' title='bbox 1128 5278 1331 5343; x_wconf 80' lang='grc' dir='ltr'>ἐκεῖνος</span> <span class='ocrx_word' id='word_1_864' title='bbox 1367 5283 1460 5355; x_wconf 83' lang='grc' dir='ltr'>μέν</span> <span class='ocrx_word' id='word_1_865' title='bbox 1496 5300 1563 5339; x_wconf 83' lang='lat' dir='ltr'>ex</span> <span class='ocrx_word' id='word_1_866' title='bbox 1590 5282 1656 5350; x_wconf 91' lang='grc' dir='ltr'>Ο,</span> <span class='ocrx_word' id='word_1_867' title='bbox 1689 5278 1941 5355; x_wconf 77' lang='lat' dir='ltr'>quocum</span> <span class='ocrx_word' id='word_1_868' title='bbox 1970 5278 2139 5355; x_wconf 66' lang='lat' dir='ltr'>omisi</span> <span class='ocrx_word' id='word_1_869' title='bbox 2174 5280 2361 5355; x_wconf 51' lang='lat' dir='ltr'>tamin}</span> <span class='ocrx_word' id='word_1_870' title='bbox 2392 5278 2630 5355; x_wconf 82' lang='grc' dir='ltr'>ἀποδούς</span> <span class='ocrx_word' id='word_1_871' title='bbox 2668 5285 2803 5355; x_wconf 67' lang='lat' dir='ltr'>ante</span> <span class='ocrx_word' id='word_1_872' title='bbox 2858 5279 2952 5340; x_wconf 82' lang='grc' dir='ltr'>τὰς</span> <span class='ocrx_word' id='word_1_873' title='bbox 3011 5278 3133 5355; x_wconf 60' lang='grc' dir='ltr'>διειὶ.Δ</span> <span class='ocrx_word' id='word_1_874' title='bbox 3195 5281 3239 5355; x_wconf 54' lang='grc' dir='ltr'>εξ</span> <span class='ocrx_word' id='word_1_875' title='bbox 3269 5278 3451 5355; x_wconf 81' lang='grc' dir='ltr'>ἔκτοτε</span> 
     </span>
    </p>
   </div>
   <div class='ocr_carea' id='block_1_110' title="bbox 3482 5280 3656 5355">
    <p class='ocr_par' dir='ltr' id='par_1_110' title="bbox 3482 5280 3656 5355">
     <span class='ocr_line' id='line_1_111' title="bbox 3482 5280 3656 5355; baseline 0 0"><span class='ocrx_word' id='word_1_876' title='bbox 3482 5280 3656 5355; x_wconf 50' lang='grc' dir='ltr'>μέχρι</span> 
     </span>
    </p>
   </div>
   <div class='ocr_carea' id='block_1_111' title="bbox 247 5345 3653 5482">
    <p class='ocr_par' dir='ltr' id='par_1_111' title="bbox 247 5345 3653 5482">
     <span class='ocr_line' id='line_1_112' title="bbox 247 5345 3653 5482; baseline 0.002 -81"><span class='ocrx_word' id='word_1_877' title='bbox 247 5351 344 5401; x_wconf 82' lang='grc' dir='ltr'>τοῦ</span> <span class='ocrx_word' id='word_1_878' title='bbox 376 5345 534 5423; x_wconf 83' lang='grc' dir='ltr'>δεῦρο</span> <span class='ocrx_word' id='word_1_879' title='bbox 561 5353 774 5424; x_wconf 83' lang='grc' dir='ltr'>πορίζω</span> <span class='ocrx_word' id='word_1_880' title='bbox 819 5352 1020 5428; x_wconf 79' lang='grc' dir='ltr'>τροφάς</span> <span class='ocrx_word' id='word_1_881' title='bbox 1053 5360 1110 5409; x_wconf 67' lang='grc'>(3.</span> <span class='ocrx_word' id='word_1_882' title='bbox 1188 5355 1232 5388; x_wconf 76' lang='grc'>⁸³</span> <span class='ocrx_word' id='word_1_883' title='bbox 1263 5345 1490 5409; x_wconf 73' lang='grc' dir='ltr'>συνίδών</span> <span class='ocrx_word' id='word_1_884' title='bbox 1522 5358 1585 5409; x_wconf 92' lang='grc' dir='ltr'>Ο.</span> <span class='ocrx_word' id='word_1_885' title='bbox 1643 5345 1981 5438; x_wconf 48' lang='grc' dir='ltr'>’⁶⁶ῐτεθνάναι</span> <span class='ocrx_word' id='word_1_886' title='bbox 2028 5354 2257 5482; x_wconf 50' lang='grc' dir='ltr'>γῗροντα</span> <span class='ocrx_word' id='word_1_887' title='bbox 2312 5353 2373 5408; x_wconf 92' lang='lat' dir='ltr'>C.</span> <span class='ocrx_word' id='word_1_888' title='bbox 2406 5354 2671 5425; x_wconf 87' lang='lat' dir='ltr'>Sequens</span> <span class='ocrx_word' id='word_1_889' title='bbox 2738 5351 2925 5437; x_wconf 56' lang='grc' dir='ltr'>οὗτοςυ</span> <span class='ocrx_word' id='word_1_890' title='bbox 2949 5351 3231 5441; x_wconf 67' lang='lat' dir='ltr'>adsqripsi</span> <span class='ocrx_word' id='word_1_891' title='bbox 3263 5367 3310 5407; x_wconf 90' lang='lat' dir='ltr'>c.</span> <span class='ocrx_word' id='word_1_892' title='bbox 3344 5356 3407 5407; x_wconf 93' lang='grc' dir='ltr'>Ο.</span> <span class='ocrx_word' id='word_1_893' title='bbox 3442 5345 3653 5438; x_wconf 57' lang='grc' dir='ltr'>Πειξίῖὁ</span> 
     </span>
     <span class='ocr_line' id='line_1_113' title="bbox 252 5418 3649 5482; baseline 0 0"><span class='ocrx_word' id='word_1_894' title='bbox 252 5418 509 5482; x_wconf 72' lang='grc' dir='ltr'>ὑμέτερος</span> <span class='ocrx_word' id='word_1_895' title='bbox 567 5426 747 5482; x_wconf 76' lang='grc' dir='ltr'>πατήρ</span> <span class='ocrx_word' id='word_1_896' title='bbox 803 5428 861 5480; x_wconf 89' lang='lat' dir='ltr'>C.</span> <span class='ocrx_word' id='word_1_897' title='bbox 940 5426 984 5459; x_wconf 77' lang='grc'>⁸⁸</span> <span class='ocrx_word' id='word_1_898' title='bbox 1031 5420 1122 5477; x_wconf 76' lang='grc' dir='ltr'>οὖν</span> <span class='ocrx_word' id='word_1_899' title='bbox 1179 5441 1297 5480; x_wconf 91' lang='lat' dir='ltr'>om.</span> <span class='ocrx_word' id='word_1_900' title='bbox 1358 5427 1421 5482; x_wconf 93' lang='grc' dir='ltr'>Ο.</span> <span class='ocrx_word' id='word_1_901' title='bbox 1498 5426 1544 5460; x_wconf 83' lang='grc'>⁶²</span> <span class='ocrx_word' id='word_1_902' title='bbox 1598 5420 1655 5478; x_wconf 76' lang='grc' dir='ltr'>δέ</span> <span class='ocrx_word' id='word_1_903' title='bbox 1709 5443 1928 5482; x_wconf 76' lang='lat' dir='ltr'>inserui</span> <span class='ocrx_word' id='word_1_904' title='bbox 1988 5443 2037 5481; x_wconf 90' lang='lat' dir='ltr'>c.</span> <span class='ocrx_word' id='word_1_905' title='bbox 2129 5467 2141 5482; x_wconf 94' lang='lat'>.</span> <span class='ocrx_word' id='word_1_906' title='bbox 2223 5422 2642 5480; x_wconf 81' lang='grc' dir='ltr'>⁶⁷Ματθιδίαο</span> <span class='ocrx_word' id='word_1_907' title='bbox 2739 5423 2959 5482; x_wconf 54' lang='lat' dir='ltr'>“ius:</span> <span class='ocrx_word' id='word_1_908' title='bbox 2994 5419 3123 5476; x_wconf 82' lang='grc' dir='ltr'>ἷδων</span> <span class='ocrx_word' id='word_1_909' title='bbox 3154 5428 3212 5478; x_wconf 86' lang='lat' dir='ltr'>C.</span> <span class='ocrx_word' id='word_1_910' title='bbox 3287 5424 3334 5459; x_wconf 81' lang='grc'>⁶⁹</span> <span class='ocrx_word' id='word_1_911' title='bbox 3361 5420 3421 5475; x_wconf 77' lang='grc' dir='ltr'>ἐκ</span> <span class='ocrx_word' id='word_1_912' title='bbox 3473 5421 3649 5477; x_wconf 78' lang='grc' dir='ltr'>παλαι</span> 
     </span>
    </p>
   </div>
   <div class='ocr_carea' id='block_1_112' title="bbox 252 5418 2677 5507">
    <p class='ocr_par' dir='ltr' id='par_1_112' title="bbox 252 5418 2677 5507">
     <span class='ocr_line' id='line_1_114' title="bbox 252 5418 2677 5507; baseline 0.002 -35"><span class='ocrx_word' id='word_1_913' title='bbox 252 5418 509 5492; x_wconf 80' lang='grc' dir='ltr'>ὑμέτερός</span> <span class='ocrx_word' id='word_1_914' title='bbox 567 5418 747 5495; x_wconf 73' lang='grc' dir='ltr'>πατήρ</span> <span class='ocrx_word' id='word_1_915' title='bbox 803 5418 864 5480; x_wconf 65' lang='grc' dir='ltr'>Οί</span> <span class='ocrx_word' id='word_1_916' title='bbox 930 5418 984 5507; x_wconf 54' lang='lat'>3‘</span> <span class='ocrx_word' id='word_1_917' title='bbox 1031 5420 1122 5507; x_wconf 63' lang='grc' dir='ltr'>οῦν</span> <span class='ocrx_word' id='word_1_918' title='bbox 1179 5427 1467 5507; x_wconf 71' lang='lat' dir='ltr'>om._0._</span> <span class='ocrx_word' id='word_1_919' title='bbox 1498 5426 1544 5460; x_wconf 82' lang='grc'>⁶²</span> <span class='ocrx_word' id='word_1_920' title='bbox 1598 5420 1928 5507; x_wconf 41' lang='grc' dir='ltr'>δέ“ἱη8θ.ι·ι],ἱ</span> <span class='ocrx_word' id='word_1_921' title='bbox 1988 5418 2141 5482; x_wconf 76' lang='grc' dir='ltr'>ε.Ὀ.</span> <span class='ocrx_word' id='word_1_922' title='bbox 2206 5426 2269 5507; x_wconf 53' lang='grc' dir='ltr'><strong><em>ξτ</em></strong></span> <span class='ocrx_word' id='word_1_923' title='bbox 2300 5418 2677 5507; x_wconf 39' lang='lat' dir='ltr'>Martinam-Ov</span> 
     </span>
    </p>
   </div>
   <div class='ocr_carea' id='block_1_113' title="bbox 251 5493 2840 5569">
    <p class='ocr_par' dir='ltr' id='par_1_113' title="bbox 251 5493 2840 5569">
     <span class='ocr_line' id='line_1_115' title="bbox 251 5493 2840 5569; baseline 0.002 -25"><span class='ocrx_word' id='word_1_924' title='bbox 251 5496 294 5545; x_wconf 88' lang='grc'>()</span> <span class='ocrx_word' id='word_1_925' title='bbox 368 5494 413 5569; x_wconf 65' lang='grc' dir='ltr'>πξ</span> <span class='ocrx_word' id='word_1_926' title='bbox 472 5495 558 5549; x_wconf 89' lang='lat' dir='ltr'>lta</span> <span class='ocrx_word' id='word_1_927' title='bbox 612 5493 755 5567; x_wconf 78' lang='lat' dir='ltr'>Epit.</span> <span class='ocrx_word' id='word_1_928' title='bbox 814 5502 870 5550; x_wconf 85' lang='lat' dir='ltr'>et</span> <span class='ocrx_word' id='word_1_929' title='bbox 925 5496 1014 5569; x_wconf 85' lang='grc'>0.,</span> <span class='ocrx_word' id='word_1_930' title='bbox 1048 5493 1245 5567; x_wconf 59' lang='grc' dir='ltr'>οῖ’μμοι</span> <span class='ocrx_word' id='word_1_931' title='bbox 1303 5501 1360 5553; x_wconf 87' lang='lat' dir='ltr'>C.</span> <span class='ocrx_word' id='word_1_932' title='bbox 1422 5498 1569 5569; x_wconf 87' lang='lat' dir='ltr'>Tum</span> <span class='ocrx_word' id='word_1_933' title='bbox 1634 5496 1729 5569; x_wconf 75' lang='grc' dir='ltr'>μὲν</span> <span class='ocrx_word' id='word_1_934' title='bbox 1782 5495 1944 5558; x_wconf 82' lang='grc' dir='ltr'>αὐτός</span> <span class='ocrx_word' id='word_1_935' title='bbox 2004 5496 2246 5569; x_wconf 81' lang='lat' dir='ltr'>accessit</span> <span class='ocrx_word' id='word_1_936' title='bbox 2304 5495 2493 5569; x_wconf 85' lang='lat' dir='ltr'>ex_Q.</span> <span class='ocrx_word' id='word_1_937' title='bbox 2572 5497 2615 5531; x_wconf 68' lang='grc' dir='ltr'>τί</span> <span class='ocrx_word' id='word_1_938' title='bbox 2648 5493 2769 5569; x_wconf 70' lang='grc' dir='ltr'>ἄρτι</span> <span class='ocrx_word' id='word_1_939' title='bbox 2807 5512 2840 5550; x_wconf 90' lang='lat' dir='ltr'>a</span> 
     </span>
    </p>
   </div>
   <div class='ocr_carea' id='block_1_114' title="bbox 2129 5419 3649 5490">
    <p class='ocr_par' dir='ltr' id='par_1_114' title="bbox 2129 5419 3649 5490">
     <span class='ocr_line' id='line_1_116' title="bbox 2129 5419 3649 5490; baseline -0.001 -11"><span class='ocrx_word' id='word_1_940' title='bbox 2129 5467 2141 5482; x_wconf 93' lang='lat'>.</span> <span class='ocrx_word' id='word_1_941' title='bbox 2223 5426 2269 5460; x_wconf 78' lang='grc'>⁸⁷</span> <span class='ocrx_word' id='word_1_942' title='bbox 2300 5419 2567 5478; x_wconf 75' lang='grc' dir='ltr'>Ματθιδία</span> <span class='ocrx_word' id='word_1_943' title='bbox 2598 5424 2642 5480; x_wconf 91' lang='grc' dir='ltr'><strong>Ο</strong></span> <span class='ocrx_word' id='word_1_944' title='bbox 2739 5424 2783 5459; x_wconf 76' lang='grc'>⁸⁸</span> <span class='ocrx_word' id='word_1_945' title='bbox 2813 5423 2959 5490; x_wconf 83' lang='grc' dir='ltr'>ἡμᾶς</span> <span class='ocrx_word' id='word_1_946' title='bbox 2994 5419 3123 5476; x_wconf 83' lang='grc' dir='ltr'>ἰδών</span> <span class='ocrx_word' id='word_1_947' title='bbox 3145 5419 3212 5478; x_wconf 77' lang='grc' dir='ltr'>Ὀ.</span> <span class='ocrx_word' id='word_1_948' title='bbox 3287 5424 3334 5459; x_wconf 73' lang='grc'>⁸⁸</span> <span class='ocrx_word' id='word_1_949' title='bbox 3361 5420 3421 5475; x_wconf 79' lang='grc' dir='ltr'>ἐκ</span> <span class='ocrx_word' id='word_1_950' title='bbox 3473 5420 3649 5490; x_wconf 81' lang='grc' dir='ltr'>πάλαι</span> 
     </span>
    </p>
   </div>
   <div class='ocr_carea' id='block_1_115' title="bbox 2844 5443 3652 5565">
    <p class='ocr_par' dir='ltr' id='par_1_115' title="bbox 2844 5443 3652 5565">
     <span class='ocr_line' id='line_1_117' title="bbox 2844 5443 3649 5489; baseline 0.002 -14"><span class='ocrx_word' id='word_1_951' title='bbox 2844 5456 2847 5489; x_wconf 51' lang='grc' dir='ltr'>ι</span> <span class='ocrx_word' id='word_1_952' title='bbox 2900 5443 2959 5483; x_wconf 88' lang='grc' dir='ltr'>ας</span> <span class='ocrx_word' id='word_1_953' title='bbox 2996 5443 3123 5476; x_wconf 90' lang='grc' dir='ltr'>ιοων</span> <span class='ocrx_word' id='word_1_954' title='bbox 3154 5443 3212 5478; x_wconf 73' lang='grc' dir='ltr'>υ.</span> <span class='ocrx_word' id='word_1_955' title='bbox 3288 5443 3333 5459; x_wconf 79' lang='lat'><strong>&quot;</strong></span> <span class='ocrx_word' id='word_1_956' title='bbox 3361 5443 3421 5475; x_wconf 78' lang='grc' dir='ltr'>εκ</span> <span class='ocrx_word' id='word_1_957' title='bbox 3473 5443 3649 5477; x_wconf 70' lang='grc' dir='ltr'>παλαι</span> 
     </span>
     <span class='ocr_line' id='line_1_118' title="bbox 2844 5443 3652 5565; baseline 0 -16"><span class='ocrx_word' id='word_1_958' title='bbox 2844 5443 3122 5565; x_wconf 43' lang='grc' dir='ltr'>(ἴψαο,</span> <span class='ocrx_word' id='word_1_959' title='bbox 3154 5493 3252 5565; x_wconf 92' lang='lat' dir='ltr'>qui</span> <span class='ocrx_word' id='word_1_960' title='bbox 3280 5511 3395 5550; x_wconf 92' lang='lat' dir='ltr'>om.</span> <span class='ocrx_word' id='word_1_961' title='bbox 3429 5511 3550 5565; x_wconf 88' lang='lat' dir='ltr'>seq.</span> <span class='ocrx_word' id='word_1_962' title='bbox 3586 5489 3652 5549; x_wconf 82' lang='grc' dir='ltr'>δέ</span> 
     </span>
    </p>
   </div>
   <div class='ocr_carea' id='block_1_116' title="bbox 244 5561 3645 5643">
    <p class='ocr_par' dir='ltr' id='par_1_116' title="bbox 244 5561 3645 5643">
     <span class='ocr_line' id='line_1_119' title="bbox 244 5561 3645 5643; baseline 0.002 -29"><span class='ocrx_word' id='word_1_963' title='bbox 244 5564 299 5643; x_wconf 55' lang='grc' dir='ltr'>τί</span> <span class='ocrx_word' id='word_1_964' title='bbox 319 5561 410 5615; x_wconf 85' lang='grc' dir='ltr'>καί</span> <span class='ocrx_word' id='word_1_965' title='bbox 458 5561 664 5640; x_wconf 62' lang='grc' dir='ltr'>τεοθρϊ</span> <span class='ocrx_word' id='word_1_966' title='bbox 699 5585 766 5625; x_wconf 81' lang='lat' dir='ltr'>ex</span> <span class='ocrx_word' id='word_1_967' title='bbox 794 5575 856 5624; x_wconf 84' lang='grc' dir='ltr'>υ.</span> <span class='ocrx_word' id='word_1_968' title='bbox 937 5568 981 5602; x_wconf 80' lang='grc'>⁷³</span> <span class='ocrx_word' id='word_1_969' title='bbox 1004 5561 1093 5624; x_wconf 90' lang='lat' dir='ltr'>Ita</span> <span class='ocrx_word' id='word_1_970' title='bbox 1109 5561 1269 5640; x_wconf 68' lang='lat' dir='ltr'>Epit.</span> <span class='ocrx_word' id='word_1_971' title='bbox 1305 5576 1363 5625; x_wconf 91' lang='lat' dir='ltr'>et</span> <span class='ocrx_word' id='word_1_972' title='bbox 1390 5571 1456 5638; x_wconf 86' lang='lat'>0,</span> <span class='ocrx_word' id='word_1_973' title='bbox 1489 5561 1685 5640; x_wconf 78' lang='grc' dir='ltr'>οἷ’μμοι</span> <span class='ocrx_word' id='word_1_974' title='bbox 1717 5573 1776 5625; x_wconf 92' lang='lat' dir='ltr'>C.</span> <span class='ocrx_word' id='word_1_975' title='bbox 1852 5570 1899 5605; x_wconf 67' lang='grc' dir='ltr'>τι</span> <span class='ocrx_word' id='word_1_976' title='bbox 1926 5565 2299 5643; x_wconf 79' lang='grc' dir='ltr'>συσχεθέντες,</span> <span class='ocrx_word' id='word_1_977' title='bbox 2326 5565 2417 5621; x_wconf 84' lang='grc' dir='ltr'>καί</span> <span class='ocrx_word' id='word_1_978' title='bbox 2446 5568 2506 5623; x_wconf 88' lang='lat' dir='ltr'>C.</span> <span class='ocrx_word' id='word_1_979' title='bbox 2537 5561 2693 5624; x_wconf 85' lang='lat' dir='ltr'>Tum</span> <span class='ocrx_word' id='word_1_980' title='bbox 2743 5566 2802 5621; x_wconf 91' lang='lat' dir='ltr'>in</span> <span class='ocrx_word' id='word_1_981' title='bbox 2859 5570 2922 5622; x_wconf 92' lang='grc' dir='ltr'>Ο.</span> <span class='ocrx_word' id='word_1_982' title='bbox 2956 5561 3234 5631; x_wconf 57' lang='grc' dir='ltr'>ἐδύσαντο,</span> <span class='ocrx_word' id='word_1_983' title='bbox 3267 5565 3339 5621; x_wconf 91' lang='lat' dir='ltr'>ad</span> <span class='ocrx_word' id='word_1_984' title='bbox 3370 5561 3529 5621; x_wconf 81' lang='lat' dir='ltr'>oram</span> <span class='ocrx_word' id='word_1_985' title='bbox 3582 5583 3645 5639; x_wconf 89' lang='lat' dir='ltr'>p.</span> 
     </span>
    </p>
   </div>
   <div class='ocr_carea' id='block_1_117' title="bbox 242 5630 511 5693">
    <p class='ocr_par' dir='ltr' id='par_1_117' title="bbox 242 5630 511 5693">
     <span class='ocr_line' id='line_1_120' title="bbox 242 5630 511 5693; baseline 0.019 -5"><span class='ocrx_word' id='word_1_986' title='bbox 242 5630 511 5693; x_wconf 77' lang='grc' dir='ltr'>ἐδύναντο.</span> 
     </span>
    </p>
   </div>
  </div>
