4086 6216
382 437 506 498 353

1487 428 2019 493 GLEMENTINA.
2056 462 2131 474 —
2160 428 2495 491 HOMILIA
2538 431 2703 495 XIV.

3678 439 3797 499 354

377 574 621 644 κρατεῖν.
674 566 826 635 Πλὴν
883 565 997 638 μετ’
1029 562 1092 619 o6
1141 562 1285 619 πολὺ
1335 564 1472 639 πρὸς
1503 562 1660 621 υύτὸν
1692 563 1726 631 ἡ
1755 565 1798 599 ⁷⁸
1832 564 2036 636 μήτηρο

2175 568 2285 617 )ost
2313 568 2497 619 mater
2545 565 2777 635 quidem
2835 567 2904 621 ad
2965 583 3136 623 eum:
3188 569 3381 625 Habeo
3439 576 3514 637 te,
3561 570 3792 642 Fauste,

378 658 545 733 νεχὼ
576 678 654 729 σε,
696 657 929 725 Φαῦστε,
960 654 1051 710 τὸν
1094 655 1229 709 κατά
1276 652 1449 707 πάντα
1482 674 1573 726 μοι
1604 655 1649 688 ’⁷⁸
1677 650 2034 729 γλυκύτατον.

380 752 511 807 Πῶς
572 746 674 820 ἄρα
734 749 852 818 ζῇς,
910 744 968 799 ’ὸν
1025 743 1101 805 ὡς
1158 744 1420 797 τεθνεῶτα
1480 745 1659 817 μικρῷ
1713 740 1942 817 πρόσθεν
1997 742 2038 775 ⁷⁷

376 834 697 906 ἠκούσαμεν
732 861 745 901 ;
784 831 929 901 πλὴν
982 831 1132 887 οὗτοί
1181 831 1311 885 εἰσιν
1346 832 1506 903 ἡμῶν
1538 829 1669 898 υἱοὶ,
1720 834 2039 899 Φαυστῖνος,

377 923 776 984 Φαυστινιανὸς
819 920 909 976 καὶ
950 918 1208 993 Κλήμης.
1257 925 1431 974 Ταῦτα
1482 918 1761 989 εἱπούσης,
1795 918 2043 991 ἡμεῖς’οἱ

372 1018 531 1087 τρεῖς
583 1010 982 1079 προσπεσόντες
1050 1009 1195 1081 αὐτῷ
1254 1009 1343 1063 καὶ
1398 1006 1815 1085 καταφιλοῦντες
1872 1006 2043 1079 ἀμαυ-

376 1104 501 1178 ρῶς
532 1121 654 1162 πως
681 1102 781 1169 τὴν
818 1100 1034 1177 μορνρὴν
1063 1097 1227 1153 αὐτοῦ
1258 1097 1607 1175 ἀνεφέρομεν.

463 1195 531 1247 X.
564 1194 740 1243 Ταῦτα
776 1186 994 1265 βλέπων
1029 1188 1057 1243 6
1107 1188 1309 1263 Πέτρος
1359 1184 1482 1264 ἔφη·
1518 1186 1593 1240 Σὺ
1628 1185 1675 1240 εἴ
1715 1189 1984 1254 Φαῦστος,
2018 1184 2046 1237 6

373 1278 597 1348 ταύτης
633 1278 765 1353 ἀνὴρ
798 1279 889 1331 καὶ
918 1278 1025 1331 τῶν
1076 1276 1244 1345 αὐτῆς
1284 1271 1491 1329 παίδων
1519 1276 1737 1349 πατήρ;
1772 1274 1799 1328 6
1832 1271 1889 1327 δὲ
1920 1269 2042 1349 ἔφη’

375 1368 535 1442 Ἐγὼ
570 1367 705 1439 εἰμι.
743 1366 845 1423 Καὶ
879 1366 907 1420 6
940 1364 1158 1441 Πέτρος⁹
1195 1369 1318 1427 Πῶς
1368 1361 1457 1419 οὗν
1512 1385 1603 1437 μοι
1652 1364 1720 1417 τά
1750 1366 1973 1418 σεαυτοῦ
2004 1363 2047 1397 ⁷⁸

376 1456 466 1517 ὡς
495 1455 623 1529 περὶ
658 1454 833 1511 ἄλλου
865 1451 1133 1530 διηγήσω,
1166 1453 1366 1515 πόνους
1413 1452 1577 1508 εἰπὼν
1607 1451 1695 1506 καὶ
1745 1449 1923 1521 λύπην
1951 1471 2049 1505 κα-

375 1544 555 1623 τάἓον
592 1565 605 1614 ἓ
636 1544 726 1599 καὶ
767 1547 794 1599 ὁ
838 1545 1017 1620 πατὴρ
1065 1543 1408 1620 ἀπεκρίνατο’
1464 1543 1604 1618 Πρὸς
1656 1542 1846 1616 γένους
1879 1540 2046 1615 ὑπάρ-

376 1654 506 1709 χων
573 1633 862 1708 Καίσαρος,
921 1633 1009 1688 καὶ
1068 1632 1380 1709 περίφωρος
1433 1634 1508 1705 μή
1565 1630 1737 1686 θέλων
1782 1630 2046 1705 γενέσθαι,

380 1722 551 1795 ἄλλῳ
581 1723 685 1777 τινὶ
714 1726 759 1759 ⁷⁸
795 1724 893 1791 τήν
949 1721 1197 1797 ἐξήγησιν
1252 1716 1673 1792 ἐνετυπωσάμην
1723 1722 1787 1791 ⁸ο,
1816 1718 1907 1773 ’ἱνα
1954 1717 2048 1772 αὐ-

377 1814 483 1873 τὸς
515 1812 666 1873 ὅστις
699 1811 811 1884 είμὶ
846 1812 922 1884 μὴ
970 1812 1176 1880 νοηθῶ.
1229 1807 1412 1879 ’ᾘδεΝ
1445 1810 1549 1885 γάρ
1580 1808 1685 1878 ὅτι,
1734 1808 1779 1863 εἰ
1815 1807 2050 1882 ἀναγνώ-

2149 652 2308 707 omni
2344 654 2513 707 modo
2546 653 2686 707 mihi
2726 656 3164 712 suavissimum.
3202 662 3267 712 Et
3296 675 3413 729 qua
3456 659 3680 715 ratione
3710 662 3792 715 vi-

2148 741 2256 806 vis,
2293 746 2363 797 de
2389 742 2558 811 cujus
2590 747 2772 798 morte
2804 743 2975 815 paulo
3026 750 3156 800 ante
3205 746 3537 802 audivimus
3559 748 3586 801 ?
3616 752 3791 804 Caate-

2152 847 2282 884 rum
2315 830 2375 886 hi
2407 836 2547 886 sunt
2595 830 2697 886 ﬁlii
2748 833 2951 900 nostri,
3004 833 3337 893 Faustinus.
3382 836 3794 893 Faustinianus

2152 923 2211 973 et
2239 918 2524 975 Clemens.
2558 920 2693 983 Quae
2741 938 2876 976 cum
2909 922 3172 989 dixisset,
3212 940 3319 979 nos
3349 928 3466 980 tres
3505 925 3563 980 in
3597 926 3791 999 ipsum

2153 1008 2580 1074 incumbentes,
2628 1027 2881 1081 eumque
2930 1011 3274 1077 deosculati,
3329 1013 3576 1069 formam
3635 1014 3796 1071 illius

2155 1098 2401 1153 obscure
2435 1099 2808 1155 resoluimus.

2225 1186 2290 1242 X.
2324 1186 2451 1242 Haec
2472 1187 2675 1244 videns
2706 1193 2931 1258 Petrus,
2966 1190 3085 1247 ait:
3119 1190 3203 1245 Tu
3237 1206 3299 1246 es
3322 1191 3592 1259 Faustus,
3618 1192 3801 1265 hujus

2155 1274 2263 1343 vir,
2294 1276 2539 1348 ejusque
2574 1277 2887 1333 liberorum
2922 1278 3131 1350 pater?
3162 1279 3262 1335 Ille
3292 1296 3422 1336 vero
3450 1298 3462 1336 :
3496 1282 3612 1353 Ego
3644 1299 3801 1350 sum,

2155 1363 2367 1435 inquit.
2402 1367 2470 1419 Et
2502 1365 2741 1421 Petrus:
2793 1368 2980 1433 Quare
3030 1384 3165 1439 ergo
3197 1374 3297 1423 tua
3346 1369 3489 1425 mihi
3521 1376 3804 1443 tanquam

2158 1454 2230 1509 de
2260 1454 2373 1509 alio
2404 1456 2710 1522 enarrasti,
2759 1455 2987 1512 labores
3037 1458 3293 1513 referens
3342 1463 3397 1513 et
3445 1458 3704 1515 dolorem
3746 1466 3805 1517 et

2159 1542 2511 1613 exsequias?
2541 1544 2687 1598 Tum
2722 1549 2883 1616 pater
2914 1546 3248 1617 respondit:
3290 1546 3429 1601 Cum
3464 1548 3573 1602 sim
3607 1565 3674 1603 ex
3705 1566 3803 1621 ge-

2161 1648 2295 1686 nere
2324 1632 2579 1699 Cazsaris,
2615 1650 2868 1705 cnmque
2914 1634 3126 1689 nollem
3179 1635 3557 1706 deprehendi,
3591 1638 3662 1692 de
3692 1637 3805 1693 alio

2160 1722 2415 1792 quodam
2468 1722 2859 1777 narrationem
2904 1723 3123 1789 efﬁnxi,
3165 1730 3228 1777 ut
3277 1724 3400 1795 ipse
3434 1727 3565 1795 quis
3612 1743 3802 1781 essem

2162 1826 2275 1864 non
2327 1808 2699 1881 intelligerer.
2735 1811 3001 1866 Sciebam
3047 1812 3201 1866 enim
3245 1812 3420 1884 quod,
3456 1814 3505 1867 si
3563 1814 3802 1869 fuissem

378 1920 556 1975 ριμος
605 1899 872 1975 γένωμαι,
919 1900 974 1953 οἱ
1024 1900 1159 1954 κατά
1208 1898 1371 1952 τόπον
1419 1896 1714 1973 ἡγούμενοι
1744 1902 1911 1952 ταῦτα
1945 1916 2045 1969 μα-

439 1989 453 2000 .
672 1988 684 2000 .
834 1986 887 2000 κ.
1157 1988 1197 2000 ..
1379 1988 1419 2000 ..
1470 1986 1479 2000 .
1970 1984 1979 2000 .

2175 1898 2521 1969 recognitus,
2556 1899 2661 1953 loci
2697 1900 2970 1970 praesides
3004 1917 3069 1954 eo
3101 1900 3321 1967 audito,
3352 1907 3413 1955 ut
3443 1903 3649 1957 Cazsari
3685 1920 3806 1958 rem

380 1989 580 2052 θὸντες
662 1986 1081 2042 ἀνακαλέσονται
1156 1988 1199 2025 ⁸1
1283 2034 1299 2055 ,
1378 1986 1605 2060 Καίσαρι
1684 1984 2054 2061 κεχαρισμένα

380 2082 701 2145 ποιοῦντες,
732 2076 822 2132 καὶ
854 2078 955 2145 τὴν
986 2080 1083 2130 τοῦ
1133 2076 1255 2151 βίου
1301 2074 1475 2130 πάλαι
1508 2073 1852 2147 εὐδαιμονίαν
1891 2095 1983 2147 μοι
2009 2075 2055 2109 ⁸³

382 2168 809 2241 περιθήσουσιν,
846 2166 995 2241 ᾧπερ
1045 2164 1149 2239 δλῃ
1196 2166 1445 2240 προθέσει
1498 2164 1757 2240 πρότερυν
1793 2160 2053 2233 ἀπεταξά-

385 2277 529 2329 μην.
582 2255 655 2309 06
702 2255 803 2332 γὰρ
852 2251 1165 2327 ἠδυνάμην,
1200 2254 1495 2327 “trs-292305
1526 2257 1631 2307 τῶν
1667 2252 1791 2325 ἐμοὶ
1838 2253 2056 2329 ἠγαπη-

387 2344 574 2419 μένων
603 2344 671 2399 τὰ
704 2343 933 2419 μέγιστα
961 2343 1037 2404 ὡς
1082 2342 1205 2414 περὶ
1253 2341 1515 2398 θανόντων
1545 2342 1754 2420 κρίνας,
1786 2342 1925 2419 πρὸς
1953 2342 2053 2409 τὴν

383 2432 493 2489 τοῦ
529 2433 651 2509 βίου
680 2434 886 2511 τρυφὴν
924 2431 1111 2486 ἑαυτὸν
1140 2427 1480 2489 ἀποδιδόναι.

466 2528 565 2578 XI.
613 2521 709 2576 Καὶ
759 2522 787 2576 6
842 2520 1044 2596 Πέτρος
1104 2516 1229 2597 ἔφη·
1285 2525 1459 2575 Ταῦτα
1520 2521 1612 2593 μὶν
1670 2518 1927 2588 ἐποίησας
1983 2518 2057 2580 ὡς

390 2606 737 2667 ἐϐουλεύσω.
775 2610 904 2685 Περὶ
938 2606 995 2664 δὲ
1031 2610 1286 2685 γενέσεως
1332 2610 1435 2682 ἄρα
1464 2606 1792 2682 ψευδόμενος
1843 2606 2056 2683 διισχυ-

396 2700 582 2776 ρίζου,
630 2696 666 2769 ἤ
718 2699 793 2761 ὡς
855 2698 1137 2767 ἀληθεύων
1189 2692 1467 2760 ἐϐεϐαίους
1518 2700 1563 2734 ⁸³
1594 2717 1607 2767 ;
1643 2698 1745 2755 Καὶ
1794 2699 1822 2752 6
1878 2697 2058 2768 πατὴρ

396 2787 531 2866 ἔφη·
580 2788 653 2843 O6
700 2787 969 2861 ψεύσομαι
1018 2789 1153 2861 πρὸς
1219 2787 1296 2856 σὲ,
1355 2786 1576 2858 ἀληθῶς
1634 2786 1707 2849 ὡς
1768 2786 1933 2856 οὔσης
1978 2805 2062 2861 γε-

397 2884 607 2939 νέσεως
656 2871 954 2933 ἐϐεϐαίουν.
1002 2875 1134 2950 Εἰμὶ
1180 2877 1281 2951 γὰρ
1336 2874 1435 2930 οὐκ
1486 2875 1733 2948 ἀμύητος
1788 2879 1886 2929 τοῦ
1935 2876 2063 2928 θεω-

412 2970 685 3043 ρήματοςο
718 2964 865 3034 πλὴν
919 2963 1064 3020 ἀλλά
1108 2966 1197 3020 καὶ
1230 2967 1275 3001 ⁸⁸
1319 2972 1481 3035 συνῆν
1536 2964 1629 3037 μοί
1658 2986 1763 3037 τις,
1797 2962 2063 3039 ἀστρολόο

414 3076 531 3130 γων
574 3052 812 3131 ἄριστος,
866 3054 998 3129 ἀνὴρ
1051 3052 1369 3129 Αἰγύπτιος,
1430 3048 1761 3109 Ἀννουϐίων
1815 3052 2063 3125 ὀνόματι,

417 3146 569 3206 ὅστις
600 3143 652 3197 ἐν
682 3150 801 3205 ταῖς
834 3140 1172 3215 ἀποδημίαις
1199 3145 1314 3197 κατ’
1348 3144 1521 3218 ἀρχάς
1580 3164 1673 3217 μοι
1713 3140 1995 3220 φιλιωθεῖς
2025 3142 2070 3177 ⁸⁵

412 3234 508 3287 τὸν
562 3239 664 3301 τῆς
724 3232 860 3305 ἐμῆς
917 3226 1150 3305 συμϐίου
1213 3232 1346 3305 μετὰ
1401 3235 1509 3285 τῶν
1565 3232 1766 3287 τέκνων
1844 3232 2067 3295 θάνατον

416 3295 646 3391 ἐδήλου.
708 3295 828 3378 Καὶ.
866 3323 894 3375 6
946 3295 1147 3397 Πέτρος
1198 3295 1320 3399 ἔφη·
1382 3319 1584 3375 Οὐκοῦν
1632 3316 1772 3397 ἔργῳ
1821 3318 2068 3374 πέπεισαι
2102 3295 2144 3362 C

412 3414 510 3465 νῦν
542 3414 607 3482 ⁴⁶,
656 3410 739 3465 ὅτι
789 3409 850 3465 ού
896 3411 1183 3480 συνέστηκε
1230 3412 1298 3466 τά
1353 3410 1489 3465 κατὰ
1530 3410 1628 3479 τὴν
1684 3410 1886 3484 γένεσιν
1920 3427 1933 3478 ;
1970 3406 2066 3462 Καὶ

413 3499 442 3555 6
502 3502 683 3573 πατὴρ
733 3499 1054 3575 ἀπεκρίνατο
1090 3518 1103 3531 ·
1167 3500 1398 3575 Ἀνάγκη
1464 3520 1530 3574 με
1586 3499 1757 3553 πάντα
1807 3499 1874 3552 τά
1934 3498 2065 3552 ὑπο-

409 3590 685 3665 τρέχοντά
717 3610 821 3661 μου
852 3592 894 3625 ⁸⁷
926 3589 1002 3651 εἷς
1032 3588 1121 3643 τὸν
1165 3587 1288 3642 νοῦν
1322 3586 1617 3643 ἐκτίθεσθιί
1667 3608 1772 3654 σοι,
1798 3585 1891 3642 ’ίνα
1932 3587 2066 3662 πρὸς

415 3678 554 3733 αύτά
596 3678 806 3732 ἀκούων
864 3679 1146 3751 μανθάνειν
1197 3676 1311 3753 ἔχω
1358 3677 1485 3739 τούς
1534 3697 1628 3731 σου
1656 3676 1864 3732 τούτων
1912 3674 2069 3750 ἐλέγ-

412 3787 573 3842 χους.
608 3765 783 3824 Ἀλλά
827 3766 918 3822 καί
963 3769 1006 3804 ⁸⁸
1057 3765 1244 3821 πολλά
1290 3766 1497 3821 πταίειν
1550 3763 1671 3822 οἶδα
1699 3765 1825 3828 τοὺς
1879 3768 2069 3839 ἀστρο-

414 3856 640 3931 λόγους,
692 3854 879 3911 πολλά
927 3853 983 3910 δὲ
1032 3856 1121 3911 καὶ
1155 3854 1460 3925 ἀληθεύειν.
1491 3854 1803 3914 ’Υποπτεύω
1835 3853 1925 3909 οῦν
1964 3856 2070 3928 μή·

418 3966 540 4007 πως
573 3944 608 3999 ἃ
642 3945 737 4018 μὲν
792 3946 1127 4021 ἀκριϐοῦσιν,
1177 3943 1561 4015 ἀληθούουσιν,
1611 3944 1644 3998 ἃ
1675 3942 1732 3999 6‘s
1770 3944 2068 4013 πταίουσιν,

422 4034 629 4108 ἀμαθίᾳ
657 4035 985 4110 πάσχουσιν,
1037 4033 1111 4096 ὡς
1163 4034 1411 4088 ὑπονοεῖν
1449 4055 1536 4107 με,
1583 4036 1647 4089 τὸ
1702 4035 1794 4107 μὶν
1844 4035 2073 4107 μάθημα

422 4124 759 4190 συνεστάναι,
790 4122 985 4185 αὐτοὺς
1019 4120 1077 4177 δὲ
1108 4120 1177 4177 δι’
1208 4121 1439 4195 ἀμαθίαν
1473 4120 1754 4196 ψεύδεσθαι
1806 4122 1973 4195 μόνην
2006 4124 2071 4194 ⁸9,

423 4209 513 4266 διὰ
541 4213 602 4267 τὸ
654 4213 730 4284 μὴ
765 4213 966 4274 πάντας
998 4215 1042 4249 ⁹⁰
1072 4212 1195 4285 περὶ
1240 4212 1453 4267 πάντων
1502 4207 1757 4286 ἀκριϐοῦν
1800 4209 2072 4275 δύνασθαι.

422 4303 580 4358 ³06
614 4300 709 4357 Καὶ
745 4300 773 4355 6
825 4302 1027 4377 Πέτρος
1077 4301 1418 4377 ἀπεκρίνατο’
1466 4307 1679 4376 ’Ἃπεχε
1721 4304 1788 4370 ⁹¹,
1825 4303 1899 4375 μή
1934 4322 2075 4369 πως,

418 4389 545 4465 περὶ
574 4391 647 4443 ὧν
698 4387 1075 4461 ἀληθεύουσιν,
1118 4389 1587 4466 ἐπιτυγχάνουσιν,
1619 4390 1707 4444 καὶ
1748 4389 1877 4465 οὐχὶ
1930 4392 2078 4464 ἀκρι-

420 4474 644 4540 ϐοῦντες
700 4477 974 4554 λέγουσιν.
1024 4480 1259 4554 ’Δνάγκη
1300 4480 1403 4555 γὰρ
1434 4485 1575 4534 πᾶσα
1606 4479 1665 4534 ἐκ
1712 4478 1937 4534 πολλῶν
1968 4483 2073 4533 τῶν

421 4566 732 4645 λεγομένων
794 4563 1105 4623 ἀποϐαίνειν
1158 4568 1401 4623 τινά.Καὶ
1448 4568 1477 4622 6
1520 4568 1692 4644 γέρων
1745 4564 1880 4647 ἔφη·
1954 4573 2075 4631 Πῶς

2165 1992 2390 2058 gratam
2428 1989 2701 2054 facerent,
2746 2005 2837 2042 me
2868 1994 3064 2043 essent
3121 1991 3462 2060 revocaturi,
3515 1995 3569 2045 et
3601 1992 3810 2063 prioris

2164 2076 2292 2130 vita:
2326 2075 2596 2131 felicitate
2628 2076 3067 2147 circumdaturi,
3111 2078 3201 2132 cui
3236 2094 3303 2132 ex
3333 2083 3450 2133 toto
3482 2081 3679 2135 animo
3709 2098 3811 2135 an-

2165 2169 2258 2221 tea
2288 2166 2780 2221 renuntiaveram.
2816 2165 2921 2230 Qui
2969 2164 3125 2221 enim
3159 2183 3250 2221 me
3280 2167 3351 2221 ob
3396 2173 3639 2223 mortem
3675 2168 3811 2223 cha-

2167 2272 2362 2311 rorum
2398 2255 2676 2309 creditam
2712 2255 2782 2310 ad
2818 2255 3071 2310 maxima
3103 2256 3538 2328 damnaveram,
3570 2274 3683 2313 non
3716 2276 3813 2330 po-

2165 2348 2347 2400 teram
2379 2343 2505 2399 vitae
2536 2343 2761 2399 deliciis
2790 2343 3112 2416 indulgere.

2238 2525 2333 2579 Xl.
2364 2525 2431 2579 Et
2460 2525 2664 2580 Petrus
2692 2524 2870 2579 dixit:
2897 2523 3027 2579 Haec
3059 2523 3291 2593 quidem
3319 2523 3502 2579 fec-isti
3538 2527 3816 2596 quemad-

2169 2615 2411 2669 modum
2446 2613 2685 2685 placuit.
2720 2614 2827 2668 Sed
2865 2613 2933 2666 de
2965 2614 3237 2683 genitura
3269 2614 3632 2669 mentiensne
3663 2616 3817 2670 afﬁr-

2173 2702 2397 2772 mabas,
2432 2719 2502 2755 an
2534 2700 2713 2756 veluti
2737 2718 2935 2756 verum
2957 2701 3156 2756 dicens
3180 2702 3485 2757 asserebas
3507 2703 3533 2756 1’
3564 2703 3817 2775 Respon-

2172 2789 2257 2844 dit
2280 2797 2476 2861 pater:
2512 2790 2635 2845 Non
2670 2789 2923 2845 mentiar
2950 2790 3103 2861 apud
3138 2795 3211 2844 te.
3246 2790 3551 2861 Tanquam
3581 2808 3711 2847 vere
3743 2794 3819 2848 sit

2173 2879 2423 2951 genesis,
2455 2878 2898 2933 confirmabam.
2923 2878 3047 2933 Non
3078 2878 3233 2933 enim
3262 2879 3425 2934 rudis
3448 2896 3575 2935 sum
3598 2880 3657 2935 in
3693 2897 3815 2953 my-

2174 2968 2335 3025 teriis
2363 2967 2541 3038 hujus
2571 2966 2931 3039 disciplinae:
2967 2968 3065 3023 sed
3101 2972 3156 3023 et
3187 2984 3415 3023 mecum
3444 2973 3705 3024 versatus
3728 2974 3822 3026 est

2178 3059 2416 3130 quidam
2449 3056 2768 3129 IEgyptius,
2803 3056 3228 3128 astrologorum
3270 3058 3819 3129 praestantissimus,

2180 3146 2415 3203 nomine
2446 3145 2778 3209 Annubion,
2803 3146 2900 3216 qui
2925 3145 2982 3199 in
3008 3145 3592 3217 peregrinationibus,
3617 3148 3689 3201 ab
3712 3147 3824 3201 ini-

2181 3237 2262 3292 tio
2294 3236 2435 3290 mihi
2471 3235 2697 3289 amicus
2729 3234 2987 3296 effectus.
3020 3234 3215 3288 uxoris
3238 3251 3381 3289 meae
3411 3252 3478 3289 ac
3508 3234 3826 3290 liberorum

2185 3331 2431 3379 mortem
2463 3323 2759 3377 indicavit.
2813 3322 2968 3376 Dixit
3014 3322 3256 3377 Petrus:
3310 3324 3585 3395 Nunquid
3609 3325 3735 3394 jam
3770 3342 3830 3382 re

2180 3414 2308 3485 ipsa
2338 3428 2683 3485 persuasum
2735 3411 2939 3475 habes,
2990 3412 3249 3483 genesim
3301 3428 3415 3466 nun
3464 3412 3831 3468 consistere?

2179 3504 2347 3559 Pater
2374 3500 2707 3573 respondit:
2743 3505 2986 3555 Necesse
3017 3504 3105 3554 est
3137 3505 3200 3554 ut
3245 3500 3460 3566 omnia,
3496 3518 3621 3572 qua:
3654 3517 3826 3556 men-

2179 3597 2296 3648 tem
2325 3606 2511 3646 meam
2538 3589 2811 3652 subeunt,
2838 3588 3465 3658 tibiexponam,quoad
3488 3606 3554 3643 ea
3575 3588 3823 3644 audiens

2177 3680 2400 3752 possim
2433 3679 2655 3733 discere
2686 3682 2817 3732 tuas
2862 3692 3063 3730 eorum
3088 3678 3487 3730 relutationes.
3522 3677 3632 3731 Sed
3664 3676 3818 3731 enim

2181 3766 2562 3824 animadverti
2593 3782 2783 3821 errare
2806 3764 3148 3835 astrologos,
3174 3764 3231 3818 in
3260 3764 3462 3819 multis
3495 3765 3670 3819 etiam
3693 3780 3827 3819 vere

2183 3855 2645 3929 loqui.Suspicor
2666 3854 2850 3926 igitur
2868 3869 2965 3908 eos
2989 3855 3136 3908 forte
3168 3854 3223 3906 in
3255 3852 3348 3917 iis,
3382 3870 3507 3925 quas
3533 3852 3831 3925 explorata

2182 3947 2416 4014 habent,
2450 3960 2579 3999 vere
2611 3942 2819 4009 dicere,
2846 3942 2905 3996 in
2931 3942 3002 3997 iis
3031 3950 3248 4006 antem,
3282 3942 3339 3995 in
3369 3942 3583 4012 quibus
3612 3945 3829 4009 errant,

2184 4037 2236 4091 id
2270 4033 2598 4107 ignorantia
2620 4031 2775 4104 pati;
2804 4048 2982 4102 quare
3004 4032 3265 4100 conjecto
3293 4036 3558 4086 constare
3588 4030 3827 4103 quidem

2184 4124 2577 4194 disciplinam,
2610 4121 2742 4175 illos
2774 4126 2965 4174 autem
3002 4136 3103 4191 per
3132 4118 3316 4175 solam
3354 4118 3643 4174 inscitiam
3684 4118 3833 4174 falsa

2187 4213 2519 4285 praedicare,
2555 4226 2620 4265 eo
2652 4209 2805 4281 quod
2833 4226 2945 4263 non
2974 4225 3175 4263 omnes
3194 4209 3419 4280 possint
3448 4209 3519 4262 de
3549 4208 3828 4263 omnibus

2187 4303 2399 4357 habere
2432 4298 2758 4355 scientiam.
2812 4298 2879 4351 Et
2922 4296 3126 4351 Petrus
3171 4297 3351 4350 dixit:
3406 4296 3549 4352 Cave
3591 4312 3663 4351 ne
3693 4312 3828 4351 cum

2186 4407 2384 4446 verum
2414 4387 2733 4461 proferunt,
2754 4402 2889 4441 casu
2906 4391 3297 4455 assequentur
3317 4390 3370 4440 et
3390 4401 3502 4440 non
3525 4390 3828 4456 tanquam.

2186 4486 2340 4536 certo
2373 4478 2621 4533 scientes
2652 4475 2868 4530 dicant.
2902 4474 3153 4529 Omnino
3184 4474 3335 4529 enim
3374 4491 3611 4530 necesse
3643 4478 3835 4538 est,ex

2191 4568 2393 4625 multis
2423 4566 2594 4621 dictis
2616 4566 2843 4620 evenire
2866 4563 3170 4618 nonnulla.
3195 4565 3343 4618 'l‘um
3371 4580 3547 4619 senex
3572 4563 3651 4617 ait
3676 4580 3689 4617 :
3713 4563 3839 4626 Qua

420 4654 514 4711 οῦν
545 4651 655 4710 ἔστι
696 4655 820 4732 περὶ
861 4659 906 4693 ⁹²
945 4656 1141 4711 τούτου
1180 4657 1694 4734 πληροφορηθῆναι,
1734 4657 1797 4711 τὸ
1838 4654 1941 4712 εἴτε
1964 4678 2058 4711 συν

2188 4676 2323 4730 ergo
2354 4656 2574 4711 ratione
2630 4653 2916 4708 certitudo
2948 4652 3055 4708 hac
3113 4653 3171 4707 in
3217 4669 3278 4707 re
3334 4668 3463 4708 esse
3513 4655 3726 4723 potest,
3760 4666 3835 4705 an

420 4744 641 4814 έστηκεν
678 4746 741 4799 τὸ
778 4746 915 4799 κατά
951 4747 1052 4815 τήν
1094 4745 1315 4821 γένεσιν,
1356 4745 1390 4814 ἥ
1434 4743 1536 4815 οὕ;

492 4835 614 4892 XII.
684 4834 1037 4911 Ἀμφοτέρων
1106 4832 1197 4889 οὖν
1265 4835 1596 4890 σιωπώντων
1665 4831 1797 4914 ἔφην
1840 4834 1949 4911 ἐγώ
2006 4838 2070 4894 9³,

2183 4751 2410 4805 constet
2444 4742 2693 4816 genesis,
2730 4758 2911 4797 necne
2938 4742 2965 4796 ?

2252 4834 2527 4891 XII.Cum
2556 4832 2739 4904 igitur
2760 4835 3002 4902 uterque
3031 4834 3377 4902 taceret,ego
3395 4827 3835 4893 dixizQuiama-

1777 4961 2028 5018 VABl/E
2067 4958 2483 5019 LECTIONES.

494 5056 604 5125 τιή

423 5128 471 5164 ⁷⁸
498 5134 588 5185 Ita

423 5216 482 5273 p.
502 5268 513 5283 ν
537 5196 699 5282 αῦτός
737 5196 1011 5283 0,.Ἰάθῐῃ
1061 5200 1381 5283 ἑπιγνλωσθῶ
1426 5199 1553 5270 ἤδοι
1574 5220 1663 5283 ‘p.

423 5220 482 5273 p.
537 5220 699 5260 αυτος
737 5220 801 5256 υ.
850 5220 1011 5257 mem
1061 5220 1381 5277 επιγνωσθω
1426 5220 1553 5270 ηοοι
1712 5220 1920 5271 νοηθω.
1980 5220 2027 5270 '1;

421 5268 514 5359 καί
557 5272 869 5359 .ins‘eruinc
898 5271 1044 5359 ...0.
1090 5274 1149 5355 ,⁸³
1205 5272 1325 5359 βίου
1389 5294 1492 5359 μοι.
1538 5273 1594 5328 εύ
1632 5274 1916 5359 αιμονίαν,
1943 5278 2027 5341 C.,

423 5336 584 5449 iam}
641 5342 701 5397 C.
736 5343 862 5431 'Vb.
923 5339 1024 5450 ἔιζη
1068 5336 1268 5428 gini).
1338 5336 1575 5429 ponitur
1632 5336 1765 5417 pdst

518 5412 779 5489 (pilaiQszf
818 5416 895 5489 7C.
944 5416 993 5489 3_
1024 5436 1129 5489 7vqu
1169 5434 1388 5489 inserm
1429 5436 1496 5489 _c.
1539 5418 1603 5473 Ο.
1654 5418 1765 5489 Sub

688 5056 743 5110 έν
777 5074 835 5132 ρ.
869 5055 1195 5132 #9599161?”

1037 5418 1125 5467 νῦν
1169 5412 1388 5472 inserui
1446 5436 1496 5474 c.
1539 5418 1603 5473 0.
1632 5412 1915 5473 'Subin'de
1969 5412 2030 5470 οὐ
2080 5433 2148 5472 ex
2189 5416 2315 5471 eod.
2368 5412 2424 5469 et
2471 5414 2731 5479 Epitome.
2776 5412 2874 5479 τήν
2927 5416 3061 5465 ante

1237 5058 1272 5127 ἡ
1305 5064 1362 5115 C.
1395 5061 1440 5096 ’⁷⁸
1491 5058 1787 5132 πάντοιμοι
1832 5078 1892 5132 p.
1942 5056 2117 5114 πάντα
2171 5080 2261 5131 μοι
2293 5058 2357 5114 Ο.
2410 5058 2453 5091 ’⁷⁷
2501 5054 2693 5128 τάχιον
2748 5053 2876 5109 Ο.⁷⁸
2910 5050 3051 5132 ,τοὺς
3096 5052 3286 5105 ἑαυτοῦ
3318 5069 3375 5132 p.
3422 5049 3489 5104 τὰ
3516 5051 3740 5132 σεαυτοῦ

694 5119 923 5201 (Ba-Epit:
958 5130 1079 5201 149,
1114 5128 1191 5190 εἰς
1222 5119 1272 5185 ἅ·
1296 5129 1397 5185 λου
1441 5130 1585 5201 τινός
1630 5119 1715 5188 οἱ.
1760 5119 1852 5185 ἐπ”
1890 5128 2067 5201 ἄλλου
2112 5119 2261 5191 τινός
2318 5136 2374 5201 S.
2406 5129 2451 5201 δεῖ
2498 5119 2609 5182 Ita"
2711 5131 2770 5201 et
2818 5126 2985 5196 Epit.,
3027 5119 3521 5201 ἀνατυπωσάμενος
3552 5127 3611 5201 C_.
3654 5119 3838 5179 αὐτοῖς

1712 5205 1920 5271 νοηθῶ.
1976 5200 2179 5270 ’ῌὸειν.
2212 5204 2250 5237 ⁸¹
2312 5196 2612 5273 ἡγούμενοι
2644 5192 2982 5273 ἀκούσαντες,
3007 5192 3455 5273 ,ἀνακαλέσαντες
3483 5195 3543 5249 C.
3578 5195 3841 5273 sequentis

2252 5254 2475 5345 pergiti
2504 5269 2884 5345 περιθήσουσιν
2910 5310 2923 5334 ,
2950 5254 3143 5345 ἕπερ-
3177 5265 3522 5345 ἀπεταξάμην
3549 5304 3561 5317 .
3616 5254 3686 5345 f3:
3724 5254 3841 5345 66E-

1821 5336 2128 5417 ψεύσομαί.
2198 5336 2269 5379 μ’
2300 5336 2656 5417 θεῶρήματος
2683 5358 2694 5370 ·
2758 5336 2904 5417 πληὴν
2965 5339 3024 5417 C.
3046 5380 3059 5403 ,
3091 5336 3296 5417 ⁷θεωρή
3311 5356 3477 5408 ματος
3503 5381 3517 5401 ,

3572 5330 3719 5401 πλήν
3780 5334 3841 5387 S.

3098 5406 3319 5483 γένεσιν
3352 5426 3466 5483 om‘.
3522 5409 3581 5459 C.
3750 5423 3840 5473 μοι

424 5472 690 5563 nonnulli
723 5472 1061 5563 Epipcodd.
1094 5488 1138 5522 δε
1167 5488 1313 5563 Vbb.
1346 5472 1616 5563 τονξςξσξγ)
1645 5472 1855 5541 τούτων
1886 5486 2171 5563 ἐλέγχους..
2229 5482 2404 5563 Ἀλλὰ
2452 5472 2540 5535 καί
2582 5483 2663 5563 (s)
2713 5472 2921 5563 dps'ig
2976 5482 3039 5536 o.
3082 5472 3319 5563 gazis}.
3360 5472 3841 5563 ςρςτονῃὲτῇέίχου

425 5546 793 5636 C.‘ip_textu:,
827 5558 884 5611 in
909 5574 1109 5636 *φεῖ-ε.
1159 5546 1705 5636 τους-Σ--Ᾱέλέγχου-ς.
1740 5546 2248 5636 Ερὶιθιηρῖἓκῇίρεῑ
2282 5576 2293 5612 :
2328 5546 2651 5636 "lyajntapi
2680 5557 2775 5636 σρῦ
2824 5549 3265 5636 πάλινητάληθῇ.
3304 5550 3483 5636 μάθωἼ
3498 5546 3585 5631 καὶ
3624 5546 3835 5633 βέϐαια·

423 5625 613 5707 πολλά
643 5615 849 5707 πταίειν
878 5625 997 5682 οἶδα
1025 5615 1088 5683 κῗ
1108 5650 1159 5685 τ.
1195 5629 1250 5685 λ.
1273 5615 1445 5707 ὐζιάε
1483 5615 1792 5707 Davisius:
1824 5628 2121 5707 Μανθάνειν
2157 5625 2272 5703 ἔχω
2303 5632 2419 5707 τρῖς
2451 5622 2528 5707 δῇη
2551 5615 2645 5707 (ἐφ’)
2678 5620 2929 5707 ἑλέ-(χθές
2954 5620 3327 5707 ῖάλτιθῇ-ΛΚΞΞ
3350 5615 3835 5707 {toil-PVERWY:

420 5718 485 5778 κ..
510 5718 558 5755 τ.
587 5695 725 5778 ,λς’
757 5697 931 5773 μόνην
966 5718 1084 5758 om.
1118 5702 1183 5759 0.
1209 5703 1253 5739 9°
1282 5701 1494 5765 πάντως
1525 5704 1588 5761 Ο.
1623 5706 1666 5741 ⁹¹
1704 5700 1869 5778 ἔπεχε
1897 5720 2019 5759 var.
2052 5690 2273 5760 lectfln
2302 5702 2453 5773 Epit.
2484 5690 2529 5734 9’
2563 5701 2641 5752 Ita
2674 5696 2739 5751 0.
2774 5690 3023 5767 67151221.,
3056 5692 3161 5767 πρό
3190 5696 3249 5747 C.
3285 5692 3329 5727 9³
3357 5690 3466 5765 ἐγώ
3499 5690 3713 5746 excidit
3743 5706 3834 5763 ap.

424 5770 512 5829 Cl.
547 5773 606 5827 et
632 5774 688 5829 Β.
