4086 6216
244 452 361 512 355

1070 446 1133 506 S.
1183 442 1627 506 CLEMENTIS
1672 445 1696 503 l
1744 441 1935 505 ROM.
1978 444 2209 505 PONT.
2257 442 2518 505 OPERA
2558 442 2823 505 DUBIA.

3526 444 3650 505 356

242 580 588 638 thematicas
619 577 960 650 disciplinas
985 577 1214 649 penitus
1237 577 1671 647 novi,dominus
1688 580 1871 633 autem

2004 572 2222 643 Ἐπειδή
2254 573 2317 629 τὸ
2364 575 2593 647 μάθημα
2636 569 2871 650 ἀκριϐῶς
2919 572 3233 647 ἐπίσταμαι,
3281 573 3308 628 6
3357 571 3413 628 δὲ
3458 571 3652 649 κύριος

240 674 299 725 et
331 674 493 740 pater
523 685 636 723 non
668 667 829 738 item,
863 666 912 722 si
939 666 1066 739 ipse
1089 666 1402 722 Annubion
1434 666 1890 733 adesset,coram

246 763 409 829 patre
432 756 886 828 disputationem
911 755 1206 812 haberem.
1230 757 1315 811 Ita
1344 756 1559 827 quippe
1583 772 1674 811 res
1696 754 1888 827 palam

238 847 433 902 venire
448 852 662 918 posset,
678 847 817 900 dum
833 845 974 900 artis
988 845 1207 917 peritus
1222 845 1500 899 adversus
1513 845 1780 913 ejusdem
1798 861 1890 899 ar-

247 935 322 991 tis
345 935 639 991 hominem
655 934 1035 1005 quaestionem
1062 934 1325 1006 agitaret.
1352 932 1672 1004 Respondit
1694 936 1885 1003 pater:

244 1024 349 1080 Ubi
375 1041 510 1096 ergo
534 1029 724 1094 potest
743 1039 875 1079 cum
899 1022 1610 1092 Annubionecongressus
1627 1028 1684 1077 et
1705 1021 1889 1077 collo-

242 1116 450 1185 quium
467 1113 663 1167 baberi
684 1113 783 1167 PEt
798 1116 1001 1167 Petrus
1021 1112 1127 1166 ait:
1145 1111 1460 1166 Antiochiae
1490 1110 1771 1165 :ibienim
1788 1128 1889 1166 au-

247 1202 483 1258 dioesse
509 1201 803 1257 Simonem
838 1202 1092 1272 Magum,
1116 1216 1290 1270 quem
1308 1199 1617 1253 Annubion
1632 1203 1885 1254 assecta-

242 1294 340 1346 tus
355 1306 471 1345 non
485 1290 967 1356 deserit.Quando
982 1305 1117 1361 ergo
1129 1288 1247 1344 illic
1263 1289 1619 1357 fuerimus,si
1635 1304 1732 1344 eos
1747 1305 1887 1343 nan-

240 1378 553 1444 ciscamur,
580 1378 928 1449 disceptatio
958 1376 1082 1432 ﬁeri
1105 1377 1336 1448 poterit.
1374 1380 1440 1430 Et
1468 1380 1780 1448 postquam
1814 1377 1884 1432 de

240 1466 445 1523 multis
477 1466 885 1531 disseruimus,
919 1472 1155 1537 propter
1198 1465 1651 1537 recognitionem
1684 1464 1796 1518 laeti
1828 1466 1885 1521 et

237 1556 352 1610 Deo
385 1555 602 1628 gratias
634 1559 893 1627 agentes,
929 1559 1094 1609 nocte
1141 1553 1581 1626 superveniente
1620 1554 1691 1608 ad
1725 1569 1881 1609 som-

238 1660 381 1699 num
412 1660 519 1699 nos
544 1642 921 1700 contulimus.

821 1928 1125 1984 HOMILIA
1165 1927 1280 1983 XV.

300 2037 342 2092 Ι.
379 2037 585 2111 Exorto
620 2039 814 2090 autem
846 2051 1039 2099 mane,
1082 2039 1244 2105 pater
1291 2050 1423 2089 cum
1458 2038 1642 2089 matre
1675 2038 1872 2090 nostra

226 2123 535 2195 tribusque
582 2122 720 2178 ﬁliis
778 2123 1080 2193 ingressus
1120 2123 1176 2176 in
1228 2122 1419 2178 locum
1469 2123 1565 2177 ubi
1613 2127 1737 2178 erat
1768 2123 1874 2178 Pe-

228 2218 377 2277 trus,
409 2229 545 2268 cum
602 2211 935 2277 salutasset,
999 2211 1167 2277 sedit,
1220 2210 1430 2266 deinde
1481 2229 1584 2266 nos
1618 2228 1868 2283 quoque,

230 2302 328 2356 illo
360 2302 624 2373 jubente.
658 2304 736 2356 Ac
786 2305 989 2356 Petrus
1024 2304 1244 2372 patrem
1297 2300 1546 2356 intuitus
1576 2300 1694 2355 ait:
1731 2303 1871 2356 Per-

230 2391 398 2462 cupio
430 2396 485 2445 te
539 2391 693 2445 idem
748 2390 966 2445 sentire
1000 2390 1151 2460 quod
1213 2406 1357 2444 uxor
1387 2405 1451 2443 ac
1504 2388 1693 2457 liberi,
1727 2394 1791 2443 ut
1816 2392 1872 2444 et

227 2480 321 2534 hic
354 2496 484 2534 cum
520 2479 603 2534 eis
655 2478 943 2545 convivas,
978 2482 1034 2533 et
1083 2477 1220 2544 illic,
1256 2483 1385 2549 post
1431 2477 1637 2533 animae
1684 2495 1717 2532 a
1744 2495 1869 2533 cor-

226 2585 364 2640 pore
395 2568 869 2639 disjunctionem,
921 2565 1097 2621 simul
1145 2583 1279 2620 cum
1330 2566 1549 2621 eisdem
1597 2567 1679 2622 sis
1710 2565 1867 2621 omni

227 2656 494 2712 molestia
520 2656 683 2711 liber.
720 2662 807 2710 An
841 2672 952 2710 non
988 2656 1140 2710 enim
1172 2660 1229 2710 te
1261 2659 1429 2726 atque
1459 2654 1591 2710 illos
1618 2654 1868 2710 maxime

227 2746 616 2811 contristaret,
651 2744 697 2799 si
733 2762 848 2800 una
877 2762 989 2799 non
1022 2744 1275 2799 essetis?
1296 2745 1361 2799 Et
1388 2749 1583 2815 pater:
1617 2744 1867 2800 Omnino

160 2826 161 2829 6
226 2852 383 2889 sane.
420 2835 569 2889 Tum
602 2834 806 2889 Petrus
832 2851 844 2889 :
874 2832 932 2888 Si
984 2850 1119 2904 ergo
1151 2833 1244 2887 hic
1292 2832 1536 2888 invicem
1570 2839 1867 2903 separatos

224 2939 352 2978 esse
377 2923 646 2978 molestia
667 2922 1326 2993 aificit,nonne,quando
1344 2926 1475 2993 post
1493 2927 1737 2976 mortem
1760 2922 1868 2977 erit

225 3012 462 3067 omnino
494 3028 730 3067 necesse
759 3028 861 3067 vos
888 3029 999 3066 non
1023 3028 1149 3067 esse
1170 3010 1370 3077 simul,
1391 3010 1574 3066 multo
1602 3011 1786 3083 magis
1812 3015 1867 3066 te

222 3101 671 3165 contristabit,te
689 3099 1052 3172 quidem,qui
1070 3101 1156 3154 vir
1177 3099 1409 3171 sapiens
1426 3100 1737 3167 es,ratione
1754 3105 1867 3155 tua;

218 3190 509 3261 opinionis
530 3189 789 3261 disjungi
816 3206 847 3244 a
869 3188 1003 3257 tuis,
1028 3187 1158 3243 illos
1179 3204 1310 3243 vero
1344 3187 1528 3243 multo
1556 3188 1739 3260 magis
1763 3189 1865 3244 do-

220 3277 355 3345 lere,
389 3278 544 3350 quod
576 3277 761 3333 sciant
792 3282 846 3332 te
878 3276 992 3332 alia
1023 3276 1369 3332 sentientem
1402 3280 1682 3333 aeternum
1723 3294 1862 3350 sup-

224 3366 464 3438 plicium
495 3368 567 3422 ob
594 3366 710 3421 veri
744 3366 1036 3438 dogmatis
1063 3366 1429 3438 negationem
1465 3382 1700 3422 manere
1725 3369 1747 3421 Ρ

295 3547 365 3602 ΙΙ,
398 3546 468 3600 Et
515 3549 676 3617 pater
725 3543 901 3599 dixit:
961 3546 1032 3598 At
1065 3560 1177 3598 non
1210 3543 1288 3598 ita
1344 3547 1451 3607 est,
1484 3559 1517 3598 o
1561 3542 1767 3614 amice,
1802 3546 1869 3598 ut

223 3635 375 3707 apud
410 3635 625 3689 inferos
659 3632 976 3704 puniantur
1006 3634 1235 3702 animae,
1259 3632 1535 3704 quoniam
1569 3632 1765 3687 anima
1791 3631 1866 3686 si-

219 3724 342 3780 mul
375 3730 551 3796 atque
581 3740 613 3777 a
644 3738 882 3794 corpore
906 3722 1263 3789 discesserit,
1296 3721 1355 3775 in
1380 3737 1571 3776 aerem
1598 3720 1863 3775 dissolvi-

219 3817 335 3868 tur.
368 3813 603 3885 Excepit
633 3817 877 3867 Petrus:
913 3813 1135 3883 Itaque,
1168 3826 1354 3881 usque
1383 3810 1524 3864 dum
1558 3808 1664 3864 hac
1704 3809 1774 3864 de
1805 3825 1864 3864 re

219 3903 321 3957 tibi
359 3904 837 3973 persuadeamus,
868 3900 1153 3971 responde
1176 3898 1340 3965 mihi,
1374 3915 1564 3955 nonne
1586 3898 1689 3953 tibi
1717 3898 1867 3953 vide-

222 3996 339 4057 tur,
371 3996 429 4047 te
459 3992 717 4063 quidem,
751 3990 849 4061 qui
883 3990 1109 4043 futuras
1142 4005 1341 4060 pmnas
1373 4003 1488 4042 non
1520 3988 1732 4055 credis,
1765 4003 1863 4041 ne-

227 4098 522 4152 quaquam
557 4079 766 4141 dolere,
798 4076 927 4133 illos
959 4094 1113 4144 vero,
1148 4077 1245 4149 qui
1280 4076 1542 4143 credunt,
1577 4077 1647 4130 de
1680 4080 1734 4131 te
1764 4091 1863 4129 ne-

223 4171 478 4226 cessario
510 4168 690 4239 angi?
719 4172 861 4221 Tum
898 4171 1095 4237 pater:
1133 4166 1304 4220 Recte
1334 4165 1499 4220 dicis.
1535 4165 1738 4220 Petrus
1770 4180 1865 4219 au-

223 4262 340 4314 tem
369 4276 381 4314 :
417 4258 483 4313 Et
513 4274 693 4329 quare
725 4256 978 4311 maximo
1002 4255 1071 4310 de
1102 4259 1158 4309 te
1190 4270 1431 4308 moerere
1453 4271 1564 4309 non
1598 4271 1697 4309 eos
1726 4254 1865 4309 libe-

221 4347 402 4417 rabis,
428 4346 693 4417 religioni
723 4344 1195 4410 assentiens,non
1228 4344 1446 4415 pudore
1477 4343 1860 4413 inquam,sed

219 4437 509 4508 aequitate.
546 4436 617 4490 de
646 4433 719 4489 iis
741 4452 867 4505 quae
899 4433 1058 4487 tibia
1080 4449 1171 4487 me
1198 4432 1474 4486 dicuntur
1496 4433 1784 4487 audiendo
1806 4437 1864 4488 et

209 4524 555 4596 judicando,
589 4527 788 4578 utrum
821 4539 890 4578 ea
910 4523 989 4576 ita
1020 4522 1291 4592 habeant,
1317 4537 1418 4575 nec
1442 4538 1530 4576 ne.
1563 4522 1641 4576 Ac
1664 4520 1710 4576 si
1737 4520 1865 4592 qui-

218 4615 348 4669 dem
381 4614 461 4667 ita
491 4618 597 4677 est,
634 4616 697 4668 ut
717 4611 986 4679 dicimus,
1010 4616 1067 4666 et
1090 4610 1181 4665 hic
1208 4626 1469 4664 unacum
1496 4609 1862 4666 charissimis

218 4702 595 4757 delectaberis
629 4706 686 4755 et
718 4699 835 4755 illic
857 4716 989 4755 cum
1012 4699 1233 4754 eisdem
1260 4698 1520 4769 requiem
1545 4714 1863 4770 conseque-
1894 4684 1940 4748 D

218 4792 320 4847 ris.
355 4792 515 4857 Quod
559 4790 605 4845 si
660 4790 715 4844 in
766 4804 1103 4845 sermonum
1154 4795 1385 4842 tuorum
1446 4787 1863 4859 disceptatione

218 4879 565 4944 ostenderis,
600 4895 726 4950 qua:
775 4896 808 4933 a
852 4877 1019 4933 nobis
1068 4880 1430 4938 asseruntur,
1484 4875 1689 4931 falsam
1736 4893 1865 4933 esse

217 4968 499 5034 fabulam,
523 4968 695 5022 etiam
720 4968 803 5022 sic
826 4965 1094 5038 preclare
1120 4964 1314 5033 facies,
1335 4964 1468 5019 illos
1490 4964 1643 5019 idem
1670 4970 1862 5021 tecum

218 5056 535 5113 sentientes
567 5057 879 5128 accipien’s,
924 5055 1258 5126 efﬁciesque
1292 5058 1355 5108 ut
1402 5054 1689 5109 desistant
1718 5071 1866 5110 vana

216 5161 318 5216 spe
352 5144 544 5212 inniti,
581 5151 638 5200 et
668 5143 945 5199 liberabis
973 5142 1134 5198 falsis
1162 5141 1504 5198 terroribus.

288 5235 362 5291 ΙΙΙ
375 5275 388 5290 .
420 5234 492 5290 Et
521 5239 722 5306 pater:
757 5234 939 5289 Multa
986 5230 1132 5287 mihi
1162 5231 1376 5287 videris
1418 5230 1610 5287 dicere
1653 5231 1865 5288 rationi

1906 1948 1953 2012 B

2073 662 2087 683 κ
2347 664 2360 681 ε
2494 663 2531 693 τ,
2646 662 2671 683 οι
2869 661 2893 683 ν
3266 661 3280 681 ν
3430 669 3443 689 τ

1998 683 2089 717 και
2140 664 2168 718 ὁ
2225 683 2404 739 πατηρ
2453 684 2561 739 oux
2612 684 2807 735 ουτως,
2859 661 3077 733 τιθελον,
3130 663 3175 717 εί
3222 662 3382 725 αυτὸς
3446 668 3648 720 Αννου-

2000 746 2134 805 ϐίων
2189 759 2389 827 παρῆν,
2450 751 2537 807 ἐπὶ
2591 755 2689 807 τοῦ
2746 753 2947 827 πατρὸς
3002 753 3329 822 ποιήσασθαι
3362 754 3406 788 ⁸⁵
3435 751 3601 828 λόγον
3633 799 3648 813 .

2000 840 2153 894 Οὕτω
2183 840 2283 916 γὰρ
2316 840 2377 894 ’ἀν
2425 841 2489 895 τὸ
2534 846 2756 916 πρᾶγμα
2808 839 2882 903 εἷς
2914 840 3140 918 φανερὸν
3186 839 3359 895 ἐλθεῖν
3392 839 3650 913 ἠδύνατο,

1996 928 2250 1005 τεχνίτου
2282 929 2417 1004 πρὸς
2450 929 2751 1005 ὁμότεχνον
2794 930 2893 998 τήν
2929 931 3152 1000 ζήτησιν
3184 928 3508 1005 ἐσχηκότος.
3543 932 3651 988 Καὶ

1998 1020 2026 1073 6
2057 1019 2236 1093 πατὴρ
2282 1018 2623 1092 ἀπεκρίνατο·
2674 1023 2786 1073 Ποῦ
2835 1016 2925 1073 οὖν
2980 1016 3201 1074 δυνατόν
3254 1017 3392 1074 ἐστιν
3421 1020 3649 1075 ’Δννου-

1997 1101 2154 1161 ϐίωνι
2200 1113 2515 1182 συντυχεῖν;
2554 1106 2651 1163 Καὶ
2695 1109 2723 1162 6
2772 1106 2973 1183 Πέτρος
3022 1104 3147 1185 ἔφη·
3182 1108 3267 1161 Ἐν
3316 1108 3645 1185 Ἀντιοχείᾳο

1996 1194 2106 1250 ἐκεῖ
2133 1196 2233 1272 γὰρ
2269 1195 2518 1268 μανθάνω
2551 1196 2778 1269 Σίμωνα
2819 1196 2910 1251 τὸν
2962 1197 3146 1270 Μάγον
3180 1192 3306 1251 ὄντα
3347 1199 3412 1266 9⁵,
3445 1198 3491 1269 ᾧ
3524 1199 3644 1254 Ἀν-

1994 1279 2222 1339 νουϐίων
2273 1284 2647 1360 παρεπόμενος
2696 1280 3006 1361 ἀχώριστός
3046 1284 3205 1342 ἐστιν.
3257 1285 3417 1341 Ἐπᾶν
3469 1289 3512 1324 ⁹⁶
3550 1284 3644 1341 δῦν

1995 1372 2106 1429 ἐκεῖ
2132 1375 2433 1450 γενώμεθα,
2471 1373 2556 1428 ἐάν
2587 1395 2650 1449 γε
2677 1368 3071 1448 καταλάϐωμεν
3120 1373 3335 1444 αὐτοὺς,
3387 1377 3421 1445 ἡ
3473 1378 3645 1446 ζήτη-

1993 1483 2075 1525 σις
2105 1462 2345 1539 γενέσθαι
2396 1460 2635 1519 δύναται.
2670 1463 2772 1520 Καὶ
2822 1465 2977 1535 ὁμῶς
3027 1462 3216 1519 πολλὰ
3265 1460 3643 1541 διαλεχθέντες

1988 1551 2077 1607 καὶ
2113 1552 2198 1607 ἐπὶ
2225 1557 2304 1625 τῷ
2349 1552 2744 1627 ἀναγνωρισμῷ
2792 1552 3050 1628 χαρέντες
3099 1555 3140 1589 9⁷
3187 1552 3275 1607 καὶ
3322 1557 3438 1624 Θεῷ
3481 1552 3643 1628 εὐχα-

1992 1643 2336 1718 ριστήσαντες
2370 1646 2401 1715 ,τ
2436 1642 2662 1716 ἑσπέρας
2714 1637 3219 1712 ἐπικαταλαϐούσης
3254 1685 3267 1711 ,
3328 1642 3403 1704 εἷς
3472 1641 3641 1698 ὕπνον

1990 1729 2193 1805 ἐτράπη
2206 1751 2322 1805 μεν.

2607 1931 2866 1984 ‘OMIAIA
2907 1929 3007 1985 1Ε’.

2052 2034 2094 2090 Ι.
2128 2034 2361 2110 ’Όρθρου
2393 2031 2451 2088 δὲ
2481 2032 2772 2109 γενομένου
2805 2035 2832 2089 ὁ
2861 2034 3041 2109 πατὴρ
3096 2035 3229 2107 μετᾶ
3273 2040 3375 2104 τῆς
3420 2036 3628 2113 μητρὸς

1980 2122 2139 2195 ἡμῶν
2186 2123 2275 2176 καὶ
2323 2127 2431 2177 τῶν
2480 2127 2645 2198 τριῶν
2694 2123 2822 2178 υἱῶν
2868 2121 3145 2193 εἰσελθὼν,
3198 2119 3323 2186 ἔνθα
3352 2124 3381 2178 6
3432 2125 3636 2197 Πέτρος

1978 2212 2067 2282 ἦν,
2100 2210 2534 2287 προσαγορεύσας
2583 2210 2862 2280 ὲκαθέσθη,
2915 2211 3099 2266 ἔπειτα
3141 2214 3288 2269 307
3326 2214 3415 2267 καὶ
3446 2215 3630 2286 ἡμεῖς,

1980 2298 2143 2353 αὐτοῦ
2192 2298 2568 2363 κελεύσαντος.
2622 2298 2721 2357 Καί
2750 2301 2777 2355 6
2810 2302 3013 2377 Πέτρος
3062 2304 3143 2372 τῷ
3191 2300 3356 2375 πατρὶ
3385 2322 3631 2377 προσεμ-

1980 2383 2185 2463 ϐλέψας
2233 2386 2356 2467 ἔφη’
2412 2386 2638 2444 Σπεόδω
2693 2388 2974 2468 ὁμόφρονά
3031 2410 3088 2444 σε
3135 2390 3376 2466 γενέσθαι
3421 2390 3629 2466 γυναικὶ

1977 2478 2067 2532 καὶ
2097 2476 2324 2546 τέκνοις,
2358 2477 2506 2540 ὅπως
2556 2478 2739 2540 αὐτοῖς
2786 2479 2877 2533 καὶ
2926 2477 3146 2534 ἐνταῦθα
3195 2477 3513 2551 ὁμοδίαιτος
3542 2482 3626 2552 ᾖς,

1977 2566 2131 2621 κάκεῖ
2165 2566 2298 2640 μετὰ
2342 2568 2434 2621 τὸν
2487 2568 2589 2622 ἀπὸ
2636 2573 2733 2622 τοῦ
2782 2567 3035 2640 σώματος
3071 2575 3171 2638 τῆς
3220 2571 3405 2644 ψυχῆς
3456 2590 3631 2645 χωρι-

1980 2655 2114 2728 σμὸν
2149 2658 2320 2710 συνὼν
2372 2655 2579 2717 ἄλυπος
2630 2652 2720 2731 ἔσῃ
2765 2658 2827 2713 9⁸.
2859 2657 2928 2713 Ἢ
2967 2657 3069 2732 γὰρ
3113 2655 3175 2711 o6
3204 2657 3270 2712 τὰ
3315 2655 3542 2731 μέγιστά
3576 2678 3634 2712 σε

1980 2743 2143 2798 λυπεῖ
2187 2744 2275 2799 καὶ
2324 2744 2518 2806 αὐτοὺς
2564 2746 2627 2799 τὸ
2680 2745 2754 2818 μὴ
2806 2742 3081 2815 ἀλλήλοις
3124 2751 3356 2800 συνεῖναι
3396 2765 3408 2814 ;
3450 2748 3551 2802 Και
3601 2746 3630 2800 6

1976 2835 2177 2907 πατήρ.
2229 2833 2331 2889 Καὶ
2380 2834 2516 2888 πάνυ
2573 2856 2652 2909 γε.
2705 2834 2803 2888 Καὶ
2858 2834 2885 2887 6
2934 2834 3159 2909 Πέτρος’
3215 2833 3274 2889 Εἰ
3325 2833 3414 2889 οὖν
3461 2834 3629 2889 xui”

1977 2921 2199 2977 ἐνταῦθα
2225 2923 2287 2977 τὸ
2318 2921 2584 2993 ἀλλήλων
2625 2922 2954 2999 κεχωρίσθαι
3006 2921 3186 2989 λυπεῖ,
3224 2924 3358 2997 μετὰ
3401 2923 3623 2978 θάνατον

1975 3011 2189 3073 πάντως
2244 3009 2599 3089 ὀφειλόμενον
2655 3012 2780 3085 ὑμῖν
2836 3012 2950 3084 μετ’
2998 3010 3264 3082 ἀλλήλων
3327 3013 3402 3085 μὴ
3463 3011 3621 3085 εἶναι,

1975 3098 2129 3172 πόσῳ
2172 3120 2234 3174 γε
2282 3098 2493 3172 μᾶλλον
2543 3098 2776 3170 λυπήσει
2832 3101 2898 3137 ¹⁰⁰
2928 3144 2944 3171 ,
2976 3100 3033 3154 σε
3085 3101 3178 3172 μὲν
3232 3097 3399 3173 ἄνδρα
3455 3100 3623 3179 σοφὸν

1976 3182 2101 3242 ὄντα
2130 3192 2207 3260 τῷ
2256 3184 2354 3257 τῆς
2406 3191 2636 3262 γνώμης
2687 3209 2783 3242 σου
2834 3186 2982 3265 λόγῳ
3015 3192 3030 3225 ¹
3065 3193 3172 3244 τῶν
3223 3190 3327 3243 σῶν
3377 3188 3620 3265 κεχωρί-

1978 3276 2119 3340 σθαι,
2153 3275 2345 3337 αὐτοὺς
2394 3273 2451 3331 δὲ
2489 3275 2633 3331 πολὺ
2684 3276 2896 3350 μᾶλλον
2947 3274 3233 3332 ὀδυνᾶσθαι
3281 3276 3361 3351 τῷ
3407 3275 3629 3349 εἰδέναι,

1977 3364 2057 3419 ὅτι
2091 3385 2148 3419 σε
2178 3363 2321 3420 ἄλλα
2363 3370 2660 3443 φρονοῦντα
2691 3365 2910 3428 αἰώνιος
2965 3367 3110 3440 μένει
3157 3364 3403 3434 κόλασις,
3458 3365 3631 3443 ῥητοῦ

1976 3451 2251 3529 δόγματος
2279 3454 2541 3532 ἀποφάσει
2572 3474 2585 3524 ;

2046 3545 2111 3599 II.
2148 3543 2247 3599 Καὶ
2280 3544 2307 3598 ὁ
2347 3545 2526 3619 πατὴρ
2576 3540 2699 3623 ἔφη’
2734 3542 2891 3601 Ἀλλ’
2939 3543 3039 3600 οὐκ
3083 3540 3246 3612 ἔστιν,
3280 3545 3325 3599 ὧ
3374 3543 3623 3623 φίλτατε,

1969 3630 2033 3685 τὸ
2064 3630 2113 3685 έν
2160 3628 2291 3701 ᾅδου
2338 3631 2518 3706 ψυχὰς
2575 3631 2916 3703 κολάζεσθαι,
2975 3630 3145 3701 αὐτῆς
3203 3631 3318 3703 ἅμα
3364 3635 3442 3703 τῷ
3489 3631 3626 3686 ἀπο-

1972 3720 2159 3789 στῆναι
2190 3723 2286 3774 τοῦ
2319 3720 2570 3793 σώματος
2604 3718 2678 3782 εἷς
2712 3720 2841 3795 ἀέρα
2871 3717 3166 3793 λυομένης.
3211 3719 3312 3776 Καὶ
3345 3719 3373 3774 6
3414 3720 3619 3796 Πέτρος

1974 3806 2096 3886 ἔφη·
2150 3808 2359 3884 Μέχρις
2411 3806 2501 3862 οὖν
2550 3807 2639 3863 ὅτε
2689 3809 2748 3862 ἅν
2797 3811 2817 3845 ²
2865 3808 2987 3885 περὶ
3034 3808 3228 3863 τούτου
3273 3807 3545 3882 πείσωμέν
3594 3810 3618 3844 ⁸

1974 3917 2051 3968 σε,
2102 3896 2387 3972 ἀπόκριναί
2441 3917 2555 3970 μοι,
2600 3896 2660 3951 o6
2712 3894 2861 3952 δοκεῖ
2907 3918 3011 3968 σοι,
3045 3898 3101 3952 σὲ
3153 3897 3248 3970 μὲν
3289 3896 3617 3952 ἀπιστοῦντα

1969 3987 2069 4055 τήν
2102 3983 2324 4040 κόλασιν
2356 3986 2433 4058 μὴ
2475 3984 2778 4055 λυπεῖσθαι,
2832 3985 3069 4049 ἐκείνους
3117 3985 3175 4041 δὲ
3219 3987 3619 4059 πεπεισμένους

1974 4072 2208 4150 ἀνάγκην
2269 4072 2413 4151 ἔχειν
2473 4073 2595 4149 περὶ
2648 4079 2744 4129 σοῦ
2804 4076 3094 4145 ἀνιᾶσθαι;
3140 4075 3238 4131 Καὶ
3298 4075 3325 4130 6
3383 4076 3563 4150 πατήρ
3600 4092 3617 4108 ⁸

1974 4162 2323 4225 Ἀκολούθως
2366 4161 2567 4239 λέγεις.
2616 4163 2714 4218 Καὶ
2751 4164 2778 4218 6
2827 4165 3050 4239 Πέτρος·
3104 4165 3201 4219 Διὰ
3243 4163 3297 4220 τί
3339 4162 3395 4219 δὲ
3426 4163 3623 4227 αὐτοὺς

1973 4251 2071 4307 οὐκ
2111 4251 2440 4322 ἀπαλλάξεις
2493 4242 2754 4326 μεγίστης
2799 4252 2921 4329 περὶ
2970 4257 3066 4307 σοῦ
3115 4252 3313 4322 λύπης,
3362 4256 3432 4325 τῇ
3482 4254 3623 4330 θρη-

1972 4342 2123 4412 σκείᾳ
2149 4340 2488 4413 συνθέμενος,
2540 4340 2601 4395 οὐ
2642 4338 2887 4412 δυσωπίᾳ
2945 4340 3115 4416 λέγω,
3164 4340 3290 4397 ἀλλ’
3332 4340 3621 4417 εὐγνωμο-

1972 4428 2118 4503 σύνῃ,
2150 4428 2273 4504 περὶ
2306 4433 2413 4482 τῶν
2445 4427 2757 4502 λεγομένων
2807 4450 2891 4483 σοι
2944 4429 3031 4484 ὑπ’
3080 4429 3214 4502 ἐμοῦ
3264 4429 3497 4502 ἀκούων,
3528 4429 3625 4484 καὶ

1970 4516 2167 4593 κρίνων
2203 4517 2248 4572 εί
2277 4521 2443 4571 ταῦτα
2493 4514 2665 4580 οὕτως
2715 4516 2853 4593 ἔχει,
2885 4515 2921 4587 ἤ
2963 4513 3024 4572 οῦ
3058 4537 3071 4588 ;
3102 4517 3191 4573 καὶ
3224 4517 3269 4572 εἰ
3313 4518 3404 4591 μὲν
3442 4515 3623 4581 οὕτως

1972 4605 2087 4682 ἔχει
2120 4607 2196 4669 ὡς
2246 4605 2497 4682 λέγομεν,
2526 4606 2627 4682 ⁸καὶ
2674 4603 2782 4661 ὧδε
2828 4606 3254 4669 συναπολαύσεις
3306 4608 3456 4664 308
3502 4612 3626 4669 τοῖς

1973 4677 2277 4774 φιλτάτοις,
2306 4677 2460 4749 κάκεῖ
2483 4677 2902 4766 ἓέυναναπαόσηο
2937 4696 2982 4751 εἰ
3023 4693 3079 4751 δὲ
3109 4694 3159 4751 ἐν
3189 4699 3258 4770 τῇ
3289 4700 3396 4751 τῶν
3433 4694 3622 4771 λόγων

1973 4788 2121 4840 σου⁴
2158 4784 2337 4858 σκέψει
2399 4781 2570 4858 δείξῃς
2622 4785 2690 4840 τὰ
2749 4785 2835 4863 ὑφ’
2893 4787 3053 4859 ἡμῶν
3115 4782 3387 4859 λεγόμενα
3448 4784 3622 4857 μῦθόν

1971 4895 2089 4929 τινα
2116 4870 2286 4948 ψευδῆ
2322 4873 2475 4944 εἶναι,
2524 4874 2615 4929 καὶ
2668 4874 2842 4938 οὕτως
2892 4873 3074 4937 καλῶς
3122 4876 3395 4946 ποιήσεις,
3427 4873 3627 4937 αὐτοὺς

1974 4963 2365 5039 ὀμογνώμονάς
2416 4966 2500 5017 σοι
2549 4961 2830 5042 εἲληφὼς,
2877 4963 2968 5019 καὶ
3014 4962 3112 5019 τοῦ
3167 4968 3349 5026 κεναῖς
3405 4961 3621 5018 ἐλπίσιν

1974 5049 2336 5128 ὲπερείδεσθαι
2405 5049 2626 5113 παύσεις
2660 5095 2675 5122 ,
2732 5051 2823 5107 καὶ
2884 5049 3093 5127 ψευδῶν
3169 5046 3352 5131 φόϐων
3414 5049 3560 5107 ἀπαλ
3594 5084 3623 5097 -

1975 5140 2172 5212 λάξεις.

2046 5232 2139 5287 ΙΙΙ.
2175 5228 2271 5283 Καὶ
2304 5227 2331 5282 6
2366 5229 2566 5303 πατήρ
2602 5226 2796 5284 Πολλὰ
2845 5229 3006 5308 φαίνῃ
3060 5250 3153 5303 μοι
3187 5225 3390 5305 εὔλογα
3424 5226 3628 5305 λέγων

1569 5429 1810 5485 VARI/E
1849 5427 2262 5485 LECTIONES.

294 5556 338 5591 ⁸³⁸
371 5556 452 5613 Ita
483 5554 544 5612 0.
566 5573 631 5639 ‘c.
672 5555 846 5639 Ιτρξῑη
881 5548 1542 5639 ἐποιηῇάμτινὶῧκευρνε,
1585 5553 1784 5639 ἐθέλων
1831 5555 1943 5639 leg:
1972 5559 2169 5639 censet
2192 5556 2245 5639 S‘.
2282 5552 2326 5586 9³
2357 5548 2498 5639 εἶναι,
2541 5570 2595 5624 p.
2647 5550 2736 5607 τὸν
2793 5551 2958 5639 μάγον
2996 5548 3137 5639 ivra
3185 5552 3256 5639 0;,
3297 5551 3336 5586 ⁹¹
3364 5548 3435 5610 ὡς
3468 5548 3531 5639 ἐν
3560 5548 3625 5639 ς.

221 5630 265 5663 ⁹⁷
297 5632 473 5702 χαρᾷς
522 5622 895 5702 πληρωθέντες
928 5626 991 5681 0.
1043 5625 1086 5702 ίξθ
1121 5622 1385 5702 μετά-τὸν
1416 5622 1717 5702 ,χωρ-ισμρν
1762 5622 1946 5702 τῆςῘψ

1952 5630 2091 5699 υχῆς
2127 5622 2245 5700 ’ἀπὸ
2292 5618 2686 5700 τοῦφσώματος
2718 5618 2941 5679 συνόντα
2992 5623 3197 5678 ἄλυπον
3212 5618 3435 5700 Δέσεσθαι
3465 5625 3523 5676 C.
3560 5622 3627 5678 In

219 5690 523 5774 Epiri-3'22:
557 5690 726 5774 συᾶὼῗ
753 5697 807 5774 ἐν
843 5690 1139 5774 ερφροσιξνῇ
1172 5690 1573 5774 διάῂις-ξΐᾉὰὶ
1604 5690 1738 5774 add.
1767 5690 1827 5754 οξ
1851 5690 1933 5754 Ο.’
1956 5690 2025 5774 ξοδ
2050 5690 2259 5774 μάλλον
2295 5692 2357 5749 οὐ
2389 5690 2620 5767 λυπῆσει
2653 5700 2711 5752 C.
2748 5700 2765 5734 ί
2798 5699 2884 5754 Ita
2923 5698 3067 5771 Epit.
3102 5702 3161 5753 et
3205 5693 3296 5766 0.,
3337 5690 3486 5770 λόγω
3525 5712 3624 5747 σου

221 5766 278 5824 (ί.
313 5772 335 5804 ²
366 5766 424 5823 ἄν
451 5788 567 5826 om.
601 5771 665 5828 0.
698 5772 719 5806 ³
752 5771 837 5828 Ita
866 5766 952 5839 Ξῖ,
983 5766 1236 5842 πείσομεν
1268 5766 1354 5837 CL,
1388 5767 1452 5824 0.
1480 5769 1503 5805 ⁴
1531 5788 1626 5823 σου
1656 5770 1980 5843 interposui
2009 5766 2059 5825 o.
2091 5767 2158 5825 0.
