4086 6216
370 425 488 484 359

1186 421 1250 479 S.
1298 415 1740 479 CLEMENTIS
1788 420 1809 478 l
1854 417 2044 479 ROM.
2091 417 2324 479 PONT.
2372 419 2632 480 OPEBA
2677 418 2950 482 DUBiA.

3660 422 3784 486 360

371 555 563 612 aiebat
608 568 755 623 esse,
807 557 864 607 et
910 552 961 606 ei
1023 550 1121 621 qui
1177 548 1472 605 maxillam
1530 554 1692 605 tuam
1740 550 1993 622 percutit

2134 546 2400 626 ἐφαίνετο.
2454 548 2551 604 Καὶ
2608 550 2671 604 τὸ
2729 554 2849 612 πῶς
2907 550 3034 625 ἐρῶ.
3095 550 3308 607 Δίκαιον
3368 550 3587 630 ἔφασκεν
3649 554 3781 610 εἶναι

369 643 610 699 alteram
644 657 876 713 quoque
926 657 1237 711 opponere,
1287 643 1342 694 et
1371 639 1421 694 ei
1483 638 1584 710 qui
1625 639 1816 694 aufert
1844 644 2013 694 tuum

366 731 634 804 pallium,
665 730 895 786 tradere
951 733 1008 783 et
1048 730 1315 794 maforte,
1366 738 1420 783 et
1486 744 1618 783 cum
1667 744 1754 799 eo,
1811 728 1909 800 qui
1942 729 2013 783 ad

364 836 551 874 unum
584 818 834 874 milliare
859 818 1061 891 adigit,
1090 834 1190 889 per
1210 818 1326 872 duo
1360 816 1668 889 proficisci,
1695 822 1869 889 atque
1901 817 2015 873 alia

367 908 586 964 similia
614 908 712 981 (a).

441 998 528 1054 VI.
563 997 881 1069 Respondit
910 1000 1115 1051 Petrus
1144 1012 1156 1051 :
1189 995 1357 1066 Atqui
1393 995 1501 1050 hoc
1520 994 1869 1051 existimasti
1902 994 2011 1049 ini-

366 1104 574 1159 quum,
604 1087 756 1157 quod
789 1085 1192 1156 aequissimum
1226 1090 1333 1140 est.
1366 1085 1443 1139 Ac
1474 1083 1524 1139 si
1562 1083 1724 1139 lubet
1752 1085 1910 1139 audi.
1944 1084 2014 1139 Et

364 1180 531 1248 pater
559 1175 737 1231 dixit:
774 1176 1018 1231 Prorsus
1048 1174 1228 1229 lubet.
1263 1174 1413 1228 Tum
1446 1177 1652 1228 Petrus
1679 1191 1691 1228 :
1724 1173 1875 1228 Num
1904 1171 2010 1228 tibi

363 1264 594 1321 videtur
624 1281 756 1320 cum
784 1264 899 1320 duo
933 1279 1098 1335 reges
1147 1261 1370 1318 inimici
1421 1266 1560 1318 sunt
1588 1267 1646 1317 et
1672 1260 1888 1317 divisas
1919 1278 2007 1318 re-

361 1355 566 1427 giones
596 1358 818 1420 tenent,
850 1354 897 1409 si
922 1352 1215 1425 quispiam
1247 1369 1316 1408 ex
1344 1351 1437 1418 iis,
1462 1352 1561 1422 qui
1592 1350 1836 1422 subjecti
1873 1355 2011 1407 sunt

360 1442 544 1507 alteri,
579 1443 637 1498 in
669 1442 909 1498 alterius
934 1441 1167 1513 regione
1219 1441 1708 1512 deprehendatur,
1764 1440 2009 1510 ideoque

360 1537 651 1588 mereatur
679 1536 949 1599 mortem,
984 1536 1040 1587 et
1091 1530 1350 1601 colapho,
1403 1546 1518 1585 non
1577 1534 1775 1584 autem
1818 1529 2008 1601 rapite

356 1621 619 1693 punitus,
653 1637 879 1692 poenam
907 1620 1133 1684 evadat,
1162 1636 1303 1673 num
1327 1619 1555 1672 videtur
1577 1617 2008 1690 humanus,qui

355 1710 587 1766 veniam
619 1709 825 1764 dedit?
856 1709 923 1762 Et
954 1713 1117 1779 pater
1160 1707 1276 1762 ait:
1330 1707 1683 1761 Admodum.
1718 1706 1871 1761 Dixit
1907 1707 2005 1762 Pe-

356 1805 522 1855 trus:
557 1798 703 1862 Quid
735 1814 889 1863 vero,
935 1798 985 1852 si
1037 1796 1086 1851 is
1119 1797 1242 1867 ipse
1294 1796 1468 1850 etiam
1502 1795 1671 1849 alicui
1707 1794 2005 1867 proprium

354 1888 443 1943 vel
477 1887 637 1943 aliud
672 1887 771 1957 qui
803 1886 1048 1950 auferat,
1080 1889 1136 1941 et
1175 1885 1231 1938 in
1267 1886 1419 1939 furto
1463 1884 1924 1955 comprehensus
1955 1884 2006 1939 si

356 1975 601 2048 duplum
633 1976 750 2041 det,
776 1991 906 2029 cum
930 1972 1243 2045 quadrupli
1275 1972 1612 2041 sitdebitor,
1646 1973 2004 2045 insuperque

354 2065 582 2129 mortis,
616 2064 713 2135 qui
750 2079 958 2134 nempe
992 2062 1052 2117 in
1080 2060 1397 2117 adversarii
1430 2060 1645 2116 finibus
1675 2066 1882 2132 captus
1904 2060 2001 2127 sit,

354 2169 548 2209 nonne
578 2152 684 2207 tibi
716 2150 1304 2221 videtur,humanum
1327 2165 1454 2205 esse
1475 2149 1730 2219 eum,qui
1756 2148 1998 2219 duplum

352 2243 576 2313 accepit
607 2246 661 2296 et
692 2245 936 2295 mortem
987 2238 1069 2293 illi
1102 2238 1375 2293 remisit?
1408 2243 1470 2293 Et
1519 2244 1682 2310 pater
1724 2237 1842 2293 ait:
1874 2237 2001 2292 Cla-

354 2348 488 2385 rum
520 2334 627 2386 est.
660 2331 740 2385 Ac
770 2330 1010 2384 Petrus:
1046 2328 1191 2392 Quid
1224 2344 1379 2396 vero,
1413 2344 1605 2382 nonne
1634 2331 1880 2397 oportet,
1915 2333 1997 2394 ut,

353 2420 447 2490 qui
484 2420 541 2474 in
570 2419 808 2474 alterius
848 2433 1024 2489 regno
1072 2422 1353 2480 versatur,
1404 2416 1579 2487 idque
1628 2414 1863 2485 pessimi
1896 2415 1998 2469 bo-

355 2509 483 2574 stis,
517 2509 695 2563 vitam
728 2507 1109 2563 conservandi
1130 2506 1317 2577 gratia
1337 2505 1612 2559 omnibus
1634 2503 2002 2568 aduletur,et

352 2598 404 2652 vi
438 2596 806 2669 adigentibus
840 2595 1027 2666 magis
1057 2596 1245 2660 cedat,
1279 2610 1391 2649 non
1420 2592 1743 2648 salutantes
1764 2592 1997 2657 salutet,

350 2686 622 2741 inimicos
652 2685 763 2741 sibi
797 2682 1086 2745 conciliet,
1122 2700 1255 2738 cum
1292 2682 1679 2739 irascentibus
1710 2698 1825 2736 non
1860 2697 1995 2736 con-

350 2776 570 2843 tendat,
634 2790 735 2829 sua
796 2772 955 2829 omni
1014 2772 1289 2827 audacter
1357 2770 1573 2843 petenti
1633 2770 1886 2842 praebeat
1942 2775 1999 2825 et

350 2864 526 2920 faciat
554 2878 911 2935 quazcunque
962 2866 1099 2916 sunt
1154 2859 1539 2931 bujusmodi‘?
1599 2860 1748 2914 Tum
1795 2863 1990 2930 pater:

351 2952 574 3008 Cuncta
603 2952 795 3024 potius
829 2950 1033 3007 merito
1063 2949 1399 3016 sustinebit,
1444 2948 1494 3004 si
1523 2947 1615 3003 his
1640 2948 1817 3003 vitam
1852 2964 1996 3020 prae-

350 3044 481 3097 fert.

422 3129 539 3185 VII.
573 3130 642 3185 Et
666 3130 909 3184 Petrus:
966 3128 1168 3183 Nonne
1226 3125 1406 3198 igitur
1461 3124 1522 3191 ii,
1584 3141 1730 3196 quos
1761 3125 1996 3182 dicebas

348 3220 499 3276 afﬁci
532 3218 767 3289 injuria,
801 3218 914 3289 ipsi
963 3221 1104 3271 sunt
1158 3216 1362 3271 finium
1418 3220 1900 3286 transgressores,
1934 3215 1993 3270 in

2124 636 2213 691 καὶ
2239 642 2317 709 τῷ
2345 636 2601 693 τύπτοντι
2653 638 2817 693 αὐτοῦ
2875 640 2972 708 τήν
3027 640 3247 715 σιαγόνα
3294 642 3639 716 παρατιθέναι
3688 644 3779 699 καὶ

2121 727 2220 795 τήν
2277 725 2480 802 ἑτέραν,
2514 725 2603 781 καὶ
2649 725 2731 800 τῷ
2778 725 2984 802 αἷ¹ροντι
3032 728 3195 783 αὐτοῦ
3234 731 3297 785 τὸ
3347 730 3564 803 ἱμάτιον
3612 752 3779 806 προσ-

2125 812 2333 869 διδόναι
2365 814 2455 870 καὶ
2484 816 2547 870 τὸ
2599 816 2864 894 μαφόριον
2896 818 3042 889 ²⁸-²⁶,
3076 817 3429 894 ἆγγαρεῦοντι
3477 817 3534 875 δὲ
3587 820 3773 893 μίλιον

2121 902 2177 958 ἓν
2208 904 2633 980 συναπέρχεσθαι
2666 902 2783 974 δύο,
2815 905 2905 959 καὶ
2938 904 3036 961 ὅσα
3062 911 3307 964 τοιαῦτα.

2193 994 2289 1048 Vl.
2319 992 2417 1047 Καὶ
2449 994 2477 1048 6
2509 994 2716 1068 Πέτρος
2769 994 3113 1069 ἀπεκρίνατοο
3147 994 3303 1052 Ἀλλ’
3350 994 3606 1069 ἐνόμισας
3654 996 3764 1055 ἄδι-

2122 1102 2216 1136 κον
2242 1080 2272 1136 ὅ
2297 1103 2351 1137 τι
2395 1079 2731 1137 δικαιότατόν
2782 1081 2944 1140 ἐστιν.
2977 1081 3049 1141 Ei’
3072 1105 3156 1138 σοι
3205 1082 3365 1163 φίλον
3414 1084 3579 1155 ἐστὶν,
3607 1084 3769 1143 ἀκου-

2123 1190 2233 1227 σον.
2265 1170 2364 1225 Καὶ
2424 1171 2453 1225 6
2509 1172 2689 1248 πατὴρ
2740 1174 2784 1209 ²⁷
2842 1168 2966 1251 ἔφη’
3022 1174 3164 1228 Πάνυ
3222 1195 3317 1247 μοι
3370 1173 3553 1253 φίλον.
3600 1176 3698 1231 Καὶ
3746 1178 3774 1233 6

2121 1257 2346 1334 Πέτρος’
2399 1259 2472 1314 Οὐ
2526 1257 2676 1315 δοκεῖ
2724 1282 2830 1332 σοι,
2874 1258 2970 1315 δύο
3019 1260 3229 1338 ἐχθρῶν
3282 1262 3547 1338 βασιλέων
3605 1261 3778 1321 ὅντων

2120 1347 2209 1402 καὶ
2251 1345 2410 1424 διῃρη
2422 1348 2583 1423 μένας
2609 1348 2703 1411 τὰς
2735 1350 2925 1426 χώρας
2954 1348 3220 1426 ἐχόντων,
3251 1349 3305 1407 εἷ’
3325 1373 3408 1415 τις
3438 1353 3497 1408 ἐκ
3525 1356 3634 1408 τῶν
3678 1359 3779 1409 τοῦ

2122 1434 2238 1499 ένὸς
2289 1437 2543 1508 ὑπηκόων
2593 1437 2645 1492 ἐν
2689 1442 2758 1511 τῇ
2805 1443 2902 1493 τοῦ
2946 1438 3129 1513 ἑτέρου
3158 1441 3319 1517 χώρᾳ
3348 1442 3653 1519 φωραθείη,
3682 1442 3777 1498 καὶ

2121 1522 2209 1580 διὰ
2237 1531 2397 1581 τοῦτο
2430 1525 2651 1590 θάνατον
2704 1525 2940 1605 ὀφείλων
2972 1529 3037 1598 ²⁸,
3072 1527 3159 1583 ἐὰν
3208 1528 3503 1605 ῥαπίσματι
3553 1531 3644 1586 καὶ
3695 1533 3774 1604 μή

2119 1614 2326 1688 θανάτῳ
2365 1623 2463 1685 τῆς
2500 1615 2771 1691 τιμωρίας
2817 1615 3089 1692 ἀπολυθῇ,
3123 1617 3184 1672 οὐ
3235 1618 3476 1697 φαίνεται
3529 1620 3636 1693 μὴν
3666 1624 3713 1657 ²⁹
3745 1622 3775 1676 6

2120 1703 2399 1766 ἀπολύσας
2442 1703 2827 1779 φιλάνθρωπος
2879 1705 3053 1775 sive“;
3089 1705 3185 1760 Καὶ
3220 1708 3247 1761 6
3279 1710 3457 1781 πατὴρ
3507 1705 3631 1787 ἔφη·
3671 1710 3773 1765 Καὶ

2116 1794 2277 1849 πάνυ.
2312 1794 2407 1847 Καὶ
2458 1795 2486 1848 ὁ
2545 1794 2746 1869 Πέτρος
2805 1793 2928 1872 ἔφη·
2965 1795 3024 1849 Τί
3080 1794 3156 1867 δὲ,
3212 1797 3257 1850 εἰ
3305 1798 3395 1851 καὶ
3443 1795 3579 1853 ἴδιόν
3626 1821 3682 1854 τι
3725 1802 3773 1838 ³ο

2115 1902 2257 1944 τινος
2310 1881 2468 1944 αὐτὸς
2517 1882 2675 1945 οὗτος
2723 1883 3012 1960 ἀφέληται,
3044 1885 3078 1953 ἢ
3125 1887 3214 1939 καὶ
3255 1883 3550 1961 ἀλλότριον
3579 1891 3645 1955 ³¹,
3677 1888 3770 1943 καὶ

2115 1969 2201 2024 ἐπὶ
2248 1970 2429 2042 τούτῳ
2474 1969 2809 2049 συλληφθεὶς
2860 1970 2946 2026 ἐὰν
3000 1969 3284 2053 διπλάσιον
3332 1972 3430 2046 δῷ,
3462 1976 3771 2051 τετραπλά-

2115 2080 2227 2113 σιον
2264 2059 2500 2138 ὀφείλων
2532 2062 2599 2132 ³³,
2632 2061 2720 2114 καὶ
2755 2061 2818 2115 τὸ
2848 2063 3042 2130 θανεῖν,
3076 2062 3151 2124 ὡς
3202 2061 3253 2117 ἐν
3305 2066 3452 2121 311
3501 2071 3620 2126 τοῖς
3668 2070 3769 2121 τοῦ

2113 2147 2350 2203 ἐναντίου
2400 2146 2567 2210 ἁλοὺς
2615 2147 2788 2224 ὅροις,
2821 2150 2882 2203 οὐ
2933 2146 3083 2204 δοκεῖ
3129 2172 3213 2205 σοι
3263 2150 3345 2206 ὅτι
3395 2152 3422 2206 6
3470 2149 3653 2208 λαϐὼν
3702 2154 3766 2209 τὸ

2114 2234 2400 2292 διπλάσιον
2434 2237 2521 2291 καὶ
2573 2236 2800 2291 θανάτου
2848 2237 3007 2292 αὐτὸν
3052 2237 3329 2302 ἀπολύσας
3380 2240 3762 2317 φιλάνθρωπος

2109 2324 2367 2402 τυγχάγει
2396 2353 2410 2395 ;
2444 2325 2545 2382 Καὶ
2573 2327 2600 2381 6
2631 2328 2810 2403 πατὴρ
2843 2325 2967 2403 ἔφη·
3008 2328 3274 2385 Φαίνεται.
3308 2330 3407 2384 Καὶ
3457 2330 3485 2384 6
3535 2330 3758 2407 Πέτρος.

2108 2414 2167 2469 Τί
2200 2414 2290 2483 δέ;
2328 2414 2390 2469 οὐ
2446 2417 2556 2491 χρὴ
2613 2415 2706 2470 τὸν
2767 2415 2818 2470 έν
2854 2416 3036 2490 ἑτέρου
3106 2417 3353 2492 βασιλείᾳ
3410 2416 3538 2475 ὄντα
3568 2423 3634 2486 ³³,
3667 2421 3753 2476 καὶ

2106 2508 2274 2558 ταῦτα
2303 2508 2547 2579 πονηροῦ
2576 2525 2723 2566 τινος
2784 2502 3006 2580 ἐχθροῦ,
3036 2510 3133 2560 τοῦ
3194 2510 3287 2579 ζῇν
3343 2509 3506 2583 χάριν
3556 2510 3758 2572 πάντας

2109 2591 2450 2667 κολαχεόειν,
2500 2591 2591 2647 καί
2663 2593 3049 2668 ἀγγαρεύουσιν
3108 2593 3197 2650 ἐπὶ
3248 2594 3437 2651 πλεῖον
3499 2597 3757 2672 ὑπείκειν,

2113 2683 2188 2754 μή
2247 2680 2745 2758 προσαγορεύοντας
2807 2692 3249 2758 προσαγορεύειν,
3297 2684 3525 2760 ἐχθροὺς
3595 2685 3759 2741 διαλ-

2108 2767 2344 2842 λάσσειν,
2414 2770 2790 2846 ὀργιζομένοις
2870 2772 2946 2844 μή
3023 2770 3373 2850 φιλονεικεῖν,
3430 2776 3495 2829 τὰ
3556 2775 3753 2831 ἑαυτοῦ

2107 2856 2276 2921 ἀδεῶς
2307 2862 2355 2896 ³⁴
2382 2859 2538 2915 παντῖ
2592 2860 2829 2915 αἰτοῦντι
2879 2860 3161 2937 παρέχειν,
3189 2862 3278 2916 καὶ
3336 2862 3431 2917 ὅσα
3484 2869 3753 2933 τοιαῦτας

2106 2948 2205 3002 Καὶ
2236 2950 2495 3024 ὁπατήρ·
2546 2950 2722 3004 Πάντα
2784 2948 2994 3022 μᾶλλον
3047 2949 3295 3027 εὐλόγως
3366 2953 3630 3023 ὑποσταίη
3684 2955 3757 3027 ⁸⁸,

2107 3035 2256 3111 εἷ’περ
2283 3037 2492 3092 τούτων
2517 3039 2581 3093 τὸ
2610 3042 2703 3111 ζῇν
2735 3039 3038 3114 προκρίνει.

2176 3128 2298 3184 VII.
2332 3127 2428 3181 Καὶ
2459 3128 2487 3181 ὁ
2524 3128 2741 3202 Πέτρος’
2777 3127 2987 3185 Οὐκοῦν
3016 3131 3061 3166 ³⁸
3092 3128 3184 3191 οὓς
3213 3127 3507 3185 ἀδικεῖσθαι
3547 3129 3760 3207 ἔλεγες,

2105 3214 2258 3270 αὐτοὶ
2305 3216 2627 3292 παρορισταὶ
2669 3217 3055 3292 τυγχάνουσιν,
3086 3218 3218 3273 καθὸ
3250 3222 3293 3256 ³⁷
3319 3218 3369 3274 έν
3423 3219 3607 3293 ἑτέρου
3658 3221 3764 3275 εἶσὶ

344 3313 630 3380 quantum
657 3312 967 3362 versantur
995 3308 1052 3360 in
1083 3321 1261 3377 regno
1293 3304 1554 3367 alterius,
1590 3308 1648 3359 et
1670 3304 1728 3358 in
1760 3308 1991 3359 tantum

2113 3303 2378 3381 βασιλείᾳ,
2408 3304 2496 3359 καὶ
2523 3309 2779 3360 τοσοῦτον
2828 3305 3149 3362 πλεονέκται
3199 3307 3352 3380 εἰσὶν,
3396 3308 3519 3363 ὅσον
3567 3330 3767 3379 κεκτη-

345 3398 782 3454 defraudatores
806 3401 963 3463 sunt,
989 3396 1046 3449 in
1072 3399 1358 3466 quantum
1384 3393 1731 3465 possident?
1760 3394 1868 3448 Sed
1894 3393 1994 3466 qui

345 3486 618 3543 videntur
649 3487 835 3542 facere
883 3484 1183 3555 injuriam,
1238 3483 1553 3553 unicuique
1609 3498 1677 3537 ex
1706 3482 1997 3537 contraria

349 3580 514 3646 parte
558 3580 721 3630 tanta
767 3575 1190 3647 gratiﬁcantur,
1230 3575 1452 3643 quanta
1508 3572 1592 3627 eis
1650 3571 1997 3643 permittunt

348 3664 585 3720 habere.
620 3668 750 3719 Haec
781 3664 996 3735 quippe
1025 3663 1093 3718 ad
1131 3678 1228 3717 eos
1257 3659 1567 3734 pertinent,
1601 3660 1698 3731 qui
1740 3676 1991 3732 praesen-

347 3755 429 3809 tia
459 3753 779 3825 elegerunt.
814 3753 882 3807 Et
908 3752 1048 3807 adeo
1098 3750 1337 3805 humani
1384 3754 1542 3815 sunt,
1577 3754 1642 3804 ut
1669 3747 1787 3804 illis
1814 3749 1991 3805 vitam

348 3844 584 3898 donent.
618 3847 804 3913 Atque
834 3838 1161 3910 exemplum
1213 3839 1293 3894 ita
1339 3838 1575 3910 quidem
1619 3837 1810 3892 habet.
1843 3837 1994 3891 Audi

337 3934 462 4002 jam
487 3931 674 4003 ipsam
702 3947 844 3985 rem.
866 3928 1137 3984 Veritatis
1167 3927 1446 3999 propheta
1466 3927 1779 3981 adveniens
1795 3926 1995 3981 docuit

344 4037 474 4089 nos,
511 4020 666 4091 quod
699 4018 961 4075 omnium
992 4022 1215 4072 creator
1235 4033 1300 4071 ac
1320 4016 1474 4071 Deus
1499 4015 1729 4070 duobus
1753 4015 1994 4087 quibus-

344 4109 480 4164 dam
513 4110 626 4164 duo
661 4124 839 4179 regna
869 4105 1345 4174 distribuit,bono
1376 4110 1431 4160 et
1464 4103 1636 4175 malo,
1665 4104 1812 4159 dans
1840 4102 1991 4159 malo

343 4197 580 4268 quidem
614 4213 859 4268 regnum
891 4196 1071 4266 hujus
1104 4194 1305 4250 mundi
1339 4210 1470 4249 cum
1506 4194 1650 4266 lege,
1683 4193 1767 4248 ita
1797 4199 1858 4247 ut
1888 4193 2013 4248 ha-‘

344 4286 481 4342 beat
512 4290 855 4358 potestatem
896 4284 1212 4355 injuriosos
1257 4282 1559 4355 puniendi,
1616 4283 1765 4338 bono
1796 4287 1990 4338 autem

341 4374 590 4447 largitus
613 4376 875 4430 futurum
904 4378 1248 4445 perpetuum
1276 4371 1573 4427 saeculum.
1595 4370 1993 4443 Unumquem-

343 4481 457 4537 que
480 4481 610 4520 vero
642 4462 948 4519 hominum
976 4461 1223 4517 liberum
1249 4461 1403 4525 fecit,
1423 4460 1642 4532 quique
1664 4460 1877 4515 habeat
1900 4477 1994 4531 po-

338 4558 612 4609 testatem
646 4569 708 4609 se
750 4552 1016 4608 tradendi
1050 4550 1142 4606 cui
1189 4549 1347 4619 velit,
1381 4556 1478 4605 aut
1510 4549 1777 4621 praesenti
1814 4549 1990 4617 malo,

340 4648 441 4698 aut
473 4645 666 4698 futuro
698 4642 871 4697 bono.
906 4641 985 4696 Ex
1012 4640 1249 4712 quibus,
1283 4639 1381 4710 qui
1405 4638 1716 4709 praesentia
1745 4637 1988 4709 eligunt,
2020 4662 2064 4726 ο

300 4737 690 4804 γροιοείοῐθη]
727 4731 944 4786 habent
995 4735 1061 4785 ut
1113 4727 1320 4783 divites
1368 4728 1507 4792 sint,
1558 4726 1616 4781 in
1668 4727 1894 4782 deliciis
1926 4742 1992 4781 ac

338 4819 735 4890 voluptatibus
768 4820 944 4875 vitam
969 4822 1228 4891 agant,et
1249 4815 1466 4873 similia
1495 4816 1692 4871 omnia
1724 4832 1826 4888 pro
1858 4815 1991 4871 viri-

342 4909 455 4965 bus
487 4910 829 4981 percipianl.
862 4908 1007 4964 Nam
1055 4908 1387 4962 futurorum
1441 4906 1728 4961 bonorum
1763 4904 1991 4960 nullum

415 5051 493 5124 (a)
526 5050 663 5107 Luc.
697 5067 773 5123 vr,
805 5050 913 5118 29;
947 5047 1154 5105 Matth.
1187 5064 1240 5117 ν,
1272 5047 1362 5102 39.

2108 3394 2262 3467 μένοι
2326 3393 2491 3461 εἰσίν;
2534 3394 2596 3448 Οἱ
2655 3392 2701 3449 δ’
2756 3396 2800 3430 ³⁸
2857 3392 3058 3450 ἀδικεῖν
3118 3396 3469 3470 νομιζόμενοι
3524 3402 3765 3453 τοσαῦτα

2105 3482 2313 3555 ἑκάστῳ
2361 3486 2440 3554 τῷ
2480 3481 2530 3553 ἐξ
2582 3481 2824 3545 ἐναντίας
2871 3478 2983 3538 ὄντι
3037 3484 3353 3560 χαρίζονται
3403 3487 3471 3557 ³9,
3522 3486 3620 3541 ὅσα
3695 3485 3759 3541 ἂν

2104 3570 2286 3633 αὐτοῖς
2362 3566 2507 3645 ἔχειν
2580 3575 2957 3647 συγχωρῶσιν.
3012 3571 3198 3627 Αὐτῶν
3250 3574 3352 3650 γάρ
3430 3572 3540 3629 ἐστι
3588 3579 3761 3629 ταῦτα

2101 3664 2208 3715 τῶν
2243 3659 2310 3714 τά
2354 3658 2595 3735 παρόντα
2641 3658 2940 3733 ἑλομένων.
2976 3661 3073 3716 Καὶ
3127 3661 3204 3724 εἲς
3250 3667 3507 3718 τοσοῦτον
3559 3663 3754 3741 φιλάν-

2104 3748 2314 3824 θρωποί
2372 3747 2524 3817 εἷ’σιν,
2558 3749 2632 3811 ὡς
2680 3750 2744 3803 τὸ
2797 3753 2891 3823 ζῇν
2943 3748 3128 3813 αὺτοῖς
3174 3756 3501 3826 συγχωρεῖν.
3548 3751 3646 3806 Καὶ
3690 3752 3753 3807 τὸ

2107 3838 2200 3909 μὶν
2256 3834 2601 3912 παράδειγμα
2651 3836 2822 3899 οὕτως
2877 3835 3013 3912 ἔχει.
3049 3839 3248 3894 Ἀκουε
3296 3837 3361 3908 δὴ
3412 3844 3458 3877 ιο
3503 3840 3632 3895 αὐτὸ
3688 3841 3753 3895 τὸ

2102 3932 2349 4001 πρᾶγμα.
2410 3927 2465 3978 ’0
2513 3932 2612 3994 τῆς
2661 3926 2916 3995 ἀληθείας
2962 3928 3148 4002 παρὼν
3182 3930 3471 4005 προφήτης
3502 3927 3753 3984 "€631:-

2102 4015 2183 4084 ξεν
2215 4016 2385 4086 ἡμᾶς,
2419 4013 2501 4068 ὅτι
2534 4014 2561 4067 ὁ
2591 4018 2700 4068 τῶν
2748 4013 2892 4070 ὅλων
2930 4011 3272 4090 δημιουργὸς
3321 4017 3410 4071 καὶ
3456 4017 3585 4079 Θεὸς
3632 4014 3754 4073 δυσί

2099 4124 2237 4158 τισιν
2270 4102 2528 4176 ἀπένειμε
2560 4102 2835 4178 βασιλείας
2876 4100 2994 4173 δύο,
3026 4104 3212 4179 ἀγαθῷ
3258 4126 3319 4160 τε
3362 4106 3452 4160 καὶ
3500 4111 3756 4179 πονηρῷ,

2103 4190 2229 4254 δοὺς
2256 4190 2336 4265 τῷ
2373 4192 2465 4264 μὲν
2498 4195 2648 4264 κακῷ
2674 4197 2770 4246 τοῦ
2816 4193 3083 4268 παρόντος
3130 4193 3338 4267 κόσμου
3391 4196 3524 4269 μετᾶ
3578 4196 3756 4267 νόμου

2100 4282 2197 4350 τὴν
2236 4278 2536 4357 βασιλείαν,
2571 4279 2695 4334 ὥστ’
2736 4278 2794 4335 ἂν
2849 4279 2995 4357 ἔχειν
3049 4281 3285 4353 ἐξουσίαν
3334 4281 3586 4353 κολάζειν
3625 4282 3757 4346 τοὺς

2100 4367 2439 4431 ἀδικοῦντας·
2473 4373 2552 4441 τῷ
2582 4371 2735 4427 312
2768 4366 2825 4425 δὲ
2855 4370 3035 4446 ἀγαθῷ
3082 4371 3170 4425 τὸν
3228 4370 3481 4445 ἐσόμενον
3511 4370 3687 4428 ἀίδιον
3715 4376 3762 4410 ⁸³

2099 4457 2285 4514 αἰῶνα.
2327 4460 2590 4512 ’Έκαστον
2625 4455 2683 4513 δὲ
2730 4462 2838 4513 τῶν
2888 4459 3184 4531 ἀνθρώπων
3239 4458 3519 4536 ἐλεύθερον
3563 4461 3757 4532 ἐποίη-

2100 4568 2186 4603 σεν
2228 4542 2374 4623 ἔχειν
2414 4547 2515 4615 τὴν
2545 4546 2784 4617 ἐξουσίαν
2841 4548 3026 4603 ἑαυτὸν
3081 4549 3366 4622 ἀπονέμειν
3395 4551 3441 4622 ᾧ
3476 4549 3755 4624 βούλεται,

2097 4637 2132 4706 ἢ
2164 4640 2244 4708 τῷ
2290 4636 2517 4711 παρόντι
2571 4639 2722 4707 κακῷ
2766 4636 2799 4700 ἢ
2845 4640 2924 4708 τῷ
2974 4636 3237 4710 μέλλοντι
3299 4639 3501 4714 ἀγαθῷ.
3553 4641 3649 4693 Ὧν
3701 4640 3756 4694 οἱ

2101 4724 2350 4798 ἑλόμενοι
2383 4724 2451 4779 τὰ
2493 4725 2733 4799 παρόντα
2782 4724 3023 4795 ἐξουσίαν
3074 4722 3261 4802 ἔχουσι
3315 4728 3593 4797 πλουτεῖν,
3622 4748 3755 4805 τρυ-

2101 4818 2225 4891 φᾷν,
2271 4811 2518 4882 ἥδεσθαι,
2574 4812 2664 4867 καὶ
2721 4814 2823 4869 πᾶν
2872 4813 2902 4869 6'
2955 4835 3008 4869 τι
3065 4814 3126 4869 ἂν
3176 4813 3456 4875 δύνωνται.
3487 4820 3604 4872 Τῶν
3650 4819 3755 4893 γὰρ

2102 4900 2373 4977 ἐσομένων
2410 4903 2624 4978 ἀγαθῶν
2675 4900 2827 4959 οὐδὲν
2873 4900 3102 4975 ἕξουσιν.
3132 4906 3197 4961 Οἱ
3240 4902 3299 4961 δὲ
3342 4906 3409 4960 τὰ
3460 4912 3560 4977 τῆς
3624 4903 3757 4979 μελ-

1702 5198 1937 5255 νΑΗΙιΕ
1978 5197 2392 5257 LECTIONES.

414 5320 538 5362 "-96
594 5319 719 5375 Vid.
801 5319 1003 5376 Suicer
1081 5318 1337 5375 Thesaur.
1397 5332 1448 5370 s.

346 5410 404 5466 p-
438 5392 476 5466 ὁ.
516 5393 697 5465 πατήρ

346 5448 415 5521 ὲκ
447 5465 500 5547 Ο.
520 5471 578 5521 et
790 5459 1045 5547 ’.δι’ἄλλο
1073 5448 1214 5547 τῖ’(ὶ.
1256 5448 1572 5547 insequens
1627 5457 1716 5540 καί
1746 5448 2002 5547 ,ἰοεείςηί
2114 5464 2195 5547 9.,
2255 5460 2302 5493 ³⁵³
2338 5455 2574 5547 ὀφείλων
2705 5464 2769 5527 0,
2808 5457 2929 5534 ὀφει

1525 5332 1575 5389 ν.
1634 5317 1905 5384 Credner,
1956 5316 2240 5389 ,Beitraege
2297 5334 2336 5385 ι,
2402 5316 2526 5389 308.
2569 5316 2648 5389 _S.
2685 5314 2869 5389 _Tumr
2939 5317 3177 5388 adjunxi
3234 5310 3287 5371 ἓν
3347 5335 3397 5375 c.
3456 5320 3520 5389 Ο.

3596 5319 3638 5354 :1
3698 5316 3757 5381 ες

728 5396 793 5447 0.
872 5393 916 5426 2⁸
950 5394 1035 5446 Ita
1067 5391 1283 5461 optime
1314 5390 1369 5450 S,
1405 5382 1623 5463 ὀφείλον
1656 5382 1908 5443 absurde
1939 5388 2004 5453 0,
2038 5382 2518 5459 Epitfbarbarice
2560 5383 2797 5462 ὀφειλώς
2856 5388 2902 5424 ⁵9
2978 5382 3042 5456 ήῖφ
3075 5407 3191 5445 om.
3226 5391 3291 5445 0.
3354 5391 3400 5424 ⁸ο
3428 5388 3480 5442 τί
3510 5392 3756 5461 ascripsi

728 5470 749 5513 ζ,
827 5463 869 5499 δι
906 5459 1045 5513 ἄλλο
1073 5481 1125 5513 τι
1158 5466 1214 5513 C.
1256 5461 1572 5513 Insequeris
1627 5457 1716 5511 καί
1778 5461 1996 5513 inserui
2030 5477 2079 5513 c.
2114 5464 2176 5513 0.
2255 5460 2302 5493 ⁸⁵³
2338 5455 2574 5512 ὀφείλων
2616 5465 2672 5513 S.
2705 5464 2769 5513 0.
2808 5408 3048 5513 ὀφειλώς
3082 5463 3142 5513 C.
3176 5463 3276 5513 aui
3333 5466 3497 5513 notat
3532 5479 3545 5513 :
3582 5467 3756 5513 Pmna

2976 5460 3048 5521 ὡς
3082 5463 3142 5524 C,
3176 5463 3276 5530 qui
3333 5466 3497 5517 notat
3532 5479 3545 5515 :
3582 5460 3758 5518 Poena

347 5524 661 5608 quadrupli
696 5540 752 5590 iu
787 5536 938 5624 f’urto
971 5524 1491 5624 sanciturulegib'us
1522 5530 1811 5624 plurimis.
1889 5529 2096 5624 31106::
2120 5524 2793 5624 ésépoqxpaazliwc'awdc
2915 5532 3004 5585 τὸν
3032 5530 3105 5624 (ἐν
3140 5524 3340 5624 CL'add.
3378 5550 3445 5588 ex
3485 5534 3757 5605 conject.)

348 5608 361 5624 Ι
415 5608 424 5624 Ι
607 5608 634 5624 Π
734 5604 751 5624 Ὗ,
1356 5607 1595 5624 ιΑ-ικη..-
1658 5622 1665 5624 ξ
1703 5616 1767 5624 Α-.
1819 5622 1828 5624 4
2180 5612 2215 5624 Α.
2395 5617 2416 5624 Α
2624 5621 2631 5624 .
2660 5621 2715 5624 __
2740 5599 2821 5624 _il
2920 5608 2956 5624 n
3033 5609 3069 5624 l!
3103 5623 3120 5624 η
3224 5621 3298 5624 --Α
3391 5622 3404 5624 _
3437 5622 3446 5624 _
3521 5604 3577 5624 nl
3656 5606 3717 5624 ΗΑ

348 5604 533 5682 ἑτέρου
586 5604 853 5682 ’βασιλείᾳ
910 5624 1033 5682 οντᾼα

345 5697 475 5747 xu,
508 5682 557 5734 4.

349 5752 396 5787 ⁴⁰
429 5738 486 5806 δέ
518 5750 581 5806 Ο.
658 5752 700 5784 ⁸¹
733 5750 1021 5827 προφήτης
1053 5746 1239 5825 παρών
1269 5748 1331 5803 C.
1405 5745 1451 5779 ‘9
1482 5738 1617 5797 ἴδιον
1651 5744 1716 5805 Ο.

1627 5670 1654 5689 γ

1232 5602 1277 5637 ³⁸
1334 5598 1600 5656 Fortasse
1648 5598 1851 5671 ἡδέως.
1913 5604 1971 5659 S.
2049 5604 2096 5637 ³⁵
2154 5598 2237 5659 Ita
2290 5598 2352 5671 0:
2391 5617 2438 5656 c.
2500 5602 2559 5667 S,
2624 5598 2857 5671 ὑποστέη

2918 5608 2975 5657 C.
3032 5604 3125 5659 Cfr
3169 5603 3327 5659 hom.
3390 5603 3609 5676 II,_31,
3656 5603 3750 5676 71,

633 5680 678 5714 36
727 5668 919 5732 οὕκὸυν
977 5678 1035 5733 Ο,
1114 5677 1158 5711 ³⁷
1189 5671 1350 5751 ’καθά
1406 5674 1582 5751 “3'
1616 5668 1747 5751 ὦσιν
1804 5674 1855 5728 οἱ
1913 5693 1969 5747 p.
2026 5671 2177 5730 εἰσίν*
2242 5672 2295 5726 οἱ
2327 5668 2373 5725 δ’
2402 5674 2464 5739 C,
2498 5690 2666 5741 ωσιν;
2701 5672 2753 5727 οἱ
2783 5668 2855 5729 5(
2912 5676 2957 5711 ³9
2989 5678 3073 5731 Ita
3129 5679 3173 5731 Ο
3203 5692 3252 5731 c.
3286 5676 3344 5745 S,
3375 5668 3656 5751 χαρίζοντι
3688 5668 3747 5735 Οί
