4082 6208
315 492 429 549 367

1138 485 1205 545 8.
1250 483 1689 544 CLEMENTIS
1736 483 1759 542 Ι
1808 481 1998 542 ROM.
2046 483 2275 545 PONT.
2323 488 2582 549 OPERA
2626 493 2893 554 DUBIA.

3600 500 3720 560 368

315 616 632 691 postulare,
665 615 889 680 Simon,
924 614 973 670 si
1018 619 1187 670 antea
1217 618 1420 670 Petrus
1462 616 1753 686 negasset.
1786 613 1955 668 Nunc

2068 613 2193 702 παρ’
2226 611 2361 687 ἐμοῦ
2393 616 2635 692 ἀπῄτεις,
2687 620 2896 694 Σίμων,
2949 620 2997 678 εἲ
3046 622 3308 699 πρότερον
3352 626 3572 702 ἠρνεῖτο
3616 629 3644 683 ὁ
3674 630 3720 667 ⁸⁸

317 709 511 761 autem
545 721 660 760 non
689 703 928 760 verebor
959 704 1147 760 dicere
1178 721 1305 776 quae
1335 703 1579 759 dicenda
1610 706 1767 759 sunt.
1798 700 1961 757 Arbi-

318 797 441 850 tror
460 798 517 849 te
538 792 625 848 ira
644 793 1023 849 constrictum
1042 808 1107 849 ac
1133 792 1567 848 inﬂammatum
1587 790 1732 847 velle
1758 789 1959 860 dispu-

314 884 596 939 tationem
627 883 926 954 suscipere
974 897 988 939 :
1032 898 1204 953 porro
1251 897 1439 954 neque
1470 879 1737 937 convenit
1763 882 1821 935 te
1849 878 1959 934 hoc

317 972 526 1047 facere,
559 986 748 1045 neque
778 988 885 1028 nos
915 971 1018 1027 tali
1049 970 1303 1043 praebere
1334 986 1557 1035 aurem,
1592 968 1871 1042 quoniam
1899 966 1959 1021 id

317 1078 578 1135 pugnam
599 1061 795 1118 videre
814 1064 987 1129 est,et
1008 1078 1124 1117 non
1142 1060 1214 1117 ad
1236 1059 1538 1117 veritatem
1552 1057 1962 1131 juvari.Atque

319 1168 495 1223 nunc,
520 1167 589 1207 ex
611 1150 809 1208 Graeca
829 1150 1155 1207 eruditione
1176 1149 1387 1219 sciens,
1412 1165 1527 1222 quo
1558 1147 1730 1204 modo
1762 1160 1961 1221 gerere

318 1256 382 1297 se
411 1240 628 1297 debent
656 1240 1073 1312 disceptantes,
1111 1239 1515 1297 commonebo.
1548 1236 1801 1309 Uterque
1829 1252 1961 1292 ves-

317 1333 476 1386 trum
503 1329 719 1403 dogma
738 1346 914 1386 suum
939 1332 1207 1402 exponat,
1233 1332 1291 1385 et
1320 1327 1560 1385 alternis
1588 1326 1766 1382 verba
1794 1325 1958 1381 ﬁant.

318 1418 481 1485 Quod
511 1417 562 1475 si
592 1419 755 1475 solus
783 1422 990 1475 Petrus
1020 1418 1265 1491 explicet
1294 1434 1464 1474 suam
1496 1415 1870 1481 sententiam,
1895 1417 1959 1468 tu

315 1523 451 1567 vero
482 1511 645 1563 tuam
699 1508 962 1578 reticeas,
1017 1508 1141 1563 fieri
1188 1510 1401 1580 potest,
1451 1509 1517 1561 ut
1560 1503 1778 1577 aliquis
1827 1519 1862 1558 a
1902 1505 1961 1558 te

318 1594 581 1667 prolatus
612 1613 803 1653 sermo
826 1600 882 1653 et
908 1600 1073 1652 tuam
1096 1600 1153 1653 et
1172 1594 1330 1652 illius
1353 1594 1689 1667 opinionem
1710 1594 1958 1665 premat,

322 1688 496 1755 atque
524 1689 589 1740 ut
619 1690 862 1758 uterque
892 1689 1172 1754 vestrum,
1206 1684 1341 1741 licet
1372 1699 1567 1740 revera
1598 1682 1675 1738 sit
1703 1680 1803 1737 illo
1838 1696 1959 1736 ser-

321 1788 494 1829 mone
514 1774 721 1847 victus,
755 1791 870 1829 non
900 1775 1167 1830 videatur
1197 1778 1396 1829 tamen
1428 1775 1759 1844 superatus,
1785 1769 1885 1825 sed
1908 1768 1959 1825 is

319 1861 502 1931 solus,
531 1865 629 1935 qui
661 1880 829 1920 suam
863 1863 1199 1935 opinionem
1231 1862 1515 1935 exposuit,
1548 1860 1643 1916 ille
1672 1876 1825 1928 vero,
1860 1855 1961 1929 qui

2068 700 2291 792 Πέτρος.
2324 710 2430 760 Νῦν
2463 704 2521 762 δὲ
2550 708 2649 764 οὐκ
2676 707 3064 784 αἷδεσθήσομαι
3098 710 3271 790 λέγειν
3306 714 3339 768 ἂ
3367 700 3448 770 δεῖ
3496 715 3706 792 λέγειν.

2068 790 2234 882 Θῖμαί
2275 814 2350 882 σε,
2384 793 2520 873 ὀργῇ
2570 799 2953 876 πεπρησμένον
2993 803 3039 840 ⁸³
3086 799 3447 879 διαλεχθῆναι
3514 790 3712 882 θέλειν,

2069 877 2201 966 ὅπερ
2235 881 2499 939 ἀνοίκειόν
2530 907 2615 941 σοι
2644 892 2803 944 τοῦτο
2833 891 2876 926 ⁸⁷
2906 895 3104 962 ποιεῖν,
3141 877 3418 966 καὶᾸὴμῖν
3467 877 3714 952 τοιοῦτον

2070 965 2373 1045 ἐπακούειν,
2421 973 2503 1029 δτι
2554 972 2739 1051 μάχην
2790 975 2930 1033 ἐστὶν
2959 981 3111 1037 318
3167 965 3473 1057 ἱστορῆσαι,
3503 983 3589 1039 καὶ
3646 984 3709 1042 οὖ

2069 1057 2206 1132 πρὸς
2253 1057 2510 1130 ἀλήθειαν
2559 1063 2905 1142 ὠφελεῖσθαι.
2963 1066 3062 1122 Καὶ
3114 1071 3205 1124 νῦν
3258 1068 3310 1144 ἐξ
3377 1070 3709 1144 Ἑλληνικῆς

2065 1144 2334 1222 παιδείας,
2368 1149 2442 1213 ὡς
2474 1153 2585 1227 χρὴ
2618 1152 2746 1219 τοὺς
2807 1159 3100 1227 ζητοῦντας
3132 1164 3334 1228 ποιεῖν,
3366 1158 3528 1223 εῗδὼς
3579 1162 3714 1217 ὓπο-

2075 1236 2286 1308 μνήσω.
2317 1239 2619 1324 ,Ἑκάτερος
2666 1241 2817 1316 ὑμῶν
2873 1245 2936 1300 τὸ
2986 1246 3179 1303 ἑαυτοῦ
3228 1244 3411 1324 δόγμα
3460 1249 3717 1323 ἐκθέσθω,

2068 1325 2158 1417 καὶ
2191 1326 2265 1389 εἰς
2294 1322 2474 1417 ἕτερον
2509 1331 2561 1385 οἱ
2591 1329 2750 1407 λόγοι
2774 1332 3107 1408 γενέσθωσαν
3135 1338 3200 1373 ⁸⁸⁸
3407 1336 3466 1395 δὲ
3513 1322 3717 1417 Πέτρος

2074 1413 2238 1489 μόνος
2290 1415 2510 1487 ἐκθῆται
2553 1420 2617 1475 τὸ
2665 1421 2856 1477 ἑαυτοῦ
2903 1423 3179 1501 φρόνημα,
3238 1424 3301 1481 σὺ
3330 1424 3387 1483 δὲ
3413 1428 3478 1484 16
3510 1430 3601 1485 σὸν
3625 1413 3718 1485 -σι-

2070 1507 2243 1577 ωπᾷς,
2277 1502 2550 1591 ἐνδέχεταί
2577 1528 2698 1564 τινα
2728 1508 2894 1586 λόγον
2928 1511 3031 1568 ὑπὸ
3061 1518 3156 1569 σοῦ
3191 1513 3421 1591 ῥηθέντα
3449 1514 3657 1574 θλίϐειν
3676 1522 3723 1557 ⁸⁹

2067 1591 2130 1683 τὸ
2160 1590 2398 1683 αὐτοῦ-⁸ο
2425 1595 2516 1650 καὶ
2552 1595 2615 1653 τὸ
2643 1598 2734 1652 σὸν
2766 1598 3041 1677 φρόνημα,
3070 1602 3161 1657 καὶ
3190 1590 3530 1683 ἀμφοτέρους
3574 1607 3721 1682 ὑμᾶς

2073 1679 2175 1769 ὑπὸ
2204 1685 2300 1738 τοῦ
2333 1680 2499 1760 λόγου
2531 1686 2862 1758 ἡττηθέντας
2896 1689 2973 1762 μὴ
3025 1679 3300 1769 φαίνεσθαι
3344 1679 3719 1769 ἡττημένους,

2070 1767 2216 1859 ᾆλλὰ
2242 1772 2331 1827 τὸν
2366 1771 2648 1848 ἐκθέμενον
2680 1776 2743 1832 τὸ
2775 1767 3052 1857 φρόνημα,
3081 1782 3172 1836 τὸν
3210 1779 3267 1838 δὲ
3300 1785 3374 1857 μὴ
3430 1767 3721 1859 ἐκθέμενον

2074 1858 2282 1933 ὁμοίως
2330 1864 2635 1937 ἡττημένον
2659 1867 2701 1902 ¹³¹
2753 1867 2830 1940 μὴ
2886 1866 3372 1947 πρόδηλονείναι,
3421 1872 3574 1930 ἀλλά
3626 1875 3721 1930 καὶ

320 1970 435 2011 non
467 1953 757 2025 exposuit,
788 1970 903 2008 non
933 1953 1203 2010 videatur
1222 1952 1438 2025 pariter
1467 1967 1597 2006 esse
1626 1950 1955 2021 superatus,

2069 1950 2398 2050 νενικηκέναι
2462 1952 2795 2050 νομίζεσθαι.
2854 1956 2954 2012 Καὶ
3011 1958 3040 2013 6
3096 1958 3283 2033 Σίμων
3342 1961 3716 2040 ἀπεκρίνατο·

318 2045 501 2099 immo
532 2058 841 2114 superasse
869 2042 1253 2099 existimetur.
1286 2043 1356 2096 Et
1383 2039 1587 2096 Simon
1618 2035 1958 2110 respondit:

318 2133 548 2189 Faciam
576 2131 1069 2203 quemadmodum
1112 2131 1260 2187 dicis
1290 2147 1304 2187 :
1335 2145 1537 2187 verum
1566 2126 1731 2185 valde
1755 2127 1957 2193 timeo,

315 2238 388 2278 ne
414 2221 544 2293 jam
574 2220 763 2293 ipsius
790 2219 983 2277 verbis
1012 2223 1331 2293 occupatus
1363 2234 1480 2275 non
1520 2218 1603 2274 sis
1628 2217 1812 2289 judex
1838 2214 1959 2272 veri

316 2311 638 2368 studiosus.

384 2400 479 2455 IV.
510 2401 582 2457 Et
611 2400 780 2457 Pater
807 2397 1110 2473 respondit
1138 2414 1151 2455 :
1184 2397 1268 2458 Ne
1297 2414 1390 2454 me
1421 2412 1596 2471 cogas
1627 2400 1844 2452 temere
1891 2410 1958 2450 ac

313 2487 533 2545 indicta
563 2505 742 2546 causa
770 2488 876 2544 tibi
899 2487 1267 2557 assentiri,ut
1278 2487 1461 2559 judex
1480 2485 1678 2542 videar
1696 2482 1956 2540 veritatis

315 2594 541 2634 amans.
577 2578 739 2645 Quod
771 2577 817 2634 si
846 2594 981 2634 vera
1009 2576 1209 2634 audire
1240 2576 1427 2649 cupis,
1465 2579 1569 2631 tua
1598 2574 1793 2647 potius
1821 2588 1953 2629 sen-

312 2668 497 2724 tentia
527 2671 966 2741 prazoccupatus
995 2684 1148 2723 sum.
1174 2668 1254 2722 Ac
1277 2666 1479 2722 Simon
1514 2681 1527 2720 :
1561 2663 1862 2730 Quomodo
1892 2676 1956 2717 es

312 2760 772 2829 przeoccupatus,
796 2756 897 2829 qui
927 2756 1117 2812 nescis
1148 2755 1291 2828 quid
1322 2754 1573 2811 sentiam
1595 2753 1624 2809 ‘I
1654 2756 1729 2807 At
1757 2754 1951 2825 pater:

312 2844 501 2901 Facile
530 2849 619 2902 est
647 2844 793 2901 illud
825 2860 1204 2918 cognoscere:
1228 2847 1286 2900 et
1310 2859 1566 2916 quonam
1597 2838 1952 2912 pacto,audi.

311 2936 614 2994 Pollicitus
643 2954 726 3003 es,
759 2953 793 2992 a
823 2940 880 2991 te
910 2935 1041 2991 falsi
1071 2934 1402 2991 convictum
1450 2933 1520 2988 iri
1557 2936 1818 2999 Petrum,
1852 2927 1952 3002 qui

310 3042 494 3082 unum
526 3043 656 3082 esse
685 3027 870 3082 Deum
921 3028 1166 3081 asserat.
1219 3026 1502 3081 Caeterum
1534 3021 1635 3094 qui
1665 3019 1955 3094 promittit

307 3132 372 3172 se
402 3115 533 3172 falsi
563 3117 1018 3188 redarguturum
1050 3116 1399 3170 assertorem
1422 3111 1601 3168 unius
1630 3110 1804 3182 Dei,is
1836 3125 1952 3165 non

305 3204 463 3260 idem
491 3205 747 3261 afﬁrmat
768 3221 835 3260 ac
864 3203 964 3260 ille
993 3202 1430 3260 evidentissime
1451 3217 1587 3258 vera
1615 3198 1950 3273 loquens.Si

305 3294 460 3349 enim
490 3293 645 3349 idem
679 3294 896 3349 diceret
940 3309 1071 3349 cum
1106 3309 1193 3361 eo,
1228 3291 1329 3363 qui
1358 3289 1638 3347 ementita
1666 3289 1948 3362 loquitur,

2071 2040 2314 2128 Ποιήσω
2346 2040 2421 2104 ὡς
2471 2039 2672 2118 λέγεις,
2724 2044 2914 2118 ἀθυμῶ
2944 2043 3002 2102 δὲ
3034 2049 3233 2121 μήπως
3260 2048 3368 2121 ἤδη
3408 2052 3721 2128 προειλημ-

2073 2126 2232 2201 μένος
2263 2127 2431 2185 αὐτοῦ
2457 2135 2574 2195 τοῖς
2606 2128 2795 2210 λόγοις
2825 2133 2887 2189 οὗ
2920 2135 3235 2214 φιλαλήθης
3267 2136 3359 2216 ἔσῃ
3388 2126 3602 2217 κριτής.

2139 2397 2231 2453 IV.
2260 2395 2363 2454 Καὶ
2400 2398 2429 2454 6
2476 2400 2655 2478 πατὴρ
2699 2398 3040 2479 ἀπεκρίνατο·
3091 2407 3180 2478 Μή
3236 2427 3304 2481 με
3337 2407 3527 2484 βιάζου
3554 2408 3704 2486 ἀκρί-

2062 2486 2495 2576 τως-,συνθέσθαι
2544 2508 2652 2560 σοι,
2699 2487 2792 2545 ’ίνα
2823 2487 2961 2562 δόξω
2992 2491 3306 2572 φιλαλήθης
3336 2498 3469 2553 εἶναι
3496 2501 3704 2576 κριτής,

2066 2571 2113 2627 εἴ
2148 2570 2229 2664 *δὲ
2278 2573 2494 2647 τάληθῆ
2552 2576 2776 2634 ἀκοῦσαι
2832 2570 3084 2657 θέληςίπ,
3142 2588 3221 2657 τῷ
3267 2590 3346 2658 σῷ
3401 2570 3711 2664 φρονήματι

2069 2659 2281 2753 μᾶλλον
2326 2665 2732 2753 προείλημμαι.
2783 2670 2883 2724 Καὶ
2932 2671 2960 2726 ὁ
3014 2671 3242 2747 Σίμων’
3288 2659 3711 2753 Πῶς-προείλη-

2063 2753 2183 2841 ψαι,
2224 2751 2324 2841 οὐκ
2371 2751 2527 2841 είδὼς
2573 2756 2602 2811 ’ὀ
2655 2761 2874 2835 φρονῶς
2924 2760 3024 2815 Καὶ
3074 2761 3102 2816 6
3131 2765 3333 2841 πατήρ*
3381 2751 3550 2820 Τοῦτο
3611 2764 3711 2841 ῥᾴ-

2065 2837 2180 2896 διόν
2227 2840 2367 2897 ἐστιν
2418 2840 2635 2914 εἰδέναι,
2683 2846 2772 2901 καὶ
2821 2852 2965 2918 πῶς,
3014 2837 3293 2911 ἄκουσον.⁷
3331 2837 3620 2928 Ἐιιέγξεικ
3666 2855 3711 2891 ⁸⁸

2066 2929 2305 3016 ύπέσχου
2356 2931 2555 3008 Πέτρον
2614 2928 2706 2989 ἕνα
2751 2936 2880 2991 Θεὸν
2939 2934 3167 3014 λέγοντα
3215 2941 3373 3010 εἶναι,
3432 2940 3515 2996 δτι
3576 2941 3711 3016 ψεύ-

2064 3015 2207 3107 δεται
2240 3021 2273 3107 ὁ,
2336 3017 2393 3076 δὲ
2436 3022 2525 3076 τὸν
2576 3024 2622 3060 9‘
2695 3022 2789 3079 ἓνα
2839 3023 3070 3101 λέγοντα
3126 3028 3437 3104 ψεύσματος
3496 3015 3710 3107 ἐλέγξαι

2063 3106 2557 3184 ἐπαγτελλόμενος,
2614 3110 2828 3178 πάντως
2882 3112 3112 3186 εὒδηλον
3173 3118 3249 3181 ὡς
3308 3117 3509 3182 ἐκεῖνος
3563 3106 3707 3188 ἀλη-

2060 3197 2251 3265 θεύων,
2306 3198 2367 3255 ού
2394 3201 2455 3255 τὸ
2485 3200 2613 3256 αὐτὸ
2642 3204 2686 3238 9³
2712 3200 2875 3261 λένει.
2901 3204 2966 3259 Εἰ
2996 3204 3100 3283 γὰρ
3128 3211 3206 3280 τῷ
3250 3206 3711 3283 καταψευδομένῳ

2058 3287 2122 3342 16
2168 3289 2297 3343 αυτὸ
2348 3291 2499 3347 319
2552 3287 2723 3367 λέγει,
2771 3291 2861 3347 καὶ
2909 3292 3071 3358 αὐτὸς
3116 3293 3387 3370 ψεύδεται,
3430 3297 3474 3352 εἷ
3529 3295 3586 3353 δὲ
3642 3299 3711 3353 τὰ

302 3381 431 3454 ipse
461 3398 694 3454 quoque
717 3386 872 3439 esset
896 3382 1149 3438 mendax
1172 3399 1186 3438 :
1212 3381 1263 3436 si
1286 3396 1422 3437 vero
1442 3378 1737 3436 contraria
1758 3379 1950 3435 dicere

2068 3375 2274 3432 ἐναντία
2349 3374 2526 3454 λέγων
2606 3350 3001 3456 ἀποδείκνυσιν,
3056 3350 3714 3457 -τόῖτε-αλνηθεύειῐ

305 3487 367 3528 se
400 3472 673 3540 ostendit,
704 3476 845 3528 tunc
870 3487 1043 3528 verus
1074 3474 1181 3527 est.
1214 3470 1339 3526 Non
1385 3469 1500 3526 alia
1546 3486 1682 3542 ergo
1727 3467 1952 3524 ratione

305 3560 742 3633 przedicatorem
761 3562 938 3618 unius
952 3560 1049 3617 Dei
1069 3576 1197 3617 esse
1217 3560 1559 3616 mendacem
1581 3557 1950 3631 pronuntias,

307 3650 422 3706 nisi
474 3650 610 3722 quia
658 3650 873 3707 multos
921 3650 1062 3707 deos
1104 3666 1233 3706 esse
1271 3665 1493 3705 censes.
1528 3648 1703 3720 Atqui
1736 3646 1955 3704 multos

308 3739 449 3796 deos
495 3755 624 3796 esse
671 3756 776 3812 ego
827 3756 1064 3812 quoque
1094 3740 1205 3795 aio.
1252 3739 1410 3794 Idem
1443 3738 1643 3811 igitur,
1675 3736 1831 3808 quod
1864 3740 1952 3804 tu,

313 3832 446 3884 ante
476 3829 957 3900 disceptationem
989 3828 1137 3895 dico,
1169 3834 1225 3883 et
1252 3843 1357 3900 pro
1387 3830 1443 3882 te
1475 3826 1669 3898 potius
1698 3842 1832 3881 sum
1855 3842 1956 3881 oc-

311 3922 579 3990 cupatus.
614 3920 802 3985 Quare
832 3935 948 3974 non
978 3917 1154 3973 debes
1185 3918 1257 3972 de
1302 3931 1395 3972 me
1425 3931 1555 3972 esse
1593 3916 1819 3983 anxius,
1853 3918 1955 3974 sed

310 4007 538 4075 Petrus,
572 4009 709 4080 quia
739 4007 930 4063 adhuc
963 4011 1164 4063 contra
1206 4010 1381 4078 atque
1429 4003 1525 4061 ille
1573 4005 1782 4062 sentio.
1817 4006 1953 4063 Pro-

308 4101 505 4167 pterea
536 4101 668 4169 post
695 4096 1153 4168 disputationem
1173 4099 1427 4151 vestram
1450 4095 1802 4167 spero,quod
1836 4096 1953 4151 veri

308 4186 613 4242 studiosus
636 4186 839 4257 judex,
863 4184 1128 4257 deposita
1156 4184 1586 4257 anticipatione,
1618 4184 1953 4256 praevalenti

308 4290 703 4330 consensurus
733 4275 845 4330 sim
876 4274 1146 4330 orationi.
1172 4273 1301 4328 Hinc
1332 4289 1468 4328 cum
1498 4277 1661 4346 pater
1689 4273 1952 4345 dixisset,

306 4362 524 4419 sensim
549 4363 769 4419 clamor
783 4362 1021 4435 quidam
1039 4361 1396 4418 laudationis
1414 4380 1447 4418 a
1468 4361 1684 4435 populo
1718 4368 1954 4419 exortus

304 4456 395 4509 est
424 4454 701 4524 quoniam
728 4452 811 4509 ita
830 4456 995 4525 pater
1019 4455 1173 4508 esset
1198 4451 1451 4507 locutus.

2062 3464 2250 3530 ἄλλως
2282 3463 2373 3521 οὖν
2405 3468 2496 3524 τὸν
2539 3466 2629 3523 ἕνα
2673 3470 2799 3527 θεὸν
2829 3470 2963 3527 εἶναι
2994 3470 3221 3550 λέγοντα
3248 3475 3477 3549 ψεύστην
3509 3474 3707 3552 λέγεις,

2062 3554 2107 3610 εἷ
2145 3557 2302 3629 μήτι
2336 3555 2395 3611 ἂν
2428 3555 2512 3612 ὅτι
2559 3556 2805 3622 πολλοὺς
2853 3557 3077 3636 δοξάζῃς
3109 3565 3152 3600 9⁸
3201 3563 3377 3627 θεούς.
3427 3564 3591 3628 Θεοὺς
3649 3562 3711 3621 δὲ

2061 3642 2307 3708 πολλοὺς
2338 3644 2469 3701 εἶναι
2500 3645 2648 3725 κάγὼ
2678 3650 2721 3685 9⁷
2753 3646 2921 3723 λέγω.
2954 3651 3034 3708 Τὸ
3063 3650 3226 3707 αὐτοὺ
3256 3652 3349 3708 οὗν
3376 3674 3460 3708 σοι
3479 3655 3712 3731 πρὸτῆς

2067 3735 2344 3804 ζητήσεως
2375 3732 2572 3812 λέγων,
2605 3736 2689 3791 σοὶ
2726 3735 2936 3811 μᾶλλον
2969 3738 3377 3815 προείλημμαι.
3426 3742 3523 3797 Καὶ
3570 3744 3713 3799 κατᾶ

2061 3820 2223 3877 τοῦτο
2252 3822 2487 3899 ἀγωνιᾷν
2517 3824 2639 3901 περὶ
2673 3823 2807 3899 ἐμοῦ
2838 3826 2939 3882 ούκ
2974 3826 3234 3907 ὀφείλεις,
3283 3828 3430 3887 ἀλλᾶ
3475 3830 3709 3908 Πέτρος,

2064 3908 2146 3967 ὅτι
2195 3911 2375 3986 ἀκμὴν
2426 3912 2572 3986 αὐτῴ
2617 3913 2684 3969 τὰ
2733 3913 2943 3971 ἐναντία
2988 3922 3188 3997 φρονῶ.
3239 3920 3441 3993 ’Ὠσπερ
3470 3922 3513 3957 ⁹⁸
3572 3921 3712 3995 μετᾶ

2061 4003 2160 4071 τήν
2191 4001 2449 4079 ὑμετέραν
2485 4004 2707 4075 ζήτησιν
2750 4002 2956 4075 ἐλπίζω
3004 4005 3318 4083 φιλαλήθης
3368 4006 3439 4065 ὥν
3488 4012 3706 4084 κριτής,

2062 4090 2341 4166 πρόληψιν
2390 4089 2820 4165 ἀποδυσάμενος,
2867 4098 2947 4168 τῷ
2996 4094 3371 4170 ἐπικρατοῦντι
3424 4097 3708 4163 συνθέσθαι

2063 4177 2234 4257 λόγῳ.
2264 4186 2438 4236 Ταῦτα
2465 4186 2562 4236 τοῦ
2592 4183 2793 4258 πατρὸς
2826 4182 3070 4247 εἰπόντος
3100 4186 3281 4262 ἠρέμα
3313 4186 3415 4263 βοή
3445 4208 3527 4249 τις
3553 4185 3711 4242 ἐπαίε-

2059 4289 2156 4325 νου
2188 4269 2247 4324 ἐκ
2296 4276 2402 4326 τῶν
2436 4266 2622 4349 ὄχλων
2677 4270 2887 4347 ἐγένετο
2934 4272 3021 4329 ἐπὶ
3069 4274 3150 4349 τῷ
3181 4274 3354 4339 οὕτως
3381 4276 3474 4333 τὸν
3506 4276 3719 4352 πατέρα

2063 4355 2439 4436 διαλεχθῆναι.

374 4541 443 4598 ν.
478 4547 647 4598 Porro
693 4542 896 4598 Petrus
944 4540 1135 4597 dixit:
1168 4542 1306 4614 Ego,
1348 4538 1502 4596 sicut
1549 4540 1951 4597 controversiae

2130 4540 2199 4597 V.
2232 4538 2332 4594 Καὶ
2366 4540 2517 4613 ὁμῶς
2548 4538 2575 4594 6
2606 4538 2810 4617 Πέτρος
2841 4537 2942 4620 ἔφη
2969 4561 2982 4575 ⁸
3018 4543 3179 4619 Ἐγὼ,
3212 4541 3288 4607 ὡς
3317 4543 3346 4599 ὁ
3368 4547 3475 4600 τῶν
3522 4541 3711 4621 λόγων

304 4631 522 4687 arbiter
551 4630 971 4704 pronuntiavit,
1004 4646 1172 4702 agere
1203 4646 1335 4684 sum
1390 4633 1629 4701 paratus
1663 4646 1677 4686 :
1706 4630 1951 4702 jamque

2068 4628 2288 4701 μεσίτης
2338 4628 2569 4703 εἴρηκεν,
2613 4635 2785 4684 ποιεῖν
2832 4627 3055 4704 ἕτοιμός
3103 4629 3239 4706 εἶμι,
3288 4633 3378 4687 καὶ
3409 4631 3517 4704 ἤδη
3573 4634 3717 4689 ποτὲ

304 4721 527 4792 absque
577 4720 698 4775 ulla
746 4736 909 4776 mora
958 4735 1149 4775 meam
1190 4719 1263 4774 de
1308 4718 1423 4774 Deo
1467 4718 1820 4774 sententiam
1849 4736 1947 4775 ex-

2068 4718 2162 4794 πρὸ
2211 4718 2389 4788 πάσης
2447 4710 2724 4787 ἀναϐολῆς
2764 4719 2826 4773 τὸ
2872 4718 3000 4792 ἐμὸν
3050 4719 3175 4797 περὶ
3225 4726 3360 4777 Θεοῦ
3400 4721 3710 4795 ἐκθήσομαι

300 4809 549 4881 plicabo.
584 4809 776 4865 Unum
808 4826 913 4881 ego
944 4824 1073 4864 esse
1104 4813 1285 4863 Deum
1319 4824 1537 4874 assero,
1588 4807 1946 4863 conditorem

2068 4804 2333 4883 φρόνημα.
2368 4805 2529 4881 Κάγὼ
2557 4804 2647 4861 ἓνα
2678 4806 2804 4862 Θεὸν
2838 4807 2971 4863 εἶναι
3011 4807 3180 4886 λέγω,
3228 4809 3320 4865 τὸν
3366 4811 3716 4877 πεποιηκότα

301 4897 429 4955 cmli
460 4903 518 4954 et
545 4902 709 4954 terra;
732 4899 1113 4970 omniumque
1137 4897 1209 4952 iis
1231 4898 1745 4952 contentorum.Ac
1766 4896 1945 4951 alium

2068 4896 2145 4949 τὸν
2210 4894 2432 4971 οὐρανὸν
2489 4893 2581 4949 καὶ
2635 4895 2735 4965 τήν
2796 4903 2896 4971 γῆν
2955 4896 3045 4951 καὶ
3076 4896 3142 4952 τὰ
3181 4897 3231 4953 ἐν
3279 4897 3461 4962 αὐτοῖς
3516 4899 3716 4958 πάντα.

300 5004 489 5059 neque
527 4987 738 5054 dicere,
788 5004 977 5058 neque
1024 4987 1302 5042 extimare
1347 4984 1499 5040 licet.
1544 4985 1693 5039 Tum
1744 4985 1946 5042 Simon

2068 4982 2263 5039 ’Δικλον
2313 5005 2372 5038 τε
2419 4980 2542 5038 οὔτε
2587 4981 2785 5060 λέγειν,
2818 4983 2943 5041 οὕτε
2970 4985 3212 5058 νομίζειν
3246 4985 3461 5058 ἔξεστιν.
3522 4988 3621 5042 Καὶ
3683 4990 3717 5044 6

298 5076 417 5149 Ego
448 5080 641 5132 autem
668 5076 780 5144 aio,
805 5093 839 5131 a
867 5074 1187 5147 Scripturis
1210 5091 1339 5146 qua:
1370 5074 1525 5145 apud
1554 5073 1788 5130 Judaaos
1819 5090 1943 5131 cre-

2068 5073 2281 5147 Σίμωνσ
2332 5073 2471 5149 Ἐγὼ
2521 5069 2579 5127 δέ
2624 5075 2667 5111 θ’
2724 5094 2867 5152 φημι
2910 5074 3008 5137 τὰς
3039 5075 3463 5149 πεπιστευμένας
3489 5077 3716 5154 Γραφὰς

300 5164 540 5233 duntur,
586 5165 700 5221 dici
731 5164 948 5221 multos
998 5165 1156 5234 deos,
1208 5179 1314 5219 nec
1363 5163 1433 5218 de
1480 5178 1546 5217 eo
1598 5180 1945 5221 succensere

2068 5162 2199 5240 παρὰ
2227 5159 2509 5225 Ἰουδαίοις
2541 5160 2784 5225 πολλοὺς
2815 5161 2994 5241 λέγειν
3028 5163 3206 5240 θεοὺς,
3250 5165 3343 5222 καὶ
3397 5166 3477 5241 μὴ
3526 5167 3716 5242 χαλο-

1649 5342 1893 5399 VARIIE
1929 5342 2338 5401 LECTIONES.

362 5462 407 5499 ⁸⁵
496 5476 613 5535 om_.
647 5458 738 5535 O._
787 5458 833 5535 θξ
852 5459 949 5535 _Ita
977 5458 1021 5515 Ο
1059 5461 1119 5514 et
1146 5473 1215 5535 e_x
1245 5457 1584 5535 conject._C,
1617 5458 1717 5535 qui
1748 5458 2111 5535 πεπρισμένον
2139 5459 2197 5515 in
2222 5462 2402 5535 textu,
2428 5456 2595 5535 ρργῆς
2613 5455 3011 5535 Δπεπλησμένον
3038 5460 3327 5535 Ερμῆ-131Δ
3346 5461 3721 5535 approbante

290 5532 366 5608 D._
436 5534 479 5608 3]
503 5531 596 5608 pot
623 5530 969 5608 1s‘O._Ide_m
999 5529 1211 5608 ομορᾴ.
1245 5529 1384 5608 Reg.
1417 5529 1904 5608 804-τοιοὺτων
1934 5529 2204 5608 τοιοῦτον.
2236 5529 2708 5608 Ἰζυωζῷάτρικυύᾳν
2968 5530 3061 5608 καὶ
3092 5529 3201 5608 ’ὑφ’
3248 5529 3719 5608 ὲτέρῴίκρίνοντι

287 5603 415 5666 τοὺς
450 5603 645 5678 λόγους
679 5599 862 5657 δοτέον
896 5601 960 5658 Ο.
1036 5601 1081 5636 ⁸⁸
1110 5594 1640 5657 Οὶθῐὶοἱνωθῐιᾶυω
1693 5594 1938 5663 θλίϐὶξειν
1986 5602 2215 5675 repetiit
2260 5603 2320 5659 S.
2397 5602 2441 5638 9°
2488 5601 2679 5657 ἑαυτοῦ
2728 5602 2790 5659 C.
2866 5603 2910 5641 ⁹¹
2966 5594 3259 5675 ἠττομένον
3297 5594 3397 5660 Ο’.’
3438 5594 3565 5657 “Isi
3592 5606 3711 5697 γὰρ

294 5696 299 5697 ,
337 5673 379 5697 l,\
440 5682 503 5697 λιν
542 5676 593 5697 οῖ
620 5674 722 5697 I\_,
763 5674 944 5697 .-μΔΑυ
976 5678 1013 5697 Π
1112 5673 1156 5697 οτι
1189 5669 1237 5697 ὶΊ
1256 5670 1429 5697 L---.--..
1465 5673 1498 5697 Cl
1601 5674 1642 5697 οι
1672 5670 1763 5697 ..Ι..
1796 5674 2030 5697 -Δέ--....ἔ
2070 5691 2092 5697 -
2149 5674 2191 5697 n
2251 5672 2342 5697 ...-2
2380 5689 2466 5697 Α...
2527 5675 2548 5697 ΑΙ
2572 5672 2832 5697 ,1-Α--...--
2930 5674 2974 5697 οκ
3008 5673 3076 5697 .(-
3120 5673 3196 5697 1‘.
3225 5672 3391 5697 n_l,__.
3447 5671 3502 5697 -ὶ
3576 5696 3598 5697 η
3646 5696 3651 5697 ,
3694 5676 3711 5697 Ι

287 5673 503 5751 τάληθῆ
531 5669 728 5751 ’βούλει
761 5674 945 5751 μαθεῖν
1087 5673 1157 5751 ,⁵9³
1188 5669 1437 5751 ἐλέγχειν
1465 5673 1523 5729 S.
1601 5674 1645 5751 9f
1671 5670 1764 5751 τόν
1794 5669 2115 5751 adjupxi
2148 5672 2345 5751 φησιιί
2377 5689 2493 5751 om.
2525 5672 2854 5751 ψεύσματος.
2878 5746 2902 5751 _
2930 5669 3077 5736 π’ὡς
3101 5669 3425 5751 ἰξιληθεύων,Δ
3445 5671 3510 5729 τὸ
3568 5669 3717 5751 alit}

290 5694 503 5744 ταΛηθη
542 5694 728 5751 μουΛει
806 5694 945 5727 αυειν
976 5694 1035 5729 u.
1114 5694 1157 5708 συ
1188 5694 1430 5747 εΑεγχειν
1465 5694 1523 5729 o.
1602 5694 1645 5712 σο
1671 5694 1764 5726 τον
1794 5694 2035 5742 acJunm
2066 5694 2115 5728 ο.
2148 5694 2213 5741 υ,
2247 5694 2345 5745 qui
2377 5694 2493 5729 om.
2525 5694 2854 5747 ψευσματος.
2931 5694 2974 5711 ὐ
3003 5694 3077 5736 ως
3113 5694 3414 5744 αΛηυευων,
3445 5694 3510 5729 το
3568 5694 3711 5733 acto

290 5763 348 5824 p_.
382 5748 594 5824 παντως
627 5694 857 5824 εύδηλον
893 5742 1202 5824 ᾡςέκε-ῖνος
1235 5740 1543 5824 ἀληθεύων,
1576 5742 1639 5824 ού
1667 5743 1729 5797 τὸ
1761 5743 1891 5824 αὐτό
1922 5748 1982 5824 (ξΣ
2018 5746 2103 5824 ﬂ“
2149 5741 2497 5824 δοξάζεις,
2573 5746 2615 5782 9⁷
2635 5744 2821 5824 ⁸φημί
2867 5746 2934 5803 Ο.
2984 5747 3318 5807 Lectionem
3366 5743 3560 5823 λέγων,
3611 5749 3711 5804 σοί

290 5810 553 5888 ejusdem
585 5820 709 5876 cod.
735 5810 862 5890 jam
886 5816 1029 5876 vidit
1057 5816 1119 5886 C,
1151 5815 1213 5873 in
1242 5810 1359 5887 cuj.
1388 5820 1550 5873 textu
1576 5812 1726 5891 λέγω
1757 5814 1864 5873 σοί.
1939 5817 1983 5854 ⁸⁸
2013 5813 2146 5893 ὅπερ
2176 5810 2239 5876 οξ
2292 5810 2360 5854 ’⁸⁸
2392 5810 2451 5872 δέ
2480 5832 2596 5875 om.
2629 5810 2695 5876 ΟΣ
