4082 6208
311 316 401 376 369
1349 306 1877 369 CLEMENTINA.
1912 340 1990 352 —
2021 308 2354 371 HOMILIA
2397 311 2559 373 XVI.

3442 304 3445 305 ⁷
3544 312 3662 372 370

302 443 466 501 παίνειν
493 437 572 496 ἐπῖ
600 435 774 513 τούτῳ
805 455 897 494 τον
934 436 1083 512 Θεὸν,
1111 440 1193 512 τῷ
1223 436 1382 496 αὐτὸν
1412 436 1503 495 διὰ
1528 442 1636 495 τῶν
1668 441 1893 516 Γραφῶν

2006 440 2215 511 Deum,
2259 442 2536 514 quoniam
2588 444 2721 517 ipse
2759 460 2863 516 per
2890 442 3225 516 Scripturas
3273 459 3414 500 suas
3460 442 3660 517 plures

301 535 432 589 αὐτοῦ
457 528 690 591 πολλοὺς
724 527 879 592 θεοὺς
917 530 983 566 ¹⁰⁰
1012 528 1309 604 εἰρηκέναι.

354 623 432 679 VI.
462 618 648 677 Αὐτίκα
674 621 804 693 γοῦν
838 617 890 672 ἐν
921 620 989 690 τῇ
1021 618 1211 693 πρώτῃ
1244 621 1397 695 φωνῇ
1427 619 1524 671 τοῦ
1553 614 1725 689 νόμου
1774 615 1900 694 φαί-

294 732 406 767 νεται
429 709 509 764 καὶ
540 706 707 780 ἑαυτῷ
741 709 899 765 820
930 705 1126 768 αὐτοὺς
1156 705 1386 780 ὁμοίους
1420 710 1436 744 ¹
1466 703 1666 781 λέγων.
1714 704 1898 767 Οὕτως

294 801 374 877 γὰρ
399 800 694 875 γέγραπται,
728 795 803 858 ὡς
835 794 920 851 ὅτι
948 800 1027 867 τῷ
1076 795 1282 871 πρώτῳ
1333 794 1603 869 ἀνθρώπῳ
1612 837 1625 862 ,
1675 792 1901 863 ἐντολὴν

296 889 434 965 ἔχοντι
475 886 613 961 παρά
656 888 756 940 τοῦ
805 889 960 954 Θεοῦ,
1008 884 1114 939 ἀπὸ
1161 884 1361 946 παντὸς
1394 881 1559 954 ξύλου
1588 887 1683 939 τοῦ
1739 882 1790 937 ἐν
1820 886 1900 955 τῷ

294 973 551 1054 παραδείσῳ
575 979 782 1053 φαγεῖν,
816 973 923 1029 ἀπὸ
953 970 1011 1029 δὲ
1038 977 1135 1029 τοῦ
1168 972 1333 1045 ξύλου
1363 978 1462 1028 τοῦ
1492 974 1774 1049 γινώσκειν
1807 992 1900 1027 κα-

291 1067 363 1123 λὸν
402 1063 483 1120 καὶ
534 1065 772 1140 πονηρὸν
811 1064 887 1137 μὴ
936 1068 1143 1141 φαγεῖν,
1178 1063 1206 1117 6
1237 1061 1359 1143 ὄφις
1390 1059 1481 1117 διὰ
1516 1068 1615 1133 τῆς
1646 1061 1899 1137 γυναικὸς

288 1155 355 1210 ἐπὶ
379 1152 650 1229 ὑποσχέσει
678 1157 779 1208 τοῦ
809 1151 1052 1228 γενέσθαι
1086 1151 1281 1215 αὐτοὺς
1336 1151 1489 1217 θεοὺς
1539 1156 1728 1230 φαγεῖν
1797 1151 1898 1207 αὖ·

284 1246 384 1307 τοὺς
426 1242 627 1315 πείσας,
688 1238 987 1315 ἀναϐλέψαι
1049 1240 1302 1313 ἐποίησεν
1329 1260 1343 1274 ’
1379 1240 1466 1296 καὶ
1522 1241 1620 1306 εἶθ’
1662 1239 1833 1296 οὕτως
1866 1241 1895 1297 6

284 1334 389 1395 Θεὸς
429 1327 784 1405 ἀναϐλέψασιν
835 1330 1019 1394 αὐτοῖς
1065 1327 1168 1409 ἔφη
1196 1349 1210 1362 °
1244 1327 1383 1386 Ἰδοὺ
1414 1329 1635 1405 γὲγονεν
1694 1326 1893 1405 ’Δδὰμ,

283 1424 338 1485 ὡς
377 1422 442 1484 εἴς
498 1420 545 1494 ἐξ
577 1423 600 1457 ²
648 1422 831 1494 ἡμῶν.
878 1420 937 1473 Ὁ
983 1420 1077 1491 μὲν
1128 1416 1219 1475 οὖν
1270 1417 1392 1496 ὄφις
1432 1418 1598 1474 εἰπών
1628 1438 1641 1452 ο
1676 1420 1895 1474 Ἔσεσθε

281 1510 337 1573 ὡς
376 1510 499 1580 θεοὶ,
555 1509 633 1572 ὡς
687 1504 857 1564 ὄντων
901 1509 1036 1563 θεῶν
1090 1507 1327 1584 εἰρηκὼς
1377 1508 1659 1564 φαίνεται·
1726 1506 1895 1582 ταύτῃ

278 1598 455 1674 μᾶλλον
500 1599 588 1670 ᾖ³
641 1598 733 1653 καὶ
787 1598 917 1660 Θεὸς
971 1596 1412 1673 ἐπεμαρτύρησεν
1474 1597 1676 1652 εἷ’πών·
1753 1594 1893 1654 Ἰδοὺ

273 1689 451 1766 γέγονεν
498 1685 683 1761 Ἀδὰμ
738 1686 815 1751 ὡς
875 1686 950 1750 εἷς
1019 1686 1071 1757 ἐξ
1124 1689 1147 1724 ⁴
1191 1688 1377 1760 ἡμῶν.
1447 1686 1631 1749 Οὕτως
1685 1687 1713 1741 6
1768 1685 1894 1749 τοὺς

274 1775 482 1839 πολλοὺς
520 1774 691 1831 εἰπὼν
722 1768 849 1854 ὄφις
901 1774 1033 1829 εἶναι
1063 1773 1217 1838 θεοὺς
1250 1774 1349 1829 οὐκ
1387 1772 1667 1849 ἐψεύσατο.
1724 1773 1894 1831 Πάλιν

274 1863 317 1920 δὲ
378 1867 433 1920 τὸ
509 1866 813 1944 γεγράφθαι
870 1865 912 1901 ⁸·
989 1865 1156 1926 Θεοὺς
1231 1863 1294 1918 οὗ
1345 1861 1743 1939 κακολογήσεις
1801 1863 1892 1918 καὶ

274 1956 505 2031 ἄρχοντας
560 1957 663 2009 τοῦ
721 1952 858 2009 λαοῦ
918 1973 1012 2007 σου
1070 1951 1134 2007 οὐ
1184 1956 1363 2015 κακῶς
1423 1952 1585 2027 ἐρεῖς,
1644 1950 1891 2015 πολλοὺς

272 2043 486 2117 mpsim
544 2042 728 2113 θεοὺς,
760 2040 853 2105 οὕς
885 2038 1012 2097 οὖδὶ
1041 2038 1458 2117 κακολογεῖσθαι
1498 2040 1665 2098 Θὲλει.
1716 2039 1894 2097 Ἀλλὰ

270 2133 339 2188 καὶ
358 2130 543 2187 ἄλλοθί
573 2152 686 2187 που
744 2130 1085 2207 γὲγραπται’
1147 2129 1209 2185 Εἰ
1267 2128 1542 2204 ἐτόλμησε
1597 2130 1727 2193 Θεὸς
1780 2127 1894 2186 ’ἐτε-

270 2242 343 2297 ρος
404 2219 687 2293 εἰσελθεῖν,
763 2220 853 2276 καὶ
922 2215 1110 2276 λαϐεῖν
1168 2219 1340 2293 ἑαυτῷ
1396 2216 1545 2282 ἔθνος
1606 2218 1667 2274 ἐκ
1726 2219 1892 2293 μὲσοο

268 2308 441 2379 ἔθνους,
499 2310 574 2373 ὡς
642 2309 749 2385 ἐγὼ
804 2308 1005 2386 Κύριος
1060 2309 1087 2364 ὁ
1147 2306 1299 2371 Θεός.
1352 2312 1440 2381 Τῷ
1485 2310 1508 2346 ⁸
1582 2307 1775 2379 εἰπεῖν,
1845 2307 1891 2363 εἰ

266 2400 505 2474 ἐτόλμησε
554 2399 691 2462 Θεὸς
744 2395 949 2473 ἕτερος,
1011 2398 1087 2460 ὡς
1161 2393 1330 2453 ὅντων
1393 2395 1586 2475 ἐτέρων
1652 2395 1889 2473 εἷ’ρηκεν.

264 2490 340 2545 Καὶ
386 2488 583 2546 ἄλλοτε
638 2491 697 2525 ⁷ο
757 2488 881 2543 Θεοὶ
942 2486 995 2542 οἱ
1045 2486 1136 2542 τὸν
1198 2485 1421 2561 οὐρανὸν
1484 2486 1574 2541 καὶ
1631 2487 1728 2557 τήν
1787 2493 1890 2564 γῆν

268 2580 343 2634 οὐκ
383 2578 669 2648 ἐποίησαν,
727 2576 1113 2633 ἀπολέσθωσαν
1149 2596 1164 2612 ⁸
1223 2575 1300 2638 ὡς
1355 2576 1431 2648 μὴ
1489 2580 1596 2631 τῶν
1653 2597 1892 2648 πεποιηο

263 2668 404 2724 κάτων
458 2664 809 2723 ἀπόλλυσθαι
848 2663 1165 2738 μελλόντων
1196 2667 1238 2702 ⁸ο
1272 2663 1371 2719 Καὶ
1406 2662 1552 2740 ἄλλῃ
1580 2686 1685 2720 που
1717 2664 1890 2742 λέγει’

262 2759 429 2833 Ἔπεχε
477 2760 714 2827 σεαυτῷ,
780 2756 855 2828 μὴ
923 2753 1202 2830 πορευθεὶς
1249 2751 1545 2831 λατρεῦσῃς
1586 2755 1728 2809 Θεοῖς
1773 2753 1888 2809 ἐτὲ-

260 2866 372 2922 pagg,
422 2847 501 2909 οἷς
534 2845 644 2901 οὐκ
681 2840 902 2919 ᾔδεισαν
935 2842 988 2898 οὶ
1017 2841 1240 2917 πατέρες
1272 2863 1392 2915 σου,
1428 2843 1505 2906 ὡς
1537 2837 1705 2899 ὅντων
1738 2846 1887 2903 ³21

256 2938 364 2991 θεῶν
408 2937 629 3011 ἑτέρων,
664 2933 746 2995 οἶς
793 2932 883 2987 καὶ
919 2932 994 3005 μὴ
1042 2930 1414 3002 ἐξακολουθεῖν
1466 2931 1664 2996 αὐτοὺς
1723 2930 1892 3010 λὲγει.

272 3026 357 3081 Καὶ
399 3024 585 3081 πάλιν.
649 3020 919 3095 Ὀνόματα
972 3022 1107 3076 θεῶν
1161 3018 1356 3097 ἒτὲρων
1416 3021 1516 3077 οὐκ
1568 3016 1894 3094 ἀναϐήσεται

272 3112 487 3170 ἐπὶτῶν
530 3110 775 3191 χειλέων
828 3131 945 3167 σου.
1003 3109 1103 3165 Καὶ
1158 3109 1384 3174 ἐνταῦθα
1447 3108 1695 3174 πολλοὺς
1741 3112 1894 3176 Θεοὺς

266 3203 414 3276 λέγει,
436 3204 510 3258 ὧν
538 3204 618 3258 τὰ
651 3200 893 3274 ὀνόματα
923 3198 1279 3273 ὀνομάζεσθαι
1312 3199 1374 3254 οὒ
1406 3198 1573 3263 θὲλει.
1605 3200 1705 3255 Καὶ
1727 3200 1893 3257 πάλιν

260 3292 573 3368 γέγρατπαυ
646 3289 853 3367 Κύριος
910 3290 939 3344 6
997 3288 1125 3350 Θεός
1200 3309 1317 3358 σου,
1378 3286 1533 3352 οὗτος
1599 3289 1730 3353 Θεὸς
1787 3294 1892 3346 τῶν

258 3384 389 3438 θεῶν.
448 3381 547 3437 Καὶ
596 3378 791 3436 πάλιν.
845 3376 936 3441 Τίς
991 3376 1186 3451 ὅμοιός
1244 3398 1352 3446 σοι,
1383 3380 1565 3452 Κύριε,
1599 3378 1650 3433 ἐν
1702 3380 1891 3451 θεοῖςς

255 3470 336 3526 Καὶ
380 3469 586 3527 πάλινο
641 3469 766 3531 Θεὸς
804 3471 938 3533 θεῶν
987 3466 1202 3542 Κύριος.
1264 3466 1363 3521 Καὶ
1424 3466 1631 3523 πάλιν·
1678 3473 1733 3523 ‘0
1764 3470 1894 3533 Θεὸς

255 3557 359 3630 ἱπη
413 3559 465 3615 ἐν
522 3556 819 3635 συναγωγῇ
878 3558 1034 3625 θεῶν,
1091 3554 1143 3610 ἐν
1207 3556 1355 3629 μέσῳ
1384 3553 1442 3611 δὲ
1471 3556 1625 3621 θεοὺς
1685 3554 1894 3635 διακρί-

253 3669 317 3704 νει
343 3652 378 3706 ⁹.
408 3651 564 3713 Ὅθεν
606 3645 868 3720 θαυμάζω
896 3649 1015 3707 πῶς
1044 3644 1320 3701 τοσούτων
1353 3650 1552 3724 φωνῶν
1605 3645 1893 3724 ἐγγράφως

258 3744 630 3815 μαρτυρουσῶν
660 3736 907 3801 πολλοὺς
937 3738 1075 3793 εἶναι
1106 3736 1282 3811 θεοὺς,
1314 3737 1378 3793 σὺ
1436 3732 1820 3793 διαϐεϐαίωσαι
1850 3739 1895 3775 9'

258 3830 321 3900 μὴ
351 3827 456 3886 δεῖν
492 3831 645 3905 μήτε
683 3826 857 3904 λέγειν
895 3829 1034 3901 μήτε
1064 3827 1193 3883 εἶναι
1224 3826 1489 3901 νομίζειν.
1525 3827 1726 3882 Λοιπὸν
1757 3826 1894 3903 πρὸς

254 3918 309 3971 τὰ
333 3922 510 3995 σαφῶς
534 3916 777 3994 ῥηθέντα
797 3912 910 3971 εἴτι
932 3918 975 3953 ¹⁰
997 3913 1143 3993 ἔχεις
1168 3915 1358 3987 εἰπεῖν,
1384 3916 1471 3971 ἐπὶ
1504 3914 1714 3971 πάντων
1741 3912 1890 3991 λέγε.

311 4008 423 4066 VII.
483 4006 596 4065 Καὶ
653 4002 685 4060 ὅ
748 4003 949 4080 Πέτρος
1009 4002 1110 4084 ἔφη
1148 4023 1162 4040 ⁶
1230 4005 1649 4080 Σοντομώτερον
1732 4001 1893 4060 ἄκουε

252 4096 369 4170 πρὸς
418 4096 454 4151 ἃ
510 4096 760 4169 εἴρηκας.
818 4093 996 4156 Αὐτὸς
1052 4094 1080 4148 6
1123 4092 1294 4168 νόμος
1329 4094 1358 4148 6
1416 4092 1690 4156 πολλάκις
1724 4092 1889 4150 εἰπὼν

254 4184 407 4257 Θεοῦς,
466 4183 640 4246 αὐτὸς
667 4189 747 4257 τῷ
778 4180 1024 4256 Ἰουδαίῳ
1054 4175 1216 4258 ὄχλῳ
1251 4181 1399 4257 λέγει
1433 4201 1447 4216 ’
1492 4181 1630 4240 Ἰδοὺ
1690 4182 1890 4258 Κυρίου

249 4279 331 4328 τοῦ
382 4272 518 4330 Θεοῦ
572 4294 674 4328 σου
732 4273 761 4327 6
821 4270 1049 4347 οὐρανὸς
1101 4276 1199 4327 τοῦ
1258 4268 1506 4348 οὐρανοῦ,
1572 4271 1661 4326 καὶ
1718 4270 1892 4327 πάντα

254 4361 336 4417 ὅσα
362 4363 500 4419 ἐστὶν
567 4362 624 4417 ἐν
684 4360 891 4433 αὐτοῖς,
923 4355 1371 4437 συμπεριλαϐὼν,
1430 4360 1512 4416 ὅτι
1573 4360 1616 4416 εἰ
1665 4360 1754 4415 καὶ
1786 4360 1888 4416 εἶσι

250 4452 369 4522 Osci,
426 4453 517 4508 ὑπ’
552 4450 715 4506 αὐτόν
750 4450 906 4505 εἷσιν⁶
961 4454 1234 4506 τουτέστιν
1266 4449 1369 4504 ὑπὸ
1393 4450 1484 4505 τὸν
1515 4454 1622 4505 τῶν
1656 4452 1727 4488 ¹⁰⁶
1754 4452 1888 4507 Ἰου-

2011 530 2150 585 deos
2173 530 2517 602 prolocutus
2542 537 2651 589 est.

2081 618 2171 674 VI.
2214 619 2424 675 Statim
2456 637 2590 693 ergo
2622 621 2682 677 in
2715 620 2904 694 prima
2932 619 3079 693 legis
3108 637 3249 677 voce
3278 619 3411 677 illos
3433 619 3656 677 similes

2010 724 2073 763 ac
2104 725 2167 764 se
2198 710 2511 781 praedicare
2539 710 2923 782 dignoscitur.
2948 711 3034 766 Ita
3054 711 3213 767 enim
3237 710 3522 782 scriptum
3546 714 3653 780 est,
3696 752 3699 753 ν

2008 799 2327 870 quod,cum
2348 801 2535 871 primo
2559 799 2784 855 homini
2806 803 3163 872 prmoeptum
3187 800 3657 869 fuissetaDeo,ut

2010 887 2081 943 de
2103 888 2328 943 cunctis
2350 888 2659 944 arboribus
2692 888 2948 961 paradisi
2979 888 3449 955 comederet,non
3470 905 3657 945 come-

2009 975 2171 1032 deret
2183 981 2379 1032 tamen
2394 978 2463 1033 de
2478 978 2683 1033 arbore
2696 978 3081 1051 cognoscendi
3096 979 3313 1033 bonum
3333 981 3389 1032 et
3406 975 3651 1047 malum,

2005 1081 2246 1137 serpens
2260 1082 2362 1138 per
2377 1066 2680 1123 mulierem
2692 1065 3103 1138 ,promittendo
3126 1064 3243 1122 illis
3263 1065 3653 1136 divinitatem,

2004 1155 2306 1211 comedere
2328 1170 2641 1227 persuasos
2663 1155 2800 1211 fecit
2820 1154 3101 1227 aspicere,
3117 1154 3317 1225 sicque
3340 1159 3652 1226 postquam

2003 1248 2374 1315 aspexerunt,
2408 1244 2563 1301 Deus
2595 1244 2725 1300 istis
2756 1244 2905 1300 dixit
2938 1261 2952 1299 :
2999 1246 3142 1301 Ecce
3168 1243 3343 1299 Adam
3373 1245 3545 1314 factus
3574 1248 3655 1299 est

2002 1333 2161 1404 quasi
2204 1349 2347 1387 unus
2394 1349 2464 1389 ex
2506 1332 2668 1389 nobis
2697 1334 2801 1405 (a).
2862 1334 3062 1406 Itaque
3114 1348 3373 1404 serpens,
3418 1333 3653 1403 quando

2003 1421 2148 1477 dixit
2178 1438 2193 1478 :
2226 1423 2396 1478 Erilis
2424 1422 2566 1479 sicut
2591 1421 2673 1477 dii
2703 1422 2799 1495 (ὁ),
2833 1421 3005 1495 quasi
3034 1421 3116 1477 dii
3151 1421 3455 1489 exsistant,
3489 1421 3650 1477 locu-

2002 1513 2099 1565 tus
2130 1514 2389 1581 apparet,
2422 1526 2489 1566 eo
2519 1512 2709 1583 magis
2734 1511 2888 1583 quod
2930 1511 3085 1566 Deus
3134 1526 3309 1565 suum
3360 1510 3651 1567 addiderit

2003 1599 2430 1667 testimonium,
2486 1600 2560 1656 iis
2619 1600 2811 1656 verbis
2859 1618 2873 1657 :
2936 1601 3070 1656 Ecce
3125 1599 3295 1655 Adam
3339 1602 3515 1671 factus
3574 1607 3652 1655 est

2002 1689 2162 1761 quasi
2184 1706 2330 1745 unus
2358 1706 2430 1745 ea:
2455 1690 2627 1746 nobis.
2666 1694 2748 1745 Ita
2778 1689 2878 1762 qui
2912 1688 3129 1745 multos
3162 1704 3289 1744 esse
3321 1688 3460 1744 deos
3492 1707 3649 1746 asse-

2002 1779 2121 1834 ruit
2150 1795 2414 1851 serpens,
2450 1778 2733 1836 mentitus
2764 1796 2880 1835 non
2913 1782 3022 1835 est.
3055 1782 3341 1834 Praeterea
3372 1795 3475 1849 per
3504 1778 3652 1835 illud

2002 1868 2156 1939 quod
2186 1868 2471 1940 scriptum
2502 1872 2627 1924 est:
2661 1869 2779 1923 Diis
2808 1884 2919 1924 non
2946 1868 3212 1935 deirahes,
3236 1876 3291 1923 et
3300 1868 3653 1939 principibus

1998 1958 2191 2028 populi
2218 1958 2306 2011 lui
2332 1973 2439 2012 non
2467 1957 2759 2013 maledices
2789 1956 2880 2029 (ε),
2913 1955 3110 2028 plures
3141 1957 3281 2011 deos
3330 1955 3644 2029 signiﬁcat,

2002 2044 2217 2117 quibus
2250 2062 2354 2101 nec
2384 2045 2651 2101 maledici
2682 2045 2824 2101 vult.
2851 2045 2962 2101 Sed
2986 2048 3042 2101 et
3065 2044 3203 2100 alibi
3228 2044 3511 2117 scriptum
3536 2050 3646 2103 est:

1999 2135 2069 2190 Si
2121 2150 2292 2190 ausus
2347 2141 2426 2190 est
2484 2135 2621 2189 Deus
2676 2134 2823 2189 alius
2869 2133 3106 2205 ingredi,
3138 2139 3190 2189 et
3238 2136 3488 2205 accipere
3543 2136 3655 2191 siti

1998 2226 2213 2295 gentem
2259 2222 2323 2278 de
2371 2223 2562 2279 media
2592 2227 2773 2292 gente,
2800 2224 2941 2277 sicut
2969 2239 3063 2293 ego
3093 2223 3355 2278 Dominus
3384 2223 3524 2278 Deus
3546 2224 3650 2295 (ά).

2002 2311 2149 2367 lllud
2186 2329 2199 2367 :
2233 2312 2296 2368 Si
2324 2329 2494 2368 ausus
2523 2318 2605 2369 est
2644 2313 2790 2368 Deus
2833 2312 2999 2380 alius,
3029 2317 3311 2383 tanquam
3358 2311 3479 2367 sint
3525 2311 3647 2381 alii,

2004 2401 2168 2457 dixit.
2200 2402 2272 2457 Et
2300 2400 2448 2457 alias
2481 2416 2495 2457 :
2538 2402 2650 2469 Dii,
2680 2402 2779 2473 qui
2806 2399 3014 2456 emtum
3043 2402 3092 2455 et
3119 2403 3326 2455 terram
3372 2417 3484 2457 non
3513 2402 3656 2472 fece-

2001 2498 2155 2558 runt,
2175 2498 2403 2563 pereant
2424 2489 2527 2562 (e):
2548 2489 2708 2546 velut
2727 2506 2843 2545 non
2865 2488 3108 2561 perituri
3132 2489 3251 2545 sint
3280 2488 3365 2543 illi
3388 2489 3489 2560 qui
3511 2489 3655 2546 fece-

2004 2583 2162 2635 runt.
2205 2580 2276 2635 Et
2308 2578 2420 2634 alio
2452 2578 2579 2635 loco
2609 2578 2693 2635 ait
2724 2594 2738 2632 :
2772 2578 3002 2634 Attende
3032 2578 3153 2649 tibi,
3184 2593 3253 2633 ne
3300 2577 3502 2634 vadens
3530 2595 3655 2661 \ser-

2001 2670 2119 2725 vias
2147 2668 2258 2725 diis
2288 2670 2439 2739 aliis,
2468 2684 2599 2740 quos
2625 2670 3019 2739 ignoraverunt
3045 2670 3227 2739 patres
3259 2668 3344 2722 tui
3364 2668 3438 2739 (Γ)
3469 2685 3489 2724 :
3520 2671 3650 2724 tan-

2004 2774 2182 2832 quam
2205 2757 2301 2813 alii
2325 2758 2405 2812 dii
2427 2757 2566 2823 sint,
2593 2773 2741 2830 quos
2772 2756 2936 2829 sequi
2954 2772 3069 2811 non
3094 2755 3649 2828 debeant,loquitur.

2004 2852 2072 2903 Et
2100 2847 2313 2902 iterum
2347 2864 2360 2902 :
2392 2847 2625 2902 Nomina
2653 2846 2882 2902 deorum
2927 2845 3167 2901 aliorum
3203 2862 3316 2902 non
3361 2845 3651 2902 ascendent

2004 2939 2065 2992 in
2113 2936 2263 2992 labia
2309 2943 2404 2992 tua
2458 2936 2554 3007 (g).
2598 2935 2700 2991 Hic
2750 2951 2984 3007 quoque
3032 2935 3250 2990 multos
3300 2935 3440 2991 deos
3488 2934 3649 3006 dicit,

2006 3042 2256 3097 quorum
2288 3041 2401 3080 non
2427 3023 2551 3079 vult
2572 3023 2815 3097 proferri
2838 3024 3097 3079 nomina.
3123 3023 3497 3097 Rursumque
3517 3026 3657 3081 scri-

2006 3119 2172 3188 ptum
2204 3120 2338 3170 est:
2385 3115 2649 3170 Dominus
2694 3114 2835 3169 Deus
2883 3121 3008 3169 tuus
3054 3113 3168 3185 ipse
3212 3121 3291 3169 est
3338 3114 3478 3169 Deus
3522 3115 3653 3171 deo-

2006 3222 2133 3260 rum
2161 3204 2260 3276 (h).
2311 3204 2382 3259 Et
2429 3203 2668 3259 adhuc:
2722 3204 2852 3272 Quis
2896 3204 3101 3258 similis
3146 3202 3271 3268 tibi,
3320 3203 3561 3270 Domine,
3590 3206 3655 3261 in

2002 3293 2113 3350 diis
2142 3294 2229 3365 (i).
2261 3293 2340 3348 Ac
2372 3308 2578 3347 rursus
2614 3307 2627 3347 :
2682 3292 2820 3347 Deus
2849 3291 3071 3347 deorum
3106 3292 3370 3347 Dominus
3413 3292 3507 3365 (k).
3543 3298 3653 3348 Ite-

2004 3398 2255 3454 rumque
2287 3397 2301 3437 :
2334 3382 2475 3437 Deus
2501 3382 2648 3436 stetit
2678 3381 2743 3436 in
2779 3395 3063 3452 synagoga
3103 3380 3349 3447 deorum,
3372 3383 3431 3437 in
3478 3382 3653 3439 medio

2002 3475 2185 3527 autem
2217 3471 2339 3527 deos
2381 3469 2649 3542 dijudicat
2678 3470 2761 3539 (Ζ).
2797 3469 2959 3526 Unde
3009 3469 3210 3537 miror,
3240 3486 3358 3541 qua
3404 3470 3649 3540 ratione,

2002 3564 2089 3617 tot
2117 3559 2522 3632 Scriptuarum
2555 3558 2799 3615 vocibus
2830 3558 3049 3615 multos
3077 3573 3206 3614 esse
3229 3559 3367 3614 deos
3388 3560 3654 3615 testanti-

2004 3649 2137 3722 bus,
2167 3653 2229 3705 tu
2265 3648 2647 3704 afﬁrmaveris
2674 3664 2789 3703 non
2836 3651 3100 3720 oportere
3148 3662 3253 3703 nec
3300 3646 3512 3717 dicere,
3544 3663 3650 3704 nec

2002 3753 2132 3793 esse
2160 3737 2514 3794 existimare.
2548 3736 2629 3793 De
2659 3736 2907 3809 reliquo,
2938 3736 2987 3793 si
3012 3736 3152 3809 quid
3188 3737 3467 3793 adversus
3497 3736 3650 3794 clare

2002 3827 2160 3883 dicta
2190 3826 2369 3883 habes
2401 3826 2586 3895 effari,
2617 3842 2814 3884 coram
2844 3826 3121 3883 omnibus
3151 3825 3442 3899 eloquere.

2070 4004 2193 4063 VII.
2232 4004 2554 4078 Respondit
2584 4005 2792 4062 Petrus
2824 4021 2839 4062 :
2872 4003 3127 4061 Breviter
3155 4002 3292 4061 audi
3323 4005 3395 4061 ad
3425 4021 3491 4061 ea
3521 4021 3648 4078 qua:

2000 4094 2316 4167 objecisti:
2366 4094 2584 4152 Eadem
2633 4093 2745 4163 lex,
2781 4110 2909 4166 quae
2959 4109 3112 4165 saepe
3168 4094 3308 4150 deos
3362 4093 3648 4161 nominat,

2000 4183 2129 4256 ipsa
2157 4183 2402 4240 Judaioo
2448 4182 2663 4255 populo
2713 4182 2837 4240 ait:
2891 4183 2994 4251 En,
3030 4184 3258 4239 Domini
3303 4184 3400 4239 Dei
3443 4185 3527 4238 tui
3576 4189 3653 4239 est

1999 4274 2193 4328 caelum
2221 4272 2366 4338 caeli,
2391 4280 2446 4328 et
2472 4272 2798 4345 omniaquae
2825 4274 2887 4327 in
2915 4274 2994 4328 eis
3021 4281 3149 4328 sunt
3180 4272 3299 4345 (m),
3323 4273 3470 4328 dans
3500 4288 3652 4327 com-

2001 4361 2380 4433 prehendere,
2411 4362 2567 4434 quod
2601 4361 2735 4417 licet
2765 4361 2842 4417 dii
2877 4361 3149 4430 existant,
3184 4362 3294 4417 sub
3324 4378 3390 4418 eo
3422 4361 3652 4434 sunt,id

1998 4454 2107 4518 est,
2143 4450 2254 4506 sub
2284 4450 2401 4506 Deo
2431 4450 2793 4506 Judaeorum.
2828 4452 2895 4505 Et
2925 4450 3137 4507 iterum
3171 4468 3183 4508 :
3220 4451 3361 4519 Quia
3389 4451 3651 4507 Dominus

254 4535 400 4597 δαίων
449 4540 608 4597 Θεόν·
667 4539 771 4598 Καὶ
819 4537 1025 4595 πάλιν
1082 4540 1201 4593 Ὅτι
1236 4537 1433 4614 Κύριος
1489 4540 1517 4594 6
1574 4537 1701 4602 Θεός
1768 4560 1887 4609 σου,

2006 4540 2137 4596 Deus
2168 4544 2295 4595 tuus
2333 4539 2448 4611 ipse
2475 4543 2553 4595 est
2579 4541 2720 4595 Deus
2771 4541 2831 4596 in
2876 4539 3005 4597 caelo
3050 4557 3274 4597 sursum
3303 4546 3361 4596 et
3403 4542 3466 4596 in
3502 4547 3651 4596 terra

418 4757 566 4814 Gen.
601 4770 689 4824 ιιι,
718 4754 774 4810 5.

336 4823 383 4884 cl
412 4828 602 4884 Exod.
632 4823 773 4884 xm.
802 4823 896 4881 28.

315 4870 602 4971 iii/{1323?
629 4870 827 4971 ιΐέιῖ

316 4969 382 5040 (e)
413 4972 538 5028 Jer.
574 4986 631 5035 x,
665 4969 752 5026 11.

411 5047 586 5100 Deut.
616 5056 744 5113 xm,
772 5040 830 5097 6.

311 4686 363 4754 (α
413 4687 561 4743 Gen.
599 4698 684 4755 ιιι,
715 4682 810 4740 22.

314 4757 366 4901 Eb
418 4757 566 4814 Gen.
601 4770 689 4824 ιιι,
718 4754 774 4810 5.

336 4845 362 4884 c
412 4828 602 4884 Exod.
632 4840 752 4883 nu
802 4827 810 4880 1

315 4904 335 4956 (
376 4902 392 4956 l
422 4900 597 4956 Deut.
629 4913 709 4956 Iv.
734 4870 806 4953 ἐξ

2075 4683 2151 4755 (g)
2180 4682 2304 4755 ξοδ.
2336 4697 2500 4755 xxm,
2529 4681 2587 4753 7,
2618 4682 2775 4755 apud
2808 4681 2971 4739 Lxx,

2077 4753 2155 4822 (h)
2186 4753 2353 4810 Deut.
2384 4769 2443 4821 x,
2476 4754 2564 4808 17.

2074 4826 2141 4895 (i)
2172 4824 2327 4880 Psal.
2363 4840 2567 4893 Lxxxv,
2599 4825 2653 4880 8.

2074 4895 2150 4968 (k)
2178 4894 2333 4968 Psal.
2363 4912 2516 4965 XLIX,
2550 4896 2602 4968 1.

2097 4939 2148 5037 i')’
2170 4939 2333 5022 ῥὲὲῖξ
2361 4939 2634 5032 ῖὲιὶὲἰξὶ.

2095 5040 2175 5109 m)
2203 5038 2368 5096 Deut.
2402 5056 2461 5110 x,
2494 5038 2580 5095 14.

1591 5171 1835 5230 νΑιιιλΕ
1873 5170 2289 5230 LEGTIONES.

321 5293 385 5329 ¹⁰⁰
408 5295 521 5348 Pro
550 5290 684 5347 vbb.
716 5286 808 5342 καὶ
842 5285 919 5360 μὴ
996 5280 1301 5342 αλεπαίνειν
1328 5317 1399 5330 -—
1427 5284 1680 5349 πολλοὺς
1709 5285 1865 5349 Θεούς
1920 5286 2133 5344 lacuna
2197 5290 2286 5343 est
2331 5286 2392 5342 in
2442 5285 2508 5343 0.
2566 5288 2645 5342 Ex
2690 5284 2751 5341 C'
2813 5283 3048 5357 reposui
3090 5286 3199 5339 τῶν
3250 5289 3386 5342 ante
3433 5302 3535 5359 γρα
3579 5286 3651 5337 ὧν

321 5364 373 5420 ΠΙ
401 5368 458 5420 et
487 5364 530 5419 S
559 5362 865 5419 omissum.
946 5303 994 5397 εχ
996 5361 1085 5415 Ita
1111 5362 1157 5416 Ο
1187 5363 1248 5415 et
1274 5376 1344 5415 ex
1371 5360 1618 5425 conject.
1650 5360 1710 5425 S,
1770 5359 1828 5415 in
1859 5359 2029 5425 cujus
2057 5363 2217 5415 textu
2273 5360 2331 5413 Ci
2366 5354 2595 5425 ὁμοίως.
2640 5358 2790 5413 Τιιιιι
2849 5356 3096 5425 apposui
3143 5356 3247 5425 γάρ
3294 5374 3363 5413 ex
3409 5356 3476 5412 Ο.
3540 5303 3574 5391 Ci
3603 5354 3654 5425 ἐξ

260 5379 291 5419 ι
314 5364 373 5420 Gl
401 5368 458 5420 et
487 5364 530 5419 S
559 5362 865 5419 omissum.

263 5436 450 5491 addidi
480 5451 532 5492 c.
554 5434 632 5505 ΔΟ.
662 5503 668 5505 Α
708 5435 728 5469 ³
758 5430 797 5505 ἦ
827 5435 990 5505 0,-0.
1025 5430 1060 5499 ἢ
1091 5436 1149 5488 ο.
1225 5432 1249 5467 ⁸
1276 5429 1337 5505 ἐξ,
1358 5429 1625 5505 adjecic.
1657 5434 1723 5502 Ο,

996 5361 1085 5415 Ita
1111 5362 1157 5416 Ο
1187 5363 1248 5415 et
1274 5376 1344 5415 ex
1371 5360 1618 5444 conject.
1650 5360 1710 5429 S,
1770 5359 1828 5415 in
1859 5359 2029 5484 cuius
2057 5363 2244 5446 tegtu‘
2273 5360 2331 5413 Ci
2366 5354 2595 5443 ὁμοίως,
2640 5358 2790 5413 Τιιιιι
2849 5354 3096 5462 apposui
3143 5356 3215 5436 γᾴ

1025 5430 1060 5484 ἢ
1091 5436 1149 5484 c.
1225 5432 1249 5467 ‘
1276 5429 1327 5484 ἐξ
1358 5432 1541 5484 adieci
1576 5448 1625 5484 ο.
1657 5434 1723 5484 0.
1800 5432 1821 5466 ⁵
1849 5451 1924 5484 πα
1969 5450 2015 5484 ιν
2045 5451 2141 5484 του
2172 5435 2253 5484 (το
2284 5429 2390 5484 CLl
2420 5439 2720 5484 γενοαφθαι
2751 5431 2810 5482 C.
2936 5425 2998 5481 τό
3027 5434 3084 5484 0.
3160 5438 3181 5471 7

264 5436 450 5491 addidi
480 5451 532 5492 c.
569 5434 632 5491 0.
708 5435 728 5469 ³
758 5430 797 5505 ἦ
827 5435 892 5502 0,
930 5435 990 5486 Ο.
1025 5430 1060 5517 ᾖ
1091 5436 1149 5488 Ο.
1225 5432 1249 5467 ⁸
1276 5430 1327 5501 ἐξ
1358 5430 1625 5514 adjecic.
1657 5434 1723 5502 0,
1800 5432 1821 5466 ⁵
1849 5430 2015 5486 πάλιν
2045 5433 2141 5485 τοῦ
2172 5430 2253 5499 (τὸ
2284 5430 2390 5502 Cl.)
2415 5430 2720 5558 (γεγράφθαι
2751 5431 2810 5482 C.

264 5526 413 5577 ῃσαν,
442 5501 851 5577 ἆπολὲσθωσανο
882 5501 958 5564 ὡς
987 5522 1119 5577 των,
1150 5503 1521 5577 quaedesunt
1550 5520 1609 5560 ιιι
1639 5508 1888 5574 utroque
1914 5504 2103 5577 Hom;
2119 5503 2309 5577 cpdd.,
2338 5503 2409 5557 ad
2459 5542 2473 5553 .
2504 5506 2543 5555 C
2564 5515 2794 5577 exseq.

3294 5374 3363 5413 ex
3409 5356 3476 5412 Ο.

2936 5425 2998 5481 τό
3027 5434 3084 5484 0.
3156 5425 3181 5471 ‘1
3210 5425 3357 5483 Vbb.
3391 5425 3490 5480 οὐκ
3509 5425 3654 5480 ἐποί-

2459 5542 2473 5553 .
2500 5496 2543 5555 C
2573 5496 2639 5555 ex
2670 5515 2794 5570 seq.
2827 5515 2876 5554 ο.
2908 5500 2962 5554 8.
3038 5500 3059 5536 ⁸
3088 5496 3464 5568 πεποιηκότες,
3513 5498 3653 5551 ἀπο-

266 5568 529 5633 λέσθωσαν
559 5595 621 5651 p.
646 5596 772 5631 πεπ.
792 5574 895 5651 ﬁn.
936 5568 1252 5651 ρελλᾴντων
1285 5574 1363 5651 Ο.⁸
1389 5647 1405 5651 _
1427 5578 1448 5612 9
1472 5571 1736 5651 διακρινεῖ
1763 5568 1829 5632 0.
1905 5576 1951 5612 θ’
1981 5568 2382 5629 διαϐεϐαιοῦσαι
2412 5578 2477 5631 Ο.
2556 5573 2600 5608 ιο
2627 5569 2673 5625 εἴ
2719 5568 2902 5628 textui
2945 5571 3172 5628 reddidi
3201 5588 3252 5628 c.
3284 5571 3327 5627 0
3353 5588 3366 5640 ;
3416 5574 3650 5642 praeter-

265 5655 513 5710 mtssum
542 5645 662 5708 erat
688 5666 723 5708 a
751 5645 814 5706 Cl
847 5650 905 5707 et
932 5645 991 5705 S'
1064 5647 1132 5686 ¹⁰⁶
1158 5649 1267 5703 τῶν
1295 5647 1431 5705 add.
1464 5663 1515 5704 ο.
1546 5645 1611 5707 Ο.
