4082 6208
307 302 421 364 371

1132 303 1199 364 S.
1245 303 1688 367 CLEMENTIS
1733 306 1757 366 Ι
1804 304 1994 367 BOM.
2041 306 2270 368 PONT.
2316 305 2577 367 OPERA
2618 304 2885 368 DUBIA.

3599 304 3725 364 372

312 433 586 503 deorsum,
615 435 670 490 et
716 449 829 490 non
876 435 955 489 est
999 433 1144 490 alius
1189 442 1394 507 praeter
1429 451 1554 492 eum
1588 436 1685 509 (α).
1718 436 1788 492 Et
1819 435 1959 492 alibi

2090 435 2231 498 ὦτος
2279 434 2405 499 Θεὸς
2456 434 2509 491 ἐν
2551 440 2632 509 τῷ
2688 432 2900 512 ούρανῷ
2947 430 3078 507 ἅνω,
3120 433 3209 490 καὶ
3270 433 3323 490 έν
3372 436 3440 509 τῇ
3495 438 3568 511 γῇ
3629 434 3726 490 κά-

312 524 612 596 Scriptura
639 522 779 578 dicit
807 522 1144 579 Judaaorum
1194 524 1411 598 populo
1444 541 1457 582 :
1509 527 1771 582 Dominus
1823 527 1961 582 Deus

316 617 445 669 tuus
478 614 590 683 ipse
617 620 697 667 est
731 614 867 668 Deus
896 613 1125 668 deorum
1172 614 1268 686 (ὁ),
1318 614 1402 670 ita
1451 619 1515 670 ut
1563 615 1831 687 quamvis
1878 615 1959 669 dii

316 701 587 769 existant,
624 702 736 757 sub
763 702 1103 758 Judaaorum
1136 704 1252 759 Deo
1284 704 1507 760 sint.Et
1532 704 1659 762 aliis
1684 706 1963 762 verbisde

317 806 382 845 eo
436 790 518 845 ait
544 790 878 862 Scriptura:
910 793 1055 847 Deus
1074 810 1306 864 magnus
1335 802 1388 849 et
1414 811 1594 861 verus,
1618 796 1715 865 qui
1740 810 1849 850 non
1870 810 1962 849 ao-

316 881 451 951 cipit
480 896 792 950 personam,
823 897 997 953 neque
1025 890 1201 937 sumet
1226 899 1482 951 munera,
1514 885 1650 955 facit
1683 883 1966 955 judicium

313 966 540 1040 pupillo
584 976 635 1023 et
679 967 859 1024 vidum
907 970 996 1041 (ι’).
1032 970 1332 1041 Scriptura
1387 971 1571 1026 Deum
1627 971 1964 1027 Judzeorum

320 1058 717 1130 nuncupanda
747 1073 1028 1130 magnum
1061 1063 1118 1114 et
1144 1074 1344 1114 verum
1371 1063 1428 1115 et
1473 1059 1778 1115 facientem
1802 1059 1965 1131 judi-

322 1146 500 1214 cium,
552 1146 699 1202 alios
749 1146 993 1219 pusillos
1041 1164 1145 1203 nec
1190 1164 1356 1204 veros
1404 1149 1717 1204 denotavit.
1751 1149 1861 1205 Sed
1911 1151 1969 1204 et

322 1236 503 1293 altero
536 1237 789 1309 quodam
822 1236 881 1292 in
920 1236 1045 1293 loco
1086 1237 1388 1309 Scriptura
1436 1237 1577 1293 dicit
1611 1254 1623 1294 :
1678 1240 1822 1295 Vivo
1849 1253 1965 1310 ego,

322 1325 455 1383 dicit
493 1326 782 1394 Dominus,
815 1342 927 1382 non
973 1328 1051 1382 est
1097 1327 1247 1381 alius
1294 1327 1435 1382 Deus
1478 1334 1684 1399 prater
1727 1344 1834 1382 me.
1858 1329 1971 1398 Ego

318 1415 559 1488 primus,
590 1431 685 1487 ego
719 1416 1072 1484 novissimus,
1103 1419 1308 1487 praeter
1336 1432 1420 1471 me
1446 1433 1557 1473 non
1586 1424 1665 1472 est
1696 1418 1839 1472 Deus
1869 1416 1967 1488 (ἀ).

322 1507 402 1561 Ac
432 1519 715 1560 rursum:
767 1505 1059 1560 Dominum
1104 1506 1278 1561 Deum
1323 1508 1481 1560 tuum
1527 1506 1764 1573 timebis,
1796 1504 1972 1562 etilli

326 1594 431 1650 soli
472 1595 673 1649 servies
702 1594 795 1662 (θ).
850 1594 917 1648 Ει
963 1593 1155 1649 adhuc
1202 1610 1215 1648 :
1272 1592 1416 1649 Audi
1464 1595 1656 1661 Israel,
1709 1596 1972 1651 Dominus

329 1683 469 1747 Deus
513 1685 686 1738 vester
732 1683 994 1738 Dominus
1036 1700 1180 1739 unus
1229 1687 1312 1739 est
1366 1684 1455 1755 (Γ).
1518 1684 1730 1755 Sicque
1787 1683 1976 1740 multa

327 1771 669 1827 testimonia
690 1772 1171 1842 cumjuramento
1194 1772 1562 1845 consignant,
1578 1773 1761 1829 Deum
1787 1790 1972 1829 unum

330 1875 480 1929 esse,
514 1865 571 1916 et
599 1864 805 1931 printer
836 1859 1002 1915 illum
1036 1878 1149 1916 non
1182 1878 1312 1917 esse
1340 1860 1546 1916 Deum.
1580 1860 1743 1917 Unde
1773 1862 1974 1934 miror,

333 1966 448 2021 qua
460 1948 841 2014 ratione,cum
863 1952 951 2005 tot
972 1948 1098 2004 loca
1117 1952 1406 2006 testentur
1419 1966 1602 2005 unum
1617 1966 1746 2007 esse
1767 1950 1974 2019 Deum,

329 2042 392 2095 tu
429 2037 645 2094 multos
676 2054 805 2094 esse
833 2039 1111 2094 afﬁrmes.

2078 546 2155 579 τω
2221 525 2312 581 καὶ
2381 524 2479 580 οὐκ
2545 521 2685 580 ἔστιν
2748 522 2918 587 ἄλλος
2973 522 3121 593 πλὴν
3185 523 3369 582 αὐτοῦ.
3426 523 3525 579 Καὶ
3577 522 3725 599 ἄλλῃ

2077 635 2183 669 που
2216 612 2359 691 λέγει
2417 617 2452 685 ἡ
2514 616 2696 694 Γραφὴ
2754 619 2833 687 τῷ
2893 611 3169 671 Ἰουδαίων
3228 609 3724 689 ὄχλῳσΚύριοςὸ

2072 704 2200 765 Θεός
2251 725 2366 776 σου,
2427 701 2586 766 οὗτος
2641 704 2768 765 Θεὸς
2825 707 2932 757 τῶν
2994 704 3149 775 θεῶν,
3211 701 3391 774 ὥσπερ
3425 707 3467 741 ίί
3531 702 3618 757 ὅτι
3678 702 3724 758 εί

2070 791 2160 848 καί
2193 791 2292 847 είσι
2324 792 2457 865 θεοῖ,
2493 793 2595 848 ὑπὸ
2623 793 2714 847 τὸν
2748 790 3022 847 Ἰουδαίων
3086 792 3210 846 Θεόν
3243 791 3396 848 εἰσιν.
3446 792 3543 845 Καὶ
3577 790 3726 866 ἄλλῃ

2072 902 2176 936 που
2235 879 2359 956 περῖ
2418 881 2584 937 αὐτοῦ
2642 879 2791 957 λέγει
2849 883 2885 951 ἡ
2946 881 3168 958 Γραφή·
3230 881 3288 933 Ὃ
3339 880 3467 941 Θεὸς
3498 881 3527 935 6
3559 881 3728 956 μέγας

2073 968 2161 1023 καὶ
2235 967 2518 1041 ἀληθινὸς,
2598 967 2656 1031 ὅς
2732 967 2794 1024 ού
2858 962 3127 1041 λαμϐάνει
3180 966 3259 1029 εἷς
3302 969 3349 1005 ¹²
3406 967 3715 1043 πρόσωπον,

2076 1054 2202 1112 οὐδὲ
2254 1058 2328 1131 μὴ
2376 1052 2518 1132 λάϐῃ
2565 1055 2765 1134 δῶρον,
2824 1061 2995 1112 ποιῶν
3054 1056 3230 1133 κρίσιν
3292 1059 3446 1116 322
3506 1056 3715 1137 ὀρφανῷ

2074 1146 2165 1202 καὶ
2194 1147 2364 1223 χήρᾳο
2399 1145 2579 1201 Μέλαν
2638 1143 2697 1201 δὲ
2744 1147 2834 1201 καὶ
2892 1145 3149 1217 ἀληθινὸν
3178 1144 3267 1201 καὶ
3294 1145 3467 1222 κρίσιν
3504 1151 3723 1202 ποιοῦν-

2074 1256 2141 1291 τα
2168 1237 2260 1291 τὸν
2291 1240 2397 1290 τῶν
2433 1238 2478 1274 ¹³
2534 1232 2809 1291 Ἰουδαίων
2840 1236 2875 1306 ἡ
2908 1236 3092 1314 Γραφὴ
3154 1235 3380 1290 εἰποῦσα
3418 1235 3569 1309 Θεὸν,
3599 1235 3730 1299 τοὺς

2079 1324 2284 1388 ἄλλους
2341 1324 2569 1401 μικροὺς
2620 1325 2710 1379 καὶ
2750 1324 2850 1379 οὐκ
2877 1323 3172 1396 ἀληθινοὺς
3203 1324 3488 1398 ἐσήμανεν.
3550 1323 3734 1381 Ἀλλὰ

2078 1415 2168 1469 καὶ
2200 1412 2343 1489 ἄλλῃ
2370 1434 2475 1468 που
2508 1411 2653 1490 λέγει
2685 1415 2720 1484 ἡ
2774 1415 2959 1492 Γραφή
2990 1433 3003 1447 ’
3039 1419 3122 1468 Ζω
3155 1413 3286 1490 ἐγὼ,
3320 1412 3468 1489 λέγει
3504 1413 3729 1491 Κύριος,

2081 1502 2181 1559 οὐκ
2251 1501 2361 1559 ἔστι
2431 1502 2559 1565 Θεὸς
2615 1499 2798 1580 ἕτερος
2857 1502 3004 1572 πλὴν
3066 1502 3222 1576 ἐμοῦ.
3289 1504 3432 1579 Ἐγὼ
3484 1507 3731 1580 πρῶτος,

2084 1592 2193 1667 ἐγὼ
2263 1591 2395 1665 μετᾶ
2447 1595 2635 1663 ταῦτα,
2694 1589 2841 1660 πλὴν
2901 1590 3037 1665 ἐμοῦ
3084 1592 3215 1653 Θεὸς
3274 1592 3372 1647 οὐκ
3409 1589 3566 1650 ἔστιν.
3629 1593 3732 1646 Καὶ

2083 1681 2268 1737 πάλιν.
2329 1678 2522 1757 Κύριον
2581 1680 2671 1735 τὸν
2727 1679 2855 1737 Θεόν
2914 1701 3009 1734 σου
3066 1674 3377 1759 φοϐηθήσῃ,
3434 1680 3524 1736 καὶ
3582 1679 3737 1752 αύτῷ

2089 1769 2240 1845 μόνῳ
2298 1768 2632 1846 λατρεύσεις.
2692 1768 2789 1825 Καὶ
2843 1768 3045 1824 πάλιν·
3115 1770 3313 1826 Ἄκουε
3345 1768 3736 1846 Ἰσραὴλ,Κύ-

2087 1879 2203 1937 ριος
2252 1859 2280 1914 6
2309 1859 2437 1921 Θεὸς
2472 1858 2623 1932 ὑμῶν
2656 1862 2704 1898 ¹⁴
2734 1857 2933 1934 Κύριος
2965 1858 3041 1920 εἷς
3074 1857 3233 1916 ἐστίν.
3285 1858 3385 1913 Καὶ
3417 1860 3572 1932 ὁμῶς
3601 1859 3743 1916 πολ-

2086 1945 2180 2003 λαὶ
2258 1946 2430 2027 φωναὶ
2502 1949 2618 2021 μεθ’
2687 1946 2852 2023 ὅρκου
2910 1945 3430 2026 ἐπισφρανίζουσιν,
3491 1947 3573 2003 ὅτι
3660 1950 3742 2012 εἷς

2087 2036 2227 2093 ἐστὶν
2283 2038 2311 2092 6
2369 2038 2517 2108 Θεὸς,
2548 2036 2638 2092 καὶ
2668 2038 2815 2107 πλὴν
2873 2036 3038 2092 αὐτοῦ
3095 2036 3195 2092 οὐκ
3249 2035 3358 2092 ἔστι
3398 2036 3552 2100 Θεός.
3587 2039 3743 2094 Ὀθεν

331 2126 612 2199 θαυμάζω,
645 2130 765 2189 πῶς
795 2125 1066 2182 τοσούτων
1102 2128 1490 2203 μαρτυρουσῶν
1523 2128 1717 2203 φωνῶν
1745 2120 1836 2182 ἕνα
1865 2126 1998 2182 εἶναι
2029 2128 2182 2194 Θεὸν,
2214 2125 2277 2181 σὺ
2306 2125 2551 2188 πολλοὺς
2583 2127 2712 2181 εἶναι
2745 2124 2946 2202 λέγεις.

397 2216 541 2273 VIII.
575 2218 644 2272 Et
672 2218 921 2274 Simon:
972 2216 1264 2289 Principio
1318 2232 1385 2273 ea
1434 2216 1582 2272 mihi
1629 2220 1824 2273 tecum
1869 2217 1980 2274 fuit

330 2306 606 2370 conditio,
640 2311 707 2362 ut
730 2323 798 2363 ex
829 2306 1150 2379 Scripturis
1190 2306 1591 2363 convincerem
1639 2310 1694 2362 te
1738 2307 1979 2363 menda-

330 2395 425 2465 cii,
441 2395 728 2452 dicentem
743 2412 1119 2468 nequaquam
1143 2394 1359 2451 multos
1382 2395 1571 2450 vocari
1586 2395 1795 2451 debere
1818 2397 1977 2453 deos.

328 2484 613 2553 Quocirca
645 2484 857 2541 multis
888 2484 1323 2557 Scripturarum
1350 2484 1592 2541 vocibus
1624 2485 1874 2557 ostendi,
1909 2485 1980 2541 ab

329 2573 479 2647 ipsis
527 2573 848 2647 Scripturis
896 2573 1114 2629 divinis
1161 2573 1359 2646 plures
1403 2574 1770 2645 pronuntiari
1819 2574 1980 2632 deos.

330 2664 482 2719 Tum
512 2663 717 2719 Petrus
751 2679 764 2718 :
798 2662 962 2734 Ipsae,
996 2679 1122 2733 quae
1155 2661 1373 2718 multos
1403 2662 1543 2719 deos
1573 2664 1979 2736 pronuntiant,

331 2752 647 2823 Scriptores
677 2751 893 2807 eaedem
925 2751 1242 2807 adhortatae
1273 2768 1380 2808 nos
1410 2756 1551 2808 sunt
1597 2752 1691 2808 his
1739 2754 1932 2809 verbis
1965 2769 1979 2810 :

332 2842 576 2898 Nomina
631 2840 854 2896 deorum
911 2841 1152 2896 aliorum
1204 2856 1314 2896 non
1370 2840 1661 2897 ascendent
1721 2841 1780 2897 in
1834 2841 1985 2897 labia

332 2934 428 2986 tua
457 2929 673 3001 (g).Sic
703 2933 912 3002 praeter
931 2930 1011 2995 id,
1045 2931 1199 3003 quod
1232 2930 1518 3002 scriptum
1549 2934 1657 3003 est,
1685 2948 1801 2987 non
1822 2930 1982 2987 locu-

331 3024 431 3075 tus
462 3034 619 3091 sum,
650 3018 873 3074 Simon.
907 3019 974 3075 Et
1004 3019 1206 3075 Simon
1241 3036 1255 3076 :
1287 3020 1439 3076 Audi
1467 3020 1539 3075 ad
1572 3021 1681 3076 hoc
1711 3025 1769 3076 et
1799 3025 1863 3077 tu
1888 3020 1987 3077 Pe-

337 3112 449 3165 tre.
480 3107 725 3164 Peccare
765 3107 908 3163 mihi
953 3108 1193 3179 videris,
1223 3109 1324 3182 qui
1372 3109 1486 3165 diis
1535 3110 1817 3177 detrahis,
1848 3126 1984 3166 cum

334 3196 638 3269 Scriptura
676 3196 878 3253 dicat:
938 3196 1098 3269 (Diis)
1146 3214 1260 3255 non
1308 3198 1584 3266 detrahes,
1637 3200 1986 3270 principibus

2158 2217 2310 2274 VIII.
2352 2214 2451 2271 Καὶ
2475 2216 2503 2271 6
2537 2214 2742 2289 Σίμων·
2766 2217 2823 2270 Ὀ
2846 2210 3014 2291 λόγος
3042 2216 3141 2285 τήν
3175 2215 3353 2291 ἀρχὴν
3381 2214 3449 2285 ἦν
3482 2236 3577 2290 μοι
3600 2217 3745 2293 πρὸς

2089 2306 2167 2375 σε,
2199 2304 2306 2360 ἀπὸ
2346 2309 2569 2383 Γραφῶν
2604 2304 2820 2380 ἐλέγξαι
2851 2326 2929 2373 σε,
2961 2303 3044 2361 ὅτι
3073 2302 3242 2379 ψεύδῃ
3281 2302 3460 2380 λέγων
3491 2305 3568 2379 μή
3600 2302 3745 2360 πολ-

2090 2392 2222 2456 λοὺς
2254 2396 2298 2432 ³⁸
2329 2390 2437 2449 δεῖν
2463 2395 2785 2473 φθέγγεσθαι
2816 2393 2992 2456 θεούς.
3010 2397 3166 2458 Ὅθεν
3198 2392 3413 2457 πολλὰς
3446 2393 3738 2472 ἐγγράφους

2089 2479 2262 2553 ἔδειξα
2291 2484 2490 2561 φωνὰς,
2524 2481 2606 2538 ὅτι
2639 2482 2793 2539 αὐταὶ
2827 2483 2883 2538 αἶ
2913 2484 3047 2539 θεῖαι
3080 2483 3284 2562 Γραφαὶ
3304 2481 3551 2545 πολλοὺς
3583 2483 3738 2562 φθέγ-

2090 2592 2277 2649 γονται
2311 2572 2488 2635 θεούς.
2522 2572 2625 2629 Καὶ
2657 2573 2685 2627 6
2717 2573 2920 2647 Πέτρος
2946 2592 2959 2604 ·
2985 2571 3151 2630 Αὐταὶ
3171 2572 3224 2627 αἱ
3249 2570 3502 2635 πολλοὺς
3524 2572 3749 2650 φθεγγό-

2096 2682 2245 2735 μεναι
2286 2662 2443 2723 θεοὺς
2483 2661 2710 2738 Γραφαὶ,
2760 2660 2914 2716 αύταὶ
2946 2660 3255 2735 παρῄνεσαν
3287 2664 3423 2735 ἡμῖν
3457 2660 3748 2717 εἰποῦσαι*

2094 2748 2362 2823 Ὀνόματα
2409 2751 2542 2804 θεῶν
2590 2750 2785 2827 ἐτέρων
2837 2750 2936 2806 οὐκ
2979 2744 3304 2821 ἀναϐήσεναι
3356 2749 3444 2805 ἐπὶ
3483 2755 3592 2806 τῶν
3624 2770 3750 2826 χει-

2094 2837 2231 2894 λέων
2282 2860 2397 2894 σου.
2449 2838 2632 2901 Οὕτως
2681 2838 2743 2894 οὐ
2801 2840 2946 2914 παρὰ
2991 2839 3054 2894 τὸ
3082 2837 3458 2917 γεγραμμένον
3490 2837 3647 2917 ἔφην,
3705 2840 3751 2893 ὧ

2095 2927 2306 3003 Σίμων.
2335 2927 2434 2983 Καὶ
2457 2928 2485 2983 6
2504 2928 2693 3002 Σίμων
2719 2947 2732 2961 ⁸
2766 2929 3031 2985 Ἀκουσον
3054 2928 3191 3005 πρὸς
3206 2926 3443 2984 αὐτὸκαὶ
3471 2927 3557 3001 σὺ,
3581 2926 3627 2982 ὦ
3644 2928 3754 2983 Πέει

2097 3038 2209 3094 τρε.
2239 3018 2590 3095 Ἀμαρτάνειν
2629 3039 2723 3092 μοι
2743 3015 2943 3091 δοκεῖς,
2968 3016 3054 3073 ὅτι
3074 3016 3250 3072 αὐτῶν
3274 3016 3614 3094 καταλέγεις,
3645 3023 3754 3087 τῆς

2096 3112 2317 3185 Γραφῆς
2348 3105 2616 3184 λεγούσης
2638 3125 2652 3138 ·
2714 3106 2776 3162 οὐ
2825 3106 3251 3182 κακολογήσεις,
3278 3107 3369 3162 καὶ
3400 3103 3669 3183 ἄρχοντας
3703 3108 3748 3145 ¹⁶

2095 3199 2195 3250 τοῦ
2247 3193 2383 3250 λαοῦ
2431 3216 2526 3250 σου
2575 3194 2637 3250 οὐ
2691 3199 2873 3258 κακῶς
2921 3194 3083 3272 ἐρεῖς.
3128 3196 3229 3253 Καὶ
3264 3197 3292 3251 6
3325 3194 3565 3273 Πέτροςο
3628 3194 3751 3272 Οὐχ

330 3286 528 3358 populi
555 3287 641 3341 tui
666 3301 779 3342 non
806 3285 1094 3342 maledioes
1123 3286 1224 3359 (ἢ).
1252 3288 1332 3343 Ac
1359 3291 1564 3343 Petrus
1589 3304 1603 3343 :
1628 3288 1753 3344 Non
1787 3304 1976 3361 pecco,

2096 3284 2407 3359 ἁμαρτάνω,
2443 3283 2653 3358 Σίμων,
2686 3281 3001 3346 ἀκολούθως
3047 3288 3165 3346 ταῖς
3197 3289 3433 3361 Γραφαῖς
3461 3285 3560 3354 τήν
3595 3285 3747 3339 σιπὼ-

333 3375 988 3448 Simon,consequenter
1015 3375 1331 3448 Scripturis
1360 3376 1747 3449 perditionem
1779 3393 1983 3433 eorum

333 3467 670 3539 praenatans
704 3481 719 3519 :
750 3464 836 3521 ita
864 3464 1023 3521 enim
1053 3464 1340 3538 scriptum
1372 3470 1463 3521 est
1493 3483 1507 3523 :
1540 3467 1633 3522 Dii
1660 3468 1757 3538 qui
1783 3467 1984 3523 calum

334 3558 387 3610 et
439 3563 656 3610 terram
705 3570 818 3610 non
860 3554 1129 3626 fecerunt,
1159 3557 1387 3626 pereant
1417 3554 1503 3627 (ἰ),
1553 3559 1724 3628 atque
1755 3555 1839 3612 sic
1886 3554 1985 3612 ille

333 3641 568 3698 locutus
595 3648 705 3711 est,
738 3660 854 3698 non
898 3643 1068 3715 quasi
1116 3644 1359 3716 quidam
1407 3644 1487 3699 dii
1535 3644 1779 3700 fecerint
1807 3660 1895 3713 ea,
1926 3648 1985 3701 et

334 3746 450 3787 non
482 3736 741 3805 pereant,
764 3733 1261 3805 quemadmodum
1283 3733 1702 3807 interpretatus
1732 3734 1983 3791 es.Unus

333 3820 492 3877 enim
543 3821 876 3878 declaratur
920 3822 1159 3879 Creator
1205 3839 1272 3879 eo
1304 3823 1461 3895 quod
1491 3822 1656 3878 initio
1697 3822 1983 3895 scriptum

335 3913 426 3965 est
456 3924 471 3966 :
502 3914 573 3967 In
598 3912 876 3982 principio
904 3913 1109 3966 creavit
1136 3911 1278 3966 Deus
1306 3910 1506 3966 coelum
1546 3912 1597 3965 et
1644 3917 1849 3965 terram
1878 3909 1976 3984 (Is).

332 3997 448 4054 Nec
478 3997 622 4054 dixit
653 4017 666 4056 :
700 4000 816 4055 Dii.
850 4000 918 4054 Et
950 3998 1117 4056 alibit
1146 4000 1229 4056 ait
1264 4016 1279 4057 :
1307 4001 1371 4055 Et
1390 4015 1553 4071 opera
1576 4015 1844 4055 manuum
1863 4000 1981 4072 ejus

329 4089 637 4145 annuntiat
666 4090 1083 4161 ﬁrmamentum
1112 4089 1198 4162 (l).
1228 4090 1416 4161 Atque
1445 4088 1505 4143 in
1538 4088 1651 4145 alio
1682 4088 1808 4145 loco
1839 4088 1981 4145 scri-

332 4180 504 4249 ptum
548 4182 638 4233 est
668 4194 682 4235 :
719 4178 854 4233 Caeli
883 4180 992 4250 ipsi
1015 4179 1297 4251 peribunt,
1330 4186 1390 4234 tu
1428 4185 1612 4235 autem
1636 4178 1985 4250 permanebis

331 4264 394 4319 in
421 4267 692 4320 aeternum
722 4264 841 4336 (γη).

404 4353 499 4407 ΙΧ.
535 4352 687 4409 Dixit
715 4352 920 4408 Simon
953 4370 966 4409 :
999 4353 1084 4409 Ad
1117 4352 1225 4410 hoc
1255 4354 1408 4425 quod
1441 4369 1550 4428 ego
1594 4354 1814 4411 multos
1856 4371 1985 4411 esse

334 4441 473 4498 deos
503 4442 729 4499 ostendi
758 4458 826 4499 ex
840 4442 1450 4515 Scripturis,quarum
1475 4444 1651 4500 verba
1676 4444 1987 4501 manifesta

336 4531 595 4603 exhibui,
628 4536 693 4589 tu
723 4532 924 4589 itidem
955 4532 1042 4588 vel
1072 4532 1241 4605 plura
1270 4533 1613 4590 testimonia
1660 4550 1730 4590 ex
1776 4534 1984 4590 iisdem

2095 3371 2243 3429 λειαν
2293 3373 2465 3429 αὐτῶν
2507 3370 2935 3449 προσημαίνων⁶
2997 3375 3150 3432 828
3208 3373 3352 3429 οὕτω
3381 3373 3486 3449 γὰρ
3545 3372 3751 3450 γέγραο

2090 3482 2222 3517 πται
2247 3479 2259 3493 ⁶
2293 3461 2438 3529 Θεοὶ,
2500 3460 2554 3517 ο⁶ί
2608 3463 2699 3516 τὸν
2750 3461 2972 3538 οὐρανὸν
3013 3461 3102 3517 καὶ
3158 3462 3258 3531 τὴν
3291 3464 3390 3539 γῆν
3425 3461 3523 3517 οὐκ
3552 3461 3747 3533 ἐποίη-

2093 3572 2211 3624 σαν,
2269 3549 2682 3607 ἀπολέσθωσαν’
2739 3550 2827 3606 καὶ
2879 3548 3041 3606 τοῦτο
3090 3550 3257 3607 εἰπὼν
3309 3551 3417 3627 οὖχ
3466 3550 3543 3614 ὡς
3594 3551 3750 3606 ἐνίων

2092 3640 2499 3711 πεποιηκότων,
2527 3639 2617 3695 καὶ
2652 3640 2728 3714 μὴ
2756 3637 3176 3716 ἀπολλυμένων,
3205 3639 3281 3702 ὡς
3304 3640 3655 3715 ἧρμήνευσας
3676 3641 3748 3695 τί.

2094 3730 2366 3801 Δηλοῦται
2422 3730 2524 3807 γὰρ
2565 3730 2644 3791 εἷς
2692 3729 2720 3783 6
2760 3728 3080 3799 πεποιηκὼς
3117 3729 3198 3801 τῷ
3241 3727 3498 3805 ἀπαρχῆς
3546 3747 3755 3804 γεγρα-

2094 3820 2241 3892 φθαι·
2296 3824 2381 3873 Ἐν
2435 3818 2583 3894 ἀρχῇ
2641 3817 2892 3888 ἐποίησεν
2948 3818 2977 3872 6
3034 3815 3165 3879 Θεὸς
3218 3816 3312 3872 τὸν
3369 3816 3596 3893 οὐρανὸν
3651 3818 3751 3872 καὶ

2095 3908 2193 3978 τήν
2230 3910 2353 3984 γῆν.
2406 3907 2503 3961 Καὶ
2563 3904 2661 3961 οὐκ
2717 3906 2904 3961 εἷπεν⁴
2960 3905 3023 3959 Οἱ
3082 3902 3215 3962 θεοί.
3277 3905 3379 3963 Καὶ
3438 3903 3585 3979 ἄλλῃ
3639 3926 3751 3961 που

2096 3993 2283 4072 λέγει·
2358 3994 2584 4065 Ποίησιν
2662 3992 2721 4051 δὲ
2794 3998 3000 4072 χειρῶν
3075 3990 3239 4049 αύτοῦ
3298 3992 3625 4070 ἀναγγέλλει
3680 3994 3745 4050 τὸ

2093 4086 2393 4163 στερέωμα.
2442 4085 2539 4140 Καὶ
2588 4084 2640 4140 έν
2692 4082 2859 4161 ἑτέρῳ
2909 4077 3067 4157 τόπῳ
3096 4085 3139 4120 ¹⁸
3163 4082 3499 4160 γέγραπται·
3532 4084 3597 4138 Οἱ
3656 4082 3747 4139 οὖ-

2094 4175 2245 4252 ρανοὶ
2323 4173 2475 4231 αὐτοὶ
2524 4173 2881 4245 ἀπολοῦνται,
2939 4171 3003 4228 σὺ
3061 4170 3119 4228 δὲ
3180 4170 3450 4247 διαμενεῖς
3512 4172 3591 4235 εἷς
3646 4171 3740 4229 τὸν

2093 4264 2288 4321 αἰῶνα.

2164 4359 2251 4409 ῙΧ.
2286 4352 2389 4410 Καὶ
2418 4353 2446 4409 6
2482 4352 2669 4425 Σίμων
2703 4349 2827 4431 ἔφη·
2864 4353 3013 4427 Πρὸς
3043 4352 3112 4407 τὸ
3141 4350 3238 4425 ἐμὲ
3277 4347 3443 4425 δεῖξαι
3500 4348 3751 4414 πολλοὺς

2094 4444 2231 4498 εἷναν
2260 4441 2415 4505 θεοὺς
2458 4441 2564 4497 ἀπὸ
2605 4446 2713 4496 τῶν
2769 4444 3016 4519 Γραφῶν,
3045 4440 3224 4513 φωνὰς
3255 4445 3442 4519 σαφεῖς
3473 4442 3748 4517 παρέστη-

2093 4552 2178 4602 σα,
2211 4530 2274 4584 σὺ
2307 4527 2363 4585 δὲ
2412 4527 2675 4591 τοσαύτας
2706 4532 2752 4569 ¹⁹
2802 4529 2838 4599 ἢ
2880 4528 2969 4584 καὶ
3001 4528 3256 4591 πλείονας
3290 4530 3468 4608 φωνὰς
3500 4528 3610 4584 ἀπὸ
3638 4532 3746 4585 τῶν

337 4620 655 4695 Scripturis
680 4621 951 4695 attulisti,
976 4623 1233 4695 probans
1256 4640 1440 4679 unum
1464 4640 1594 4681 esse
1617 4627 1976 4690 Deum,eum-

341 4726 447 4731 --η
486 4710 808 4731 ηιμ---μ
870 4711 934 4731 τη.
988 4711 1054 4731 ,λ
1216 4712 1358 4731 μη,
1422 4710 1575 4731 ..-μ
1638 4711 1737 4731 ..-η

2092 4618 2268 4675 αὐτῶν
2302 4622 2525 4697 Γραφῶν
2560 4616 2847 4695 ένήνοχας,
2891 4614 3148 4672 δεικνύων
3200 4615 3283 4673 ὅτι
3318 4618 3392 4681 εἷς
3452 4616 3561 4673 ἐστῖ
3594 4617 3747 4689 Θεὸς,

2096 4708 2179 4731 ηαδ
2236 4708 2387 4731 _r___
2436 4703 2711 4731 ’I-“§A-!.U.
2786 4707 2885 4731 π..)
2922 4707 3055 4731 ..-ὶ-
3084 4707 3140 4731 -Ἁ
3179 4706 3343 4731 -ἳ--Ἓ⁹..
3382 4724 3465 4731 ._--
3531 4705 3605 4731 ﬂ).
3673 4703 3747 4731 §_‘_'

337 4726 452 4782 que
478 4710 836 4769 Judaaorum.
870 4711 938 4768 Et
984 4711 1059 4768 ad
1106 4711 1167 4768 id
1209 4712 1361 4785 quod
1412 4710 1531 4769 dixi
1564 4728 1578 4769 :
1628 4711 1748 4769 Non
1776 4719 1976 4783 oporlel

2092 4708 2182 4766 καὶ
2230 4708 2387 4771 οὗτος
2436 4703 2735 4764 Ἰουδαίων.
2786 4707 2887 4761 Καὶ
2919 4707 3056 4783 πρὸς
3083 4707 3146 4761 τὸ
3177 4706 3344 4761 εἰπεῖν
3380 4724 3465 4781 με’
3530 4705 3610 4766 Οὐ
3670 4703 3752 4762 δεῖ

428 4856 483 4922 a)
510 4852 678 4910 Deut.
712 4868 790 4922 ιν,
820 4854 909 4911 39.

432 4925 482 4989 b)
513 4925 684 4981 Deut.
715 4942 772 4989 χ,
809 4925 896 4983 18.

428 4996 479 5067 c)
509 4996 681 5067 lbid.,
718 4997 807 5053 17.

468 5066 684 5141 )peut;
717 5083 795 5141 ιν,
825 5068 917 5141 39.

426 5140 476 5209 e)
508 5138 677 5195 Deut.
708 5138 789 5209 v1,
822 5140 909 5196 13.

503 5210 678 5282 Ibid.,
710 5210 763 5268 4.

2186 4855 2244 4927 g)
2274 4855 2592 4927 Jossxxrn,
2616 4853 2679 4927 fl,
2713 4853 2870 4926 apud
2901 4851 3068 4910 LXX.

2186 4925 2242 4996 ἦ)
2275 4926 2450 4981 Exod.
2481 4926 2576 4996 22,
2603 4925 2696 4981 28.

2186 4997 2232 5069 ί)
2258 4998 2378 5069 Jer.
2403 5014 2463 5065 x,
2496 4997 2585 5069 11.

2186 5067 2240 5142 Ii)
2273 5068 2415 5142 Gen.
2441 5085 2498 5137 χ,
2534 5067 2587 5123 1.

2189 5138 2231 5211 ι)
2259 5138 2413 5211 Psal,
2445 5155 2609 5206 xvm,
2630 5140 2695 5211 A2.

2186 5209 2260 5282 νὴ)
2292 5210 2441 5269 Psal.
2473 5226 2549 5280 c1,
2579 5209 2671 5267 26.

1687 5340 1933 5430 VARI/E
1971 5370 2389 5431 LECTIONES.

402 5505 446 5542 ιι
481 5501 556 5567 ὣς
587 5505 651 5562 ο,
728 5505 777 5541 ﬂ
807 5502 882 5566 εἷς
911 5520 1027 5561 om.
1060 5506 1126 5562 Ο.
1204 5504 1246 5541 ³³
1272 5504 1381 5560 τῶν
1414 5506 1661 5564 accessit
1689 5521 1759 5563 ex
1787 5507 1851 5564 Ο.
1931 5507 1977 5544 ¹⁴
2003 5506 2038 5575 ἧ

2049 5508 2164 5579 μῶν
2196 5510 2253 5561 C-
2274 5577 2291 5579 _
2337 5506 2379 5542 ¹⁶
2407 5499 2655 5579 τεολλρύς
2685 5501 2730 5579 ρ
2759 5519 2831 5579 οξ
2856 5502 3197 5579 conject._D.
3224 5500 3384 5579 ptri
3414 5506 3477 5579 (f.1
3506 5502 3574 5579 i°_
3598 5495 3743 5579 ἄρχτ

330 5578 559 5655 οντα-Ο,-
579 5594 651 5655 ex_
677 5594 793 5651 quo
822 5579 1067 5655 accessit
1094 5591 1218 5655 seq.
1251 5596 1367 5634 σου.
1445 5578 1851 5655 ίῗμὲρμήιευσας
1880 5580 1941 5637 C.
1974 5572 2124 5655 Tum
2150 5581 2240 5655 tto
2260 5577 2304 5633 Ο
2334 5594 2384 5633 ο.
2417 5577 2478 5632 S.
2505 5573 2659 5655 τίς.
2694 5572 3070 5655 subinde—ein
3104 5573 3253 5651 ἀρχῇ
3284 5579 3352 5635 Ο.
3434 5574 3479 5611 ¹⁸
3528 5572 3738 5632 Toxtui

334 5642 559 5706 reddidi
592 5642 747 5722 τόπὶμ
776 5667 811 5707 a
838 5649 898 5705 Cl
929 5653 986 5706 et
1012 5650 1051 5707 S
1091 5642 1398 5708 omissum.
1475 5652 1519 5688 ¹⁹
1547 5642 1769 5727 γραὶρῶν
1802 5648 1862 5711 ἃς
1894 5652 2081 5727 σαφεῖς
2109 5642 2441 5725 παρέστησα,
2471 5642 2661 5703 σὺδὲὰς
2692 5642 2854 5709 αὐτάς
2893 5649 2954 5705 C.
