4082 6208
2062 122 2067 153 i

351 366 468 428 375
1175 361 1240 422 S.
1285 358 1729 422 CLEMENTIS
1774 359 1799 420 Ι
1842 358 2033 420 ROM.
2078 357 2309 421 PONT.
2356 360 2619 425 OPERA
2662 361 2923 427 DUBIA.
3641 362 3764 426 376

349 500 629 567 tanquam
661 493 894 568 proprio
942 492 1199 566 spiritui,
1231 492 1355 564 ipse
1387 509 1619 565 semper
1665 491 1994 564 congaude-

2123 489 2203 566 ρία
2223 491 2357 564 (47),
2443 495 2489 530 ³⁸
2514 490 2694 570 ὥσπερ
2723 492 2844 568 ἰδίῳ
2857 490 3125 567 πνεύματι
3147 492 3305 557 αὐτὸς
3322 491 3401 550 ἀεὶ
3419 495 3764 573 συνέχαιρεν²

352 586 474 642 bat.
510 584 683 639 Unita
713 584 947 655 quidem
979 586 1069 638 est
1097 582 1234 649 Deo,
1266 586 1333 637 ut
1364 582 1581 651 anima,
1601 581 1672 636 ab
1703 597 1768 637 eo
1800 585 1997 635 autem

2123 577 2311 650 ἥνωται
2365 582 2459 653 μὶν
2507 582 2582 644 ὡς
2626 583 2780 659 ψυχὴ
2830 588 2908 656 τῷ
2954 588 3089 655 Θεῷ,
3140 581 3423 639 ἐκτείνεται
3458 582 3517 639 δὲ
3548 584 3642 641 ἀπ’
3674 586 3771 642 αὐ-

353 673 706 739 extenditur,
738 671 893 728 velut
928 671 1613 736 manus,universitatem
1647 671 1995 743 producens.

2104 671 2226 738 τοῦ,
2254 667 2331 732 ὡς
2361 670 2507 747 χεὶρ,
2540 668 2605 743 δη
2619 676 2951 750 μιουργοῦσα
2977 672 3040 728 τὸ
3071 678 3193 727 πᾶν.
3229 671 3324 727 Διὰ
3349 678 3512 731 ’ωῦτο
3567 674 3625 730 δὲ
3672 675 3764 731 καὶ

352 767 601 836 Propter
629 763 739 818 hoc
768 779 900 818 vero
932 765 988 817 et
1018 778 1171 818 unus
1202 761 1377 817 homo
1409 760 1679 817 conditus
1708 764 1814 830 est,
1830 758 1901 814 ab
1932 773 1998 813 eo

2123 756 2182 819 ιίς
2232 754 2517 831 ἄνθρωπος
2562 758 2794 834 ἐγένετο,
2849 762 2940 815 ἀπ’
2984 760 3150 817 αὐτοῦ
3197 758 3254 816 δὲ
3293 762 3546 835 προῆλθε
3571 761 3663 818 καὶ
3701 765 3767 820 τὸ

354 856 550 910 autem
599 852 778 908 etiam
830 868 1003 907 sexus
1045 851 1334 906 femineus
1384 849 1684 922 processit.
1735 848 1998 920 Cumque

2123 848 2269 917 ἱῆΛυ.
2321 846 2418 901 Καὶ
2472 849 2639 921 μονὰς
2668 852 2711 887 ³⁷
2753 848 2885 905 οὖσα
2926 855 3005 923 τῷ
3045 849 3183 927 γένει
3238 848 3366 913 δυάς
3416 849 3577 911 ἐστιν.
3613 856 3767 909 Κατὰ

355 941 554 999 unitas
586 940 663 997 sit
692 939 1268 1013 genere,dualitatem
1303 938 1461 995 facit.
1494 938 1643 1017 Nam,
1671 952 1773 1009 per
1803 939 2000 992 exten-

351 1030 579 1088 sionem
613 1035 670 1085 et
699 1028 1159 1085 contractionem
1200 1026 1400 1083 unitas
1429 1025 1683 1082 dualitas
1714 1041 1842 1081 esse
1872 1040 2003 1079 cen-

357 1122 747 1190 setur.1taque
776 1121 930 1174 recte
960 1116 1108 1173 facio
1127 1116 1437 1172 deferendo
1455 1130 1690 1171 omnem
1720 1113 2002 1170 honorem

357 1208 461 1265 uni
494 1208 633 1278 Deo,
662 1213 944 1279 tanquam
977 1205 1340 1278 parentibus.
1373 1202 1527 1260 Dixit
1569 1202 1769 1260 Simon
1807 1220 1820 1259 :
1854 1201 2004 1269 Quid

358 1300 578 1364 vero,et
607 1297 656 1351 si
688 1295 998 1369 Scriptura:
1028 1294 1174 1350 alios
1205 1294 1344 1350 deos
1374 1293 1682 1359 aiunt,non
1704 1290 2006 1347 admittes?

432 1384 797 1441 XIII.Petrus
827 1383 1165 1456 respondit:
1190 1382 1250 1439 Si
1280 1380 1680 1454 Scripturm,si
1713 1380 2005 1453 prophetae

363 1475 503 1530 deos
534 1474 755 1543 dicunt,
786 1474 846 1529 in
877 1472 1256 1529 tentationem
1287 1469 1651 1527 audientium
1686 1469 1908 1536 dicunt,
1929 1468 2011 1524 ita

306 1606 307 1609 η
364 1562 582 1635 quippe
602 1562 889 1631 scriptum
914 1564 1003 1617 est
1024 1578 1035 1614 :
1053 1560 1115 1616 Si
1140 1560 1453 1615 surrexerit
1471 1557 1618 1630 apud
1648 1562 1699 1613 te
1726 1557 2007 1630 prapheta,

366 1650 504 1708 dans
532 1653 693 1724 signa
733 1654 786 1707 et
809 1650 1087 1723 prodigia,
1122 1658 1174 1705 et
1222 1650 1462 1705 evenerit
1503 1649 1725 1719 signum
1779 1646 1923 1702 illud
1948 1662 2012 1701 ac

363 1742 708 1813 prodigium,
741 1740 949 1796 dixerit
978 1754 1098 1795 vero
1127 1740 1234 1794 tibi
1254 1755 1272 1794 :
1302 1740 1514 1793 Eamus
1544 1740 1597 1793 et
1624 1738 1860 1793 colamus
1887 1734 2015 1792 deos

2106 935 2208 1012 γὰρ
2242 932 2449 992 ἔκτασιν
2488 937 2579 992 καὶ
2612 938 2882 1009 συστολὴν
2915 941 2948 1010 ἡ
2987 939 3155 1013 μονὰς
3186 937 3313 1002 δυὰς
3359 939 3496 995 εἶναι
3537 940 3761 1016 νομίζε-

2110 1043 2218 1081 ται.
2250 1026 2411 1080 Ὥστε
2441 1023 2518 1081 ἐνὶ
2549 1024 2686 1101 Θεῷ,
2719 1026 2793 1090 ὡς
2822 1032 3087 1104 γονεῦσιν,
3123 1026 3298 1104 ὀρθῶς
3328 1032 3472 1084 ποιῶ
3498 1036 3591 1100 τῆν
3640 1037 3754 1086 πᾶα

2111 1131 2205 1168 σαν
2235 1114 2653 1193 προσαναφέρων
2684 1118 2875 1190 τιμήν.
2907 1117 3013 1173 Καὶ
3046 1118 3106 1172 ὁὸ
3149 1116 3335 1190 Σίμων
3388 1112 3487 1197 ἔφη
3510 1135 3522 1151 ο
3566 1118 3627 1174 Τί
3674 1116 3757 1193 δὲ,

2113 1201 2233 1346 Eis”
2269 1202 2360 1258 καὶ
2389 1204 2445 1258 αἱ
2477 1206 2682 1285 Γραφαὶ
2713 1203 2930 1282 ἐτέρους
2959 1204 3115 1269 θεοὺς
3146 1204 3424 1283 λέγουσιν,
3475 1206 3537 1263 οὐ
3587 1228 3763 1283 παρα-

2203 1308 2267 1346 n:

2150 1289 2236 1365 έξῃ
2253 1308 2267 1361 ;

2186 1382 2341 1439 ³26
2370 1387 2512 1439 XIII.
2546 1383 2650 1440 Καὶ
2674 1384 2702 1439 6
2725 1383 2929 1459 Πέτρος
2951 1382 3295 1461 ἀπεκρίνατο’
3328 1380 3452 1440 Εἴτε
3482 1384 3538 1439 αἱ
3561 1384 3770 1464 Γραφαὶ

2117 1465 2223 1524 εἷ’τε
2238 1477 2511 1549 προφῆται
2535 1473 2689 1536 θεοὺς
2720 1470 2993 1549 λέγουσιν,
3026 1472 3105 1537 εἷς
3134 1475 3431 1550 πειρασμὸν
3460 1478 3568 1529 τῶν
3601 1474 3771 1529 ἀκου-

2118 1555 2285 1614 όντων
2316 1562 2362 1598 ³⁹
2411 1558 2681 1638 λέγουσιν.
2727 1562 2882 1619 Οὕτω
2936 1562 3038 1640 γὰρ
3091 1564 3429 1640 γέγραπταιο
3486 1564 3607 1619 Ἐὰν
3640 1563 3771 1619 ἀνα-

2117 1650 2217 1722 στῇ
2279 1646 2329 1704 έν
2390 1649 2474 1705 σοὶ
2525 1653 2839 1730 προφήτης,
2889 1648 3071 1715 διδοὺς
3100 1654 3145 1689 ⁴⁰
3192 1657 3395 1725 σημεῖα
3432 1657 3527 1708 καῖ
3552 1652 3777 1731 τέρατα,

2119 1734 2209 1791 καί
2276 1733 2406 1813 ἔλθῃ
2460 1739 2584 1794 τότε
2638 1746 2867 1814 σημεῖον
2928 1740 3100 1797 έκεῖνο
3156 1740 3247 1796 καί
3301 1743 3362 1798 τὸ
3417 1742 3599 1819 τέρας,
3661 1742 3779 1819 έρεῖ

370 1829 598 1895 alienos,
628 1846 766 1901 quos
792 1831 1101 1885 nescierunt
1121 1835 1307 1899 patres
1336 1827 1443 1895 tui,
1466 1842 1581 1882 non
1612 1825 1848 1881 audietis
1881 1840 2008 1896 pro-

375 1918 427 1938 --ι
458 1928 494 1938 ,ι
624 1919 701 1938 31L
805 1935 814 1938 _
853 1920 900 1938 ,⁸η
938 1919 1135 1938 _--.'-__.'_
1171 1918 1277 1938 -.³--ι
1309 1931 1505 1938 ---..---.-
1532 1919 1641 1938 1-...
1665 1914 1733 1938 -.Ι
1769 1913 1984 1938 l__.'J_-.

2123 1821 2181 1879 δέ
2252 1846 2373 1880 σοι’
2442 1828 2797 1938 Βορευθέντες
2873 1827 3252 1904 λατρεύσωμεν
3331 1835 3475 1895 θεοῖς
3545 1830 3777 1906 ἑτέροις,

2129 1913 2204 1938 -Υ-
2272 1914 2359 1938 ,9η
2484 1914 2508 1938 δ
2767 1920 2780 1938 ε
2993 1918 3005 1938 Ι
3376 1920 3389 1938 9
3501 1921 3516 1938 9
3608 1919 3621 1938 1
3727 1932 3743 1938 -

366 1918 590 1992 phetam
618 1919 816 1975 illum:
849 1920 909 1974 in
935 1919 1135 1988 primis
1163 1918 1277 1972 sint
1305 1931 1505 1972 manus
1531 1919 1641 1971 tuae
1657 1914 1735 1970 ad
1764 1913 2015 1986 [apidan-

288 2080 289 2083 η
372 2009 503 2065 dum
531 2025 679 2064 eum.
728 2009 969 2063 Tentavit
998 2008 1146 2062 enim
1190 2008 1243 2061 te
1270 2012 1516 2061 avertere
1543 2021 1577 2059 a
1622 2004 1852 2060 Dmnzno
1899 2007 2017 2059 Deo

366 2104 481 2154 tuo.
518 2096 669 2167 Quod
694 2098 743 2153 si
782 2095 992 2152 dixeris
1041 2096 1101 2150 in
1147 2093 1307 2151 corde
1355 2102 1445 2150 tuo
1475 2109 1495 2148 :
1524 2093 1638 2162 Quo
1684 2090 1841 2147 modo
1886 2093 2017 2163 fecit

363 2188 587 2259 signum
606 2188 705 2243 hoc
739 2185 821 2242 vel
835 2184 1495 2258 prodigium,cognoscens
1534 2195 1852 2252 cognoscas,
1881 2180 2014 2253 quia

361 2279 601 2335 tentator
628 2277 879 2343 tentavit,
911 2276 973 2330 ut
992 2275 1135 2330 sciat
1178 2289 1253 2328 an
1283 2273 1476 2327 timeas
1510 2271 1807 2327 Dominum
1838 2274 2013 2326 Deum

360 2370 520 2423 tuum
551 2364 646 2439 (a).
677 2365 750 2420 Et
777 2380 908 2420 vero
937 2362 1069 2435 quia
1098 2364 1341 2418 tentator
1369 2360 1623 2428 tentavit,
1647 2358 1872 2415 dictum
1899 2361 2010 2428 est,

362 2454 532 2513 aliter
552 2452 816 2511 autemid
840 2449 1561 2526 posttransmigrationem
1580 2447 1639 2503 in
1654 2447 2009 2519 Babylonem

362 2548 626 2618 apparet.
656 2542 856 2615 Neque
884 2540 1040 2597 enim
1072 2540 1173 2613 qui
1223 2542 1433 2595 cuncta
1462 2536 1621 2593 novit
1649 2537 1821 2607 Deus,
1855 2536 2010 2592 sicut

362 2650 432 2692 ex
460 2632 662 2689 multis
691 2630 922 2687 ostendi
955 2628 1109 2699 licet,
1142 2627 1405 2699 tentavit,
1438 2630 1503 2682 ut
1532 2625 1546 2681 i
1556 2642 1658 2699 pse
1687 2624 1883 2696 sciret,
1907 2623 2009 2696 qui

362 2723 595 2797 praescit
642 2720 862 2778 omnia.
893 2718 952 2774 Si
980 2735 1115 2775 vero
1145 2717 1332 2790 cupis,
1364 2716 1436 2772 de
1483 2732 1551 2772 ea
1580 2731 1641 2771 re
1681 2729 2010 2771 sermonem

362 2811 671 2879 faciamus,
703 2814 760 2865 et
805 2806 1219 2864 demonstrabo
1268 2805 1453 2862 Deum
1504 2802 1811 2877 praescium
1859 2819 2007 2858 esse.

362 2900 534 2958 Illum
566 2902 764 2955 autem
806 2897 1097 2971 ignorare,
1128 2912 1265 2952 cum
1294 2893 1509 2950 falsum
1541 2893 1638 2964 sit,
1670 2892 1731 2948 id
1779 2907 2012 2964 quoque

365 2989 437 3046 ad
468 2987 851 3044 tentationem
882 2986 1167 3058 scriptum
1198 2984 1546 3041 ostenditur.
1579 2986 1668 3038 Ita
1698 2997 1825 3050 nos,
1860 2997 1893 3036 ο
1921 2980 1999 3035 Si~

364 3093 716 3149 mon,neque
748 3076 821 3132 ab
851 3074 970 3131 ullo
998 3074 1111 3131 alio
1139 3071 1483 3130 scandalum
1514 3070 1637 3144 pati
1671 3084 2008 3143 possumus,

362 3183 469 3224 nec
499 3166 572 3223 ad
605 3165 822 3222 multos
851 3165 990 3221 deos
1006 3162 1400 3221 admittendos
1428 3157 2005 3226 fraudeinducimur,

363 3272 469 3313 nec
500 3254 601 3312 ulli
631 3254 886 3311 sermoni
918 3251 1275 3309 assentimur
1305 3254 1507 3307 contra
1535 3250 1720 3305 Deum
1749 3247 1923 3303 dicto.

2126 1913 2205 1977 οἷς
2266 1914 2365 1970 οὐκ
2439 1911 2659 1991 ᾔδεισαν
2735 1920 2786 1973 οἱ
2876 1918 3101 1994 πατέρες
3156 1941 3272 1992 σου,
3333 1920 3433 1975 ούκ
3492 1919 3781 1985 ἀκούσεσθε

2121 2006 2219 2057 τοῦ
2292 2007 2579 2083 προφήτου
2654 2006 2897 2063 ἐκείνου·
2977 2008 3028 2063 ἐν
3100 2010 3340 2085 πρώτοις
3417 2007 3653 2064 ἔστωσαν
3718 2010 3776 2064 αἱ

2122 2090 2304 2167 χεῖρές
2359 2113 2454 2148 σου
2515 2090 2879 2166 λίθοϐολῆσαι
2946 2096 3123 2155 αὐτόν.
3183 2095 3466 2171 Ἐπείρασε
3537 2097 3639 2174 γάρ
3715 2118 3776 2152 σε

2121 2181 2423 2252 ἀποστῆναι
2514 2184 2620 2239 ἀπὸ
2697 2184 2894 2262 Κυρίου
2968 2190 3065 2241 τοῦ
3137 2190 3270 2243 Θεοῦ
3340 2208 3459 2244 σου.
3532 2186 3653 2242 Ἐὰν
3709 2184 3774 2242 δὲ

2122 2267 2276 2344 εἷ’πῃς
2304 2269 2357 2327 έν
2401 2274 2472 2347 τῇ
2529 2270 2730 2350 καρδίᾳ
2785 2293 2920 2331 σου·
2984 2279 3110 2338 Πῶς
3167 2274 3393 2346 ἐποίησε
3444 2275 3507 2330 τὸ
3546 2279 3775 2348 σημεῖον

2120 2354 2293 2414 έκεῖνο
2351 2360 2386 2429 ἢ
2445 2361 2508 2415 τὸ
2563 2362 2748 2438 τέρας,
2806 2363 3086 2440 γινώσκων
3118 2364 3321 2440 γνώσῃ,
3380 2363 3464 2420 ὃτι
3523 2364 3550 2420 6
3586 2364 3775 2439 πειρά-

2123 2450 2227 2517 ζων
2283 2447 2579 2526 ἐπείραζεν,
2616 2448 2748 2507 ΐδεῖν
2800 2454 2867 2525 ⁴¹,
2931 2453 2977 2509 εἰ
3035 2448 3179 2533 φοϐῆ
3240 2453 3437 2530 Κύριον
3492 2454 3579 2509 τὸν
3635 2453 3765 2509 Θεόν

2120 2557 2236 2593 σου.
2295 2540 2414 2594 ’Ότι
2469 2536 2527 2595 δὲ
2578 2541 2607 2596 6
2638 2541 2907 2617 πειράζων
2953 2541 3249 2619 ἐπείραζεν,
3307 2542 3514 2620 εἴρητο,
3573 2541 3769 2617 ἑτέρως

2122 2622 2180 2681 δὲ
2213 2626 2348 2699 μετά
2398 2628 2497 2698 τὴν
2547 2628 2625 2693 είς
2656 2625 2956 2687 Βαϐυλῶνα
2989 2630 3324 2705 μετοικεσίαν
3355 2634 3472 2703 (48)
3501 2631 3768 2711 φαίνεται.

2120 2712 2194 2769 Οὐ
2223 2716 2328 2792 γὰρ
2362 2716 2420 2772 ἂν
2478 2719 2507 2773 6
2534 2719 2601 2774 τὰ
2628 2719 2801 2776 πάντα
2827 2722 3108 2797 γινώσκων
3167 2720 3318 2791 Θεὸς,
3350 2720 3424 2783 ὡς
3457 2720 3517 2776 ἐκ
3540 2719 3771 2777 πολλῶν

2119 2799 2231 2858 ἔστι
2269 2801 2455 2880 δεῖξαι,
2489 2805 2764 2884 ἐπείραζεν
2796 2811 2864 2877 ⁴²,
2912 2806 2999 2863 ἵνα
3027 2812 3138 2885 γνῷ
3162 2809 3345 2882 αὐτὸς,
3409 2810 3437 2865 6
3484 2810 3550 2864 τὰ
3594 2812 3775 2865 πάντα

2118 2893 2532 2970 προγινώσκων.
2565 2896 2623 2951 Εἰ
2652 2894 2710 2953 δὲ
2743 2895 2930 2974 βούλει
2962 2900 3025 2969 ⁸³,
3058 2897 3183 2975 περὶ
3238 2896 3435 2954 τούτου
3473 2899 3564 2953 τὸν
3598 2897 3772 2974 λόγον

2118 2982 2497 3057 ποιησώμεθα,
2555 2985 2645 3041 καὶ
2698 2983 2855 3057 δείξω
2901 2987 3343 3064 προγινώσκοντα
3368 2988 3459 3043 τὸν
3494 2988 3645 3047 Θεόν.
3698 2989 3776 3043 Τὸ

2120 3065 2179 3124 δὲ
2205 3069 2411 3147 ἀγνοεῖν
2445 3074 2604 3129 αὐτὸν
2633 3077 2848 3149 ψεῦσμα
2876 3074 2956 3149 ὅν,
3010 3077 3103 3132 καὶ
3167 3081 3328 3131 τοῦτο
3382 3077 3520 3153 πρὸς
3574 3096 3776 3154 πειρα-

2120 3159 2257 3230 σμὸν
2291 3161 2491 3240 γραφὲν
2537 3160 2933 3221 ἀποδέδεικται.
2991 3163 3175 3227 Οὕτως
3206 3167 3394 3239 ἡμεῖς,
3453 3166 3499 3219 ὥ
3557 3164 3771 3239 Σίμων,

2042 3228 2086 3296 C
2125 3240 2248 3302 οὕτε
2276 3248 2381 3305 ἀπὸ
2411 3228 2636 3329 λ’ραφῶν
2669 3249 2795 3308 οὕτο
2828 3253 2911 3332 ὑφ’
2958 3251 3142 3329 έτέροο
3189 3228 3340 3317 τινὸς
3379 3228 3776 3323 σκανδαλισθῆζ

363 3363 450 3399 ναι
480 3340 752 3418 δυνάμεθα
780 3344 827 3381 “
858 3336 982 3397 οὔτε
1008 3337 1253 3404 πολλοὺς
1282 3337 1436 3404 θεοὺς
1470 3333 1822 3407 ἀποδέξασθαι
1854 3331 2206 3409 ἀπατώμεθα,
2241 3335 2365 3394 οὐδὲ
2404 3336 2554 3417 λόγῳ
2582 3342 2688 3396 τινὶ
2735 3341 2872 3397 κατά
2922 3345 3021 3397 τοῦ
3070 3345 3202 3399 Θεοῦ
3250 3338 3538 3418 λεγομένῳ
3594 3363 3777 3398 συντι-

367 3432 585 3507 θέμεθα.

432 3524 577 3581 XIV.
611 3522 842 3580 Scimus
889 3520 1046 3579 enim
1078 3519 1192 3593 ipsi
1242 3535 1497 3592 quoque,
1529 3513 1768 3588 angelos
1802 3532 1835 3570 a
1859 3512 2012 3570 Seri-

364 3612 556 3685 pturis
584 3616 817 3669 vocatos
847 3628 974 3669 esse
1006 3610 1166 3666 deos.
1200 3608 1338 3665 Dico
1370 3611 1565 3664 autem
1596 3604 1845 3678 exempli
1876 3620 2013 3677 gra-

364 3701 449 3757 tia
477 3701 741 3774 eum,qui
771 3701 831 3757 in
866 3700 1008 3757 rubo
1037 3699 1272 3756 locutus
1305 3699 1480 3766 est,ct
1502 3695 1602 3768 qui
1633 3710 1765 3750 cum
1796 3693 2013 3750 Jacobo

364 3790 621 3847 luctatus
652 3795 758 3859 est,
793 3790 932 3847 item
981 3805 1139 3857 eum,
1172 3789 1270 3860 qui
1302 3790 1477 3842 natus
1507 3789 1597 3841 est
1622 3782 2011 3859 Emmanuel,

366 3879 587 3952 quique
616 3879 807 3936 dictus
836 3879 947 3935 fuit
976 3883 1124 3934 Deus
1153 3875 1342 3934 fortis.
1375 3876 1486 3933 Sed
1517 3880 1576 3932 et
1613 3876 1840 3948 Moyses
1868 3875 2014 3930 deus

364 3969 691 4026 Pharaonis
721 3968 1171 4036 exstitit,revera
1198 3970 1395 4022 tamen
1427 3965 1599 4021 homo
1628 3963 1847 4020 erat.Et
1876 3981 2016 4037 prae-

364 4060 523 4114 terea
552 4056 708 4113 idola
752 4056 1034 4129 gentium.
1066 4054 1248 4111 Nobis
1290 4058 1487 4110 autem
1519 4070 1674 4110 unus
1704 4057 1793 4110 est
1840 4058 2014 4125 Deus,

365 4163 522 4202 unus
571 4149 974 4201 creaturarum
1023 4147 1228 4200 auctor
1275 4143 1659 4216 omniumque
1688 4146 2014 4211 exornator,

365 4236 538 4307 cujus
567 4234 837 4291 Christus
854 4233 1013 4289 filius
1042 4231 1252 4304 est,cui
1268 4233 1570 4289 credentes
1599 4248 1671 4289 ex
1698 4232 2016 4304 Scripturis

364 4322 515 4381 falsa
534 4324 1123 4397 agnoscimus.Atque
1149 4321 1342 4378 adhuc
1365 4337 1435 4378 ex
1454 4321 1720 4395 patribus
1745 4321 2019 4377 instructi

364 4413 438 4470 de
466 4412 540 4470 iis
588 4429 715 4486 qua:
747 4412 808 4467 in
855 4411 1171 4485 Scripturis
1216 4427 1353 4469 vera
1399 4414 1559 4484 sunt,
1594 4427 1776 4467 unum
1826 4409 2018 4467 solum

365 4502 638 4560 novimus
660 4505 975 4558 creatorem
1004 4499 1283 4558 ccelorum
1307 4504 1367 4558 et
1384 4502 1571 4571 terra,
1597 4505 1775 4558 Deum
1797 4501 2023 4560 Judae-

438 4629 518 4703 (a)
546 4629 717 4688 Deut.
747 4643 874 4698 xm,
908 4626 961 4682 1.

2192 3518 2331 3578 XIV.
2365 3524 2547 3592 ’Ίσμεν
2570 3519 2675 3596 γὰρ
2697 3518 2786 3574 καὶ
2812 3518 2966 3575 αὐτοὶ
2997 3519 3102 3575 ἀπὸ
3131 3523 3240 3575 τῶν
3256 3522 3480 3598 Γραφῶν
3505 3517 3771 3596 ἀγγέλους

2121 3608 2274 3672 θεοὺς
2308 3605 2598 3685 λεχθέντας
2625 3612 2773 3668 327
2801 3607 2959 3685 Λέγω
2986 3605 3045 3664 δὲ
3066 3609 3140 3672 ὡς
3165 3610 3192 3664 6
3226 3608 3314 3664 ἐπὶ
3342 3616 3443 3680 τῆς
3474 3609 3638 3685 βάτου
3669 3608 3774 3665 λα-

2121 3695 2317 3769 λήσας,
2348 3697 2437 3752 καὶ
2467 3702 2547 3771 τῷ
2577 3692 2769 3753 Ἰακὼϐ
2799 3696 3067 3761 παλαίσας
3092 3716 3106 3731 ο
3148 3695 3296 3753 ἀλλᾶ
3331 3698 3421 3753 καὶ
3450 3698 3541 3753 τὸν
3569 3698 3770 3774 γεννώε-

2126 3807 2285 3861 μενον
2310 3784 2666 3861 Ἐμμανουήλ
2691 3785 2781 3842 καὶ
2800 3785 2893 3842 τὸν
2914 3785 3205 3863 λεγόμενον
3230 3787 3358 3843 Θεὸν
3385 3784 3605 3863 ἰσχυρόν
3630 3789 3772 3861 (49).

2122 3875 2298 3933 Ἀλλὰ
2332 3877 2439 3949 μήν
2471 3875 2561 3932 καὶ
2591 3882 2830 3946 Μωϋσῆς
2869 3876 2989 3941 θεὸς
3021 3875 3222 3952 Φοραὼ
3278 3873 3535 3951 ἐγενήθη,
3581 3880 3662 3949 τῷ
3712 3872 3775 3932 δὶ

2124 3960 2239 4021 ὄντι
2270 3966 2552 4043 ἄνθρωπος
2580 3965 2667 4035 ἧν.
2700 3966 2820 4023 Ἔτι
2853 3962 2910 4020 δὲ
2937 3962 3027 4020 καὶ
3061 3965 3131 4020 τὰ
3180 3961 3386 4021 εἷ’δωλα
3420 3969 3530 4020 τῶν
3577 3962 3769 4029 ἐθνῶν.

2120 4060 2279 4129 Ἡμῖν
2322 4051 2379 4109 δὲ
2424 4054 2500 4118 εἷς
2547 4054 2697 4124 Θεὸς,
2748 4053 2824 4117 εἷς
2864 4053 2893 4110 6
2919 4052 3016 4117 τὰς
3043 4052 3248 4117 κτίσεις
3303 4053 3624 4124 πεποιηκὼς
3681 4052 3776 4109 καὶ

2127 4142 2499 4219 διακοσμήσας
2525 4144 2595 4199 τὰ
2638 4142 2812 4199 πάντα
2834 4162 2847 4175 ο
2880 4142 2944 4199 οὗ
2971 4141 3063 4198 καὶ
3094 4144 3122 4198 6
3151 4142 3381 4220 Χριστὸς
3412 4143 3554 4216 υἱὸς,
3586 4143 3631 4217 ᾧ
3662 4162 3784 4197 πει-

2128 4234 2351 4307 θόμενοι
2397 4233 2502 4289 ἀπὸ
2546 4236 2654 4289 τῶν
2701 4235 2924 4311 Γραφῶν
2979 4230 3046 4287 τὰ
3085 4229 3257 4307 ψευδῆ
3317 4231 3775 4309 έπιγινώσκομεν.

2127 4329 2246 4379 ’Έτι
2278 4321 2335 4378 δὲ
2363 4322 2453 4378 καὶ
2486 4321 2545 4377 ἐκ
2571 4321 2816 4396 πατέρων
2850 4316 3264 4400 έφοδιαζόμενοι
3291 4323 3400 4377 τῶν
3452 4324 3678 4398 Γραφῶν
3709 4319 3785 4375 τὰ

2126 4412 2310 4484 ἀληθῆ
2335 4408 2430 4468 ἕνα
2462 4410 2625 4486 μόνον
2658 4408 2878 4484 οἷ’δαμεν
2907 4409 3001 4466 τὸν
3020 4408 3363 4480 πεποιηκότα
3379 4407 3510 4472 τούς
3530 4430 3589 4465 τε
3610 4407 3775 4485 οὖρα-

2127 4502 2252 4567 νοὺς
2282 4503 2371 4559 καὶ
2400 4503 2499 4572 τὴν
2538 4507 2664 4580 γῆν,
2713 4499 2839 4556 Θεὸν
2881 4496 3152 4558 Ἰουδαίων
3201 4498 3290 4555 καὶ
3346 4497 3562 4556 πάντων
3590 4502 3698 4554 τῶν
3729 4500 3780 4536 ⁸⁸

1711 4715 1957 4778 VARUE
1992 4718 2403 4778 LECTIONES.

438 4836 484 4874 ⁸ο
509 4835 549 4908 ᾔ
576 4831 634 4890 δὲ
658 4831 819 4910 σοφίᾳ
892 4832 973 4903 .ῐὴ
1004 4826 1061 4887 δὶ
1087 4851 1149 4887 σο
1198 4828 1249 4887 ία
1299 4831 1339 4904 ἧ
1366 4836 1425 4890 C.
1498 4833 1545 4870 ⁸⁷
1628 4832 1679 4889 ία
1707 4836 1767 4892 C.
1799 4835 1951 4891 Tum
1981 4832 2189 4890 ἔκτασιν
2222 4834 2266 4891 Ο
2297 4838 2353 4890 et
2390 4850 2463 4888 ex
2492 4833 2737 4904 conject.
2765 4834 2825 4899 Ο,
2857 4830 2917 4886 in
2948 4830 3119 4899 cujus
3141 4833 3298 4886 textu
3332 4824 3598 4885 ἔκστασιν.
3634 4828 3698 4885 In
3728 4832 3783 4885 Ο

438 4906 565 4975 ολήν
598 4925 656 4975 p.
690 4848 983 4975 συστολήψ
1058 4904 1103 4940 ³⁸
1132 4850 1189 4961 εῖ
1235 4875 1399 4975 deest
1452 4904 1512 4961 in
1713 4907 1758 4943 '9
1800 4904 2061 4961 αἰνόντων
2110 4906 2177 4964 Ο.
2253 4906 2300 4942 ⁴⁰
2348 4901 2529 4966 διδούς
2589 4922 2673 4957 σοι
2721 4901 2779 4958 C.
2828 4903 2898 4975 _“
2946 4898 3233 4975 εἰδέναι
3262 4906 3523 4975 Seq._crou
3554 4900 3780 4975 omﬁo.

364 4875 989 4980 στολξᾲἶιῖῖἓξὲζοῖἓδᾷξ
1006 4875 1113 4980 "8}?
1123 4875 1425 4980 El'liq’ési'
1452 4904 1512 4961 in

1623 4948 1635 4962 .
1713 4907 1758 4943 ³9
1800 4904 2061 4961 αἰνόντων
2110 4906 2177 4964 Ο.
2253 4906 2300 4942 ⁴⁰
2348 4901 2529 4966 διδούς
2589 4898 2673 4957 σοι
2721 4901 2779 4958 C.
2812 4898 2898 4975 λ⁴¹
2946 4898 3233 4975 εἰδέναι
3262 4906 3523 4975 Seq._crou
3554 4900 3780 4975 omﬁO.

366 4983 413 5028 ι²
446 4968 720 5061 ἐπείρᾶσεγ
751 4984 808 5035 8.
883 4968 1176 5061 {Scripsi
1212 4973 1560 5061 βούλειηορ
1588 4977 1773 5061 invit_o_
1796 4978 2194 5061 Schweglero',
2222 4977 2319 5047 qui
2352 4975 2723 5061 commendat
2743 4972 3047 5061 yqlgatam
3083 4968 3257 5061 βρύλλλ
3285 4968 3509 5043 θιιέῙιιε
3546 4972 3781 5061 cp’ipio-

364 5070 438 5110 ne
469 5040 1027 5125 conjectivum._Cfr._
1059 5040 1223 5105 h-om:
1253 5065 1368 5115 xxx,
1393 5048 1630 5125 _6._fl‘t1m
1663 5050 1796 5105 add.
1830 5046 1921 5125 τόν
1950 5040 2087 5107 ειὶἱθ
2115 5040 2284 5125 λύγον
2317 5065 2382 5125 cL
2407 5052 2478 5125 Οἐ
2548 5047 2596 5125 ⁴ξ
2626 5045 2764 5125 Ppst
2796 5040 3545 5117 δυνάμεθαεοὴὶὶρωωὶηυε
3584 5040 3780 5100 Ὄιεηι.

364 5141 422 5197 p.
457 5116 594 5195 419;
614 5123 740 5193 569,
776 5122 941 5179 addit
969 5118 1168 5199 φέρειν,
1203 5120 1613 5178 emendatione
1642 5121 1960 5194 superﬂua.
1990 5125 2050 5178 8.
2126 5121 2173 5158 ⁸⁵
2199 5116 2307 5174 τῶν
2349 5121 2410 5190 S,
2441 5119 2506 5190 Ο,
2536 5116 2629 5173 τόν
2661 5122 2723 5172 D.

1740 5234 2125 5295 VARIORUM
2162 5234 2397 5294 ΝΟΤΕ.

437 5337 643 5423 (4ςηἩ
675 5332 734 5391 δὲ
772 5333 952 5412 σοφία,
993 5338 1105 5419 etc.
1136 5332 1413 5423 Redo‘lere
1442 5333 1566 5423 haec
1614 5333 2019 5423 Egioni‘smum

366 5405 647 5470 fatebitur
676 5405 904 5465 mecum
940 5408 1039 5479 qui
1073 5424 1141 5463 ea
1170 5405 1646 5480 contuleriticum
1668 5407 2019 5480 Epiphania.

368 5486 484 5554 nis,
517 5482 683 5539 dictas
730 5478 1018 5554 haereseos
1063 5495 1186 5551 cap.
1218 5478 1273 5554 3,
1324 5479 1412 5554 16,
1450 5479 1537 5554 17__
1562 5483 1620 5534 et
1647 5478 1737 5535 291
1778 5478 1916 5554 Ὀφ,
1946 5510 2017 5521 __.

369 5549 580 5615 Confer
624 5570 751 5625 quae
783 5553 854 5608 de
907 5551 1104 5607 divina
1132 5549 1437 5623 sapientia
1484 5549 1637 5606 dicta
1662 5554 1803 5607 sunt
1846 5552 2011 5607 Prov.

368 5645 491 5696 VIII,
521 5628 594 5682 22
624 5641 788 5698 seqq.
819 5625 1036 5698 Danaa.

443 5686 558 5774 (48)
590 5686 888 5766 Μετὲίτὴν
948 5693 1025 5757 εἷς
1083 5686 1385 5752 Βαϐυλῶνα
1445 5689 1802 5767 μετοικεσίαν.
1852 5692 2016 5749 Tunc

2128 5333 2284 5391 enim
2321 5334 2555 5390 fuerunt
2588 5327 3106 5404 pseudoprophetm
3151 5328 3211 5385 in
3242 5328 3460 5403 pepulo
3504 5331 3777 5389 Judaico.

2126 5407 2311 5550 Οῗᾶθ)
2358 5475 2474 5550 Τὸν.
2518 5472 2894 5550 γεννώμενον.-
2921 5469 3302 5550 Ἑμμ-ανουὴλ,
3367 5472 3480 5550 κιοὶᾷ
3520 5469 3614 5528 τὸν
3670 5470 3779 5550 ⁸λε-

2121 5542 2353 5622 γόμενον
2389 5542 2803 5622 Θεὸν’ἷσχυρόν.
2846 5542 3607 5622 ΝαξυεΕωτῐιιξ-ῃυρμῷευε
3656 5546 3779 5622 ior-

2123 5614 2207 5677 iis
2233 5620 2362 5692 (Ira.
2392 5637 2472 5676 vn
2503 5622 2559 5675 et
2588 5614 2692 5692 1i),
2718 5630 2890 5692 yerus
2922 5615 3072 5692 Deus
3095 5618 3205 5672 est.
3238 5614 3780 5692 Ebipniticaigitar

2124 5686 2265 5750 sunt
2292 5691 2415 5749 haec
2440 5686 2878 5763 atque_Ariana,
2908 5689 2975 5746 ut
3005 5689 3064 5746 et
3089 5686 3398 5760 sequentia
3444 5686 3650 5747 multi.
3679 5693 3773 5748 In.
