4082 6208
272 241 397 305 379
900 278 905 297 ηι
1095 247 1161 307 S.
1206 244 1649 309 CLEMENTIS
1691 245 1716 309 Ι
1763 246 1955 308 ROM.
2000 247 2232 309 PONT.
2278 247 2542 329 OPERA
2587 247 2858 311 DUBIA.
3556 251 3676 314 380

275 377 534 447 tuorum,
564 376 851 444 vivorum,
884 377 1339 451 gignendorum,
1378 376 1462 434 dii
1519 382 1709 435 erunt.
1756 379 1908 445 Quod

2029 377 2208 453 τούτῳ
2252 381 2332 451 τῷ
2379 376 2530 455 λόγῳ
2572 375 2787 434 πάντων
2833 380 3149 453 ἀνθρώπων,
3196 384 3303 435 τῶν
3345 400 3405 437 τε
3468 381 3675 437 ἀποθα-

272 465 320 521 si
354 481 551 521 amore
581 466 969 522 contentionis
996 483 1135 540 erga
1166 484 1259 524 me
1288 467 1523 535 dixeris,
1546 485 1647 525 eas
1676 486 1908 542 quoque

2024 467 2226 523 νόντων
2294 468 2383 523 καὶ
2447 470 2659 538 ζώντων
2726 466 2812 523 καί
2872 469 3247 544 γενησομένων
3275 472 3317 506 ⁵⁸
3375 469 3429 524 αἱ
3498 472 3677 547 ψυχαὶ

269 569 398 610 esse
426 555 587 624 deos,
621 554 757 626 quid
793 554 900 610 hoc
922 556 1050 627 jam
1081 557 1310 630 magnis
1350 558 1460 613 erit
1517 558 1766 624 Christo,
1800 557 1908 613 dici

2023 555 2133 611 θεοὶ
2164 559 2210 593 ⁸9
2236 556 2618 633 τυγχάνουσιν.
2671 557 2733 614 Εἰ
2784 555 2840 612 δὲ
2870 556 3340 637 προσφιλονεικῶν
3377 581 3468 632 μοι
3504 559 3671 637 ἐρεῖς,

266 642 449 697 Deum
480 642 508 696 ?
534 642 593 697 Id
623 643 780 697 enim
813 643 1072 716 habebit,
1105 647 1258 718 quod
1292 664 1497 703 omnes
1528 647 1767 703 habent.

2020 644 2110 700 καὶ
2159 645 2322 709 αύτάς
2378 645 2531 709 θεοὺς
2592 647 2750 717 εἶναι,
2806 647 2895 702 καὶ
2938 646 2993 702 τί
3046 652 3206 703 τοῦτο
3238 646 3314 703 ἔτι
3341 652 3385 685 ⁶⁰
3418 649 3556 723 μέγα
3584 650 3680 705 καὶ

260 732 497 801 Χριστῷ,
528 732 608 800 τῷ
648 730 784 801 Θεῷ,
818 728 1103 807 λέγεσθαι;
1133 737 1293 788 τοῦτο
1323 733 1423 810 γὰρ
1465 732 1601 810 ἔχει,
1636 734 1664 789 ὃ
1692 732 1782 789 καὶ
1811 734 2003 797 πάντες
2035 731 2276 810 ἔχουσιν.

338 817 506 872 XVII.
540 818 655 874 Nos
686 820 871 875 Deum
892 820 1164 888 diclmus,
1196 824 1366 894 cujus
1399 823 1696 895 preprium
1719 824 1777 878 in
1801 824 1913 879 alio

268 922 400 962 esse
422 907 644 977 nequit.
674 908 844 964 Velut
875 910 1031 966 enim
1064 912 1164 983 qui
1197 911 1466 967 infinitus
1500 920 1588 968 est
1629 913 1911 985 undique,

270 1011 479 1066 proper
510 995 618 1052 hoc
642 996 857 1053 dicitur
884 998 1234 1070 immensus,
1274 1004 1332 1056 et
1383 1000 1624 1057 omnino
1674 1006 1763 1057 est
1811 1018 1910 1058 ne-

270 1100 594 1149 cesse,eum
622 1084 982 1143 immensum
1015 1088 1143 1144 ideo
1173 1089 1388 1157 vocari,
1414 1090 1551 1161 quia
1576 1107 1692 1145 non
1726 1094 1915 1162 potest

268 1172 419 1229 alius
446 1177 510 1229 ut
534 1175 657 1245 ipse
691 1191 817 1232 esse
846 1175 1139 1245 infinitus,
1172 1177 1281 1250 (sin
1314 1183 1512 1234 autem
1559 1178 1773 1251 aliquis
1804 1179 1913 1235 hoc

266 1261 477 1318 dixerit
507 1263 804 1334 possibile,
835 1269 992 1321 errat
1027 1291 1040 1334 ;
1073 1282 1178 1321 nec
1208 1266 1364 1322 enim
1411 1268 1525 1323 duo
1557 1266 1816 1340 undique
1847 1268 1906 1323 in

264 1351 431 1407 ﬁnita
456 1352 634 1407 simul
665 1353 941 1410 exsistere
971 1360 1239 1426 possunt,
1297 1356 1716 1412 terminaretur
1753 1356 1909 1412 enim

264 1439 513 1496 alterum
546 1441 617 1497 ab
649 1441 871 1513 altero),
892 1442 1089 1514 itaque
1120 1448 1331 1499 natura
1362 1448 1767 1516 comparatum
1800 1448 1907 1515 est,

265 1546 448 1585 unum
483 1546 611 1587 esse
638 1532 994 1604 lngenitum.
1031 1534 1192 1599 Quod
1224 1534 1271 1588 si
1307 1534 1365 1588 in
1413 1533 1602 1605 ﬁgura
1657 1538 1766 1599 est,
1826 1532 1910 1589 sic

267 1635 499 1690 quoque
528 1636 713 1675 unum
745 1624 832 1677 est
865 1621 1343 1693 incomparabile.
1380 1622 1567 1686 Quare
1597 1627 1655 1678 et
1681 1621 1908 1677 Altissi-

2092 825 2244 881 329
2279 825 2448 881 XVII.
2509 824 2696 897 Ἡμεῖς
2726 824 2853 879 Θεὸν
2909 823 3161 900 λέγομεν,
3221 825 3284 879 οὗ
3343 824 3482 880 ἐστιν
3534 823 3670 880 ἴδιον

2018 910 2081 965 τὸ
2120 914 2163 949 ⁶¹
2224 911 2384 985 ἄλλῳ
2440 918 2720 989 προσεῖναι
2784 914 2858 987 μή
2923 910 3242 986 δυνάμενον.
3302 915 3505 991 ’Ὠσπερ
3566 914 3664 990 γάρ

2021 996 2238 1062 ἅπειτος
2266 999 2339 1056 ὥν
2370 1001 2708 1077 πανταχόθεν
2768 999 2855 1057 διὰ
2882 1007 3044 1057 τοῦτο
3105 1000 3317 1079 λέγεται
3352 1002 3662 1079 ἀπέραντος,

2020 1088 2110 1143 καὶ
2167 1089 2375 1165 ἀνάγκη
2434 1095 2596 1160 πᾶσα,
2657 1090 2840 1166 ἐτέρου
2902 1092 2976 1164 μὴ
3040 1088 3337 1164 δυναμένου
3413 1090 3666 1154 ὡσαύτως

2020 1176 2244 1254 ἀπείρου
2296 1178 2453 1245 εἶναι,
2510 1180 2587 1253 μὴ
2638 1180 2771 1235 εἶναι
2819 1175 2955 1234 ἴδιον
3006 1179 3068 1234 τὸ
3116 1179 3397 1244 καλεῖσθαι
3443 1179 3675 1256 ἀπέραν-

2017 1287 2111 1322 τον
2158 1269 2225 1340 ⁸³,
2277 1266 2349 1341 (εἷ’
2397 1264 2454 1323 δέ
2498 1289 2582 1330 τις
2632 1266 2782 1344 λέγει
2808 1265 3025 1322 δυνατὸν
3081 1269 3218 1323 εἷναί
3249 1266 3544 1343 ψεύδεταιο
3580 1267 3679 1323 δύο

2016 1357 2118 1433 γὰρ
2166 1356 2501 1433 πανταχόθεν
2559 1354 2753 1431 ἄπειρα
2812 1357 3176 1433 συνυπάρχειν
3247 1357 3311 1413 ού
3378 1354 3627 1413 δύνανται
3662 1376 3677 1392 '

2017 1449 2335 1521 περαιοῦται
2385 1444 2486 1522 γὰρ
2531 1446 2594 1500 τὸ
2642 1445 2825 1523 ἓτερον
2890 1446 2993 1502 ὑπὸ
3037 1450 3134 1500 τοῦ
3164 1445 3391 1521 ξτέρου),
3422 1445 3599 1509 οὕτως
3627 1448 3676 1485 ⁸³

2018 1533 2175 1612 φύσις
2201 1533 2363 1604 ἐστὶν,
2408 1530 2461 1590 ἕν
2517 1534 2649 1590 εἶναι
2699 1535 2760 1591 τὸ
2793 1533 3131 1611 Ἀγέννητον.
3154 1535 3217 1590 Εἰ
3250 1533 3307 1590 δὲ
3338 1535 3387 1590 έν
3421 1534 3674 1610 σχήματί

2019 1622 2177 1690 ἐστιν,
2210 1623 2300 1678 καὶ
2333 1622 2507 1686 οὕτως
2539 1620 2594 1679 ἓν
2626 1623 2735 1679 ἐστι
2783 1625 2846 1680 τὸ
2876 1627 2922 1662 ⁶⁴
2968 1623 3315 1699 ἀσύγκριτον.
3364 1624 3461 1679 Διᾶ
3506 1628 3673 1680 τοῦτο

266 1723 400 1763 mus
429 1714 687 1775 vocatur,
722 1709 1154 1781 quia,omnium
1186 1727 1525 1784 supremus,
1558 1716 1768 1768 cuncta
1795 1711 1907 1767 sibi

2088 1712 2106 1766 ὶ
2152 1683 2176 1733 εἰ
2495 1683 2503 1686 ⁷
2777 1712 2785 1731 Ι
2947 1712 2957 1731 ν
3084 1683 3095 1699 ⁸
3145 1683 3154 1697 Ι
3246 1715 3257 1733 1
3479 1712 3502 1733 ἢ
3649 1714 3665 1731 \

2023 1733 2085 1767 κα
2179 1715 2408 1787 Υψιστος
2458 1711 2706 1787 λέμεται,
2755 1714 2839 1768 61:
2888 1734 3102 1770 παντων
3160 1714 3423 1791 ἀνωτερος
3471 1733 3547 1768 ων
3604 1734 3675 1768 τα

265 1796 531 1868 subjecta
560 1798 758 1853 habet.

336 1886 533 1943 XVIII.
566 1888 636 1942 Et
664 1887 865 1944 Simon
900 1905 913 1944 :
948 1888 1101 1944 Num
1134 1905 1345 1945 nomen
1395 1888 1557 1945 illius
1614 1888 1907 1946 ineffabile

264 1980 375 2045 est,
406 1978 567 2033 Deus.
600 1978 755 2048 quod
784 1994 988 2033 omnes
1020 1978 1334 2051 appellant:
1369 1978 1649 2050 quoniam
1678 1980 1820 2035 adeo
1852 1982 1908 2035 et

153 2108 156 2113 .
263 2066 333 2122 de
364 2066 599 2122 nomine
630 2066 933 2123 contendis
962 2083 1035 2122 ne
1064 2067 1162 2122 alii
1202 2068 1375 2123 detur
1397 2071 1422 2122 Ρ
1454 2067 1775 2140 Respondit
1802 2068 1907 2123 Pe-

261 2157 389 2210 trus
422 2171 435 2211 :
473 2154 752 2220 Scio,hoc
783 2171 898 2210 non
930 2170 1059 2212 esse
1091 2155 1177 2211 illi
1208 2172 1422 2212 nomen
1457 2155 1769 2225 ineffabile,
1803 2156 1901 2212 sed

264 2258 474 2299 nomen
507 2243 661 2315 quod
691 2260 760 2299 ex
789 2250 1068 2300 convento
1113 2244 1420 2300 hominum
1479 2243 1717 2311 dicitur,
1750 2247 1907 2317 quod

263 2330 314 2387 si
344 2330 509 2387 alteri
538 2332 789 2399 dederis,
845 2334 1021 2389 etiam
1080 2332 1225 2388 illud
1285 2333 1439 2405 quod
1501 2350 1617 2389 non
1671 2333 1910 2389 effertur

262 2420 456 2494 possis
487 2421 652 2477 alteri
684 2422 961 2489 tribuere,
994 2425 1051 2478 et
1082 2422 1139 2477 id
1171 2422 1411 2494 quidem
1443 2421 1667 2479 ratione
1698 2423 1903 2479 volun-

261 2510 421 2566 tatis.
458 2511 701 2577 Nomen,
742 2512 897 2584 quod
946 2510 1179 2579 dicitur,
1234 2512 1454 2567 indicto
1504 2513 1904 2584 praegreditur.

263 2598 381 2655 Hoc
411 2600 583 2655 modo
614 2600 969 2657 contumelia
983 2606 1040 2657 et
1062 2600 1120 2655 in
1144 2600 1289 2656 illud
1311 2600 1467 2672 quod
1493 2601 1756 2656 nondum
1781 2619 1909 2674 pro-

264 2687 450 2744 latum
483 2693 572 2745 est
602 2690 915 2757 redundat,
946 2690 1443 2763 quemadmodum
1475 2690 1663 2747 honor
1691 2691 1907 2764 cogniti

264 2776 323 2833 in
357 2778 549 2834 adhuc
579 2778 947 2852 incognitum
980 2780 1248 2835 refertur.

332 2868 482 2923 XIX.
516 2869 585 2923 Et
614 2867 817 2923 Simon
850 2867 996 2924 dixit
1027 2886 1040 2925 :
1075 2868 1235 2925 Scire
1264 2868 1459 2940 velim,
1481 2869 1744 2937 Petre,an
1775 2886 1907 2926 vere

263 2957 467 3013 credas
496 2956 753 3012 hominis
784 2958 1031 3013 formam
1062 2958 1134 3013 ad
1167 2958 1416 3015 formam
1464 2958 1565 3015 Dei
1618 2975 1745 3015 esse
1775 2959 1905 3015 efﬁ-

2018 1800 2188 1857 πάντα
2217 1801 2365 1873 αὐτῷ
2396 1801 2725 1875 ὑποκείμενα
2745 1798 2882 1879 ἔχει.

2085 1892 2279 1949 XVIII.
2334 1890 2431 1946 Καὶ
2484 1892 2512 1946 6
2560 1892 2790 1964 Σίμων’
2841 1893 2928 1961 Μὴ
2979 1892 3081 1968 γὰρ
3134 1890 3295 1947 τοῦτό
3340 1891 3480 1946 ἐστιν
3514 1891 3678 1946 αῦτνῦ

2020 1978 2331 2056 ἀπόῤῥητον
2401 1975 2596 2054 ὄνομα,
2663 1981 2726 2036 τὸ
2773 1981 2923 2053 Θεὸς,
2975 1979 3108 2056 ὅπερ
3157 1981 3351 2043 πάντες
3402 1978 3672 2056 λέγουσιν,

2018 2068 2100 2125 ὅτι
2149 2073 2410 2125 τοσοῦτον
2460 2068 2550 2125 καὶ
2608 2069 2732 2145 περὶ
2785 2069 3051 2143 ὀνόματος
3100 2066 3434 2145 διισχυρίζῃ,
3465 2066 3559 2124 ’ίνα
3593 2070 3671 2141 μὴ

2017 2155 2177 2231 ἀλλῳ
2230 2155 2360 2232 δοθῇ
2387 2177 2400 2228 ;
2451 2157 2550 2213 Καὶ
2582 2159 2609 2213 ὁ
2640 2157 2841 2233 Πέτρος
2875 2157 2975 2237 ἔφη
3001 2178 3015 2192 ⁸
3048 2157 3375 2232 Ἐπίσταμαι
3397 2157 3481 2213 6'1:
3508 2161 3672 2213 τοῦτο

2017 2246 2117 2303 οὐκ
2147 2244 2288 2303 ἔστιν
2322 2247 2469 2319 αὐτῷ
2498 2248 2560 2303 τὸ
2591 2250 2636 2286 ⁸⁸
2660 2246 2972 2324 ἀπόῤῥητον
3001 2242 3176 2321 ὄνομα
3206 2250 3360 2322 (50⁶),
3418 2244 3567 2302 ἀλλά
3611 2246 3675 2302 16

2014 2336 2151 2392 κατά
2197 2338 2470 2408 συνθήκην
2518 2336 2818 2411 ἀνθρώπων
2871 2334 3190 2413 λεγόμενον,
3239 2331 3372 2413 ὅπερ
3423 2336 3470 2391 εἷ
3511 2336 3675 2409 ἑτέρῳ

2018 2422 2231 2495 δώσεις,
2280 2427 2371 2481 καὶ
2415 2426 2479 2480 τὸ
2533 2428 2608 2499 μή
2661 2424 2959 2502 λεγόμενον
2986 2425 3154 2502 έτέρῳ
3210 2426 3530 2502 προσάψεις,
3587 2423 3677 2479 καὶ

2014 2517 2060 2552 ⁶⁶
2086 2519 2167 2586 τῷ
2195 2520 2293 2585 τῆς
2322 2516 2688 2591 προαιρέσεως
2722 2514 2899 2590 λόγῳ.
2933 2514 3011 2572 Τὸ
3044 2514 3338 2590 λεγόμενον
3372 2510 3549 2588 ὄνομα
3575 2517 3674 2568 τοῦ

2022 2604 2097 2678 μὴ
2131 2600 2430 2679 λεγομένου
2459 2600 2694 2679 πρόοδός
2729 2603 2892 2658 ἐστιν.
2926 2603 3114 2677 Τούτῳ
3144 2608 3222 2675 τῷ
3263 2601 3412 2679 λόγῳ
3442 2606 3476 2674 ἡ
3510 2597 3669 2679 ὕϐρις

2015 2692 2106 2747 καὶ
2138 2691 2215 2754 εἷς
2241 2692 2305 2747 τὸ
2339 2693 2508 2765 μήπω
2541 2691 2701 2769 ῥηθὲν
2736 2689 3035 2767 λογίζεται,
3096 2693 3141 2764 ᾧ
3174 2690 3327 2765 λόγῳ
3353 2694 3388 2761 ἡ
3437 2691 3572 2766 πρὸς
3600 2691 3665 2745 16

2017 2780 2358 2858 ἐγνωσμένον
2392 2781 2530 2856 τιμὴ
2565 2780 2639 2843 εἷς
2666 2781 2729 2837 τὸ
2763 2783 2935 2854 μήπω
2967 2779 3300 2857 ἐγνωσμένον
3324 2780 3667 2859 ἀναφέρεται.

2088 2876 2230 2927 XIX.
2264 2869 2365 2927 Καὶ
2416 2871 2445 2925 6
2497 2869 2683 2943 Σίμων
2736 2866 2877 2947 ἔφη·
2934 2869 3164 2927 Ἤθελον
3205 2867 3423 2940 εἰδέναι,
3482 2869 3674 2944 Πέτρε,

2017 2956 2329 3031 εἴάΛηθῶς
2387 2957 2680 3029 πιστεύεις,
2712 2962 2868 3017 380
2925 2957 3011 3015 6'1:
3059 2961 3094 3029 ἡ
3142 2958 3436 3035 ἀνθρώπου
3488 2958 3673 3036 μορφή

265 3048 438 3101 ctam.
466 3046 535 3101 Et
566 3046 768 3102 Petrus
800 3062 813 3102 :
846 3046 1009 3115 Vere,
1035 3064 1066 3104 0
1092 3047 1314 3114 Simon,
1344 3047 1427 3104 ita
1464 3048 1679 3105 habere
1738 3048 1908 3120 plane

2023 3048 2155 3125 πρὸς
2196 3049 2295 3118 τὴν
2344 3047 2549 3103 ἐκείνου
2605 3049 2818 3127 μορφὴν
2880 3044 3294 3103 διατετύπωται.
3350 3047 3448 3101 Καὶ
3500 3046 3529 3100 ὁ
3578 3045 3677 3101 Πέ-

264 3134 410 3191 mihi
440 3139 547 3191 est.
582 3141 663 3190 Ac
687 3136 881 3191 Simon
918 3153 931 3190 :
958 3137 1257 3201 Quomodo
1280 3141 1473 3210 potest
1503 3154 1662 3193 mors
1692 3154 1905 3210 corpus

262 3223 504 3292 solvere,
538 3226 791 3281 maximo
822 3225 1013 3298 sigillo
1067 3226 1501 3282 conformatum
1538 3227 1736 3283 PTum
1798 3228 1906 3284 Pe-

264 3317 394 3370 trus
425 3328 439 3367 :
474 3314 569 3370 Dei
592 3314 741 3385 justi
773 3319 864 3371 est
895 3315 1252 3371 forma.Cum
1280 3331 1415 3388 ergo
1438 3317 1677 3389 cmperit
1706 3316 1906 3388 inique

266 3418 454 3474 agere,
488 3403 665 3459 insita
694 3403 915 3475 species
949 3403 1120 3477 fugit,
1155 3403 1353 3475 sicque
1396 3421 1607 3477 corpus
1637 3405 1906 3462 dissolvi-

264 3495 381 3560 tur,
414 3496 482 3547 ut
510 3492 699 3547 forma
729 3509 842 3547 non
872 3491 1130 3564 amplius
1161 3499 1457 3564 appareat,
1511 3509 1583 3549 ne
1626 3493 1777 3565 justi
1806 3494 1908 3549 Dei

264 3579 453 3636 forma
484 3580 556 3636 ab
584 3581 805 3652 injusto
835 3596 1074 3652 corpore
1104 3580 1411 3636 habeatur.
1459 3582 1636 3653 Atqui
1693 3581 1908 3639 solutio

266 3686 383 3726 non
414 3669 478 3725 fit
506 3670 661 3726 circa
688 3669 973 3742 sigillum,
1007 3671 1109 3725 sed
1143 3669 1294 3726 circa
1323 3669 1641 3741 sigillatum
1672 3687 1905 3744 corpus.

264 3758 441 3815 Porro
472 3758 690 3830 absque
718 3775 806 3827 eo,
838 3759 939 3830 qui
970 3759 1242 3833 signavit,
1292 3759 1586 3831 signatum
1639 3777 1755 3816 non
1785 3760 1907 3817 sol-

265 3847 441 3904 vitur.
472 3848 564 3903 Sic
592 3848 1050 3920 citrajudicium
1085 3865 1275 3921 neque
1318 3848 1466 3904 mori
1512 3848 1667 3905 licet.
1700 3850 1772 3906 Et
1818 3850 1903 3906 Si-

270 3953 405 3993 mon
439 3954 452 3993 :
486 3939 619 4001 Quae
641 3954 777 4009 ergo
809 3937 920 3993 fuit
950 3938 1254 4008 necssitas,
1273 3937 1369 3994 Dei
1402 3938 1651 3993 formam
1680 3937 1906 3996 homini

267 4031 325 4083 et
350 4031 505 4082 terra
534 4027 780 4082 excitato
810 4027 1039 4083 tradere
1066 4026 1094 4081 ?
1121 4029 1201 4083 Ac
1243 4031 1449 4083 Petrus
1482 4044 1496 4084 :
1531 4027 1774 4083 Factum
1826 4033 1915 4085 est

270 4119 506 4188 propter
525 4114 952 4171 humanitatem
977 4115 1078 4171 Dei
1110 4115 1408 4173 creatoris.
1426 4115 1912 4190 Quandoquidem

271 4204 497 4260 ratione
526 4202 873 4260 substantiae
903 4208 1116 4261 cuncta
1144 4204 1552 4277 prastantiora
1608 4210 1748 4263 sunt
1801 4206 1912 4263 hu-

272 4309 449 4349 mana
479 4309 673 4363 carne,
704 4292 885 4349 aether
912 4292 1177 4364 inquam,
1207 4292 1316 4361 sol,
1349 4293 1508 4364 luna,
1543 4294 1757 4364 sidera,
1792 4312 1910 4365 aer,

2011 3158 2141 3215 τρος
2168 3156 2181 3171 ·
2216 3136 2496 3209 Ἀληθῶς,
2527 3137 2574 3191 ὦ
2599 3135 2813 3211 Τίμων,
2849 3135 3023 3199 οὕτως
3054 3132 3201 3212 ἔχειν
3241 3134 3676 3213 πεπληροφόρη-

2018 3248 2135 3299 μαι.
2189 3225 2286 3284 Καὶ
2348 3226 2375 3281 6
2445 3225 2654 3300 Σίμων’
2718 3230 2843 3288 Πῶς
2895 3226 3119 3290 θάνατος
3178 3225 3240 3281 τὸ
3298 3229 3458 3298 σῶμα
3526 3224 3675 3281 λύειν

2015 3313 2256 3391 δύναται,
2324 3313 2578 3395 σφραγῖδι
2649 3314 2873 3393 μεγίστῃ
2929 3312 3434 3388 διατετυπωμένονς
3496 3313 3595 3368 Καὶ
3646 3314 3675 3369 6

2015 3406 2258 3482 Πέτρος·
2311 3409 2446 3461 Θεοῦ
2496 3402 2710 3461 δικαίου
2761 3403 2871 3460 ἐστὶ
2926 3406 3133 3483 μορφή.
3180 3404 3342 3459 Ἐπὰν
3390 3403 3483 3459 οῦν
3549 3400 3674 3458 ἀδι-

2013 3498 2126 3550 κεῖν
2177 3493 2424 3571 ἄρξηται,
2476 3495 2511 3565 ἡ
2546 3492 2599 3550 έν
2651 3491 2798 3567 αύτῷ
2848 3490 2963 3549 ἰδέα
2989 3496 3034 3531 ⁸⁷
3081 3491 3285 3571 φεύγει,
3312 3492 3404 3547 καὶ
3436 3490 3579 3547 οὕτω
3606 3492 3671 3546 τὸ

2019 3587 2181 3657 σῶμα
2210 3582 2419 3657 λύεται,
2448 3583 2535 3638 ’ἱνα
2564 3585 2598 3653 ἠ
2636 3584 2818 3661 μορφή
2855 3583 3060 3660 ἀφανὴς
3089 3582 3331 3659 γένηται,
3385 3582 3537 3644 ’ὁπως
3590 3582 3668 3654 μή

2020 3670 2231 3727 δικαίου
2283 3672 2498 3750 μορφὴν
2552 3676 2686 3728 Θεοῦ
2715 3673 2761 3708 ⁸⁸
2806 3668 2991 3726 ἄδικον
3045 3669 3147 3745 ἔχῃ
3174 3675 3353 3743 σῶμα.
3385 3671 3451 3726 Ἠ
3485 3671 3671 3744 μέντοι

2023 3758 2178 3823 λύσις
2221 3760 2286 3815 οὐ
2332 3760 2457 3837 περὶ
2501 3761 2601 3830 τήν
2648 3756 2916 3838 σφραγῖδα
2976 3757 3199 3833 γίνεται,
3256 3758 3403 3816 ἀλλὰ
3445 3760 3569 3833 περὶ
3607 3757 3675 3813 16

2027 3849 2350 3928 σφαργισθὶν
2421 3852 2599 3923 σῶμα.
2674 3850 2835 3906 Ἀνευ
2891 3845 2949 3903 δὲ
3010 3851 3109 3903 τοῦ
3164 3846 3553 3925 σφραγίσαντος
3610 3848 3675 3901 τὸ

2025 3939 2343 4016 σφραγισθὶν
2391 3937 2453 3994 ού
2505 3937 2711 3995 λύεται.
2761 3936 2946 3999 Οὕτως
2997 3935 3115 3993 ἄνευ
3161 3935 3386 4013 κρίσεως
3434 3933 3561 3991 οὐδὲ
3608 3936 3675 3990 16

2022 4027 2309 4092 ἀποθανεῖν
2355 4020 2574 4098 ἔξεστιν.
2625 4024 2723 4082 Καὶ
2774 4026 2802 4081 6
2857 4025 3078 4099 Σίμων·
3137 4024 3226 4087 Τίς
3302 4024 3393 4080 οῦν
3460 4024 3672 4099 ἀνάγκη

2020 4116 2111 4186 ἦν,
2167 4117 2268 4186 τὴν
2327 4114 2578 4171 τοιούτου
2642 4116 2858 4194 μορφὴν
2912 4118 2993 4187 τῷ
3049 4112 3156 4169 ἀπὸ
3227 4115 3327 4190 γῆς
3403 4111 3674 4189 ἐγερθέντι

2021 4202 2202 4260 δοῦναι
2259 4203 2568 4281 ἀνθρώπῳ;
2634 4204 2733 4259 Καὶ
2793 4205 2822 4259 6
2874 4201 3119 4278 Πέτρος·
3180 4203 3277 4257 Διά
3330 4202 3430 4271 τήν
3488 4206 3586 4257 τοῦ
3630 4205 3678 4240 ⁸⁸

2020 4293 2388 4365 πεποιηκότος
2445 4297 2579 4350 Θεοῦ
2635 4290 3039 4371 φιλανθρωπίαν
3096 4291 3351 4368 γέγονεν’
3406 4290 3526 4347 ἐπεὶ
3567 4291 3676 4369 γὰρ

272 4398 445 4454 aqua,
477 4380 650 4454 ignis,
686 4399 802 4438 uno
831 4383 1006 4439 verbo
1038 4386 1244 4439 cratera
1274 4383 1492 4451 omnia,
1526 4400 1652 4456 quas
1697 4386 1769 4440 ad
1803 4384 1908 4440 mi-

2023 4386 2100 4455 τῷ
2128 4384 2245 4438 κατ’
2289 4382 2472 4438 ούσίαν
2506 4381 2658 4459 λόγῳ
2691 4380 2865 4437 πάντα
2920 4380 3202 4456 κρείττονα
3255 4378 3518 4455 τυγχάνει
3570 4387 3675 4451 τῆς

272 4470 581 4527 nisterium
614 4470 873 4527 hominis
906 4472 1075 4539 facta,
1108 4471 1242 4528 licet
1282 4472 1618 4529 substantia
1666 4473 1914 4545 potiora,

2025 4472 2309 4548 ἀνθρώπου
2362 4473 2578 4549 σαρκὸς,
2631 4470 2779 4545 λέγω
2828 4467 2895 4540 δὴ
2921 4472 2965 4507 ⁷ο
3009 4470 3098 4525 τὸν
3131 4468 3335 4544 αἰθέρα,
3364 4470 3456 4525 τὸν
3489 4468 3674 4541 ἥλιον,

271 4564 469 4617 tamen
492 4560 762 4617 lubenter
789 4561 1085 4618 sustinent
1106 4561 1157 4617 ei
1176 4561 1276 4634 qui
1305 4561 1641 4618 substantia
1665 4561 1908 4619 deterior

2023 4562 2122 4631 τὴν
2164 4558 2421 4635 σελήνην,
2467 4560 2597 4624 τοὺς
2658 4561 2907 4635 ἀστέρας,
2956 4558 3047 4614 τὸν
3098 4558 3247 4635 ἀέρα,
3295 4559 3359 4614 τὸ
3408 4556 3579 4634 ὕδωρ,
3608 4557 3675 4612 16

1617 4670 1859 4726 VARLE
1908 4670 2209 4728 LECTION
2215 4671 2319 4727 ES.

338 4756 887 4833 “.γε)ινηθησομένων
932 4758 993 4833 Cn.
1044 4753 1279 4833 _53_eaol
1330 4757 1465 4833 nd_d.
1513 4774 1561 4814 0.
1585 4758 1669 4833 _0.
1709 4759 1875 4833 ‘Tum
1919 4778 2014 4833 μοι
2034 4759 2121 4833 _S,
2172 4758 2239 4830 0,
2296 4779 2404 4833 μου
2434 4761 2515 4833 _C_._
2577 4757 2624 4796 ⁵ο
2674 4753 2756 4833 ἔτι
2782 4773 2910 4833 om._
2934 4755 3000 4833 Ο,
3028 4753 3090 4809 τό
3121 4771 3180 4829 p.
3207 4757 3285 4833 τῷ
3314 4754 3427 4833 legi
3457 4753 3582 4833 _v_u_lt
3609 4755 3673 4813 S.

266 4829 312 4866 ⁸1
341 4825 661 4912 τιὸ-’ἴδιον
713 4825 786 4912 ’1³
811 4834 900 4912 ξΩς
931 4826 1091 4912 αὐτὰς
1122 4827 1330 4912 ἀπείρῳ
1361 4827 1516 4901 εἶναι,
1545 4829 1609 4884 τὸ
1635 4825 1930 4912 ’καλεῖσθαί
1943 4825 2246 4912 ἀπέραντος
2358 4828 2760 4912 Schliemgnni
2782 4825 3180 4912 conjecturam
3204 4825 3429 4912 ἀπείρὸυ
3445 4826 3674 4912 (ιςίεζηκ

266 4917 325 4975 p.
360 4901 484 4970 144,
515 4902 641 4975 569)
671 4919 705 4957 a
735 4902 1112 4975 Schweglero
1142 4894 1826 4975 vilipensam'conijrmat
1854 4902 1984 4975 cod.
2017 4894 2082 4959 0.
2158 4902 2205 4938 ⁸³
2237 4899 2410 4975 οὕτως
2428 4910 2485 4973 δ,
2524 4904 2589 4972 O,
2616 4894 2793 4975 ὅντως
2811 4894 2908 4955 (3.⁷
2944 4899 2994 4935 ⁸³
3019 4896 3110 4975 καί
3139 4900 3290 4975 cqnj.
3446 4894 3595 4975 316
3627 4897 3674 4975 ς)

267 4965 326 5030 δι
355 4965 702 5053 βξόριῄθὸιλ
728 4976 788 5040 C,
820 4974 881 5029 in
910 4965 1027 5053 Qui.
1058 4977 1218 5053 textu
1245 4965 1308 5026 τε
1327 4974 1375 5053 .S
1402 4992 1479 5053 τι.
1540 4975 1599 5053 3‘
1613 4972 1779 5053 “Dedi
1808 4971 2139 5053 1rpo_aa'¢a:_c,_
2158 4972 2252 5053 καί
2278 4990 2328 5029 c.
2360 4974 2427 5044 Ο,
2458 4965 2737 5053 προσάψας
2766 4973 2828 5043 C,
2859 4969 3157 5053 ⁴ιξροσσζιγιεις
3180 4965 3264 5026 ΠῘ
3322 4969 3369 5006 ⁸⁸
3416 4965 3587 5053 εἰδέα.
3610 4973 3672 5041 C,

269 5043 370 5126 qui
404 5040 836 5131 deinde‘oiitwc.
913 5045 958 5082 ⁸⁸
981 5040 1122 5099 Θεοῦ
1198 5044 1371 5131 ορῗήν
1402 5049 1462 5100 C.
1537 5045 1583 5081 ⁸⁸
1612 5044 1719 5101 Pro
1750 5040 2184 5132 8:6'1ﬁvjoﬁ'in
2217 5046 2261 5105 Ο
2291 5040 2609 5102 occurrunt
2638 5040 2761 5100 haec
2789 5040 2965 5126 ferba
2994 5040 3107 5131 alia
3136 5058 3315 5098 manu
3345 5045 3672 5149 expuncta:

269 5133 427 5185 Ιςουτο
458 5110 548 5169 δια
574 5133 673 5184 την
702 5114 953 5170 τοιούτου
988 5064 1202 5185 μορφή-,ν
1228 5136 1307 5185 τῳ
1337 5114 1444 5171 ἀπὸ
1472 5120 1578 5185 γῆς
1608 5113 1872 5185 ἐγερθέντι
1905 5113 2089 5172 δουναι
2120 5116 2411 5185 ἀνθρώπῳ.
2444 5117 2596 5173 Tum
2628 5119 2911 5185 repetitur
2937 5133 3027 5168 και
3057 5113 3086 5167 6
3116 5111 3341 5185 Πέτρος.
3440 5114 3462 5150 ⁰
3512 5108 3579 5183 δή
3612 5112 3672 5169 S.

264 5110 427 5194 έοῦτο
455 5110 548 5194 διὰ
574 5114 673 5184 τήν
702 5114 953 5170 τοιούτου
988 5134 1133 5194 μορφ

270 5182 328 5241 δὲ
356 5188 418 5258 0,
449 5186 516 5243 o-

1176 5136 1202 5170 ν
1228 5111 1307 5189 τῷ
1328 5111 1444 5171 ’ἀπὸ
1472 5120 1578 5191 γῆς
1608 5113 1872 5191 ἐγερθέντι
1905 5111 2089 5172 δοῦναι
2120 5116 2411 5194 ἀνθρώπῳ.
2444 5117 2596 5173 Tum
2628 5116 2911 5189 repetitur
2937 5112 3027 5168 καὶ
3057 5113 3086 5167 6
3116 5111 3341 5188 Πέτρος.

3440 5114 3462 5150 ο
3512 5108 3579 5183 δή
3612 5112 3674 5169 s.

1653 5269 2027 5327 VARIORUM
2058 5270 2289 5327 NOTAE.

342 5365 483 5438 (50')
510 5362 852 5441 Ἀπόρῥητον
898 5358 1095 5441 ὄνομαἶ
1146 5366 1264 5441 H_oc
1320 5369 1677 5441 est_nomen
1716 5368 1917 5441 Tetra-

2028 5368 2367 5441 hujusmsdi
2398 5366 2749 5441 SS.nomi_ne
2777 5363 2999 5441 diffuse
3007 5361 3399 5441 disseruimus
3420 5361 3481 5418 in
3503 5377 3677 5434 opere

347 5433 665 5495 ammatonl
689 5433 912 5505 'Iehova,
945 5433 1100 5508 quod
1159 5437 1375 5494 Graecis
1427 5438 1702 5495 Patrtbus
1746 5440 1923 5495 etiam
2035 5433 2235 5497 nostro
2263 5442 2340 5496 De
2371 5439 2702 5495 l’harmom’e
2732 5440 2886 5493 entre
2916 5435 3137 5507 I'Eglise
3166 5442 3216 5491 et
3249 5433 3306 5490 la
3336 5433 3678 5506 Synagogne,

314 5510 488 5597 igitur
517 5507 784 5597 éipémov,
835 5507 1543 5597 appa‘io-cov‘.8.G,reg.‘l‘i’az.
1574 5510 1924 5597 vero'multo
2032 5517 2075 5568 t.
2110 5513 2181 5581 II,
2216 5528 2348 5585 pag.
2384 5512 2490 5567 318
2520 5514 2577 5568 et
2605 5524 2765 5582 seqq.
2800 5508 3019 5565 Diuma.

275 5581 527 5654 felicius,
553 5578 688 5641 ὀῦτε
711 5578 791 5655 νῷ
818 5578 1193 5653 καταληπτὸν,
1225 5578 1361 5635 οῦτέ
1388 5578 1538 5655 λόγῳ
1597 5579 1786 5658 ῥητόν.
1844 5587 1925 5639 De
