4082 6208
270 320 363 381 381
1338 318 1872 382 CLEMENTINA.
1904 349 1983 364 -
2014 317 2352 384 HOMILIA
2393 320 2557 383 XVI.
3534 318 3653 379 382

264 453 377 524 τῶρ,
407 446 482 503 ἐνὶ
511 446 661 525 λόγῳ
708 446 797 503 καὶ
843 447 913 505 τὰ
941 445 1111 505 λοιπᾶ
1152 446 1349 520 πάντα,
1383 448 1415 505 ἃ
1444 469 1562 505 τινα
1594 448 1667 511 εἷς
1700 448 1896 524 ὑπηρε-

2021 454 2102 507 est
2130 450 2363 522 servire,
2414 456 2650 526 propter
2673 451 2946 509 Numinis
2994 451 3264 508 formam.
3304 450 3452 507 Nam
3501 448 3657 506 sicut

260 537 363 592 σίαν
424 536 708 613 ἀνθρώπου
754 536 1021 613 γενόμενα
1068 538 1155 592 καὶ
1205 538 1320 593 κατ’
1381 536 1561 592 οὐσίαν
1618 536 1895 612 κρείττονα

2021 540 2106 613 iui
2136 540 2353 597 luteam
2374 542 2740 614 imperatoris
2771 546 3027 598 statuam
3058 539 3654 608 honorant,honorem

258 622 376 681 ὄντα
404 624 578 696 ἡδέως
612 625 865 699 ὑπομένει
899 624 1175 683 δουλεύειν
1228 630 1308 699 τῷ
1372 627 1487 682 κατ’
1537 624 1720 680 οὐσίαν
1779 623 1895 702 χεί-

2021 628 2255 685 relatum
2288 630 2504 687 habent
2534 632 2591 686 in
2625 631 3056 703 imperatorem,
3086 632 3254 700 cujus
3285 630 3475 684 lutum
3507 629 3656 700 ﬁgu-

260 737 384 792 ρονι,
442 713 526 769 διὰ
570 717 671 784 τὴν
721 720 817 770 τοῦ
860 716 1172 789 Κρείττονος
1238 717 1473 793 μορφήν.
1533 716 1621 778 Ὡς
1670 716 1775 791 γὰρ
1842 715 1895 770 οἱ

2021 735 2129 775 ram
2164 724 2561 791 repraesentat,
2595 721 2678 776 sic
2710 720 2984 775 universa
3028 724 3297 775 creatura
3328 717 3551 773 homini
3582 718 3656 773 de

258 802 476 873 πήλινον
510 806 553 841 ⁷¹
616 801 903 879 ἀνδριάντα
959 802 1228 880 βασιλέως
1275 810 1541 878 τιμῶντες
1586 806 1685 874 τὴν
1726 805 1895 877 τιμήν

2021 823 2162 863 ;erra
2186 811 2310 863 orto
2341 807 2474 863 laeta
2504 809 2843 875 inservit,ad
2876 808 3273 863 Deihonorem
3306 807 3650 879 respiciens.

263 893 649 970 ἀναφερομένην
693 892 910 969 ἔχουσιν
944 894 1021 956 εἷς
1051 894 1271 967 ἐκεῖνον,
1300 894 1466 970 οὗπερ
1514 895 1543 948 6
1572 892 1753 965 πηλὸς
1800 894 1899 963 τὴν
1954 896 2169 972 μορφὴν
2218 895 2477 971 τυγχάνει
2529 892 2696 971 ἔχων,
2728 894 2871 950 οὕτω
2902 898 2946 931 ⁷³
2992 894 3081 950 καὶ
3112 898 3147 965 ἡ
3188 899 3330 949 πᾶσα
3371 893 3542 954 κτίσις
3571 896 3651 964 τῷ

264 983 356 1037 ἀπὸ
376 990 478 1057 γῆς
503 983 778 1057 γενομένῳ
806 983 1080 1059 ἀνθρώπῳ
1110 984 1376 1060 χαίρουσα
1408 981 1676 1054 δουλεύει,
1708 982 1784 1045 εἰς
1810 984 1909 1053 τὴν
1943 982 2144 1038 ἐκείνου
2175 984 2431 1063 ἀφορῶσα
2460 987 2650 1058 τιμήν.

324 1075 463 1129 831
503 1077 614 1128 ΧΧ.
675 1070 776 1127 ’ἰδὲ
831 1075 895 1142 ⁷³,
957 1070 1058 1147 οτίῳ
1116 1078 1251 1146 Θεῷ,
1328 1072 1514 1146 Σίμων
1591 1072 1905 1150 ἀχαριστεῖν

2086 1074 2199 1131 ΧΧ.
2234 1076 2398 1145 Vide,
2446 1077 2674 1144 Simon,
2726 1074 2886 1147 quali
2936 1080 3048 1131 Deo
3092 1077 3158 1130 ut
3206 1073 3394 1129 simus
3441 1072 3658 1145 ingrati

259 1163 393 1233 ἡμᾶς
436 1166 622 1215 πεῖσαι
669 1160 846 1224 Θέλεις
875 1183 886 1197 ’
936 1163 1025 1217 καὶ
1080 1164 1329 1238 βαστάζει
1383 1184 1439 1217 σε
1470 1164 1504 1233 ἡ
1536 1168 1630 1238 γῆ,
1681 1160 1811 1224 ἷ¹σως
1847 1158 1905 1216 δὲ

2021 1165 2364 1235 persuadere
2398 1166 2566 1238 cupis
2597 1182 2609 1220 :
2644 1169 2700 1221 et
2729 1170 2883 1221 terra
2911 1167 3107 1238 portat
3134 1162 3483 1229 te,fortassis
3513 1162 3662 1219 scire

260 1249 379 1305 ἴδεῖν
410 1252 456 1285 ⁷⁸
502 1249 835 1325 βουλομένη,
886 1250 968 1313 τίς
1023 1273 1106 1306 σοι
1149 1252 1216 1307 τὰ
1247 1250 1413 1325 ὅμοια
1444 1255 1660 1327 φρονεῖν
1693 1248 1907 1324 τολμή-

2021 1252 2234 1325 volens,
2268 1254 2402 1326 quis
2451 1254 2669 1311 similia
2700 1272 2766 1311 ac
2796 1258 2858 1310 tu
2909 1254 3125 1311 sentire
3155 1252 3386 1308 audeat.
3432 1250 3664 1307 Primus

261 1359 333 1395 σοι
363 1342 424 1375 ⁷⁵·
462 1343 690 1415 Πρῶτος
720 1340 821 1415 γάρ
875 1339 1036 1401 αὐτὸς
1086 1337 1419 1413 ἐτόλμησας,
1461 1338 1491 1394 6'
1524 1337 1716 1413 μηδεὶς
1748 1338 1902 1395 ἐτόλ-

2021 1342 2169 1398 enim
2202 1360 2383 1400 ausus
2436 1360 2519 1414 es,
2553 1344 2707 1417 quod
2756 1342 2955 1399 nullus
2986 1343 3043 1397 in
3078 1341 3342 1398 animum
3383 1338 3612 1395 induxit
3645 1355 3659 1395 :

264 1445 460 1502 μησεν·
531 1433 746 1504 πρῶτος
822 1426 1086 1506 ἐφθέγξω,
1156 1427 1189 1483 ἃ
1264 1429 1497 1506 πρώτως
1570 1428 1901 1502 ἠκούσαμεν.

2021 1432 2243 1504 primus
2291 1431 2522 1488 locutus
2570 1449 2633 1489 es
2683 1444 2771 1501 ea,
2822 1448 2951 1503 quae
2998 1430 3254 1503 primum
3303 1427 3660 1485 audivimus.

263 1523 468 1591 Πρῶτοι
520 1516 609 1572 καὶ
642 1516 799 1590 μόνοι
841 1520 1005 1591 ἡμεῖς
1039 1517 1126 1572 ἐπὶ
1182 1521 1251 1591 τῇ
1279 1520 1324 1555 ⁷⁸
1377 1517 1601 1592 τοιαύτῃ
1642 1538 1738 1573 σου
1782 1519 1904 1573 ἀσε-

2021 1520 2194 1575 Primi
2229 1537 2295 1577 ac
2347 1522 2455 1577 soli
2488 1538 2595 1577 nos
2648 1537 2826 1593 super
2855 1524 3021 1576 tanta
3070 1523 3173 1575 tua
3219 1517 3519 1590 impietate
3551 1516 3663 1572 im-

261 1601 367 1679 6είᾳ
412 1608 519 1676 τὴν
583 1605 800 1682 ἄπειρον
860 1611 958 1661 τοῦ
1017 1610 1151 1662 Θεοῦ
1203 1607 1579 1683 μακροθυμίαν
1613 1608 1903 1683 ἱστορήσα-

262 1718 369 1768 μεν,
396 1696 491 1750 καὶ
526 1695 623 1751 οὐκ
654 1694 829 1751 ἄλλοι)
858 1697 1029 1765 τινὸς,
1062 1696 1096 1765 ἢ
1130 1700 1225 1750 τοῦ
1254 1696 1537 1759 κτίσαντος
1566 1696 1658 1752 τὸν
1679 1696 1902 1769 κόσμον,

260 1785 327 1847 εἷς
366 1785 422 1840 δν
490 1785 701 1840 ἄσελεῖν
759 1784 1091 1859 ἐτολμησας.
1163 1785 1261 1840 Καὶ
1320 1785 1577 1861 χάσματα
1632 1792 1738 1861 γῆς
1808 1785 1907 1840 οὐκ

261 1874 503 1951 ἐγενήθη,
577 1874 665 1929 καὶ
744 1878 849 1950 πῦρ
930 1874 1019 1928 ἀπ’
1094 1873 1324 1948 οὐρανοῦ
1400 1873 1463 1928 οὐ
1528 1874 1903 1953 κατεπέμφθη,

2016 1626 2281 1666 mensam
2315 1610 2416 1667 Dei
2447 1610 2788 1683 patientiam
2835 1609 3235 1682 cognovimus,
3270 1623 3375 1663 nec
3422 1605 3664 1661 alterius

2016 1699 2372 1771 cujuspiam,
2428 1716 2607 1771 quam
2641 1699 2803 1755 illius
2849 1698 2945 1769 qui
2997 1697 3284 1753 mundum
3333 1694 3571 1765 creavit,
3606 1693 3667 1748 in

2015 1804 2186 1859 quem
2205 1788 2540 1844 sustinuisti
2573 1805 2704 1844 esse
2734 1787 3049 1860 impius.Et
3069 1790 3234 1841 terra:
3258 1784 3458 1839 hiatus
3482 1783 3669 1839 factus

2016 1893 2133 1932 non
2164 1881 2270 1944 est,
2297 1882 2465 1948 atque
2495 1877 2648 1949 ignis
2677 1893 2707 1933 e
2740 1875 2883 1932 cmlo
2917 1892 3033 1932 non
3065 1878 3154 1931 cst
3182 1873 3440 1929 emissus
3471 1888 3576 1927 nec
3606 1871 3666 1926 in

260 1965 339 2017 καὶ
369 1964 450 2024 εἷς
494 1962 819 2039 ἐμπρησμὸν
863 1961 1073 2039 ἀνδρῶν
1124 1962 1225 2018 οὐκ
1281 1961 1591 2033 ἐπεξῆλθεν,
1633 1962 1723 2017 καὶ
1758 1934 1907 2026 ὑετὸς

2021 1965 2328 2021 hominum
2376 1965 2891 2037 conﬂagrationem
2923 1964 3080 2035 exiit,
3113 1968 3170 2019 et
3197 1962 3386 2018 imber
3434 1978 3549 2017 non
3579 1964 3669 2017 est

263 2052 350 2108 οὐκ
408 2052 680 2128 ἐπεσχέθη
714 2055 779 2124 ⁷⁷,
841 2052 929 2106 καὶ
990 2056 1170 2127 θηρῶν
1232 2048 1449 2121 πλῆθος
1505 2050 1611 2106 ἀπὸ
1687 2048 1910 2128 δρυμῶν

264 2142 352 2196 οὐκ
399 2140 797 2218 ἐπέμφθη,καὶ
849 2140 931 2196 ἐπ’
979 2140 1174 2203 αὐτοὺς
1229 2142 1378 2213 ἡμᾶς
1430 2137 1518 2195 διὰ
1576 2136 1670 2196 ἕνα
1735 2141 1910 2216 ἀμαρ-

262 2231 481 2284 τάνοντα
547 2229 623 2292 ὡς
697 2227 783 2284 ἐπὶ
850 2228 1105 2304 μοιχείας
1172 2234 1566 2302 πνευματικῆς,
1622 2236 1723 2298 τῆς
1771 2229 1908 2283 κατὰ

265 2320 423 2389 σάρκα
459 2318 713 2395 χείρονος
742 2320 785 2354 ⁷⁸
839 2316 1217 2394 ὑπαρχούσης,
1250 2319 1284 2387 ἡ
1319 2322 1453 2373 Θεοῦ
1492 2316 1631 2393 όργή
1662 2315 1913 2394 ὀλέθριος

264 2408 352 2461 ούκ
403 2406 632 2481 ἤρξατο.
684 2406 757 2462 Οὐ
807 2406 908 2483 γάρ
959 2406 1098 2461 ἐστιν
1153 2407 1181 2460 6
1211 2409 1259 2443 79
1302 2405 1426 2461 τότε
1494 2404 1795 2477 ἐπεξελθὼν
1847 2406 1916 2461 τὰ

264 2498 625 2573 ἁμαρτήματα
677 2495 909 2572 ούρανοῦ
955 2495 1045 2549 καὶ
1093 2502 1197 2571 γῆς
1258 2495 1477 2567 κτίστης
1540 2494 1706 2565 Θεός;
1764 2495 1914 2551 Ἐπεὶ

263 2587 342 2641 καὶ
400 2586 494 2640 νῦν
554 2586 619 2640 τὰ
689 2586 917 2660 μέγιστα
987 2582 1491 2663 βλασφημούμενος
1547 2584 1615 2639 τὰ
1689 2585 1917 2661 μέγιστα

268 2675 613 2751 ἐπεξήρχετο.
684 2672 854 2732 Ἀλλᾶ
916 2673 1223 2730 τούναντίον
1270 2679 1632 2749 μακροθυμεῖ,
1692 2674 1767 2737 εἷς
1821 2696 1916 2748 με-

268 2766 476 2819 τάνοιαν
532 2762 711 2831 καλεῖ,
770 2762 1130 2821 συντελοῦντα
1192 2762 1327 2840 βέλη
1387 2761 1525 2840 πρὸς
1608 2762 1913 2819 συντέλειαν

266 2858 366 2909 τῶν
422 2848 631 2909 ἀσεϐῶν
676 2852 726 2908 ἐν
774 2858 890 2915 τοῖς
939 2859 1237 2926 θησαυροῖς
1286 2851 1613 2927 ἀποκείμενα
1661 2851 1828 2929 ἔχων,
1884 2851 1918 2909 ἃ

270 2964 383 2997 τινα
465 2942 731 3020 ἐπαφήσει
788 2943 863 3005 ὡς
927 2948 1039 3013 ζῶα
1095 2941 1336 3019 ἔμψυχα.
1416 2942 1539 2999 ὅταν
1572 2946 1617 2980 ⁸ο
1692 2943 1919 3000 ἀνταπο-

272 3029 450 3088 δοῦναι
482 3032 655 3109 κρίσιν
684 3037 802 3095 τοῖς
831 3034 909 3107 (υ)
941 3031 1105 3087 αὐτοῦ
1130 3034 1495 3110 προκαθεσθῇ.
1529 3034 1623 3088 Διὸ
1664 3028 1919 3111 φοϐηθῶ-

270 3142 357 3193 μεν
407 3123 535 3177 Θεὸν
583 3119 816 3193 δίκαιον,
870 3119 936 3175 οὗ
992 3122 1093 3191 τήν
1150 3123 1365 3200 μορφὴν
1416 3124 1552 3199 πρὸς
1582 3124 1751 3195 τιμὴν
1780 3124 1843 3179 τὸ
1873 3125 1915 3163 ⁸¹

268 3210 550 3287 ἀνθρώπου
587 3212 835 3286 βαστάζει
870 3215 1049 3285 σῶμα.

2022 2071 2442 2127 suspensus,ac
2470 2053 2787 2110 multitudo
2820 2054 3077 2111 ferarum
3109 2070 3224 2108 non
3254 2055 3392 2108 este
3418 2050 3666 2107 saltibus

2024 2143 2311 2215 immissa,
2345 2148 2515 2215 atque
2545 2144 2604 2199 in
2644 2160 2750 2199 nos
2780 2143 2939 2215 ipsos
2971 2146 3205 2215 pr0pter
3242 2156 3429 2196 unum
3460 2154 3669 2211 pecca-

2024 2238 2230 2299 torem,
2263 2232 2334 2289 ob
2366 2231 2672 2305 spirituale
2702 2232 3082 2299 adulterium,
3113 2231 3265 2303 quod
3318 2229 3536 2285 carnali
3568 2245 3666 2301 pe-

2016 2323 2121 2394 jus
2153 2326 2261 2393 est,
2306 2339 2421 2378 non
2455 2338 2731 2379 conversa
2779 2325 2867 2378 est
2907 2319 3232 2393 perniciosa
3282 2317 3379 2375 Dei
3427 2318 3533 2374 ira.
3580 2320 3669 2373 An

2025 2412 2182 2468 enim
2213 2428 2328 2467 non
2369 2415 2477 2479 est,
2528 2412 2629 2483 qui
2672 2415 2813 2467 tunc
2860 2409 3194 2466 vindicabat
3240 2412 3494 2481 peccata,
3545 2406 3674 2463 cmli

2026 2518 2092 2557 ac
2122 2505 2287 2556 terra:
2313 2501 2584 2556 conditor
2612 2500 2769 2556 Deus
2787 2500 2815 2554 ?
2838 2499 3098 2571 alioquin
3131 2504 3188 2555 et
3218 2514 3375 2553 nunc
3401 2495 3673 2553 maximis

2025 2589 2317 2661 appetitus
2346 2588 2621 2644 conviciis
2654 2588 2909 2643 maxime
2942 2587 3337 2643 ulcisceretur.
3372 2586 3482 2642 Sed
3532 2602 3674 2641 con-

2025 2678 2370 2749 tra,patiens
2400 2679 2587 2745 est,ad
2622 2676 3022 2750 paenitentiam
3053 2680 3241 2745 vocat,
3273 2676 3373 2748 qui
3405 2691 3674 2731 consum-

2026 2767 2249 2822 mantia
2278 2766 2393 2822 tela
2422 2766 2826 2840 adimpiorum
2845 2765 3385 2822 exterminationem
3413 2763 3589 2819 habet
3612 2763 3671 2820 in

2025 2855 2321 2911 thesauris
2352 2855 3073 2928 reposita,qum,tanquam
3105 2852 3666 2919 viventiaanimalia,

2025 2948 2167 3001 tunc
2219 2945 2506 3015 demittet,
2549 2963 2683 3001 cum
2735 2944 3071 3019 praesederit
3113 2943 3185 3000 ad
3230 2941 3671 2998 retribuendum

2027 3034 2296 3091 hostibus
2326 3034 3069 3107 suisjudicium.Quocirca
3100 3032 3415 3089 timeamus
3438 3032 3673 3102 justum

2027 3124 2233 3196 Deum,
2268 3124 2439 3195 cujus
2474 3124 2721 3180 formam
2757 3123 2812 3178 in
2848 3122 3129 3180 honorem
3155 3119 3414 3177 hominis
3462 3136 3672 3192 corpus

2026 3214 2195 3287 gerit.

332 3303 481 3359 ³32
514 3301 657 3358 ΧΧῙ.
709 3304 886 3355 Γαῦτα
932 3304 1031 3355 τοῦ
1087 3300 1293 3377 Πέτρου
1353 3298 1599 3362 εἰπόντος
1637 3302 1666 3356 6
1720 3302 1909 3376 Σίμων

2094 3303 2234 3359 ΧΧΙ.
2295 3303 2432 3368 Quae
2490 3306 2804 3374 postquam
2854 3301 3058 3357 Petrus
3125 3299 3288 3370 dixit,
3370 3298 3671 3371 respondit

266 3388 617 3466 ἆπεκρίνατο’
689 3386 910 3460 Ἐπειδὴ
973 3390 1087 3465 ὁρῶ
1147 3410 1204 3444 σε
1278 3394 1461 3468 σοφῶς
1536 3389 1910 3464 αἷνισσόμενον

266 3475 338 3532 ὅτι
368 3479 435 3534 τὰ
484 3478 842 3555 γεγραμμένα
888 3478 1025 3534 κατὰ
1086 3482 1181 3533 τοῦ
1226 3483 1583 3555 Δημιουργοῦ
1633 3478 1686 3535 ἐν
1716 3484 1836 3543 ταῖς
1864 3482 1911 3518 ⁸³

270 3563 475 3642 βίϐλοις
525 3568 625 3624 ούκ
672 3566 852 3638 ἀληθῆ
905 3569 1185 3644 τυγχάνει,
1244 3565 1432 3640 αῦριον
1495 3568 1601 3623 ἀπὸ
1652 3572 1759 3624 τῶν
1810 3573 1911 3625 τοῦ

268 3653 584 3712 διδασκᾶλου
640 3679 736 3712 σου
803 3656 985 3733 λόγων
1021 3655 1178 3728 δείξω
1238 3658 1327 3712 τὸν
1360 3658 1405 3694 ⁸³
1454 3654 1793 3735 δημιουργὸν
1831 3659 1908 3733 μή

268 3745 524 3802 ἀνώτατον
557 3745 795 3823 λέγοντα
850 3766 983 3801 ειναι
1015 3748 1061 3784 ⁸⁸
1089 3745 1242 3805 Θεόν.
1283 3744 1381 3801 Καί
1429 3748 1457 3802 6
1508 3746 1694 3821 Σίμων
1745 3752 1913 3804 ταῦτα

270 3834 427 3889 εἰπὼν
458 3834 696 3907 ἐξῆλθεν.
728 3836 785 3891 Ὀ
818 3832 875 3890 δὲ
929 3834 1132 3911 Πέτρος
1173 3840 1295 3898 τοῖς
1328 3841 1663 3913 παρεστῶσιν
1712 3832 1910 3913 ὄχλοις

268 3918 362 4002 ἔφη
390 3943 404 3956 ’
452 3925 506 3979 Ὁ
556 3923 743 3997 Σίμων
786 3922 891 3978 πᾶν
929 3921 1097 3996 μηδὲν
1141 3921 1326 4001 ἕτερον
1372 3924 1493 4000 περί
1527 3929 1662 3981 Θεοῦ
1699 3924 1909 4002 βλάψαι

267 4014 407 4085 ἡμᾶς
437 4010 660 4088 δυνηθῇ,
695 4011 824 4068 ἀλλ’
853 4013 945 4067 οὖν
986 4034 1046 4089 γε
1076 4015 1121 4050 ⁸⁸
1172 4010 1456 4087 ἐμποδίζει
1511 4014 1637 4088 ὑμῖν
1686 4014 1906 4071 ἀκούειν

267 4102 386 4164 τοὺς
432 4104 527 4172 τὴν
578 4102 765 4178 ψυχὴν
809 4099 1137 4176 δυναμένους
1166 4102 1438 4179 καθαίρειν
1472 4100 1693 4179 λόγους.
1726 4106 1911 4161 Ταῦτα

267 4196 354 4245 τοῦ
402 4192 601 4268 Πέτρου
648 4191 897 4255 εἰπόντος
937 4194 981 4230 ⁸⁸
1037 4190 1213 4255 πολὺς
1295 4191 1629 4268 ψιθυρισμὸς
1696 4192 1909 4269 ἐγένετο

268 4285 364 4335 τῶν
420 4276 603 4358 ὄχλων
662 4280 935 4356 λεγόντων
966 4299 979 4313 ⁸
1034 4282 1126 4344 Τίς
1179 4279 1236 4337 δὲ
1305 4281 1505 4358 ἀνάγκη
1586 4280 1672 4353 ἐᾷν
1747 4282 1907 4339 αὐτὸν

272 4367 477 4425 inmitia
526 4370 757 4425 εἰσιόντα
814 4372 913 4433 τὰς
955 4371 1090 4425 κατὰ
1137 4375 1233 4425 τοῦ
1258 4375 1396 4426 Θεοῦ
1432 4370 1786 4448 βλασφημίας
1820 4372 1912 4427 λέ-

269 4478 389 4531 γειν.
453 4460 549 4514 Καὶ
610 4460 638 4514 ὁ
699 4459 904 4533 Πέτρος
961 4458 1194 4521 ἀκούσας
1251 4456 1390 4537 ἔφη·
1451 4460 1669 4515 Γένοιτο
1740 4462 1910 4537 μέχρι

282 4547 517 4620 Σίμωνος
568 4548 792 4624 ἀρκετὸν
836 4546 1072 4623 γενέσθαι
1121 4548 1212 4602 τὸν
1259 4548 1394 4603 κατὰ
1442 4552 1541 4603 τοῦ
1590 4553 1725 4605 Θεοῦ
1772 4551 1909 4627 πρὸς

273 4637 551 4743 πειρασμὸν
604 4635 899 4743 ἀνθρώποις⁵
946 4633 1132 4711 λόγον.
1185 4637 1440 4693 Ἔσονται
1472 4639 1515 4673 ⁸⁷
1579 4638 1705 4715 γὰρ,
1756 4637 1831 4701 ὡς
1881 4638 1988 4743 6D

274 4723 452 4799 Κύριος
511 4728 682 4798 εἴπεν,
765 4722 1233 4799 ψευδαπόστολοι,
1314 4722 1526 4800 ψευδεῖς
1604 4733 1905 4805 προφῆται,

274 4812 508 4890 αἱρέσεις,
554 4814 889 4893 φιλαρχίαι.
946 4812 1003 4870 α’ί
1056 4835 1220 4888 τινες,
1269 4814 1344 4878 ὡς
1385 4816 1750 4890 σνοχάζομαι,
1804 4815 1911 4871 ἀπὸ

2022 3392 2251 3448 Simon:
2286 3391 2769 3465 Quandoquidem
2797 3391 2963 3447 video
2994 3396 3050 3446 te
3080 3389 3288 3446 callide
3318 3388 3669 3461 significare,

2021 3497 2089 3538 ea
2118 3498 2245 3554 quaa
2275 3480 2335 3537 in
2367 3480 2535 3537 libris
2564 3482 2849 3537 adversus
2886 3480 3211 3536 Creatorem
3243 3478 3457 3550 scripta
3508 3481 3667 3545 sunt,

2021 3588 2135 3627 non
2168 3588 2296 3627 esse
2328 3587 2480 3639 vera,
2527 3570 2784 3626 crastino
2816 3570 2909 3625 die
2961 3586 3029 3625 ex
3056 3568 3314 3641 Magistri
3347 3568 3431 3622 tui
3477 3566 3669 3623 verbis

2021 3659 2424 3725 ostendam,ab
2454 3676 2520 3715 eo
2543 3659 2682 3725 dici,
2719 3664 3033 3715 creatorem
3055 3675 3167 3713 non
3186 3674 3313 3713 esse
3330 3671 3672 3728 supremum

2025 3751 2223 3805 Deum.
2256 3749 2327 3804 Et
2356 3748 2553 3804 Simon
2590 3747 2683 3803 his
2714 3746 2889 3803 dictis
2922 3747 3081 3802 abiit.
3114 3750 3185 3803 At
3218 3747 3419 3802 Petrus
3460 3747 3657 3801 astant

2020 3838 2173 3911 plebi
2206 3839 2321 3893 ait:
2347 3836 2845 3907 Simon,quamvis
2877 3836 2935 3890 in
2967 3834 3128 3890 nullo
3160 3834 3271 3889 alio
3303 3834 3457 3889 circa
3486 3833 3670 3890 Deum

2020 3945 2127 3983 nos
2186 3925 2371 3999 possit
2428 3924 2654 3996 laedere,
2710 3929 2771 3980 at
2825 3929 2976 3981 certe
3032 3924 3195 3980 vobis
3252 3922 3666 3995 impedimento

2018 4021 2128 4088 est,
2164 4032 2234 4072 ne
2265 4014 2519 4071 audiatis
2548 4030 2851 4070 sermones
2886 4013 2986 4085 qui
3020 4012 3211 4068 valent
3241 4026 3490 4084 purgare
3539 4009 3666 4066 ani-

2020 4122 2194 4162 mam.
2231 4104 2361 4160 Haec
2390 4103 2560 4159 Petro
2590 4102 2917 4174 proferente
2945 4102 3154 4174 ingens
3185 4106 3418 4157 exortus
3447 4103 3537 4156 est
3567 4116 3667 4155 su-

2019 4211 2226 4250 surrus
2258 4189 2974 4257 multitudinis,dicentis:
3006 4193 3130 4257 Quae
3162 4206 3293 4247 vero
3325 4188 3665 4257 necessitas,

2020 4282 2251 4338 sinendi
2283 4297 2417 4337 eum
2450 4278 3004 4353 hucingredientem
3038 4278 3435 4352 blasphemias
3465 4282 3670 4334 contra

2017 4371 2201 4427 Deum
2233 4371 2395 4443 loqui
2417 4375 2440 4427 Ρ
2462 4371 2531 4427 Et
2560 4373 2764 4427 Petrus
2795 4370 3039 4427 audiens
3069 4370 3212 4426 dixit
3244 4386 3257 4423 :
3290 4368 3520 4425 Utinam
3552 4384 3668 4423 non

2018 4460 2477 4516 ultraSimonem
2507 4459 3230 4532 protendereturdoctrina
3252 4463 3452 4514 contra
3468 4462 3669 4522 Deum,

2018 4550 2091 4604 ad
2125 4549 2428 4605 hominum
2468 4548 2845 4605 tentationem
2883 4546 3064 4603 illata.
3097 4548 3283 4603 Erunt
3310 4546 3485 4617 enim,
3518 4546 3670 4600 sicut

2019 4637 2356 4711 prolocutus
2388 4640 2479 4693 est
2510 4637 2811 4699 Dominus.
2847 4634 3339 4710 pseudoaposloli,
3372 4634 3501 4690 falsi
3534 4650 3666 4705 pro-

2020 4728 2225 4802 phetae,
2258 4727 2529 4794 haereses,
2562 4726 2955 4783 affectationes
2985 4723 3345 4796 dominandi,
3360 4722 3668 4795 quae,sicut

2021 4816 2291 4888 conjicio,
2339 4831 2373 4871 a
2429 4814 2664 4871 Simone
2709 4813 2891 4871 Deum
2938 4812 3383 4886 blasphenzante
3428 4826 3664 4867 sumen-

1604 4950 1849 5007 VARUE
1888 4949 2193 5008 LECTION
2203 4949 2305 5007 ES.

336 5065 375 5102 '"
409 5060 571 5119 πάλιν
621 5058 979 5135 Ο.-⁷²-οίῖτως
1005 5064 1068 5122 C.
1145 5062 1191 5099 ⁷⁸
1219 5062 1306 5120 Ita
1334 5062 1378 5121 Ο
1404 5079 1454 5120 c.
1488 5064 1548 5122 S.
1591 5058 1701 5119 εἶδε
1729 5065 1790 5123 G.
1867 5065 1916 5135 ⁷⁸
1964 5061 2096 5120 ἰδεῖν
2141 5069 2198 5134 S,
2252 5064 2296 5123 0
2340 5058 2500 5118 είδεῖν
2528 5067 2603 5135 ϐ’,
2661 5063 2708 5099 ⁷⁸
2735 5059 3007 5135 τολμήσει
3035 5060 3332 5135 Ο.ῨΜι11ω
3361 5057 3661 5135 τολμήσαι.

279 5134 408 5192 Tum
436 5136 617 5209 adjeci
650 5132 810 5198 αὐτός
839 5152 887 5191 c.
923 5135 989 5192 0.
1065 5136 1112 5172 ⁷⁵
1136 5137 1206 5209 τῇ
1239 5136 1525 5209 adscripsi
1557 5152 1627 5193 ex
1654 5140 1719 5193 Ο.
1794 5138 1839 5173 ⁷⁷
1870 5133 2102 5212 ἐπεχὲοη
2136 5132 2200 5193 0.
2278 5137 2322 5173 ⁷⁸
2349 5140 2451 5204 τῆς
2480 5133 2617 5189 κατά
2647 5132 3071 5210 σάρκαχείρονος
3104 5134 3170 5190 D.
3204 5151 3236 5191 a
3283 5132 3564 5205 probante
3594 5136 3658 5200 Ο,

279 5206 394 5261 κατὰ
420 5207 584 5261 catam
612 5205 817 5261 γείοων
842 5206 884 5261 C
912 5206 969 5261 in
1000 5211 1157 5261 textu
1189 5206 1440 5261 γείοονος
1472 5208 1531 5261 in
1564 5224 1749 5261 mare.
1826 5209 1872 5245 ⁷ο
1900 5208 1929 5261 ὁ
1960 5226 2077 5261 om.
2111 5209 2155 5261 Ο
2188 5210 2612 5261 interuungens
2644 5212 2773 5261 post
2802 5206 2965 5261 ἐστιν.
3041 5207 3087 5242 ⁸ο
3119 5211 3202 5261 ita
3231 5152 3275 5261 8
3306 5210 3362 5261 et
3414 5222 3483 5261 ex
3530 5221 3658 5260 con-

278 5206 394 5291 ξιπᾲ
420 5205 584 5291 {igitur
612 5205 817 5291 χείρων
912 5206 980 5291 in,
1000 5211 1157 5264 textu
1180 5205 1767 5291 xstpgvgiinnmarg.‘
1826 5209 1872 5245 7°
1900 5205 2155 5291 6‘o'm.;0
2169 5210 2612 5291 interpungens
2642 5205 2967 5291 ροειξάτιν,
3041 5207 3087 5242 ⁸ο
3119 5211 3202 5291 ita

3306 5210 3362 5261 et
3414 5222 3483 5262 ex
3530 5221 3665 5260 con-

274 5272 577 5364 lect._‘C‘,"in
609 5272 931 5364 ébjl'textu‘
952 5272 1101 5334 ὅντα.
1178 5272 1231 5364 ξῖ
1246 5272 1351 5364 τοῦ
1381 5280 1441 5336 C.
1484 5352 1498 5364 Δ
1591 5272 1726 5364 ποτῖ
1750 5276 1903 5364 ἐν).
1934 5279 1991 5364 ἐν
2013 5284 2220 5364 ταῖς-Ο.
2252 5272 2531 5364 {kd-oram
2551 5272 2699 5364 cod.
2732 5279 2847 5364 Οιι.
2877 5276 3176 5364 χόθαωκατά
3222 5276 3415 5364 νόμου
3482 5276 3537 5364 ,⁸⁸³
3595 5272 3655 5364 ’ξό

281 5344 339 5426 C._
394 5351 437 5386 ⁸⁸
460 5344 699 5426 λέγοντα
713 5348 1032 5426 eivgtAidem
1062 5351 1217 5426 quod
1246 5348 1441 5426 λέγειν.
1469 5344 1996 5426 Αιὶρριιίᾳοιξιιιιίά
2028 5352 2383 5410 mutandum
2414 5351 2652 5408 essetin
2685 5354 2846 5408 textu
2876 5351 2936 5407 S.
3014 5350 3058 5385 ⁸⁵
3087 5368 3150 5423 γε
3197 5344 3302 5405 σαι
3342 5348 3406 5404 0.
3482 5346 3526 5382 ⁸⁸
3583 5344 3660 5400 εἷ-

282 5418 453 5485 πόντος
485 5418 598 5480 om.
627 5422 691 5480 0.
768 5423 813 5458 ⁸⁷
843 5422 956 5479 Cfr.
990 5418 1244 5479 Crédner
1272 5418 1448 5479 Béitr.
1483 5440 1524 5495 ι,
1552 5418 1679 5494 29⁷1,
1710 5422 1815 5481 318
1843 5418 1902 5480 δ’.

1631 5546 2018 5606 VARIORUM
2058 5547 2291 5607 NOTIE.

346 5653 417 5727 (a)
443 5654 775 5729 Legendum
803 5657 921 5715 τοῖς
950 5651 1173 5731 ἒχθροῖς
1203 5651 1391 5729 αὐτοῦς
1424 5656 1475 5713 si
1504 5654 1757 5713 versioni
1788 5655 2007 5713 Latinas
2033 5654 2200 5713 ﬁdes.
2236 5655 2392 5713 Enrr.
2425 5656 2665 5710 Pnaop.
