4082 6208
268 237 389 298 383

1073 239 1141 299 s.
1186 237 1630 302 GLEMENTIS
1674 239 1701 302 1
1744 238 1937 302 aom.
1982 240 2217 302 PONT.
2262 239 2525 305 OPERA
2566 214 2853 304 DUBIA.‘

3560 238 3685 301 384

270 373 359 427 tes
386 368 799 437 exordium,ad
830 370 1033 425 eadem
1065 386 1200 427 cum
1230 372 1470 429 Simone
1499 376 1705 430 contra
1736 375 1916 431 Deum

2033 375 2134 427 τοῦ
2188 373 2279 428 τὸν
2334 371 2462 429 Θεὸν
2535 371 2995 450 βλασφημοῦντος
3054 370 3306 445 Σίμωνος
3362 370 3465 440 τὴν
3501 372 3688 446 ἀρχὴν

272 458 619 532 proferenda
648 458 1137 530 cooperabuntur.
1170 462 1352 531 Atque
1381 461 1503 518 haec
1535 464 1919 534 pronuntians

275 562 409 603 cum
443 545 735 617 laerymis,
768 563 946 602 manu
979 549 1279 605 advocavit
1310 550 1920 623 multitudinem,quae

271 651 405 691 eum
438 635 805 707 accessisset,
840 652 1055 694 manus
1087 637 1393 710 imposuit,
1422 644 1478 696 et
1507 645 1779 712 precatus
1807 646 1917 708 est,

272 723 473 796 sicque
522 724 769 791 dimisit,
804 742 1049 783 monens
1097 728 1402 784 convenire
1455 730 1766 786 maturius.
1801 731 1920 786 Ista

272 811 549 883 inquiens
578 829 646 868 ac
678 813 986 886 suspirans
1017 815 1317 888 ingressus
1347 820 1567 889 est,nec
1596 818 1724 875 cibo
1755 836 1916 875 sum-

274 905 372 975 pto
401 900 504 957 ivit
534 902 822 958 cubitum.

838 1080 1142 1139 HOMILIA
1179 1082 1352 1140 XVII.

339 1170 384 1225 Ι.
417 1169 693 1240 Sequenti
722 1186 858 1244 ergo
891 1171 983 1227 die
1019 1172 1247 1243 Petrus,
1278 1190 1413 1230 cum
1466 1173 1701 1232 Simone
1731 1175 1915 1232 disce-

271 1261 567 1331 ptaturus,
618 1259 908 1315 maturius
952 1266 1322 1334 experrectus
1373 1263 1577 1320 oravit.
1612 1264 1918 1337 Simulque

275 1363 340 1403 ac
372 1362 602 1419 precem
633 1348 1153 1417 ﬁnivit,Zacehaeus
1183 1350 1488 1423 ingressus
1515 1356 1605 1409 est
1634 1369 1701 1409 ac
1730 1353 1876 1408 dixit
1900 1369 1914 1410 :

271 1436 471 1492 Simon
521 1440 685 1492 extra
714 1438 898 1507 sedet,
931 1455 1065 1494 cum
1111 1439 1468 1511 quibusdam
1513 1441 1658 1509 suis,
1691 1442 1920 1499 circiter

271 1525 536 1597 triginta,
569 1525 885 1583 disserens.
919 1528 986 1583 Et
1032 1532 1238 1585 Petrus
1286 1530 1367 1586 ait
1400 1548 1414 1586 :
1449 1530 1689 1587 Sinatur
1734 1531 1917 1605 loqui,

268 1615 451 1671 donec
499 1614 815 1672 multitudo
877 1617 1203 1689 conveniat,
1254 1622 1514 1692 tuncque
1565 1620 1919 1694 incipiamus

269 1704 675 1776 quaestionem,
707 1708 772 1760 ut
816 1705 920 1771 sic,
951 1706 1170 1762 auditis
1220 1724 1345 1779 qua
1377 1709 1449 1765 ab
1481 1725 1547 1765 eo
1597 1709 1755 1766 dicta
1785 1710 1914 1766 iue-
1950 1744 1997 1809 B

268 1793 413 1862 rint,
443 1794 514 1848 ad
547 1810 615 1849 ea
644 1797 912 1879 aptantes
943 1797 1296 1868 nos,egressi
1328 1798 1918 1871 disputemus.Atque

271 1899 338 1939 eo
367 1883 541 1938 modo
572 1883 793 1939 factum
816 1886 1416 1958 est.Egressusigitur
1444 1904 1549 1943 nec
1580 1888 1765 1944 multo
1787 1892 1921 1961 post

274 1987 539 2028 reversus
565 1972 875 2030 Zaccbaeus
908 1974 1074 2032 Petro
1105 1975 1304 2033 retulit
1336 1992 1635 2033 sermones
1665 1977 1920 2036 Simonis

274 2064 477 2118 contra
504 2061 724 2135 ipsum.

346 2240 418 2296 II.
452 2238 608 2297 Dixit
635 2244 832 2299 autem
864 2258 879 2299 :
914 2242 1160 2300 Accusat
1186 2245 1455 2317 te,Petre,
1476 2247 1648 2317 quasi
1678 2249 1919 2307 malitiae

272 2329 633 2403 ministrum,
666 2335 723 2387 et
754 2332 949 2405 magia
981 2332 1235 2390 multum
1284 2334 1597 2407 valentem,
1630 2355 1695 2395 ac
1726 2339 1918 2395 homi-

270 2436 415 2476 num
463 2419 692 2477 animas
740 2421 997 2477 deterius
1035 2422 1364 2481 idololatria
1413 2425 1822 2485 fascinantem.
1850 2429 1921 2485 Et

271 2509 506 2581 quidem
540 2510 695 2581 quod
727 2526 934 2584 magus
964 2512 1070 2580 sis,
1112 2512 1222 2569 hoc
1262 2513 1428 2571 visus
1456 2520 1545 2572 est
1592 2517 1797 2574 afferre
1825 2535 1919 2575 ar-

274 2602 645 2672 gumentum,
678 2599 921 2656 dicendo
955 2616 969 2655 :
1002 2602 1282 2659 Conscius
1317 2603 1465 2660 mihi
1515 2622 1670 2675 sum,
1701 2622 1795 2662 me
1847 2624 1919 2665 ne

274 2687 452 2744 unius
481 2688 720 2760 quidem
766 2688 928 2745 verbi
971 2691 1261 2748 recordari
1291 2710 1358 2749 ex
1406 2692 1479 2751 iis
1510 2711 1637 2767 quas
1684 2712 1822 2752 cum
1851 2713 1918 2753 eo

276 2777 687 2850 disputaturus
735 2779 889 2851 apud
940 2796 1034 2835 me
1082 2783 1382 2854 perpendi.
1416 2783 1637 2857 Nempe
1682 2789 1917 2857 quando

271 2866 398 2940 ipse
430 2866 686 2937 disserit,
710 2872 769 2923 et
797 2884 904 2940 ego
934 2872 1186 2927 mentem
1213 2871 1534 2945 applieo,ut
1562 2890 1824 2932 revocem
1856 2877 1917 2935 in

275 2956 642 3025 memoriam,
675 2974 944 3029 quaenam
973 2959 1092 3015 sint
1122 2976 1249 3033 quas
1280 2960 1527 3034 cogitavi
1557 2963 1917 3023 descendens

270 3045 343 3101 ad
374 3043 733 3117 colloquium
766 3062 896 3102 cum
930 3064 1016 3115 eo,
1051 3064 1156 3105 nec
1187 3052 1509 3123 quidquam
1541 3056 1918 3127 eorum,{qua3

273 3132 415 3191 dicit
444 3134 640 3191 audio.
672 3137 913 3201 Quando
944 3153 1079 3210 ergo
1131 3139 1279 3194 nihil
1308 3141 1600 3212 ejusmodi
1630 3159 1763 3198 cum
1796 3144 1916 3202 ullo

276 3221 389 3279 alio
438 3222 647 3295 patior,
680 3240 858 3295 quam
907 3242 1042 3282 cum
1067 3226 1167 3283 illo
1215 3227 1359 3301 solo,
1392 3246 1509 3302 qua
1537 3230 1762 3289 ratione
1801 3250 1918 3289 non

279 3312 412 3369 sum
439 3313 514 3369 ab
556 3328 624 3368 eo
649 3312 1035 3371 incantatus?
1066 3314 1215 3373 Illud
1262 3334 1418 3387 vero,
1450 3322 1625 3393 quod,
1659 3338 1790 3394 quas
1817 3323 1919 3379 do-

278 3406 368 3458 cet
416 3404 613 3474 pejora
668 3402 788 3459 sint
831 3403 1182 3474 idololatria,
1232 3407 1457 3465 clarum
1505 3410 1615 3467 erit
1663 3416 1920 3469 mentem

279 3490 541 3558 babenti,
574 3496 887 3565 postquam
919 3493 1449 3554 indicavero.Nulla
1472 3499 1630 3555 enim
1660 3499 1775 3556 alia
1805 3500 1920 3557 uti-

273 3580 412 3638 litas
442 3586 553 3649 est,
587 3598 765 3654 quam
810 3587 877 3638 ut
906 3584 1105 3641 anima
1134 3585 1465 3657 omnigenis
1510 3586 1685 3644 idolis
1737 3587 1923 3646 libera

276 3671 575 3727 reddatur.
606 3671 755 3727 Nam
786 3673 1040 3744 speciem
1073 3673 1397 3747 imaginata
1425 3676 1635 3733 timore
1682 3677 1918 3751 ligatur,

273 3765 333 3818 et
359 3760 603 3816 credens
650 3776 713 3817 se
741 3761 964 3834 aliquid
996 3762 1137 3835 pati,
1187 3763 1477 3837 elanguet,
1510 3770 1567 3821 et
1612 3765 1919 3837 alienatur,

277 3864 382 3906 seu
411 3866 446 3906 a
474 3850 739 3906 daemone
785 3850 1024 3920 insanit,
1058 3868 1124 3909 ac
1166 3853 1524 3911 daemoniaco
1555 3856 1751 3913 furore
1794 3873 1923 3914 cor-

278 3943 444 4012 repta
470 3940 675 3996 multis
706 3940 899 3997 sobria
925 3941 1174 3998 videtur.

353 4030 449 4086 III.
482 4030 546 4085 Id
577 4029 740 4086 vobis
772 4031 974 4088 Petrus
1003 4031 1600 4105 praestat,pollicendo
1629 4034 1925 4108 sapientes

283 4118 488 4175 facere.
514 4122 802 4175 Praetextu
834 4119 1130 4192 siquidem
1174 4122 1352 4179 unius
1384 4124 1484 4179 Dei
1513 4124 1742 4181 videtur
1788 4126 1924 4198 qui-

280 4208 413 4264 dem
444 4206 691 4264 liberare
736 4225 840 4265 vos
871 4208 1077 4265 multis
1124 4210 1323 4267 anima
1351 4212 1684 4270 carentibus
1728 4214 1921 4284 idolis,

277 4315 404 4371 quas
456 4296 877 4365 non_mu1tum
925 4303 1136 4356 nocent
1184 4299 1528 4374 cultoribus,
1581 4305 1736 4376 quod
1780 4304 1925 4376 ipsis

277 4386 461 4444 oculis
486 4392 809 4445 cernuntur
837 4405 965 4446 esse
995 4390 1243 4461 lapidea,
1276 4390 1365 4448 vel
1396 4408 1573 4464 ωορδ,
1605 4392 1693 4449 vel
1727 4410 1923 4464 aurea,

2032 456 2293 517 λαϐοῦσαι
2325 464 2440 537 (51)
2489 461 2566 524 εἷς
2612 462 2675 516 τὸ
2705 464 2748 498 ⁸⁸
2796 462 2865 516 τὰ
2903 460 3037 516 αὐτά
3074 465 3153 532 τῷ
3186 459 3393 533 Σίμωνι
3421 461 3562 515 κατὰ
3590 466 3688 515 τοῦ

2029 555 2161 606 Θεοῦ
2192 548 2365 627 λέγειν
2402 551 2844 626 συνεργήσουσιν.
2883 550 2987 606 Καὶ
3023 553 3191 604 ταῦτα
3224 549 3389 605 εἰπὼν
3420 551 3558 623 μετὰ
3598 547 3691 604 δα-

2028 638 2234 716 κρύων,
2260 639 2330 715 τῇ
2353 641 2499 716 χειρὶ
2521 636 2914 715 προσεκαλεῖτο
2934 637 3062 701 τοὺς
3084 634 3314 714 ὄχλους,
3339 640 3425 700 οῖς
3457 637 3690 714 πρεσελ-

2027 729 2177 782 θοῦσι
2200 729 2295 791 τὰς
2319 734 2508 805 χεῖρας
2533 728 2791 791 ἐπιτιθεὶς
2813 730 2859 765 3’
2879 727 2967 782 καὶ
2993 726 3297 802 εὖχόμονος
3321 725 3577 797 ἀπέλυεν,
3595 727 3686 783 λέ-

2026 839 2137 893 γων
2172 821 2325 876 333
2361 817 2733 895 ὀρθριαίτερον
2760 816 3134 892 συνέρχεσθαι.
3166 821 3343 870 Ταῦτα
3396 815 3560 871 εῗπὼν
3594 817 3685 873 καὶ

2028 906 2289 977 στενάζων
2340 905 2593 963 εἰσελθὼν
2644 902 2768 962 οὔτε
2811 912 3023 984 τροφῆς
3059 899 3382 980 μεταλαϐὼν
3413 902 3676 966 ὕπνωσεν.

2661 1087 2918 1142 ὈΜΙΛΙΑ
2959 1090 3033 1139 IZ'

2097 1180 2139 1231 Ι.
2168 1176 2273 1244 Τῆς
2322 1174 2417 1247 μὲν
2465 1172 2555 1229 οῦν
2604 1171 2785 1246 ἄλλης
2827 1174 3039 1251 ἡμέρας
3089 1173 3118 1228 6
3169 1173 3373 1249 Πέτρος
3415 1174 3547 1251 πρὸς
3578 1174 3681 1229 Σί-

2030 1284 2184 1339 μωνα
2250 1268 2428 1335 ζητεῖν
2501 1261 2722 1338 μέλλων
2788 1262 3160 1339 ὀρθριαίτερον
3230 1264 3273 1300 9°
3352 1262 3688 1333 ἐξυπνισθεὶς

2025 1349 2246 1425 ηὔξατο,
2295 1353 2385 1408 καὶ
2436 1352 2549 1425 ἅμα
2594 1356 2675 1425 τῷ
2724 1350 3026 1416 παύσασθαι
3084 1352 3113 1406 ὁ
3172 1356 3445 1426 Ζακχαῖος
3511 1352 3692 1425 εἰσῄει

2028 1441 2200 1519 λέγων
2226 1462 2240 1475 ⁸
2277 1442 2464 1516 Σίμων
2517 1439 2618 1512 ἔξω
2664 1442 2967 1515 καθέζεται,
3021 1438 3158 1515 μετᾶ
3196 1437 3346 1496 ἰδίων
3399 1439 3567 1497 αὐτοῦ
3596 1462 3684 1496 τι-

2026 1552 2133 1587 νων
2175 1531 2251 1595 ὡς
2293 1530 2586 1609 τριάκοντα
2633 1528 3044 1607 διαλεγόμενος.
3096 1529 3195 1585 Καὶ
3237 1530 3265 1585 6
3298 1530 3507 1603 Πέτρος
3538 1526 3645 1609 ἔφη
3673 1550 3689 1564 ·

2030 1618 2237 1676 Ἐάσθω
2268 1622 2309 1658 θί
2358 1618 2569 1691 λαλεῖν,
2625 1618 2821 1694 μέχρις
2871 1618 2961 1673 ὅτε
2990 1621 3035 1656 ⁹²
3073 1617 3285 1687 πλῆθος
3314 1618 3563 1695 γένηται,
3591 1620 3689 1674 καὶ

2026 1708 2149 1766 τότε
2183 1714 2359 1781 ζητεῖν
2413 1708 2721 1785 ἀρξώμεθα,
2758 1705 2852 1763 ’ίνα
2899 1706 3075 1770 οὕτως
3102 1709 3268 1781 ἡμεῖς
3296 1707 3363 1763 τὰ
3394 1708 3483 1763 ὑπ’
3516 1708 3687 1764 αὐτοῦ

2028 1797 2302 1875 λεγόμενα
2346 1797 2688 1869 ἀκούσαντες,
2736 1797 2874 1874 πρὸς
2926 1795 3061 1851 αὐτὰ
3103 1798 3496 1872 ἁρμοσάμενοι,
3533 1797 3686 1868 ἐξελ-

2027 1888 2206 1951 θόντες
2257 1885 2661 1964 διαλεχθῶμεν.
2710 1887 2810 1941 Καὶ
2862 1883 2928 1955 δὴ
2982 1885 3158 1948 οὕτως
3206 1886 3438 1963 ἐγένετο.
3480 1882 3684 1951 Ἐκϐὰς

2028 1976 2120 2034 οὗν
2148 1978 2239 2034 καὶ
2274 1979 2387 2053 μετ’
2418 1976 2479 2032 οὐ
2509 1975 2653 2033 πολὺ
2682 1975 2849 2032 πάλιν
2882 1974 3137 2032 εἱσελθὼν
3171 1977 3199 2031 6
3231 1982 3507 2052 Ζακχαῖος
3556 1978 3682 2031 ἀντ-

2028 2062 2229 2124 έϐαλλε
2273 2071 2354 2140 τῷ
2400 2066 2590 2141 Πέτρῳ
2636 2065 2764 2129 τοὺς
2815 2066 2915 2121 δπὸ
2948 2065 3202 2140 Σίμωνος
3232 2065 3368 2121 κατὰ
3399 2064 3609 2143 Πέτρου
3635 2069 3681 2105 ⁸³

2030 2155 2291 2233 ῥηθέντας
2320 2154 2544 2232 λόγουςο

2099 2247 2168 2303 lI.
2200 2244 2397 2321 Ἔλεγε
2425 2241 2522 2300 δέ’
2565 2243 2815 2301 Δῖτιᾶταί
2862 2264 2921 2300 σε
2966 2243 3155 2319 Πέτρε,
3206 2242 3281 2307 ὡς
3327 2244 3518 2307 κακίας
3548 2237 3678 2301 ὄντα

2029 2333 2325 2410 ὑπηρέτην,
2373 2333 2464 2390 καὶ
2511 2333 2709 2411 μαγείᾳ
2753 2331 2898 2389 πολὺ
2947 2330 3265 2407 δυνάμενον,
3304 2333 3395 2388 καὶ
3439 2331 3672 2389 εἰδωλο-

2027 2421 2277 2501 λατρείας
2305 2424 2351 2463 “
2394 2428 2583 2500 χεῖρον
2631 2424 2727 2487 τὰς
2785 2428 2893 2480 τῶν
2945 2424 3238 2499 ἀνθρώπων
3284 2428 3674 2502 φαντασιοῦντα

2025 2513 2226 2590 ψυχάς.
2272 2514 2368 2576 Εἷς
2411 2512 2474 2568 τὸ
2529 2513 2624 2587 μὲν
2671 2511 2763 2569 οὖν
2804 2512 2972 2588 μάγον
3008 2510 3143 2568 εἶναί
3182 2532 3242 2568 σε
3268 2512 3469 2583 ταύτην
3503 2510 3677 2569 ἐδόκει

2026 2603 2207 2683 φέρειν
2252 2600 2541 2676 ἀπόδειξιν,
2598 2600 2814 2679 λέγων·
2867 2599 3101 2657 Σύνοιδα
3148 2601 3387 2676 ἐμαυτῷ,
3455 2601 3537 2657 ὅτι
3601 2603 3676 2658 ὧν

2024 2693 2144 2749 κατ’
2193 2691 2423 2767 ἐμαυτὸν
2471 2691 2793 2766 σκέπτομαι,
2844 2689 3016 2747 ἐλθὼν
3057 2695 3304 2763 συζητεῖν
3350 2690 3517 2763 αὐτῷ,
3550 2689 3680 2747 οὐδὲ

2022 2778 2119 2838 ἕνα
2151 2780 2479 2857 μνημονεύω
2526 2776 2711 2859 λόγον.
2762 2780 2941 2838 Αὐτοῦ
2989 2780 3094 2857 γὰρ
3137 2778 3551 2856 διαλεγομένου,
3582 2780 3680 2836 κά-

2030 2874 2135 2945 μοῦ
2180 2871 2272 2927 τὸν
2320 2874 2445 2926 νοῦν
2495 2868 2868 2947 ἀσχολοῦντος
2918 2868 2996 2933 εἰς
3044 2870 3109 2926 τὸ
3138 2868 3497 2939 ἆναπολῆσαι.
3554 2871 3679 2926 τίνα

2026 2958 2165 3016 ἐστὶν
2225 2958 2259 3015 ἂ
2313 2958 2647 3037 ἐλογισάμην
2680 2962 2837 3017 334
2866 2958 3039 3015 ἐλθὼν
3077 2957 3257 3035 λέγειν
3304 2960 3441 3036 πρὸς
3489 2959 3673 3032 αὐτὸν,

2027 3047 2142 3105 οὐδ’
2173 3049 2351 3105 ὁτιοῦν
2384 3049 2458 3105 ὧν
2491 3046 2636 3126 λέγει
2689 3048 2940 3104 ἐπακούω
2970 3051 3034 3104 ⁸⁵.
3085 3048 3230 3104 Ἐπεὶ
3261 3046 3355 3103 οῦν
3388 3048 3469 3103 ἐπ’
3498 3047 3677 3105 ἄλλοι)

2025 3139 2172 3201 τινὸς
2199 3137 2418 3194 τοιοῦτό
2444 3159 2497 3193 τι
2529 3137 2591 3194 οὗ
2622 3137 2842 3214 πάσχω,
2900 3138 2937 3207 ἢ
2970 3137 3054 3193 ἐπ’
3107 3137 3273 3193 τοῦτοῦ
3324 3136 3512 3212 μόνου,
3559 3143 3678 3202 πῶς

2028 3228 2158 3304 οὐχὶ
2211 3226 2579 3304 μαγευόμενος
2630 3228 2716 3283 ὑπ’
2760 3226 2923 3283 αὐτοῦ
2970 3225 3266 3303 τυγχάνω;
3315 3229 3386 3283 Τὸ
3454 3227 3513 3284 δὲ
3570 3228 3677 3294 ὅτι,

2028 3316 2062 3373 ἂ
2107 3319 2152 3356 ³⁸
2194 3314 2253 3372 ἃν
2307 3313 2551 3391 διδάσκῃ,
2601 3312 3056 3392 είδωλολατρείας
3111 3315 3336 3392 χείρονά
3381 3315 3541 3389 ἐστιν,
3597 3322 3679 3391 τῷ

2026 3427 2087 3485 γε
2113 3410 2238 3462 νοῦν
2287 3401 2493 3482 ἔχοντι,
2553 3403 2691 3479 ἐμοῦ
2741 3404 3080 3479 μηνύσαντος
3118 3406 3278 3484 σαφὲς
3311 3402 3478 3465 ἔσται.
3509 3403 3675 3464 Οῧθέν

2028 3497 2133 3573 γὰρ
2181 3493 2365 3572 ἔτερον
2407 3491 2755 3573 ὡφεληθῆναί
2786 3493 2927 3550 ἐστιν
2955 3497 3021 3564 ⁸⁷,
3077 3494 3114 3565 ἢ
3166 3494 3229 3549 τὸ
3255 3494 3356 3563 τήν
3386 3496 3570 3571 ψυχὴν
3600 3495 3676 3551 εί-

2031 3583 2225 3642 δώλων
2272 3581 2631 3641 παντοδαπῶν
2680 3580 2961 3660 ἐλευθέραν
2988 3583 3249 3660 γενέσθαι.
3283 3586 3674 3658 Φανταζομένη

2026 3675 2129 3754 γὰρ
2160 3672 2304 3738 εἶδος
2336 3672 2610 3748 δεσμεῖται
2641 3669 2817 3750 φόϐῳ,
2858 3674 2948 3730 καὶ
3007 3671 3253 3753 φροντίδι
3281 3678 3378 3730 τοῦ
3410 3681 3597 3740 παθεῖν
3623 3697 3678 3732 τι

2035 3765 2373 3843 μαραίνεται,
2396 3762 2487 3819 καὶ
2516 3762 2890 3837 ἆλλοιουμένη
2926 3761 3159 3837 δαιμονᾷ
3186 3765 3249 3836 ⁸⁸,
3280 3762 3370 3821 καὶ
3401 3761 3679 3840 δαιμονῶ-

2032 3876 2098 3911 σα
2125 3859 2239 3919 τοῖς
2270 3851 2507 3917 πολλοῖς
2536 3857 2833 3933 σωφρονεῖν
2864 3850 3034 3912 δοκεῖ.

2105 4035 2198 4092 ΙΙΙ.
2229 4036 2399 4090 Τοῦτο
2447 4031 2575 4107 ὑμῖν
2622 4030 2827 4109 Πέτρος
2880 4030 3168 4108 ὑποσχέσει
3199 4036 3297 4089 τοῦ
3328 4032 3679 4112 σωφρονίζειν

2031 4123 2282 4199 παρέχει.
2344 4122 2618 4201 Προφάσει
2670 4122 2773 4198 γὰρ
2830 4120 2949 4185 ἐνὸς
3000 4126 3135 4179 Θεοῦ
3192 4119 3342 4178 δοκεῖ
3399 4123 3493 4197 μὲν
3537 4123 3681 4197 ὑμᾶς

2032 4211 2259 4269 πολλῶν
2328 4210 2555 4288 ἀψύχων
2604 4207 2971 4266 ἀπαλλάσσειν
3022 4208 3293 4279 εἰδώλων,
3334 4210 3367 4266 ἃ
3421 4210 3483 4267 οὐ
3542 4214 3683 4267 πάνυ

2031 4301 2158 4365 τοὺς
2192 4296 2446 4363 σέϐοντας
2477 4297 2670 4372 ἀδικεῖ,
2713 4304 2794 4373 τῷ
2824 4298 3010 4362 αὐτοῖς
3042 4298 3351 4377 ὀφθαλμοῖς
3382 4304 3429 4338 9°
3456 4300 3676 4375 ὁρᾶσθαι

2034 4391 2217 4456 λίθινα
2263 4386 2387 4447 ὄντα
2437 4390 2473 4459 ἢ
2523 4386 2799 4465 χάλκεαῆ
2831 4388 3038 4466 χρύσεα
3067 4391 3134 4427 ¹⁰⁰
3182 4388 3218 4459 ἢ
3278 4390 3367 4444 καὶ
3400 4389 3451 4461 ἐξ
3498 4388 3677 4460 ἄλλης

276 4475 467 4549 vel;ex
496 4477 611 4534 alia
657 4479 912 4551 quadam
944 4479 1209 4537 inanima
1254 4481 1521 4538 materia.
1553 4484 1741 4549 Quare
1788 4499 1919 4540 cum

2033 4481 2175 4543 τινὸς
2205 4478 2414 4556 έψύχου
2446 4476 2604 4549 ὕλης.
2636 4478 2731 4534 Διὸ
2786 4482 2868 4551 τῷ
2896 4482 2914 4517 ¹
2975 4474 3192 4551 εἰδέναι,
3226 4476 3308 4533 ὅτι
3363 4478 3426 4535 τὸ
3479 4477 3682 4555 βλεπό-

283 4565 682 4635 animasciat,
714 4568 773 4624 id
804 4569 959 4641 quod
1010 4570 1290 4639 cernitur,
1325 4569 1470 4627 nihil
1500 4587 1649 4643 esse,
1682 4588 1795 4629 non
1846 4572 1926 4629 si-

284 4655 414 4714 mili
442 4657 616 4716 modo
648 4675 750 4732 per
768 4658 1123 4732 aspectabile
1141 4676 1174 4717 a
1188 4658 1401 4717 timore
1430 4663 1622 4733 potest
1648 4660 1929 4735 imagina-

2038 4588 2199 4644 μενον
2245 4565 2398 4624 οὐδέν
2442 4567 2603 4638 ἐστιν,
2654 4566 2760 4644 οὐχ
2817 4565 3026 4641 ὁμοίως
3055 4572 3134 4639 τῷ
3163 4566 3343 4643 ὁρατῷ
3372 4567 3474 4623 ὑπὸ
3504 4562 3680 4647 φόϐου

2037 4660 2453 4739 φαντασιοῦσθαι
2486 4653 2704 4713 δύναται
2756 4665 2793 4726 η
2838 4656 3015 4733 ψυχὴ.
3042 4654 3241 4731 Πλάνῳ
3272 4653 3331 4713 δὲ
3361 4654 3687 4733 διδασκαλίᾳ

1644 4758 1879 4817 VARLE
1920 4756 2329 4816 LECTIONES.

351 4845 397 4883 ⁸³
425 4844 488 4901 τό
528 4846 661 4903 add.
691 4846 750 4903 S.
824 4846 1067 4903 robante
1095 4846 1161 4904 0.
1236 4846 1283 4884 '9
1312 4848 1399 4905 Ita
1426 4851 1485 4917 Β,
1536 4845 1789 4911 ἐπιτιθών
1841 4851 1900 4905 C.
1952 4848 2201 4920 Ambigo
2248 4847 2321 4903 de
2367 4844 2741 4905 Ottoboniani
2795 4845 3084 4916 scriptura
3123 4848 3413 4901 truncata.
3463 4845 3687 4904 Deinde

351 4915 650 4975 θριαίτεοον
688 4919 748 4975 S.
898 4916 1211 4975 ὀοθοίτεοον
1262 4918 1325 4975 C.
1373 4914 1741 4975 ποοσέογεσθε
1786 4936 1843 4975 ι).
1893 4928 2247 4975 συνεογεσθαι
2297 4918 2363 4975 0.
2438 4918 2483 4955 9°
2529 4920 2622 4974 Ita
2668 4917 2733 4975 0.
2785 4934 2835 4973 c.
2884 4922 2941 4975 Β.
2998 4914 3307 4975 ὀρθρίτερον
3348 4920 3407 4972 C.
3482 4918 3525 4955 91
3576 4919 3687 4975 Pro

278 4915 650 4993 ρρθριαίτερον
688 4919 748 4988 S,

278 4937 307 4973 ο
348 4937 375 4982 θ
419 4937 650 4993 ιαιτερον
688 4937 748 4988 δ,
779 4937 845 4986 υ,
898 4937 953 4995 ορ

273 4937 447 5045 ἐάσὲω
505 4990 716 5047 lacuna
774 4991 835 5046 in
887 4990 953 5048 0.

273 5060 475 5135 Πέτρῳ.
522 5062 584 5130 C,

898 4916 1211 5005 ξρθρίξερρν
1262 4918 1325 4975 C.
1370 4914 1741 5005 προσέρχεσθε
1786 4936 1843 5005 p.
1893 4914 2256 5005 συνέρχεσθαι,
2297 4918 2363 4975 0.
2398 4918 2483 5005 ‘90
2529 4920 2653 5003 Ita.

1032 4992 1077 5027 ⁹²
1120 4987 1164 5046 ’8
1218 5010 1316 5064 του
1366 4987 1497 5064 (sic)
1655 4988 1745 5064 ὅτε
1787 4987 1862 5064 ἰ),
1906 4987 2159 5064 Tum'p.
2194 4987 2370 5064 οὕτως
2398 4988 2610 5064 lacuna
2636 4988 2698 5045 in
2729 4989 2955 5045 eodem.

2438 4918 2483 4955 9°
2529 4917 2759 5024 ItaOO;
2884 4914 2941 4987 Β,
2998 4914 3551 5024 ὀρέθρίτεροχὲἐωεξἸ
3576 4919 3687 5024 P59

3057 4988 3079 5024 ²
3101 4987 3245 5043 ’κατᾶ
3274 4987 3483 5062 Πέτρου
3504 4989 3574 5059 D,
3604 4992 3685 5062 τῷ

771 5061 951 5119 Deleri
994 5061 1132 5135 bene
1187 5063 1321 5120 vbb.
1372 5057 1505 5135 'vult
1546 5057 1621 5120 Ὀ.
1697 5062 1743 5099 ⁸⁸
1782 5057 2215 5135 ,εἰδωλολατρίας
2266 5061 2331 5135 ρ.
2396 5061 2460 5135 ⁸⁸⁵-
2499 5065 2593 5135 Ita
2630 5064 2878 5135 O_et_ex
2908 5060 3153 5135 conject.
3184 5057 3486 5135 C.Ain_cuj.
3518 5057 3683 5118 textu

275 5126 591 5218 ἐπακοζύωνέ.
655 5132 713 5218 9“
734 5130 766 5187 ἃ
794 5135 945 5218 conj:
977 5134 1041 5207 Ο,
1072 5135 1433 5218 appllobante
1462 5134 1506 5191 0
1534 5151 1548 5203 ;
1581 5135 1747 5218 deest
1776 5134 1838 5190 in
1876 5136 2039 5218 ‘cod‘a
2071 5126 2229 5218 hom.
2283 5132 2619 5218 Ρέρινξὶεὶθῐιεί.3
2651 5126 3080 5218 εξδωλολατρίξς
3213 5132 3298 5218 Λθτ
3328 5126 3683 5218 ᾤεεληοῇναι

273 5205 387 5291 ξστι
418 5207 509 5291 S.'
553 5200 1039 5291 “:xa‘tquviﬁea‘i
1066 5200 1312 5291 ὦπα-θεῖν
1339 5226 1396 5261 ἰι
1446 5200 1758 5281 μαραίνεται
1801 5205 1893 5261 καὶ
1946 5202 2268 5262 ἀλλοιοῦται
2310 5203 2347 5275 ἢ
2390 5201 2623 5277 δαιμονᾷ
2662 5203 2725 5261 G.
2801 5203 2846 5241 ⁹⁹
2893 5200 3163 5281 ὀφθαλμὼ
3210 5202 3277 5261 0.
3354 5200 3423 5242 ¹σ⁰
3471 5200 3687 5280 χαλκέα

1656 5358 2030 5416 VARIORUM
2068 5357 2301 5415 NOTAE.

349 5453 461 5525 (51)
529 5447 667 5534 Ἀπὸ
722 5446 1007 5534 ,Σίμωνοςι
1049 5447 1431 5534 τῇνῃᾶρχήν.
1465 5441 1756 5534 λαϐοῦσαι,
1813 5449 1928 5534 Hoc
2036 5449 2219 5534 derat,
2255 5446 2424 5534 quasi
2474 5446 3103 5534 futurqncopjecturam
3140 5444 3370 5534 iecerit.
3403 5444 3546 5534 Yid'e
3598 5445 3685 5534 sis

275 5516 396 5582 una
424 5516 563 5581 voce
600 5516 846 5579 laudant
892 5516 1269 5578 ecclesiastici
1291 5516 1657 5593 "scriptores,
1688 5521 1830 5577 adeo
1862 5525 1929 5593 ut
2036 5516 2472 5593 Irenaeum_lib._
2495 5535 2533 5587 1,
2567 5534 2618 5574 c.
2648 5518 2739 5593 23,
2760 5519 2843 5593 g;
2877 5516 2979 5574 lib.
3014 5535 3100 5584 III,
3130 5518 3365 5591 Prw/at.
3399 5520 3456 5573 et
3502 5520 3683 5574 Euse-

275 5279 314 5349 ἢ
346 5275 551 5356 χρυσέα
579 5277 646 5335 Ο.
725 5275 861 5349 ι’τῷ
890 5278 948 5350 S,
983 5278 1048 5349 0,
1080 5276 1140 5333 τό
1170 5281 1232 5337 C.

271 5600 625 5675 personatus
647 5595 761 5655 iste
789 5594 998 5653 Petrus
1026 5593 1097 5650 de
1124 5609 1211 5659 eo,
1245 5594 1399 5666 quod
1423 5591 1550 5667 j'am
1588 5594 1809 5651 factum
1838 5591 1923 5650 vi-

2033 5591 2199 5650 bium
2224 5592 2289 5648 Η.
2319 5591 2383 5646 E.
2414 5589 2519 5647 lib.
2550 5604 2613 5660 ιι,
2640 5589 2728 5646 13.
2760 5588 2957 5647 ΒΑνιε.

4040 3628 4061 3683 ,1
4076 3628 4082 3637 η

4048 3752 4063 3895 ἓ

4052 3902 4063 3957 ἶ
4080 3902 4082 3905 .

4042 3976 4061 4013 (ἢ

4058 4022 4061 4041 Ι

4046 4058 4063 4139 ἓ

4040 4148 4067 4197 ης
4080 4144 4082 4151 ·

4054 4208 4067 4237 ll

4048 4242 4071 4341 Ξ

4054 4350 4067 4389 ι

4016 4506 4082 6130 ἡ
