4082 6208
285 426 387 486 385

1347 415 1874 477 CLEMENTINA.
1909 448 1986 461 —
2015 416 2345 479 HOMILIA
2392 420 2577 481 XVII.

3546 427 3666 490 386

286 555 354 615 είς
391 548 612 631 φοϐερὸν
643 552 769 607 Θεὸν
819 545 1206 606 ἀποϐλέπουσα
1252 552 1360 604 τῶν
1398 548 1535 603 κατά
1563 546 1718 623 φύσιν
1748 540 1905 601 ἐκϐα-

2035 547 2279 606 '.ionibus
2310 549 2528 607 deludi.
2561 554 2633 608 At
2680 552 2873 609 fallaci
2921 553 3184 612 doctrina
3232 559 3475 631 decepta
3519 562 3662 619 dum

284 643 528 719 θρεύεται.
563 641 657 695 Καὶ
686 644 852 695 ταῦτα
900 638 1006 715 έγὼ
1057 637 1227 713 λέγω,
1269 634 1375 712 οὐχ
1406 635 1487 691 ὅτι
1530 636 1667 709 ὑμᾶς
1701 632 1905 690 εἷ’δωλα

284 727 437 787 σέϐειν
488 734 767 806 παραινῶ,
824 727 951 784 ἀλλ’
1007 726 1089 782 ὅτι
1146 726 1347 802 Πέτρος
1400 720 1647 803 φοϐερῶν
1700 722 1905 779 ίδεῶν²

286 820 437 877 δοκῶν
495 817 864 874 ἀπαλλάσσειν
932 817 1083 890 ὑμῶν
1144 817 1242 878 τὰς
1292 815 1509 891 ψυχὰς,
1559 809 1909 893 φοϐερωτέρα

290 909 541 981 ίδέᾳ³τὸν
584 904 805 962 ἕκαστον
865 907 1016 979 ὑμῶν
1062 905 1336 975 ένθουσιᾷν
1380 908 1530 959 ποιεῖ
1574 908 1723 975 νοῦν,
1774 902 1905 959 Θεὸν

286 1000 329 1057 ἐν
384 1001 563 1075 μορφῇ
620 994 1035 1071 εἰσηγούμενος,
1092 992 1181 1049 καὶ
1232 997 1400 1048 ταῦτα
1446 993 1625 1067 ἄκρως
1680 988 1907 1064 δίκαιον,

282 1091 412 1147 ³³5
447 1089 491 1160 ᾧ
521 1083 706 1141 ἕπεται
734 1085 799 1140 τὸ
825 1079 1056 1162 φοϐερὸν
1100 1082 1191 1138 καὶ
1219 1086 1289 1156 τῇ
1335 1080 1625 1155 συννοούσῃ
1663 1082 1817 1156 ψυχῇ
1846 1079 1910 1135 τὸ

282 1173 554 1257 φρικῶδες,
587 1172 886 1247 δυνάμενοο
915 1176 1006 1228 καί
1045 1176 1153 1228 τῶν
1209 1171 1383 1248 ὀρθῶν
1428 1168 1710 1247 λογισμῶν
1751 1167 1912 1225 ἐκλῦ-

280 1289 354 1322 σαι
390 1265 511 1327 τοὺς
547 1264 766 1326 τόνους.
810 1264 894 1318 Ἐν
925 1261 1026 1339 γὰρ
1072 1257 1309 1333 τοιούτῳ
1354 1258 1624 1323 καθεστὼς
1674 1263 1910 1335 χειμῶνι

281 1358 307 1412 6
337 1358 454 1416 νοῦς
502 1354 581 1417 ὡς
640 1353 801 1429 βυθὸς
850 1352 939 1407 ὑπ’
968 1354 990 1388 ⁴
1022 1351 1224 1424 ἀνέμου
1269 1346 1508 1427 σφοδροῦ
1554 1345 1812 1404 θολοῦται
1850 1347 1914 1403 τὸ

282 1444 536 1520 λαμπρὸν.
566 1443 665 1498 Διὸ
696 1442 741 1496 εί
772 1440 856 1497 ἐπ’
903 1438 1143 1518 ὠφελείᾳ
1194 1439 1346 1513 ὑμῶν
1394 1437 1779 1514 προσέρχεται,
1836 1437 1912 1511 μὴ

283 1535 411 1607 ὑμῶν
457 1532 588 1594 τοὺς
639 1530 691 1601 ἐξ
750 1528 978 1606 ἀψύχων
1034 1533 1254 1606 μορφῶν
1314 1526 1494 1598 ἠπίως
1528 1530 1548 1564 ⁸
1593 1523 1917 1603 γινομένους

283 1618 470 1700 φόϐους
535 1619 752 1675 ἐκλύειν
821 1617 995 1674 δοκῶν
1054 1612 1287 1695 φοϐερὰν
1336 1614 1469 1672 Θεοῦ
1529 1616 1916 1694 ἀντεισφερέτω

289 1712 505 1787 μορφήν.
542 1710 776 1787 Μορφὴν
811 1706 869 1763 δὲ
917 1705 1032 1783 ἔχει
1066 1706 1193 1768 Θεός
1225 1706 1371 1775 ⁶;Εί
1410 1703 1468 1760 δὲ
1510 1703 1633 1781 ἔχῃ,
1684 1704 1736 1760 έν
1781 1706 1920 1780 σχή-

2012 638 2332 695 terribilem
2364 640 2545 695 Deum
2578 643 2835 713 respicit,
2868 659 2937 699 ex
2980 644 3053 701 iis
3085 663 3211 718 qua
3244 653 3457 705 natura
3489 650 3666 707 habet

2014 728 2232 785 excidit
2262 730 2546 787 funditus.
2580 732 2767 803 Atque
2795 731 2916 788 haec
2956 734 3107 807 dico,
3141 753 3257 792 non
3305 739 3462 809 quod
3510 740 3667 797 idola

2016 814 2203 872 colere
2232 818 2537 885 suadeam,
2572 819 2673 874 sed
2701 819 2838 891 quia
2870 824 3091 890 Petrus,
3116 824 3257 880 dum
3279 824 3509 882 videtur
3536 828 3662 884 ani-

2018 922 2147 961 mas
2179 911 2403 963 vestras
2432 908 2655 980 eripere
2680 908 3147 968 formidabilibus
3168 915 3671 985 speciebus,men-

2018 996 2136 1049 tem
2160 995 2634 1068 uniuscujusque
2652 1001 2911 1054 vestrum
2942 1000 3294 1057 formidabili
3320 1003 3451 1060 idea
3476 1006 3668 1062 reddit

2021 1083 2359 1155 fanaticam,
2402 1085 2585 1141 Deum
2635 1087 2695 1142 in
2746 1088 2934 1145 forma
2981 1089 3381 1165 introducens,
3418 1110 3671 1166 eumque

2021 1188 2255 1229 summe
2292 1174 2546 1245 justum,
2588 1191 2767 1247 quam
2820 1176 3013 1234 ideam
3061 1179 3331 1251 sequitur
3376 1185 3582 1251 terror,
3616 1188 3673 1241 et

2022 1262 2229 1318 anima:
2261 1263 2571 1334 cogitantis
2613 1264 2839 1332 horror,
2871 1265 3072 1324 valens
3098 1268 3277 1324 etiam
3309 1273 3475 1326 recte
3506 1272 3675 1327 ratio-

2023 1350 2118 1406 nis
2146 1350 2405 1422 vigorem
2438 1352 2678 1409 solvere.
2710 1359 2776 1409 In
2808 1354 2917 1411 hac
2935 1355 3152 1429 quippe
3172 1357 3424 1429 procella
3444 1360 3681 1418 animus

2026 1438 2381 1496 constitutus
2411 1440 2571 1497 velut
2600 1459 2761 1498 mare
2789 1460 2823 1499 a
2846 1444 3173 1501 vehementi
3203 1452 3377 1504 vento
3425 1448 3681 1506 infusca-

2026 1531 2123 1581 tur
2160 1532 2219 1583 et
2249 1528 2619 1599 splendorem
2653 1531 2861 1602 perdit.
2886 1533 3167 1598 Quocirca
3188 1535 3236 1589 si
3261 1536 3332 1590 ad
3367 1536 3681 1594 utilitatem

2025 1619 2278 1672 vestram
2311 1618 2564 1687 advenit,
2593 1636 2682 1688 ne,
2718 1620 2860 1676 dum
2889 1621 3119 1678 videtur
3163 1623 3404 1682 timores
3453 1631 3676 1682 vestros

2027 1721 2096 1761 ex
2126 1704 2467 1762 inanimatis
2490 1707 2693 1763 formis
2722 1708 2931 1765 leniter
2958 1717 3116 1767 ortos
3147 1713 3453 1786 resolvere,
3480 1715 3539 1770 in
3582 1715 3672 1771 lo-

285 1802 394 1874 ματί
442 1799 612 1854 ἐστιν.
652 1800 737 1855 Ἐν
771 1802 1018 1874 σχςιιματι
1070 1795 1127 1851 δὲ
1179 1792 1252 1850 ὢν
1299 1799 1418 1857 πῶς
1467 1794 1530 1849 οὐ
1576 1790 1919 1871 περιόριστός

2035 1809 2161 1849 cum
2193 1811 2395 1850 eorum
2424 1796 2739 1852 terribilem
2772 1798 2873 1854 Dei
2907 1799 3154 1857 formam
3186 1802 3444 1859 inducat.
3467 1806 3553 1859 An
3584 1821 3677 1860 ve-

283 1889 443 1958 έστιν;
499 1887 854 1963 Περιόριστος
904 1884 961 1941 δὲ
1010 1884 1082 1939 ὣν
1134 1884 1185 1939 έν
1232 1883 1388 1957 τόπῳ
1434 1882 1592 1941 ἐστίν.
1629 1885 1714 1939 Ἐν
1764 1882 1918 1956 τόπῳ

2035 1900 2093 1938 ro
2126 1888 2275 1939 Deus
2307 1884 2481 1940 habet
2510 1886 2761 1942 formam
2784 1887 2812 1942 ‘I
2859 1889 3021 1952 Quod
3074 1890 3122 1945 si
3172 1891 3367 1959 habet,
3398 1892 3459 1948 in
3491 1894 3681 1966 ﬁgura

283 1978 332 2034 δὲ
357 1979 425 2033 ὧν
456 1976 645 2047 ἥττων
679 1976 789 2032 ἐστὶ
816 1972 914 2030 τοῦ
964 1973 1320 2051 περιέχοντος
1358 1972 1517 2028 αὐτὸν
1560 1972 1753 2029 τόπου.
1793 1975 1921 2027 "Ht-

2035 1974 2315 2028 consistit.
2341 1977 2407 2028 In
2433 1974 2622 2047 ﬁgura
2642 1981 2837 2032 autem
2852 1978 3204 2048 consistens,
3221 1997 3337 2052 quo
3368 1983 3540 2039 modo
3566 2000 3681 2039 non

281 2090 373 2123 των
422 2065 480 2122 δέ
529 2087 687 2128 τινος
743 2063 817 2119 ὣν
863 2068 983 2126 πῶς
1027 2064 1242 2118 πάντων
1296 2062 1437 2118 ἐστὶν
1488 2063 1518 2117 6
1555 2064 1577 2098 ⁷
1639 2062 1839 2135 μείζων
1883 2061 1920 2131 ἢ

2035 2066 2123 2116 est
2150 2062 2631 2135 circumscriptus
2652 2065 2680 2119 ‘P
2709 2066 2779 2121 Et
2804 2066 3309 2141 circumscriptus,
3333 2070 3393 2126 in
3415 2070 3540 2128 loco
3563 2089 3684 2129 ver-

282 2157 520 2231 ιιρείττων
552 2156 591 2225 ἢ
626 2154 940 2223 ἀνώτατος;
977 2153 1074 2207 Καὶ
1102 2156 1272 2208 ταῦτα
1305 2152 1400 2224 μὲν
1430 2150 1623 2213 οὕτως.

2035 2154 2218 2206 satur.
2252 2151 2539 2208 Ceterum
2574 2153 2635 2208 in
2666 2153 2792 2211 loco
2824 2156 3133 2225 exsistens,
3166 2158 3360 2215 minor
3383 2166 3472 2216 est
3500 2161 3684 2218 conti-

285 2253 439 2304 nente
466 2246 644 2302 illum
675 2245 821 2301 loco.
854 2244 1119 2315 Denique
1150 2242 1249 2315 qui
1282 2246 1373 2299 est
1403 2240 1599 2314 aliquo
1631 2239 1842 2307 minor,
1876 2254 1992 2312 quo
2020 2243 2189 2311 pacto
2219 2242 2409 2312 major
2433 2245 2522 2297 est
2549 2242 2849 2312 omnibus,
2881 2252 2979 2301 aut
3010 2247 3396 2318 praestantior,
3429 2255 3530 2306 aut
3576 2268 3678 2308 su-

283 2353 504 2411 premus
523 2336 553 2391 ?
582 2338 775 2407 Atque
807 2334 928 2390 haac
952 2334 1185 2405 quidem
1217 2333 1318 2388 ita.

343 2428 431 2483 IV.
463 2428 588 2481 Ὅτι
623 2422 680 2479 δὲ
722 2422 943 2492 ἀληθῶς
994 2422 1120 2478 οὐδὲ
1176 2422 1246 2477 τὰ
1286 2420 1389 2477 ὑπὸ
1436 2424 1534 2477 τοῦ
1583 2417 1920 2475 Διδασκάλου

2102 2418 2195 2476 IV.
2223 2422 2385 2485 Quod
2416 2426 2613 2479 autem
2641 2439 2772 2479 vere
2804 2440 2994 2497 neque
3024 2443 3149 2499 quae
3182 2444 3215 2482 a
3244 2427 3522 2502 Magistro
3567 2447 3677 2488 suo

284 2515 430 2572 αὐτοῦ
492 2514 730 2591 ῥηθέντα
779 2510 1068 2585 πιστεύει,
1118 2510 1344 2589 φανερόν
1405 2509 1582 2567 ἐστιν.
1631 2510 1706 2563 Τὰ
1767 2508 1869 2585 γὰρ
1898 2509 1920 2545 ⁸

2031 2508 2185 2564 dicta
2214 2514 2355 2565 sunt
2384 2512 2601 2583 credat,
2634 2513 3013 2569 manifestum
3054 2522 3162 2571 est.
3196 2517 3342 2572 Nam
3386 2521 3680 2579 contraria

286 2604 475 2660 ἐναντία
526 2603 681 2675 αὐτῷ
726 2601 1003 2676 κηρύσσει.
1056 2600 1295 2656 Ἐκείνου
1348 2600 1449 2677 γὰρ
1500 2597 1743 2661 εἰπόντος
1790 2596 1920 2670 τινὶ,

285 2694 347 2756 ὡς
398 2691 691 2766 μανθάνωο
749 2692 839 2761 Μή
908 2711 974 2764 με
1024 2690 1149 2765 Λέγε
1206 2689 1437 2766 ἀγαθὸν,
1489 2689 1517 2743 6
1566 2688 1671 2764 γὰρ
1726 2686 1923 2761 ἀγαθὸς

285 2786 349 2845 εἷς
394 2784 529 2838 ἐστιν
558 2826 573 2839 .
632 2780 859 2857 Ἀγαθὸν
905 2777 963 2835 δὲ
1010 2779 1176 2834 εἰπὼν
1222 2778 1321 2835 οὐκ
1381 2774 1459 2834 ἔτι
1516 2778 1717 2833 ἐκεῖνον
1778 2774 1922 2852 λέγει

285 2874 363 2929 τὸν
418 2870 664 2939 δίκαιον,
724 2870 783 2925 ’ὸν
842 2869 897 2924 αἱ
955 2867 1161 2946 Γραφαὶ
1218 2867 1619 2944 κηρύσσουσιν,
1676 2866 1735 2928 ὃς
1794 2865 1927 2919 ἀπο-

286 2962 464 3017 κτείνει
501 2965 524 2998 9
575 2958 670 3016 καί
733 2963 1016 3029 ζωοποιεῖ,
1062 2957 1368 3013 ἀποκτείνει
1430 2957 1524 3031 μὲν
1574 2954 1701 3017 τοὺς
1756 2953 1929 3030 ἆμαρ-

286 3052 523 3113 τάνοντας
552 3095 569 3123 ,
638 3052 897 3118 ζωοποιεῖ
967 3044 1026 3102 δὲ
1080 3046 1206 3109 τοὺς
1279 3045 1415 3101 κατᾶ
1480 3045 1705 3123 γνώμην
1759 3042 1924 3099 αὐτοῦ

292 3141 543 3214 βιοῦντας.
592 3140 721 3195 ’Ότι
776 3135 833 3192 δὲ
879 3135 1050 3199 ὅντως
1102 3134 1164 3191 οὐ
1212 3134 1304 3190 τὸν
1346 3133 1692 3211 Δημιουργὸν
1738 3130 1921 3208 ἔλεγεν

290 3228 486 3303 ἀγαθὸν.
536 3224 625 3299 τῷ
664 3224 1017 3296 διανοηθῆναι
1065 3222 1350 3297 δυναμένῳ
1396 3222 1556 3302 σαφές
1607 3223 1770 3280 ἐστιν.
1820 3224 1926 3276 Τοῦ

288 3316 377 3391 γὰρ
406 3326 478 3387 Ar,
490 3320 765 3393 μιουργοῦ
804 3313 1148 3390 ἐγνωσμένου
1177 3312 1266 3369 καὶ
1300 3317 1380 3385 τῷ
1409 3312 1699 3369 πλασθέντι
1724 3308 1924 3384 Ἀδὰμ,

288 3406 363 3459 καὶ
410 3410 487 3477 τῷ
537 3406 959 3479 εὖαρεστήσαντι
1007 3403 1153 3475 αὐτῷ
1203 3405 1249 3441 ¹⁰
1297 3402 1513 3478 Ἑνὼχ,
1562 3400 1651 3457 καὶ
1707 3405 1787 3473 τῷ
1839 3400 1926 3455 ὑπ’

289 3494 433 3549 αὐτοῦ
481 3492 685 3567 δικαίῳ
738 3492 978 3567 ὁραθέντι
1024 3497 1165 3562 Νῶε,
1199 3490 1409 3566 ὁμοίως
1451 3491 1541 3546 καὶ
1569 3495 1650 3563 τῷ
1679 3484 1928 3564 Ἀϐραὰμ

291 3586 426 3641 336
472 3584 566 3639 καὶ
622 3585 799 3637 Ἰσαὰκ
847 3584 937 3637 καὶ
986 3576 1201 3654 Ἰακὼϐ,
1253 3580 1398 3637 ἀλλὰ
1442 3580 1532 3636 καὶ
1584 3583 1788 3653 Μωϋσῇ
1835 3581 1925 3634 καὶ

292 3672 394 3745 λαῷ
422 3674 510 3728 καὶ
544 3672 669 3745 ὅλῳ
708 3677 788 3743 τῷ
832 3671 1046 3743 κόσμῳ,
1081 3672 1109 3725 6
1140 3668 1464 3733 διδάσκαλος
1516 3670 1679 3725 αὐτοῦ
1720 3670 1925 3744 Πέτρου

292 3762 484 3831 Ἰησοῦς
535 3761 717 3825 ἐλθὼν
766 3764 808 3799 ¹¹
860 3759 1042 3836 ἔλεγεν
1093 3762 1157 3798 1³·
1192 3756 1384 3821 Οὐδεὶς
1434 3756 1573 3834 ἔγνω
1622 3758 1713 3813 τὸν
1761 3754 1926 3812 Πατέ-

295 3870 368 3926 ρα,
416 3852 460 3906 εἰ
517 3852 601 3924 μή
634 3850 662 3905 ό
694 3850 840 3915 Υἱὸς,
890 3849 965 3911 ὡς
1013 3846 1138 3904 οὐδὲ
1179 3849 1270 3903 τὸν
1320 3848 1444 3904 Υἱόν
1492 3868 1573 3910 τις
1618 3844 1757 3902 οἶδεν
1810 3850 1855 3885 ¹³
1884 3845 1929 3902 εί

298 3940 364 4009 μὴ
412 3941 440 3994 6
480 3939 712 4013 Πατὴρ,
757 3938 847 3993 καὶ
891 3940 973 4000 οἷς
1025 3937 1085 3993 ἂν
1148 3936 1414 4014 βούληται
1463 3938 1492 3992 6
1542 3937 1665 3999 Υἱὸς
1714 3936 1933 3991 ἀποκα-

300 4026 483 4102 λύψαι.
516 4028 588 4084 Εἰ
622 4026 712 4083 οὗν
746 4026 903 4089 αὐτὸς
936 4027 1059 4090 Υἱὸς
1091 4029 1155 4096 ἦν
1211 4028 1239 4083 6
1269 4027 1455 4103 παρὼν
1480 4074 1496 4100 ,
1528 4026 1633 4081 ἀπὸ
1682 4034 1781 4097 τῆς
1835 4024 1931 4081 αὖ·

296 4121 381 4170 τοῦ
438 4116 742 4194 παρουσίας
819 4116 900 4179 οἷς
973 4111 1231 4172 ἐϐούλετο
1287 4117 1377 4171 τὸν
1444 4121 1603 4170 πᾶσιν
1658 4116 1929 4192 ἄγνωστον

296 4205 660 4262 ἀπεκάλυπτεν
697 4248 710 4263 .
771 4208 870 4261 Καὶ
945 4205 1118 4268 οὕτως
1190 4210 1308 4268 τοῖς
1360 4203 1466 4283 πρὸ
1545 4204 1709 4260 αὐτοῦ
1773 4211 1934 4260 πᾶσιν

298 4294 554 4369 ἄγνωστος
614 4295 681 4364 ἦν
739 4295 767 4349 ὁ
826 4295 1035 4371 Πατὴρ,
1096 4292 1205 4370 οὐχ
1261 4293 1434 4357 οὕτως
1491 4295 1536 4331 ¹⁴
1574 4291 1647 4350 ὣν
1698 4294 1727 4350 6
1775 4299 1934 4349 πᾶσιν

297 4380 646 4458 ἐγνωσμένος.

358 4478 403 4528 ν
436 4518 448 4530 .
482 4474 584 4529 Καὶ
632 4478 792 4528 τοῦτο
860 4472 1027 4529 εἰπὼν
1083 4474 1296 4543 Ἰησοῦς
1373 4469 1497 4528 οὐδὲ
1543 4470 1703 4535 αὐτὸς
1760 4470 1935 4544 ἑαυτῷ

297 4568 587 4639 συμφωνεῖ.
623 4563 824 4619 Ἐνίοτε
864 4561 969 4638 γὰρ
1016 4560 1213 4624 ἄλλαις
1261 4566 1467 4640 φωναῖς
1514 4566 1622 4617 τῶν
1672 4562 1778 4616 ἀπὸ
1823 4565 1931 4617 τῶν

302 4652 340 4687 ¹³
378 4657 603 4729 Γραφῶν
653 4647 883 4730 φοϐερὸν
930 4650 1021 4706 καὶ
1072 4648 1279 4706 δίκαιον
1332 4648 1607 4721 συνίστησι
1670 4650 1798 4706 Θεὸν
1850 4649 1937 4706 λέ-

298 4759 413 4813 γων’
475 4742 567 4809 Μὴ
628 4735 905 4818 φοϐηθῆτε
976 4739 1083 4795 ἀπὸ
1148 4738 1245 4795 τοῦ
1301 4739 1711 4802 ἀποκτείνοντος
1774 4742 1819 4778 ³⁸
1873 4740 1937 4796 τὸ

304 4832 471 4901 σῶμα,
519 4833 590 4903 τῇ
648 4827 704 4883 δὲ
760 4832 914 4905 ψυχῇ
971 4832 1013 4868 ¹⁷
1070 4828 1145 4901 μὴ
1203 4826 1501 4901 δυναμένου
1559 4849 1609 4883 τι
1663 4830 1885 4897 ποιῆσαι
1920 4846 1934 4863 ⁸

305 4911 573 4991 φοϐήθητε
640 4915 698 4972 δὲ
742 4917 835 4972 τὸν
892 4914 1181 4991 δυνάμενον
1247 4915 1338 4971 καὶ
1386 4921 1551 4995 φῶμα
1608 4917 1697 4971 καὶ
1749 4918 1935 4992 ψυχὴν

310 5003 379 5066 εἰς
446 5008 544 5076 τὴν
618 5008 831 5081 γέενναν
902 5010 999 5061 τοῦ
1073 5006 1242 5082 πυρὸς
1320 5004 1505 5081 βαλεῖν
1535 5047 1548 5061 .
1610 5007 1710 5061 Ναὶ
1789 5006 1937 5083 λέγω

370 5130 439 5273 Σο)
471 5132 673 5189 Matth.
702 5150 819 5202 xxx,
856 5134 944 5189 17.

392 5203 437 5273 b)
464 5208 628 5261 Deut.
658 5222 836 5273 mn,
868 5206 939 5261 39

392 5203 437 5273 b)
464 5208 628 5261 Deut.
658 5222 836 5275 mn,
868 5206 959 5261 39.

1968 5084 2015 5150 D

2030 2598 2081 2652 ei
2115 2599 2409 2671 praedicat.
2459 2600 2691 2657 Scilicet
2735 2601 2850 2672 ille,
2886 2602 3040 2659 sicut
3088 2605 3284 2675 audio,
3316 2607 3551 2664 cuidam
3584 2610 3681 2665 di-

2030 2686 2116 2742 xit
2147 2704 2160 2743 :
2192 2688 2269 2743 Ne
2296 2704 2383 2745 me
2422 2689 2573 2745 dicas
2624 2691 2843 2762 bonum,
2874 2691 3042 2748 bonus
3075 2695 3227 2749 enim
3276 2712 3421 2751 unus
3472 2702 3551 2753 est
3580 2699 3679 2771 (a).

2032 2775 2259 2832 Bonum
2291 2794 2425 2834 vero
2456 2778 2638 2850 aiens,
2672 2796 2788 2836 non
2820 2780 3078 2854 amplius
3108 2782 3276 2839 illum
3326 2784 3540 2858 inquit,
3574 2787 3676 2861 qui

2025 2864 2229 2935 justus
2259 2869 2368 2936 est,
2402 2882 2695 2941 quemque
2722 2868 3036 2942 Scriptura:
3084 2873 3421 2944 praedicant,
3455 2876 3556 2948 qui
3588 2892 3677 2933 oc-

2031 2953 2186 3020 cidit,
2219 2956 2270 3010 et
2297 2957 2477 3012 vivere
2504 2957 2646 3029 facit
2674 2958 2769 3030 (b),
2801 2959 3012 3015 occidit
3040 2961 3275 3032 quidem
3321 2969 3680 3035 peccatores,

2032 3042 2223 3099 vivere
2253 3048 2449 3100 autem
2472 3046 2609 3102 facit
2638 3063 2755 3115 eos,
2792 3048 2890 3120 qui
2923 3050 3248 3105 secundum
3266 3052 3397 3123 ejus
3417 3053 3684 3111 volunta-

2033 3135 2153 3187 tem
2184 3138 2385 3205 agunt.
2419 3134 2592 3191 Porro
2625 3137 2782 3209 quod
2814 3154 3009 3195 revera
3028 3142 3354 3197 Creatorem
3388 3159 3503 3198 non
3538 3143 3684 3201 dixit

2035 3220 2279 3289 bonum,
2312 3221 2364 3277 ei
2395 3224 2496 3294 qui
2526 3225 2735 3296 poterit
2763 3227 3130 3283 considerare
3152 3228 3373 3285 clarum
3398 3232 3681 3291 erit.Cum

2035 3310 2193 3366 enim
2224 3310 2463 3367 Greater
2488 3317 2661 3369 notus
2692 3315 2868 3371 fuerit
2895 3320 2953 3371 et
2977 3316 3201 3373 Adamo
3233 3317 3334 3389 qui
3358 3319 3432 3374 ab
3462 3335 3529 3376 eo
3568 3320 3684 3377 for-

2037 3404 2233 3455 matus
2261 3405 2369 3468 est,
2401 3405 2457 3457 et
2486 3403 2720 3460 Enocho
2751 3406 2853 3475 qui
2881 3404 2933 3460 ei
2963 3405 3205 3479 placuit,
3238 3412 3295 3463 et
3322 3412 3454 3465 Noae
3496 3410 3592 3481 qui
3628 3410 3683 3467 ei

2029 3489 2233 3560 justus
2254 3506 2381 3547 esse
2404 3492 2695 3564 apparuit,
2716 3492 2988 3551 similiter
3008 3499 3066 3551 et
3085 3496 3436 3564 Abrahamo,
3458 3499 3677 3568 Isaaco,

2033 3578 2273 3646 Jacobo,
2307 3581 2410 3636 sed
2440 3586 2497 3637 et
2542 3582 2747 3654 Moysi,
2780 3600 2847 3639 ac
2895 3584 3130 3656 pepulo,
3163 3586 3387 3657 totique
3433 3589 3676 3659 mundo,

2038 3667 2316 3741 magister
2344 3669 2531 3741 ipsius
2564 3670 2734 3737 Petri,
2767 3672 2961 3744 Jesus,
2992 3673 3231 3729 veniens
3270 3675 3417 3731 dixit
3448 3692 3462 3731 :
3513 3675 3679 3734 Nemo

2037 3758 2195 3813 novit
2222 3760 2463 3830 Patrem,
2494 3761 2609 3814 nisi
2635 3762 2839 3828 Filius,
2867 3764 3009 3817 sicut
3036 3777 3137 3817 nec
3178 3763 3391 3819 Filium
3432 3765 3553 3836 quis
3582 3781 3681 3823 no-

2038 3849 2139 3918 vit,
2172 3849 2284 3904 nisi
2310 3852 2503 3917 Pater,
2535 3853 2588 3905 et
2612 3852 2808 3921 quibus
2850 3852 2968 3907 vult
3010 3852 3188 3907 Filius
3224 3854 3466 3909 revelare
3495 3854 3587 3926 (ε).
3622 3853 3685 3911 Si

2039 3952 2197 4009 ergo,
2227 3936 2328 4009 qui
2360 3938 2613 4005 advenit,
2645 3940 2770 4012 ipse
2801 3939 2980 3997 Filius
3010 3947 3153 4010 erat,
3188 3947 3318 4014 post
3363 3959 3539 3999 suum
3585 3944 3687 3999 ad-

2041 4030 2277 4082 ventum
2301 4027 2516 4098 quibus
2546 4027 2727 4084 voluit
2757 4046 2912 4096 eum,
2944 4031 3045 4101 qui
3086 4032 3313 4087 cunctis
3355 4032 3688 4105 incognitus

2042 4119 2184 4183 erat,
2218 4115 2512 4172 revelavit.
2545 4117 2754 4189 Sicque
2784 4118 3057 4175 omnibus
3097 4123 3231 4175 ante
3272 4136 3406 4176 eum
3450 4121 3689 4193 ignotus

2042 4208 2167 4259 erat
2197 4204 2383 4274 Pater,
2414 4204 2777 4279 proindeque
2826 4224 2941 4263 non
2988 4212 3079 4265 est
3124 4206 3222 4264 ille
3270 4209 3549 4267 omnibus
3592 4226 3688 4268 co-

2042 4291 2264 4365 gnitus.

2115 4472 2177 4529 V.
2208 4474 2397 4544 Atque
2442 4470 2553 4529 hoc
2600 4472 2801 4529 dicens
2842 4474 3018 4530 Jesus
3068 4491 3260 4547 neque
3305 4476 3431 4548 ipse
3488 4492 3689 4533 secum

2046 4561 2352 4617 consentit.
2388 4562 2689 4618 Interdum
2719 4562 2875 4618 enim
2907 4562 3039 4620 aliis
3070 4564 3507 4637 Scripturarum
3536 4566 3693 4625 voci-

2046 4650 2158 4706 bus
2184 4650 2511 4706 timendum
2538 4667 2603 4705 ac
2626 4651 2860 4722 justum
2882 4653 3257 4710 commendat
3275 4654 3483 4724 Deum,
3506 4654 3691 4710 aiens:

2045 4739 2226 4796 Nolite
2253 4741 2450 4795 timere
2477 4757 2621 4810 eum,
2653 4741 2752 4812 qui
2776 4740 2974 4797 occidit
3010 4758 3226 4814 corpus,
3257 4744 3460 4799 animae
3507 4746 3691 4799 autem

2045 4828 2196 4884 nihil
2221 4834 2407 4901 potest
2432 4830 2637 4900 facere,
2668 4828 2764 4885 sed
2790 4831 2977 4886 timete
3003 4847 3126 4887 eum
3154 4832 3252 4904 qui
3274 4836 3451 4904 potest
3488 4836 3540 4888 et
3566 4846 3690 4888 cor-

2041 4935 2147 4991 pus
2176 4921 2227 4974 et
2246 4919 2495 4973 animam
2516 4919 2573 4973 in
2597 4918 2901 4988 gehennam
2930 4922 3083 4993 ignis
3101 4923 3338 4977 mittere.
3367 4922 3557 4993 Utique
3574 4920 3694 4975 dico

2045 5008 2217 5079 vobis,
2250 5008 2392 5063 hunc
2435 5008 2621 5063 timete
2651 5008 2750 5081 (ά).
2783 5009 2945 5074 Quod
2978 5012 3176 5066 autem
3215 5026 3347 5067 vere
3394 5010 3551 5066 hunc
3608 5008 3690 5065 ti-

2141 5135 2191 5200 c)
2220 5130 2425 5188 Matth.
2456 5148 2536 5200 x1,
2567 5132 2659 5189 27.

2141 5136 2191 5200 c)
2220 5136 2425 5188 Matth.
2456 5148 2536 5200 x1,
2567 5136 2640 5186 27

2118 5136 2197 5275 Ed)
2228 5203 2437 5260 Matth.
2470 5221 2525 5273 x,
2550 5205 2643 5261 28.

1650 5311 1890 5369 VARIIE
1930 5310 2343 5369 LECTIONES.

375 5396 597 5476 ’_ei6aﬁiv
630 5408 686 5459 Ο.
764 5398 986 5476 male,
1012 5404 1073 5476 ς).
1110 5398 1325 5476 ὑπό-0.*
1389 5400 1411 5436 ⁸
1438 5396 1639 5476 ἠπίους
1696 5404 1763 5459 Ο.
1800 5402 1965 5476 ίΤυω
2014 5400 2217 5476 rece_pi_
2258 5391 2461 5476 φόϐους
2484 5414 2558 5476 ⁸ο.
2583 5400 2734 5476 _eod_.
2771 5404 2843 5476 Aet
2889 5417 2955 5476 ex_
3004 5402 3250 5476 conject.
3296 5400 3379 5467 Ci,
3431 5400 3492 5476 _in
3525 5399 3696 5471 cujus

315 5470 430 5543 cod,
459 5473 634 5530 deest.
710 5470 1063 5543 ⁸ὁΘεόςὈ,
1125 5471 1376 5543 articulo
1424 5472 1664 5542 quidem
1725 5475 2059 5531 subnotato.
2135 5470 2156 5507 ’⁷

316 5540 356 5574 ¹⁰
381 5540 516 5613 αὐτῷ
545 5562 659 5602 om.
691 5549 755 5602 Ο.
834 5549 878 5583 ¹¹
912 5539 1117 5621 Πέτρος
1148 5543 1275 5610 ἷσῶν
1336 5539 1507 5597 έλθῶν

317 5619 458 5668 sunt.
532 5617 575 5652 ¹²
603 5618 715 5671 Cfr.
750 5618 1019 5671 Credner.
1053 5618 1220 5671 Reitr.
1254 5632 1293 5671 ι.
1325 5615 1455 5671 248.
1484 5616 1549 5671 31
1600 5658 1612 5671 .

317 5619 458 5685 sunt.
532 5617 575 5652 ¹²
603 5618 715 5673 Cfr.
750 5615 1030 5685 Creduer,’
1053 5618 1220 5673 Reitr.
1254 5615 1455 5685 1,2118,
1484 5615 1612 5671 314.

1683 5544 1913 5625 Πέτρου,
1947 5545 2170 5625 ἰηεῐ9ὖς.
2203 5538 2489 5625 έλθιίθνηίὶβ
2528 5558 2668 5625 suae
2699 5545 3101 5625 asideravab-
3137 5538 3347 5625 ιὲξιθοέἐι
3377 5538 3641 5625 subnatat

1647 5609 2849 5690 Schvvegler,'_NachapostZeitalter_i,254,
2886 5616 3076 5690 720.8.
3154 5616 3198 5650 ¹³
3257 5609 3393 5690 εἶδεν
3444 5616 3507 5690 ς).
3543 5614 3688 5690 Dein

2282 5476 2343 5543 Ο.
2418 5471 2439 5505 ⁸
2480 5464 2539 5523 δέ
2567 5474 2631 5526 Ο.
2709 5473 2731 5508 ⁹
2760 5470 3070 5527 ἀποκτέννει
3102 5464 3168 5537 ὂ,
3225 5464 3486 5543 όιίρειυιο
3539 5464 3693 5543 post.

2699 5545 2933 5615 quidem
2968 5545 3101 5601 vbb.
3137 5542 3347 5615 lineola
3377 5542 3696 5615 subnotata

320 5678 564 5808 ἓρύληται
591 5692 646 5744 S-
782 5678 1033 5762 βούλεται
1066 5692 1126 5743 C.
1204 5687 1250 5724 ¹⁵
1278 5678 1532 5749 ὸῦτοςὈ.
1612 5689 1656 5726 ﬂ
1682 5688 1773 5743 τόν
1801 5678 1894 5746 ΟῘ
1946 5678 1999 5726 η’
2022 5678 2437 5747 ἀποκτέννοντος
2468 5690 2534 5742 Οο
2614 5686 2656 5723 ⁸⁷
2678 5678 2690 5685 ’
2710 5686 2809 5754 τὴν
2838 5678 3053 5761 ’ψυχήν
3105 5703 3162 5758 Ρ·
3220 5690 3289 5755 τῆ
3349 5681 3408 5739 δὲ
3438 5685 3593 5761 ψυχῇ
3623 5688 3693 5747 Ο·

365 5770 454 5813 nm
479 5773 692 5816 Inserui
723 5731 781 5816 δέ
813 5778 866 5816 c.
901 5761 1127 5816 eodem.

365 5770 454 5813 nm
479 5761 692 5819 inserui
723 5761 790 5816 δέ
813 5778 866 5819 c.
901 5761 1127 5818 eodem.
