4082 6208
317 424 436 484 387
1133 421 1199 479 S.
1247 418 1690 480 CLEMENTIS
1735 419 1759 479 Ι
1807 417 1995 481 ltOM.
2042 418 2275 480 PONT.
2320 418 2585 481 OPEBA
2631 422 2901 483 DUBIA.
3612 430 3743 490 388

316 553 595 610 mendum
626 567 753 607 esse
778 551 987 606 dixerit
1042 555 1106 606 ut
1142 552 1374 622 justum
1425 555 1629 622 Deum,
1660 551 1731 606 ad
1782 567 1942 622 quem

2074 549 2198 621 ὑμῖν
2226 593 2241 619 ,
2285 554 2475 605 τοῦτον
2525 546 2835 629 φοϐήθητε.
2886 554 3011 611 ’Ότι
3058 551 3117 609 δέ
3165 550 3335 618 ὅντως
3381 560 3576 612 τοῦτον
3631 580 3742 637 φο-

312 645 371 697 et
398 639 614 711 injuria
646 639 881 695 all‘ectos
912 639 994 694 ait
1024 639 1301 711 clamare,
1333 640 1677 713 parabolam
1713 641 1786 695 ad
1836 656 1966 696 eam

317 746 440 786 rem
472 729 773 802 proferens
802 730 1342 802 interpretationem
1370 730 1702 803 subjungit,
1725 729 1959 785 dicens:

318 819 381 875 Si
408 835 533 891 ergo
565 818 742 890 judex
788 820 1105 891 iniquitatis
1152 822 1228 874 ita
1274 820 1426 890 fecit,
1477 820 1617 890 quod
1663 819 1966 891 saepissime

314 915 627 978 rogaretur,
662 912 867 981 quanto
891 910 1067 978 magis
1095 911 1264 963 Pater
1289 910 1457 981 faciet
1503 907 1800 964 vindictam
1844 907 1963 963 cla-

315 1000 591 1052 montium
621 996 689 1052 ad
736 1012 794 1052 se
820 997 911 1052 die
951 1012 1018 1053 ac
1055 1001 1255 1053 nocte?
1302 997 1408 1066 An,
1441 999 1575 1069 quia
1620 999 1839 1069 patiens
1886 999 1965 1052 est

309 1101 445 1157 erga
482 1086 627 1152 illos,
672 1087 883 1158 putatis
927 1085 1070 1159 quod
1116 1102 1229 1142 non
1282 1088 1497 1157 faciet?
1527 1089 1791 1158 Profecto,
1843 1085 1961 1142 dico

306 1176 477 1245 vobis,
507 1176 699 1246 faciet,
730 1182 781 1231 et
810 1176 916 1230 cito
945 1178 1041 1247 (a).
1081 1174 1364 1231 Caeterum
1420 1174 1521 1247 qui
1566 1174 1960 1231 vindicantem

308 1267 365 1320 et
392 1267 863 1321 remunerantem
891 1264 1033 1320 dicit
1064 1268 1265 1335 Deum,
1293 1264 1520 1335 justum
1564 1279 1700 1320 eum
1750 1267 1961 1321 natura

306 1354 616 1409 conﬁrmat
645 1357 702 1409 et
730 1370 844 1409 non
877 1353 1117 1409 bonum.
1151 1354 1435 1410 Praeterea
1482 1352 1800 1410 conﬁtetur
1841 1359 1959 1409 Do-

304 1442 464 1498 mino
496 1441 623 1498 caeli
656 1445 714 1497 et
744 1446 906 1498 terrae
940 1442 1037 1515 (b).
1071 1442 1233 1508 Quod
1274 1443 1323 1498 si
1355 1443 1641 1499 Dominus
1687 1446 1777 1499 est
1824 1442 1955 1499 οωιί

302 1535 360 1586 et
390 1535 574 1601 terra,
606 1530 911 1586 admittiur
939 1547 1067 1587 esse
1098 1530 1411 1599 Conditor;
1446 1531 1545 1605 qui
1579 1534 1783 1587 autem
1813 1535 1956 1587 Con-

302 1620 456 1675 ditor
503 1624 611 1688 est,
637 1620 840 1690 justus
889 1626 996 1677 est.
1030 1621 1359 1693 Aliquando
1410 1621 1633 1676 bonum
1683 1620 1950 1689 dicendo,

303 1708 619 1781 aliquando
658 1710 912 1781 justum,
962 1725 1151 1781 neque
1205 1710 1288 1765 sic
1345 1713 1651 1766 consonat.
1693 1710 1951 1765 Tertium

302 1813 434 1852 vero
466 1796 604 1870 quid
637 1798 870 1869 sapiens
902 1796 1061 1854 illius
1093 1797 1419 1870 discipulus
1443 1798 1567 1853 beri
1594 1798 1947 1871 afﬁrmabat,

2077 632 2313 709 ϐηθῆναι
2343 636 2522 716 ἔλεγεν
2575 640 2651 703 ὡς
2699 638 2905 697 δῖκαιον
2954 644 3104 716 Θεὸν,
3134 645 3269 719 πρὸς
3300 645 3358 699 δν
3386 647 3476 701 καὶ
3507 632 3737 703 ἀδικου-

2076 728 2273 801 μένους
2326 729 2455 805 βοᾷν
2508 728 2679 804 λέγει,
2730 726 3051 807 παραϐολὴν
3100 733 3177 796 εἷς
3206 738 3365 789 τοῦτο
3400 735 3569 791 εἰπὼν
3602 736 3735 792 ἐπα-

2071 836 2150 892 γει
2178 818 2278 887 τὴν
2312 817 2599 894 ἑρμηνείαν
2632 818 2828 895 λέγων·
2888 820 2953 876 Ei
2987 818 3077 875 οὖν
3127 822 3155 877 6
3211 825 3406 899 κριτὴς
3447 832 3551 895 τῆς
3610 823 3731 881 ἀδι-

2070 903 2190 967 κίας
2273 904 2526 977 ἐποίησεν
2594 907 2788 977 οὕτως,
2853 906 2942 964 διὰ
3003 909 3067 966 τὸ
3148 910 3401 967 ἑκάστοτε
3496 915 3728 986 ἀξιωθῆο

2070 1013 2176 1067 ναι,
2234 993 2389 1068 πόσῳ
2450 993 2662 1069 μᾶλλον
2724 997 2751 1051 6
2809 999 2997 1073 Πατὴρ
3065 1000 3284 1071 ποιήσει
3344 1002 3444 1070 τήν
3500 1001 3714 1073 ἐκδίκη-

2071 1103 2150 1138 σιν
2206 1087 2313 1139 τῶν
2378 1085 2633 1161 βοώντων
2686 1087 2822 1163 πρὸς
2868 1087 3026 1142 αὐτὸν
3084 1087 3298 1165 ἡμέρας
3356 1091 3447 1145 καὶ
3483 1092 3712 1164 νυκτόςς

2066 1170 2103 1241 ἢ
2136 1173 2181 1208 ¹⁸
2231 1169 2320 1227 διὰ
2367 1174 2430 1228 τὸ
2490 1180 2858 1251 μακροθυμεῖν
2916 1175 3074 1233 αὐτὸν
3137 1176 3221 1233 ἐπ’
3277 1178 3463 1243 αὐτοῖς
3514 1178 3724 1239 δοκεῖτε

2067 1257 2152 1316 ὅτι
2210 1259 2274 1316 οὐ
2329 1262 2588 1334 ποιήσεις
2641 1263 2740 1319 Ναὶ
2786 1267 2851 1337 ίθ,
2905 1263 3053 1341 λέγω
3100 1267 3258 1340 ἡμῖν,
3321 1270 3564 1342 ποιήσει,
3632 1268 3724 1325 καὶ

2066 1348 2119 1405 ἐν
2162 1349 2341 1427 τάχει.
2399 1351 2457 1407 ’0
2506 1348 2565 1407 δὲ
2614 1349 2930 1409 ἐκδικοῦντα
2976 1358 3127 1413 337
3198 1356 3289 1411 καὶ
3349 1355 3723 1433 ἀμειϐόμενον

2064 1435 2240 1515 λέγων
2292 1440 2420 1495 Θεὸν
2482 1438 2691 1496 δίκαιον
2742 1441 2901 1498 αὐτὸν
2950 1447 3020 1518 τῇ
3072 1442 3227 1523 φύσει
3266 1444 3592 1519 συνίστησιν,
3631 1447 3725 1503 καὶ

2064 1525 2164 1582 οὐκ
2191 1526 2411 1604 ἀγαθόν.
2445 1534 2564 1585 ’Έτι
2624 1526 2681 1585 δὲ
2732 1530 2823 1585 καί
2851 1533 2896 1568 ²⁰
2943 1530 3355 1609 ἐξομολογεῖται
3403 1540 3481 1607 τῷ
3531 1538 3725 1611 Κυρίῳ

2062 1614 2293 1693 ούρανοῦ
2339 1617 2428 1672 καὶ
2478 1625 2605 1693 γῆς.
2656 1618 2717 1674 Εἰ
2768 1617 2826 1674 δὲ
2874 1621 3073 1698 Κύριός
3128 1622 3268 1677 ἐστιν
3335 1623 3566 1700 ούρανοῦ
3628 1626 3724 1680 καὶ

2060 1707 2185 1779 γῆς,
2220 1704 2573 1781 ὁμολογεῖται
2624 1704 2980 1786 δημιουργὸς,
3033 1708 3373 1787 δημιουργὸς
3410 1709 3468 1767 δέ
3508 1712 3582 1770 ὢν
3643 1712 3697 1769 δί

2058 1794 2211 1857 καιός
2264 1795 2427 1852 ἐστιν.
2479 1797 2617 1851 Ποτὶ
2643 1798 2738 1871 μὲν
2775 1799 2972 1873 ἀγαθὸν
3006 1798 3200 1877 λέγων,
3234 1801 3366 1856 ποτέ
3391 1798 3447 1856 δὲ
3478 1799 3715 1875 δίκαιον,

305 1885 697 1957 operationem
729 1886 950 1942 visione
990 1886 1273 1958 potiorem
1316 1902 1465 1956 esse,
1518 1887 1780 1959 ignarus,
1830 1887 1942 1943 evi-

2059 1879 2175 1937 οὐδ’
2202 1882 2374 1947 οὕτως
2407 1890 2705 1962 συμφωνεῖ.
2735 1885 2928 1961 Τρίτον
2968 1884 3025 1942 δὲ
3085 1888 3113 1942 6
3164 1887 3330 1967 σοφὸς
3387 1889 3552 1945 αὐτοῦ
3609 1912 3717 1965 μα-

2055 1972 2081 1989 ι.
2164 1973 2179 1989 ι
2263 1971 2277 1989 ν
2336 1973 2377 1989 ,ς
2448 1976 2488 1989 η.
2550 1970 2574 1989 ι,
2777 1974 2824 1989 ...
2985 1974 2998 1989 .
3057 1977 3067 1989 .
3308 1978 3321 1989 .
3483 1978 3492 1989 .
3590 1981 3603 1989 .

301 1975 555 2030 dentiam
589 1991 759 2046 posse
807 1991 934 2031 esse
982 1974 1327 2045 humanam,
1360 1980 1584 2032 certum
1633 1992 1767 2032 vero
1818 1992 1942 2033 esse

2054 1972 2219 2041 θητὴς
2260 1971 2418 2048 ἐχθὲς
2448 1976 2491 2010 ²¹
2546 1970 2939 2050 διισχυρίζετο,
2981 1974 3262 2053 ἐνάργειαν
3299 1978 3557 2042 ὀπτασίας
3590 1981 3712 2035 ἰκα-

299 2063 455 2136 apud
486 2079 711 2136 omnes,
727 2064 1013 2121 visionem
1043 2065 1115 2122 ad
1146 2065 1525 2122 Divinitatem
1556 2064 1871 2138 pertinere.

372 2332 467 2387 VI.
502 2335 630 2387 Haec
689 2335 864 2403 atque
916 2330 1011 2388 his
1066 2332 1249 2406 paria,
1291 2336 1478 2405 Petre,
1522 2333 1724 2391 Simon
1782 2338 1946 2393 extra

300 2424 468 2479 stans
497 2421 639 2476 dum
671 2421 1038 2477 multitudini
1068 2422 1357 2492 edisserit,
1391 2422 1588 2494 plures
1618 2423 1762 2480 mihi
1793 2425 1947 2483 vide-

299 2513 400 2566 tur
428 2511 793 2567 conturbare.
829 2511 1111 2578 Quocirca
1140 2511 1228 2567 exi
1261 2512 1485 2579 statim,
1515 2517 1573 2568 et
1602 2512 1655 2568 vi
1684 2513 1944 2571 veritatis

298 2599 480 2656 falsos
509 2600 636 2671 ejus
684 2599 938 2657 dissolve
984 2616 1305 2657 sermones.
1342 2601 1565 2668 Quibus
1614 2619 1648 2657 a
1676 2603 1943 2660 Zacchzeo

295 2687 486 2758 dictis,
519 2689 722 2744 Petrus
781 2705 883 2761 pro
944 2705 1106 2746 more
1164 2695 1441 2763 precatus
1501 2707 1775 2763 egressus
1833 2698 1941 2764 est,

293 2793 545 2850 cumque
575 2777 636 2834 in
667 2778 872 2834 eodem
902 2778 1047 2847 loco,
1078 2778 1139 2834 in
1179 2796 1292 2850 quo
1332 2778 1624 2851 superiori
1654 2781 1768 2849 die,
1800 2798 1943 2837 con-

292 2867 563 2933 stitisset,
604 2884 670 2923 ac
718 2883 787 2923 ex
835 2866 1134 2940 religionis
1183 2868 1607 2925 consuetudine
1656 2869 1942 2941 populum

291 2955 625 3025 salutasset,
658 2955 742 3012 ita
769 2955 944 3029 cmpit
975 2955 1133 3029 loqui
1167 2974 1180 3013 :
1226 2957 1513 3013 Dominus
1540 2963 1739 3013 noster
1766 2959 1941 3016 Jesus

293 3042 581 3115 Christus,
637 3048 836 3116 utpote
884 3061 1056 3101 verus
1105 3045 1391 3119 Propheta
1416 3045 1942 3119 (quemadmodum

295 3132 356 3188 in
387 3137 647 3205 tempore
676 3150 746 3190 ea
770 3150 1002 3206 quoque
1033 3135 1103 3190 de
1152 3151 1212 3191 re
1242 3134 1772 3192 demonstrationes
1804 3136 1940 3193 alle-

293 3222 464 3293 ram),
496 3222 651 3278 circa
698 3239 766 3279 ea
808 3238 934 3294 qua":
983 3223 1054 3278 ad
1084 3225 1385 3280 veritalem
1417 3228 1706 3297 spectant,
1740 3225 1940 3281 breves

2052 2062 2289 2138 νωτέραν
2340 2063 2495 2135 εἶναι,
2547 2062 2646 2118 οὐκ
2692 2061 2853 2126 εἰδὼς
2904 2063 2984 2119 ὅτι
3043 2067 3077 2135 ἡ
3130 2065 3379 2142 ἐνάργεια
3408 2069 3456 2104 ²²
3502 2069 3713 2146 ἀνθρω-

2051 2148 2180 2205 πεία
2217 2152 2348 2206 εἶναι
2381 2149 2622 2226 δύναται,
2683 2154 2719 2223 ἡ
2755 2150 2813 2209 δὲ
2846 2152 3077 2209 ὀπτασία
3110 2154 3366 2226 θεότητος
3408 2156 3543 2213 εἶναι
3574 2159 3714 2232 ὁμο-

2053 2235 2321 2315 λογεῖται.

2123 2333 2220 2385 VI.
2250 2332 2425 2384 Ταῦτα
2451 2329 2545 2383 καῖ
2586 2328 2653 2384 τὰ
2694 2328 2911 2392 τούτοις
2957 2329 3145 2404 ὅμοια,
3194 2333 3382 2407 Πέτρε.
3436 2334 3465 2388 6
3520 2334 3710 2408 Σίμων

2049 2421 2168 2479 τοῖς
2215 2412 2411 2494 ὄχλοις
2464 2414 2563 2491 ἔξω
2603 2419 2769 2482 ἑστὼς
2806 2419 2915 2491 ικαὶ
2949 2423 2996 2457 ³³
3054 2418 3465 2495 διαλεγόμενος,
3516 2424 3712 2496 ταράσ-

2051 2526 2161 2561 σειν
2221 2528 2315 2581 μοι
2374 2504 2527 2561 δοκεῖ
2582 2506 2707 2569 τοὺς
2762 2506 3042 2571 πλείονας.
3105 2508 3198 2565 Διὸ
3256 2511 3479 2582 ἐξαυτῆς
3546 2511 3707 2587 ἔξιθι,

2054 2595 2310 2665 ἀληθείας
2343 2593 2568 2670 δυνάμει
2596 2596 2725 2659 τοὺς
2753 2596 2915 2652 αὐτοῦ
2957 2596 3173 2672 ψευδεῖς
3224 2599 3434 2655 ἐκλύων
3484 2599 3709 2677 λόγους.

2050 2689 2226 2739 Ταῦτα
2252 2689 2349 2739 τοῦ
2380 2684 2650 2761 Ζακχαίου
2682 2684 2927 2749 εἰπόντος
2960 2687 2988 2741 6
3022 2687 3223 2764 Πέτρος
3256 2690 3495 2760 συνήθως
3561 2690 3686 2762 εύξά

2056 2794 2213 2848 μενος
2272 2772 2434 2848 ἐξῄει,
2479 2773 2567 2828 καὶ
2620 2774 2697 2836 εἷς
2743 2775 2835 2830 τὸν
2888 2775 2994 2851 πρὸ
3048 2782 3177 2849 μιᾶς
3206 2776 3374 2832 τόπον
3408 2779 3551 2848 στάς,
3609 2780 3703 2834 καὶ

2048 2867 2128 2935 τῷ
2173 2871 2273 2933 τῆς
2318 2860 2619 2927 θεοσεϐείας
2671 2860 2775 2919 ἔθει
2826 2864 3271 2942 προσαγορεύσας
3311 2866 3437 2930 τοὺς
3469 2866 3704 2944 ὄχλους,

2048 2955 2146 3007 τοῦ
2198 2950 2371 3029 λέγειν
2422 2951 2622 3029 ἤρξατο
2678 2952 2891 3015 οὕτως·
2946 2953 3193 3024 Ἀληθὴς
3248 2954 3320 3010 ὣν
3351 2959 3644 3035 προφήτης
3675 2958 3705 3013 6

2050 3039 2245 3117 Κύριος
2294 3043 2454 3115 ἡμῶν
2507 3041 2717 3111 Ἰησοῦς
2768 3042 2998 3118 Χριστὸς
3031 3045 3096 3110 ²⁸,
3130 3044 3206 3106 ὡς
3237 3044 3323 3099 ἐπὶ
3359 3050 3551 3121 καιροῦ
3608 3046 3701 3101 καὶ

2048 3129 2173 3206 περὶ
2201 3128 2396 3185 τούτου
2427 3127 2863 3209 πληροφορήσω,
2900 3132 3022 3207 περὶ
3053 3137 3161 3187 τῶν
3219 3137 3288 3207 τῇ
3328 3132 3564 3206 ἀληθείᾳ
3594 3132 3707 3190 δια-

2050 3217 2320 3297 φερόντων
2352 3218 2631 3293 συντόμως
2685 3219 2781 3282 ea;
2814 3219 3110 3299 ἀποφάσεις
3149 3220 3408 3296 ἐποιεῖτο,
3468 3220 3558 3278 διὰ
3607 3222 3702 3279 δύο

290 3310 425 3366 fecit
456 3310 795 3379 sententias,
826 3316 1065 3384 propter
1095 3312 1214 3368 hac
1238 3312 1373 3381 duo,
1406 3294 1686 3385 primum,
1710 3313 1849 3386 quia
1868 3315 1941 3370 ad

2054 3294 2221 3364 ταῦτα
2248 3310 2314 3383 ²⁵,
2347 3307 2429 3364 ὅτι
2460 3309 2596 3385 πρὸς
2626 3304 2897 3371 θεοσεϐεῖς
2928 3294 3157 3365 ἐοοιεῖτο
3188 3311 3280 3366 τὸν
3317 3294 3504 3389 λόγον,
3556 3310 3701 3367 εἶδό-

290 3399 417 3472 pios
447 3397 815 3472 loquebatur,
837 3400 1086 3457 scientes
1110 3402 1182 3457 ab
1204 3419 1269 3458 eo
1292 3418 1397 3474 per
1426 3404 1779 3459 sententiam
1803 3420 1935 3476 pro-

289 3488 406 3545 lata
452 3490 705 3559 credere.
757 3490 957 3562 Neque
1006 3490 1164 3546 enim
1210 3508 1360 3548 nova
1406 3495 1573 3547 erant
1620 3493 1691 3548 ad
1735 3509 1936 3550 eorum

290 3579 797 3649 consuetudinem,
849 3596 974 3651 qua
1008 3580 1369 3636 dicebantur.
1405 3581 1671 3637 Secundo
1715 3587 1934 3650 autem,

293 3668 433 3739 quia
456 3668 681 3724 habens
712 3668 1067 3741 praeﬁnitum
1098 3669 1531 3741 praedicationis
1552 3674 1786 3743 tempus
1810 3689 1938 3744 pro-

292 3756 631 3813 bationibus
658 3774 772 3813 non
795 3757 1087 3826 utebatur,
1104 3774 1175 3813 ne
1194 3757 1254 3814 in
1272 3775 1573 3815 sermones
1594 3775 1766 3815 omne
1787 3758 1934 3817 illud

287 3848 525 3918 tempus
557 3845 898 3916 insumeret,
932 3846 1131 3918 sicque
1178 3847 1230 3903 ei
1279 3848 1661 3920 contingeret,
1696 3852 1761 3905 ut
1790 3849 1933 3905 dum

289 3938 673 4009 occuparetur
700 3936 762 3991 in
792 3935 1371 4007 interpretationibus
1392 3953 1712 4010 paucorum
1733 3938 1936 3995 verbo-

283 4039 438 4095 rum,
470 4040 601 4095 quaa
631 4040 766 4080 cum
797 4024 994 4080 labore
1026 4024 1206 4081 animi
1238 4030 1480 4097 possent
1510 4025 1930 4098 intelligi,doc-

278 4112 495 4168 trinam
520 4112 783 4168 veritatis
804 4129 921 4169 non
943 4112 1196 4169 multum
1220 4118 1600 4187 promoveret.
1632 4117 1833 4187 Itaque
1860 4116 1932 4172 de

281 4201 497 4272 quibus
524 4200 754 4257 volebat
788 4202 1224 4274 pronuntiabat,
1257 4208 1321 4259 ut
1354 4202 1565 4275 papulo
1590 4204 1801 4260 valenti
1834 4204 1929 4260 in-

281 4288 562 4357 telligere,
595 4306 665 4346 ex
692 4289 908 4362 quibus
946 4307 1053 4347 nos
1078 4290 1253 4348 etiam
1285 4308 1514 4364 sumus,
1548 4292 1649 4365 qui
1695 4293 1928 4365 quando

281 4378 361 4451 (id
395 4379 549 4449 quod
582 4395 713 4435 raro
740 4379 983 4452 accedit)
1014 4380 1085 4436 ab
1116 4397 1183 4437 eo
1213 4381 1369 4437 dicta
1400 4397 1517 4437 non
1566 4381 1928 4455 percipieba-

2045 3419 2142 3462 τας
2195 3398 2263 3453 τὰ
2324 3397 2587 3477 ἀποφάσει
2650 3398 2737 3453 ὑπ’
2806 3398 2968 3454 αὐτοῦ
3012 3398 3344 3478 ἐκφερόμενα
3399 3400 3696 3457 πιστεύειν·

2047 3486 2174 3544 οὐδὲ
2202 3489 2304 3563 γὰρ
2356 3488 2423 3557 ἦν
2475 3488 2595 3559 ξένα
2640 3494 2740 3557 τῆς
2789 3487 2962 3543 αὐτῶν
2998 3489 3281 3560 συνηθείας
3309 3491 3378 3545 τά
3408 3490 3696 3567 λεγόμενα.

2046 3577 2301 3653 Δεύτερον
2347 3574 2403 3632 δὲ
2460 3576 2541 3632 ὅτι
2585 3576 2917 3653 προθεσμίαν
2980 3575 3127 3653 ἔχων
3176 3578 3403 3655 κηρύξαι
3458 3586 3538 3653 τῷ
3592 3589 3694 3651 τῆς

2046 3664 2371 3738 ἀποδείξεως
2394 3665 2493 3721 οὐκ
2512 3665 2716 3741 ἐχρῆτο
2734 3665 2910 3742 Λόγῳ,
2935 3669 3086 3725 388
3111 3665 3197 3722 ἵνα
3226 3670 3300 3740 μὴ
3322 3668 3397 3731 εἰς
3421 3667 3623 3744 λόγους
3648 3673 3697 3707 π

2042 3756 2132 3811 τὸν
2192 3754 2364 3810 πάντα
2416 3756 2518 3825 τῆς
2575 3754 2912 3828 προθεσμίας
2972 3753 3192 3829 δαπανῷ
3230 3760 3273 3793 ³⁷
3322 3752 3541 3834 χρόνον,
3598 3759 3692 3812 καὶ

2041 3843 2215 3908 οὕτως
2244 3842 2390 3918 αὐτῷ
2418 3839 2774 3918 συμϐήσεταῖ,
2809 3842 2884 3906 εἷς
2924 3842 3123 3921 ὀλίγων
3181 3844 3357 3922 λόγων
3409 3845 3689 3909 ἐπιλύσεις

2040 3931 2459 4011 ἀσχολουμένῳ.
2492 3936 2599 3987 τῶν
2635 3932 2737 3987 ὑπὸ
2766 3930 2934 3987 πόνου
2965 3936 3151 4009 ψυχῆς
3183 3936 3418 3989 νοεῖσθαι
3452 3932 3691 4009 δυναμέ-

2037 4042 2167 4093 νων,
2195 4020 2319 4084 τοὺς
2345 4020 2577 4092 ἀληθείᾳ
2603 4019 2951 4099 νιαφέροντας
3001 4023 3076 4095 μὴ
3127 4021 3213 4076 ἐπὶ
3265 4022 3453 4078 πλεῖον
3507 4022 3690 4102 εἰσφέ-

2040 4132 2148 4189 ρειν
2179 4113 2222 4148 ³⁸
2273 4109 2496 4186 λόγους.
2547 4107 2768 4179 Ἐπειδὴ
2816 4109 2938 4186 περὶ
2990 4110 3063 4165 ὧν
3120 4110 3309 4180 ἤθελεν
3351 4112 3686 4181 ἀπεθαίνετο,

2038 4202 2113 4264 ὡς
2147 4199 2265 4273 λαῷ
2291 4205 2432 4255 νοεῖν
2472 4196 2773 4273 δυναμένῳ,
2825 4198 2915 4278 ἀφ’
2965 4200 3038 4255 ὧν
3086 4198 3243 4274 ἐσμεν
3290 4200 3378 4255 καὶ
3418 4203 3601 4274 ἡμεῖς,
3637 4200 3689 4257 ο’ί

2038 4290 2201 4347 ὁπότε
2230 4290 2363 4345 κατά
2390 4290 2453 4345 τὸ
2484 4289 2705 4344 σπάνιον
2735 4287 2836 4343 οὐκ
2880 4290 3181 4362 ἐτοήσαμέν
3228 4310 3281 4345 τι
3315 4292 3360 4326 ²⁹
3442 4295 3552 4345 τῶν
3600 4292 3688 4345 ὑπ’

2035 4378 2201 4434 αὐτοῦ
2255 4377 2549 4453 ῥηθέντων,
2602 4374 2715 4449 ἰδίᾳ
2762 4375 3185 4451 ἐπυνθανόμεθα,
3230 4379 3307 4452 μή
3334 4380 3469 4453 ἡμῖν
3500 4401 3552 4434 τι
3582 4384 3689 4435 τῶν

280 4483 416 4523 mus
446 4483 711 4524 seorsum
741 4468 1207 4539 sciscitabamur,
1238 4486 1310 4526 ne
1354 4470 1496 4544 quid
1541 4485 1745 4527 eorum
1799 4486 1928 4543 quas

2054 4469 2124 4524 ὐπ’
2156 4466 2319 4524 αὐτοῦ
2352 4466 2619 4544 ῥηθέντων
2654 4465 2887 4538 ἀνόητον
2917 4469 2962 4505 ³ο

278 4556 511 4613 dicebat
539 4556 709 4614 nobis
740 4560 897 4614 esset
927 4559 1263 4616 obscurum.

346 4644 469 4702 Vll.
502 4646 702 4702 Sciens
730 4662 887 4720 ergo,
920 4663 1027 4703 nos
1053 4652 1261 4704 cuncta
1288 4649 1362 4704 ab
1390 4664 1457 4705 eo
1506 4646 1734 4720 prolata
1786 4663 1923 4721 cog-

2103 4645 2228 4701 VII.
2260 4639 2437 4705 Εἰδὼς
2470 4642 2562 4698 οὗν
2598 4643 2750 4716 ἡμᾶς
2778 4644 2951 4699 πάντα
2981 4639 3190 4707 εἰδότας
3221 4646 3266 4683 ³¹
3309 4645 3377 4700 τὰ
3409 4645 3495 4700 ὑπ’
3524 4643 3693 4701 αὐτοῦ

280 4750 539 4806 noscere,
562 4751 629 4791 ac
659 4751 829 4806 posse
844 4735 1372 4793 demonstrationes
1386 4738 1663 4809 prabere,
1682 4737 1918 4808 quando

281 4824 441 4879 misit
471 4840 578 4880 nos
609 4824 680 4880 ad
712 4823 1014 4897 imperitas
1044 4830 1268 4898 gentes,
1290 4830 1355 4881 ut
1374 4843 1473 4882 eos
1490 4826 1926 4899 baptizaremus

280 4909 342 4966 in
373 4910 779 4969 remissionem
812 4917 1179 4985 peccatorum
1209 4913 1305 4986 (c),
1331 4914 1627 4986 praecepit,
1669 4917 1734 4969 ut
1762 4912 1927 4986 prius

2042 4732 2270 4810 ῥηθέντα
2314 4731 2404 4786 καὶ
2446 4732 2541 4793 τὰς
2596 4728 2898 4805 ἀποδείξεις
2960 4738 3266 4807 παηασχεῖν
3335 4730 3691 4805 δυναμένους,

2038 4822 2113 4884 εἷς
2141 4820 2208 4876 τὰ
2236 4821 2416 4894 ἀμαθῆ
2449 4815 2569 4889 ἔθνη
2605 4816 2957 4876 ἀποστέλλων
2989 4822 3161 4893 ἡμᾶς,
3191 4821 3465 4895 βαπτίζειν
3496 4821 3695 4885 αὐτοὺς

2040 4910 2115 4974 εἷς
2162 4910 2345 4989 ἄφεσιν
2397 4909 2700 4985 ἁμαρτιῶν,
2750 4906 3052 4965 ἐνετείλατο
3100 4910 3236 4982 ἡμῖν
3288 4910 3547 4987 πσότερον
3605 4907 3695 4966 δι-

353 5092 431 5166 (ιι)
464 5093 601 5149 Luc.
631 5108 796 5158 xvm,
827 5090 883 5148 6.
958 5091 1034 5163 (b)
1065 5090 1271 5148 Matth.
1302 5107 1382 5163 xx,
1412 5092 1503 5147 25.
1579 5090 1649 5163 (ο)
1681 5089 1889 5148 Matth.
1920 5108 1942 5148 ι

2058 5106 2120 5160 ιι,
2151 5090 2241 5147 19.

1646 5313 1890 5370 νΑιιυΕ
1930 5312 2352 5372 LECTIONES.

359 5467 401 5540 1⁸
432 5465 478 5520 εἰ
508 5468 573 5523 Ο.
652 5468 697 5505 ¹⁰
725 5468 811 5524 Ita
838 5472 883 5526 Ο
905 5473 970 5540 et
997 5484 1065 5525 ex
1096 5468 1339 5540 conject.
1372 5470 1432 5540 C,
1457 5465 1665 5540 inqcuj.
1696 5469 1854 5523 textu
1884 5463 2248 5540 misExcidit
2279 5480 2372 5540 ap.
2404 5462 2485 5518 Cl.
2519 5466 2577 5519 et
2600 5462 2663 5540 8Ζ
2734 5463 2782 5540 ’ξ’
2809 5462 3142 5540 καίᾼοωηο.
3218 5464 3266 5540 fl}
3300 5460 3432 5540 χθές
3449 5465 3511 5520 0.
3538 5462 3692 5540 Tum

287 5538 534 5610 ἐνάργεια
578 5540 728 5610 conj.
762 5540 867 5609 CL,
899 5538 1158 5648 ἐνέργειαν
1192 5534 1251 5611 C,
1283 5544 1347 5594 Ο.
1382 5539 1427 5573 ²²
1458 5534 1708 5665 ἐνάρέεια
1762 5554 1832 5592 ex
1888 5538 2135 5609 conject.
2190 5537 2271 5599 Cl,
2318 5534 2571 5611 ίένεργεια
2626 5538 2686 5604 C,
2744 5537 2808 5591 Ο.
2884 5538 2929 5573 ²³
2986 5534 3074 5589 καὶ
3120 5534 3341 5621 melius
3366 5537 3601 5591 abesset
3629 5535 3692 5591 S.

287 5611 335 5647 ⁸⁸
363 5608 593 5665 Χριστός
624 5612 758 5665 add.
791 5629 842 5665 ο.
875 5616 939 5665 0.
1042 5614 1063 5648 ⁵
1091 5613 1229 5665 Post
1256 5614 1423 5664 ταῦτα
1450 5626 1571 5665 exci
1619 5614 1663 5664 1t
1693 5609 1934 5664 fortasse
1964 5612 2179 5665 πρῶτον
2217 5607 2334 5665 μέν.
2366 5607 2425 5665 S.
2507 5607 2549 5649 ιδ
2579 5602 2745 5665 λόγον
2776 5610 2842 5663 Ο.
2920 5608 2965 5643 ³⁷
2997 5604 3205 5665 δαπανα
3232 5611 3293 5663 Ο.
3374 5607 3419 5642 ²⁸
3450 5603 3692 5665 ἐκφέρειν

287 5611 335 5647 ⁸⁸
363 5608 593 5685 Χριστός
624 5608 758 5667 add.
791 5629 842 5669 ο.
875 5616 939 5669 0.
982 5608 990 5614 ’
1018 5608 1063 5648 ³⁵
1091 5608 1423 5685 Post-cauta
1450 5608 1571 5666 exci

1619 5611 1663 5664 it
1693 5609 1934 5664 fortasse
1964 5602 2179 5680 ⁸ιῖριῖιότον
2216 5607 2334 5680 μέν.
2366 5602 2427 5676 S,
2464 5602 2474 5609 ’
2507 5602 2745 5680 ιδᾲλόγον
2776 5610 2842 5663 Ο.
2920 5608 2965 5643 ³⁷
2997 5604 3205 5680 δαπανᾷ
3232 5611 3293 5663 Ο.
3374 5607 3419 5642 ²⁸
3450 5603 3692 5680 ἐκφέρειν

288 5680 560 5755 propopit
587 5686 666 5755 8.7
720 5685 767 5719 ³⁸
793 5703 846 5737 τι
878 5684 1081 5740 deesse
1106 5682 1251 5755 vidit
1278 5682 1317 5755 S
1340 5697 1353 5737 :
1380 5683 1499 5751 jam
1535 5680 1781 5755 accessit
1811 5696 1879 5735 ex
1906 5684 1971 5736 0.
1997 5680 2207 5755 Postea
2241 5681 2314 5752 μή

2348 5696 2399 5734 ο.
2432 5676 2684 5734 Credner
2710 5679 2879 5735 Beitr.
2912 5695 2949 5735 ι.
2981 5681 3087 5737 297
3112 5676 3239 5749 me
3261 5684 3506 5752 uterque
3524 5676 3690 5734 ham.

290 5748 447 5822 ἒοᾱζ,
471 5748 561 5805 ἳνα
595 5754 669 5825 μή
703 5758 855 5828 conj.
888 5759 947 5811 Ο.
1022 5757 1067 5792 ⁸ο
1099 5754 1176 5828 μὴ
1206 5748 1435 5824 ἀνόητον
1468 5770 1526 5825 p.
1562 5750 1789 5822 ἀνόητον
1816 5755 1883 5808 Ο.
1963 5754 2008 5789 ³¹
2040 5748 2251 5813 εἰδότας
2278 5748 2450 5805 πάντα
2482 5753 2540 5804 C.

4066 4050 4073 4113 ἰ

4070 4134 4075 4207 ξ

4066 4214 4075 4255 i

4068 4262 4077 4333 ἓ

4062 4336 4079 4447 Ξ
