4082 6208
406 297 520 357 395

1230 292 1295 351 S.
1342 289 1780 352 CLEMENTIS
1829 290 1851 351 Ι
1902 289 2090 352 ItOM.
2140 292 2367 352 PONT.
2416 290 2677 352 OPERA
2722 292 2986 355 DUBIA.

3693 295 3818 356 396

406 432 526 482 tero
557 426 738 480 Deum
769 421 1093 489 vereri,nisi
1123 439 1231 477 nos
1262 421 1529 478 homines
1562 422 1751 479 multa
1781 423 1893 479 alia
1924 439 2040 478 me-

2162 419 2376 495 ἐλέγετο
2412 422 2486 494 μὴ
2523 418 2631 475 δεῖν
2665 421 2791 476 Θεὸν
2826 417 3130 498 φοϐεῖσθαι,
3162 422 3208 477 εἰ
3243 420 3317 495 μή
3347 421 3531 478 πολλά
3567 420 3731 499 ἕτερα
3764 425 3820 478 οἱ

406 521 705 570 tueremus
740 530 751 567 :
785 512 912 567 dico
961 516 1154 567 autem
1190 511 1471 568 similium
1504 511 1771 578 insidias,
1806 514 1877 568 ad
1926 512 2046 567 haec

405 603 576 669 feras,
628 606 948 673 serpentes,
1001 601 1256 672 morbos,
1321 600 1703 672 calamitates,
1753 601 2045 656 daamones

404 690 635 761 aliaque
678 690 1044 755 infinita.Qui
1073 705 1207 761 ergo
1239 707 1272 744 a
1306 690 1472 745 nobis
1505 688 1784 761 postulat,
1819 695 1882 745 ut
1929 706 2045 745 non

400 779 717 835 timeamus
750 785 951 845 Deum,
984 796 1089 833 nos
1124 779 1195 834 iis
1218 778 1445 849 liberet,
1471 796 1585 851 quo
1614 796 1801 850 neque
1832 795 1899 834 ea
1931 795 2047 834 me-

399 872 660 925 tuamus.
695 870 858 935 Quod
890 868 937 924 si
970 885 1086 923 non
1118 872 1326 940 potest,
1357 867 1495 939 quid
1530 868 1913 940 impedit,quo
1945 868 2047 923 mi-

401 974 515 1014 nus
545 976 647 1030 per
675 975 857 1013 unum
876 974 1013 1030 erga
1036 956 1333 1029 justitiam
1370 958 1635 1012 timorem
1654 956 1812 1013 mille
1844 957 2047 1029 eripia-

398 1064 534 1103 mur
562 1047 905 1113 terroribus,
938 1052 994 1103 et
1045 1064 1147 1118 per
1176 1047 1407 1102 brevem
1459 1062 1597 1118 erga
1641 1050 1818 1101 Deum
1870 1047 2045 1101 ﬁdem

400 1136 743 1193 innumeras
759 1143 815 1193 et
833 1140 1063 1192 nostras
1080 1140 1136 1191 et
1152 1134 1400 1190 aliorum
1429 1134 1835 1207 perpessiones
1858 1138 2047 1191 trans-

401 1225 678 1293 feramus,
712 1225 1069 1297 insuperque
1101 1224 1458 1296 accipiamus
1503 1224 1792 1280 bonorum
1826 1241 2045 1281 merce-

401 1315 555 1382 dem,
592 1320 764 1385 atque
794 1318 1028 1387 propter
1068 1314 1339 1369 timorem
1371 1318 1582 1368 cuncta
1636 1312 2047 1385 conspicientis

398 1404 523 1471 Dei,
558 1403 702 1459 nihil
735 1404 873 1460 mali
905 1408 1160 1475 agentes,
1184 1403 1356 1460 etiam
1389 1402 1448 1457 in
1485 1402 1589 1458 hac
1618 1402 1731 1459 vita
1763 1404 2047 1475 degamus

404 1509 536 1548 cum
573 1510 713 1565 pace
734 1493 761 1548 ?

472 1584 595 1638 XII.
628 1582 722 1638 Sic
754 1586 920 1655 grata
948 1582 1006 1637 in
1038 1598 1239 1637 verum
1270 1580 1587 1637 Dominum
1635 1581 1885 1637 servitus
1916 1580 2047 1638 reli-

404 1688 550 1744 quos
580 1689 783 1728 omnes
831 1671 890 1725 in
920 1670 1191 1727 libertate
1239 1670 1563 1726 constituit.
1599 1671 1659 1726 Si
1690 1687 1825 1744 ergo
1859 1674 2050 1742 potest

403 1761 536 1832 quis
566 1761 787 1832 absque
835 1760 1043 1816 timore
1079 1760 1173 1815 Dei
1220 1776 1336 1815 non
1386 1776 1643 1831 peccare,
1699 1776 1770 1814 ne
1822 1760 2044 1815 timeat.

401 1849 554 1904 Licet
586 1850 742 1904 enim
775 1849 1059 1905 charitate
1076 1865 1213 1921 erga
1242 1848 1685 1921 eum,quodipsi
1719 1848 2042 1920 displiceat,

402 1955 516 1993 non
549 1940 755 1994 facere.
789 1937 1037 2009 Etenim,
1072 1942 1135 1992 ut
1165 1938 1460 2006 timeatur,
1507 1937 1793 2009 scriptum
1826 1941 1933 2005 est,
1967 1942 2043 2006 et,

403 2032 466 2083 ut
498 2027 793 2099 diligatur,
830 2032 1181 2099 praeceptum
1211 2032 1319 2095 est,
1354 2045 1469 2099 quo
1504 2028 1914 2100 unusquisque
1941 2043 2045 2099 pro

399 2117 678 2188 temperie
709 2134 817 2172 sua
857 2116 1221 2173 convenienti
1266 2121 1465 2172 utatur
1512 2117 1790 2173 remedio.
1825 2117 2047 2172 Timete

401 2222 537 2277 ergo
572 2205 759 2272 illum,
794 2207 936 2278 quia
966 2212 1056 2262 est
1086 2207 1298 2276 justus.
1333 2206 1464 2262 Sive
1494 2205 1675 2278 igitur
1706 2206 1893 2275 veriti,
1926 2206 2048 2261 sive

403 2295 731 2367 diligentes,
764 2313 835 2350 ne
868 2296 1138 2367 peccetis.
1170 2295 1405 2351 Utinam
1438 2302 1636 2351 autem
1687 2296 1905 2350 timens
1943 2294 2046 2349 ali-

403 2384 532 2454 quis
581 2384 799 2440 illicitis
852 2384 1274 2456 cupiditatibus
1322 2384 1677 2452 dominetur,
1712 2384 1901 2439 aliena
1932 2401 2046 2439 non

403 2473 708 2541 desideret,
763 2472 1189 2528 humanitatem
1238 2478 1519 2541 exerceat,
1569 2477 1905 2545 temperans
1948 2472 2045 2541 sit,

397 2564 560 2635 juste
608 2566 758 2634 agat.
794 2562 974 2617 Video
1024 2561 1179 2617 enim
1212 2561 1528 2617 nonnullos
1557 2562 1616 2616 in
1660 2562 1869 2618 timore
1916 2563 2045 2633 ejus

403 2651 771 2721 imperfectos
827 2649 1082 2721 plurima
1138 2666 1396 2723 peccare.
1453 2651 1654 2721 Itaque
1712 2655 2043 2707 metuamus

406 2740 613 2807 Deum,
648 2756 752 2794 nec
782 2744 1011 2795 tantum
1040 2740 1177 2811 quia
1200 2740 1401 2810 justus
1430 2739 1693 2797 est.Nam
1724 2739 1941 2809 injuria
1972 2741 2049 2794 af-

404 2830 686 2883 fectorum
721 2828 995 2884 misertus
1026 2828 1305 2899 injuriam
1336 2829 1651 2885 inferentes
1679 2830 1868 2901 punit.
1887 2831 2051 2887 Sicut

403 2918 583 2990 igitur
607 2935 758 2989 aqua
787 2918 1074 2990 extinguit
1097 2919 1310 2991 ignem,
1340 2917 1419 2973 ita
1450 2923 1506 2973 et
1536 2917 1711 2973 timor
1760 2919 2048 2990 cupidita-

400 3009 516 3062 tem
550 3007 835 3062 malorum
868 3007 1203 3071 evertit.Qui
1223 3007 1451 3062 timoris
1482 3007 1830 3063 vacuitatem
1856 3009 2044 3077 docet,

400 3112 588 3167 neque
634 3097 759 3169 ipse
790 3097 989 3165 timet;
1023 3097 1122 3168 qui
1171 3113 1305 3152 vero
1340 3114 1453 3152 non
1486 3097 1672 3167 timet,
1736 3098 2043 3169 nequeju-

2156 506 2430 584 ἅνθρωποι
2457 505 2821 587 ἐφοϐούμεθα,
2856 509 3002 585 λέγω
3035 509 3091 565 δὲ
3123 514 3167 547 ⁷⁵
3198 512 3290 572 τὰς
3340 511 3398 567 ἐκ
3442 519 3551 567 τῶν
3600 514 3815 586 ὁμοίων

2156 594 2475 667 ἐπιϐουλὰς,
2509 598 2583 655 ἔτι
2626 621 2685 654 τε
2733 600 2916 676 θηρία,
2950 600 3166 673 ἑρπετὰ,
3207 600 3414 673 νόσους,
3470 604 3640 674 πάθη,
3695 601 3817 657 δαίο

2159 709 2324 760 μονας
2353 688 2441 743 καὶ
2475 688 2618 744 ἄλλα
2653 688 2836 765 μυρία.
2870 690 2930 746 Ὀ
2961 688 3051 743 οὖν
3080 692 3227 761 ἡμᾶς
3275 690 3434 763 ἀξιῶν
3493 692 3569 763 μὴ
3624 686 3813 769 φοϐεῖ-

2156 781 2274 831 σθαι
2307 778 2457 847 Θεὸν,
2488 777 2693 832 τούτων
2727 780 2872 850 ἡμᾶς
2907 777 3173 854 ῥυσάσθω,
3204 778 3296 834 ’ίνα
3329 777 3470 853 μηδὲ
3498 785 3666 835 ταῦτα
3710 803 3807 860 φο-

2155 861 2399 939 ϐώμεθα.
2433 867 2496 921 Εἰ
2528 864 2585 921 δὲ
2618 866 2678 922 οὐ
2710 864 3015 940 δόναται,τί
3048 869 3180 941 ἡμῖν
3214 870 3395 946 φθονεῖ
3424 873 3489 938 ⁷⁸,
3525 870 3598 924 ἑνὶ
3631 866 3805 948 φόϐῳ,

2152 960 2230 1026 τῷ
2258 956 2394 1031 πρὸς
2421 957 2484 1010 τὸ
2516 953 2744 1030 δίκαιον,
2782 955 2985 1030 μυρίων
3018 954 3400 1033 ἀπαλλαγῆναι
3430 953 3629 1036 φόϐων,
3648 961 3737 1014 καί
3765 963 3805 997 ⁷⁷

2159 1044 2389 1119 βραχείᾳ
2434 1049 2503 1119 τῇ
2556 1046 2691 1120 πρὸς
2742 1044 2898 1100 αὐτὸν
2950 1045 3122 1102 πίστει
3177 1047 3343 1123 μυρία
3372 1047 3512 1119 πάθη
3538 1051 3620 1103 καί
3674 1051 3792 1105 ἑαυ-

2153 1137 2258 1187 τῶν
2313 1134 2402 1188 καὶ
2460 1131 2644 1189 ἄλλων
2704 1135 3040 1207 μετατιθέναι
3100 1132 3322 1191 δυνατὸν
3372 1136 3629 1213 γενέσθαι,
3666 1140 3797 1211 μετά

2151 1225 2248 1276 τοῦ
2306 1222 2394 1277 καὶ
2452 1217 2689 1296 ἀμοιϐὴν
2749 1223 2958 1300 ἀγαθῶν
3027 1222 3446 1300 προσδέχεσθαι,
3508 1227 3597 1280 καὶ
3665 1228 3808 1297 αἰτίᾳ

2155 1306 2326 1389 φόϐου
2354 1317 2450 1366 τοῦ
2481 1311 2653 1367 πάντα
2684 1313 2921 1388 ὁρῶντος
2977 1318 3110 1369 Θεοῦ
3153 1312 3321 1387 μηδὲν
3354 1321 3536 1378 κακῶς
3567 1319 3609 1352 ⁷⁸
3642 1318 3809 1389 πράσ-

2157 1421 2343 1464 σοντας
2374 1401 2463 1456 καὶ
2496 1401 2547 1457 ἐν
2579 1406 2657 1473 τῷ
2694 1402 2919 1478 παρόντι
2946 1402 2997 1457 ἐν
3035 1403 3222 1478 εἰρήνῃ
3249 1401 3536 1459 διατελεῖν.

2229 1585 2342 1635 XII.
2378 1578 2561 1642 Οὕτως
2590 1582 2625 1650 ἡ
2657 1580 2790 1656 πρὸς
2818 1581 2909 1635 τὸν
2957 1575 3127 1643 ὅντως
3179 1581 3452 1652 Δεσπότην
3504 1582 3810 1658 εὐγνώμων

2158 1665 2378 1724 δουλεία
2406 1669 2532 1731 τοὺς
2586 1668 2815 1732 λοιποὺς
2865 1672 2910 1707 7°
2954 1669 3156 1732 πάντας
3206 1668 3520 1745 ἐλευθέρους
3568 1673 3814 1742 τίθησιν.

2157 1758 2219 1812 Ei
2258 1758 2349 1830 μὲν
2383 1757 2471 1812 οὖν
2503 1780 2608 1813 τινι
2651 1756 2868 1814 δυνατόν
2915 1757 3045 1832 ἐστι,
3080 1758 3197 1815 ἄνευ
3245 1765 3341 1814 τοῦ
3393 1756 3673 1838 φοϐεῖσθαι
3718 1763 3814 1817 τὸν

2155 1847 2281 1902 Θεὸν
2333 1848 2409 1920 μή
2462 1846 2804 1923 ἁμαρτάνειν,
2853 1850 2928 1920 μὴ
2997 1843 3265 1926 φοϐείσθω
3314 1852 3378 1906 ⁸ο.
3432 1853 3639 1920 Ἔξεστι
3710 1853 3815 1927 γάρ

2155 1934 2334 2011 ἀγάπῃ
2358 1940 2425 2009 τῇ
2458 1936 2593 2012 πρὸς
2616 1936 2772 1991 αὐτὸν
2806 1937 2834 1992 ὃ
2866 1936 3010 2009 αὖτῷ
3044 1938 3119 2010 μὴ
3155 1934 3288 2011 δοκῇ
3318 1940 3359 1975 ⁸⁸
3401 1940 3475 2011 μὴ
3529 1942 3817 2014 πράττειν.

2154 2024 2253 2079 Καί
2302 2024 2406 2100 γὰρ
2460 2020 2767 2103 φοϐηθῆναι
2816 2027 3139 2103 γέγραπται,
3192 2027 3281 2081 καὶ
3334 2028 3543 2101 ἀγαπᾷν
3594 2031 3815 2105 παρήγ-

2154 2110 2477 2188 γελταιο⁸ίνα
2532 2114 2667 2189 πρὸς
2722 2115 2823 2183 τὴν
2884 2113 3049 2169 αὐτοῦ
3101 2111 3320 2177 ἕκαστος
3375 2121 3564 2191 κρᾶσιν
3624 2116 3822 2188 ἐπιτη-

2156 2198 2285 2274 δείῳ
2340 2204 2617 2279 χρήσηται
2676 2202 2965 2277 φαρμάκῳ.
3000 2198 3262 2258 Φοϐεῖσθε
3300 2201 3391 2258 οὖν
3439 2204 3595 2259 αὐτόν
3628 2208 3691 2273 ⁸³,
3724 2205 3818 2259 ὅτι

2156 2286 2363 2353 δίκαιός
2412 2290 2572 2348 ἐστιν.
2606 2290 2729 2346 Εἴτε
2778 2295 2927 2351 345
2980 2291 3071 2347 οὖν
3125 2288 3484 2371 φοϐούμενοι,
3518 2290 3619 2349 εἷ’τε
3672 2295 3814 2369 ἀγα-

2155 2385 2380 2450 πῶντες,
2418 2382 2493 2454 μὴ
2538 2383 2891 2456 ἁμαρτάνετε.
2927 2382 3141 2437 Γένοιτο
3191 2380 3247 2436 δὲ
3299 2378 3641 2459 φοϐούμενόν
3684 2405 3817 2438 τινα

2158 2466 2370 2539 ἡδονῶν
2403 2469 2620 2543 ἀνόμων
2652 2475 2864 2546 κρατεῖν
2899 2468 3173 2540 δύνασθαι,
3207 2469 3474 2547 ἀλλότρια
3508 2473 3584 2543 μὴ
3618 2471 3810 2527 ἐπιθυ-

2165 2565 2303 2633 μεῖν,
2368 2557 2778 2636 φιλανθρωπίαν
2846 2560 3046 2631 ἀσκεῖν,
3107 2566 3418 2637 σωφρονεῖν,
3489 2559 3821 2637 δικαιοπρα-

2162 2653 2297 2722 γεῖν.
2330 2648 2469 2722 Ὁρῶ
2498 2646 2598 2724 γάρ
2628 2668 2776 2709 τινας
2802 2646 3010 2710 ἀτελεῖς
3058 2652 3139 2720 τῷ
3185 2650 3321 2724 πρὸς
3369 2649 3525 2703 αὐτὸν
3578 2646 3734 2728 φόϐῳ
3771 2654 3823 2688 ⁸⁸

2158 2735 2385 2791 πλεῖστα
2416 2736 2838 2812 ἁμαρτάνοντας.
2875 2732 3215 2809 Φοϐηθῶμεν
3263 2736 3351 2792 οὗν
3401 2739 3492 2792 τὸν
3542 2740 3689 2805 Θεὸν,
3725 2742 3818 2813 μή

2158 2826 2318 2900 μόνον
2366 2821 2449 2879 ὅτι
2506 2824 2711 2887 δίκαιός
2761 2825 2921 2882 ἐστιν,
2959 2826 3155 2881 Ἐλεῶν
3202 2828 3303 2901 γαρ
3352 2828 3479 2889 τοὺς
3526 2825 3815 2901 ἠδικημέ-

2153 2937 2278 2977 νους
2335 2921 2571 2990 τιμωρεῖ
2625 2914 2751 2978 τοὺς
2806 2913 3160 2986 ἠδικηκότας.
3209 2917 3297 2977 Ὡς
3347 2917 3436 2970 οὗν
3502 2914 3647 2992 ὕδωρ
3695 2922 3817 2994 πῦρ

2154 3000 2451 3074 σϐέννυσιν,
2506 3004 2677 3066 οὕτως
2728 3004 2816 3058 καί
2865 2999 3033 3083 φόϐος
3077 3007 3175 3074 τήν
3225 3010 3330 3060 τῶν
3385 3010 3563 3060 κακῶν
3616 3005 3813 3069 ἐπιθυ-

2158 3094 2278 3167 μίαν
2312 3093 2536 3168 ἀναιρεῖ.
2568 3096 2626 3150 Ὀ
2657 3089 2883 3171 ἀφοϐίαν
2935 3091 3198 3148 διδάσκων
3251 3092 3363 3148 οὐδ’
3410 3093 3569 3157 αὐτὸς
3620 3090 3815 3172 9.065?-

396 3184 615 3239 dicium
649 3188 768 3241 fore
816 3186 1018 3257 credit,
1052 3186 1400 3257 cupiditates
1448 3190 1641 3258 auget,
1675 3203 1883 3259 magus
1929 3192 2035 3257 est,

2154 3204 2257 3255 ται,
2292 3184 2318 3237 ὁ
2351 3180 2407 3237 δὲ
2440 3183 2516 3255 μὴ
2550 3177 2885 3260 φοϐούμενος
2918 3180 3041 3236 οὐδὲ
3072 3182 3242 3257 κρίσιν
3286 3178 3491 3237 ἔσεσθαι
3541 3184 3812 3255 πιστεόει,

400 3273 545 3331 alios
578 3275 637 3330 in
665 3274 759 3344 iis,
793 3292 919 3347 quas
948 3274 1073 3347 ipse
1105 3274 1261 3344 facit,
1296 3275 1663 3330 criminatur.

468 3453 614 3508 XIII.
651 3453 750 3508 His
780 3451 1016 3518 auditis,
1052 3451 1254 3507 Simon
1285 3451 1723 3525 interrumpens
1756 3452 1837 3509 ait
1869 3470 1880 3509 :
1908 3454 2038 3511 Scio

397 3542 466 3597 ad
500 3558 673 3614 quem
707 3541 821 3597 ista
847 3541 1153 3596 dicas:sed
1187 3556 1258 3596 ne
1289 3558 1394 3613 ego
1424 3542 1625 3597 eadem
1658 3543 1729 3597 ad
1762 3547 1818 3598 te
1848 3544 2040 3599 redar-

394 3634 690 3703 guendum
721 3630 1563 3703 loquenstempusimpendam
1596 3632 1800 3704 inquae
1831 3632 2034 3705 nolim,

394 3722 463 3775 ad
500 3720 665 3776 nobis
696 3721 936 3776 definita
967 3720 1275 3791 responde.
1307 3719 1599 3775 Gloriatus
1630 3736 1785 3787 es,ac
1814 3722 2035 3792 dixisti,

389 3815 447 3865 te
477 3807 1046 3882 abundeintelligere
1072 3808 1331 3881 Magistri
1352 3808 1437 3864 tui
1464 3810 1864 3881 res,quoniam
1898 3829 2036 3883 praa~

391 3916 527 3955 sens
556 3899 753 3954 vidisti
804 3916 868 3953 ac
916 3898 1153 3954 audiisti
1185 3914 1317 3953 eum
1368 3897 1679 3967 evidenter,
1713 3917 1817 3955 nec
1863 3917 2033 3971 posse

389 3990 725 4060 quempiam
757 3987 936 4042 alium
970 3986 1160 4041 simile
1191 3987 1329 4058 quid
1363 4003 1464 4057 per
1493 3993 1784 4059 spcctrum
1816 3995 1917 4043 aut
1949 3990 2031 4045 vi-

384 4079 608 4133 sionem
638 4076 1040 4140 habere.Quod
1070 4091 1203 4130 vero
1235 4074 1342 4129 hoc
1360 4074 1571 4130 falsum
1606 4075 1682 4131 sit
1699 4079 2025 4134 ostendam.

384 4166 491 4230 Qui
522 4165 674 4221 clare
720 4164 884 4220 audit
914 4162 1191 4234 aliquem,
1223 4181 1335 4218 non
1385 4164 1543 4219 omni
1574 4180 1642 4220 ex
1683 4170 1845 4236 parte
1894 4183 2028 4238 per-

382 4256 663 4311 suadetur
688 4254 757 4309 de
787 4252 1173 4309 dictis.Habet
1202 4254 1356 4307 enim
1390 4269 1556 4309 mens
1587 4255 1715 4324 ejus
1747 4256 2023 4327 cogitare,

381 4360 524 4398 num
555 4343 651 4398 ille
682 4342 1019 4410 mentiatur,
1049 4343 1250 4411 utpote
1281 4340 1476 4411 homo,
1510 4342 1835 4398 secundum
1868 4344 2023 4415 quod

378 4437 638 4505 apparet.
675 4436 741 4487 At
766 4430 934 4498 visio,
957 4428 1133 4486 simul
1159 4446 1224 4485 ac
1255 4429 1705 4501 contigit,{idem
1737 4432 1878 4487 facit
1906 4449 2026 4488 cer-

2146 3272 2241 3334 τὰς
2292 3270 2579 3343 ἐπιθυμίας
2628 3267 2795 3344 αὔξει,
2846 3271 3084 3347 μαγεύει,
3121 3269 3323 3333 ἄλλους
3374 3270 3452 3348 ἐφ’
3499 3274 3581 3334 οἷς
3644 3272 3811 3335 αὐτὸς

2148 3360 2370 3438 πράσσει
2405 3355 2713 3416 διαϐάλλει.

2218 3457 2356 3507 XIII.
2388 3448 2564 3504 Ταῦτα
2609 3451 2636 3503 ὁ
2691 3448 2877 3523 Σίμων
2919 3448 3129 3504 ἀκούων
3185 3448 3448 3523 ἐπικύψας
3508 3447 3629 3528 ἔφη’
3666 3449 3808 3505 Οἶδα

2145 3540 2279 3615 πρὸς
2326 3538 2445 3593 τίνα
2490 3542 2657 3592 ταῦτα
2707 3535 2905 3613 λέγεις,
2938 3534 3181 3593 ἀλλ’ἵνα
3234 3538 3310 3609 μή
3357 3536 3519 3600 αὐτὸς
3563 3538 3626 3592 τὰ
3658 3538 3809 3593 αὐτὰ

2147 3628 2317 3705 λέγων
2351 3628 2484 3701 πρὸς
2511 3627 2574 3681 τὸ
2628 3625 2871 3702 ἐλέγχειν
2906 3648 2961 3681 σε
3009 3624 3229 3681 δαπανῶ
3278 3626 3366 3680 τὸν
3408 3626 3605 3703 ’χρόνον
3654 3625 3729 3689 εἷς
3770 3627 3809 3681 ἆ

2148 3718 2223 3791 μὴ
2254 3716 2419 3789 θέλω,
2450 3717 2588 3793 πρὸς
2615 3715 2683 3770 τά
2712 3715 2991 3791 ὁρισθέντα
3021 3718 3155 3789 ἡμῖν
3190 3714 3474 3791 ἀπόκριναι
3504 3717 3808 3790 ⁸⁴.Ἑπηγ-

2140 3805 2333 3882 γείλω,
2363 3807 2559 3867 ἱκανῶς
2607 3806 2913 3875 νενοηκέναι
2963 3825 3020 3859 σε
3065 3804 3132 3859 τὰ
3175 3809 3273 3859 τοῦ
3322 3801 3658 3859 Διδασκάλου
3696 3825 3804 3860 σου

2142 3894 2344 3969 λέγων,
2378 3892 2466 3948 διὰ
2494 3895 2556 3948 τὸ
2597 3892 2837 3969 παρόντα
2886 3892 3129 3967 ἐναργείᾳ
3156 3895 3200 3928 ⁸⁵
3258 3894 3385 3969 ὁρᾷν
3442 3891 3533 3947 καὶ
3581 3893 3799 3948 nixo-352v

2139 3984 2323 4053 αὐτοῦ,
2356 3983 2444 4038 καὶ
2494 3984 2661 4058 ἑτέρῳ
2709 3983 2816 4036 τινὶ
2870 3982 2943 4054 μή
2996 3979 3216 4036 δυνατὸν
3284 3982 3417 4037 εἶναι
3471 3983 3703 4056 ὁράματι
3757 3985 3795 4053 ἢ

2142 4072 2371 4144 ὀπτασίᾳ
2402 4071 2544 4147 ἔχειν
2576 4072 2637 4127 τὸ
2670 4070 2882 4143 ὅμοιον.
2920 4072 3042 4128 ’Ότι
3074 4068 3130 4125 δὲ
3166 4074 3327 4126 τοῦτο
3378 4068 3574 4145 ψεῦδός
3625 4071 3795 4141 ἐστιν,

2139 4159 2313 4233 δείξω.
2347 4164 2403 4215 Ὀ
2437 4161 2668 4237 ἐναργῶς
2702 4160 2911 4215 ἀκούων
2942 4160 3088 4220 τινὸς
3121 4159 3181 4214 οὐ
3227 4159 3365 4215 πάνυ
3412 4158 3795 4239 πληροφορεῖς

2133 4272 2219 4307 ται
2250 4250 2335 4305 ἐπὶ
2368 4256 2485 4313 τοῖς
2517 4250 2865 4325 λεγομένοις.
2895 4250 3053 4325 Ἔχει
3081 4249 3183 4325 γὰρ
3216 4250 3243 4304 ὁ
3274 4252 3396 4312 νοῦς
3428 4249 3595 4303 αὐτοῦ
3627 4248 3795 4325 λογί-

2134 4342 2342 4409 σασθαι,
2374 4341 2448 4413 μή
2500 4340 2602 4413 ἄρα
2649 4335 2920 4412 ψεύδεται,
2953 4338 3237 4410 ἄνθρωπος
3288 4334 3361 4393 ὢν
3412 4338 3473 4392 τὸ
3524 4338 3793 4416 φαινόμε-

2131 4451 2241 4486 νον.
2276 4433 2334 4486 ἸΙ
2370 4428 2427 4484 δὲ
2460 4426 2691 4483 ὀπτασία
2720 4430 2832 4500 ἅμα
2878 4431 2957 4499 τῷ
3008 4427 3216 4504 ὀφθέντι
3246 4429 3292 4464 ⁸⁸
3320 4426 3499 4483 πίστιν
3557 4429 3791 4503 παρέχει

379 4522 559 4588 nenti,
594 4522 746 4594 quod
778 4518 1060 4577 Divinitas
1090 4519 1185 4575 sit.
1206 4519 1294 4573 Ad
1324 4519 1433 4574 hoc
1465 4518 1609 4574 mihi
1641 4519 1899 4591 primum
1930 4537 2017 4576 re-

2154 4520 2208 4592 :q”;
2240 4520 2454 4595 ὁρῶντι,
2486 4516 2570 4573 ὅτι
2604 4515 2818 4585 θειότης
2847 4514 3009 4573 ἐστίν.
3037 4516 3179 4591 Πρὸς
3209 4516 3372 4572 τοῦτό
3408 4538 3505 4591 μοι
3564 4521 3790 4593 πρῶτον

378 4613 685 4757 ΒρὶῖῗὲϐοΕι
716 4701 919 4756 Petrus
950 4698 1033 4753 ait
1063 4714 1077 4753 :
1112 4696 1285 4752 Aliud
1319 4698 1678 4769 proposuisti
1720 4698 1930 4769 dicere,
1966 4705 2023 4757 et

377 4791 535 4847 aliud
566 4791 796 4847 locutus
825 4786 1277 4859 es.Proposuisti
1308 4787 1485 4855 enim,
1511 4789 1663 4859 quod
1699 4790 1884 4860 possit
1912 4789 2020 4846 ali-

375 4881 509 4954 quis
538 4881 782 4936 audiens
814 4877 946 4950 plus
978 4875 1299 4948 intelligere
1331 4882 1387 4933 et
1417 4875 1475 4931 in
1497 4893 1690 4933 rerum
1724 4879 1899 4933 fidem
1931 4895 2019 4934 ve-

2135 4609 2441 4664 ἀπόκριναι.

2204 4640 2357 4755 διὶϐ
2390 4697 2530 4753 XIV.
2567 4694 2663 4749 Καὶ
2698 4696 2725 4749 ὂ
2757 4695 2960 4767 Πέτρος
2990 4692 3089 4772 ἔφη
3134 4696 3197 4731 ⁸⁷·
3234 4693 3326 4756 Εἷς
3376 4692 3515 4751 ἄλλο
3564 4696 3795 4771 προτεί-

2130 4807 2222 4849 νας
2269 4786 2456 4855 εἶπεῖν,
2488 4784 2563 4847 εἷς
2614 4780 2795 4858 ἕτερον
2857 4782 3148 4857 ἀπεκρίνου
3196 4786 3261 4840 ⁸⁸.
3313 4783 3631 4859 Προέτεινας
3676 4784 3786 4861 γὰρ

2130 4877 2203 4938 ὡς
2240 4874 2451 4947 μᾶλλον
2504 4871 2754 4928 δύνασθαί
2794 4893 2913 4927 τινα
2941 4876 2985 4910 ³⁸
3025 4874 3213 4929 πλεῖον
3262 4878 3402 4928 νοεῖν
3438 4872 3549 4948 [καὶ
3598 4874 3787 4931 πίστιν

1720 4976 1960 5032 VARI/E
2010 4976 2303 5033 LECTION
2316 4975 2416 5030 ES.

441 5066 484 5102 ⁷⁵
517 5063 581 5135 δή
615 5071 669 5122 S.
697 5067 843 5122 Tum
877 5061 933 5118 δέ
963 5083 1019 5137 p,
1053 5083 1109 5137 τε
1140 5064 1199 5120 C.

1276 5064 1325 5137 ⁷⁶γ
1350 5063 1429 5118 De
1469 5063 1577 5137 hoc
1607 5064 2084 5137 loquendiimodo
2119 5072 2162 5120 D
2192 5066 2435 5137 confert,
2457 5063 2631 5137 rhom.
2685 5081 2873 5137 XVIII,”
2901 5063 2985 5117 12.
3046 5063 3194 5137 Tum
3230 5059 3275 5115 et
3310 5058 3355 5116 δ’
3387 5060 3522 5137 O._S
3553 5060 3781 5137 mavult

367 5137 505 5223 ’πρὸς
536 5132 647 5223 τόν,
698 5132 1143 5223 ρτρρῖθιιιᾶὐτόν,
1177 5136 1331 5205 quod
1359 5135 1661 5223 sequitur:
1682 5132 1783 5223 ’,τ’
1812 5136 1901 5190 καί
1932 5138 2171 5208 adjunxi
2202 5153 2252 5218 ο.
2426 5135 2485 5223 73A
2502 5133 2673 5223 κακόν
2695 5136 2753 5191 C.
2832 5135 2878 5169 7°
2901 5132 3293 5223 τοῖςΝλοιποῖς
3349 5134 3501 5223 conj.
3549 5132 3616 5223 ‘C,
3646 5138 3781 5223 [Et]:

368 5204 569 5291 λριπῆς
614 5204 1538 5291 ﬁse.Daoianeiachcommenda’tD,
1565 5210 1661 5260 τοῦ
1718 5204 1920 5262 λοιποῦ
1978 5204 2250 5291 proponit
2519 5206 2675 5291 Itap
2708 5223 2770 5291 c.~
2791 5222 2976 5291 marg.
3010 5206 3098 5291 gi,
3135 5206 3213 5291 Ain
3273 5206 3390 5291 cpj.
3448 5207 3607 5291 testu
3624 5204 3771 5291 ΝΟΜ.

363 5270 646 5357 1672)·
670 5275 975 5357 φοϐεῖσθαιἶ
1018 5281 1088 5357 Π⁸¹
1128 5278 1266 5357 ΙΠΝΟ
1298 5270 1571 5357 αὐτόίῐθὸ.
1609 5296 1763 5357 man,
1798 5270 2120 5357 correetum
2152 5281 2210 5335 in
2242 5277 2588 5357 vulgLIdem
2623 5272 2814 5357 δοκεῖ.⁸
2864 5270 3244 5357 ⁸²νφῇοϐεῖσθαι²
3264 5270 3363 5329 οὖν
3409 5273 3567 5357 αὐτὸν
3608 5270 3770 5357 ἔστιν

362 5354 422 5427 Ο,
480 5347 568 5427 -έτί
606 5347 757 5427 Usus
816 5352 1209 5427 i‘equiri_t_'coﬁ
1266 5380 1334 5390 ν-
1363 5348 1563 5427 ﬂoridos.
1612 5358 1667 5405 S.
1745 5354 1789 5387 ⁸⁵
1840 5351 2127 5427 ἀπόκριναι
2174 5347 2439 5420 θοῐῄδο,
2479 5347 2876 5427 ’ἀποκρίνασθαι
2927 5347 3170 5421 uterque
3207 5350 3380 5427 ξιοωᾲ
3404 5347 3531 5402 cod.
3608 5347 3651 5381 ⁸⁸
3683 5347 3773 5427 [£8

360 5422 713 5498 Οιηένεργείᾳ
764 5429 821 5491 C,
857 5418 920 5498 Οξ
956 5494 973 5498 Δ
998 5423 1041 5457 εδ
1061 5420 1307 5498 poti-avari
1477 5419 1734 5491 θεότητος
1789 5441 1845 5495 p.
1907 5418 2127 5498 θειότης
2189 5418 2559 5498 commendat
2614 5418 2668 5474 Β.
2704 5420 2815 5498 Cfr.
2850 5420 3005 5475 hom.
3039 5418 3176 5498 xvii,
3207 5420 3262 5476 5.
3338 5420 3380 5453 ⁸⁷
3412 5437 3511 5498 εφη
3546 5418 3765 5498 om..0.

358 5488 709 5571 83_’&m~.;p'zvu3
739 5488 816 5571 υς
879 5496 924 5530 59
956 5494 1095 5571 In_G
1122 5488 1241 5546 τινα
1276 5488 1383 5563 διά,
1417 5488 1761 5571 quasvoces
1789 5488 2008 5571 excipit
2033 5488 2454 5571 unius_ver;sus.
2502 5494 2710 5571 lacuna
2735 5517 2748 5559 ;
2775 5492 2928 5571 jam_
2951 5492 3217 5563 sequitur
3252 5507 3264 5546 :
3298 5490 3422 5571 παρ’
3450 5488 3765 5571 tamen.

355 5569 515 5645 Idem
549 5557 677 5626 cod.
711 5568 889 5625 unius
917 5565 1073 5621 vocis
1104 5557 1596 5636 vacuum'przebet
1623 5566 1774 5622 inter
1802 5557 2074 5645 ἐναργείας
2121 5572 2176 5625 et
2219 5557 2517 5619 ἐπιϐαλών.
2554 5557 2871 5635 Utramque
2915 5557 3185 5619 lacu-nam
3241 5557 3622 5635 conjectando
3671 5579 3769 5620 ex-

355 5640 525 5715 plevi.
