4082 6208
253 406 343 467 397
1271 400 1802 461 CLEMENTINA.
1841 433 1910 443 —
1947 400 2275 460 IIOMILIA
2322 401 2508 461 XVII.

3473 398 3594 459 398

248 527 585 606 λαμϐάνεσθαι]
614 530 739 607 παρ’
798 529 1055 593 ὀπτασίας
1106 530 1392 598 ἀκούοντα,
1438 530 1475 599 ἢ
1528 530 1632 606 γὰρ
1690 530 1835 605 παρά

1950 532 2073 586 nire
2106 548 2206 604 per
2236 532 2536 599 visionem,
2571 547 2747 603 quam
2776 547 2878 604 per
2898 531 3591 604 evidentiam,aggressus

243 631 319 692 τῆς
344 620 586 695 ἐναργείας
614 619 944 694 [ἀκούοντα],
978 615 1255 676 ἐπιϐαλὼν
1313 617 1371 674 δὲ
1419 617 1627 683 ἕπειθες
1658 621 1832 691 ἡμᾶς,

244 712 307 767 ὅτι
351 708 716 786 ἀσφαλέστερός
765 709 905 764 ἐστιν
958 710 986 764 6
1040 710 1125 764 ὑπ’
1170 708 1428 771 ὀπτασίας
1474 708 1686 763 ἀκούων
1734 711 1832 763 τοῦ

242 801 342 876 παρ’
373 799 590 867 αὑτῆς⁹⁰
621 798 899 875 ἐναργείας
959 799 1271 861 ἀκούοντος.
1334 798 1509 874 Πέρας
1563 801 1690 873 γοῦν
1744 793 1835 851 διὰ

241 894 363 945 τοῦτο
389 887 512 960 ἐμοῦ
541 886 864 964 ἱκανώτερον
899 884 1121 962 ἔφασκες
1154 886 1349 943 εἰδέναι
1376 887 1445 942 τά
1480 890 1579 941 τοῦ
1628 886 1829 956 Ἰησοῦ,

248 979 301 1039 ὡς
325 978 406 1032 ὑπὸ
434 976 683 1039 ὀπτασίας
711 976 874 1032 αὐτοῦ
904 977 1154 1048 ἀκηκοὼς
1181 978 1273 1033 τὸν
1324 975 1509 1053 λόγον.
1538 973 1691 1043 Πλὴν
1726 972 1833 1049 ἐγὼ

244 1068 299 1127 εἰς
321 1067 371 1121 τὸ
395 1066 635 1140 ἀπαρχῆς
666 1067 932 1142 προταθὲν
975 1065 1379 1142 ἀποκριναίμην
1410 1069 1477 1123 9⁸.
1508 1067 1566 1118 ’0
1614 1064 1831 1141 προφή-

238 1177 329 1225 της,
357 1154 426 1209 ὅτι
453 1157 739 1232 προφήτης
770 1153 935 1227 ιστὶν,
968 1154 1402 1234 πληροφορήσας
1430 1156 1648 1231 πρῶτον
1706 1151 1831 1225 περὶ

235 1250 317 1298 τῶν
344 1244 555 1318 ἐναργῶς
590 1243 679 1298 ὑπ’
710 1242 873 1299 αὐτοῦ
912 1242 1245 1321 λεγομὲνων,
1280 1243 1537 1322 ἀσφαλῶς
1583 1239 1829 1298 πιστεύε-

235 1353 316 1403 ται,
340 1330 417 1385 καί
445 1333 486 1368 ⁹²
524 1330 742 1402 ἀληθής
786 1330 860 1387 ὢν
892 1332 1373 1409 προεπιγνωσθεὶς,
1395 1332 1509 1404 καὶ,
1540 1332 1615 1394 ὡς
1639 1332 1668 1388 ὁ
1704 1352 1833 1405 μαν-

234 1423 366 1477 θάνων
416 1418 572 1492 θέλει,
608 1418 900 1491 ὲξετασθεῖς
957 1421 1046 1478 καὶ
1105 1420 1407 1497 ἀνακριθεὶς
1462 1419 1827 1497 ἀποκρίνεται.

232 1516 275 1564 Ὀ
300 1508 346 1564 at
374 1508 589 1581 ὀπτασίᾳ
621 1510 888 1565 πιστεύων
920 1511 955 1580 ἢ
1007 1512 1240 1585 ὁράματι
1283 1509 1373 1566 καὶ
1422 1510 1678 1582 ἐνυπνίῳ,
1710 1509 1831 1565 ἐπι-

234 1598 406 1677 σφαλής
449 1598 612 1656 ἔστιν.
649 1600 865 1676 Ἀγνοεῖ
912 1600 1014 1675 γάρ
1065 1599 1174 1655 τίνι
1226 1599 1486 1660 πιστεύει.
1525 1598 1830 1675 Ἐνδὲχεται

229 1690 309 1764 γάρ
336 1688 473 1743 αὐτὸν
503 1689 540 1760 ἢ
567 1686 804 1761 δαίμονα
848 1689 1010 1745 κακὸν
1053 1692 1211 1763 εἶναι,
1260 1691 1295 1759 ἢ
1345 1694 1559 1763 πνεῦμα
1604 1687 1827 1762 πλάνον,

230 1777 269 1834 ἰν
302 1782 367 1849 τῷ
410 1776 580 1855 λέγειν
634 1778 1058 1855 ὑποκρινόμενον
1112 1778 1243 1834 ε’ίναι
1277 1779 1307 1833 ’ὸ
1353 1781 1427 1852 μή
1482 1778 1639 1834 ἐστιν.
1672 1778 1737 1834 Εἰ
1782 1775 1830 1833 δ’

228 1953 402 2011 δύναται
446 1955 628 2032 λέγειν
661 1957 837 2032 ἑαυτῷ
868 1959 895 2013 ὃ
933 1956 1208 2033 βούλεται.
1244 1957 1342 2013 Καὶ
1393 1957 1566 2020 οὕτως
1615 1958 1691 2020 ὡς
1739 1979 1833 2012 πο-

226 2046 357 2119 νηρὸς
418 2045 714 2121 ἀστράψας,
779 2047 962 2120 μείνας
999 2046 1122 2103 ὅσον
1195 2045 1363 2120 θέλει,
1421 2042 1831 2120 ἀποσϐέννυται,

230 2136 285 2205 μὴ
324 2135 645 2208 παραμείνας
694 2141 775 2207 τῷ
824 2138 1213 2210 πυνθανομένῳ
1262 2136 1338 2199 εἰς
1386 2134 1657 2213 ἀνάκρισιν
1708 2135 1832 2192 ὅσον

225 2222 461 2293 ἠθέλησεν.
496 2225 598 2279 Διά
629 2222 687 2279 δὲ
718 2223 979 2279 ἐνυπνίων
1011 2226 1152 2303 ὁρῶν
1192 2246 1273 2288 τις
1313 2228 1360 2263 9‘
1404 2223 1527 2281 οὐδὲ
1573 2226 1831 2280 πυνθάνε-

228 2314 312 2365 σθαι
352 2309 555 2368 δύναται
610 2314 734 2389 περὶ
783 2316 855 2368 ὧν
908 2312 1184 2391 βούλεται.
1217 2315 1293 2373 Οὐ
1340 2316 1445 2392 γάρ
1498 2312 1636 2378 ἰδίας
1682 2314 1835 2387 ἐξου-

221 2400 311 2462 σίας
348 2401 475 2456 ἐστὶν
510 2404 539 2457 ὁ
572 2403 846 2478 λογισμὸς
895 2408 993 2459 τοῦ
1036 2405 1409 2479 κοιμωμένου.
1456 2411 1641 2469 Ἔνθεν
1701 2409 1832 2480 γοῦν

224 2489 370 2545 πολλά
396 2495 538 2549 347
580 2494 754 2565 ἡμεῖς
804 2492 944 2567 ὕπαρ
993 2493 1378 2567 ἐπιθυμοῦντες
1409 2497 1453 2532 ⁸⁵
1487 2496 1669 2568 μαθεῖν
1716 2494 1835 2549 κατ’

222 2575 318 2653 ὄναρ
345 2580 457 2653 περὶ
490 2582 693 2657 ἑτέρων
720 2582 1115 2655 πυνθανόμεθα,
1150 2585 1185 2652 ἢ
1228 2584 1319 2639 καὶ
1370 2584 1446 2657 μὴ
1496 2582 1831 2657 πυνθανόμε-

221 2688 285 2721 νοι
308 2670 415 2743 περὶ
438 2675 543 2725 τῶν
585 2671 664 2743 μή
699 2666 1061 2747 διαφερόντων
1093 2674 1228 2745 ἡμῖν
1288 2672 1580 2746 ἀκούομεν,
1611 2672 1700 2727 καὶ
1751 2670 1833 2728 δι-

220 2760 514 2822 υπνισθὲντες
576 2759 921 2833 ἀθυμοῦμεν,
948 2760 1030 2815 ὅτι
1088 2762 1211 2837 περὶ
1270 2760 1343 2817 ὧν
1392 2761 1763 2837 ἐπεθυμοῦμεν
1791 2765 1835 2801 ⁸⁸

221 2854 394 2919 μαθεῖν,
426 2846 546 2903 οὔτε
577 2848 914 2923 ἠκούσαμεν,
941 2847 1063 2905 οὔτε
1095 2849 1420 2924 ἐξητάσαμεν
1449 2854 1515 2913 ⁸⁷.

271 2938 369 2992 XV.
400 2938 499 2995 Καὶ
533 2940 561 2992 ὁ
604 2938 791 3011 Σίμων
852 2936 976 3016 ἔφη’
1010 2938 1076 2994 Εἴ
1127 2938 1233 3018 φῂς
1288 2942 1386 3003 τάς
1446 2941 1705 3004 ὀπτασίας
1756 2942 1832 3016 μὴ

218 3024 395 3088 πάντως
423 3026 738 3099 ἀληθεύειν,
772 3026 898 3083 ἀλλ’
933 3026 1026 3083 οὖν
1056 3050 1120 3103 γε
1148 3029 1213 3084 τὰ
1242 3029 1490 3105 ὁράματα
1518 3032 1607 3087 καὶ
1656 3031 1724 3087 τά
1760 3030 1837 3087 ἐν·

218 3113 344 3169 ima
370 3116 690 3189 θεόπεμπτα
720 3113 847 3172 ὄντα
878 3116 941 3172 οὐ
972 3116 1242 3191 ψεύδεται,
1265 3119 1390 3196 περὶ
1434 3121 1506 3175 ὧν
1554 3120 1613 3176 ἂν
1664 3121 1831 3176 εἰπεῖν

218 3200 335 3276 θέλῃ.
365 3205 455 3259 Καὶ
485 3206 513 3259 ὁ
546 3205 757 3279 Πέτρος
814 3204 938 3285 ἔφη.
970 3212 1171 3283 Ὀρθῶς
1220 3207 1375 3286 ἔφης,
1408 3209 1491 3264 ὅτι
1521 3209 1835 3283 θεόπεμπτα

230 1868 307 1942 ἄρα
331 1870 370 1904 ⁸³
392 1888 469 1929 τις
512 1865 820 1943 βουληθείη
854 1870 1203 1924 πυνθάνεσθαι
1230 1867 1294 1924 τὸ
1322 1868 1407 1931 τίς
1431 1868 1490 1923 ἂν
1572 1870 1599 1924 ὁ
1622 1868 1827 1947 φανεὶς,
1861 1909 1909 1974 Β

232 1953 274 1974 .‘I
446 1955 465 1974 Ἴ
492 1957 501 1974 1
661 1957 674 1974 α
796 1962 823 1974 an
868 1959 888 1974 η
933 1959 960 1974 Α
1013 1956 1054 1974 I‘
1244 1965 1281 1974 -ο
1325 1957 1339 1974 ι
1428 1957 1453 1974 Η
1631 1958 1643 1974 ε

1945 623 2141 676 autem
2175 620 2466 676 suadebas
2498 619 2773 676 tutiorem
2802 637 2930 676 esse
2959 637 3116 689 eum,
3142 621 3243 692 qui
3274 620 3333 675 in
3366 619 3589 675 visione

1943 710 2129 778 audit,
2163 709 2281 780 illo,
2316 709 2415 782 qui
2447 709 2612 766 audit
2643 726 2744 782 per
2772 708 3140 766 evidentiam.
3165 708 3425 781 Denique
3454 707 3587 764 ideo

1941 802 2000 855 te
2032 799 2415 871 potentiorem
2448 799 2683 855 dicebas
2716 814 2809 855 res
2837 799 2979 855 Jesu
3010 814 3380 871 cognoscere,
3404 814 3583 870 quam

1943 904 2069 961 ego,
2105 892 2169 944 ut
2198 889 2296 960 qui
2337 888 2527 961 ipsius
2573 889 2749 945 verba
2796 905 2899 960 per
2938 887 3221 944 visionem
3271 886 3581 944 audiisses.

1942 977 2155 1033 Verum
2187 994 2293 1051 ego
2323 978 2395 1034 ad
2428 978 2509 1045 id,
2541 978 2698 1050 quod
2741 977 3019 1050 primitus
3077 976 3439 1049 propositum
3471 980 3581 1047 est,

1943 1067 2326 1139 respondebo.
2358 1067 2663 1139 Propheta,
2716 1066 2854 1139 quia
2898 1066 3183 1139 propheta
3238 1070 3347 1134 est,
3393 1065 3583 1138 primo

1943 1156 2353 1213 certitudinem
2384 1158 2532 1213 dans
2563 1157 2634 1213 de
2662 1156 2759 1222 iis,
2791 1173 2918 1228 quae
2950 1155 3102 1211 clare
3126 1155 3429 1221 dicit,tuto
3460 1171 3583 1210 cre-

1943 1245 2121 1315 ditur,
2156 1246 2546 1319 praecognitus
2575 1262 2744 1301 verus
2775 1261 2923 1316 esse,
2952 1261 3040 1311 ac,
3085 1243 3584 1315 quemadmodum

1941 1335 2043 1407 qui
2073 1336 2314 1392 docetur
2334 1334 2843 1407 cupit,inquisitus
2857 1334 3322 1407 etinterrogatus
3345 1349 3585 1405 respou-

1942 1425 2173 1490 det.Qui
2203 1441 2335 1481 vero
2366 1423 2575 1480 visioni
2606 1424 2791 1479 eredit
2816 1426 2919 1478 aut
2947 1426 3177 1495 spectro
3207 1426 3265 1478 et
3294 1422 3585 1478 insomnio

1939 1513 2201 1571 incertus
2228 1519 2334 1571 est.
2371 1514 2607 1587 Ignorat
2637 1512 2793 1569 enim
2843 1512 2937 1568 cui
2964 1513 3181 1568 credat.
3214 1512 3360 1567 Nam
3392 1514 3589 1584 potest

1940 1622 2069 1661 esse
2099 1609 2201 1660 aut
2231 1603 2425 1659 malus
2454 1603 2705 1671 daemon,
2738 1604 2841 1658 aut
2870 1600 3114 1673 spiritus
3164 1599 3359 1668 fallax,
3394 1600 3494 1672 qui
3526 1600 3586 1656 in

1939 1694 2130 1751 verbis
2158 1692 2399 1750 simulat
2429 1708 2557 1749 esse
2588 1691 2744 1763 quod
2774 1707 2887 1747 non
2920 1695 3027 1747 est.
3073 1690 3172 1745 Sin
3224 1696 3420 1746 autem
3450 1689 3584 1762 quis

1938 1783 2076 1840 velit
2104 1782 2483 1855 perconctari,
2517 1782 2791 1853 quisnam
2822 1780 2900 1835 sit
2925 1779 3025 1851 qui
3071 1779 3361 1851 apparuit,
3394 1782 3586 1850 potest

1940 1872 2073 1940 sibi,
2106 1872 2395 1944 quidquid
2426 1870 2553 1926 vult
2580 1870 2789 1926 dicere.
2810 1868 3022 1940 Sicque
3053 1872 3334 1940 tanquam
3367 1866 3581 1936 malus,

1944 1962 2041 2017 ubi
2074 1961 2419 2028 coruscavit,
2453 1958 2784 2030 mansitque
2814 1962 3101 2029 quantum
3129 1956 3329 2024 voluit,
3362 1956 3584 2012 exstin-

1942 2050 2273 2123 guitur,nec
2305 2051 2609 2122 permanet
2637 2064 2769 2103 cum
2799 2046 3135 2101 sciscitante
3166 2046 3236 2101 ad
3268 2043 3585 2117 interroga.

1944 2140 2182 2210 tionem,
2214 2142 2500 2211 quantum
2534 2136 2631 2191 hic
2660 2135 2803 2191 vult.
2852 2135 2956 2190 Per
2985 2134 3278 2190 insomnia
3319 2151 3451 2190 vero
3482 2134 3585 2205 qui

1943 2228 2117 2295 videt,
2151 2243 2341 2298 neque
2373 2224 2739 2299 percunctari
2772 2228 2980 2296 potest,
3013 2224 3083 2278 de
3133 2222 3348 2295 quibus
3402 2221 3583 2278 lubet.

1943 2317 2140 2389 Neque
2169 2316 2324 2373 enim
2356 2316 2415 2370 in
2448 2314 2684 2388 propria
2715 2317 2999 2385 potestate
3031 2312 3143 2367 sita
3173 2317 3263 2367 est
3310 2311 3587 2384 cogitatio

1947 2405 2458 2463 dermientis.lnde
2486 2404 2667 2475 igitur
2687 2401 2981 2475 vigilando
3001 2417 3107 2457 nos
3137 2401 3399 2456 discendi
3434 2400 3587 2455 avidi

1948 2495 2135 2552 multa
2166 2496 2225 2550 in
2258 2494 2482 2551 somnis
2513 2494 2583 2549 de
2613 2490 2743 2548 aliis
2770 2490 3107 2563 qumrimus,
3128 2489 3217 2545 vel
3252 2506 3368 2545 non
3397 2489 3589 2561 requi-

1946 2591 2139 2643 rentes
2169 2586 2445 2641 audimus
2472 2600 2562 2639 res
2594 2583 2665 2639 ad
2690 2598 2796 2637 nos
2814 2596 3185 2651 nequaquam
3206 2578 3585 2650 pertinentes,

1944 2681 2001 2732 et
2024 2693 2055 2732 e
2087 2691 2315 2731 sommo
2346 2672 2577 2729 excitati
2607 2671 2896 2737 dolemus,
2931 2686 3037 2725 nos
3070 2669 3140 2724 de
3181 2668 3254 2723 iis
3284 2684 3412 2739 qua:
3439 2668 3587 2724 scire

1947 2765 2267 2821 avebamus
2292 2779 2482 2836 neque
2520 2760 2778 2819 audiisse
2808 2775 2996 2832 neque
3028 2757 3380 2831 explorasse.

2016 2942 2134 2999 XV.
2166 2945 2245 2999 Ac
2288 2943 2537 2999 Simon:
2574 2939 2635 2997 Si
2679 2940 2840 2996 dicas
2886 2937 3141 2994 visiones
3184 2954 3299 2993 non
3351 2936 3589 2993 omnino

1942 3048 2079 3088 vera
2128 3031 2461 3106 prmdicare,
2493 3034 2751 3087 attamen
2780 3028 2907 3084 visa
2935 3031 2993 3083 et
3024 3026 3342 3095 insomnia,
3373 3042 3500 3098 quae
3556 3042 3591 3081 a

1944 3126 2060 3178 Deo
2092 3123 2427 3188 mittuntur,
2462 3120 2609 3177 falsa
2638 3136 2752 3175 non
2784 3121 2921 3173 sunt
2952 3116 3012 3172 in
3044 3116 3221 3172 rebus
3270 3131 3418 3187 quas
3467 3114 3593 3171 vult

1947 3210 2234 3284 proloqui.
2267 3215 2473 3267 Petrus
2496 3210 2578 3265 ait
2610 3250 2623 3264 .
2659 3212 2829 3263 Recte
2855 3205 3073 3277 dixisti,
3106 3205 3260 3277 quod
3298 3221 3413 3260 non
3445 3204 3593 3259 falsa

214 3285 315 3345 ὄντα
340 3293 396 3347 οὗ
450 3278 734 3368 ψεύδεται.
768 3278 1007 3363 ’Δὸηλον
1030 3278 1099 3351 ’δὲ
1126 3297 1171 3351 εἷ
1204 3300 1231 3351 ὁ
1259 3278 1391 3352 ῖδὼν
1425 3302 1469 3335 ⁹⁸
1498 3278 1835 3373 θεόπεμπτον

1947 3278 2246 3372 proferant
2276 3317 2403 3373 qua:
2436 3316 2469 3354 a
2498 3298 2612 3354 Deo
2652 3297 2984 3352 mittuntur.
3036 3294 3249 3350 Verum
3300 3294 3589 3349 incertum

214 3381 410 3455 ἱώρακεν
469 3379 713 3460 ὄνειρον.
748 3385 852 3441 Καὶ
910 3386 937 3439 6
996 3386 1206 3459 Σίμων·
1239 3387 1359 3442 Ἐάν
1491 3389 1520 3444 6
1576 3388 1835 3459 ἑωρακὼς

215 3465 406 3540 δίκαιος,
436 3472 650 3544 ἀληθὲς
679 3473 912 3546 ἑώρακεν
966 3476 1070 3531 Καὶ
1100 3475 1129 3530 6
1160 3474 1386 3549 Πέτρος·
1418 3478 1627 3554 Ὀρθῶς
1678 3477 1833 3556 ἔφης.

212 3560 285 3620 Τίς
310 3564 348 3597 ’θ
392 3560 446 3618 δὲ
489 3561 731 3631 δίκαιος,
766 3565 811 3617 εἳ.
860 3565 1135 3638 ὁράματος
1184 3566 1369 3641 χρῄζῃ
1398 3569 1485 3635 ¹⁰⁰,
1510 3564 1603 3621 ’ίνα
1635 3567 1775 3642 μάθῃ
1803 3566 1837 3621 ἃ

214 3643 280 3702 δεῖ
305 3653 501 3724 μαθεῖν,
566 3653 631 3707 αἱ
662 3656 795 3725 ποιῇ
828 3653 861 3706 ’ἀ
893 3650 974 3707 δεῖ
997 3660 1209 3724 ποιεῖν;
1240 3656 1339 3709 Καὶ
1370 3657 1398 3710 6
1433 3655 1836 3729 Σίμων·¹Γοῦτό

216 3758 290 3808 μοι
318 3737 418 3812 δὸς,
449 3740 533 3796 ὅτι
577 3740 747 3815 μόνος
778 3743 805 3796 ὁ
837 3739 1042 3805 δίκαιος
1086 3743 1266 3817 ὅραμα
1314 3742 1513 3815 ἀληθὲς
1561 3744 1691 3800 ἰδεῖν
1743 3743 1835 3800 δύ-

214 3846 356 3897 ναται,
396 3830 483 3885 καὶ
535 3831 914 3903 ἀποκρίνομαί
956 3853 1040 3887 σοι
1091 3833 1167 3894 εἷς
1210 3833 1361 3890 αὐτό.
1396 3835 1553 3907 Ἐμοὶ
1598 3836 1701 3911 γάρ
1748 3835 1838 3890 κέ-

212 3936 381 3991 κριται,
412 3920 495 3975 ὅτι
528 3915 739 3988 ἀσεϐὴς
781 3920 961 3991 ἀληθῆ
1014 3917 1220 3998 ὄνειρον
1254 3922 1360 3999 οὐχ
1389 3925 1508 3998 ὁρᾷ.
1544 3925 1641 3979 Καὶ
1675 3926 1703 3980 ὁ
1737 3925 1836 3980 Πὲ-

213 4024 336 4080 τρος·
364 4013 530 4064 Τοῦτο
591 4007 785 4083 ψεῦδός
836 4009 997 4082 ἐστιν,
1028 4011 1117 4065 καὶ
1170 4012 1294 4086 περὶ
1342 4012 1537 4067 τούτου
1582 4014 1839 4092 ἀγράφως

212 4093 282 4145 καὶ
310 4094 600 4175 ἐγγράφως
632 4093 905 4169 ἀποδεῖξαι
940 4094 1189 4171 δύναμαι,
1223 4105 1403 4154 πεῖσαι
1437 4098 1493 4156 δὲ
1541 4101 1640 4157 οὐκ
1682 4102 1843 4179 ἐπαγ-

214 4180 475 4257 γέλλομαι,
510 4188 572 4240 Ὁ
606 4186 707 4262 γάρ
739 4187 875 4262 πρὸς
905 4182 1080 4262 ἔρωτα
1113 4190 1403 4264 μοχθηρᾶς
1430 4188 1617 4253 νεύσας
1662 4213 1842 4268 γυναι-

213 4271 289 4332 κὸς
334 4274 406 4336 εἰς
463 4275 659 4349 ἑτέρας
711 4276 846 4330 κοιτά
892 4277 1064 4331 πάντα
1110 4277 1287 4348 καλῆς
1327 4279 1463 4355 πρὸς
1491 4284 1508 4318 ί
1542 4276 1841 4353 συμϐίωσιν

1945 3394 2133 3458 est,an
2167 3389 2267 3460 qui
2300 3388 2445 3444 vidit
2472 3386 2771 3444 somnium
2801 3402 2835 3441 a
2859 3386 2974 3441 Deo
2998 3383 3248 3439 missum
3282 3398 3594 3453 conspexe-

1945 3478 2042 3535 rit.
2074 3480 2223 3534 Tum
2251 3479 2451 3534 Simon
2478 3495 2491 3533 :
2532 3477 2590 3531 Si
2613 3477 2815 3547 justus
2846 3474 2923 3530 sit
2944 3473 3041 3530 ille
3066 3472 3166 3544 qui
3194 3471 3359 3536 vidit,
3391 3487 3591 3526 verum

1945 3567 2197 3623 intuitus
2228 3572 2336 3623 est.
2368 3567 2438 3622 Et
2466 3567 2671 3622 Petrus
2703 3583 2717 3622 :
2752 3564 2933 3620 Probe
2954 3562 3184 3619 locutus
3206 3577 3288 3616 es.
3322 3559 3429 3623 Qui
3459 3576 3590 3615 vero

1939 3658 2162 3729 justus,
2195 3657 2245 3712 si
2275 3656 2399 3711 viso
2427 3655 2685 3727 indigeat
2740 3654 2813 3709 ad
2871 3651 3151 3708 discenda
3197 3666 3325 3721 qua:
3368 3648 3591 3703 discere

1946 3750 2255 3819 Oportet,et
2283 3745 2547 3801 facienda
2576 3761 2703 3815 quas
2736 3742 2860 3798 ﬁeri
2881 3742 3096 3797 debent
3122 3738 3151 3794 ?
3179 3740 3361 3809 Atque
3390 3738 3589 3792 Simon

1950 3836 2069 3892 Hoc
2102 3835 2247 3890 mihi
2278 3835 2547 3902 concede,
2576 3834 2730 3905 quod
2762 3830 2923 3887 solus
2941 3832 3143 3901 justus
3164 3844 3367 3884 verum
3397 3827 3589 3882 visum

1948 3926 2136 3997 possit
2182 3941 2438 3989 cernere,
2487 3928 2545 3979 et
2589 3924 2659 3979 ad
2711 3921 2858 3977 illud
2917 3920 3021 3976 tibi
3070 3917 3415 3991 respondeo.
3450 3914 3592 3971 Mihi

1950 4016 2106 4070 enim
2138 4014 2502 4086 exploratum
2526 4017 2840 4081 est,verum
2872 4008 3167 4066 somnium
3189 4005 3455 4077 ahimpio
3479 4021 3594 4060 non

1949 4104 2153 4159 videri.
2186 4104 2338 4158 Tum
2369 4102 2574 4157 Petrus
2608 4118 2621 4160 :
2654 4100 2770 4156 Hoc
2798 4098 3012 4155 falsum
3056 4100 3166 4153 est.
3210 4097 3397 4167 Atque
3428 4110 3495 4150 ea
3526 4094 3598 4149 de

1952 4210 2014 4248 re
2045 4193 2171 4248 sine
2201 4192 2516 4264 Scripturis
2546 4195 2599 4247 et
2625 4206 2728 4262 per
2757 4189 3090 4261 Scripturas
3120 4201 3362 4259 possum
3395 4183 3600 4239 afferre

1953 4280 2536 4347 demonstrationem,
2570 4279 2921 4352 persuadere
2951 4281 3147 4332 autem
3180 4292 3293 4331 non
3327 4272 3603 4345 polliceor

215 4358 420 4435 νόμιμον
468 4364 567 4420 τὸν
622 4364 817 4419 ἑαυτοῦ
860 4365 923 4419 οὐ
976 4365 1294 4439 μετατίθησι
1341 4373 1487 4425 νοῦν.
1522 4369 1727 4425 Ἐνίοτε
1755 4369 1835 4425 καῖ

1954 4371 2100 4427 Nam
2133 4371 2235 4443 qui
2267 4370 2326 4425 in
2350 4386 2609 4426 amorem
2643 4385 2829 4441 prava
2869 4364 3135 4422 mulieris
3166 4363 3506 4437 propendet,
3538 4361 3600 4416 in

214 4446 397 4513 ἑαυτοῖς
482 4450 794 4516 συνειδότες
871 4454 971 4523 τὴν
1044 4454 1345 4531 κρείττονα,
1403 4456 1835 4532 προειλημμένοι

1955 4459 2199 4516 alterius
2214 4459 2474 4530 undique
2489 4456 2773 4529 ρι-αιοὶιιιιω
2787 4454 3158 4511 dilectionem
3172 4453 3243 4508 ad
3268 4450 3597 4523 legitimum

215 4539 345 4596 348
376 4541 633 4617 ἀγαπῶσι
683 4544 783 4611 τὴν
828 4543 1074 4619 χείρονα.
1126 4545 1381 4600 Τοιοῦτόν
1431 4567 1482 4600 τι
1534 4546 1713 4602 καὶσὺ
1744 4548 1835 4603 πά‹

1957 4548 2287 4605 convictum
2312 4565 2427 4603 non
2448 4547 2728 4603 transfert
2754 4543 3122 4601 auimum.Et
3153 4538 3600 4613 aliquaudo,qui

214 4647 340 4718 σχων
366 4630 607 4718 ἀγνοεῖς.
642 4631 741 4685 Καὶ
772 4632 801 4687 ὁ
828 4632 1017 4705 Σίμων
1078 4631 1203 4711 ἔφη’
1238 4632 1621 4710 Παρελόμενος
1658 4642 1835 4707 ταῦτα,

1958 4642 2097 4694 sunt
2125 4636 2236 4693 sibi
2267 4635 2485 4691 conscii
2510 4633 2932 4707 praestantioris
2963 4627 3485 4700 feminae,occupati
3509 4627 3603 4682 de-

214 4714 275 4777 εῗς
302 4718 332 4770 ἆ
362 4716 683 4797 ἰπηγγείλω
715 4718 863 4795 λέγε.
898 4722 1056 4793 Ἐμοὶ
1086 4723 1187 4797 γάρ
1218 4720 1481 4779 ἀδόνατοο
1521 4725 1650 4779 εἶναι
1702 4723 1835 4781 δοκε

1960 4725 2233 4781 teriorem
2265 4724 2543 4795 diligunt.
2577 4720 2715 4778 Tale
2748 4722 2888 4793 quid
2920 4724 2983 4775 tu
3025 4733 3257 4791 quoque
3287 4716 3506 4789 pateris
3538 4730 3605 4770 ao

212 4800 399 4870 ἀσεϐεῖς
427 4809 751 4885 ἀνθρώπους
785 4810 889 4866 ὑπὸ
922 4814 1055 4866 Θεοῦ
1082 4811 1129 4884 ᾦ
1160 4809 1366 4883 δήποτε
1386 4811 1830 4891 ὅνειροπολεῖσθα

1961 4814 2218 4886 ignoras.
2251 4812 2407 4869 Dixit
2435 4812 2633 4867 Simon
2667 4827 2681 4867 :
2716 4810 2817 4867 His
2866 4807 3137 4879 sublatis,
3193 4806 3433 4877 loquere
3476 4820 3604 4876 quae

210 4893 403 4968 τρόπῳ.
1964 4900 2310 4975 promisisti.
2340 4899 2479 4955 Mihi
2538 4916 2792 4971 namque
2840 4897 3069 4953 videtur
3123 4892 3511 4967 impossibile,
3543 4896 3610 4949 ut

1963 4991 2127 5063 impii
2158 4990 2425 5046 homines
2456 5008 2491 5046 a
2519 4989 2637 5045 Deo
2669 4988 2899 5045 somnia
2929 4986 3046 5043 ullo
3080 4985 3251 5041 modo
3283 4988 3543 5040 cernant.

275 5074 406 5132 XVI.
440 5074 544 5132 Καὶ
603 5077 632 5132 ὁ
690 5077 893 5156 Πέτρος
949 5074 1075 5156 ἔφη’
1118 5080 1418 5154 Μέμνημαι
1479 5078 1736 5155 ἐμαυτοῦ,
1777 5081 1835 5136 ὡι

2034 5079 2178 5136 XVI.
2213 5081 2283 5136 Et
2311 5081 2514 5137 Petrus
2546 5094 2561 5135 :
2595 5078 2729 5150 Mei,
2761 5077 2972 5150 inquit,
3008 5091 3141 5132 sum
3172 5090 3419 5142 memor,
3452 5070 3610 5144 quod

214 5156 622 5241 ἐπηγγειλάμην
686 5164 874 5242 δεῖξαι,
928 5165 1017 5223 καὶ
1073 5166 1335 5246 ἀγράφως
1407 5169 1499 5225 καὶ
1576 5169 1835 5251 ἐγγράφω

1965 5169 2338 5243 promiserim
2369 5169 2693 5236 ostendere,
2726 5172 2781 5223 et
2810 5183 2879 5223 ea
2906 5166 2978 5221 de
3003 5179 3064 5221 re
3096 5162 3320 5236 absque
3351 5159 3610 5231 Scriptu-

1557 5341 1798 5400 VARIIE
1837 5339 2257 5399 LECTIONES.

281 5456 322 5535 ’Ῠ
374 5458 720 5535 παρ’,αΰτοῦ
768 5467 873 5535 ίτῆς
929 5464 994 5517 Ο.
1072 5463 1116 5500 ⁹¹
1169 5458 1541 5535 ,ἀποκρίνομαι
1591 5464 1655 5520 Ο.
1732 5465 1779 5501 ⁹²
1835 5463 1925 5519 καί
1983 5461 2206 5520 inserui
2262 5478 2312 5517 ο.
2374 5460 2478 5535 0.“
2517 5461 2562 5497 ’3
2713 5460 2815 5535 ἄρα
2870 5463 2928 5529 C,
2975 5455 3025 5513 εἷ’
3046 5454 3297 5535 ἑόἱραῌῼ.
3422 5447 3613 5535 an_te6

218 5526 340 5617 add.
378 5524 463 5617 ,οξ
512 5531 590 5617 Ο..
653 5536 702 5617 9:
754 5524 987 5617 ὁρῶντες
1023 5550 1100 5617 ⁸ρ.
1160 5533 1302 5617 ὁρῶν
1325 5524 1455 5617 ἔδεέ
1504 5534 1566 5617 Οἔ
1646 5537 1690 5571 π
1720 5536 1772 5589 οἱ
1828 5536 2329 5617 παρεπιθυμοῦντες
2361 5549 2416 5604 ρ.
2449 5529 2590 5617 ὕπαρ
2620 5524 3125 5617 ἐπιθυμοῦντεςνςιέ
3170 5524 3615 5617 ξθέπαὶθυμέοῦμεγ

220 5550 340 5581 ιιυα.
399 5550 449 5585 c.
512 5550 590 5617 υ..
653 5550 696 5570 ν’
754 5550 783 5588 o
823 5552 987 5594 ωντες
1023 5550 1100 5618 ⁸ρ.
1160 5550 1302 5606 ορων
1361 5553 1444 5594 τις
1504 5550 1566 5591 υ.
1646 5550 1690 5571 νο
1720 5550 1772 5589 οι
1828 5550 2329 5620 παρεπιθυμρυντες
2361 5550 2416 5604 ρ.
2449 5550 2556 5585 υπα
2620 5550 3007 5602 επιθυμουντες
3039 5550 3101 5585 u.
3178 5550 3221 5565 ’ν
3245 5550 3615 5615 επευυμι)ξ³μεν

220 5596 400 5680 Q,ﬁut
458 5618 611 5680 cog).
665 5605 740 5680 8,
788 5552 1157 5680 ἔπιθυμουμεν
1190 5607 1290 5680 (ΞΑ.--
1329 5606 1371 5640 9"
1398 5603 1734 5680 ἐζητήσαμεν
1790 5626 1941 5680 οοιῃ.
2003 5606 2474 5680 Schllemannus,
2521 5550 2712 5680 Ciam,
2765 5622 2820 5676 p.
2856 5605 2978 5667 191,
3010 5600 3137 5680 _569-
3169 5601 3226 5654 S.
3301 5598 3344 5680 θξ
3377 5591 3534 5680 ειξίιζῖ
3571 5593 3615 5650 Ο

222 5667 389 5759 ξξξζο
419 5673 504 5734 τίς
612 5666 827 5759 μεθέξει
853 5666 1156 5759 lacunam,
1202 5677 1295 5759 “0°
1324 5666 1521 5759 χρῄζει
1550 5666 1966 5759 D.:Tu_m__1ro"tﬁ
1999 5696 2067 5735 ex
2096 5678 2339 5759 conject.
2372 5676 2435 5732 Ci
2460 5666 2667 5759 ⁷ποιεῖν
2694 5666 2994 5759 ἐἰει-(λυθῇ.
3017 5673 3176 5754 hom.
3220 5670 3381 5759 god:
3439 5670 3457 5705 ³
3489 5666 3615 5724 Non

222 5737 424 5813 legitur
450 5745 591 5821 πρός
612 5737 675 5806 in
705 5749 979 5808 Turriani
1010 5746 1260 5821 epistola
1290 5737 1655 5820 p'rol'iminari
1687 5752 1756 5808 ad
1787 5737 2056 5821 Hosium,
2087 5737 2412 5807 ubi'locum
2438 5748 2599 5805 citat.
2630 5752 2688 5805 ο.
2721 5737 2894 5805 Deest
2922 5744 3098 5803 etiam
3128 5742 3189 5799 in
3219 5740 3411 5798 Ottob.
