4082 6208
446 386 565 447 399
1268 382 1333 442 S.
1380 378 1825 442 CLEMENTIS
1874 380 1895 439 Ι
1945 376 2132 437 BOM.
2178 374 2409 437 PONT.
2458 380 2719 443 OPERA
2764 381 3025 445 DUBIA.
3688 390 3791 449 400

448 518 528 571 ris
552 533 616 569 ac
647 530 747 585 per
777 512 1109 585 Scrlpturas
1134 513 1698 569 demonstratienem
1732 510 2100 568 exhibere.Et

2220 508 2337 581 περὶ
2386 508 2579 565 τούτου
2626 514 2725 582 τὴν
2776 510 3045 582 ἀπόδειξιν
3093 510 3359 588 παρέχειν.
3390 514 3479 568 Καὶ
3524 513 3606 570 νῦν
3635 515 3792 595 λέγον-

444 620 601 660 nunc
632 602 963 674 loquentem
1000 603 1156 658 audi.
1190 602 1473 657 Novimus
1506 602 1721 658 multos
1752 601 1824 673 (si
1853 600 2090 672 quidem

445 709 608 765 aequo
641 692 836 746 animo
868 691 1104 763 accipis,
1137 692 1396 761 alioquin
1429 696 1688 748 astantes
1722 691 1956 762 judices
1988 689 2093 742 ba-

441 779 871 853 beo)idolorum
905 779 1157 836 cultores
1189 786 1244 835 et
1274 781 1573 837 adulteros
1607 797 1673 835 ac
1696 780 1936 835 omnino
1968 794 2094 850 pec-

446 874 669 927 catores
708 868 1079 941 conspexisse
1106 870 1230 924 visa
1263 876 1436 941 atque
1476 887 1610 925 vera
1670 867 1917 938 somnia,
1951 883 2096 922 non-

448 958 645 1016 nullos
674 975 810 1014 vero
842 959 1178 1015 daemonum
1210 959 1485 1015 visiones.
1532 959 1658 1014 Non
1691 958 1848 1014 enim
1907 957 2036 1012 dico
2067 959 2101 1011 ὸ.

453 1047 791 1105 mortalium
825 1047 1009 1103 oculis
1039 1048 1218 1104 videri
1246 1065 1418 1121 posse
1477 1049 1881 1120 incorpoream
1914 1044 2101 1101 Patris

457 1142 560 1195 aut
589 1137 717 1193 Filii
750 1136 1175 1210 speciem,quia
1207 1138 1461 1193 maximo
1495 1136 1717 1193 lumine
1749 1135 2097 1208 resplendet.

458 1227 620 1284 Unde
653 1228 724 1282 ab
755 1226 994 1282 homine
1018 1226 1077 1281 in
1099 1242 1335 1282 carnem
1360 1243 1637 1283 converso
1666 1242 1781 1281 non
1801 1224 2103 1295 cerni,non

458 1321 547 1373 est
577 1316 891 1372 invidentis
924 1315 1154 1385 Dei,sed
1189 1315 1712 1372 miserantis.Nam
1746 1314 1845 1387 qui
1876 1313 2105 1380 viderit,

457 1405 648 1460 vivere
679 1421 792 1459 non
823 1408 1031 1476 potest.
1093 1404 1358 1460 Luminis
1416 1404 1633 1477 quippe
1695 1402 2109 1475 exsuperantia

461 1493 753 1550 cernentis
786 1492 1049 1548 dissolvit
1080 1498 1735 1566 earnem,pra3terquam
1768 1493 1814 1548 si
1842 1493 1936 1547 Dei
1971 1491 2113 1548 inef-

459 1583 619 1639 fabili
654 1583 866 1637 virtute
897 1599 1031 1637 caro
1063 1583 1405 1638 vertaturin
1427 1583 1670 1639 luminis
1692 1586 2112 1653 naturam,quo

466 1673 651 1745 possit
681 1672 876 1727 lumen
906 1672 1124 1739 videre,
1158 1675 1259 1727 aut
1286 1670 1531 1727 luminis
1564 1671 1896 1727 substantia
1926 1670 1983 1724 in
2018 1686 2116 1725 car

464 1778 598 1816 nem
632 1766 912 1828 mutetur,
937 1765 1002 1815 ut
1026 1762 1213 1832 possit
1232 1760 1412 1816 videri
1446 1778 1479 1816 a
1507 1761 1850 1816 carne.Nam
1884 1762 2114 1815 Patrem

2199 617 2291 660 τος
2325 594 2504 655 ἄκουε·
2539 607 2721 675 ’Ίσμεν
2755 601 3020 674 πολλοὺς,
3054 599 3131 675 (εἷ’
3156 622 3217 676 γε
3248 600 3585 677 εὖγνωμονεῖς
3614 604 3713 661 ἐπεί
3748 631 3797 685 γε

2203 685 2329 750 τοὺς
2373 694 2718 765 παρεστῶτας
2765 692 2952 767 κριτὰς
3005 688 3168 765 ἔχω),
3219 688 3412 746 εἷ’δωλα
3458 688 3683 750 σέϐοντας
3722 699 3795 752 καὶ

2210 775 2571 851 μοιχεύοντας
2619 780 2708 834 καὶ
2757 780 2893 834 κατὰ
2941 781 3109 834 πάντα
3159 780 3539 855 ἁμαρτάνοντας
3591 783 3796 859 ὁράματα

2207 864 2295 919 καὶ
2353 865 2580 937 ἀληθεῖς
2610 867 2852 946 ὀνείρους
2886 870 3141 944 ὁρῶντας,
3174 867 3343 929 ἐνίους
3376 865 3430 922 δὲ
3456 869 3537 923 καὶ
3567 867 3790 945 δαιμόνων

2213 953 2495 1019 ὀπτασίας.
2526 958 2633 1027 Τὴν
2684 958 2784 1034 γὰρ
2819 961 2840 994 ²
2870 957 3097 1034 ἅσαρκον
3130 960 3242 1031 (54)
3275 954 3411 1011 ἰδέαν
3461 958 3519 1013 οὐ
3562 956 3681 1036 λέγω
3713 959 3787 1017 δῦ-

2212 1046 2400 1098 νασθαι
2435 1046 2646 1123 Πατρὸς
2676 1047 2710 1115 ἢ
2748 1048 2875 1101 Υίοῦ
2908 1045 3061 1117 ἰδεῖν,
3085 1043 3174 1101 διὰ
3210 1046 3272 1101 τὸ
3306 1044 3545 1121 μεγίστῳ,
3562 1049 3672 1127 φωτί
3688 1072 3785 1105 κατ-

2212 1135 2532 1207 αυγὰζεσθαι
2597 1134 2724 1197 τοὺς
2783 1137 2989 1205 θνητῶν
3057 1133 3397 1213 ὀφθαλμούς.
3441 1139 3572 1191 ’Ὀθεν
3625 1139 3674 1193 τὸ
3724 1141 3785 1213 μὴ

2216 1221 2477 1298 ὁραθῆναι
2525 1228 2602 1297 τῷ
2659 1224 2735 1287 εἷς
2790 1223 2963 1301 σάρκα
3033 1222 3390 1299 τετραμμένῳ
3463 1225 3692 1301 ἀνθρώπῳ
3743 1227 3793 1282 οὐ

2217 1311 2544 1387 φθονοῦντός
2594 1312 2703 1368 ἐστι
2739 1317 2894 1383 Θεοῦ,
2928 1312 3053 1368 ἀλλ’
3099 1310 3377 1374 ἐλεοῦντος
3409 1315 3448 1370 ³.
3478 1313 3535 1369 Ὁ
3573 1314 3658 1391 γὰρ
3696 1311 3800 1368 ἰδὼν

2222 1403 2317 1472 ζῇν
2353 1400 2412 1455 οό
2446 1398 2685 1458 δύναται.
2716 1408 2779 1458 Ἡ
2810 1402 2914 1477 γὰρ
2950 1396 3232 1477 ὑπερϐολὴ
3262 1406 3358 1456 τοῦ
3399 1402 3561 1478 φωτὸς
3601 1404 3686 1471 τὴν
3727 1406 3806 1458 τοῦ

2223 1489 2465 1564 ὁρῶντος
2516 1489 2694 1546 ἐκλύει
2746 1490 2936 1567 σάρκα,
2968 1490 3120 1553 ἐκτὸς
3162 1490 3209 1545 εἷ
3268 1492 3342 1563 μὴ
3393 1496 3516 1545 Θεοῦ
3560 1490 3810 1567 ἀποῤῥήτῳ

2225 1575 2443 1653 δυνάμει
2476 1581 2510 1649 ἡ
2544 1581 2669 1656 σὰρξ
2702 1578 2779 1642 εἷς
2810 1579 2964 1658 φύσιν
2995 1583 3177 1655 τραπῇ
3208 1581 3406 1657 φωτὸς,
3434 1577 3518 1634 ’ίνα
3563 1584 3663 1656 φῶς
3705 1578 3813 1635 ἰδεῖν

2225 1665 2454 1741 δυνηθῇ,
2486 1670 2519 1737 ἢ
2554 1671 2588 1738 ἡ
2630 1674 2727 1723 τοῦ
2776 1669 2955 1746 φωτὸς
3008 1667 3163 1723 οὐσία
3214 1668 3291 1731 εἷς
3343 1668 3502 1744 σάρκα
3542 1673 3718 1745 τραπῇ,
3741 1667 3815 1722 ’ἱνα

2228 1757 2331 1812 ὑπὸ
2370 1756 2565 1833 σαρκὸς
2608 1758 2869 1833 ὁραθῆναι
2910 1754 3133 1831 δυνηθῇ.
3164 1758 3236 1812 Τὸ
3285 1758 3385 1833 γὰρ
3434 1756 3682 1833 ἀτρέπτως
3728 1762 3815 1809 Πα-

465 1849 685 1906 intueri
720 1850 941 1921 absque
970 1850 1367 1917 conversione,
1401 1850 1475 1905 ad
1507 1850 1696 1907 solum
1741 1849 1954 1905 Filium
1988 1865 2110 1921 per-

2225 1847 2353 1921 τέρα
2384 1844 2515 1901 ἰδεῖν
2551 1847 2678 1902 Υἱοῦ
2708 1848 2873 1921 μόνου
2906 1846 3067 1903 ἐστίν.
3108 1845 3342 1901 Δικαίων
3375 1849 3395 1883 ⁸
3424 1844 3477 1901 δὲ
3506 1845 3600 1922 οὐχ
3626 1845 3815 1918 ὁμοίως.

468 1940 634 1995 tinet.
667 1939 753 1993 Ad
777 1941 977 2008 justos
1008 1944 1201 1995 autem
1230 1956 1343 1995 non
1368 1939 1550 1995 simili
1587 1940 1785 1996 modo.
1829 1940 1891 1994 In
1926 1955 2110 1994 resur-

2232 1936 2318 1991 'Ev
2366 1936 2468 2011 γὰρ
2514 1938 2583 2009 τῇ
2634 1936 2911 1990 ἀναστάσει
2949 1940 3057 1990 τῶν
3106 1938 3333 2011 νεκρῶν,
3366 1933 3483 1990 ὅταν
3529 1938 3548 1971 δ
3580 1934 3820 2009 τραπέντες

475 2028 726 2084 rectione
756 2028 911 2083 enim
945 2033 1333 2100 mortuorum,
1367 2028 1601 2100 quando
1625 2028 1967 2101 corporibus
1999 2044 2110 2082 mu-

2234 2023 2311 2086 εἷς
2338 2028 2452 2101 φῶς
2483 2025 2550 2079 τά
2581 2025 2806 2097 σώματα
2848 2022 3128 2101 ἰσάγγελοι
3161 2023 3442 2100 γένωνται,
3469 2023 3581 2078 τότε
3610 2021 3721 2077 ἰδεῖν
3750 2020 3821 2076 δυ-

475 2117 581 2172 tati
612 2117 667 2171 in
700 2117 901 2172 lumen
932 2122 1104 2172 erunt
1137 2117 1363 2190 angelis
1392 2117 1821 2189 aequales,tunc
1853 2122 2110 2189 poterunt

2232 2115 2509 2183 νήσονται.
2568 2111 2741 2187 Πέρας
2797 2117 2923 2189 γοῦν
2981 2112 3076 2168 κᾶν
3137 2112 3387 2189 ἀγγέλων
3461 2134 3535 2175 τις
3604 2112 3825 2187 ἀνθρώπῳ

477 2222 729 2261 cernere.
765 2206 1026 2275 Denique
1051 2210 1109 2260 et
1140 2206 1188 2259 si
1222 2205 1566 2278 angelorum
1593 2205 1901 2279 aliquis,ut
1929 2205 2110 2262 videa-

2238 2201 2468 2280 ὀφθῆναι
2500 2200 2747 2279 πεμφθῇ,
2778 2200 3027 2272 τρέπεται
3062 2201 3137 2264 εἷς
3188 2204 3383 2279 σάρκα,
3400 2199 3484 2256 ’ίνα
3534 2201 3625 2256 ὑπὸ
3668 2199 3829 2275 σαρκὸς

474 2300 571 2351 tur
597 2297 667 2350 ab
702 2293 959 2364 homine,
994 2295 1213 2350 missus
1247 2295 1441 2362 fuerit,
1477 2300 1738 2351 mutatur
1778 2296 1837 2350 in
1868 2312 2110 2351 carnem

2240 2290 2469 2369 ὀφθῆναι
2497 2293 2649 2348 349
2684 2288 3190 2368 δυνηθῇ.Ἀσαρκον
3224 2293 3332 2367 γὰρ
3365 2289 3664 2365 δύναμιν,οὐ
3696 2288 3828 2361 μόνον

482 2389 549 2439 ut
582 2400 682 2455 per
713 2400 955 2439 carnem-
979 2383 1137 2439 cerni
1168 2384 1374 2456 possit.
1401 2384 1805 2456 Incorpoream
1838 2385 2110 2456 siquidem

2237 2381 2391 2448 Υίοῦ,
2422 2379 2547 2436 ἀλλ’
2579 2383 2599 2416 ⁸
2629 2377 2743 2435 οὐδ’
2774 2379 3009 2457 ἀγγέλου
3040 2378 3171 2435 tam
3204 2401 3291 2443 τις
3327 2378 3554 2435 δύναται.
3586 2378 3640 2433 Ei
3676 2375 3724 2431 δὲ
3765 2373 3833 2447 ἴδῃ

478 2473 755 2529 virtutem
786 2489 899 2526 non
933 2471 1123 2527 solum
1158 2472 1310 2541 Filii,
1345 2474 1444 2528 sed
1476 2488 1581 2527 nec
1612 2472 1803 2545 angeli
1834 2489 2004 2528 nemo
2037 2490 2108 2546 po

2237 2491 2322 2533 τις
2380 2469 2658 2540 ὀπτασίαν,
2700 2475 2868 2525 κακοῦ
2931 2468 3187 2543 δαίμονος
3232 2470 3435 2539 ταύτην
3489 2468 3608 2523 εἶναι
3660 2465 3833 2521 νοείτω.

483 2565 600 2617 test
630 2576 880 2616 eernere.
913 2560 1012 2615 Sin
1044 2577 1175 2616 vero
1210 2559 1528 2617 nonnullus
1570 2561 1851 2618 visionem
1886 2579 2131 2636 conspe-

485 2650 652 2718 xerit,
688 2648 825 2704 mali
858 2649 1141 2704 daemonis
1173 2667 1300 2704 eam
1332 2666 1460 2706 esse
1486 2650 1792 2722 intelligat.

562 2738 732 2809 XVII,
766 2738 1048 2793 Caeterum
1089 2742 1145 2793 et
1193 2738 1264 2794 ab
1318 2737 1518 2811 impiis
1571 2738 1695 2794 visa
1742 2742 1798 2794 et
1840 2738 2138 2795 insomnia

492 2845 630 2885 vera
659 2827 936 2899 conspici,
971 2827 1348 2883 manifestum
1382 2831 1489 2897 est,
1524 2831 1699 2899 atque
1734 2844 1801 2883 ex
1819 2829 2138 2902 Scripturis

406 2908 409 2917 ’
497 2935 739 2992 possum
794 2918 1214 2974 demonstrare.
1270 2917 1530 2991 Denique
1575 2919 1633 2974 in
1678 2918 1803 2991 lege
1854 2921 2139 2992 scriptum

498 3012 610 3076 est,
641 3007 1137 3079 quemadmodum
1163 3007 1376 3078 impius
1408 3006 2141 3079 Abimelechus,cumjusti

501 3097 819 3153 Abrahami
853 3113 1091 3151 uxorem
1124 3096 1327 3151 vitiare
1366 3101 1622 3168 cuperet,
1656 3115 1691 3151 a
1738 3098 1853 3153 Deo
1893 3099 2110 3154 audieri

2246 3099 2476 3168 γυναῖκα
2527 3093 2614 3148 ἐπὶ
2664 3092 2921 3164 κοινωνίᾳ
2972 3099 3152 3165 μιᾶναι
3195 3092 3453 3163 Θελήσας,
3500 3089 3681 3159 ’ἤκουσε
3728 3087 3844 3158 παρᾶ

500 3186 559 3240 in
594 3203 799 3242 somno
832 3186 983 3241 sicut
1033 3186 1112 3240 ait
1159 3185 1475 3257 Scriptura,
1526 3201 1596 3240 ne
1645 3185 1807 3241 illam
1856 3191 2110 3259 tangeret

2249 3188 2345 3237 τοῦ
2392 3187 2524 3238 Θεοῦ
2573 3184 2689 3237 καθ’
2720 3181 2904 3251 ὕπνον,
2938 3181 3012 3243 ὡς
3044 3184 3078 3251 ἡ
3108 3188 3143 3235 Γ
3148 3188 3295 3259 ραιρή
3342 3179 3503 3257 λέγει,
3555 3181 3622 3253 μή
3666 3177 3843 3253 θιγεῖντ

495 3276 647 3346 quod
682 3274 1040 3330 cohabitaret
1070 3290 1203 3329 cum
1234 3252 1375 3328 viro.
1415 3252 1523 3329 Sed
1574 3278 1632 3330 et
1680 3275 1925 3340 Pharao,
1960 3252 2110 3332 born:

2250 3272 2440 3341 αὐτῆς,
2468 3271 2549 3326 ὅτι
2600 3270 2751 3347 ἀνδρὶ
2801 3272 3147 3343 συνῳκηκυῖα
3196 3270 3358 3326 ἐστιν.
3392 3268 3563 3325 Ἀλλᾶ
3589 3267 3667 3323 καῖ
3705 3268 3844 3320 ὁΦαο

490 3364 729 3435 impius,
781 3363 1075 3419 somnium
1121 3362 1267 3417 vidit
1310 3363 1380 3417 de
1439 3364 1713 3418 frumenti
1773 3365 2110 3421 abundantia

2247 3363 2379 3439 ραὼ,
2441 3356 2640 3430 ἀσεϐὴς
2689 3361 2847 3435 ἀνὴρ,
2901 3360 3131 3433 ἑώρακεν
3185 3355 3391 3435 ὄνειρόν
3439 3359 3555 3433 περί
3597 3379 3649 3411 τε
3691 3358 3841 3429 πυρῶν

490 3456 547 3509 et
574 3452 900 3521 sterilitate,
933 3452 1023 3507 cui
1071 3468 1205 3507 cum
1263 3451 1479 3524 Joseph
1538 3452 1871 3525 explicaret,
1929 3472 1964 3509 a
2025 3456 2110 3511 D61

2247 3449 2497 3529 εὐφορίας
2539 3451 2628 3505 καὶ
2678 3448 2927 3527 ἀφορίας,
2959 3450 3004 3522 ᾦ
3053 3450 3081 3503 6
3129 3451 3149 3485 ⁸
3200 3449 3405 3526 Ἰωσὴφ
3464 3445 3680 3503 ἐπιλύων
3724 3443 3847 3516 παρᾶ

491 3544 742 3597 asseruit
773 3541 1001 3597 venisse
1033 3540 1896 3598 somnium.Nabuchodonosor
1918 3547 2110 3599 autem

2247 3544 2379 3594 Θεοῦ
2420 3536 2519 3616 ἔφη
2551 3539 2641 3592 τὸν
2673 3534 2877 3612 ὄνειρον
2919 3539 3258 3613 γεγενῆσθαι.
3294 3533 3749 3612 Ναϐουχοδονόσορ
3778 3529 3840 3597 δὲ,

488 3629 777 3685 idolorum
812 3629 1020 3700 cultor,
1048 3628 1268 3701 quique
1293 3630 1468 3699 jussit
1502 3634 1565 3685 ut
1596 3630 1694 3685 Dei
1727 3632 1978 3687 cultores
2013 3634 2110 3688 mit

2246 3629 2273 3682 6
2325 3625 2527 3683 εἶ’δωλα
2586 3622 2776 3699 σέϐων,
2822 3626 2913 3681 καὶ
2967 3626 3095 3689 τοὺς
3155 3628 3284 3683 Θεὸν
3345 3622 3589 3687 σέϐοντας
3641 3622 3707 3685 εἰς
3757 3624 3843 3694 πῦρ

487 3725 753 3775 terentur
784 3719 840 3772 in
876 3719 1094 3790 ignem,
1131 3718 1433 3774 somnium
1467 3719 1628 3774 vidit.
1681 3720 1837 3791 quod
1871 3721 2110 3778 omniun

2244 3716 2500 3779 κελεύσας
2536 3714 2830 3792 βληθῆναι,
2863 3710 3071 3790 ὄνειρον
3102 3715 3234 3772 ὅλου
3290 3718 3500 3790 μήκους
3543 3713 3716 3772 αἰῶνος
3745 3710 3842 3781 ὁρᾷ.

489 3809 832 3864 saeculorum
859 3806 1282 3880 longitudinem
1308 3808 1829 3881 complectebatur.
1846 3809 1961 3865 Nec
1983 3810 2110 3867 dica

2245 3807 2343 3862 Καὶ
2379 3808 2453 3880 μὴ
2488 3804 2695 3881 λεγέτω
2718 3823 2824 3867 τις’
2860 3803 3017 3861 Ἀλλ’
3056 3805 3236 3881 ὅραμα
3287 3803 3601 3882 ἐγρηγορὼς
3645 3803 3664 3837 ⁹
3700 3795 3844 3857 οὐδεὶς

489 3896 702 3969 aliquis
737 3915 749 3951 :
784 3900 857 3950 At
886 3895 1085 3950 nullus
1118 3895 1338 3968 impius
1366 3897 1558 3951 visum
1592 3914 1695 3969 per
1725 3897 1981 3968 vigiliam
2013 3916 2108 3955 cer

2246 3892 2450 3951 ἀσεϐῶν
2500 3896 2712 3971 θεωρεῖ.
2766 3888 2975 3955 Ψεῦδος
3026 3892 3185 3950 ἐστιν.
3233 3892 3409 3956 Αὐτὸς
3456 3892 3637 3968 γοῦνὸ
3677 3882 3847 3943 N51609-

493 3987 595 4040 nit.
652 3985 888 4040 Falsum
938 3991 1045 4039 est.
1109 3989 1237 4055 Ipse
1288 3990 1441 4040 certe
1494 3986 1981 4055 Nabuchonosor,
2035 4005 2110 4059 qu

2243 3982 2548 4060 χοδονὸσορ
2586 3989 2731 4058 τρεῖς
2782 3979 2972 4056 ἄνδρας
3019 3981 3276 4046 κελεύσας
3328 3981 3592 4059 βληθῆναι
3635 3978 3702 4041 εἷς
3744 3979 3849 4050 πῦρ.

482 4076 744 4145 jusserat
776 4078 893 4128 tres
927 4073 1080 4128 viros
1112 4073 1168 4126 in
1202 4073 1399 4144 ignem
1435 4074 1606 4140 mitti,
1648 4092 1780 4129 cum
1812 4075 1868 4129 in
1904 4077 2110 4133 fornaci

2245 4072 2429 4129 ἐνιδὼν
2460 4078 2529 4147 τῇ
2560 4071 2775 4146 καμίνῳ
2804 4072 3054 4147 τέταρτον
3092 4076 3135 4109 ¹⁰
3166 4069 3290 4147 ἔφη’
3334 4074 3436 4127 Τὸν
3481 4072 3715 4141 τέταρτον
3761 4067 3849 4136 ὁρῶ

491 4167 766 4236 quartum
836 4162 1181 4228 intueretur,
1217 4162 1341 4217 ait:
1406 4164 1686 4226 Quartum
1735 4163 1919 4234 video,
1979 4165 2105 4221 velu

2243 4158 2317 4225 ὡξ
2349 4163 2469 4217 Υἰὸν
2503 4166 2658 4218 Θεοῦ,
2691 4161 2790 4215 Καὶ
2822 4160 2975 4233 ὅμως
3010 4160 3269 4223 ὀπτασίας
3297 4182 3359 4215 τε
3388 4160 3479 4216 καὶ
3530 4160 3756 4236 ὁράματα
3778 4149 3849 4207 καῖ

487 4252 699 4307 Filium
734 4250 852 4305 Dei.
888 4252 955 4304 Et
980 4256 1174 4305 tamen
1208 4250 1307 4322 qui
1346 4250 1597 4306 visiones
1648 4256 1704 4307 et
1747 4254 2047 4324 spetacula
2077 4271 2106 4310 e

2242 4251 2461 4307 ἐνύπνια
2520 4252 2751 4326 ὁρῶντες
2822 4250 3027 4320 ἀληθῆ,
3087 4244 3295 4311 ἀσεϐεῖς
3367 4251 3522 4319 ἦσαν.
3581 4247 3745 4304 Οὕτως
3801 4239 3849 4294 οὗ

486 4341 780 4395 insomnia
807 4344 1235 4411 conspexerunt
1264 4356 1415 4407 vera,
1459 4340 1625 4413 impii
1678 4346 1861 4397 erant.
1894 4342 1983 4397 Sic
2016 4361 2110 4399 nox

2239 4341 2454 4403 πάντως
2505 4340 2562 4395 ἐκ
2607 4343 2704 4394 τοῦ
2754 4339 2881 4414 ὁρᾷν
2931 4360 3051 4393 τινα
3101 4339 3351 4414 ὁράματα
3393 4339 3484 4394 καὶ
3545 4335 3741 4391 ἐνύπνια
3779 4327 3848 4384 καὶ

482 4430 685 4485 statim
718 4447 784 4485 ex
815 4446 901 4497 eo,
938 4446 1052 4500 quo
1106 4429 1240 4500 quis
1298 4434 1495 4484 cernat
1525 4430 1648 4486 visa
1704 4434 1761 4486 et
1815 4430 2107 4489 insomnia

2241 4429 2500 4490 ὀπτασίας
2544 4427 2757 4490 πάντως
2806 4422 3030 4496 εὐσεϐής
3059 4426 3220 4484 ἐστιν.
3260 4431 3346 4499 Τῷ
3385 4428 3492 4503 γὰρ
3540 4418 3731 4481 εὐσεϐεῖ
3772 4419 3847 4489 ἑμ-

483 4520 723 4575 omnino
757 4518 891 4590 pius
923 4518 1189 4574 est.Nam
1223 4518 1317 4590 pio
1350 4518 1407 4573 in
1438 4524 1629 4575 mente
1662 4520 1861 4575 innata
1896 4526 1951 4576 et
1981 4538 2110 4593 pura

2239 4518 2390 4599 φύτῳ
2445 4518 2535 4573 καὶ
2596 4519 2813 4591 καθαρῷ
2870 4513 3156 4585 ἀναϐλύζει
3213 4514 3297 4589 τῷ
3341 4520 3417 4588 νῷ
3445 4517 3508 4571 τὸ
3539 4505 3852 4599 ἀληθὶςμῖἷξκ

480 4613 665 4665 scatet
688 4607 918 4679 veritas,
955 4624 1068 4663 non
1104 4624 1231 4680 qua:
1262 4623 1366 4679 per
1396 4624 1668 4664 somnum
1700 4609 2110 4682 aﬁ'ectatur,sec

2245 4593 2440 4684 ὀνείρῳ
2473 4604 2909 4681 σπουδαζόμενον
2944 4608 3007 4680 ¹¹,
3041 4604 3188 4662 ἀλλὰ
3228 4605 3435 4662 συνέσει
3476 4604 3687 4681 ἀγαθοῖς
3731 4593 3851 4653 διδό-

482 4715 608 4771 quae
639 4714 742 4771 per
770 4696 1219 4770 intelligentiam
1251 4695 1421 4753 bonis
1451 4698 1811 4755 conceditur.
2248 4720 2433 4774 μενον.

2316 2739 2483 2794 XVII.
2518 2736 2671 2807 Πλὴν
2710 2736 2791 2793 ὅτι
2843 2736 2932 2793 καὶ
2983 2732 3192 2800 ἀσεϐεῖς
3244 2736 3489 2813 ὁράματα
3532 2735 3613 2789 καὶ
3660 2733 3840 2788 ἐνύπνια

2247 2827 2428 2897 ἀληθῆ
2467 2827 2778 2903 βλέπουσιν,
2802 2824 2971 2897 δῆλόν
3009 2826 3170 2898 ἐστιν,
3203 2828 3296 2881 καὶ
3350 2825 3615 2902 ἐγγράφως
3656 2818 3840 2877 ἀποδεῖ-

2248 2916 2329 2987 ξαι
2363 2914 2613 2990 δύναμαι.
2649 2918 2820 2992 Πέρας
2864 2921 2990 2991 γοῦν
3046 2915 3097 2971 ἐν
3143 2921 3220 2988 τῷ
3271 2916 3423 2988 νόμῳ
3466 2914 3751 2989 γέγραπται,
3782 2910 3842 2969 ὡς

2249 3006 2277 3063 ὁ
2322 2999 2646 3081 Ἀϐιμέλεχ,
2699 2998 2899 3072 ἀσεϐὴς
2941 3002 3037 3076 ὢν,
3085 3005 3185 3072 τήν
3227 3008 3328 3058 τοῦ
3395 3000 3592 3058 δικαίου
3634 2995 3843 3075 Ἀϐραὰμ

1828 4876 2074 4936 VARIIE
2111 4877 2528 4937 LECTIONES.

553 5020 577 5100 ξ
603 5018 1116 5100 voiputranscripsi‘
1156 5033 1256 5100 es.
1287 5017 1352 5073 Ο.
1410 5018 1572 5100 Tum
1617 5014 1788 5100 εἷδέαν
1847 5021 1905 5074 C.
1982 5020 2006 5055 ⁸
2063 5019 2262 5100 ἐῶντρς
2384 5091 2416 5100 Α
2438 5021 2461 5054 ‘
2514 5018 2618 5100 μα,
2640 5018 2706 5100 ἓ,
2759 5012 2958 5100 δίκαιοι
2979 5020 3048 5100 £3,
3181 5020 3247 5072 In
3353 5019 3494 5073 nota
3524 5009 3851 5100 marginalia.

526 5078 647 5165 εῦγέ
675 5078 804 5144 νόθα
830 5078 1121 5159 ταῦταξαᾱ
1156 5090 1300 5144 Vbb.
1336 5089 1734 5144 antecedentia
1764 5102 2054 5160 spectans.
2131 5093 2152 5127 ⁵
2181 5078 2259 5145 ὅτ³
2286 5092 2345 5144 ἄν
2378 5091 2438 5147 C.
2514 5091 2536 5124 ²
2565 5078 2703 5143 ἀλλ”
2722 5089 2858 5145 add.
2892 5106 2942 5144 c.
2976 5078 3045 5144 0.
3072 5089 3154 5145 Ex
3184 5089 3386 5145 eodem
3436 5078 3676 5144 accessit
3722 5078 3851 5136 ἰδεῖν.

536 5165 621 5214 Ita
650 5164 706 5214 S.
743 5162 840 5214 aui
875 5163 1092 5214 confert
1120 5160 1372 5214 Schaefer
1400 5162 1622 5214 Greaar.
1658 5161 1899 5214 Corinth.
1931 5163 2057 5214 990.
2092 5161 2279 5214 nivew.
2313 5165 2372 5214 Ο-
2407 5164 2468 5214 0.
2547 5161 2568 5196 ⁸
2600 5158 2870 5214 εὐφημίας
2900 5159 2989 5213 καὶ
3020 5159 3049 5213 ὃ
3080 5160 3107 5214 6
3140 5178 3197 5214 ι).
3233 5157 3486 5214 εόφοοίας
3537 5158 3623 5213 καὶ
3656 5151 3852 5214 ἀφορίας

480 5160 507 5199 τ
534 5160 621 5219 Ita
650 5164 706 5232 S,
743 5162 840 5233 qui
875 5163 1092 5217 confert
1120 5160 1372 5216 Schaefer
1400 5162 1622 5229 Gregor.
1658 5161 1899 5218 Corinth.
1931 5163 2057 5245 990_,
2092 5161 2279 5245 θίγειν,
2313 5165 2374 5232 Ο,
2407 5164 2468 5218 0.
2547 5161 2568 5196 ⁸
2600 5160 2870 5236 εὐφημίας
2900 5160 2989 5213 καὶ
3020 5160 3049 5213 ὃ
3080 5160 3107 5214 6
3140 5178 3197 5233 p.
3233 5160 3486 5236 εὖφορίας
3537 5160 3623 5213 καί
3656 5160 3851 5281 deost“

479 5230 1104 5373 ﬁigduaztiﬁgéogdv
1138 5232 1201 5288 Ο.
1284 5233 1327 5268 ¹⁰
1384 5236 1470 5287 lta
1522 5232 1565 5287 Ο
1622 5237 1679 5287 et
1734 5251 1920 5306 marg.
1980 5236 2064 5305 Cl,
2096 5252 2197 5307 qui
2229 5235 2287 5291 in
2340 5239 2499 5290 textu
2547 5232 2677 5288 exh.
2710 5232 3127 5306 τεταρτώτατον.
3206 5234 3246 5268 ¹¹
3284 5228 3710 5301 σπουδαζόμενον
3808 5238 3851 5278 ο.

532 5348 546 5374 ,
579 5324 847 5373 σπουοαςο
857 5324 988 5376 μενοι
1018 5324 1076 5359 u.

1860 5430 2246 5488 VARIORUM
2278 5430 2507 5487 NOTIE.

548 5568 662 5638 (54)
716 5566 1004 5637 ’Λσαρκον.
1067 5565 1223 5638 Nota
1281 5559 1533 5637 ἄσαρκον,
1584 5581 1733 5638 _non
1812 5561 2125 5638 ἀσώματον,

514 5635 713 5708 repter
741 5638 799 5693 id
830 5635 982 5709 quod
1017 5635 1422 5709 scribebamus
1464 5635 1637 5709 paulo
1668 5639 1823 5703 ante,
1848 5637 1918 5691 ad
1953 5641 2129 5709 caput

514 5657 713 5708 repter
741 5657 799 5693 1C1
830 5657 982 5708 quoa
1017 5657 1422 5693 scrlneoamus
1464 5657 1637 5707 pauno
1668 5657 1823 5703 ante,
1848 5657 1918 5691 aa
1953 5657 2124 5709 captu

474 5657 511 5765 ll3
559 5709 738 5780 hujus
786 5708 1035 5765 homillae
1080 5727 1093 5778 ;
1134 5714 1250 5763 Deo
1298 5706 1455 5763 enim
1499 5706 1833 5764 tribuerunt
1855 5708 2124 5764 nonnulli

2237 5652 2437 5693 neum.
2469 5636 2598 5692 Cor.

2238 5581 2450 5636 corpus
2481 5568 2675 5636 tenue,
2708 5562 2865 5620 velut
2894 5564 3111 5630 lumen,
3144 5580 3259 5619 non
3296 5566 3490 5620 autem
3524 5573 3729 5633 corpus
3750 5570 3857 5611 car-
