  <div class='ocr_page' id='page_1' title='image "/cluster/home/n/w/nwhite01/storage/ocr_20150623/2/hvd.32044073501397/209.png"; bbox 0 0 4082 6208; ppageno 0'>
   <div class='ocr_carea' id='block_1_1' title="bbox 357 400 473 458">
    <p class='ocr_par' dir='ltr' id='par_1_1' title="bbox 357 400 473 458">
     <span class='ocr_line' id='line_1_1' title="bbox 357 400 473 458; baseline 0.009 -1"><span class='ocrx_word' id='word_1_1' title='bbox 357 400 473 458; x_wconf 78' lang='grc'>407</span> 
     </span>
    </p>
   </div>
   <div class='ocr_carea' id='block_1_2' title="bbox 1175 398 2934 462">
    <p class='ocr_par' dir='ltr' id='par_1_2' title="bbox 1175 398 2934 462">
     <span class='ocr_line' id='line_1_2' title="bbox 1175 398 2934 462; baseline 0 -4"><span class='ocrx_word' id='word_1_2' title='bbox 1175 400 1239 458; x_wconf 88' lang='lat' dir='ltr'>S.</span> <span class='ocrx_word' id='word_1_3' title='bbox 1288 398 1730 460; x_wconf 83' lang='lat' dir='ltr'>CLEMENTIS</span> <span class='ocrx_word' id='word_1_4' title='bbox 1773 402 1795 462; x_wconf 90' lang='lat' dir='ltr'>l</span> <span class='ocrx_word' id='word_1_5' title='bbox 1845 402 2034 461; x_wconf 59' lang='lat' dir='ltr'>R0“.</span> <span class='ocrx_word' id='word_1_6' title='bbox 2083 403 2310 461; x_wconf 83' lang='lat' dir='ltr'>PUNT.</span> <span class='ocrx_word' id='word_1_7' title='bbox 2360 401 2619 462; x_wconf 78' lang='lat' dir='ltr'>OPEHA</span> <span class='ocrx_word' id='word_1_8' title='bbox 2668 400 2934 461; x_wconf 85' lang='lat' dir='ltr'>DUBlA.</span> 
     </span>
    </p>
   </div>
   <div class='ocr_carea' id='block_1_3' title="bbox 3646 399 3773 458">
    <p class='ocr_par' dir='ltr' id='par_1_3' title="bbox 3646 399 3773 458">
     <span class='ocr_line' id='line_1_3' title="bbox 3646 399 3773 458; baseline 0.008 -1"><span class='ocrx_word' id='word_1_9' title='bbox 3646 399 3773 458; x_wconf 71' lang='lat'>408</span> 
     </span>
    </p>
   </div>
   <div class='ocr_carea' id='block_1_4' title="bbox 358 527 2022 608">
    <p class='ocr_par' dir='ltr' id='par_1_4' title="bbox 358 528 2001 603">
     <span class='ocr_line' id='line_1_4' title="bbox 358 528 2001 603; baseline 0.003 -19"><span class='ocrx_word' id='word_1_10' title='bbox 358 528 877 603; x_wconf 81' lang='lat' dir='ltr'>(quemadmodum</span> <span class='ocrx_word' id='word_1_11' title='bbox 906 528 965 585; x_wconf 89' lang='lat' dir='ltr'>in</span> <span class='ocrx_word' id='word_1_12' title='bbox 998 530 1543 589; x_wconf 88' lang='lat' dir='ltr'>Lamentationibus</span> <span class='ocrx_word' id='word_1_13' title='bbox 1572 534 1859 589; x_wconf 86' lang='lat' dir='ltr'>Jeremias</span> <span class='ocrx_word' id='word_1_14' title='bbox 1887 539 2001 589; x_wconf 84' lang='lat' dir='ltr'>tes-</span> 
     </span>
    </p>
   </div>
   <div class='ocr_carea' id='block_1_5' title="bbox 2135 527 3772 608">
    <p class='ocr_par' dir='ltr' id='par_1_5' title="bbox 2135 527 3772 608">
     <span class='ocr_line' id='line_1_5' title="bbox 2135 527 3772 608; baseline -0.002 -21"><span class='ocrx_word' id='word_1_15' title='bbox 2135 532 2253 600; x_wconf 80' lang='grc' dir='ltr'>ιακὴ</span> <span class='ocrx_word' id='word_1_16' title='bbox 2298 535 2451 591; x_wconf 74' lang='lat'>358</span> <span class='ocrx_word' id='word_1_17' title='bbox 2498 530 2742 602; x_wconf 76' lang='grc' dir='ltr'>ἠκούσθη</span> <span class='ocrx_word' id='word_1_18' title='bbox 2798 531 2952 608; x_wconf 77' lang='grc' dir='ltr'>φωνὴ</span> <span class='ocrx_word' id='word_1_19' title='bbox 2986 529 3084 603; x_wconf 83' lang='grc' dir='ltr'>(ὡς</span> <span class='ocrx_word' id='word_1_20' title='bbox 3138 527 3191 584; x_wconf 67' lang='grc' dir='ltr'>ἐν</span> <span class='ocrx_word' id='word_1_21' title='bbox 3236 534 3352 590; x_wconf 91' lang='grc' dir='ltr'>τοῖς</span> <span class='ocrx_word' id='word_1_22' title='bbox 3384 529 3621 604; x_wconf 75' lang='grc' dir='ltr'>Θρήνοις</span> <span class='ocrx_word' id='word_1_23' title='bbox 3676 527 3772 584; x_wconf 79' lang='grc' dir='ltr'>καὶ</span> 
     </span>
    </p>
   </div>
   <div class='ocr_carea' id='block_1_6' title="bbox 358 618 2000 690">
    <p class='ocr_par' dir='ltr' id='par_1_6' title="bbox 358 618 2000 690">
     <span class='ocr_line' id='line_1_6' title="bbox 358 618 2000 690; baseline 0.003 -18"><span class='ocrx_word' id='word_1_24' title='bbox 358 618 557 690; x_wconf 87' lang='lat' dir='ltr'>tatur),</span> <span class='ocrx_word' id='word_1_25' title='bbox 609 618 709 688; x_wconf 85' lang='lat' dir='ltr'>qui</span> <span class='ocrx_word' id='word_1_26' title='bbox 758 620 1082 675; x_wconf 88' lang='lat' dir='ltr'>secundum</span> <span class='ocrx_word' id='word_1_27' title='bbox 1132 638 1442 677; x_wconf 81' lang='lat' dir='ltr'>numerum</span> <span class='ocrx_word' id='word_1_28' title='bbox 1494 624 1750 678; x_wconf 84' lang='lat' dir='ltr'>ﬁliorum</span> <span class='ocrx_word' id='word_1_29' title='bbox 1802 623 2000 689; x_wconf 82' lang='lat' dir='ltr'>Israel,</span> 
     </span>
    </p>
   </div>
   <div class='ocr_carea' id='block_1_7' title="bbox 2111 618 3771 695">
    <p class='ocr_par' dir='ltr' id='par_1_7' title="bbox 2111 618 3771 695">
     <span class='ocr_line' id='line_1_7' title="bbox 2111 618 3771 695; baseline -0.001 -21"><span class='ocrx_word' id='word_1_30' title='bbox 2111 619 2372 693; x_wconf 77' lang='grc' dir='ltr'>Ἱερεμίας</span> <span class='ocrx_word' id='word_1_31' title='bbox 2453 625 2732 695; x_wconf 88' lang='grc' dir='ltr'>μαρτυρεῖ,</span> <span class='ocrx_word' id='word_1_32' title='bbox 2809 618 2955 680; x_wconf 75' lang='grc' dir='ltr'>ὅστις</span> <span class='ocrx_word' id='word_1_33' title='bbox 3016 619 3134 673; x_wconf 86' lang='grc' dir='ltr'>κατ’</span> <span class='ocrx_word' id='word_1_34' title='bbox 3199 618 3424 693; x_wconf 79' lang='grc' dir='ltr'>ἀριθμὸν</span> <span class='ocrx_word' id='word_1_35' title='bbox 3660 623 3771 674; x_wconf 81' lang='grc' dir='ltr'>τῶν</span> 
     </span>
    </p>
   </div>
   <div class='ocr_carea' id='block_1_8' title="bbox 361 703 2022 783">
    <p class='ocr_par' dir='ltr' id='par_1_8' title="bbox 361 708 2007 783">
     <span class='ocr_line' id='line_1_8' title="bbox 361 708 2007 783; baseline 0.004 -24"><span class='ocrx_word' id='word_1_36' title='bbox 361 708 596 777; x_wconf 83' lang='lat' dir='ltr'>quando</span> <span class='ocrx_word' id='word_1_37' title='bbox 628 708 879 779; x_wconf 89' lang='lat' dir='ltr'>ingressi</span> <span class='ocrx_word' id='word_1_38' title='bbox 910 713 1049 764; x_wconf 89' lang='lat' dir='ltr'>sunt</span> <span class='ocrx_word' id='word_1_39' title='bbox 1079 710 1138 764; x_wconf 92' lang='lat' dir='ltr'>in</span> <span class='ocrx_word' id='word_1_40' title='bbox 1182 711 1492 783; x_wconf 69' lang='lat' dir='ltr'>{Egyptum</span> <span class='ocrx_word' id='word_1_41' title='bbox 1525 713 1918 783; x_wconf 90' lang='lat' dir='ltr'>septuaginta,</span> <span class='ocrx_word' id='word_1_42' title='bbox 1950 716 2007 766; x_wconf 88' lang='lat' dir='ltr'>et</span> 
     </span>
    </p>
   </div>
   <div class='ocr_carea' id='block_1_9' title="bbox 2135 703 3770 783">
    <p class='ocr_par' dir='ltr' id='par_1_9' title="bbox 2135 703 3770 782">
     <span class='ocr_line' id='line_1_9' title="bbox 2135 703 3770 782; baseline 0 -21"><span class='ocrx_word' id='word_1_43' title='bbox 2135 709 2245 762; x_wconf 70' lang='grc' dir='ltr'>ιὶὤν</span> <span class='ocrx_word' id='word_1_44' title='bbox 2305 708 2546 782; x_wconf 77' lang='grc' dir='ltr'>Ἰσραὴλ,</span> <span class='ocrx_word' id='word_1_45' title='bbox 2600 707 2653 762; x_wconf 81' lang='grc' dir='ltr'>οἳ</span> <span class='ocrx_word' id='word_1_46' title='bbox 2711 706 2965 776; x_wconf 77' lang='grc' dir='ltr'>εἰσῆλθον</span> <span class='ocrx_word' id='word_1_47' title='bbox 3043 706 3118 768; x_wconf 80' lang='grc' dir='ltr'>εἰς</span> <span class='ocrx_word' id='word_1_48' title='bbox 3178 703 3469 781; x_wconf 59' lang='grc' dir='ltr'>Αἷίγυπτον,</span> <span class='ocrx_word' id='word_1_49' title='bbox 3524 704 3577 761; x_wconf 64' lang='grc' dir='ltr'>οἳ</span> <span class='ocrx_word' id='word_1_50' title='bbox 3638 708 3770 762; x_wconf 77' lang='grc' dir='ltr'>εἶσιν</span> 
     </span>
    </p>
   </div>
   <div class='ocr_carea' id='block_1_10' title="bbox 362 796 2007 873">
    <p class='ocr_par' dir='ltr' id='par_1_10' title="bbox 362 796 2007 873">
     <span class='ocr_line' id='line_1_10' title="bbox 362 796 2007 873; baseline 0.002 -23"><span class='ocrx_word' id='word_1_51' title='bbox 362 796 687 852; x_wconf 84' lang='lat' dir='ltr'>secundum</span> <span class='ocrx_word' id='word_1_52' title='bbox 700 801 984 854; x_wconf 81' lang='lat' dir='ltr'>terminos</span> <span class='ocrx_word' id='word_1_53' title='bbox 997 798 1259 870; x_wconf 89' lang='lat' dir='ltr'>gentium</span> <span class='ocrx_word' id='word_1_54' title='bbox 1282 816 1380 856; x_wconf 87' lang='lat' dir='ltr'>eas</span> <span class='ocrx_word' id='word_1_55' title='bbox 1404 800 2007 873; x_wconf 84' lang='lat' dir='ltr'>circumscripsitsep-</span> 
     </span>
    </p>
   </div>
   <div class='ocr_carea' id='block_1_11' title="bbox 363 884 2007 960">
    <p class='ocr_par' dir='ltr' id='par_1_11' title="bbox 363 884 2007 960">
     <span class='ocr_line' id='line_1_11' title="bbox 363 884 2007 960; baseline 0.003 -22"><span class='ocrx_word' id='word_1_56' title='bbox 363 884 631 955; x_wconf 81' lang='lat' dir='ltr'>tuaginta</span> <span class='ocrx_word' id='word_1_57' title='bbox 685 884 925 957; x_wconf 76' lang='lat' dir='ltr'>linguis,</span> <span class='ocrx_word' id='word_1_58' title='bbox 958 891 1015 941; x_wconf 92' lang='lat' dir='ltr'>et</span> <span class='ocrx_word' id='word_1_59' title='bbox 1073 886 1217 942; x_wconf 84' lang='lat' dir='ltr'>Filio</span> <span class='ocrx_word' id='word_1_60' title='bbox 1272 904 1400 955; x_wconf 90' lang='lat' dir='ltr'>suo,</span> <span class='ocrx_word' id='word_1_61' title='bbox 1452 887 1554 960; x_wconf 90' lang='lat' dir='ltr'>qui</span> <span class='ocrx_word' id='word_1_62' title='bbox 1613 894 1669 943; x_wconf 89' lang='lat' dir='ltr'>et</span> <span class='ocrx_word' id='word_1_63' title='bbox 1724 888 2007 944; x_wconf 82' lang='lat' dir='ltr'>Dominus</span> 
     </span>
    </p>
   </div>
   <div class='ocr_carea' id='block_1_12' title="bbox 363 975 2009 1042">
    <p class='ocr_par' dir='ltr' id='par_1_12' title="bbox 363 975 2009 1042">
     <span class='ocr_line' id='line_1_12' title="bbox 363 975 2009 1042; baseline 0.002 -15"><span class='ocrx_word' id='word_1_64' title='bbox 363 977 603 1028; x_wconf 79' lang='lat' dir='ltr'>vocatur</span> <span class='ocrx_word' id='word_1_65' title='bbox 648 980 705 1029; x_wconf 93' lang='lat' dir='ltr'>et</span> <span class='ocrx_word' id='word_1_66' title='bbox 762 975 972 1030; x_wconf 76' lang='lat' dir='ltr'>ccslum</span> <span class='ocrx_word' id='word_1_67' title='bbox 1005 992 1071 1029; x_wconf 88' lang='lat' dir='ltr'>ac</span> <span class='ocrx_word' id='word_1_68' title='bbox 1124 981 1336 1031; x_wconf 88' lang='lat' dir='ltr'>terram</span> <span class='ocrx_word' id='word_1_69' title='bbox 1387 977 1712 1042; x_wconf 81' lang='lat' dir='ltr'>constituit,</span> <span class='ocrx_word' id='word_1_70' title='bbox 1741 978 2009 1033; x_wconf 70' lang='lat' dir='ltr'>Hebraeos</span> 
     </span>
    </p>
   </div>
   <div class='ocr_carea' id='block_1_13' title="bbox 366 1063 2007 1136">
    <p class='ocr_par' dir='ltr' id='par_1_13' title="bbox 366 1063 2007 1136">
     <span class='ocr_line' id='line_1_13' title="bbox 366 1063 2007 1136; baseline 0.004 -20"><span class='ocrx_word' id='word_1_71' title='bbox 366 1067 591 1132; x_wconf 89' lang='lat' dir='ltr'>partem</span> <span class='ocrx_word' id='word_1_72' title='bbox 621 1063 1057 1136; x_wconf 88' lang='lat' dir='ltr'>dedit,eumque</span> <span class='ocrx_word' id='word_1_73' title='bbox 1090 1070 1269 1120; x_wconf 91' lang='lat' dir='ltr'>Deum</span> <span class='ocrx_word' id='word_1_74' title='bbox 1303 1067 1546 1121; x_wconf 90' lang='lat' dir='ltr'>deorum</span> <span class='ocrx_word' id='word_1_75' title='bbox 1575 1084 1705 1122; x_wconf 89' lang='lat' dir='ltr'>esse</span> <span class='ocrx_word' id='word_1_76' title='bbox 1728 1066 2007 1122; x_wconf 80' lang='lat' dir='ltr'>definivit:</span> 
     </span>
    </p>
   </div>
   <div class='ocr_carea' id='block_1_14' title="bbox 367 1151 2013 1226">
    <p class='ocr_par' dir='ltr' id='par_1_14' title="bbox 367 1151 2013 1226">
     <span class='ocr_line' id='line_1_14' title="bbox 367 1151 2013 1226; baseline 0.003 -21"><span class='ocrx_word' id='word_1_77' title='bbox 367 1151 608 1206; x_wconf 88' lang='lat' dir='ltr'>deorum</span> <span class='ocrx_word' id='word_1_78' title='bbox 640 1158 835 1206; x_wconf 86' lang='lat' dir='ltr'>autem</span> <span class='ocrx_word' id='word_1_79' title='bbox 869 1153 1021 1221; x_wconf 88' lang='lat' dir='ltr'>dico,</span> <span class='ocrx_word' id='word_1_80' title='bbox 1054 1154 1152 1224; x_wconf 91' lang='lat' dir='ltr'>qui</span> <span class='ocrx_word' id='word_1_81' title='bbox 1186 1152 1330 1209; x_wconf 90' lang='lat' dir='ltr'>alias</span> <span class='ocrx_word' id='word_1_82' title='bbox 1360 1157 1624 1226; x_wconf 88' lang='lat' dir='ltr'>gentium</span> <span class='ocrx_word' id='word_1_83' title='bbox 1666 1159 2013 1226; x_wconf 90' lang='lat' dir='ltr'>acceperunt</span> 
     </span>
    </p>
   </div>
   <div class='ocr_carea' id='block_1_15' title="bbox 367 1239 2013 1313">
    <p class='ocr_par' dir='ltr' id='par_1_15' title="bbox 367 1239 2013 1313">
     <span class='ocr_line' id='line_1_15' title="bbox 367 1239 2013 1313; baseline 0.002 -19"><span class='ocrx_word' id='word_1_84' title='bbox 367 1239 683 1311; x_wconf 82' lang='lat' dir='ltr'>portiones.</span> <span class='ocrx_word' id='word_1_85' title='bbox 710 1240 888 1311; x_wconf 85' lang='lat' dir='ltr'>Leges</span> <span class='ocrx_word' id='word_1_86' title='bbox 918 1240 1098 1313; x_wconf 83' lang='lat' dir='ltr'>igitur</span> <span class='ocrx_word' id='word_1_87' title='bbox 1128 1242 1471 1312; x_wconf 89' lang='lat' dir='ltr'>prodierunt</span> <span class='ocrx_word' id='word_1_88' title='bbox 1501 1244 1572 1298; x_wconf 88' lang='lat' dir='ltr'>ab</span> <span class='ocrx_word' id='word_1_89' title='bbox 1603 1244 1877 1298; x_wconf 88' lang='lat' dir='ltr'>omnibus</span> <span class='ocrx_word' id='word_1_90' title='bbox 1899 1243 2013 1298; x_wconf 92' lang='lat' dir='ltr'>dic-</span> 
     </span>
    </p>
   </div>
   <div class='ocr_carea' id='block_1_16' title="bbox 368 1328 2010 1403">
    <p class='ocr_par' dir='ltr' id='par_1_16' title="bbox 368 1328 2010 1403">
     <span class='ocr_line' id='line_1_16' title="bbox 368 1328 2010 1403; baseline 0.001 -20"><span class='ocrx_word' id='word_1_91' title='bbox 368 1328 444 1383; x_wconf 91' lang='lat' dir='ltr'>tis</span> <span class='ocrx_word' id='word_1_92' title='bbox 475 1329 588 1383; x_wconf 89' lang='lat' dir='ltr'>diis</span> <span class='ocrx_word' id='word_1_93' title='bbox 620 1330 691 1384; x_wconf 88' lang='lat' dir='ltr'>ad</span> <span class='ocrx_word' id='word_1_94' title='bbox 720 1346 857 1385; x_wconf 90' lang='lat' dir='ltr'>suas</span> <span class='ocrx_word' id='word_1_95' title='bbox 874 1330 1329 1402; x_wconf 68' lang='lat' dir='ltr'>portiones,qu€e</span> <span class='ocrx_word' id='word_1_96' title='bbox 1360 1335 1500 1387; x_wconf 88' lang='lat' dir='ltr'>sunt</span> <span class='ocrx_word' id='word_1_97' title='bbox 1529 1331 1766 1403; x_wconf 72' lang='lat' dir='ltr'>reliquas</span> <span class='ocrx_word' id='word_1_98' title='bbox 1788 1337 2010 1403; x_wconf 84' lang='lat' dir='ltr'>gentes.</span> 
     </span>
    </p>
   </div>
   <div class='ocr_carea' id='block_1_17' title="bbox 372 1417 2015 1477">
    <p class='ocr_par' dir='ltr' id='par_1_17' title="bbox 372 1417 2015 1477">
     <span class='ocr_line' id='line_1_17' title="bbox 372 1417 2015 1477; baseline 0.002 -6"><span class='ocrx_word' id='word_1_99' title='bbox 372 1417 503 1472; x_wconf 87' lang='lat' dir='ltr'>Pari</span> <span class='ocrx_word' id='word_1_100' title='bbox 554 1424 751 1473; x_wconf 87' lang='lat' dir='ltr'>autem</span> <span class='ocrx_word' id='word_1_101' title='bbox 800 1420 972 1474; x_wconf 85' lang='lat' dir='ltr'>modo</span> <span class='ocrx_word' id='word_1_102' title='bbox 1015 1425 1071 1475; x_wconf 90' lang='lat' dir='ltr'>et</span> <span class='ocrx_word' id='word_1_103' title='bbox 1100 1436 1134 1475; x_wconf 93' lang='lat' dir='ltr'>a</span> <span class='ocrx_word' id='word_1_104' title='bbox 1186 1420 1326 1475; x_wconf 87' lang='lat' dir='ltr'>Filio</span> <span class='ocrx_word' id='word_1_105' title='bbox 1375 1425 1717 1477; x_wconf 88' lang='lat' dir='ltr'>cunctorum</span> <span class='ocrx_word' id='word_1_106' title='bbox 1774 1420 2015 1476; x_wconf 90' lang='lat' dir='ltr'>Domino</span> 
     </span>
    </p>
   </div>
   <div class='ocr_carea' id='block_1_18' title="bbox 373 1507 2020 1581">
    <p class='ocr_par' dir='ltr' id='par_1_18' title="bbox 373 1507 2020 1581">
     <span class='ocr_line' id='line_1_18' title="bbox 373 1507 2020 1581; baseline 0.002 -20"><span class='ocrx_word' id='word_1_107' title='bbox 373 1507 527 1577; x_wconf 90' lang='lat' dir='ltr'>apud</span> <span class='ocrx_word' id='word_1_108' title='bbox 581 1507 846 1563; x_wconf 60' lang='lat' dir='ltr'>Hebraeos</span> <span class='ocrx_word' id='word_1_109' title='bbox 891 1508 1080 1580; x_wconf 85' lang='lat' dir='ltr'>posita</span> <span class='ocrx_word' id='word_1_110' title='bbox 1120 1508 1212 1564; x_wconf 88' lang='lat' dir='ltr'>lex</span> <span class='ocrx_word' id='word_1_111' title='bbox 1242 1510 1544 1581; x_wconf 85' lang='lat' dir='ltr'>processit.</span> <span class='ocrx_word' id='word_1_112' title='bbox 1596 1510 1714 1565; x_wconf 88' lang='lat' dir='ltr'>Hoc</span> <span class='ocrx_word' id='word_1_113' title='bbox 1753 1526 1886 1565; x_wconf 91' lang='lat' dir='ltr'>vero</span> <span class='ocrx_word' id='word_1_114' title='bbox 1935 1509 2020 1565; x_wconf 85' lang='lat' dir='ltr'>ita</span> 
     </span>
    </p>
   </div>
   <div class='ocr_carea' id='block_1_19' title="bbox 376 1595 2018 1671">
    <p class='ocr_par' dir='ltr' id='par_1_19' title="bbox 376 1595 2018 1671">
     <span class='ocr_line' id='line_1_19' title="bbox 376 1595 2018 1671; baseline 0.002 -22"><span class='ocrx_word' id='word_1_115' title='bbox 376 1595 591 1650; x_wconf 88' lang='lat' dir='ltr'>habere</span> <span class='ocrx_word' id='word_1_116' title='bbox 620 1595 926 1651; x_wconf 89' lang='lat' dir='ltr'>delinitum</span> <span class='ocrx_word' id='word_1_117' title='bbox 957 1602 1064 1666; x_wconf 86' lang='lat' dir='ltr'>est,</span> <span class='ocrx_word' id='word_1_118' title='bbox 1102 1602 1163 1652; x_wconf 92' lang='lat' dir='ltr'>ut</span> <span class='ocrx_word' id='word_1_119' title='bbox 1193 1599 1241 1653; x_wconf 91' lang='lat' dir='ltr'>si</span> <span class='ocrx_word' id='word_1_120' title='bbox 1275 1600 1407 1671; x_wconf 89' lang='lat' dir='ltr'>quis</span> <span class='ocrx_word' id='word_1_121' title='bbox 1438 1600 1511 1655; x_wconf 92' lang='lat' dir='ltr'>ad</span> <span class='ocrx_word' id='word_1_122' title='bbox 1542 1598 1795 1670; x_wconf 85' lang='lat' dir='ltr'>alicujus</span> <span class='ocrx_word' id='word_1_123' title='bbox 1830 1598 2018 1671; x_wconf 86' lang='lat' dir='ltr'>legem</span> 
     </span>
    </p>
   </div>
   <div class='ocr_carea' id='block_1_20' title="bbox 378 1685 2024 1759">
    <p class='ocr_par' dir='ltr' id='par_1_20' title="bbox 378 1685 2024 1759">
     <span class='ocr_line' id='line_1_20' title="bbox 378 1685 2024 1759; baseline 0 -20"><span class='ocrx_word' id='word_1_124' title='bbox 378 1685 803 1756; x_wconf 85' lang='lat' dir='ltr'>confugerit,ad</span> <span class='ocrx_word' id='word_1_125' title='bbox 835 1686 996 1741; x_wconf 92' lang='lat' dir='ltr'>illius</span> <span class='ocrx_word' id='word_1_126' title='bbox 1031 1692 1255 1759; x_wconf 82' lang='lat' dir='ltr'>partem</span> <span class='ocrx_word' id='word_1_127' title='bbox 1290 1687 1773 1759; x_wconf 87' lang='lat' dir='ltr'>pertineat,cujus</span> <span class='ocrx_word' id='word_1_128' title='bbox 1803 1687 2024 1758; x_wconf 87' lang='lat' dir='ltr'>recepit</span> 
     </span>
    </p>
   </div>
   <div class='ocr_carea' id='block_1_21' title="bbox 378 1773 2023 1849">
    <p class='ocr_par' dir='ltr' id='par_1_21' title="bbox 378 1773 2023 1849">
     <span class='ocr_line' id='line_1_21' title="bbox 378 1773 2023 1849; baseline 0.001 -21"><span class='ocrx_word' id='word_1_129' title='bbox 378 1773 566 1846; x_wconf 84' lang='lat' dir='ltr'>legem</span> <span class='ocrx_word' id='word_1_130' title='bbox 597 1791 847 1829; x_wconf 90' lang='lat' dir='ltr'>servare.</span> <span class='ocrx_word' id='word_1_131' title='bbox 872 1775 1052 1830; x_wconf 87' lang='lat' dir='ltr'>Nemo</span> <span class='ocrx_word' id='word_1_132' title='bbox 1083 1777 1352 1849; x_wconf 89' lang='lat' dir='ltr'>cognovit</span> <span class='ocrx_word' id='word_1_133' title='bbox 1383 1776 1739 1831; x_wconf 89' lang='lat' dir='ltr'>altissimum</span> <span class='ocrx_word' id='word_1_134' title='bbox 1772 1777 1831 1831; x_wconf 93' lang='lat' dir='ltr'>in</span> <span class='ocrx_word' id='word_1_135' title='bbox 1864 1793 2023 1832; x_wconf 34' lang='lat' dir='ltr'>arcas</span> 
     </span>
    </p>
   </div>
   <div class='ocr_carea' id='block_1_22' title="bbox 380 1862 2018 1937">
    <p class='ocr_par' dir='ltr' id='par_1_22' title="bbox 380 1862 2018 1937">
     <span class='ocr_line' id='line_1_22' title="bbox 380 1862 2018 1937; baseline 0.002 -22"><span class='ocrx_word' id='word_1_136' title='bbox 380 1862 472 1917; x_wconf 90' lang='lat' dir='ltr'>nis</span> <span class='ocrx_word' id='word_1_137' title='bbox 520 1862 774 1930; x_wconf 89' lang='lat' dir='ltr'>positum</span> <span class='ocrx_word' id='word_1_138' title='bbox 809 1868 1060 1930; x_wconf 87' lang='lat' dir='ltr'>Patrem,</span> <span class='ocrx_word' id='word_1_139' title='bbox 1111 1864 1261 1919; x_wconf 85' lang='lat' dir='ltr'>sicut</span> <span class='ocrx_word' id='word_1_140' title='bbox 1290 1881 1395 1920; x_wconf 93' lang='lat' dir='ltr'>nec</span> <span class='ocrx_word' id='word_1_141' title='bbox 1445 1864 1653 1919; x_wconf 84' lang='lat' dir='ltr'>Filium</span> <span class='ocrx_word' id='word_1_142' title='bbox 1686 1866 1814 1935; x_wconf 83' lang='lat' dir='ltr'>ejus</span> <span class='ocrx_word' id='word_1_143' title='bbox 1866 1865 2018 1937; x_wconf 88' lang='lat' dir='ltr'>quod</span> 
     </span>
    </p>
   </div>
   <div class='ocr_carea' id='block_1_23' title="bbox 382 1950 2025 2025">
    <p class='ocr_par' dir='ltr' id='par_1_23' title="bbox 382 1950 2025 2025">
     <span class='ocr_line' id='line_1_23' title="bbox 382 1950 2025 2025; baseline 0.001 -19"><span class='ocrx_word' id='word_1_144' title='bbox 382 1950 564 2006; x_wconf 88' lang='lat' dir='ltr'>Filius</span> <span class='ocrx_word' id='word_1_145' title='bbox 596 1951 691 2006; x_wconf 85' lang='lat' dir='ltr'>sit.</span> <span class='ocrx_word' id='word_1_146' title='bbox 722 1953 929 2007; x_wconf 86' lang='lat' dir='ltr'>Statim</span> <span class='ocrx_word' id='word_1_147' title='bbox 964 1968 1099 2023; x_wconf 88' lang='lat' dir='ltr'>ergo</span> <span class='ocrx_word' id='word_1_148' title='bbox 1131 1959 1214 2021; x_wconf 92' lang='lat' dir='ltr'>tu,</span> <span class='ocrx_word' id='word_1_149' title='bbox 1248 1970 1375 2024; x_wconf 65' lang='lat' dir='ltr'>quae</span> <span class='ocrx_word' id='word_1_150' title='bbox 1408 1954 1641 2025; x_wconf 88' lang='lat' dir='ltr'>propria</span> <span class='ocrx_word' id='word_1_151' title='bbox 1670 1958 1809 2009; x_wconf 90' lang='lat' dir='ltr'>sunt</span> <span class='ocrx_word' id='word_1_152' title='bbox 1840 1953 2025 2025; x_wconf 89' lang='lat' dir='ltr'>ignoti</span> 
     </span>
    </p>
   </div>
   <div class='ocr_carea' id='block_1_24' title="bbox 387 2038 2026 2113">
    <p class='ocr_par' dir='ltr' id='par_1_24' title="bbox 387 2038 2026 2113">
     <span class='ocr_line' id='line_1_24' title="bbox 387 2038 2026 2113; baseline 0.002 -20"><span class='ocrx_word' id='word_1_153' title='bbox 387 2038 690 2107; x_wconf 84' lang='lat' dir='ltr'>Altissimi,</span> <span class='ocrx_word' id='word_1_154' title='bbox 725 2040 987 2096; x_wconf 85' lang='lat' dir='ltr'>tribuens</span> <span class='ocrx_word' id='word_1_155' title='bbox 1036 2041 1201 2110; x_wconf 87' lang='lat' dir='ltr'>Filio,</span> <span class='ocrx_word' id='word_1_156' title='bbox 1235 2042 1469 2113; x_wconf 88' lang='lat' dir='ltr'>ignoras</span> <span class='ocrx_word' id='word_1_157' title='bbox 1500 2043 1654 2113; x_wconf 90' lang='lat' dir='ltr'>quod</span> <span class='ocrx_word' id='word_1_158' title='bbox 1707 2041 1885 2097; x_wconf 86' lang='lat' dir='ltr'>Filius</span> <span class='ocrx_word' id='word_1_159' title='bbox 1929 2042 2026 2108; x_wconf 91' lang='lat' dir='ltr'>sit,</span> 
     </span>
    </p>
   </div>
   <div class='ocr_carea' id='block_1_25' title="bbox 385 2128 1713 2201">
    <p class='ocr_par' dir='ltr' id='par_1_25' title="bbox 385 2128 1713 2201">
     <span class='ocr_line' id='line_1_25' title="bbox 385 2128 1713 2201; baseline 0.002 -19"><span class='ocrx_word' id='word_1_160' title='bbox 385 2128 484 2200; x_wconf 88' lang='lat' dir='ltr'>qui</span> <span class='ocrx_word' id='word_1_161' title='bbox 513 2132 601 2183; x_wconf 90' lang='lat' dir='ltr'>est</span> <span class='ocrx_word' id='word_1_162' title='bbox 630 2133 799 2185; x_wconf 87' lang='lat' dir='ltr'>Pater</span> <span class='ocrx_word' id='word_1_163' title='bbox 822 2128 962 2185; x_wconf 88' lang='lat' dir='ltr'>Jesu</span> <span class='ocrx_word' id='word_1_164' title='bbox 992 2129 1205 2184; x_wconf 86' lang='lat' dir='ltr'>Christi</span> <span class='ocrx_word' id='word_1_165' title='bbox 1236 2131 1389 2201; x_wconf 92' lang='lat' dir='ltr'>apud</span> <span class='ocrx_word' id='word_1_166' title='bbox 1420 2147 1522 2187; x_wconf 92' lang='lat' dir='ltr'>vos</span> <span class='ocrx_word' id='word_1_167' title='bbox 1553 2128 1713 2186; x_wconf 91' lang='lat' dir='ltr'>dicti.</span> 
     </span>
    </p>
   </div>
   <div class='ocr_carea' id='block_1_26' title="bbox 454 2305 2025 2378">
    <p class='ocr_par' dir='ltr' id='par_1_26' title="bbox 454 2305 2025 2378">
     <span class='ocr_line' id='line_1_26' title="bbox 454 2305 2025 2378; baseline 0.003 -20"><span class='ocrx_word' id='word_1_168' title='bbox 454 2305 523 2361; x_wconf 90' lang='lat' dir='ltr'>V.</span> <span class='ocrx_word' id='word_1_169' title='bbox 554 2306 657 2362; x_wconf 90' lang='lat' dir='ltr'>His</span> <span class='ocrx_word' id='word_1_170' title='bbox 690 2323 722 2362; x_wconf 90' lang='lat' dir='ltr'>a</span> <span class='ocrx_word' id='word_1_171' title='bbox 761 2307 998 2363; x_wconf 88' lang='lat' dir='ltr'>Simone</span> <span class='ocrx_word' id='word_1_172' title='bbox 1050 2305 1295 2378; x_wconf 88' lang='lat' dir='ltr'>prolatis</span> <span class='ocrx_word' id='word_1_173' title='bbox 1342 2307 1549 2363; x_wconf 88' lang='lat' dir='ltr'>Petrus</span> <span class='ocrx_word' id='word_1_174' title='bbox 1597 2308 1679 2364; x_wconf 88' lang='lat' dir='ltr'>ait</span> <span class='ocrx_word' id='word_1_175' title='bbox 1725 2308 1795 2363; x_wconf 84' lang='lat' dir='ltr'>ad</span> <span class='ocrx_word' id='word_1_176' title='bbox 1843 2323 2025 2363; x_wconf 89' lang='lat' dir='ltr'>eum:</span> 
     </span>
    </p>
   </div>
   <div class='ocr_carea' id='block_1_27' title="bbox 386 2395 2027 2468">
    <p class='ocr_par' dir='ltr' id='par_1_27' title="bbox 386 2395 2027 2468">
     <span class='ocr_line' id='line_1_27' title="bbox 386 2395 2027 2468; baseline 0 -17"><span class='ocrx_word' id='word_1_177' title='bbox 386 2396 652 2462; x_wconf 90' lang='lat' dir='ltr'>Potesne,</span> <span class='ocrx_word' id='word_1_178' title='bbox 706 2397 861 2468; x_wconf 92' lang='lat' dir='ltr'>quod</span> <span class='ocrx_word' id='word_1_179' title='bbox 908 2395 991 2452; x_wconf 91' lang='lat' dir='ltr'>ita</span> <span class='ocrx_word' id='word_1_180' title='bbox 1043 2397 1267 2462; x_wconf 87' lang='lat' dir='ltr'>credas,</span> <span class='ocrx_word' id='word_1_181' title='bbox 1298 2397 1495 2468; x_wconf 85' lang='lat' dir='ltr'>ipsum</span> <span class='ocrx_word' id='word_1_182' title='bbox 1543 2397 1879 2463; x_wconf 89' lang='lat' dir='ltr'>contestari,</span> <span class='ocrx_word' id='word_1_183' title='bbox 1913 2413 2027 2451; x_wconf 90' lang='lat' dir='ltr'>non</span> 
     </span>
    </p>
   </div>
   <div class='ocr_carea' id='block_1_28' title="bbox 384 2484 2025 2559">
    <p class='ocr_par' dir='ltr' id='par_1_28' title="bbox 384 2484 2025 2559">
     <span class='ocr_line' id='line_1_28' title="bbox 384 2484 2025 2559; baseline 0 -18"><span class='ocrx_word' id='word_1_184' title='bbox 384 2501 561 2559; x_wconf 87' lang='lat' dir='ltr'>quem</span> <span class='ocrx_word' id='word_1_185' title='bbox 594 2502 748 2539; x_wconf 88' lang='lat' dir='ltr'>nunc</span> <span class='ocrx_word' id='word_1_186' title='bbox 780 2484 838 2540; x_wconf 92' lang='lat' dir='ltr'>in</span> <span class='ocrx_word' id='word_1_187' title='bbox 872 2485 1101 2540; x_wconf 89' lang='lat' dir='ltr'>arcanis</span> <span class='ocrx_word' id='word_1_188' title='bbox 1133 2486 1434 2558; x_wconf 70' lang='lat' dir='ltr'>praedicas,</span> <span class='ocrx_word' id='word_1_189' title='bbox 1478 2487 1577 2541; x_wconf 89' lang='lat' dir='ltr'>sed</span> <span class='ocrx_word' id='word_1_190' title='bbox 1611 2502 1785 2558; x_wconf 89' lang='lat' dir='ltr'>quem</span> <span class='ocrx_word' id='word_1_191' title='bbox 1816 2485 2025 2552; x_wconf 89' lang='lat' dir='ltr'>credis,</span> 
     </span>
    </p>
   </div>
   <div class='ocr_carea' id='block_1_29' title="bbox 382 2573 2029 2647">
    <p class='ocr_par' dir='ltr' id='par_1_29' title="bbox 382 2573 2029 2647">
     <span class='ocr_line' id='line_1_29' title="bbox 382 2573 2029 2647; baseline -0.002 -15"><span class='ocrx_word' id='word_1_192' title='bbox 382 2593 486 2632; x_wconf 90' lang='lat' dir='ltr'>nec</span> <span class='ocrx_word' id='word_1_193' title='bbox 516 2573 811 2631; x_wconf 82' lang='lat' dir='ltr'>confiteris</span> <span class='ocrx_word' id='word_1_194' title='bbox 834 2578 856 2631; x_wconf 71' lang='grc' dir='ltr'><strong>Ρ</strong></span> <span class='ocrx_word' id='word_1_195' title='bbox 878 2574 1008 2629; x_wconf 88' lang='lat' dir='ltr'>Alia</span> <span class='ocrx_word' id='word_1_196' title='bbox 1025 2575 1180 2630; x_wconf 91' lang='lat' dir='ltr'>enim</span> <span class='ocrx_word' id='word_1_197' title='bbox 1214 2592 1316 2647; x_wconf 91' lang='lat' dir='ltr'>pro</span> <span class='ocrx_word' id='word_1_198' title='bbox 1349 2575 1479 2631; x_wconf 90' lang='lat' dir='ltr'>aliis</span> <span class='ocrx_word' id='word_1_199' title='bbox 1496 2575 1815 2630; x_wconf 90' lang='lat' dir='ltr'>decernens</span> <span class='ocrx_word' id='word_1_200' title='bbox 1841 2590 2029 2646; x_wconf 88' lang='lat' dir='ltr'>nugas</span> 
     </span>
    </p>
   </div>
   <div class='ocr_carea' id='block_1_30' title="bbox 379 2663 2028 2739">
    <p class='ocr_par' dir='ltr' id='par_1_30' title="bbox 379 2663 2028 2739">
     <span class='ocr_line' id='line_1_30' title="bbox 379 2663 2028 2739; baseline -0.002 -17"><span class='ocrx_word' id='word_1_201' title='bbox 379 2664 825 2739; x_wconf 87' lang='lat' dir='ltr'>agis.Quocirca</span> <span class='ocrx_word' id='word_1_202' title='bbox 857 2664 906 2720; x_wconf 90' lang='lat' dir='ltr'>si</span> <span class='ocrx_word' id='word_1_203' title='bbox 932 2664 1306 2729; x_wconf 87' lang='lat' dir='ltr'>contestaris,</span> <span class='ocrx_word' id='word_1_204' title='bbox 1337 2681 1371 2719; x_wconf 92' lang='lat' dir='ltr'>a</span> <span class='ocrx_word' id='word_1_205' title='bbox 1400 2668 1453 2719; x_wconf 90' lang='lat' dir='ltr'>te</span> <span class='ocrx_word' id='word_1_206' title='bbox 1483 2664 1638 2719; x_wconf 90' lang='lat' dir='ltr'>credi</span> <span class='ocrx_word' id='word_1_207' title='bbox 1670 2680 1799 2735; x_wconf 65' lang='lat' dir='ltr'>quae</span> <span class='ocrx_word' id='word_1_208' title='bbox 1830 2663 2028 2735; x_wconf 86' lang='lat' dir='ltr'>loque-</span> 
     </span>
    </p>
   </div>
   <div class='ocr_carea' id='block_1_31' title="bbox 380 2753 2027 2824">
    <p class='ocr_par' dir='ltr' id='par_1_31' title="bbox 380 2753 2027 2824">
     <span class='ocr_line' id='line_1_31' title="bbox 380 2753 2027 2824; baseline -0.001 -15"><span class='ocrx_word' id='word_1_209' title='bbox 380 2754 479 2821; x_wconf 90' lang='lat' dir='ltr'>ris,</span> <span class='ocrx_word' id='word_1_210' title='bbox 511 2754 618 2809; x_wconf 91' lang='lat' dir='ltr'>tibi</span> <span class='ocrx_word' id='word_1_211' title='bbox 667 2753 1049 2824; x_wconf 87' lang='lat' dir='ltr'>respondebo.</span> <span class='ocrx_word' id='word_1_212' title='bbox 1084 2754 1187 2809; x_wconf 87' lang='lat' dir='ltr'>Sin</span> <span class='ocrx_word' id='word_1_213' title='bbox 1237 2769 1368 2808; x_wconf 90' lang='lat' dir='ltr'>vero</span> <span class='ocrx_word' id='word_1_214' title='bbox 1417 2769 1752 2824; x_wconf 86' lang='lat' dir='ltr'>perseveras</span> <span class='ocrx_word' id='word_1_215' title='bbox 1802 2754 2027 2823; x_wconf 88' lang='lat' dir='ltr'>discep-</span> 
     </span>
    </p>
   </div>
   <div class='ocr_carea' id='block_1_32' title="bbox 378 2841 2029 2913">
    <p class='ocr_par' dir='ltr' id='par_1_32' title="bbox 378 2841 2029 2913">
     <span class='ocr_line' id='line_1_32' title="bbox 378 2841 2029 2913; baseline -0.002 -14"><span class='ocrx_word' id='word_1_216' title='bbox 378 2850 504 2899; x_wconf 87' lang='lat' dir='ltr'>tare</span> <span class='ocrx_word' id='word_1_217' title='bbox 535 2858 767 2898; x_wconf 88' lang='lat' dir='ltr'>mecum</span> <span class='ocrx_word' id='word_1_218' title='bbox 816 2843 887 2897; x_wconf 90' lang='lat' dir='ltr'>de</span> <span class='ocrx_word' id='word_1_219' title='bbox 913 2841 987 2897; x_wconf 90' lang='lat' dir='ltr'>iis</span> <span class='ocrx_word' id='word_1_220' title='bbox 1018 2859 1148 2913; x_wconf 67' lang='lat' dir='ltr'>quae</span> <span class='ocrx_word' id='word_1_221' title='bbox 1200 2859 1314 2896; x_wconf 91' lang='lat' dir='ltr'>non</span> <span class='ocrx_word' id='word_1_222' title='bbox 1348 2842 1559 2908; x_wconf 90' lang='lat' dir='ltr'>credis,</span> <span class='ocrx_word' id='word_1_223' title='bbox 1594 2859 1695 2913; x_wconf 87' lang='lat' dir='ltr'>per</span> <span class='ocrx_word' id='word_1_224' title='bbox 1726 2842 1898 2897; x_wconf 87' lang='lat' dir='ltr'>inane</span> <span class='ocrx_word' id='word_1_225' title='bbox 1938 2858 2029 2896; x_wconf 90' lang='lat' dir='ltr'>me</span> 
     </span>
    </p>
   </div>
   <div class='ocr_carea' id='block_1_33' title="bbox 381 2930 2033 3004">
    <p class='ocr_par' dir='ltr' id='par_1_33' title="bbox 381 2930 2033 3004">
     <span class='ocr_line' id='line_1_33' title="bbox 381 2930 2033 3004; baseline -0.001 -17"><span class='ocrx_word' id='word_1_226' title='bbox 381 2931 541 3004; x_wconf 90' lang='lat' dir='ltr'>cogis</span> <span class='ocrx_word' id='word_1_227' title='bbox 594 2935 912 3004; x_wconf 89' lang='lat' dir='ltr'>percutere.</span> <span class='ocrx_word' id='word_1_228' title='bbox 966 2932 1034 2986; x_wconf 91' lang='lat' dir='ltr'>Et</span> <span class='ocrx_word' id='word_1_229' title='bbox 1063 2931 1266 2986; x_wconf 87' lang='lat' dir='ltr'>Simon</span> <span class='ocrx_word' id='word_1_230' title='bbox 1320 2930 1466 2985; x_wconf 82' lang='lat' dir='ltr'>dixit</span> <span class='ocrx_word' id='word_1_231' title='bbox 1509 2947 1521 2985; x_wconf 90' lang='lat'><strong>:</strong></span> <span class='ocrx_word' id='word_1_232' title='bbox 1558 2937 1603 2983; x_wconf 87' lang='lat' dir='ltr'><strong>A</strong></span> <span class='ocrx_word' id='word_1_233' title='bbox 1655 2931 1911 3003; x_wconf 87' lang='lat' dir='ltr'>quodam</span> <span class='ocrx_word' id='word_1_234' title='bbox 1962 2947 2033 2986; x_wconf 82' lang='lat' dir='ltr'>ex</span> 
     </span>
    </p>
   </div>
   <div class='ocr_carea' id='block_1_34' title="bbox 380 3019 2029 3092">
    <p class='ocr_par' dir='ltr' id='par_1_34' title="bbox 380 3019 2029 3092">
     <span class='ocr_line' id='line_1_34' title="bbox 380 3019 2029 3092; baseline -0.001 -16"><span class='ocrx_word' id='word_1_235' title='bbox 380 3020 691 3092; x_wconf 89' lang='lat' dir='ltr'>discipulis</span> <span class='ocrx_word' id='word_1_236' title='bbox 723 3019 840 3076; x_wconf 86' lang='lat' dir='ltr'>tuis</span> <span class='ocrx_word' id='word_1_237' title='bbox 873 3019 1226 3091; x_wconf 71' lang='lat' dir='ltr'>audivi[haac</span> <span class='ocrx_word' id='word_1_238' title='bbox 1258 3020 1339 3075; x_wconf 89' lang='lat' dir='ltr'>ita</span> <span class='ocrx_word' id='word_1_239' title='bbox 1367 3036 1497 3075; x_wconf 89' lang='lat' dir='ltr'>esse</span> <span class='ocrx_word' id='word_1_240' title='bbox 1529 3019 1890 3089; x_wconf 85' lang='lat' dir='ltr'>constituta].</span> <span class='ocrx_word' id='word_1_241' title='bbox 1919 3020 2029 3074; x_wconf 55' lang='lat' dir='ltr'>Ex-</span> 
     </span>
    </p>
   </div>
   <div class='ocr_carea' id='block_1_35' title="bbox 384 3108 2029 3182">
    <p class='ocr_par' dir='ltr' id='par_1_35' title="bbox 384 3108 2029 3182">
     <span class='ocr_line' id='line_1_35' title="bbox 384 3108 2029 3182; baseline -0.002 -17"><span class='ocrx_word' id='word_1_242' title='bbox 384 3111 537 3182; x_wconf 89' lang='lat' dir='ltr'>cepit</span> <span class='ocrx_word' id='word_1_243' title='bbox 569 3114 773 3164; x_wconf 87' lang='lat' dir='ltr'>Petrus</span> <span class='ocrx_word' id='word_1_244' title='bbox 796 3126 810 3165; x_wconf 88' lang='lat'><strong>:</strong></span> <span class='ocrx_word' id='word_1_245' title='bbox 838 3109 919 3166; x_wconf 88' lang='lat' dir='ltr'>Ne</span> <span class='ocrx_word' id='word_1_246' title='bbox 943 3108 1159 3165; x_wconf 81' lang='lat' dir='ltr'>falsum</span> <span class='ocrx_word' id='word_1_247' title='bbox 1182 3109 1769 3180; x_wconf 85' lang='lat' dir='ltr'>testeris.Respondit</span> <span class='ocrx_word' id='word_1_248' title='bbox 1788 3110 1989 3163; x_wconf 88' lang='lat' dir='ltr'>Simon</span> <span class='ocrx_word' id='word_1_249' title='bbox 2016 3125 2029 3163; x_wconf 92' lang='lat'>:</span> 
     </span>
    </p>
   </div>
   <div class='ocr_carea' id='block_1_36' title="bbox 381 3196 2030 3269">
    <p class='ocr_par' dir='ltr' id='par_1_36' title="bbox 381 3196 2030 3269">
     <span class='ocr_line' id='line_1_36' title="bbox 381 3196 2030 3269; baseline -0.001 -15"><span class='ocrx_word' id='word_1_250' title='bbox 381 3199 463 3254; x_wconf 88' lang='lat' dir='ltr'>Ne</span> <span class='ocrx_word' id='word_1_251' title='bbox 520 3197 664 3253; x_wconf 92' lang='lat' dir='ltr'>mihi</span> <span class='ocrx_word' id='word_1_252' title='bbox 722 3196 1047 3253; x_wconf 90' lang='lat' dir='ltr'>convicium</span> <span class='ocrx_word' id='word_1_253' title='bbox 1105 3197 1309 3265; x_wconf 84' lang='lat' dir='ltr'>facias,</span> <span class='ocrx_word' id='word_1_254' title='bbox 1367 3197 1822 3269; x_wconf 85' lang='lat' dir='ltr'>protervissime.</span> <span class='ocrx_word' id='word_1_255' title='bbox 1878 3199 2030 3253; x_wconf 91' lang='lat' dir='ltr'>Tum</span> 
     </span>
    </p>
   </div>
   <div class='ocr_carea' id='block_1_37' title="bbox 2117 793 3773 872">
    <p class='ocr_par' dir='ltr' id='par_1_37' title="bbox 2117 793 3773 872">
     <span class='ocr_line' id='line_1_37' title="bbox 2117 793 3773 872; baseline 0 -20"><span class='ocrx_word' id='word_1_256' title='bbox 2117 793 2518 870; x_wconf 69' lang='grc' dir='ltr'>ἑϐδομήκοντα,</span> <span class='ocrx_word' id='word_1_257' title='bbox 2550 797 2639 852; x_wconf 86' lang='grc' dir='ltr'>καὶ</span> <span class='ocrx_word' id='word_1_258' title='bbox 2672 797 2808 871; x_wconf 85' lang='grc' dir='ltr'>πρὸς</span> <span class='ocrx_word' id='word_1_259' title='bbox 2840 798 2907 851; x_wconf 78' lang='grc' dir='ltr'>τὰ</span> <span class='ocrx_word' id='word_1_260' title='bbox 2935 796 3057 871; x_wconf 76' lang='grc' dir='ltr'>ὅρια</span> <span class='ocrx_word' id='word_1_261' title='bbox 3086 800 3192 851; x_wconf 76' lang='grc' dir='ltr'>τῶν</span> <span class='ocrx_word' id='word_1_262' title='bbox 3226 795 3388 850; x_wconf 80' lang='grc' dir='ltr'>ἐθνῶν</span> <span class='ocrx_word' id='word_1_263' title='bbox 3428 798 3773 872; x_wconf 76' lang='grc' dir='ltr'>περιγράψας</span> 
     </span>
    </p>
   </div>
   <div class='ocr_carea' id='block_1_38' title="bbox 2116 881 3771 963">
    <p class='ocr_par' dir='ltr' id='par_1_38' title="bbox 2116 881 3771 963">
     <span class='ocr_line' id='line_1_38' title="bbox 2116 881 3771 963; baseline 0.001 -23"><span class='ocrx_word' id='word_1_264' title='bbox 2116 885 2389 963; x_wconf 82' lang='grc' dir='ltr'>γλώσσαις</span> <span class='ocrx_word' id='word_1_265' title='bbox 2439 890 2551 959; x_wconf 83' lang='grc'>(57)</span> <span class='ocrx_word' id='word_1_266' title='bbox 2581 881 2985 958; x_wconf 68' lang='grc' dir='ltr'>ἐϐδομήκοντα,</span> <span class='ocrx_word' id='word_1_267' title='bbox 3040 889 3119 956; x_wconf 79' lang='grc' dir='ltr'>τῷ</span> <span class='ocrx_word' id='word_1_268' title='bbox 3174 884 3338 939; x_wconf 81' lang='grc' dir='ltr'>αὐτοῦ</span> <span class='ocrx_word' id='word_1_269' title='bbox 3394 884 3504 957; x_wconf 76' lang='grc' dir='ltr'>Υἱῷ</span> <span class='ocrx_word' id='word_1_270' title='bbox 3546 890 3627 957; x_wconf 83' lang='grc' dir='ltr'>τῷ</span> <span class='ocrx_word' id='word_1_271' title='bbox 3684 886 3771 941; x_wconf 79' lang='grc' dir='ltr'>καὶ</span> 
     </span>
    </p>
   </div>
   <div class='ocr_carea' id='block_1_39' title="bbox 2120 968 3767 1049">
    <p class='ocr_par' dir='ltr' id='par_1_39' title="bbox 2120 968 3767 1049">
     <span class='ocr_line' id='line_1_39' title="bbox 2120 968 3767 1049; baseline -0.001 -21"><span class='ocrx_word' id='word_1_272' title='bbox 2120 972 2300 1049; x_wconf 83' lang='grc' dir='ltr'>Κυρίῳ</span> <span class='ocrx_word' id='word_1_273' title='bbox 2349 971 2655 1047; x_wconf 86' lang='grc' dir='ltr'>λεγομένῳ,</span> <span class='ocrx_word' id='word_1_274' title='bbox 2686 972 2775 1027; x_wconf 86' lang='grc' dir='ltr'>καὶ</span> <span class='ocrx_word' id='word_1_275' title='bbox 2805 975 2848 1008; x_wconf 78' lang='grc'>⁸⁵</span> <span class='ocrx_word' id='word_1_276' title='bbox 2897 972 3122 1044; x_wconf 78' lang='grc' dir='ltr'>οὐρανὸν</span> <span class='ocrx_word' id='word_1_277' title='bbox 3174 970 3262 1025; x_wconf 84' lang='grc' dir='ltr'>καὶ</span> <span class='ocrx_word' id='word_1_278' title='bbox 3313 977 3418 1044; x_wconf 78' lang='grc' dir='ltr'>γῆν</span> <span class='ocrx_word' id='word_1_279' title='bbox 3468 968 3767 1045; x_wconf 67' lang='grc' dir='ltr'>διακοσμήο</span> 
     </span>
    </p>
   </div>
   <div class='ocr_carea' id='block_1_40' title="bbox 2121 1057 3759 1136">
    <p class='ocr_par' dir='ltr' id='par_1_40' title="bbox 2121 1057 3759 1136">
     <span class='ocr_line' id='line_1_40' title="bbox 2121 1057 3759 1136; baseline -0.002 -19"><span class='ocrx_word' id='word_1_280' title='bbox 2121 1084 2291 1130; x_wconf 90' lang='grc' dir='ltr'>σαντι,</span> <span class='ocrx_word' id='word_1_281' title='bbox 2322 1063 2449 1117; x_wconf 78' lang='grc' dir='ltr'>τοὺς</span> <span class='ocrx_word' id='word_1_282' title='bbox 2497 1057 2772 1136; x_wconf 75' lang='grc' dir='ltr'>Ἑϐραίους</span> <span class='ocrx_word' id='word_1_283' title='bbox 2820 1057 2989 1115; x_wconf 79' lang='grc' dir='ltr'>ἔδωκε</span> <span class='ocrx_word' id='word_1_284' title='bbox 3050 1057 3262 1136; x_wconf 80' lang='grc' dir='ltr'>μερίδα,</span> <span class='ocrx_word' id='word_1_285' title='bbox 3295 1060 3385 1114; x_wconf 82' lang='grc' dir='ltr'>καὶ</span> <span class='ocrx_word' id='word_1_286' title='bbox 3436 1059 3583 1115; x_wconf 77' lang='grc' dir='ltr'>αὐτὸν</span> <span class='ocrx_word' id='word_1_287' title='bbox 3634 1063 3759 1117; x_wconf 80' lang='grc' dir='ltr'>Θεὸν</span> 
     </span>
    </p>
   </div>
   <div class='ocr_carea' id='block_1_41' title="bbox 2123 1147 3760 1226">
    <p class='ocr_par' dir='ltr' id='par_1_41' title="bbox 2123 1147 3760 1226">
     <span class='ocr_line' id='line_1_41' title="bbox 2123 1147 3760 1226; baseline -0.001 -20"><span class='ocrx_word' id='word_1_288' title='bbox 2123 1154 2258 1206; x_wconf 81' lang='grc' dir='ltr'>θεῶν</span> <span class='ocrx_word' id='word_1_289' title='bbox 2304 1151 2439 1206; x_wconf 80' lang='grc' dir='ltr'>εἶναι</span> <span class='ocrx_word' id='word_1_290' title='bbox 2490 1148 2764 1226; x_wconf 79' lang='grc' dir='ltr'>διώρισεν,</span> <span class='ocrx_word' id='word_1_291' title='bbox 2800 1154 2934 1214; x_wconf 81' lang='grc' dir='ltr'>θεῶν</span> <span class='ocrx_word' id='word_1_292' title='bbox 2979 1147 3037 1204; x_wconf 75' lang='grc' dir='ltr'>δὲ</span> <span class='ocrx_word' id='word_1_293' title='bbox 3084 1151 3126 1186; x_wconf 78' lang='grc'>⁵⁸</span> <span class='ocrx_word' id='word_1_294' title='bbox 3178 1148 3346 1223; x_wconf 88' lang='grc' dir='ltr'>λέγω,</span> <span class='ocrx_word' id='word_1_295' title='bbox 3401 1147 3453 1203; x_wconf 77' lang='lat' dir='ltr'>o&#39;i.</span> <span class='ocrx_word' id='word_1_296' title='bbox 3497 1170 3628 1211; x_wconf 86' lang='grc' dir='ltr'>τινες</span> <span class='ocrx_word' id='word_1_297' title='bbox 3671 1151 3760 1212; x_wconf 73' lang='grc' dir='ltr'>τὰς</span> 
     </span>
    </p>
   </div>
   <div class='ocr_carea' id='block_1_42' title="bbox 2124 1234 3770 1316">
    <p class='ocr_par' dir='ltr' id='par_1_42' title="bbox 2124 1234 3770 1316">
     <span class='ocr_line' id='line_1_42' title="bbox 2124 1234 3770 1316; baseline -0.002 -21"><span class='ocrx_word' id='word_1_298' title='bbox 2124 1239 2296 1302; x_wconf 82' lang='grc' dir='ltr'>ἄλλας</span> <span class='ocrx_word' id='word_1_299' title='bbox 2323 1245 2429 1294; x_wconf 82' lang='grc' dir='ltr'>τῶν</span> <span class='ocrx_word' id='word_1_300' title='bbox 2459 1240 2623 1305; x_wconf 81' lang='grc' dir='ltr'>ἐθνῶν</span> <span class='ocrx_word' id='word_1_301' title='bbox 2659 1238 2918 1316; x_wconf 72' lang='grc' dir='ltr'>εἰλήφασι</span> <span class='ocrx_word' id='word_1_302' title='bbox 2953 1234 3196 1312; x_wconf 86' lang='grc' dir='ltr'>μερίδας.</span> <span class='ocrx_word' id='word_1_303' title='bbox 3232 1237 3407 1311; x_wconf 77' lang='grc' dir='ltr'>Νόμοι</span> <span class='ocrx_word' id='word_1_304' title='bbox 3442 1236 3532 1293; x_wconf 72' lang='grc' dir='ltr'>οὖν</span> <span class='ocrx_word' id='word_1_305' title='bbox 3566 1242 3770 1309; x_wconf 71' lang='grc' dir='ltr'>προῆλ-</span> 
     </span>
    </p>
   </div>
   <div class='ocr_carea' id='block_1_43' title="bbox 2126 1326 3774 1403">
    <p class='ocr_par' dir='ltr' id='par_1_43' title="bbox 2126 1326 3774 1403">
     <span class='ocr_line' id='line_1_43' title="bbox 2126 1326 3774 1403; baseline -0.003 -19"><span class='ocrx_word' id='word_1_306' title='bbox 2126 1342 2216 1394; x_wconf 89' lang='grc' dir='ltr'>θον</span> <span class='ocrx_word' id='word_1_307' title='bbox 2250 1328 2355 1384; x_wconf 87' lang='grc' dir='ltr'>ἀπό</span> <span class='ocrx_word' id='word_1_308' title='bbox 2383 1350 2442 1384; x_wconf 83' lang='grc' dir='ltr'>τε</span> <span class='ocrx_word' id='word_1_309' title='bbox 2470 1327 2684 1383; x_wconf 78' lang='grc' dir='ltr'>πάντων</span> <span class='ocrx_word' id='word_1_310' title='bbox 2725 1334 2830 1383; x_wconf 80' lang='grc' dir='ltr'>τῶν</span> <span class='ocrx_word' id='word_1_311' title='bbox 2890 1327 3196 1403; x_wconf 85' lang='grc' dir='ltr'>λεχθέντων</span> <span class='ocrx_word' id='word_1_312' title='bbox 3249 1327 3381 1382; x_wconf 82' lang='grc' dir='ltr'>θεῶν</span> <span class='ocrx_word' id='word_1_313' title='bbox 3432 1332 3554 1390; x_wconf 85' lang='grc' dir='ltr'>ταῖς</span> <span class='ocrx_word' id='word_1_314' title='bbox 3602 1326 3774 1382; x_wconf 75' lang='grc' dir='ltr'>αὐτῶν</span> 
     </span>
    </p>
   </div>
   <div class='ocr_carea' id='block_1_44' title="bbox 2130 1413 3783 1492">
    <p class='ocr_par' dir='ltr' id='par_1_44' title="bbox 2130 1413 3783 1492">
     <span class='ocr_line' id='line_1_44' title="bbox 2130 1413 3783 1492; baseline -0.001 -20"><span class='ocrx_word' id='word_1_315' title='bbox 2130 1417 2359 1492; x_wconf 90' lang='grc' dir='ltr'>μερίσιν,</span> <span class='ocrx_word' id='word_1_316' title='bbox 2393 1419 2426 1472; x_wconf 82' lang='grc' dir='ltr'>ἅ</span> <span class='ocrx_word' id='word_1_317' title='bbox 2453 1416 2573 1473; x_wconf 83' lang='grc' dir='ltr'>τινά</span> <span class='ocrx_word' id='word_1_318' title='bbox 2602 1416 2711 1471; x_wconf 78' lang='grc' dir='ltr'>ἐστι</span> <span class='ocrx_word' id='word_1_319' title='bbox 2750 1417 2817 1471; x_wconf 82' lang='grc' dir='ltr'>τὰ</span> <span class='ocrx_word' id='word_1_320' title='bbox 2866 1416 3035 1473; x_wconf 86' lang='grc' dir='ltr'>λοιπά</span> <span class='ocrx_word' id='word_1_321' title='bbox 3085 1413 3229 1471; x_wconf 82' lang='grc' dir='ltr'>ἄλλα</span> <span class='ocrx_word' id='word_1_322' title='bbox 3278 1413 3425 1486; x_wconf 76' lang='grc' dir='ltr'>ἔθνη.</span> <span class='ocrx_word' id='word_1_323' title='bbox 3458 1415 3696 1489; x_wconf 87' lang='grc' dir='ltr'>Ὁμοίως</span> <span class='ocrx_word' id='word_1_324' title='bbox 3726 1413 3783 1470; x_wconf 76' lang='grc' dir='ltr'>δὶ</span> 
     </span>
    </p>
   </div>
   <div class='ocr_carea' id='block_1_45' title="bbox 2126 1500 3784 1582">
    <p class='ocr_par' dir='ltr' id='par_1_45' title="bbox 2126 1500 3784 1582">
     <span class='ocr_line' id='line_1_45' title="bbox 2126 1500 3784 1582; baseline -0.002 -21"><span class='ocrx_word' id='word_1_325' title='bbox 2126 1507 2215 1561; x_wconf 84' lang='grc' dir='ltr'>καὶ</span> <span class='ocrx_word' id='word_1_326' title='bbox 2248 1507 2352 1560; x_wconf 80' lang='grc' dir='ltr'>ἀπὸ</span> <span class='ocrx_word' id='word_1_327' title='bbox 2381 1510 2476 1561; x_wconf 75' lang='grc' dir='ltr'>τοῦ</span> <span class='ocrx_word' id='word_1_328' title='bbox 2509 1506 2637 1560; x_wconf 74' lang='grc' dir='ltr'>Υἱοὸ</span> <span class='ocrx_word' id='word_1_329' title='bbox 2661 1510 2758 1560; x_wconf 79' lang='grc' dir='ltr'>τοῦ</span> <span class='ocrx_word' id='word_1_330' title='bbox 2787 1504 3003 1560; x_wconf 83' lang='grc' dir='ltr'>πάντων</span> <span class='ocrx_word' id='word_1_331' title='bbox 3036 1504 3241 1578; x_wconf 86' lang='grc' dir='ltr'>Κυρίου</span> <span class='ocrx_word' id='word_1_332' title='bbox 3273 1505 3299 1558; x_wconf 94' lang='lat'>6</span> <span class='ocrx_word' id='word_1_333' title='bbox 3331 1506 3477 1581; x_wconf 87' lang='grc' dir='ltr'>παρά</span> <span class='ocrx_word' id='word_1_334' title='bbox 3505 1500 3784 1582; x_wconf 75' lang='grc' dir='ltr'>Ἑϐραίοις</span> 
     </span>
    </p>
   </div>
   <div class='ocr_carea' id='block_1_46' title="bbox 2128 1590 3789 1671">
    <p class='ocr_par' dir='ltr' id='par_1_46' title="bbox 2128 1590 3789 1671">
     <span class='ocr_line' id='line_1_46' title="bbox 2128 1590 3789 1671; baseline -0.002 -20"><span class='ocrx_word' id='word_1_335' title='bbox 2128 1596 2373 1670; x_wconf 78' lang='grc' dir='ltr'>κείμενος</span> <span class='ocrx_word' id='word_1_336' title='bbox 2406 1593 2655 1671; x_wconf 78' lang='grc' dir='ltr'>προῆλθε</span> <span class='ocrx_word' id='word_1_337' title='bbox 2683 1594 2875 1667; x_wconf 85' lang='grc' dir='ltr'>νόμος.</span> <span class='ocrx_word' id='word_1_338' title='bbox 2909 1597 3076 1648; x_wconf 78' lang='grc' dir='ltr'>Τοῦτο</span> <span class='ocrx_word' id='word_1_339' title='bbox 3109 1591 3167 1648; x_wconf 74' lang='grc' dir='ltr'>δὲ</span> <span class='ocrx_word' id='word_1_340' title='bbox 3215 1592 3386 1655; x_wconf 74' lang='grc' dir='ltr'>οὕτως</span> <span class='ocrx_word' id='word_1_341' title='bbox 3445 1590 3593 1670; x_wconf 77' lang='grc' dir='ltr'>ἔχειν</span> <span class='ocrx_word' id='word_1_342' title='bbox 3652 1593 3789 1668; x_wconf 81' lang='grc' dir='ltr'>ὡρί-</span> 
     </span>
    </p>
   </div>
   <div class='ocr_carea' id='block_1_47' title="bbox 2130 1681 3791 1760">
    <p class='ocr_par' dir='ltr' id='par_1_47' title="bbox 2130 1681 3791 1760">
     <span class='ocr_line' id='line_1_47' title="bbox 2130 1681 3791 1760; baseline -0.002 -21"><span class='ocrx_word' id='word_1_343' title='bbox 2130 1683 2385 1756; x_wconf 64' lang='grc' dir='ltr'>σθη,’ίνα,</span> <span class='ocrx_word' id='word_1_344' title='bbox 2421 1682 2577 1746; x_wconf 76' lang='grc' dir='ltr'>εἶ’τις</span> <span class='ocrx_word' id='word_1_345' title='bbox 2610 1683 2763 1756; x_wconf 87' lang='grc' dir='ltr'>νόμῳ</span> <span class='ocrx_word' id='word_1_346' title='bbox 2809 1684 2953 1744; x_wconf 89' lang='grc' dir='ltr'>τινὸς</span> <span class='ocrx_word' id='word_1_347' title='bbox 3001 1682 3307 1760; x_wconf 76' lang='grc' dir='ltr'>προσφύγῃ,</span> <span class='ocrx_word' id='word_1_348' title='bbox 3339 1682 3446 1737; x_wconf 81' lang='grc' dir='ltr'>ἀπὸ</span> <span class='ocrx_word' id='word_1_349' title='bbox 3493 1689 3596 1752; x_wconf 76' lang='grc' dir='ltr'>τῆς</span> <span class='ocrx_word' id='word_1_350' title='bbox 3652 1681 3791 1737; x_wconf 68' lang='grc' dir='ltr'>ἰκείς</span> 
     </span>
    </p>
   </div>
   <div class='ocr_carea' id='block_1_48' title="bbox 2131 1769 3793 1849">
    <p class='ocr_par' dir='ltr' id='par_1_48' title="bbox 2131 1769 3793 1849">
     <span class='ocr_line' id='line_1_48' title="bbox 2131 1769 3793 1849; baseline -0.003 -20"><span class='ocrx_word' id='word_1_351' title='bbox 2131 1796 2223 1829; x_wconf 91' lang='grc' dir='ltr'>νου</span> <span class='ocrx_word' id='word_1_352' title='bbox 2255 1777 2297 1810; x_wconf 72' lang='lat'><strong>&quot;</strong></span> <span class='ocrx_word' id='word_1_353' title='bbox 2326 1774 2545 1849; x_wconf 84' lang='grc' dir='ltr'>γένηται</span> <span class='ocrx_word' id='word_1_354' title='bbox 2582 1770 2821 1845; x_wconf 78' lang='grc' dir='ltr'>μερίδος,</span> <span class='ocrx_word' id='word_1_355' title='bbox 2856 1772 2917 1826; x_wconf 83' lang='grc' dir='ltr'>οὗ</span> <span class='ocrx_word' id='word_1_356' title='bbox 2953 1769 3018 1840; x_wconf 74' lang='grc' dir='ltr'>δὴ</span> <span class='ocrx_word' id='word_1_357' title='bbox 3053 1772 3141 1825; x_wconf 85' lang='grc' dir='ltr'>καὶ</span> <span class='ocrx_word' id='word_1_358' title='bbox 3170 1772 3261 1825; x_wconf 89' lang='grc' dir='ltr'>τὸν</span> <span class='ocrx_word' id='word_1_359' title='bbox 3316 1772 3486 1845; x_wconf 85' lang='grc' dir='ltr'>νόμον</span> <span class='ocrx_word' id='word_1_360' title='bbox 3534 1774 3793 1846; x_wconf 84' lang='grc' dir='ltr'>πράττειν</span> 
     </span>
    </p>
   </div>
   <div class='ocr_carea' id='block_1_49' title="bbox 2135 1856 3795 1937">
    <p class='ocr_par' dir='ltr' id='par_1_49' title="bbox 2135 1856 3795 1937">
     <span class='ocr_line' id='line_1_49' title="bbox 2135 1856 3795 1937; baseline -0.002 -20"><span class='ocrx_word' id='word_1_361' title='bbox 2135 1861 2431 1933; x_wconf 83' lang='grc' dir='ltr'>ἀνεδέξατο.</span> <span class='ocrx_word' id='word_1_362' title='bbox 2465 1859 2659 1923; x_wconf 76' lang='grc' dir='ltr'>Οὐδεὶς</span> <span class='ocrx_word' id='word_1_363' title='bbox 2722 1856 2860 1936; x_wconf 77' lang='grc' dir='ltr'>ἔγνω</span> <span class='ocrx_word' id='word_1_364' title='bbox 2914 1861 3006 1915; x_wconf 85' lang='grc' dir='ltr'>τὸν</span> <span class='ocrx_word' id='word_1_365' title='bbox 3067 1859 3117 1915; x_wconf 75' lang='grc' dir='ltr'>ἐν</span> <span class='ocrx_word' id='word_1_366' title='bbox 3174 1860 3508 1937; x_wconf 69' lang='grc' dir='ltr'>ἀπορῥτςτοις</span> <span class='ocrx_word' id='word_1_367' title='bbox 3565 1861 3795 1933; x_wconf 70' lang='grc' dir='ltr'>ὕψιστον</span> 
     </span>
    </p>
   </div>
   <div class='ocr_carea' id='block_1_50' title="bbox 2136 1946 3793 2027">
    <p class='ocr_par' dir='ltr' id='par_1_50' title="bbox 2136 1946 3793 2027">
     <span class='ocr_line' id='line_1_50' title="bbox 2136 1946 3793 2027; baseline -0.001 -20"><span class='ocrx_word' id='word_1_368' title='bbox 2136 1953 2347 2027; x_wconf 86' lang='grc' dir='ltr'>Πατέρα</span> <span class='ocrx_word' id='word_1_369' title='bbox 2376 1946 2520 2023; x_wconf 75' lang='grc' dir='ltr'>ὄντα,</span> <span class='ocrx_word' id='word_1_370' title='bbox 2556 1952 2629 2013; x_wconf 86' lang='grc' dir='ltr'>ὡς</span> <span class='ocrx_word' id='word_1_371' title='bbox 2664 1948 2787 2005; x_wconf 66' lang='grc' dir='ltr'>οὐδὲ</span> <span class='ocrx_word' id='word_1_372' title='bbox 2814 1950 2907 2004; x_wconf 84' lang='grc' dir='ltr'>τὸν</span> <span class='ocrx_word' id='word_1_373' title='bbox 2938 1948 3135 2004; x_wconf 83' lang='grc' dir='ltr'>τούτου</span> <span class='ocrx_word' id='word_1_374' title='bbox 3168 1950 3312 2018; x_wconf 73' lang='grc' dir='ltr'>Υὶὸν,</span> <span class='ocrx_word' id='word_1_375' title='bbox 3346 1948 3429 2004; x_wconf 77' lang='grc' dir='ltr'>ὅτι</span> <span class='ocrx_word' id='word_1_376' title='bbox 3470 1949 3593 2010; x_wconf 70' lang='grc' dir='ltr'>Υἱός</span> <span class='ocrx_word' id='word_1_377' title='bbox 3624 1949 3793 2005; x_wconf 80' lang='grc' dir='ltr'>ἐστιν.</span> 
     </span>
    </p>
   </div>
   <div class='ocr_carea' id='block_1_51' title="bbox 2138 2036 3805 2119">
    <p class='ocr_par' dir='ltr' id='par_1_51' title="bbox 2138 2036 3805 2119">
     <span class='ocr_line' id='line_1_51' title="bbox 2138 2036 3805 2119; baseline -0.002 -24"><span class='ocrx_word' id='word_1_378' title='bbox 2138 2041 2341 2096; x_wconf 79' lang='grc' dir='ltr'>Αὐτίκα</span> <span class='ocrx_word' id='word_1_379' title='bbox 2389 2044 2519 2116; x_wconf 74' lang='grc' dir='ltr'>γοῦν</span> <span class='ocrx_word' id='word_1_380' title='bbox 2568 2041 2630 2094; x_wconf 83' lang='grc' dir='ltr'>σὺ</span> <span class='ocrx_word' id='word_1_381' title='bbox 2679 2039 2745 2094; x_wconf 73' lang='grc' dir='ltr'>τὰ</span> <span class='ocrx_word' id='word_1_382' title='bbox 2791 2042 2889 2094; x_wconf 77' lang='grc' dir='ltr'>τοῦ</span> <span class='ocrx_word' id='word_1_383' title='bbox 2939 2038 3253 2116; x_wconf 69' lang='grc' dir='ltr'>ἀπορρήτου</span> <span class='ocrx_word' id='word_1_384' title='bbox 3303 2041 3345 2075; x_wconf 77' lang='grc'>⁵⁸</span> <span class='ocrx_word' id='word_1_385' title='bbox 3393 2039 3641 2119; x_wconf 75' lang='grc' dir='ltr'>Ὑψίστου</span> <span class='ocrx_word' id='word_1_386' title='bbox 3688 2036 3805 2092; x_wconf 64' lang='grc' dir='ltr'>ἴδια</span> 
     </span>
    </p>
   </div>
   <div class='ocr_carea' id='block_1_52' title="bbox 2138 2124 3804 2201">
    <p class='ocr_par' dir='ltr' id='par_1_52' title="bbox 2138 2124 3804 2201">
     <span class='ocr_line' id='line_1_52' title="bbox 2138 2124 3804 2201; baseline -0.001 -17"><span class='ocrx_word' id='word_1_387' title='bbox 2138 2126 2321 2192; x_wconf 82' lang='grc' dir='ltr'>διδοὺς</span> <span class='ocrx_word' id='word_1_388' title='bbox 2351 2133 2430 2201; x_wconf 79' lang='grc' dir='ltr'>τῷ</span> <span class='ocrx_word' id='word_1_389' title='bbox 2458 2129 2568 2200; x_wconf 80' lang='grc' dir='ltr'>Υἱῷ</span> <span class='ocrx_word' id='word_1_390' title='bbox 2615 2127 2715 2182; x_wconf 82' lang='grc' dir='ltr'>οὐκ</span> <span class='ocrx_word' id='word_1_391' title='bbox 2761 2124 2913 2190; x_wconf 80' lang='grc' dir='ltr'>οἶδας</span> <span class='ocrx_word' id='word_1_392' title='bbox 2964 2126 3047 2182; x_wconf 78' lang='grc' dir='ltr'>ὅτι</span> <span class='ocrx_word' id='word_1_393' title='bbox 3098 2126 3223 2190; x_wconf 78' lang='grc' dir='ltr'>Υἱός</span> <span class='ocrx_word' id='word_1_394' title='bbox 3270 2125 3409 2181; x_wconf 79' lang='grc' dir='ltr'>ἐστιν</span> <span class='ocrx_word' id='word_1_395' title='bbox 3440 2130 3571 2201; x_wconf 81' lang='grc'>(58),</span> <span class='ocrx_word' id='word_1_396' title='bbox 3607 2129 3804 2199; x_wconf 74' lang='grc' dir='ltr'>Πατὴρ</span> 
     </span>
    </p>
   </div>
   <div class='ocr_carea' id='block_1_53' title="bbox 2138 2214 3808 2294">
    <p class='ocr_par' dir='ltr' id='par_1_53' title="bbox 2138 2214 3808 2294">
     <span class='ocr_line' id='line_1_53' title="bbox 2138 2214 3808 2294; baseline -0.003 -20"><span class='ocrx_word' id='word_1_397' title='bbox 2138 2216 2401 2294; x_wconf 79' lang='grc' dir='ltr'>ὑπάρχων</span> <span class='ocrx_word' id='word_1_398' title='bbox 2429 2222 2525 2273; x_wconf 77' lang='grc' dir='ltr'>τοῦ</span> <span class='ocrx_word' id='word_1_399' title='bbox 2560 2218 2738 2288; x_wconf 87' lang='grc' dir='ltr'>Ἰησοῦ</span> <span class='ocrx_word' id='word_1_400' title='bbox 2765 2214 2862 2271; x_wconf 70' lang='grc' dir='ltr'>τοῖ’)</span> <span class='ocrx_word' id='word_1_401' title='bbox 2891 2218 3007 2271; x_wconf 88' lang='grc' dir='ltr'>καθ’</span> <span class='ocrx_word' id='word_1_402' title='bbox 3031 2216 3169 2289; x_wconf 83' lang='grc' dir='ltr'>ὑμᾶς</span> <span class='ocrx_word' id='word_1_403' title='bbox 3204 2215 3507 2292; x_wconf 81' lang='grc' dir='ltr'>λεγομένου</span> <span class='ocrx_word' id='word_1_404' title='bbox 3537 2218 3808 2292; x_wconf 75' lang='grc' dir='ltr'>Χριστοῦ.</span> 
     </span>
    </p>
   </div>
   <div class='ocr_carea' id='block_1_54' title="bbox 2208 2302 3808 2384">
    <p class='ocr_par' dir='ltr' id='par_1_54' title="bbox 2208 2302 3808 2384">
     <span class='ocr_line' id='line_1_54' title="bbox 2208 2302 3808 2384; baseline -0.002 -21"><span class='ocrx_word' id='word_1_405' title='bbox 2208 2311 2276 2367; x_wconf 88' lang='lat' dir='ltr'>V.</span> <span class='ocrx_word' id='word_1_406' title='bbox 2309 2314 2483 2363; x_wconf 81' lang='grc' dir='ltr'>Ταῢτα</span> <span class='ocrx_word' id='word_1_407' title='bbox 2514 2312 2612 2363; x_wconf 77' lang='grc' dir='ltr'>τοῦ</span> <span class='ocrx_word' id='word_1_408' title='bbox 2645 2307 2897 2381; x_wconf 87' lang='grc' dir='ltr'>Σίμωνος</span> <span class='ocrx_word' id='word_1_409' title='bbox 2930 2302 3174 2369; x_wconf 82' lang='grc' dir='ltr'>εἰπόντος</span> <span class='ocrx_word' id='word_1_410' title='bbox 3204 2308 3232 2361; x_wconf 97' lang='lat'>6</span> <span class='ocrx_word' id='word_1_411' title='bbox 3266 2306 3466 2380; x_wconf 79' lang='grc' dir='ltr'>Πέτρος</span> <span class='ocrx_word' id='word_1_412' title='bbox 3515 2305 3614 2384; x_wconf 71' lang='grc' dir='ltr'>ἔφη</span> <span class='ocrx_word' id='word_1_413' title='bbox 3656 2306 3808 2383; x_wconf 79' lang='grc' dir='ltr'>πρὸς</span> 
     </span>
    </p>
   </div>
   <div class='ocr_carea' id='block_1_55' title="bbox 2136 2391 3816 2470">
    <p class='ocr_par' dir='ltr' id='par_1_55' title="bbox 2136 2391 3816 2470">
     <span class='ocr_line' id='line_1_55' title="bbox 2136 2391 3816 2470; baseline -0.002 -19"><span class='ocrx_word' id='word_1_414' title='bbox 2136 2394 2317 2451; x_wconf 81' lang='grc' dir='ltr'>αὐτόν’</span> <span class='ocrx_word' id='word_1_415' title='bbox 2374 2394 2603 2450; x_wconf 81' lang='grc' dir='ltr'>Δύνασαι</span> <span class='ocrx_word' id='word_1_416' title='bbox 2670 2393 2827 2449; x_wconf 81' lang='grc' dir='ltr'>αὐτὸν</span> <span class='ocrx_word' id='word_1_417' title='bbox 2907 2393 3106 2448; x_wconf 75' lang='grc' dir='ltr'>ἐκεῖνον</span> <span class='ocrx_word' id='word_1_418' title='bbox 3167 2391 3651 2470; x_wconf 79' lang='grc' dir='ltr'>διαμαρτύρασθαι,</span> <span class='ocrx_word' id='word_1_419' title='bbox 3720 2394 3816 2448; x_wconf 78' lang='grc' dir='ltr'>δτι</span> 
     </span>
    </p>
   </div>
   <div class='ocr_carea' id='block_1_56' title="bbox 2138 2482 3809 2560">
    <p class='ocr_par' dir='ltr' id='par_1_56' title="bbox 2138 2482 3809 2560">
     <span class='ocr_line' id='line_1_56' title="bbox 2138 2482 3809 2560; baseline -0.001 -21"><span class='ocrx_word' id='word_1_420' title='bbox 2138 2485 2310 2547; x_wconf 67' lang='grc' dir='ltr'>οὕτως</span> <span class='ocrx_word' id='word_1_421' title='bbox 2341 2483 2635 2553; x_wconf 71' lang='grc' dir='ltr'>πιστεύεις,</span> <span class='ocrx_word' id='word_1_422' title='bbox 2670 2482 2776 2560; x_wconf 83' lang='grc' dir='ltr'>οὐχ</span> <span class='ocrx_word' id='word_1_423' title='bbox 2808 2484 2865 2539; x_wconf 79' lang='grc' dir='ltr'>ὃν</span> <span class='ocrx_word' id='word_1_424' title='bbox 2912 2487 3002 2536; x_wconf 77' lang='grc' dir='ltr'>νῦν</span> <span class='ocrx_word' id='word_1_425' title='bbox 3052 2482 3103 2538; x_wconf 80' lang='grc' dir='ltr'>ἐν</span> <span class='ocrx_word' id='word_1_426' title='bbox 3153 2482 3489 2559; x_wconf 66' lang='grc' dir='ltr'>ἀπορρήτοις</span> <span class='ocrx_word' id='word_1_427' title='bbox 3522 2484 3669 2541; x_wconf 75' lang='lat'>357</span> <span class='ocrx_word' id='word_1_428' title='bbox 3712 2482 3809 2539; x_wconf 77' lang='grc' dir='ltr'>λέο</span> 
     </span>
    </p>
   </div>
   <div class='ocr_carea' id='block_1_57' title="bbox 2137 2570 3817 2649">
    <p class='ocr_par' dir='ltr' id='par_1_57' title="bbox 2137 2570 3817 2649">
     <span class='ocr_line' id='line_1_57' title="bbox 2137 2570 3817 2649; baseline -0.002 -21"><span class='ocrx_word' id='word_1_429' title='bbox 2137 2595 2275 2649; x_wconf 71' lang='grc' dir='ltr'>γεις⁹</span> <span class='ocrx_word' id='word_1_430' title='bbox 2309 2572 2437 2628; x_wconf 86' lang='grc' dir='ltr'>ἀλλ’</span> <span class='ocrx_word' id='word_1_431' title='bbox 2467 2574 2524 2628; x_wconf 80' lang='grc' dir='ltr'>ὃν</span> <span class='ocrx_word' id='word_1_432' title='bbox 2555 2571 2617 2627; x_wconf 79' lang='grc' dir='ltr'>σὺ</span> <span class='ocrx_word' id='word_1_433' title='bbox 2648 2570 2913 2627; x_wconf 86' lang='grc' dir='ltr'>πιστεύων</span> <span class='ocrx_word' id='word_1_434' title='bbox 2948 2571 3055 2649; x_wconf 77' lang='grc' dir='ltr'>οὐχ</span> <span class='ocrx_word' id='word_1_435' title='bbox 3106 2571 3406 2648; x_wconf 82' lang='grc' dir='ltr'>ὁμολογεῖς</span> <span class='ocrx_word' id='word_1_436' title='bbox 3432 2592 3445 2630; x_wconf 89' lang='lat'>:</span> <span class='ocrx_word' id='word_1_437' title='bbox 3477 2570 3658 2629; x_wconf 82' lang='grc' dir='ltr'>Ἂλλα</span> <span class='ocrx_word' id='word_1_438' title='bbox 3692 2572 3817 2648; x_wconf 76' lang='grc' dir='ltr'>γὰρ</span> 
     </span>
    </p>
   </div>
   <div class='ocr_carea' id='block_1_58' title="bbox 2136 2658 3819 2740">
    <p class='ocr_par' dir='ltr' id='par_1_58' title="bbox 2136 2658 3819 2740">
     <span class='ocr_line' id='line_1_58' title="bbox 2136 2658 3819 2740; baseline -0.001 -23"><span class='ocrx_word' id='word_1_439' title='bbox 2136 2662 2246 2718; x_wconf 85' lang='grc' dir='ltr'>ἀντ’</span> <span class='ocrx_word' id='word_1_440' title='bbox 2275 2660 2461 2719; x_wconf 78' lang='grc' dir='ltr'>ἄλλων</span> <span class='ocrx_word' id='word_1_441' title='bbox 2525 2662 2720 2737; x_wconf 87' lang='grc' dir='ltr'>ὁρίζων</span> <span class='ocrx_word' id='word_1_442' title='bbox 2755 2660 3037 2740; x_wconf 72' lang='grc' dir='ltr'>φλυαρεῖς.</span> <span class='ocrx_word' id='word_1_443' title='bbox 3078 2662 3170 2716; x_wconf 88' lang='grc' dir='ltr'>Διὸ</span> <span class='ocrx_word' id='word_1_444' title='bbox 3203 2660 3289 2715; x_wconf 79' lang='grc' dir='ltr'>ἐὰν</span> <span class='ocrx_word' id='word_1_445' title='bbox 3323 2658 3663 2737; x_wconf 81' lang='grc' dir='ltr'>διαμαρτύρῃ</span> <span class='ocrx_word' id='word_1_446' title='bbox 3700 2660 3819 2730; x_wconf 77' lang='grc' dir='ltr'>ὅτι,</span> 
     </span>
    </p>
   </div>
   <div class='ocr_carea' id='block_1_59' title="bbox 2138 2748 3822 2825">
    <p class='ocr_par' dir='ltr' id='par_1_59' title="bbox 2138 2748 3822 2825">
     <span class='ocr_line' id='line_1_59' title="bbox 2138 2748 3822 2825; baseline -0.001 -19"><span class='ocrx_word' id='word_1_447' title='bbox 2138 2750 2171 2806; x_wconf 74' lang='grc' dir='ltr'>ἃ</span> <span class='ocrx_word' id='word_1_448' title='bbox 2203 2750 2418 2818; x_wconf 83' lang='grc' dir='ltr'>λαλεῖς,</span> <span class='ocrx_word' id='word_1_449' title='bbox 2469 2755 2637 2806; x_wconf 77' lang='grc' dir='ltr'>ταῦτα</span> <span class='ocrx_word' id='word_1_450' title='bbox 2688 2749 2977 2822; x_wconf 70' lang='grc' dir='ltr'>πιστεύεις,</span> <span class='ocrx_word' id='word_1_451' title='bbox 3034 2748 3401 2825; x_wconf 80' lang='grc' dir='ltr'>ἀποκρίνομαί</span> <span class='ocrx_word' id='word_1_452' title='bbox 3454 2771 3559 2807; x_wconf 89' lang='grc' dir='ltr'>σοι.</span> <span class='ocrx_word' id='word_1_453' title='bbox 3616 2750 3684 2804; x_wconf 84' lang='grc' dir='ltr'>Εἰ</span> <span class='ocrx_word' id='word_1_454' title='bbox 3756 2749 3822 2805; x_wconf 71' lang='grc' dir='ltr'>δὲ</span> 
     </span>
    </p>
   </div>
   <div class='ocr_carea' id='block_1_60' title="bbox 2137 2836 3819 2912">
    <p class='ocr_par' dir='ltr' id='par_1_60' title="bbox 2137 2836 3819 2912">
     <span class='ocr_line' id='line_1_60' title="bbox 2137 2836 3819 2912; baseline -0.001 -16"><span class='ocrx_word' id='word_1_455' title='bbox 2137 2836 2367 2911; x_wconf 70' lang='grc' dir='ltr'>ἕστηκας</span> <span class='ocrx_word' id='word_1_456' title='bbox 2415 2844 2660 2910; x_wconf 78' lang='grc' dir='ltr'>συζητῶν</span> <span class='ocrx_word' id='word_1_457' title='bbox 2701 2838 2825 2911; x_wconf 78' lang='grc' dir='ltr'>ἐμοὶ</span> <span class='ocrx_word' id='word_1_458' title='bbox 2876 2839 2909 2893; x_wconf 82' lang='grc' dir='ltr'><strong>ἆ</strong></span> <span class='ocrx_word' id='word_1_459' title='bbox 2960 2840 3035 2912; x_wconf 81' lang='grc' dir='ltr'>μὴ</span> <span class='ocrx_word' id='word_1_460' title='bbox 3104 2838 3390 2912; x_wconf 73' lang='grc' dir='ltr'>πιστεύεις,</span> <span class='ocrx_word' id='word_1_461' title='bbox 3436 2839 3569 2893; x_wconf 78' lang='grc' dir='ltr'>κατὰ</span> <span class='ocrx_word' id='word_1_462' title='bbox 3635 2844 3819 2894; x_wconf 77' lang='grc' dir='ltr'>κενοῦ</span> 
     </span>
    </p>
   </div>
   <div class='ocr_carea' id='block_1_61' title="bbox 2144 2925 3817 3006">
    <p class='ocr_par' dir='ltr' id='par_1_61' title="bbox 2144 2925 3817 3006">
     <span class='ocr_line' id='line_1_61' title="bbox 2144 2925 3817 3006; baseline -0.001 -22"><span class='ocrx_word' id='word_1_463' title='bbox 2144 2951 2211 3001; x_wconf 87' lang='grc' dir='ltr'>με</span> <span class='ocrx_word' id='word_1_464' title='bbox 2262 2929 2437 2984; x_wconf 85' lang='grc' dir='ltr'>παίειν</span> <span class='ocrx_word' id='word_1_465' title='bbox 2487 2929 2825 3003; x_wconf 80' lang='grc' dir='ltr'>ἀναγκάζεις.</span> <span class='ocrx_word' id='word_1_466' title='bbox 2860 2928 2963 2985; x_wconf 84' lang='grc' dir='ltr'>Καὶ</span> <span class='ocrx_word' id='word_1_467' title='bbox 2994 2929 3022 2983; x_wconf 91' lang='grc' dir='ltr'>ὁ</span> <span class='ocrx_word' id='word_1_468' title='bbox 3056 2928 3244 3001; x_wconf 86' lang='grc' dir='ltr'>Σίμων</span> <span class='ocrx_word' id='word_1_469' title='bbox 3294 2925 3417 3006; x_wconf 75' lang='grc' dir='ltr'>ἔφη’</span> <span class='ocrx_word' id='word_1_470' title='bbox 3453 2928 3603 3001; x_wconf 83' lang='grc' dir='ltr'>Παρά</span> <span class='ocrx_word' id='word_1_471' title='bbox 3649 2949 3817 2991; x_wconf 83' lang='grc' dir='ltr'>τινος</span> 
     </span>
    </p>
   </div>
   <div class='ocr_carea' id='block_1_62' title="bbox 2139 3017 3817 3094">
    <p class='ocr_par' dir='ltr' id='par_1_62' title="bbox 2139 3017 3817 3094">
     <span class='ocr_line' id='line_1_62' title="bbox 2139 3017 3817 3094; baseline -0.001 -23"><span class='ocrx_word' id='word_1_472' title='bbox 2139 3023 2245 3074; x_wconf 83' lang='grc' dir='ltr'>τῶν</span> <span class='ocrx_word' id='word_1_473' title='bbox 2279 3023 2385 3073; x_wconf 79' lang='grc' dir='ltr'>σῶν</span> <span class='ocrx_word' id='word_1_474' title='bbox 2424 3020 2678 3091; x_wconf 81' lang='grc' dir='ltr'>μαθητῶν</span> <span class='ocrx_word' id='word_1_475' title='bbox 2714 3018 2925 3088; x_wconf 71' lang='grc' dir='ltr'>ἀκήκοα</span> <span class='ocrx_word' id='word_1_476' title='bbox 2957 3020 3147 3091; x_wconf 80' lang='grc' dir='ltr'>[ταῦτα</span> <span class='ocrx_word' id='word_1_477' title='bbox 3177 3017 3352 3080; x_wconf 72' lang='grc' dir='ltr'>οῧτως</span> <span class='ocrx_word' id='word_1_478' title='bbox 3395 3018 3705 3094; x_wconf 80' lang='grc' dir='ltr'>ὁρισθῆναι]</span> <span class='ocrx_word' id='word_1_479' title='bbox 3745 3021 3817 3075; x_wconf 71' lang='grc'>⁸9.</span> 
     </span>
    </p>
   </div>
   <div class='ocr_carea' id='block_1_63' title="bbox 2143 3103 3814 3183">
    <p class='ocr_par' dir='ltr' id='par_1_63' title="bbox 2143 3103 3814 3183">
     <span class='ocr_line' id='line_1_63' title="bbox 2143 3103 3814 3183; baseline -0.003 -19"><span class='ocrx_word' id='word_1_480' title='bbox 2143 3108 2243 3164; x_wconf 83' lang='grc' dir='ltr'>Καὶ</span> <span class='ocrx_word' id='word_1_481' title='bbox 2276 3109 2303 3162; x_wconf 87' lang='lat'>6</span> <span class='ocrx_word' id='word_1_482' title='bbox 2359 3107 2559 3183; x_wconf 86' lang='grc' dir='ltr'>Πέτρος</span> <span class='ocrx_word' id='word_1_483' title='bbox 2609 3103 2729 3183; x_wconf 76' lang='grc' dir='ltr'>ἔφη’</span> <span class='ocrx_word' id='word_1_484' title='bbox 2766 3107 2853 3174; x_wconf 75' lang='grc' dir='ltr'>Μὴ</span> <span class='ocrx_word' id='word_1_485' title='bbox 2906 3104 3362 3182; x_wconf 82' lang='grc' dir='ltr'>ψευδομαρτύρει,</span> <span class='ocrx_word' id='word_1_486' title='bbox 3417 3105 3515 3160; x_wconf 84' lang='grc' dir='ltr'>Καὶ</span> <span class='ocrx_word' id='word_1_487' title='bbox 3547 3106 3575 3160; x_wconf 94' lang='lat'>6</span> <span class='ocrx_word' id='word_1_488' title='bbox 3609 3105 3814 3180; x_wconf 82' lang='grc' dir='ltr'>Σίμων</span> 
     </span>
    </p>
   </div>
   <div class='ocr_carea' id='block_1_64' title="bbox 2144 3192 3816 3275">
    <p class='ocr_par' dir='ltr' id='par_1_64' title="bbox 2144 3192 3816 3275">
     <span class='ocr_line' id='line_1_64' title="bbox 2144 3192 3816 3275; baseline -0.001 -24"><span class='ocrx_word' id='word_1_489' title='bbox 2144 3194 2268 3275; x_wconf 71' lang='grc' dir='ltr'>ἔφη·</span> <span class='ocrx_word' id='word_1_490' title='bbox 2317 3199 2403 3266; x_wconf 64' lang='grc' dir='ltr'>Μή</span> <span class='ocrx_word' id='word_1_491' title='bbox 2460 3217 2527 3268; x_wconf 87' lang='grc' dir='ltr'>με</span> <span class='ocrx_word' id='word_1_492' title='bbox 2579 3192 2852 3269; x_wconf 84' lang='grc' dir='ltr'>λοιδὸμει,</span> <span class='ocrx_word' id='word_1_493' title='bbox 2886 3196 3303 3268; x_wconf 84' lang='grc' dir='ltr'>προπετέστατε.</span> <span class='ocrx_word' id='word_1_494' title='bbox 3340 3194 3437 3249; x_wconf 78' lang='grc' dir='ltr'>Καὶ</span> <span class='ocrx_word' id='word_1_495' title='bbox 3493 3196 3521 3249; x_wconf 92' lang='grc' dir='ltr'>ὁ</span> <span class='ocrx_word' id='word_1_496' title='bbox 3571 3195 3816 3271; x_wconf 79' lang='grc' dir='ltr'>Πέτρος·</span> 
     </span>
    </p>
   </div>
   <div class='ocr_carea' id='block_1_65' title="bbox 381 3282 2022 3361">
    <p class='ocr_par' dir='ltr' id='par_1_65' title="bbox 381 3285 2022 3358">
     <span class='ocr_line' id='line_1_65' title="bbox 381 3285 2022 3358; baseline 0 -17"><span class='ocrx_word' id='word_1_497' title='bbox 381 3292 590 3342; x_wconf 88' lang='lat' dir='ltr'>Petrus</span> <span class='ocrx_word' id='word_1_498' title='bbox 623 3304 637 3342; x_wconf 89' lang='lat'><strong>:</strong></span> <span class='ocrx_word' id='word_1_499' title='bbox 671 3285 867 3357; x_wconf 89' lang='lat' dir='ltr'>Usque</span> <span class='ocrx_word' id='word_1_500' title='bbox 897 3302 1012 3356; x_wconf 91' lang='lat' dir='ltr'>quo</span> <span class='ocrx_word' id='word_1_501' title='bbox 1044 3286 1356 3358; x_wconf 87' lang='lat' dir='ltr'>protuleris</span> <span class='ocrx_word' id='word_1_502' title='bbox 1384 3302 1518 3343; x_wconf 89' lang='lat' dir='ltr'>eum</span> <span class='ocrx_word' id='word_1_503' title='bbox 1549 3286 1649 3358; x_wconf 93' lang='lat' dir='ltr'>qui</span> <span class='ocrx_word' id='word_1_504' title='bbox 1680 3286 1845 3355; x_wconf 85' lang='lat' dir='ltr'>dixit,</span> <span class='ocrx_word' id='word_1_505' title='bbox 1868 3304 2022 3342; x_wconf 91' lang='lat' dir='ltr'>men-</span> 
     </span>
    </p>
   </div>
   <div class='ocr_carea' id='block_1_66' title="bbox 2135 3282 3815 3361">
    <p class='ocr_par' dir='ltr' id='par_1_66' title="bbox 2143 3282 3815 3361">
     <span class='ocr_line' id='line_1_66' title="bbox 2143 3282 3815 3361; baseline -0.002 -21"><span class='ocrx_word' id='word_1_506' title='bbox 2143 3286 2352 3361; x_wconf 82' lang='grc' dir='ltr'>Μέχρις</span> <span class='ocrx_word' id='word_1_507' title='bbox 2385 3284 2442 3339; x_wconf 74' lang='grc' dir='ltr'>ἂν</span> <span class='ocrx_word' id='word_1_508' title='bbox 2474 3282 2597 3360; x_wconf 73' lang='grc' dir='ltr'>εἷ’πη</span> <span class='ocrx_word' id='word_1_509' title='bbox 2625 3285 2716 3339; x_wconf 89' lang='grc' dir='ltr'>τὸν</span> <span class='ocrx_word' id='word_1_510' title='bbox 2745 3284 2986 3352; x_wconf 83' lang='grc' dir='ltr'>εἰπόντα,</span> <span class='ocrx_word' id='word_1_511' title='bbox 3020 3284 3255 3358; x_wconf 73' lang='grc' dir='ltr'>ψεύστης</span> <span class='ocrx_word' id='word_1_512' title='bbox 3299 3283 3364 3340; x_wconf 81' lang='grc' dir='ltr'>εἶ.</span> <span class='ocrx_word' id='word_1_513' title='bbox 3399 3283 3498 3338; x_wconf 82' lang='grc' dir='ltr'>Καὶ</span> <span class='ocrx_word' id='word_1_514' title='bbox 3529 3286 3557 3339; x_wconf 91' lang='grc' dir='ltr'>ὁ</span> <span class='ocrx_word' id='word_1_515' title='bbox 3588 3284 3815 3357; x_wconf 81' lang='grc' dir='ltr'>Σίμων·</span> 
     </span>
    </p>
   </div>
   <div class='ocr_carea' id='block_1_67' title="bbox 383 3374 2030 3431">
    <p class='ocr_par' dir='ltr' id='par_1_67' title="bbox 383 3374 2030 3431">
     <span class='ocr_line' id='line_1_67' title="bbox 383 3374 2030 3431; baseline -0.001 -1"><span class='ocrx_word' id='word_1_516' title='bbox 383 3377 493 3431; x_wconf 85' lang='lat' dir='ltr'>dax</span> <span class='ocrx_word' id='word_1_517' title='bbox 523 3392 605 3430; x_wconf 92' lang='lat' dir='ltr'>es.</span> <span class='ocrx_word' id='word_1_518' title='bbox 635 3377 710 3430; x_wconf 90' lang='lat' dir='ltr'>At</span> <span class='ocrx_word' id='word_1_519' title='bbox 756 3374 958 3429; x_wconf 89' lang='lat' dir='ltr'>Simon</span> <span class='ocrx_word' id='word_1_520' title='bbox 990 3390 1004 3430; x_wconf 88' lang='lat'><strong>:</strong></span> <span class='ocrx_word' id='word_1_521' title='bbox 1037 3374 1324 3430; x_wconf 82' lang='lat' dir='ltr'>Existima</span> <span class='ocrx_word' id='word_1_522' title='bbox 1379 3390 1472 3430; x_wconf 91' lang='lat' dir='ltr'>me</span> <span class='ocrx_word' id='word_1_523' title='bbox 1503 3374 1625 3430; x_wconf 85' lang='lat' dir='ltr'>haec</span> <span class='ocrx_word' id='word_1_524' title='bbox 1675 3374 1913 3430; x_wconf 83' lang='lat' dir='ltr'>ﬁnxisse</span> <span class='ocrx_word' id='word_1_525' title='bbox 1944 3375 2030 3429; x_wconf 90' lang='lat' dir='ltr'>vel</span> 
     </span>
    </p>
   </div>
   <div class='ocr_carea' id='block_1_68' title="bbox 380 3463 2031 3535">
    <p class='ocr_par' dir='ltr' id='par_1_68' title="bbox 380 3463 2031 3535">
     <span class='ocr_line' id='line_1_68' title="bbox 380 3463 2031 3535; baseline -0.001 -16"><span class='ocrx_word' id='word_1_526' title='bbox 380 3464 452 3519; x_wconf 90' lang='lat' dir='ltr'>ab</span> <span class='ocrx_word' id='word_1_527' title='bbox 503 3464 616 3519; x_wconf 92' lang='lat' dir='ltr'>alio</span> <span class='ocrx_word' id='word_1_528' title='bbox 664 3463 941 3534; x_wconf 84' lang='lat' dir='ltr'>audiisse,</span> <span class='ocrx_word' id='word_1_529' title='bbox 975 3463 1048 3519; x_wconf 89' lang='lat' dir='ltr'>ad</span> <span class='ocrx_word' id='word_1_530' title='bbox 1100 3480 1168 3518; x_wconf 84' lang='lat' dir='ltr'>ea</span> <span class='ocrx_word' id='word_1_531' title='bbox 1217 3463 1503 3535; x_wconf 88' lang='lat' dir='ltr'>responde</span> <span class='ocrx_word' id='word_1_532' title='bbox 1556 3464 1726 3518; x_wconf 89' lang='lat' dir='ltr'>mihi.</span> <span class='ocrx_word' id='word_1_533' title='bbox 1787 3464 1933 3519; x_wconf 89' lang='lat' dir='ltr'>Nam</span> <span class='ocrx_word' id='word_1_534' title='bbox 1981 3464 2031 3519; x_wconf 92' lang='lat' dir='ltr'>si</span> 
     </span>
    </p>
   </div>
   <div class='ocr_carea' id='block_1_69' title="bbox 383 3551 2029 3625">
    <p class='ocr_par' dir='ltr' id='par_1_69' title="bbox 383 3551 2029 3625">
     <span class='ocr_line' id='line_1_69' title="bbox 383 3551 2029 3625; baseline 0.001 -18"><span class='ocrx_word' id='word_1_535' title='bbox 383 3552 563 3608; x_wconf 87' lang='lat' dir='ltr'>everti</span> <span class='ocrx_word' id='word_1_536' title='bbox 596 3569 711 3608; x_wconf 90' lang='lat' dir='ltr'>non</span> <span class='ocrx_word' id='word_1_537' title='bbox 764 3551 1080 3625; x_wconf 87' lang='lat' dir='ltr'>potuerint,</span> <span class='ocrx_word' id='word_1_538' title='bbox 1111 3552 1495 3623; x_wconf 75' lang='lat' dir='ltr'>compererirn</span> <span class='ocrx_word' id='word_1_539' title='bbox 1529 3569 1658 3608; x_wconf 90' lang='lat' dir='ltr'>esse</span> <span class='ocrx_word' id='word_1_540' title='bbox 1704 3552 2029 3609; x_wconf 89' lang='lat' dir='ltr'>veritatem.</span> 
     </span>
    </p>
   </div>
   <div class='ocr_carea' id='block_1_70' title="bbox 379 3641 2030 3713">
    <p class='ocr_par' dir='ltr' id='par_1_70' title="bbox 379 3641 2030 3713">
     <span class='ocr_line' id='line_1_70' title="bbox 379 3641 2030 3713; baseline -0.001 -15"><span class='ocrx_word' id='word_1_541' title='bbox 379 3644 447 3698; x_wconf 89' lang='lat' dir='ltr'>Et</span> <span class='ocrx_word' id='word_1_542' title='bbox 477 3646 684 3697; x_wconf 82' lang='lat' dir='ltr'>Petrus</span> <span class='ocrx_word' id='word_1_543' title='bbox 718 3659 731 3696; x_wconf 87' lang='lat'><strong>:</strong></span> <span class='ocrx_word' id='word_1_544' title='bbox 767 3642 825 3697; x_wconf 91' lang='lat' dir='ltr'>Si</span> <span class='ocrx_word' id='word_1_545' title='bbox 876 3647 966 3697; x_wconf 89' lang='lat' dir='ltr'>est</span> <span class='ocrx_word' id='word_1_546' title='bbox 995 3641 1323 3697; x_wconf 90' lang='lat' dir='ltr'>humanum</span> <span class='ocrx_word' id='word_1_547' title='bbox 1375 3642 1743 3713; x_wconf 81' lang='lat' dir='ltr'>figmentum,</span> <span class='ocrx_word' id='word_1_548' title='bbox 1778 3659 1891 3697; x_wconf 90' lang='lat' dir='ltr'>non</span> <span class='ocrx_word' id='word_1_549' title='bbox 1943 3656 2030 3696; x_wconf 85' lang='lat' dir='ltr'>re-</span> 
     </span>
    </p>
   </div>
   <div class='ocr_carea' id='block_1_71' title="bbox 374 3729 2034 3803">
    <p class='ocr_par' dir='ltr' id='par_1_71' title="bbox 374 3729 2034 3803">
     <span class='ocr_line' id='line_1_71' title="bbox 374 3729 2034 3803; baseline -0.001 -16"><span class='ocrx_word' id='word_1_550' title='bbox 374 3731 633 3803; x_wconf 89' lang='lat' dir='ltr'>spondeo</span> <span class='ocrx_word' id='word_1_551' title='bbox 666 3730 735 3785; x_wconf 91' lang='lat' dir='ltr'>ad</span> <span class='ocrx_word' id='word_1_552' title='bbox 771 3729 916 3785; x_wconf 89' lang='lat' dir='ltr'>illud</span> <span class='ocrx_word' id='word_1_553' title='bbox 954 3747 967 3787; x_wconf 87' lang='lat'><strong>:</strong></span> <span class='ocrx_word' id='word_1_554' title='bbox 1001 3729 1091 3784; x_wconf 89' lang='lat' dir='ltr'>sin</span> <span class='ocrx_word' id='word_1_555' title='bbox 1125 3735 1323 3785; x_wconf 90' lang='lat' dir='ltr'>autem</span> <span class='ocrx_word' id='word_1_556' title='bbox 1357 3730 1607 3800; x_wconf 90' lang='lat' dir='ltr'>hujusce</span> <span class='ocrx_word' id='word_1_557' title='bbox 1639 3731 1719 3786; x_wconf 92' lang='lat' dir='ltr'>rei</span> <span class='ocrx_word' id='word_1_558' title='bbox 1761 3730 2034 3802; x_wconf 88' lang='lat' dir='ltr'>opinione</span> 
     </span>
    </p>
   </div>
   <div class='ocr_carea' id='block_1_72' title="bbox 375 3818 2033 3892">
    <p class='ocr_par' dir='ltr' id='par_1_72' title="bbox 375 3818 2033 3892">
     <span class='ocr_line' id='line_1_72' title="bbox 375 3818 2033 3892; baseline -0.001 -16"><span class='ocrx_word' id='word_1_559' title='bbox 375 3824 659 3892; x_wconf 86' lang='lat' dir='ltr'>tanquam</span> <span class='ocrx_word' id='word_1_560' title='bbox 692 3835 834 3875; x_wconf 69' lang='lat' dir='ltr'>vera:</span> <span class='ocrx_word' id='word_1_561' title='bbox 885 3818 1185 3888; x_wconf 87' lang='lat' dir='ltr'>detineris,</span> <span class='ocrx_word' id='word_1_562' title='bbox 1218 3819 1277 3875; x_wconf 91' lang='lat' dir='ltr'>id</span> <span class='ocrx_word' id='word_1_563' title='bbox 1311 3820 1508 3891; x_wconf 87' lang='lat' dir='ltr'>ipsum</span> <span class='ocrx_word' id='word_1_564' title='bbox 1561 3819 1706 3875; x_wconf 89' lang='lat' dir='ltr'>mihi</span> <span class='ocrx_word' id='word_1_565' title='bbox 1736 3820 2033 3888; x_wconf 85' lang='lat' dir='ltr'>conlitere,</span> 
     </span>
    </p>
   </div>
   <div class='ocr_carea' id='block_1_73' title="bbox 378 3908 2025 3981">
    <p class='ocr_par' dir='ltr' id='par_1_73' title="bbox 378 3908 2025 3981">
     <span class='ocr_line' id='line_1_73' title="bbox 378 3908 2025 3981; baseline 0 -15"><span class='ocrx_word' id='word_1_566' title='bbox 378 3914 436 3966; x_wconf 87' lang='lat' dir='ltr'>et</span> <span class='ocrx_word' id='word_1_567' title='bbox 475 3908 661 3965; x_wconf 88' lang='lat' dir='ltr'>habeo</span> <span class='ocrx_word' id='word_1_568' title='bbox 704 3923 810 3981; x_wconf 91' lang='lat' dir='ltr'>ego</span> <span class='ocrx_word' id='word_1_569' title='bbox 841 3923 1075 3980; x_wconf 90' lang='lat' dir='ltr'>quoque</span> <span class='ocrx_word' id='word_1_570' title='bbox 1127 3908 1348 3980; x_wconf 82' lang='lat' dir='ltr'>aliquid</span> <span class='ocrx_word' id='word_1_571' title='bbox 1382 3909 1537 3981; x_wconf 83' lang='lat' dir='ltr'>quod</span> <span class='ocrx_word' id='word_1_572' title='bbox 1581 3909 1651 3964; x_wconf 91' lang='lat' dir='ltr'>de</span> <span class='ocrx_word' id='word_1_573' title='bbox 1689 3926 1755 3965; x_wconf 91' lang='lat' dir='ltr'>eo</span> <span class='ocrx_word' id='word_1_574' title='bbox 1806 3909 2025 3966; x_wconf 82' lang='lat' dir='ltr'>dicam.</span> 
     </span>
    </p>
   </div>
   <div class='ocr_carea' id='block_1_74' title="bbox 379 3995 2032 4054">
    <p class='ocr_par' dir='ltr' id='par_1_74' title="bbox 379 3995 2032 4054">
     <span class='ocr_line' id='line_1_74' title="bbox 379 3995 2032 4054; baseline -0.002 0"><span class='ocrx_word' id='word_1_575' title='bbox 379 3998 626 4054; x_wconf 88' lang='lat' dir='ltr'>Simon:</span> <span class='ocrx_word' id='word_1_576' title='bbox 675 3996 923 4052; x_wconf 89' lang='lat' dir='ltr'>Prorsus</span> <span class='ocrx_word' id='word_1_577' title='bbox 971 3995 1221 4052; x_wconf 88' lang='lat' dir='ltr'>arbitror</span> <span class='ocrx_word' id='word_1_578' title='bbox 1262 3996 1372 4052; x_wconf 91' lang='lat' dir='ltr'>hoc</span> <span class='ocrx_word' id='word_1_579' title='bbox 1426 3996 1511 4051; x_wconf 87' lang='lat' dir='ltr'>ita</span> <span class='ocrx_word' id='word_1_580' title='bbox 1559 3997 1793 4053; x_wconf 83' lang='lat' dir='ltr'>habere.</span> <span class='ocrx_word' id='word_1_581' title='bbox 1848 3998 1932 4053; x_wconf 87' lang='lat' dir='ltr'>Tu</span> <span class='ocrx_word' id='word_1_582' title='bbox 1983 3998 2032 4053; x_wconf 91' lang='lat' dir='ltr'>si</span> 
     </span>
    </p>
   </div>
   <div class='ocr_carea' id='block_1_75' title="bbox 382 4085 1550 4158">
    <p class='ocr_par' dir='ltr' id='par_1_75' title="bbox 382 4085 1550 4158">
     <span class='ocr_line' id='line_1_75' title="bbox 382 4085 1550 4158; baseline -0.001 -17"><span class='ocrx_word' id='word_1_583' title='bbox 382 4086 524 4158; x_wconf 91' lang='lat' dir='ltr'>quid</span> <span class='ocrx_word' id='word_1_584' title='bbox 555 4085 628 4142; x_wconf 86' lang='lat' dir='ltr'>ad</span> <span class='ocrx_word' id='word_1_585' title='bbox 660 4085 760 4143; x_wconf 86' lang='lat' dir='ltr'>illa</span> <span class='ocrx_word' id='word_1_586' title='bbox 788 4085 970 4142; x_wconf 90' lang='lat' dir='ltr'>habes</span> <span class='ocrx_word' id='word_1_587' title='bbox 997 4085 1211 4155; x_wconf 88' lang='lat' dir='ltr'>dicere,</span> <span class='ocrx_word' id='word_1_588' title='bbox 1243 4086 1550 4157; x_wconf 88' lang='lat' dir='ltr'>responde.</span> 
     </span>
    </p>
   </div>
   <div class='ocr_carea' id='block_1_76' title="bbox 2140 3370 3823 3448">
    <p class='ocr_par' dir='ltr' id='par_1_76' title="bbox 2140 3370 3823 3448">
     <span class='ocr_line' id='line_1_76' title="bbox 2140 3370 3823 3448; baseline 0.001 -20"><span class='ocrx_word' id='word_1_589' title='bbox 2140 3374 2346 3447; x_wconf 85' lang='grc' dir='ltr'>Νόμιζε</span> <span class='ocrx_word' id='word_1_590' title='bbox 2395 3373 2492 3447; x_wconf 76' lang='grc' dir='ltr'>ἐμὲ</span> <span class='ocrx_word' id='word_1_591' title='bbox 2534 3378 2701 3428; x_wconf 79' lang='grc' dir='ltr'>ταῦτα</span> <span class='ocrx_word' id='word_1_592' title='bbox 2744 3372 2945 3429; x_wconf 87' lang='grc' dir='ltr'>πλάσαι</span> <span class='ocrx_word' id='word_1_593' title='bbox 2996 3374 3030 3442; x_wconf 76' lang='grc' dir='ltr'><strong>ἢ</strong></span> <span class='ocrx_word' id='word_1_594' title='bbox 3075 3373 3164 3427; x_wconf 76' lang='grc' dir='ltr'>καὶ</span> <span class='ocrx_word' id='word_1_595' title='bbox 3213 3374 3360 3448; x_wconf 79' lang='grc' dir='ltr'>παρὰ</span> <span class='ocrx_word' id='word_1_596' title='bbox 3418 3370 3595 3429; x_wconf 83' lang='grc' dir='ltr'>ἄλλου</span> <span class='ocrx_word' id='word_1_597' title='bbox 3646 3394 3721 3446; x_wconf 82' lang='grc' dir='ltr'>με</span> <span class='ocrx_word' id='word_1_598' title='bbox 3774 3377 3823 3410; x_wconf 75' lang='grc' dir='ltr'>⁸ο</span> 
     </span>
    </p>
   </div>
   <div class='ocr_carea' id='block_1_77' title="bbox 2140 3461 3820 3538">
    <p class='ocr_par' dir='ltr' id='par_1_77' title="bbox 2140 3461 3820 3538">
     <span class='ocr_line' id='line_1_77' title="bbox 2140 3461 3820 3538; baseline 0 -21"><span class='ocrx_word' id='word_1_599' title='bbox 2140 3461 2446 3529; x_wconf 77' lang='grc' dir='ltr'>ἀκηκοέναι·</span> <span class='ocrx_word' id='word_1_600' title='bbox 2511 3465 2646 3538; x_wconf 87' lang='grc' dir='ltr'>πρὸς</span> <span class='ocrx_word' id='word_1_601' title='bbox 2710 3462 2878 3517; x_wconf 80' lang='grc' dir='ltr'>ταῦτά</span> <span class='ocrx_word' id='word_1_602' title='bbox 2954 3483 3048 3535; x_wconf 86' lang='grc' dir='ltr'>μοι</span> <span class='ocrx_word' id='word_1_603' title='bbox 3122 3461 3433 3536; x_wconf 83' lang='grc' dir='ltr'>ἀπόκριναι.</span> <span class='ocrx_word' id='word_1_604' title='bbox 3492 3463 3615 3517; x_wconf 73' lang='grc' dir='ltr'>Ἐὰν</span> <span class='ocrx_word' id='word_1_605' title='bbox 3702 3464 3820 3538; x_wconf 67' lang='grc' dir='ltr'>γὰρ</span> 
     </span>
    </p>
   </div>
   <div class='ocr_carea' id='block_1_78' title="bbox 2143 3549 3820 3627">
    <p class='ocr_par' dir='ltr' id='par_1_78' title="bbox 2143 3549 3820 3627">
     <span class='ocr_line' id='line_1_78' title="bbox 2143 3549 3820 3627; baseline 0 -21"><span class='ocrx_word' id='word_1_606' title='bbox 2143 3552 2514 3627; x_wconf 80' lang='grc' dir='ltr'>ἀνατραπῆναι</span> <span class='ocrx_word' id='word_1_607' title='bbox 2552 3554 2626 3625; x_wconf 78' lang='grc' dir='ltr'>μή</span> <span class='ocrx_word' id='word_1_608' title='bbox 2662 3549 2890 3626; x_wconf 79' lang='grc' dir='ltr'>δυνηθῇ,</span> <span class='ocrx_word' id='word_1_609' title='bbox 2923 3550 3123 3625; x_wconf 81' lang='grc' dir='ltr'>ἔμαθον</span> <span class='ocrx_word' id='word_1_610' title='bbox 3153 3555 3318 3607; x_wconf 78' lang='grc' dir='ltr'>τοῦτο</span> <span class='ocrx_word' id='word_1_611' title='bbox 3351 3551 3482 3606; x_wconf 79' lang='grc' dir='ltr'>εἶναι</span> <span class='ocrx_word' id='word_1_612' title='bbox 3512 3553 3609 3620; x_wconf 77' lang='grc' dir='ltr'>τήν</span> <span class='ocrx_word' id='word_1_613' title='bbox 3654 3550 3820 3623; x_wconf 72' lang='grc' dir='ltr'>ἀλή-</span> 
     </span>
    </p>
   </div>
   <div class='ocr_carea' id='block_1_79' title="bbox 2144 3639 3818 3717">
    <p class='ocr_par' dir='ltr' id='par_1_79' title="bbox 2144 3639 3818 3717">
     <span class='ocr_line' id='line_1_79' title="bbox 2144 3639 3818 3717; baseline 0 -22"><span class='ocrx_word' id='word_1_614' title='bbox 2144 3643 2305 3696; x_wconf 86' lang='grc' dir='ltr'>θειαν.</span> <span class='ocrx_word' id='word_1_615' title='bbox 2354 3640 2451 3695; x_wconf 77' lang='grc' dir='ltr'>Καὶ</span> <span class='ocrx_word' id='word_1_616' title='bbox 2502 3642 2529 3697; x_wconf 91' lang='lat'>6</span> <span class='ocrx_word' id='word_1_617' title='bbox 2586 3640 2809 3717; x_wconf 78' lang='grc' dir='ltr'>Πέτρος·</span> <span class='ocrx_word' id='word_1_618' title='bbox 2872 3640 2933 3695; x_wconf 78' lang='grc' dir='ltr'>Εἰ</span> <span class='ocrx_word' id='word_1_619' title='bbox 2987 3640 3322 3715; x_wconf 84' lang='grc' dir='ltr'>ἀνθρώπινόν</span> <span class='ocrx_word' id='word_1_620' title='bbox 3381 3640 3492 3696; x_wconf 79' lang='grc' dir='ltr'>ἐστι</span> <span class='ocrx_word' id='word_1_621' title='bbox 3550 3639 3818 3714; x_wconf 72' lang='grc' dir='ltr'>πλάσμα,</span> 
     </span>
    </p>
   </div>
   <div class='ocr_carea' id='block_1_80' title="bbox 2143 3727 3818 3805">
    <p class='ocr_par' dir='ltr' id='par_1_80' title="bbox 2143 3727 3818 3805">
     <span class='ocr_line' id='line_1_80' title="bbox 2143 3727 3818 3805; baseline 0.001 -20"><span class='ocrx_word' id='word_1_622' title='bbox 2143 3730 2245 3786; x_wconf 81' lang='grc' dir='ltr'>οὐκ</span> <span class='ocrx_word' id='word_1_623' title='bbox 2320 3732 2687 3805; x_wconf 85' lang='grc' dir='ltr'>ἀποκρίνομαι</span> <span class='ocrx_word' id='word_1_624' title='bbox 2763 3729 2838 3793; x_wconf 79' lang='grc' dir='ltr'>είς</span> <span class='ocrx_word' id='word_1_625' title='bbox 2912 3729 3062 3785; x_wconf 82' lang='grc' dir='ltr'>αὐτό’</span> <span class='ocrx_word' id='word_1_626' title='bbox 3128 3729 3175 3783; x_wconf 79' lang='grc' dir='ltr'>εἴ</span> <span class='ocrx_word' id='word_1_627' title='bbox 3231 3727 3288 3785; x_wconf 64' lang='grc' dir='ltr'>δὲ</span> <span class='ocrx_word' id='word_1_628' title='bbox 3348 3729 3576 3800; x_wconf 81' lang='grc' dir='ltr'>ὑπονοίᾳ</span> <span class='ocrx_word' id='word_1_629' title='bbox 3629 3729 3818 3786; x_wconf 76' lang='grc' dir='ltr'>αὐτοῦ</span> 
     </span>
    </p>
   </div>
   <div class='ocr_carea' id='block_1_81' title="bbox 2141 3816 3823 3895">
    <p class='ocr_par' dir='ltr' id='par_1_81' title="bbox 2141 3816 3823 3895">
     <span class='ocr_line' id='line_1_81' title="bbox 2141 3816 3823 3895; baseline -0.001 -21"><span class='ocrx_word' id='word_1_630' title='bbox 2141 3818 2465 3895; x_wconf 84' lang='grc' dir='ltr'>κεκράτησαι</span> <span class='ocrx_word' id='word_1_631' title='bbox 2498 3818 2572 3881; x_wconf 86' lang='grc' dir='ltr'>ὡς</span> <span class='ocrx_word' id='word_1_632' title='bbox 2605 3816 2871 3888; x_wconf 80' lang='grc' dir='ltr'>ἀληθοῦς,</span> <span class='ocrx_word' id='word_1_633' title='bbox 2902 3823 3062 3873; x_wconf 78' lang='grc' dir='ltr'>τοῦτο</span> <span class='ocrx_word' id='word_1_634' title='bbox 3095 3817 3224 3873; x_wconf 83' lang='grc' dir='ltr'>αὐτό</span> <span class='ocrx_word' id='word_1_635' title='bbox 3279 3840 3371 3892; x_wconf 90' lang='grc' dir='ltr'>μοι</span> <span class='ocrx_word' id='word_1_636' title='bbox 3431 3816 3823 3893; x_wconf 82' lang='grc' dir='ltr'>ὁμολόγησον,</span> 
     </span>
    </p>
   </div>
   <div class='ocr_carea' id='block_1_82' title="bbox 2142 3905 3823 3982">
    <p class='ocr_par' dir='ltr' id='par_1_82' title="bbox 2142 3905 3823 3982">
     <span class='ocr_line' id='line_1_82' title="bbox 2142 3905 3823 3982; baseline 0 -20"><span class='ocrx_word' id='word_1_637' title='bbox 2142 3907 2231 3963; x_wconf 84' lang='grc' dir='ltr'>καὶ</span> <span class='ocrx_word' id='word_1_638' title='bbox 2264 3905 2378 3982; x_wconf 80' lang='grc' dir='ltr'>ἔχω</span> <span class='ocrx_word' id='word_1_639' title='bbox 2410 3929 2460 3962; x_wconf 90' lang='grc' dir='ltr'>τι</span> <span class='ocrx_word' id='word_1_640' title='bbox 2510 3906 2599 3962; x_wconf 81' lang='grc' dir='ltr'>καὶ</span> <span class='ocrx_word' id='word_1_641' title='bbox 2648 3905 2807 3969; x_wconf 79' lang='grc' dir='ltr'>αὐτὸς</span> <span class='ocrx_word' id='word_1_642' title='bbox 2856 3907 2981 3982; x_wconf 84' lang='grc' dir='ltr'>περὶ</span> <span class='ocrx_word' id='word_1_643' title='bbox 3028 3906 3223 3962; x_wconf 90' lang='grc' dir='ltr'>τούτου</span> <span class='ocrx_word' id='word_1_644' title='bbox 3275 3909 3478 3981; x_wconf 78' lang='grc' dir='ltr'>Αέγειν.</span> <span class='ocrx_word' id='word_1_645' title='bbox 3512 3908 3609 3961; x_wconf 84' lang='grc' dir='ltr'>Καὶ</span> <span class='ocrx_word' id='word_1_646' title='bbox 3640 3908 3669 3961; x_wconf 93' lang='grc' dir='ltr'>ὁ</span> <span class='ocrx_word' id='word_1_647' title='bbox 3713 3910 3823 3962; x_wconf 79' lang='grc' dir='ltr'>Σί-</span> 
     </span>
    </p>
   </div>
   <div class='ocr_carea' id='block_1_83' title="bbox 2148 3991 3823 4073">
    <p class='ocr_par' dir='ltr' id='par_1_83' title="bbox 2148 3991 3823 4073">
     <span class='ocr_line' id='line_1_83' title="bbox 2148 3991 3823 4073; baseline 0 -23"><span class='ocrx_word' id='word_1_648' title='bbox 2148 4015 2285 4069; x_wconf 82' lang='grc' dir='ltr'>μων’</span> <span class='ocrx_word' id='word_1_649' title='bbox 2317 3997 2491 4067; x_wconf 75' lang='grc' dir='ltr'>’Άπαξ</span> <span class='ocrx_word' id='word_1_650' title='bbox 2526 4017 2618 4068; x_wconf 87' lang='grc' dir='ltr'>μοι</span> <span class='ocrx_word' id='word_1_651' title='bbox 2651 3992 2800 4050; x_wconf 88' lang='grc' dir='ltr'>δοκεῖ</span> <span class='ocrx_word' id='word_1_652' title='bbox 2829 3998 2871 4033; x_wconf 83' lang='grc'>⁶¹</span> <span class='ocrx_word' id='word_1_653' title='bbox 2904 4000 3066 4050; x_wconf 75' lang='grc' dir='ltr'>τοῦτο</span> <span class='ocrx_word' id='word_1_654' title='bbox 3101 3994 3273 4057; x_wconf 74' lang='grc' dir='ltr'>οὕτως</span> <span class='ocrx_word' id='word_1_655' title='bbox 3332 3991 3502 4071; x_wconf 78' lang='grc' dir='ltr'>ἔχειν.</span> <span class='ocrx_word' id='word_1_656' title='bbox 3537 3995 3611 4051; x_wconf 82' lang='grc' dir='ltr'>Σὺ</span> <span class='ocrx_word' id='word_1_657' title='bbox 3661 3994 3823 4073; x_wconf 77' lang='grc' dir='ltr'>πρὸς</span> 
     </span>
    </p>
   </div>
   <div class='ocr_carea' id='block_1_84' title="bbox 2142 4082 3227 4162">
    <p class='ocr_par' dir='ltr' id='par_1_84' title="bbox 2142 4082 3227 4162">
     <span class='ocr_line' id='line_1_84' title="bbox 2142 4082 3227 4162; baseline 0.001 -23"><span class='ocrx_word' id='word_1_658' title='bbox 2142 4090 2314 4141; x_wconf 76' lang='grc' dir='ltr'>ταῦτα</span> <span class='ocrx_word' id='word_1_659' title='bbox 2342 4085 2389 4140; x_wconf 77' lang='grc' dir='ltr'>εἰ</span> <span class='ocrx_word' id='word_1_660' title='bbox 2420 4082 2566 4161; x_wconf 76' lang='grc' dir='ltr'>ἔχεις</span> <span class='ocrx_word' id='word_1_661' title='bbox 2597 4106 2649 4140; x_wconf 91' lang='grc' dir='ltr'>τι</span> <span class='ocrx_word' id='word_1_662' title='bbox 2682 4082 2885 4160; x_wconf 85' lang='grc' dir='ltr'>λέγειν,</span> <span class='ocrx_word' id='word_1_663' title='bbox 2918 4084 3227 4162; x_wconf 82' lang='grc' dir='ltr'>ἀπόκριναι.</span> 
     </span>
    </p>
   </div>
   <div class='ocr_carea' id='block_1_85' title="bbox 1736 4255 2433 4313">
    <p class='ocr_par' dir='ltr' id='par_1_85' title="bbox 1736 4255 2433 4313">
     <span class='ocr_line' id='line_1_85' title="bbox 1736 4255 2433 4313; baseline 0.003 -4"><span class='ocrx_word' id='word_1_664' title='bbox 1736 4255 1977 4311; x_wconf 69' lang='grc' dir='ltr'>νΑΒΙιΕ</span> <span class='ocrx_word' id='word_1_665' title='bbox 2020 4256 2433 4313; x_wconf 86' lang='lat' dir='ltr'>LECTIONES.</span> 
     </span>
    </p>
   </div>
   <div class='ocr_carea' id='block_1_86' title="bbox 452 4376 1325 4469">
    <p class='ocr_par' dir='ltr' id='par_1_86' title="bbox 452 4376 1325 4469">
     <span class='ocr_line' id='line_1_86' title="bbox 452 4376 1325 4469; baseline 0.005 -4"><span class='ocrx_word' id='word_1_666' title='bbox 452 4380 497 4465; x_wconf 61' lang='grc' dir='ltr'>ἥδ</span> <span class='ocrx_word' id='word_1_667' title='bbox 528 4378 777 4469; x_wconf 57' lang='grc' dir='ltr'>Βερρευί</span> <span class='ocrx_word' id='word_1_668' title='bbox 814 4376 924 4469; x_wconf 52' lang='grc' dir='ltr'>ξεί</span> <span class='ocrx_word' id='word_1_669' title='bbox 964 4395 1008 4469; x_wconf 66' lang='lat'><em>2</em></span> <span class='ocrx_word' id='word_1_670' title='bbox 1059 4378 1325 4469; x_wconf 52' lang='lat'>01.9.9-8</span> 
     </span>
    </p>
   </div>
   <div class='ocr_carea' id='block_1_87' title="bbox 1382 4376 3824 4450">
    <p class='ocr_par' dir='ltr' id='par_1_87' title="bbox 1382 4376 3824 4450">
     <span class='ocr_line' id='line_1_87' title="bbox 1382 4376 3824 4450; baseline 0 -17"><span class='ocrx_word' id='word_1_671' title='bbox 1382 4380 1864 4450; x_wconf 85' lang='lat' dir='ltr'>praetermissum.</span> <span class='ocrx_word' id='word_1_672' title='bbox 1944 4380 1988 4415; x_wconf 77' lang='grc'>⁸⁸</span> <span class='ocrx_word' id='word_1_673' title='bbox 2016 4376 2081 4447; x_wconf 79' lang='grc' dir='ltr'>δή</span> <span class='ocrx_word' id='word_1_674' title='bbox 2114 4381 2172 4435; x_wconf 92' lang='lat' dir='ltr'>S.</span> <span class='ocrx_word' id='word_1_675' title='bbox 2250 4381 2294 4415; x_wconf 72' lang='grc'>⁵⁷</span> <span class='ocrx_word' id='word_1_676' title='bbox 2328 4381 2411 4435; x_wconf 89' lang='lat' dir='ltr'>Ita</span> <span class='ocrx_word' id='word_1_677' title='bbox 2460 4381 2506 4435; x_wconf 92' lang='grc' dir='ltr'><strong>Ο</strong></span> <span class='ocrx_word' id='word_1_678' title='bbox 2555 4384 2613 4435; x_wconf 92' lang='lat' dir='ltr'>et</span> <span class='ocrx_word' id='word_1_679' title='bbox 2659 4396 2728 4435; x_wconf 85' lang='lat' dir='ltr'>ex</span> <span class='ocrx_word' id='word_1_680' title='bbox 2758 4381 3003 4448; x_wconf 88' lang='lat' dir='ltr'>conject.</span> <span class='ocrx_word' id='word_1_681' title='bbox 3037 4379 3097 4449; x_wconf 89' lang='lat' dir='ltr'>C,</span> <span class='ocrx_word' id='word_1_682' title='bbox 3124 4379 3190 4450; x_wconf 87' lang='lat' dir='ltr'>in</span> <span class='ocrx_word' id='word_1_683' title='bbox 3223 4380 3339 4449; x_wconf 91' lang='lat' dir='ltr'>cuj.</span> <span class='ocrx_word' id='word_1_684' title='bbox 3372 4384 3531 4435; x_wconf 85' lang='lat' dir='ltr'>textu</span> <span class='ocrx_word' id='word_1_685' title='bbox 3566 4376 3824 4433; x_wconf 81' lang='grc' dir='ltr'>ἐκείνων’</span> 
     </span>
    </p>
   </div>
   <div class='ocr_carea' id='block_1_88' title="bbox 381 4448 3819 4525">
    <p class='ocr_par' dir='ltr' id='par_1_88' title="bbox 381 4448 3819 4525">
     <span class='ocr_line' id='line_1_88' title="bbox 381 4448 3819 4525; baseline 0.001 -21"><span class='ocrx_word' id='word_1_686' title='bbox 381 4450 425 4525; x_wconf 45' lang='grc' dir='ltr'>ἒξ</span> <span class='ocrx_word' id='word_1_687' title='bbox 454 4448 919 4525; x_wconf 35' lang='grc' dir='ltr'>ἀπορρήτου-ΟΠ).</span> <span class='ocrx_word' id='word_1_688' title='bbox 963 4450 1034 4525; x_wconf 43' lang='lat'>0;</span> <span class='ocrx_word' id='word_1_689' title='bbox 1091 4451 1320 4525; x_wconf 71' lang='lat' dir='ltr'>_”_Vbb_.</span> <span class='ocrx_word' id='word_1_690' title='bbox 1352 4448 1540 4522; x_wconf 77' lang='grc' dir='ltr'>[ταῦτα</span> <span class='ocrx_word' id='word_1_691' title='bbox 1568 4449 1746 4525; x_wconf 72' lang='grc' dir='ltr'>οὕτῳς</span> <span class='ocrx_word' id='word_1_692' title='bbox 1779 4451 2083 4525; x_wconf 72' lang='grc' dir='ltr'>ὁρισθῆναι]</span> <span class='ocrx_word' id='word_1_693' title='bbox 2119 4452 2341 4525; x_wconf 68' lang='lat' dir='ltr'>lacunae</span> <span class='ocrx_word' id='word_1_694' title='bbox 2371 4452 2669 4525; x_wconf 83' lang='lat' dir='ltr'>inscripsi,</span> <span class='ocrx_word' id='word_1_695' title='bbox 2705 4468 2832 4525; x_wconf 62' lang='lat' dir='ltr'>qua}</span> <span class='ocrx_word' id='word_1_696' title='bbox 2866 4453 2925 4507; x_wconf 91' lang='lat' dir='ltr'>in</span> <span class='ocrx_word' id='word_1_697' title='bbox 2958 4448 3294 4525; x_wconf 30' lang='lat' dir='ltr'>ms.’0ttob.</span> <span class='ocrx_word' id='word_1_698' title='bbox 3329 4450 3477 4525; x_wconf 87' lang='lat' dir='ltr'>h._l.</span> <span class='ocrx_word' id='word_1_699' title='bbox 3528 4453 3819 4525; x_wconf 81' lang='lat' dir='ltr'>occurrit‘</span> 
     </span>
    </p>
   </div>
   <div class='ocr_carea' id='block_1_89' title="bbox 379 4519 3824 4595">
    <p class='ocr_par' dir='ltr' id='par_1_89' title="bbox 379 4519 3824 4595">
     <span class='ocr_line' id='line_1_89' title="bbox 379 4519 3824 4595; baseline 0.001 -20"><span class='ocrx_word' id='word_1_700' title='bbox 379 4523 425 4557; x_wconf 82' lang='grc'>⁶⁰</span> <span class='ocrx_word' id='word_1_701' title='bbox 458 4542 524 4595; x_wconf 90' lang='grc' dir='ltr'>με</span> <span class='ocrx_word' id='word_1_702' title='bbox 548 4519 968 4595; x_wconf 16' lang='grc' dir='ltr'>ῥᾶἀιωῃῇᾲοηί).</span> <span class='ocrx_word' id='word_1_703' title='bbox 1005 4522 1227 4595; x_wconf 69' lang='lat' dir='ltr'>Deinde</span> <span class='ocrx_word' id='word_1_704' title='bbox 1279 4519 1645 4595; x_wconf 77' lang='grc' dir='ltr'>ἀνατραπῆσαι</span> <span class='ocrx_word' id='word_1_705' title='bbox 1680 4522 1741 4578; x_wconf 89' lang='lat' dir='ltr'>Cl</span> <span class='ocrx_word' id='word_1_706' title='bbox 1798 4519 1854 4579; x_wconf 73' lang='lat' dir='ltr'>et</span> <span class='ocrx_word' id='word_1_707' title='bbox 1902 4524 1969 4595; x_wconf 15' lang='lat' dir='ltr'>iS.</span> <span class='ocrx_word' id='word_1_708' title='bbox 2045 4519 2262 4595; x_wconf 59' lang='lat' dir='ltr'>“Post</span> <span class='ocrx_word' id='word_1_709' title='bbox 2293 4519 2445 4595; x_wconf 72' lang='grc' dir='ltr'>δοκεῖ</span> <span class='ocrx_word' id='word_1_710' title='bbox 2471 4523 2530 4578; x_wconf 83' lang='lat' dir='ltr'>in</span> <span class='ocrx_word' id='word_1_711' title='bbox 2557 4519 2606 4578; x_wconf 79' lang='grc' dir='ltr'><strong>Ὁ</strong></span> <span class='ocrx_word' id='word_1_712' title='bbox 2636 4519 2910 4595; x_wconf 45' lang='lat' dir='ltr'>est—fimi</span> <span class='ocrx_word' id='word_1_713' title='bbox 2960 4524 3359 4595; x_wconf 86' lang='lat' dir='ltr'>subnotatum.</span> <span class='ocrx_word' id='word_1_714' title='bbox 3396 4522 3543 4579; x_wconf 88' lang='lat' dir='ltr'>Cum</span> <span class='ocrx_word' id='word_1_715' title='bbox 3598 4524 3824 4579; x_wconf 77' lang='lat' dir='ltr'>eodem</span> 
     </span>
    </p>
   </div>
   <div class='ocr_carea' id='block_1_90' title="bbox 379 4589 1357 4666">
    <p class='ocr_par' dir='ltr' id='par_1_90' title="bbox 379 4589 1357 4666">
     <span class='ocr_line' id='line_1_90' title="bbox 379 4589 1357 4666; baseline 0.001 -16"><span class='ocrx_word' id='word_1_716' title='bbox 379 4589 561 4650; x_wconf 60' lang='lat' dir='ltr'>teitui</span> <span class='ocrx_word' id='word_1_717' title='bbox 592 4589 818 4651; x_wconf 68' lang='lat' dir='ltr'>reddidi</span> <span class='ocrx_word' id='word_1_718' title='bbox 849 4589 1043 4665; x_wconf 74' lang='grc' dir='ltr'>οὕτως,</span> <span class='ocrx_word' id='word_1_719' title='bbox 1078 4594 1233 4665; x_wconf 90' lang='lat' dir='ltr'>quod</span> <span class='ocrx_word' id='word_1_720' title='bbox 1264 4611 1357 4666; x_wconf 90' lang='lat' dir='ltr'>ap.</span> 
     </span>
    </p>
   </div>
   <div class='ocr_carea' id='block_1_91' title="bbox 1463 4588 3162 4670">
    <p class='ocr_par' dir='ltr' id='par_1_91' title="bbox 1463 4588 3162 4670">
     <span class='ocr_line' id='line_1_91' title="bbox 1463 4588 3162 4670; baseline -0.002 -19"><span class='ocrx_word' id='word_1_721' title='bbox 1463 4588 1779 4651; x_wconf 80' lang='lat' dir='ltr'>exciderat.</span> <span class='ocrx_word' id='word_1_722' title='bbox 1813 4594 2033 4651; x_wconf 87' lang='lat' dir='ltr'>Deinde</span> <span class='ocrx_word' id='word_1_723' title='bbox 2064 4591 2109 4647; x_wconf 77' lang='lat' dir='ltr'>si</span> <span class='ocrx_word' id='word_1_724' title='bbox 2141 4589 2289 4670; x_wconf 77' lang='grc' dir='ltr'>ἔχεις</span> <span class='ocrx_word' id='word_1_725' title='bbox 2322 4595 2387 4666; x_wconf 92' lang='grc' dir='ltr'>Ο,</span> <span class='ocrx_word' id='word_1_726' title='bbox 2421 4591 2552 4668; x_wconf 74' lang='grc' dir='ltr'>ἔχῃς</span> <span class='ocrx_word' id='word_1_727' title='bbox 2584 4597 2642 4663; x_wconf 91' lang='lat' dir='ltr'>C,</span> <span class='ocrx_word' id='word_1_728' title='bbox 2678 4591 2722 4647; x_wconf 84' lang='grc' dir='ltr'>εἷ</span> <span class='ocrx_word' id='word_1_729' title='bbox 2755 4588 2884 4669; x_wconf 76' lang='grc' dir='ltr'>ἔχῃς</span> <span class='ocrx_word' id='word_1_730' title='bbox 2913 4594 3064 4666; x_wconf 89' lang='lat' dir='ltr'>conj.</span> <span class='ocrx_word' id='word_1_731' title='bbox 3103 4594 3162 4648; x_wconf 90' lang='lat' dir='ltr'>S.</span> 
     </span>
    </p>
   </div>
   <div class='ocr_carea' id='block_1_92' title="bbox 1760 4746 2419 4804">
    <p class='ocr_par' dir='ltr' id='par_1_92' title="bbox 1760 4746 2419 4804">
     <span class='ocr_line' id='line_1_92' title="bbox 1760 4746 2419 4804; baseline -0.003 -2"><span class='ocrx_word' id='word_1_732' title='bbox 1760 4746 2146 4804; x_wconf 84' lang='lat' dir='ltr'>VARIORUM</span> <span class='ocrx_word' id='word_1_733' title='bbox 2186 4746 2419 4802; x_wconf 71' lang='lat' dir='ltr'>NOT/E.</span> 
     </span>
    </p>
   </div>
   <div class='ocr_carea' id='block_1_93' title="bbox 1683 4872 2038 4929">
    <p class='ocr_par' dir='ltr' id='par_1_93' title="bbox 1683 4872 2038 4929">
     <span class='ocr_line' id='line_1_93' title="bbox 1683 4872 2038 4929; baseline 0.003 -1"><span class='ocrx_word' id='word_1_734' title='bbox 1683 4872 1813 4928; x_wconf 87' lang='lat' dir='ltr'>Pari</span> <span class='ocrx_word' id='word_1_735' title='bbox 1866 4874 2038 4929; x_wconf 91' lang='lat' dir='ltr'>modo</span> 
     </span>
    </p>
   </div>
   <div class='ocr_carea' id='block_1_94' title="bbox 390 4942 2029 5016">
    <p class='ocr_par' dir='ltr' id='par_1_94' title="bbox 390 4942 2029 5016">
     <span class='ocr_line' id='line_1_94' title="bbox 390 4942 2029 5016; baseline 0 -17"><span class='ocrx_word' id='word_1_736' title='bbox 390 4942 655 5001; x_wconf 85' lang='lat' dir='ltr'>Clemens</span> <span class='ocrx_word' id='word_1_737' title='bbox 686 4942 1412 5015; x_wconf 24' lang='lat' dir='ltr'>Alexandrinu‘s,Strom.,I,</span> <span class='ocrx_word' id='word_1_738' title='bbox 1445 4960 1502 5014; x_wconf 90' lang='lat' dir='ltr'>p.</span> <span class='ocrx_word' id='word_1_739' title='bbox 1536 4944 1660 5016; x_wconf 80' lang='lat'>338,</span> <span class='ocrx_word' id='word_1_740' title='bbox 1693 4942 2029 5016; x_wconf 87' lang='lat' dir='ltr'>linguarum</span> 
     </span>
    </p>
   </div>
   <div class='ocr_carea' id='block_1_95' title="bbox 390 5014 2033 5086">
    <p class='ocr_par' dir='ltr' id='par_1_95' title="bbox 390 5014 2033 5086">
     <span class='ocr_line' id='line_1_95' title="bbox 390 5014 2033 5086; baseline -0.001 -13"><span class='ocrx_word' id='word_1_741' title='bbox 390 5033 705 5073; x_wconf 88' lang='lat' dir='ltr'>numerum</span> <span class='ocrx_word' id='word_1_742' title='bbox 738 5017 912 5072; x_wconf 81' lang='lat' dir='ltr'>refert</span> <span class='ocrx_word' id='word_1_743' title='bbox 933 5017 1005 5071; x_wconf 88' lang='lat' dir='ltr'>ad</span> <span class='ocrx_word' id='word_1_744' title='bbox 1035 5032 1347 5071; x_wconf 88' lang='lat' dir='ltr'>numerum</span> <span class='ocrx_word' id='word_1_745' title='bbox 1380 5014 2033 5086; x_wconf 55' lang='lat' dir='ltr'>Israelitarum&#39;quiuna</span> 
     </span>
    </p>
   </div>
   <div class='ocr_carea' id='block_1_96' title="bbox 392 5086 2030 5160">
    <p class='ocr_par' dir='ltr' id='par_1_96' title="bbox 392 5086 2030 5160">
     <span class='ocr_line' id='line_1_96' title="bbox 392 5086 2030 5160; baseline -0.001 -17"><span class='ocrx_word' id='word_1_746' title='bbox 392 5104 526 5143; x_wconf 85' lang='lat' dir='ltr'>cum</span> <span class='ocrx_word' id='word_1_747' title='bbox 557 5089 774 5143; x_wconf 89' lang='lat' dir='ltr'>Jacobo</span> <span class='ocrx_word' id='word_1_748' title='bbox 805 5092 968 5160; x_wconf 91' lang='lat' dir='ltr'>patre</span> <span class='ocrx_word' id='word_1_749' title='bbox 991 5086 1385 5160; x_wconf 72' lang='lat' dir='ltr'>suoingressi</span> <span class='ocrx_word' id='word_1_750' title='bbox 1415 5092 1557 5160; x_wconf 81' lang='lat' dir='ltr'>sunt</span> <span class='ocrx_word' id='word_1_751' title='bbox 1586 5087 1646 5141; x_wconf 90' lang='lat' dir='ltr'>in</span> <span class='ocrx_word' id='word_1_752' title='bbox 1676 5087 1986 5160; x_wconf 60' lang='lat' dir='ltr'>{Egyptum</span> <span class='ocrx_word' id='word_1_753' title='bbox 2015 5104 2030 5160; x_wconf 68' lang='grc' dir='ltr'>ι</span> 
     </span>
    </p>
   </div>
   <div class='ocr_carea' id='block_1_97' title="bbox 393 5157 2030 5231">
    <p class='ocr_par' dir='ltr' id='par_1_97' title="bbox 393 5157 2030 5231">
     <span class='ocr_line' id='line_1_97' title="bbox 393 5157 2030 5231; baseline -0.001 -17"><span class='ocrx_word' id='word_1_754' title='bbox 393 5175 527 5215; x_wconf 87' lang='lat' dir='ltr'>cum</span> <span class='ocrx_word' id='word_1_755' title='bbox 560 5160 610 5214; x_wconf 92' lang='lat' dir='ltr'>is</span> <span class='ocrx_word' id='word_1_756' title='bbox 641 5157 922 5214; x_wconf 76' lang='lat' dir='ltr'>numerus</span> <span class='ocrx_word' id='word_1_757' title='bbox 952 5157 1184 5231; x_wconf 12' lang='lat' dir='ltr'>abialiis</span> <span class='ocrx_word' id='word_1_758' title='bbox 1205 5157 1395 5231; x_wconf 49' lang='lat' dir='ltr'>&#39;vulgo</span> <span class='ocrx_word' id='word_1_759' title='bbox 1434 5158 1619 5231; x_wconf 85' lang='lat' dir='ltr'>soleat</span> <span class='ocrx_word' id='word_1_760' title='bbox 1650 5157 1909 5231; x_wconf 74' lang='lat' dir='ltr'>adaptari</span> <span class='ocrx_word' id='word_1_761' title='bbox 1961 5159 2030 5213; x_wconf 91' lang='lat' dir='ltr'>ad</span> 
     </span>
    </p>
   </div>
   <div class='ocr_carea' id='block_1_98' title="bbox 393 5229 2033 5300">
    <p class='ocr_par' dir='ltr' id='par_1_98' title="bbox 393 5229 2033 5300">
     <span class='ocr_line' id='line_1_98' title="bbox 393 5229 2033 5300; baseline -0.001 -14"><span class='ocrx_word' id='word_1_762' title='bbox 393 5247 593 5287; x_wconf 89' lang='lat' dir='ltr'>eorum</span> <span class='ocrx_word' id='word_1_763' title='bbox 610 5230 1048 5300; x_wconf 89' lang='lat' dir='ltr'>numerum,qui</span> <span class='ocrx_word' id='word_1_764' title='bbox 1081 5230 1286 5284; x_wconf 87' lang='lat' dir='ltr'>turrim</span> <span class='ocrx_word' id='word_1_765' title='bbox 1304 5229 1711 5300; x_wconf 81' lang='lat' dir='ltr'>Babylonicum</span> <span class='ocrx_word' id='word_1_766' title='bbox 1736 5229 2033 5287; x_wconf 83' lang='lat' dir='ltr'>exstruxe-</span> 
     </span>
    </p>
   </div>
   <div class='ocr_carea' id='block_1_99' title="bbox 394 5301 2031 5373">
    <p class='ocr_par' dir='ltr' id='par_1_99' title="bbox 394 5301 2031 5373">
     <span class='ocr_line' id='line_1_99' title="bbox 394 5301 2031 5373; baseline 0 -16"><span class='ocrx_word' id='word_1_767' title='bbox 394 5308 549 5357; x_wconf 86' lang='lat' dir='ltr'>runt.</span> <span class='ocrx_word' id='word_1_768' title='bbox 583 5308 658 5356; x_wconf 83' lang='lat' dir='ltr'>At</span> <span class='ocrx_word' id='word_1_769' title='bbox 684 5302 998 5373; x_wconf 88' lang='lat' dir='ltr'>Procopius</span> <span class='ocrx_word' id='word_1_770' title='bbox 1029 5301 1286 5366; x_wconf 70' lang='lat' dir='ltr'>Gazaaus,</span> <span class='ocrx_word' id='word_1_771' title='bbox 1320 5301 1379 5355; x_wconf 90' lang='lat' dir='ltr'>in</span> <span class='ocrx_word' id='word_1_772' title='bbox 1430 5301 1740 5373; x_wconf 81' lang='lat' dir='ltr'>Deuteron..</span> <span class='ocrx_word' id='word_1_773' title='bbox 1772 5319 1948 5373; x_wconf 84' lang='lat' dir='ltr'>xxxn,</span> <span class='ocrx_word' id='word_1_774' title='bbox 1978 5304 2031 5370; x_wconf 92' lang='lat'>8,</span> 
     </span>
    </p>
   </div>
   <div class='ocr_carea' id='block_1_100' title="bbox 394 5372 2032 5444">
    <p class='ocr_par' dir='ltr' id='par_1_100' title="bbox 394 5372 2032 5444">
     <span class='ocr_line' id='line_1_100' title="bbox 394 5372 2032 5444; baseline -0.001 -16"><span class='ocrx_word' id='word_1_775' title='bbox 394 5380 640 5444; x_wconf 87' lang='lat' dir='ltr'>utraque</span> <span class='ocrx_word' id='word_1_776' title='bbox 667 5372 988 5444; x_wconf 75' lang='lat' dir='ltr'>conjungit.</span> <span class='ocrx_word' id='word_1_777' title='bbox 1013 5373 1512 5444; x_wconf 80' lang='lat' dir='ltr'>quemadmodum</span> <span class='ocrx_word' id='word_1_778' title='bbox 1548 5372 1810 5428; x_wconf 88' lang='lat' dir='ltr'>hic.Vide</span> <span class='ocrx_word' id='word_1_779' title='bbox 1837 5375 2032 5428; x_wconf 86' lang='lat' dir='ltr'>Nilum</span> 
     </span>
    </p>
   </div>
   <div class='ocr_carea' id='block_1_101' title="bbox 394 5443 2034 5569">
    <p class='ocr_par' dir='ltr' id='par_1_101' title="bbox 394 5443 2034 5569">
     <span class='ocr_line' id='line_1_101' title="bbox 394 5443 2034 5569; baseline -0.001 -70"><span class='ocrx_word' id='word_1_780' title='bbox 394 5445 494 5499; x_wconf 88' lang='lat' dir='ltr'>lih.</span> <span class='ocrx_word' id='word_1_781' title='bbox 530 5443 614 5508; x_wconf 82' lang='lat' dir='ltr'>Ill.</span> <span class='ocrx_word' id='word_1_782' title='bbox 644 5443 814 5517; x_wconf 85' lang='lat' dir='ltr'>epist.</span> <span class='ocrx_word' id='word_1_783' title='bbox 870 5444 1013 5498; x_wconf 88' lang='lat'>116:</span> <span class='ocrx_word' id='word_1_784' title='bbox 1053 5461 1155 5498; x_wconf 81' lang='lat' dir='ltr'>LXX</span> <span class='ocrx_word' id='word_1_785' title='bbox 1197 5443 1295 5569; x_wconf 52' lang='lat' dir='ltr'>S11.</span> <span class='ocrx_word' id='word_1_786' title='bbox 1328 5445 1418 5515; x_wconf 83' lang='lat'>72)</span> <span class='ocrx_word' id='word_1_787' title='bbox 1470 5445 1583 5499; x_wconf 84' lang='lat' dir='ltr'>viri</span> <span class='ocrx_word' id='word_1_788' title='bbox 1625 5448 1888 5509; x_wconf 75' lang='lat' dir='ltr'>seniores,</span> <span class='ocrx_word' id='word_1_789' title='bbox 1937 5462 2034 5499; x_wconf 77' lang='lat' dir='ltr'>su-</span> 
     </span>
     <span class='ocr_line' id='line_1_102' title="bbox 394 5515 2034 5569; baseline 0 0"><span class='ocrx_word' id='word_1_790' title='bbox 394 5533 489 5569; x_wconf 79' lang='lat' dir='ltr'>ner</span> <span class='ocrx_word' id='word_1_791' title='bbox 518 5533 649 5569; x_wconf 84' lang='lat' dir='ltr'>auos</span> <span class='ocrx_word' id='word_1_792' title='bbox 698 5516 896 5569; x_wconf 76' lang='lat' dir='ltr'>cecidit</span> <span class='ocrx_word' id='word_1_793' title='bbox 923 5516 1151 5569; x_wconf 68' lang='lat' dir='ltr'>spiritus</span> <span class='ocrx_word' id='word_1_794' title='bbox 1243 5518 1313 5569; x_wconf 90' lang='lat' dir='ltr'>ei.</span> <span class='ocrx_word' id='word_1_795' title='bbox 1349 5533 1451 5569; x_wconf 78' lang='lat' dir='ltr'>Lxx</span> <span class='ocrx_word' id='word_1_796' title='bbox 1480 5515 1577 5569; x_wconf 89' lang='lat' dir='ltr'>(al.</span> <span class='ocrx_word' id='word_1_797' title='bbox 1608 5517 1699 5569; x_wconf 70' lang='lat'>72)</span> <span class='ocrx_word' id='word_1_798' title='bbox 1734 5519 2034 5569; x_wconf 75' lang='lat' dir='ltr'>nationum</span> 
     </span>
    </p>
   </div>
   <div class='ocr_carea' id='block_1_102' title="bbox 394 5515 2037 5587">
    <p class='ocr_par' dir='ltr' id='par_1_102' title="bbox 394 5515 2037 5587">
     <span class='ocr_line' id='line_1_103' title="bbox 394 5515 2037 5587; baseline 0.001 -16"><span class='ocrx_word' id='word_1_799' title='bbox 394 5533 489 5581; x_wconf 74' lang='lat' dir='ltr'>per</span> <span class='ocrx_word' id='word_1_800' title='bbox 518 5533 649 5587; x_wconf 84' lang='lat' dir='ltr'>quos</span> <span class='ocrx_word' id='word_1_801' title='bbox 681 5515 896 5571; x_wconf 58' lang='lat' dir='ltr'>&#39;ceeidit</span> <span class='ocrx_word' id='word_1_802' title='bbox 923 5516 1151 5587; x_wconf 78' lang='lat' dir='ltr'>spiritus</span> <span class='ocrx_word' id='word_1_803' title='bbox 1197 5515 1313 5581; x_wconf 88' lang='lat' dir='ltr'>Dei,</span> <span class='ocrx_word' id='word_1_804' title='bbox 1349 5533 1451 5571; x_wconf 78' lang='lat' dir='ltr'>Lxx</span> <span class='ocrx_word' id='word_1_805' title='bbox 1480 5515 1577 5585; x_wconf 87' lang='lat' dir='ltr'>(al.</span> <span class='ocrx_word' id='word_1_806' title='bbox 1608 5517 1699 5586; x_wconf 83' lang='lat'>72)</span> <span class='ocrx_word' id='word_1_807' title='bbox 1734 5519 2037 5572; x_wconf 76' lang='lat' dir='ltr'>nationum</span> 
     </span>
    </p>
   </div>
   <div class='ocr_carea' id='block_1_103' title="bbox 395 5586 2036 5660">
    <p class='ocr_par' dir='ltr' id='par_1_103' title="bbox 395 5586 2036 5660">
     <span class='ocr_line' id='line_1_104' title="bbox 395 5586 2036 5660; baseline -0.001 -17"><span class='ocrx_word' id='word_1_808' title='bbox 395 5586 614 5657; x_wconf 72' lang='lat' dir='ltr'>linguas</span> <span class='ocrx_word' id='word_1_809' title='bbox 639 5590 701 5643; x_wconf 84' lang='lat' dir='ltr'>in</span> <span class='ocrx_word' id='word_1_810' title='bbox 731 5590 829 5643; x_wconf 86' lang='lat' dir='ltr'>hoc</span> <span class='ocrx_word' id='word_1_811' title='bbox 849 5586 1051 5643; x_wconf 85' lang='lat' dir='ltr'>mundo</span> <span class='ocrx_word' id='word_1_812' title='bbox 1081 5588 1315 5658; x_wconf 71' lang='lat' dir='ltr'>diffusas</span> <span class='ocrx_word' id='word_1_813' title='bbox 1367 5588 1693 5660; x_wconf 62' lang='lat' dir='ltr'>ostendunt;</span> <span class='ocrx_word' id='word_1_814' title='bbox 1724 5603 1793 5642; x_wconf 73' lang='lat' dir='ltr'>ea:</span> <span class='ocrx_word' id='word_1_815' title='bbox 1838 5589 2036 5660; x_wconf 78' lang='lat' dir='ltr'>quibus</span> 
     </span>
    </p>
   </div>
   <div class='ocr_carea' id='block_1_104' title="bbox 394 5659 2033 5729">
    <p class='ocr_par' dir='ltr' id='par_1_104' title="bbox 394 5659 2033 5729">
     <span class='ocr_line' id='line_1_105' title="bbox 394 5659 2033 5729; baseline 0.001 -17"><span class='ocrx_word' id='word_1_816' title='bbox 394 5660 566 5713; x_wconf 79' lang='lat' dir='ltr'>multi</span> <span class='ocrx_word' id='word_1_817' title='bbox 591 5660 883 5719; x_wconf 82' lang='lat' dir='ltr'>credentes.</span> <span class='ocrx_word' id='word_1_818' title='bbox 914 5660 1164 5727; x_wconf 76' lang='lat' dir='ltr'>gratiam</span> <span class='ocrx_word' id='word_1_819' title='bbox 1191 5660 1364 5714; x_wconf 71' lang='lat' dir='ltr'>sancti</span> <span class='ocrx_word' id='word_1_820' title='bbox 1393 5659 1636 5729; x_wconf 77' lang='lat' dir='ltr'>Spiritus</span> <span class='ocrx_word' id='word_1_821' title='bbox 1683 5659 2033 5729; x_wconf 79' lang='lat' dir='ltr'>acceperunt.</span> 
     </span>
    </p>
   </div>
   <div class='ocr_carea' id='block_1_105' title="bbox 404 5729 2039 5803">
    <p class='ocr_par' dir='ltr' id='par_1_105' title="bbox 404 5729 2039 5803">
     <span class='ocr_line' id='line_1_106' title="bbox 404 5729 2039 5803; baseline 0.001 -19"><span class='ocrx_word' id='word_1_822' title='bbox 404 5730 609 5785; x_wconf 88' lang='lat' dir='ltr'>lsidori</span> <span class='ocrx_word' id='word_1_823' title='bbox 656 5732 830 5787; x_wconf 84' lang='lat' dir='ltr'>verba</span> <span class='ocrx_word' id='word_1_824' title='bbox 869 5732 930 5786; x_wconf 90' lang='lat' dir='ltr'>in</span> <span class='ocrx_word' id='word_1_825' title='bbox 982 5729 1289 5803; x_wconf 78' lang='lat' dir='ltr'>Allegoriis</span> <span class='ocrx_word' id='word_1_826' title='bbox 1340 5746 1516 5786; x_wconf 66' lang='lat' dir='ltr'>sacra:</span> <span class='ocrx_word' id='word_1_827' title='bbox 1568 5730 1898 5801; x_wconf 69' lang='lat' dir='ltr'>Scriptum.</span> <span class='ocrx_word' id='word_1_828' title='bbox 1931 5732 2039 5794; x_wconf 89' lang='lat' dir='ltr'>Qui</span> 
     </span>
    </p>
   </div>
   <div class='ocr_carea' id='block_1_106' title="bbox 462 4867 1624 4946">
    <p class='ocr_par' dir='ltr' id='par_1_106' title="bbox 462 4867 1624 4946">
     <span class='ocr_line' id='line_1_107' title="bbox 462 4867 1624 4946; baseline -0.001 -18"><span class='ocrx_word' id='word_1_829' title='bbox 462 4873 571 4946; x_wconf 85' lang='grc'>(56)</span> <span class='ocrx_word' id='word_1_830' title='bbox 600 4873 784 4946; x_wconf 79' lang='grc' dir='ltr'>’Ὀστις</span> <span class='ocrx_word' id='word_1_831' title='bbox 842 4870 990 4946; x_wconf 37' lang='grc' dir='ltr'>κατᾶ-</span> <span class='ocrx_word' id='word_1_832' title='bbox 1038 4868 1289 4946; x_wconf 79' lang='grc' dir='ltr'>ἀριθμὸν,</span> <span class='ocrx_word' id='word_1_833' title='bbox 1347 4891 1400 4927; x_wconf 82' lang='grc' dir='ltr'>κ.</span> <span class='ocrx_word' id='word_1_834' title='bbox 1456 4891 1507 4928; x_wconf 84' lang='grc' dir='ltr'>τ.</span> 
     </span>
    </p>
   </div>
   <div class='ocr_carea' id='block_1_107' title="bbox 2149 4869 3822 4943">
    <p class='ocr_par' dir='ltr' id='par_1_107' title="bbox 2149 4869 3822 4943">
     <span class='ocr_line' id='line_1_108' title="bbox 2149 4869 3822 4943; baseline 0.001 -16"><span class='ocrx_word' id='word_1_835' title='bbox 2149 4870 2384 4927; x_wconf 89' lang='lat' dir='ltr'>libellus</span> <span class='ocrx_word' id='word_1_836' title='bbox 2413 4870 2651 4926; x_wconf 89' lang='lat' dir='ltr'>titulum</span> <span class='ocrx_word' id='word_1_837' title='bbox 2683 4870 2857 4927; x_wconf 88' lang='lat' dir='ltr'>habet</span> <span class='ocrx_word' id='word_1_838' title='bbox 2882 4869 2940 4925; x_wconf 89' lang='lat' dir='ltr'>in</span> <span class='ocrx_word' id='word_1_839' title='bbox 2973 4871 3179 4926; x_wconf 88' lang='lat' dir='ltr'>Codice</span> <span class='ocrx_word' id='word_1_840' title='bbox 3213 4886 3340 4926; x_wconf 88' lang='lat' dir='ltr'>meo</span> <span class='ocrx_word' id='word_1_841' title='bbox 3374 4886 3485 4943; x_wconf 84' lang='lat' dir='ltr'>ms.</span> <span class='ocrx_word' id='word_1_842' title='bbox 3519 4871 3822 4943; x_wconf 74' lang='lat' dir='ltr'>Designi-</span> 
     </span>
    </p>
   </div>
   <div class='ocr_carea' id='block_1_108' title="bbox 2139 4942 3513 5016">
    <p class='ocr_par' dir='ltr' id='par_1_108' title="bbox 2139 4942 3513 5016">
     <span class='ocr_line' id='line_1_109' title="bbox 2139 4942 3513 5016; baseline -0.002 -17"><span class='ocrx_word' id='word_1_843' title='bbox 2139 4945 2488 5016; x_wconf 60' lang='lat' dir='ltr'>ﬁcationz’lgu;</span> <span class='ocrx_word' id='word_1_844' title='bbox 2526 4944 2722 4999; x_wconf 80' lang='lat' dir='ltr'>Veteris</span> <span class='ocrx_word' id='word_1_845' title='bbox 2751 4951 2802 5016; x_wconf 84' lang='lat' dir='ltr'>et</span> <span class='ocrx_word' id='word_1_846' title='bbox 2836 4944 2979 4998; x_wconf 81' lang='lat' dir='ltr'>Novi</span> <span class='ocrx_word' id='word_1_847' title='bbox 3009 4942 3513 5016; x_wconf 79' lang='lat' dir='ltr'>Testamenti._Co&#39;r.</span> 
     </span>
    </p>
   </div>
   <div class='ocr_carea' id='block_1_109' title="bbox 2212 5010 3825 5086">
    <p class='ocr_par' dir='ltr' id='par_1_109' title="bbox 2212 5010 3825 5086">
     <span class='ocr_line' id='line_1_110' title="bbox 2212 5010 3825 5086; baseline 0.002 -17"><span class='ocrx_word' id='word_1_848' title='bbox 2212 5016 2323 5086; x_wconf 87' lang='lat'>(57)</span> <span class='ocrx_word' id='word_1_849' title='bbox 2354 5010 2610 5074; x_wconf 86' lang='grc' dir='ltr'>Γλώσσας</span> <span class='ocrx_word' id='word_1_850' title='bbox 2666 5015 2817 5086; x_wconf 88' lang='lat' dir='ltr'>conj.</span> <span class='ocrx_word' id='word_1_851' title='bbox 2866 5031 2908 5083; x_wconf 74' lang='grc' dir='ltr'>ο</span> <span class='ocrx_word' id='word_1_852' title='bbox 2940 5057 2950 5073; x_wconf 88' lang='grc'>.</span> <span class='ocrx_word' id='word_1_853' title='bbox 2985 5016 3137 5086; x_wconf 91' lang='lat' dir='ltr'>quod</span> <span class='ocrx_word' id='word_1_854' title='bbox 3172 5020 3323 5069; x_wconf 84' lang='lat' dir='ltr'>recte</span> <span class='ocrx_word' id='word_1_855' title='bbox 3353 5013 3641 5086; x_wconf 80' lang='lat' dir='ltr'>improbat</span> <span class='ocrx_word' id='word_1_856' title='bbox 3696 5014 3825 5072; x_wconf 84' lang='lat' dir='ltr'>Da-</span> 
     </span>
    </p>
   </div>
   <div class='ocr_carea' id='block_1_110' title="bbox 2139 5084 3827 5151">
    <p class='ocr_par' dir='ltr' id='par_1_110' title="bbox 2139 5084 3827 5151">
     <span class='ocr_line' id='line_1_111' title="bbox 2139 5084 3827 5151; baseline 0.001 -9"><span class='ocrx_word' id='word_1_857' title='bbox 2139 5084 2343 5142; x_wconf 81' lang='lat' dir='ltr'>visius.</span> <span class='ocrx_word' id='word_1_858' title='bbox 2400 5086 2611 5142; x_wconf 88' lang='lat' dir='ltr'>Gentes</span> <span class='ocrx_word' id='word_1_859' title='bbox 2660 5084 2817 5141; x_wconf 91' lang='lat' dir='ltr'>enim</span> <span class='ocrx_word' id='word_1_860' title='bbox 2911 5084 3126 5141; x_wconf 37' lang='lat' dir='ltr'>ait‘vir</span> <span class='ocrx_word' id='word_1_861' title='bbox 3177 5084 3576 5151; x_wconf 75' lang='lat' dir='ltr'>doctissimus,</span> <span class='ocrx_word' id='word_1_862' title='bbox 3618 5085 3827 5143; x_wconf 75' lang='lat' dir='ltr'>fuisse</span> 
     </span>
    </p>
   </div>
   <div class='ocr_carea' id='block_1_111' title="bbox 2144 5156 3826 5229">
    <p class='ocr_par' dir='ltr' id='par_1_111' title="bbox 2144 5156 3826 5229">
     <span class='ocr_line' id='line_1_112' title="bbox 2144 5156 3826 5229; baseline -0.001 -16"><span class='ocrx_word' id='word_1_863' title='bbox 2144 5157 2536 5228; x_wconf 81' lang='lat' dir='ltr'>septuaginta,</span> <span class='ocrx_word' id='word_1_864' title='bbox 2589 5157 2946 5229; x_wconf 68' lang='lat' dir='ltr'>totidemque</span> <span class='ocrx_word' id='word_1_865' title='bbox 3002 5158 3251 5227; x_wconf 78' lang='lat' dir='ltr'>linguas,</span> <span class='ocrx_word' id='word_1_866' title='bbox 3295 5156 3626 5229; x_wconf 82' lang='lat' dir='ltr'>communis</span> <span class='ocrx_word' id='word_1_867' title='bbox 3679 5166 3826 5213; x_wconf 79' lang='lat' dir='ltr'>erat</span> 
     </span>
    </p>
   </div>
   <div class='ocr_carea' id='block_1_112' title="bbox 2144 5228 3827 5310">
    <p class='ocr_par' dir='ltr' id='par_1_112' title="bbox 2144 5228 3827 5310">
     <span class='ocr_line' id='line_1_113' title="bbox 2144 5228 3827 5310; baseline 0.002 -27"><span class='ocrx_word' id='word_1_868' title='bbox 2144 5230 2514 5310; x_wconf 66' lang='lat' dir='ltr'>Hebrrcorum</span> <span class='ocrx_word' id='word_1_869' title='bbox 2565 5228 2987 5310; x_wconf 51' lang='lat' dir='ltr'>seqtent_ia.De</span> <span class='ocrx_word' id='word_1_870' title='bbox 3042 5228 3413 5310; x_wconf 65' lang='lat' dir='ltr'>septuaginta</span> <span class='ocrx_word' id='word_1_871' title='bbox 3452 5229 3827 5310; x_wconf 55' lang='lat' dir='ltr'>nationibus</span> 
     </span>
    </p>
   </div>
   <div class='ocr_carea' id='block_1_113' title="bbox 2145 5300 3824 5371">
    <p class='ocr_par' dir='ltr' id='par_1_113' title="bbox 2145 5300 3824 5371">
     <span class='ocr_line' id='line_1_114' title="bbox 2145 5300 3824 5371; baseline 0.001 -16"><span class='ocrx_word' id='word_1_872' title='bbox 2145 5301 2429 5369; x_wconf 82' lang='lat' dir='ltr'>conferas,</span> <span class='ocrx_word' id='word_1_873' title='bbox 2465 5316 2591 5371; x_wconf 64' lang='lat' dir='ltr'>quae</span> <span class='ocrx_word' id='word_1_874' title='bbox 2639 5300 2960 5355; x_wconf 85' lang='lat' dir='ltr'>Cotelerius</span> <span class='ocrx_word' id='word_1_875' title='bbox 3013 5300 3310 5355; x_wconf 86' lang='lat' dir='ltr'>adnotavit</span> <span class='ocrx_word' id='word_1_876' title='bbox 3337 5302 3406 5354; x_wconf 78' lang='lat' dir='ltr'>ad</span> <span class='ocrx_word' id='word_1_877' title='bbox 3442 5300 3701 5368; x_wconf 83' lang='lat' dir='ltr'>Recogn.,</span> <span class='ocrx_word' id='word_1_878' title='bbox 3751 5319 3824 5371; x_wconf 80' lang='grc' dir='ltr'>ιι,</span> 
     </span>
    </p>
   </div>
   <div class='ocr_carea' id='block_1_114' title="bbox 2146 5372 3821 5445">
    <p class='ocr_par' dir='ltr' id='par_1_114' title="bbox 2146 5372 3821 5445">
     <span class='ocr_line' id='line_1_115' title="bbox 2146 5372 3821 5445; baseline 0 -18"><span class='ocrx_word' id='word_1_879' title='bbox 2146 5375 2233 5427; x_wconf 83' lang='grc'>42.</span> <span class='ocrx_word' id='word_1_880' title='bbox 2286 5372 2560 5445; x_wconf 74' lang='lat' dir='ltr'>Gieseler,</span> <span class='ocrx_word' id='word_1_881' title='bbox 2594 5372 2944 5445; x_wconf 72' lang='lat' dir='ltr'>_En.t.stehung</span> <span class='ocrx_word' id='word_1_882' title='bbox 3011 5372 3108 5445; x_wconf 62' lang='lat' dir='ltr'>tier</span> <span class='ocrx_word' id='word_1_883' title='bbox 3159 5372 3415 5445; x_wconf 38' lang='lat' dir='ltr'>scari/&quot;tl:</span> <span class='ocrx_word' id='word_1_884' title='bbox 3449 5372 3689 5441; x_wconf 77' lang='lat' dir='ltr'>Evang.,</span> <span class='ocrx_word' id='word_1_885' title='bbox 3756 5391 3821 5445; x_wconf 87' lang='lat' dir='ltr'>p.</span> 
     </span>
    </p>
   </div>
   <div class='ocr_carea' id='block_1_115' title="bbox 2149 5442 3823 5515">
    <p class='ocr_par' dir='ltr' id='par_1_115' title="bbox 2149 5442 3823 5515">
     <span class='ocr_line' id='line_1_116' title="bbox 2149 5442 3823 5515; baseline -0.001 -16"><span class='ocrx_word' id='word_1_886' title='bbox 2149 5445 2249 5499; x_wconf 85' lang='lat'>128</span> <span class='ocrx_word' id='word_1_887' title='bbox 2298 5461 2310 5511; x_wconf 90' lang='lat'><strong>;</strong></span> <span class='ocrx_word' id='word_1_888' title='bbox 2366 5443 2943 5515; x_wconf 85' lang='lat' dir='ltr'>Schneckenburger,</span> <span class='ocrx_word' id='word_1_889' title='bbox 3004 5443 3170 5515; x_wconf 84' lang='lat' dir='ltr'>Ueber</span> <span class='ocrx_word' id='word_1_890' title='bbox 3215 5442 3320 5497; x_wconf 74' lang='lat' dir='ltr'>den</span> <span class='ocrx_word' id='word_1_891' title='bbox 3370 5442 3823 5515; x_wconf 64' lang='lat' dir='ltr'>Ursprung_dbs</span> 
     </span>
    </p>
   </div>
   <div class='ocr_carea' id='block_1_116' title="bbox 2145 5513 3823 5587">
    <p class='ocr_par' dir='ltr' id='par_1_116' title="bbox 2145 5513 3823 5587">
     <span class='ocr_line' id='line_1_117' title="bbox 2145 5513 3823 5587; baseline 0.002 -18"><span class='ocrx_word' id='word_1_892' title='bbox 2145 5521 2329 5570; x_wconf 66' lang='lat' dir='ltr'>erSten</span> <span class='ocrx_word' id='word_1_893' title='bbox 2378 5515 2573 5587; x_wconf 49' lang='lat' dir='ltr'>(canon.</span> <span class='ocrx_word' id='word_1_894' title='bbox 2626 5513 2920 5587; x_wconf 56' lang='lat' dir='ltr'>qungfp.</span> <span class='ocrx_word' id='word_1_895' title='bbox 2958 5514 3042 5568; x_wconf 91' lang='grc'>13.</span> <span class='ocrx_word' id='word_1_896' title='bbox 3078 5515 3205 5585; x_wconf 87' lang='lat' dir='ltr'>Egit</span> <span class='ocrx_word' id='word_1_897' title='bbox 3236 5513 3522 5587; x_wconf 50' lang='lat' dir='ltr'>pratense</span> <span class='ocrx_word' id='word_1_898' title='bbox 3568 5514 3641 5569; x_wconf 86' lang='lat' dir='ltr'>de</span> <span class='ocrx_word' id='word_1_899' title='bbox 3674 5513 3823 5572; x_wconf 87' lang='lat' dir='ltr'>loco</span> 
     </span>
    </p>
   </div>
   <div class='ocr_carea' id='block_1_117' title="bbox 2148 5584 3713 5656">
    <p class='ocr_par' dir='ltr' id='par_1_117' title="bbox 2148 5584 3713 5656">
     <span class='ocr_line' id='line_1_118' title="bbox 2148 5584 3713 5656; baseline -0.002 -15"><span class='ocrx_word' id='word_1_900' title='bbox 2148 5592 2345 5641; x_wconf 81' lang='lat' dir='ltr'>nostro</span> <span class='ocrx_word' id='word_1_901' title='bbox 2378 5586 2661 5656; x_wconf 80' lang='lat' dir='ltr'>Neander,</span> <span class='ocrx_word' id='word_1_902' title='bbox 2700 5584 2882 5656; x_wconf 61' lang='lat' dir='ltr'>(inest:</span> <span class='ocrx_word' id='word_1_903' title='bbox 2912 5590 3074 5656; x_wconf 62' lang='grc' dir='ltr'>διίςιηΔ</span> <span class='ocrx_word' id='word_1_904' title='bbox 3103 5584 3157 5656; x_wconf 88' lang='lat' dir='ltr'>p.</span> <span class='ocrx_word' id='word_1_905' title='bbox 3193 5584 3317 5639; x_wconf 87' lang='lat'>378.</span> <span class='ocrx_word' id='word_1_906' title='bbox 3346 5590 3401 5639; x_wconf 75' lang='lat'>8.</span> <span class='ocrx_word' id='word_1_907' title='bbox 3432 5584 3713 5656; x_wconf 70' lang='lat' dir='ltr'>DassssL.</span> 
     </span>
    </p>
   </div>
   <div class='ocr_carea' id='block_1_118' title="bbox 2218 5652 3814 5729">
    <p class='ocr_par' dir='ltr' id='par_1_118' title="bbox 2218 5652 3814 5729">
     <span class='ocr_line' id='line_1_119' title="bbox 2218 5652 3814 5729; baseline -0.001 -18"><span class='ocrx_word' id='word_1_908' title='bbox 2372 5655 2481 5729; x_wconf 67' lang='grc' dir='ltr'>Οὐκ</span> <span class='ocrx_word' id='word_1_909' title='bbox 2529 5652 2676 5717; x_wconf 77' lang='grc' dir='ltr'>οἶδας</span> <span class='ocrx_word' id='word_1_910' title='bbox 2739 5654 2820 5709; x_wconf 82' lang='grc' dir='ltr'>ὅτι</span> <span class='ocrx_word' id='word_1_911' title='bbox 2880 5654 3004 5729; x_wconf 49' lang='grc' dir='ltr'>Υἱός</span> <span class='ocrx_word' id='word_1_912' title='bbox 3059 5652 3221 5729; x_wconf 73' lang='grc' dir='ltr'>ἐστιν,</span> <span class='ocrx_word' id='word_1_913' title='bbox 3279 5656 3469 5729; x_wconf 60' lang='grc' dir='ltr'>Ιξατήρ</span> <span class='ocrx_word' id='word_1_914' title='bbox 3510 5654 3814 5729; x_wconf 26' lang='grc' dir='ltr'>*ὁπάρχων</span> 
     </span>
    </p>
   </div>
   <div class='ocr_carea' id='block_1_119' title="bbox 2145 5725 3816 5803">
    <p class='ocr_par' dir='ltr' id='par_1_119' title="bbox 2145 5725 3816 5803">
     <span class='ocr_line' id='line_1_120' title="bbox 2145 5725 3816 5803; baseline 0 -21"><span class='ocrx_word' id='word_1_915' title='bbox 2145 5731 2242 5782; x_wconf 72' lang='grc' dir='ltr'>τοῦ</span> <span class='ocrx_word' id='word_1_916' title='bbox 2302 5725 2478 5797; x_wconf 87' lang='grc' dir='ltr'>Ἰησοῦ</span> <span class='ocrx_word' id='word_1_917' title='bbox 2560 5730 2657 5782; x_wconf 78' lang='grc' dir='ltr'>τοῦ</span> <span class='ocrx_word' id='word_1_918' title='bbox 2730 5731 2848 5791; x_wconf 81' lang='grc' dir='ltr'>καθ’</span> <span class='ocrx_word' id='word_1_919' title='bbox 2921 5726 3060 5801; x_wconf 80' lang='grc' dir='ltr'>ὑμᾶς</span> <span class='ocrx_word' id='word_1_920' title='bbox 3135 5725 3450 5801; x_wconf 70' lang='grc' dir='ltr'>λεγομένου</span> <span class='ocrx_word' id='word_1_921' title='bbox 3507 5725 3759 5803; x_wconf 70' lang='grc' dir='ltr'>Χριστοῦ</span> <span class='ocrx_word' id='word_1_922' title='bbox 3799 5772 3816 5787; x_wconf 92' lang='grc'>.</span> 
     </span>
    </p>
   </div>
  </div>
