4082 6208
349 391 477 450 409

1426 383 1952 445 CLEMENTINA.
1988 415 2065 423 —
2099 380 2429 441 HOMILIA
2474 384 2693 445 XVIII.

3634 388 3751 446 410

425 522 517 577 VI.
550 520 644 573 Καὶ
676 521 703 574 6
737 518 931 594 Πέτρος
980 512 1104 593 ἔφη·
1138 518 1201 572 Εἰ
1231 522 1389 573 τοῦτο
1440 515 1612 577 οὕτως
1660 513 1774 590 ἔχει
1824 516 1894 582 ⁸9,
1926 514 1990 566 τὰ

2175 514 2269 568 VI.
2311 515 2376 568 Et
2406 519 2609 570 Petrus
2642 516 2721 570 ait
2754 534 2765 572 :
2800 516 2855 570 Si
2890 517 2995 571 hoc
3028 517 3107 573 ita
3135 517 3330 587 habet,
3353 518 3604 575 maxime
3637 520 3749 574 im-

354 611 580 684 μέγιστα
608 603 837 669 ἀσεϐεῖς.
871 608 932 663 Εἰ
982 609 1085 684 γὰρ
1137 609 1265 662 Υἱοῦ
1316 606 1449 677 ἐστὶ,
1498 610 1595 660 τοῦ
1648 604 1873 679 οὐρανὸν
1906 603 1995 656 καὶ

349 706 457 773 γῆν
491 696 978 771 διακοσμήσαντος,
1008 698 1071 751 τὸ
1103 697 1148 767 ᾧ
1201 694 1453 771 βούλεται
1506 691 1907 749 ἀποκαλύπτειν
1952 693 1998 728 ⁵³

348 789 442 841 τὸν
496 785 546 841 έν
598 786 928 862 ἀπορρήτοις
980 784 1142 839 αὐτοῦ
1192 786 1423 861 Πατέρα,
1484 783 1545 838 σὺ
1590 782 1811 857 μέγιστα
1847 827 1860 853 ,
1923 780 1995 842 ὡς

352 876 509 954 ἔξην,
545 871 753 937 ἀσεϐεῖς
785 874 1182 930 ἀποκαλύπτων
1234 876 1315 935 οἷς
1349 874 1551 935 ἐκεῖνος
1591 872 1690 927 οὐκ
1730 868 1998 926 ἀπεκάλυ-

354 972 473 1040 ψεν.
531 967 630 1023 Καὶ
664 965 691 1019 6
726 965 934 1037 Σίμων·
981 962 1159 1019 Ἀλλά
1202 963 1362 1025 αὐτός
1396 984 1460 1036 με
1496 961 1748 1037 βούλεται
1798 961 2000 1015 ἀποκα-

356 1055 600 1111 λύπτειν.
634 1054 730 1108 Καὶ
777 1055 804 1107 6
829 1054 1051 1128 Πέτρος⁶
1086 1053 1157 1107 O6
1187 1058 1328 1114 νοεῖς
1362 1051 1395 1105 ’ὰ
1418 1051 1581 1128 λέγω,
1608 1051 1811 1125 Σίμων.
1848 1048 1999 1117 Πλὴν

354 1148 513 1203 ³58
564 1143 794 1206 ἀκούσας
843 1141 1016 1205 σύνες.
1067 1143 1155 1214 Τῷ
1202 1144 1248 1179 ⁶⁴
1295 1141 1483 1197 εἰπεῖν·
1536 1140 1633 1203 Οἷς
1682 1140 1740 1194 ἂν
1795 1138 2002 1215 βούλη-

351 1256 439 1288 ται
494 1236 538 1270 ⁸⁵
588 1234 616 1289 6
673 1233 796 1295 Υἱὸς
851 1230 1210 1306 ἀποκαλύψει,
1263 1231 1324 1286 06
1375 1228 1695 1301 διδασκαλίᾳ
1745 1229 1866 1284 τινὰ
1894 1248 2004 1283 τοι-

352 1328 518 1377 οῦτον
578 1328 760 1395 μαθεῖν
811 1320 975 1397 λέγει,
1024 1318 1169 1375 ἀλλά
1217 1319 1557 1393 ἀποκαλύψει
1614 1319 1797 1392 μόνον.
1837 1323 2003 1371 Ἀπο-

350 1411 593 1485 κάλυψὲς
666 1411 772 1466 ἐστι
846 1411 908 1465 τὸ
982 1408 1031 1464 έν
1104 1408 1297 1471 πάσαις
1372 1406 1620 1484 καρδίαις
1706 1406 2003 1483 ἀνθρώπων

354 1500 688 1576 ἀπορῥήτως
761 1499 1006 1572 κείμενον
1074 1496 1485 1570 κεκαλυμμένον
1538 1542 1551 1567 ,
1623 1494 1746 1551 ἄνευ
1823 1501 2008 1571 φωνῆς

350 1593 425 1664 τῇ
464 1590 625 1644 αὐτοῦ
660 1587 835 1665 βουλῂ
883 1592 927 1625 ⁸⁸
976 1586 1514 1660 ἀποκαλυπτόμενον.
1562 1587 1660 1643 Καὶ
1703 1584 1875 1647 οὕτως
1922 1584 2008 1659 γί-

351 1700 506 1734 νεται
538 1683 755 1755 γνῶναι,
790 1678 850 1732 ού
896 1675 1235 1752 διδαχθέντα,
1289 1675 1433 1731 ἀλλὰ
1482 1675 1720 1733 συνέντα.
1753 1678 1841 1746 Τῷ
1893 1673 2011 1747 μένα

350 1790 451 1824 τοι
494 1763 717 1822 συνιέντι
772 1771 814 1804 ⁸⁷
868 1766 967 1821 οὐκ
1024 1765 1241 1836 ἔξεστιν,
1303 1765 1458 1838 ἄλλῳ
1504 1763 1664 1819 τοῦτο
1711 1761 2008 1837 ἀποδεῖξαι,

352 1858 479 1912 ἐπεὶ
513 1854 640 1931 μηδ’
671 1856 831 1917 αὐτὸς
881 1852 1163 1930 ἐδιδάχθη,
1198 1850 1319 1909 οὔτε
1371 1852 1717 1928 ἀποκαλύψαι
1768 1851 2007 1924 δύναται,
2044 1890 2090 1954 Β

352 1944 480 2000 ἐπεὶ
518 1947 590 2018 μή
639 1944 796 2006 αύτός
846 1943 984 1999 ἐστιν
1028 1946 1054 1999 6
1104 1945 1248 2010 Υἱὸς,
1300 1943 1448 2006 ἐκτὸς
1483 1944 1527 1998 εἷ
1565 1944 1638 2016 μή
1691 1942 1874 1997 έαυτὸν
1923 1940 2011 1995 λέ-

350 2056 447 2110 γει
478 2036 611 2089 εἶναι
641 2034 732 2089 τὸν
762 2034 905 2090 Υἱόν.
944 2034 1017 2088 Σὺ
1049 2031 1106 2088 δέ
1156 2033 1254 2087 οὐκ
1286 2033 1331 2087 εἶ
1363 2036 1389 2088 6
1422 2034 1587 2095 ἑστὼς
1638 2032 1779 2093 Υἱός,
1814 2030 1882 2085 Ei}
1908 2031 2011 2106 γὰρ

351 2126 488 2186 Υἱὸς
519 2127 605 2194 ἧς,
650 2125 863 2185 πάντως
898 2125 957 2178 ἂν
1008 2120 1148 2198 ᾔδης
1196 2126 1239 2159 ⁸⁸
1288 2131 1385 2193 τῆς
1432 2122 1687 2193 τοιαύτης
1734 2118 2010 2176 ἀποκαλύ-

352 2216 511 2287 ψεως
543 2212 671 2275 τοὺς
705 2212 901 2284 ἀξίους.
939 2211 1015 2266 Σὺ
1062 2209 1117 2267 δὲ
1148 2211 1245 2266 οὐκ
1276 2210 1443 2273 οἶδας.
1477 2210 1539 2266 Ei
1570 2212 1673 2287 γὰρ
1719 2208 2009 2281 ἠπίστασο,

348 2303 432 2357 τὰ
460 2307 567 2357 τῶν
600 2301 970 2375 ἐπισταμένων
1004 2301 1061 2356 ἃν
1096 2300 1296 2363 ἐποίεις
1326 2304 1391 2357 ⁵⁸.

436 2397 555 2451 VII.
614 2390 710 2447 Καὶ
770 2393 798 2446 6
858 2391 1047 2465 Σίμων
1106 2388 1228 2468 ἔφη’
1289 2389 1582 2466 Ὀμολογῶ
1616 2432 1631 2458 ,
1692 2388 1753 2443 οὐ
1808 2395 2013 2458 συνῆκα

349 2485 477 2542 πῶς
529 2480 723 2556 λέγεις,
771 2481 838 2535 τὰ
882 2484 989 2535 τῶν
1038 2478 1407 2552 ἐπισταμένων
1460 2478 1517 2534 ἂν
1572 2478 1769 2539 ἐποίεις
1808 2481 1871 2533 ⁷ο.
1909 2476 2010 2535 Καὶ

350 2571 386 2624 ὁ
426 2571 645 2644 Πέτρος·
680 2569 743 2624 Εἰ
778 2569 839 2624 οὐ
871 2575 1121 2641 συνῆκας,
1155 2566 1279 2623 οὐδὲ
1320 2569 1413 2625 τὸν
1465 2570 1686 2623 έκάστου
1716 2572 1839 2622 νοῦν
1870 2565 2011 2622 εἰδέ-

353 2681 447 2715 ναι
486 2657 633 2733 δύνῃ,
668 2660 756 2713 καὶ
790 2658 835 2713 εἲ
864 2658 1073 2735 ἀγνοεῖς
1104 2662 1169 2731 ⁷¹,
1203 2656 1328 2713 οὐδὶ
1356 2658 1483 2721 τοὺς
1520 2656 1697 2730 ἀξίους
1744 2665 1843 2727 τῆς
1875 2659 2009 2712 ἀπο-

351 2746 651 2821 καλύψεως
702 2748 1001 2820 ἐπίστασαι,
1054 2747 1152 2802 ούκ
1200 2747 1247 2803 εἴ
1295 2743 1437 2809 Υἱὸς·
1488 2748 1515 2801 6
1566 2745 1622 2801 δὲ
1671 2748 1793 2810 Υἱὸς
1843 2744 2006 2802 οἶδενο

357 2835 470 2903 διὸ,
518 2842 599 2898 οῖς
636 2836 911 2912 βούλεται,
945 2838 1019 2899 ὡς
1052 2836 1218 2907 ἀξίοις
1272 2837 1443 2905 οὖσιν,
1486 2836 1879 2894 ἀποκαλύπτει.
1912 2837 2010 2891 Καὶ

359 2928 393 2982 ὁ
428 2927 616 2999 Σίμων
646 2924 767 3005 ἔφη·
804 2928 892 2995 Μή
948 2926 1158 3000 ἀπατῶ,
1210 2924 1330 2981 οῖδα
1358 2927 1485 2989 τοὺς
1535 2926 1735 2997 ἀξίους,
1767 2926 1856 2981 καὶ
1891 2927 2011 2989 Υἱὸς

357 3017 463 3072 οὐκ
496 3015 627 3089 εἴμί.
688 3021 856 3071 Τοῦτο
912 3017 1118 3090 μέντοι,
1178 3016 1227 3071 τί
1276 3023 1395 3071 ποτ’
1445 3015 1601 3089 ἔστιν,
1646 3018 1725 3078 οἷς
1756 3016 2011 3092 βούλεται

358 3105 757 3175 ἀποκαλύπτει,
810 3105 872 3160 οὐ
922 3109 1125 3175 συνῆκα
1173 3105 1247 3168 ὡς
1295 3104 1492 3182 λέγεις·
1542 3107 1605 3161 τὸ
1655 3103 1712 3161 δὲ
1764 3107 1840 3179 μή
1887 3128 2009 3160 συν-

365 3194 497 3249 ιέναι
531 3194 637 3270 οὐχ
682 3194 754 3256 ὡς
806 3196 883 3267 μή
930 3192 1085 3256 εῗδὼς
1131 3194 1306 3264 εἶπον,
1354 3193 1481 3251 ἀλλ’
1528 3194 1602 3257 ὡς
1656 3193 1813 3257 εἰδὼς
1856 3198 2007 3253 859

2108 604 2240 674 pius
2272 620 2353 658 es.
2392 604 2533 660 Nam
2566 605 2613 659 si
2647 606 2715 660 ad
2753 606 2989 672 Filium,
3030 606 3155 662 cceli
3188 613 3246 663 et
3304 613 3466 663 terrae
3528 610 3748 663 constio

2106 696 2381 757 tutorem,
2416 699 2638 765 spectat
2670 676 2943 765 revelare,
2976 696 3067 750 cui
3101 695 3242 761 vult,
3278 697 3465 768 ipsius
3513 698 3744 754 Patrem

2110 781 2168 835 in
2205 782 2565 838 absconditis
2599 783 2875 854 positum,
2911 790 2971 840 tu
3034 784 3187 840 sicut
3234 785 3370 851 dixi,
3406 787 3655 844 maxime
3686 806 3748 844 es

2111 870 2348 942 impius,
2381 871 2483 943 qui
2516 872 2733 927 revelas
2764 873 2980 944 quibus
3012 872 3105 927 ille
3134 891 3502 945 nequaquam
3534 876 3751 931 revela-

2111 960 2209 1014 vit.
2246 966 2323 1015 Ac
2357 961 2559 1016 Simon
2594 978 2605 1015 :
2641 962 2750 1017 Sed
2787 961 2879 1017 ille
2935 962 3061 1017 vult
3122 968 3188 1018 ut
3238 963 3508 1020 revelem.
3567 970 3754 1037 Atque

2113 1050 2315 1104 Petrus
2351 1068 2362 1104 :
2397 1051 2522 1105 Non
2556 1051 2854 1123 intelligis,
2914 1052 3134 1119 Simon,
3187 1069 3313 1124 quae
3371 1053 3480 1108 aio.
3540 1054 3756 1111 Verum

2115 1139 2271 1205 audi,
2307 1144 2362 1193 et
2392 1139 2668 1211 intellige.
2705 1142 2945 1205 Quando
2978 1141 3117 1195 dicit
3153 1158 3165 1197 :
3201 1142 3408 1209 Quibus
3438 1144 3760 1199 vulth'llius

2117 1228 2388 1295 reuelabit,
2414 1244 2477 1282 eo
2510 1228 2826 1300 signiﬁcat,
2862 1229 3027 1286 illum
3058 1230 3355 1285 hominem
3391 1248 3506 1287 non
3539 1233 3763 1288 discere

2116 1333 2219 1388 per
2247 1317 2596 1389 doctrinam,
2629 1319 2730 1373 sed
2764 1335 2866 1390 per
2921 1319 3107 1375 solam
3171 1319 3606 1377 revelationem.
3666 1323 3765 1377 Est

2118 1410 2310 1461 autem
2345 1407 2636 1475 revelatio,
2670 1425 2826 1479 cum,
2859 1410 3013 1480 quod
3048 1409 3105 1463 in
3138 1409 3415 1465 omnibus
3447 1410 3758 1466 hominum

2119 1496 2392 1551 cordibus
2423 1513 2632 1552 arcane
2661 1497 2915 1553 velatum
2949 1498 3200 1570 positum
3236 1504 3344 1569 est,
3376 1500 3597 1570 absque
3626 1516 3761 1556 voce

2120 1601 2221 1657 per
2250 1584 2409 1641 illius
2441 1585 2798 1641 voluntatem
2832 1586 3141 1642 revelatur.
3193 1587 3399 1658 Sicque
3448 1604 3763 1660 cognocerc

2120 1675 2331 1730 accidit
2363 1692 2481 1731 non
2514 1676 2761 1731 dicendo
2796 1677 2895 1731 sed
2930 1676 3329 1748 intelligendo.
3383 1678 3561 1749 Atqui
3594 1679 3763 1733 intel-

2120 1763 2322 1835 ligenti
2358 1782 2471 1819 non
2501 1764 2657 1829 licet,
2692 1764 2860 1820 alteri
2893 1766 3001 1821 hoc
3033 1768 3357 1832 ostendere,
3396 1768 3765 1840 quandoqui-

2122 1854 2252 1909 dem
2288 1870 2390 1908 nec
2418 1854 2542 1926 ipse
2572 1855 2813 1909 edoctus
2836 1859 2942 1921 est,
2976 1872 3173 1909 verum
3209 1856 3382 1911 etiam
3432 1873 3544 1911 non
3578 1861 3768 1927 potest

2123 1943 2396 2013 revelare,
2424 1943 2562 2014 quia
2594 1944 2717 2015 ipse
2751 1961 2865 1999 non
2890 1949 2979 1999 est
3016 1944 3215 2016 Filius,
3259 1945 3370 2000 nisi
3403 1946 3449 2000 si
3510 1961 3571 2000 se
3616 1946 3772 2001 dicat

2122 2050 2249 2089 esse
2280 2032 2511 2090 Filium.
2545 2033 2627 2088 Tu
2661 2038 2854 2089 autem
2887 2051 3004 2089 non
3035 2052 3097 2090 es
3148 2039 3311 2090 stans
3364 2034 3567 2090 Filius.
3618 2036 3763 2091 Nam

2123 2123 2168 2177 si
2205 2122 2386 2178 Filius
2418 2139 2600 2189 esses,
2632 2124 2869 2178 omnino
2901 2139 3277 2195 cognosceres
3307 2124 3414 2179 hac
3435 2125 3643 2197 dignos
3677 2140 3766 2179 re-

2120 2211 2422 2268 velatione.
2459 2212 2546 2267 Tu
2577 2228 2709 2267 vero
2740 2211 2999 2284 ignoras.
3029 2212 3087 2268 Si
3121 2212 3278 2268 enim
3310 2212 3492 2269 scires
3546 2214 3765 2269 faceres

2123 2318 2249 2374 quae
2284 2300 2505 2356 faciunt
2534 2301 2633 2372 qui
2666 2300 2881 2357 sciunt.

2190 2390 2311 2446 VII.
2346 2389 2497 2445 Dixit
2525 2390 2723 2446 Simon
2760 2406 2773 2445 :
2810 2390 3034 2457 Fateor,
3069 2406 3183 2446 non
3214 2389 3477 2463 intelligo
3501 2407 3616 2464 quo
3648 2408 3765 2447 mo-

2122 2481 2194 2536 do
2228 2480 2410 2547 dicas,
2439 2483 2646 2551 faceres
2679 2495 2801 2551 quae
2820 2482 3036 2551 faciunt
3062 2482 3160 2551 qui
3187 2482 3384 2536 sciunt.
3423 2482 3491 2537 Et
3522 2481 3766 2537 Petrus:

2120 2570 2177 2625 Si
2212 2587 2326 2625 non
2359 2569 2716 2635 intellexisti,
2749 2574 2924 2625 etiam
2959 2587 3074 2625 non
3110 2574 3273 2642 potes
3307 2570 3771 2642 uniuscujusque

2121 2660 2271 2715 scire
2301 2664 2557 2715 mentem
2584 2677 2597 2714 :
2631 2664 2688 2715 et
2716 2660 2764 2713 si
2789 2660 3225 2731 ignoras,etiam
3258 2676 3372 2715 non
3397 2660 3768 2716 revelationis

2122 2750 2333 2821 dignos
2363 2748 2687 2821 cognoscis;
2714 2766 2777 2805 ac
2796 2750 2843 2805 si
2870 2766 2983 2804 non
3015 2750 3429 2822 cognocis,non
3448 2754 3537 2805 est
3561 2750 3764 2805 Filius.

2122 2838 2304 2894 Filius
2335 2843 2531 2893 autem
2563 2838 2926 2909 novitzquare
2959 2838 3175 2909 quibus
3205 2837 3635 2910 vult,tanquam
3665 2839 3766 2910 qui

2121 2927 2279 2997 digni
2309 2928 2447 2994 sint,
2480 2926 2715 2983 revelat.
2752 2928 2819 2982 Et
2850 2928 3049 2983 Simon
3079 2927 3224 2984 dixit
3257 2946 3269 2983 :
3302 2927 3382 2983 Ne
3430 2928 3764 3001 decipiaris,

2121 3018 2251 3071 novi
2285 3017 2515 3088 dignos,
2551 3034 2653 3072 nec
2687 3016 2866 3073 Filius
2898 3034 3052 3073 sum.
3097 3021 3273 3073 Porro
3322 3018 3466 3089 quid
3510 3018 3618 3072 hoe
3668 3017 3764 3085 sit,

2120 3108 2314 3177 quibus
2353 3106 2477 3161 vult
2526 3108 2744 3175 revelat,
2799 3123 2914 3162 non
2966 3106 3223 3162 intellexi
3267 3108 3763 3179 quemadmodum

2124 3196 2285 3251 dicas
2321 3212 2334 3251 :
2369 3213 2482 3251 non
2516 3196 2838 3268 intelligere
2887 3201 3081 3251 autem
3139 3196 3281 3262 dixi,
3314 3213 3426 3251 non
3484 3202 3765 3267 tanquam

361 3283 445 3339 ὅτι
524 3284 575 3338 οἱ
631 3288 969 3357 παρεστῶτες
1041 3283 1103 3337 οὐ
1180 3290 1432 3356 συνῆκαν,
1484 3281 1574 3337 ἵνα
1650 3283 1777 3338 αὐτὸ
1854 3282 2006 3362 σαφέ-

2126 3285 2249 3357 ipse
2280 3286 2568 3357 nesciens,
2603 3278 2701 3341 sed
2730 3285 2888 3341 velut
2919 3285 3109 3341 sciens
3142 3287 3296 3357 quod
3352 3289 3613 3341 astantes
3645 3302 3760 3341 non

362 3394 548 3448 στερον
624 3370 777 3447 εἶ’πῃς
822 3418 837 3439 ,
915 3371 1063 3435 ὅπως
1148 3375 1415 3443 νοήσωσιν
1501 3374 1575 3428 ὧν
1658 3370 1833 3428 ἕνεκεν
1919 3373 2009 3428 καὶ

361 3463 459 3530 τήν
518 3464 739 3532 ζήτησιν
795 3462 1119 3535 ποιούμεθα.
1180 3461 1277 3517 Καὶ
1325 3463 1352 3518 6
1410 3463 1612 3539 Πέτρος
1646 3482 1659 3496 ⁸
1718 3464 1861 3539 Ἐγὼ
1922 3484 2011 3518 σα-

362 3553 613 3627 σέστερον
659 3551 789 3606 αὐτὸ
841 3552 1007 3606 εἰπεῖν
1059 3550 1119 3605 ού
1169 3548 1424 3625 δύναμαι,
1476 3552 1539 3607 σὺ
1568 3552 1729 3615 αὐτὸς
1760 3553 1834 3616 ὡς
1877 3555 2011 3625 νοή-

362 3662 457 3702 σας
489 3641 712 3718 φράσον.
762 3642 860 3695 Καὶ
913 3642 941 3695 6
992 3640 1201 3713 Σίμων’
1240 3642 1378 3718 Ἐγὼ
1424 3642 1490 3697 τά
1538 3644 1603 3697 σὰ
1640 3642 1739 3697 οὐκ
1770 3642 2007 3718 ἀνάγκην

360 3727 479 3805 ἔχω
519 3729 720 3804 λέγειν,
773 3730 873 3786 Καὶ
924 3730 951 3785 6
1003 3728 1224 3805 Πέτρος·
1276 3731 1447 3805 Φαίδῃ
1498 3752 1614 3804 μοι,
1667 3732 1875 3805 Σίμων,
1932 3735 2006 3807 μή

360 3818 556 3879 συνιεὶς
614 3818 765 3890 αὐτὸ,
824 3818 912 3873 καὶ
974 3818 1264 3896 ὁμολογεῖν
1328 3822 1401 3894 μὴ
1455 3819 1646 3894 θέλων,
1695 3819 1787 3876 ἵνα
1839 3824 1914 3895 μή
1956 3822 2007 3877 έν

360 3907 555 3981 ἀγνοίᾳ
583 3909 853 3984 φωραθεὶς
883 3911 929 3945 ’⁷³
958 3907 1228 3985 ἐλεγχθῇς
1281 3911 1356 3983 μὴ
1392 3907 1464 3964 ὢν
1497 3910 1559 3964 σὺ
1592 3911 1619 3965 6
1660 3911 1828 3973 ἑστὼς
1863 3910 2007 3973 Υἱός.

356 4000 527 4051 Τοῦτο
577 3997 679 4071 γὰρ
733 3996 982 4071 αἷνίσσῃ,
1031 3998 1127 4052 κᾶν
1172 4002 1354 4076 σαφῶς
1402 3998 1533 4053 αὐτὸ
1582 3999 1747 4054 εἰπεῖν
1802 4000 1877 4073 μὴ
1932 3998 2012 4063 θέ-

361 4084 483 4159 λῃς·
530 4084 666 4141 ὥστε
715 4084 821 4162 ἐγὼ
880 4086 974 4159 μὲν
1027 4088 1123 4148 τὰς
1175 4089 1270 4149 σὰς
1324 4088 1527 4163 βουλὰς
1578 4087 1627 4163 ἐξ
1678 4087 1750 4143 ὧν
1800 4087 2011 4163 αἰνίσσῃ

360 4173 675 4248 ἐπίσταμαι,
726 4178 1010 4251 προφήτου
1060 4175 1300 4243 ἀληθοῦς
1356 4179 1604 4250 μαθητὴς
1651 4175 1747 4247 ὢν,
1780 4177 1841 4233 οὐ
1874 4198 2010 4253 προ-

361 4265 564 4341 φήτης.
598 4266 672 4318 Σὺ
699 4262 755 4319 δέ
786 4265 873 4319 καὶ
903 4267 970 4319 τὰ
1014 4270 1195 4343 σαφῶς
1246 4261 1515 4341 λεγόμενα
1549 4269 1625 4340 μή
1668 4268 1861 4322 συνιὼν
1890 4267 2012 4323 Υἱὸν

361 4353 549 4408 ἑαυτὸν
582 4353 749 4407 εἰπεῖν
801 4352 999 4422 θέλεις,
1033 4354 1292 4410 ἀνθιστῶν
1325 4360 1369 4392 ’⁷³
1399 4359 1558 4428 ἡμῖν.
1606 4356 1703 4412 Καὶ
1736 4356 1764 4411 6
1798 4358 2007 4429 Σίμων’

357 4446 506 4516 Ἀρῶ
558 4463 656 4497 σου
704 4450 875 4498 πᾶσαν
924 4444 1213 4522 πρόφασιν·
1271 4444 1554 4521 ὁμολογῶ,
1604 4445 1735 4501 αὐτὸ
1784 4445 1845 4501 ού
1894 4467 2013 4500 συν-

359 4538 488 4601 ῆκα,
538 4531 591 4586 τί
646 4539 764 4587 ποτ’
813 4531 978 4603 ἔστιν,
1028 4533 1118 4588 καὶ
1168 4534 1247 4596 οἷς
1295 4535 1352 4588 ἂν
1408 4534 1674 4610 βούληται
1715 4538 1759 4572 ⁷⁴
1809 4534 1835 4590 6
1886 4537 2010 4599 Υἱὸς

360 4617 752 4679 ἀποκαλύπτει.
784 4620 921 4696 Λέγε
948 4620 1129 4677 τοίνυν
1159 4620 1290 4677 αὐτὸ
1322 4622 1665 4702 σαφέστερον.

428 4710 573 4767 VIII.
608 4710 704 4765 Καὶ
764 4709 792 4765 6
851 4711 1075 4787 Πέτρος·
1142 4709 1361 4781 Ἐπειδή
1419 4711 1514 4767 κᾶν
1567 4714 1815 4789 σχήματι
1873 4712 2003 4770 αὐτὸ

360 4798 723 4876 ὡμολόγησας
785 4800 862 4873 μὴ
923 4801 1175 4871 συνιέναι,
1223 4802 1361 4877 πρὸς
1410 4803 1439 4858 ’ὀ
1490 4802 1827 4876 πυνθάνομαί
1883 4825 2001 4875 σου,

2120 3375 2531 3440 intellexerint,
2567 3380 2628 3429 ut
2659 3374 2801 3429 illud
2835 3374 3052 3431 clarius
3109 3374 3334 3440 eﬁ'eras,
3405 3392 3519 3447 quo
3581 3375 3764 3447 perci-

2120 3464 2306 3536 piant,
2340 3464 2557 3536 quibus
2590 3465 2658 3519 de
2689 3464 2881 3519 causis
2912 3481 3018 3519 nos
3051 3463 3503 3519 controversiam
3542 3463 3763 3520 habea-

2122 3570 2274 3609 mus.
2307 3555 2375 3608 Et
2401 3554 2606 3608 Petrus
2641 3570 2652 3607 :
2690 3554 2808 3625 Ego
2839 3552 3056 3608 clarius
3079 3552 3187 3609 hoc
3214 3569 3436 3623 nequeo
3460 3553 3761 3623 dicere,tu,

2121 3646 2185 3698 ut
2216 3642 2313 3714 qui
2346 3642 2490 3696 illud
2526 3643 3147 3714 perceperis,eii‘are.Et
3178 3642 3525 3713 Simoango
3551 3646 3648 3696 tua
3670 3643 3764 3696 di-

2122 3748 2248 3787 cere
2281 3748 2515 3787 necesse
2548 3748 2660 3786 non
2694 3731 2900 3787 habeo.
2933 3731 3136 3786 Petrus
3171 3747 3182 3783 :
3218 3731 3447 3786 Videris
3480 3730 3647 3797 mihi,
3681 3731 3768 3787 Si-

2123 3838 2281 3891 mon,
2316 3820 2456 3875 illud
2493 3837 2606 3875 non
2634 3820 2976 3892 intelligere,
3006 3836 3109 3875 nec
3140 3818 3283 3875 velle
3315 3820 3679 3887 conﬁteri,ne
3709 3821 3766 3874 in

2119 3910 2451 3983 ignorantia
2480 3908 2937 3981 deprehenderis
2996 3914 3050 3964 et
3105 3910 3373 3981 arguatis
3430 3910 3585 3983 quod
3648 3927 3763 3964 non

2122 4005 2285 4056 stans
2318 3999 2399 4055 sis
2432 3998 2631 4055 Filius.
2665 3999 2724 4054 Id
2770 3999 2927 4055 enim
2976 3999 3221 4055 obscure
3279 3999 3596 4070 signiﬁcas,
3630 4016 3765 4054 cum

2122 4094 2317 4145 tamen
2350 4093 2544 4161 aperte
2574 4089 2763 4143 dicere
2795 4086 2947 4144 nolis
2980 4106 2992 4143 :
3030 4089 3182 4144 sicut
3228 4105 3333 4157 ego
3374 4089 3611 4160 quidem
3662 4093 3765 4143 tua

2122 4178 2365 4235 consilia
2394 4196 2462 4233 ex
2491 4178 2563 4233 iis
2594 4195 2721 4250 quas
2750 4178 2948 4233 innuis
2989 4195 3295 4249 cognosco,
3332 4177 3432 4249 qui
3481 4194 3611 4233 sum
3642 4177 3762 4232 veri

2122 4268 2414 4341 prophetae
2446 4266 2794 4338 discipulus,
2834 4284 2945 4322 non
2980 4266 3281 4337 propheta.
3314 4266 3399 4321 Tu
3430 4283 3562 4321 vero
3612 4265 3764 4321 clare

2122 4359 2277 4413 dicta
2308 4374 2422 4412 non
2456 4356 2786 4427 intelligens
2814 4362 2867 4411 te
2898 4356 3107 4411 Filium
3143 4355 3331 4411 dicere
3351 4356 3455 4422 vis,
3486 4355 3768 4410 resistens

2124 4446 2387 4503 nobis.Et
2416 4445 2869 4501 SimonzTollam
2902 4461 3135 4501 omnem
3168 4448 3335 4499 tuum
3373 4450 3715 4517 praetextum
3751 4460 3765 4497 :

2124 4537 2326 4604 fateor,
2356 4534 2467 4589 hoc
2500 4551 2613 4590 non
2636 4534 2891 4589 intellexi
2927 4533 3203 4606 quidnam
3250 4539 3427 4600 esset,
3480 4541 3531 4589 et
3577 4532 3771 4604 quibus

2035 4633 2083 4698 Ι)
2114 4627 2230 4685 vult
2256 4625 2429 4681 Filius
2458 4625 2680 4681 revelat.
2706 4624 2807 4679 Dic
2840 4639 2977 4695 ergo
3009 4622 3153 4679 illud
3186 4623 3532 4678 evidentius.

2182 4716 2332 4771 VIII.
2390 4719 2535 4769 Tum
2591 4718 2847 4769 Petrus:
2885 4710 3389 4783 Quandoquidem,
3451 4708 3558 4765 etsi
3609 4709 3764 4775 ficte,

2112 4806 2222 4862 hoc
2254 4806 2447 4860 fassus
2479 4819 2539 4859 es
2572 4820 2689 4858 non
2735 4800 3080 4874 intelligere,
3115 4800 3187 4855 ad
3218 4800 3274 4854 id
3310 4798 3465 4871 quod
3498 4802 3550 4853 te
3582 4797 3763 4852 inter-

1712 4912 1954 4971 VARlz‘E
1993 4912 2289 4970 LECTION
2306 4912 2405 4967 ES.

426 5011 472 5045 ⁸³
500 5005 605 5137 iga,
635 5009 777 5087 C._“3
807 5007 1147 5082 EXplanavit
1176 5009 1331 5064 hunc
1376 5008 1569 5065 locum
1619 5014 1820 5066 contra
1870 5011 2350 5068 Schliemannum
2410 5010 2679 5078 Baurius,
2731 5008 2928 5062 Annal.
2964 5006 3153 5075 theol.,
3203 5006 3477 5076 Tubing.,
3511 5006 3669 5072 4844,
3708 5021 3761 5074 ρ.

426 5086 482 5137 2.
560 5122 572 5133 .
607 5082 651 5116 “
675 5101 751 5137 τω
784 5081 867 5137 S..
898 5078 961 5133 τό
992 5081 1053 5137 C.
1087 5081 1151 5137 Ο.
1185 5082 1230 5116 ⁸⁸
1260 5086 1343 5136 Ila
1375 5080 1441 5137 Ο.
1474 5099 1519 5137 c.
1543 5089 1623 5137 ὃ..
1660 5079 1912 5137 ϐούλεται
1946 5086 2005 5137 C.
2041 5085 2084 5119 ⁶⁶
2113 5089 2212 5137 τῆς
2245 5115 2313 5122 ι-
2348 5080 2554 5137 ϐουλῆς
2588 5082 2671 5137 Ο..
2702 5082 2821 5137 ταῖς
2862 5111 2931 5119 —
2966 5075 3191 5137 βουλαῖς
3245 5078 3327 5137 S..
3365 5086 3595 5131 auctore
3632 5078 3761 5129 Dav.

355 5082 482 5144 552.
515 5075 651 5155 ST“
675 5075 961 5155 τῷβηιξτό
992 5081 1151 5155 C._O.
1185 5082 1230 5155 ‘f
1260 5086 1343 5136 Ila
1375 5080 1441 5147 Ο,
1474 5089 1623 5155 c._S.,
1660 5079 1912 5155 βούλεται
1946 5086 2005 5139 C.
2041 5085 2084 5119 ⁶⁶
2113 5089 2212 5151 τῆς
2245 5115 2313 5122 _-
2348 5080 2554 5155 βουλῆς
2588 5075 2821 5155 Οέίταῖς
2862 5111 2931 5155 _—
2966 5075 3191 5155 βουλαῖς
3245 5075 3595 5155 S.,_auct_ore
3632 5078 3762 5155 Dav.

353 5155 400 5227 ξι
429 5154 631 5227 συνὲντι
666 5148 993 5227 ῼξθδῗῇδεις
1157 5154 1235 5207 Ad
1280 5155 1435 5227 verb.
1488 5148 1669 5227 οἶδας
1696 5159 1853 5209 notat
1881 5160 1915 5209 S
1947 5148 2574 5227 {Nihil-mutandum.
2629 5152 2742 5227 Cl‘r.
2788 5148 3182 5227 110b_._'Phyn_.,

357 5225 413 5291 S,
575 5223 757 5296 ἔποίγις
783 5223 890 5299 _C.,
932 5225 1165 5299 ﬂOlf‘O‘QC
1216 5225 1364 5299 conj.
1405 5226 1467 5299 D:
1499 5226 1657 5299 "lita
1686 5229 1807 5299 O_c.
1841 5230 1921 5293 S.,
1975 5225 2160 5299 ἐστοίῃς
2211 5228 2294 5293 C.,

3331 5151 3436 5185 9'23
3492 5150 3535 5183 69
3568 5150 3727 5185 lui-rain

2348 5144 2574 5209 indum.
2629 5144 2742 5207 Cl‘r.
2788 5151 2925 5205 Lob.
2966 5144 3182 5221 'Phyn.,
3235 5166 3289 5219 p.
3316 5144 3454 5203 7236.
3492 5150 3535 5183 ⁸9
3567 5144 3765 5205 ἐποίεις

2348 5225 2578 5296 ποιήσῃς
2611 5226 2762 5296 conjf
2796 5223 2861 5296 D.
2897 5224 2937 5256 τί
2972 5229 3024 5296 S.
3065 5222 3230 5296 refert
3265 5222 3331 5274 ad
3373 5221 3532 5284 Lob.,
3566 5220 3763 5296 P_ry_n.,

356 5278 413 5367 ,3:
445 5278 569 5351 359.
594 5278 980 5384 τριδάῆνδςῖς
1012 5278 1070 5358 s',
1104 5278 1168 5362 ὁ,
1204 5278 1400 5384 trag,
1432 5296 1493 5351 ο.
1527 5278 1867 5384 inge;
1900 5278 2294 5384 amate;
2318 5299 2377 5354 c.
2404 5278 3046 5384 ggqjsgtgugigmjn
3081 5296 3121 5384 ξ)
3154 5290 3206 5384 ei
3246 5278 3767 5384 cumnparvulaula;

355 5363 524 5437 cuna,
557 5370 684 5425 ead.
718 5363 876 5424 man.
909 5368 968 5422 in
1004 5384 1187 5439 marg.
1222 5363 1354 5427 ἴσως
1375 5363 1579 5442 ἕτερος.
1613 5368 1657 5403 ⁷³
1688 5363 1954 5430 ἁνθεστώς
1986 5363 2044 5425 ΟΣ

2133 5360 2376 5443 υῐῐῖἆίρω
2401 5369 2467 5435 Ο,
2501 5369 2546 5403 ⁷⁸
2580 5360 2845 5441 βούληται
2870 5365 2927 5434 S,
2962 5367 3044 5434 0.,
3081 5360 3333 5437 βούλεται
3367 5360 3425 5416 C.

1729 5477 2109 5534 VARIORUM
2150 5477 2384 5533 NOTI‘E.

358 5571 498 5627 Vult
544 5571 741 5627 Simon
775 5572 981 5644 Magus
1010 5570 1189 5626 Deum
1250 5576 1567 5629 creatorem
1627 5591 1755 5629 esse
1814 5574 1999 5629 lilium

352 5644 651 5726 ignotidei
689 5643 1058 5726 suiapatrem
1093 5659 1225 5726 vero
1255 5644 1395 5726 Iesu
1421 5643 1634 5726 Christi
1671 5645 1999 5726 apstri._Hoc

352 5714 573 5785 monui,
607 5716 742 5787 quia
772 5714 939 5771 aliter
958 5719 1259 5787 acceptum
1292 5732 1323 5770 a
1345 5715 1467 5770 viro
1494 5716 1662 5771 docto
1694 5717 1999 5774 Francisco

2108 5574 2480 5700 Tulrrianocin
2518 5571 3019 5644 Emplanationibus
3049 5569 3116 5625 ad
3163 5569 3585 5624 Conslilutiones
3633 5578 3757 5636 apo-

2109 5656 2191 5700 διο
2220 5663 2350 5700 reas.
2430 5662 2516 5699 or.

2109 5656 2350 5702 διαίταις.
2386 5656 2516 5699 Uor.
