4082 6208
248 388 361 448 4H
1089 386 1154 444 S.
1202 386 1643 447 CLEMENTIS
1689 386 1713 446 1
1760 386 1949 446 ROM.

1998 388 2228 448 PONT.
2276 388 2537 451 OPERA
2580 389 2843 452 DUBlA.
3533 389 3656 448 412

250 535 411 591 rogo,
447 516 587 572 mibi
620 516 923 588 responde,
957 533 1022 572 ac
1062 517 1270 573 disces.
1309 518 1406 574 Dic
1456 519 1598 574 mibi
1632 537 1645 576 :
1680 520 1765 576 ais
1798 519 1889 574 Fi-

2018 517 2291 593 ὶπόκριναί
2327 541 2442 593 μοι,
2472 520 2561 575 καὶ
2610 522 2845 594 μαθήσῃ.
2897 520 3034 595 Λέγε
3085 540 3197 592 μοι’
3232 517 3337 598 φῂς
3385 518 3475 575 τὸν
3528 519 3651 575 Υἳὸν

249 610 416 677 lium,
453 608 785 678 quicunque
816 606 912 673 sit,
938 607 1169 676 justum
1200 624 1347 671 esse,
1399 609 1488 665 vel
1549 626 1660 665 non
1695 610 1721 665 ?
1753 610 1891 665 Rus-

250 696 457 769 pondit
511 695 751 750 Simon:
796 695 1229 751 Justissimum.
1292 699 1495 753 Petrus
1547 716 1560 754 :
1613 702 1755 755 Cum
1789 717 1891 755 au-

250 789 367 841 tem
395 786 591 855 justus
624 784 831 851 sit,cur
860 801 973 840 non
1006 786 1280 842 omnibus
1304 787 1642 859 revelat,sed
1676 790 1891 861 quibus

249 873 421 931 vult?
452 877 528 929 Ac
562 873 760 929 Simon
799 893 812 932 :
845 874 1129 937 Quoniam
1181 876 1280 947 qui
1323 878 1524 947 justus
1571 883 1679 944 est,
1716 879 1893 949 justis

247 962 499 1019 revelare
522 961 664 1017 vult.
701 962 903 1018 Petrus
931 979 942 1017 :
978 964 1179 1020 Nonne
1212 964 1392 1037 igitur
1434 983 1669 1023 necesse
1700 974 1790 1023 est
1821 969 1890 1023 ab

244 1069 310 1109 eo
342 1052 610 1123 cognosci
644 1055 899 1107 mentem
926 1052 1389 1124 singulorum,ut
1419 1056 1631 1113 revelet
1661 1058 1893 1127 dignis?

238 1143 439 1199 Simon
475 1158 488 1196 :
523 1141 770 1197 Omnino
809 1144 1209 1198 necessarium
1243 1148 1331 1198 est
1360 1145 1445 1200 ita
1472 1145 1705 1202 habere.
1740 1149 1890 1203 Tum

237 1237 446 1288 Petrus
476 1250 488 1287 :
528 1234 726 1303 Itaque
756 1230 855 1286 ille
885 1232 1049 1287 solus
1073 1232 1281 1288 merito
1313 1233 1567 1290 revelare
1614 1236 1890 1292 deﬁnitus

236 1326 346 1388 est,
371 1321 471 1394 qui
504 1319 665 1376 solus
695 1320 1169 1393 uniuscujusque
1194 1326 1446 1378 mentem
1482 1324 1661 1391 novit,
1692 1331 1748 1380 et
1772 1342 1888 1381 non

235 1416 321 1479 tu,
356 1411 455 1483 qui
489 1427 561 1465 ne
592 1427 658 1465 ea
690 1410 929 1482 quidem
965 1426 1092 1481 quae
1126 1428 1157 1466 a
1189 1411 1359 1469 nobis
1404 1414 1680 1468 dicuntur
1726 1419 1889 1486 potes

242 1500 589 1571 intelligere.

320 1590 478 1647 IX.Id
513 1590 747 1645 Petrum
779 1589 1066 1645 dicentem
1100 1590 1351 1662 populus
1382 1590 1657 1648 laudibus
1690 1608 1887 1663 prose-

249 1684 422 1736 cutus
453 1683 560 1733 est.
592 1682 665 1734 At
693 1679 910 1744 Simon,
963 1680 1023 1735 in
1067 1679 1237 1751 lapsu
1291 1681 1710 1752 deprehensus,
1742 1699 1889 1753 pra-

247 1769 466 1841 pudore
497 1768 932 1840 erubuit,atque
964 1770 1168 1824 fricata
1199 1770 1386 1825 fronte
1415 1771 1561 1826 dixit
1595 1789 1607 1827 :
1640 1773 1765 1826 Jam
1793 1788 1885 1827 me

243 1874 479 1927 magum
515 1858 678 1912 aiunt
710 1874 742 1912 a
799 1862 966 1912 Petro
1014 1876 1128 1913 non
1161 1863 1392 1915 tantum
1423 1860 1663 1927 victum,
1698 1862 1797 1917 sed
1832 1865 1888 1916 et

241 1948 871 2018 rationibuspressum.
907 1947 1029 2004 Non
1063 1949 1433 2018 autem‘licct
1464 1951 1597 2021 quis
1655 1950 1886 2006 ratioci-

245 2037 584 2092 nationibus
614 2041 933 2108 prematur,
979 2037 1256 2109 abreptus
1307 2038 1607 2094 veritatem
1656 2039 1716 2093 in
1762 2040 1889 2111 ipso

243 2126 455 2181 victam
488 2125 683 2180 habet.
718 2125 917 2197 Neque
947 2126 1471 2196 enimﬂinﬁrmitas
1521 2127 1891 2183 defendentis

248 2215 459 2271 veritas
492 2219 580 2269 est
609 2216 961 2287 superantis.
994 2217 1262 2270 Attamen
1293 2216 1382 2271 aio
1402 2215 1530 2281 tibi,
1566 2233 1658 2271 me
1688 2232 1892 2272 omnes

250 2309 509 2359 astantes
532 2304 892 2374 judicavisse
921 2303 1150 2376 dignos,
1184 2305 1285 2374 qui
1313 2304 1372 2359 in
1403 2304 1633 2359 arcanis
1663 2305 1891 2360 Patrem

248 2394 891 2466 cognoscerent.Quare
922 2410 1055 2448 cum
1090 2393 1281 2465 palam
1312 2393 1458 2465 ipsis
1489 2394 1767 2458 revelo,tu
1794 2410 1895 2465 per

248 2482 524 2538 invidiam
557 2482 701 2537 mihi
736 2481 867 2537 illos
894 2482 1172 2538 beneficio
1208 2483 1438 2539 afficere
1469 2483 1892 2556 cupientijsuc-

250 2591 475 2630 censes.

322 2664 389 2719 X.
422 2663 577 2719 Dixit
598 2664 804 2721 Petrus
838 2680 850 2719 :
886 2663 1192 2731 Quoniam,
1225 2667 1288 2719 ut
1313 2662 1585 2734 przesenti
1636 2662 1897 2717 multitu-

261 2752 382 2809 dini
413 2759 645 2825 gratum
677 2755 916 2820 faceres,
948 2753 1028 2808 ita
1061 2753 1293 2809 locutus
1323 2769 1404 2819 es,
1425 2769 1530 2824 ego
1558 2753 1750 2807 dicam
1779 2770 1894 2808 non

256 2846 439 2914 grate,
474 2843 572 2898 sed
599 2858 750 2897 vere.
783 2842 881 2898 Dic
914 2842 1079 2908 mihi,
1114 2858 1229 2913 quo
1289 2842 1461 2897 modo
1515 2841 1724 2911 dignos
1768 2857 1897 2897 esse

253 2932 556 3002 cognoscis
588 2934 844 2986 astantes
890 2931 1215 2997 universos,
1259 2931 1733 3002 quandoquidem
1792 2931 1896 2985 tibi

254 3020 534 3075 indicanti
558 3035 629 3074 ne
651 3037 806 3075 unus
833 3020 1070 3092 quidem
1095 3021 1341 3092 praebuit
1362 3037 1669 3076 assensum
1691 3020 1719 3073 ‘?
1750 3020 1895 3076 Nam

251 3110 404 3181 quod
440 3125 531 3165 me
562 3114 765 3165 contra
786 3114 843 3165 te
874 3109 1388 3176 laudaverint,non
1420 3114 1509 3166 est
1540 3110 1899 3165 consentien-

258 3198 407 3253 tium
439 3198 567 3265 tibi,
599 3200 700 3255 sed
734 3199 902 3267 mihi,
940 3201 1031 3255 cui
1062 3205 1119 3255 et
1148 3200 1381 3255 laudem
1425 3205 1705 3270 tanquam
1753 3200 1900 3255 bene

2004 604 2208 662 δίκαιον
2262 608 2415 679 εἶναι,
2465 608 2612 671 ὅστις
2663 611 2784 665 ποτ’
2832 607 2993 676 ἔστιν,
3094 604 3156 662 οὔ
3189 626 3203 677 ;
3238 608 3333 661 Καὶ
3386 607 3413 663 ὁ
3462 608 3651 682 Σίμων

2003 693 2125 773 ἔφη’
2179 698 2543 755 Δικαιότατον.
2592 699 2689 752 Καὶ
2742 698 2769 753 ὀ
2820 696 3036 773 Πέτρος⁸
3090 696 3305 759 Δίκαιος
3354 694 3411 752 δὲ
3442 696 3517 751 ὢν
3566 694 3657 752 διὰ

2000 786 2053 841 τί
2086 788 2161 861 μὴ
2193 794 2351 842 πᾶσιν
2402 786 2792 860 ἀποκαλύπτει,
2843 786 2969 843 ἀλλ’
3016 787 3097 849 οἷς
3149 786 3401 863 βούλεται
3434 805 3449 856 ;
3488 788 3591 843 Καὶ
3626 787 3653 841 ὀ

2005 876 2215 948 Σίμων·
2276 880 2395 932 Ὅτι
2455 875 2662 938 δίκαιος
2721 873 2793 931 ὢν
2846 881 2963 938 τοῖς
3021 875 3189 946 ἀξίοις
3248 874 3652 930 ἀποκαλύπτειν

2008 962 2283 1039 βούλεται.
2343 966 2440 1021 Καὶ
2500 968 2528 1021 6
2588 967 2810 1042 Πέτρος’
2874 964 3076 1019 Οὐκοῦν
3132 967 3176 1001 ⁷⁸
3237 965 3435 1040 ἀνάγκη
3495 964 3650 1020 αὐτὸν

2004 1052 2196 1109 εἰδέναι
2264 1056 2354 1110 τὸν
2403 1054 2626 1111 ἑκάστου
2676 1060 2823 1123 νοῦν,
2868 1051 2959 1108 ’ίνα
3016 1054 3185 1125 ἀξίοις
3242 1052 3637 1128 ἀποκαλύπτῃς

2002 1143 2099 1199 Καὶ
2171 1145 2198 1199 6
2270 1143 2458 1218 Σίμων
2495 1165 2507 1177 '
2571 1144 2803 1220 Ἀνάγκη
2866 1146 2911 1181 ⁷⁸
2969 1143 3140 1204 οὕτως
3218 1139 3362 1220 ἔχειν
3420 1185 3434 1200 .
3494 1146 3642 1201 360

2001 1233 2097 1287 Καὶ
2129 1234 2157 1287 6
2190 1232 2412 1309 Πέτρος’
2445 1233 2647 1288 Οὐκοῦν
2680 1231 2839 1295 αὐτὸς
2896 1232 3058 1306 μόνος
3092 1230 3335 1308 εὐλόγως
3364 1235 3409 1268 ⁷⁷
3440 1233 3649 1287 ἀποκα-

2002 1321 2220 1377 λύπτειν
2257 1322 2490 1399 ὡρίσθη,
2527 1323 2693 1397 μόνος
2724 1324 2814 1378 τὸν
2850 1322 3075 1377 έκάστου
3110 1320 3229 1376 νοῦν
3263 1319 3442 1390 εἰδὼς,
3466 1322 3554 1376 καὶ
3590 1320 3653 1376 ού

2000 1409 2062 1466 σὺ
2095 1412 2121 1466 ὁ
2157 1410 2296 1486 μηδὲ
2324 1414 2390 1467 τὰ
2421 1413 2507 1492 ὑφ’
2536 1415 2694 1485 ἡμῶν
2746 1410 3013 1489 λεγόμενα
3057 1408 3348 1484 δυνάμενος
3396 1410 3651 1467 συνιέναι.

2073 1593 2163 1647 IX.
2222 1595 2389 1645 Τοῦτο
2445 1594 2543 1645 τοῦ
2601 1591 2808 1667 Πέτρου
2867 1589 3110 1652 εἰπόντος
3145 1634 3159 1661 ,
3217 1590 3322 1645 ἀπὸ
3384 1590 3479 1663 μὲν
3540 1595 3649 1646 τῶν

1999 1676 2187 1755 ὄχλων
2242 1679 2458 1742 ἔπαινος
2509 1678 2739 1755 ἐγένετο’
2773 1681 2829 1734 Ὀ
2880 1677 2938 1734 δὲ
2992 1679 3176 1752 Σίμων
3213 1679 3535 1757 κατάφωρος
3564 1700 3653 1754 γε·

1997 1770 2190 1845 γονὼς,
2250 1767 2509 1832 αἰδεσθεὶς
2556 1769 2869 1845 ἠρυθρίασε,
2913 1770 3001 1823 καὶ
3046 1769 3108 1823 τὸ
3151 1768 3396 1842 μέτωπον
3450 1769 3649 1844 τρίψας

1997 1857 2120 1931 ἔφη’
2156 1856 2310 1916 Ἀλλ’
2341 1857 2438 1932 ἐμὲ
2490 1860 2662 1933 μάγον
2715 1856 2964 1935 λέγουσιν
3018 1859 3119 1913 ὑπὸ
3153 1860 3356 1933 Πέτρου
3406 1860 3650 1931 νικώμε-

2000 1971 2088 2004 νον
2122 1952 2186 2021 ⁷⁸,
2220 1947 2365 2004 ἀλλά
2394 1948 2483 2003 καὶ
2511 1946 2998 2025 συλλογιζόμενον.
3031 1947 3141 2002 Οὐκ
3171 1945 3222 2001 εἷ’
3246 1969 3326 2009 τις
3358 1944 3415 2002 δὲ
3445 1946 3649 2001 συλλο-

1999 2039 2234 2115 γισθείη,
2297 2037 2679 2114 συναρπασθεὶς
2734 2038 2835 2106 τὴν
2896 2036 2948 2091 ἐν
3004 2035 3148 2108 αύτῷ
3196 2037 3453 2107 ἀλήθειαν
3510 2050 3649 2090 νενι-

1998 2127 2247 2201 κημένην
2299 2124 2436 2203 ἔχει.
2501 2126 2577 2184 Οὐ
2626 2126 2726 2203 γὰρ
2784 2129 2818 2196 ἡ
2874 2125 3117 2190 ἀσθένεια
3162 2130 3259 2180 τοῦ
3308 2123 3651 2187 ἐκδικοῦντος

2002 2215 2233 2287 ἀλήθειά
2282 2215 2393 2271 ἐστι
2441 2219 2538 2270 τοῦ
2585 2215 2891 2288 νικωμένου
2921 2218 2983 2270 ⁷9.
3028 2220 3180 2283 Πλὴν
3229 2214 3374 2291 φημί
3419 2214 3523 2285 σοί,
3566 2213 3652 2269 ὅτι

2002 2305 2107 2381 ἐγὼ
2154 2304 2279 2366 τοὺς
2328 2308 2675 2377 παρεστῶτας
2736 2304 2944 2365 πάντας
2993 2302 3172 2373 ἀξίους
3224 2301 3407 2379 ἔκρινα
3453 2308 3650 2379 γνῶναι

1999 2393 2092 2449 τὸν
2123 2394 2173 2448 έν
2226 2392 2562 2469 ἀπορρήτοις
2612 2390 2842 2463 Πατέρα.
2896 2392 2987 2445 Διὸ
3038 2389 3277 2465 δημοσίᾳ
3311 2413 3421 2464 μου
3468 2390 3651 2453 αὐτοῖς

2005 2481 2514 2549 ἀποκαλύπτοντος,
2541 2480 2603 2536 σὺ
2629 2480 2789 2543 αὐτὸς
2818 2483 2863 2517 ⁸ο
2893 2478 2980 2535 διὰ
3021 2480 3215 2559 φθόνον
3242 2480 3365 2555 ἐμοὶ
3394 2484 3474 2553 τῷ
3503 2480 3653 2553 εὐερ-

2003 2578 2177 2648 γετεῖν
2212 2570 2406 2633 αὐτοὺς
2439 2570 2651 2627 θέλοντι
2686 2568 3055 2646 χαλεπαίνεις.

2074 2662 2138 2717 Χ.
2182 2659 2278 2715 Καὶ
2339 2659 2366 2715 ὀ
2425 2659 2628 2735 Πέτρος
2689 2656 2813 2737 ἔφη·
2876 2656 3094 2728 Ἐπειδή
3154 2658 3489 2735 ἀρεσκόντως
3542 2664 3654 2721 τοῖς

2004 2754 2266 2827 παροῦσιν
2294 2745 2490 2825 ὄχλοις
2537 2749 2711 2811 οὕτως
2764 2744 2917 2827 ἔφης,
2969 2748 3073 2825 ἐγὼ
3122 2747 3229 2824 ἐρῶ
3276 2749 3375 2803 οὐκ
3404 2748 3653 2824 ἀρεσκόν-

2002 2862 2136 2907 τως,
2168 2838 2227 2894 ἀλ
2242 2839 2292 2895 λ’
2319 2843 2362 2877 ⁸1
2396 2839 2636 2909 ἀληθῶς.
2685 2838 2817 2915 Λέγε
2851 2860 2966 2911 μοι,
2999 2844 3114 2900 πῶς
3160 2838 3340 2909 ἀξίους
3380 2838 3658 2894 ἐπίστασαι

2004 2929 2129 2991 τοὺς
2160 2934 2506 3006 παρεστῶτας
2538 2929 2759 2991 πάντας,
2807 2927 2943 2983 ὅπου
2976 2949 3059 2982 σοι
3104 2927 3406 3005 έκφαίνοντι
3439 2925 3553 2982 οὐδ’
3584 2928 3661 2989 εἷς

2008 3020 2251 3074 συνέθετο
2298 3038 2311 3088 ;
2357 3020 2419 3074 τὸ
2478 3018 2581 3094 γὰρ
2641 3016 2763 3091 ἐμοὶ
2833 3019 3159 3087 ποιήσασθαι
3224 3018 3360 3073 κατά
3413 3021 3512 3071 σοῦ
3566 3017 3661 3071 τὸν

2008 3104 2225 3164 ἔπαινον
2257 3108 2356 3163 οὐκ
2405 3104 2513 3163 ἔστι
2572 3108 3047 3182 συγκαταθεμένων
3099 3107 3207 3176 σοὶ,
3258 3105 3383 3162 ἀλλ’
3432 3109 3476 3142 ⁸²
3513 3105 3661 3178 ἐμοὶ,

2011 3199 2057 3264 ᾧ
2112 3198 2201 3252 καὶ
2256 3197 2348 3252 τὸν
2399 3193 2614 3252 ἔπαινον
2676 3197 2752 3258 ὡς
2813 3194 2990 3270 ὀρθῶς
3044 3195 3288 3271 εἷ’ρηκότι
3348 3194 3662 3267 ἀπένειμαν.

266 3287 810 3345 locutotribuerunt.
843 3289 1060 3345 Verum
1093 3290 1231 3361 quia
1263 3290 1653 3361 Deus,utpote
1678 3292 1899 3362 justus.

2018 3284 2170 3345 Ἀλλ’
2229 3283 2415 3355 ἐπειδὴ
2477 3286 2504 3340 ὀ
2562 3286 2689 3347 Θεὸς
2738 3282 2947 3346 δίκαιος
2996 3282 3066 3337 ὢν
3120 3278 3367 3359 βραϐεύει
3414 3284 3505 3338 τὸν
3548 3284 3670 3337 ἑκά-

266 3377 634 3451 singulorum
668 3383 925 3434 mentem
957 3380 1259 3449 dijudicat,
1297 3380 1452 3451 quod
1484 3385 1545 3433 tu
1583 3380 1779 3434 dixisti
1810 3396 1904 3435 ve-

264 3483 394 3521 rum
426 3485 574 3535 esse,
611 3468 665 3523 id
697 3468 884 3524 noluit
913 3486 1016 3541 per
1046 3470 1347 3524 sinistram
1381 3468 1599 3525 dextris
1628 3469 1910 3540 dari,qua

265 3558 508 3626 ratione,
544 3558 640 3629 qui
677 3558 897 3629 aliquid
930 3576 962 3613 a
995 3560 1120 3614 fure
1150 3559 1381 3630 accipit,
1416 3563 1475 3614 et
1502 3559 1625 3631 ipse
1656 3575 1790 3613 reus
1821 3562 1911 3613 est

264 3646 465 3717 Itaque
495 3663 622 3702 eam
655 3648 726 3702 ob
759 3664 994 3702 causam
1026 3649 1180 3719 quod
1213 3665 1246 3703 a
1276 3654 1331 3703 te
1353 3648 1704 3703 atterebatur
1728 3647 1913 3702 noluit

272 3751 370 3791 eos
402 3736 681 3807 accipere,
713 3738 812 3792 sed
844 3754 946 3809 per
978 3738 1209 3804 Filium,
1262 3738 1360 3810 qui
1412 3739 1483 3793 ad
1532 3736 1911 3793 revelandum

272 3825 634 3896 praestitutus
666 3833 772 3881 est.
806 3827 905 3881 Cui
938 3827 1094 3882 enim
1128 3828 1391 3882 convenit
1441 3832 1673 3882 Patrem
1706 3825 1915 3881 revela-

271 3930 352 3982 re,
387 3920 772 3986 prmterquam
806 3916 913 3971 soli
946 3916 1110 3983 Filio,
1152 3916 1288 3987 quia
1317 3916 1368 3971 is
1424 3915 1521 3971 tali
1568 3915 1916 3971 revelatione

272 4004 514 4075 dignum
549 4004 849 4077 cognoscit
876 4005 904 4060 ?
934 4005 1025 4061 Sic
1058 4022 1170 4061 non
1203 4010 1291 4061 est
1320 4006 1427 4062 hoc
1452 4008 1654 4061 docere
1686 4010 1788 4061 aut
1819 4006 1917 4059 do-

272 4093 407 4157 ceri,
442 4094 541 4149 sed
575 4094 851 4149 ineffabili
884 4111 1061 4149 manu
1088 4095 1139 4150 ei
1172 4095 1431 4158 revelari,
1461 4096 1560 4167 qui
1591 4094 1735 4150 illud
1769 4094 1917 4149 scire

278 4182 492 4253 dignus
524 4183 619 4237 sit.

352 4271 439 4327 XI.
475 4272 544 4327 Et
573 4271 774 4328 Simon
810 4290 822 4328 :
856 4272 1129 4343 Multum,
1159 4273 1370 4346 inquit,
1403 4275 1677 4329 conducit
1730 4274 1801 4329 ad
1831 4273 1921 4327 vi-

286 4361 527 4416 ctoriam
559 4362 631 4429 ei,
667 4361 765 4433 qui
798 4362 1016 4417 bellum
1060 4362 1227 4433 gerit,
1280 4363 1530 4435 propriis
1584 4364 1667 4418 uti
1718 4362 1919 4418 armis.

287 4451 447 4516 Quod
480 4450 634 4506 enim
668 4451 801 4522 quis
834 4456 1009 4519 amat,
1040 4453 1215 4507 etiam
1249 4452 1471 4508 sincere
1511 4457 1699 4524 potest
1726 4453 1924 4507 deten-

286 4539 420 4594 dere
454 4557 466 4596 :
493 4538 716 4595 sincere
746 4545 939 4595 autem
972 4541 1275 4596 defensum
1310 4559 1421 4596 non
1481 4541 1777 4614 vulgarem
1808 4540 1925 4595 vim

2016 3397 2142 3431 στου
2190 3380 2338 3445 νοῦν,
2388 3376 2416 3430 ὃ
2458 3373 2564 3453 φῂς
2612 3374 2813 3444 ἀληθὲς
2863 3373 3018 3445 εἶναι,
3069 3376 3212 3430 361
3275 3372 3373 3427 οῦκ
3416 3372 3473 3426 ἂν
3509 3366 3667 3427 ἐϐου-

2017 3464 2164 3535 λήθη
2200 3462 2289 3518 διὰ
2316 3471 2415 3534 τῆς
2447 3464 2727 3539 ἀριστερᾶς
2754 3468 2871 3524 τοῖς
2917 3460 3113 3532 δεξιοῖς
3142 3466 3304 3517 τοῦτο
3345 3458 3590 3530 δοθῆναι,
3621 3461 3669 3533 ᾧ

2020 3552 2175 3628 λόγῳ
2209 3554 2237 3608 6
2266 3553 2411 3627 παρᾶ
2458 3552 2697 3608 κλέπτου
2749 3573 2801 3606 τι
2834 3547 3018 3606 λαϐὼν
3065 3552 3154 3606 καὶ
3186 3551 3345 3613 αὐτὸς
3380 3550 3672 3610 ὑπεύθυνός

2021 3642 2184 3698 ἐστιν.
2218 3644 2375 3697 Ὥστε
2419 3642 2615 3696 τούτου
2660 3638 2836 3695 ἕνεκεν
2869 3641 2929 3695 τὸ
2985 3641 3085 3694 ὑπὸ
3118 3644 3212 3694 σοῦ
3244 3639 3539 3718 φερόμενον
3572 3637 3678 3693 ούκ

2021 3732 2287 3802 ἠθέλησεν
2324 3730 2515 3793 αὐτοὺς
2563 3725 2774 3800 λαϐεῖν,
2808 3728 2951 3785 ἀλλὰ
3001 3726 3089 3784 διὰ
3132 3734 3229 3783 τοῦ
3260 3729 3337 3791 εἷς
3374 3728 3437 3783 τὸ
3467 3728 3674 3782 ἀποκα-

2023 3820 2245 3877 λύπτειν
2294 3822 2339 3858 ⁸³
2387 3818 2693 3897 ὡρισμένου
2745 3819 2892 3875 Υἱοῦ.
2943 3817 3055 3871 Τίνι
3102 3818 3205 3893 γὰρ
3254 3814 3483 3893 εῦλογόν
3531 3816 3675 3871 ἐστιν

2025 3909 2426 3966 ἀποκαλύπτειν
2468 3910 2560 3963 τὸν
2608 3908 2839 3984 Πατέρα,
2871 3908 2906 3976 ἧ
2953 3905 3064 3980 Υἳῷ
3098 3906 3271 3980 μόνῳ,
3322 3903 3410 3961 διὰ
3446 3904 3506 3961 τὰ
3538 3902 3677 3960 εἶδέ-

2024 4022 2107 4055 ναι
2154 4007 2255 4069 τῆς
2305 4000 2564 4069 τοιαύτης
2621 3995 3022 4071 ἀποκαλύψεως
3077 3997 3168 4051 νὸν
3230 3996 3375 4067 ἄξιον
3425 4014 3439 4065 ;
3490 3992 3679 4056 Οὕτως

2027 4089 2126 4144 οὐκ
2174 4086 2284 4143 ἔστι
2329 4092 2490 4143 τοῦτο
2542 4084 2746 4157 διδάξαι
2777 4086 2812 4156 ἢ
2846 4083 3194 4161 διδαχθῆναι,
3246 4083 3373 4141 ἀλλ’
3422 4085 3682 4162 ἁφράστῳ

2030 4178 2177 4256 χειρὶ
2212 4177 2658 4255 ἀποκαλυφθῆναι
2688 4174 2769 4249 τῷ
2797 4179 2957 4230 τοῦτο
2991 4172 3187 4229 εἰδέναι
3220 4174 3371 4246 ἀξίῳ.

2104 4275 2195 4326 X1.
2231 4268 2331 4323 Καὶ
2363 4267 2391 4320 6
2424 4265 2611 4338 Σίμων
2656 4263 2778 4343 ἔφη’
2814 4263 2965 4319 Πολὺ
3012 4258 3385 4338 συμϐάλλεται
3438 4262 3573 4338 πρὸς
3603 4261 3687 4315 νί-

2032 4380 2133 4429 κην
2165 4361 2243 4429 τῷ
2273 4353 2606 4429 πολεμοῦντι
2637 4354 2699 4409 τὸ
2724 4351 2885 4415 ἰδίοις
2911 4354 3215 4429 χρήσασθαι
3248 4351 3466 4413 ὅπλοις.
3496 4353 3560 4405 "0
3579 4352 3685 4426 γὰρ

2035 4446 2186 4527 φιλεῖ
2234 4468 2337 4515 τις,
2384 4445 2473 4500 καὶ
2520 4444 2758 4521 γνησίως
2810 4439 3037 4497 ἐκδικεῖν
3068 4439 3308 4511 δύναται,
3354 4439 3593 4515 γνησίως
3626 4436 3690 4493 δὲ

2039 4535 2417 4609 ἐκδικούμενον
2470 4532 2532 4588 ού
2578 4534 2676 4603 τὴν
2724 4536 2996 4607 τυχοῦσαν
3049 4529 3205 4605 ἰσχὺν
3260 4527 3397 4605 ἔχει.
3451 4529 3543 4583 Διὸ
3588 4532 3690 4581 τοῦ

284 4628 479 4683 habet.
516 4630 647 4684 Ideo
676 4629 949 4702 deinceps
984 4631 1137 4702 quod
1182 4647 1311 4687 vere
1370 4631 1556 4686 sentio
1614 4646 1896 4702 exponam

2041 4626 2239 4683 λοιποῦ
2270 4624 2400 4698 ὅπερ
2433 4618 2602 4685 ὅντως
2634 4626 2816 4700 φρονῶ
2849 4619 3173 4693 ἐκθήσομαι.
3198 4618 3353 4691 Φημί
3384 4638 3503 4672 τινα
3527 4614 3689 4671 δύνα-

285 4718 391 4774 Αἱο
443 4720 758 4790 quamdam
810 4721 868 4775 in
902 4722 1129 4776 arcanis
1161 4719 1433 4776 virtutem
1494 4737 1643 4785 esse,
1700 4719 1931 4775 cunctis

284 4808 567 4881 ignotam,
602 4809 714 4880 ipsi
746 4826 978 4883 quoque
1008 4811 1215 4867 mundi
1265 4808 1481 4881 opifici,
1540 4809 1695 4864 sicut
1722 4813 1779 4863 et
1808 4808 1933 4879 ipse

283 4898 457 4955 Jesus
472 4898 913 4971 dixit,nesciens
938 4900 1075 4972 quid
1092 4899 1751 4971 loqueretur.Interdum
1773 4896 1929 4952 enim

288 5002 359 5042 ex
397 4986 767 5060 multiloquio
815 4987 1028 5061 aliquis
1078 5005 1321 5061 scopum
1365 4987 1626 5044 veritatis
1673 4986 1928 5058 attingit,

290 5078 571 5149 ignorans
603 5078 742 5149 quid
774 5077 1220 5151 dicat.Intelligo
1251 5082 1446 5134 autem
1472 5081 1529 5133 et
1550 5077 1620 5133 de
1652 5074 1932 5146 illo,quod

297 5167 699 5240 pronuntiavit
731 5185 743 5222 :
779 5170 943 5224 Nemo
972 5170 1123 5224 novit
1168 5169 1408 5224 Patrem.
1456 5168 1527 5222 Et
1567 5166 1772 5222 Petrus
1806 5181 1819 5221 :
1853 5164 1934 5220 Ne

2046 4738 2136 4790 μιν
2168 4714 2218 4770 ἐν
2254 4713 2587 4791 ἀπορρήτοις
2641 4712 2772 4766 εἶναι
2826 4708 3098 4785 ἄγνωστον
3138 4715 3289 4777 πᾶσι,
3318 4707 3407 4762 καὶ
3439 4706 3585 4778 αὐτῷ
3611 4710 3695 4777 τῷ

2044 4803 2390 4881 δημιουργῷ,
2423 4803 2498 4864 ὡς
2544 4801 2633 4855 καὶ
2684 4799 2841 4861 αὐτὸς
2877 4799 2905 4855 6
2936 4799 3148 4867 Ἰησοῦς
3182 4793 3413 4870 εἴρηκεν,
3443 4795 3542 4851 οὐκ
3573 4794 3696 4850 ἐπι-

2043 4894 2306 4966 στάμενος
2359 4893 2389 4948 ὃ
2430 4889 2736 4967 ἐφθέγξατο.
2789 4889 2885 4944 Ἐκ
2927 4884 3275 4947 πολυλαλιᾶς
3302 4887 3349 4921 ⁶⁴
3392 4885 3497 4960 γὰρ
3530 4883 3699 4938 ἐνίοτε

2044 4983 2295 5059 εὐστοχεῖ
2323 5001 2406 5043 τις
2438 4980 2577 5057 πρὸς
2596 4978 2659 5034 τὸ
2692 4975 2914 5047 ἀληθὶς,
2947 4974 3047 5031 οὐκ
3076 4971 3235 5036 εἰδὼς
3266 4974 3295 5030 ὃ
3328 4973 3497 5049 λέγει.
3535 4973 3698 5047 Λέγω

2045 5070 2102 5128 δὲ
2133 5071 2221 5127 καὶ
2252 5070 2375 5147 περὶ
2421 5068 2641 5136 τούτου,
2673 5067 2736 5122 οὗ
2787 5063 3021 5142 εἷ’ρηκενο
3061 5060 3252 5126 Οὐδεὶς
3300 5059 3440 5140 ἔγνω
3468 5062 3558 5117 τὸν
3593 5067 3700 5116 Πα-

2042 5163 2192 5238 τέρα.
2246 5161 2349 5219 Καὶ
2395 5160 2423 5215 6
2476 5156 2707 5235 Πέτρος·
2762 5154 2837 5210 Σὺ
2883 5155 2951 5211 τὰ
3000 5152 3207 5209 ἐκείνου
3259 5150 3452 5208 εἰδέναι
3502 5150 3699 5226 μηκέτι

1635 5325 1878 5381 VARl/E
1919 5321 2334 5381 LECTIONES.

365 5459 409 5499 ’1³
441 5456 539 5512 οῦκ
568 5457 658 5511 οῦν
690 5458 752 5513 C.
810 5458 855 5493 ⁷⁵
883 5458 1018 5512 Post
1049 5460 1187 5509 πᾶσα
1220 5457 1275 5510 in
1309 5456 1352 5510 Ο
1385 5452 1885 5527 [θρθίυῐὶίυῐζνὺζξ.
1920 5448 2077 5527 αὐτὸν
2125 5444 2318 5527 εἷ’δέναι
2363 5442 2724 5527 16v‘éxo'wtgu
2747 5443 2897 5527 *γοῦν
2920 5436 3031 5527 ίνα,
3075 5438 3173 5494 sed
3206 5439 3511 5527 expugctﬁ.
3543 5434 3703 5525 77,56-

298 5508 673 5605 λόγωξᾜέέέι
700 5508 757 5584 id
792 5531 855 5586 ο.
884 5508 1277 5597 ulmum;
1322 5508 1638 5582 o.'o‘einde
1682 5522 1780 5576 οὐκ
1810 5518 1863 5574 εἷ’
1902 5542 1986 5582 τις
2034 5522 2077 5577 o
2109 5538 2157 5576 ο.
2213 5520 2302 5587 ο.,
2354 5515 2481 5591 οὐχὶ
2523 5513 2606 5575 τίς
2655 5516 2713 5572 c.
2747 5514 2791 5597 τῖ’
2824 5514 2973 5568 Fort.
3022 5508 3321 5636 νικηςγάρου
3359 5508 3417 5563 s.
3449 5508 3494 5543 ιο
3542 5508 3703 5595 nam

298 5606 426 5636 mm;
484 5604 523 5636 ρ
603 5601 782 5636 ...νη-..πρ
814 5603 867 5636 ιιι
930 5601 983 5636 ςη
1020 5607 1173 5636 ξονι..
1210 5605 1269 5636 ιιι
1303 5598 1346 5636 n
1402 5597 1615 5636 nninap
1648 5592 1749 5636 νη)
1767 5591 1999 5636 ςπηίυβννε
2035 5593 2078 5636 n
2110 5598 2167 5636 nl.
2195 5610 2259 5636 mr
2295 5590 2540 5636 nnniect.
2574 5587 2660 5636 Ο..
2692 5601 2807 5636 CUI.
2845 5590 3035 5636 textus
3086 5600 3160 5636 γα
3204 5578 3454 5634 επαίνειν.
3486 5580 3527 5615 ⁸¹
3563 5576 3703 5633 αλλα

298 5586 566 5670 coni-Cn
602 5586 782 5661 αὐτοῖς
814 5603 892 5655 id.
930 5601 983 5654 in
1020 5586 1174 5655 textu
1210 5586 1274 5653 ut
1303 5598 1367 5653 Ο.
1401 5597 1626 5670 Deinde
1648 5591 1999 5670 χαλεπαίνεις
2110 5598 2174 5670 et
2195 5610 2261 5647 ex
2288 5586 2540 5670 conject.
2574 5587 2660 5652 C.,
2692 5586 2807 5670 cuj.
2845 5590 3035 5640 textus
3086 5600 3160 5670 χει

3204 5576 3454 5634 επαίνειν.
3486 5580 3527 5615 ⁸¹
3563 5576 3707 5633 ἄλλα

297 5651 449 5730 6.79-
483 5651 1172 5730 ἇλλᾶἕεβιὲοῆίιιέὲίἐ
1218 5651 1362 5724 ποκα
1402 5651 1562 5725 vocis
1606 5651 2005 5722 ἀποκαλύπτειν
2035 5666 2094 5720 in
2144 5668 2207 5719 Ο.
2242 5651 2498 5735 spatium
2544 5651 2784 5731 apparet
2830 5651 3217 5713 vacuuml'lta
3258 5651 3430 5726 paulo
3477 5656 3630 5725 post.
3661 5652 3708 5685 ⁸⁴

293 5744 637 5821 πολυλογίας
667 5748 732 5803 Ο.
