4082 6208
1582 168 1597 207 Ν
1640 228 1643 239 ι

327 384 457 442 413

1398 385 1925 447 CLEMENTINA.
1960 419 2036 427 —
2077 384 2406 447 HOMILIA
2453 388 2672 448 XVIII.

3625 394 3743 450 M4

331 511 701 589 ἐπαγγέλλοι).
739 515 834 569 Καὶ
875 515 903 569 6
954 514 1141 589 Σίμων
1182 519 1246 554 "-
1298 516 1372 571 Τὰ
1420 517 1620 572 ἐκείνου
1669 517 1767 570 οὐκ
1816 515 1974 590 ἑπαγ-

2094 516 2347 587 amplius
2380 520 2786 589 profitearis,te
2816 521 2973 576 illius
3007 522 3328 577 doctrinam
3363 538 3740 594 cognoscere,

326 602 611 677 γέΑλομαι
642 603 931 676 πιστεύειν,
965 605 1043 667 εἰς
1093 603 1150 660 δὲ
1196 598 1265 661 τᾶ
1310 606 1694 682 ἐπιτευχθέντα
1744 607 1789 641 ⁸⁸
1836 604 1982 676 αὐτῷ

327 689 657 769 ὃιαλέγομαί
689 714 797 750 σοι.
832 694 929 748 Καὶ
960 695 988 748 6
1026 697 1245 771 Πέτρος·
1279 698 1395 750 Ἵνα
1427 696 1499 768 μή
1534 716 1618 749 σοι
1651 691 1728 748 δῶ
1770 693 1980 770 πρόφα-

327 803 412 835 σιν
444 782 520 843 εἷς
555 784 753 860 φυγὴν,
788 785 1009 853 ζητήσω
1041 804 1124 839 σοι
1157 784 1233 846 ὡς
1284 784 1477 848 θέλεις.
1512 782 1663 851 Πλὴν
1717 781 1983 858 μαρτύρο-

330 891 430 943 μαι
463 871 662 933 πάντας
692 870 776 926 ὅτι
807 870 931 927 οὐδὲ
960 874 1018 927 ὃν
1050 871 1141 927 νῦν
1171 871 1303 951 ἔφης
1361 873 1526 947 λόγον
1577 872 1638 927 ού
1687 870 1977 933 πιστεύεις.

325 957 470 1018 Οἶδα
508 962 553 997 ⁸⁷
600 962 699 1037 γὰρ
749 960 782 1014 ’ἀ
821 966 1054 1039 φρονεῖς.
1091 962 1193 1018 Καὶ
1243 964 1396 1020 362
1440 960 1533 1015 ἵνα
1583 963 1657 1035 μή
1714 982 1778 1034 με
1826 958 1980 1035 δόξῃς

325 1047 638 1122 ψεύδεσθαι,
669 1049 952 1125 ἆνοίξομαί
982 1073 1068 1107 σοι
1097 1052 1164 1107 τὰ
1209 1052 1294 1126 σὰ,
1317 1049 1410 1106 ’ἱνα
1457 1048 1604 1125 εἰδῇς
1637 1053 1680 1087 ⁸⁸
1714 1049 1796 1106 ὅτι
1844 1051 1979 1125 πρὸς

325 1133 513 1191 εἰδότα
544 1133 787 1214 διαλέγῃ.

390 1318 513 1371 ΧΠ.
546 1316 762 1387 Ἦμεῖς,
794 1316 840 1369 ὦ
874 1314 1088 1389 Σίμων,
1121 1316 1180 1372 ἐκ
1222 1324 1320 1387 τῆς
1379 1317 1628 1393 μεγάλης
1679 1314 1982 1389 δυνάμεως,

315 1401 393 1457 ἔτι
431 1425 492 1459 τε
521 1404 609 1460 καὶ
637 1412 739 1474 τῆς
771 1406 961 1481 κυρίας
994 1405 1321 1481 λεγομένης,
1356 1406 1417 1462 ού
1451 1407 1684 1483 λέγομεν
1717 1404 1812 1461 δύο
1855 1404 1983 1461 ἀπε-

314 1491 555 1548 στάλθαι
584 1492 871 1569 ἀγγέλους,
901 1497 992 1549 τὸν
1031 1490 1123 1568 μὲν
1158 1493 1245 1550 ἐπὶ
1285 1501 1365 1568 τῷ
1403 1496 1580 1550 κτίσαι
1631 1496 1858 1568 κόσμον,
1889 1494 1979 1549 τὸν

315 1579 374 1637 δὲ
407 1581 502 1637 ἐπὶ
534 1584 613 1655 τῷ
644 1584 825 1647 θέσθαι
855 1584 945 1638 τὸν
975 1584 1162 1657 νόμον·
1198 1582 1313 1640 οὐδ’
1352 1583 1435 1639 ὅτι
1484 1585 1657 1640 αὐτῶν
1685 1588 1730 1622 ⁸9
1755 1582 1981 1648 ἕκαστος

313 1670 527 1739 ἐλθὼν,
558 1671 637 1725 ἐφ’
682 1673 765 1733 οἷς
814 1671 1086 1742 ἐποίησεν,
1119 1673 1192 1736 ὡς
1242 1673 1402 1736 αὐτὸς
1447 1670 1518 1728 ὢν
1574 1674 1856 1745 αὐθέντης,
1895 1673 1984 1728 αὐ-

314 1761 416 1815 τὸν
473 1758 752 1835 ἤγγειλεν·
786 1758 900 1816 οὐδ’
930 1763 959 1817 6
1002 1763 1167 1825 ἑστὼς
1219 1766 1263 1800 ⁹⁰
1311 1762 1642 1837 στησόμενος
1680 1762 1983 1836 ἀντικείμε-

317 1871 445 1912 νος.
477 1850 644 1921 Dialia,
675 1855 793 1912 πῶς
849 1850 1115 1921 ἀπιστεῖς,
1145 1853 1235 1906 καὶ
1290 1853 1390 1922 τὴν
1451 1852 1702 1916 ὑπόθεσιν
1756 1852 1977 1923 ταύτην.
2013 1893 2061 1957 Β

317 1941 387 1957 ιη
510 1938 523 1957 1
601 1936 625 1957 ᾗ
643 1939 657 1957 Ι
876 1939 890 1955 Ὦ
978 1940 991 1957 9
1089 1940 1102 1957 9
1128 1940 1139 1957 ο
1169 1943 1180 1957 ο
1378 1941 1403 1957 ν
1550 1944 1562 1957 ο
1675 1941 1686 1957 1
1844 1942 1855 1957 Ι

314 1941 425 1995 Ἦν
460 1938 565 2017 ιρῄς
598 1936 822 2013 δύναμιν
874 1939 924 1994 ἐν
968 1940 1305 2018 ἀπορῥήτοις
1354 1941 1504 2011 εἶναι,
1540 1941 1750 2018 ἀγνοίας
1801 1942 1978 2018 γέμει.

313 2029 438 2096 Τὴν
465 2031 570 2105 γὰρ
620 2028 1015 2105 ἀγνωμοσύνην
1064 2036 1171 2085 τῶν
1233 2031 1319 2085 ὑπ’
1352 2031 1516 2101 αὐτῆς
1566 2031 1977 2087 ἀποσταλέντων

311 2116 577 2194 ἀγγέλων
630 2118 692 2174 ού
739 2119 1159 2195 προεγίνωσκεν.
1194 2120 1291 2175 Καὶ
1324 2121 1352 2174 6
1386 2121 1594 2194 Σίμων,
1622 2124 1723 2175 τοῦ
1774 2122 1978 2198 Πέτρου

308 2211 491 2262 ταῦτα
521 2207 801 2283 λέγοντος,
840 2207 1095 2284 μεγάλως
1133 2209 1399 2285 ὀργισθεὶς
1449 2208 1679 2285 έπέκοψε
1727 2209 1976 2287 λέγοντα,

308 2295 510 2351 εἰπών·
562 2297 623 2351 Τί
674 2296 959 2375 φλυαρεῖς,
999 2297 1251 2375 τολμηρὲ
1312 2299 1400 2353 καὶ
1450 2298 1664 2354 πάντων
1712 2299 1976 2375 προπετέ-

306 2386 618 2454 στατε,ὲπ’
678 2381 867 2461 ὄχλων
929 2385 1141 2459 εὐμαθῆ
1199 2390 1242 2425 θί
1306 2386 1569 2465 ἐκφαίνων
1621 2388 1863 2465 ἀτεχνῶς
1910 2390 1978 2444 τὰ

303 2473 644 2550 ἀπόρῥητα;
698 2474 801 2531 Καὶ
852 2475 880 2529 6
928 2475 1151 2551 Πέτρος·
1202 2474 1264 2530 Τί
1314 2479 1527 2553 φθονεῖς
1584 2476 1974 2554 εύεργετεῖσθαι

303 2563 447 2625 τοὺς
509 2562 780 2641 παρόντας
841 2565 1145 2641 ἀκροατάς;
1196 2566 1295 2620 Καὶ
1342 2566 1371 2620 6
1416 2566 1626 2639 Σίμων·
1675 2567 1882 2624 Οὐκοῦν
1934 2571 1978 2605 ⁹²

309 2652 622 2728 ὁμολογεῖς
650 2655 749 2723 τὴν
808 2654 1066 2725 τοιαύτην
1119 2653 1405 2731 έπίγνωσιν
1453 2654 1750 2733 εὐεργεσίαν
1800 2657 1971 2727 εἶναι;

311 2743 423 2798 Καὶ
475 2744 504 2797 6
564 2743 787 2817 Πέτρος’
844 2742 1152 2821 Ὁμολογῶ.
1208 2746 1277 2799 Τὸ
1331 2746 1430 2821 γὰρ
1489 2743 1686 2819 ψεῦδος
1742 2747 1972 2822 γνωσθὲν

311 2832 613 2907 εὐεργετεῖ,
646 2832 865 2907 ἀγνοίας
921 2832 1066 2905 αἰτίᾳ
1125 2835 1199 2907 μὴ
1260 2839 1567 2909 περιπεσεῖν
1617 2834 1782 2907 αὐτῷ.
1816 2836 1913 2891 Καὶ
1946 2837 1974 2891 6

316 2922 544 2995 Σίμων·
585 2925 737 2980 363
782 2922 951 2997 Φαίνῃ
1002 2944 1094 2995 μοι
1153 2924 1229 2995 μὴ
1279 2921 1574 2997 δύναμενος
1623 2924 1791 2979 εἷπεῖν
1838 2926 1912 2988 εἷς
1941 2925 1975 2980 ’ἀ

313 3012 612 3088 προέτεινά
659 3033 762 3067 σοι.
797 3011 951 3088 Λέγω
1001 3010 1067 3081 δὴ
1115 3015 1160 3049 9³
1189 3010 1270 3067 ὅτι
1315 3012 1405 3067 καὶ
1439 3014 1466 3067 ὁ
1499 3011 1832 3078 Διδάσκαλός
1879 3038 1975 3071 σου

315 3101 374 3155 ἐν
404 3099 741 3176 ἀποῤῥήτοις
768 3103 891 3155 τινὰ
921 3099 1070 3169 λέγει
1105 3101 1240 3156 εἶναι
1271 3102 1502 3178 Πατέρα.

392 3195 536 3246 XIII.
566 3189 722 3245 Καὶὸ
780 3191 986 3265 Πέτρος
1046 3188 1169 3269 ἔφη·
1217 3191 1645 3266 Ἀποκρινοῦμαι
1696 3191 1774 3255 εἷς
1815 3193 1844 3248 ὃ
1890 3193 1973 3248 Οέ-

2092 606 2158 661 Et
2187 607 2387 661 Simon
2442 624 2455 662 ;
2509 608 2647 678 Ejus
2678 611 3001 666 doctrinam
3035 629 3149 667 non
3182 612 3453 683 proﬁteor
3482 630 3575 668 me
3607 632 3733 670 cre-

2092 695 2247 761 dere,
2281 700 2339 750 at
2369 697 2438 751 de
2470 696 2561 763 iis,
2596 698 2653 751 in
2695 716 2817 768 quae
2851 717 2990 755 casu
3031 703 3255 767 incidit,
3306 704 3564 759 edissero
3594 705 3727 760 tibi.

2093 785 2242 839 Tum
2278 785 2478 840 Petrus
2513 802 2525 839 :
2560 786 2642 843 Nc
2692 787 2819 841 dem
2876 788 2981 842 tibi
3026 794 3369 860 praetextum
3404 791 3473 845 ad
3508 792 3733 864 fugam,

2093 874 2471 943 quaestionem
2502 878 2696 929 tecum
2731 876 2955 931 habebo
2987 879 3139 933 sicut
3175 879 3278 935 vis.
3314 880 3731 937 Verumtamen

2092 980 2294 1018 omnes
2319 967 2515 1031 testor,
2537 966 2689 1035 quod
2716 982 2898 1035 neque
2918 965 3106 1033 illum,
3128 985 3301 1039 quem
3327 985 3482 1024 nunc
3513 971 3729 1039 dixisti,

2092 1068 2419 1109 sermonem
2454 1054 2675 1108 credas.
2710 1054 2847 1108 Novi
2885 1072 3137 1127 namque
3167 1062 3327 1113 tuam
3360 1060 3732 1115 sententiam.

2093 1143 2160 1197 Et
2192 1159 2261 1197 ne
2297 1159 2387 1196 me
2417 1141 2717 1198 arbitreris
2768 1143 2977 1199 falsum
3013 1146 3223 1212 dicere,
3256 1148 3598 1219 significabo
3632 1149 3735 1205 tibi

2090 1236 2214 1298 tua,
2246 1236 2311 1285 ut
2341 1231 2491 1287 scias
2521 1235 2576 1286 te
2608 1249 2739 1286 cum
2773 1234 2992 1289 sciente
3026 1235 3367 1306 disceptare.

2163 1319 2285 1376 XII.
2317 1320 2452 1387 Nos,
2487 1337 2518 1375 ο
2550 1320 2774 1389 Simon,
2803 1338 2871 1377 ex
2896 1339 3112 1395 magna
3132 1323 3367 1392 virtute,
3401 1342 3527 1397 qua:
3558 1330 3613 1381 et
3643 1327 3739 1382 do-

2092 1408 2254 1465 mina
2282 1413 2541 1480 vocatur,
2575 1427 2691 1465 non
2724 1410 2974 1467 dicimus
3006 1413 3219 1468 missos
3248 1413 3430 1470 fuisse
3462 1415 3609 1471 duos
3642 1434 3739 1471 an-

2090 1497 2272 1571 gelos,
2306 1516 2490 1554 unum
2523 1500 2758 1570 quidem
2785 1502 2855 1556 ad
2887 1502 3205 1557 creandum
3240 1503 3738 1570 mundum,alium

2089 1604 2222 1643 vero
2254 1589 2324 1643 ad
2358 1589 2653 1644 ferendam
2684 1588 2895 1661 legem,
2936 1607 3124 1662 neque
3176 1593 3330 1663 quod
3363 1596 3609 1664 uterque
3640 1611 3735 1650 ve-

2091 1676 2259 1732 niens
2312 1694 2535 1747 eorum,
2587 1695 2715 1750 quis
2762 1679 2920 1747 fecit,
2954 1697 3015 1735 se
3062 1698 3405 1752 supremum
3437 1687 3733 1740 auctorem

2091 1767 2505 1839 praedicaverit,
2543 1784 2727 1839 neque
2760 1769 2915 1839 quod
2950 1773 3114 1825 stans
3142 1770 3216 1825 sit
3242 1775 3503 1826 staturus
3537 1777 3600 1827 ut
3633 1775 3737 1829 ad-

2089 1856 2403 1912 versarius.
2435 1857 2583 1912 Audi
2609 1874 2722 1929 quo
2754 1859 2925 1913 modo
2957 1859 3063 1914 hac
3095 1859 3270 1914 etiam
3303 1860 3362 1915 in
3387 1860 3735 1918 reincredu-

2088 1945 2181 2001 lus
2213 1945 2314 2001 sis.
2337 1945 2553 2015 Virtus,
2578 1963 2755 2018 quam
2779 1946 2834 2000 in
2867 1947 3095 2003 arcanis
3116 1948 3203 2003 ais
3225 1950 3731 2021 esse,ignorantim

2089 2033 2260 2106 plena
2276 2038 2381 2091 est.
2398 2039 2544 2090 Nam
2566 2035 2861 2107 ingratum
2884 2036 3150 2091 animum
3172 2038 3243 2092 ab
3267 2038 3395 2109 ipsa
3416 2038 3731 2095 missorum

2088 2124 2427 2197 angelorum
2454 2141 2569 2179 non
2603 2124 2911 2196 prwscivit.
2942 2127 3021 2181 Ac
3050 2126 3269 2197 Simon,
3304 2127 3467 2183 Petro
3498 2128 3619 2184 haec
3650 2131 3735 2185 di-

2088 2218 2273 2285 cente,
2305 2214 2677 2269 vehementer
2708 2214 2893 2269 iratus
2930 2214 3268 2287 loquentem
3302 2216 3608 2289 interrupit
3639 2218 3727 2273 di-

2086 2304 2287 2377 xitque
2320 2320 2333 2359 :
2368 2303 2515 2370 Quid
2546 2303 2817 2369 blateras,
2851 2305 3156 2360 temerarie
3188 2306 3568 2378 omniumque
3599 2325 3731 2379 pro-

2086 2393 2431 2458 tervissime,
2464 2397 2520 2448 et
2541 2409 2732 2447 coram
2761 2393 2975 2466 p0pulo
3006 2393 3177 2449 docili
3206 2398 3421 2450 temere
3453 2396 3732 2468 patelacis

2088 2482 2346 2538 arcana?
2375 2483 2443 2537 Et
2471 2483 2703 2538 Petrus:
2739 2482 2855 2537 Cur
2896 2482 3121 2538 invides
3152 2484 3478 2539 astantibus
3502 2485 3730 2540 audito-

2086 2572 2249 2627 ribus
2280 2571 2389 2626 hoc
2420 2571 2765 2627 beneficium
2786 2571 2814 2626 ’ἲ
2843 2572 3043 2627 Simon
3078 2588 3090 2627 :
3128 2572 3252 2627 Non
3284 2573 3466 2644 igitur
3495 2574 3732 2629 confite-

2087 2661 2536 2731 ris,hujusmodi
2560 2661 2914 2732 agnitionem
2939 2662 3285 2717 beneficium
3307 2663 3475 2719 esse?
3503 2663 3726 2719 Petrus:

2087 2752 2309 2807 Fateor.
2343 2751 2488 2806 Nam
2533 2751 2905 2806 mendacium
2959 2752 3281 2823 cognitium
3333 2770 3398 2807 eo
3446 2752 3725 2808 beneficio

2085 2840 2281 2908 afficit,
2317 2844 2383 2894 ut
2411 2839 2471 2894 in
2522 2838 2669 2894 Illud
2702 2856 2803 2910 per
2830 2839 3221 2911 ignorantiam
3254 2857 3368 2895 non
3399 2840 3729 2896 incidamus

2085 2929 2285 2984 Simon
2316 2946 2329 2983 :
2363 2928 2590 2984 Videris
2622 2928 2767 2985 mihi
2797 2946 2913 2984 non
2945 2946 3116 3001 posse
3149 2931 3497 3002 respondere
3541 2932 3613 2985 ad
3661 2947 3729 2986 ea
3756 2972 3760 2976 π

2086 3034 2211 3089 quae
2268 3018 2373 3073 tibi
2432 3020 2729 3090 proposui.
2790 3019 2891 3074 Aio
2924 3024 3141 3087 autem,
3176 3021 3328 3091 quod
3363 3024 3420 3075 et
3450 3020 3726 3093 Magister

2084 3111 2223 3162 tuus
2255 3109 2565 3179 quemdam
2598 3107 2739 3162 dicit
2769 3124 2896 3164 esse
2925 3107 2985 3162 in
3018 3109 3250 3164 arcanis
3282 3109 3531 3164 Patrem.

2156 3198 2306 3252 XIII.
2343 3197 2408 3251 Et
2437 3201 2643 3253 Petrus
2663 3197 2805 3252 dicit
2829 3214 2841 3252 :
2862 3197 3242 3269 Respondebo
3266 3199 3337 3253 ad
3362 3199 3417 3253 id
3439 3199 3594 3271 quod
3616 3200 3721 3268 vis,

309 3278 431 3341 λεις
489 3278 611 3352 περὶ
670 3283 790 3334 τοῦ·
839 3260 1033 3341 Ούδεῖς
1085 3260 1230 3355 ἔγνω
1287 3260 1402 3335 τὸν·
1436 3260 1667 3356 Πατέρα,
1719 3281 1770 3336 εἷ’
1815 3284 1889 3356 μή
1944 3284 1971 3337 ὁ

2089 3287 2157 3341 de
2188 3286 2286 3342 illo
2322 3303 2333 3342 :
2368 3288 2531 3342 Nemo
2575 3289 2727 3341 novit
2777 3260 2994 3342 ραινεηὶ
3034 3288 3150 3343 nisi
3187 3289 3381 3353 Filius,
3430 3260 3604 3360 neque
3631 3260 3728 3345 Εἰλ-

307 3369 462 3441 Υἱὸς,
499 3364 623 3423 οὐδέ
676 3368 766 3423 τὸν
827 3368 950 3423 Υἱόν
1001 3390 1082 3430 τις
1130 3366 1294 3441 οἶδεν,
1336 3368 1383 3424 εἲ
1435 3371 1509 3442 μή
1560 3370 1586 3424 ὁ
1640 3372 1846 3447 Πατὴρ,
1878 3373 1967 3427 καὶ

308 3458 397 3519 οἷς
478 3456 538 3511 ἂν
623 3456 891 3533 βούληται
952 3459 979 3512 6
1030 3459 1152 3520 Υἱὸς
1214 3455 1563 3533 ἀποκαλύψαι
1620 3463 1684 3517 ⁹⁴.
1746 3466 1968 3536 Πρῶτον

309 3548 407 3620 μὲν
440 3546 723 3619 Θαυμάζω,
757 3551 898 3619 πῶς,
929 3551 1027 3602 τοῦ
1061 3546 1227 3623 λόγου
1255 3547 1452 3602 τούτου
1513 3548 1707 3624 μυρίας
1738 3551 1781 3586 9⁵
1812 3548 1969 3626 ἔχον-

301 3656 400 3697 τος
435 3633 767 3712 ἐκδοχὰς,σὺ
796 3636 859 3690 τὸ
892 3633 1355 3711 ἐπικινδυνότερον
1382 3636 1606 3708 ἐξελέξω
1632 3638 1969 3715 μέρος,πρὸς

300 3724 576 3801 ἀγνωσίαν
602 3728 700 3779 τοῦ
733 3729 1089 3799 Δημιουργοῦ
1118 3724 1208 3779 καὶ
1255 3730 1362 3780 τῶν
1420 3726 1505 3780 ὑπ’
1536 3726 1699 3781 αὐτοῦ
1758 3730 1968 3785 πάντων

304 3816 489 3891 enica:
529 3813 775 3887 εἰρῆσθαι
807 3812 900 3868 τὸν
934 3812 1123 3888 λόγον.
1159 3818 1381 3889 Πρῶτον
1441 3814 1535 3888 μὲν
1590 3817 1693 3891 γὰρ
1755 3815 1972 3873 δύναται

306 3904 337 3957 6
370 3901 538 3979 λόγος
573 3902 817 3975 εἰρῆσθαι
848 3904 986 3979 πρὸς
1014 3904 1213 3966 πάντας
1249 3900 1564 3976 Ἰουδαίους,
1594 3905 1720 3968 τοὺς
1771 3907 1972 3983 πατέρα

308 3993 639 4066 νομίζοντας
684 3992 817 4048 εἶναι
868 3994 1102 4069 Χριστοῦ
1149 3992 1242 4048 τὰν
1274 3996 1318 4031 9⁸
1349 3989 1536 4063 Δαϐὶδ,
1571 3995 1658 4049 καὶ
1706 3995 1864 4052 αὐτὸν
1917 3995 1974 4052 δὲ

306 4082 403 4137 τὸν
436 4083 663 4159 Χριστὸν
696 4082 810 4137 υἱὸν
841 4078 987 4153 ὄντα,
1019 4082 1109 4137 καὶ
1149 4082 1271 4137 Υῖὸν
1306 4088 1439 4139 Θεοῦ
1475 4084 1549 4157 μὴ
1584 4084 1874 4160 ἐγνωκέναι
1905 4090 1968 4145 9⁷.

316 4170 415 4226 Διὸ
463 4171 553 4227 καὶ
608 4170 823 4233 οῗκείως
888 4168 1118 4247 εἷ’ρηται·
1171 4170 1356 4234 Οὐδεὶς
1406 4168 1545 4247 ἔγνω
1592 4175 1684 4228 τὸν
1738 4177 1969 4253 Πατέρα,

316 4259 431 4315 ἐπεὶ
484 4260 598 4315 ἀντὶ
647 4264 744 4315 τοῦ
792 4265 922 4315 Θευῦ
968 4262 1059 4315 τὸν
1095 4256 1261 4316 Δαϐὶδ
1300 4263 1494 4324 πάντες
1549 4261 1760 4338 ἔλεγον,
1794 4265 1855 4320 τὸ
1915 4264 1972 4320 δὲ

316 4348 579 4419 ἐπάξαντα
635 4347 827 4421 εἰπεῖν,
866 4348 941 4411 ὡς
1002 4348 1126 4404 οὐδὲ
1182 4350 1271 4404 τὸν
1321 4350 1444 4406 Υἱόν
1496 4373 1582 4413 τις
1638 4350 1801 4427 οἶδεν,
1855 4353 1969 4410 ἐπεὶ

318 4438 478 4492 αὐτὸν
510 4437 631 4491 Υἱὸν
664 4432 792 4491 ὄντα
824 4437 920 4492 οὐκ
950 4433 1167 4511 ᾔδεισαν
1207 4441 1272 4507 93,
1303 4438 1391 4494 καὶ
1439 4440 1502 4495 τὸ
1553 4440 1745 4510 εἰπεῖν,
1780 4443 1860 4504 οἷς
1908 4442 1966 4497 ἃν

322 4524 591 4599 βούληται
644 4527 671 4581 6
729 4526 845 4587 Υἱὸς
896 4525 1266 4601 ἀποκαλύψαι,
1318 4527 1494 4600 ὀρθῶς
1543 4527 1773 4604 εἷ’ρηται’
1811 4532 1967 4607 ὁγὰρ

2080 3377 2222 3430 lium
2251 3377 2371 3448 quis
2400 3378 2567 3443 novit,
2600 3378 2713 3431 nisi
2742 3378 2926 3445 Pater,
2960 3381 3011 3431 et
3058 3378 3257 3448 quibus
3288 3379 3522 3433 voluerit
3549 3380 3724 3434 Filius

2078 3466 2343 3520 revelare.
2380 3466 2573 3519 Primo
2613 3465 2849 3537 quidem
2900 3466 3098 3532 miror,
3130 3484 3246 3538 qua
3294 3468 3536 3533 ratione,
3588 3485 3720 3523 cum

2079 3553 2188 3609 hoc
2219 3554 2437 3609 dictum
2470 3554 2810 3610 innumeros
2842 3556 3054 3611 habeat
3084 3572 3313 3627 sensus,
3338 3561 3400 3610 tu
3434 3557 3721 3628 periculo-

2082 3643 2291 3699 siorem
2325 3642 2570 3715 elegeris
2617 3648 2860 3714 partem,
2913 3645 3074 3699 aiens
3119 3644 3410 3715 prolatum
3454 3645 3636 3700 fuisse
3665 3646 3723 3699 in

2081 3732 2470 3805 ignorantiam
2503 3733 2790 3788 Creatoris
2847 3733 3228 3804 omniumque
3258 3736 3366 3789 sub
3408 3750 3472 3789 eo
3506 3735 3722 3805 posito-

2083 3839 2234 3877 rum.
2261 3822 2564 3877 Enimvero
2590 3821 2845 3894 primum
2870 3826 3059 3894 potest
3080 3824 3480 3879 testimonium
3503 3825 3725 3879 dictum

2082 3927 2210 3967 esse
2239 3911 2297 3965 in
2331 3928 2536 3967 omnes
2582 3912 2836 3980 Judzeos,
2884 3913 2979 3983 qui
3030 3918 3255 3983 patrem
3299 3913 3513 3968 Christi
3558 3918 3733 3985 puta...

2083 4001 2225 4055 bant
2253 3999 2526 4055 Davidem
2576 4017 2723 4070 esse,
2773 4005 2948 4073 atque
2995 4001 3291 4057 Christum
3337 4004 3464 4072 ejus
3514 4003 3723 4073 filium,

2081 4089 2297 4161 quique
2342 4089 2548 4143 Filium
2598 4088 2698 4144 Dei
2744 4106 2859 4144 non
2904 4096 3310 4162 cognoverant.
3365 4092 3550 4155 Quare
3592 4097 3722 4164 apte

2081 4178 2302 4234 dictum
2338 4183 2425 4232 est
2457 4194 2471 4232 :
2504 4182 2674 4234 Nemo
2698 4179 2846 4234 novit
2876 4181 3117 4248 Putrem,
3143 4181 3284 4251 quia
3318 4198 3418 4251 pro
3450 4181 3563 4237 Deo
3597 4198 3719 4236 om-

2080 4283 2183 4322 nes
2204 4266 2480 4322 Davidem
2504 4267 2738 4322 aiebant
2773 4285 2785 4322 :
2821 4274 2877 4323 et
2920 4271 3075 4340 quod
3105 4271 3428 4342 subjungit,
3460 4272 3603 4325 sicut
3627 4286 3725 4325 nec

2079 4357 2283 4411 Filium
2311 4357 2431 4427 quis
2462 4358 2634 4421 novit,
2668 4357 2888 4412 dictum
2920 4363 3028 4427 est,
3048 4359 3183 4429 quia
3212 4376 3342 4414 eum
3368 4359 3574 4414 Filium
3599 4376 3727 4415 esse

2080 4445 2470 4514 nesciverunt,
2505 4451 2562 4500 et
2586 4446 2741 4516 quod
2776 4445 2857 4500 ait
2889 4463 2900 4500 :
2946 4447 3149 4514 Quibus
3173 4452 3404 4504 voluerit
3436 4449 3612 4504 Filius
3642 4464 3726 4503 rc-

2076 4536 2437 4605 velare,recte
2460 4535 2763 4606 habet,qui
2788 4536 2941 4590 enim
2965 4537 3036 4591 ab
3060 4537 3223 4592 initio
3248 4545 3335 4592 est
3358 4537 3726 4604 Filius,solus

316 4614 403 4669 ἀπ’
435 4617 616 4691 ἀρχῆς
669 4611 741 4669 ὢν
793 4615 916 4677 Υἱὸς
971 4614 1133 4687 μόνος
1188 4615 1535 4693 ὡρίσθη,⁹ίνα
1584 4620 1664 4680 οἷς
1714 4619 1972 4695 βούλεται

2089 4626 2411 4680 destinatus
2442 4628 2549 4691 est,
2581 4629 2646 4679 ut
2678 4625 2892 4695 quibus
2933 4627 3093 4697 cupit
3123 4627 3351 4681 revelet.
3396 4630 3461 4681 Et
3493 4629 3577 4682 sic
3612 4644 3723 4681 non

320 4701 663 4778 ἀποκαλύψῃ.
698 4702 796 4758 Καὶ
853 4703 1026 4767 οὕτως
1078 4702 1296 4760 δύναται
1336 4703 1517 4780 Ἀδὰμ
1567 4708 1594 4761 ὁ
1638 4709 1969 4781 πρωτόπλα-

317 4813 438 4856 στος
472 4792 631 4849 αὑτὸν
664 4794 740 4867 μὴ
774 4793 1008 4869 ἀγνοεῖν,
1041 4791 1166 4849 οὐδὲ
1206 4795 1383 4872 Ἑνὼχ
1411 4796 1438 4851 ὁ
1473 4796 1832 4873 εὐαρεστήσας
1890 4803 1966 4875 μὴ

2083 4718 2275 4787 potest
2304 4714 2585 4781 Adamus,
2620 4714 2845 4785 primus
2878 4720 3109 4770 creatus
3139 4716 3334 4782 homo,
3368 4715 3533 4769 illum
3565 4716 3725 4786 igno-

2082 4820 2244 4861 rasse
2273 4817 2458 4873 neque
2478 4802 2693 4870 Enoch,
2729 4802 2826 4873 qui
2858 4802 3099 4875 placuit,
3122 4804 3426 4874 neseiisse,
3460 4820 3562 4859 nec
3581 4803 3721 4871 Noe,

1671 4915 1909 4975 VARIzE
1944 4916 2349 4976 LECTIONES.

384 5008 430 5090 ’ξ
460 5008 604 5090 νρι).
635 5006 726 5062 καὶ
782 5008 835 5090 6_
862 5007 1052 5090 Σίμων
1081 5025 1227 5090 _om.
1288 5011 1352 5067 Ο.
1383 5010 1473 5090 -.⁸⁸
1531 5008 1972 5090 ἐπιτετευχθέντα
2027 5021 2085 5090 C,
2121 5014 2533 5090 ἐπιτετευγμένα
2563 5016 2636 5090 _S.
2715 5017 2757 5051 ⁸⁷
2803 5011 2939 5090 οἶδεν
3114 5016 3158 5052 ⁸⁸
3185 5014 3311 5087 ’ίδης
3343 5021 3400 5090 Ο.
3450 5020 3524 5090 μθο
3552 5016 3726 5071 αὐτῶν

316 5081 525 5159 scripsi
583 5097 653 5136 ex
705 5081 974 5159 conject.,
1015 5085 1099 5159 _t_1t
1152 5082 1458 5159 sequentia
1528 5089 1689 5159 stare
1764 5081 2011 5159 possint,
2073 5081 2260 5142 ἑαυτόν
2317 5081 2383 5157 C,
2399 5081 2500 5143 Ὀ.
2561 5088 2708 5159 Tum
2791 5089 2925 5159 add.
2984 5088 3058 5149 ὡς
3109 5081 3277 5159 ante'
3332 5088 3490 5151 αὐτός
3554 5107 3601 5146 c.
3657 5096 3719 5159 ο.

317 5149 648 5227 Lectionem
678 5149 986 5227 utriusque
1015 5152 1184 5227 Hom.
1218 5149 1344 5227 cod.
1379 5149 1451 5208 ὣν
1484 5152 1739 5227 αὐθέντης
1764 5149 1928 5212 ἆύτόν
1956 5149 2238 5216 δ’ἰιιιιειιιε.
2268 5149 2520 5215 mutavit
2549 5158 2607 5213 in
2640 5158 2715 5219 ὡς
2747 5157 3002 5227 αὐθέντην
3064 5158 3243 5221 αὐτός.
3322 5162 3365 5197 ⁹⁰
3405 5149 3551 5217 Vbb.
3611 5157 3722 5213 οὐδ’

316 5223 343 5278 ὁ
373 5223 567 5303 ᾗσι-ὡς,
597 5243 649 5279 κ.
681 5242 733 5278 τ.
765 5221 820 5278 λ.
855 5221 1077 5297 absque
1105 5225 1480 5303 distinctione
1510 5226 1569 5283 in
1604 5221 1716 5285 ms'.
1750 5230 1811 5285 Id
1844 5235 1933 5288 est
1963 5248 1977 5287 :
2012 5232 2197 5303 Neque
2237 5240 2410 5303 stans,
2453 5232 2621 5286 alteri
2667 5221 3043 5303 oppositus'et
3085 5233 3453 5302 adversarius,
3482 5236 3723 5288 staturus

313 5299 407 5352 est.
440 5298 624 5376 Quem
657 5311 897 5376 sensum
931 5298 1189 5376 u‘t’pgtui
1221 5298 1555 5376 expiscatus
1589 5303 1982 5376 sum,7partim
2014 5320 2082 5359 ex
2101 5298 2389 5359 orationis
2420 5303 2587 5369 serie,
2623 5298 2831 5373 partim
2865 5321 2931 5359 ex
2957 5302 3091 5376 aliis
3122 5305 3330 5359 borum
3362 5298 3720 5376 apocrypho-

314 5367 637 5447 rum_locis,
670 5366 828 5423 hom.
860 5366 1045 5447 11,22,
1076 5370 1182 5447 24;
1215 5366 1364 5447 111,2
1389 5388 1405 5447 ;_
1432 5388 1592 5447 avri,
1628 5373 1676 5426 1.
1711 5366 1861 5444 Epit.
1893 5391 1941 5430 c.
1972 5376 2061 5429 25.
2099 5377 2433 5447 Recogn..,n,
2463 5376 2536 5440 7;
2566 5366 2648 5447 in:
2680 5376 2766 5447 47.
2802 5374 3037 5447 Ο.Μὶὺὶ
3065 5366 3719 5447 ᾳυίᾀθω,οο]1.ριῗεέδθῐι-

311 5442 415 5517 tim
447 5438 573 5517 loco
608 5439 760 5517 hom:
798 5457 858 5507 ιι,
888 5442 979 5517 22ε
1010 5446 1211 5517 nostra
1239 5442 1324 5517 sic
1357 5438 1627 5517 videntur
1656 5438 1785 5500 esse
1818 5447 2179 5517 restituenda
2212 5438 2374 5501 {068’
2402 5438 2482 5500 δτι
2517 5438 2627 5517 (vel
2660 5446 2835 5500 etiam
2867 5444 2947 5498 ὅτι
2981 5444 3042 5498 σύ
3075 5438 3205 5502 coll.
3258 5438 3414 5501 hom.
3466 5438 3624 5513 ivm,
3657 5448 3713 5517 7)

312 5509 539 5591 ῥέα-τὼς
586 5507 1032 5591 ςτηρόμεξοςὴἆεὶ
1063 5511 1149 5591 ᾖ(μαὶ
1180 5511 1259 5591 μὴ
1293 5511 1741 5591 κεισόμενος-(Ϋβί
1776 5516 2149 5591 πεσούμενος).
2182 5523 2237 5591 S.
2290 5519 2477 5591 Codex
2522 5507 2638 5591 Ott.
2673 5520 2979 5591 confirmat
3030 5517 3332 5591 lectionem
3388 5536 3419 5571 a
3468 5518 3508 5573 Ο
3558 5507 3714 5591 exibi;

311 5584 515 5659 bium.
572 5580 893 5659 _“_&an€6<
926 5582 984 5637 C.
1062 5580 1235 5659 "706x.
1267 5580 1357 5659 οὖν
1392 5580 1456 5638 C.
1530 5586 1573 5621 ⁰³
1607 5580 1765 5659 δήὸ.
1801 5584 1857 5640 δέ
1886 5580 2039 5652 (1,Ὀ.
2114 5580 2164 5625 δ⁴
2194 5587 2539 5659 ἀποκαλύψαι
2574 5588 2616 5643 Ο
2676 5605 2725 5643 c.
2787 5590 2852 5656 1),

2904 5588 3242 5659 ἀποκαλύψει
3286 5591 3343 5661 C7.
3420 5590 3464 5623 9⁵
3500 5588 3713 5661 μυρίοις

310 5654 409 5735 2⁸
439 5655 495 5735 ξε
521 5651 615 5735 τόγ
647 5651 774 5735 ρέει
801 5654 861 5708 in
894 5670 1086 5735 marg.
1111 5658 1169 5735 (ξ,
1202 5657 1299 5708 τοῦ
1329 5651 1721 5735 in_.text_u.."°7
1756 5659 1890 5733 Leg.
1924 5659 2245 5735 ἐγνωκότας.
2281 5662 2439 5717 Idem
2461 5651 2776 5731 'proposuit
2806 5651 3274 5731 S'chliemann'us,
3305 5651 3711 5735 Cleiii.,'p.'200,

307 5726 413 5783 569
435 5728 494 5781 S.
572 5725 616 5759 ⁸⁸
646 5718 856 5798 ᾔδησαν
890 5725 956 5795 Ο,
991 5718 1090 5798 qui
1128 5718 1255 5783 tum
1286 5726 1489 5784 scribit
1522 5724 1796 5802 βούλεται.
