4082 6208
407 322 521 380 423

1230 309 1291 368 8.
1342 306 1782 368 CLEMENTIS
1833 307 1851 364 l
1900 302 2089 367 ROM.
2136 308 2365 368 PONT.
2411 310 2668 369 OPERA
2714 314 2975 375 DUBIA.

3639 333 3736 394 424

412 449 609 517 telligo
641 445 657 516 (
690 444 842 498 sicut
872 457 938 495 ex
971 440 1041 494 iis
1094 456 1226 510 quce
1282 438 1353 493 ab
1403 436 1566 492 initio
1625 435 1817 491 audivi
1862 435 2044 491 habeo

2161 456 2236 507 σε⁹
2269 436 2345 498 ὡς
2374 437 2464 530 ᾇφ’
2510 440 2582 493 ὧν
2626 442 2714 495 ἀπ’
2763 442 2941 519 ἀρχῆς
3003 446 3310 518 ἐπακηκοὼς
3366 449 3641 530 ἐπίσταμαι,
3670 462 3738 516 ὅτι

410 530 973 607 compertum)quod
1010 529 1151 582 nihil
1184 527 1339 583 aliud
1384 526 1486 595 tibi
1538 524 1899 597 prepositum
1949 524 2045 590 sit,

409 642 581 698 quam
619 622 779 678 omni
825 618 1099 675 machina
1147 619 1473 685 ostendere,
1532 616 1859 672 Creatorem
1920 631 2047 669 esse

409 731 589 771 unum
613 710 974 783 inculpatum
1008 708 1497 777 Deum,tantoque
1521 705 1730 777 ﬂagres
1762 703 2047 760 desiderio

405 802 752 862 sententiam
785 797 1192 864 confirmandi,
1238 800 1300 850 ut
1326 800 1382 850 et
1422 795 1687 866 quaedam
1719 793 2047 864 Scriptura-

404 910 537 949 rum
587 890 863 963 capitula,
916 904 1042 959 quze
1092 891 1288 957 aperte
1339 885 1505 938 illum
1552 887 1851 949 accusant,
1899 881 2047 936 falsa

404 982 595 1037 dicere
626 980 863 1046 audeas,
906 994 975 1032 ea
1003 976 1073 1031 de
1103 992 1279 1030 causa
1311 973 1537 1028 institui
1571 972 1743 1026 hodie
1778 971 2044 1042 probare,

404 1068 767 1142 impossibile
800 1083 927 1122 esse
960 1069 1021 1120 ut
1052 1064 1315 1120 omnium
1356 1062 1623 1117 conditor
1666 1060 1742 1116 sit
1779 1058 2045 1131 inculpa-

403 1158 933 1215 tus.Probationem
966 1171 1098 1209 vero
1132 1153 1406 1208 inchoare
1438 1167 1678 1223 possum
1704 1148 2046 1220 jam,siqui-

407 1250 535 1304 dem
569 1249 639 1302 ad
671 1247 751 1313 id,
785 1246 938 1317 quod
972 1243 1316 1299 sciscitabor
1346 1259 1379 1297 a
1410 1240 1636 1307 te,mihi
1668 1238 2043 1311 respondeas.

478 1338 549 1394 ΙΙ.
581 1336 681 1391 Ais
712 1334 965 1407 aliquem
1001 1331 1233 1387 malitiae
1266 1330 1590 1402 principem
1628 1344 1893 1396 esse,nec
1924 1343 1997 1382 ne
2019 1326 2047 1381 ‘I

406 1426 556 1485 Nam
589 1425 637 1480 si
669 1424 883 1480 dixeris
924 1439 1039 1477 non
1071 1437 1219 1486 esse,
1253 1437 1321 1474 ex
1352 1419 1575 1483 multis,
1627 1418 1814 1489 iisque
1866 1434 1898 1471 a
1929 1416 2046 1473 Ma-

414 1516 599 1588 gistro
632 1518 730 1569 tuo
763 1512 1025 1585 prolatis,
1058 1511 1242 1565 habeo
1292 1509 1597 1564 ostendere
1644 1508 1797 1578 quod
1842 1506 1933 1561 sit.
1990 1505 2045 1561 Si

412 1621 545 1660 vero
578 1619 742 1674 aequo
783 1602 979 1656 animo
1038 1599 1339 1654 confessus
1389 1597 1570 1653 fueris
1618 1612 1746 1652 esse
1800 1595 2045 1661 malum,

412 1696 837 1764 consequenter
867 1706 1195 1745 sermonem
1230 1686 1458 1742 faciam.
1502 1687 1568 1740 Et
1616 1687 1818 1742 Petrus
1853 1702 1865 1738 :
1903 1683 2047 1739 Fieri

411 1783 631 1855 nequit,
665 1785 728 1835 ut
758 1796 952 1835 vocem
987 1777 1247 1850 Magistri
1285 1776 1395 1831 mei
1445 1777 1747 1845 denegem,
1782 1792 1961 1847 quare
1992 1774 2045 1829 fa
2080 1810 2126 1875 B

408 1877 532 1926 teor
566 1870 783 1925 malum
818 1866 1117 1938 essc,quia
1148 1882 1297 1937 saepe
1330 1864 1495 1919 illum
1527 1864 1771 1919 existere
1803 1866 2048 1918 testatus

409 1960 614 2031 estqui
651 1963 859 2013 cuncta
917 1973 1047 2011 vere
1104 1954 1435 2027 praedicavit
1492 1953 1782 2025 Magister.
1838 1952 2045 2007 Statim

407 2047 605 2119 itaque
635 2044 1074 2115 conﬁtetur,per
1100 2041 1489 2114 quadraginta
1518 2041 1643 2097 dies
1692 2039 2044 2096 collocutum

400 2134 717 2191 tentavisse
748 2135 941 2205 ipsum
972 2133 1070 2204 (a).
1106 2133 1176 2186 Et
1206 2130 1342 2185 alibi
1372 2130 1503 2184 novi
1534 2147 1666 2185 eum
1701 2129 1915 2185 dixisse
1948 2146 1960 2184 :
1986 2128 2047 2184 Si

401 2225 635 2280 Satanas
664 2224 929 2279 Satanam
957 2223 1162 2293 ejiciat,
1208 2221 1477 2275 adversus
1532 2235 1589 2274 se
1648 2219 1864 2274 divisus
1916 2221 2042 2273 est:

402 2331 504 2386 quo
526 2313 684 2369 modo
712 2329 835 2383 ergo
863 2312 1074 2367 steterit
1106 2327 1333 2382 regnum
1366 2310 1440 2381 (b)
1462 2312 1487 2361 .9
1517 2308 1583 2363 Et
1631 2308 1784 2380 quod
1834 2308 2044 2362 viderit

402 2408 675 2460 Satanam
708 2403 859 2458 sicut
890 2401 1086 2474 fulgur
1112 2401 1415 2455 cadentem
1449 2400 1519 2454 de
1568 2397 1733 2465 coelo,
1782 2397 2041 2453 declara-

400 2493 478 2548 vii
500 2493 591 2564 (ε).
627 2494 809 2563 Atque
840 2490 977 2546 alibi
1024 2489 1103 2544 ait
1135 2508 1147 2545 :
1186 2491 1291 2558 Qui
1318 2505 1443 2544 vero
1482 2488 1691 2542 malum
1731 2503 1911 2542 semen
1956 2502 2039 2541 se-

400 2584 601 2648 minat,
632 2588 711 2635 est
740 2579 988 2634 diabolus
1013 2578 1110 2650 (d).
1137 2579 1204 2632 Et
1264 2577 1475 2632 iterum
1501 2592 1516 2631 :
1550 2575 1739 2633 Nolite
1791 2575 1922 2631 dare
1950 2592 2041 2631 oc-

403 2672 681 2726 casionem
710 2670 875 2724 malo.
910 2667 1059 2731 Quin
1091 2666 1267 2722 etiam
1298 2665 1610 2721 consilium
1641 2664 1801 2720 dedit
1832 2664 1924 2720 his
1945 2680 2042 2720 ver

402 2759 495 2815 bis
523 2776 536 2814 :
570 2758 654 2813 Sit
684 2761 943 2828 vestrum,
968 2758 1081 2822 Est,
1112 2764 1208 2823 est,
1240 2772 1303 2810 ac
1330 2760 1471 2817 Non,
1497 2770 1609 2809 non
1632 2771 1652 2816 ;
1693 2754 1833 2825 quod
1859 2762 2043 2808 autem

405 2848 491 2903 his
524 2846 893 2903 abundantius
929 2848 1025 2911 est,
1057 2862 1093 2900 (ι
1119 2846 1262 2900 malo
1293 2853 1373 2899 est
1405 2844 1494 2917 (ε).
1547 2843 1657 2898 Sed
1707 2848 1764 2898 et
1808 2842 1864 2897 in
1910 2859 2040 2898 ora-

402 2937 563 2993 tione
593 2953 771 3009 quam
801 2934 1063 3000 tradidit,
1096 2934 1314 2989 dictum
1358 2933 1644 2988 habemus
1670 2948 1682 2986 :
1717 2932 1916 2987 Libera
1943 2948 2042 2988 nos

399 3042 432 3081 a
464 3026 611 3081 malo
641 3025 735 3099 (Ῑ).
768 3025 838 3079 Et
867 3023 978 3079 alio
1011 3024 1261 3095 quodam
1293 3023 1354 3077 in
1400 3022 1524 3077 loco
1555 3020 1918 3077 denuntiavit
1946 3021 2041 3076 di-

402 3130 530 3169 cere
560 3112 758 3185 impiis
793 3131 805 3168 :
837 3112 1101 3167 Discedite
1145 3112 1206 3166 in
1248 3113 1504 3166 tenebras
1550 3112 1873 3181 exteriores,
1906 3126 2040 3183 quas

399 3206 615 3276 paravit
642 3175 804 3258 Pater
834 3202 1057 3258 diabolo
1085 3211 1138 3257 et
1186 3203 1398 3270 angelis
1445 3201 1563 3272 ejus
1619 3200 1714 3273 (ρ).
1774 3175 1952 3255 Αοήἒ
1981 3200 2039 3255 in
2073 3175 2113 3241 Ο

399 3291 640 3365 longum
672 3292 991 3364 producam
1024 3290 1370 3358 orationem,
1405 3291 1621 3361 saepius
1680 3289 1799 3345 scio
1858 3289 2040 3360 Magi-

399 3386 588 3436 strum
618 3397 809 3435 meum
845 3379 1113 3436 docuisse
1143 3396 1272 3434 esse
1303 3378 1910 3445 diabolum.Quocirca
1936 3394 2041 3451 ego

396 3485 629 3539 quoque
661 3470 844 3524 fateor
872 3467 1040 3523 illum
1102 3466 1368 3523 existere.
1431 3472 1507 3522 De
1565 3472 1785 3537 caetero,
1818 3467 1867 3521 si
1901 3466 2040 3538 quid

396 3556 578 3613 habes
619 3561 1044 3629 consequenter
1092 3556 1427 3627 dicendum,
1491 3555 1644 3612 sicut
1696 3555 2041 3627 promisisti,

395 3646 686 3718 eloquere.

466 3823 567 3879 III.
603 3824 670 3878 Et
700 3822 940 3878 Simon:
976 3821 1261 3886 Quoniam
1292 3821 1473 3895 igitur
1489 3838 1651 3894 aaquo
1686 3821 1883 3877 animo
1914 3838 2046 3877 con-

396 3912 588 3967 fessus
611 3928 673 3967 es
706 3911 926 3966 malum
960 3911 1224 3976 existere,
1260 3928 1328 3966 ex
1362 3911 1701 3983 Scripturis,
1730 3911 1821 3966 dic
1852 3911 2040 3979 nobis,

395 4018 509 4072 quo
545 4001 716 4055 modo
750 4002 936 4056 factus
968 4000 1116 4069 sit,si
1145 4001 1331 4055 factus
1361 4006 1469 4068 est,
1495 4007 1551 4055 et
1582 4018 1615 4054 a
1638 4008 1838 4072 quo,et
1866 4017 2047 4071 quare

395 4093 476 4144 Ac
510 4090 714 4145 Petrus
750 4106 761 4145 :
799 4092 1037 4160 Ignosce
1072 4089 1467 4157 mihi.Simon,
1497 4106 1612 4145 non
1640 4090 1826 4145 audeo
1857 4090 2047 4145 dicere

403 4178 555 4247 quod
592 4178 873 4249 scriptum
908 4195 1018 4233 non
1052 4178 1269 4233 est.Vel
1287 4178 1334 4233 si
1358 4183 1423 4233 tu
1448 4178 1731 4249 scriptum
1757 4178 2045 4247 afﬁrmas,

404 4269 666 4323 ostende.
703 4269 800 4323 Sin
833 4285 986 4337 vero,
1024 4274 1313 4339 quatenus
1346 4284 1458 4323 non
1510 4267 1741 4339 legitur,
1775 4268 1949 4323 etiam
1982 4273 2046 4323 tu

404 4356 459 4412 id
495 4374 608 4412 non
644 4362 806 4429 potes
836 4358 1166 4425 ostendere,
1197 4374 1300 4412 cur
1328 4357 1399 4411 de
1430 4357 1605 4411 rebus
1639 4373 1753 4411 non
1813 4357 2048 4428 scriptis

401 4445 825 4516 pronuntiandi
850 4446 1123 4501 subimus
1146 4443 1503 4518 periculum?
1519 4444 1575 4500 Si
1592 4445 1746 4500 enim
1780 4462 1892 4501 non
1925 4462 2048 4502 cre-

483 4552 561 4623 (α)
592 4554 764 4608 Marc.
799 4570 840 4624 Ι,
871 4553 960 4609 13.

500 4625 553 4695 b)
583 4624 784 4680 Matth.
820 4642 921 4691 x11,
951 4625 1042 4681 26.

492 4695 542 4821 ((22
576 4696 714 4751 Luc.
748 4713 804 4761 x,
838 4698 926 4751 18.

541 4767 555 4821 l
589 4768 793 4821 Matth.
827 4784 926 4821 xm

475 4767 555 4839 (ἀ)
589 4768 793 4824 Matth.
827 4784 951 4835 xm,
983 4767 1073 4822 39.

2162 525 2329 595 μηθὲν
2362 522 2662 619 ἕτερόν-σοι
2691 531 2993 604 πρόκειται,
3026 537 3061 605 ἢ
3096 538 3231 612 πάσῃ
3266 548 3471 617 μηχανῇ
3518 522 3598 599 τὸν
3631 522 3738 619 ’Δη-

2162 615 2423 689 μιοοργὸν
2451 614 2609 670 αὐτὸν
2644 614 2808 691 δεῖξαι
2848 622 3007 695 μόνον
3042 626 3313 699 ἄμεμπτον
3347 614 3467 684 εἶναι
3501 632 3632 706 Θεὸν,
3667 614 3739 691 καὶ

2154 706 2410 756 τοσοῦτον
2466 706 2834 782 προαιρέσεως
2884 714 2928 747 ⁴⁶
2976 714 3140 768 πόθον
3218 714 3406 791 ἔχοντα
3462 717 3740 797 διισχυρίζεο

2156 801 2297 863 σθαι,
2332 790 2405 853 ὡς
2425 793 2512 846 καὶ
2547 793 2686 857 ἐνίας
2717 802 2822 852 τῶν
2858 805 3081 880 Γραφῶν
3122 806 3407 880 περικοπὰς
3460 780 3634 886 cacas.
3656 780 3737 869 κᾷ-

2153 877 2484 955 ταλεγούσας
2515 882 2678 937 αὑτοῦ
2733 885 2947 960 τολμᾷν
2981 877 3217 964 Ἵψευδεῖς
3267 892 3452 970 λέγειν’
3479 877 3539 951 οὗ¹
3582 898 3735 956 εἵνεκεν

2154 968 2477 1045 προῄρημαι
2538 975 2777 1048 σήμερον
2835 976 3134 1051 ἀποδεῖξαι,
3194 982 3274 1037 ὅτι
3331 968 3561 1041 ἀδύνατόν
3615 989 3727 1045 ἐστιν

2155 1056 2312 1111 αὐτὸν
2346 1060 2555 1115 πάντων
2590 1060 2926 1141 δημιουργὸν
2973 1063 3101 1124 ὅντα
3161 1067 3440 1145 ἄμεμπτον
3489 1074 3610 1133 εἶναι.
3636 1084 3723 1149 Τῆς

2156 1143 2213 1199 δὲ
2270 1146 2595 1220 ἀποδείξεως
2649 1151 2759 1224 ’ἤδη
2816 1156 3068 1229 ἄρξασθαι
3120 1143 3369 1234 δύναμαι,
3400 1160 3478 1216 ἐάν
3503 1184 3553 1240 γε
3574 1143 3723 1240 πρὸςῖ

2155 1238 2489 1310 πυνθάνομαί
2521 1261 2637 1311 σου,
2671 1241 2935 1319 ἀποκρίνῃ
2968 1268 3083 1319 μοι.

2226 1331 2298 1382 ΙΙ.
2334 1328 2453 1400 Φῄς
2510 1350 2625 1384 τινα
2670 1331 2861 1395 κικίας
2918 1335 3168 1409 ἡγεμόνα
3231 1338 3383 1409 εἶναι,
3418 1339 3452 1408 ἢ
3507 1338 3589 1411 cii;
3638 1344 3735 1400 Ἐὰν

2154 1414 2256 1490 γὰρ
2289 1418 2331 1452 ⁴⁷
2372 1414 2522 1491 sica-pi:
2552 1419 2629 1491 μή
2663 1422 2816 1491 εἴναι,
2850 1425 3003 1483 372
3037 1424 3096 1480 ἐκ
3145 1424 3367 1483 πολλῶν
3415 1429 3495 1483 καὶ
3535 1435 3625 1484 τῶν
3662 1436 3740 1485 τοῦ

2157 1501 2492 1561 Διδασκάλου
2525 1528 2619 1561 σου
2649 1507 2924 1581 ἀποδεῖξαι
2957 1508 3092 1589 ἔχω,
3126 1512 3211 1569 ὅτι
3241 1513 3394 1571 ἔστιν’
3429 1515 3473 1571 εἶ’
3498 1514 3548 1572 δὲ
3575 1518 3742 1594 εὐγνω-

2160 1597 2335 1665 μονῶν
2396 1593 2750 1672 ὁμολογήσῃς
2804 1602 2847 1636 ⁴⁸
2888 1603 3022 1656 εἶναι
3080 1603 3170 1658 τὸν
3230 1606 3475 1681 πονηρὸν,
3507 1605 3743 1679 ἑπομένως

2156 1686 2372 1754 ποιήσω
2400 1684 2491 1738 τὸν
2522 1683 2705 1761 λόγον.
2742 1687 2838 1742 Καὶ
2890 1690 2917 1743 ὁ
2950 1690 3174 1767 Πέτρος·
3213 1689 3484 1748 Ἀδύνατόν
3530 1692 3626 1749 ἔστί
3668 1716 3745 1767 μοι

2157 1773 2339 1846 φωνὴν
2370 1778 2465 1827 τοῦ
2497 1772 2633 1846 ἐμοῦ
2666 1776 2991 1849 ἀρνήσασθαι
3025 1777 3379 1854 Διδασκάλου,
3413 1779 3491 1837 διὸ
3516 1783 3595 1836 καὶ
3640 1784 3747 1857 ὁμο-

2157 1859 2307 1937 λογῶ
2334 1864 2466 1916 εἶναι
2496 1864 2586 1918 τὸν
2618 1867 2879 1939 πονηρὸν,
2909 1867 2990 1922 ὅτι
3024 1868 3296 1931 πολλάκις
3329 1870 3476 1925 αὐτὸν
3521 1871 3744 1947 ὑπάρχειν

2159 1950 2384 2005 όπάντα
2441 1950 2738 2018 ἀληθεύσας
2789 1952 2974 2031 εἷ’ρηκε
3023 1954 3376 2020 Διδάσκαλος.
3426 1958 3607 2013 Αὐτίκα
3641 1964 3747 2034 γοῦν

2159 2038 2430 2114 ὁμολογεῖ
2472 2039 2560 2095 ἐπὶ
2597 2045 2991 2119 τεσσαράκοντα
3041 2046 3256 2121 ἡμέρας
3301 2044 3627 2123 διαλεχθέντα
3674 2069 3749 2101 πε-

2153 2128 2459 2205 πειρακὲναι
2493 2130 2672 2187 αὐτόν.
2702 2134 2805 2188 Καὶ
2835 2131 2977 2208 ἄλλῃ
3007 2155 3110 2189 που
3145 2133 3269 2190 οῖδα
3315 2135 3465 2190 αὐτὸν
3514 2136 3749 2211 εἷρηκότα’

2152 2217 2215 2273 El
2276 2217 2302 2271 ὀ
2358 2224 2595 2280 Σατανᾶς
2653 2219 2745 2273 τὸν
2807 2227 3043 2277 Σατανᾶν
3100 2217 3360 2277 ἐκϐάλλει
3419 2227 3478 2292 ‘9,
3527 2222 3598 2302 ἐφ’
3650 2225 3749 2277 tau-

2148 2307 2238 2361 τὸν
2293 2306 2574 2383 ἐμερίσθη,
2637 2312 2755 2369 πῶς
2814 2306 2905 2363 οὖν
2981 2309 3145 2365 αὐτοῦ
3222 2313 3389 2386 στήκῃ
3443 2314 3485 2348 ⁸ο
3534 2314 3566 2378 ἡ
3630 2313 3753 2388 βασι-

2151 2394 2312 2465 λείας
2360 2396 2458 2450 Καὶ
2516 2395 2600 2450 δτι
2649 2397 2852 2470 ἑώρακε
2908 2398 2997 2452 τὸν
3057 2401 3299 2475 πονηρὸν
3357 2401 3429 2463 ὡς
3512 2402 3750 2472 ἀστραπὴν

2150 2485 2380 2540 πεσόντα
2437 2484 2497 2539 ἐκ
2546 2489 2642 2540 τοῦ
2699 2485 2933 2559 οὐρανοῦ
2993 2485 3270 2559 ἐδήλωσεν
3312 2489 3405 2544 Καὶ
3438 2487 3616 2544 ἄλλοθι
3646 2488 3748 2568 ἔφη·

2151 2574 2211 2630 Ὀ
2269 2571 2325 2628 δὲ
2380 2574 2442 2628 τὸ
2489 2574 2649 2629 κακὸν
2702 2575 2916 2651 σπέρμα
2973 2574 3197 2651 σπείρας
3257 2577 3391 2632 ἐστὶν
3435 2577 3460 2631 ὀ
3506 2573 3748 2637 διάϐολος.

2149 2663 2248 2717 Καὶ
2304 2662 2489 2717 πάλιν·
2550 2664 2637 2733 Μή
2716 2661 2836 2719 δότε
2895 2666 3006 2738 (61)
3061 2665 3328 2741 πρόφασιν
3404 2671 3475 2738 τῷ
3537 2670 3754 2741 πονηρῷ.

2152 2750 2327 2806 ’Δλλά
2354 2752 2442 2806 καὶ
2475 2747 2864 2824 συμϐουλεύων
2900 2750 3132 2828 ετ⁷ρηκεν·
3167 2756 3347 2811 Ἔστω
3380 2755 3517 2828 ὑμῶν
3570 2756 3624 2810 τὸ
3658 2754 3751 2825 ναὶ,

2149 2839 2255 2909 ναὶ,
2296 2840 2383 2896 καὶ
2432 2841 2494 2895 τὸ
2544 2838 2626 2913 οὔ,
2687 2838 2769 2896 οὔ·
2803 2842 2866 2896 τὸ
2915 2840 2972 2896 δὲ
3018 2846 3273 2920 περισσὸν
3328 2845 3519 2899 τούτων
3574 2843 3627 2898 ἐκ
3670 2846 3755 2898 τοῦ

2148 2935 2392 3005 πονηροῦ
2424 2930 2586 2987 ἐστίν,
2613 2928 2787 2986 Ἀλλὰ
2815 2930 2904 2985 καὶ
2937 2932 2987 2986 ἐν
3085 2931 3394 3008 παρέδωκεν
3426 2933 3554 3009 εὐχῇ
3580 2931 3753 3009 ἔχομεν

2150 3019 2456 3095 εἶρημὲνοψ
2491 3021 2667 3073 Ῥῦσαι
2713 3022 2860 3092 ἡμᾶς
2909 3020 3014 3075 ἀπὸ
3061 3026 3157 3076 τοῦ
3202 3026 3463 3097 πονηροῦ.
3507 3023 3595 3076 Καὶ
3635 3018 3759 3094 ἄλλῃ

2149 3131 2255 3164 που
2304 3109 2470 3163 εἰπεῖν
2532 3109 2797 3184 ὑπέσχετο
2841 3115 2957 3171 τοῖς
3000 3105 3281 3165 ἀσεϐοῦσιν
3332 3114 3394 3147 δί’
3427 3113 3656 3187 Ὑπάγετε
3698 3109 3760 3170 εἷς

2150 3198 2214 3253 τὸ
2270 3198 2461 3260 σκότος
2516 3197 2579 3252 τὸ
2640 3197 2919 3272 ἐξώτερον,
2971 3199 2999 3252 ὃ
3048 3199 3346 3271 ἡτοίμασεν
3409 3200 3435 3254 ό
3480 3201 3646 3272 Πατὴρ
3695 3202 3760 3270 τῷ

2152 3281 2397 3359 διαϐόλῳ
2436 3286 2524 3339 καὶ
2574 3292 2691 3347 τοῖς
2747 3286 3002 3361 ἀγγέλοις
3059 3287 3244 3345 αὐτοῦ.
3294 3290 3389 3343 Καὶ
3438 3287 3523 3343 ’ἕνα
3580 3289 3647 3361 μὴ
3698 3286 3759 3347 εἷς

2150 3373 2295 3431 πολὺ
2331 3375 2555 3447 μηκύνω
2582 3376 2673 3429 τὸν
2708 3375 2894 3451 λόγον,
2927 3374 3200 3439 πολλάκις
3234 3376 3355 3433 οἶδα
3400 3379 3488 3432 τὸν
3544 3374 3761 3431 Διδάσκα-

2154 3464 2249 3521 λόν
2287 3486 2390 3538 μου
2424 3464 2643 3518 εἷπόντα
2674 3466 2804 3518 εἶναι
2838 3468 2992 3522 373
3021 3466 3112 3520 τὸν
3154 3468 3414 3543 πονηρόν.
3449 3468 3535 3521 Διὸ
3564 3469 3605 3503 ⁵⁵
3631 3465 3760 3538 κάγὼ

2152 3554 2408 3630 σύμφημι
2437 3553 2594 3607 αὐτὸν
2631 3553 2917 3629 ὑπάρχειν.
2960 3556 3162 3610 Λοιπὸν
3216 3557 3268 3610 εἷ’
3303 3578 3358 3611 τι
3407 3553 3546 3631 ἔχεις
3596 3552 3763 3625 ἐπ’)μὲ-

2150 3663 2253 3705 νως
2285 3640 2485 3717 λέγειν,
2521 3642 2594 3703 ὡς
2628 3641 2887 3718 ὑπέσχου,
2918 3640 3041 3719 λέγε
3072 3645 3135 3700 ⁵³.

2225 3823 2320 3877 ΙΙΙ.
2356 3819 2457 3876 Καὶ
2485 3822 2529 3856 ⁸⁴
2560 3819 2586 3873 ό
2616 3819 2823 3892 Σίμων’
2859 3819 3007 3877 Ἑπεῖ
3043 3818 3132 3875 οὗν
3167 3820 3585 3897 εὐγνωμονήσας
3636 3821 3763 3892 ὡμο-

2155 3909 2394 3986 λόγησας
2455 3910 2587 3963 εἶναι
2640 3910 2730 3963 τὸν
2794 3909 3057 3985 πονηρὸν,
3107 3911 3212 3965 ἀπὸ
3272 3916 3516 3991 Γραφῶν,
3570 3913 3688 3979 ἡμῖν
3732 3910 3768 3943 ⁵⁵

2159 3997 2281 4074 λέγε
2328 3999 2388 4053 τὸ
2430 4004 2547 4061 πῶς
2598 4002 2835 4075 γέγονεν,
2871 3997 3020 4075 εἷ’περ
3074 3999 3320 4075 γέγονεν,
3349 4003 3439 4056 καὶ
3492 4002 3587 4056 ὑπὸ
3628 3998 3767 4067 τίνος,

2155 4084 2245 4141 καῖ
2293 4084 2381 4141 διὰ
2425 4086 2496 4143 τί.
2534 4086 2635 4142 Καὶ
2673 4086 2700 4141 ὀ
2732 4088 2949 4163 Πὲτρος·
2985 4088 3270 4165 Σύγγνωθί
3335 4111 3449 4163 μοι,
3480 4089 3671 4162 Σίμων,
3704 4086 3767 4159 μή

2156 4174 2437 4249 τολμῶντι
2488 4176 2655 4231 εἰπεῖν
2689 4177 2717 4231 ’ὀ
2752 4178 2827 4249 μὴ
2881 4176 3205 4253 γέγραπται.
3242 4178 3307 4233 Ei
3358 4179 3421 4233 σὺ
3470 4178 3569 4257 φῂς
3612 4173 3773 4251 γεγρά-

2159 4266 2306 4343 φθαι,
2341 4262 2527 4336 δεῖξον.
2561 4264 2623 4319 Ei
2656 4262 2732 4337 δὲ,
2765 4265 2900 4319 καθὰ
2933 4266 3007 4338 μή
3042 4266 3361 4342 γέγραπται,
3394 4266 3516 4322 οὐδὲ
3546 4266 3602 4321 σὺ
3631 4263 3770 4333 δεῖξαι

2160 4351 2306 4428 δύνῃ,
2339 4351 2427 4409 διὰ
2454 4353 2506 4408 τί
2543 4354 2667 4430 περὶ
2714 4358 2821 4408 τῶν
2886 4355 2961 4427 μὴ
3015 4356 3325 4433 γραφέντων
3382 4353 3775 4435 ἀποφαινόμενοι

2158 4441 2572 4517 κινδυνεύομεν;
2606 4442 2670 4498 Ei’
2697 4445 2741 4479 ⁵⁸
2796 4442 2899 4518 γὰρ
2959 4442 3021 4498 οὐ
3079 4446 3509 4520 πεπιστεύκαμεν
3556 4443 3774 4519 κριθήσι·

2082 4545 2129 4611 D
2234 4552 2303 4695 ﬂ
2335 4551 2540 4608 Matth.
2573 4568 2627 4623 v,
2658 4551 2770 4614 37;
2799 4553 2921 4608 Jac.
2952 4569 3009 4621 v,
3042 4553 3128 4609 12.

2254 4627 2283 4695 Ι
2334 4623 2538 4679 Matth.
2573 4640 2651 4693 VI,
2688 4623 2775 4677 13.

2254 4623 2302 4695 I)
2334 4623 2538 4679 Matth.
2573 4640 2651 4693 VI,
2688 4623 2775 4677 13.

2235 4697 2309 4768 (g)
2336 4695 2542 4751 Matth.
2577 4711 2709 4763 xxv,
2738 4695 2829 4751 30.

1754 4854 1997 4912 VARI/E
2041 4856 2453 4916 LECTIONES.

473 4952 519 5029 ‘5
542 4950 856 5029 Rpoaipegv
972 5017 998 5029 Δ
1281 4949 1415 5029 πρὸς
1448 4948 1485 5029 δ’
1507 4954 1581 5022 (0.
1803 4950 1891 5005 ἐὰν
1926 4952 2030 5029 γάρ
2062 4973 2175 5012 non
2208 4956 2483 5029 leguntur
2512 4952 2572 5007 in
2600 4956 2683 5029 Ο..
2739 4952 2785 5029 ξ⁸
2828 4949 3197 5029 ὁμολογήσεις
3378 4956 3425 5029 ⁸9
3448 4946 3711 5029 Ῠέκϐάλλει
3747 4945 3784 5003 Ο

402 5039 453 5108 ς.
486 5017 645 5078 textu
779 5026 878 5108 T.,‘
905 5017 1234 5108 assume.
1259 5017 1357 5108 M50
1388 5017 1572 5108 στήκει
1710 5024 1783 5107 ,δι
1818 5017 2123 5108 Ita-locum
2152 5017 2493 5108 corruptum
2527 5022 2757 5108 restitui
2786 5040 2834 5079 ο.
2860 5017 3117 5108 Ο;λόγὸν
3154 5024 3375 5108 ὑπέχειν
3405 5028 3786 5108 (ἀίοιυφνρι-δζ

403 5094 542 5149 bere
576 5121 637 5140 =
670 5092 883 5167 dicere)
914 5098 1069 5167 idem
1123 5092 1432 5167 significat
1472 5110 1538 5149 ac
1592 5092 1782 5149 εἰπεῖν.
1818 5094 2011 5153 Utitur
2068 5104 2262 5155 autem
2320 5092 2507 5167 forma
2564 5095 2734 5150 Medii
2799 5112 2914 5151 non
2966 5092 3091 5153 sine
3120 5092 3367 5167 malitia.

3451 5098 3593 5153 ectio
3616 5089 3681 5149 Οἵ
3698 5109 3727 5147 a
3752 5089 3784 5145 S

402 5167 653 5244 repetita
679 5165 810 5244 εἶπες
848 5162 1109 5244 ιξπὲσχετο
1136 5162 1252 5244 τᾷῖς
1282 5162 1522 5244 diaetae:
1557 5170 1885 5222 monstrum
1917 5182 2025 5225 est.
2103 5172 2148 5207 ⁶²
2180 5173 2286 5227 Pro
2320 5165 2402 5223 διό
2434 5168 2645 5222 lacuna
2673 5167 2734 5220 in
2765 5170 2825 5222 Ο.
2903 5167 2947 5201 ⁵³
2979 5168 3084 5224 Pro
3118 5166 3240 5244 λέγε
3270 5169 3544 5225 lacunam
3592 5164 3784 5239 praebet

405 5232 487 5292 o.‘
548 5238 653 5306 es
690 5239 816 5310 (sic)
849 5238 912 5294 0.
984 5232 1036 5273 ῖδ
1066 5236 1154 5291 καί
1180 5243 1238 5293 c.
1316 5239 1359 5273 εδ
1388 5232 1423 5304 ἤ
1457 5241 1513 5292 c.

1776 5336 2161 5395 VABIOBUM
2206 5339 2436 5396 NOTE.

502 5434 591 5503 61)
630 5433 1058 5488 Testimonium
1124 5434 1318 5489 forsan
1381 5431 1685 5503 Ebionitici
1747 5435 2051 5503 evangelii,

408 5499 585 5576 affine
617 5505 769 5559 dicto
793 5506 1109 5576 apostolico
1139 5521 1159 5576 7:
1197 5504 1347 5576 Μήτε
1380 5499 1558 5556 δίδοτε
1612 5502 1777 5556 τόπον
1836 5499 1918 5575 τῷ
1940 5499 2055 5559 διαὲ

411 5569 585 5647 ϐόλῳ,
613 5569 934 5647 Ερὶιθείιν,
966 5578 1055 5632 27.
1120 5569 1401 5647 Equidem
1460 5576 1780 5647 observavi,
1834 5569 1938 5632 nec
1994 5579 2053 5633 in

410 5646 764 5703 Ctementinis
814 5664 916 5704 nec
971 5648 1030 5703 in
1079 5646 1584 5718 Recognitionibus,
1634 5664 1760 5719 quae
1814 5665 2054 5724 apocry-

2166 5435 2298 5508 pha
2326 5450 2474 5505 saepe
2506 5432 2761 5508 diximus
2801 5434 2871 5508 ab
2929 5433 3213 5490 Ebionaais
3246 5435 3455 5508 fuisse,
3485 5429 3787 5508 depraveifi.

2168 5502 2424 5561 Paulum
2448 5503 2773 5575 apostolum
2811 5505 3052 5561 citatum
3101 5507 3366 5561 inveniri.
3417 5505 3477 5561 Ο.
3530 5502 3608 5559 De
3657 5502 3790 5575 dicio

2167 5579 2266 5634 illo
2296 5579 2445 5641 vide,
2476 5568 2602 5648 quae
2629 5591 2738 5648 nos
2777 5578 3153 5648 exposuimus
3211 5576 3537 5648 Nachapost,
3592 5568 3787 5629 Ζειίαιι.

2166 5668 2228 5719 11,
2260 5650 2386 5706 391.
2419 5642 2590 5719 8(μή
2625 5642 2703 5700 δω
2727 5665 2786 5701 τε
2815 5642 2880 5704 Ο’.
2917 5650 3189 5706 DRESSEL.
