4082 6208
318 410 418 467 429

1383 396 1917 461 CLEMENTINA.
1949 430 2025 442 —
2055 398 2388 462 HOMILlA
2431 403 2591 463 Xl\'.
2696 460 2701 463 χ

3568 414 3688 477 430

318 534 540 607 ἀληθείας
573 531 857 608 ὀρέγομαι,
907 528 981 593 ὡς
1025 525 1192 600 αὐτῆς
1221 526 1376 585 ἕνεκα
1409 531 1484 603 μὴ
1518 530 1737 598 ὀκνῆσαι
1781 549 1848 601 με
1885 532 1930 575 8°

2046 547 2223 587 causa
2254 549 2369 588 non
2400 532 2595 606 pigeat
2626 551 2719 590 me
2747 535 2925 592 etiam
2983 537 3309 609 periculum
3367 542 3685 614 suscipere.

316 625 387 679 ταὶ
414 622 469 676 τὸ
509 616 825 674 κινδυνεύειν
882 614 1253 694 ἀναδέχεσθαι,
1287 616 1439 686 Πλὴν
1489 616 1626 692 πρὸς
1655 616 1724 671 τὰ
1760 616 1931 689 ἀπαρ-

316 719 409 788 χῆς
436 730 511 765 σοι
542 708 629 763 ὑπ’
669 707 805 781 ἐμοῦ
850 708 1203 781 προταθέντα,
1239 702 1345 783 εἴγε
1387 704 1553 761 εἰπεῖν
1601 700 1768 781 ἔχεις,
1818 702 1928 775 ἤδη

316 800 438 875 λέγε.

372 888 497 943 VIII.
547 884 643 939 Καὶ
690 885 718 939 6
770 884 996 960 Πέτροςο
1050 880 1271 953 Ἐπειδὴ
1319 882 1529 956 τολμᾷν
1588 884 1726 956 ἡμᾶς
1770 882 1930 958 ἀναγ-

312 978 481 1043 κάζεις,
510 974 605 1035 τὰς
635 977 732 1027 τοῦ
759 977 893 1029 Θεοῦ
940 974 1142 1048 τέχνας
1192 966 1432 1049 ἀκριϐῶς
1483 971 1803 1049 ἐφευρόντας
1834 970 1924 1026 λέ-

309 1086 421 1139 γειν,
448 1062 531 1117 καὶ
561 1066 728 1116 ταῦτα
758 1063 1077 1136 ἀνθρώπους
1114 1060 1243 1123 τοὺς
1280 1059 1413 1134 μηδὲ
1440 1066 1548 1115 τῶν
1592 1060 1798 1133 ὁμοίων
1829 1060 1923 1122 τὰς

306 1154 471 1228 τέχνας
526 1146 825 1227 ἀκριϐῶσαι
878 1148 1227 1222 δυναμένους,
1285 1146 1374 1204 διὰ
1428 1154 1556 1225 γοῦν
1602 1150 1730 1210 τοὺς
1786 1167 1924 1220 παρ-

305 1247 530 1307 εστῶτας,
585 1240 701 1295 ἀντὶ
750 1247 851 1309 τῆς
900 1234 1286 1308 εὐσεϐεστάτης
1340 1245 1525 1313 σιγῆς,
1554 1237 1677 1311 περὶ
1727 1238 1799 1291 ὧν
1841 1238 1926 1291 θε-

305 1329 399 1392 λεις
428 1327 887 1405 διαλεχθήσομαι.
921 1326 1296 1403 Συνομυλογῶ
1328 1347 1413 1381 σοι
1436 1324 1569 1381 εἶναί
1597 1347 1718 1380 τινα
1736 1324 1925 1387 κακίας

302 1418 534 1495 ἡγεμόνα,
587 1418 649 1473 οὗ
700 1420 745 1455 ⁹⁰
788 1418 886 1487 τήν
936 1415 1140 1493 γένεσιν
1170 1418 1206 1485 ἡ
1237 1418 1277 1453 ⁹¹
1314 1416 1498 1493 Γραφὴ
1549 1410 1671 1469 οὕτε
1704 1414 1927 1486 ἀληθὲς,

302 1506 403 1563 οὔτε
444 1504 637 1581 ψευδὲς
686 1506 854 1562 εἰπεῖν
894 1504 1220 1577 ἐτόλμησεν.
1271 1504 1423 1572 Πλὴν
1478 1500 1925 1577 συνδιαπορήσω-

302 1618 378 1671 μεν
420 1594 727 1671 πολλαχῶς
768 1594 831 1648 τὸ
879 1599 999 1655 πῶς
1045 1593 1284 1669 γέγονεν,
1338 1590 1486 1667 εἷ’περ
1534 1591 1788 1668 γέγονεν,
1835 1590 1925 1645 καὶ

296 1690 384 1740 τῶν
411 1682 711 1739 δοκούντων
744 1684 804 1738 τὸ
847 1682 1218 1758 εὐφημὸτερον
1266 1679 1538 1753 ἑλώμεθα,
1575 1679 1690 1734 ἐπεὶ
1730 1679 1789 1733 ἐκ
1815 1684 1922 1734 τῶν

299 1774 495 1829 εἰκότων
526 1767 867 1845 λαμϐάνεται
914 1776 1076 1827 τοῦτο
1130 1764 1385 1845 βεϐαίως,
1414 1770 1443 1824 ὃ
1474 1772 1518 1805 ⁰²
1554 1770 1646 1841 μὲν
1697 1768 1781 1823 ὅτι
1812 1772 1926 1840 Θεῷ

294 1863 346 1916 τὸ
373 1860 741 1938 εὐφημότερον
776 1860 967 1937 πρέπει
1019 1856 1223 1930 δοῦναι,
1269 1858 1437 1931 ταύτῃ
1470 1856 1708 1931 μᾶλλον,
1739 1862 1922 1911 πασῶν

295 1952 533 2005 ὑπονοιῶν
600 1951 982 2024 καθαρθεισῶν,
1042 1947 1131 2002 καὶ
1182 1945 1359 2017 ἄλλης
1403 1949 1592 2016 ἱκανῆς
1645 1946 1733 2001 καὶ
1778 1946 1926 2000 ἀκιν-

293 2036 555 2112 δυνοτέρας
607 2036 1014 2112 παρακειμένης
1065 2036 1322 2109 ὑποψίας.
1358 2033 1512 2104 Πλὴν
1562 2032 1670 2104 ἤδη
1706 2055 1790 2088 σοι
1820 2034 1927 2109 πρὸ

288 2134 371 2196 τῆς
400 2126 547 2184 378
591 2128 867 2197 ζητήσεως
918 2125 1310 2201 ὑπισχνοῦμαι,
1362 2124 1445 2179 ὅτι
1480 2130 1625 2178 πᾶσα
1674 2120 1797 2185 ὁδος
1832 2128 1928 2193 ζη-

284 2218 468 2285 τήσεως
524 2217 817 2289 ἄμεμπτον
868 2212 1026 2268 αὐτὸν
1089 2212 1253 2287 μόνον
1315 2209 1535 2267 δύναται
1597 2209 1766 2282 δεῖξαι
1831 2211 1923 2265 τὸν

292 2303 399 2359 Θεόν
410 2348 422 2361 .
1230 2353 1237 2361 .

346 2395 427 2449 IX.
480 2391 667 2460 Πλὴν,
726 2391 800 2454 ὡς
860 2389 1017 2469 ἔφης,
1079 2392 1106 2445 6
1166 2391 1402 2464 πονηρὸς
1458 2388 1570 2465 εἴγε
1616 2388 1843 2465 γενητός
1886 2391 1930 2428 93

288 2480 432 2550 ἐστιν,
462 2481 497 2549 ἢ
530 2482 617 2542 ὥς
672 2485 807 2549 ζῶον
855 2481 1168 2555 γεγέννηται
1201 2482 1265 2547 9‘,
1298 2478 1332 2548 ἢ
1369 2476 1648 2540 οὐσιωδῶς
1700 2480 1787 2533 ὑπ’
1839 2478 1929 2532 αὐ-

288 2575 367 2624 τοῦ
395 2564 799 2645 προϐέϐληται,
832 2570 867 2638 ἢ
902 2567 1001 2641 ἔξω
1053 2568 1326 2643 κέκραται,
1357 2568 1392 2637 ἢ
1444 2571 1510 2641 τῇ
1560 2569 1744 2643 κράσει
1792 2589 1930 2639 συμ-

290 2653 496 2729 ϐέϐηκεν
550 2659 723 2714 αὐτοῦ
778 2661 813 2728 ἡ
872 2658 1218 2733 προαίρεσις,
1276 2658 1311 2726 ἢ
1367 2658 1489 2711 ἄνευ
1544 2655 1784 2732 κράσεως
1838 2656 1927 2711 καὶ

286 2751 401 2801 Θεοῦ
451 2746 669 2821 βουλῆς
723 2742 919 2816 συνέϐη
980 2744 1221 2822 γενέσθαι
1274 2745 1325 2816 ἐξ
1366 2743 1464 2799 οὒκ
1512 2740 1702 2813 ὄντων,
1735 2746 1769 2813 ἢ
1824 2745 1927 2799 ὑπὸ

290 2840 407 2890 Θεοῦ
438 2835 497 2890 ἐκ
523 2840 626 2890 τοῦ
679 2833 908 2908 μηδαμῆ
943 2837 987 2871 ⁸⁵
1020 2832 1291 2908 μηδαμῶς
1340 2834 1574 2911 γέγονεν,
1606 2834 1639 2902 ἢ
1674 2834 1823 2896 ἐκτὸς
1858 2834 1924 2903 ἧν

290 2928 408 2978 Θεοῦ
435 2927 470 2994 ἡ
503 2923 613 2994 ὕλη
652 2924 862 2999 ἁψυχος
905 2921 1035 2977 οὖσα
1081 2923 1115 2991 ἢ
1168 2920 1416 2997 ἔμψυχος
1469 2920 1588 2986 ὅθεν
1622 2923 1856 2998 γέγονεν,
1888 2922 1923 2991 ἢ

284 3012 451 3067 ἑαυτὸν
495 3010 947 3088 δημιουργήσας,
998 3012 1032 3081 ἢ
1088 3012 1190 3066 ὑπὸ
1239 3009 1372 3066 Θεοῦ
1420 3012 1684 3086 γεγονὼς,
1733 3012 1767 3080 ἢ
1816 3016 1924 3066 τῶν

282 3100 405 3176 πρός
432 3102 483 3155 τί
515 3101 690 3173 ἐστιν,
740 3102 774 3170 ἢ
807 3100 913 3155 αἰεὶ
967 3103 1057 3170 ἦν,
1101 3100 1269 3155 εἰπεῖν
1317 3100 1416 3176 γὰρ
1469 3099 1625 3154 αὐτὸν
1681 3101 1757 3172 μὴ
1791 3101 1926 3155 εἶναι

286 3188 339 3242 οὗ
367 3188 664 3263 δυνάμεθα,
713 3186 1250 3264 συνωμολογήσαμεν
1296 3189 1396 3263 γὰρ
1447 3187 1603 3242 αὐτὸν
1640 3188 1921 3264 ὑπάρχειν.

287 3278 370 3331 Καὶ
400 3279 427 3332 ὁ
458 3278 678 3351 Σίμων·
732 3274 922 3340 Καλῶς
971 3263 1144 3339 πάσας
1172 3276 1336 3331 αὐτοῦ
1378 3278 1473 3338 τὰς
1506 3274 1665 3338 ὁδοὺς
1703 3274 1923 3349 διεῖλες,
1957 3263 1999 3329 C

284 3368 337 3420 τὸ
362 3366 661 3443 κεφάλαιον
711 3364 897 3423 αὐτοῦ.
930 3365 1133 3420 Λοιπὸν
1184 3364 1313 3437 έμόν
1368 3363 1477 3419 ἐστι
1527 3367 1627 3434 τήν
1673 3362 1927 3441 διαίρεσιν

287 3454 626 3532 ἀνακρίναντα
678 3452 842 3524 δεῖξαί
893 3475 983 3508 σοι
1038 3454 1131 3508 τὸν
1181 3451 1514 3528 δημιουργὸν
1573 3453 1677 3508 ὐπὸ
1728 3456 1933 3528 μέμψιν

287 3540 536 3601 ὄντα.Σοῦ
568 3542 633 3598 δὲ
666 3541 823 3619 ἔργον
877 3540 1153 3612 ἀποδεῖξαι
1200 3542 1383 3609 αὐτὸν,
1411 3542 1485 3603 ὡς
1531 3542 1831 3618 ὑπέσχησαι
1867 3545 1931 3614 ⁸⁸,

285 3630 444 3701 πάσης
497 3630 769 3705 μέμψεως
822 3628 974 3691 ἐκτὸς
1035 3626 1158 3684 ὄντα
1213 3629 1481 3702 Θαυμάζω
1531 3628 1588 3684 δὲ
1620 3630 1667 3684 εἷ’
1709 3628 1931 3705 δυνήσῃ.

289 3720 496 3790 Πρῶτον
536 3722 639 3793 μὲν
680 3721 784 3795 γὰρ
817 3720 845 3773 6
876 3718 1116 3795 πονηρὸς
1169 3721 1232 3788 ⁹⁷,
1268 3718 1313 3773 εί
1346 3718 1450 3773 ἀπὸ
1496 3723 1593 3773 τοῦ
1640 3724 1770 3779 Θεοῦ
1798 3724 1932 3788 ζῶον

289 3811 600 3884 γεγέννηται
637 3810 703 3880 9⁸,
736 3806 1054 3871 ἀκολούθως
1100 3809 1199 3876 τῆς
1247 3806 1414 3877 αὐτῆς
1445 3812 1542 3862 τοῦ
1584 3803 1934 3882 προϐάλλον-

284 3918 367 3959 τος
418 3898 620 3959 κακίας
679 3898 962 3971 τυγγάνει.
1022 3895 1117 3952 Καὶ
1168 3896 1196 3949 6
1244 3896 1446 3971 Πέτρος
1475 3899 1535 3955 9°.
1570 3896 1646 3954 Οὐ
1697 3898 1935 3959 πάντως.

286 3987 524 4063 Ὀρῶμεν
556 3986 666 4062 γὰρ
696 3983 944 4047 πολλοὺς
991 3989 1099 4039 τῶν
1152 3984 1450 4060 ἀνθρώπων
1495 3986 1729 4058 ἀγαθοὺς
1761 3981 1937 4054 ὄντας,

287 4076 367 4129 καὶ
413 4075 621 4136 κακοὺς
679 4076 747 4111 ¹⁰⁰
799 4075 1179 4150 γεννήσαντας,
1238 4072 1442 4134 ἄλλους
1491 4070 1549 4128 δὲ
1597 4074 1939 4149 ὑπάρχοντας

287 4166 471 4226 κακοὺς
553 4170 570 4203 ί
612 4209 630 4235 ,
688 4162 777 4217 καὶ
856 4161 1093 4237 ἀγαθοὺς
1169 4161 1514 4237 ἐσχηκότας,
1594 4161 1809 4238 ἐτέρους
1885 4159 1943 4217 δὲ

289 4252 477 4316 κακοὺς
526 4249 718 4320 ὄντας,
766 4251 856 4306 καὶ
902 4250 1138 4326 ἀγαθοὺς
1168 4245 1606 4327 προϐάλλοντας,
1651 4248 1855 4312 ἄλλους
1886 4249 1943 4306 δὲ

294 4342 519 4415 ἀγαθοὺς
552 4340 1017 4416 ὑπάρχοντας,καὶ
1050 4342 1202 4397 879
1233 4338 1430 4394 κακούς
1459 4360 1518 4394 τε
1546 4340 1633 4394 καὶ
1668 4339 1899 4414 ἀγαθοὺς
1923 4342 1945 4376 ³

288 4432 677 4492 τεκνώσαντας.
732 4428 934 4483 Αὐτίκα
991 4433 1120 4503 γοῦν
1173 4428 1201 4481 6
1246 4431 1464 4501 πρῶτος
1512 4425 1943 4504 δημιουργηθεὶς

293 4519 577 4597 ἅνθρωπος
638 4517 888 4593 ἐγέννησε
923 4517 1015 4572 τὸν
1064 4514 1245 4571 ἄδικον
1298 4517 1424 4570 Κάϊν
1467 4517 1555 4570 καὶ
1604 4518 1695 4571 τὸν
1738 4514 1944 4571 δίκαιον

2044 624 2221 675 Porro
2254 621 2325 677 ad
2357 637 2447 688 ea,
2478 638 2604 693 quae
2636 622 2911 694 primitus
2940 642 2974 680 a
3004 643 3095 683 me
3133 627 3242 683 tibi
3290 634 3427 684 sunt
3484 647 3690 704 propo-

2044 707 2178 773 sita,
2211 708 2502 779 siquidem
2533 709 2716 767 habes
2738 712 2948 783 dicere,
2973 714 3099 784 jam
3131 714 3327 772 dicito.

2111 885 2259 941 VIII.
2292 887 2362 941 Et
2389 890 2595 942 Petrus
2628 903 2640 941 :
2684 888 2968 951 Quoniam
2997 906 3102 945 nos
3133 891 3316 963 cogis,
3350 897 3414 948 ut
3464 896 3684 951 audea-

2042 990 2176 1029 mus
2207 974 2432 1031 divinas
2462 981 2614 1031 artes
2647 976 2956 1047 diligenter
2983 977 3346 1049 inquirentes
3377 997 3680 1055 exponere,

2042 1063 2217 1134 idque
2250 1081 2353 1119 nos
2388 1064 2675 1132 homines,
2709 1066 2809 1136 qui
2842 1083 2946 1121 nec
2994 1066 3273 1124 similium
3320 1074 3472 1126 artes
3529 1072 3682 1128 vale-

2042 1168 2175 1207 mus
2222 1159 2417 1208 exacte
2472 1170 2839 1225 cognoscere,
2907 1156 3227 1211 astantium
3274 1164 3427 1213 certe
3483 1175 3679 1229 causa,

2041 1257 2144 1311 pro
2178 1241 2427 1297 maxime
2456 1242 2552 1313 pio
2575 1241 2905 1309 silentio,de
2936 1244 3153 1314 quibus
3179 1246 3346 1317 cupis
3371 1246 3680 1305 disseram.

2043 1330 2243 1385 Fateor
2273 1337 2460 1385 tecum
2494 1332 2804 1400 quemdam
2861 1348 2990 1387 esse
3046 1333 3277 1388 malitiae
3335 1335 3679 1409 principem,

2039 1420 2207 1490 cujus
2239 1423 2431 1474 ortum
2463 1419 2765 1491 Scriptura
2795 1437 2984 1493 neque
3010 1429 3364 1495 vere,neque
3384 1424 3526 1481 falso
3540 1442 3683 1483 ausa

2038 1513 2127 1564 est
2156 1508 2434 1563 indicare.
2462 1509 2744 1564 Caeterum
2778 1526 2895 1564 una
2930 1510 3129 1566 multis
3168 1528 3500 1582 quaeramus
3557 1530 3683 1570 mo-

2040 1598 2152 1663 dis,
2186 1614 2301 1668 quo
2334 1601 2502 1668 pacto
2536 1597 2724 1652 factus
2755 1598 2850 1665 sit,
2885 1599 2962 1653 sit
2994 1600 3180 1655 factus
3219 1606 3327 1669 est,
3382 1606 3439 1657 et
3481 1618 3681 1659 eorum

2041 1702 2165 1757 quae
2188 1685 2559 1752 videbuntur,
2594 1686 2749 1756 quod
2784 1686 3085 1743 honestius
3108 1688 3220 1743 erit
3242 1706 3307 1744 ac
3331 1690 3682 1762 religiosius,

2039 1774 2324 1845 eligamus
2353 1791 2365 1828 :
2396 1774 2870 1846 quandoquidem
2895 1776 3031 1846 jure
3053 1777 3160 1831 hoc
3215 1777 3463 1834 ﬁrmiter
3509 1780 3688 1835 sumi-

2035 1863 2218 1933 tur,id
2239 1863 2476 1934 quidem
2498 1863 2700 1918 decere
2718 1863 2832 1919 Deo
2864 1865 3118 1920 tribuere
3142 1867 3298 1936 quod
3331 1865 3685 1925 laudabilius

2037 1957 2145 2017 est,
2170 1968 2235 2007 eo
2267 1952 2476 2022 magis,
2518 1968 2651 2005 cum
2682 1953 2908 2007 cunctis
2940 1952 3374 2024 suspicionibus
3422 1954 3685 2027 purgatis

2038 2040 2152 2095 alia
2182 2040 2389 2095 idonea
2420 2040 2736 2112 minusque
2777 2040 3102 2111 periculosa
3156 2041 3214 2096 in
3275 2048 3547 2114 promptu
3606 2044 3683 2099 sit

2037 2128 2253 2200 Opinio.
2281 2128 2497 2184 Verum
2522 2128 2645 2199 jam
2678 2129 2786 2183 tibi
2818 2135 2951 2185 ante
2980 2130 3463 2202 disceptationem
3505 2132 3680 2203 proﬂ-

2036 2222 2179 2288 teor,
2204 2217 2357 2288 quod
2391 2234 2595 2273 omnes
2624 2217 3099 2290 ,investigationis
3157 2218 3258 2273 vis;
3312 2218 3678 2291 inculpatum

2036 2320 2169 2360 eum
2202 2305 2394 2361 solum
2426 2310 2677 2377 possunt
2708 2306 3014 2361 ostendere
3044 2310 3247 2362 Deum.

2108 2483 2201 2538 IX.
2239 2484 2458 2554 Itaque,
2494 2483 2799 2550 utdixisti,
2834 2482 3024 2539 malus
3058 2484 3140 2539 sic
3181 2485 3366 2540 factus
3421 2489 3532 2553 est,
3577 2489 3680 2542 aut

2039 2576 2105 2627 ut
2136 2572 2353 2627 animal
2387 2572 2618 2643 genitus
2648 2578 2757 2639 est,
2791 2577 2892 2627 aut
2923 2575 3246 2628 secundum
3288 2574 3679 2629 substantiam

2038 2662 2109 2716 ab
2139 2661 2263 2733 ipso
2295 2666 2383 2715 est
2417 2660 2697 2732 prolatus,
2732 2667 2835 2716 aut
2865 2666 3028 2716 extra
3057 2667 3415 2734 temperatus
3447 2662 3684 2729 fuit,aut

2038 2766 2138 2821 per
2179 2750 2659 2820 temperationem
2684 2750 2930 2822 contigit
2985 2750 3171 2821 ipsius
3230 2749 3522 2819 voluntas,
3584 2755 3684 2806 aut

2038 2838 2163 2893 sine
2190 2838 2606 2909 temperatione
2627 2843 2683 2893 et
2704 2837 2803 2893 Dei
2828 2838 3070 2894 consilio
3093 2838 3303 2893 accidit
3328 2838 3451 2893 ﬁeri
3481 2856 3549 2894 ex
3567 2855 3681 2893 non

2036 2926 2422 2993 exstantibus,
2457 2929 2557 2980 aut
2585 2942 2619 2980 a
2647 2925 2762 2980 Deo
2803 2925 2963 2981 nullo
2996 2926 3227 2998 penitus
3276 2927 3448 2981 modo
3497 2928 3685 2983 lactus

2035 3020 2143 3084 est,
2176 3019 2280 3070 aut
2308 3018 2469 3069 extra
2497 3014 2678 3069 Deum
2710 3019 2834 3069 erat
2864 3015 3109 3070 materia
3141 3014 3403 3070 inanima
3438 3014 3527 3072 vel
3558 3015 3684 3071 ani-

2036 3103 2376 3169 mata,unde
2405 3108 2598 3157 ortum
2630 3102 2827 3171 habet,
2857 3107 2955 3157 aut
2986 3103 3243 3174 seipsum
3300 3102 3531 3173 creavit,
3581 3107 3684 3159 aut

2038 3210 2071 3248 a
2100 3192 2213 3247 Deo
2247 3192 2433 3246 factus
2449 3194 2557 3256 est,
2590 3195 2693 3245 aut
2721 3191 2792 3246 de
2838 3190 3210 3246 relativorum
3269 3196 3360 3247 est
3413 3208 3679 3259 numero,

2041 3286 2143 3338 aut
2172 3297 2411 3352 semper
2426 3280 2535 3333 fuit
2569 3296 2582 3347 ;
2618 3296 2752 3334 nam
2784 3296 2917 3335 eum
2942 3296 3055 3335 non
3105 3296 3254 3351 esse,
3315 3280 3505 3336 dicere
3562 3296 3677 3337 non

2039 3385 2377 3443 possumus,
2412 3368 2553 3438 quia
2576 3367 2633 3421 in
2664 3384 2730 3423 eo
2760 3368 2910 3437 quod
2952 3368 3194 3423 exsistat
3249 3368 3675 3425 consensimus.

2041 3460 2109 3514 Et
2138 3458 2386 3513 Simon:
2447 3456 2599 3510 Bene
2658 3466 2901 3511 cunctas
2958 3457 3086 3526 ejus
3141 3456 3264 3511 vias
3319 3455 3567 3511 divisisti
3627 3460 3685 3512 et

2042 3563 2337 3603 summam
2371 3544 2807 3614 ejus.Superest
2830 3548 2893 3599 ut
2921 3560 3027 3616 ego
3058 3544 3402 3599 divisionem
3437 3560 3679 3617 perpen-

2044 3636 2189 3690 dens
2219 3633 2525 3689 ostendam
2556 3632 2662 3686 tibi
2695 3634 3022 3688 Creatorem
3055 3625 3237 3703 culpae
3267 3632 3502 3687 afﬁnem
3532 3648 3684 3687 esse.

2043 3729 2231 3779 Tuum
2263 3739 2395 3777 vero
2438 3724 2527 3776 est
2573 3721 2995 3788 demonstrare,
3049 3719 3201 3776 sicut
3255 3720 3554 3791 professus
3603 3736 3687 3788 es,

2045 3830 2179 3868 eum
2203 3811 2362 3867 omni
2393 3809 2565 3881 culpa
2589 3826 2805 3865 carere.
2866 3809 3043 3865 Miror
3100 3814 3295 3864 autem
3345 3808 3395 3864 si
3454 3808 3689 3880 poteris.

2047 3902 2310 3956 Primum
2333 3899 2598 3969 equidem
2627 3897 2893 3965 malus,si
2926 3915 2960 3952 a
2981 3898 3097 3953 Deo
3129 3902 3194 3952 ut
3222 3896 3436 3952 animal
3462 3897 3694 3969 genitus

2047 3995 2154 4056 est,
2190 3992 2615 4058 consequenter
2643 3986 2909 4056 ejusdem
2942 3985 3177 4041 malitiae
3206 3990 3295 4040 est
3326 4002 3458 4040 cum
3499 3984 3696 4057 prola-

2049 4084 2192 4134 tore.
2227 4079 2297 4132 Et
2328 4077 2529 4131 Petrus
2564 4091 2576 4129 :
2612 4075 2736 4130 Non
2767 4074 3115 4130 necessario.
3176 4074 3479 4130 Cernimus
3538 4074 3694 4130 enim

2052 4167 2268 4222 multos
2298 4163 2588 4233 homines,
2623 4163 2744 4234 qui,
2778 4164 2885 4219 etsi
2917 4163 3079 4229 boni,
3112 4163 3299 4219 malos
3356 4168 3551 4220 tamen
3603 4180 3698 4237 ge-

2053 4258 2327 4320 nuerunt,
2351 4252 2497 4308 alios
2526 4267 2679 4317 vero,
2712 4251 2811 4322 qui
2839 4252 2976 4306 mali
3000 4256 3157 4320 sunt,
3184 4257 3242 4307 et
3270 4252 3455 4308 bonos
3498 4267 3696 4308 susce-

2054 4346 2282 4415 perunt,
2336 4340 2480 4395 alios
2536 4343 2754 4408 autem,
2813 4339 2911 4410 qui
2962 4338 3100 4394 mali
3178 4340 3362 4395 bonos
3419 4340 3594 4396 simul
3633 4356 3699 4396 ac

2055 4430 2238 4487 malos
2270 4426 2777 4501 producunt,alios
2807 4427 3081 4499 denique,
3106 4428 3205 4498 qui
3229 4445 3362 4483 cum
3399 4429 3535 4484 boni
3559 4429 3698 4497 sint,

2056 4527 2113 4576 et
2144 4519 2327 4574 malos
2348 4522 2405 4573 et
2435 4519 2617 4572 bonos
2640 4517 3250 4587 procrearunt.Statim
3282 4532 3417 4589 ergo
3448 4516 3703 4588 primum

295 4602 479 4664 Ἅϐελ.
536 4607 686 4683 Πρὸς
733 4604 901 4660 ταῦτα
954 4606 982 4659 6
1037 4603 1225 4677 Σίμων
1275 4603 1397 4682 ἔφη’
1449 4605 1726 4674 ’Δνοήτως
1770 4610 1930 4660 ποιεῒ‹

2054 4613 2285 4665 creatus
2322 4607 2497 4661 homo
2529 4605 2735 4677 genuit
2765 4604 3033 4676 iniquum
3067 4604 3314 4660 Cainum
3362 4609 3419 4660 et
3468 4605 3703 4675 justum

237 4753 245 4759 ,
294 4698 411 4772 περὶ
462 4701 603 4752 Θεοῦ
655 4692 1041 4770 διαλεγόμενος
1081 4693 1169 4748 καὶ
1200 4692 1610 4769 θάνθρωπίνοις
1660 4694 1949 4769 χρώμενος

292 4783 748 4861 παραδείγμασιν.
792 4783 897 4839 Καὶ
930 4784 957 4837 6
990 4783 1214 4854 Πέτρος·
1269 4780 1344 4835 Σὺ
1377 4778 1466 4835 οὖν
1500 4783 1635 4854 ἡμῖν
1672 4781 1795 4857 λέγε
1824 4782 1948 4857 περὶ

299 4873 447 4945 Θεοῦ,
482 4872 850 4947 ἀνθρωπίνοις
889 4872 964 4944 μὴ
996 4872 1282 4947 χρώμενος
1314 4866 1764 4945 παραδείγμασιν,
1818 4871 1952 4943 μετὰ

294 4967 387 5017 τοῦ
423 4963 613 5037 μέντοι
662 4963 924 5032 νοηθῆναι
955 4958 1206 5024 δύνασθαι
1255 4959 1324 5013 τὰ
1373 4956 1664 5033 λεγόμενα·
1712 4957 1839 5013 ἀλλ’
1889 4958 1951 5014 οὐ

300 5048 519 5127 δυνήσῃ.

2061 4696 2322 4752 Abelem.
2354 4696 2436 4749 Ad
2471 4694 2590 4748 huic
2622 4693 2765 4747 dixit
2796 4693 2998 4748 Simon
3029 4709 3041 4747 :
3074 4692 3294 4748 Stolide
3352 4692 3515 4761 facis,
3565 4693 3707 4747 dum

2062 4786 2131 4841 de
2162 4784 2276 4841 Deo
2307 4783 2605 4838 disserens
2629 4781 2805 4836 etiam
2841 4780 3102 4835 humana
3132 4780 3373 4837 adhibes
3423 4780 3706 4852 exempla.

2061 4874 2129 4929 Et
2160 4877 2403 4927 Petrus:
2435 4872 2520 4926 Tu
2558 4869 2735 4941 igitur
2767 4868 2934 4924 nobis
2956 4870 3026 4924 de
3058 4874 3170 4923 Deo
3204 4868 3461 4941 loquere,
3500 4869 3709 4925 huma-

2061 4962 2157 5017 nis
2190 4977 2293 5016 neo
2326 4966 2486 5015 utere
2524 4958 2831 5029 exemplis,
2884 4956 2969 5013 ita
3026 4963 3221 5014 tamen
3273 4962 3336 5012 ut
3382 4975 3512 5030 qua:
3563 4958 3710 5015 dicis

2062 5050 2292 5123 possint
2320 5047 2569 5119 intelligi
2596 5064 2608 5115 ;
2642 5046 2741 5101 sed
2774 5061 3141 5117 nequaquam
3173 5046 3408 5119 poteris.

1677 5183 1916 5239 VARle
1954 5181 2360 5239 LECTIONES.

373 5285 417 5319 ³⁹
476 5303 544 5353 με
613 5300 726 5339 om.
784 5286 849 5338 Ο.
910 5277 1121 5353 90[cii]
1180 5287 1237 5337 C.

1301 5284 1343 5318 ⁹¹
1397 5282 1432 5350 ἡ
1491 5281 1711 5338 inserui
1772 5299 1820 5338 c.
1882 5285 1946 5337 Ο.
2006 5281 2052 5315 ⁹²
2110 5278 2171 5333 τό
2230 5280 2297 5335 Ο.
2356 5279 2504 5333 Tum
2538 5274 2925 5366 ειξξρημώτερον
2968 5270 3411 5366 ιδοῦναιήπρέπει
3465 5278 3523 5331 C.
3576 5275 3619 5357 ‘33
3668 5273 3714 5366 εἰ

307 5346 623 5429 γενητόςῄῦ,
674 5354 709 5422 ἢ
742 5346 1032 5429 γεγένητόξ
1058 5346 1122 5409 ΟῘ
1182 5358 1331 5429 Tum
1387 5346 1765 5429 idcm__§wl$v,
1824 5353 1919 5429 in_
1946 5368 2131 5429 marg:
2194 5368 2351 5429 man.
2412 5366 2525 5429 rec:
2565 5346 2910 5429 .i'otiiectbov:
3044 5346 3341 5429 ltayOJgt
3371 5347 3711 5429 exhconject.

312 5412 369 5496 ὸ,
422 5412 714 5499 ’γεγένηται
756 5412 853 5482 'id.
888 5412 946 5480 in
1004 5412 1184 5494 textu,
1217 5424 1475 5499 γενέηται
1526 5412 1624 5481 C1:
1649 5412 1833 5499 ⁸Είνιίιὶῑι
1886 5424 1940 5499 S_.
2015 5412 2361 5499 devlectione
2394 5420 2610 5499 codicis
2643 5412 3006 5499 Colelerii..°‘
3036 5420 3207 5499 Θεοῦ,⁸
3367 5412 3625 5499 μηδαμοῦ
3656 5421 3717 5488 C,

313 5487 408 5572 qui
443 5487 651 5572 postea
680 5498 989 5572 legendum
1024 5487 1429 5572 esse‘putab'at
1452 5493 1519 5572 ἐκ
1551 5514 1605 5568 p.
1639 5491 1699 5572 ἤ,
1724 5512 1866 5572 _cum
1916 5497 1975 5572 in
2028 5511 2203 5550 mser.
2230 5496 2371 5572 _post
2399 5492 2541 5572 @505
2594 5496 2907 5572 appareret
2944 5487 2968 5542 ὲ
3016 5506 3146 5572 cum
3194 5487 3380 5572 inition
3410 5488 3621 5572 litterae
3664 5487 3717 5544 κθ.

313 5556 353 5642 ἦ
383 5556 1095 5642 ὑτέέσχουυτυοτίΡτο-ἠρός
1117 5556 1417 5642 Δεἷ’ίιιοιιιιει
1450 5568 1507 5621 in
1549 5556 1613 5622 ἰ).
1724 5568 1808 5621 Ita
1836 5570 2082 5642 O._et‘ex_
2110 5556 2358 5642 conject:
2393 5565 2454 5631 C,
2480 5562 2546 5642 _i_n
2597 5556 2769 5642 cujus
2798 5566 2957 5642 textu
3003 5556 3301 5642 γεγένηται.
3337 5556 3723 5642 tim-Etiam“

316 5640 375 5695 (ἓ-
412 5642 480 5713 ¹⁰Ῠ³
512 5628 753 5713 θυμός
785 5641 846 5696 C.
885 5644 899 5677 ¹
928 5628 1554 5713 [κῆκοὺςλῷπάρχοντας
1586 5643 1642 5694 C.
1677 5639 1698 5673 ²
1722 5643 1859 5694 Post
1885 5635 2117 5712 ἀγαθούς
2149 5636 2191 5692 C
2218 5628 2357 5692 addi
2398 5628 2523 5689 vult
2552 5651 2611 5685 τε
2640 5628 2727 5686 καὶ
2759 5631 2974 5701 κακούς,
3017 5628 3088 5687 ετξ
3125 5632 3206 5685 ita
3240 5628 3429 5686 vertit}
3460 5629 3483 5663 ³
3511 5628 3721 5689 καίίιι-

314 5711 473 5770 serui
500 5705 555 5768 ὀ.
589 5705 659 5767 Οἱ
687 5713 846 5769 Idem
876 5705 992 5771 scr.
1022 5705 1451 5787 παραδίγμὰσὶν.
