4082 6208
381 402 490 459 431

1198 396 1262 454 S.
1312 394 1755 455 CLEMENTIS
1800 394 1824 453 l
1873 389 2059 451 ROM.
2106 389 2338 450 PONT.
2385 386 2648 450 OPERA
2692 389 2961 450 DUBIA.

3620 403 3723 461 432

451 529 516 585 X.
548 529 678 585 Jam
707 543 865 599 ergo,
897 526 1033 598 quid
1069 525 1355 598 principio
1386 525 1629 581 dixisti?
1668 526 1728 581 Si
1783 542 1851 581 ex
1906 524 2021 579 Deo

2208 522 2251 574 X
2300 517 2506 573 Αὐτίκα
2562 523 2691 594 γοῦν
2749 519 2801 574 τί
2840 522 2940 589 τήν
2978 520 3155 596 ἀρχὴν
3208 520 3374 598 ἔλεγες
3403 543 3415 593 ;
3444 525 3502 580 El
3532 527 3585 582 ἐκ
3611 534 3727 586 Θεοῦ

383 616 575 673 malus
605 616 839 690 genitus
870 620 979 683 est,
1014 616 1281 686 ejusdem
1312 632 1445 671 cum
1480 632 1545 671 eo
1576 616 1863 670 exsistens
1895 616 2028 669 sub-

384 705 815 773 stantiae,etiam
841 709 992 759 Deus
1024 702 1215 759 malus
1245 709 1352 759 est.
1378 704 1640 775 Cumque
1671 703 2027 759 ostenderim

384 811 488 868 per
516 793 659 849 illud
693 794 848 865 quod
879 792 1007 865 ipse
1037 791 1332 848 tradidisti
1358 792 1711 865 exemplum,
1747 808 1815 847 ex
1861 790 2029 846 bonis

387 882 574 939 malos
604 883 740 939 oriri
770 888 944 953 atque
974 898 1044 937 ex
1073 881 1242 937 malis
1281 882 1485 949 bonos,
1547 897 1660 936 non
1716 878 2029 949 admisisti,

388 972 715 1029 humanum
745 970 1081 1042 prolocutus
1104 969 1429 1041 exemplum
1462 968 1779 1025 esse.Unde
1797 972 1853 1024 et
1874 983 2031 1022 nunc

390 1076 579 1133 neque
607 1076 710 1130 ego
732 1059 914 1115 Deum
938 1059 1197 1131 genitum
1230 1075 1358 1114 esse
1389 1058 1770 1129 recipio,quia
1795 1057 2032 1129 gignere

388 1149 697 1206 hominum
728 1152 834 1215 est,
864 1165 976 1203 non
1016 1147 1131 1202 Dei.
1156 1148 1263 1202 Sed
1295 1164 1398 1202 nec
1430 1148 1621 1202 bonus
1671 1145 1759 1201 vel
1817 1144 2029 1212 malus,

382 1238 583 1309 justus
614 1236 703 1293 vel
734 1237 991 1307 injustus
1024 1253 1149 1292 esse
1181 1240 1371 1308 potest
1401 1236 1575 1303 Deus,
1610 1250 1796 1306 neque
1855 1236 2030 1289 etiam

391 1327 668 1399 prudens,
696 1331 796 1381 aut
822 1324 1056 1393 animal,
1106 1330 1207 1379 aut
1237 1341 1591 1395 quaecunque
1614 1324 1727 1379 alia
1788 1324 2034 1395 possunt

389 1416 580 1472 inesse
610 1414 968 1482 hominibus,
1002 1431 1137 1469 nam
1172 1414 1285 1469 ista
1314 1413 1619 1469 hominum
1653 1417 1809 1468 sunt.
1866 1413 1935 1467 Et
1981 1410 2033 1467 si

390 1521 506 1561 non
539 1509 765 1577 oportet
789 1504 943 1559 inter
971 1504 1349 1574 quaerendum
1382 1503 1452 1557 de
1483 1503 1622 1568 Deo,
1654 1504 1792 1557 dare
1822 1502 1871 1556 ei
1908 1518 2033 1572 quae

390 1592 731 1648 hominibus
778 1592 983 1647 insunt
1040 1592 1211 1655 bona,
1289 1590 1435 1645 nihil
1485 1594 1666 1646 restat
1711 1589 2034 1661 intelligere

391 1685 495 1737 aut
522 1680 702 1753 loqui,
736 1680 849 1736 nisi
893 1680 1085 1735 solum
1144 1680 1459 1751 quszrenda
1506 1678 1696 1750 ipsius
1742 1680 2034 1746 voluntas,

393 1786 571 1842 quam
601 1769 728 1841 ipse
757 1769 926 1824 nobis
948 1767 1215 1840 permisit
1253 1768 1645 1835 considerare,
1679 1772 1767 1834 ut,
1799 1766 2034 1838 quando

2139 608 2167 662 6
2217 608 2456 683 πονηρὸς
2504 610 2816 683 γεγέννηται
2849 612 2888 680 ⁸,
2920 616 3020 678 τῆς
3070 610 3233 679 αὐτῆς
3275 612 3408 685 αὖτῷ
3437 611 3503 668 ὢν
3549 616 3728 690 οὐσίας,

2136 697 2226 750 καὶ
2256 696 2496 769 πονηρός
2528 696 2689 751 ἐστιν.
2724 699 2892 771 Ἐμοῦ
2944 697 3001 753 δὲ
3048 696 3307 770 δείξαντος
3355 701 3402 772 ἐξ
3430 703 3579 779 οὗπερ
3604 708 3623 741 ⁵
3649 708 3731 762 αὐ-

2137 786 2227 847 τὸς
2260 783 2462 848 ἔδωκας
2516 783 2977 862 παραδείγματος,
3020 787 3101 843 ὅτι
3152 787 3202 859 ἐξ
3250 790 3449 864 ἀγαθῶν
3487 796 3628 847 κακοὶ
3654 796 3733 869 γί-

2137 895 2319 929 νονται
2367 875 2456 928 καὶ
2505 874 2565 929 ἐκ
2607 879 2787 930 κακῶν
2836 876 3046 951 ἀγαθοὶ,
3076 876 3137 932 οὐ
3182 876 3462 955 παρεδέξω,
3495 881 3731 956 ἀνθρώπι-

2140 984 2228 1017 νον
2282 965 2457 1041 φήσας
2513 964 2646 1018 εἶναι
2696 966 2756 1019 τὸ
2804 962 3169 1041 παράδειγμα.
3218 968 3365 1030 Ὅθεν
3404 973 3491 1022 καῖ
3530 975 3612 1023 νῦν
3642 970 3733 1047 ἐγὼ

2141 1049 2265 1107 οὐδὲ
2293 1053 2356 1106 τὸ
2387 1055 2737 1128 γεγεννῆσθαι
2768 1057 2789 1090 ⁸
2828 1055 2954 1109 Θεὸν
2998 1052 3394 1131 παραδέχομαι,
3442 1056 3519 1111 ὅτι
3556 1058 3611 1113 τὸ
3636 1081 3735 1135 γεν-

2140 1146 2230 1211 νᾷν
2266 1142 2559 1215 ἀνθρώπων
2610 1141 2772 1211 ἐστὶν,
2824 1143 2885 1197 οὐ
2934 1148 3086 1198 Θεοῦ.
3140 1142 3293 1199 Ἀλλ’
3341 1141 3458 1200 οὔτε
3502 1146 3733 1223 ἀγαθὸςῆ

2141 1230 2330 1299 κακὸς,
2359 1228 2395 1298 ἤ
2429 1227 2635 1292 δίκαιος
2666 1231 2701 1300 ἢ
2736 1228 2920 1293 ἄδικος
2970 1232 3098 1288 εἶναι
3148 1230 3359 1288 δύναται
3405 1234 3431 1288 6
3469 1236 3606 1303 Θεὸς,
3635 1234 3738 1292 οὔτε

2147 1320 2252 1390 μὴν
2286 1321 2304 1353 7
2335 1318 2602 1396 φρόνιμος
2631 1320 2665 1388 ἢ
2703 1324 2837 1388 ζῶον
2938 1319 3036 1375 ὅσα
3090 1319 3234 1377 ἄλλα
3279 1322 3567 1398 ἀνθρώποις
3593 1346 3737 1399 προσ-

2143 1412 2275 1461 εῖναι
2334 1404 2568 1461 δύναται·
2628 1408 2926 1484 ἀνθρώπων
2980 1411 3081 1486 γὰρ
3137 1413 3203 1465 τὰ
3258 1409 3510 1470 τοιαῦτα.
3566 1414 3653 1470 Καὶ
3702 1412 3742 1468 εἲ

2147 1497 2220 1569 μὴ
2255 1496 2367 1572 χρὴ
2417 1502 2705 1566 ζητοῦντας
2736 1498 2859 1573 περὶ
2890 1503 3023 1553 Θεοῦ
3074 1496 3277 1554 διδόναι
3308 1499 3532 1573 αὐτῷ-τὰ
3568 1502 3743 1575 ἀνθρώο

2141 1606 2268 1647 ποις
2323 1585 2594 1661 προσόντα
2640 1584 2799 1655 καλὰ,
2852 1585 3004 1642 οὐδὲν
3055 1586 3165 1643 ἔστι
3216 1586 3311 1643 τοῦ
3342 1589 3530 1645 λοιποῦ
3563 1592 3741 1660 νοεῖνῆ

2144 1671 2334 1743 λένειν,
2387 1674 2421 1743 ἢ
2482 1674 2645 1730 ταὺτὸ
2688 1674 2849 1748 μόνον
2910 1682 3110 1749 ζητεῖν,
3166 1678 3231 1733 τὸ
3275 1685 3373 1749 τῆς
3419 1681 3742 1756 προαιρέσεως

2144 1763 2298 1818 380
2327 1762 2511 1833 αὐτοῦ,
2542 1761 2609 1833 ἤν
2658 1763 2817 1826 αὐτὸς
2865 1765 3245 1841 συνεχώρησεν
3280 1768 3412 1839 ἡμῖν
3441 1773 3590 1837 νοεῖν,
3616 1768 3744 1831 ὅπως

386 1857 810 1931 judicabimur,
833 1856 1261 1913 inexcusabiles
1288 1856 1475 1911 simus
1498 1856 1555 1911 in
1578 1856 1650 1912 iis
1672 1873 1799 1927 quea
1829 1872 2035 1928 cogno-

2147 1852 2451 1925 κρινόμενοι
2501 1851 2903 1929 ἀναπολόγητοι
2960 1852 3106 1927 ὦμεν
3158 1855 3285 1930 περὶ
3332 1853 3404 1910 ὧν
3440 1855 3637 1933 γνόντες
3664 1856 3745 1912 οὐκ

393 1950 620 2002 scentes
652 1964 766 2002 non
799 1945 1175 2001 servavimus.

462 2034 555 2090 XI.
590 2034 657 2090 Et
688 2034 889 2090 Simon
918 2034 1162 2089 audiens
1193 2032 1375 2088 dixit:
1404 2034 1528 2088 Non
1575 2034 1946 2106 extorquebis
2002 2052 2036 2091 a

346 2152 351 2163 ι
393 2139 508 2191 me,
540 2127 623 2192 ut,
658 2124 727 2178 de
760 2122 1091 2179 substantia
1122 2122 1250 2193 ejus
1290 2121 1490 2193 silens,
1514 2123 1585 2178 de
1635 2122 1758 2178 sola
1788 2124 1914 2194 ejus
1947 2122 2033 2177 in-

392 2211 621 2283 quiram
651 2211 966 2267 voluntate.
991 2214 1172 2266 Datur
1192 2210 1357 2266 enim
1390 2216 1447 2266 et
1475 2212 1545 2266 de
1578 2211 1735 2266 illius
1767 2212 2037 2266 substan-

390 2301 475 2356 tia
504 2299 826 2373 intelligere
859 2316 924 2355 ac
956 2299 1138 2370 loqui,
1169 2317 1237 2354 ex
1269 2300 1461 2367 bonis,
1492 2299 1756 2371 inquam,
1782 2317 1907 2371 quae
1940 2301 2037 2356 ho-

393 2389 656 2445 minibus
685 2389 905 2444 insunt.
940 2387 1201 2458 Exempli
1229 2388 1433 2459 gratia,
1462 2388 1685 2444 homini
1748 2390 1898 2444 inest
1952 2389 2036 2442 vi-

391 2494 524 2534 vere
555 2494 620 2533 ac
651 2478 837 2545 mori;
869 2477 969 2532 sed
1001 2477 1113 2531 Deo
1138 2494 1251 2532 non
1287 2478 1454 2544 mori,
1481 2482 1539 2531 at
1588 2478 1794 2544 vivere,
1846 2482 1902 2532 et
1954 2478 2036 2532 vi-

393 2583 525 2623 vere
546 2567 605 2621 in
638 2570 1006 2638 perpetuum.
1034 2565 1237 2620 Adhuc
1270 2566 1512 2621 insitum
1546 2570 1633 2621 est
1674 2566 2035 2637 hominibus,

395 2656 582 2711 bonos
612 2671 741 2711 esse
770 2659 827 2710 et
849 2652 1033 2709 malos
1066 2670 1079 2709 :
1133 2653 1271 2718 Deo,
1316 2671 1445 2709 esse
1502 2654 2041 2726 incomparabiliter

398 2745 640 2799 bonum.
695 2744 764 2798 Et
819 2759 889 2797 ne
946 2741 1199 2797 multum
1257 2759 1587 2797 sermonem
1658 2744 2035 2814 protraham:

400 2847 623 2903 eorum,
652 2848 777 2902 quae
808 2830 1027 2886 habent
1056 2829 1344 2898 homines,
1370 2831 1771 2901 praestantiora
1800 2832 1859 2885 in
1882 2836 2041 2887 arter-

400 2937 543 2976 num
571 2920 832 2993 possidet
865 2921 1035 2974 Deus.
1061 2919 1154 2973 Ait
1183 2923 1390 2974 Petrus
1422 2936 1436 2974 :
1472 2920 1573 2974 Dic
1605 2920 1769 2987 mihi,
1817 2921 2037 2989 Simon,

399 3009 565 3065 adest
592 3007 955 3070 hominibus,
987 3006 1222 3079 gignere
1248 3008 1432 3063 malos
1462 3012 1519 3063 et
1546 3008 1821 3078 honos,ac
1858 3010 2042 3065 facere

2144 1937 2481 2017 ἐφυλάζαμεν
2494 1982 2506 1995 .

2215 2033 2305 2085 ΧΙ.
2340 2029 2436 2082 Καὶ
2469 2029 2496 2083 6
2532 2027 2717 2102 Σίμων
2763 2029 2996 2093 ἀκούσας
3046 2029 3171 2109 ἔφη·
3204 2031 3283 2089 Οὐ
3316 2029 3630 2104 δυσωπήσεις
3668 2055 3741 2107 με,

2142 2116 2265 2192 περὶ
2294 2119 2314 2153 ⁸
2341 2120 2437 2185 τῆς
2486 2117 2667 2179 οὐσίας
2697 2118 2861 2174 αὐτοῦ
2901 2122 3274 2190 σιωπήσαντα,
3306 2121 3425 2198 περὶ
3465 2124 3555 2192 τῆς
3583 2143 3746 2196 προαι-

2146 2204 2342 2280 ρέσεως
2372 2205 2535 2260 αὐτοῦ
2568 2211 2745 2275 ζητεῖν
2797 2207 2988 2280 μόνης.
3036 2210 3185 2264 Ἔστι
3239 2210 3342 2287 γὰρ
3390 2211 3507 2287 περὶ
3550 2219 3641 2281 τῆς
3674 2211 3750 2265 οὖ-

2145 2294 2261 2356 σίας
2291 2294 2453 2350 αὐτοῦ
2485 2296 2573 2350 καὶ
2603 2302 2744 2351 νοεῖν
2792 2298 2880 2351 καὶ
2914 2297 3110 2373 λέγειν,
3144 2299 3291 2375 λέγω
3324 2297 3388 2369 δὴ
3421 2301 3519 2355 ἀπὸ
3554 2305 3647 2356 τῶν
3674 2300 3754 2355 ἆν-

2146 2384 2385 2455 θρώποις
2419 2388 2439 2421 9
2468 2384 2779 2461 προσόντων
2810 2386 3015 2443 καλῶν.
3050 2389 3173 2442 Οἷον
3208 2388 3485 2465 πρόσεστιν
3519 2390 3755 2464 ἀνθρώπῳ

2143 2473 2205 2526 τὸ
2241 2476 2335 2545 ζῇν
2366 2472 2455 2526 καὶ
2487 2474 2548 2527 τὸ
2584 2473 2852 2543 τεθνάναι,
2902 2472 3047 2530 ἀλλὰ
3075 2480 3154 2547 τῷ
3205 2482 3322 2549 Θεῷ
3354 2477 3414 2532 οὐ
3441 2478 3500 2532 τὸ
3526 2476 3756 2549 τεθνάναι,

2146 2557 2293 2613 ἀλλὰ
2322 2560 2383 2614 τὸ
2418 2564 2534 2634 ζῇν,
2567 2560 2657 2616 καί
2684 2564 2746 2617 τὸ
2781 2566 2874 2636 ζῇν
2910 2562 3167 2626 αἰωνίως.
3201 2566 3320 2620 "Et:
3377 2566 3478 2638 μὴν
3510 2565 3758 2640 πρόσεστιν

2148 2650 2453 2723 ἀνθρώποις
2501 2651 2563 2705 τὸ
2609 2657 2796 2713 κακοῖς
2830 2651 2961 2706 εἶναι
2993 2653 3082 2706 καὶ
3116 2652 3362 2728 ἀγαθοῖς,
3396 2658 3470 2726 τῷ
3498 2651 3549 2708 δὲ
3577 2657 3678 2725 Θεῷ
3702 2653 3757 2708 τὸ

2147 2738 2481 2814 ἀσυγκρίτως
2513 2742 2556 2775 ¹⁰
2603 2739 2786 2815 ἀγαθῷ
2830 2741 2981 2797 εἶναι.
3032 2743 3129 2795 Καὶ
3173 2739 3269 2797 ἵνα
3321 2744 3393 2815 μὴ
3446 2742 3524 2797 ἐπὶ
3563 2747 3600 2779 “
3629 2740 3755 2796 πολὺ

2154 2827 2378 2899 μηκύνω
2431 2827 2520 2881 τὸν
2581 2825 2773 2903 λόγον,
2826 2833 2933 2882 τῶν
2994 2829 3309 2905 προσόντων
3368 2830 3650 2905 ἀνθρώποις
3700 2829 3759 2883 τὰ

2148 2915 2427 2991 κρείττονα
2484 2915 2719 2978 αἷωνίως
2769 2915 3027 2992 πρόσεστι
3071 2922 3150 2989 τῷ
3203 2923 3343 2990 Θεῷ.
3391 2919 3485 2973 Καὶ
3516 2919 3542 2973 6
3584 2918 3761 2992 Πέτρος

2151 3001 2274 3081 ἔφη’
2309 3004 2450 3060 Λέχε
2494 3026 2607 3077 μοι,
2664 3004 2876 3078 Σίμων,
2927 3006 3212 3081 πρόσεστιν
3264 3008 3558 3084 ἀνθρώποις
3600 3009 3760 3082 γεννᾷν

398 3097 555 3151 mala
583 3100 640 3152 et
666 3096 860 3151 bona?
892 3095 1094 3151 Simon
1149 3096 1451 3167 respondit
1483 3113 1495 3151 :
1559 3097 1751 3152 Adest.
1811 3097 2035 3170 Excepit

2148 3093 2347 3155 κακοὺς
2378 3094 2467 3148 καὶ
2497 3092 2748 3169 ἀγαθοὺς,
2798 3094 2888 3149 καὶ
2936 3100 3114 3150 ποιεῖν
3163 3097 3307 3151 κακά
3335 3097 3423 3152 καὶ
3452 3096 3646 3170 ἀγαθά;
3678 3094 3761 3148 Καὶ

399 3184 605 3240 Petrus
640 3200 654 3239 :
688 3184 971 3248 Quoniam
1003 3183 1085 3239 ita
1114 3184 1443 3252 afﬁrmasti,
1476 3202 1698 3253 eorum,
1749 3203 1875 3257 quae
1936 3186 2038 3241 ha-

2152 3184 2180 3236 6
2213 3183 2399 3256 Σίμων
2452 3180 2576 3261 ἔφη’
2637 3183 2948 3259 Πρόσεστιν.
2984 3183 3081 3238 Καὶ
3135 3186 3163 3239 6
3225 3184 3427 3261 Πέτρος
3476 3181 3589 3262 ἔφη’
3634 3181 3761 3238 Ἐπεὶ

398 3273 539 3329 bent
572 3273 857 3343 homines,
890 3272 1296 3345 praestantiora
1328 3278 1553 3345 oportet
1572 3275 1688 3329 Deo
1738 3255 1993 3331 tribuere
2020 3292 2033 3331 :

2151 3270 2321 3333 οὕτως
2370 3270 2502 3349 ἔφης
2550 3274 2616 3340 ¹²,
2666 3276 2773 3325 τῶν
2802 3272 3111 3347 ἀνθρώποις
3159 3275 3473 3350 προσόντων
3505 3274 3566 3327 τὰ
3607 3271 3766 3347 κρείτ·

400 3378 531 3417 cum
563 3362 635 3418 ab
668 3360 1008 3417 hominibus
1038 3362 1355 3433 gignantur
1377 3361 1516 3417 mali
1567 3368 1622 3418 et
1666 3364 1828 3429 boni,
1888 3365 2043 3420 Deus

401 3450 557 3506 solos
587 3450 771 3506 bonos
802 3453 994 3521 potest
1017 3450 1290 3522 gignere:
1327 3455 1624 3519 praeterea,
1655 3469 1788 3507 cum
1848 3452 2040 3508 homi-

403 3556 506 3595 nes
533 3539 749 3595 faciant
779 3538 935 3594 mala
965 3543 1022 3594 et
1051 3539 1224 3607 bona,
1262 3538 1385 3611 ipse
1418 3539 1606 3595 solum
1640 3541 1791 3595 bona
1857 3542 2043 3598 facere

402 3627 825 3684 oblectamento
855 3628 1053 3683 habet.
1084 3632 1277 3698 Atque
1309 3627 1391 3681 ita
1410 3628 1480 3682 de
1505 3628 1641 3698 Deo,
1673 3646 1746 3683 an
1771 3646 2041 3701 non,quae

401 3715 709 3771 hominum
740 3720 879 3771 sunt
908 3714 1096 3771 dicere
1128 3718 1229 3770 aut
1258 3719 1448 3771 tacere
1465 3716 1677 3783 est,vel
1710 3734 1777 3772 ex
1807 3717 2043 3790 iis,quze

400 3804 670 3861 homines
697 3804 979 3872 obtinent,
1014 3804 1203 3875 bonis,
1236 3820 1465 3875 aequum
1500 3810 1589 3861 est
1618 3807 1668 3860 ei
1708 3805 1906 3879 largiri
1942 3825 2043 3879 po-

401 3893 551 3950 tiora
580 3893 608 3948 ‘?
639 3893 850 3965 Sicque
879 3891 1144 3949 omnium
1175 3892 1460 3948 bonorum
1492 3893 1653 3949 solus
1683 3900 1771 3950 est
1818 3901 2039 3953 auctor.

471 4070 590 4126 XII.
622 4071 694 4126 Et
723 4070 964 4126 Simon:
1020 4070 1203 4142 Igitur
1237 4069 1285 4124 si
1342 4069 1495 4126 Deus
1552 4070 1808 4127 solorum
1859 4073 2042 4129 bono-

398 4175 532 4214 rum
563 4163 762 4214 auctor
791 4162 899 4229 est,
935 4158 1074 4229 quid
1108 4158 1315 4213 deinde
1367 4158 1688 4231 intelligere
1738 4161 2037 4227 debemus,

398 4246 511 4304 uisi
539 4248 689 4317 quod
724 4246 946 4302 malum
980 4245 1093 4301 alia
1117 4246 1382 4317 quaedam
1435 4248 1701 4319 genuerit
1758 4254 2036 4320 potestas,

396 4340 498 4393 aut
528 4338 673 4392 forte
702 4334 1029 4408 ingenitum
1060 4334 1156 4389 sit.
1191 4334 1261 4389 Et
1290 4334 1497 4389 Petrus
1530 4335 1762 4407 :Neque
1785 4337 1899 4393 alia
1928 4339 2038 4393 vir-

394 4428 491 4481 tus
548 4424 751 4497 genuit
807 4422 1050 4495 malum,
1109 4439 1297 4494 neque
1350 4423 1575 4479 malitia
1630 4424 1889 4497 ingenita
1927 4432 2035 4496 est,

395 4513 895 4586 quemadmodum
935 4512 1005 4568 ad
1049 4512 1224 4567 finem
1283 4513 1610 4567 ostendam.
1671 4514 1835 4569 Nunc
1881 4516 2034 4570 enim

2150 3380 2280 3414 τονα
2326 3359 2615 3432 ἀπονέμειν
2662 3357 2743 3414 δεῖ
2788 3364 2866 3432 τῷ
2916 3365 3050 3433 Θεῷ*
3084 3362 3390 3437 ἀνθρώπων
3414 3361 3699 3438 γεννώντων
3729 3359 3768 3395 ¹⁸

2151 3449 2349 3511 κακοὺς
2381 3449 2468 3503 καὶ
2499 3447 2751 3525 ἀγαθοὺς,
2785 3450 2812 3503 6
2843 3449 2974 3511 Θεὸς
3024 3449 3256 3525 ἀγαθοὺς
3311 3450 3506 3525 μόνους
3551 3456 3766 3526 γεννῆσαι

2154 3536 2392 3606 δύναται,
2425 3535 2500 3591 ἔτι
2539 3559 2598 3592 τε
2627 3542 2733 3591 τῶν
2781 3537 3076 3614 ἀνθρώπων
3125 3538 3431 3594 ποιούντων
3473 3542 3517 3577 1⁸
3542 3537 3667 3592 κακᾶ
3689 3536 3766 3589 καὶ

2152 3627 2342 3702 ἀγαθὰ,
2393 3625 2553 3689 αὐτὸς
2607 3626 2770 3700 μόνον
2802 3628 2870 3682 τὰ
2917 3627 3085 3703 ἀγαθά
3110 3633 3283 3683 ποιῶν
3316 3628 3581 3702 τέρπεται.
3609 3625 3767 3685 Οὕτως

2152 3716 2275 3792 περὶ
2327 3720 2480 3788 Θεοῦ,
2527 3712 2563 3784 ἤ
2617 3714 2678 3770 οὗ
2730 3713 2795 3785 δὴ
2844 3716 2912 3771 τὰ
2956 3716 3266 3791 ἀνθρώποις
3317 3716 3579 3793 προσόντα
3614 3712 3806 3787 λέγειν’

2151 3804 2240 3859 καὶ
2274 3808 2479 3873 σιωπᾷν
2513 3800 2677 3872 ἔστιν,
2698 3800 2735 3871 ἤ
2766 3808 2870 3857 τῶν
2896 3802 3198 3876 ἀνθρώποις
3218 3805 3535 3881 προσόντων
3552 3800 3714 3857 καλῶν
3734 3800 3772 3836 ¹⁶

2156 3890 2383 3967 εὔλογόν
2444 3890 2583 3945 ἐστιν
2642 3890 2931 3964 ἀπονέμειν
2984 3892 3131 3965 αὐτῷ
3186 3892 3255 3947 τὰ
3313 3892 3585 3970 κρείττονα
3631 3910 3643 3959 ;
3683 3888 3770 3945 Καὶ

2155 4001 2326 4041 ουτως
2354 3979 2565 4034 πάντων
2598 3976 2780 4033 καλῶν
2818 3978 2979 4051 μόνος
3008 3978 3146 4035 ἐστὶν
3178 3976 3379 4043 αἶ’τιος.

2223 4070 2370 4126 381
2408 4069 2528 4123 XII.
2584 4068 2686 4123 Kal
2719 4068 2746 4121 6
2780 4068 2987 4140 Σίμων⁵
3037 4068 3264 4141 Οὐκοῦν,
3309 4068 3357 4124 εἰ
3388 4069 3417 4124 6
3448 4067 3571 4129 Θεὸς
3617 4065 3771 4139 μὸνων

2148 4162 2251 4212 τῶν
2308 4155 2491 4211 καλῶν
2553 4152 2722 4217 αίίτιός
2779 4154 2938 4228 ἐστιν,
2987 4160 3084 4211 τοῦ
3136 4155 3341 4212 λοιποῦ
3391 4158 3444 4212 τί
3490 4154 3593 4211 ἔστι
3628 4157 3768 4219 νοεῖν,

2146 4244 2183 4315 ἤ
2235 4244 2315 4300 ὅτι
2374 4246 2464 4299 τὸν
2517 4247 2561 4282 ¹⁶
2608 4245 2846 4318 πονηρὸν
2897 4245 3049 4318 ἑτέρα
3094 4267 3177 4307 τις
3222 4244 3503 4322 ἐγέννησεν
3554 4236 3772 4320 ἀρχή’ἤ

2149 4334 2233 4410 ἄρ’
2284 4332 2565 4409 ἀγέννητόν
2627 4335 2667 4368 ¹⁷
2726 4331 2864 4388 ἐστιν
2894 4377 2906 4389 .
2954 4332 3057 4391 Kal
3105 4335 3132 4389 6
3182 4334 3427 4410 Πέτρος·
3473 4330 3601 4388 Οὔτε
3643 4328 3774 4404 ἑτέρα

2144 4445 2229 4485 τις
2284 4420 2506 4495 δύναμις
2564 4420 2813 4496 ἐγέννησε
2868 4422 2957 4476 τὸν
3011 4423 3273 4499 πονηρὸν,
3336 4423 3462 4479 οὕτε
3508 4413 3769 4497 ἀγέννητόν

2147 4511 2286 4567 ἐστιν
2340 4511 2403 4565 τὸ
2449 4510 2633 4579 κακὸν,
2684 4509 2759 4572 ὡς
2807 4509 2894 4564 ἐπὶ
2931 4509 3075 4565 τέλει
3132 4508 3311 4582 δείξω.
3359 4517 3468 4567 Νῦν
3516 4511 3614 4587 γὰρ
3660 4508 3773 4562 ἀπο-

391 4602 760 4675 propositum
792 4606 881 4658 est
912 4600 1056 4656 mihi
1098 4601 1520 4669 demonstrare,
1579 4606 1645 4656 ut
1700 4601 1865 4657 initio
1902 4621 2033 4675 pro-

2147 4598 2304 4670 δεῖξαί
2357 4619 2448 4671 μοι
2499 4597 2802 4671 πρόκειται,
2836 4598 2915 4652 ὡσ
2944 4599 3035 4654 ἀπ’
3083 4600 3264 4676 ἀρχῆς
3321 4600 3656 4677 ὑπεσχόμην,
3699 4596 3769 4651 ὅτι

392 4690 547 4760 misi,
583 4696 765 4747 Deum
793 4691 954 4746 omni
994 4690 1167 4745 modo
1184 4705 1312 4745 esse
1345 4689 2033 4761 inculpabilem.Conces-

389 4779 575 4836 eimus
594 4796 753 4853 ergo,
789 4785 969 4835 Deum
992 4796 1061 4834 ex
1102 4779 1193 4844 iis,
1227 4795 1356 4850 qua:
1407 4778 1609 4834 insunt
1667 4778 2026 4850 hominibus,

384 4869 789 4939 prestantiora
812 4869 957 4924 citra
1000 4867 1495 4939 comparationem
1528 4867 1761 4922 habere.
1808 4868 1884 4922 Ex
1915 4886 2029 4940 quo

383 4957 469 5029 ﬁt,
502 4960 568 5013 ut
595 4958 909 5030 productor
938 4957 1015 5013 sit
1045 4962 1293 5029 quatuor
1315 4955 1799 5023 substantiarum,
1835 4956 2027 5029 calidi,

2139 4691 2276 4746 κατᾶ
2305 4689 2475 4742 πάντα
2524 4690 2566 4724 ¹⁸
2612 4686 2814 4761 τρόπον
2849 4688 2876 4742 ὁ
2907 4690 3037 4751 Θεὸς
3090 4687 3382 4763 ἅμεμπτός
3422 4690 3581 4746 ἐστιν.
3614 4682 3768 4741 Δεδώ-

2138 4800 2306 4851 καμεν
2364 4774 2454 4832 οὖν
2485 4777 2567 4831 ’ὁτι
2608 4777 2636 4831 6
2684 4777 2812 4838 Θεὸς
2863 4781 2970 4831 τῶν
3026 4778 3338 4855 ἀνθρώποις
3387 4778 3687 4850 προσόντων
3715 4772 3773 4827 τὰ

2138 4867 2418 4939 κρείττονα
2447 4863 2785 4941 ἀσυγκρίτως
2848 4861 2984 4942 ἔχει.
3026 4867 3119 4921 Διὸ
3169 4867 3259 4922 καὶ
3314 4866 3584 4943 ἐνδέχεται
3630 4862 3772 4917 αὐτὸν

2138 4951 2418 5032 προϐολέα
2472 4953 2711 5031 γενέσθαι
2769 4958 2875 5008 τῶν
2951 4956 3225 5032 τεσσάρων
3283 4956 3532 5027 οὐσιῶν,
3587 4952 3771 5029 θερμοῦ

1730 5098 1971 5155 VARI/ﬁ
2018 5100 2428 5157 LECTIONES.

452 5216 589 5270 ‘Ita
701 5218 758 5269 et
802 5232 871 5271 ex
915 5217 1163 5297 conject.
1211 5216 1298 5297 9.,
1351 5212 1712 5297 cuj.‘tex‘tus
1759 5212 2120 5297 γεγένςιπλτριιη⁵
2152 5214 2227 5285 ὲ[ξ
2270 5214 2473 5297 ιοῦ]περ

381 5286 780 5360 γεγεννηκέναι,
831 5292 933 5360 aut
980 5283 1176 5360 et'iam_
1203 5287 1353 5360 ΘεόνΔ
1382 5285 1730 5360 mutandum
1764 5283 2030 5360 ἱᾼηλαύτόν
2059 5283 2195 5360 ᾼ(80.-
2215 5283 2320 5340 ’τὸν
2349 5283 2653 5360 ’πονηρόνλ

2522 5217 2582 5290 οε
2619 5214 2788 5290 .1de
2811 5210 3347 5290 ,παραδείγμᾳτφω-
3399 5216 3421 5251 ⁸
3454 5212 3768 5290 Legem”?

2705 5266 2788 5340 's'."
2810 5266 2977 5357 {illi
2993 5266 3093 5344 ei:
3109 5266 3350 5343 "rage;
3398 5266 3693 5357 εεῖἓῖρθ
3718 5283 3770 5357 c_.

384 5354 663 5447 {ppilvnp'oc
708 5374 829 5447 scr.
852 5358 948 5447 30.!
968 5358 1019 5447 j‘i
1054 5357 1200 5447 περί,
1226 5360 1303 5447 D,
1323 5354 1525 5447 ΟἏπρό)
1573 5360 1639 5447 C.
1665 5356 2004 5447 “@0933:er
2025 5354 2109 5447 ρ.
2170 5360 2245 5447 WA
2264 5360 2348 5415 Ita
2970 5359 3071 5447 70.,
3115 5362 3195 5429 τῷ
3243 5355 3509 5447 ἀσυγκρξτ

378 5427 686 5502 ἀσυγκίίτῳ
737 5429 888 5500 conj.
934 5427 1132 5486 idem.'
1162 5432 1203 5466 “
1262 5427 1337 5487 εἷς
1378 5430 1435 5482 C.
1464 5427 1525 5463 ”¹²
1576 5446 1641 5495 ης

379 5502 424 5536 1⁸
458 5505 518 5555 In
551 5448 595 5557 ὃ
623 5518 743 5557 νενν
784 5517 918 5556 cum
968 5516 1090 5557 seu.
1140 5500 1348 5556 lacuna
1404 5516 1457 5557 ι).
1509 5517 1641 5557 γεννι

483 5518 518 5555 Π

1707 5356 2004 5429 ἀνθρώπων
2045 5349 2109 5414 Ο.
2170 5360 2213 5396 ¹⁰
2264 5360 2348 5415 Ita
2399 5349 2583 5425 8.,’τὸ
2615 5349 2933 5431 ’ἀσυγκρίτῳ
2983 5359 3071 5428 0.,
3115 5362 3195 5429 τῷ
3243 5355 3558 5480 ἀσυγκρίτιό)
3608 5355 3685 5421 C.,
3716 5349 3770 5405 τὸ

1695 5445 1749 5499 ρ.
1803 5426 2170 5507 οὕτως-ἔφης.
2297 5447 2345 5485 c.
2382 5429 2595 5507 praevia
2623 5427 2855 5507 lacuna.
2894 5430 3050 5485 Idem
3082 5428 3421 5507 ,προσόντων
3456 5428 3515 5507 ἀν
3555 5425 3766 5507 ρώπως-

623 5496 743 5582 γενν
784 5496 918 5556 cum
968 5516 1090 5582 s_eq.
1120 5500 1351 5582 ‘laeunna.
1404 5516 1457 5569 p.
1509 5496 1837 5582 γεννώνζτων.
1892 5503 1937 5537 ιδ
1970 5496 2447 5582 “[πὸιὸόν]τωνιῖ).
2503 5497 2906 5582 ΙΣῘςῐῙιςμένος,
2933 5518 2987 5582 ρ..

3067 5488 3187 5574 όνόν
3236 5502 3321 5556 τά.
3361 5501 3406 5538 ⁸⁸
3437 5488 3608 5574 π[ερ],
3695 5488 3770 5559 οῦ,

381 5521 424 5536 ιο
458 5521 518 5555 1n
551 5521 743 5575 υγενν
784 5521 918 5556 cum
968 5521 1090 5573 seq.
1140 5521 1348 5556 lacuna
1404 5521 1457 5569 ρ.
1509 5521 1837 5573 γεννωντων.
1893 5521 1937 5537 ι’
1991 5521 2338 5573 [nolo-autum
2390 5521 2447 5556 υ.
2503 5521 2662 5553 mem
2718 5521 2882 5571 μονος
2933 5521 2987 5573 p.
3067 5521 3187 5555 ovov
3236 5521 3321 5556 τα.
3362 5521 3406 5538 ιν
3437 5521 3766 5574 negabunt).

378 5567 467 5649 8ιᾷ
492 5569 560 5626 τὰ
589 5573 716 5649 (τῶν
749 5588 818 5649 ex
863 5571 1135 5649 conject.)
1187 5570 1491 5649 ἀνθρωποις
1543 5568 1854 5649 προσόντων
1899 5568 2130 5649 κριῃῶν]
2163 5591 2219 5649 ρῙ
2252 5571 2549 5649 περὶΑΘεοῦ
2570 5567 2705 5649 ᾕ-οὐ
2733 5568 2831 5649 ,δή-
2849 5570 2916 5649 cal
2953 5521 3255 5649 ἀνθρώποις
3296 5570 3587 5649 προσόντα.
3639 5568 3766 5649 ἐγεεν

378 5587 467 5625 οια
492 5587 560 5626 τα
589 5587 716 5645 (των
749 5588 818 5627 ex
863 5587 1135 5644 conect.)
1188 5587 1491 5646 ανυρωποις
1543 5587 1854 5640 προσόντων
1899 5587 2130 5645 mulqu
2163 5591 2219 5644 p.
2252 5591 2375 5642 περι
2416 5587 2604 5638 υεουη
2645 5590 2705 5623 ου
2749 5587 2814 5638 οη
2849 5587 2916 5625 τα
2953 5587 3255 5647 ἀνθρώποις
3296 5587 3571 5647 προσόντα
3639 5587 3766 5640 εγειν

376 5641 465 5695 καὶ
504 5640 909 5721 σιωπᾷνΔέστιν,
954 5587 1479 5721 ἐτῶν-,ἀνθρώποις
1506 5638 1820 5721 ’προσόντων
1853 5641 2034 5699 καλῶν
2062 5645 2121 5701 C.
2178 5646 2221 5682 ιθ
2264 5643 2356 5697 τὸν
2394 5644 2451 5701 S.
2485 5642 2653 5698 codd.
2682 5640 2745 5696 τό
2788 5644 2831 5680 Π
2872 5641 2918 5697 εἰ
2957 5641 3059 5718 ἄρα
3094 5642 3351 5721 γεννητόν
3394 5643 3463 5716 0,
3495 5634 3771 5717 ἀγέννητός

379 5713 602 5773 mavult
628 5721 665 5770 ὃ
687 5714 730 5752 ι’
758 5711 934 5770 πάντα
965 5711 1189 5774 addidit
1222 5711 1362 5775 S'ex
1390 5713 1634 5784 conject.
1660 5713 1740 5768 Ci.
