4082 6208
344 350 468 413 435

1165 352 1230 411 S.
1277 349 1718 412 CLEMENTIS
1760 349 1785 409 Ι
1832 348 2023 408 ROV.
2068 346 2298 407 PONT.
2345 344 2609 406 OPERA
2654 341 2927 404 DUBIA.

3601 346 3709 406 436

342 482 612 549 inimica;
630 481 783 553 quod
799 482 953 537 enim
970 498 1199 553 semper
1218 482 1645 547 exsistit,etiam
1663 480 1983 554 perpessio-

2112 479 2256 529 ἐστιν·
2308 475 2370 529 τὸ
2425 476 2530 550 γὰρ
2579 474 2660 529 ἀεὶ
2709 476 2754 511 ⁸ο
2799 475 2857 528 ’ὀν
2912 471 3004 527 καὶ
3062 472 3259 534 ἀπαθὲς
3318 471 3478 541 ἐστιν,
3531 474 3717 531 ιίπαθὶς

344 572 438 626 nis
469 588 669 641 expers
698 575 806 636 est,
840 587 1046 641 expers
1077 577 1275 626 autem
1307 571 1700 643 perpessionis
1748 571 1986 625 beatum

346 668 454 725 est,
470 660 700 714 beatum
715 674 846 714 vero
869 660 1157 715 exsistens
1182 660 1628 715 inimicitiarum
1651 676 1835 730 capax
1858 674 1988 714 esse

346 747 710 819 nequit,cum
738 752 972 819 prOpter
992 754 1265 803 aeternam
1291 750 1643 803 creationem
1660 764 1771 802 non
1795 763 1991 802 verea-

348 840 449 891 tur
477 852 773 907 quoquam
807 836 1044 907 privari.
1077 837 1200 900 Quo
1233 838 1405 891 modo
1432 841 1626 892 autem
1659 853 1771 890 non
1801 834 1993 906 potius

354 924 546 996 diligit
575 930 892 979 creatorem
928 926 1190 997 materia,
1223 942 1355 980 cum
1418 926 1641 980 fructus
1683 939 1993 995 procreans

355 1018 651 1085 appareat,
684 1018 749 1067 ut
780 1014 1116 1068 nutriantur
1171 1014 1367 1068 omnia
1423 1013 1495 1067 ab
1556 1013 1683 1085 ipso
1715 1010 1994 1067 condita?

354 1101 556 1157 Nonne
587 1101 779 1173 potius
808 1118 940 1156 eum
976 1107 1039 1155 ut
1069 1101 1180 1156 sibi
1239 1101 1598 1173 superiorem
1630 1102 1817 1169 timet,
1848 1115 1995 1170 quo-

356 1191 529 1246 modo
561 1195 617 1245 et
646 1194 808 1245 terrae
840 1190 1100 1245 motibus
1129 1194 1386 1245 tremens
1418 1190 1747 1256 confitetur,
1780 1192 1835 1244 et
1873 1203 1998 1259 per-

354 1275 606 1334 turbatis
636 1279 811 1332 undis
842 1278 1086 1333 Domino
1119 1278 1412 1349 naviganti
1445 1296 1479 1333 a
1535 1277 1801 1349 marique
1846 1292 1997 1331 sere-

354 1367 597 1421 nitatem
628 1366 941 1437 imperanti
977 1366 1132 1421 haud
1191 1371 1533 1422 cunctanter
1589 1367 1867 1421 obediens
1908 1381 1997 1419 ac-

353 1454 667 1526 quievit(b)
688 1454 717 1508 ?
746 1455 951 1510 Nonne
978 1455 1153 1510 etiam
1186 1456 1477 1511 daemones
1509 1454 1686 1511 simul
1710 1453 1895 1509 territi
1928 1470 1994 1508 ac

349 1542 743 1598 venerabundi
779 1544 998 1613 egressi
1066 1548 1224 1613 sunt,
1257 1544 1355 1598 alii
1411 1560 1545 1599 vero
1586 1559 1809 1608 eorum,
1840 1546 1907 1597 ut
1936 1542 1996 1595 in

354 1643 562 1704 porcos
590 1631 808 1686 intrare
838 1632 949 1685 sibi
979 1631 1195 1699 liceret,
1228 1632 1393 1704 prius
1450 1632 1766 1704 petendum
1825 1634 1997 1703 puta-

356 1720 745 1791 bant,quippe
778 1721 875 1791 qui
910 1721 1133 1792 absque
1163 1720 1323 1777 illius
1353 1738 1641 1776 consensu
1674 1737 1746 1775 ne
1780 1719 1837 1773 in
1860 1734 1997 1774 sues

358 1808 593 1880 quidem
623 1808 985 1880 ingrediendi
1016 1809 1299 1865 haberent
1328 1813 1674 1882 potestatem
1710 1810 1781 1879 (ε)
1800 1808 1829 1862 ?

427 1895 539 1951 XV.
575 1895 641 1949 Et
694 1896 932 1950 Simon:
994 1896 1139 1961 Quid
1201 1898 1377 1961 vero,
1419 1896 1469 1951 si
1529 1895 1726 1951 anima
1756 1894 1994 1966 quidem

360 1985 583 2057 privata
608 1984 864 2039 indolem
898 1984 1110 2039 habeat
1140 1985 1294 2039 mala
1324 2001 1389 2039 ac
1414 1985 1562 2040 bona
1609 1983 1949 2056 ingignendi
1973 1983 2002 2038 ‘I

363 2073 685 2144 Respondit
713 2073 957 2128 Petrus:
993 2073 1109 2127 Hac
1168 2074 1392 2128 ratione
1450 2090 1639 2144 neque
1695 2073 1849 2127 bona
1890 2076 2000 2139 est,

361 2177 552 2233 neque
584 2161 753 2231 mala,
815 2161 953 2233 quia
1011 2161 1219 2216 anima:
1279 2179 1343 2217 ac
1400 2179 1609 2217 sensus
1649 2177 1854 2233 expers
1884 2161 2006 2233 agit

363 2250 488 2306 sine
520 2248 783 2305 consilio.
814 2251 1000 2314 Quare
1031 2254 1088 2304 et
1143 2249 1253 2305 hoc
1311 2249 1555 2321 intelligi
1611 2253 1819 2321 potest,
1864 2266 2005 2320 quo-

362 2339 536 2394 modo
567 2338 775 2393 animae
806 2353 1010 2409 expers
1041 2342 1303 2410 procreet
1332 2338 1531 2393 anima
1551 2343 1832 2410 tanquam
1858 2355 2001 2409 prae-

362 2427 503 2491 dita,
538 2431 596 2481 et
620 2425 888 2497 quamvis
920 2442 1095 2482 sensu
1154 2443 1357 2482 carens
1416 2442 1659 2497 corpora
1689 2426 2007 2481 artificiosa

360 2530 495 2570 cum
528 2514 875 2570 animalium
907 2518 1032 2569 tum
1067 2514 1396 2586 plantarum
1453 2514 1680 2587 operari
1718 2516 2001 2570 videatur.

360 2604 512 2659 Tum
563 2603 804 2659 Simon:
839 2603 987 2669 Quid
1019 2620 1173 2672 vero,
1208 2605 1255 2658 si
1289 2604 1444 2659 Deus
1474 2604 1735 2659 animam
1767 2602 1818 2658 ei
1852 2604 2004 2658 indi-

361 2692 526 2754 derit,
564 2708 756 2747 nonne
787 2709 921 2747 reus
953 2692 1016 2747 ﬁt
1046 2692 1169 2764 ipse
1201 2691 1457 2759 illorum,
1494 2709 1623 2763 qua:
1654 2690 1765 2746 sibi
1822 2691 2007 2764 gignit

365 2780 653 2835 malorum
677 2780 705 2835 ?
734 2781 804 2835 Et
832 2782 1078 2835 Petrus:
1113 2781 1171 2836 Si
1205 2781 1358 2835 Deus
1416 2796 1543 2836 eam
1603 2780 1884 2835 animavit
1915 2797 2002 2835 se-

367 2869 627 2923 cuudum
659 2885 825 2923 suam
852 2869 1233 2935 voluntatem,
1266 2870 1393 2941 ejus
1424 2868 1667 2941 spiritus
1699 2886 1825 2923 eam
1874 2885 2006 2940 ope-

369 2960 554 3024 ratur,
590 2973 776 3028 neque
805 2958 920 3012 Deo
954 2957 1190 3012 inimica
1255 2958 1410 3013 ultro
1469 2958 1746 3013 exsistere
1798 2960 2005 3029 potest,

371 3060 561 3116 neque
590 3062 755 3117 aequa
786 3044 999 3117 pollere
1030 3047 1325 3116 potentia;
1361 3050 1460 3101 aut
1508 3047 1631 3101 ﬁeri
1690 3047 1909 3117 nequit,
1943 3049 2009 3100 ut

373 3132 764 3205 quodcunque
795 3150 897 3204 per
926 3151 1059 3188 eum
1098 3135 1220 3201 ﬁat,
1254 3136 1575 3190 secundum
1633 3135 1761 3205 ejus
1803 3134 2006 3206 gigna-

2031 1843 2079 1907 B

2100 562 2157 618 δὶ
2186 565 2242 618 ’ὸν
2280 562 2542 638 μακάριόν
2595 563 2755 624 ἐστιν,
2797 561 3061 635 μακάριον
3112 558 3169 615 δὲ
3208 562 3266 615 ὃν
3316 559 3504 637 ἔχθρας
3558 561 3719 619 δεκτι-

2097 654 2191 707 κὸν
2220 652 2462 726 γενέσθαι
2512 651 2574 705 οὐ
2623 648 2865 722 δύναται,
2896 648 3061 722 ἀϊδίῳ
3110 650 3277 704 κτίσει
3327 654 3370 688 δί
3417 654 3719 726 στερηθῆναί

2097 761 2243 802 τινος
2279 741 2352 813 μὴ
2407 734 2791 817 πεφοϐημένη.
2823 743 2951 800 Πῶς
3010 736 3068 792 δὲ
3125 737 3273 814 οὐχὶ]
3306 736 3508 811 μᾶλλον
3562 739 3721 816 ἀγαπᾷ

2099 830 2191 884 τὸν
2222 826 2557 904 δημιουργὸν
2609 831 2644 897 ἡ
2690 827 2820 899 ὕλη,
2854 827 3021 881 ὁπότε
3073 828 3188 899 (64)
3219 827 3453 903 φαίνεται
3505 830 3720 904 καρποὺς

2102 917 2370 995 ἐκφύουσα
2422 917 2498 978 εἷς
2537 918 2745 992 τροφὴν
2778 915 2995 969 πάντων
3044 920 3153 969 τῶν
3200 917 3285 969 ὁπ’
3331 915 3489 970 αὐτοῦ
3525 937 3722 991 γεγενη-

2106 1005 2312 1078 μένων;
2348 1009 2472 1067 Πῶς
2522 1002 2571 1059 δ’
2617 1005 2723 1079 οὐχ
2753 1004 2827 1065 ὡς
2855 1003 3139 1079 κρείττονα
3186 998 3505 1081 πεφόϐηται,
3537 1004 3603 1066 ὡς
3644 1007 3721 1060 καὶ

2104 1091 2194 1149 διὰ
2219 1099 2326 1147 τῶν
2361 1098 2595 1166 σεισμῶν
2634 1092 2909 1169 τρέμουσα
2954 1091 3247 1167 ὁμολογεῖ,
3279 1092 3369 1146 καὶ
3411 1093 3484 1154 ὡς
3539 1093 3721 1169 μεγάλα

2102 1183 2489 1255 κυματουμὲνη
2520 1183 2601 1253 τῷ
2630 1181 2955 1254 Διδασκάλῳ
2986 1181 3212 1236 πλέοντι
3244 1182 3333 1235 καὶ
3363 1180 3596 1257 γαλήνην
3624 1182 3722 1238 ὲπι-

2103 1272 2314 1343 τάξαντι
2359 1272 2593 1346 τάχιστα
2653 1272 2929 1325 πεισθεῖσα
2993 1268 3309 1345 ἡσύχασεν;
3358 1269 3421 1324 Τί
3466 1268 3520 1325 δὲ
3563 1272 3641 1325 καὶ
3683 1273 3725 1325 oi

2106 1357 2360 1431 δαίμονες
2416 1358 2477 1413 οὐ
2553 1359 2685 1431 μετᾶ
2729 1363 2827 1413 τοῦ
2886 1353 3167 1436 φοϐεῖσθαι
3228 1357 3318 1412 καὶ
3372 1363 3625 1435 προτιμᾷν
3665 1359 3728 1431 ἐξ·

2106 1442 2340 1515 ἔϐαινον,
2366 1444 2529 1503 ἄλλοι
2562 1445 2619 1501 δὲ
2650 1446 2727 1509 είς
2761 1445 2991 1523 χοίρους
3024 1446 3286 1502 εἰσελθεῖν
3316 1448 3468 1504 384
3495 1447 3724 1523 πρότερον

2104 1533 2541 1610 παρακαλοῦντες
2596 1535 2808 1606 ἠξίουν,
2869 1536 2946 1597 ὡς
3010 1532 3152 1608 μηδέ
3218 1539 3315 1589 τοῦ
3372 1535 3447 1597 εἰς
3525 1536 3728 1611 χοίρους

2107 1621 2367 1687 εἰσελθεῖν
2436 1622 2560 1678 ἄνευ
2634 1630 2737 1692 τῆς
2811 1622 2977 1678 αὐτοῦ
3062 1625 3465 1699 συγχωρήσεως
3520 1623 3728 1695 ἐξουσίαν

2108 1710 2327 1788 ἔχοντες
2353 1739 2366 1781 ;

2178 1890 2294 1945 XV.
2327 1887 2425 1943 Καί
2456 1890 2484 1943 6
2517 1888 2723 1961 Σίμων’
2755 1888 2816 1943 Τί
2848 1886 2905 1943 δὲ
2937 1888 2982 1943 εί
3014 1890 3234 1964 ἄψυχος
3261 1887 3396 1944 οὖσα
3444 1888 3587 1967 φύσιν
3628 1888 3727 1966 ἔχει

2110 1976 2330 2056 ἐμφύειν
2378 1979 2445 2033 τὰ
2491 1977 2629 2032 κακᾶ
2671 1976 2763 2031 καὶ
2810 1978 2879 2032 τὰ
2920 1977 3134 2054 ἀγαθά;
3172 1979 3275 2033 Καὶ
3325 1979 3353 2033 6
3406 1980 3612 2052 Πέτρος
3643 1981 3732 2035 Κα-

2108 2071 2176 2121 τὰ
2203 2066 2294 2121 τὸν
2355 2065 2521 2142 λόγον
2579 2070 2768 2121 τοῦτον
2812 2062 2935 2121 οὕτε
2991 2067 3164 2141 ἀγαθή
3229 2066 3389 2135 ἐστιν,
3421 2063 3538 2121 οὔτε
3587 2068 3730 2135 κακὴ,

2111 2154 2193 2210 ὅτι
2229 2158 2303 2228 μὴ
2337 2155 2646 2233 προαιρέσει
2696 2155 2916 2231 πράττει
2969 2156 3181 2232 ἄψυχος
3232 2154 3367 2211 οὖσα
3412 2156 3497 2210 καὶ
3550 2156 3734 2226 ἀναίση·

2110 2266 2222 2306 τος.
2258 2246 2349 2300 Διὸ
2386 2245 2476 2300 καὶ
2506 2243 2731 2308 ἐνταῦθα
2762 2242 2952 2299 διϊδεῖν
2990 2242 3149 2316 ἔστιν,
3183 2249 3307 2307 πῶς
3368 2246 3569 2320 ἄψυχος
3621 2245 3733 2298 οὖσα

2110 2330 2363 2409 ἔμψυχος
2410 2337 2457 2370 ⁴²
2504 2329 2832 2409 προϐάλλει,
2867 2333 2958 2389 καὶ
2998 2333 3328 2403 ἀναίσθητος
3372 2334 3500 2389 οὖσα
3544 2334 3735 2409 τεχνικὰ

2112 2425 2393 2498 σχήματα,
2422 2424 2489 2478 τά
2516 2444 2577 2478 τε
2622 2424 2775 2492 ζώων
2824 2424 2915 2477 καὶ
2968 2427 3147 2501 φυτῶν
3196 2422 3596 2499 δημιουργοῦσα
3636 2422 3736 2499 φαί-

2110 2533 2276 2567 νεται.
2311 2512 2408 2565 Καὶ
2450 2512 2478 2565 6
2511 2511 2719 2584 Σίμων’
2751 2511 2813 2565 Τί
2871 2508 2930 2566 δὲ
2984 2511 3031 2567 εἰ
3091 2512 3116 2567 6
3175 2513 3311 2575 Θεὸς
3366 2512 3520 2574 αὐτὸς
3573 2509 3734 2585 ἐνεψῦ-

2113 2619 2291 2675 χωσεν
2324 2599 2514 2669 αὐτὴν,
2549 2599 2647 2653 οὐκ
2690 2598 2848 2661 αὐτὸς
2893 2596 3068 2661 αἴτιός
3107 2599 3250 2654 ἐστιν
3305 2601 3379 2654 ὧν
3421 2600 3546 2670 αὖτή
3589 2600 3734 2654 τίκτει

2111 2693 2332 2757 κακῶνς
2371 2688 2472 2743 Καὶ
2504 2689 2532 2743 6
2590 2688 2814 2761 Πέτροςο
2847 2687 2909 2742 Εἰ
2965 2689 2993 2742 6
3043 2690 3172 2750 Θεὸς
3232 2688 3402 2759 αὐτὴν
3459 2688 3735 2763 ἒνεψύχωσε

2111 2777 2247 2830 κατὰ
2298 2778 2398 2846 τὴν
2453 2777 2617 2831 αὐτοῦ
2679 2774 2967 2852 βούλησιν,
2998 2778 3061 2832 τὸ
3117 2776 3286 2832 αὐτοῦ
3334 2783 3540 2851 πνεῦμα
3588 2777 3755 2844 αὐτὴν.

2114 2864 2415 2940 ἐργάζεται,
2447 2865 2535 2919 καὶ
2568 2864 2745 2920 οὐκετι
2778 2870 2856 2937 τῷ
2885 2870 3001 2938 Θεῷ
3032 2865 3231 2941 ἐχθρόν
3288 2866 3341 2921 τί
3384 2867 3517 2921 ἐστιν
3562 2866 3594 2935 ἢ
3631 2864 3735 2920 ἶσο-

2116 2951 2370 3026 δῦναμονσ
2420 2954 2455 3022 ἢ
2506 2951 2784 3024 ἀδύνατον,
2818 2954 2901 3010 ὅτι
2946 2961 3049 3010 πᾶν
3102 2956 3165 3009 τὸ
3212 2956 3492 3031 γινόμενον
3543 2956 3622 3010 ὑπ’
3656 2953 3736 3007 αὖ·

2112 3048 2230 3113 τοῦ,
2262 3044 2336 3105 ὡς
2366 3040 2532 3111 θέλει,
2566 3044 2791 3118 γίνεται.
2827 3042 2984 3100 Ἀλλ’
3013 3044 3175 3120 ἐρεῖς·
3210 3046 3387 3120 Αὐτὸς
3433 3052 3529 3115 τῆς
3572 3042 3734 3103 κακίας

2115 3130 2309 3203 αἴτιος,
2368 3130 2517 3208 εἷ’περ
2579 3132 2737 3194 αὐτὸς
2798 3130 2866 3186 δι’
2925 3132 3095 3202 αὐτῆς
3156 3114 3436 3210 ἐργάζεται
3493 3135 3555 3189 τὰ
3605 3132 3739 3187 κακά.

371 3223 469 3275 tur
495 3219 876 3276 voluntatem.
909 3224 980 3276 At
1010 3222 1202 3278 dices:
1239 3224 1365 3294 Ipse
1420 3227 1509 3278 est
1539 3228 1739 3277 auctor
1769 3222 1925 3287 mali,
1960 3221 2001 3277 si

2125 3226 2262 3274 Ποῖα
2313 3222 2413 3296 ἄρα
2463 3220 2601 3296 ἐρεῖς
2655 3221 2722 3275 τὰ
2773 3222 2947 3290 xuxu';
2982 3222 3213 3298 Ἐρπετᾶ
3252 3218 3450 3277 ἷοῦόλα
3477 3226 3520 3259 ⁴³
3548 3222 3629 3277 καὶ
3660 3222 3740 3295 βο-

376 3325 480 3381 per
509 3326 635 3365 eam
668 3314 940 3381 operetur
968 3311 1260 3367 mala.Ast
1289 3311 1482 3381 qualia
1515 3310 1796 3383 intelligis
1819 3309 2012 3364 mala?

376 3398 854 3470 Reptiliaveneno
869 3399 924 3454 in
935 3400 1162 3469 fecta,et
1176 3398 1407 3471 plantas
1422 3399 1517 3455 leti
1527 3399 1789 3467 feras,vel
1804 3400 2016 3454 daemo-

372 3503 496 3553 nes,
517 3488 603 3543 vel
636 3488 812 3543 etiam
845 3487 977 3555 alia,
1003 3505 1131 3558 quae
1164 3488 1502 3543 horninibus
1530 3504 1736 3543 nocere
1756 3487 2013 3559 queant?

369 3576 508 3640 Quae
530 3576 765 3647 quidem
791 3577 1077 3647 ejusmodi
1096 3576 1251 3632 mala
1269 3594 1380 3632 non
1409 3577 1677 3642 essent,si
1696 3577 1871 3631 homo
1895 3591 2011 3629 non

363 3665 905 3735 peccavisset,unde
928 3682 1085 3720 mors
1105 3666 1460 3737 supervenit.
1494 3665 1638 3720 Nam
1666 3682 1800 3720 cum
1835 3665 2011 3721 homo

358 3753 579 3824 peccati
613 3769 817 3825 expers
849 3754 1184 3820 exsistebat,
1216 3771 1506 3810 venenum
1559 3754 1856 3826 reptilium
1891 3772 2007 3809 non

360 3842 929 3913 operabatur,neque
961 3843 1295 3897 nocivarum
1329 3843 1661 3913 plantarum
1702 3844 1872 3909 vires,
1909 3859 2010 3897 ne-

360 3945 473 4001 que
502 3931 795 3985 damones
820 3930 1068 4002 injurias
1092 3932 1436 3996 inferebant,
1470 3947 1657 4002 neque
1693 3931 1846 3985 aliud
1884 3949 2007 3987 ma-

361 4015 485 4072 lum
519 4022 731 4073 natura
761 4018 810 4073 ei
843 4018 1088 4073 insitum
1122 4023 1283 4085 erat;
1314 4024 1716 4074 verumtamen
1764 4019 2006 4075 immor-

358 4104 624 4172 talitatis,
650 4111 715 4159 ut
744 4106 885 4174 dixi,
918 4107 991 4161 ob
1025 4112 1325 4177 peccatum
1351 4108 1586 4177 jactura
1630 4109 1798 4173 facta,
1833 4114 2006 4179 aptus

362 4193 433 4248 ad
466 4194 732 4263 quamvis
763 4194 1152 4249 calamitatem
1187 4195 1576 4266 recipiendam
1612 4196 1873 4250 redditus
1895 4202 2001 4252 est.

2122 3307 2277 3371 τάνας
2310 3309 2656 3381 θανασίμους,
2688 3310 2721 3378 ἢ
2758 3307 3045 3383 δαίμονας,
3074 3312 3109 3379 ἢ
3154 3312 3244 3365 καὶ
3299 3310 3443 3367 ἄλλα
3492 3313 3605 3366 τινὰ
3648 3314 3739 3365 τῶν

2124 3397 2427 3472 ἀνθρώποις
2461 3397 2649 3473 ὀχλεῖν
2684 3395 2992 3471 δυναμένων
3021 3419 3034 3469 ;
3067 3402 3240 3474 ’Ἃπερ
3273 3401 3342 3456 τὰ
3383 3404 3491 3475 [νῦν
3540 3402 3628 3477 χα]
3672 3399 3745 3455 λε-

2120 3487 2197 3539 ne.
2227 3490 2274 3522 “
2305 3486 2402 3540 οὐκ
2464 3487 2520 3541 ἂν
2573 3488 2659 3557 ἦν,
2712 3487 2759 3542 εἰ
2820 3490 2893 3560 μή
2949 3491 3261 3562 ἡμαρτήκει
3295 3491 3323 3544 6
3384 3487 3743 3566 ἅνθρωπος,οὗ

2122 3571 2316 3629 ε’ίνεκεν
2349 3575 2573 3637 Θάνατος
2628 3574 3006 3650 παρεισῆλθεψ
3042 3577 3427 3653 ἀναμαρτήτου
3456 3582 3499 3615 ⁴⁵
3524 3579 3615 3654 γὰρ
3667 3572 3742 3630 ὅν-

2117 3683 2213 3724 τος
2251 3668 2347 3719 τοῦ
2404 3664 2688 3738 ἀνθρώπου
2746 3664 2853 3740 οὐχ
2909 3664 3147 3741 ἑρπετῶν
3182 3667 3209 3721 ὁ
3244 3667 3330 3729 ἰὸς
3386 3667 3664 3743 εἰργάζετο,
3691 3666 3744 3720 οὗ

2115 3756 2222 3806 τῶν
2254 3756 2431 3806 κακῶν
2474 3753 2713 3828 βοτανῶν
2755 3753 2810 3807 αἱ
2855 3751 3133 3829 ἐνέργειαι,
3168 3753 3231 3809 οὗ
3278 3753 3543 3829 δαιμόνων
3591 3754 3744 3830 ὀχλή-

2118 3860 2229 3901 σεις
2261 3839 2519 3915 ἐγίνοντο,
2553 3838 2678 3895 οὐδὲ
2708 3843 2857 3900 385
2896 3840 3038 3896 ἄλλο
3066 3863 3118 3896 τι
3166 3842 3343 3906 πάθος
3408 3844 3549 3916 αὐτῷ
3599 3863 3743 3919 προσ-

2118 3933 2251 3983 εῖναι
2283 3928 2437 4007 φύσιν
2472 3929 2638 4005 εἶχενο
2674 3927 2743 3983 δι’
2775 3931 3039 4004 ἁμαρτίαν
3092 3928 3151 3985 δὲ
3199 3930 3442 3988 ἐκπεσὼν
3491 3937 3579 3987 τοῦ
3631 3931 3742 3995 ἀθά-

2115 4039 2271 4079 νατος
2302 4018 2455 4087 εἶναι,
2489 4019 2564 4081 ὡς
2596 4017 2750 4096 ἔφην,
2782 4020 2979 4081 παντὸς
3010 4021 3211 4083 πάθους
3262 4023 3452 4097 γέγονε
3507 4020 3741 4081 δεκτικός.

2115 4106 2179 4160 Εἰ
2212 4104 2269 4160 δὲ
2299 4106 2459 4182 ἐρεῖς
2494 4108 2591 4161 Διά
2644 4107 2697 4161 τί
2755 4107 2845 4161 οὖν
2891 4109 3011 4163 κατ’
3039 4108 3215 4184 ἀρχὰς
3267 4110 3476 4185 ἐγένετο
3507 4113 3538 4180 ἡ
3571 4111 3747 4185 ἀνθρω-

252 4508 265 4513 -
352 4456 604 4514 liberum
637 4459 825 4531 ipsius
858 4460 1188 4516 arbitrium.
1250 4460 1307 4516 Si
1368 4461 1524 4517 enim
1584 4478 1697 4516 non
1732 4478 1999 4518 essemus

2114 4196 2237 4249 πεία
2295 4195 2449 4273 φύσις
2505 4194 2728 4250 θανάτου
2789 4193 3003 4267 δεκτική
3033 4215 3046 4266 ;
3073 4199 3229 4271 Φημί
3292 4219 3400 4253 σοι’
3435 4200 3528 4254 Διὰ
3571 4197 3627 4254 τὸ
3669 4198 3746 4251 αὐ-

360 4282 418 4337 Si
452 4286 646 4337 autem
678 4282 867 4337 dices:
903 4282 1017 4338 Cur
1054 4284 1231 4355 igitur
1289 4284 1550 4339 humana
1603 4289 1812 4339 natura
1841 4285 2001 4341 initio

2112 4284 2405 4353 τεξούσιον.
2458 4287 2521 4339 Εἰ
2576 4286 2676 4361 γὰρ
2733 4284 2833 4339 οὐκ
2887 4286 3026 4359 ἦμεν
3089 4289 3320 4351 θανάτου
3381 4286 3624 4359 δεκτικοῖ,
3670 4285 3742 4339 ἐπὶ

359 4369 564 4426 mortis
594 4387 775 4443 capax
807 4379 895 4426 est
924 4373 1147 4427 reddita
1174 4371 1201 4425 ?
1232 4373 1337 4427 tibi
1371 4373 1691 4444 respondeo
1718 4389 1730 4429 :
1766 4374 2001 4444 Propter

2112 4372 2435 4446 αὐτεξουσίῳ
2521 4376 2873 4448 ἁμαρτήματι
2953 4378 3311 4451 τιμωρεῖσθαι
3383 4378 3458 4440 ὡς
3509 4377 3736 4433 ἀθάνατοι

2111 4461 2211 4517 οὐκ
2241 4460 2557 4535 ἐδυνάμεθα.
2592 4462 2687 4517 Καὶ
2721 4462 2893 4525 οὕτως
2926 4460 3015 4518 διὰ
3068 4466 3129 4519 τὸ
3181 4465 3385 4531 ἀπαθὲς
3444 4461 3624 4523 πλεῖόν
3672 4485 3738 4530 τι,

353 4546 524 4603 morti
556 4547 809 4615 obnoxii,
848 4549 921 4604 ob
952 4554 1342 4620 spontaneum
1397 4554 1701 4623 peccatum
1746 4568 1855 4607 nos
1888 4552 1997 4606 im-

2112 4549 2204 4605 κᾶν
2253 4554 2321 4624 τῇ
2379 4552 2693 4627 προαιρέσει
2719 4552 2859 4624 ἦμεν
2915 4553 3166 4626 vuxoi“,
3200 4557 3234 4624 ἡ
3296 4555 3389 4609 καὶ
3442 4551 3736 4622 δικαιοσύνη

448 4688 481 4726 a
532 4671 759 4728 Matth..
793 4689 967 4741 vxvn,
998 4673 1069 4727 52
1087 4690 1108 4734 ,°
1138 4690 1263 4738 vm,
1293 4674 1382 4730 23.

425 4670 503 4815 ibi
531 4742 737 4799 Matth.
768 4760 892 4812 νιιι,
925 4744 1033 4812 26;
1069 4745 1204 4800 Luc.
1238 4762 1361 4815 vm,
1390 4745 1482 4799 24.

2181 4676 2254 4750 (c)
2285 4676 2489 4733 Matth.
2517 4693 2638 4746 vm,
2669 4677 2757 4732 31.

450 4742 501 4814 b)
531 4742 737 4799 Matth.
768 4760 892 4812 νιιι,
925 4744 1033 4812 26;
1069 4745 1204 4800 Luc.
1238 4762 1361 4815 vm,
1390 4745 1482 4799 24.

1706 4870 1947 4927 VARl/E
1997 4872 2408 4929 LECTIONES.

426 4962 471 4998 ⁴⁰
500 4960 605 5015 αἰεί
724 4965 784 5049 ’ἦν
812 4961 973 5036 ἀϊδίῳ
1024 4967 1212 5049 κτήσει
1255 4968 1420 5049 (ξιξξῂἰὶ
1440 4971 1497 5022 C.
1552 4963 1825 5049 ἀϊδιότῃτι
1853 4969 2178 5049 _prop08l_1_it
2233 4970 2324 5049 D.,
2364 4965 2453 5049 ‘8'.’
2502 4966 3063 5049 utStdtp‘rgumavult
3109 4972 3169 5027 S.
3213 4973 3259 5007 ⁴²
3315 4972 3466 5049 Pos_t_
3508 4969 3741 5049 ἔμψυχος

357 5031 446 5116 0:,
489 5035 696 5116 repetit
726 5032 855 5116 οὖσα
886 5031 1274 5116 expunctum;
1305 5031 1469 5116 “9.,
1502 5031 1814 5116 commate.
1837 5031 2148 5116 distinguit
2203 5031 2333 5111 post
2359 5039 2553 5116 ἑρπετά
2583 5046 2639 5097 et
2688 5031 2900 5097 ἰοϐόλα.
2934 5044 2977 5077 ⁴⁴
3008 5043 3297 5116 Lacunam
3338 5031 3555 5116 codicis
3591 5031 3737 5116 eici-

353 5103 527 5210 Biqpt
554 5103 759 5162 littera:
790 5103 1132 5210 lendxjsic).
1167 5111 1211 5144 ⁴⁵
1240 5103 1755 5210 Ιέςσᾶναμαρτζςτου
1796 5103 2251 5210 ἔδουηαλνὶηαοὲ,
2304 5103 2428 5210 sed:
2453 5113 2737 5210 adloraAm
2788 5130 2945 5210 man.
2999 5130 3110 5168 rec.
3158 5111 3292 5175 ’ίσως
3348 5114 3730 5188 ἀναμαρτήτου.

377 5176 400 5211 ⁸
428 5177 516 5232 Ita
545 5193 701 5233 man.
736 5194 849 5234 rec.
881 5180 953 5235 ad
986 5176 1149 5236 cram
1179 5182 1417 5252 codicis,
1448 5176 1509 5237 in
1550 5176 1663 5253 cuj'.
1698 5186 1857 5238 textu
1895 5181 2080 5240 κακόν.
2112 5176 2370 5240 Subinde
2394 5183 2429 5252 ἦ
2472 5182 2559 5238 καί
2580 5202 2635 5257 p.
2670 5185 2703 5253 ἡ
2744 5203 2833 5237 και
2864 5184 3037 5240 idem.

1723 5324 2111 5383 VARIORUM
2151 5326 2383 5385 ΝΟΤιΕ.

431 5433 545 5559 (δίιῖ
576 5438 893 5508 Hucusque
927 5452 1038 5493 ms.
1072 5438 1457 5495 Cotelerii.At
1483 5440 1598 5495 tria
1609 5441 1734 5512 jam
1777 5445 2013 5511 peracta
2118 5461 2227 5495 των
2260 5458 2447 5513 usque
2477 5442 2547 5498 ad
2598 5441 2757 5498 hom.
2815 5459 2907 5513 xx,
2966 5443 3036 5498 23
3094 5442 3354 5516 ὁρμήσειν
3415 5438 3730 5515 ’Δντιόχειαν

431 5510 495 5559 nt
554 5512 819 5559 ustra.ex
843 5508 1169 5559 quoincod.
1215 5509 1604 5559 Ottnhnniann
1646 5513 1835 5559 inveni
1868 5512 1999 5559 mli-
2107 5509 2379 5559 iz'mrsuami
2413 5517 2694 5559 hactenus
2749 5512 3104 5559 innno'nitnm
3186 5531 3359 5559 mmm
3421 5531 3573 5559 nunc
3628 5510 3729 5559 nri-

351 5510 495 5560 sunt
527 5509 821 5586 lustra,e_x_
843 5509 1029 5578 quoin
1045 5509 1169 5563 cod.
1215 5509 1837 5586 Ottobonianojinveni
1868 5512 1999 5567 reli-
2107 5509 2379 5585 ἔσπευσεν)
2413 5517 2694 5586 hactenus
2749 5509 3136 5585 incognitam,
3164 5509 3363 5586 quam
3421 5531 3573 5569 nunc
3596 5509 3729 5584 "pri-

348 5591 525 5700 quam
551 5577 1020 5635 Clementinbrum
1045 5586 1263 5649 partem
1289 5582 1444 5652 (inde
1472 5600 1504 5637 a
1524 5584 1658 5640 vbb.
1692 5583 1852 5638 hom.
1876 5601 1992 5653 ιιι,
2108 5601 2270 5639 mum
2304 5577 2585 5655 evulgavi.
2610 5577 3031 5657 Lacunas‘quaa
3062 5577 3393 5651 occurrunt,
3427 5577 3727 5656 conjecta!)-

385 5647 442 5700 4.
499 5645 735 5700 Φαίνεται
789 5649 1028 5700 Mummi):
1116 5649 1382 5700 ἐκωύουσα
1463 5652 1539 5700 εἷς
1593 5653 1803 5700 τοοωῆν
1862 5654 1996 5700 πάν-
2104 5656 2177 5700 dn
2209 5655 2426 5700 mrnlmri
2460 5657 2744 5700 nnninmm
2772 5656 3004 5700 innlngi,
3042 5657 3315 5700 Πρπςςιπτη

385 5647 442 5713 4,
499 5645 735 5724 φαίνεται
789 5645 1060 5723 καρποὺί
1116 5645 1382 5729 ἐκφύουσα
1463 5652 1539 5714 εἰς
1593 5653 1803 5729 τροφὴν
1862 5645 1996 5707 πάνέ
2104 5656 2177 5711 d0
2209 5645 2744 5728 expleviuuncisque
2772 5645 3007 5713 inclu‘si.
3042 5657 3317 5714 DRESSEL.
