4082 6208
289 384 390 445 ιθτ
1348 382 1876 446 CLEMENTINA.

2039 384 2350 447 EIOMILIA
2392 386 2549 447 x1x.
2828 354 2831 355 ί
3530 388 3651 454 438

290 512 559 584 ἐξησθένει,
599 511 703 565 τῶν
751 510 919 573 κακὰς
964 510 1202 588 ἐχόντων
1254 516 1594 595 προαιρέσεις
1642 513 1896 577 ἀπαθείας

2040 517 2515 590 οοτῐοὶθεῗρυῑιὶινί
2546 534 2662 574 non
2693 532 3021 591 possemus.
3048 517 3114 576 Et
3142 518 3252 577 hoc
3282 521 3477 590 modo,
3502 521 3552 579 si
3582 539 3652 579 ex

285 601 410 673 αἰτίᾳ
434 601 798 675 τιμωρηθῆναι
834 601 910 673 μὴ
946 598 1272 674 δυναμένων.

2036 609 2247 665 onsilio
2307 606 2447 663 mali
2504 623 2791 672 essemus,
2848 607 3023 663 etiam
3097 608 3334 679 justitia
3416 611 3488 666 ob
3557 610 3646 667 in-

283 691 563 749 dolentiam
593 690 779 763 magis
809 690 1278 766 imminueretur,
1326 712 1460 753 cum
1492 700 1592 771 qui
1626 700 1781 759 mala
1812 703 2040 759 foveant
2069 697 2314 756 consilia
2343 694 2736 751 immunitatis
2766 711 2945 751 causa
2973 696 3159 767 pmnis
3190 697 3343 753 afﬁci
3373 714 3488 754 non
3520 715 3650 771 pos-

282 786 407 838 sent.

336 907 456 962 XVI.
484 903 581 962 Καὶ
614 906 642 959 6
670 904 859 979 Σίμων
900 908 1037 985 πρὸς
1084 913 1253 964 ταῦτα
1303 907 1427 987 ἔφη’
1465 914 1594 987 Περὶ
1644 920 1889 991 πονηροῦ

2070 916 2210 973 XVI.
2244 916 2328 970 Ad
2359 915 2479 969 haec
2511 914 2709 968 Simon
2742 931 2755 970 :
2787 914 2869 971 De
2898 914 3052 970 malo
3082 914 3241 970 aliud
3274 914 3413 986 quid
3456 915 3645 972 dicere

275 1016 317 1050 τι
342 992 408 1051 ἔτι
445 993 553 1070 ἔχω
581 991 764 1071 ἕτερον
797 994 998 1071 λέγειν.
1030 999 1099 1055 Ἢ
1128 997 1212 1052 ὅτι
1269 998 1318 1070 ἐξ
1367 999 1465 1053 οὐκ
1515 997 1684 1055 ὄντων
1732 1003 1887 1058 αὐτὸν

2032 1007 2204 1061 ιαὺοο.
2239 1004 2529 1059 Nimirum
2564 1003 2613 1058 si
2648 1002 2801 1057 Deus
2832 1020 2967 1058 eum
3024 1020 3093 1058 ex
3139 1002 3321 1058 nihilo
3350 1002 3503 1069 fecit,
3534 1003 3644 1058 hac

277 1084 489 1154 ὲποίησεν
514 1085 540 1139 6
568 1085 719 1153 Θεὸς,
751 1085 840 1140 καὶ
889 1088 1025 1141 κατὰ
1070 1092 1232 1143 10610
1281 1090 1445 1150 κακὸς
1476 1091 1503 1144 ὁ
1543 1093 1795 1161 ποιήσας,
1828 1094 1888 1155 ’ὸς

2030 1110 2230 1166 [υοῳιθ
2263 1093 2483 1147 ratione
2517 1096 2743 1146 creator
2772 1096 2860 1146 est
2892 1090 3104 1158 malus,
3138 1096 3337 1162 utpote
3395 1090 3495 1162 qui
3528 1107 3642 1145 non

274 1174 411 1246 τὸμή
443 1170 496 1226 ὃν
545 1171 795 1243 ἐποίησεν
843 1176 998 1247 εἶναι,
1032 1176 1120 1229 καὶ
1168 1182 1335 1231 ταῦτα
1387 1174 1684 1251 δυνάμενος
1731 1180 1886 1236 αὐτὸν

2033 1185 2341 1239 xistentem
2381 1180 2671 1251 ejusmodi
2706 1180 2923 1249 fecerit,
2959 1180 3227 1251 quamvis
3259 1178 3476 1245 liceret,
3509 1195 3642 1235 eum

272 1261 437 1337 ἀγαθὸν
466 1268 691 1330 ποιῆσαι
720 1268 798 1335 τῷ
826 1264 918 1319 τὸν
970 1264 1257 1339 γινόμενον
1308 1266 1477 1338 μηδὲν
1521 1269 1657 1344 πρὸς
1699 1272 1884 1334 κακίας

2036 1289 2186 1328 icere
2217 1273 2459 1337 bonum,
2494 1270 2541 1325 si
2576 1269 2841 1341 genitum
2873 1268 2954 1324 ita
2984 1272 3256 1337 creasset,
3293 1272 3358 1323 ut
3414 1267 3648 1339 propria

272 1349 545 1425 προαίρεσιν
601 1349 743 1405 ἰδίαν
793 1354 1081 1422 κεκτῆσθαι
1132 1353 1308 1429 φύσιν.
1362 1356 1457 1410 Καὶ
1492 1357 1519 1411 6
1561 1359 1785 1433 Πέτρος·
1819 1360 1884 1413 Τὸ

2029 1366 2213 1417 Latura
2246 1357 2703 1431 propensitatem
2765 1358 2836 1412 ad
2871 1356 3099 1412 malum
3152 1373 3268 1411 non
3300 1356 3641 1427 possideret.

269 1439 310 1509 ἐξ
335 1439 422 1493 οὐκ
448 1433 612 1494 ὅντων
640 1439 798 1495 αὐτὸν
831 1449 1059 1511 ποιῆσαι
1090 1444 1405 1520 προαίρεσιν
1440 1440 1660 1520 ἔχοντα,
1693 1447 1881 1520 ὅμοιόν

2032 1452 2149 1505 ,‘um
2182 1449 2387 1503 Petrus
2418 1464 2431 1502 :
2465 1446 2627 1509 Quod
2660 1446 2859 1501 fecerit
2886 1463 2957 1501 ex
3014 1444 3195 1501 nihilo
3249 1444 3644 1517 propensitate

270 1527 385 1582 ἐστιν
413 1529 455 1599 ᾧ
486 1531 892 1605 προειρήκαμεν
929 1529 1097 1607 λόγῳ,
1132 1532 1214 1586 ὅτι
1259 1532 1395 1607 πρὸς
1439 1534 1502 1588 τὸ
1534 1535 1746 1610 χαίρειν
1792 1536 1882 1592 a6-

2029 1537 2305 1593 »raadltum
2341 1553 2455 1591 non
2488 1535 2679 1590 differt
2708 1536 2779 1590 ab
2811 1534 2932 1602 illo,
2967 1535 3122 1604 quod
3155 1551 3335 1605 supra
3362 1533 3641 1599 diximus,

262 1617 334 1671 τὸν
361 1622 536 1680 κακοῖς
566 1616 672 1686 τὴν
704 1623 891 1693 κρᾶσιν
943 1622 1180 1691 ποιήσας
1232 1622 1387 1684 αὐνὸς
1438 1620 1613 1686 αἴτιος
1644 1624 1866 1702 φαίνετα

2027 1644 2132 1683 um
2166 1626 2304 1698 quia
2336 1624 2506 1681 malis
2537 1625 2818 1697 gauderet
2848 1623 3123 1679 mistione
3154 1623 3477 1696 composita
3496 1640 3639 1679 cau-

261 1709 340 1759 τοῦ
364 1705 667 1780 γενομένου.
702 1709 848 1770 Μιᾶς
881 1706 971 1763 οὖν
1006 1705 1171 1781 οὔσης
1199 1717 1300 1779 τῆς
1330 1710 1651 1789 ἀμφοτέρων
1704 1712 1873 1769 έπιλύ·

2031 1734 2123 1771 am
2156 1731 2285 1771 esse
2316 1714 2496 1770 videri
2530 1729 2753 1784 eorum,
2788 1730 2915 1785 qua
2956 1713 3323 1784 proveniunt.
3358 1712 3505 1768 Cum
3540 1730 3638 1769 ea-

262 1815 393 1862 σεως,
442 1794 503 1848 τὸ
560 1792 656 1849 διὰ
707 1794 760 1850 τί
814 1797 1027 1873 χαίρειν
1077 1798 1235 1853 αὐτὸν
1286 1798 1368 1854 ἐπ’
1428 1800 1658 1875 ὀλέθρου
1706 1808 1874 1858 κακῶν

2024 1809 2128 1861 lem
2161 1804 2239 1861 sit
2270 1804 2578 1874 utriusque
2606 1801 2844 1872 solutio,
2895 1801 3138 1874 posthac
3194 1800 3636 1872 explicabimus,

263 1881 483 1951 ἐποίησεν
514 1881 741 1959 ὕστερον
776 1885 1027 1961 ἒροῦμεν.
1072 1887 1174 1943 Καὶ
1206 1888 1233 1941 6
1267 1888 1474 1961 Σίμων’
1526 1889 1587 1944 Εἰ
1636 1890 1875 1962 αὐτεξου-

2032 1911 2102 1950 ur
2124 1897 2202 1950 ita
2223 1893 2560 1949 ordinatum
2590 1890 2687 1959 sit,
2712 1896 2777 1945 ut
2799 1889 3084 1945 malorum
3110 1889 3365 1961 pernicie
3383 1890 3640 1962 gaudere

261 1969 383 2031 σίους
410 1969 633 2041 ἐποίησε
664 1972 753 2027 καὶ
800 1974 928 2035 τοὺς
980 1974 1270 2050 ἀγγέλους,
1304 1976 1331 2030 6
1365 1974 1422 2031 δὲ
1470 1979 1711 2053 πονηρὸς
1761 1981 1873 2036 ἀπέ-

2025 1985 2282 2039 'ideatur.
2313 1981 2382 2035 Et
2403 1980 2604 2035 Simon
2632 1997 2645 2035 :
2669 1979 2729 2034 Si
2751 1983 2809 2035 et
2834 1977 3070 2049 angelos
3116 1978 3310 2033 libens
3335 1980 3637 2049 potestatis

262 2080 340 2128 στη
368 2064 456 2113 106
482 2058 695 2123 δίκαιος
729 2062 980 2133 εἴναι,καὶ
1014 2061 1101 2118 διὰ
1128 2064 1180 2118 τί
1210 2064 1356 2141 ἀρχῇ
1377 2066 1663 2139 τετίμηται
1688 2088 1701 2137 ;
1724 2070 1780 2123 '0
1800 2091 1874 2125 τι-

2025 2072 2146 2138 3cit,
2182 2070 2374 2126 malus
2404 2074 2598 2125 autem
2624 2070 2829 2138 justus
2859 2083 2987 2123 esse
3016 2067 3261 2137 destitit,
3293 2083 3399 2122 cur
3452 2067 3637 2141 impe-

263 2145 505 2219 μήσας,δι⁹
534 2149 596 2203 οὗ
634 2153 678 2187 ⁴⁷
706 2150 1017 2225 τετίμηκεν,
1051 2152 1125 2215 ὡς
1154 2160 1343 2216 κακοῖς
1372 2155 1579 2230 χαίρων
1612 2157 1875 2231 φαίνεται.

2024 2162 2072 2217 io
2104 2156 2549 2215 honorabatur?
2605 2156 2897 2212 Nimirum
2958 2156 3009 2211 is
3059 2155 3160 2226 qui
3204 2154 3531 2225 honoravit,
3565 2158 3636 2213 ob

257 2238 337 2290 Καὶ
364 2237 389 2290 6
420 2236 645 2312 Πέτρος·
680 2239 742 2293 Εἰ
793 2240 1098 2296 ἀποστάντα
1128 2241 1290 2297 αὐτὸν
1325 2245 1352 2298 6
1384 2245 1513 2307 Θεὸς
1550 2246 1736 2321 ἄρχειν
1768 2252 1869 2302 τῶν

2029 2267 2161 2306 uem
2199 2245 2527 2315 honoravit,
2562 2245 2737 2301 malis
2780 2245 3033 2317 gaudere
3071 2244 3317 2301 videtur.
3351 2246 3502 2301 Tum
3534 2246 3635 2302 Pe-

259 2324 436 2397 ὁμοίων
461 2326 763 2398 κατέστησε
790 2331 945 2388 380
992 2330 1171 2403 νόμῳ,
1203 2332 1300 2401 τὴν
1350 2335 1617 2409 τιμωρίαν
1663 2334 1871 2411 ἐπάγειν

2022 2356 2143 2394 rus:
2179 2339 2238 2393 Si
2271 2341 2403 2409 post
2431 2335 2815 2390 defectionem
2830 2333 3085 2400 Deus,ut
3113 2332 3407 2389 similibus
3428 2350 3634 2407 regna-

252 2420 345 2475 τοῖς
390 2414 757 2492 ἁμαρτάνουσι
806 2418 1063 2482 κελεύσας
1112 2419 1277 2492 αὸτῷ,
1312 2421 1415 2476 οὐκ
1471 2420 1658 2486 ἄδικός
1712 2424 1864 2482 ἐστιν.

2018 2432 2091 2493 et,
2127 2427 2252 2499 lege
2283 2424 2587 2480 constituit
2626 2422 2678 2478 ei
2710 2422 3073 2494 praecipiens,
3107 2426 3170 2477 ut
3200 2438 3401 2493 pmnas
3430 2438 3630 2494 pecca-

253 2502 304 2558 Εἰ
330 2501 379 2558 δὲ
405 2504 482 2559 ὅτι
509 2506 599 2560 καὶ
637 2506 941 2563 ἀποστάντα
982 2508 1294 2582 τετίμηκεν,
1326 2511 1389 2565 τὸ
1433 2514 1711 2587 χρήσιμον
1743 2514 1771 2567 6
1800 2534 1865 2567 τι-

2016 2517 2211 2572 oribus
2243 2514 2551 2586 inﬂigeret,
2586 2528 2702 2567 non
2758 2511 2887 2566 ideo
2945 2510 3203 2581 iniustus
3240 2515 3348 2566 est.
3382 2512 3543 2578 Quod
3579 2513 3628 2568 si

256 2594 405 2663 μήσας
430 2591 711 2669 προεῖδεν,
743 2594 824 2650 ὅτι
853 2597 945 2651 καὶ
984 2599 1019 2666 ἡ
1069 2599 1206 2671 τιμή
1258 2598 1609 2675 πρόσκαιρος,
1654 2602 1743 2656 καὶ
1792 2600 1868 2657 ὅτι

2018 2606 2162 2660 tiam
2194 2608 2327 2676 post
2357 2601 2739 2657 defectionem
2799 2616 2936 2655 eum
2967 2600 3293 2671 honoravit,
3321 2600 3465 2657 utile
3496 2602 3628 2658 inde

255 2676 426 2735 δίκαιον
471 2682 603 2745 τοὺς
639 2685 839 2746 κακοὺς
870 2684 973 2741 ὐπὸ
1019 2691 1187 2742 κακοῦ
1236 2686 1495 2763 ἄρχεσθαι
1526 2690 1615 2744 καὶ
1642 2691 1867 2767 ἁμαρτά-

2012 2699 2403 2749 ιιδονθοιιιιοιιω
2437 2690 2723 2762 praevidit,
2755 2689 2855 2761 qui
2888 2688 3195 2744 honoravit
3222 2713 3237 2757 ;
3268 2705 3405 2745 nam
3436 2695 3492 2746 et
3521 2689 3624 2745 ho-

252 2790 410 2834 νοντας
440 2772 527 2829 ὑπ’
558 2772 733 2828 αὐτοῦ
758 2777 1137 2851 τιμωρεῖσθαι.

2013 2799 2094 2837 ιον
2122 2779 2459 2853 temporalis
2490 2783 2600 2845 est,
2635 2783 2692 2833 et
2739 2778 2975 2849 justum
3010 2776 3195 2833 malos
3226 2794 3260 2833 a
3302 2776 3456 2834 malo
3505 2778 3625 2850 regi

1984 2876 2160 2943 atque
2186 2874 2515 2941 peccatores
2547 2867 2619 2923 ab
2650 2883 2716 2922 eo
2748 2866 2966 2939 puniri.

308 2952 457 3009 XVII.
478 2952 577 3007 Καὶ
614 2954 648 3008 6
680 2952 889 3026 Σίμων’
925 2954 1073 3023 Μήτι
1106 2952 1187 3008 ἀεὶ
1220 2950 1292 3007 ὢν
1328 2953 1417 3009 καὶ
1446 2954 1619 3018 οὕτως
1645 2956 1878 3033 ἀναιρεῖ-

2058 2960 2232 3016 XVII.
2266 2960 2417 3014 Tum
2440 2957 2640 3013 Simon
2669 2972 2684 3012 :
2709 2955 2770 3012 Si
2792 2954 3185 3027 sempiternus
3208 2972 3323 3011 non
3366 2955 3494 3026 fuit,
3527 2973 3631 3012 an-

249 3057 319 3092 ται
346 3042 405 3095 τὰ
430 3048 529 3110 τῆς
555 3040 887 3117 μοναρχίας,
904 3041 1280 3117 συναρχοῦσης
1300 3042 1387 3097 καὶ
1410 3042 1594 3118 ἑτέρας
1621 3052 1721 3114 τῆς
1743 3046 1861 3101 κατε

2028 3066 2101 3105 on
2132 3065 2198 3105 eo
2225 3048 2352 3119 ipso
2382 3050 2440 3101 et
2497 3044 2847 3101 monarchia‘.
2904 3048 2962 3100 et
3012 3042 3247 3114 reliqum
3291 3059 3360 3099 ex
3388 3045 3633 3100 materia

249 3129 330 3195 τήν
359 3128 486 3199 ὕλην
512 3127 805 3202 δυνάμεως
829 3150 842 3199 ;
867 3130 965 3185 Καὶ
994 3132 1020 3184 ὁ
1042 3130 1334 3207 ΙΙέτροςἘὶ
1358 3129 1608 3210 διάφοροί
1633 3133 1733 3188 είσι
1755 3140 1861 3191 ταῖς

2027 3136 2379 3193 rovenientis
2402 3134 2671 3206 potentia;
2718 3133 3077 3189 consortium
3127 3131 3354 3188 deletur
3374 3132 3403 3187 ?
3427 3133 3497 3189 Et
3526 3133 3633 3189 Pe-

251 3214 715 3297 οὖσίαις,διάφοροί
736 3219 836 3274 εἱσι
858 3220 947 3273 καὶ
977 3224 1096 3281 ταῖς
1132 3217 1533 3293 δυνάμεσιν.καὶ
1566 3223 1593 3276 ὁ
1613 3223 1863 3298 κρείττων

2022 3244 2113 3282 rus
2138 3243 2149 3281 :
2176 3226 2235 3281 Si
2269 3223 2618 3279 substantiis
2644 3221 3231 3288 diﬂ‘erunt,dill‘erunt
3252 3222 3427 3277 etiam
3452 3221 3634 3278 facul-

250 3302 381 3380 ἄρχει
400 3312 492 3362 106
512 3306 842 3377 ἤττονοςΕῗ
865 3304 922 3361 δὶ
940 3314 1041 3376 τῆς
1067 3308 1237 3376 αὑτῆς
1259 3307 1390 3362 εἰσὶν
1412 3309 1747 3381 οὐσίας,τότε
1769 3298 1862 3366 ἰσο-

251 3388 443 3421 ὶ.ῑ.....--.
472 3418 509 3421 _
536 3399 833 3421 κμμμιη
983 3394 1151 3421 ru!“
1176 3419 1189 3421 _
1217 3396 1404 3421 μω...»
1438 3395 1471 3421 )1
1496 3420 1521 3421 η
1640 3399 1652 3421 ι
1679 3403 1742 3421 ΠΛ
1826 3400 1862 3421 ω

2021 3315 2233 3381 atibus,
2258 3318 2316 3369 et
2347 3312 2639 3385 potentior
2669 3311 2917 3382 imperat
2970 3309 3247 3366 inferiori.
3279 3309 3379 3366 Sin
3436 3314 3633 3368 autem

2032 3406 2043 3417 ο
2145 3404 2187 3421 ιε
2218 3419 2249 3421 κ,
2299 3402 2405 3421 ,ἔξ-ι
2431 3399 2767 3421 _-_L_L-__A£..
2805 3400 2995 3421 --_‘I-_-
3018 3399 3266 3421 _-L-_12-
3295 3399 3516 3421 _._...I:L.'
3547 3416 3606 3421 -—

250 3388 448 3466 δύναμοι
469 3396 953 3473 τυγχάνουσιν,καὶ
979 3394 1190 3469 ὁμοίως
1211 3396 1407 3471 ἀγαθοὶ
1434 3395 1471 3468 ἤ
1493 3399 1796 3456 κακοί.”οτι
1821 3400 1862 3456 δῖ

2024 3404 2258 3475 jusdem
2293 3402 2411 3457 sint
2426 3399 3000 3469 substantiae,eadem
3018 3399 3275 3471 potentia
3294 3399 3519 3471 praditi
3540 3416 3636 3455 ex-

250 3482 332 3538 οὖκ
372 3486 496 3541 εἰσὶν
532 3484 957 3559 ἰσοδύναμοι,οὐ
986 3494 1087 3555 τῆς
1109 3485 1275 3555 αὐτῆς
1308 3486 1490 3550 οὐσίας
1517 3491 1560 3525 ⁸⁸
1584 3490 1860 3567 φαίνονται

2029 3493 2232 3559 istunt,
2256 3496 2313 3546 et
2364 3491 2605 3561 quidem
2666 3488 2846 3545 simili
2904 3488 3076 3544 modo
3105 3488 3191 3543 vel
3224 3488 3359 3544 boni
3390 3492 3530 3544 sunt
3548 3487 3635 3543 vel

252 3572 336 3626 ὑπὸ
362 3576 455 3651 γὰρ
484 3580 585 3631 106
625 3580 979 3651 Δημιουργοῦ
1008 3578 1043 3645 ἠ
1077 3574 1183 3645 ὕλη
1218 3575 1293 3638 εἷς
1334 3578 1449 3631 οἷον
1484 3577 1728 3649 ἠθέλησε
1766 3580 1864 3635 κόσ

2023 3582 2156 3637 nali.
2182 3580 2294 3636 Sed
2320 3596 2453 3634 cum
2488 3578 2614 3649 pari
2647 3578 2907 3649 potentia
2939 3593 3053 3631 non
3085 3581 3347 3642 utantur,
3369 3576 3635 3647 ejusdem

254 3682 339 3731 μου
381 3664 584 3741 ⁴ἠνέχθη
646 3665 966 3739 σχῆμα.Καί
1015 3667 1145 3737 μήτι
1178 3685 1242 3738 γε
1292 3663 1429 3719 ἔστιν
1463 3666 1655 3738 εἰπεῖν,
1689 3668 1772 3723 ὅτι
1803 3671 1861 3725 ἀε

2025 3685 2228 3742 [noque
2245 3686 2310 3724 su
2320 3666 2589 3724 bstantiaa
2606 3682 2722 3721 non
2738 3682 2865 3721 esse
2877 3664 3173 3733 videntur;
3190 3664 3462 3721 materies
3482 3665 3637 3721 enim

250 3749 305 3816 ἦν
333 3750 495 3825 οὐσία,
530 3754 675 3808 οὖσα
720 3751 827 3823 ’ὑλη
862 3756 907 3790 ⁴⁹
935 3752 1011 3815 ὡς
1059 3758 1193 3809 Θεοῦ
1220 3761 1466 3826 ταμεῖον.
1502 3755 1579 3812 Οὐ
1611 3758 1715 3833 γὰρ
1746 3757 1862 3814 ἔστι·

2026 3804 2029 3812 ,
2057 3759 2324 3814 Creatore
2356 3758 2622 3827 impensa
2644 3754 2776 3820 fuit,
2798 3755 2856 3809 in
2889 3753 3121 3825 qualem
3154 3752 3357 3809 mundi
3391 3753 3638 3809 formam

251 3837 417 3912 εἰπεῖν,
470 3840 555 3898 ὅτι
606 3844 655 3879 ⁸ο
701 3843 767 3911 ἧν
816 3840 1102 3916 [ταμεῖον],
1149 3840 1239 3897 ὅτε
1287 3843 1547 3916 ἀκτήμων
1579 3847 1644 3913 ἧν
1674 3846 1702 3899 6
1732 3848 1861 3909 Θεὸς

2030 3848 2091 3902 lle
2114 3847 2312 3903 voluit.
2337 3845 2536 3916 Neque
2565 3843 2837 3899 contendi
2861 3846 3070 3914 potest,
3096 3858 3327 3913 semper
3349 3842 3642 3898 exstitisse

250 3925 375 3983 ἀλλὰ
402 3931 481 3985 ἀεὶ
510 3934 578 4000 ἦν
645 3930 806 4003 μόνος
854 3932 1041 4006 ἄρχων
1092 3931 1281 4000 αὐτῆς.
1314 3933 1406 3986 Διὸ
1454 3933 1543 3986 καὶ
1574 3931 1750 3997 ἀίδιος
1786 3935 1854 4008 μό

2031 3936 2412 3999 ubstantiam,
2446 3933 2662 4004 quippe
2695 3948 2844 4003 quaa,
2878 3935 2943 3985 ut
2999 3930 3294 4001 materies,
3329 3930 3504 3985 fuerit
3540 3931 3643 3986 Dei

250 4016 366 4091 [νος]
395 4021 555 4089 ⁵¹,καὶ
589 4019 685 4075 ἐπὶ
714 4018 882 4094 ταύτῃ
928 4024 995 4094 τῇ
1048 4020 1297 4084 ὑποθέσει
1338 4019 1524 4083 καλῶς
1572 4022 1631 4076 ἃν
1670 4022 1862 4098 λέγοντι

2032 4023 2143 4079 ella
2173 4023 2431 4095 penaria.
2468 4022 2591 4077 Non
2623 4019 2781 4076 enim
2813 4020 2950 4075 licet
3009 4019 3223 4083 dicere,
3281 4035 3410 4075 eam
3461 4018 3644 4075 fuisse

250 4100 383 4169 ὄντος
410 4109 497 4163 καὶ
529 4113 635 4165 τοῦ
676 4110 943 4184 ἄρχοντος
973 4109 1063 4163 καὶ
1091 4113 1189 4164 τοῦ
1219 4108 1468 4183 [ἀϊδίου.]
1502 4111 1600 4165 Καὶ
1624 4112 1651 4165 6
1697 4112 1862 4185 Σίμω·

2032 4111 2203 4168 ellam
2240 4111 2562 4183 penariam,
2596 4125 2735 4164 cum
2794 4109 2966 4179 inops
3012 4112 3167 4163 esset
3195 4107 3387 4173 Deus;
3423 4111 3483 4162 at
3509 4123 3644 4164 vero

251 4191 357 4271 ἔφη·
388 4198 447 4253 Τί
493 4196 586 4253 οὖν
644 4198 827 4253 ἑαυτὸν
879 4197 1127 4269 ἐποίησεν
1164 4197 1192 4252 6
1236 4197 1477 4274 πονηρός
1512 4218 1526 4268 ;
1564 4199 1661 4255 Καὶ
1710 4200 1863 4255 οὕτω

2031 4217 2228 4271 emper
2259 4200 2309 4255 is
2338 4198 2562 4255 exstitit
2591 4198 2755 4253 solus
2814 4196 2977 4252 illius
3007 4196 3304 4252 dominus.
3337 4196 3521 4261 Quam
3570 4197 3643 4252 ob

251 4284 430 4357 ἀγαθὸς
460 4286 489 4342 6
521 4287 681 4357 Θεὸς,
714 4286 819 4354 δτι,
867 4284 1025 4348 εἰδὼς
1073 4286 1232 4341 αὐτὸν
1280 4286 1367 4341 ἐπὶ
1414 4287 1566 4361 κακῷ
1616 4288 1863 4362 ἐσόμενον

2034 4306 2122 4344 em
2153 4292 2211 4343 et
2239 4294 2491 4343 aeternus
2521 4285 2704 4354 solus,
2763 4285 3010 4356 ideoque
3066 4285 3211 4340 bene
3249 4300 3317 4340 ea
3356 4285 3646 4340 diceretur

250 4374 507 4446 γινόμενον
550 4374 715 4430 αὐτὸν
746 4375 845 4430 οὐκ
883 4372 1111 4446 ἀνεῖλεν,
1146 4374 1235 4430 ὅτε
1266 4374 1342 4437 ὡς
1374 4375 1572 4444 ἀτελὴς
1602 4376 1853 4450 ἀναιρεθῇ

2035 4394 2127 4433 sse
2142 4394 2271 4432 vere
2291 4375 2625 4432 exsistentis
2640 4372 2930 4430 etdomini
2943 4373 3644 4445 atquesempiterni.Tum

250 4482 324 4515 ναι
352 4460 571 4527 δυνατὸς
600 4467 667 4532 ἦν
694 4483 708 4533 ;
742 4463 805 4519 Εἰ
836 4464 940 4539 γὰρ
973 4462 1223 4541 ἐξαίφνης
1255 4458 1571 4536 συμϐέϐηκε
1605 4465 1695 4519 καὶ
1723 4470 1862 4521 ταῦτι

2032 4465 2237 4521 Limon:
2274 4465 2444 4531 Quid,
2476 4463 2689 4536 inquit,
2722 4463 2773 4519 si
2831 4461 3146 4533 semetipse
3201 4462 3478 4517 creaverit
3515 4478 3644 4517 ma-

250 4548 455 4624 τέλειος,
496 4553 589 4607 καὶ
644 4550 732 4606 διὰ
777 4556 945 4607 ταῦτα
989 4550 1201 4613 τέλειος
1248 4554 1395 4609 387
1449 4553 1537 4607 καὶ
1590 4551 1678 4608 διὰ
1723 4559 1862 4610 ταῦτα

2033 4572 2092 4609 us
2113 4554 2140 4607 ‘I
2161 4556 2246 4608 An
2278 4554 2425 4608 Deus
2448 4557 2507 4607 et
2528 4551 2633 4606 hoc
2662 4552 2836 4606 modo
2862 4551 3051 4606 bonus
3074 4554 3182 4617 est,
3208 4554 3290 4618 ut,
3315 4550 3419 4605 etsi
3443 4550 3645 4622 cogni-

252 4640 621 4715 προσπολεμεῖ
661 4645 741 4712 τῷ
786 4638 1210 4717 δημιουργῷ,ὡς
1260 4640 1509 4719 ἐξαίφνης
1558 4639 1855 4716 ἰσοδύναμο

2033 4661 2127 4698 um
2163 4643 2438 4706 habebat,
2472 4644 2840 4695 versaturum
2872 4655 3005 4693 eum
3037 4640 3097 4693 in
3129 4637 3302 4706 malo,
3336 4655 3451 4693 non
3491 4637 3645 4693 dele-

252 4725 383 4800 αὖτῷ
410 4730 651 4806 γεγονώς
662 4774 675 4787 .

2035 4732 2164 4801 erit,
2190 4731 2289 4803 qui
2323 4747 2437 4785 non
2472 4727 2775 4784 absolutus
2803 4727 3094 4800 exstingui
3127 4727 3393 4798 poterat?
3421 4727 3645 4783 Etenim

251 4818 296 4872 si
324 4821 514 4877 subito
547 4820 729 4878 simul
762 4836 896 4876 cum
928 4836 996 4876 eo
1028 4819 1215 4876 factus
1246 4820 1441 4885 fuerit,
1474 4824 1532 4876 et
1560 4822 1617 4876 id
1651 4821 1891 4893 quidem
1921 4824 2126 4878 ﬁnitus
2153 4835 2336 4893 eoque
2366 4820 2677 4891 perfectus,
2709 4817 2781 4874 ob
2812 4817 3002 4890 ipsam
3033 4832 3273 4872 causam
3332 4815 3651 4872 bellaretur

254 4913 438 4964 contra
465 4914 814 4977 creatorem,
849 4910 943 4964 cui
976 4908 1259 4965 nimirum
1290 4909 1364 4965 ab
1394 4909 1560 4966 initio
1590 4927 1699 4982 par
1728 4916 1905 4968 natus
1934 4916 2057 4968 erat
2088 4909 2363 4983 potentia.

315 5032 504 5089 XVIII.
538 5032 640 5088 Καὶ
704 5032 731 5087 6
790 5035 1015 5109 Ilé1poc'
1072 5030 1344 5089 ’Ἀδύνατα
1402 5032 1602 5107 λέγεις·
1654 5033 1743 5088 καὶ
1789 5033 1893 5109 γὰρ

2074 5034 2275 5091 XVIII.
2309 5032 2547 5105 Excepit
2576 5031 2821 5086 Petrus:
2852 5028 3027 5100 Dicis,
3051 5045 3179 5100 quas
3205 5028 3327 5084 fieri
3378 5044 3491 5085 non
3515 5044 3646 5100 pos-

256 5122 360 5175 κατ’
392 5120 581 5199 ὀλίγον
600 5121 880 5198 γιτόμενον
904 5121 1065 5177 αὐτὸν
1090 5121 1164 5183 ὡς
1186 5120 1380 5196 ἐχθρὸν
1402 5122 1489 5176 ὑπ’
1510 5121 1674 5177 αὐτοῦ
1703 5142 1867 5198 προαι

2031 5128 2181 5190 ιυΠῐς
2207 5138 2395 5193 neque
2427 5120 2581 5175 enim
2606 5134 2738 5174 eum
2793 5117 2966 5189 paulo
2998 5122 3132 5172 ante
3154 5116 3415 5189 genitum
3440 5121 3506 5172 ut
3534 5117 3643 5172 ini-

259 5208 385 5282 ρέσει
416 5209 621 5266 ἀνελεῖν
654 5208 907 5281 ἠδύνατο.
942 5210 1042 5265 Καὶ
1088 5215 1477 5287 προγινῶσκων
1521 5210 1755 5287 γίνεσθαι
1800 5210 1865 5265 a6

2033 5213 2227 5268 nicum
2254 5227 2284 5267 e
2317 5208 2561 5266 oonsilio
2593 5209 2718 5280 ipse
2748 5205 3118 5278 exstinguere
3165 5205 3373 5278 potuit.
3403 5206 3483 5261 Ac
3511 5221 3645 5260 cum

256 5297 338 5352 τὸν
369 5298 429 5354 οὗ
457 5298 651 5371 καλὸν,
684 5299 745 5356 οὐ
777 5302 824 5338 ⁸²
848 5299 1172 5376 συνεχώρει,
1206 5298 1254 5355 εἷ’
1286 5302 1361 5373 μὴ
1394 5300 1531 5376 πρὸς
1560 5299 1707 5373 αὖτῷ
1754 5301 1866 5377 χρή

2034 5300 2370 5369 uraavideret,
2402 5313 2537 5354 eum
2570 5311 2687 5352 non
2716 5295 2938 5352 bonum
2966 5294 3251 5365 futurum,
3277 5309 3391 5350 non
3413 5292 3525 5349 sibi
3553 5309 3646 5349 as-

1606 5488 1844 5546 νΑνΙλΕ
1880 5487 2292 5546 LECTIONES.

331 5642 370 5675 ⁸⁷
399 5640 811 5713 Lngortasse
842 5635 911 5694 δι’
936 5635 1017 5696 δν.
1048 5640 1093 5675 ⁸⁸
1120 5639 1269 5697 Vbb.
1304 5636 1367 5693 οὐ
1392 5618 1493 5713 τεῇς
1524 5637 1691 5708 αὐτῆς
1724 5638 1907 5713 οὐσίας
1961 5638 2176 5713 addidi
2205 5638 2277 5693 de
2327 5636 2679 5713 conjectura.
2714 5634 2757 5669 ‘9
2788 5632 2922 5687 οὖσα
2969 5629 3077 5706 οὐχ
3107 5627 3212 5699 ὕλη
3246 5632 3306 5686 Ο.
3338 5628 3383 5667 ⁸ο
3420 5625 3503 5684 ὅτι
3534 5647 3648 5688 non

270 5712 434 5770 estin
463 5709 595 5769 c'od.
620 5713 657 5747 “
692 5732 763 5785 μο
795 5712 946 5784 (sine
976 5716 1240 5782 accentu)
1272 5728 1396 5784 seq.
1427 5711 1638 5770 lacuna
1668 5716 1733 5769 Ο.
1765 5713 1811 5748 ³³
1843 5711 1905 5768 οὗ
1936 5710 2181 5784 adjunxi
2211 5726 2281 5766 ex
2306 5709 2665 5779 conjectura.
