4082 6208
409 368 531 430 439

1245 364 1310 426 S.
1359 365 1801 427 CLEMENTIS
1828 366 1867 463 fl
1918 364 2107 425 ROM.
2152 363 2386 425 PONT.
2424 364 2694 445 ,OPERA
2735 364 3001 426 DUBIA.

3658 374 3758 434 ιιι)

414 495 1329 567 sociasset,nisicognovisset,ita
1359 513 1491 551 eum
1525 496 1636 551 sibi
1668 496 1794 551 ﬁeri
1826 495 2050 551 utilem.

2184 513 2327 564 τιμον
2375 492 2660 567 γινόμενον
2708 491 2995 562 ἠπίστατο.
3048 493 3147 549 Καὶ
3194 491 3389 557 τέλειος
3431 495 3655 575 ἐξαίφνης
3677 500 3736 579 ἀφ

414 588 611 657 Neque
632 586 828 641 subito
850 603 953 657 per
973 586 1361 657 semetipsum
1386 585 1677 657 perfectus
1699 585 1938 641 evadere
1959 602 2057 656 po-

416 675 551 731 tuit.
577 675 722 729 Nam
755 674 806 729 is
838 674 939 744 qui
975 675 1237 729 nondum
1271 678 1413 739 erat,
1432 674 1682 729 formare
1704 689 1767 728 se
1792 674 1916 744 ipse
1945 690 2061 727 non

416 764 628 836 potuit,
661 778 849 833 neque
873 762 1162 834 perfectus
1193 761 1535 818 facultatem
1568 762 1743 816 habet
1780 778 1850 817 ex
1879 762 2063 816 nihilo

418 851 672 917 oriundi,
694 866 881 921 neque
910 866 1044 905 eum
1072 854 1266 906 ortum
1290 866 1454 920 aequa
1477 849 1733 921 potentia
1755 848 2062 922 praaditum

418 944 571 996 recte
601 938 816 1010 aliquis
846 939 1076 994 dixerit.
1140 939 1461 1011 Respondit
1516 938 1754 994 Simon:
1812 941 1899 994 An
1950 954 2065 993 non

420 1028 566 1085 forte
598 1026 830 1082 illorum
863 1034 971 1097 est,
1006 1044 1134 1100 quae
1166 1028 1237 1083 ad
1283 1028 1460 1083 ﬁnem
1502 1026 1759 1099 aliquem
1790 1028 2065 1083 creaban-

419 1121 517 1173 tur
536 1116 562 1171 ?
583 1116 701 1172 Hoc
729 1116 901 1171 modo
930 1116 1257 1187 malignum
1282 1133 1395 1172 non
1419 1120 1511 1172 est
1542 1115 1762 1171 malum
1794 1131 2067 1186 perenne,

422 1209 488 1262 ut
510 1222 660 1277 aqua
678 1204 915 1276 quidem
950 1205 1250 1278 igni,bona
1272 1210 1465 1261 autem
1493 1222 1599 1260 suo
1620 1208 1881 1277 tempore
1904 1210 2069 1259 terra:

422 1292 641 1351 sitienti
666 1310 679 1361 ;
713 1294 1000 1363 quomodo
1025 1298 1080 1348 et
1110 1294 1325 1349 ferrum
1358 1294 1575 1348 bonum
1599 1293 1659 1348 in
1689 1292 2069 1366 agricultura,

426 1382 649 1439 malum
682 1387 876 1439 autem
907 1383 979 1438 ad
1014 1399 1213 1438 necem
1249 1383 1696 1454 perpetrandam
1724 1400 1737 1437 :
1764 1382 1939 1438 etiam
1972 1382 2071 1437 de-

428 1472 711 1529 siderium
744 1471 812 1526 ad
847 1471 1221 1526 matrimonia
1250 1471 1509 1527 ineunda
1538 1470 1695 1526 haud
1728 1470 2068 1543 pravum,ad

431 1559 783 1617 adulterium
815 1565 1010 1615 autem
1044 1559 1320 1629 noxium;
1354 1563 1415 1615 ut
1483 1564 1539 1614 et
1595 1560 1857 1615 occidere
1887 1558 2072 1630 nefas,

432 1648 697 1721 quamvis
728 1648 1037 1719 pulchrum
1070 1666 1136 1705 ex
1158 1648 1476 1705 occidentis
1498 1648 1741 1704 consilio
1766 1666 1780 1717 ;
1804 1653 1861 1704 et
1888 1648 2075 1703 avari-

432 1737 517 1794 tia
546 1737 790 1803 malum,
827 1738 1095 1809 quamvis
1126 1737 1292 1793 dulce
1351 1755 1543 1805 avaro,
1591 1743 1667 1808 et,
1711 1754 2076 1810 quaecunque

431 1830 570 1882 sunt
600 1826 963 1897 hujusmodi,
997 1828 1198 1882 eodem
1232 1843 1295 1882 se
1330 1828 1500 1882 modo
1532 1826 1768 1882 habent.
1803 1826 1915 1883 Sed
1967 1826 2075 1881 hac

430 1915 654 1971 ratione
686 1932 873 1987 neque
904 1915 1125 1971 malum
1186 1920 1274 1971 est
1329 1914 1574 1984 malum,
1608 1931 1799 1988 neque
1856 1916 2074 1970 bonum

432 2004 715 2075 contingit
743 2021 871 2060 esse
908 2005 1149 2072 bonum,
1182 2020 1319 2059 cum
1350 2003 1597 2059 alterum
1632 2009 1908 2076 operetur
1936 2004 2077 2060 alte-

432 2092 699 2159 rum.Qui
724 2098 922 2148 autem
945 2093 1025 2163 id,
1052 2094 1205 2165 quod
1236 2092 1387 2148 male
1424 2092 1548 2148 ﬁeri
1598 2092 1847 2159 videtur,
1879 2098 2078 2149 aucto-

432 2198 555 2237 rem
578 2181 845 2250 delectat,
879 2182 931 2237 ei
956 2198 1088 2237 vero
1120 2181 1349 2237 dolores
1371 2186 1548 2249 creat,
1575 2180 1672 2253 qui
1713 2181 1934 2253 patitur
1955 2182 1983 2237 ?
2013 2182 2081 2237 Et

432 2270 482 2327 si
505 2271 639 2342 quis
655 2271 727 2326 ob
750 2269 997 2326 nimium
1016 2270 1108 2325 sui
1135 2286 1393 2325 amorem
1415 2274 1705 2342 quantum
1729 2270 1852 2326 ﬁeri
1887 2275 2081 2343 potest

434 2375 563 2416 sese
592 2359 892 2416 obiectans
924 2359 1077 2415 male
1125 2358 1313 2414 facere
1361 2362 1622 2431 putatur,
1686 2358 1781 2415 cui
1840 2376 1955 2416 non
1987 2376 2080 2417 res

433 2463 562 2505 esse
587 2447 820 2503 videtur
844 2446 1141 2519 injusta,si
1162 2449 1234 2503 ob
1256 2446 1422 2503 illum
1450 2463 1708 2504 amorem
1731 2464 1833 2520 per
1844 2448 2079 2519 justum

427 2536 693 2610 judicem
720 2536 955 2609 gravius
984 2536 1285 2608 patiatur?

506 2625 646 2682 XIX.
670 2626 736 2681 Et
760 2625 1003 2681 Petrus:
1036 2625 1152 2697 Ipsi
1182 2623 1422 2679 viriliter
1444 2640 1551 2679 nos
1583 2624 1874 2696 castigare
1905 2624 2077 2681 debeo

436 2714 831 2785 mus,quando
854 2712 1032 2769 libido
1063 2713 1136 2769 ad
1168 2712 1410 2768 alterius
1467 2729 1676 2769 noxam
1718 2712 1843 2768 vult
1872 2712 2079 2786 impel-

434 2802 573 2874 lere,
587 2802 839 2859 scientes
865 2801 1081 2874 quippe
1105 2801 1327 2857 malum
1350 2800 1540 2861 delere
1561 2817 1731 2873 posse
1756 2802 2075 2875 improbos,

433 2895 499 2949 ut
524 2891 626 2963 qui
650 2891 721 2947 ab
745 2890 910 2947 initio
939 2907 1141 2947 eorum
1173 2890 1458 2963 acceperit
1484 2894 1854 2962 potestatem.
1880 2891 2080 2964 Neque

431 2980 542 3038 hoc
573 2979 794 3036 malum
827 2978 899 3035 iis
927 2979 1028 3052 qui
1061 2980 1214 3036 mala
1245 2984 1689 3052 perpetrarunt;
1723 2985 1815 3036 ast
1844 2998 2077 3052 poenam

432 3069 661 3127 animas
691 3084 891 3124 eorum
948 3072 1080 3140 post
1124 3068 1583 3140 peremptionem
1643 3074 2077 3140 exspectantem

432 3174 536 3231 pro
569 3156 718 3214 male
748 3155 1171 3229 praedispositis
1189 3156 1348 3212 omni
1372 3173 1507 3212 cum
1538 3157 1667 3228 iure
1687 3156 1901 3229 aliquis
1922 3158 2077 3214 dicat

2171 580 2361 635 ἑαυτοῦ
2388 582 2632 656 γενέσθαι
2685 582 2792 657 οὐχ
2830 581 2942 643 οἷός
2988 602 3048 636 τε
3075 583 3163 650 ἦν.
3195 582 3400 638 Ἑαυτὸν
3438 584 3530 660 γὰρ
3558 588 3583 641 6
3615 590 3758 660 μήπω

2172 666 2245 723 ὣν
2273 667 2527 724 πλάττειν
2557 669 2656 724 οὐκ
2687 667 2929 738 ἐδύνατο,
2976 669 3065 724 καὶ
3095 667 3301 732 τέλειος
3347 671 3461 727 οὕτε
3489 672 3535 744 ἐξ
3581 674 3669 730 οὐκ
3691 672 3764 730 ὄν-

2169 776 2276 810 των
2308 756 2545 831 γενέσθαι
2583 777 2635 810 τι
2674 755 2854 811 οὐσίαν
2901 752 3047 829 ἔγειν
3080 758 3125 793 ⁵³
3175 754 3405 831 δύναται,
3430 761 3512 813 καὶ
3545 762 3762 837 γεννητὸν

2177 844 2491 919 ὑπάρχοντα
2516 849 2594 916 τῷ
2624 844 2703 899 ἀεὶ
2736 842 3077 918 ἰσοδυναμεῖν
3112 844 3213 901 οὐκ
3240 845 3402 921 ὀρθῶς
3432 847 3487 901 ἂν
3506 849 3652 905 εἷ’ποι
3675 873 3763 915 τις.

2177 932 2275 987 Καὶ
2306 934 2335 987 6
2368 933 2577 1006 Σίμων·
2611 935 2756 1003 Μήτι
2787 932 2878 987 οὖν
2907 938 3013 988 τῶν
3044 933 3184 1011 πρός
3210 933 3263 989 τί
3294 935 3425 991 ἐστιν
3452 955 3464 1007 ;
3495 937 3586 994 Καὶ
3620 939 3766 1003 οὕτως

2176 1024 2415 1096 πονηρὸν
2450 1021 2549 1076 οὐκ
2577 1023 2622 1057 ⁸⁸
2652 1020 2760 1077 ἔστι
2792 1024 2955 1078 κακὸν
3004 1021 3158 1096 μένον
3201 1022 3276 1086 ὡς
3323 1020 3462 1099 ὕδωρ
3495 1026 3630 1101 πυρὶ,
3658 1027 3769 1103 ἀγα-

2177 1110 2268 1165 θὸν
2304 1108 2361 1166 δὲ
2392 1114 2460 1185 τῇ
2494 1110 2756 1187 εὐκαίρως
2792 1108 3005 1186 διψώσῃ
3162 1110 3340 1188 ὥσπερ
3368 1134 3426 1190 γε
3467 1113 3550 1168 καὶ
3579 1113 3768 1191 σίδηρος

2181 1199 2258 1261 εἷς
2292 1202 2386 1273 μὲν
2429 1198 2692 1276 γεωργίαν
2734 1199 2926 1269 καλὸς,
2978 1201 3053 1263 εἰς
3101 1198 3159 1256 δὲ
3204 1202 3396 1279 φόνους
3440 1202 3610 1266 κακός·
3638 1205 3765 1276 καὶή

2181 1287 2437 1362 ἐπιθυμία
2466 1285 2524 1343 δὲ
2553 1289 2630 1350 εἰς
2664 1288 2756 1362 μὲν
2791 1289 3003 1361 γάμους
3034 1290 3096 1344 οὐ
3148 1292 3312 1363 κακὴ,
3356 1290 3429 1355 εἷς
3460 1289 3515 1347 δὲ
3560 1293 3774 1368 μοιχείαν

2181 1375 2423 1452 χαλεπή·
2477 1377 2551 1440 ὡς
2596 1378 2685 1431 καὶ
2729 1378 2792 1433 τὸ
2842 1383 3092 1457 φονεῦσαι
3125 1380 3312 1449 κακὸν,
3358 1378 3591 1455 ἀλλᾶτῷ
3618 1382 3777 1459 φονεύ-

2183 1486 2331 1521 σαντι
2362 1466 2498 1541 πρὸς
2530 1466 2558 1520 ’ὀ
2595 1461 2945 1540 βεϐούλευται
2993 1464 3183 1538 καλὸν,
3214 1468 3305 1523 καὶ
3344 1471 3377 1539 ἡ
3426 1467 3678 1543 πλεονεξία
3701 1491 3778 1525 κα-

2182 1555 2300 1625 κὸν,
2333 1552 2477 1609 ἀλλά
2504 1552 2584 1627 τῷ
2611 1552 3027 1611 πλεονεκτοῦντι
3050 1553 3174 1626 ἡδύ·
3207 1557 3301 1612 καὶ
3326 1555 3423 1613 ὅσα
3447 1563 3651 1613 τοιαῦτα
3671 1580 3781 1634 τυγ-

2185 1645 2341 1720 χάνει
2370 1648 2559 1698 τοῦτον
2592 1645 2837 1720 περιέχει
2863 1645 2956 1700 τὸν
2986 1645 3212 1722 τρόπον.
3243 1644 3427 1719 Τούτῳ
3457 1643 3511 1702 δὲ
3547 1651 3618 1719 τῷ
3650 1645 3780 1722 λόγῳ

2186 1730 2309 1787 οὕτε
2354 1733 2416 1788 τὸ
2457 1731 2620 1788 κακὸν
2670 1733 2833 1788 κακόν
2891 1732 3056 1802 ἐστιν,
3106 1732 3231 1791 οὔτε
3280 1736 3342 1790 τὸ
3392 1736 3572 1813 ἀγαθὸν
3619 1736 3783 1813 ἀγαθὸν

2182 1823 2460 1898 τυγχάνει·
2522 1822 2769 1896 ἑκάτερον
2824 1822 2926 1898 γὰρ
2983 1824 3046 1878 τὸ
3100 1820 3285 1900 ἕτερον
3338 1824 3613 1901 ἐργάζεται.
3658 1827 3781 1896 Μήτι

2185 1932 2248 1987 γε
2295 1914 2339 1948 ⁵⁸
2366 1912 2429 1966 τὸ
2488 1908 2679 1967 δοκοῦν
2738 1917 2917 1974 κακῶς
2970 1912 3209 1989 γίνεσθαι
3271 1913 3529 1992 εὐφραίνει
3584 1915 3666 1987 μὲν
3708 1914 3783 1968 τὸν

2187 2005 2466 2068 ποιοῦντα,
2524 1999 2745 2070 κολάζει
2798 1998 2855 2056 δὲ
2899 2002 2991 2056 τὸν
3029 2003 3315 2078 πάςχοντα
3346 2022 3359 2073 ;
3394 2003 3490 2059 Kal
3544 2002 3587 2058 εἱ
3632 2000 3783 2057 ἄδικον

2189 2087 2339 2144 δοκεῖ
2383 2088 2444 2143 τὸ
2496 2088 2681 2144 ἑαυτὸν
2734 2090 3085 2166 ἀγαπήσαντα
3131 2090 3432 2169 εὐφραίνειν
3486 2091 3557 2153 ὡς
3600 2088 3785 2146 δυνατόν

2188 2176 2348 2251 ἐστιν,
2378 2177 2469 2232 καὶ
2519 2175 2607 2232 διὰ
2634 2182 2797 2233 τοῦτο
2842 2178 3065 2255 χαλεπᾶ
3112 2182 3268 2238 388
3318 2180 3574 2235 πείσεσθαι
3604 2179 3692 2235 ὑπὸ
3719 2176 3791 2234 δι-

2187 2265 2343 2321 καίου
2376 2263 2628 2321 δικαστοῦ
2658 2267 2782 2343 περὶ
2810 2271 2908 2323 τοῦ
2939 2267 3125 2323 ἑαυτὸν
3148 2268 3513 2345 ἠγαπηκέναι,
3537 2267 3634 2325 τίνι
3660 2266 3792 2323 “oin

2189 2352 2373 2412 ἄδικον
2405 2356 2646 2435 φαίνεται
2669 2375 2684 2428 ;

2259 2622 2401 2680 XIX.
2433 2621 2538 2679 Kal
2565 2622 2592 2677 6
2626 2620 2848 2699 Πέτρος⁸
2880 2622 3100 2678 Ἑαυτὸν
3149 2624 3265 2700 χρὴ
3316 2622 3559 2694 κολάζειν
3599 2623 3709 2682 τότε
3736 2629 3795 2699 τῇ

2188 2708 2489 2785 ἐγκρατείᾳ,
2539 2708 2664 2764 ὅταν
2696 2712 2731 2780 ἡ
2779 2708 3037 2784 ἐπιθυμία
3080 2712 3217 2788 πρὸς
3264 2713 3451 2789 ἑτέρου
3495 2708 3685 2788 βλάϐην
3727 2716 3799 2791 ὁρ·

2192 2806 2361 2872 μῆσαι
2392 2797 2543 2873 θέλῃ,
2575 2796 2755 2854 εἰδότα
2783 2799 2867 2854 ὅτι
2898 2803 2941 2837 ⁸⁷
2974 2801 3002 2855 6
3032 2801 3279 2876 πονηρὸς
3329 2801 3453 2863 τοὺς
3504 2803 3590 2875 μὲν
3628 2803 3797 2865 κακοὺς

2188 2886 2391 2943 ἀνελεῖν
2426 2885 2666 2957 δύναται,
2697 2888 2788 2943 ἀπ’
2837 2889 3014 2966 ἀρχῆς
3057 2890 3161 2959 τὴν
3210 2892 3331 2947 κατ’
3380 2891 3549 2947 αὐτῶν
3589 2891 3799 2970 εἰληφὼς

2186 2975 2445 3047 ἐξουσίαν.
2479 2977 2578 3033 Καὶ
2610 2973 2761 3032 οὔπω
2805 2983 2965 3033 τοῦτο
3013 2979 3177 3035 κακὸν
3227 2985 3349 3042 τοῖς
3396 2980 3531 3035 κακᾶ
3553 2982 3796 3055 πράξασιν,

2188 3061 2333 3118 ἀλλὰ
2359 3061 2422 3117 τὸ
2456 3063 2591 3136 μετὰ
2619 3064 2715 3133 τὴν
2765 3064 3031 3140 ἀναίρεσιν
3081 3065 3179 3128 τὰς
3229 3069 3413 3143 ψυχὰς
3457 3067 3621 3123 αὐτῶν
3657 3066 3799 3123 κολα-

2188 3150 2420 3225 ζομένας
2452 3149 2746 3226 διαμένειν,
2785 3157 2951 3208 τοῦτο
2982 3151 3153 3217 ὄντως
3181 3154 3319 3211 εἶναι
3351 3154 3586 3231 χαλεπὸν
3617 3154 3802 3217 δικαίως

434 3248 665 3303 duram.
689 3248 896 3314 Quare,
919 3250 982 3301 ut
998 3244 1135 3314 dixi,
1159 3244 1406 3300 evitetur
1430 3250 1661 3318 oportet
1697 3246 1811 3301 alia
1840 3247 2072 3318 injusti-

2189 3245 2295 3296 τῶν
2327 3245 2505 3304 κακῶς
2537 3239 3021 3318 προδιωρισμένων
3055 3243 3231 3320 ὀρθῶς
3284 3240 3432 3321 ἔχειν
3485 3242 3619 3301 εἴποι
3655 3266 3728 3307 τις
3751 3248 3801 3300 ⁸⁸.

433 3336 517 3392 tia
546 3353 648 3409 pro
674 3334 830 3391 brevi
861 3333 1175 3407 voluptate,
1209 3351 1279 3389 ne
1309 3334 1382 3390 ob
1415 3351 1654 3407 parvam
1702 3335 1967 3391 laetitiam
2000 3354 2079 3391 ω-

436 3429 603 3483 terna
630 3424 828 3481 luatur
858 3441 1045 3496 poena.
1078 3425 1227 3479 Tum
1260 3424 1497 3480 Simon:
1528 3426 1614 3480 An
1660 3424 1805 3479 forte
1839 3442 1952 3481 non
1984 3442 2080 3481 ex-

438 3514 775 3588 sistit,quod
795 3519 1003 3569 natura
1026 3512 1247 3569 malum
1270 3517 1357 3569 est
1388 3518 1489 3570 aut
1517 3514 1869 3580 bonum,sed
1902 3515 2074 3571 modo

434 3604 622 3661 differt
641 3607 699 3659 et
720 3620 881 3659 more
900 3603 927 3658 ?
958 3604 1045 3659 Ita
1081 3604 1233 3675 apud
1264 3603 1470 3659 Persas
1503 3618 1630 3658 mos
1654 3606 1745 3659 est
1774 3602 2078 3659 matrimo-

434 3692 599 3748 nium
622 3690 863 3747 ineundi
893 3707 1028 3746 cum
1084 3691 1395 3756 matribus,
1445 3691 1768 3762 sororibus,
1821 3691 2075 3760 ﬁliabus,

432 3779 577 3837 alias
608 3784 803 3836 autem
836 3780 1047 3835 ducere
1079 3779 1468 3835 seevissimum
1527 3778 1879 3852 appellatur.
1913 3779 2077 3837 Unde

432 3868 719 3926 malorum
752 3885 865 3923 non
897 3867 1272 3923 deﬁnitorum
1306 3868 1401 3923 Dei
1427 3867 1720 3938 judicium
1780 3885 1896 3924 non
1945 3886 2076 3925 esse

429 3962 623 4031 potest
644 3973 747 4029 pro
769 3956 1141 4012 omnibus.Et
1161 3956 1367 4012 Petrus
1390 3955 1569 4012 dixit:
1606 3955 1723 4013 Hoc
1753 3958 2078 4015 subsistere

430 4046 669 4117 nequit:
704 4061 841 4101 nam
874 4044 1150 4100 omnibus
1178 4046 1571 4101 exsecrandus
1628 4045 1859 4101 videtur
1888 4046 2075 4105 coitus

429 4150 563 4190 cum
588 4132 951 4203 matribus,si
976 4133 1151 4188 etiam
1178 4133 1382 4200 Persae,
1408 4134 1505 4205 qui
1530 4135 1901 4206 partiuncula
1936 4141 2075 4192 sunt

427 4222 660 4294 generis
681 4220 1323 4293 bumani,iniquitatem
1341 4223 1497 4277 exosi
1519 4239 1719 4278 eorum
1744 4223 1925 4279 moris
1957 4241 2073 4280 non

427 4310 773 4382 capiant.lta
792 4317 848 4366 et
862 4310 1120 4365 Britanni
1146 4310 1340 4383 palam
1356 4327 1550 4367 coram
1572 4311 1846 4369 omnibus
1860 4318 2071 4370 coeunt

428 4398 555 4456 sine
575 4401 822 4473 pudore;
839 4398 935 4454 alii
958 4399 1407 4455 humanacarne
1423 4403 1739 4456 vescuntur
1761 4403 1887 4459 sine
1910 4403 2071 4458 fasti-

427 4487 523 4543 dio
551 4487 685 4557 ;alii
715 4504 783 4544 ea
817 4505 944 4560 quae
975 4504 1147 4543 canes
1176 4491 1232 4543 et
1262 4487 1379 4543 alia
1424 4489 1673 4545 nefanda
1716 4494 2067 4562 perpetrant.

426 4576 544 4633 Hoc
575 4578 747 4633 modo
779 4593 891 4632 non
915 4577 1306 4648 judicandum
1327 4581 1416 4632 est
1435 4577 1507 4632 de
1534 4593 1711 4633 sensu
1744 4579 2069 4634 secundum

423 4670 693 4722 naturam
720 4664 1163 4737 perverso.Nam
1186 4668 1242 4719 et
1271 4663 1435 4721 occili
1469 4663 1689 4721 malum
1722 4667 2068 4734 est,etiamsi

425 4771 542 4810 non
569 4771 774 4810 omnes
802 4754 882 4809 ita
911 4753 1127 4816 dicant.
1164 4770 1299 4808 cum
1331 4770 1503 4809 nemo
1535 4753 1660 4827 ipse
1689 4754 1800 4811 sibi
1840 4754 2068 4812 dolores

422 4859 627 4915 parere
654 4841 812 4912 velit,
842 4859 945 4899 nec
967 4859 1137 4914 paena
1166 4843 1238 4898 ob
1274 4843 1494 4898 furtum
1527 4842 1639 4899 sibi
1670 4843 1889 4899 inﬂicta
1910 4843 2067 4901 ullus

422 4930 761 4987 delectetur.
786 4931 846 4987 Si
878 4932 1012 5003 quis
1042 4947 1179 5003 ergo
1208 4930 1551 4988 nullatenus
1577 4932 1842 4987 concedit
1865 4950 2064 5004 pecca-

418 5024 547 5077 tum
568 5020 1203 5086 exsistere,necessario
1235 5023 1291 5075 et
1319 5019 1559 5076 tertium
1574 5020 1865 5092 judicium
1895 5021 1967 5077 ob
2000 5039 2067 5078 ea

417 5114 573 5166 recte
601 5109 1057 5182 exspectandum
1079 5112 1207 5181 ,est.
1241 5107 1348 5176 Qui
1397 5125 1531 5166 cum
1564 5109 1768 5167 Petrus
1799 5110 2061 5181 dixisset,

2192 3330 2264 3383 Οὗ
2292 3327 2484 3385 εἷ’νεκεν
2516 3332 2885 3404 παραιτεῖσθαι
2935 3333 3073 3408 χρὴ,
3122 3332 3196 3395 ὠς
3249 3330 3409 3412 ἔφην,
3456 3333 3693 3411 βραχείας
3722 3334 3802 3408 χά-

2190 3438 2272 3491 ριν
2307 3416 2509 3489 ἡδονῆς
2540 3417 2710 3475 ἄλλον
2744 3417 2929 3475 ἄδικον
2952 3421 3087 3497 πρὸς
3114 3422 3176 3476 τὸ
3202 3423 3281 3495 μὴ
3315 3422 3475 3478 αὐτόν
3505 3444 3619 3479 τινα
3637 3422 3803 3499 ὀλίγης

2188 3506 2348 3584 χάριν
2381 3504 2583 3579 ἡδονῆς
2615 3506 2774 3581 ἀϊδίῳ
2802 3504 3118 3586 περιϐαλεῖν
3157 3509 3409 3570 κολάσει.
3442 3512 3535 3567 Καὶ
3565 3513 3592 3567 6
3621 3512 3799 3584 Σίμων·

2187 3598 2326 3668 Ηήτι
2359 3595 2450 3652 οὖν
2482 3596 2582 3653 οὐκ
2623 3596 2732 3653 ἔστι
2778 3602 2848 3672 τῇ
2894 3598 3049 3677 φύσει
3096 3601 3341 3676 πονηρὸν
3374 3602 3410 3671 ἢ
3442 3599 3646 3678 ἀγαθὸν,
3684 3596 3805 3655 ἀλλὰ

2185 3685 2342 3759 νόμῳ
2368 3683 2607 3764 διαφέρει
2639 3687 2729 3742 καὶ
2762 3682 2866 3743 ἔθει
2892 3706 2906 3757 ;
2941 3687 3140 3762 [Οὕτω]
3171 3690 3216 3725 ⁸9
3245 3690 3397 3765 παρά
3424 3689 3643 3767 Πέρσαις
3688 3685 3802 3742 ἴδιον

2186 3774 2248 3829 τὸ
2302 3781 2493 3851 γαμεῖν
2556 3774 2814 3851 μητέρας,
2867 3773 3124 3855 ἀδελφὰς,
3186 3778 3510 3854 θυγατέρας,
3558 3776 3715 3839 ἄλλας
3758 3772 3807 3831 δὶ

2187 3861 2365 3941 ὥσπερ
2418 3862 2835 3940 χαλεπώτ[ατον
2886 3865 3247 3943 ἆ]γορεύεται.
3298 3869 3455 3923 ’Ὀθεν
3505 3872 3607 3923 τῶν
3651 3869 3801 3921 κακῶν

2188 3962 2265 4025 μή
2317 3952 2633 4029 ὡρισμένων
2684 3959 2812 4008 πᾶσι
2859 3954 2959 4022 τήν
3017 3954 3077 4009 ἐκ
3122 3959 3256 4009 Θεοῦ
3303 3955 3483 4032 κρίσιν
3533 3951 3801 4031 προσδοκᾷν

2184 4040 2284 4095 οὐκ
2330 4039 2491 4096 ἔστιν.
2535 4042 2694 4097 Καὶό
2727 4041 2926 4118 Πέτρος
2978 4041 3101 4114 ἔφη·
3150 4043 3223 4097 Οὐ
3277 4042 3499 4100 δύναται
3546 4047 3695 4099 τοῦτο
3733 4062 3806 4095 συ·

2182 4137 2388 4200 στῆναι·
2422 4137 2549 4193 πᾶςι
2580 4132 2681 4208 γὰρ
2714 4131 2977 4209 φαίνεται,
3012 4130 3093 4187 ὅτι
3142 4133 3205 4188 τὸ
3263 4133 3503 4211 μητράσι
3556 4130 3803 4207 μίγνυσθαι

2186 4220 2445 4293 μυσαρὸν,
2471 4218 2566 4274 κᾶν
2597 4219 2816 4295 Πέρσαι,
2869 4219 3062 4297 μόριον
3110 4220 3455 4299 ὑπάρχοντες
3494 4226 3587 4277 τοῦ
3613 4219 3804 4291 παντὸς,

2185 4308 2287 4363 ὑπὸ
2341 4313 2510 4363 κακοῦ
2566 4305 2721 4371 ἔθους
2776 4316 2875 4379 τῆς
2937 4316 3177 4386 μυσαρᾶς
3236 4310 3418 4366 αὐτῶν
3477 4309 3707 4389 πράξεως
3752 4306 3803 4362 τὸ

2182 4394 2383 4470 ἄνομον
2420 4399 2495 4470 μὴ
2529 4392 3034 4471 ἀντιλαμϐάνωνται
3063 4401 3127 4454 ⁸ο.
3160 4400 3251 4462 Ὠς
3289 4400 3385 4455 καὶ
3418 4398 3693 4474 Βρεττανοί
3721 4396 3802 4468 ἑμ-

2181 4491 2358 4565 φανῶς
2417 4486 2504 4542 ἐπὶ
2568 4486 2772 4542 πάντων
2823 4492 3198 4555 κοινωνοῦσιν,
3254 4488 3348 4544 καὶ
3403 4488 3504 4544 οὐκ
3539 4485 3801 4543 αἶδοῦνται·

2180 4575 2269 4630 καὶ
2328 4573 2490 4631 ἄλλοι
2550 4576 2748 4651 σάρκας
2807 4577 3105 4651 ἀνθρώπων
3158 4576 3459 4648 ἐσθίουσιν,
3505 4578 3593 4634 καὶ
3639 4575 3694 4631 οὗ
3726 4595 3807 4648 μυ-

2179 4666 2476 4719 σάττονται·
2520 4666 2673 4722 389
2706 4663 2797 4718 καὶ
2844 4661 3019 4740 ἕτεροι
3067 4666 3134 4720 τὰ
3179 4671 3361 4721 κυνῶν
3408 4666 3499 4722 καὶ
3548 4663 3685 4721 ἄλλα
3725 4661 3829 4739 ἆρο⁴

2181 4752 2318 4829 ῥητα
2346 4754 2673 4829 πράσσουσιν
2705 4756 2772 4810 δί.
2807 4752 2990 4816 Οὕτως
3020 4753 3082 4809 οὐ
3112 4756 3224 4830 χρή
3257 4755 3513 4826 αἰσθήσει
3557 4754 3654 4809 ὑπὸ
3678 4751 3806 4811 ἔθους

2172 4847 2271 4898 τοῦ
2328 4844 2464 4898 κατά
2519 4841 2676 4921 φύσιν
2729 4841 3049 4919 ἐκτραπείσῃ
3104 4844 3201 4906 τὰς
3257 4843 3471 4921 κρίσεις
3516 4843 3799 4900 ποιεῖσθαι.

2175 4931 2275 4986 Καὶ
2318 4930 2418 5007 γὰρ
2466 4931 2529 4985 τὸ
2578 4932 2899 5004 φονευθῆναι
2949 4932 3111 4986 κακὸν
3163 4931 3326 5006 ἐστιν,
3379 4934 3479 4989 κᾶν
3531 4934 3606 5008 μή
3635 4932 3806 4989 πάντες

2179 5019 2432 5097 λέγωσιν,
2467 5018 2549 5074 ὅτι
2586 5016 2778 5093 μηδεὶς
2809 5019 3127 5076 αὐτοπαθεῖν
3157 5019 3323 5095 θέλει,
3358 5022 3452 5078 καὶ
3506 5021 3683 5090 κλοπῆ
3727 5016 3802 5072 οὗ·

2175 5107 2284 5172 δεῖς
2315 5108 2402 5164 ἐπὶ
2432 5113 2501 5183 τῇ
2534 5109 2726 5165 ἑαυτοῦ
2754 5106 2975 5164 κολάσει
3024 5106 3232 5179 ἥδεται.
3267 5109 3373 5167 Κᾶν
3427 5109 3526 5167 οὖν
3574 5109 3687 5172 ἑνὸς
3727 5104 3803 5162 οὐ·

1772 5269 2016 5327 VARL/E
2054 5269 2468 5329 LECTIONES.

482 5384 527 5459 {3
557 5378 673 5458 ἔχει
705 5383 770 5459 0_.
802 5384 848 5459 εξ
876 5380 976 5436 οὐκ
1021 5382 1260 5459 adjunxi
1290 5385 1827 5459 exconjectura.“
1857 5387 1944 5442 Ita
1988 5386 2100 5459 leg.
2144 5390 2309 5459 notat
2338 5384 2383 5440 Ο
2416 5384 2473 5459 in
2525 5383 2810 5459 margine,
2840 5383 3019 5459 pulto:
3067 5404 3130 5459 γε
3176 5386 3235 5459 in
3289 5389 3479 5459 textu.
3526 5380 3709 5459 “qvi
3746 5385 3797 5435 0.

410 5455 453 5533 ξ⁷
484 5452 568 5509 ὅτι
587 5449 841 5528 ἐἶδοτίρεὶ
873 5471 942 5511 ex
970 5449 1321 5533 conjectura.
1342 5455 1403 5533 _”
1434 5449 1668 5533 Σιῇαίως
1713 5455 1805 5533 τδν
1835 5460 2015 5519 κακῶς
2042 5449 2537 5533 νπριῇιωρισμένον
2582 5449 2714 5533 (sic)
2765 5449 2945 5533 ὀρθῶς
2991 5449 3137 5529 ἔχειν
3185 5456 3435 5533 εἰπόντος
3466 5463 3527 5514 Ο.
3559 5458 3605 5533 δέ
3631 5456 3802 5527 Supra

411 5525 707 5603 lacunam,
741 5524 919 5603 quam
951 5526 1171 5603 explevi
1202 5542 1322 5603 νοιιΔ
1340 5528 1528 5600 [ουτω]
1557 5529 1727 5603 signa
1758 5530 1778 5547 '
1808 5524 2120 5603 apparent:
2159 5524 2429 5603 Fortasse
2480 5524 2922 5603 legendum'ﬁi]
2969 5524 3150 5584 nohne
3196 5535 3251 5585 et
3295 5530 3538 5603 signum
3584 5524 3800 5603 interro-

411 5599 589 5669 gandi
646 5593 706 5655 in
760 5593 879 5722 gne
936 5593 1359 5655 enuntiationié
1418 5593 1777 5671 ponendum.
1831 5593 1902 5636 ‘0.
1931 5597 2421 5671 ἀντιλαμοάνονται
2471 5593 2625 5654 Ο.”⁶¹
2675 5598 2765 5653 καὶ
2812 5593 2987 5673 ἕτεροι
3033 5603 3207 5654 κυνῶν
3254 5593 3563 5655 Μὶνᾶλλοι
3612 5596 3799 5673 ἄρῥητα

411 5686 733 5722 ποασσουσιν
809 5710 822 5722 .

408 5686 733 5741 πρασσουσιν
761 5686 822 5725 υ.
