4082 6208
308 276 426 336 441

1430 273 1958 337 CLEMENTINA.
1991 306 2071 321 -
2098 274 2431 339 HOMILIA
2473 277 2632 340 XIX.

3611 277 3731 337 442

309 404 519 476 δήποτε
551 403 1004 481 ὁμολογουμένου
1046 404 1175 460 εἶναι
1224 405 1611 481 ἁμαρτήματα,
1644 404 1694 476 ἐξ
1738 405 1969 482 ἀνάγκης

2094 409 2384 481 respondit
2413 410 2612 467 Simon
2639 428 2652 468 :
2688 411 2785 468 Dic
2808 409 2976 479 mihi,
3011 425 3086 466 an
3120 409 3191 465 de
3218 407 3372 465 malo
3404 408 3486 465 ita
3520 408 3622 464 tibi
3654 410 3735 464 vi-

306 495 393 551 καὶ
442 493 648 569 τρίτην
700 494 872 569 κρίσιν
927 494 1062 569 πρὸς
1110 494 1177 549 τό,
1234 496 1600 571 ἁμαρτήματα
1646 494 1818 571 ὀρθῶς
1867 492 1975 549 ἔστι

2088 498 2337 554 deatur?

305 581 646 659 προσδοκᾷν.
682 588 855 639 Ταῦτα
880 588 978 639 τοῦ
1008 582 1211 659 Πὲτρου
1243 583 1507 654 εἰπόντος,
1540 586 1568 639 6
1602 584 1787 657 Σίμων
1822 584 2160 661 ἀπεκρίνατο·
2197 586 2379 649 Οὕτως
2413 608 2496 642 σοι
2549 585 2698 642 δοκεῖ
2745 588 2811 643 τὰ
2838 586 2973 642 κατὰ
3000 607 3091 642 τον
3127 586 3364 661 πονηρὸν
3395 585 3526 641 εἶναι
3561 584 3737 655 ;Εἲπὲ

355 695 426 729 οι.

355 695 426 729 οι.

312 695 490 817 μΧΧ.
528 761 637 816 Καὶ
691 762 718 815 ὁ
762 760 985 838 Πέτρος*
1037 763 1374 834 Μεμνήμεθα
1412 766 1508 817 τοῦ
1561 763 1765 838 Κυρίου
1814 765 1975 836 ἡμῶν

311 851 396 906 καὶ
448 848 827 923 Διδασκάλου,
882 851 956 912 ὡς
1034 849 1423 924 ἐντελλόμενος
1490 852 1635 906 εἶπεν
1701 855 1860 925 ἡμῖν’
1908 853 1983 906 Τὰ

310 942 586 1016 μυστήρια
615 940 747 1013 ἐμοὶ
778 939 867 994 καὶ
896 945 1011 1001 τοῖς
1042 940 1181 1002 υἱοῖς
1210 944 1308 994 τοῦ
1340 937 1493 995 οἴκου
1538 962 1642 1013 μου
1690 940 1976 1020 φυλάξατε.

307 1030 396 1085 Διὸ
442 1030 538 1084 καὶ
600 1035 729 1091 τοῖς
786 1028 951 1084 αὐτοῦ
1004 1030 1271 1102 μαθηταῖς
1317 1030 1433 1084 κατ’
1466 1027 1602 1085 ἰδίαν
1636 1028 1832 1085 ἐπέλυε
1879 1037 1979 1100 τῆς

304 1122 409 1174 τῶν
451 1116 710 1193 ούρανῶν
759 1116 1038 1194 βασιλείας
1083 1118 1153 1172 τὰ
1205 1120 1478 1193 μυστήρια
1506 1121 1573 1176 ⁸³.
1608 1119 1704 1174 Σοὶ
1757 1117 1834 1191 δὲ,
1883 1140 1979 1174 πο-

307 1207 575 1280 λεμοῦντι
628 1209 784 1280 ἡμᾶς
834 1206 923 1261 καὶ
976 1204 1143 1279 μηδὲν
1193 1204 1375 1283 ἓτερον
1430 1205 1807 1264 διασκοποῦντι
1846 1209 1881 1278 ἢ
1912 1210 1981 1264 τὰ

310 1296 553 1369 ἡμέτερα
604 1292 721 1350 εἷ’τε
769 1295 950 1364 ἀληθῆ
999 1289 1147 1367 ὄντα,
1200 1292 1306 1350 εἴτε
1346 1293 1539 1369 ψευδῆ,
1582 1296 1649 1351 τὰ
1696 1296 1981 1373 ἀπόρῥητα

311 1383 509 1459 λέγειν,
546 1380 769 1440 ἀσεϐεῖν
820 1384 982 1439 ἐστίν.
1014 1383 1171 1441 Ἀλλ’
1211 1381 1305 1438 ’ίνα
1357 1386 1431 1457 μή
1466 1382 1659 1457 δόξωσι
1699 1406 1840 1448 τινες
1870 1390 1975 1441 τῶν

311 1474 709 1549 παρεστώτων,
741 1466 1101 1529 ὅτι’ἀδυνατῶ
1130 1471 1269 1548 πρὸς
1317 1475 1383 1527 τὰ
1434 1473 1536 1528 ὑπὸ
1596 1478 1691 1528 σοῦ
1751 1473 1981 1549 ῥηθέντα

312 1562 712 1639 ἀποκρίνασθαι
758 1561 1101 1639 (προφάσεως
1160 1559 1633 1637 διαμηχανῶμαι),
1690 1562 1794 1637 ἐρῶ
1842 1563 1977 1639 πρό-

310 1672 463 1726 τερον
517 1651 935 1724 πυνθανόμενός
984 1671 1103 1717 σου,
1146 1650 1191 1705 εἰ
1238 1651 1300 1705 τὸ
1334 1652 1411 1723 μὴ
1460 1650 1648 1726 ἀλγεῖν
1697 1652 1783 1722 ἦν,
1814 1652 1867 1706 τί
1917 1652 1976 1707 ἄν

315 1741 448 1796 ἔστιν
474 1741 546 1810 ἦν
593 1741 624 1795 ὁ
680 1740 944 1816 πονηρός.
980 1739 1078 1793 Καὶ
1127 1740 1155 1794 6
1206 1739 1393 1812 Σίμων
1448 1738 1570 1817 ἔφη·
1605 1738 1788 1798 Οὐδέν.
1818 1741 1917 1796 Καὶ
1949 1743 1977 1798 6

316 1829 535 1901 Πέτροςσ
566 1831 721 1905 Ἀρά
764 1851 824 1905 γε
869 1830 930 1884 τὸ
978 1828 1218 1905 πονηρὸν
1267 1828 1330 1883 τὸ
1381 1828 1565 1905 ἀλγεῖν
1617 1830 1726 1884 ἔστι
1771 1831 1860 1885 καὶ
1915 1831 1979 1886 τὸ

313 1922 522 2014 θανεῖν)
558 1919 670 1974 Καὶ
730 1920 758 1974 6
820 1917 1027 2014 Σίμων’
1090 1917 1367 1975 Φαίνεται.
1421 1919 1517 1974 Καὶ
1576 1919 1604 1972 ὁ
1663 1920 1864 1993 Πέτρος
1910 1924 1975 1979 “.
2012 1950 2059 2014 B

313 2008 416 2063 Ούκ
471 2006 579 2084 ἄρα
643 2007 880 2084 ὑπάρχει
930 2006 993 2061 τὸ
1036 2008 1276 2083 πονηρὸν
1348 2007 1451 2078 ἀεὶ,
1505 2006 1631 2063 ἀλλ’
1681 2006 1806 2063 οὐδὲ
1873 2011 1979 2082 μὴν

316 2098 541 2173 ὑπάρξαι
615 2094 864 2151 δύναται.
910 2095 973 2150 τὸ
1022 2097 1126 2171 γὰρ
1176 2094 1417 2171 ἀλγῆσαι
1485 2096 1575 2151 καὶ
1625 2098 1798 2152 θανεῖν
1871 2102 1979 2153 τῶν

316 2180 735 2257 συμϐαινόντων
784 2184 832 2220 ⁸⁸
883 2181 1046 2249 ἐστὶν,
1076 2183 1148 2237 ὧν
1206 2181 1487 2258 οὐθὲτερόν
1540 2183 1649 2238 ἐστι
1699 2185 1981 2260 παρούσης

318 2277 466 2333 891)
496 2272 831 2335 εύσθενείας.
860 2270 921 2325 Τί
950 2273 996 2308 ⁵⁸
1023 2272 1123 2348 γάρ
1157 2271 1296 2326 ἐστιν
1329 2269 1517 2345 ἀλγεῖν
1549 2272 1583 2340 ἢ
1613 2273 1675 2327 τὸ
1707 2273 1979 2349 ἀναρμοσ-

315 2368 419 2418 τεῖν
445 2382 459 2432 ;
494 2362 557 2417 Τί
592 2359 660 2416 δὲ
690 2363 915 2422 θάνατος
944 2360 981 2428 ἢ
1012 2360 1300 2437 χωρισμὸς
1329 2362 1514 2435 ψυχῆς
1551 2358 1658 2416 ἀπὸ
1689 2362 1977 2434 σώματος;

321 2448 436 2508 οὕτ⁹
466 2451 561 2506 οὗν
594 2450 867 2526 ἁρμονίας
901 2446 1067 2519 οὔσης
1098 2448 1161 2503 τὸ
1191 2446 1377 2524 ἀλγεῖν
1407 2445 1649 2505 ἔστιν-τὸ
1670 2449 1773 2525 γὰρ
1805 2451 1980 2505 θανεῖν

322 2537 440 2595 οὐδὲ
492 2537 657 2602 ὅλως
702 2543 812 2594 τῶν
864 2538 1148 2611 ὑπαρκτῶν
1200 2536 1361 2605 ἐστὶν,
1410 2536 1493 2593 ὅτι
1543 2539 1764 2601 θάνατος
1826 2536 1979 2595 οὐδὲν

323 2627 480 2696 ἐστιν,
512 2629 594 2691 ὡς
633 2626 793 2706 ἔφην,
824 2627 861 2696 ἢ
892 2626 1181 2703 χωρισμὸς
1220 2629 1403 2702 ψυχῆς
1454 2626 1561 2683 ἀπὸ
1609 2627 1885 2700 σώματος,
1920 2628 1981 2683 οὗ

324 2712 656 2791 συμϐάντος,
686 2717 751 2772 τὸ
784 2717 880 2789 μὶν
914 2720 1073 2788 σῶμα
1107 2715 1261 2792 φύσει
1294 2715 1616 2787 ἀναίσθητον
1662 2717 1720 2771 ’ὸν
1772 2716 1979 2789 λύεται,

322 2808 355 2877 ἡ
386 2805 440 2862 δὲ
468 2808 637 2882 ψυχὴ
670 2805 901 2875 αἰσθητὴ
946 2805 1081 2859 οὖσα
1130 2808 1273 2874 ζῶσα
1314 2804 1570 2881 ὑπάρχει.
1602 2807 1755 2861 Ὅθεν
1804 2808 1981 2881 ἁρμο-

321 2895 432 2957 νίας
460 2892 640 2966 οὔσης
672 2894 771 2949 ούκ
801 2893 988 2969 ἀλγεῖν
1018 2888 1177 2963 ἔστιν,
1212 2892 1312 2948 οὐκ
1340 2893 1647 2966 ἀποθανεῖν,
1680 2893 1808 2950 ἀλλ’
1857 2894 1983 2951 οὐδὲ

328 2986 426 3057 μὴν
458 2984 690 3060 βοτάναι
722 2982 1029 3055 θανάσιμοι,
1064 2982 1170 3057 οὐχ
1200 2983 1396 3056 ἑρπετὰ
1428 2978 1647 3055 ἰοϐόλα,
1681 2981 1805 3040 οὐδὲ
1840 2982 1981 3040 ἄλλο

327 3094 373 3128 τι
407 3079 685 3140 τοιοῦτον,
728 3073 789 3127 οὗ
844 3073 907 3127 τὸ
959 3068 1119 3133 τέλος
1175 3071 1421 3134 θάνατος.
1477 3075 1631 3136 Ὅθεν
1694 3074 1983 3137 ἀθανασίας

328 3161 725 3236 ἐπικρατούσης
782 3159 1030 3236 εὐλόγως
1082 3158 1255 3215 πάντα
1327 3162 1588 3237 γεγονότα
1667 3164 1981 3240 φανήσεται.

329 3254 489 3328 Ὅπερ
546 3250 645 3306 καὶ
706 3250 878 3313 οὕτως
938 3248 1104 3319 ἔσται,
1159 3248 1356 3304 ὁπόταν
1434 3248 1779 3321 δικαιοσύνης
1841 3252 1985 3325 αἰτίᾳ

333 3340 675 3416 ὀᾶνθρωπος
730 3339 992 3403 ἀθάνατος
1050 3339 1271 3413 γενηται
1324 3346 1426 3408 τῆς
1484 3344 1579 3393 τοῦ
1636 3342 1869 3415 Χριστοῦ
1917 3340 1989 3395 εῖ-

336 3430 606 3504 ρηνι[κῆς]
654 3426 1047 3502 ἐπικρατούσης
1100 3426 1397 3503 βασιλείας·
1450 3426 1540 3483 ὅτε
1604 3428 1768 3483 αὐτοῦ
1813 3429 1902 3484 καὶ
1950 3432 1986 3500 ὴ

230 3549 235 3553 -
338 3522 518 3593 κρᾶσις
582 3515 848 3592 εὔκρατός
908 3513 1187 3589 ὲστιν,⁹ίνα
1249 3518 1324 3589 μὴ
1386 3516 1558 3587 ὀξείας
1588 3516 1738 3596 [φύῃ]
1789 3518 1984 3595 ὁρμάς·

340 3604 408 3660 ἔτι
440 3605 625 3662 τεκαὶ
683 3610 883 3681 γνῶσις
952 3604 1268 3676 ἄπταιστος,
1294 3603 1389 3660 ⁶ίνα
1440 3608 1514 3679 μή
1560 3612 1748 3662 τιτῶν
1806 3606 1985 3663 κακῶν

338 3695 406 3757 ὡς
436 3696 638 3773 ἀγαθὸν
689 3696 1095 3770 π[ικροποιοῦν]
1126 3697 1171 3730 ⁸⁵
1217 3714 1275 3749 τε
1324 3693 1523 3771 ἀλγοῦν
1574 3690 1858 3769 ἕσται,’ίνα
1907 3698 1983 3770 μή

337 3784 516 3853 θνητὸς
546 3784 591 3860 ᾖ
602 3828 615 3841 .

403 3878 533 3929 XXI.
572 3872 675 3928 Καὶ
725 3872 754 3927 6
809 3871 996 3941 Σίμων
1030 3867 1155 3945 ἔφη’
1202 3875 1377 3926 Ταῦτα
1437 3873 1532 3945 μὶν
1595 3872 1771 3948 ὀρθῶς
1826 3870 1982 3952 ἔφηςο

338 3960 471 4030 πλὴν
532 3962 591 4017 ἐν
643 3966 723 4033 τῷ
779 3965 870 4014 νῦν
925 3960 1119 4034 κόσμῳ
1151 3960 1218 4014 οὐ
1249 3959 1397 4016 δοκεῖ
1427 3982 1509 4016 σοι
1549 3962 1750 4026 παντὸς
1782 3965 1984 4028 πάθους

340 4046 573 4114 δεκτικὸς
622 4050 753 4106 εἶναι
805 4050 833 4104 6
885 4048 1202 4123 ἄνθρωποςς
1238 4048 1391 4126 Λέγω
1442 4048 1499 4104 δὲ
1547 4050 1851 4125 ἐπιθυμίας,
1888 4053 1985 4130 ὄρ-

337 4145 455 4213 γῆς,
510 4139 701 4210 λύπης
755 4138 844 4193 καὶ
900 4142 1007 4193 τῶν
1055 4138 1343 4193 τοιούτων.
1395 4138 1493 4193 Καὶ
1541 4141 1568 4195 6
1624 4140 1843 4215 Πέτροςι
1886 4142 1983 4198 Καὶ

336 4233 491 4284 ταῦτα
544 4234 656 4284 τῶν
702 4223 1105 4301 συμϐαινόντων
1162 4226 1320 4300 ἐστὶν,
1380 4227 1442 4283 ού
1493 4232 1600 4283 τῶν
1652 4230 1732 4285 ἀεὶ
1790 4225 1982 4304 ὅντων,

339 4317 626 4391 χρησίμως
674 4315 731 4373 δὲ
777 4321 846 4391 τῇ
896 4320 1051 4392 ψυχῇ
1099 4311 1465 4389 συμϐαίνοντα
1492 4323 1583 4371 νῦν
1616 4319 1980 4393 εὑρεθήσεται.

338 4406 459 4462 Ἠτε
488 4409 594 4483 γὰρ
636 4405 896 4480 ἐπιθυμία
950 4404 1008 4460 ἐκ
1048 4409 1145 4460 τοῦ
1185 4404 1357 4460 πάντα
1400 4405 1583 4469 καλῶς
1636 4404 1981 4483 δημιουργή-

342 4514 513 4560 σαντος
544 4490 862 4567 συμϐαίνειν
886 4495 967 4566 τῷ
1023 4496 1149 4567 ζώῳ
1198 4494 1506 4570 γεγένηται,
1542 4494 1633 4551 ’ἱνα
1681 4497 1769 4551 ὑπ’
1817 4497 1983 4568 αὐτῆς

344 4582 596 4657 ἀγόμενον
645 4584 781 4659 πρὸς
830 4583 1117 4638 κοινωνίαν
1168 4585 1266 4653 τήν
1314 4583 1711 4660 ἀνθρωπότητα
1751 4589 1795 4622 ⁸⁷
1837 4586 1981 4658 πλη-

2160 766 2272 822 ΧΧ.
2309 768 2457 823 Tum
2509 772 2753 823 Petrus:
2801 766 3216 837 Recordamur,
3268 766 3583 821 Dominum
3636 783 3743 823 no-

2090 859 2277 911 strum
2310 861 2367 911 et
2398 856 2743 928 Magistrum
2804 855 2970 911 nobis
3028 855 3414 927 precepisse:
3464 855 3739 928 Mysteria

2090 944 2233 1000 mihi
2259 950 2315 1000 et
2344 945 2480 1000 ﬁliis
2512 946 2723 1001 domus
2746 961 2891 1000 meae
2920 944 3226 999 custodite.
3260 947 3447 1009 Quare
3477 949 3535 999 et
3558 945 3735 1000 disci-

2090 1034 2245 1107 pulis
2276 1035 2400 1090 suis
2432 1051 2699 1090 seorsum
2739 1034 2901 1106 regni
2950 1032 3202 1088 ccelestis
3233 1034 3510 1105 mysteria
3556 1032 3733 1105 expli-

2090 1124 2379 1195 cabat(a).
2439 1130 2513 1178 At
2559 1123 2807 1195 impium
2859 1126 3034 1189 esset,
3086 1122 3135 1176 si
3191 1120 3579 1176 revelaremus
3626 1120 3735 1176 tibi

2088 1212 2425 1279 ineffabilia,
2459 1212 2789 1267 adversanti
2823 1211 2993 1267 nobis
3041 1215 3098 1266 et
3146 1210 3292 1265 nihil
3344 1209 3505 1265 aliud
3554 1209 3739 1282 dispi-

2089 1301 2259 1357 cienti
2288 1318 2463 1373 quam
2499 1302 2658 1356 dicta
2688 1305 2889 1356 nostra
2920 1301 3038 1355 sive
3070 1316 3205 1355 vera
3227 1298 3347 1354 sive
3380 1298 3547 1355 falsa.
3582 1300 3741 1354 Atta-

2092 1406 2223 1445 men
2257 1406 2329 1445 ne
2384 1390 2889 1445 circumstantium
2940 1388 3119 1459 aliqui
3160 1388 3421 1454 credant,
3479 1403 3572 1442 me
3624 1403 3739 1443 non

2090 1495 2261 1551 posse
2292 1479 2641 1550 respondere
2681 1496 2714 1533 a
2742 1483 2799 1533 te
2848 1477 3089 1549 prolatis
3121 1476 3530 1547 (similitudine
3562 1476 3735 1547 utor),

2090 1568 2474 1639 respondebo,
2507 1567 2740 1639 quando
2770 1583 2837 1622 ex
2870 1572 2924 1621 te
2954 1566 3246 1637 audivero,
3280 1565 3417 1637 quid
3446 1564 3737 1637 signiﬁcet

2089 1661 2206 1713 erat
2251 1657 2454 1722 malus,
2497 1656 2546 1711 si
2602 1672 2714 1711 non
2764 1656 2948 1711 dolere
3004 1659 3147 1710 erat.
3200 1658 3265 1709 Et
3318 1654 3513 1708 Simon
3548 1654 3731 1710 dixit:

2090 1744 2265 1801 Nihil.
2290 1746 2437 1800 Tum
2463 1745 2664 1800 Petrus
2692 1762 2705 1801 :
2738 1745 2889 1800 Num
2913 1743 3107 1799 dolere
3128 1748 3184 1798 et
3206 1742 3352 1798 mori
3373 1741 3593 1797 malum
3617 1742 3738 1799 est?

2092 1834 2412 1906 Respondit
2439 1833 2682 1888 Simon:
2743 1834 2827 1888 Ita
2883 1848 3012 1888 esse
3068 1832 3318 1886 videtur.
3362 1831 3430 1886 Et
3490 1832 3732 1886 Petrus:

2090 1922 2214 1977 Non
2245 1923 2426 1993 igitur
2447 1921 2670 1977 malum
2701 1938 2933 1993 semper
2955 1921 3194 1989 exstitit,
3226 1919 3326 1974 sed
3351 1936 3422 1974 ne
3444 1919 3739 1975 exstitisse

2092 2011 2329 2083 quidem
2373 2016 2599 2083 potest;
2634 2027 2770 2065 nam
2823 2009 3017 2065 dolere
3060 2014 3117 2065 et
3150 2008 3297 2063 mori
3349 2008 3737 2063 accidentium

2092 2103 2250 2168 sunt,
2283 2116 2533 2171 quorum
2558 2104 2833 2155 neutrum
2867 2098 3135 2171 praesenti
3168 2098 3345 2153 saluti
3378 2101 3467 2153 est
3496 2098 3739 2167 conjun-

2091 2193 2272 2244 ctum.
2307 2188 2454 2254 Quid
2486 2189 2643 2245 enim
2674 2192 2766 2243 est
2812 2187 3007 2243 dolere
3057 2186 3172 2242 nisi
3206 2204 3337 2242 non
3373 2202 3691 2258 congruere
3713 2184 3741 2241 ?

2089 2276 2237 2342 Quid
2297 2282 2493 2333 autem
2554 2294 2733 2343 mors,
2768 2276 2879 2332 nisi
2911 2276 3197 2349 separatio
3228 2275 3436 2330 animae
3468 2291 3503 2329 a
3532 2290 3737 2346 corpo-

2091 2382 2151 2422 re
2171 2365 2199 2421 ?
2226 2366 2424 2439 Neque
2450 2367 2652 2439 igitur,
2683 2366 2733 2422 si
2755 2364 3062 2421 harmonia
3080 2364 3324 2431 exsistit,
3355 2362 3734 2431 dolorintrat;

2090 2472 2226 2511 nam
2250 2454 2398 2511 mori
2421 2472 2492 2511 ne
2512 2456 2753 2511 omnino
2774 2454 3008 2527 quidem
3030 2452 3440 2510 cxsistentium
3463 2456 3570 2519 est,
3600 2450 3739 2524 quia

2092 2560 2253 2600 mors
2273 2544 2419 2599 nihil
2441 2544 2600 2600 aliud
2624 2548 2732 2609 est,
2755 2548 2820 2599 ut
2839 2543 2977 2611 dixi,
3003 2559 3182 2614 quam
3215 2540 3507 2614 separatio
3530 2539 3738 2595 anima:

2091 2650 2127 2689 a
2154 2650 2415 2705 corpore,
2448 2650 2577 2704 quae
2610 2649 2743 2687 cum
2775 2632 2984 2703 evenit,
3030 2648 3242 2703 corpus
3274 2630 3511 2703 quidem
3560 2645 3740 2685 sensu

2091 2738 2295 2794 expers
2326 2721 2690 2788 dissolvitur,
2725 2720 2921 2777 anima
2951 2725 3148 2775 autem
3188 2736 3365 2774 sensu
3418 2718 3620 2773 affecta
3648 2716 3739 2773 vi-

2088 2827 2221 2866 vere
2247 2811 2453 2882 pergit.
2488 2813 2674 2877 Quare
2700 2826 2887 2881 neque
2914 2810 3079 2865 dolor
3128 2809 3295 2864 adest
3338 2823 3525 2879 neque
3557 2823 3737 2875 mors,

2090 2899 2190 2954 ubi
2223 2899 2532 2955 harmonia
2561 2899 2779 2963 existit,
2813 2899 2911 2954 sed
2962 2914 3034 2954 ne
3082 2897 3290 2969 plantae
3340 2896 3578 2969 quidem
3608 2894 3737 2950 leti-

2090 2987 2221 3042 fera
2253 2992 2411 3057 sunt,
2470 3004 2658 3061 neque
2712 2986 2941 3059 reptilia
2998 2990 3302 3051 venenata,
3361 3000 3549 3055 neque
3576 2982 3737 3038 aliud

2091 3075 2302 3131 horum
2336 3077 2679 3149 quidquam,
2727 3091 2975 3147 quorum
3027 3075 3162 3129 ﬁnis
3192 3078 3282 3130 est
3338 3089 3517 3129 mors.
3574 3072 3744 3128 Unde

2094 3166 2292 3220 omnia
2329 3170 2480 3221 recte
2501 3172 2691 3221 creata
2712 3165 2984 3219 videntur
3013 3162 3360 3236 praevalente
3392 3160 3743 3217 immortali-

2098 3257 2236 3309 tate.
2264 3255 2329 3309 Et
2351 3254 2458 3309 hoc
2481 3254 2563 3309 ita
2583 3254 2826 3321 eveniet,
2846 3254 3078 3324 quando
3093 3252 3337 3325 jlmtitia
3360 3251 3547 3325 gratia
3567 3250 3743 3306 homo

2102 3342 2451 3399 immortalis
2482 3344 2569 3410 fit,
2602 3359 2779 3414 regno
2827 3343 3037 3398 Christi
3088 3341 3327 3415 paciﬁco
3376 3339 3743 3413 praevalente,

2098 3432 2574 3504 quandoquidem
2622 3437 3150 3505 temperamentum
3182 3433 3309 3503 ejus
3341 3430 3480 3485 mite
3528 3434 3637 3493 est,
3671 3444 3742 3483 ne

2098 3537 2260 3576 acres
2292 3525 2553 3593 procreet
2579 3522 2948 3594 cupiditates,
2982 3521 3224 3592 insuper
3244 3519 3421 3574 etiam
3452 3517 3739 3589 sapientia

2096 3626 2212 3665 non
2242 3627 2502 3681 erronea,
2537 3615 2602 3666 ut
2626 3610 2769 3666 nihil
2794 3609 3077 3665 malorum
3098 3614 3377 3680 tanquam
3410 3607 3631 3662 bonum
3663 3607 3735 3661 ad

2096 3700 2437 3755 servitutem
2468 3699 2555 3755 vel
2613 3699 2873 3756 dolorem
2932 3699 3099 3766 ferat,
3157 3698 3237 3753 ita
3267 3702 3332 3753 ut
3386 3695 3484 3752 ille
3516 3711 3629 3751 non
3662 3694 3739 3751 sit

2096 3788 2382 3844 mortalis.

2164 3878 2304 3933 XXI.
2352 3878 2672 3950 Respondit
2699 3878 2938 3934 Simon:
3004 3878 3131 3932 Haec
3180 3876 3416 3948 quidem
3469 3879 3623 3930 recte
3654 3872 3740 3928 di-

2093 3967 2250 4023 xisti.
2283 3971 2357 4022 At
2384 3968 2561 4022 homo
2590 3967 2651 4022 in
2682 3967 2791 4023 hoc
2842 3967 3061 4021 mundo
3112 3981 3304 4021 nonne
3344 3963 3450 4019 tibi
3482 3962 3743 4033 cujusvis

2095 4055 2234 4111 mali
2266 4073 2447 4127 capax
2475 4073 2604 4112 esse
2651 4056 2882 4112 videtur
2901 4055 2928 4110 ‘I
2978 4055 3117 4111 Dico
3147 4060 3341 4109 autem
3371 4051 3737 4125 cupiditatis,

2092 4145 2431 4209 iracundiae,
2461 4143 2658 4200 luctus
2690 4150 2747 4201 et
2793 4144 3220 4217 hujuscemodi.
3274 4143 3343 4199 Et
3388 4143 3631 4198 Petrus:
3667 4141 3739 4195 Et

2094 4232 2216 4289 haec
2245 4233 2482 4305 quidem
2539 4239 2680 4289 sunt
2726 4233 3135 4303 accidentium,
3184 4249 3297 4287 non
3346 4235 3734 4298 aeternorum;

2091 4327 2497 4378 verumtamen
2548 4322 2754 4377 anima:
2801 4322 3024 4377 utiliter
3072 4322 3384 4391 conjuncta
3423 4321 3547 4391 jam
3578 4321 3737 4374 inve-

2094 4412 2347 4466 nientur.
2382 4412 2607 4466 Etenim
2641 4411 2933 4482 cupiditas
2965 4411 3036 4465 ab
3069 4410 3187 4477 illo,
3223 4410 3323 4481 qui
3363 4409 3560 4465 omnia
3592 4408 3737 4463 bene

2093 4500 2329 4565 creavit,
2352 4500 2557 4571 Opiﬁce
2588 4499 2826 4555 animali
2850 4498 3014 4553 unita
3035 4502 3143 4563 est,
3168 4515 3286 4569 qua
3307 4498 3376 4552 ad
3403 4496 3737 4552 mistionem

2091 4586 2414 4659 impulsum
2436 4586 2782 4658 multiplicet
2798 4586 3123 4641 humanum
3146 4587 3537 4658 genus,cujus
3558 4584 3741 4641 electa

344 4670 482 4745 θύνῃ,
531 4674 621 4751 ἀφ’
674 4675 741 4742 ἧς
808 4669 1026 4741 πλῆθος
1088 4670 1326 4747 ἐκλογῆς
1393 4674 1715 4749 κρειττόνων
1780 4675 1978 4749 γίνεται

2094 4676 2397 4730 meliorum
2460 4676 2775 4730 multitudo
2845 4676 3054 4730 idonea
3111 4676 3375 4730 redditur
3427 4674 3497 4729 ad
3556 4673 3734 4728 vitam

348 4760 481 4818 891
532 4762 668 4838 πρὸς
718 4760 938 4815 αἶ’ώνιον
991 4762 1136 4831 ζωὴν
1183 4759 1489 4832 ἐπιτήδειον
1543 4765 1607 4820 ⁸⁸.
1654 4763 1806 4832 Πλὴν
1858 4761 1978 4820 ἄνευ

2094 4769 2383 4821 maternam.
2410 4764 2692 4819 Prmterea
2710 4764 2837 4820 sine
2858 4764 3177 4836 cupiditate
3200 4764 3411 4818 coitum
3440 4778 3573 4817 cum
3607 4778 3737 4816 mu-

345 4844 614 4923 ὲπιθυμίας
643 4851 742 4920 τήν
772 4850 907 4927 πρὸς
946 4854 1175 4923 γυναῖκα
1206 4851 1488 4907 κοινωνίαν
1540 4850 1715 4915 οὐδεὶς
1747 4852 1805 4907 ἂν
1857 4853 1976 4907 ἀνε-

347 4931 535 5007 δέξατο*
580 4943 667 4994 νῦν
719 4936 775 4993 δὲ
823 4936 1090 5016 προφάσει
1154 4936 1361 5009 ἡδονῆς
1408 4940 1484 5003 ὡς
1533 4940 1707 5013 ἑαυτῷ
1754 4941 1974 5017 χαριζό-

348 5045 489 5097 μενος
541 5029 569 5083 6
612 5026 897 5104 ἅνθρωπος
943 5027 1005 5081 τὸ
1053 5025 1255 5083 ἐκείνου
1310 5026 1572 5105 βούλημα
1618 5034 1784 5088 ποιεῖ.
1817 5029 1970 5100 Πλὴν

408 5153 474 5226 (α)
501 5155 674 5213 Marc.
706 5172 787 5224 ιν,
818 5156 907 5212 34.

2086 4852 2224 4909 liere
2245 4870 2417 4909 nemo
2436 4854 2676 4921 faceret;
2696 4855 2819 4921 jam
2846 4869 2977 4908 vero
2997 4852 3312 4924 voluptatis
3343 4850 3532 4923 specie
3553 4850 3726 4905 homo

2085 4942 2196 4999 sibi
2220 4942 2344 5014 ipse
2365 4942 2699 5013 gratiﬁcans
2724 4940 2884 4996 illius
2901 4941 3036 4997 facit
3055 4940 3435 4996 voluntatem.
3465 4941 3659 5003 Itaque
3678 4939 3727 4994 si

2083 5031 2217 5104 quis
2246 5031 2563 5102 cupiditate
2610 5030 2682 5085 ad
2728 5028 3059 5103 legitimum
3109 5030 3296 5085 utitur
3343 5028 3722 5093 connubium,

1684 5270 1929 5327 VARUE
1969 5271 2390 5331 LECTIONES.

407 5384 448 5461 ξ’
472 5387 577 5461 Cl'r.
610 5388 767 5445 hom.
801 5404 941 5455 xvu,
962 5388 1020 5461 6.
1070 5388 1116 5424 ⁸³
1159 5387 1303 5461 Vhb.
1356 5385 1446 5461 καὶ
1476 5384 1507 5461 ῤ
1540 5385 1743 5461 Πέτρος
1787 5387 2213 5461 desiderantur
2244 5389 2303 5444 in
2351 5392 2414 5446 Ο.
2443 5388 2490 5424 “
2519 5380 2890 5461 συμόενόντων
2937 5386 3024 5461 (_).,

3074 5385 3172 5458 qui
3204 5383 3411 5439 deinde
3444 5382 3501 5436 in
3554 5386 3713 5438 textu

350 5451 611 5534 ἀσθενείας,
668 5460 729 5534 in
786 5451 1066 5534 margine
1107 5477 1197 5533 γρ.
1256 5456 1572 5534 sesami“.
1605 5451 1739 5513 ιδ’τό
1792 5460 1950 5534 0.__“
1999 5460 2218 5534 Scripsi
2267 5451 3165 5534 [mxpoﬁnoio‘ov]_ob__analogiam
3207 5469 3540 5534 cumnseq.‘
3578 5471 3714 5534 par-

350 5526 541 5600 ticipio,
594 5526 703 5589 etsi

352 5589 475 5660 διιὸς
501 5589 557 5657 ό.

750 5522 1303 5605 π[ικρό’ποιόν1”ιιειιί
1357 5530 1566 5587 melius
1615 5531 2032 5604 respondisset.
2083 5522 2397 5606 ἀλγῶν“-ρ.’
2429 5522 2753 5604 ἀλγοῦνὊ.
2799 5530 2841 5566 ⁸⁷
2881 5522 3301 5603 ἀνθρῖυπότηταν
3349 5524 3417 5581 0.
3448 5522 3497 5560 δέ
3523 5522 3711 5595 ἐπιτή-
