  <div class='ocr_page' id='page_1' title='image "/cluster/home/n/w/nwhite01/storage/ocr_20150623/2/hvd.32044073501397/227.png"; bbox 0 0 4082 6208; ppageno 0'>
   <div class='ocr_carea' id='block_1_1' title="bbox 366 348 488 409">
    <p class='ocr_par' dir='ltr' id='par_1_1' title="bbox 366 348 488 409">
     <span class='ocr_line' id='line_1_1' title="bbox 366 348 488 409; baseline 0 -1"><span class='ocrx_word' id='word_1_1' title='bbox 366 348 488 409; x_wconf 69' lang='grc'>443</span> 
     </span>
    </p>
   </div>
   <div class='ocr_carea' id='block_1_2' title="bbox 1195 348 2943 414">
    <p class='ocr_par' dir='ltr' id='par_1_2' title="bbox 1195 348 2943 414">
     <span class='ocr_line' id='line_1_2' title="bbox 1195 348 2943 414; baseline 0.002 -4"><span class='ocrx_word' id='word_1_2' title='bbox 1195 348 1260 410; x_wconf 93' lang='lat' dir='ltr'>S.</span> <span class='ocrx_word' id='word_1_3' title='bbox 1307 349 1749 413; x_wconf 87' lang='lat' dir='ltr'>CLEMENTIS</span> <span class='ocrx_word' id='word_1_4' title='bbox 1794 351 1819 412; x_wconf 92' lang='grc' dir='ltr'>Ι</span> <span class='ocrx_word' id='word_1_5' title='bbox 1863 350 2053 414; x_wconf 84' lang='lat' dir='ltr'>ROM.</span> <span class='ocrx_word' id='word_1_6' title='bbox 2099 351 2329 413; x_wconf 87' lang='lat' dir='ltr'>PONT.</span> <span class='ocrx_word' id='word_1_7' title='bbox 2375 350 2636 411; x_wconf 81' lang='lat' dir='ltr'><strong>OPERA</strong></span> <span class='ocrx_word' id='word_1_8' title='bbox 2677 350 2943 414; x_wconf 83' lang='lat' dir='ltr'>DUBIA.</span> 
     </span>
    </p>
   </div>
   <div class='ocr_carea' id='block_1_3' title="bbox 3624 362 3730 421">
    <p class='ocr_par' dir='ltr' id='par_1_3' title="bbox 3624 362 3730 421">
     <span class='ocr_line' id='line_1_3' title="bbox 3624 362 3730 421; baseline 0.009 -2"><span class='ocrx_word' id='word_1_9' title='bbox 3624 362 3730 421; x_wconf 67' lang='lat'>“4</span> 
     </span>
    </p>
   </div>
   <div class='ocr_carea' id='block_1_4' title="bbox 371 477 2015 559">
    <p class='ocr_par' dir='ltr' id='par_1_4' title="bbox 371 477 2015 554">
     <span class='ocr_line' id='line_1_4' title="bbox 371 477 2015 554; baseline 0.001 -19"><span class='ocrx_word' id='word_1_10' title='bbox 371 479 551 552; x_wconf 87' lang='lat' dir='ltr'>impie</span> <span class='ocrx_word' id='word_1_11' title='bbox 584 495 696 534; x_wconf 91' lang='lat' dir='ltr'>non</span> <span class='ocrx_word' id='word_1_12' title='bbox 728 477 866 550; x_wconf 83' lang='lat' dir='ltr'>agit,</span> <span class='ocrx_word' id='word_1_13' title='bbox 903 478 1000 535; x_wconf 90' lang='lat' dir='ltr'>sed</span> <span class='ocrx_word' id='word_1_14' title='bbox 1024 478 1083 534; x_wconf 92' lang='lat' dir='ltr'>in</span> <span class='ocrx_word' id='word_1_15' title='bbox 1117 478 1469 536; x_wconf 82' lang='lat' dir='ltr'>adulterium</span> <span class='ocrx_word' id='word_1_16' title='bbox 1502 498 1889 554; x_wconf 80' lang='lat' dir='ltr'>prorumpens</span> <span class='ocrx_word' id='word_1_17' title='bbox 1911 482 2015 536; x_wconf 92' lang='lat' dir='ltr'>im-</span> 
     </span>
    </p>
   </div>
   <div class='ocr_carea' id='block_1_5' title="bbox 2128 477 3732 559">
    <p class='ocr_par' dir='ltr' id='par_1_5' title="bbox 2130 479 3732 559">
     <span class='ocr_line' id='line_1_5' title="bbox 2130 479 3732 559; baseline 0.005 -23"><span class='ocrx_word' id='word_1_18' title='bbox 2130 480 2217 536; x_wconf 79' lang='grc' dir='ltr'>ὲάν</span> <span class='ocrx_word' id='word_1_19' title='bbox 2247 501 2331 542; x_wconf 91' lang='grc' dir='ltr'>τις</span> <span class='ocrx_word' id='word_1_20' title='bbox 2359 483 2428 553; x_wconf 91' lang='grc' dir='ltr'>τῇ</span> <span class='ocrx_word' id='word_1_21' title='bbox 2460 479 2719 553; x_wconf 81' lang='grc' dir='ltr'>ἐπιθυμίᾳ</span> <span class='ocrx_word' id='word_1_22' title='bbox 2750 487 2951 556; x_wconf 78' lang='grc' dir='ltr'>χρῆται</span> <span class='ocrx_word' id='word_1_23' title='bbox 2986 481 3122 557; x_wconf 84' lang='grc' dir='ltr'>πρὸς</span> <span class='ocrx_word' id='word_1_24' title='bbox 3152 481 3376 555; x_wconf 89' lang='grc' dir='ltr'>νόμιμον</span> <span class='ocrx_word' id='word_1_25' title='bbox 3429 481 3615 559; x_wconf 90' lang='grc' dir='ltr'>γάμον,</span> <span class='ocrx_word' id='word_1_26' title='bbox 3642 488 3732 544; x_wconf 79' lang='grc' dir='ltr'>οὑκ</span> 
     </span>
    </p>
   </div>
   <div class='ocr_carea' id='block_1_6' title="bbox 372 567 2016 643">
    <p class='ocr_par' dir='ltr' id='par_1_6' title="bbox 372 567 2016 643">
     <span class='ocr_line' id='line_1_6' title="bbox 372 567 2016 643; baseline 0.002 -21"><span class='ocrx_word' id='word_1_27' title='bbox 372 568 647 642; x_wconf 86' lang='lat' dir='ltr'>pietatem</span> <span class='ocrx_word' id='word_1_28' title='bbox 690 567 1020 635; x_wconf 78' lang='lat' dir='ltr'>committit,</span> <span class='ocrx_word' id='word_1_29' title='bbox 1076 570 1321 640; x_wconf 88' lang='lat' dir='ltr'>ideoque</span> <span class='ocrx_word' id='word_1_30' title='bbox 1370 570 1772 643; x_wconf 87' lang='lat' dir='ltr'>castigabitur,</span> <span class='ocrx_word' id='word_1_31' title='bbox 1824 571 2016 642; x_wconf 61' lang='lat' dir='ltr'>utqui</span> 
     </span>
    </p>
   </div>
   <div class='ocr_carea' id='block_1_7' title="bbox 375 656 2018 728">
    <p class='ocr_par' dir='ltr' id='par_1_7' title="bbox 375 656 2018 728">
     <span class='ocr_line' id='line_1_7' title="bbox 375 656 2018 728; baseline 0.001 -16"><span class='ocrx_word' id='word_1_32' title='bbox 375 656 526 712; x_wconf 90' lang='lat' dir='ltr'>male</span> <span class='ocrx_word' id='word_1_33' title='bbox 558 673 702 711; x_wconf 87' lang='lat' dir='ltr'>usus</span> <span class='ocrx_word' id='word_1_34' title='bbox 734 656 809 712; x_wconf 90' lang='lat' dir='ltr'>sit</span> <span class='ocrx_word' id='word_1_35' title='bbox 853 673 939 727; x_wconf 90' lang='lat' dir='ltr'>eo,</span> <span class='ocrx_word' id='word_1_36' title='bbox 974 658 1129 728; x_wconf 90' lang='lat' dir='ltr'>quod</span> <span class='ocrx_word' id='word_1_37' title='bbox 1162 659 1307 714; x_wconf 86' lang='lat' dir='ltr'>bene</span> <span class='ocrx_word' id='word_1_38' title='bbox 1338 658 1510 713; x_wconf 91' lang='lat' dir='ltr'>fuerit</span> <span class='ocrx_word' id='word_1_39' title='bbox 1540 659 1894 715; x_wconf 92' lang='lat' dir='ltr'>ordinatum.</span> <span class='ocrx_word' id='word_1_40' title='bbox 1927 660 2018 714; x_wconf 73' lang='lat' dir='ltr'>Si-</span> 
     </span>
    </p>
   </div>
   <div class='ocr_carea' id='block_1_8' title="bbox 374 744 2017 805">
    <p class='ocr_par' dir='ltr' id='par_1_8' title="bbox 374 744 2017 805">
     <span class='ocr_line' id='line_1_8' title="bbox 374 744 2017 805; baseline 0.002 -6"><span class='ocrx_word' id='word_1_41' title='bbox 374 744 501 800; x_wconf 90' lang='lat' dir='ltr'>mili</span> <span class='ocrx_word' id='word_1_42' title='bbox 526 746 697 800; x_wconf 90' lang='lat' dir='ltr'>modo</span> <span class='ocrx_word' id='word_1_43' title='bbox 730 745 901 801; x_wconf 90' lang='lat' dir='ltr'>etiam</span> <span class='ocrx_word' id='word_1_44' title='bbox 939 748 1249 802; x_wconf 67' lang='lat' dir='ltr'>iracundim</span> <span class='ocrx_word' id='word_1_45' title='bbox 1300 765 1576 804; x_wconf 87' lang='lat' dir='ltr'>concessa</span> <span class='ocrx_word' id='word_1_46' title='bbox 1608 766 1641 804; x_wconf 90' lang='lat' dir='ltr'>a</span> <span class='ocrx_word' id='word_1_47' title='bbox 1671 750 1785 805; x_wconf 92' lang='lat' dir='ltr'>Deo</span> <span class='ocrx_word' id='word_1_48' title='bbox 1816 753 1903 804; x_wconf 89' lang='lat' dir='ltr'>est</span> <span class='ocrx_word' id='word_1_49' title='bbox 1931 748 2017 803; x_wconf 91' lang='lat' dir='ltr'>vis</span> 
     </span>
    </p>
   </div>
   <div class='ocr_carea' id='block_1_9' title="bbox 371 835 2014 909">
    <p class='ocr_par' dir='ltr' id='par_1_9' title="bbox 371 835 2014 909">
     <span class='ocr_line' id='line_1_9' title="bbox 371 835 2014 909; baseline 0.001 -19"><span class='ocrx_word' id='word_1_50' title='bbox 371 851 477 890; x_wconf 92' lang='lat' dir='ltr'>nos</span> <span class='ocrx_word' id='word_1_51' title='bbox 508 835 905 906; x_wconf 83' lang='lat' dir='ltr'>aggrediendi,</span> <span class='ocrx_word' id='word_1_52' title='bbox 958 841 1023 890; x_wconf 88' lang='lat' dir='ltr'>ut</span> <span class='ocrx_word' id='word_1_53' title='bbox 1071 853 1139 891; x_wconf 89' lang='lat' dir='ltr'>ea</span> <span class='ocrx_word' id='word_1_54' title='bbox 1168 836 1487 892; x_wconf 82' lang='lat' dir='ltr'>excitemur</span> <span class='ocrx_word' id='word_1_55' title='bbox 1516 838 1585 892; x_wconf 89' lang='lat' dir='ltr'>ad</span> <span class='ocrx_word' id='word_1_56' title='bbox 1645 841 2014 909; x_wconf 81' lang='lat' dir='ltr'>peccatorum</span> 
     </span>
    </p>
   </div>
   <div class='ocr_carea' id='block_1_10' title="bbox 370 923 2014 997">
    <p class='ocr_par' dir='ltr' id='par_1_10' title="bbox 370 923 2014 997">
     <span class='ocr_line' id='line_1_10' title="bbox 370 923 2014 997; baseline 0.002 -19"><span class='ocrx_word' id='word_1_57' title='bbox 370 923 675 979; x_wconf 77' lang='lat' dir='ltr'>ultionem.</span> <span class='ocrx_word' id='word_1_58' title='bbox 718 924 1131 980; x_wconf 82' lang='lat' dir='ltr'>Verumtamen</span> <span class='ocrx_word' id='word_1_59' title='bbox 1186 925 1498 981; x_wconf 88' lang='lat' dir='ltr'>immodice</span> <span class='ocrx_word' id='word_1_60' title='bbox 1550 926 1648 997; x_wconf 88' lang='lat' dir='ltr'>qui</span> <span class='ocrx_word' id='word_1_61' title='bbox 1709 943 1775 981; x_wconf 90' lang='lat' dir='ltr'>ea</span> <span class='ocrx_word' id='word_1_62' title='bbox 1807 928 2014 994; x_wconf 86' lang='lat' dir='ltr'>utitur,</span> 
     </span>
    </p>
   </div>
   <div class='ocr_carea' id='block_1_11' title="bbox 369 1012 2011 1087">
    <p class='ocr_par' dir='ltr' id='par_1_11' title="bbox 369 1012 2011 1087">
     <span class='ocr_line' id='line_1_11' title="bbox 369 1012 2011 1087; baseline 0.002 -20"><span class='ocrx_word' id='word_1_63' title='bbox 369 1012 589 1082; x_wconf 85' lang='lat' dir='ltr'>injuste</span> <span class='ocrx_word' id='word_1_64' title='bbox 620 1013 759 1084; x_wconf 86' lang='lat' dir='ltr'>agit,</span> <span class='ocrx_word' id='word_1_65' title='bbox 790 1019 943 1069; x_wconf 89' lang='lat' dir='ltr'>recte</span> <span class='ocrx_word' id='word_1_66' title='bbox 993 1032 1059 1069; x_wconf 89' lang='lat' dir='ltr'>ea</span> <span class='ocrx_word' id='word_1_67' title='bbox 1091 1019 1261 1069; x_wconf 88' lang='lat' dir='ltr'>utens</span> <span class='ocrx_word' id='word_1_68' title='bbox 1283 1015 1514 1086; x_wconf 86' lang='lat' dir='ltr'>justum</span> <span class='ocrx_word' id='word_1_69' title='bbox 1549 1016 1788 1087; x_wconf 83' lang='lat' dir='ltr'>peragit.</span> <span class='ocrx_word' id='word_1_70' title='bbox 1823 1018 1893 1070; x_wconf 92' lang='lat' dir='ltr'>At</span> <span class='ocrx_word' id='word_1_71' title='bbox 1924 1017 2011 1071; x_wconf 91' lang='lat' dir='ltr'>lu-</span> 
     </span>
    </p>
   </div>
   <div class='ocr_carea' id='block_1_12' title="bbox 368 1102 2013 1177">
    <p class='ocr_par' dir='ltr' id='par_1_12' title="bbox 368 1102 2013 1177">
     <span class='ocr_line' id='line_1_12' title="bbox 368 1102 2013 1177; baseline 0.002 -20"><span class='ocrx_word' id='word_1_72' title='bbox 368 1102 485 1157; x_wconf 90' lang='lat' dir='ltr'>ctui</span> <span class='ocrx_word' id='word_1_73' title='bbox 520 1119 753 1173; x_wconf 90' lang='lat' dir='ltr'>quoque</span> <span class='ocrx_word' id='word_1_74' title='bbox 783 1103 1025 1173; x_wconf 83' lang='lat' dir='ltr'>subjecti</span> <span class='ocrx_word' id='word_1_75' title='bbox 1060 1120 1284 1170; x_wconf 89' lang='lat' dir='ltr'>sumus,</span> <span class='ocrx_word' id='word_1_76' title='bbox 1319 1120 1434 1175; x_wconf 92' lang='lat' dir='ltr'>quo</span> <span class='ocrx_word' id='word_1_77' title='bbox 1465 1102 1681 1159; x_wconf 89' lang='lat' dir='ltr'>doloris</span> <span class='ocrx_word' id='word_1_78' title='bbox 1720 1121 1848 1160; x_wconf 92' lang='lat' dir='ltr'>esse</span> <span class='ocrx_word' id='word_1_79' title='bbox 1879 1122 2013 1177; x_wconf 86' lang='lat' dir='ltr'>pos-</span> 
     </span>
    </p>
   </div>
   <div class='ocr_carea' id='block_1_13' title="bbox 368 1191 2010 1264">
    <p class='ocr_par' dir='ltr' id='par_1_13' title="bbox 368 1191 2010 1264">
     <span class='ocr_line' id='line_1_13' title="bbox 368 1191 2010 1264; baseline 0.002 -17"><span class='ocrx_word' id='word_1_80' title='bbox 368 1191 555 1247; x_wconf 83' lang='lat' dir='ltr'>simus</span> <span class='ocrx_word' id='word_1_81' title='bbox 588 1191 900 1263; x_wconf 82' lang='lat' dir='ltr'>participes</span> <span class='ocrx_word' id='word_1_82' title='bbox 945 1193 1139 1247; x_wconf 88' lang='lat' dir='ltr'>obitus</span> <span class='ocrx_word' id='word_1_83' title='bbox 1186 1193 1670 1264; x_wconf 87' lang='lat' dir='ltr'>propinquorum,</span> <span class='ocrx_word' id='word_1_84' title='bbox 1726 1193 2010 1261; x_wconf 89' lang='lat' dir='ltr'>mulieris,</span> 
     </span>
    </p>
   </div>
   <div class='ocr_carea' id='block_1_14' title="bbox 364 1280 2001 1354">
    <p class='ocr_par' dir='ltr' id='par_1_14' title="bbox 364 1280 2001 1354">
     <span class='ocr_line' id='line_1_14' title="bbox 364 1280 2001 1354; baseline 0.003 -20"><span class='ocrx_word' id='word_1_85' title='bbox 364 1280 451 1335; x_wconf 88' lang='lat' dir='ltr'>vel</span> <span class='ocrx_word' id='word_1_86' title='bbox 486 1280 823 1343; x_wconf 88' lang='lat' dir='ltr'>liberorum,</span> <span class='ocrx_word' id='word_1_87' title='bbox 844 1280 930 1335; x_wconf 85' lang='lat' dir='ltr'>vel</span> <span class='ocrx_word' id='word_1_88' title='bbox 963 1282 1232 1347; x_wconf 82' lang='lat' dir='ltr'>fratrum,</span> <span class='ocrx_word' id='word_1_89' title='bbox 1259 1281 1347 1336; x_wconf 90' lang='lat' dir='ltr'>vel</span> <span class='ocrx_word' id='word_1_90' title='bbox 1371 1283 1722 1354; x_wconf 90' lang='lat' dir='ltr'>genitorum,</span> <span class='ocrx_word' id='word_1_91' title='bbox 1755 1283 1840 1338; x_wconf 88' lang='lat' dir='ltr'>vel</span> <span class='ocrx_word' id='word_1_92' title='bbox 1872 1284 2001 1339; x_wconf 25' lang='lat' dir='ltr'>amir</span> 
     </span>
    </p>
   </div>
   <div class='ocr_carea' id='block_1_15' title="bbox 364 1368 2011 1444">
    <p class='ocr_par' dir='ltr' id='par_1_15' title="bbox 364 1368 2011 1444">
     <span class='ocr_line' id='line_1_15' title="bbox 364 1368 2011 1444; baseline 0.004 -21"><span class='ocrx_word' id='word_1_93' title='bbox 364 1385 564 1424; x_wconf 88' lang='lat' dir='ltr'>corum</span> <span class='ocrx_word' id='word_1_94' title='bbox 600 1368 937 1425; x_wconf 85' lang='lat' dir='ltr'>aliorumve.</span> <span class='ocrx_word' id='word_1_95' title='bbox 987 1370 1528 1426; x_wconf 88' lang='lat' dir='ltr'>Commiserationis</span> <span class='ocrx_word' id='word_1_96' title='bbox 1560 1372 1716 1427; x_wconf 90' lang='lat' dir='ltr'>enim</span> <span class='ocrx_word' id='word_1_97' title='bbox 1748 1378 2011 1444; x_wconf 86' lang='lat' dir='ltr'>expertes</span> 
     </span>
    </p>
   </div>
   <div class='ocr_carea' id='block_1_16' title="bbox 366 1458 2012 1533">
    <p class='ocr_par' dir='ltr' id='par_1_16' title="bbox 366 1458 2012 1533">
     <span class='ocr_line' id='line_1_16' title="bbox 366 1458 2012 1533; baseline 0.002 -20"><span class='ocrx_word' id='word_1_98' title='bbox 366 1458 624 1514; x_wconf 90' lang='lat' dir='ltr'>hominis</span> <span class='ocrx_word' id='word_1_99' title='bbox 657 1464 924 1514; x_wconf 90' lang='lat' dir='ltr'>naturam</span> <span class='ocrx_word' id='word_1_100' title='bbox 950 1459 1335 1515; x_wconf 86' lang='lat' dir='ltr'>exuisscmus.</span> <span class='ocrx_word' id='word_1_101' title='bbox 1364 1460 1547 1515; x_wconf 89' lang='lat' dir='ltr'>Simul</span> <span class='ocrx_word' id='word_1_102' title='bbox 1573 1460 1793 1533; x_wconf 90' lang='lat' dir='ltr'>reliqua</span> <span class='ocrx_word' id='word_1_103' title='bbox 1814 1462 2012 1517; x_wconf 89' lang='lat' dir='ltr'>omnia</span> 
     </span>
    </p>
   </div>
   <div class='ocr_carea' id='block_1_17' title="bbox 364 1548 2009 1620">
    <p class='ocr_par' dir='ltr' id='par_1_17' title="bbox 364 1548 2009 1620">
     <span class='ocr_line' id='line_1_17' title="bbox 364 1548 2009 1620; baseline 0.004 -18"><span class='ocrx_word' id='word_1_104' title='bbox 364 1552 501 1619; x_wconf 89' lang='lat' dir='ltr'>apta</span> <span class='ocrx_word' id='word_1_105' title='bbox 530 1564 657 1604; x_wconf 89' lang='lat' dir='ltr'>esse</span> <span class='ocrx_word' id='word_1_106' title='bbox 691 1548 1075 1620; x_wconf 89' lang='lat' dir='ltr'>reperientur,</span> <span class='ocrx_word' id='word_1_107' title='bbox 1106 1549 1149 1605; x_wconf 94' lang='lat' dir='ltr'>si</span> <span class='ocrx_word' id='word_1_108' title='bbox 1182 1550 1626 1605; x_wconf 78' lang='lat' dir='ltr'>considerantur</span> <span class='ocrx_word' id='word_1_109' title='bbox 1650 1552 1821 1607; x_wconf 90' lang='lat' dir='ltr'>modo</span> <span class='ocrx_word' id='word_1_110' title='bbox 1854 1568 1886 1607; x_wconf 90' lang='lat' dir='ltr'>a</span> <span class='ocrx_word' id='word_1_111' title='bbox 1917 1569 2009 1608; x_wconf 87' lang='lat' dir='ltr'>me</span> 
     </span>
    </p>
   </div>
   <div class='ocr_carea' id='block_1_18' title="bbox 360 1637 637 1693">
    <p class='ocr_par' dir='ltr' id='par_1_18' title="bbox 360 1637 637 1693">
     <span class='ocr_line' id='line_1_18' title="bbox 360 1637 637 1693; baseline -0.004 0"><span class='ocrx_word' id='word_1_112' title='bbox 360 1637 637 1693; x_wconf 87' lang='lat' dir='ltr'>indicato.</span> 
     </span>
    </p>
   </div>
   <div class='ocr_carea' id='block_1_19' title="bbox 432 1727 2008 1802">
    <p class='ocr_par' dir='ltr' id='par_1_19' title="bbox 432 1727 2008 1802">
     <span class='ocr_line' id='line_1_19' title="bbox 432 1727 2008 1802; baseline 0.002 -19"><span class='ocrx_word' id='word_1_113' title='bbox 432 1727 600 1783; x_wconf 85' lang='lat' dir='ltr'><strong>XXII.</strong></span> <span class='ocrx_word' id='word_1_114' title='bbox 632 1728 780 1783; x_wconf 89' lang='lat' dir='ltr'>Tum</span> <span class='ocrx_word' id='word_1_115' title='bbox 815 1728 1013 1783; x_wconf 89' lang='lat' dir='ltr'>Simon</span> <span class='ocrx_word' id='word_1_116' title='bbox 1042 1746 1054 1784; x_wconf 95' lang='lat'>:</span> <span class='ocrx_word' id='word_1_117' title='bbox 1087 1730 1199 1784; x_wconf 91' lang='lat' dir='ltr'>Cur</span> <span class='ocrx_word' id='word_1_118' title='bbox 1229 1733 1427 1785; x_wconf 90' lang='lat' dir='ltr'>autem</span> <span class='ocrx_word' id='word_1_119' title='bbox 1474 1734 1530 1785; x_wconf 90' lang='lat' dir='ltr'>et</span> <span class='ocrx_word' id='word_1_120' title='bbox 1559 1729 1828 1785; x_wconf 87' lang='lat' dir='ltr'>homines</span> <span class='ocrx_word' id='word_1_121' title='bbox 1860 1747 2008 1802; x_wconf 66' lang='lat' dir='ltr'>pras-</span> 
     </span>
    </p>
   </div>
   <div class='ocr_carea' id='block_1_20' title="bbox 364 1818 2005 1891">
    <p class='ocr_par' dir='ltr' id='par_1_20' title="bbox 364 1818 2005 1891">
     <span class='ocr_line' id='line_1_20' title="bbox 364 1818 2005 1891; baseline 0.001 -18"><span class='ocrx_word' id='word_1_122' title='bbox 364 1821 594 1873; x_wconf 89' lang='lat' dir='ltr'>mature</span> <span class='ocrx_word' id='word_1_123' title='bbox 626 1818 977 1883; x_wconf 90' lang='lat' dir='ltr'>moriuntur,</span> <span class='ocrx_word' id='word_1_124' title='bbox 1011 1822 1068 1873; x_wconf 90' lang='lat' dir='ltr'>et</span> <span class='ocrx_word' id='word_1_125' title='bbox 1098 1818 1284 1873; x_wconf 91' lang='lat' dir='ltr'>morbi</span> <span class='ocrx_word' id='word_1_126' title='bbox 1311 1819 1587 1891; x_wconf 90' lang='lat' dir='ltr'>periodici</span> <span class='ocrx_word' id='word_1_127' title='bbox 1618 1820 1880 1886; x_wconf 91' lang='lat' dir='ltr'>veniunt,</span> <span class='ocrx_word' id='word_1_128' title='bbox 1916 1820 2005 1874; x_wconf 88' lang='lat' dir='ltr'>in-</span> 
     </span>
    </p>
   </div>
   <div class='ocr_carea' id='block_1_21' title="bbox 360 1906 2009 1977">
    <p class='ocr_par' dir='ltr' id='par_1_21' title="bbox 360 1906 2009 1977">
     <span class='ocr_line' id='line_1_21' title="bbox 360 1906 2009 1977; baseline 0.001 -16"><span class='ocrx_word' id='word_1_129' title='bbox 360 1921 539 1977; x_wconf 82' lang='lat' dir='ltr'>super</span> <span class='ocrx_word' id='word_1_130' title='bbox 586 1910 641 1960; x_wconf 93' lang='lat' dir='ltr'>et</span> <span class='ocrx_word' id='word_1_131' title='bbox 670 1906 982 1973; x_wconf 71' lang='lat' dir='ltr'>daemones,</span> <span class='ocrx_word' id='word_1_132' title='bbox 1018 1906 1257 1962; x_wconf 71' lang='lat' dir='ltr'>insania:</span> <span class='ocrx_word' id='word_1_133' title='bbox 1290 1912 1346 1962; x_wconf 92' lang='lat' dir='ltr'>et</span> <span class='ocrx_word' id='word_1_134' title='bbox 1391 1907 1756 1963; x_wconf 90' lang='lat' dir='ltr'>calamitates</span> <span class='ocrx_word' id='word_1_135' title='bbox 1815 1908 2009 1963; x_wconf 90' lang='lat' dir='ltr'>multi-</span> 
     </span>
    </p>
   </div>
   <div class='ocr_carea' id='block_1_22' title="bbox 363 1995 2010 2069">
    <p class='ocr_par' dir='ltr' id='par_1_22' title="bbox 363 1995 2010 2069">
     <span class='ocr_line' id='line_1_22' title="bbox 363 1995 2010 2069; baseline 0.002 -19"><span class='ocrx_word' id='word_1_136' title='bbox 363 1995 577 2050; x_wconf 81' lang='lat' dir='ltr'>formes</span> <span class='ocrx_word' id='word_1_137' title='bbox 596 2011 812 2066; x_wconf 89' lang='lat' dir='ltr'>magna</span> <span class='ocrx_word' id='word_1_138' title='bbox 829 1996 1150 2067; x_wconf 83' lang='lat' dir='ltr'>castigandi</span> <span class='ocrx_word' id='word_1_139' title='bbox 1174 1996 1444 2053; x_wconf 84' lang='lat' dir='ltr'>facultate</span> <span class='ocrx_word' id='word_1_140' title='bbox 1462 1997 1716 2069; x_wconf 64' lang='lat' dir='ltr'>praeditas</span> <span class='ocrx_word' id='word_1_141' title='bbox 1733 1998 2010 2053; x_wconf 86' lang='lat' dir='ltr'>exsistere</span> 
     </span>
    </p>
   </div>
   <div class='ocr_carea' id='block_1_23' title="bbox 366 2084 2008 2156">
    <p class='ocr_par' dir='ltr' id='par_1_23' title="bbox 366 2084 2008 2156">
     <span class='ocr_line' id='line_1_23' title="bbox 366 2084 2008 2156; baseline 0.003 -18"><span class='ocrx_word' id='word_1_142' title='bbox 366 2084 663 2156; x_wconf 83' lang='lat' dir='ltr'>pergunt?</span> <span class='ocrx_word' id='word_1_143' title='bbox 694 2085 930 2156; x_wconf 84' lang='lat' dir='ltr'>Excepit</span> <span class='ocrx_word' id='word_1_144' title='bbox 958 2086 1201 2141; x_wconf 89' lang='lat' dir='ltr'>Petrus:</span> <span class='ocrx_word' id='word_1_145' title='bbox 1255 2086 1402 2151; x_wconf 85' lang='lat' dir='ltr'>Quia</span> <span class='ocrx_word' id='word_1_146' title='bbox 1448 2086 1717 2143; x_wconf 91' lang='lat' dir='ltr'>homines</span> <span class='ocrx_word' id='word_1_147' title='bbox 1773 2088 2008 2143; x_wconf 88' lang='lat' dir='ltr'>omnino</span> 
     </span>
    </p>
   </div>
   <div class='ocr_carea' id='block_1_24' title="bbox 365 2173 2012 2247">
    <p class='ocr_par' dir='ltr' id='par_1_24' title="bbox 365 2173 2012 2247">
     <span class='ocr_line' id='line_1_24' title="bbox 365 2173 2012 2247; baseline 0.002 -19"><span class='ocrx_word' id='word_1_148' title='bbox 365 2173 594 2229; x_wconf 91' lang='lat' dir='ltr'>libidini</span> <span class='ocrx_word' id='word_1_149' title='bbox 630 2191 747 2228; x_wconf 74' lang='lat' dir='ltr'>sua:</span> <span class='ocrx_word' id='word_1_150' title='bbox 798 2174 1167 2247; x_wconf 75' lang='lat' dir='ltr'>indulgentes</span> <span class='ocrx_word' id='word_1_151' title='bbox 1214 2176 1640 2231; x_wconf 89' lang='lat' dir='ltr'>inconsiderate</span> <span class='ocrx_word' id='word_1_152' title='bbox 1691 2181 1922 2242; x_wconf 90' lang='lat' dir='ltr'>coeunt,</span> <span class='ocrx_word' id='word_1_153' title='bbox 1955 2180 2012 2232; x_wconf 89' lang='lat' dir='ltr'>et</span> 
     </span>
    </p>
   </div>
   <div class='ocr_carea' id='block_1_25' title="bbox 366 2263 2010 2337">
    <p class='ocr_par' dir='ltr' id='par_1_25' title="bbox 366 2263 2010 2337">
     <span class='ocr_line' id='line_1_25' title="bbox 366 2263 2010 2337; baseline 0 -18"><span class='ocrx_word' id='word_1_154' title='bbox 366 2263 450 2319; x_wconf 91' lang='lat' dir='ltr'>ita</span> <span class='ocrx_word' id='word_1_155' title='bbox 489 2263 816 2319; x_wconf 88' lang='lat' dir='ltr'>seminibus</span> <span class='ocrx_word' id='word_1_156' title='bbox 865 2263 1054 2320; x_wconf 90' lang='lat' dir='ltr'>alieno</span> <span class='ocrx_word' id='word_1_157' title='bbox 1104 2271 1362 2337; x_wconf 89' lang='lat' dir='ltr'>tempore</span> <span class='ocrx_word' id='word_1_158' title='bbox 1408 2266 1630 2337; x_wconf 90' lang='lat' dir='ltr'>sparsis</span> <span class='ocrx_word' id='word_1_159' title='bbox 1676 2282 1745 2321; x_wconf 85' lang='lat' dir='ltr'>ex</span> <span class='ocrx_word' id='word_1_160' title='bbox 1791 2270 2010 2320; x_wconf 64' lang='lat' dir='ltr'>natura:</span> 
     </span>
    </p>
   </div>
   <div class='ocr_carea' id='block_1_26' title="bbox 364 2351 2012 2426">
    <p class='ocr_par' dir='ltr' id='par_1_26' title="bbox 364 2351 2012 2426">
     <span class='ocr_line' id='line_1_26' title="bbox 364 2351 2012 2426; baseline 0.002 -19"><span class='ocrx_word' id='word_1_161' title='bbox 364 2351 560 2409; x_wconf 89' lang='lat' dir='ltr'>indole</span> <span class='ocrx_word' id='word_1_162' title='bbox 591 2352 1041 2409; x_wconf 90' lang='lat' dir='ltr'>innumerabilia</span> <span class='ocrx_word' id='word_1_163' title='bbox 1079 2358 1459 2426; x_wconf 89' lang='lat' dir='ltr'>procreantur</span> <span class='ocrx_word' id='word_1_164' title='bbox 1487 2354 1661 2410; x_wconf 90' lang='lat' dir='ltr'>mala.</span> <span class='ocrx_word' id='word_1_165' title='bbox 1713 2354 2012 2410; x_wconf 90' lang='lat' dir='ltr'>Debebant</span> 
     </span>
    </p>
   </div>
   <div class='ocr_carea' id='block_1_27' title="bbox 367 2442 2012 2516">
    <p class='ocr_par' dir='ltr' id='par_1_27' title="bbox 367 2442 2012 2516">
     <span class='ocr_line' id='line_1_27' title="bbox 367 2442 2012 2516; baseline 0.001 -19"><span class='ocrx_word' id='word_1_166' title='bbox 367 2442 565 2515; x_wconf 88' lang='lat' dir='ltr'>potius</span> <span class='ocrx_word' id='word_1_167' title='bbox 599 2447 887 2514; x_wconf 90' lang='lat' dir='ltr'>reputare,</span> <span class='ocrx_word' id='word_1_168' title='bbox 921 2443 1003 2497; x_wconf 87' lang='lat' dir='ltr'>uti</span> <span class='ocrx_word' id='word_1_169' title='bbox 1036 2448 1271 2515; x_wconf 89' lang='lat' dir='ltr'>tempus</span> <span class='ocrx_word' id='word_1_170' title='bbox 1301 2444 1603 2499; x_wconf 80' lang='lat' dir='ltr'>definitum</span> <span class='ocrx_word' id='word_1_171' title='bbox 1640 2443 1717 2499; x_wconf 86' lang='lat' dir='ltr'>sit</span> <span class='ocrx_word' id='word_1_172' title='bbox 1745 2446 1817 2499; x_wconf 92' lang='lat' dir='ltr'>ad</span> <span class='ocrx_word' id='word_1_173' title='bbox 1849 2443 2012 2516; x_wconf 90' lang='lat' dir='ltr'>plan-</span> 
     </span>
    </p>
   </div>
   <div class='ocr_carea' id='block_1_28' title="bbox 362 2531 2010 2605">
    <p class='ocr_par' dir='ltr' id='par_1_28' title="bbox 362 2531 2010 2605">
     <span class='ocr_line' id='line_1_28' title="bbox 362 2531 2010 2605; baseline 0.001 -18"><span class='ocrx_word' id='word_1_174' title='bbox 362 2531 609 2587; x_wconf 90' lang='lat' dir='ltr'>tandum</span> <span class='ocrx_word' id='word_1_175' title='bbox 641 2534 697 2586; x_wconf 90' lang='lat' dir='ltr'>et</span> <span class='ocrx_word' id='word_1_176' title='bbox 727 2531 1137 2587; x_wconf 88' lang='lat' dir='ltr'>seminandum</span> <span class='ocrx_word' id='word_1_177' title='bbox 1181 2538 1402 2605; x_wconf 88' lang='lat' dir='ltr'>aptum,</span> <span class='ocrx_word' id='word_1_178' title='bbox 1436 2534 1517 2589; x_wconf 90' lang='lat' dir='ltr'>ita</span> <span class='ocrx_word' id='word_1_179' title='bbox 1563 2538 1621 2589; x_wconf 92' lang='lat' dir='ltr'>et</span> <span class='ocrx_word' id='word_1_180' title='bbox 1662 2533 2010 2589; x_wconf 89' lang='lat' dir='ltr'>constitutos</span> 
     </span>
    </p>
   </div>
   <div class='ocr_carea' id='block_1_29' title="bbox 363 2619 2011 2694">
    <p class='ocr_par' dir='ltr' id='par_1_29' title="bbox 363 2619 2011 2694">
     <span class='ocr_line' id='line_1_29' title="bbox 363 2619 2011 2694; baseline 0.002 -19"><span class='ocrx_word' id='word_1_181' title='bbox 363 2619 546 2675; x_wconf 84' lang='lat' dir='ltr'>fuisse</span> <span class='ocrx_word' id='word_1_182' title='bbox 577 2620 701 2677; x_wconf 90' lang='lat' dir='ltr'>dies</span> <span class='ocrx_word' id='word_1_183' title='bbox 730 2621 802 2676; x_wconf 92' lang='lat' dir='ltr'>ad</span> <span class='ocrx_word' id='word_1_184' title='bbox 851 2621 1069 2677; x_wconf 90' lang='lat' dir='ltr'>coitum</span> <span class='ocrx_word' id='word_1_185' title='bbox 1102 2622 1360 2679; x_wconf 91' lang='lat' dir='ltr'>idoneos.</span> <span class='ocrx_word' id='word_1_186' title='bbox 1396 2623 1541 2679; x_wconf 88' lang='lat' dir='ltr'>Hinc</span> <span class='ocrx_word' id='word_1_187' title='bbox 1590 2627 1744 2679; x_wconf 90' lang='lat' dir='ltr'>certe</span> <span class='ocrx_word' id='word_1_188' title='bbox 1798 2622 2011 2694; x_wconf 87' lang='lat' dir='ltr'>aliquis</span> 
     </span>
    </p>
   </div>
   <div class='ocr_carea' id='block_1_30' title="bbox 368 2708 2010 2783">
    <p class='ocr_par' dir='ltr' id='par_1_30' title="bbox 368 2708 2010 2783">
     <span class='ocr_line' id='line_1_30' title="bbox 368 2708 2010 2783; baseline 0.001 -19"><span class='ocrx_word' id='word_1_189' title='bbox 368 2708 585 2781; x_wconf 87' lang='lat' dir='ltr'>Moysis</span> <span class='ocrx_word' id='word_1_190' title='bbox 613 2710 846 2766; x_wconf 88' lang='lat' dir='ltr'>traditis</span> <span class='ocrx_word' id='word_1_191' title='bbox 878 2711 1101 2781; x_wconf 92' lang='lat' dir='ltr'>peritus</span> <span class='ocrx_word' id='word_1_192' title='bbox 1141 2711 1422 2783; x_wconf 89' lang='lat' dir='ltr'>populum</span> <span class='ocrx_word' id='word_1_193' title='bbox 1454 2714 1525 2768; x_wconf 96' lang='lat' dir='ltr'>ob</span> <span class='ocrx_word' id='word_1_194' title='bbox 1557 2716 1795 2783; x_wconf 88' lang='lat' dir='ltr'>peccata</span> <span class='ocrx_word' id='word_1_195' title='bbox 1841 2729 2010 2768; x_wconf 92' lang='lat' dir='ltr'>accu-</span> 
     </span>
    </p>
   </div>
   <div class='ocr_carea' id='block_1_31' title="bbox 370 2798 2010 2868">
    <p class='ocr_par' dir='ltr' id='par_1_31' title="bbox 370 2798 2010 2868">
     <span class='ocr_line' id='line_1_31' title="bbox 370 2798 2010 2868; baseline 0.002 -14"><span class='ocrx_word' id='word_1_196' title='bbox 370 2814 531 2868; x_wconf 88' lang='lat' dir='ltr'>sans,</span> <span class='ocrx_word' id='word_1_197' title='bbox 566 2798 997 2854; x_wconf 89' lang='lat' dir='ltr'>noviluniorum</span> <span class='ocrx_word' id='word_1_198' title='bbox 1050 2803 1371 2856; x_wconf 91' lang='lat' dir='ltr'>secundum</span> <span class='ocrx_word' id='word_1_199' title='bbox 1404 2801 1601 2857; x_wconf 90' lang='lat' dir='ltr'>lunam</span> <span class='ocrx_word' id='word_1_200' title='bbox 1638 2806 1694 2857; x_wconf 90' lang='lat' dir='ltr'>et</span> <span class='ocrx_word' id='word_1_201' title='bbox 1739 2801 2010 2857; x_wconf 86' lang='lat' dir='ltr'>sabbato-</span> 
     </span>
    </p>
   </div>
   <div class='ocr_carea' id='block_1_32' title="bbox 371 2886 2011 2963">
    <p class='ocr_par' dir='ltr' id='par_1_32' title="bbox 371 2886 2011 2963">
     <span class='ocr_line' id='line_1_32' title="bbox 371 2886 2011 2963; baseline 0.002 -22"><span class='ocrx_word' id='word_1_202' title='bbox 371 2902 502 2941; x_wconf 90' lang='lat' dir='ltr'>rum</span> <span class='ocrx_word' id='word_1_203' title='bbox 531 2886 684 2942; x_wconf 82' lang='lat' dir='ltr'>filios</span> <span class='ocrx_word' id='word_1_204' title='bbox 714 2887 1064 2959; x_wconf 89' lang='lat' dir='ltr'>appellabat.</span> <span class='ocrx_word' id='word_1_205' title='bbox 1096 2891 1169 2944; x_wconf 91' lang='lat' dir='ltr'>At</span> <span class='ocrx_word' id='word_1_206' title='bbox 1207 2907 1337 2945; x_wconf 89' lang='lat' dir='ltr'>vero</span> <span class='ocrx_word' id='word_1_207' title='bbox 1383 2889 1441 2944; x_wconf 92' lang='lat' dir='ltr'>in</span> <span class='ocrx_word' id='word_1_208' title='bbox 1489 2890 1773 2963; x_wconf 90' lang='lat' dir='ltr'>principio</span> <span class='ocrx_word' id='word_1_209' title='bbox 1806 2890 2011 2945; x_wconf 91' lang='lat' dir='ltr'>mundi</span> 
     </span>
    </p>
   </div>
   <div class='ocr_carea' id='block_1_33' title="bbox 367 2974 2009 3051">
    <p class='ocr_par' dir='ltr' id='par_1_33' title="bbox 367 2974 2009 3051">
     <span class='ocr_line' id='line_1_33' title="bbox 367 2974 2009 3051; baseline 0.004 -20"><span class='ocrx_word' id='word_1_210' title='bbox 367 2974 637 3031; x_wconf 87' lang='lat' dir='ltr'>homines</span> <span class='ocrx_word' id='word_1_211' title='bbox 693 2982 752 3032; x_wconf 85' lang='lat' dir='ltr'>et</span> <span class='ocrx_word' id='word_1_212' title='bbox 806 2977 1044 3049; x_wconf 70' lang='lat' dir='ltr'>longrevi</span> <span class='ocrx_word' id='word_1_213' title='bbox 1101 2983 1267 3034; x_wconf 89' lang='lat' dir='ltr'>erant</span> <span class='ocrx_word' id='word_1_214' title='bbox 1337 2980 1641 3051; x_wconf 89' lang='lat' dir='ltr'>morbique</span> <span class='ocrx_word' id='word_1_215' title='bbox 1698 2980 2009 3038; x_wconf 90' lang='lat' dir='ltr'>immunes.</span> 
     </span>
    </p>
   </div>
   <div class='ocr_carea' id='block_1_34' title="bbox 372 3063 2011 3137">
    <p class='ocr_par' dir='ltr' id='par_1_34' title="bbox 372 3063 2011 3137">
     <span class='ocr_line' id='line_1_34' title="bbox 372 3063 2011 3137; baseline 0.003 -19"><span class='ocrx_word' id='word_1_216' title='bbox 372 3063 483 3119; x_wconf 90' lang='lat' dir='ltr'>Sed</span> <span class='ocrx_word' id='word_1_217' title='bbox 518 3080 627 3118; x_wconf 90' lang='lat' dir='ltr'>usu</span> <span class='ocrx_word' id='word_1_218' title='bbox 652 3064 1011 3137; x_wconf 85' lang='lat' dir='ltr'>negligenter</span> <span class='ocrx_word' id='word_1_219' title='bbox 1029 3066 1322 3135; x_wconf 87' lang='lat' dir='ltr'>derelicto,</span> <span class='ocrx_word' id='word_1_220' title='bbox 1354 3068 1455 3123; x_wconf 78' lang='lat' dir='ltr'>filii</span> <span class='ocrx_word' id='word_1_221' title='bbox 1487 3068 1721 3123; x_wconf 90' lang='lat' dir='ltr'>illorum</span> <span class='ocrx_word' id='word_1_222' title='bbox 1750 3068 2011 3123; x_wconf 87' lang='lat' dir='ltr'>vicissim</span> 
     </span>
    </p>
   </div>
   <div class='ocr_carea' id='block_1_35' title="bbox 368 3151 2011 3226">
    <p class='ocr_par' dir='ltr' id='par_1_35' title="bbox 368 3151 2011 3226">
     <span class='ocr_line' id='line_1_35' title="bbox 368 3151 2011 3226; baseline 0.001 -18"><span class='ocrx_word' id='word_1_223' title='bbox 368 3151 442 3208; x_wconf 90' lang='lat' dir='ltr'>ob</span> <span class='ocrx_word' id='word_1_224' title='bbox 474 3152 885 3223; x_wconf 86' lang='lat' dir='ltr'>ignorantiam,</span> <span class='ocrx_word' id='word_1_225' title='bbox 920 3160 983 3211; x_wconf 93' lang='lat' dir='ltr'>ut</span> <span class='ocrx_word' id='word_1_226' title='bbox 1014 3173 1125 3211; x_wconf 91' lang='lat' dir='ltr'>non</span> <span class='ocrx_word' id='word_1_227' title='bbox 1165 3156 1348 3225; x_wconf 88' lang='lat' dir='ltr'>licuit,</span> <span class='ocrx_word' id='word_1_228' title='bbox 1382 3158 1695 3213; x_wconf 89' lang='lat' dir='ltr'>miscentes</span> <span class='ocrx_word' id='word_1_229' title='bbox 1725 3174 1808 3226; x_wconf 90' lang='lat' dir='ltr'>se,</span> <span class='ocrx_word' id='word_1_230' title='bbox 1842 3157 2011 3211; x_wconf 89' lang='lat' dir='ltr'>innu-</span> 
     </span>
    </p>
   </div>
   <div class='ocr_carea' id='block_1_36' title="bbox 369 3228 2085 3302">
    <p class='ocr_par' dir='ltr' id='par_1_36' title="bbox 369 3228 2085 3302">
     <span class='ocr_line' id='line_1_36' title="bbox 369 3228 2085 3302; baseline 0.002 -5"><span class='ocrx_word' id='word_1_231' title='bbox 369 3242 753 3298; x_wconf 89' lang='lat' dir='ltr'>merabilibus</span> <span class='ocrx_word' id='word_1_232' title='bbox 775 3243 1207 3301; x_wconf 89' lang='lat' dir='ltr'>calamitatibus</span> <span class='ocrx_word' id='word_1_233' title='bbox 1238 3246 1451 3302; x_wconf 87' lang='lat' dir='ltr'>liberos</span> <span class='ocrx_word' id='word_1_234' title='bbox 1474 3264 1611 3302; x_wconf 88' lang='lat' dir='ltr'>suos</span> <span class='ocrx_word' id='word_1_235' title='bbox 1634 3246 2013 3302; x_wconf 90' lang='lat' dir='ltr'>reddiderunt</span> <span class='ocrx_word' id='word_1_236' title='bbox 2042 3228 2085 3295; x_wconf 70' lang='grc' dir='ltr'>α</span> 
     </span>
    </p>
   </div>
   <div class='ocr_carea' id='block_1_37' title="bbox 329 3330 2015 3406">
    <p class='ocr_par' dir='ltr' id='par_1_37' title="bbox 329 3330 2015 3406">
     <span class='ocr_line' id='line_1_37' title="bbox 329 3330 2015 3406; baseline 0.001 -20"><span class='ocrx_word' id='word_1_237' title='bbox 329 3392 335 3397; x_wconf 57' lang='grc'>,</span> <span class='ocrx_word' id='word_1_238' title='bbox 371 3330 671 3386; x_wconf 85' lang='lat' dir='ltr'>obnoxios.</span> <span class='ocrx_word' id='word_1_239' title='bbox 705 3333 891 3397; x_wconf 89' lang='lat' dir='ltr'>Quare</span> <span class='ocrx_word' id='word_1_240' title='bbox 939 3338 994 3387; x_wconf 92' lang='lat' dir='ltr'>et</span> <span class='ocrx_word' id='word_1_241' title='bbox 1025 3333 1304 3406; x_wconf 86' lang='lat' dir='ltr'>magister</span> <span class='ocrx_word' id='word_1_242' title='bbox 1348 3340 1546 3390; x_wconf 89' lang='lat' dir='ltr'>noster</span> <span class='ocrx_word' id='word_1_243' title='bbox 1590 3336 1660 3390; x_wconf 90' lang='lat' dir='ltr'>de</span> <span class='ocrx_word' id='word_1_244' title='bbox 1702 3334 1821 3403; x_wconf 92' lang='lat' dir='ltr'>illo,</span> <span class='ocrx_word' id='word_1_245' title='bbox 1855 3334 2015 3406; x_wconf 88' lang='lat' dir='ltr'>quia</span> 
     </span>
    </p>
   </div>
   <div class='ocr_carea' id='block_1_38' title="bbox 375 3420 2015 3495">
    <p class='ocr_par' dir='ltr' id='par_1_38' title="bbox 375 3420 2015 3495">
     <span class='ocr_line' id='line_1_38' title="bbox 375 3420 2015 3495; baseline 0.002 -21"><span class='ocrx_word' id='word_1_246' title='bbox 375 3420 677 3475; x_wconf 88' lang='lat' dir='ltr'>nativitate</span> <span class='ocrx_word' id='word_1_247' title='bbox 708 3437 895 3477; x_wconf 73' lang='lat' dir='ltr'>caecus</span> <span class='ocrx_word' id='word_1_248' title='bbox 925 3428 1046 3477; x_wconf 91' lang='lat' dir='ltr'>erat</span> <span class='ocrx_word' id='word_1_249' title='bbox 1076 3428 1132 3477; x_wconf 91' lang='lat' dir='ltr'>et</span> <span class='ocrx_word' id='word_1_250' title='bbox 1162 3440 1261 3495; x_wconf 89' lang='lat' dir='ltr'>per</span> <span class='ocrx_word' id='word_1_251' title='bbox 1290 3440 1425 3479; x_wconf 92' lang='lat' dir='ltr'>eum</span> <span class='ocrx_word' id='word_1_252' title='bbox 1460 3424 1622 3491; x_wconf 89' lang='lat' dir='ltr'>vidit,</span> <span class='ocrx_word' id='word_1_253' title='bbox 1656 3424 2015 3495; x_wconf 86' lang='lat' dir='ltr'>interrogan-</span> 
     </span>
    </p>
   </div>
   <div class='ocr_carea' id='block_1_39' title="bbox 374 3507 2017 3585">
    <p class='ocr_par' dir='ltr' id='par_1_39' title="bbox 374 3507 2017 3585">
     <span class='ocr_line' id='line_1_39' title="bbox 374 3507 2017 3585; baseline 0.002 -21"><span class='ocrx_word' id='word_1_254' title='bbox 374 3507 554 3576; x_wconf 83' lang='lat' dir='ltr'>tibus,</span> <span class='ocrx_word' id='word_1_255' title='bbox 588 3514 785 3565; x_wconf 89' lang='lat' dir='ltr'>utrum</span> <span class='ocrx_word' id='word_1_256' title='bbox 832 3511 925 3565; x_wconf 91' lang='lat' dir='ltr'>hic</span> <span class='ocrx_word' id='word_1_257' title='bbox 955 3514 1274 3584; x_wconf 87' lang='lat' dir='ltr'>peccaverit</span> <span class='ocrx_word' id='word_1_258' title='bbox 1326 3530 1399 3567; x_wconf 90' lang='lat' dir='ltr'>an</span> <span class='ocrx_word' id='word_1_259' title='bbox 1432 3513 1724 3585; x_wconf 89' lang='lat' dir='ltr'>genitores</span> <span class='ocrx_word' id='word_1_260' title='bbox 1770 3514 1918 3582; x_wconf 84' lang='lat' dir='ltr'>ejus,</span> <span class='ocrx_word' id='word_1_261' title='bbox 1951 3517 2017 3567; x_wconf 92' lang='lat' dir='ltr'>ut</span> 
     </span>
    </p>
   </div>
   <div class='ocr_carea' id='block_1_40' title="bbox 374 3602 2016 3673">
    <p class='ocr_par' dir='ltr' id='par_1_40' title="bbox 374 3602 2016 3673">
     <span class='ocr_line' id='line_1_40' title="bbox 374 3602 2016 3673; baseline 0.004 -22"><span class='ocrx_word' id='word_1_262' title='bbox 374 3613 562 3652; x_wconf 68' lang='lat' dir='ltr'>caecus</span> <span class='ocrx_word' id='word_1_263' title='bbox 596 3605 950 3667; x_wconf 88' lang='lat' dir='ltr'>nasceretur,</span> <span class='ocrx_word' id='word_1_264' title='bbox 985 3602 1319 3672; x_wconf 89' lang='lat' dir='ltr'>respondit:</span> <span class='ocrx_word' id='word_1_265' title='bbox 1353 3603 1551 3673; x_wconf 91' lang='lat' dir='ltr'>Neque</span> <span class='ocrx_word' id='word_1_266' title='bbox 1590 3602 1683 3657; x_wconf 89' lang='lat' dir='ltr'>hic</span> <span class='ocrx_word' id='word_1_267' title='bbox 1735 3602 1793 3657; x_wconf 93' lang='lat' dir='ltr'>in</span> <span class='ocrx_word' id='word_1_268' title='bbox 1824 3602 2016 3672; x_wconf 89' lang='lat' dir='ltr'>aliquo</span> 
     </span>
    </p>
   </div>
   <div class='ocr_carea' id='block_1_41' title="bbox 376 3686 2015 3763">
    <p class='ocr_par' dir='ltr' id='par_1_41' title="bbox 376 3686 2015 3763">
     <span class='ocr_line' id='line_1_41' title="bbox 376 3686 2015 3763; baseline 0.002 -21"><span class='ocrx_word' id='word_1_269' title='bbox 376 3686 653 3759; x_wconf 88' lang='lat' dir='ltr'>peccavit,</span> <span class='ocrx_word' id='word_1_270' title='bbox 680 3704 867 3760; x_wconf 90' lang='lat' dir='ltr'>neque</span> <span class='ocrx_word' id='word_1_271' title='bbox 889 3691 1016 3760; x_wconf 84' lang='lat' dir='ltr'>ejus</span> <span class='ocrx_word' id='word_1_272' title='bbox 1048 3691 1360 3763; x_wconf 88' lang='lat' dir='ltr'>genitores,</span> <span class='ocrx_word' id='word_1_273' title='bbox 1413 3692 1512 3746; x_wconf 91' lang='lat' dir='ltr'>sed</span> <span class='ocrx_word' id='word_1_274' title='bbox 1548 3696 1611 3746; x_wconf 92' lang='lat' dir='ltr'>ut</span> <span class='ocrx_word' id='word_1_275' title='bbox 1642 3692 1698 3745; x_wconf 93' lang='lat' dir='ltr'>in</span> <span class='ocrx_word' id='word_1_276' title='bbox 1732 3708 1797 3747; x_wconf 92' lang='lat' dir='ltr'>eo</span> <span class='ocrx_word' id='word_1_277' title='bbox 1830 3692 2015 3746; x_wconf 91' lang='lat' dir='ltr'>mani-</span> 
     </span>
    </p>
   </div>
   <div class='ocr_carea' id='block_1_42' title="bbox 371 3776 2019 3853">
    <p class='ocr_par' dir='ltr' id='par_1_42' title="bbox 371 3776 2019 3853">
     <span class='ocr_line' id='line_1_42' title="bbox 371 3776 2019 3853; baseline 0.002 -22"><span class='ocrx_word' id='word_1_278' title='bbox 371 3776 685 3832; x_wconf 85' lang='lat' dir='ltr'>festaretur</span> <span class='ocrx_word' id='word_1_279' title='bbox 743 3777 841 3832; x_wconf 89' lang='lat' dir='ltr'>Dei</span> <span class='ocrx_word' id='word_1_280' title='bbox 893 3784 1171 3851; x_wconf 86' lang='lat' dir='ltr'>potestas,</span> <span class='ocrx_word' id='word_1_281' title='bbox 1230 3796 1359 3853; x_wconf 68' lang='lat' dir='ltr'>quae</span> <span class='ocrx_word' id='word_1_282' title='bbox 1404 3781 1745 3851; x_wconf 66' lang='lat' dir='ltr'>ignorantiae</span> <span class='ocrx_word' id='word_1_283' title='bbox 1785 3784 2019 3851; x_wconf 89' lang='lat' dir='ltr'>peccata</span> 
     </span>
    </p>
   </div>
   <div class='ocr_carea' id='block_1_43' title="bbox 371 3866 2017 3941">
    <p class='ocr_par' dir='ltr' id='par_1_43' title="bbox 371 3866 2017 3941">
     <span class='ocr_line' id='line_1_43' title="bbox 371 3866 2017 3941; baseline 0.001 -21"><span class='ocrx_word' id='word_1_284' title='bbox 371 3869 542 3920; x_wconf 87' lang='lat' dir='ltr'>sanat</span> <span class='ocrx_word' id='word_1_285' title='bbox 571 3866 669 3937; x_wconf 89' lang='lat' dir='ltr'>(a).</span> <span class='ocrx_word' id='word_1_286' title='bbox 717 3868 796 3922; x_wconf 89' lang='lat' dir='ltr'>Ac</span> <span class='ocrx_word' id='word_1_287' title='bbox 826 3870 1083 3938; x_wconf 90' lang='lat' dir='ltr'>profecto</span> <span class='ocrx_word' id='word_1_288' title='bbox 1128 3868 1471 3941; x_wconf 82' lang='lat' dir='ltr'>ignorantiae</span> <span class='ocrx_word' id='word_1_289' title='bbox 1521 3885 1698 3924; x_wconf 91' lang='lat' dir='ltr'>causa</span> <span class='ocrx_word' id='word_1_290' title='bbox 1726 3869 2017 3939; x_wconf 89' lang='lat' dir='ltr'>ejusmodi</span> 
     </span>
    </p>
   </div>
   <div class='ocr_carea' id='block_1_44' title="bbox 371 3954 2020 4030">
    <p class='ocr_par' dir='ltr' id='par_1_44' title="bbox 371 3954 2020 4030">
     <span class='ocr_line' id='line_1_44' title="bbox 371 3954 2020 4030; baseline 0.003 -24"><span class='ocrx_word' id='word_1_291' title='bbox 371 3967 463 4007; x_wconf 86' lang='lat' dir='ltr'>res</span> <span class='ocrx_word' id='word_1_292' title='bbox 495 3954 786 4023; x_wconf 90' lang='lat' dir='ltr'>eveniunt,</span> <span class='ocrx_word' id='word_1_293' title='bbox 814 3956 966 4026; x_wconf 90' lang='lat' dir='ltr'>quod</span> <span class='ocrx_word' id='word_1_294' title='bbox 999 3956 1264 4012; x_wconf 91' lang='lat' dir='ltr'>videlicet</span> <span class='ocrx_word' id='word_1_295' title='bbox 1294 3958 1593 4030; x_wconf 88' lang='lat' dir='ltr'>ignoretur</span> <span class='ocrx_word' id='word_1_296' title='bbox 1623 3958 1857 4029; x_wconf 90' lang='lat' dir='ltr'>quando</span> <span class='ocrx_word' id='word_1_297' title='bbox 1888 3973 2020 4013; x_wconf 89' lang='lat' dir='ltr'>con-</span> 
     </span>
    </p>
   </div>
   <div class='ocr_carea' id='block_1_45' title="bbox 367 4040 2018 4117">
    <p class='ocr_par' dir='ltr' id='par_1_45' title="bbox 367 4040 2018 4117">
     <span class='ocr_line' id='line_1_45' title="bbox 367 4040 2018 4117; baseline 0.004 -23"><span class='ocrx_word' id='word_1_298' title='bbox 367 4040 512 4112; x_wconf 90' lang='lat' dir='ltr'>juge</span> <span class='ocrx_word' id='word_1_299' title='bbox 542 4042 625 4097; x_wconf 91' lang='lat' dir='ltr'>uti</span> <span class='ocrx_word' id='word_1_300' title='bbox 658 4048 939 4115; x_wconf 86' lang='lat' dir='ltr'>oporteat,</span> <span class='ocrx_word' id='word_1_301' title='bbox 972 4050 1028 4100; x_wconf 89' lang='lat' dir='ltr'>et</span> <span class='ocrx_word' id='word_1_302' title='bbox 1060 4063 1132 4101; x_wconf 91' lang='lat' dir='ltr'>an</span> <span class='ocrx_word' id='word_1_303' title='bbox 1168 4046 1349 4101; x_wconf 89' lang='lat' dir='ltr'>libera</span> <span class='ocrx_word' id='word_1_304' title='bbox 1378 4047 1454 4101; x_wconf 88' lang='lat' dir='ltr'>sit</span> <span class='ocrx_word' id='word_1_305' title='bbox 1484 4064 1518 4101; x_wconf 93' lang='lat' dir='ltr'>a</span> <span class='ocrx_word' id='word_1_306' title='bbox 1567 4051 1865 4102; x_wconf 88' lang='lat' dir='ltr'>menstrua</span> <span class='ocrx_word' id='word_1_307' title='bbox 1892 4045 2018 4117; x_wconf 87' lang='lat' dir='ltr'>pol-</span> 
     </span>
    </p>
   </div>
   <div class='ocr_carea' id='block_1_46' title="bbox 378 4129 2020 4208">
    <p class='ocr_par' dir='ltr' id='par_1_46' title="bbox 378 4129 2020 4208">
     <span class='ocr_line' id='line_1_46' title="bbox 378 4129 2020 4208; baseline 0.004 -23"><span class='ocrx_word' id='word_1_308' title='bbox 378 4129 618 4186; x_wconf 89' lang='lat' dir='ltr'>lutione.</span> <span class='ocrx_word' id='word_1_309' title='bbox 641 4133 765 4188; x_wconf 87' lang='lat' dir='ltr'>Jam</span> <span class='ocrx_word' id='word_1_310' title='bbox 789 4149 921 4190; x_wconf 91' lang='lat' dir='ltr'>vero</span> <span class='ocrx_word' id='word_1_311' title='bbox 942 4134 1324 4204; x_wconf 89' lang='lat' dir='ltr'>calamitates,</span> <span class='ocrx_word' id='word_1_312' title='bbox 1376 4153 1623 4208; x_wconf 91' lang='lat' dir='ltr'>quarum</span> <span class='ocrx_word' id='word_1_313' title='bbox 1657 4140 1827 4191; x_wconf 89' lang='lat' dir='ltr'>antea</span> <span class='ocrx_word' id='word_1_314' title='bbox 1857 4152 2020 4191; x_wconf 90' lang='lat' dir='ltr'>men-</span> 
     </span>
    </p>
   </div>
   <div class='ocr_carea' id='block_1_47' title="bbox 379 4217 2021 4295">
    <p class='ocr_par' dir='ltr' id='par_1_47' title="bbox 379 4217 2021 4295">
     <span class='ocr_line' id='line_1_47' title="bbox 379 4217 2021 4295; baseline 0.004 -22"><span class='ocrx_word' id='word_1_315' title='bbox 379 4217 598 4274; x_wconf 89' lang='lat' dir='ltr'>tionem</span> <span class='ocrx_word' id='word_1_316' title='bbox 622 4220 828 4289; x_wconf 81' lang='lat' dir='ltr'>fecisti,</span> <span class='ocrx_word' id='word_1_317' title='bbox 852 4238 919 4277; x_wconf 84' lang='lat' dir='ltr'>ex</span> <span class='ocrx_word' id='word_1_318' title='bbox 942 4223 1271 4294; x_wconf 89' lang='lat' dir='ltr'>ignorantia</span> <span class='ocrx_word' id='word_1_319' title='bbox 1293 4226 1658 4295; x_wconf 89' lang='lat' dir='ltr'>proveniunt,</span> <span class='ocrx_word' id='word_1_320' title='bbox 1680 4242 1793 4280; x_wconf 94' lang='lat' dir='ltr'>non</span> <span class='ocrx_word' id='word_1_321' title='bbox 1816 4240 1845 4279; x_wconf 92' lang='lat' dir='ltr'>e</span> <span class='ocrx_word' id='word_1_322' title='bbox 1869 4224 2021 4280; x_wconf 91' lang='lat' dir='ltr'>malo</span> 
     </span>
    </p>
   </div>
   <div class='ocr_carea' id='block_1_48' title="bbox 380 4310 2023 4385">
    <p class='ocr_par' dir='ltr' id='par_1_48' title="bbox 380 4310 2023 4385">
     <span class='ocr_line' id='line_1_48' title="bbox 380 4310 2023 4385; baseline 0.004 -24"><span class='ocrx_word' id='word_1_323' title='bbox 380 4312 634 4379; x_wconf 88' lang='lat' dir='ltr'>peracto.</span> <span class='ocrx_word' id='word_1_324' title='bbox 662 4311 921 4365; x_wconf 88' lang='lat' dir='ltr'>Concede</span> <span class='ocrx_word' id='word_1_325' title='bbox 950 4310 1193 4384; x_wconf 90' lang='lat' dir='ltr'>insuper</span> <span class='ocrx_word' id='word_1_326' title='bbox 1236 4330 1347 4368; x_wconf 91' lang='lat' dir='ltr'>non</span> <span class='ocrx_word' id='word_1_327' title='bbox 1382 4318 1716 4385; x_wconf 89' lang='lat' dir='ltr'>peccantem</span> <span class='ocrx_word' id='word_1_328' title='bbox 1746 4319 1802 4369; x_wconf 92' lang='lat' dir='ltr'>et</span> <span class='ocrx_word' id='word_1_329' title='bbox 1830 4312 2023 4384; x_wconf 88' lang='lat' dir='ltr'>accipe</span> 
     </span>
    </p>
   </div>
   <div class='ocr_carea' id='block_1_49' title="bbox 380 4397 2023 4474">
    <p class='ocr_par' dir='ltr' id='par_1_49' title="bbox 380 4397 2023 4474">
     <span class='ocr_line' id='line_1_49' title="bbox 380 4397 2023 4474; baseline 0.003 -23"><span class='ocrx_word' id='word_1_330' title='bbox 380 4413 496 4451; x_wconf 90' lang='lat' dir='ltr'>non</span> <span class='ocrx_word' id='word_1_331' title='bbox 529 4397 869 4469; x_wconf 89' lang='lat' dir='ltr'>patientem,</span> <span class='ocrx_word' id='word_1_332' title='bbox 892 4404 1062 4471; x_wconf 90' lang='lat' dir='ltr'>atque</span> <span class='ocrx_word' id='word_1_333' title='bbox 1082 4401 1258 4456; x_wconf 90' lang='lat' dir='ltr'>etiam</span> <span class='ocrx_word' id='word_1_334' title='bbox 1282 4401 1428 4457; x_wconf 87' lang='lat' dir='ltr'>alios</span> <span class='ocrx_word' id='word_1_335' title='bbox 1450 4402 1703 4474; x_wconf 89' lang='lat' dir='ltr'>patiendi</span> <span class='ocrx_word' id='word_1_336' title='bbox 1728 4402 2023 4457; x_wconf 87' lang='lat' dir='ltr'>immunes</span> 
     </span>
    </p>
   </div>
   <div class='ocr_carea' id='block_1_50' title="bbox 380 4485 2024 4563">
    <p class='ocr_par' dir='ltr' id='par_1_50' title="bbox 380 4485 2024 4563">
     <span class='ocr_line' id='line_1_50' title="bbox 380 4485 2024 4563; baseline 0.004 -25"><span class='ocrx_word' id='word_1_337' title='bbox 380 4485 453 4539; x_wconf 91' lang='lat' dir='ltr'>ad</span> <span class='ocrx_word' id='word_1_338' title='bbox 483 4486 533 4540; x_wconf 92' lang='lat' dir='ltr'>ei</span> <span class='ocrx_word' id='word_1_339' title='bbox 566 4488 936 4545; x_wconf 89' lang='lat' dir='ltr'>serviendum</span> <span class='ocrx_word' id='word_1_340' title='bbox 978 4495 1147 4561; x_wconf 89' lang='lat' dir='ltr'>aptos</span> <span class='ocrx_word' id='word_1_341' title='bbox 1198 4491 1475 4547; x_wconf 89' lang='lat' dir='ltr'>invenies.</span> <span class='ocrx_word' id='word_1_342' title='bbox 1528 4491 1789 4563; x_wconf 81' lang='lat' dir='ltr'>Exempli</span> <span class='ocrx_word' id='word_1_343' title='bbox 1835 4490 2024 4563; x_wconf 90' lang='lat' dir='ltr'>gratia</span> 
     </span>
    </p>
   </div>
   <div class='ocr_carea' id='block_1_51' title="bbox 2127 564 3733 645">
    <p class='ocr_par' dir='ltr' id='par_1_51' title="bbox 2127 564 3733 645">
     <span class='ocr_line' id='line_1_51' title="bbox 2127 564 3733 645; baseline 0.005 -20"><span class='ocrx_word' id='word_1_344' title='bbox 2127 564 2329 641; x_wconf 72' lang='grc' dir='ltr'>ἀσεϐεῖ,</span> <span class='ocrx_word' id='word_1_345' title='bbox 2360 570 2495 645; x_wconf 81' lang='grc' dir='ltr'>πρὸς</span> <span class='ocrx_word' id='word_1_346' title='bbox 2548 570 2799 645; x_wconf 76' lang='grc' dir='ltr'>μοιχείαν</span> <span class='ocrx_word' id='word_1_347' title='bbox 2843 568 2899 625; x_wconf 70' lang='grc' dir='ltr'>δὲ</span> <span class='ocrx_word' id='word_1_348' title='bbox 2948 571 3133 645; x_wconf 77' lang='grc' dir='ltr'>ὁρμῶν</span> <span class='ocrx_word' id='word_1_349' title='bbox 3181 574 3225 609; x_wconf 73' lang='lat'><strong><em>59</em></strong></span> <span class='ocrx_word' id='word_1_350' title='bbox 3254 568 3507 641; x_wconf 75' lang='grc' dir='ltr'>δυσσεϐεῖ,</span> <span class='ocrx_word' id='word_1_351' title='bbox 3534 575 3617 629; x_wconf 82' lang='grc' dir='ltr'>καὶ</span> <span class='ocrx_word' id='word_1_352' title='bbox 3657 574 3733 633; x_wconf 80' lang='grc' dir='ltr'>διὰ</span> 
     </span>
    </p>
   </div>
   <div class='ocr_carea' id='block_1_52' title="bbox 2125 657 3731 739">
    <p class='ocr_par' dir='ltr' id='par_1_52' title="bbox 2125 657 3731 739">
     <span class='ocr_line' id='line_1_52' title="bbox 2125 657 3731 739; baseline 0.004 -25"><span class='ocrx_word' id='word_1_353' title='bbox 2125 664 2286 714; x_wconf 88' lang='grc' dir='ltr'>τοῦτο</span> <span class='ocrx_word' id='word_1_354' title='bbox 2314 664 2658 735; x_wconf 74' lang='grc' dir='ltr'>τιμωρεῖται,</span> <span class='ocrx_word' id='word_1_355' title='bbox 2700 657 2782 713; x_wconf 78' lang='grc' dir='ltr'>ὅτι</span> <span class='ocrx_word' id='word_1_356' title='bbox 2832 664 2911 732; x_wconf 82' lang='grc' dir='ltr'>τῷ</span> <span class='ocrx_word' id='word_1_357' title='bbox 2938 662 2984 697; x_wconf 78' lang='grc' dir='ltr'>⁷ο</span> <span class='ocrx_word' id='word_1_358' title='bbox 3011 658 3194 723; x_wconf 88' lang='grc' dir='ltr'>καλῶς</span> <span class='ocrx_word' id='word_1_359' title='bbox 3242 660 3439 724; x_wconf 76' lang='grc' dir='ltr'>τεθέντι</span> <span class='ocrx_word' id='word_1_360' title='bbox 3488 662 3731 739; x_wconf 77' lang='grc' dir='ltr'>ἐχρήσατο</span> 
     </span>
    </p>
   </div>
   <div class='ocr_carea' id='block_1_53' title="bbox 2125 748 3730 831">
    <p class='ocr_par' dir='ltr' id='par_1_53' title="bbox 2125 748 3730 831">
     <span class='ocr_line' id='line_1_53' title="bbox 2125 748 3730 831; baseline 0.003 -28"><span class='ocrx_word' id='word_1_361' title='bbox 2125 753 2457 809; x_wconf 87' lang='grc' dir='ltr'>κακῶς.’Έτι</span> <span class='ocrx_word' id='word_1_362' title='bbox 2480 768 2537 802; x_wconf 90' lang='grc' dir='ltr'>τε</span> <span class='ocrx_word' id='word_1_363' title='bbox 2559 748 2767 821; x_wconf 85' lang='grc' dir='ltr'>ὁμοίως</span> <span class='ocrx_word' id='word_1_364' title='bbox 2794 751 2828 818; x_wconf 77' lang='grc' dir='ltr'>ἡ</span> <span class='ocrx_word' id='word_1_365' title='bbox 2865 748 3000 825; x_wconf 76' lang='grc' dir='ltr'>όργὴ</span> <span class='ocrx_word' id='word_1_366' title='bbox 3032 748 3082 804; x_wconf 71' lang='grc' dir='ltr'>ἐν</span> <span class='ocrx_word' id='word_1_367' title='bbox 3112 752 3244 821; x_wconf 80' lang='grc' dir='ltr'>ἡμῖν</span> <span class='ocrx_word' id='word_1_368' title='bbox 3274 749 3567 823; x_wconf 77' lang='grc' dir='ltr'>ἐξάπτεσθαι</span> <span class='ocrx_word' id='word_1_369' title='bbox 3596 752 3730 831; x_wconf 51' lang='lat' dir='ltr'>etim</span> 
     </span>
    </p>
   </div>
   <div class='ocr_carea' id='block_1_54' title="bbox 2127 833 3732 915">
    <p class='ocr_par' dir='ltr' id='par_1_54' title="bbox 2127 833 3732 915">
     <span class='ocr_line' id='line_1_54' title="bbox 2127 833 3732 915; baseline 0.002 -25"><span class='ocrx_word' id='word_1_370' title='bbox 2127 834 2271 912; x_wconf 76' lang='grc' dir='ltr'>ἔχειν</span> <span class='ocrx_word' id='word_1_371' title='bbox 2307 833 2498 915; x_wconf 61' lang='grc' dir='ltr'>εἴληφε</span> <span class='ocrx_word' id='word_1_372' title='bbox 2528 838 2673 914; x_wconf 87' lang='grc' dir='ltr'>παρά</span> <span class='ocrx_word' id='word_1_373' title='bbox 2702 842 2857 911; x_wconf 84' lang='grc' dir='ltr'>Θεοῦ,</span> <span class='ocrx_word' id='word_1_374' title='bbox 2885 836 2974 892; x_wconf 71' lang='grc' dir='ltr'>’ίνα</span> <span class='ocrx_word' id='word_1_375' title='bbox 3012 838 3154 913; x_wconf 82' lang='grc' dir='ltr'>πρὸσ</span> <span class='ocrx_word' id='word_1_376' title='bbox 3202 835 3401 911; x_wconf 76' lang='grc' dir='ltr'>ἄμυναν</span> <span class='ocrx_word' id='word_1_377' title='bbox 3437 841 3732 915; x_wconf 75' lang='grc' dir='ltr'>ἁμάρτημά-</span> 
     </span>
    </p>
   </div>
   <div class='ocr_carea' id='block_1_55' title="bbox 2124 924 3735 1006">
    <p class='ocr_par' dir='ltr' id='par_1_55' title="bbox 2124 924 3735 1006">
     <span class='ocr_line' id='line_1_55' title="bbox 2124 924 3735 1006; baseline 0.003 -27"><span class='ocrx_word' id='word_1_378' title='bbox 2124 945 2229 979; x_wconf 91' lang='grc' dir='ltr'>των</span> <span class='ocrx_word' id='word_1_379' title='bbox 2264 926 2352 980; x_wconf 82' lang='grc' dir='ltr'>ὑπ’</span> <span class='ocrx_word' id='word_1_380' title='bbox 2380 927 2549 995; x_wconf 79' lang='grc' dir='ltr'>αὐτῆς</span> <span class='ocrx_word' id='word_1_381' title='bbox 2580 924 2886 999; x_wconf 73' lang='grc' dir='ltr'>ἓλκώμεθα.</span> <span class='ocrx_word' id='word_1_382' title='bbox 2920 926 3071 995; x_wconf 78' lang='grc' dir='ltr'>Ιίλήν</span> <span class='ocrx_word' id='word_1_383' title='bbox 3106 928 3323 1002; x_wconf 74' lang='grc' dir='ltr'>ἀμέτρῳ</span> <span class='ocrx_word' id='word_1_384' title='bbox 3352 927 3482 997; x_wconf 84' lang='grc' dir='ltr'>αὑτῇ</span> <span class='ocrx_word' id='word_1_385' title='bbox 3510 949 3586 991; x_wconf 92' lang='grc' dir='ltr'>τις</span> <span class='ocrx_word' id='word_1_386' title='bbox 3615 950 3735 1006; x_wconf 83' lang='grc' dir='ltr'>χρη-</span> 
     </span>
    </p>
   </div>
   <div class='ocr_carea' id='block_1_56' title="bbox 2125 1012 3733 1092">
    <p class='ocr_par' dir='ltr' id='par_1_56' title="bbox 2125 1012 3733 1092">
     <span class='ocr_line' id='line_1_56' title="bbox 2125 1012 3733 1092; baseline 0.004 -24"><span class='ocrx_word' id='word_1_387' title='bbox 2125 1013 2353 1077; x_wconf 85' lang='grc' dir='ltr'>σάμενος</span> <span class='ocrx_word' id='word_1_388' title='bbox 2401 1012 2599 1084; x_wconf 85' lang='grc' dir='ltr'>ἀδικεῖ,</span> <span class='ocrx_word' id='word_1_389' title='bbox 2647 1022 2761 1070; x_wconf 75' lang='grc' dir='ltr'>κατ’</span> <span class='ocrx_word' id='word_1_390' title='bbox 2808 1015 2953 1086; x_wconf 81' lang='grc' dir='ltr'>ἀξίαν</span> <span class='ocrx_word' id='word_1_391' title='bbox 2996 1013 3053 1070; x_wconf 72' lang='grc' dir='ltr'>δὲ</span> <span class='ocrx_word' id='word_1_392' title='bbox 3101 1016 3383 1092; x_wconf 85' lang='grc' dir='ltr'>χρώμενος</span> <span class='ocrx_word' id='word_1_393' title='bbox 3435 1018 3494 1072; x_wconf 85' lang='grc' dir='ltr'>τὸ</span> <span class='ocrx_word' id='word_1_394' title='bbox 3555 1015 3733 1075; x_wconf 85' lang='grc' dir='ltr'>δίκαιον</span> 
     </span>
    </p>
   </div>
   <div class='ocr_carea' id='block_1_57' title="bbox 2125 1101 3734 1181">
    <p class='ocr_par' dir='ltr' id='par_1_57' title="bbox 2125 1101 3734 1181">
     <span class='ocr_line' id='line_1_57' title="bbox 2125 1101 3575 1158; baseline 0.003 -38"><span class='ocrx_word' id='word_1_395' title='bbox 2125 1101 2148 1157; x_wconf 73' lang='grc' dir='ltr'><strong>ἐ</strong></span> <span class='ocrx_word' id='word_1_396' title='bbox 2247 1103 2277 1158; x_wconf 82' lang='grc' dir='ltr'>λ</span> <span class='ocrx_word' id='word_1_397' title='bbox 2310 1109 2333 1120; x_wconf 59' lang='grc' dir='ltr'>ς</span> <span class='ocrx_word' id='word_1_398' title='bbox 2388 1105 2399 1125; x_wconf 73' lang='grc' dir='ltr'><strong><em>ν</em></strong></span> <span class='ocrx_word' id='word_1_399' title='bbox 2540 1104 2554 1123; x_wconf 84' lang='lat'><strong><em>\</em></strong></span> <span class='ocrx_word' id='word_1_400' title='bbox 2664 1104 2677 1121; x_wconf 78' lang='lat'><strong><em>\</em></strong></span> <span class='ocrx_word' id='word_1_401' title='bbox 2759 1103 2772 1123; x_wconf 82' lang='lat' dir='ltr'><strong><em>I</em></strong></span> <span class='ocrx_word' id='word_1_402' title='bbox 3022 1105 3037 1123; x_wconf 57' lang='grc' dir='ltr'>κ</span> <span class='ocrx_word' id='word_1_403' title='bbox 3327 1104 3340 1124; x_wconf 80' lang='lat'><strong><em>\</em></strong></span> <span class='ocrx_word' id='word_1_404' title='bbox 3390 1102 3415 1125; x_wconf 69' lang='grc' dir='ltr'><em>η</em></span> <span class='ocrx_word' id='word_1_405' title='bbox 3563 1107 3575 1123; x_wconf 83' lang='lat'><strong><em>\</em></strong></span> 
     </span>
     <span class='ocr_line' id='line_1_58' title="bbox 2152 1102 3734 1181; baseline 0.003 -24"><span class='ocrx_word' id='word_1_406' title='bbox 2152 1124 2242 1158; x_wconf 88' lang='grc' dir='ltr'>κτε</span> <span class='ocrx_word' id='word_1_407' title='bbox 2285 1125 2351 1161; x_wconf 91' lang='grc' dir='ltr'>ει.</span> <span class='ocrx_word' id='word_1_408' title='bbox 2404 1102 2563 1160; x_wconf 83' lang='grc' dir='ltr'>Αλλα</span> <span class='ocrx_word' id='word_1_409' title='bbox 2592 1126 2679 1159; x_wconf 87' lang='grc' dir='ltr'>και</span> <span class='ocrx_word' id='word_1_410' title='bbox 2708 1102 2887 1174; x_wconf 86' lang='grc' dir='ltr'>λυπης</span> <span class='ocrx_word' id='word_1_411' title='bbox 2918 1104 3076 1178; x_wconf 78' lang='grc' dir='ltr'>ἐσμεν</span> <span class='ocrx_word' id='word_1_412' title='bbox 3111 1102 3366 1174; x_wconf 82' lang='grc' dir='ltr'>δεκτικοι,</span> <span class='ocrx_word' id='word_1_413' title='bbox 3402 1127 3479 1161; x_wconf 90' lang='grc' dir='ltr'>ινα</span> <span class='ocrx_word' id='word_1_414' title='bbox 3527 1127 3584 1161; x_wconf 91' lang='grc' dir='ltr'>το</span> <span class='ocrx_word' id='word_1_415' title='bbox 3620 1129 3734 1181; x_wconf 90' lang='grc' dir='ltr'>συμ-</span> 
     </span>
    </p>
   </div>
   <div class='ocr_carea' id='block_1_58' title="bbox 2122 1188 3734 1270">
    <p class='ocr_par' dir='ltr' id='par_1_58' title="bbox 2122 1188 3734 1270">
     <span class='ocr_line' id='line_1_59' title="bbox 2122 1188 3734 1270; baseline 0.002 -23"><span class='ocrx_word' id='word_1_416' title='bbox 2122 1194 2419 1263; x_wconf 76' lang='grc' dir='ltr'>παθητικὸν</span> <span class='ocrx_word' id='word_1_417' title='bbox 2472 1188 2687 1269; x_wconf 80' lang='grc' dir='ltr'>ἔχωμεν</span> <span class='ocrx_word' id='word_1_418' title='bbox 2723 1192 2811 1248; x_wconf 80' lang='grc' dir='ltr'>ἐπί</span> <span class='ocrx_word' id='word_1_419' title='bbox 2839 1214 2897 1249; x_wconf 90' lang='grc' dir='ltr'>τε</span> <span class='ocrx_word' id='word_1_420' title='bbox 2927 1191 3139 1267; x_wconf 83' lang='grc' dir='ltr'>θανάτῳ</span> <span class='ocrx_word' id='word_1_421' title='bbox 3186 1193 3418 1262; x_wconf 79' lang='grc' dir='ltr'>οἰκείων,</span> <span class='ocrx_word' id='word_1_422' title='bbox 3448 1196 3679 1270; x_wconf 87' lang='grc' dir='ltr'>γυναικὸς</span> <span class='ocrx_word' id='word_1_423' title='bbox 3704 1199 3734 1266; x_wconf 70' lang='grc' dir='ltr'><strong>ἢ</strong></span> 
     </span>
    </p>
   </div>
   <div class='ocr_carea' id='block_1_59' title="bbox 2119 1279 3735 1362">
    <p class='ocr_par' dir='ltr' id='par_1_59' title="bbox 2119 1279 3735 1362">
     <span class='ocr_line' id='line_1_60' title="bbox 2119 1279 3735 1362; baseline 0.004 -27"><span class='ocrx_word' id='word_1_424' title='bbox 2119 1281 2321 1336; x_wconf 75' lang='grc' dir='ltr'>τέκνων</span> <span class='ocrx_word' id='word_1_425' title='bbox 2349 1284 2383 1351; x_wconf 79' lang='grc' dir='ltr'>ἦ</span> <span class='ocrx_word' id='word_1_426' title='bbox 2414 1279 2663 1360; x_wconf 80' lang='grc' dir='ltr'>ἀδελφῶν</span> <span class='ocrx_word' id='word_1_427' title='bbox 2694 1284 2728 1351; x_wconf 79' lang='grc' dir='ltr'><strong>ἢ</strong></span> <span class='ocrx_word' id='word_1_428' title='bbox 2758 1283 2957 1358; x_wconf 82' lang='grc' dir='ltr'>γονὲων</span> <span class='ocrx_word' id='word_1_429' title='bbox 2988 1284 3022 1352; x_wconf 77' lang='grc' dir='ltr'><strong>ἢ</strong></span> <span class='ocrx_word' id='word_1_430' title='bbox 3061 1282 3235 1362; x_wconf 79' lang='grc' dir='ltr'>φίλων</span> <span class='ocrx_word' id='word_1_431' title='bbox 3279 1284 3314 1353; x_wconf 78' lang='grc' dir='ltr'>ἢ</span> <span class='ocrx_word' id='word_1_432' title='bbox 3360 1282 3537 1339; x_wconf 81' lang='grc' dir='ltr'>ἄλλων</span> <span class='ocrx_word' id='word_1_433' title='bbox 3580 1290 3735 1343; x_wconf 86' lang='grc' dir='ltr'>τινῶν.</span> 
     </span>
    </p>
   </div>
   <div class='ocr_carea' id='block_1_60' title="bbox 2123 1369 3736 1449">
    <p class='ocr_par' dir='ltr' id='par_1_60' title="bbox 2123 1369 3736 1449">
     <span class='ocr_line' id='line_1_61' title="bbox 2123 1369 3736 1449; baseline 0.002 -24"><span class='ocrx_word' id='word_1_434' title='bbox 2123 1370 2395 1447; x_wconf 76' lang='grc' dir='ltr'>Ἐπείπερ,</span> <span class='ocrx_word' id='word_1_435' title='bbox 2426 1370 2471 1426; x_wconf 76' lang='grc' dir='ltr'>εἰ</span> <span class='ocrx_word' id='word_1_436' title='bbox 2525 1371 2587 1425; x_wconf 88' lang='grc' dir='ltr'>τὸ</span> <span class='ocrx_word' id='word_1_437' title='bbox 2646 1371 2987 1446; x_wconf 82' lang='grc' dir='ltr'>συμπάσχειν</span> <span class='ocrx_word' id='word_1_438' title='bbox 3037 1371 3141 1426; x_wconf 83' lang='grc' dir='ltr'>οὐκ</span> <span class='ocrx_word' id='word_1_439' title='bbox 3190 1369 3434 1446; x_wconf 77' lang='grc' dir='ltr'>εἶ’χομεν,</span> <span class='ocrx_word' id='word_1_440' title='bbox 3482 1370 3736 1449; x_wconf 82' lang='grc' dir='ltr'>ἀπάνθρω-</span> 
     </span>
    </p>
   </div>
   <div class='ocr_carea' id='block_1_61' title="bbox 2118 1456 3738 1533">
    <p class='ocr_par' dir='ltr' id='par_1_61' title="bbox 2118 1456 3738 1533">
     <span class='ocr_line' id='line_1_62' title="bbox 2118 1456 3738 1533; baseline 0.002 -20"><span class='ocrx_word' id='word_1_441' title='bbox 2118 1480 2211 1513; x_wconf 87' lang='grc' dir='ltr'>ποι</span> <span class='ocrx_word' id='word_1_442' title='bbox 2270 1459 2328 1513; x_wconf 79' lang='grc' dir='ltr'>ἃν</span> <span class='ocrx_word' id='word_1_443' title='bbox 2389 1459 2537 1533; x_wconf 76' lang='grc' dir='ltr'>εἶμεν</span> <span class='ocrx_word' id='word_1_444' title='bbox 2575 1462 2642 1515; x_wconf 75' lang='grc' dir='ltr'>τί.</span> <span class='ocrx_word' id='word_1_445' title='bbox 2675 1460 2854 1533; x_wconf 86' lang='grc' dir='ltr'>Ὀμῶς</span> <span class='ocrx_word' id='word_1_446' title='bbox 2908 1460 2997 1514; x_wconf 80' lang='grc' dir='ltr'>καὶ</span> <span class='ocrx_word' id='word_1_447' title='bbox 3044 1462 3111 1515; x_wconf 79' lang='grc' dir='ltr'>τὰ</span> <span class='ocrx_word' id='word_1_448' title='bbox 3162 1456 3309 1515; x_wconf 74' lang='grc' dir='ltr'>ἄλλα</span> <span class='ocrx_word' id='word_1_449' title='bbox 3357 1458 3522 1515; x_wconf 86' lang='grc' dir='ltr'>πάντα</span> <span class='ocrx_word' id='word_1_450' title='bbox 3549 1460 3738 1524; x_wconf 75' lang='grc' dir='ltr'>οἰκείως</span> 
     </span>
    </p>
   </div>
   <div class='ocr_carea' id='block_1_62' title="bbox 2122 1545 3739 1625">
    <p class='ocr_par' dir='ltr' id='par_1_62' title="bbox 2122 1545 3739 1625">
     <span class='ocr_line' id='line_1_63' title="bbox 2122 1545 3739 1625; baseline 0.001 -23"><span class='ocrx_word' id='word_1_451' title='bbox 2122 1548 2469 1624; x_wconf 83' lang='grc' dir='ltr'>εὑρεθήσεται</span> <span class='ocrx_word' id='word_1_452' title='bbox 2519 1546 2738 1624; x_wconf 81' lang='grc' dir='ltr'>ἔχοντα,</span> <span class='ocrx_word' id='word_1_453' title='bbox 2785 1547 2870 1603; x_wconf 82' lang='grc' dir='ltr'>ἐάν</span> <span class='ocrx_word' id='word_1_454' title='bbox 2939 1570 3002 1624; x_wconf 86' lang='grc' dir='ltr'>γε</span> <span class='ocrx_word' id='word_1_455' title='bbox 3060 1545 3130 1603; x_wconf 87' lang='grc' dir='ltr'>δι’</span> <span class='ocrx_word' id='word_1_456' title='bbox 3179 1548 3209 1603; x_wconf 80' lang='grc' dir='ltr'>ὃ</span> <span class='ocrx_word' id='word_1_457' title='bbox 3268 1545 3450 1625; x_wconf 83' lang='grc' dir='ltr'>ἔλεγον</span> <span class='ocrx_word' id='word_1_458' title='bbox 3500 1550 3543 1585; x_wconf 69' lang='grc'>⁷³</span> <span class='ocrx_word' id='word_1_459' title='bbox 3595 1548 3739 1625; x_wconf 46' lang='lat' dir='ltr'>lim]-</span> 
     </span>
    </p>
   </div>
   <div class='ocr_carea' id='block_1_63' title="bbox 2119 1638 2320 1708">
    <p class='ocr_par' dir='ltr' id='par_1_63' title="bbox 2119 1638 2320 1708">
     <span class='ocr_line' id='line_1_64' title="bbox 2119 1638 2320 1708; baseline 0.015 -5"><span class='ocrx_word' id='word_1_460' title='bbox 2119 1638 2320 1708; x_wconf 77' lang='grc' dir='ltr'>νοηθῇο</span> 
     </span>
    </p>
   </div>
   <div class='ocr_carea' id='block_1_64' title="bbox 2190 1722 3740 1801">
    <p class='ocr_par' dir='ltr' id='par_1_64' title="bbox 2190 1722 3740 1801">
     <span class='ocr_line' id='line_1_65' title="bbox 2190 1722 3740 1801; baseline 0.001 -20"><span class='ocrx_word' id='word_1_461' title='bbox 2190 1732 2355 1782; x_wconf 80' lang='lat' dir='ltr'><strong>XXII.</strong></span> <span class='ocrx_word' id='word_1_462' title='bbox 2388 1724 2491 1782; x_wconf 87' lang='lat' dir='ltr'>Kui</span> <span class='ocrx_word' id='word_1_463' title='bbox 2524 1726 2552 1781; x_wconf 84' lang='grc' dir='ltr'>ὁ</span> <span class='ocrx_word' id='word_1_464' title='bbox 2585 1724 2793 1799; x_wconf 89' lang='grc' dir='ltr'>Σίμων·</span> <span class='ocrx_word' id='word_1_465' title='bbox 2828 1725 2925 1781; x_wconf 80' lang='grc' dir='ltr'>Διά</span> <span class='ocrx_word' id='word_1_466' title='bbox 2951 1724 3006 1780; x_wconf 88' lang='grc' dir='ltr'>τί</span> <span class='ocrx_word' id='word_1_467' title='bbox 3056 1722 3113 1781; x_wconf 78' lang='grc' dir='ltr'>δὲ</span> <span class='ocrx_word' id='word_1_468' title='bbox 3158 1725 3252 1781; x_wconf 83' lang='grc' dir='ltr'>καὶ</span> <span class='ocrx_word' id='word_1_469' title='bbox 3302 1722 3467 1801; x_wconf 84' lang='grc' dir='ltr'>ἄωροι</span> <span class='ocrx_word' id='word_1_470' title='bbox 3504 1724 3740 1783; x_wconf 82' lang='grc' dir='ltr'>τελευτῶ-</span> 
     </span>
    </p>
   </div>
   <div class='ocr_carea' id='block_1_65' title="bbox 2118 1811 3735 1891">
    <p class='ocr_par' dir='ltr' id='par_1_65' title="bbox 2118 1811 3735 1891">
     <span class='ocr_line' id='line_1_66' title="bbox 2118 1811 3735 1891; baseline -0.001 -21"><span class='ocrx_word' id='word_1_471' title='bbox 2118 1837 2221 1887; x_wconf 87' lang='grc' dir='ltr'>σιν,</span> <span class='ocrx_word' id='word_1_472' title='bbox 2254 1812 2343 1870; x_wconf 83' lang='lat' dir='ltr'>xui</span> <span class='ocrx_word' id='word_1_473' title='bbox 2395 1811 2701 1891; x_wconf 85' lang='grc' dir='ltr'>περιοδικαὶ</span> <span class='ocrx_word' id='word_1_474' title='bbox 2746 1814 2894 1869; x_wconf 86' lang='grc' dir='ltr'>νόσοι</span> <span class='ocrx_word' id='word_1_475' title='bbox 2940 1814 3206 1888; x_wconf 88' lang='grc' dir='ltr'>γίνονται,</span> <span class='ocrx_word' id='word_1_476' title='bbox 3240 1812 3315 1869; x_wconf 81' lang='grc' dir='ltr'>ἔτι</span> <span class='ocrx_word' id='word_1_477' title='bbox 3372 1814 3475 1886; x_wconf 76' lang='grc' dir='ltr'>μὴν</span> <span class='ocrx_word' id='word_1_478' title='bbox 3516 1814 3598 1869; x_wconf 85' lang='grc' dir='ltr'>καὶ</span> <span class='ocrx_word' id='word_1_479' title='bbox 3636 1811 3735 1869; x_wconf 81' lang='grc' dir='ltr'>δαί-</span> 
     </span>
    </p>
   </div>
   <div class='ocr_carea' id='block_1_66' title="bbox 2123 1901 3736 1978">
    <p class='ocr_par' dir='ltr' id='par_1_66' title="bbox 2123 1901 3736 1978">
     <span class='ocr_line' id='line_1_67' title="bbox 2123 1901 3736 1978; baseline -0.001 -19"><span class='ocrx_word' id='word_1_480' title='bbox 2123 1926 2278 1978; x_wconf 87' lang='grc' dir='ltr'>μονες</span> <span class='ocrx_word' id='word_1_481' title='bbox 2309 1904 2398 1958; x_wconf 87' lang='grc' dir='ltr'>καὶ</span> <span class='ocrx_word' id='word_1_482' title='bbox 2451 1903 2633 1977; x_wconf 90' lang='grc' dir='ltr'>μανίαι</span> <span class='ocrx_word' id='word_1_483' title='bbox 2682 1904 2773 1958; x_wconf 86' lang='grc' dir='ltr'>καὶ</span> <span class='ocrx_word' id='word_1_484' title='bbox 2821 1904 2965 1973; x_wconf 88' lang='grc' dir='ltr'>πάθη</span> <span class='ocrx_word' id='word_1_485' title='bbox 3009 1901 3330 1959; x_wconf 89' lang='grc' dir='ltr'>παντοδαπά</span> <span class='ocrx_word' id='word_1_486' title='bbox 3374 1902 3608 1973; x_wconf 79' lang='grc' dir='ltr'>κολάζειν</span> <span class='ocrx_word' id='word_1_487' title='bbox 3657 1925 3736 1977; x_wconf 84' lang='grc' dir='ltr'>με·</span> 
     </span>
    </p>
   </div>
   <div class='ocr_carea' id='block_1_67' title="bbox 2118 1990 3733 2069">
    <p class='ocr_par' dir='ltr' id='par_1_67' title="bbox 2118 1990 3733 2069">
     <span class='ocr_line' id='line_1_68' title="bbox 2118 1990 3733 2069; baseline 0 -21"><span class='ocrx_word' id='word_1_488' title='bbox 2118 1992 2307 2069; x_wconf 86' lang='grc' dir='ltr'>γάλως</span> <span class='ocrx_word' id='word_1_489' title='bbox 2356 1991 2623 2067; x_wconf 82' lang='grc' dir='ltr'>δυνάμενα</span> <span class='ocrx_word' id='word_1_490' title='bbox 2662 1992 2935 2069; x_wconf 88' lang='grc' dir='ltr'>ὑπάρχει;</span> <span class='ocrx_word' id='word_1_491' title='bbox 2968 1993 3065 2048; x_wconf 81' lang='grc' dir='ltr'>Καὶ</span> <span class='ocrx_word' id='word_1_492' title='bbox 3098 1994 3125 2047; x_wconf 87' lang='grc' dir='ltr'>ὁ</span> <span class='ocrx_word' id='word_1_493' title='bbox 3158 1994 3381 2068; x_wconf 73' lang='grc' dir='ltr'>Πέτρος·</span> <span class='ocrx_word' id='word_1_494' title='bbox 3414 1995 3526 2047; x_wconf 88' lang='grc' dir='ltr'>Ὅτι</span> <span class='ocrx_word' id='word_1_495' title='bbox 3570 1993 3618 2047; x_wconf 81' lang='grc' dir='ltr'>οἱ</span> <span class='ocrx_word' id='word_1_496' title='bbox 3656 1990 3733 2048; x_wconf 77' lang='grc' dir='ltr'>ἄν·</span> 
     </span>
    </p>
   </div>
   <div class='ocr_carea' id='block_1_68' title="bbox 2118 2079 3737 2159">
    <p class='ocr_par' dir='ltr' id='par_1_68' title="bbox 2118 2079 3737 2159">
     <span class='ocr_line' id='line_1_69' title="bbox 2118 2079 3737 2159; baseline 0 -22"><span class='ocrx_word' id='word_1_497' title='bbox 2118 2085 2328 2157; x_wconf 89' lang='grc' dir='ltr'>θρωποι</span> <span class='ocrx_word' id='word_1_498' title='bbox 2355 2084 2423 2138; x_wconf 79' lang='grc' dir='ltr'>τὰ</span> <span class='ocrx_word' id='word_1_499' title='bbox 2447 2080 2620 2138; x_wconf 76' lang='grc' dir='ltr'>πάντα</span> <span class='ocrx_word' id='word_1_500' title='bbox 2664 2081 2838 2137; x_wconf 74' lang='grc' dir='ltr'>αὐτῶν</span> <span class='ocrx_word' id='word_1_501' title='bbox 2889 2086 2958 2156; x_wconf 89' lang='grc' dir='ltr'>τῇ</span> <span class='ocrx_word' id='word_1_502' title='bbox 3006 2079 3180 2156; x_wconf 80' lang='grc' dir='ltr'>ἡδονῇ</span> <span class='ocrx_word' id='word_1_503' title='bbox 3231 2082 3581 2159; x_wconf 84' lang='grc' dir='ltr'>χαριζόμενοι</span> <span class='ocrx_word' id='word_1_504' title='bbox 3616 2081 3737 2137; x_wconf 84' lang='grc' dir='ltr'>ἀπα-</span> 
     </span>
    </p>
   </div>
   <div class='ocr_carea' id='block_1_69' title="bbox 2121 2170 3733 2250">
    <p class='ocr_par' dir='ltr' id='par_1_69' title="bbox 2121 2170 3733 2250">
     <span class='ocr_line' id='line_1_70' title="bbox 2121 2170 3733 2250; baseline -0.001 -23"><span class='ocrx_word' id='word_1_505' title='bbox 2121 2175 2443 2250; x_wconf 81' lang='grc' dir='ltr'>ρατηρήτως</span> <span class='ocrx_word' id='word_1_506' title='bbox 2491 2176 2840 2227; x_wconf 75' lang='grc' dir='ltr'>κοινωνοῦσιν</span> <span class='ocrx_word' id='word_1_507' title='bbox 2873 2170 2961 2226; x_wconf 81' lang='grc' dir='ltr'>καὶ</span> <span class='ocrx_word' id='word_1_508' title='bbox 3012 2171 3183 2235; x_wconf 78' lang='grc' dir='ltr'>οὕτως</span> <span class='ocrx_word' id='word_1_509' title='bbox 3215 2174 3255 2242; x_wconf 77' lang='grc' dir='ltr'>ἡ</span> <span class='ocrx_word' id='word_1_510' title='bbox 3288 2176 3392 2227; x_wconf 90' lang='grc' dir='ltr'>τῶν</span> <span class='ocrx_word' id='word_1_511' title='bbox 3444 2172 3733 2247; x_wconf 80' lang='grc' dir='ltr'>σπερμάτων</span> 
     </span>
    </p>
   </div>
   <div class='ocr_carea' id='block_1_70' title="bbox 2119 2256 3738 2338">
    <p class='ocr_par' dir='ltr' id='par_1_70' title="bbox 2119 2256 3738 2338">
     <span class='ocr_line' id='line_1_71' title="bbox 2119 2256 3738 2338; baseline -0.001 -22"><span class='ocrx_word' id='word_1_512' title='bbox 2119 2256 2398 2331; x_wconf 75' lang='grc' dir='ltr'>καταϐολὴ</span> <span class='ocrx_word' id='word_1_513' title='bbox 2434 2260 2669 2337; x_wconf 77' lang='grc' dir='ltr'>ἀκαίρως</span> <span class='ocrx_word' id='word_1_514' title='bbox 2726 2258 3031 2315; x_wconf 81' lang='grc' dir='ltr'>ἐπιδοθεῖσα</span> <span class='ocrx_word' id='word_1_515' title='bbox 3073 2265 3315 2338; x_wconf 77' lang='grc' dir='ltr'>φυσικῶς</span> <span class='ocrx_word' id='word_1_516' title='bbox 3361 2262 3429 2315; x_wconf 73' lang='grc' dir='ltr'>τὰ</span> <span class='ocrx_word' id='word_1_517' title='bbox 3479 2259 3628 2335; x_wconf 83' lang='grc' dir='ltr'>μυρία</span> <span class='ocrx_word' id='word_1_518' title='bbox 3667 2257 3738 2314; x_wconf 76' lang='grc' dir='ltr'>ὲκ-</span> 
     </span>
    </p>
   </div>
   <div class='ocr_carea' id='block_1_71' title="bbox 2121 2347 3737 2427">
    <p class='ocr_par' dir='ltr' id='par_1_71' title="bbox 2121 2347 3737 2427">
     <span class='ocr_line' id='line_1_72' title="bbox 2121 2347 3737 2427; baseline -0.002 -22"><span class='ocrx_word' id='word_1_519' title='bbox 2121 2350 2241 2427; x_wconf 77' lang='grc' dir='ltr'>φύει</span> <span class='ocrx_word' id='word_1_520' title='bbox 2270 2349 2424 2405; x_wconf 87' lang='grc' dir='ltr'>κακά.</span> <span class='ocrx_word' id='word_1_521' title='bbox 2460 2351 2662 2425; x_wconf 72' lang='grc' dir='ltr'>Ἐχρῆν</span> <span class='ocrx_word' id='word_1_522' title='bbox 2715 2347 2772 2405; x_wconf 70' lang='grc' dir='ltr'>δὲ</span> <span class='ocrx_word' id='word_1_523' title='bbox 2819 2348 3013 2411; x_wconf 79' lang='grc' dir='ltr'>αὐτοὺς</span> <span class='ocrx_word' id='word_1_524' title='bbox 3052 2348 3387 2422; x_wconf 87' lang='grc' dir='ltr'>λογίζεσθαι,</span> <span class='ocrx_word' id='word_1_525' title='bbox 3418 2348 3517 2420; x_wconf 81' lang='grc' dir='ltr'>δτι,</span> <span class='ocrx_word' id='word_1_526' title='bbox 3548 2349 3615 2411; x_wconf 84' lang='grc' dir='ltr'>ὡς</span> <span class='ocrx_word' id='word_1_527' title='bbox 3655 2352 3737 2403; x_wconf 84' lang='grc' dir='ltr'>τοῦ</span> 
     </span>
    </p>
   </div>
   <div class='ocr_carea' id='block_1_72' title="bbox 2121 2435 3737 2520">
    <p class='ocr_par' dir='ltr' id='par_1_72' title="bbox 2121 2435 3737 2520">
     <span class='ocr_line' id='line_1_73' title="bbox 2121 2435 3737 2520; baseline -0.002 -25"><span class='ocrx_word' id='word_1_528' title='bbox 2121 2444 2374 2520; x_wconf 77' lang='grc' dir='ltr'>φυτεῦσαι</span> <span class='ocrx_word' id='word_1_529' title='bbox 2430 2438 2519 2494; x_wconf 81' lang='grc' dir='ltr'>καὶ</span> <span class='ocrx_word' id='word_1_530' title='bbox 2578 2444 2793 2514; x_wconf 85' lang='grc' dir='ltr'>σπεῖραι</span> <span class='ocrx_word' id='word_1_531' title='bbox 2867 2440 3055 2514; x_wconf 90' lang='grc' dir='ltr'>καιρὸς</span> <span class='ocrx_word' id='word_1_532' title='bbox 3133 2435 3442 2509; x_wconf 71' lang='grc' dir='ltr'>ἐπιτήδειος</span> <span class='ocrx_word' id='word_1_533' title='bbox 3521 2435 3737 2514; x_wconf 80' lang='grc' dir='ltr'>ὥρισται,</span> 
     </span>
    </p>
   </div>
   <div class='ocr_carea' id='block_1_73' title="bbox 2121 2525 3742 2603">
    <p class='ocr_par' dir='ltr' id='par_1_73' title="bbox 2121 2525 3742 2603">
     <span class='ocr_line' id='line_1_74' title="bbox 2121 2525 3742 2603; baseline -0.003 -18"><span class='ocrx_word' id='word_1_534' title='bbox 2121 2529 2264 2585; x_wconf 67' lang='grc' dir='ltr'>οὑτω</span> <span class='ocrx_word' id='word_1_535' title='bbox 2293 2529 2382 2585; x_wconf 80' lang='grc' dir='ltr'>καὶ</span> <span class='ocrx_word' id='word_1_536' title='bbox 2411 2533 2507 2583; x_wconf 88' lang='grc' dir='ltr'>τοῦ</span> <span class='ocrx_word' id='word_1_537' title='bbox 2536 2534 2863 2597; x_wconf 77' lang='grc' dir='ltr'>κοινωνῆσαι</span> <span class='ocrx_word' id='word_1_538' title='bbox 2913 2526 3315 2603; x_wconf 81' lang='grc' dir='ltr'>ἐπιτηρήσιμοι</span> <span class='ocrx_word' id='word_1_539' title='bbox 3363 2525 3557 2603; x_wconf 75' lang='grc' dir='ltr'>ἡμέραι</span> <span class='ocrx_word' id='word_1_540' title='bbox 3594 2547 3742 2601; x_wconf 84' lang='grc' dir='ltr'>προσ-</span> 
     </span>
    </p>
   </div>
   <div class='ocr_carea' id='block_1_74' title="bbox 2121 2613 3738 2692">
    <p class='ocr_par' dir='ltr' id='par_1_74' title="bbox 2121 2613 3738 2692">
     <span class='ocr_line' id='line_1_75' title="bbox 2121 2613 3738 2692; baseline -0.002 -19"><span class='ocrx_word' id='word_1_541' title='bbox 2121 2617 2439 2691; x_wconf 80' lang='grc' dir='ltr'>ῳκείωνται.</span> <span class='ocrx_word' id='word_1_542' title='bbox 2499 2619 2653 2675; x_wconf 69' lang='grc' dir='ltr'>3θ2</span> <span class='ocrx_word' id='word_1_543' title='bbox 2711 2618 2890 2673; x_wconf 84' lang='grc' dir='ltr'>Ἔνθεν</span> <span class='ocrx_word' id='word_1_544' title='bbox 2945 2621 3075 2692; x_wconf 89' lang='grc' dir='ltr'>γοῦν</span> <span class='ocrx_word' id='word_1_545' title='bbox 3132 2637 3217 2679; x_wconf 89' lang='grc' dir='ltr'>τις</span> <span class='ocrx_word' id='word_1_546' title='bbox 3270 2615 3331 2671; x_wconf 79' lang='grc' dir='ltr'>ἐκ</span> <span class='ocrx_word' id='word_1_547' title='bbox 3370 2623 3470 2685; x_wconf 84' lang='grc' dir='ltr'>τῆς</span> <span class='ocrx_word' id='word_1_548' title='bbox 3498 2613 3738 2676; x_wconf 74' lang='grc' dir='ltr'>Μωῦσὲως</span> 
     </span>
    </p>
   </div>
   <div class='ocr_carea' id='block_1_75' title="bbox 2118 2703 3739 2782">
    <p class='ocr_par' dir='ltr' id='par_1_75' title="bbox 2118 2703 3739 2782">
     <span class='ocr_line' id='line_1_76' title="bbox 2118 2703 3739 2782; baseline -0.004 -19"><span class='ocrx_word' id='word_1_549' title='bbox 2118 2704 2469 2782; x_wconf 79' lang='grc' dir='ltr'>παραδόσεως</span> <span class='ocrx_word' id='word_1_550' title='bbox 2535 2706 2886 2780; x_wconf 84' lang='grc' dir='ltr'>μεμαθηκὼς,</span> <span class='ocrx_word' id='word_1_551' title='bbox 2938 2704 3261 2779; x_wconf 75' lang='grc' dir='ltr'>αῗτιώμενος</span> <span class='ocrx_word' id='word_1_552' title='bbox 3322 2705 3413 2761; x_wconf 78' lang='grc' dir='ltr'>τὸν</span> <span class='ocrx_word' id='word_1_553' title='bbox 3479 2703 3596 2759; x_wconf 89' lang='grc' dir='ltr'>λαὸν</span> <span class='ocrx_word' id='word_1_554' title='bbox 3664 2703 3739 2758; x_wconf 81' lang='grc' dir='ltr'>ἐπὶ</span> 
     </span>
    </p>
   </div>
   <div class='ocr_carea' id='block_1_76' title="bbox 2122 2786 3739 2872">
    <p class='ocr_par' dir='ltr' id='par_1_76' title="bbox 2122 2786 3739 2872">
     <span class='ocr_line' id='line_1_77' title="bbox 2122 2786 3739 2872; baseline -0.004 -20"><span class='ocrx_word' id='word_1_555' title='bbox 2122 2797 2411 2872; x_wconf 85' lang='grc' dir='ltr'>ἁμαρτίας,</span> <span class='ocrx_word' id='word_1_556' title='bbox 2443 2794 2591 2857; x_wconf 78' lang='grc' dir='ltr'>υἱοὺς</span> <span class='ocrx_word' id='word_1_557' title='bbox 2621 2798 2920 2868; x_wconf 81' lang='grc' dir='ltr'>νεομηνιῶν</span> <span class='ocrx_word' id='word_1_558' title='bbox 2945 2798 3053 2849; x_wconf 90' lang='grc' dir='ltr'>τῶν</span> <span class='ocrx_word' id='word_1_559' title='bbox 3084 2794 3218 2849; x_wconf 84' lang='grc' dir='ltr'>κατά</span> <span class='ocrx_word' id='word_1_560' title='bbox 3246 2794 3483 2865; x_wconf 77' lang='grc' dir='ltr'>σελήνην</span> <span class='ocrx_word' id='word_1_561' title='bbox 3513 2794 3595 2848; x_wconf 84' lang='grc' dir='ltr'>καὶ</span> <span class='ocrx_word' id='word_1_562' title='bbox 3622 2786 3739 2846; x_wconf 74' lang='grc' dir='ltr'>σαϐ-</span> 
     </span>
    </p>
   </div>
   <div class='ocr_carea' id='block_1_77' title="bbox 2121 2881 3742 2960">
    <p class='ocr_par' dir='ltr' id='par_1_77' title="bbox 2121 2881 3742 2960">
     <span class='ocr_line' id='line_1_78' title="bbox 2121 2881 3742 2960; baseline -0.004 -19"><span class='ocrx_word' id='word_1_563' title='bbox 2121 2882 2297 2941; x_wconf 76' lang='grc' dir='ltr'>ϐάτων</span> <span class='ocrx_word' id='word_1_564' title='bbox 2348 2884 2625 2940; x_wconf 85' lang='grc' dir='ltr'>ἀπεκάλει.</span> <span class='ocrx_word' id='word_1_565' title='bbox 2681 2882 2856 2940; x_wconf 87' lang='grc' dir='ltr'>Ἀλλά</span> <span class='ocrx_word' id='word_1_566' title='bbox 2902 2884 2991 2938; x_wconf 86' lang='grc' dir='ltr'>καὶ</span> <span class='ocrx_word' id='word_1_567' title='bbox 3042 2890 3156 2938; x_wconf 82' lang='grc' dir='ltr'>κατ’</span> <span class='ocrx_word' id='word_1_568' title='bbox 3186 2883 3365 2960; x_wconf 82' lang='grc' dir='ltr'>ἀρχὰς</span> <span class='ocrx_word' id='word_1_569' title='bbox 3415 2887 3508 2938; x_wconf 89' lang='grc' dir='ltr'>τοῦ</span> <span class='ocrx_word' id='word_1_570' title='bbox 3558 2881 3742 2954; x_wconf 85' lang='grc' dir='ltr'>κόσμου</span> 
     </span>
    </p>
   </div>
   <div class='ocr_carea' id='block_1_78' title="bbox 2122 2966 3744 3050">
    <p class='ocr_par' dir='ltr' id='par_1_78' title="bbox 2122 2966 3744 3050">
     <span class='ocr_line' id='line_1_79' title="bbox 2122 2966 3744 3050; baseline -0.004 -20"><span class='ocrx_word' id='word_1_571' title='bbox 2122 2976 2174 3031; x_wconf 78' lang='lat' dir='ltr'>oi</span> <span class='ocrx_word' id='word_1_572' title='bbox 2206 2976 2481 3050; x_wconf 82' lang='grc' dir='ltr'>ἄνθρωποι</span> <span class='ocrx_word' id='word_1_573' title='bbox 2510 2972 2796 3034; x_wconf 82' lang='grc' dir='ltr'>πολυετεῖς</span> <span class='ocrx_word' id='word_1_574' title='bbox 2826 2993 2884 3027; x_wconf 90' lang='grc' dir='ltr'>τε</span> <span class='ocrx_word' id='word_1_575' title='bbox 2926 2974 3059 3042; x_wconf 77' lang='grc' dir='ltr'>ἦσαν</span> <span class='ocrx_word' id='word_1_576' title='bbox 3087 2972 3178 3027; x_wconf 83' lang='grc' dir='ltr'>καὶ</span> <span class='ocrx_word' id='word_1_577' title='bbox 3224 2970 3429 3028; x_wconf 78' lang='grc' dir='ltr'>ἄνοσοι.</span> <span class='ocrx_word' id='word_1_578' title='bbox 3478 2970 3653 3026; x_wconf 87' lang='grc' dir='ltr'>Ὁπότε</span> <span class='ocrx_word' id='word_1_579' title='bbox 3695 2966 3744 3023; x_wconf 68' lang='grc' dir='ltr'>δὲ</span> 
     </span>
    </p>
   </div>
   <div class='ocr_carea' id='block_1_79' title="bbox 2122 3058 3747 3139">
    <p class='ocr_par' dir='ltr' id='par_1_79' title="bbox 2122 3058 3747 3139">
     <span class='ocr_line' id='line_1_80' title="bbox 2122 3058 3747 3139; baseline -0.004 -20"><span class='ocrx_word' id='word_1_580' title='bbox 2122 3062 2495 3137; x_wconf 73' lang='grc' dir='ltr'>ἀμελήσαντες</span> <span class='ocrx_word' id='word_1_581' title='bbox 2520 3064 2619 3132; x_wconf 74' lang='grc' dir='ltr'>τήν</span> <span class='ocrx_word' id='word_1_582' title='bbox 2651 3064 3027 3139; x_wconf 76' lang='grc' dir='ltr'>παρατήρησιν</span> <span class='ocrx_word' id='word_1_583' title='bbox 3086 3059 3383 3134; x_wconf 74' lang='grc' dir='ltr'>ἀπέλιπον,</span> <span class='ocrx_word' id='word_1_584' title='bbox 3416 3058 3588 3116; x_wconf 82' lang='grc' dir='ltr'>ἔκτοτε</span> <span class='ocrx_word' id='word_1_585' title='bbox 3629 3058 3747 3114; x_wconf 82' lang='grc' dir='ltr'>κατὰ</span> 
     </span>
    </p>
   </div>
   <div class='ocr_carea' id='block_1_80' title="bbox 2123 3147 3745 3227">
    <p class='ocr_par' dir='ltr' id='par_1_80' title="bbox 2123 3147 3745 3227">
     <span class='ocr_line' id='line_1_81' title="bbox 2123 3147 3745 3227; baseline -0.004 -19"><span class='ocrx_word' id='word_1_586' title='bbox 2123 3150 2388 3227; x_wconf 79' lang='grc' dir='ltr'>διαδοχὴν</span> <span class='ocrx_word' id='word_1_587' title='bbox 2418 3151 2526 3206; x_wconf 74' lang='grc' dir='ltr'>υἱοὶ</span> <span class='ocrx_word' id='word_1_588' title='bbox 2559 3151 2774 3226; x_wconf 78' lang='grc' dir='ltr'>ἀγνοίας</span> <span class='ocrx_word' id='word_1_589' title='bbox 2807 3150 2951 3221; x_wconf 75' lang='grc' dir='ltr'>αἶ’τίᾳ</span> <span class='ocrx_word' id='word_1_590' title='bbox 2993 3150 3108 3225; x_wconf 72' lang='grc' dir='ltr'>[ὥς]</span> <span class='ocrx_word' id='word_1_591' title='bbox 3142 3152 3216 3222; x_wconf 80' lang='grc' dir='ltr'>μὴ</span> <span class='ocrx_word' id='word_1_592' title='bbox 3253 3147 3366 3205; x_wconf 85' lang='grc' dir='ltr'>δεῖν</span> <span class='ocrx_word' id='word_1_593' title='bbox 3398 3152 3745 3209; x_wconf 77' lang='grc' dir='ltr'>κοινωνοῦντες</span> 
     </span>
    </p>
   </div>
   <div class='ocr_carea' id='block_1_81' title="bbox 2126 3236 3747 3317">
    <p class='ocr_par' dir='ltr' id='par_1_81' title="bbox 2126 3236 3747 3317">
     <span class='ocr_line' id='line_1_82' title="bbox 2126 3236 3747 3317; baseline -0.006 -20"><span class='ocrx_word' id='word_1_594' title='bbox 2126 3242 2227 3298; x_wconf 86' lang='grc' dir='ltr'>ὑπὸ</span> <span class='ocrx_word' id='word_1_595' title='bbox 2279 3241 2443 3317; x_wconf 85' lang='grc' dir='ltr'>μυρία</span> <span class='ocrx_word' id='word_1_596' title='bbox 2492 3242 2635 3309; x_wconf 85' lang='grc' dir='ltr'>πάθη</span> <span class='ocrx_word' id='word_1_597' title='bbox 2683 3242 2751 3295; x_wconf 82' lang='grc' dir='ltr'>τὰ</span> <span class='ocrx_word' id='word_1_598' title='bbox 2798 3240 3001 3295; x_wconf 72' lang='grc' dir='ltr'>ἑαυτῶν</span> <span class='ocrx_word' id='word_1_599' title='bbox 3042 3236 3247 3294; x_wconf 72' lang='grc' dir='ltr'>τιθέασι</span> <span class='ocrx_word' id='word_1_600' title='bbox 3278 3238 3457 3294; x_wconf 78' lang='grc' dir='ltr'>τέκνα.</span> <span class='ocrx_word' id='word_1_601' title='bbox 3486 3240 3628 3301; x_wconf 83' lang='grc' dir='ltr'>Ὅθεν</span> <span class='ocrx_word' id='word_1_602' title='bbox 3671 3236 3747 3290; x_wconf 87' lang='grc' dir='ltr'>καὶ</span> 
     </span>
    </p>
   </div>
   <div class='ocr_carea' id='block_1_82' title="bbox 2124 3323 3747 3404">
    <p class='ocr_par' dir='ltr' id='par_1_82' title="bbox 2124 3323 3747 3404">
     <span class='ocr_line' id='line_1_83' title="bbox 2124 3323 3747 3404; baseline -0.005 -19"><span class='ocrx_word' id='word_1_603' title='bbox 2124 3328 2504 3404; x_wconf 87' lang='grc' dir='ltr'>[Διδάσκ]αλος</span> <span class='ocrx_word' id='word_1_604' title='bbox 2553 3331 2714 3402; x_wconf 76' lang='grc' dir='ltr'>ἡμῶν</span> <span class='ocrx_word' id='word_1_605' title='bbox 2760 3328 2884 3403; x_wconf 86' lang='grc' dir='ltr'>περὶ</span> <span class='ocrx_word' id='word_1_606' title='bbox 2930 3332 3028 3383; x_wconf 91' lang='grc' dir='ltr'>τοῦ</span> <span class='ocrx_word' id='word_1_607' title='bbox 3076 3326 3136 3383; x_wconf 82' lang='grc' dir='ltr'>ἐκ</span> <span class='ocrx_word' id='word_1_608' title='bbox 3184 3334 3407 3403; x_wconf 84' lang='grc' dir='ltr'>γενετῆς</span> <span class='ocrx_word' id='word_1_609' title='bbox 3463 3330 3632 3400; x_wconf 81' lang='grc' dir='ltr'>πηροῦ</span> <span class='ocrx_word' id='word_1_610' title='bbox 3672 3323 3747 3379; x_wconf 78' lang='grc' dir='ltr'>καὶ</span> 
     </span>
    </p>
   </div>
   <div class='ocr_carea' id='block_1_83' title="bbox 2127 3414 3747 3492">
    <p class='ocr_par' dir='ltr' id='par_1_83' title="bbox 2127 3414 3747 3492">
     <span class='ocr_line' id='line_1_84' title="bbox 2127 3414 3747 3492; baseline -0.006 -17"><span class='ocrx_word' id='word_1_611' title='bbox 2127 3414 2527 3492; x_wconf 72' lang='grc' dir='ltr'>ἀναϐλέψαντος</span> <span class='ocrx_word' id='word_1_612' title='bbox 2611 3418 2737 3491; x_wconf 90' lang='grc' dir='ltr'>παρ’</span> <span class='ocrx_word' id='word_1_613' title='bbox 2793 3416 2959 3472; x_wconf 84' lang='grc' dir='ltr'>αὑτοῦ</span> <span class='ocrx_word' id='word_1_614' title='bbox 3040 3415 3323 3490; x_wconf 79' lang='grc' dir='ltr'>ἐξετά[ζων</span> <span class='ocrx_word' id='word_1_615' title='bbox 3404 3414 3747 3489; x_wconf 78' lang='grc' dir='ltr'>ἐρωτήσασιν],</span> 
     </span>
    </p>
   </div>
   <div class='ocr_carea' id='block_1_84' title="bbox 2126 3500 3749 3583">
    <p class='ocr_par' dir='ltr' id='par_1_84' title="bbox 2126 3500 3749 3583">
     <span class='ocr_line' id='line_1_85' title="bbox 2126 3500 3749 3583; baseline -0.005 -19"><span class='ocrx_word' id='word_1_616' title='bbox 2126 3508 2170 3564; x_wconf 77' lang='grc' dir='ltr'>εἰ</span> <span class='ocrx_word' id='word_1_617' title='bbox 2202 3512 2248 3545; x_wconf 82' lang='grc'>’⁷³</span> <span class='ocrx_word' id='word_1_618' title='bbox 2281 3509 2437 3571; x_wconf 83' lang='grc' dir='ltr'>οὗτος</span> <span class='ocrx_word' id='word_1_619' title='bbox 2492 3506 2732 3583; x_wconf 76' lang='grc' dir='ltr'>ἥμαρτεν</span> <span class='ocrx_word' id='word_1_620' title='bbox 2781 3507 2815 3575; x_wconf 86' lang='grc' dir='ltr'>ἢ</span> <span class='ocrx_word' id='word_1_621' title='bbox 2862 3506 2915 3560; x_wconf 81' lang='lat' dir='ltr'>oi</span> <span class='ocrx_word' id='word_1_622' title='bbox 2970 3510 3147 3581; x_wconf 90' lang='grc' dir='ltr'>γονεῖς</span> <span class='ocrx_word' id='word_1_623' title='bbox 3206 3504 3395 3577; x_wconf 82' lang='grc' dir='ltr'>αὑτοῦ,</span> <span class='ocrx_word' id='word_1_624' title='bbox 3435 3502 3524 3559; x_wconf 67' lang='grc' dir='ltr'>’ἶνα</span> <span class='ocrx_word' id='word_1_625' title='bbox 3570 3500 3749 3580; x_wconf 69' lang='grc' dir='ltr'>τυφλὸς</span> 
     </span>
    </p>
   </div>
   <div class='ocr_carea' id='block_1_85' title="bbox 2125 3587 3752 3673">
    <p class='ocr_par' dir='ltr' id='par_1_85' title="bbox 2125 3587 3752 3673">
     <span class='ocr_line' id='line_1_86' title="bbox 2125 3587 3752 3673; baseline -0.005 -21"><span class='ocrx_word' id='word_1_626' title='bbox 2125 3599 2383 3673; x_wconf 78' lang='grc' dir='ltr'>γεννηθῇ,</span> <span class='ocrx_word' id='word_1_627' title='bbox 2445 3595 2787 3671; x_wconf 85' lang='grc' dir='ltr'>ἀπεκρίνατο·</span> <span class='ocrx_word' id='word_1_628' title='bbox 2852 3591 2976 3649; x_wconf 70' lang='grc' dir='ltr'>οὔτε</span> <span class='ocrx_word' id='word_1_629' title='bbox 3033 3593 3189 3656; x_wconf 82' lang='grc' dir='ltr'>οὗτός</span> <span class='ocrx_word' id='word_1_630' title='bbox 3244 3615 3303 3649; x_wconf 92' lang='grc' dir='ltr'>τι</span> <span class='ocrx_word' id='word_1_631' title='bbox 3348 3594 3602 3669; x_wconf 78' lang='grc' dir='ltr'>ἥμαρτεν,</span> <span class='ocrx_word' id='word_1_632' title='bbox 3644 3587 3752 3646; x_wconf 81' lang='grc' dir='ltr'>οὗτε</span> 
     </span>
    </p>
   </div>
   <div class='ocr_carea' id='block_1_86' title="bbox 2127 3678 3751 3761">
    <p class='ocr_par' dir='ltr' id='par_1_86' title="bbox 2127 3678 3751 3761">
     <span class='ocr_line' id='line_1_87' title="bbox 2127 3678 3751 3761; baseline -0.002 -19"><span class='ocrx_word' id='word_1_633' title='bbox 2127 3688 2178 3742; x_wconf 77' lang='grc' dir='ltr'>οἱ</span> <span class='ocrx_word' id='word_1_634' title='bbox 2200 3690 2377 3761; x_wconf 89' lang='grc' dir='ltr'>γονεῖς</span> <span class='ocrx_word' id='word_1_635' title='bbox 2410 3685 2592 3757; x_wconf 80' lang='grc' dir='ltr'>αὐτοῦ,</span> <span class='ocrx_word' id='word_1_636' title='bbox 2616 3681 2853 3740; x_wconf 70' lang='grc' dir='ltr'>ἀλλ’ἵνα</span> <span class='ocrx_word' id='word_1_637' title='bbox 2875 3681 2945 3738; x_wconf 86' lang='grc' dir='ltr'>δι’</span> <span class='ocrx_word' id='word_1_638' title='bbox 2974 3683 3139 3738; x_wconf 82' lang='grc' dir='ltr'>αὑτοῦ</span> <span class='ocrx_word' id='word_1_639' title='bbox 3170 3684 3456 3761; x_wconf 76' lang='grc' dir='ltr'>φανερωθῇ</span> <span class='ocrx_word' id='word_1_640' title='bbox 3486 3684 3520 3751; x_wconf 81' lang='grc' dir='ltr'>ἡ</span> <span class='ocrx_word' id='word_1_641' title='bbox 3552 3678 3751 3752; x_wconf 77' lang='grc' dir='ltr'>δύναμις</span> 
     </span>
    </p>
   </div>
   <div class='ocr_carea' id='block_1_87' title="bbox 2104 3768 3752 3849">
    <p class='ocr_par' dir='ltr' id='par_1_87' title="bbox 2104 3768 3752 3849">
     <span class='ocr_line' id='line_1_88' title="bbox 2104 3768 3752 3849; baseline -0.005 -19"><span class='ocrx_word' id='word_1_642' title='bbox 2104 3780 2221 3830; x_wconf 63' lang='grc' dir='ltr'>’τοῦ</span> <span class='ocrx_word' id='word_1_643' title='bbox 2280 3779 2413 3831; x_wconf 90' lang='grc' dir='ltr'>Θεοῦ</span> <span class='ocrx_word' id='word_1_644' title='bbox 2472 3781 2573 3843; x_wconf 85' lang='grc' dir='ltr'>τῆς</span> <span class='ocrx_word' id='word_1_645' title='bbox 2630 3772 2848 3849; x_wconf 88' lang='grc' dir='ltr'>ἀγνοίας</span> <span class='ocrx_word' id='word_1_646' title='bbox 2902 3771 3110 3846; x_wconf 70' lang='grc' dir='ltr'>ξ’ωμὲνη</span> <span class='ocrx_word' id='word_1_647' title='bbox 3142 3773 3209 3827; x_wconf 81' lang='grc' dir='ltr'>τὰ</span> <span class='ocrx_word' id='word_1_648' title='bbox 3260 3773 3637 3848; x_wconf 73' lang='grc' dir='ltr'>ἁμαρτήματα.</span> <span class='ocrx_word' id='word_1_649' title='bbox 3666 3768 3752 3823; x_wconf 80' lang='grc' dir='ltr'>Καὶ</span> 
     </span>
    </p>
   </div>
   <div class='ocr_carea' id='block_1_88' title="bbox 2127 3856 3751 3939">
    <p class='ocr_par' dir='ltr' id='par_1_88' title="bbox 2127 3856 3751 3939">
     <span class='ocr_line' id='line_1_89' title="bbox 2127 3856 3751 3939; baseline -0.006 -19"><span class='ocrx_word' id='word_1_650' title='bbox 2127 3864 2347 3930; x_wconf 86' lang='grc' dir='ltr'>ἀληθῶς</span> <span class='ocrx_word' id='word_1_651' title='bbox 2395 3862 2613 3939; x_wconf 87' lang='grc' dir='ltr'>ἀγνοίας</span> <span class='ocrx_word' id='word_1_652' title='bbox 2659 3860 2807 3933; x_wconf 79' lang='grc' dir='ltr'>αἰτίᾳ</span> <span class='ocrx_word' id='word_1_653' title='bbox 2852 3862 2919 3916; x_wconf 78' lang='grc' dir='ltr'>τὰ</span> <span class='ocrx_word' id='word_1_654' title='bbox 2978 3865 3200 3916; x_wconf 90' lang='grc' dir='ltr'>τοιαῦτα</span> <span class='ocrx_word' id='word_1_655' title='bbox 3244 3858 3475 3936; x_wconf 86' lang='grc' dir='ltr'>γίνεται,</span> <span class='ocrx_word' id='word_1_656' title='bbox 3524 3856 3639 3927; x_wconf 81' lang='grc' dir='ltr'>ἤτοι</span> <span class='ocrx_word' id='word_1_657' title='bbox 3684 3859 3751 3926; x_wconf 81' lang='grc' dir='ltr'>τῷ</span> 
     </span>
    </p>
   </div>
   <div class='ocr_carea' id='block_1_89' title="bbox 2131 3941 3754 4026">
    <p class='ocr_par' dir='ltr' id='par_1_89' title="bbox 2131 3941 3754 4026">
     <span class='ocr_line' id='line_1_90' title="bbox 2131 3941 3754 4026; baseline -0.007 -18"><span class='ocrx_word' id='word_1_658' title='bbox 2131 3954 2207 4026; x_wconf 75' lang='grc' dir='ltr'>μὴ</span> <span class='ocrx_word' id='word_1_659' title='bbox 2240 3951 2436 4008; x_wconf 71' lang='grc' dir='ltr'>εἰδέναι</span> <span class='ocrx_word' id='word_1_660' title='bbox 2485 3951 2617 4007; x_wconf 91' lang='grc' dir='ltr'>πότε</span> <span class='ocrx_word' id='word_1_661' title='bbox 2667 3948 2749 4007; x_wconf 86' lang='grc' dir='ltr'>δεῖ</span> <span class='ocrx_word' id='word_1_662' title='bbox 2793 3955 3068 4006; x_wconf 87' lang='grc' dir='ltr'>κοινωνεῖν</span> <span class='ocrx_word' id='word_1_663' title='bbox 3096 3953 3163 4023; x_wconf 93' lang='grc' dir='ltr'>τῇ</span> <span class='ocrx_word' id='word_1_664' title='bbox 3209 3952 3447 4023; x_wconf 86' lang='grc' dir='ltr'>γαμετῇ,</span> <span class='ocrx_word' id='word_1_665' title='bbox 3480 3947 3525 4002; x_wconf 80' lang='grc' dir='ltr'>εἶ</span> <span class='ocrx_word' id='word_1_666' title='bbox 3575 3941 3754 4020; x_wconf 69' lang='grc' dir='ltr'>καθαρὰ</span> 
     </span>
    </p>
   </div>
   <div class='ocr_carea' id='block_1_90' title="bbox 2130 4030 3755 4119">
    <p class='ocr_par' dir='ltr' id='par_1_90' title="bbox 2130 4030 3755 4119">
     <span class='ocr_line' id='line_1_91' title="bbox 2130 4030 3755 4119; baseline -0.006 -21"><span class='ocrx_word' id='word_1_667' title='bbox 2130 4041 2182 4113; x_wconf 71' lang='grc' dir='ltr'><strong>ἐξ</strong></span> <span class='ocrx_word' id='word_1_668' title='bbox 2228 4039 2462 4119; x_wconf 76' lang='grc' dir='ltr'>ἀφέδρου</span> <span class='ocrx_word' id='word_1_669' title='bbox 2536 4040 2812 4117; x_wconf 79' lang='grc' dir='ltr'>τυγχάνει.</span> <span class='ocrx_word' id='word_1_670' title='bbox 2860 4037 3013 4107; x_wconf 83' lang='grc' dir='ltr'>Πλήν</span> <span class='ocrx_word' id='word_1_671' title='bbox 3062 4038 3096 4092; x_wconf 79' lang='grc' dir='ltr'><strong>ἃ</strong></span> <span class='ocrx_word' id='word_1_672' title='bbox 3138 4037 3472 4114; x_wconf 85' lang='grc' dir='ltr'>προείρηκας</span> <span class='ocrx_word' id='word_1_673' title='bbox 3534 4034 3667 4103; x_wconf 81' lang='grc' dir='ltr'>πάθη</span> <span class='ocrx_word' id='word_1_674' title='bbox 3711 4030 3755 4101; x_wconf 74' lang='grc' dir='ltr'>ἐξ</span> 
     </span>
    </p>
   </div>
   <div class='ocr_carea' id='block_1_91' title="bbox 2129 4122 3754 4205">
    <p class='ocr_par' dir='ltr' id='par_1_91' title="bbox 2129 4122 3754 4205">
     <span class='ocr_line' id='line_1_92' title="bbox 2129 4122 3754 4205; baseline -0.006 -19"><span class='ocrx_word' id='word_1_675' title='bbox 2129 4131 2355 4205; x_wconf 82' lang='grc' dir='ltr'>ἀγνοίας·</span> <span class='ocrx_word' id='word_1_676' title='bbox 2412 4127 2573 4203; x_wconf 77' lang='grc' dir='ltr'>ἐστέν,</span> <span class='ocrx_word' id='word_1_677' title='bbox 2632 4128 2694 4183; x_wconf 76' lang='grc' dir='ltr'>οὐ</span> <span class='ocrx_word' id='word_1_678' title='bbox 2750 4128 2931 4201; x_wconf 74' lang='grc' dir='ltr'>μέντοι</span> <span class='ocrx_word' id='word_1_679' title='bbox 2991 4127 3051 4182; x_wconf 83' lang='grc' dir='ltr'>ἐκ</span> <span class='ocrx_word' id='word_1_680' title='bbox 3106 4130 3350 4202; x_wconf 84' lang='grc' dir='ltr'>πονηροῦ</span> <span class='ocrx_word' id='word_1_681' title='bbox 3408 4122 3754 4202; x_wconf 67' lang='grc' dir='ltr'>εἴργασμὲνου.</span> 
     </span>
    </p>
   </div>
   <div class='ocr_carea' id='block_1_92' title="bbox 2132 4209 3755 4293">
    <p class='ocr_par' dir='ltr' id='par_1_92' title="bbox 2132 4209 3755 4293">
     <span class='ocr_line' id='line_1_93' title="bbox 2132 4209 3755 4293; baseline -0.006 -19"><span class='ocrx_word' id='word_1_682' title='bbox 2132 4218 2360 4293; x_wconf 79' lang='grc' dir='ltr'>Προσὲτι</span> <span class='ocrx_word' id='word_1_683' title='bbox 2392 4215 2449 4273; x_wconf 76' lang='grc' dir='ltr'>δὲ</span> <span class='ocrx_word' id='word_1_684' title='bbox 2479 4215 2571 4280; x_wconf 87' lang='grc' dir='ltr'>δὸς</span> <span class='ocrx_word' id='word_1_685' title='bbox 2600 4218 2691 4272; x_wconf 83' lang='grc' dir='ltr'>τὸν</span> <span class='ocrx_word' id='word_1_686' title='bbox 2730 4218 2804 4291; x_wconf 74' lang='grc' dir='ltr'>μὴ</span> <span class='ocrx_word' id='word_1_687' title='bbox 2842 4217 3219 4290; x_wconf 81' lang='grc' dir='ltr'>ἁμαρτάνοντα</span> <span class='ocrx_word' id='word_1_688' title='bbox 3246 4214 3339 4269; x_wconf 87' lang='grc' dir='ltr'>καὶ</span> <span class='ocrx_word' id='word_1_689' title='bbox 3369 4209 3506 4271; x_wconf 77' lang='grc' dir='ltr'>λάϐε</span> <span class='ocrx_word' id='word_1_690' title='bbox 3548 4213 3633 4267; x_wconf 80' lang='grc' dir='ltr'>τὸν</span> <span class='ocrx_word' id='word_1_691' title='bbox 3691 4210 3755 4282; x_wconf 78' lang='grc' dir='ltr'>μὴ</span> 
     </span>
    </p>
   </div>
   <div class='ocr_carea' id='block_1_93' title="bbox 2132 4298 3755 4382">
    <p class='ocr_par' dir='ltr' id='par_1_93' title="bbox 2132 4298 3755 4382">
     <span class='ocr_line' id='line_1_94' title="bbox 2132 4298 3755 4382; baseline -0.008 -19"><span class='ocrx_word' id='word_1_692' title='bbox 2132 4309 2434 4382; x_wconf 88' lang='grc' dir='ltr'>πάσχοντα,</span> <span class='ocrx_word' id='word_1_693' title='bbox 2466 4307 2557 4361; x_wconf 87' lang='grc' dir='ltr'>καὶ</span> <span class='ocrx_word' id='word_1_694' title='bbox 2587 4306 2723 4381; x_wconf 88' lang='grc' dir='ltr'>πρὸς</span> <span class='ocrx_word' id='word_1_695' title='bbox 2752 4305 2816 4360; x_wconf 87' lang='grc' dir='ltr'>τὸ</span> <span class='ocrx_word' id='word_1_696' title='bbox 2849 4306 2926 4379; x_wconf 76' lang='grc' dir='ltr'>μὴ</span> <span class='ocrx_word' id='word_1_697' title='bbox 2957 4305 3188 4380; x_wconf 88' lang='grc' dir='ltr'>πάσχειν</span> <span class='ocrx_word' id='word_1_698' title='bbox 3219 4302 3309 4359; x_wconf 80' lang='grc' dir='ltr'>καὶ</span> <span class='ocrx_word' id='word_1_699' title='bbox 3361 4300 3566 4364; x_wconf 75' lang='grc' dir='ltr'>ἄλλους</span> <span class='ocrx_word' id='word_1_700' title='bbox 3618 4298 3755 4355; x_wconf 71' lang='grc' dir='ltr'>αὐτὸν</span> 
     </span>
    </p>
   </div>
   <div class='ocr_carea' id='block_1_94' title="bbox 2135 4389 3756 4471">
    <p class='ocr_par' dir='ltr' id='par_1_94' title="bbox 2135 4389 3756 4471">
     <span class='ocr_line' id='line_1_95' title="bbox 2135 4389 3756 4471; baseline -0.007 -20"><span class='ocrx_word' id='word_1_701' title='bbox 2135 4400 2456 4471; x_wconf 88' lang='grc' dir='ltr'>θεραπεῦσαι</span> <span class='ocrx_word' id='word_1_702' title='bbox 2527 4392 2862 4467; x_wconf 77' lang='grc' dir='ltr'>δυναμένους</span> <span class='ocrx_word' id='word_1_703' title='bbox 2943 4393 3187 4469; x_wconf 76' lang='grc' dir='ltr'>εὑρήσεις</span> <span class='ocrx_word' id='word_1_704' title='bbox 3246 4394 3313 4446; x_wconf 67' lang='grc' dir='ltr'>’τδι</span> <span class='ocrx_word' id='word_1_705' title='bbox 3380 4390 3583 4447; x_wconf 79' lang='grc' dir='ltr'>Αὐτίκα</span> <span class='ocrx_word' id='word_1_706' title='bbox 3643 4389 3756 4462; x_wconf 86' lang='grc' dir='ltr'>γοῦν</span> 
     </span>
    </p>
   </div>
   <div class='ocr_carea' id='block_1_95' title="bbox 2134 4478 3759 4554">
    <p class='ocr_par' dir='ltr' id='par_1_95' title="bbox 2134 4478 3759 4554">
     <span class='ocr_line' id='line_1_96' title="bbox 2134 4478 3759 4554; baseline -0.004 -14"><span class='ocrx_word' id='word_1_707' title='bbox 2134 4491 2372 4554; x_wconf 81' lang='grc' dir='ltr'>Μωϋσῆς</span> <span class='ocrx_word' id='word_1_708' title='bbox 2424 4481 2513 4539; x_wconf 85' lang='grc' dir='ltr'>διὰ</span> <span class='ocrx_word' id='word_1_709' title='bbox 2571 4478 2840 4538; x_wconf 67' lang='grc' dir='ltr'>εὐσέϐειαν</span> <span class='ocrx_word' id='word_1_710' title='bbox 2901 4482 3111 4551; x_wconf 80' lang='grc' dir='ltr'>ἀπαθὴς</span> <span class='ocrx_word' id='word_1_711' title='bbox 3167 4481 3260 4536; x_wconf 86' lang='grc' dir='ltr'>τὸν</span> <span class='ocrx_word' id='word_1_712' title='bbox 3305 4481 3602 4547; x_wconf 77' lang='grc' dir='ltr'>πάντατῆς</span> <span class='ocrx_word' id='word_1_713' title='bbox 3632 4481 3759 4546; x_wconf 82' lang='grc' dir='ltr'>ζωῆς</span> 
     </span>
    </p>
   </div>
   <div class='ocr_carea' id='block_1_96' title="bbox 381 4563 2015 4663">
    <p class='ocr_par' dir='ltr' id='par_1_96' title="bbox 381 4573 2015 4651">
     <span class='ocr_line' id='line_1_97' title="bbox 381 4573 2015 4651; baseline 0.002 -21"><span class='ocrx_word' id='word_1_714' title='bbox 381 4573 609 4647; x_wconf 86' lang='lat' dir='ltr'>Moyses</span> <span class='ocrx_word' id='word_1_715' title='bbox 642 4581 878 4649; x_wconf 88' lang='lat' dir='ltr'>propter</span> <span class='ocrx_word' id='word_1_716' title='bbox 924 4578 1196 4650; x_wconf 87' lang='lat' dir='ltr'>pietatem</span> <span class='ocrx_word' id='word_1_717' title='bbox 1228 4580 1404 4635; x_wconf 91' lang='lat' dir='ltr'>totius</span> <span class='ocrx_word' id='word_1_718' title='bbox 1436 4581 1562 4635; x_wconf 81' lang='lat' dir='ltr'>vitae</span> <span class='ocrx_word' id='word_1_719' title='bbox 1611 4585 1845 4651; x_wconf 89' lang='lat' dir='ltr'>tempus</span> <span class='ocrx_word' id='word_1_720' title='bbox 1888 4596 2015 4635; x_wconf 91' lang='lat' dir='ltr'>con-</span> 
     </span>
    </p>
   </div>
   <div class='ocr_carea' id='block_1_97' title="bbox 2128 4563 3760 4663">
    <p class='ocr_par' dir='ltr' id='par_1_97' title="bbox 2136 4563 3760 4649">
     <span class='ocr_line' id='line_1_98' title="bbox 2136 4563 3760 4649; baseline -0.008 -19"><span class='ocrx_word' id='word_1_721' title='bbox 2136 4573 2401 4631; x_wconf 71' lang='grc' dir='ltr'>διετέλεσε</span> <span class='ocrx_word' id='word_1_722' title='bbox 2431 4572 2652 4649; x_wconf 90' lang='grc' dir='ltr'>χρόνον,</span> <span class='ocrx_word' id='word_1_723' title='bbox 2685 4572 2774 4626; x_wconf 76' lang='grc' dir='ltr'>καὶ</span> <span class='ocrx_word' id='word_1_724' title='bbox 2821 4570 2949 4633; x_wconf 79' lang='grc' dir='ltr'>τοὺς</span> <span class='ocrx_word' id='word_1_725' title='bbox 3006 4569 3336 4647; x_wconf 77' lang='grc' dir='ltr'>Αἰγυπτίους</span> <span class='ocrx_word' id='word_1_726' title='bbox 3396 4568 3465 4624; x_wconf 89' lang='grc' dir='ltr'>δι’</span> <span class='ocrx_word' id='word_1_727' title='bbox 3522 4563 3760 4641; x_wconf 81' lang='grc' dir='ltr'>ἁμαρτίας</span> 
     </span>
    </p>
   </div>
   <div class='ocr_carea' id='block_1_98' title="bbox 385 4665 2029 4742">
    <p class='ocr_par' dir='ltr' id='par_1_98' title="bbox 385 4665 2029 4742">
     <span class='ocr_line' id='line_1_99' title="bbox 385 4665 2029 4742; baseline 0.004 -23"><span class='ocrx_word' id='word_1_728' title='bbox 385 4665 703 4720; x_wconf 85' lang='lat' dir='ltr'>summavit</span> <span class='ocrx_word' id='word_1_729' title='bbox 733 4666 871 4721; x_wconf 91' lang='lat' dir='ltr'>mali</span> <span class='ocrx_word' id='word_1_730' title='bbox 904 4683 1129 4739; x_wconf 82' lang='lat' dir='ltr'>expers,</span> <span class='ocrx_word' id='word_1_731' title='bbox 1159 4673 1216 4724; x_wconf 89' lang='lat' dir='ltr'>et</span> <span class='ocrx_word' id='word_1_732' title='bbox 1235 4669 1534 4742; x_wconf 60' lang='lat' dir='ltr'>[Egyptios</span> <span class='ocrx_word' id='word_1_733' title='bbox 1564 4671 1636 4725; x_wconf 93' lang='lat' dir='ltr'>ob</span> <span class='ocrx_word' id='word_1_734' title='bbox 1670 4673 1902 4742; x_wconf 86' lang='lat' dir='ltr'>peccata</span> <span class='ocrx_word' id='word_1_735' title='bbox 1932 4686 2029 4741; x_wconf 89' lang='lat' dir='ltr'>pa-</span> 
     </span>
    </p>
   </div>
   <div class='ocr_carea' id='block_1_99' title="bbox 383 4753 1165 4827">
    <p class='ocr_par' dir='ltr' id='par_1_99' title="bbox 383 4753 1165 4827">
     <span class='ocr_line' id='line_1_100' title="bbox 383 4753 1165 4827; baseline 0.008 -18"><span class='ocrx_word' id='word_1_736' title='bbox 383 4753 595 4811; x_wconf 85' lang='lat' dir='ltr'>tientes</span> <span class='ocrx_word' id='word_1_737' title='bbox 626 4756 894 4827; x_wconf 88' lang='lat' dir='ltr'>precibus</span> <span class='ocrx_word' id='word_1_738' title='bbox 920 4758 1165 4815; x_wconf 88' lang='lat' dir='ltr'>sanavit.</span> 
     </span>
    </p>
   </div>
   <div class='ocr_carea' id='block_1_100' title="bbox 458 4843 2032 4920">
    <p class='ocr_par' dir='ltr' id='par_1_100' title="bbox 458 4843 2032 4920">
     <span class='ocr_line' id='line_1_101' title="bbox 458 4843 2032 4920; baseline 0.001 -21"><span class='ocrx_word' id='word_1_739' title='bbox 458 4843 649 4900; x_wconf 82' lang='lat' dir='ltr'><strong>XXIII.</strong></span> <span class='ocrx_word' id='word_1_740' title='bbox 678 4846 825 4901; x_wconf 90' lang='lat' dir='ltr'>Tum</span> <span class='ocrx_word' id='word_1_741' title='bbox 870 4846 1111 4903; x_wconf 90' lang='lat' dir='ltr'>Simon:</span> <span class='ocrx_word' id='word_1_742' title='bbox 1164 4848 1292 4904; x_wconf 70' lang='lat' dir='ltr'>Hzec</span> <span class='ocrx_word' id='word_1_743' title='bbox 1340 4848 1576 4920; x_wconf 90' lang='lat' dir='ltr'>quidem</span> <span class='ocrx_word' id='word_1_744' title='bbox 1624 4848 1706 4904; x_wconf 89' lang='lat' dir='ltr'>ita</span> <span class='ocrx_word' id='word_1_745' title='bbox 1758 4863 1885 4903; x_wconf 88' lang='lat' dir='ltr'>sese</span> <span class='ocrx_word' id='word_1_746' title='bbox 1932 4846 2032 4901; x_wconf 91' lang='lat' dir='ltr'>ha-</span> 
     </span>
    </p>
   </div>
   <div class='ocr_carea' id='block_1_101' title="bbox 388 4933 2032 5007">
    <p class='ocr_par' dir='ltr' id='par_1_101' title="bbox 388 4933 2032 5007">
     <span class='ocr_line' id='line_1_102' title="bbox 388 4933 2032 5007; baseline 0.001 -18"><span class='ocrx_word' id='word_1_747' title='bbox 388 4933 584 4989; x_wconf 86' lang='lat' dir='ltr'>beant.</span> <span class='ocrx_word' id='word_1_748' title='bbox 616 4935 725 4990; x_wconf 89' lang='lat' dir='ltr'>Sed</span> <span class='ocrx_word' id='word_1_749' title='bbox 749 4935 1115 5007; x_wconf 67' lang='lat' dir='ltr'>inazqualitas</span> <span class='ocrx_word' id='word_1_750' title='bbox 1147 4938 1298 4993; x_wconf 89' lang='lat' dir='ltr'>inter</span> <span class='ocrx_word' id='word_1_751' title='bbox 1320 4937 1585 4994; x_wconf 89' lang='lat' dir='ltr'>homines</span> <span class='ocrx_word' id='word_1_752' title='bbox 1607 4953 1800 4993; x_wconf 91' lang='lat' dir='ltr'>nonne</span> <span class='ocrx_word' id='word_1_753' title='bbox 1828 4936 1933 4992; x_wconf 89' lang='lat' dir='ltr'>tibi</span> <span class='ocrx_word' id='word_1_754' title='bbox 1953 4934 2032 4991; x_wconf 91' lang='lat' dir='ltr'>vi-</span> 
     </span>
    </p>
   </div>
   <div class='ocr_carea' id='block_1_102' title="bbox 388 5022 2032 5096">
    <p class='ocr_par' dir='ltr' id='par_1_102' title="bbox 388 5022 2032 5096">
     <span class='ocr_line' id='line_1_103' title="bbox 388 5022 2032 5096; baseline 0.001 -19"><span class='ocrx_word' id='word_1_755' title='bbox 388 5022 558 5078; x_wconf 90' lang='lat' dir='ltr'>detur</span> <span class='ocrx_word' id='word_1_756' title='bbox 578 5023 1009 5095; x_wconf 80' lang='lat' dir='ltr'>injustissima?</span> <span class='ocrx_word' id='word_1_757' title='bbox 1030 5026 1189 5082; x_wconf 87' lang='lat' dir='ltr'>Alter</span> <span class='ocrx_word' id='word_1_758' title='bbox 1208 5027 1363 5081; x_wconf 92' lang='lat' dir='ltr'>enim</span> <span class='ocrx_word' id='word_1_759' title='bbox 1386 5025 1700 5096; x_wconf 89' lang='lat' dir='ltr'>mendicat,</span> <span class='ocrx_word' id='word_1_760' title='bbox 1724 5024 1869 5081; x_wconf 90' lang='lat' dir='ltr'>alter</span> <span class='ocrx_word' id='word_1_761' title='bbox 1892 5024 2032 5080; x_wconf 89' lang='lat' dir='ltr'>divi-</span> 
     </span>
    </p>
   </div>
   <div class='ocr_carea' id='block_1_103' title="bbox 383 5110 2034 5187">
    <p class='ocr_par' dir='ltr' id='par_1_103' title="bbox 383 5110 2034 5187">
     <span class='ocr_line' id='line_1_104' title="bbox 383 5110 2034 5187; baseline 0.001 -20"><span class='ocrx_word' id='word_1_762' title='bbox 383 5110 485 5168; x_wconf 90' lang='lat' dir='ltr'>tiis</span> <span class='ocrx_word' id='word_1_763' title='bbox 516 5113 795 5184; x_wconf 89' lang='lat' dir='ltr'>abundat,</span> <span class='ocrx_word' id='word_1_764' title='bbox 829 5114 974 5170; x_wconf 90' lang='lat' dir='ltr'>alter</span> <span class='ocrx_word' id='word_1_765' title='bbox 1003 5120 1265 5187; x_wconf 82' lang='lat' dir='ltr'>aegrotat,</span> <span class='ocrx_word' id='word_1_766' title='bbox 1312 5116 1456 5171; x_wconf 92' lang='lat' dir='ltr'>alter</span> <span class='ocrx_word' id='word_1_767' title='bbox 1487 5114 1669 5170; x_wconf 90' lang='lat' dir='ltr'>nimia</span> <span class='ocrx_word' id='word_1_768' title='bbox 1700 5113 2034 5170; x_wconf 88' lang='lat' dir='ltr'>valetudine</span> 
     </span>
    </p>
   </div>
   <div class='ocr_carea' id='block_1_104' title="bbox 2135 4660 2832 4741">
    <p class='ocr_par' dir='ltr' id='par_1_104' title="bbox 2135 4660 2832 4741">
     <span class='ocr_line' id='line_1_105' title="bbox 2135 4660 2832 4741; baseline -0.003 -22"><span class='ocrx_word' id='word_1_769' title='bbox 2135 4664 2443 4741; x_wconf 88' lang='grc' dir='ltr'>πάσχοντας</span> <span class='ocrx_word' id='word_1_770' title='bbox 2473 4661 2661 4738; x_wconf 79' lang='grc' dir='ltr'>εὐχαῖς</span> <span class='ocrx_word' id='word_1_771' title='bbox 2694 4660 2832 4717; x_wconf 67' lang='lat' dir='ltr'>tam.</span> 
     </span>
    </p>
   </div>
   <div class='ocr_carea' id='block_1_105' title="bbox 2211 4830 3761 4913">
    <p class='ocr_par' dir='ltr' id='par_1_105' title="bbox 2211 4830 3761 4913">
     <span class='ocr_line' id='line_1_106' title="bbox 2211 4830 3761 4913; baseline -0.008 -15"><span class='ocrx_word' id='word_1_772' title='bbox 2211 4847 2397 4898; x_wconf 83' lang='lat' dir='ltr'><strong>XXIII.</strong></span> <span class='ocrx_word' id='word_1_773' title='bbox 2432 4838 2530 4896; x_wconf 82' lang='grc' dir='ltr'>Καὶ</span> <span class='ocrx_word' id='word_1_774' title='bbox 2561 4840 2589 4895; x_wconf 81' lang='grc' dir='ltr'>ὁ</span> <span class='ocrx_word' id='word_1_775' title='bbox 2616 4839 2823 4913; x_wconf 78' lang='grc' dir='ltr'>Σίμων’</span> <span class='ocrx_word' id='word_1_776' title='bbox 2854 4840 3034 4893; x_wconf 86' lang='grc' dir='ltr'>Ἔστω</span> <span class='ocrx_word' id='word_1_777' title='bbox 3064 4838 3159 4911; x_wconf 78' lang='grc' dir='ltr'>μὶν</span> <span class='ocrx_word' id='word_1_778' title='bbox 3189 4840 3356 4892; x_wconf 87' lang='grc' dir='ltr'>ταῦτα</span> <span class='ocrx_word' id='word_1_779' title='bbox 3403 4834 3574 4897; x_wconf 70' lang='grc' dir='ltr'>οὕτως</span> <span class='ocrx_word' id='word_1_780' title='bbox 3615 4830 3761 4906; x_wconf 80' lang='grc' dir='ltr'>ἔχειν.</span> 
     </span>
    </p>
   </div>
   <div class='ocr_carea' id='block_1_106' title="bbox 2141 4918 3763 4999">
    <p class='ocr_par' dir='ltr' id='par_1_106' title="bbox 2141 4918 3763 4999">
     <span class='ocr_line' id='line_1_107' title="bbox 2141 4918 3763 4999; baseline -0.008 -12"><span class='ocrx_word' id='word_1_781' title='bbox 2141 4930 2213 4987; x_wconf 84' lang='grc' dir='ltr'>Οὑ</span> <span class='ocrx_word' id='word_1_782' title='bbox 2263 4928 2412 4986; x_wconf 91' lang='grc' dir='ltr'>δοκεῖ</span> <span class='ocrx_word' id='word_1_783' title='bbox 2459 4951 2544 4985; x_wconf 91' lang='grc' dir='ltr'>σοι</span> <span class='ocrx_word' id='word_1_784' title='bbox 2592 4925 2900 4998; x_wconf 86' lang='grc' dir='ltr'>ἀδικωτάτη</span> <span class='ocrx_word' id='word_1_785' title='bbox 2947 4929 2982 4996; x_wconf 74' lang='grc' dir='ltr'>ἡ</span> <span class='ocrx_word' id='word_1_786' title='bbox 3033 4925 3084 4981; x_wconf 71' lang='grc' dir='ltr'>ἑν</span> <span class='ocrx_word' id='word_1_787' title='bbox 3116 4925 3421 4999; x_wconf 87' lang='grc' dir='ltr'>ἀνθρώποις</span> <span class='ocrx_word' id='word_1_788' title='bbox 3462 4918 3763 4996; x_wconf 74' lang='grc' dir='ltr'>ἀνωμαλίας</span> 
     </span>
    </p>
   </div>
   <div class='ocr_carea' id='block_1_107' title="bbox 2139 5006 3768 5094">
    <p class='ocr_par' dir='ltr' id='par_1_107' title="bbox 2139 5006 3768 5094">
     <span class='ocr_line' id='line_1_108' title="bbox 2139 5006 3768 5094; baseline -0.007 -19"><span class='ocrx_word' id='word_1_789' title='bbox 2139 5022 2234 5083; x_wconf 89' lang='grc' dir='ltr'>Ὃς</span> <span class='ocrx_word' id='word_1_790' title='bbox 2288 5019 2381 5093; x_wconf 70' lang='grc' dir='ltr'>μὲν</span> <span class='ocrx_word' id='word_1_791' title='bbox 2430 5019 2534 5094; x_wconf 79' lang='grc' dir='ltr'>γὰρ</span> <span class='ocrx_word' id='word_1_792' title='bbox 2600 5016 2838 5082; x_wconf 70' lang='grc' dir='ltr'>πένεται,</span> <span class='ocrx_word' id='word_1_793' title='bbox 2891 5015 2949 5078; x_wconf 82' lang='grc' dir='ltr'>ὃς</span> <span class='ocrx_word' id='word_1_794' title='bbox 3000 5012 3057 5069; x_wconf 75' lang='grc' dir='ltr'>δὶ</span> <span class='ocrx_word' id='word_1_795' title='bbox 3103 5012 3348 5082; x_wconf 88' lang='grc' dir='ltr'>πλουτεῖ,</span> <span class='ocrx_word' id='word_1_796' title='bbox 3396 5014 3546 5071; x_wconf 64' lang='lat'>89.</span> <span class='ocrx_word' id='word_1_797' title='bbox 3590 5008 3673 5065; x_wconf 84' lang='lat' dir='ltr'>xui</span> <span class='ocrx_word' id='word_1_798' title='bbox 3715 5006 3768 5094; x_wconf 71' lang='grc' dir='ltr'>ὃς</span> 
     </span>
    </p>
   </div>
   <div class='ocr_carea' id='block_1_108' title="bbox 2148 5092 3770 5183">
    <p class='ocr_par' dir='ltr' id='par_1_108' title="bbox 2148 5092 3770 5183">
     <span class='ocr_line' id='line_1_109' title="bbox 2148 5092 3770 5183; baseline -0.009 -19"><span class='ocrx_word' id='word_1_799' title='bbox 2148 5110 2242 5183; x_wconf 73' lang='grc' dir='ltr'>μὲν</span> <span class='ocrx_word' id='word_1_800' title='bbox 2295 5092 2463 5177; x_wconf 87' lang='grc' dir='ltr'>νοσεῖ,</span> <span class='ocrx_word' id='word_1_801' title='bbox 2495 5092 2587 5162; x_wconf 80' lang='grc' dir='ltr'>καὶ</span> <span class='ocrx_word' id='word_1_802' title='bbox 2644 5105 2730 5181; x_wconf 75' lang='grc' dir='ltr'>[ὃς</span> <span class='ocrx_word' id='word_1_803' title='bbox 2786 5101 2865 5178; x_wconf 66' lang='grc' dir='ltr'>δὲ]</span> <span class='ocrx_word' id='word_1_804' title='bbox 2924 5102 3165 5180; x_wconf 87' lang='grc' dir='ltr'>ὑγιαίνει,</span> <span class='ocrx_word' id='word_1_805' title='bbox 3224 5103 3312 5158; x_wconf 85' lang='grc' dir='ltr'>καὶ</span> <span class='ocrx_word' id='word_1_806' title='bbox 3366 5103 3519 5175; x_wconf 86' lang='grc' dir='ltr'>ὁμῶς</span> <span class='ocrx_word' id='word_1_807' title='bbox 3570 5092 3770 5154; x_wconf 84' lang='grc' dir='ltr'>τοιαῦτά</span> 
     </span>
    </p>
   </div>
   <div class='ocr_carea' id='block_1_109' title="bbox 384 5187 2015 5276">
    <p class='ocr_par' dir='ltr' id='par_1_109' title="bbox 384 5199 2015 5276">
     <span class='ocr_line' id='line_1_110' title="bbox 384 5199 2015 5276; baseline 0.002 -21"><span class='ocrx_word' id='word_1_808' title='bbox 384 5199 695 5269; x_wconf 86' lang='lat' dir='ltr'>fruitur,et</span> <span class='ocrx_word' id='word_1_809' title='bbox 713 5220 837 5276; x_wconf 62' lang='lat' dir='ltr'>quae</span> <span class='ocrx_word' id='word_1_810' title='bbox 862 5203 1203 5276; x_wconf 89' lang='lat' dir='ltr'>hujusmodi</span> <span class='ocrx_word' id='word_1_811' title='bbox 1224 5203 1752 5260; x_wconf 89' lang='lat' dir='ltr'>innumerabiliain</span> <span class='ocrx_word' id='word_1_812' title='bbox 1776 5202 2015 5259; x_wconf 70' lang='lat' dir='ltr'>humani</span> 
     </span>
    </p>
   </div>
   <div class='ocr_carea' id='block_1_110' title="bbox 2128 5187 3766 5276">
    <p class='ocr_par' dir='ltr' id='par_1_110' title="bbox 2142 5187 3766 5273">
     <span class='ocr_line' id='line_1_111' title="bbox 2142 5187 3766 5273; baseline -0.005 -20"><span class='ocrx_word' id='word_1_813' title='bbox 2142 5217 2263 5253; x_wconf 88' lang='grc' dir='ltr'>τινα</span> <span class='ocrx_word' id='word_1_814' title='bbox 2321 5193 2487 5273; x_wconf 87' lang='grc' dir='ltr'>μυρία</span> <span class='ocrx_word' id='word_1_815' title='bbox 2543 5194 2595 5251; x_wconf 76' lang='grc' dir='ltr'>ἐν</span> <span class='ocrx_word' id='word_1_816' title='bbox 2657 5197 2738 5266; x_wconf 82' lang='grc' dir='ltr'>τῷ</span> <span class='ocrx_word' id='word_1_817' title='bbox 2796 5192 3121 5270; x_wconf 84' lang='grc' dir='ltr'>ἀνθρωπίνῳ</span> <span class='ocrx_word' id='word_1_818' title='bbox 3180 5189 3305 5269; x_wconf 84' lang='grc' dir='ltr'>βίῳ.</span> <span class='ocrx_word' id='word_1_819' title='bbox 3346 5190 3445 5247; x_wconf 79' lang='grc' dir='ltr'>Καὶ</span> <span class='ocrx_word' id='word_1_820' title='bbox 3492 5189 3520 5244; x_wconf 82' lang='grc' dir='ltr'>ὑ</span> <span class='ocrx_word' id='word_1_821' title='bbox 3565 5187 3766 5262; x_wconf 72' lang='grc' dir='ltr'>Πέτρος·</span> 
     </span>
    </p>
   </div>
   <div class='ocr_carea' id='block_1_111' title="bbox 456 5347 1021 5419">
    <p class='ocr_par' dir='ltr' id='par_1_111' title="bbox 456 5347 1021 5419">
     <span class='ocr_line' id='line_1_112' title="bbox 456 5347 1021 5419; baseline 0 -16"><span class='ocrx_word' id='word_1_822' title='bbox 456 5347 535 5419; x_wconf 79' lang='grc' dir='ltr'>(α)</span> <span class='ocrx_word' id='word_1_823' title='bbox 564 5347 731 5405; x_wconf 84' lang='lat' dir='ltr'>Joan.</span> <span class='ocrx_word' id='word_1_824' title='bbox 772 5364 849 5416; x_wconf 71' lang='grc' dir='ltr'>ιχ,</span> <span class='ocrx_word' id='word_1_825' title='bbox 880 5350 934 5417; x_wconf 87' lang='grc'>2,</span> <span class='ocrx_word' id='word_1_826' title='bbox 967 5349 1021 5404; x_wconf 88' lang='grc'>3.</span> 
     </span>
    </p>
   </div>
   <div class='ocr_carea' id='block_1_112' title="bbox 1734 5466 2423 5527">
    <p class='ocr_par' dir='ltr' id='par_1_112' title="bbox 1734 5466 2423 5527">
     <span class='ocr_line' id='line_1_113' title="bbox 1734 5466 2423 5527; baseline -0.006 -2"><span class='ocrx_word' id='word_1_827' title='bbox 1734 5469 1977 5527; x_wconf 72' lang='grc' dir='ltr'>νΑΒυΕ</span> <span class='ocrx_word' id='word_1_828' title='bbox 2012 5466 2423 5526; x_wconf 86' lang='lat' dir='ltr'>LECTIONES.</span> 
     </span>
    </p>
   </div>
   <div class='ocr_carea' id='block_1_113' title="bbox 457 5584 3765 5682">
    <p class='ocr_par' dir='ltr' id='par_1_113' title="bbox 457 5584 3765 5682">
     <span class='ocr_line' id='line_1_114' title="bbox 457 5584 3765 5682; baseline -0.007 -19"><span class='ocrx_word' id='word_1_829' title='bbox 457 5606 685 5682; x_wconf 69' lang='grc' dir='ltr'>δθόρμῶ</span> <span class='ocrx_word' id='word_1_830' title='bbox 718 5609 858 5682; x_wconf 50' lang='lat'>0.10</span> <span class='ocrx_word' id='word_1_831' title='bbox 884 5608 947 5663; x_wconf 85' lang='grc' dir='ltr'>τό</span> <span class='ocrx_word' id='word_1_832' title='bbox 996 5609 1060 5665; x_wconf 94' lang='lat'>0.</span> <span class='ocrx_word' id='word_1_833' title='bbox 1092 5611 1136 5650; x_wconf 75' lang='grc' dir='ltr'>τί</span> <span class='ocrx_word' id='word_1_834' title='bbox 1170 5604 1759 5682; x_wconf 13' lang='grc' dir='ltr'>ἂνμεῖ-(εᾳοροιοιυω)</span> <span class='ocrx_word' id='word_1_835' title='bbox 1789 5603 1935 5676; x_wconf 79' lang='grc' dir='ltr'>εἶμεν</span> <span class='ocrx_word' id='word_1_836' title='bbox 1982 5605 2045 5660; x_wconf 91' lang='lat'>0.</span> <span class='ocrx_word' id='word_1_837' title='bbox 2096 5602 2143 5639; x_wconf 81' lang='grc'>⁷³</span> <span class='ocrx_word' id='word_1_838' title='bbox 2192 5598 2349 5677; x_wconf 84' lang='grc' dir='ltr'>λέγον</span> <span class='ocrx_word' id='word_1_839' title='bbox 2398 5599 2528 5673; x_wconf 89' lang='lat' dir='ltr'>(sic)</span> <span class='ocrx_word' id='word_1_840' title='bbox 2576 5598 2641 5656; x_wconf 91' lang='grc' dir='ltr'>Ο.</span> <span class='ocrx_word' id='word_1_841' title='bbox 2692 5598 2739 5635; x_wconf 77' lang='grc'>⁷³</span> <span class='ocrx_word' id='word_1_842' title='bbox 2768 5615 2821 5653; x_wconf 88' lang='grc' dir='ltr'>εν</span> <span class='ocrx_word' id='word_1_843' title='bbox 2870 5597 3090 5669; x_wconf 86' lang='lat' dir='ltr'>absque</span> <span class='ocrx_word' id='word_1_844' title='bbox 3134 5594 3344 5669; x_wconf 87' lang='lat' dir='ltr'>spiritu</span> <span class='ocrx_word' id='word_1_845' title='bbox 3392 5595 3483 5662; x_wconf 91' lang='lat'>0.,</span> <span class='ocrx_word' id='word_1_846' title='bbox 3514 5588 3611 5663; x_wconf 87' lang='lat' dir='ltr'>qui</span> <span class='ocrx_word' id='word_1_847' title='bbox 3646 5584 3765 5644; x_wconf 86' lang='lat' dir='ltr'>dein</span> 
     </span>
    </p>
   </div>
   <div class='ocr_carea' id='block_1_114' title="bbox 391 5674 1711 5768">
    <p class='ocr_par' dir='ltr' id='par_1_114' title="bbox 391 5674 1711 5768">
     <span class='ocr_line' id='line_1_115' title="bbox 391 5674 1711 5768; baseline -0.005 -28"><span class='ocrx_word' id='word_1_848' title='bbox 391 5674 678 5761; x_wconf 64' lang='grc' dir='ltr'>ἱγεννήθη.</span> <span class='ocrx_word' id='word_1_849' title='bbox 711 5683 755 5718; x_wconf 69' lang='grc'>⁷⁸</span> <span class='ocrx_word' id='word_1_850' title='bbox 784 5680 944 5768; x_wconf 71' lang='grc' dir='ltr'>εὕρης</span> <span class='ocrx_word' id='word_1_851' title='bbox 978 5682 1068 5750; x_wconf 89' lang='grc'>0.,</span> <span class='ocrx_word' id='word_1_852' title='bbox 1101 5679 1203 5752; x_wconf 88' lang='lat' dir='ltr'>qui</span> <span class='ocrx_word' id='word_1_853' title='bbox 1233 5674 1366 5736; x_wconf 83' lang='lat' dir='ltr'>dein</span> <span class='ocrx_word' id='word_1_854' title='bbox 1399 5675 1483 5734; x_wconf 87' lang='grc' dir='ltr'>διό</span> <span class='ocrx_word' id='word_1_855' title='bbox 1515 5696 1571 5751; x_wconf 92' lang='lat' dir='ltr'>p.</span> <span class='ocrx_word' id='word_1_856' title='bbox 1607 5674 1711 5733; x_wconf 85' lang='grc' dir='ltr'>διά.</span> 
     </span>
    </p>
   </div>
   <div class='ocr_carea' id='block_1_115' title="bbox 3932 65 3979 2385">
    <p class='ocr_par' dir='ltr' id='par_1_115' title="bbox 3936 354 3975 2215">
     <span class='ocr_line' id='line_1_116' title="bbox 3936 354 3939 397; baseline 0 0"><span class='ocrx_word' id='word_1_857' title='bbox 3936 354 3939 397; x_wconf 57' lang='grc' dir='ltr'>ι</span> 
     </span>
     <span class='ocr_line' id='line_1_117' title="bbox 3944 654 3945 701; baseline 0 0"><span class='ocrx_word' id='word_1_858' title='bbox 3944 654 3945 701; x_wconf 73' lang='lat' dir='ltr'>l</span> 
     </span>
     <span class='ocr_line' id='line_1_118' title="bbox 3946 756 3947 843; baseline 0 0"><span class='ocrx_word' id='word_1_859' title='bbox 3946 756 3947 843; x_wconf 61' lang='grc' dir='ltr'>ί</span> 
     </span>
     <span class='ocr_line' id='line_1_119' title="bbox 3946 856 3949 935; baseline 0 0"><span class='ocrx_word' id='word_1_860' title='bbox 3946 856 3949 935; x_wconf 71' lang='lat' dir='ltr'>l</span> 
     </span>
     <span class='ocr_line' id='line_1_120' title="bbox 3946 946 3951 1025; baseline 0 0"><span class='ocrx_word' id='word_1_861' title='bbox 3946 946 3951 1025; x_wconf 59' lang='grc' dir='ltr'>ί</span> 
     </span>
     <span class='ocr_line' id='line_1_121' title="bbox 3952 1056 3953 1125; baseline 0 0"><span class='ocrx_word' id='word_1_862' title='bbox 3952 1056 3953 1125; x_wconf 71' lang='lat' dir='ltr'>l</span> 
     </span>
     <span class='ocr_line' id='line_1_122' title="bbox 3956 1258 3957 1301; baseline 0 0"><span class='ocrx_word' id='word_1_863' title='bbox 3956 1258 3957 1301; x_wconf 59' lang='grc' dir='ltr'>ι</span> 
     </span>
     <span class='ocr_line' id='line_1_123' title="bbox 3958 1358 3959 1413; baseline 0 0"><span class='ocrx_word' id='word_1_864' title='bbox 3958 1358 3959 1413; x_wconf 71' lang='lat' dir='ltr'>l</span> 
     </span>
     <span class='ocr_line' id='line_1_124' title="bbox 3968 1860 3969 1909; baseline 0 0"><span class='ocrx_word' id='word_1_865' title='bbox 3968 1860 3969 1909; x_wconf 62' lang='grc' dir='ltr'>ί</span> 
     </span>
     <span class='ocr_line' id='line_1_125' title="bbox 3974 2162 3975 2215; baseline 0 0"><span class='ocrx_word' id='word_1_866' title='bbox 3974 2162 3975 2215; x_wconf 71' lang='lat' dir='ltr'>l</span> 
     </span>
    </p>
   </div>
  </div>
