4082 6208
266 331 392 391 445

1383 329 1910 393 CLEMENTINA.
1942 358 2022 376 —-
2048 330 2377 393 HOMILIA
2419 331 2582 393 XIX.

3561 330 3681 392 “6

265 460 343 515 Ού
385 463 633 536 συνορᾷς,
686 460 731 515 ὧ
782 458 992 534 Σίμων,
1027 458 1109 515 ὅτι
1157 460 1322 516 πάλιν
1374 460 1523 523 έκτὸς
1568 464 1665 516 τοῦ
1714 464 1917 515 σκοποῦ

2040 462 2149 517 vita
2179 463 2547 533 reperiuntur
2575 462 2708 519 alia.
2741 464 2811 519 Et
2842 464 3045 519 Petrus
3072 479 3084 519 :
3132 463 3335 519 Nonne
3374 462 3553 529 vides,
3589 464 3678 518 Si-

262 549 398 611 τοὺς
469 548 669 624 λόγους
734 549 1011 622 πέμπεις;
1080 552 1207 626 Περὶ
1274 555 1518 627 πονηροῦ
1586 552 1689 626 γὰρ
1764 552 1925 622 ἡμῶν

268 636 698 715 διαλεγομένων,
751 638 812 693 σὺ
856 638 1122 714 ἐκτροπὴν
1188 641 1418 709 ποιήσας
1466 638 1589 715 περὶ
1651 643 1757 692 τῶν
1832 636 1923 694 δο-

264 727 511 782 κούντων
543 728 719 797 ἀσοπη
734 729 913 800 μάτων
946 730 1036 782 τὸν
1090 727 1254 803 λόγον
1307 728 1605 801 εἷσηγήσω.
1640 726 1792 796 Πλὴν
1834 727 1923 782 καὶ

268 817 347 879 εἷς
404 817 533 871 αύτὸ
582 816 709 892 ἐρῶ.
743 818 801 870 Ὁ
848 817 1052 889 κόσμος
1098 813 1326 892 ὅργανόν
1377 815 1484 871 ἐστι
1524 822 1791 892 τεχνικῶς
1834 838 1923 892 γε·

267 906 437 982 γονὸς
488 904 671 977 ⁷⁵,ῗνα
721 910 799 977 τῷ
847 904 1088 978 ἐσομένῳ
1136 905 1315 981 ἄῤῥενι
1369 905 1599 967 αἰωνίως
1649 908 1684 975 ὴ
1732 904 1926 975 θήλεια

268 993 431 1068 τίκτῃ
479 992 722 1056 δικαίους
771 994 1023 1056 αἰωνίους
1073 994 1241 1056 υἱούς.
1294 994 1403 1049 Οὑκ
1452 992 1703 1049 ἐδύναντο
1744 991 1801 1048 δὲ
1845 993 1925 1047 εὑ-

271 1079 452 1145 σεὸεῖς
485 1086 531 1120 ⁷⁸
560 1082 781 1137 ἐνταῦθα
810 1082 1257 1155 ἀποτελεσθῆναι,
1292 1084 1335 1138 εἰ
1372 1085 1446 1155 μὴ
1483 1084 1616 1153 ἦσαν
1653 1084 1703 1136 oi
1729 1080 1925 1145 ἐνδεεῖς

270 1174 355 1233 οἷς
410 1172 881 1247 ἐπικουρήσουσιν.
942 1171 1177 1245 Ὁμοίως
1221 1193 1280 1226 τε
1325 1172 1415 1226 καί
1466 1170 1556 1227 διὰ
1614 1176 1775 1226 τοῦτο
1826 1171 1927 1226 εἰσὶ

266 1261 360 1316 καὶ
395 1266 697 1332 νοσοῦντες,
732 1262 806 1315 ὧν
855 1264 1273 1337 προνοήσουσιν.
1316 1262 1414 1316 Καὶ
1453 1261 1518 1315 τά
1563 1261 1687 1332 ἑξῆς
1732 1266 1925 1316 τοῦτον

268 1350 524 1425 περιέχει
562 1350 653 1404 τὸν
706 1350 889 1425 λόγον.
926 1351 1022 1406 Καὶ
1067 1351 1094 1405 6
1137 1349 1347 1423 Σίμων·
1390 1349 1595 1405 Ούκοῦν
1651 1351 1927 1425 ἠτύχηται

269 1444 394 1499 τοῖς
420 1445 734 1508 ταπεινοῖς;
768 1441 911 1515 Πρὸς
943 1440 1047 1515 γὰρ
1095 1440 1158 1494 τὸ
1207 1438 1630 1508 ἀποτελεσθῆναι
1687 1436 1929 1500 δικαίους

269 1527 428 1582 αὐτοὶ
480 1532 901 1603 κωκουχοῦνται.
958 1528 1055 1581 Καὶ
1107 1528 1135 1582 6
1187 1528 1414 1603 Πέτρος’
1474 1527 1539 1584 Εἰ
1588 1528 1656 1597 ἦν
1706 1527 1931 1589 αἰώνιος

268 1616 595 1677 ταπείνωσις
664 1616 859 1683 αὐτῶν,
926 1615 1124 1692 ἀτυχία
1188 1614 1246 1670 ἂν
1311 1620 1376 1686 ἦν
1446 1616 1699 1691 μεγίστη.
1752 1614 1932 1671 Ἀλλᾶ

268 1707 408 1781 πρὸς
432 1710 514 1760 τῶ
543 1703 740 1778 κλήρῳ
768 1707 834 1760 τὰ
861 1707 1249 1778 ταπεινώματα
1280 1705 1371 1760 καὶ
1405 1706 1676 1779 ὑψώματα
1721 1705 1929 1781 ἀνθρώ-

269 1815 401 1854 ποις
431 1794 660 1869 γίνεται.
693 1795 761 1871 ’ῼ
808 1791 855 1848 δ’
903 1794 961 1848 ἃν
1016 1796 1092 1867 μὴ
1145 1795 1340 1870 ἀρέσκῃ
1388 1796 1416 1849 6
1454 1794 1684 1870 κλῆρος,
1737 1789 1929 1848 ἔνεστιν
1964 1833 2010 1897 Β

272 1882 561 1953 ἑκκλήτως
606 1882 949 1959 χρησάμενον
1008 1883 1098 1937 καὶ
1161 1882 1415 1955 νομίμως
1481 1880 1929 1955 διαδικασάμενον

269 1974 366 2028 τὸν
401 1974 494 2027 ὑπ’
521 1972 687 2027 αὑτοῦ
722 1971 1022 2044 ὑπαλλάξαι
1060 1972 1200 2046 βίον.
1234 1972 1331 2027 Καὶ
1381 1974 1409 2027 6
1461 1972 1666 2045 Σίμων·
1695 1972 1785 2034 Τίς
1838 1972 1928 2027 οὗ-

270 2084 365 2124 τος
414 2064 443 2117 6
495 2062 727 2134 κλῆρος,
758 2061 847 2115 καὶ
897 2059 1206 2131 summac;
1259 2062 1356 2115 Καὶ
1406 2063 1433 2116 ὁ
1486 2063 1710 2137 Πέτρος·
1762 2064 1931 2116 Τοῦτο

274 2151 462 2225 ἑτέρου
525 2149 691 2225 λόγο)
750 2150 1001 2225 έξήγησίς
1048 2149 1210 2205 ἐστιν.
1260 2148 1412 2219 Πλὴν
1465 2150 1551 2205 ἐὰν
1619 2150 1929 2226 ἐπιτρέψῃς,

273 2238 443 2310 δεῖξαί
495 2262 578 2293 σοι
628 2238 921 2312 δυνάμεθα,
967 2243 1085 2301 πῶς
1126 2239 1502 2315 ἀναγεννηθεὶς
1552 2239 1639 2294 καὶ
1685 2241 1783 2308 τήν
1836 2236 1928 2315 γέ-

269 2351 413 2385 νεσιν
470 2328 784 2402 ὑπαλλάξας
824 2329 914 2383 καὶ
962 2328 1216 2402 νομίμως
1268 2330 1469 2403 βιώσας
1508 2329 1730 2384 αἷωνίου
1775 2329 1931 2403 τεύξῃ

275 2418 581 2495 σωτηρίας.

344 2598 539 2652 XXIV.
596 2595 697 2653 Καὶ
749 2596 777 2650 6
836 2595 1023 2668 Σίμων
1076 2600 1243 2650 ταῦτα
1302 2594 1535 2658 ἀκούσας
1600 2594 1724 2674 ἔφη·
1785 2598 1929 2667 Μήτι

273 2685 524 2758 νομίσῃς,
578 2685 652 2746 ὡς
720 2681 907 2752 ἐπειδὴ
972 2684 1047 2746 εἷς
1110 2680 1331 2739 ἕκαστον
1393 2684 1687 2763 κεφάλαιον
1753 2689 1929 2755 ζητῶν

270 2776 375 2848 [σε]
406 2772 762 2845 συνετιθέμην
798 2773 874 2835 ὡς
904 2771 1433 2851 πληροφορούμενος
1465 2772 1545 2852 ἐφ’
1566 2777 1720 2831 894
1747 2770 1930 2849 ἕτερον

269 2860 582 2937 ἐρχόμενον
653 2859 997 2939 κειράλαιονς
1086 2860 1211 2917 ἀλλ’
1289 2861 1510 2936 ἀγνοίας
1591 2883 1674 2917 σοι
1754 2862 1814 2916 τὸ
1888 2864 1931 2898 ⁷⁷

264 2952 548 3014 πείθεσθαι
602 2956 891 3027 παρεῖχον,
935 2947 1023 3004 ’ἶνα
1071 2948 1152 3005 ἐπ’
1200 2948 1339 3005 ἄλλο
1392 2949 1550 3025 ἔλθῃς
1615 2948 1929 3028 κεφάλαιον,

269 3038 431 3101 ὅπως
480 3039 657 3109 πάσης
697 3039 914 3115 ἀγνοίας
961 3061 1055 3093 σου
1126 3040 1309 3113 μαθὼν
1378 3040 1453 3113 μὴ
1526 3039 1929 3115 στοχαζόμενος

267 3131 674 3203 καταγινώσκω
744 3150 859 3184 σου.
921 3127 1097 3183 Ἀλλά
1148 3127 1780 3204 πεπληροφορημέ[νων]
1838 3134 1927 3184 νῦν

2037 568 2193 618 mon,
2228 557 2282 606 te
2332 552 2544 606 iterum
2578 557 2738 608 extra
2785 553 3145 625 propositum
3198 568 3497 607 sermones
3541 552 3678 607 mit-

2033 640 2198 696 tere?
2226 641 2405 696 Nobis
2433 641 2588 696 enim
2640 642 2710 695 de
2760 641 2913 696 malo
2962 641 3451 713 colloquentibus,
3484 641 3675 713 digre-

2035 730 2200 785 diens
2220 730 2701 801 disceptationem
2735 730 2804 784 de
2835 730 2907 783 iis
2931 734 2991 784 tu
3023 730 3367 799 introducis,
3402 747 3529 801 quae
3562 729 3673 784 sibi

2035 819 2429 875 contradicere
2459 819 2745 872 videntur.
2771 818 3164 873 Nihilominus
3186 818 3291 873 tibi
3316 818 3676 889 respondebo

2036 909 2292 964 Mundus
2324 912 2411 963 est
2440 926 2586 979 opus
2619 908 2929 963 artificiose
2963 908 3201 971 factum,
3237 912 3301 961 ut
3332 907 3590 962 masculo
3617 907 3677 961 in

2036 1000 2207 1052 tetern
2218 1013 2315 1051 um
2334 996 2529 1051 futuro
2546 997 2757 1051 femina
2774 995 2982 1067 pariatj
2996 1001 3155 1051 ustos
3169 1014 3233 1051 ac
3246 1002 3488 1051 aeternos
3503 995 3675 1051 ﬁlios.

2033 1087 2105 1141 At
2137 1086 2217 1157 pii
2251 1085 2343 1140 hic
2366 1087 2436 1141 ad
2465 1086 2878 1157 perfectionem
2900 1087 3095 1141 venire
3126 1103 3237 1141 non
3274 1090 3531 1157 possent,
3565 1084 3680 1139 nisi

2038 1191 2323 1248 pauperes
2356 1176 2721 1241 exsisterent,
2772 1175 2987 1246 quibus
3021 1175 3302 1229 auxilium
3336 1174 3566 1229 ferrent.
3602 1173 3686 1227 Si-

2040 1262 2163 1318 mili
2189 1264 2359 1318 modo
2382 1268 2437 1319 et
2461 1269 2807 1336 aegrotantes
2826 1264 3060 1333 adsunt,
3085 1263 3301 1335 quibus
3326 1262 3687 1334 provideant.

2041 1352 2107 1408 Et
2135 1368 2201 1407 eo
2245 1357 2513 1424 spectant
2565 1353 2807 1424 reliqua.
2860 1353 3008 1407 Tum
3060 1352 3295 1407 Sin‘on:
3329 1350 3477 1415 Quid
3526 1367 3685 1423 ergo,

2039 1455 2325 1512 pauperes
2354 1456 2545 1495 nonne
2577 1440 2839 1495 infelices
2871 1439 3058 1495 sunt?
3091 1440 3237 1495 Male
3270 1439 3549 1494 nimirum
3582 1455 3681 1511 pa-

2040 1528 2286 1593 tiuntur,
2321 1533 2384 1583 ut
2412 1529 2563 1599 justi
2592 1530 2663 1584 ad
2715 1529 3125 1600 perfectionem
3173 1528 3425 1583 veniant.
3479 1528 3547 1582 Et
3577 1530 3681 1582 Pe-

2040 1622 2207 1674 trus;
2250 1617 2306 1670 Si
2357 1634 2554 1673 eorum
2606 1617 2909 1673 humilitas
2956 1623 3111 1673 esset
3158 1623 3390 1685 aeterna,
3435 1616 3683 1672 infortu-

2041 1705 2204 1760 nium
2238 1711 2392 1761 esset
2417 1707 2759 1761 maximum.
2784 1707 2893 1762 Sed
2918 1706 3355 1761 humiliationes
3384 1710 3441 1761 et
3469 1704 3687 1761 exalta-

2040 1794 2229 1851 tiones
2262 1795 2599 1851 hominibus
2642 1801 2798 1851 sorte
2852 1796 3269 1851 attribuuntur.
3327 1795 3429 1850 Cui
3488 1799 3683 1850 autem

2040 1899 2167 1938 sors
2199 1901 2327 1939 non.
2348 1884 2555 1954 placet,
2589 1884 2668 1938 illi
2704 1884 2836 1939 licet
2879 1884 3083 1948 vitam,
3116 1900 3233 1954 qua
3271 1883 3453 1938 electa
3485 1883 3687 1950 utitur,

2040 1977 2192 2027 recte
2208 1973 2587 2044 dijudicatam
2613 1990 2713 2044 per
2728 1972 3109 2043 semetipsum
3133 1976 3512 2027 commutare.
3537 1971 3684 2025 Tum

2038 2059 2268 2115 Simon:
2299 2064 2575 2128 Quaenam
2598 2066 2685 2116 est
2714 2061 2812 2117 illa
2841 2078 2989 2127 sors,
3024 2066 3079 2115 et
3109 2078 3177 2116 ea
3207 2061 3444 2133 quidem
3472 2058 3684 2116 electa?

2041 2148 2108 2203 Et
2136 2148 2379 2204 Petrus:
2430 2151 2549 2204 Hoc
2589 2150 2739 2206 alius
2788 2150 3216 2221 disquisitionis
3265 2154 3681 2222 argumentum

2039 2242 2147 2293 est.
2181 2237 2620 2304 Verumtamen,
2655 2240 2701 2294 si
2751 2256 2865 2293 non
2898 2238 3171 2307 vetueris,
3220 2238 3324 2294 tibi
3375 2238 3682 2293 ostendere

2038 2344 2375 2399 possumus,
2397 2329 2685 2399 quomodo
2707 2328 3077 2400 generatione
3095 2332 3452 2383 commutata
3472 2327 3683 2382 iterum

2039 2422 2217 2472 natus
2248 2422 2310 2471 tu
2344 2422 2497 2473 recte
2529 2417 2770 2474 vivendo
2810 2421 3088 2473 aeternam
3138 2416 3394 2472 salutem
3440 2415 3687 2489 adipisci

2037 2506 2255 2562 valeas.

2111 2581 2304 2651 XXIV.
2338 2594 2561 2659 Quibus
2590 2595 2808 2651 auditis
2833 2595 3039 2651 Simon
3065 2593 3366 2667 respondit
3392 2612 3404 2651 :
3456 2596 3541 2649 An
3574 2610 3689 2649 non

2039 2684 2341 2757 intelligis,
2374 2686 2668 2757 quomodo
2699 2684 3063 2757 capitulatim
3097 2685 3432 2756 disquirens
3474 2683 3581 2739 tibi
3614 2684 3685 2739 ad

2041 2773 2369 2845 proximum
2417 2773 2807 2846 progredienti
2850 2779 3026 2845 caput
3074 2773 3469 2829 consenserim
3519 2773 3683 2845 quasi

2040 2862 2422 2918 satisfactus?
2450 2864 2560 2918 Sed
2623 2864 2753 2918 dedi
2804 2863 3169 2919 occasionem
3227 2862 3521 2917 inscitiam
3579 2862 3685 2917 tibi

2040 2952 2449 3023 persuadendi,
2477 2956 2541 3007 ut
2569 2953 2637 3007 ad
2670 2951 2827 3007 aliud
2850 2953 3169 3023 capitulum
3199 2968 3544 3024 progressus
3564 2956 3688 3007 tota

2041 3040 2375 3113 ignorantia
2404 3046 2505 3096 tua
2538 3042 2767 3113 cognita
2818 3059 2933 3097 non
2984 3042 3320 3111 conjectans
3374 3045 3429 3096 te
3474 3040 3689 3111 dijudi-

2046 3144 2191 3185 cem.
2227 3130 2335 3184 Sed
2371 3134 2487 3185 tres
2517 3148 2650 3185 cum
2692 3132 2818 3201 jam
2852 3130 3232 3202 praeterierint
3263 3130 3407 3199 dies,
3459 3146 3691 3185 mecum

266 3216 382 3287 ἤδη
430 3198 482 3254 ’⁷⁸
529 3223 695 3292 τριῶν
747 3220 971 3293 ἡμερῶν
1020 3239 1113 3290 μοι
1165 3198 1543 3294 συγχώρησον,
1594 3198 1683 3273 καὶ
1756 3198 1928 3282 έλθὼν

2045 3219 2267 3274 dissere
2296 3223 2352 3273 et
2377 3220 2771 3275 continuando
2794 3236 2897 3292 ego
2920 3220 3224 3275 ostendam
3257 3224 3313 3273 te
3344 3217 3486 3273 nihil
3521 3218 3692 3274 scire.

264 3304 432 3379 δείξω
466 3328 523 3362 σε
558 3304 725 3379 μηδὲν
771 3306 970 3362 εἷδότα.
1005 3308 1189 3363 Ταῦτα
1233 3312 1331 3361 τοῦ
1382 3308 1633 3380 Σίμωνος
1686 3307 1931 3370 εἰπόντος

265 3398 359 3450 καὶ
420 3395 618 3465 ἐξιέναι
674 3393 976 3468 μέλλοντος
1050 3397 1077 3449 ὁ
1123 3395 1252 3468 ἐμὸς
1304 3393 1403 3473 ἔφη
1464 3399 1664 3470 πατήρ·
1716 3398 1935 3472 Βραχέα

271 3506 401 3557 μου,
468 3484 676 3557 Σίμων,
723 3484 1044 3555 ἐπακούσας,
1100 3484 1172 3545 ὥς
1246 3505 1330 3539 σοι
1396 3483 1557 3562 φίλον
1618 3485 1777 3554 ἐστὶν,
1831 3508 1930 3541 πο-

270 3574 457 3649 ρεύου.
492 3574 814 3647 Μέμνημαι,
847 3574 921 3635 ὡς
953 3575 1052 3642 τὴν
1081 3573 1258 3648 ἀρχὴν
1304 3574 1411 3649 πρὸ
1469 3577 1569 3642 τῆς
1630 3577 1931 3649 ζητήσεως,

269 3664 344 3724 ὡς
398 3666 572 3735 μήπω
621 3664 807 3738 πεῖράν
865 3684 968 3735 μου
1020 3658 1227 3730 λαϐὼν,
1278 3661 1588 3738 προλήψεις
1640 3685 1745 3736 μου
1785 3665 1933 3720 κατέο

269 3773 447 3827 φερες.
484 3752 581 3807 Καὶ
613 3756 704 3805 νῦν
740 3750 797 3806 δὲ
848 3750 1188 3821 ἐπαλλήΛως
1232 3752 1464 3813 ἀκούσας
1502 3760 1603 3821 τῆς
1652 3755 1933 3823 ζητήσεως

269 3841 358 3895 καὶ
409 3842 617 3915 Πέτρον
658 3844 703 3878 7°
752 3841 802 3895 έν
856 3841 1104 3915 ὑπεροχῇ
1151 3839 1316 3915 γνοὺς
1357 3841 1447 3895 καὶ
1494 3842 1639 3913 αὐτῷ
1683 3843 1746 3897 τὸ
1794 3842 1932 3913 ἀλη-

271 3930 442 3993 θεύειν
502 3934 595 3983 νῦν
653 3927 800 3999 δοὺς,
832 3929 886 3984 τί
944 3951 1027 3983 σοι
1090 3930 1345 4006 φαίνομαι
1396 3929 1574 4005 ὀρθῶς
1623 3930 1820 4003 κρίνειν
1856 3930 1932 3986 εἲ-

270 4016 395 4089 δὼςν
430 4020 464 4087 ἢ
500 4017 699 4089 οἷςςεί
761 4021 855 4091 μὲν
916 4020 1018 4093 γὰρ
1082 4018 1257 4094 ὀρθῶς
1313 4018 1572 4094 κρίναντά
1632 4041 1697 4093 με
1744 4019 1933 4098 φαίηςρ

275 4110 346 4181 μὴ
400 4110 592 4181 συνθῇ,
647 4106 740 4162 ’ίνα
800 4110 876 4180 μὴ
931 4091 1198 4185 -φαίνῃἾδο
1252 4091 1788 4181 προειλημμένος,ὀ
1845 4091 1934 4164 καἱ

274 4198 406 4269 μετά
464 4196 763 4272 ὁμολογίαν
817 4196 998 4265 ἥττων
1056 4199 1101 4234 ⁸1
1135 4195 1417 4259 συνθέσθαι
1480 4198 1554 4270 μὴ
1614 4197 1810 4254 θέλων.
1876 4198 1939 4253 Ei

270 4283 313 4340 δ’
344 4288 445 4360 ἄρα
481 4288 557 4357 μή
595 4285 768 4361 ὀρθῶς
813 4286 904 4340 τὸν
950 4284 1149 4358 Πέτρον
1202 4283 1252 4338 έν
1310 4285 1556 4360 ὑπεροχῇ
1610 4293 1711 4355 τῆς
1763 4289 1934 4357 ζητή-

268 4396 401 4436 σεως
437 4374 845 4448 ἀπεφαινόμην,
876 4374 939 4428 σὺ
994 4376 1142 4446 ἡμᾶς
1195 4379 1406 4443 πεῖσον,
1438 4378 1555 4436 πῶς
1609 4373 1707 4429 οὐκ
1764 4374 1936 4447 ὀρθῶς

266 4463 577 4539 ἐκρίναμεν,
610 4465 645 4533 ἢ
676 4468 774 4518 τοῦ
809 4468 987 4534 ζητεῖν
1020 4462 1168 4535 αύτῷ
1198 4462 1285 4518 ἐπὶ
1339 4462 1550 4517 πάντων
1607 4464 1681 4536 μὴ
1733 4463 1930 4539 παύσῃ,

2041 3311 2173 3362 Haec
2206 3325 2339 3363 cum
2374 3308 2573 3363 Simon
2594 3308 2824 3364 locutus
2855 3313 3008 3364 esset
3035 3313 3091 3363 et
3115 3323 3268 3364 ex1re
3302 3306 3492 3377 vellet,
3528 3312 3691 3379 pater

2045 3414 2212 3453 meus
2271 3398 2453 3454 dixit:
2512 3397 2822 3452 Paululum
2885 3414 2976 3453 me
3031 3396 3316 3467 ausculta,
3376 3395 3598 3465 Simon,
3629 3399 3688 3451 et

2044 3491 2265 3559 postea,
2298 3487 2346 3542 si
2380 3486 2563 3553 lubet,
2596 3486 2979 3558 proficiscere.
3014 3486 3251 3541 Memini
3283 3490 3337 3540 te
3368 3485 3531 3540 initio
3564 3486 3682 3541 dis-

2045 3575 2386 3649 putationis,
2435 3576 2604 3647 quasi
2654 3592 2747 3631 me
2794 3593 2908 3631 non
2958 3576 3317 3648 cognoveris,
3384 3574 3688 3630 divinatio-

2045 3681 2149 3721 nes
2202 3680 2363 3720 meas
2420 3665 2859 3737 contempsisse.
2922 3665 3031 3720 Sed
3083 3666 3208 3735 jam
3268 3680 3401 3718 cum
3446 3662 3687 3718 alterius

2046 3753 2230 3826 partis
2262 3753 2728 3826 disquisitionem
2779 3753 3120 3823 audiverim,
3172 3758 3401 3807 rectene
3441 3752 3547 3808 tibi
3579 3755 3691 3807 sta-

2045 3847 2209 3898 tuere
2238 3843 2435 3898 videor
2464 3860 2535 3898 an
2571 3860 2706 3913 non,
2740 3842 2789 3898 si
2825 3843 3053 3898 Petrum
3086 3847 3142 3897 te
3172 3842 3531 3914 superiorem
3563 3857 3693 3897 cre-

2045 3932 2317 4003 diderim,
2350 3948 2602 4003 eumque
2633 3948 2835 3987 verum
2873 3932 3064 3987 dicere
3112 3930 3438 3987 conﬁtear?
3469 3930 3526 3986 Si
3562 3930 3688 4002 qui-

2046 4022 2179 4076 dem
2211 4025 2365 4076 recte
2423 4038 2516 4077 me
2546 4036 2781 4075 censere
2829 4020 2996 4088 dicis,
3058 4020 3173 4075 noli
3210 4018 3446 4090 pacisci,
3506 4035 3576 4073 ne
3606 4018 3690 4073 vi-

2046 4110 2236 4165 dearis
2269 4109 2540 4181 quamvis
2588 4116 3028 4181 praeoccupatus
3067 4109 3153 4164 vel
3201 4126 3269 4163 ex
3316 4125 3603 4164 consensu
3632 4111 3691 4163 et

2043 4199 2231 4254 victus
2286 4198 2437 4254 nolle
2494 4200 2829 4254 concedere.
2889 4199 2991 4253 Sin
3050 4199 3281 4253 Petrum
3332 4196 3394 4251 in
3426 4197 3689 4268 disputa-

2042 4287 2199 4343 tione
2231 4289 2589 4361 superiorem
2622 4304 2750 4343 esse
2781 4305 2895 4344 non
2944 4293 3091 4343 recte
3122 4287 3526 4351 ostendebam,
3561 4302 3688 4357 per-

2044 4378 2225 4433 suade
2255 4377 2444 4445 nobis,
2473 4379 2765 4449 quomodo
2796 4395 2910 4433 non
2946 4382 3095 4432 recte
3135 4375 3557 4442 censuerimus,
3591 4377 3691 4429 aut

2046 4466 2161 4521 noli
2191 4483 2419 4522 cessare
2463 4484 2496 4522 a
2525 4466 2934 4539 disquisitione
2978 4482 3173 4521 coram
3224 4465 3521 4533 omnibus,
3554 4480 3688 4518 cum

264 4552 378 4609 ἐπεὶ
436 4550 583 4607 ἔσται
633 4574 716 4607 σοι
759 4552 1012 4608 ἑκάστοτε
1061 4553 1371 4625 ἡττωμένῳ
1420 4552 1509 4606 καὶ
1543 4551 1926 4626 συντιθεμένῳ.

2042 4555 2149 4610 tibi
2181 4555 2525 4611 alterutrum
2583 4555 2795 4627 eligere
2850 4554 3065 4625 licebit,
3123 4558 3225 4608 aut
3279 4552 3542 4624 superari
3586 4554 3689 4606 aut

263 4642 335 4698 Ἦ
368 4640 425 4697 δὲ
453 4642 518 4697 τὸ
575 4638 836 4705 αἰδεῖσθαι
898 4636 1045 4717 ἔχεις
1092 4642 1197 4695 ἀπὸ
1248 4640 1462 4696 πάντων
1512 4646 1617 4695 τῶν
1648 4642 1926 4717 ἀκροατῶν

265 4730 385 4786 ἀντὶ
420 4730 681 4807 μεγίστης
710 4730 983 4805 τιμωρίας
1029 4729 1559 4805 καταγινωσκομένῳ
1607 4729 1695 4784 καὶ
1749 4730 1921 4806 ἀσχη-

269 4824 523 4893 μονοῦντι
555 4820 664 4875 ὑπὸ
690 4817 1043 4890 συνειδήσεως
1070 4821 1117 4856 ⁸³
1153 4821 1253 4889 τὴν
1306 4823 1530 4874 σεαυτοῦ
1581 4818 1767 4894 ἀλγεῖν
1820 4823 1921 4894 ψυ-

266 4912 399 4984 χήν·
433 4910 496 4963 τὸ
542 4908 644 4983 γὰρ
692 4910 998 4977 νενικῆσθαι
1047 4902 1193 4983 ἔργῳ
1241 4904 1477 4980 εἷ’δομεν,
1508 4907 1598 4961 τὸν
1651 4905 1707 4962 δὲ
1756 4907 1921 4983 ἐπαγ-

263 4996 602 5073 γελλόμενόν
633 5018 728 5052 σου
760 4997 927 5072 λόγον
957 4995 1291 5069 ἠκούσαμεν.
1326 4997 1496 5072 Πέρας
1526 5000 1653 5072 γοῦν
1691 4995 1790 5051 οὐκ
1839 4996 1918 5051 οἶ-

267 5108 384 5160 μαι,
416 5088 474 5141 σὲ
527 5086 616 5141 έπὶ
661 5088 761 5156 τήν
815 5088 1040 5157 ζήτησιν
1088 5088 1237 5145 395
1283 5083 1481 5152 ἐλθεῖν,
1516 5086 1592 5147 ὡς
1654 5085 1918 5160 ὑπέσχου,

260 5174 407 5232 ἀλλὰ
451 5177 587 5252 πρὸς
634 5180 714 5248 τῷ
762 5173 938 5230 δοκεῖν
994 5176 1071 5249 μή
1123 5173 1391 5229 αἰτιᾶσθαι
1420 5176 1466 5211 ⁸³
1496 5172 1649 5245 ἐξιὼν
1694 5173 1918 5229 ἐπανελ-

262 5265 371 5320 θεῖν
406 5266 711 5341 ὁπέσχησαι
745 5266 811 5321 ⁸⁸.

2041 4660 2407 4717 componere.
2441 4646 2551 4700 Sed
2598 4649 2661 4700 tu
2714 4644 2961 4699 fortasse
2992 4643 3210 4715 pudere
3263 4658 3458 4698 coram
3489 4639 3682 4695 omni-

2032 4734 2145 4789 bus
2175 4732 2545 4789 auditoribus
2595 4733 2911 4788 maximam
2958 4738 3129 4804 putas
3188 4748 3419 4804 pcenam
3475 4728 3547 4798 ei,
3580 4725 3679 4800 qui

2032 4822 2393 4894 dijudicatus
2424 4826 2530 4890 est,
2564 4822 2703 4893 quia
2724 4826 2916 4893 partes
2938 4821 3090 4876 male
3120 4821 3300 4893 egerit
3325 4840 3339 4887 ς
3371 4824 3427 4874 et
3456 4834 3523 4873 ex
3553 4832 3683 4872 con-

2032 4912 2277 4967 scientia
2307 4911 2562 4966 dolorem
2598 4914 2889 4983 patiatur;
2926 4927 3059 4965 nam
3110 4909 3328 4963 victum
3379 4912 3433 4962 te
3463 4922 3591 4961 esse
3620 4920 3681 4959 re

2029 5002 2160 5073 ipsa
2191 5001 2435 5066 scimus,
2457 5017 2589 5055 cum
2623 4999 2946 5056 orationem
2979 5016 3013 5054 a
3036 5004 3092 5054 te
3124 4996 3410 5070 prolatam
3445 4995 3681 5051 audive-

2030 5090 2237 5145 rimus.
2287 5090 2567 5144 Praeterea
2612 5104 2845 5160 quoque
2892 5104 3007 5143 non
3046 5088 3216 5143 credo
3265 5091 3321 5141 te
3354 5085 3581 5141 venisse
3612 5084 3683 5139 ad

2028 5177 2512 5250 disputationem,
2562 5177 3059 5248 quemadmodum
3114 5176 3493 5248 promiseras,
3555 5173 3679 5240 sed,

2029 5283 2102 5323 ne
2133 5266 2419 5340 argueris,
2454 5266 2780 5323 rediturum
2811 5269 2868 5321 te
2896 5265 3092 5322 exiens
3123 5263 3468 5337 promisisti.

1602 5406 1843 5464 VARIIE
1884 5408 2303 5468 LECTIONES.

331 5523 377 5557 π
404 5522 641 5597 γεγονώς
672 5524 817 5597 0._"‘
846 5522 1398 5597 Itaiscrib._monet_
1420 5523 1800 5597 amanuensis
1849 5524 2067 5597 codicis
2112 5525 2176 5581 Ο.
2210 5526 2271 5579 in
2323 5524 2607 5596 margine,
2651 5509 2859 5597 ἀσεϐεῖς
2892 5522 2968 5597 _in
3013 5526 3190 5597 textu.
3224 5522 3390 5597 71:09
3422 5521 3481 5573 Ο.
3513 5519 3672 5597 ⁷⁸-νῆν

262 5592 318 5650 δέ
350 5590 491 5650 Ο.’“¹⁶
512 5594 707 5665 πέτρος
738 5595 826 5665 0.,
859 5595 1197 5719 qubdeinde
1225 5592 1313 5646 καὶ
1345 5591 1398 5646 τί
1429 5611 1486 5666 p.
1522 5591 1593 5649 τί.
1626 5595 1670 5630 ⁸ο
1693 5590 1781 5648 ἵνα
1814 5595 1889 5667 μή
1925 5595 2083 5671 φαίνῃ
2116 5597 2248 5652 dedi
2281 5613 2349 5651 ex
2379 5590 2737 5667 conjectura,
2772 5591 2829 5649 δὲ
2858 5593 2921 5647 σὺ
2971 5592 3129 5670 φαίνῃ
3172 5597 3231 5651 Ο.
3266 5594 3308 5629 εί
3341 5594 3504 5660 ἧτταν
3539 5595 3602 5647 0.
3633 5592 3678 5627 ⁸³

262 5662 646 5719 συνειδηάσεως
678 5670 738 5719 0.
772 5667 819 5704 ⁸³
848 5685 882 5719 α
905 5675 1111 5719 τεισθαι
1144 5669 1205 5719 0.
1239 5665 1285 5700 ⁸⁴
1316 5663 1621 5719 ὑπέσγηται
1654 5669 1719 5719 0.

257 5662 646 5734 συνειδηάσεως
678 5670 738 5723 0,
772 5662 821 5704 ⁸³
848 5662 1111 5729 αἶτεῖσθαι
1144 5669 1205 5720 0.
1239 5665 1285 5700 ⁸⁴
1316 5662 1621 5739 ὑπέσχηται
1654 5669 1719 5721 0.
