  <div class='ocr_page' id='page_1' title='image "/cluster/home/n/w/nwhite01/storage/ocr_20150623/2/hvd.32044073501397/229.png"; bbox 0 0 4082 6208; ppageno 0'>
   <div class='ocr_carea' id='block_1_1' title="bbox 430 244 3810 314">
    <p class='ocr_par' dir='ltr' id='par_1_1' title="bbox 430 244 3810 314">
     <span class='ocr_line' id='line_1_1' title="bbox 430 244 3810 314; baseline 0.001 -3"><span class='ocrx_word' id='word_1_1' title='bbox 430 250 553 312; x_wconf 69' lang='grc'><strong>447</strong></span> <span class='ocrx_word' id='word_1_2' title='bbox 1251 247 1316 307; x_wconf 92' lang='lat' dir='ltr'><strong>S.</strong></span> <span class='ocrx_word' id='word_1_3' title='bbox 1363 245 1808 307; x_wconf 86' lang='lat' dir='ltr'><strong>CLEMENTIS</strong></span> <span class='ocrx_word' id='word_1_4' title='bbox 1852 246 1877 308; x_wconf 83' lang='grc' dir='ltr'><strong>Ῑ</strong></span> <span class='ocrx_word' id='word_1_5' title='bbox 1921 244 2114 307; x_wconf 83' lang='lat' dir='ltr'><strong>ROM.</strong></span> <span class='ocrx_word' id='word_1_6' title='bbox 2157 245 2390 309; x_wconf 90' lang='lat' dir='ltr'><strong>PONT.</strong></span> <span class='ocrx_word' id='word_1_7' title='bbox 2437 246 2701 311; x_wconf 81' lang='lat' dir='ltr'><strong>OPERA</strong></span> <span class='ocrx_word' id='word_1_8' title='bbox 2744 250 3013 314; x_wconf 83' lang='lat' dir='ltr'><strong>DUBIA.</strong></span> <span class='ocrx_word' id='word_1_9' title='bbox 3701 252 3810 313; x_wconf 66' lang='grc' dir='ltr'><strong>με</strong></span> 
     </span>
    </p>
   </div>
   <div class='ocr_carea' id='block_1_2' title="bbox 506 377 2118 458">
    <p class='ocr_par' dir='ltr' id='par_1_2' title="bbox 506 378 2118 450">
     <span class='ocr_line' id='line_1_2' title="bbox 506 378 2118 450; baseline -0.004 -12"><span class='ocrx_word' id='word_1_10' title='bbox 506 382 672 438; x_wconf 83' lang='lat' dir='ltr'><strong>XXV.</strong></span> <span class='ocrx_word' id='word_1_11' title='bbox 702 382 781 437; x_wconf 83' lang='lat' dir='ltr'><strong>Ac</strong></span> <span class='ocrx_word' id='word_1_12' title='bbox 837 379 1057 448; x_wconf 87' lang='lat' dir='ltr'><strong>Simon,</strong></span> <span class='ocrx_word' id='word_1_13' title='bbox 1119 395 1255 435; x_wconf 89' lang='lat' dir='ltr'><strong>cum</strong></span> <span class='ocrx_word' id='word_1_14' title='bbox 1312 379 1435 435; x_wconf 59' lang='lat' dir='ltr'><strong>hac</strong></span> <span class='ocrx_word' id='word_1_15' title='bbox 1492 379 1772 445; x_wconf 82' lang='lat' dir='ltr'><strong>audisset,</strong></span> <span class='ocrx_word' id='word_1_16' title='bbox 1830 396 1946 450; x_wconf 65' lang='lat' dir='ltr'><strong>prae</strong></span> <span class='ocrx_word' id='word_1_17' title='bbox 1986 378 2075 433; x_wconf 90' lang='lat' dir='ltr'><strong>ira</strong></span> <span class='ocrx_word' id='word_1_18' title='bbox 2104 405 2118 444; x_wconf 59' lang='grc' dir='ltr'><em>λ</em></span> 
     </span>
    </p>
   </div>
   <div class='ocr_carea' id='block_1_3' title="bbox 2198 377 3810 458">
    <p class='ocr_par' dir='ltr' id='par_1_3' title="bbox 2257 377 3810 458">
     <span class='ocr_line' id='line_1_3' title="bbox 2257 377 3810 458; baseline 0.003 -25"><span class='ocrx_word' id='word_1_19' title='bbox 2257 379 2419 434; x_wconf 75' lang='lat' dir='ltr'><strong>XXV.</strong></span> <span class='ocrx_word' id='word_1_20' title='bbox 2453 380 2508 434; x_wconf 91' lang='grc' dir='ltr'>Ὁ</span> <span class='ocrx_word' id='word_1_21' title='bbox 2540 377 2597 435; x_wconf 75' lang='grc' dir='ltr'>δὲ</span> <span class='ocrx_word' id='word_1_22' title='bbox 2627 380 2815 454; x_wconf 89' lang='grc' dir='ltr'>Σίμων</span> <span class='ocrx_word' id='word_1_23' title='bbox 2862 386 3031 449; x_wconf 77' lang='grc' dir='ltr'>ταῦτα</span> <span class='ocrx_word' id='word_1_24' title='bbox 3072 381 3304 445; x_wconf 77' lang='grc' dir='ltr'>ἀκούσας</span> <span class='ocrx_word' id='word_1_25' title='bbox 3356 381 3458 438; x_wconf 80' lang='grc' dir='ltr'>ὑπὸ</span> <span class='ocrx_word' id='word_1_26' title='bbox 3501 381 3665 458; x_wconf 75' lang='grc' dir='ltr'>ὀργῆς</span> <span class='ocrx_word' id='word_1_27' title='bbox 3692 383 3810 447; x_wconf 78' lang='grc' dir='ltr'>τοὺς</span> 
     </span>
    </p>
   </div>
   <div class='ocr_carea' id='block_1_4' title="bbox 437 463 2049 548">
    <p class='ocr_par' dir='ltr' id='par_1_4' title="bbox 437 468 2049 527">
     <span class='ocr_line' id='line_1_4' title="bbox 437 468 2049 527; baseline -0.004 0"><span class='ocrx_word' id='word_1_28' title='bbox 437 471 711 527; x_wconf 76' lang='lat' dir='ltr'><strong>dentibus</strong></span> <span class='ocrx_word' id='word_1_29' title='bbox 743 468 998 524; x_wconf 81' lang='lat' dir='ltr'><strong>stridens</strong></span> <span class='ocrx_word' id='word_1_30' title='bbox 1040 468 1213 523; x_wconf 88' lang='lat' dir='ltr'><strong>tacite</strong></span> <span class='ocrx_word' id='word_1_31' title='bbox 1243 468 1404 524; x_wconf 89' lang='lat' dir='ltr'><strong>abiit.</strong></span> <span class='ocrx_word' id='word_1_32' title='bbox 1458 468 1662 524; x_wconf 82' lang='lat' dir='ltr'><strong>Petrus</strong></span> <span class='ocrx_word' id='word_1_33' title='bbox 1695 472 1890 523; x_wconf 86' lang='lat' dir='ltr'><strong>autem</strong></span> <span class='ocrx_word' id='word_1_34' title='bbox 1942 484 2049 522; x_wconf 90' lang='lat' dir='ltr'><strong>cun</strong></span> 
     </span>
    </p>
   </div>
   <div class='ocr_carea' id='block_1_5' title="bbox 2197 463 3809 548">
    <p class='ocr_par' dir='ltr' id='par_1_5' title="bbox 2197 463 3809 548">
     <span class='ocr_line' id='line_1_5' title="bbox 2197 463 3809 548; baseline 0.005 -28"><span class='ocrx_word' id='word_1_35' title='bbox 2197 463 2409 529; x_wconf 72' lang='grc' dir='ltr'>ἰδόντας</span> <span class='ocrx_word' id='word_1_36' title='bbox 2471 469 2687 544; x_wconf 76' lang='grc' dir='ltr'>βρόξας,</span> <span class='ocrx_word' id='word_1_37' title='bbox 2750 476 2966 525; x_wconf 84' lang='grc' dir='ltr'>σιωπῶν</span> <span class='ocrx_word' id='word_1_38' title='bbox 3021 471 3282 547; x_wconf 68' lang='grc' dir='ltr'>ἐπορεύθη</span> <span class='ocrx_word' id='word_1_39' title='bbox 3319 516 3333 528; x_wconf 95' lang='grc'><strong>.</strong></span> <span class='ocrx_word' id='word_1_40' title='bbox 3390 477 3446 524; x_wconf 86' lang='grc' dir='ltr'>Ὁ</span> <span class='ocrx_word' id='word_1_41' title='bbox 3514 469 3571 525; x_wconf 74' lang='grc' dir='ltr'>δὲ</span> <span class='ocrx_word' id='word_1_42' title='bbox 3628 470 3809 548; x_wconf 82' lang='grc' dir='ltr'>Πέτρος</span> 
     </span>
    </p>
   </div>
   <div class='ocr_carea' id='block_1_6' title="bbox 437 551 2049 637">
    <p class='ocr_par' dir='ltr' id='par_1_6' title="bbox 437 556 2049 630">
     <span class='ocr_line' id='line_1_6' title="bbox 437 556 2049 630; baseline -0.002 -16"><span class='ocrx_word' id='word_1_43' title='bbox 437 570 551 615; x_wconf 86' lang='lat' dir='ltr'><strong>non</strong></span> <span class='ocrx_word' id='word_1_44' title='bbox 586 574 838 630; x_wconf 88' lang='lat' dir='ltr'><strong>paucum</strong></span> <span class='ocrx_word' id='word_1_45' title='bbox 880 557 1159 628; x_wconf 88' lang='lat' dir='ltr'><strong>temporis</strong></span> <span class='ocrx_word' id='word_1_46' title='bbox 1190 556 1304 612; x_wconf 91' lang='lat' dir='ltr'><strong>diei</strong></span> <span class='ocrx_word' id='word_1_47' title='bbox 1348 562 1699 627; x_wconf 84' lang='lat' dir='ltr'><strong>superesset,</strong></span> <span class='ocrx_word' id='word_1_48' title='bbox 1740 557 1970 629; x_wconf 74' lang='lat' dir='ltr'><strong>aegrotis</strong></span> <span class='ocrx_word' id='word_1_49' title='bbox 2003 574 2049 611; x_wconf 61' lang='lat' dir='ltr'><strong>at</strong></span> 
     </span>
    </p>
   </div>
   <div class='ocr_carea' id='block_1_7' title="bbox 2199 551 3811 637">
    <p class='ocr_par' dir='ltr' id='par_1_7' title="bbox 2199 551 3811 637">
     <span class='ocr_line' id='line_1_7' title="bbox 2199 551 3811 637; baseline 0.004 -27"><span class='ocrx_word' id='word_1_50' title='bbox 2199 551 2263 610; x_wconf 75' lang='grc' dir='ltr'>ἔτι</span> <span class='ocrx_word' id='word_1_51' title='bbox 2295 555 2438 630; x_wconf 84' lang='grc' dir='ltr'>ὥρας</span> <span class='ocrx_word' id='word_1_52' title='bbox 2471 558 2569 613; x_wconf 80' lang='grc' dir='ltr'><strong>οὐκ</strong></span> <span class='ocrx_word' id='word_1_53' title='bbox 2611 557 2809 634; x_wconf 83' lang='grc' dir='ltr'>ὀλίγης</span> <span class='ocrx_word' id='word_1_54' title='bbox 2858 556 3023 629; x_wconf 72' lang='grc' dir='ltr'>οὔσης</span> <span class='ocrx_word' id='word_1_55' title='bbox 3061 561 3152 615; x_wconf 86' lang='grc' dir='ltr'>τὸν</span> <span class='ocrx_word' id='word_1_56' title='bbox 3201 559 3378 616; x_wconf 76' lang='grc' dir='ltr'>πολὺν</span> <span class='ocrx_word' id='word_1_57' title='bbox 3427 554 3597 637; x_wconf 75' lang='grc' dir='ltr'>ὄχλον</span> <span class='ocrx_word' id='word_1_58' title='bbox 3646 581 3811 637; x_wconf 85' lang='grc' dir='ltr'>χειρο-</span> 
     </span>
    </p>
   </div>
   <div class='ocr_carea' id='block_1_8' title="bbox 432 644 2044 723">
    <p class='ocr_par' dir='ltr' id='par_1_8' title="bbox 432 646 2044 717">
     <span class='ocr_line' id='line_1_8' title="bbox 432 646 2044 717; baseline -0.002 -13"><span class='ocrx_word' id='word_1_59' title='bbox 432 648 763 705; x_wconf 89' lang='lat' dir='ltr'><strong>sanandum</strong></span> <span class='ocrx_word' id='word_1_60' title='bbox 818 646 1089 702; x_wconf 88' lang='lat' dir='ltr'><strong>manibus</strong></span> <span class='ocrx_word' id='word_1_61' title='bbox 1138 646 1451 717; x_wconf 87' lang='lat' dir='ltr'><strong>impositis,</strong></span> <span class='ocrx_word' id='word_1_62' title='bbox 1503 646 1939 701; x_wconf 85' lang='lat' dir='ltr'><strong>multitudinem</strong></span> <span class='ocrx_word' id='word_1_63' title='bbox 1989 647 2044 701; x_wconf 91' lang='lat' dir='ltr'><strong>di</strong></span> 
     </span>
    </p>
   </div>
   <div class='ocr_carea' id='block_1_9' title="bbox 2196 644 3808 723">
    <p class='ocr_par' dir='ltr' id='par_1_9' title="bbox 2196 644 3808 723">
     <span class='ocr_line' id='line_1_9' title="bbox 2196 644 3808 723; baseline 0.004 -25"><span class='ocrx_word' id='word_1_64' title='bbox 2196 644 2409 715; x_wconf 66' lang='grc' dir='ltr'>ὶεττίσας</span> <span class='ocrx_word' id='word_1_65' title='bbox 2468 647 2605 723; x_wconf 83' lang='grc' dir='ltr'>πρὸς</span> <span class='ocrx_word' id='word_1_66' title='bbox 2654 646 2801 703; x_wconf 73' lang='grc' dir='ltr'>’ἴασιν</span> <span class='ocrx_word' id='word_1_67' title='bbox 2860 649 2949 704; x_wconf 84' lang='grc' dir='ltr'>καὶ</span> <span class='ocrx_word' id='word_1_68' title='bbox 3011 647 3313 717; x_wconf 74' lang='grc' dir='ltr'><strong>ἀπολύσας,</strong></span> <span class='ocrx_word' id='word_1_69' title='bbox 3376 649 3510 722; x_wconf 81' lang='grc' dir='ltr'>μετᾶ</span> <span class='ocrx_word' id='word_1_70' title='bbox 3560 653 3661 703; x_wconf 88' lang='grc' dir='ltr'><strong>τῶν</strong></span> <span class='ocrx_word' id='word_1_71' title='bbox 3706 671 3808 705; x_wconf 85' lang='grc' dir='ltr'>συν-</span> 
     </span>
    </p>
   </div>
   <div class='ocr_carea' id='block_1_10' title="bbox 432 733 2044 809">
    <p class='ocr_par' dir='ltr' id='par_1_10' title="bbox 432 734 2044 808">
     <span class='ocr_line' id='line_1_10' title="bbox 432 734 2044 808; baseline 0 -17"><span class='ocrx_word' id='word_1_72' title='bbox 432 737 613 805; x_wconf 89' lang='lat' dir='ltr'><strong>misit,</strong></span> <span class='ocrx_word' id='word_1_73' title='bbox 647 752 901 807; x_wconf 92' lang='lat' dir='ltr'><strong>cumque</strong></span> <span class='ocrx_word' id='word_1_74' title='bbox 935 734 1321 789; x_wconf 85' lang='lat' dir='ltr'><strong>familiaribus</strong></span> <span class='ocrx_word' id='word_1_75' title='bbox 1351 736 1592 791; x_wconf 90' lang='lat' dir='ltr'><strong>domum</strong></span> <span class='ocrx_word' id='word_1_76' title='bbox 1617 736 1922 808; x_wconf 87' lang='lat' dir='ltr'><strong>ingressus</strong></span> <span class='ocrx_word' id='word_1_77' title='bbox 1944 752 2044 791; x_wconf 89' lang='lat' dir='ltr'><strong>con</strong></span> 
     </span>
    </p>
   </div>
   <div class='ocr_carea' id='block_1_11' title="bbox 2195 733 3807 809">
    <p class='ocr_par' dir='ltr' id='par_1_11' title="bbox 2195 733 3807 809">
     <span class='ocr_line' id='line_1_11' title="bbox 2195 733 3807 809; baseline 0.003 -22"><span class='ocrx_word' id='word_1_78' title='bbox 2195 733 2486 809; x_wconf 81' lang='grc' dir='ltr'>ηθεστέρων</span> <span class='ocrx_word' id='word_1_79' title='bbox 2537 734 2716 791; x_wconf 70' lang='grc' dir='ltr'>εἰσιὼν</span> <span class='ocrx_word' id='word_1_80' title='bbox 2774 734 2913 793; x_wconf 60' lang='grc' dir='ltr'>οἴκοι</span> <span class='ocrx_word' id='word_1_81' title='bbox 2971 736 3261 808; x_wconf 81' lang='grc' dir='ltr'>έκαθέσθη.</span> <span class='ocrx_word' id='word_1_82' title='bbox 3324 736 3427 795; x_wconf 86' lang='grc' dir='ltr'><strong>Καὶ</strong></span> <span class='ocrx_word' id='word_1_83' title='bbox 3459 735 3523 807; x_wconf 76' lang='grc' dir='ltr'>δή</span> <span class='ocrx_word' id='word_1_84' title='bbox 3584 759 3663 800; x_wconf 88' lang='grc' dir='ltr'><strong>τις</strong></span> <span class='ocrx_word' id='word_1_85' title='bbox 3714 744 3807 794; x_wconf 84' lang='grc' dir='ltr'><strong>τῶν</strong></span> 
     </span>
    </p>
   </div>
   <div class='ocr_carea' id='block_1_12' title="bbox 417 820 2029 904">
    <p class='ocr_par' dir='ltr' id='par_1_12' title="bbox 417 824 2028 896">
     <span class='ocr_line' id='line_1_12' title="bbox 417 824 2028 896; baseline -0.001 -14"><span class='ocrx_word' id='word_1_86' title='bbox 417 826 592 882; x_wconf 87' lang='lat' dir='ltr'><strong>sedit.</strong></span> <span class='ocrx_word' id='word_1_87' title='bbox 624 826 774 880; x_wconf 89' lang='lat' dir='ltr'><strong>Tum</strong></span> <span class='ocrx_word' id='word_1_88' title='bbox 808 824 1089 879; x_wconf 86' lang='lat' dir='ltr'><strong>comitum</strong></span> <span class='ocrx_word' id='word_1_89' title='bbox 1124 841 1297 893; x_wconf 90' lang='lat' dir='ltr'><strong>unus,</strong></span> <span class='ocrx_word' id='word_1_90' title='bbox 1332 824 1424 878; x_wconf 92' lang='lat' dir='ltr'><strong>cui</strong></span> <span class='ocrx_word' id='word_1_91' title='bbox 1477 825 1785 896; x_wconf 75' lang='lat' dir='ltr'><strong>Sophoniae</strong></span> <span class='ocrx_word' id='word_1_92' title='bbox 1818 842 2028 880; x_wconf 90' lang='lat' dir='ltr'><strong>nomen</strong></span> 
     </span>
    </p>
   </div>
   <div class='ocr_carea' id='block_1_13' title="bbox 2196 820 3808 904">
    <p class='ocr_par' dir='ltr' id='par_1_13' title="bbox 2196 820 3808 904">
     <span class='ocr_line' id='line_1_13' title="bbox 2196 820 3808 904; baseline 0.003 -28"><span class='ocrx_word' id='word_1_93' title='bbox 2196 820 2500 887; x_wconf 74' lang='grc' dir='ltr'>ἱκολοόθων</span> <span class='ocrx_word' id='word_1_94' title='bbox 2555 824 2833 901; x_wconf 90' lang='grc' dir='ltr'>Σοφωνίας</span> <span class='ocrx_word' id='word_1_95' title='bbox 2880 829 2925 863; x_wconf 79' lang='grc'><strong>⁸⁸</strong></span> <span class='ocrx_word' id='word_1_96' title='bbox 2972 822 3143 900; x_wconf 71' lang='grc' dir='ltr'>ὄνομα</span> <span class='ocrx_word' id='word_1_97' title='bbox 3192 826 3319 904; x_wconf 80' lang='grc' dir='ltr'>ἔφη·</span> <span class='ocrx_word' id='word_1_98' title='bbox 3354 824 3683 901; x_wconf 83' lang='grc' dir='ltr'>Εὐλόγηται,</span> <span class='ocrx_word' id='word_1_99' title='bbox 3721 829 3808 882; x_wconf 82' lang='grc' dir='ltr'><strong>Πέ-</strong></span> 
     </span>
    </p>
   </div>
   <div class='ocr_carea' id='block_1_14' title="bbox 417 912 2029 993">
    <p class='ocr_par' dir='ltr' id='par_1_14' title="bbox 417 913 2020 986">
     <span class='ocr_line' id='line_1_14' title="bbox 417 913 2020 986; baseline -0.002 -15"><span class='ocrx_word' id='word_1_100' title='bbox 417 914 788 983; x_wconf 89' lang='lat' dir='ltr'><strong>Benedictus,</strong></span> <span class='ocrx_word' id='word_1_101' title='bbox 824 913 1040 984; x_wconf 89' lang='lat' dir='ltr'><strong>inquit,</strong></span> <span class='ocrx_word' id='word_1_102' title='bbox 1073 913 1149 969; x_wconf 89' lang='lat' dir='ltr'><strong>sit</strong></span> <span class='ocrx_word' id='word_1_103' title='bbox 1181 914 1355 978; x_wconf 82' lang='lat' dir='ltr'><strong>Deus,</strong></span> <span class='ocrx_word' id='word_1_104' title='bbox 1389 913 1487 984; x_wconf 87' lang='lat' dir='ltr'><strong>qui</strong></span> <span class='ocrx_word' id='word_1_105' title='bbox 1525 918 1603 983; x_wconf 87' lang='lat' dir='ltr'><strong>te,</strong></span> <span class='ocrx_word' id='word_1_106' title='bbox 1660 914 1846 981; x_wconf 90' lang='lat' dir='ltr'><strong>Petre,</strong></span> <span class='ocrx_word' id='word_1_107' title='bbox 1878 914 2020 986; x_wconf 88' lang='lat' dir='ltr'><strong>elegi</strong></span> 
     </span>
    </p>
   </div>
   <div class='ocr_carea' id='block_1_15' title="bbox 2197 912 3809 993">
    <p class='ocr_par' dir='ltr' id='par_1_15' title="bbox 2197 912 3809 993">
     <span class='ocr_line' id='line_1_15' title="bbox 2197 912 3809 993; baseline 0.004 -29"><span class='ocrx_word' id='word_1_108' title='bbox 2197 930 2293 985; x_wconf 76' lang='grc' dir='ltr'>τρε,</span> <span class='ocrx_word' id='word_1_109' title='bbox 2345 912 2373 966; x_wconf 98' lang='lat'><strong>6</strong></span> <span class='ocrx_word' id='word_1_110' title='bbox 2422 914 2573 982; x_wconf 86' lang='grc' dir='ltr'><strong>Θεὸς,</strong></span> <span class='ocrx_word' id='word_1_111' title='bbox 2625 914 2653 968; x_wconf 88' lang='lat'><strong>6</strong></span> <span class='ocrx_word' id='word_1_112' title='bbox 2702 914 3052 988; x_wconf 78' lang='grc' dir='ltr'>έκλεξάμενός</span> <span class='ocrx_word' id='word_1_113' title='bbox 3098 936 3156 969; x_wconf 91' lang='grc' dir='ltr'><strong>σε</strong></span> <span class='ocrx_word' id='word_1_114' title='bbox 3206 914 3300 970; x_wconf 84' lang='grc' dir='ltr'><strong>καὶ</strong></span> <span class='ocrx_word' id='word_1_115' title='bbox 3359 915 3553 993; x_wconf 89' lang='grc' dir='ltr'>σοφίας</span> <span class='ocrx_word' id='word_1_116' title='bbox 3602 914 3809 971; x_wconf 74' lang='grc' dir='ltr'>ἆναπαῦ-</span> 
     </span>
    </p>
   </div>
   <div class='ocr_carea' id='block_1_16' title="bbox 415 1000 2027 1079">
    <p class='ocr_par' dir='ltr' id='par_1_16' title="bbox 415 1002 2027 1076">
     <span class='ocr_line' id='line_1_16' title="bbox 415 1002 2027 1076; baseline -0.002 -15"><span class='ocrx_word' id='word_1_117' title='bbox 415 1008 483 1061; x_wconf 89' lang='lat' dir='ltr'><strong>ut</strong></span> <span class='ocrx_word' id='word_1_118' title='bbox 513 1004 676 1076; x_wconf 88' lang='lat' dir='ltr'><strong>probi</strong></span> <span class='ocrx_word' id='word_1_119' title='bbox 712 1002 1016 1075; x_wconf 77' lang='lat' dir='ltr'><strong>sapientiae</strong></span> <span class='ocrx_word' id='word_1_120' title='bbox 1067 1002 1435 1073; x_wconf 86' lang='lat' dir='ltr'><strong>acquiescere</strong></span> <span class='ocrx_word' id='word_1_121' title='bbox 1478 1008 1735 1074; x_wconf 87' lang='lat' dir='ltr'><strong>possent.</strong></span> <span class='ocrx_word' id='word_1_122' title='bbox 1770 1003 1914 1058; x_wconf 88' lang='lat' dir='ltr'><strong>Nam</strong></span> <span class='ocrx_word' id='word_1_123' title='bbox 1945 1020 2027 1058; x_wconf 75' lang='lat' dir='ltr'><strong>vel</strong></span> 
     </span>
    </p>
   </div>
   <div class='ocr_carea' id='block_1_17' title="bbox 2198 1000 3810 1079">
    <p class='ocr_par' dir='ltr' id='par_1_17' title="bbox 2198 1000 3810 1079">
     <span class='ocr_line' id='line_1_17' title="bbox 2198 1000 3810 1079; baseline 0.002 -25"><span class='ocrx_word' id='word_1_124' title='bbox 2198 1020 2318 1064; x_wconf 76' lang='grc' dir='ltr'>τεως</span> <span class='ocrx_word' id='word_1_125' title='bbox 2355 1003 2447 1075; x_wconf 71' lang='grc' dir='ltr'><strong>μὲν</strong></span> <span class='ocrx_word' id='word_1_126' title='bbox 2496 1000 2671 1058; x_wconf 71' lang='grc' dir='ltr'>ἕνεκεν</span> <span class='ocrx_word' id='word_1_127' title='bbox 2719 1009 2826 1059; x_wconf 87' lang='grc' dir='ltr'><strong>τῶν</strong></span> <span class='ocrx_word' id='word_1_128' title='bbox 2878 1004 3266 1079; x_wconf 78' lang='grc' dir='ltr'><strong>εὐγνωμόνων·</strong></span> <span class='ocrx_word' id='word_1_129' title='bbox 3322 1002 3544 1075; x_wconf 79' lang='grc' dir='ltr'>ἀληθῶς</span> <span class='ocrx_word' id='word_1_130' title='bbox 3590 1007 3682 1079; x_wconf 82' lang='grc' dir='ltr'>γὰρ</span> <span class='ocrx_word' id='word_1_131' title='bbox 3732 1026 3810 1079; x_wconf 80' lang='grc' dir='ltr'>με·</span> 
     </span>
    </p>
   </div>
   <div class='ocr_carea' id='block_1_18' title="bbox 414 1088 2026 1169">
    <p class='ocr_par' dir='ltr' id='par_1_18' title="bbox 414 1091 2026 1164">
     <span class='ocr_line' id='line_1_18' title="bbox 414 1091 2026 1164; baseline -0.001 -15"><span class='ocrx_word' id='word_1_132' title='bbox 414 1092 728 1164; x_wconf 83' lang='lat' dir='ltr'><strong>magniﬁce</strong></span> <span class='ocrx_word' id='word_1_133' title='bbox 759 1096 817 1147; x_wconf 91' lang='lat' dir='ltr'><strong>et</strong></span> <span class='ocrx_word' id='word_1_134' title='bbox 848 1108 979 1146; x_wconf 91' lang='lat' dir='ltr'><strong>cum</strong></span> <span class='ocrx_word' id='word_1_135' title='bbox 1004 1091 1285 1163; x_wconf 85' lang='lat' dir='ltr'><strong>patientia</strong></span> <span class='ocrx_word' id='word_1_136' title='bbox 1314 1100 1511 1146; x_wconf 83' lang='lat' dir='ltr'><strong>contra</strong></span> <span class='ocrx_word' id='word_1_137' title='bbox 1539 1092 1836 1147; x_wconf 89' lang='lat' dir='ltr'><strong>Simonem</strong></span> <span class='ocrx_word' id='word_1_138' title='bbox 1869 1092 2026 1163; x_wconf 76' lang='lat' dir='ltr'><strong>dispt</strong></span> 
     </span>
    </p>
   </div>
   <div class='ocr_carea' id='block_1_19' title="bbox 2194 1088 3806 1169">
    <p class='ocr_par' dir='ltr' id='par_1_19' title="bbox 2194 1088 3806 1169">
     <span class='ocr_line' id='line_1_19' title="bbox 2194 1088 3806 1169; baseline 0.005 -26"><span class='ocrx_word' id='word_1_139' title='bbox 2194 1088 2367 1165; x_wconf 79' lang='grc' dir='ltr'>γάλως</span> <span class='ocrx_word' id='word_1_140' title='bbox 2416 1091 2505 1145; x_wconf 86' lang='grc' dir='ltr'><strong>καὶ</strong></span> <span class='ocrx_word' id='word_1_141' title='bbox 2562 1092 2881 1163; x_wconf 79' lang='grc' dir='ltr'>ἀνεξικάκως</span> <span class='ocrx_word' id='word_1_142' title='bbox 2935 1091 3249 1169; x_wconf 73' lang='grc' dir='ltr'>διειλέχθης</span> <span class='ocrx_word' id='word_1_143' title='bbox 3298 1095 3345 1130; x_wconf 79' lang='grc'><strong>³⁸</strong></span> <span class='ocrx_word' id='word_1_144' title='bbox 3408 1093 3545 1169; x_wconf 88' lang='grc' dir='ltr'>πρὸς</span> <span class='ocrx_word' id='word_1_145' title='bbox 3592 1092 3806 1166; x_wconf 84' lang='grc' dir='ltr'>Σίμωνα.</span> 
     </span>
    </p>
   </div>
   <div class='ocr_carea' id='block_1_20' title="bbox 411 1177 2023 1259">
    <p class='ocr_par' dir='ltr' id='par_1_20' title="bbox 411 1179 2016 1250">
     <span class='ocr_line' id='line_1_20' title="bbox 411 1179 2016 1250; baseline -0.001 -13"><span class='ocrx_word' id='word_1_146' title='bbox 411 1181 577 1237; x_wconf 89' lang='lat' dir='ltr'><strong>tasti.</strong></span> <span class='ocrx_word' id='word_1_147' title='bbox 611 1181 777 1235; x_wconf 89' lang='lat' dir='ltr'><strong>Nunc</strong></span> <span class='ocrx_word' id='word_1_148' title='bbox 810 1196 843 1234; x_wconf 92' lang='lat' dir='ltr'><strong>a</strong></span> <span class='ocrx_word' id='word_1_149' title='bbox 874 1185 928 1234; x_wconf 91' lang='lat' dir='ltr'><strong>te</strong></span> <span class='ocrx_word' id='word_1_150' title='bbox 961 1180 1237 1250; x_wconf 90' lang='lat' dir='ltr'><strong>petimus,</strong></span> <span class='ocrx_word' id='word_1_151' title='bbox 1269 1184 1333 1233; x_wconf 90' lang='lat' dir='ltr'><strong>ut</strong></span> <span class='ocrx_word' id='word_1_152' title='bbox 1364 1184 1420 1234; x_wconf 93' lang='lat' dir='ltr'><strong>et</strong></span> <span class='ocrx_word' id='word_1_153' title='bbox 1449 1179 1617 1235; x_wconf 89' lang='lat' dir='ltr'><strong>nobis</strong></span> <span class='ocrx_word' id='word_1_154' title='bbox 1649 1180 1718 1235; x_wconf 90' lang='lat' dir='ltr'><strong>de</strong></span> <span class='ocrx_word' id='word_1_155' title='bbox 1750 1180 1921 1235; x_wconf 90' lang='lat' dir='ltr'><strong>malis</strong></span> <span class='ocrx_word' id='word_1_156' title='bbox 1953 1197 2016 1235; x_wconf 93' lang='lat' dir='ltr'><strong>co</strong></span> 
     </span>
    </p>
   </div>
   <div class='ocr_carea' id='block_1_21' title="bbox 2197 1177 3809 1259">
    <p class='ocr_par' dir='ltr' id='par_1_21' title="bbox 2197 1177 3809 1259">
     <span class='ocr_line' id='line_1_21' title="bbox 2197 1177 3809 1259; baseline 0.003 -27"><span class='ocrx_word' id='word_1_157' title='bbox 2197 1178 2279 1232; x_wconf 67' lang='grc' dir='ltr'>ἰαὶ</span> <span class='ocrx_word' id='word_1_158' title='bbox 2313 1182 2448 1252; x_wconf 83' lang='grc' dir='ltr'>ἡμῖν</span> <span class='ocrx_word' id='word_1_159' title='bbox 2484 1177 2541 1235; x_wconf 75' lang='grc' dir='ltr'><strong>δὲ</strong></span> <span class='ocrx_word' id='word_1_160' title='bbox 2571 1181 2694 1257; x_wconf 81' lang='grc' dir='ltr'>περὶ</span> <span class='ocrx_word' id='word_1_161' title='bbox 2740 1187 2993 1259; x_wconf 81' lang='grc' dir='ltr'>πονηρῶν</span> <span class='ocrx_word' id='word_1_162' title='bbox 3047 1179 3413 1257; x_wconf 82' lang='grc' dir='ltr'>διαλεχθῆναί</span> <span class='ocrx_word' id='word_1_163' title='bbox 3466 1201 3522 1237; x_wconf 85' lang='grc' dir='ltr'><strong>σε</strong></span> <span class='ocrx_word' id='word_1_164' title='bbox 3565 1180 3809 1255; x_wconf 77' lang='grc' dir='ltr'>ἆξιοῦμεν,</span> 
     </span>
    </p>
   </div>
   <div class='ocr_carea' id='block_1_22' title="bbox 416 1265 2028 1346">
    <p class='ocr_par' dir='ltr' id='par_1_22' title="bbox 416 1268 2028 1343">
     <span class='ocr_line' id='line_1_22' title="bbox 416 1268 2028 1343; baseline -0.001 -17"><span class='ocrx_word' id='word_1_165' title='bbox 416 1269 702 1343; x_wconf 88' lang='lat' dir='ltr'><strong>loquaris,</strong></span> <span class='ocrx_word' id='word_1_166' title='bbox 734 1274 1036 1340; x_wconf 88' lang='lat' dir='ltr'><strong>sperantes</strong></span> <span class='ocrx_word' id='word_1_167' title='bbox 1068 1268 1464 1338; x_wconf 80' lang='lat' dir='ltr'><strong>genuiniorem</strong></span> <span class='ocrx_word' id='word_1_168' title='bbox 1500 1274 1552 1323; x_wconf 91' lang='lat' dir='ltr'><strong>te</strong></span> <span class='ocrx_word' id='word_1_169' title='bbox 1585 1269 1753 1324; x_wconf 90' lang='lat' dir='ltr'><strong>nobis</strong></span> <span class='ocrx_word' id='word_1_170' title='bbox 1780 1270 2028 1325; x_wconf 77' lang='lat' dir='ltr'><strong>facturui</strong></span> 
     </span>
    </p>
   </div>
   <div class='ocr_carea' id='block_1_23' title="bbox 2195 1265 3807 1346">
    <p class='ocr_par' dir='ltr' id='par_1_23' title="bbox 2195 1265 3807 1346">
     <span class='ocr_line' id='line_1_23' title="bbox 2195 1265 3807 1346; baseline 0.004 -25"><span class='ocrx_word' id='word_1_171' title='bbox 2195 1265 2488 1337; x_wconf 61' lang='grc' dir='ltr'>ἱλπίζοντες</span> <span class='ocrx_word' id='word_1_172' title='bbox 2538 1271 2907 1346; x_wconf 88' lang='grc' dir='ltr'>γνησιώτερόν</span> <span class='ocrx_word' id='word_1_173' title='bbox 2954 1292 3011 1326; x_wconf 87' lang='grc' dir='ltr'><strong>σε</strong></span> <span class='ocrx_word' id='word_1_174' title='bbox 3061 1273 3196 1344; x_wconf 76' lang='grc' dir='ltr'>ἡμῖν</span> <span class='ocrx_word' id='word_1_175' title='bbox 3249 1270 3343 1327; x_wconf 83' lang='grc' dir='ltr'>τὸν</span> <span class='ocrx_word' id='word_1_176' title='bbox 3395 1269 3518 1346; x_wconf 75' lang='grc' dir='ltr'>περὶ</span> <span class='ocrx_word' id='word_1_177' title='bbox 3558 1270 3709 1325; x_wconf 74' lang='grc' dir='ltr'>αὐτοῦ</span> <span class='ocrx_word' id='word_1_178' title='bbox 3736 1270 3807 1327; x_wconf 79' lang='grc' dir='ltr'>έκ-</span> 
     </span>
    </p>
   </div>
   <div class='ocr_carea' id='block_1_24' title="bbox 418 1355 2030 1435">
    <p class='ocr_par' dir='ltr' id='par_1_24' title="bbox 418 1358 2030 1428">
     <span class='ocr_line' id='line_1_24' title="bbox 418 1358 2030 1428; baseline -0.001 -15"><span class='ocrx_word' id='word_1_179' title='bbox 418 1373 770 1423; x_wconf 91' lang='lat' dir='ltr'><strong>sermonem,</strong></span> <span class='ocrx_word' id='word_1_180' title='bbox 808 1374 920 1411; x_wconf 92' lang='lat' dir='ltr'><strong>non</strong></span> <span class='ocrx_word' id='word_1_181' title='bbox 955 1362 1151 1411; x_wconf 88' lang='lat' dir='ltr'><strong>autem</strong></span> <span class='ocrx_word' id='word_1_182' title='bbox 1177 1358 1302 1428; x_wconf 86' lang='lat' dir='ltr'><strong>jam</strong></span> <span class='ocrx_word' id='word_1_183' title='bbox 1337 1358 1445 1411; x_wconf 83' lang='lat' dir='ltr'><strong>hac</strong></span> <span class='ocrx_word' id='word_1_184' title='bbox 1476 1358 1638 1428; x_wconf 90' lang='lat' dir='ltr'><strong>bora,</strong></span> <span class='ocrx_word' id='word_1_185' title='bbox 1690 1359 1790 1413; x_wconf 90' lang='lat' dir='ltr'><strong>sed</strong></span> <span class='ocrx_word' id='word_1_186' title='bbox 1836 1375 1987 1426; x_wconf 87' lang='lat' dir='ltr'><strong>cras,</strong></span> <span class='ocrx_word' id='word_1_187' title='bbox 2021 1377 2030 1412; x_wconf 76' lang='grc' dir='ltr'><strong>ε</strong></span> 
     </span>
    </p>
   </div>
   <div class='ocr_carea' id='block_1_25' title="bbox 2195 1355 3807 1435">
    <p class='ocr_par' dir='ltr' id='par_1_25' title="bbox 2195 1355 3807 1435">
     <span class='ocr_line' id='line_1_25' title="bbox 2195 1355 3807 1435; baseline 0.002 -24"><span class='ocrx_word' id='word_1_188' title='bbox 2195 1355 2339 1435; x_wconf 78' lang='grc' dir='ltr'>ράναι</span> <span class='ocrx_word' id='word_1_189' title='bbox 2386 1357 2571 1435; x_wconf 76' lang='grc' dir='ltr'>λόγον,</span> <span class='ocrx_word' id='word_1_190' title='bbox 2620 1358 2709 1414; x_wconf 77' lang='grc' dir='ltr'>καὶ</span> <span class='ocrx_word' id='word_1_191' title='bbox 2758 1358 2925 1416; x_wconf 75' lang='grc' dir='ltr'><strong>ταῦτα</strong></span> <span class='ocrx_word' id='word_1_192' title='bbox 2975 1360 3075 1416; x_wconf 80' lang='grc' dir='ltr'>οὐκ</span> <span class='ocrx_word' id='word_1_193' title='bbox 3122 1360 3295 1430; x_wconf 78' lang='grc' dir='ltr'>αὐτῆς</span> <span class='ocrx_word' id='word_1_194' title='bbox 3353 1358 3519 1435; x_wconf 80' lang='grc' dir='ltr'>ὥρας,</span> <span class='ocrx_word' id='word_1_195' title='bbox 3569 1357 3686 1414; x_wconf 77' lang='grc' dir='ltr'><strong>ἀλλ’</strong></span> <span class='ocrx_word' id='word_1_196' title='bbox 3728 1357 3807 1414; x_wconf 72' lang='grc' dir='ltr'>αὖ·</span> 
     </span>
    </p>
   </div>
   <div class='ocr_carea' id='block_1_26' title="bbox 420 1444 2032 1526">
    <p class='ocr_par' dir='ltr' id='par_1_26' title="bbox 420 1445 2032 1518">
     <span class='ocr_line' id='line_1_26' title="bbox 420 1445 2032 1518; baseline -0.001 -15"><span class='ocrx_word' id='word_1_197' title='bbox 420 1446 524 1503; x_wconf 89' lang='lat' dir='ltr'><strong>tibi</strong></span> <span class='ocrx_word' id='word_1_198' title='bbox 558 1449 781 1518; x_wconf 81' lang='lat' dir='ltr'><strong>placet:</strong></span> <span class='ocrx_word' id='word_1_199' title='bbox 818 1445 1034 1500; x_wconf 87' lang='lat' dir='ltr'><strong>etenim</strong></span> <span class='ocrx_word' id='word_1_200' title='bbox 1069 1446 1427 1517; x_wconf 89' lang='lat' dir='ltr'><strong>parcendum</strong></span> <span class='ocrx_word' id='word_1_201' title='bbox 1460 1447 1565 1501; x_wconf 87' lang='lat' dir='ltr'><strong>tibi</strong></span> <span class='ocrx_word' id='word_1_202' title='bbox 1596 1451 1685 1502; x_wconf 90' lang='lat' dir='ltr'><strong>est</strong></span> <span class='ocrx_word' id='word_1_203' title='bbox 1715 1448 1787 1502; x_wconf 95' lang='lat' dir='ltr'><strong>ob</strong></span> <span class='ocrx_word' id='word_1_204' title='bbox 1818 1446 2032 1503; x_wconf 70' lang='lat' dir='ltr'><strong>labores</strong></span> 
     </span>
    </p>
   </div>
   <div class='ocr_carea' id='block_1_27' title="bbox 2195 1444 3807 1526">
    <p class='ocr_par' dir='ltr' id='par_1_27' title="bbox 2195 1444 3807 1526">
     <span class='ocr_line' id='line_1_27' title="bbox 2195 1444 3807 1526; baseline 0.004 -27"><span class='ocrx_word' id='word_1_205' title='bbox 2195 1465 2320 1516; x_wconf 68' lang='lat' dir='ltr'><strong>nov,</strong></span> <span class='ocrx_word' id='word_1_206' title='bbox 2370 1444 2425 1500; x_wconf 76' lang='grc' dir='ltr'><strong>εἷ’</strong></span> <span class='ocrx_word' id='word_1_207' title='bbox 2463 1468 2547 1503; x_wconf 92' lang='grc' dir='ltr'><strong>σοι</strong></span> <span class='ocrx_word' id='word_1_208' title='bbox 2597 1445 2754 1526; x_wconf 85' lang='grc' dir='ltr'>φίλον</span> <span class='ocrx_word' id='word_1_209' title='bbox 2806 1448 2964 1505; x_wconf 82' lang='grc' dir='ltr'>ἐστίν·</span> <span class='ocrx_word' id='word_1_210' title='bbox 3003 1449 3443 1525; x_wconf 78' lang='grc' dir='ltr'>συγγινώσκομεν</span> <span class='ocrx_word' id='word_1_211' title='bbox 3491 1449 3588 1524; x_wconf 78' lang='grc' dir='ltr'>γάρ</span> <span class='ocrx_word' id='word_1_212' title='bbox 3626 1469 3702 1503; x_wconf 90' lang='grc' dir='ltr'><strong>σοι</strong></span> <span class='ocrx_word' id='word_1_213' title='bbox 3731 1444 3807 1505; x_wconf 72' lang='grc' dir='ltr'>διὰ</span> 
     </span>
    </p>
   </div>
   <div class='ocr_carea' id='block_1_28' title="bbox 424 1534 2036 1614">
    <p class='ocr_par' dir='ltr' id='par_1_28' title="bbox 424 1534 2030 1609">
     <span class='ocr_line' id='line_1_28' title="bbox 424 1534 2030 1609; baseline 0.002 -18"><span class='ocrx_word' id='word_1_214' title='bbox 424 1553 572 1609; x_wconf 90' lang='lat' dir='ltr'><strong>quos</strong></span> <span class='ocrx_word' id='word_1_215' title='bbox 602 1537 660 1590; x_wconf 91' lang='lat' dir='ltr'><strong>in</strong></span> <span class='ocrx_word' id='word_1_216' title='bbox 684 1534 1095 1606; x_wconf 87' lang='lat' dir='ltr'><strong>disquisitione</strong></span> <span class='ocrx_word' id='word_1_217' title='bbox 1128 1535 1436 1607; x_wconf 88' lang='lat' dir='ltr'><strong>pertulisti.</strong></span> <span class='ocrx_word' id='word_1_218' title='bbox 1476 1537 1796 1608; x_wconf 82' lang='lat' dir='ltr'><strong>Respondit</strong></span> <span class='ocrx_word' id='word_1_219' title='bbox 1828 1538 2030 1594; x_wconf 87' lang='lat' dir='ltr'><strong>Petrus</strong></span> 
     </span>
    </p>
   </div>
   <div class='ocr_carea' id='block_1_29' title="bbox 2196 1534 3808 1614">
    <p class='ocr_par' dir='ltr' id='par_1_29' title="bbox 2196 1536 3808 1614">
     <span class='ocr_line' id='line_1_29' title="bbox 2196 1536 3808 1614; baseline 0.001 -23"><span class='ocrx_word' id='word_1_220' title='bbox 2196 1536 2305 1600; x_wconf 74' lang='grc' dir='ltr'>τοὺς</span> <span class='ocrx_word' id='word_1_221' title='bbox 2360 1537 2418 1593; x_wconf 80' lang='grc' dir='ltr'>ἐκ</span> <span class='ocrx_word' id='word_1_222' title='bbox 2461 1545 2561 1607; x_wconf 80' lang='grc' dir='ltr'><strong>τῆς</strong></span> <span class='ocrx_word' id='word_1_223' title='bbox 2612 1541 2888 1610; x_wconf 78' lang='grc' dir='ltr'>ζητήσεως</span> <span class='ocrx_word' id='word_1_224' title='bbox 2938 1537 3239 1611; x_wconf 75' lang='grc' dir='ltr'>καμάτους.</span> <span class='ocrx_word' id='word_1_225' title='bbox 3274 1538 3379 1593; x_wconf 84' lang='grc' dir='ltr'>Καὶ</span> <span class='ocrx_word' id='word_1_226' title='bbox 3428 1539 3457 1592; x_wconf 96' lang='lat'><strong>6</strong></span> <span class='ocrx_word' id='word_1_227' title='bbox 3490 1544 3701 1614; x_wconf 57' lang='grc' dir='ltr'>Πέτρος</span> <span class='ocrx_word' id='word_1_228' title='bbox 3730 1538 3808 1593; x_wconf 80' lang='grc' dir='ltr'><strong>Εἷ-</strong></span> 
     </span>
    </p>
   </div>
   <div class='ocr_carea' id='block_1_30' title="bbox 416 1623 2028 1701">
    <p class='ocr_par' dir='ltr' id='par_1_30' title="bbox 416 1624 2028 1700">
     <span class='ocr_line' id='line_1_30' title="bbox 416 1624 2028 1700; baseline 0 -18"><span class='ocrx_word' id='word_1_229' title='bbox 416 1624 575 1682; x_wconf 90' lang='lat' dir='ltr'><strong>Scire</strong></span> <span class='ocrx_word' id='word_1_230' title='bbox 606 1642 706 1680; x_wconf 86' lang='lat' dir='ltr'><strong>vos</strong></span> <span class='ocrx_word' id='word_1_231' title='bbox 759 1624 908 1691; x_wconf 88' lang='lat' dir='ltr'><strong>volo,</strong></span> <span class='ocrx_word' id='word_1_232' title='bbox 961 1625 1112 1679; x_wconf 92' lang='lat' dir='ltr'><strong>inter</strong></span> <span class='ocrx_word' id='word_1_233' title='bbox 1155 1626 1313 1696; x_wconf 89' lang='lat' dir='ltr'><strong>ipsos</strong></span> <span class='ocrx_word' id='word_1_234' title='bbox 1366 1625 1595 1681; x_wconf 88' lang='lat' dir='ltr'><strong>labores</strong></span> <span class='ocrx_word' id='word_1_235' title='bbox 1649 1643 1783 1681; x_wconf 90' lang='lat' dir='ltr'><strong>eum</strong></span> <span class='ocrx_word' id='word_1_236' title='bbox 1833 1628 2028 1700; x_wconf 83' lang='lat' dir='ltr'><strong>acquie</strong></span> 
     </span>
    </p>
   </div>
   <div class='ocr_carea' id='block_1_31' title="bbox 2197 1623 3809 1701">
    <p class='ocr_par' dir='ltr' id='par_1_31' title="bbox 2197 1625 3809 1701">
     <span class='ocr_line' id='line_1_31' title="bbox 2197 1625 3809 1701; baseline 0 -20"><span class='ocrx_word' id='word_1_237' title='bbox 2197 1625 2325 1681; x_wconf 67' lang='grc' dir='ltr'>ἴέναι</span> <span class='ocrx_word' id='word_1_238' title='bbox 2358 1627 2497 1700; x_wconf 82' lang='grc' dir='ltr'>ὑμᾶς</span> <span class='ocrx_word' id='word_1_239' title='bbox 2528 1627 2695 1696; x_wconf 82' lang='grc' dir='ltr'>θέλω,</span> <span class='ocrx_word' id='word_1_240' title='bbox 2728 1627 2810 1684; x_wconf 78' lang='grc' dir='ltr'><strong>ὅτι</strong></span> <span class='ocrx_word' id='word_1_241' title='bbox 2842 1629 2869 1683; x_wconf 87' lang='lat'><strong>6</strong></span> <span class='ocrx_word' id='word_1_242' title='bbox 2906 1628 3039 1701; x_wconf 82' lang='grc' dir='ltr'>μετὰ</span> <span class='ocrx_word' id='word_1_243' title='bbox 3078 1626 3303 1701; x_wconf 11' lang='grc' dir='ltr'>ἡδονῆς-ἠ</span> <span class='ocrx_word' id='word_1_244' title='bbox 3336 1631 3509 1682; x_wconf 90' lang='grc' dir='ltr'>ποιῶν</span> <span class='ocrx_word' id='word_1_245' title='bbox 3537 1648 3586 1681; x_wconf 87' lang='grc' dir='ltr'><strong>τι</strong></span> <span class='ocrx_word' id='word_1_246' title='bbox 3618 1627 3699 1681; x_wconf 85' lang='grc' dir='ltr'><strong>ὑπ’</strong></span> <span class='ocrx_word' id='word_1_247' title='bbox 3726 1626 3809 1682; x_wconf 74' lang='grc' dir='ltr'>αὐ-</span> 
     </span>
    </p>
   </div>
   <div class='ocr_carea' id='block_1_32' title="bbox 421 1712 2033 1815">
    <p class='ocr_par' dir='ltr' id='par_1_32' title="bbox 421 1713 2033 1789">
     <span class='ocr_line' id='line_1_32' title="bbox 421 1713 2033 1789; baseline 0 -17"><span class='ocrx_word' id='word_1_248' title='bbox 421 1730 601 1785; x_wconf 83' lang='lat' dir='ltr'><strong>scere,</strong></span> <span class='ocrx_word' id='word_1_249' title='bbox 636 1713 734 1785; x_wconf 91' lang='lat' dir='ltr'><strong>qui</strong></span> <span class='ocrx_word' id='word_1_250' title='bbox 767 1713 1041 1769; x_wconf 87' lang='lat' dir='ltr'><strong>lubenter</strong></span> <span class='ocrx_word' id='word_1_251' title='bbox 1069 1714 1313 1783; x_wconf 79' lang='lat' dir='ltr'><strong>laborat,</strong></span> <span class='ocrx_word' id='word_1_252' title='bbox 1348 1733 1502 1782; x_wconf 91' lang='lat' dir='ltr'><strong>cum,</strong></span> <span class='ocrx_word' id='word_1_253' title='bbox 1552 1717 1652 1788; x_wconf 91' lang='lat' dir='ltr'><strong>qui</strong></span> <span class='ocrx_word' id='word_1_254' title='bbox 1685 1717 1902 1772; x_wconf 88' lang='lat' dir='ltr'><strong>invitus</strong></span> <span class='ocrx_word' id='word_1_255' title='bbox 1933 1733 2033 1789; x_wconf 84' lang='lat' dir='ltr'><strong>ope</strong></span> 
     </span>
    </p>
   </div>
   <div class='ocr_carea' id='block_1_33' title="bbox 2195 1712 3807 1815">
    <p class='ocr_par' dir='ltr' id='par_1_33' title="bbox 2195 1712 3807 1790">
     <span class='ocr_line' id='line_1_33' title="bbox 2195 1712 3807 1790; baseline 0 -21"><span class='ocrx_word' id='word_1_256' title='bbox 2195 1719 2285 1769; x_wconf 76' lang='grc' dir='ltr'><strong>τῶν</strong></span> <span class='ocrx_word' id='word_1_257' title='bbox 2316 1719 2423 1770; x_wconf 88' lang='grc' dir='ltr'><strong>τῶν</strong></span> <span class='ocrx_word' id='word_1_258' title='bbox 2467 1716 2724 1789; x_wconf 83' lang='grc' dir='ltr'>καμάτων</span> <span class='ocrx_word' id='word_1_259' title='bbox 2776 1716 3120 1789; x_wconf 79' lang='grc' dir='ltr'><strong>ἀναπαύεται,</strong></span> <span class='ocrx_word' id='word_1_260' title='bbox 3168 1718 3244 1790; x_wconf 76' lang='grc' dir='ltr'>μὴ</span> <span class='ocrx_word' id='word_1_261' title='bbox 3280 1720 3456 1770; x_wconf 89' lang='grc' dir='ltr'>ποιῶν</span> <span class='ocrx_word' id='word_1_262' title='bbox 3492 1712 3548 1770; x_wconf 71' lang='grc' dir='ltr'><strong>δὲ</strong></span> <span class='ocrx_word' id='word_1_263' title='bbox 3575 1714 3607 1769; x_wconf 69' lang='grc' dir='ltr'><strong>’ὰ</strong></span> <span class='ocrx_word' id='word_1_264' title='bbox 3638 1713 3807 1790; x_wconf 70' lang='grc' dir='ltr'>βούλε-</span> 
     </span>
    </p>
   </div>
   <div class='ocr_carea' id='block_1_34' title="bbox 422 1801 2034 1879">
    <p class='ocr_par' dir='ltr' id='par_1_34' title="bbox 422 1801 2031 1878">
     <span class='ocr_line' id='line_1_34' title="bbox 422 1801 2031 1878; baseline 0.001 -19"><span class='ocrx_word' id='word_1_265' title='bbox 422 1807 603 1873; x_wconf 87' lang='lat' dir='ltr'><strong>retur,</strong></span> <span class='ocrx_word' id='word_1_266' title='bbox 636 1803 693 1856; x_wconf 90' lang='lat' dir='ltr'><strong>in</strong></span> <span class='ocrx_word' id='word_1_267' title='bbox 726 1801 854 1873; x_wconf 82' lang='lat' dir='ltr'><strong>ipsa</strong></span> <span class='ocrx_word' id='word_1_268' title='bbox 893 1803 1087 1874; x_wconf 90' lang='lat' dir='ltr'><strong>quiete</strong></span> <span class='ocrx_word' id='word_1_269' title='bbox 1132 1803 1220 1857; x_wconf 90' lang='lat' dir='ltr'><strong>vel</strong></span> <span class='ocrx_word' id='word_1_270' title='bbox 1271 1805 1521 1860; x_wconf 88' lang='lat' dir='ltr'><strong>maxime</strong></span> <span class='ocrx_word' id='word_1_271' title='bbox 1564 1804 1807 1861; x_wconf 90' lang='lat' dir='ltr'><strong>laboret.</strong></span> <span class='ocrx_word' id='word_1_272' title='bbox 1866 1807 2031 1878; x_wconf 90' lang='lat' dir='ltr'><strong>Itaqu</strong></span> 
     </span>
    </p>
   </div>
   <div class='ocr_carea' id='block_1_35' title="bbox 2195 1801 3807 1879">
    <p class='ocr_par' dir='ltr' id='par_1_35' title="bbox 2195 1802 3807 1879">
     <span class='ocr_line' id='line_1_35' title="bbox 2195 1802 3807 1879; baseline 0.001 -21"><span class='ocrx_word' id='word_1_273' title='bbox 2195 1823 2265 1858; x_wconf 78' lang='grc' dir='ltr'><strong>ται</strong></span> <span class='ocrx_word' id='word_1_274' title='bbox 2325 1804 2413 1859; x_wconf 83' lang='grc' dir='ltr'>ὑπ’</span> <span class='ocrx_word' id='word_1_275' title='bbox 2470 1804 2639 1875; x_wconf 83' lang='grc' dir='ltr'>αὐτῆς</span> <span class='ocrx_word' id='word_1_276' title='bbox 2693 1813 2793 1875; x_wconf 83' lang='grc' dir='ltr'>τῆς</span> <span class='ocrx_word' id='word_1_277' title='bbox 2850 1806 3198 1868; x_wconf 72' lang='grc' dir='ltr'>ἀναπαύσεως</span> <span class='ocrx_word' id='word_1_278' title='bbox 3246 1804 3446 1876; x_wconf 71' lang='grc' dir='ltr'>κάμνει</span> <span class='ocrx_word' id='word_1_279' title='bbox 3493 1803 3557 1858; x_wconf 75' lang='grc' dir='ltr'>τὰ</span> <span class='ocrx_word' id='word_1_280' title='bbox 3594 1802 3807 1879; x_wconf 85' lang='grc' dir='ltr'>μέγιστα.</span> 
     </span>
    </p>
   </div>
   <div class='ocr_carea' id='block_1_36' title="bbox 423 1891 2035 1968">
    <p class='ocr_par' dir='ltr' id='par_1_36' title="bbox 423 1891 2035 1964">
     <span class='ocr_line' id='line_1_36' title="bbox 423 1891 2035 1964; baseline 0.001 -16"><span class='ocrx_word' id='word_1_281' title='bbox 423 1892 740 1949; x_wconf 83' lang='lat' dir='ltr'><strong>maximam</strong></span> <span class='ocrx_word' id='word_1_282' title='bbox 774 1891 917 1945; x_wconf 90' lang='lat' dir='ltr'><strong>mibi</strong></span> <span class='ocrx_word' id='word_1_283' title='bbox 943 1892 1357 1947; x_wconf 86' lang='lat' dir='ltr'><strong>recreationem</strong></span> <span class='ocrx_word' id='word_1_284' title='bbox 1383 1894 1671 1964; x_wconf 66' lang='lat' dir='ltr'><strong>praebetis,</strong></span> <span class='ocrx_word' id='word_1_285' title='bbox 1698 1894 1743 1949; x_wconf 89' lang='lat' dir='ltr'><strong>si</strong></span> <span class='ocrx_word' id='word_1_286' title='bbox 1779 1911 1870 1950; x_wconf 82' lang='lat' dir='ltr'><strong>me</strong></span> <span class='ocrx_word' id='word_1_287' title='bbox 1901 1896 1971 1950; x_wconf 92' lang='lat' dir='ltr'><strong>de</strong></span> <span class='ocrx_word' id='word_1_288' title='bbox 1998 1894 2035 1949; x_wconf 90' lang='lat' dir='ltr'><strong>ii</strong></span> 
     </span>
    </p>
   </div>
   <div class='ocr_carea' id='block_1_37' title="bbox 2184 1891 3796 1968">
    <p class='ocr_par' dir='ltr' id='par_1_37' title="bbox 2184 1892 3796 1968">
     <span class='ocr_line' id='line_1_37' title="bbox 2184 1892 3796 1968; baseline -0.001 -21"><span class='ocrx_word' id='word_1_289' title='bbox 2184 1894 2337 1948; x_wconf 83' lang='grc' dir='ltr'>Ὥστε</span> <span class='ocrx_word' id='word_1_290' title='bbox 2388 1915 2481 1966; x_wconf 87' lang='grc' dir='ltr'><strong>μοι</strong></span> <span class='ocrx_word' id='word_1_291' title='bbox 2529 1895 2596 1948; x_wconf 78' lang='grc' dir='ltr'>τὰ</span> <span class='ocrx_word' id='word_1_292' title='bbox 2646 1892 2859 1968; x_wconf 83' lang='grc' dir='ltr'>μεγάλα</span> <span class='ocrx_word' id='word_1_293' title='bbox 2898 1901 3000 1964; x_wconf 83' lang='grc' dir='ltr'>τῆς</span> <span class='ocrx_word' id='word_1_294' title='bbox 3050 1893 3401 1955; x_wconf 70' lang='grc' dir='ltr'>ἀναπαύσεως</span> <span class='ocrx_word' id='word_1_295' title='bbox 3451 1892 3717 1968; x_wconf 76' lang='grc' dir='ltr'>χαρίζεσθε</span> <span class='ocrx_word' id='word_1_296' title='bbox 3740 1894 3796 1946; x_wconf 75' lang='grc' dir='ltr'>τὰ</span> 
     </span>
    </p>
   </div>
   <div class='ocr_carea' id='block_1_38' title="bbox 425 1980 2037 2060">
    <p class='ocr_par' dir='ltr' id='par_1_38' title="bbox 425 1980 2034 2052">
     <span class='ocr_line' id='line_1_38' title="bbox 425 1980 2034 2052; baseline 0.002 -15"><span class='ocrx_word' id='word_1_297' title='bbox 425 1980 675 2052; x_wconf 90' lang='lat' dir='ltr'><strong>colloqui</strong></span> <span class='ocrx_word' id='word_1_298' title='bbox 713 1980 919 2048; x_wconf 88' lang='lat' dir='ltr'><strong>facitis,</strong></span> <span class='ocrx_word' id='word_1_299' title='bbox 972 1998 1100 2051; x_wconf 65' lang='lat' dir='ltr'><strong>quae</strong></span> <span class='ocrx_word' id='word_1_300' title='bbox 1152 1980 1293 2036; x_wconf 89' lang='lat' dir='ltr'><strong>mihi</strong></span> <span class='ocrx_word' id='word_1_301' title='bbox 1334 1981 1392 2037; x_wconf 91' lang='lat' dir='ltr'><strong>in</strong></span> <span class='ocrx_word' id='word_1_302' title='bbox 1437 1982 1661 2039; x_wconf 91' lang='lat' dir='ltr'><strong>deliciis</strong></span> <span class='ocrx_word' id='word_1_303' title='bbox 1693 1988 1850 2040; x_wconf 92' lang='lat' dir='ltr'><strong>sunt.</strong></span> <span class='ocrx_word' id='word_1_304' title='bbox 1885 1986 1969 2039; x_wconf 87' lang='lat' dir='ltr'><strong>Ita</strong></span> <span class='ocrx_word' id='word_1_305' title='bbox 2000 1985 2034 2039; x_wconf 95' lang='lat' dir='ltr'><strong>d</strong></span> 
     </span>
    </p>
   </div>
   <div class='ocr_carea' id='block_1_39' title="bbox 2184 1980 3796 2060">
    <p class='ocr_par' dir='ltr' id='par_1_39' title="bbox 2184 1980 3796 2060">
     <span class='ocr_line' id='line_1_39' title="bbox 2184 1980 3796 2060; baseline -0.002 -22"><span class='ocrx_word' id='word_1_306' title='bbox 2184 1981 2304 2056; x_wconf 75' lang='grc' dir='ltr'>ἐμοὶ</span> <span class='ocrx_word' id='word_1_307' title='bbox 2349 1981 2484 2060; x_wconf 86' lang='grc' dir='ltr'>φίλα</span> <span class='ocrx_word' id='word_1_308' title='bbox 2528 1980 2866 2059; x_wconf 81' lang='grc' dir='ltr'>διαλέγεσθαι</span> <span class='ocrx_word' id='word_1_309' title='bbox 2914 1987 3212 2046; x_wconf 70' lang='grc' dir='ltr'>ποιοῦντες.</span> <span class='ocrx_word' id='word_1_310' title='bbox 3245 1983 3406 2051; x_wconf 75' lang='grc' dir='ltr'>Πλὴν</span> <span class='ocrx_word' id='word_1_311' title='bbox 3456 1981 3541 2036; x_wconf 82' lang='grc' dir='ltr'><strong>ἐπὶ</strong></span> <span class='ocrx_word' id='word_1_312' title='bbox 3588 1985 3649 2055; x_wconf 81' lang='grc' dir='ltr'>τῇ</span> <span class='ocrx_word' id='word_1_313' title='bbox 3680 2001 3796 2057; x_wconf 88' lang='grc' dir='ltr'>προ-</span> 
     </span>
    </p>
   </div>
   <div class='ocr_carea' id='block_1_40' title="bbox 430 2069 2042 2149">
    <p class='ocr_par' dir='ltr' id='par_1_40' title="bbox 430 2070 2039 2146">
     <span class='ocr_line' id='line_1_40' title="bbox 430 2070 2039 2146; baseline 0.002 -20"><span class='ocrx_word' id='word_1_314' title='bbox 430 2070 674 2126; x_wconf 88' lang='lat' dir='ltr'><strong>consilio</strong></span> <span class='ocrx_word' id='word_1_315' title='bbox 706 2071 833 2140; x_wconf 88' lang='lat' dir='ltr'><strong>ejus</strong></span> <span class='ocrx_word' id='word_1_316' title='bbox 886 2070 1169 2125; x_wconf 83' lang='lat' dir='ltr'><strong>satisfacti</strong></span> <span class='ocrx_word' id='word_1_317' title='bbox 1214 2075 1271 2125; x_wconf 91' lang='lat' dir='ltr'><strong>et</strong></span> <span class='ocrx_word' id='word_1_318' title='bbox 1320 2070 1651 2127; x_wconf 89' lang='lat' dir='ltr'><strong>lassitudini</strong></span> <span class='ocrx_word' id='word_1_319' title='bbox 1700 2072 2039 2146; x_wconf 83' lang='lat' dir='ltr'><strong>indulgente</strong></span> 
     </span>
    </p>
   </div>
   <div class='ocr_carea' id='block_1_41' title="bbox 2182 2069 3794 2149">
    <p class='ocr_par' dir='ltr' id='par_1_41' title="bbox 2182 2069 3794 2149">
     <span class='ocr_line' id='line_1_41' title="bbox 2182 2069 3794 2149; baseline -0.002 -23"><span class='ocrx_word' id='word_1_320' title='bbox 2182 2072 2379 2148; x_wconf 82' lang='grc' dir='ltr'>αιρέσει</span> <span class='ocrx_word' id='word_1_321' title='bbox 2469 2072 2635 2129; x_wconf 76' lang='grc' dir='ltr'>αὐτοῦ</span> <span class='ocrx_word' id='word_1_322' title='bbox 2714 2072 3109 2149; x_wconf 82' lang='grc' dir='ltr'>έξαρκεσθέντες</span> <span class='ocrx_word' id='word_1_323' title='bbox 3192 2073 3287 2128; x_wconf 79' lang='grc' dir='ltr'><strong>καὶ</strong></span> <span class='ocrx_word' id='word_1_324' title='bbox 3373 2076 3488 2133; x_wconf 84' lang='grc' dir='ltr'>τοῖς</span> <span class='ocrx_word' id='word_1_325' title='bbox 3561 2069 3794 2143; x_wconf 79' lang='grc' dir='ltr'>καμάτοις</span> 
     </span>
    </p>
   </div>
   <div class='ocr_carea' id='block_1_42' title="bbox 431 2158 2043 2238">
    <p class='ocr_par' dir='ltr' id='par_1_42' title="bbox 431 2158 2043 2233">
     <span class='ocr_line' id='line_1_42' title="bbox 431 2158 2043 2233; baseline 0.002 -18"><span class='ocrx_word' id='word_1_326' title='bbox 431 2158 767 2231; x_wconf 89' lang='lat' dir='ltr'><strong>rogavimus</strong></span> <span class='ocrx_word' id='word_1_327' title='bbox 799 2163 863 2213; x_wconf 93' lang='lat' dir='ltr'><strong>ut</strong></span> <span class='ocrx_word' id='word_1_328' title='bbox 888 2158 948 2214; x_wconf 92' lang='lat' dir='ltr'><strong>in</strong></span> <span class='ocrx_word' id='word_1_329' title='bbox 984 2164 1208 2215; x_wconf 90' lang='lat' dir='ltr'><strong>noctem</strong></span> <span class='ocrx_word' id='word_1_330' title='bbox 1255 2160 1530 2233; x_wconf 72' lang='lat' dir='ltr'><strong>differret,</strong></span> <span class='ocrx_word' id='word_1_331' title='bbox 1574 2163 2043 2233; x_wconf 89' lang='lat' dir='ltr'><strong>quemadmodun</strong></span> 
     </span>
    </p>
   </div>
   <div class='ocr_carea' id='block_1_43' title="bbox 2187 2158 3799 2238">
    <p class='ocr_par' dir='ltr' id='par_1_43' title="bbox 2187 2158 3799 2238">
     <span class='ocr_line' id='line_1_43' title="bbox 2187 2158 3799 2238; baseline -0.003 -21"><span class='ocrx_word' id='word_1_332' title='bbox 2187 2160 2491 2238; x_wconf 80' lang='grc' dir='ltr'>συγγνόντες</span> <span class='ocrx_word' id='word_1_333' title='bbox 2535 2162 2611 2225; x_wconf 76' lang='grc' dir='ltr'>εἱς</span> <span class='ocrx_word' id='word_1_334' title='bbox 2655 2164 2754 2232; x_wconf 76' lang='grc' dir='ltr'>τήν</span> <span class='ocrx_word' id='word_1_335' title='bbox 2802 2162 2968 2218; x_wconf 82' lang='grc' dir='ltr'>νύκτα</span> <span class='ocrx_word' id='word_1_336' title='bbox 3012 2165 3080 2231; x_wconf 78' lang='grc'><strong>⁸⁷,</strong></span> <span class='ocrx_word' id='word_1_337' title='bbox 3119 2163 3191 2224; x_wconf 85' lang='grc' dir='ltr'>ὡς</span> <span class='ocrx_word' id='word_1_338' title='bbox 3235 2160 3389 2233; x_wconf 77' lang='grc' dir='ltr'>αὖτῷ</span> <span class='ocrx_word' id='word_1_339' title='bbox 3430 2159 3543 2215; x_wconf 80' lang='grc' dir='ltr'>ἔθος</span> <span class='ocrx_word' id='word_1_340' title='bbox 3583 2160 3644 2228; x_wconf 76' lang='grc' dir='ltr'>ἦν</span> <span class='ocrx_word' id='word_1_341' title='bbox 3680 2158 3799 2235; x_wconf 77' lang='grc' dir='ltr'>πρὸς</span> 
     </span>
    </p>
   </div>
   <div class='ocr_carea' id='block_1_44' title="bbox 430 2247 2042 2329">
    <p class='ocr_par' dir='ltr' id='par_1_44' title="bbox 430 2247 2041 2323">
     <span class='ocr_line' id='line_1_44' title="bbox 430 2247 2041 2323; baseline 0.001 -19"><span class='ocrx_word' id='word_1_342' title='bbox 430 2264 559 2304; x_wconf 88' lang='lat' dir='ltr'><strong>mos</strong></span> <span class='ocrx_word' id='word_1_343' title='bbox 618 2247 670 2302; x_wconf 89' lang='lat' dir='ltr'><strong>ei</strong></span> <span class='ocrx_word' id='word_1_344' title='bbox 727 2252 848 2303; x_wconf 84' lang='lat' dir='ltr'><strong>erat</strong></span> <span class='ocrx_word' id='word_1_345' title='bbox 899 2264 1033 2303; x_wconf 90' lang='lat' dir='ltr'><strong>cum</strong></span> <span class='ocrx_word' id='word_1_346' title='bbox 1095 2247 1483 2305; x_wconf 84' lang='lat' dir='ltr'><strong>familiaribus</strong></span> <span class='ocrx_word' id='word_1_347' title='bbox 1547 2250 1935 2323; x_wconf 90' lang='lat' dir='ltr'><strong>colloquendi.</strong></span> <span class='ocrx_word' id='word_1_348' title='bbox 1996 2253 2041 2306; x_wconf 89' lang='lat' dir='ltr'><strong>A</strong></span> 
     </span>
    </p>
   </div>
   <div class='ocr_carea' id='block_1_45' title="bbox 2190 2247 3802 2329">
    <p class='ocr_par' dir='ltr' id='par_1_45' title="bbox 2190 2248 3802 2329">
     <span class='ocr_line' id='line_1_45' title="bbox 2190 2248 3802 2329; baseline -0.002 -24"><span class='ocrx_word' id='word_1_349' title='bbox 2190 2250 2311 2314; x_wconf 82' lang='grc' dir='ltr'>τοὺς</span> <span class='ocrx_word' id='word_1_350' title='bbox 2367 2249 2815 2329; x_wconf 83' lang='grc' dir='ltr'>γνησι[ωτέρους]</span> <span class='ocrx_word' id='word_1_351' title='bbox 2875 2249 3143 2328; x_wconf 80' lang='grc' dir='ltr'>λέγεσθαι,</span> <span class='ocrx_word' id='word_1_352' title='bbox 3199 2252 3304 2321; x_wconf 76' lang='grc' dir='ltr'>τὴν</span> <span class='ocrx_word' id='word_1_353' title='bbox 3367 2248 3635 2324; x_wconf 74' lang='grc' dir='ltr'>ὑπέρθεσιν</span> <span class='ocrx_word' id='word_1_354' title='bbox 3682 2248 3802 2323; x_wconf 82' lang='grc' dir='ltr'>γενέ-</span> 
     </span>
    </p>
   </div>
   <div class='ocr_carea' id='block_1_46' title="bbox 425 2334 2037 2414">
    <p class='ocr_par' dir='ltr' id='par_1_46' title="bbox 425 2337 2000 2411">
     <span class='ocr_line' id='line_1_46' title="bbox 425 2337 2000 2411; baseline 0.002 -18"><span class='ocrx_word' id='word_1_355' title='bbox 425 2340 630 2411; x_wconf 88' lang='lat' dir='ltr'><strong>postea</strong></span> <span class='ocrx_word' id='word_1_356' title='bbox 660 2337 788 2393; x_wconf 90' lang='lat' dir='ltr'><strong>cibo</strong></span> <span class='ocrx_word' id='word_1_357' title='bbox 820 2341 1057 2411; x_wconf 91' lang='lat' dir='ltr'><strong>sumpto</strong></span> <span class='ocrx_word' id='word_1_358' title='bbox 1080 2338 1150 2394; x_wconf 90' lang='lat' dir='ltr'><strong>ad</strong></span> <span class='ocrx_word' id='word_1_359' title='bbox 1183 2355 1460 2396; x_wconf 90' lang='lat' dir='ltr'><strong>somnum</strong></span> <span class='ocrx_word' id='word_1_360' title='bbox 1487 2340 1748 2398; x_wconf 90' lang='lat' dir='ltr'><strong>conversi</strong></span> <span class='ocrx_word' id='word_1_361' title='bbox 1773 2358 2000 2397; x_wconf 87' lang='lat' dir='ltr'><strong>sumus.</strong></span> 
     </span>
    </p>
   </div>
   <div class='ocr_carea' id='block_1_47' title="bbox 2192 2334 3804 2414">
    <p class='ocr_par' dir='ltr' id='par_1_47' title="bbox 2192 2334 3804 2414">
     <span class='ocr_line' id='line_1_47' title="bbox 2192 2334 3804 2414; baseline -0.002 -20"><span class='ocrx_word' id='word_1_362' title='bbox 2192 2350 2304 2404; x_wconf 92' lang='grc' dir='ltr'>σθαι</span> <span class='ocrx_word' id='word_1_363' title='bbox 2363 2340 2669 2413; x_wconf 77' lang='grc' dir='ltr'>ἠξιώσαμεν</span> <span class='ocrx_word' id='word_1_364' title='bbox 2706 2382 2719 2394; x_wconf 91' lang='grc'><strong>.</strong></span> <span class='ocrx_word' id='word_1_365' title='bbox 2780 2339 2879 2396; x_wconf 84' lang='grc' dir='ltr'>Καὶ</span> <span class='ocrx_word' id='word_1_366' title='bbox 2956 2338 3023 2409; x_wconf 79' lang='grc' dir='ltr'><strong>δη</strong></span> <span class='ocrx_word' id='word_1_367' title='bbox 3083 2338 3229 2396; x_wconf 83' lang='grc' dir='ltr'>ἁλῶν</span> <span class='ocrx_word' id='word_1_368' title='bbox 3314 2335 3693 2414; x_wconf 78' lang='grc' dir='ltr'>μεταλαϐόντες</span> <span class='ocrx_word' id='word_1_369' title='bbox 3742 2334 3804 2396; x_wconf 74' lang='grc' dir='ltr'>εἷς</span> 
     </span>
    </p>
   </div>
   <div class='ocr_carea' id='block_1_48' title="bbox 2186 2426 2769 2506">
    <p class='ocr_par' dir='ltr' id='par_1_48' title="bbox 2186 2426 2769 2506">
     <span class='ocr_line' id='line_1_48' title="bbox 2186 2426 2769 2506; baseline 0.005 -23"><span class='ocrx_word' id='word_1_370' title='bbox 2186 2426 2352 2485; x_wconf 73' lang='grc' dir='ltr'>ὕπνον</span> <span class='ocrx_word' id='word_1_371' title='bbox 2390 2428 2640 2506; x_wconf 76' lang='grc' dir='ltr'>[έτρά]πη</span> <span class='ocrx_word' id='word_1_372' title='bbox 2651 2450 2769 2503; x_wconf 89' lang='grc' dir='ltr'>μεν.</span> 
     </span>
    </p>
   </div>
   <div class='ocr_carea' id='block_1_49' title="bbox 1024 2624 3308 2682">
    <p class='ocr_par' dir='ltr' id='par_1_49' title="bbox 1024 2624 3308 2682">
     <span class='ocr_line' id='line_1_49' title="bbox 1024 2624 3308 2682; baseline 0.001 -2"><span class='ocrx_word' id='word_1_373' title='bbox 1024 2624 1325 2681; x_wconf 87' lang='lat' dir='ltr'><strong>HOMILIA</strong></span> <span class='ocrx_word' id='word_1_374' title='bbox 1365 2625 1477 2682; x_wconf 87' lang='lat' dir='ltr'><strong>XX.</strong></span> <span class='ocrx_word' id='word_1_375' title='bbox 2731 2626 2885 2682; x_wconf 74' lang='lat'><strong>396</strong></span> <span class='ocrx_word' id='word_1_376' title='bbox 2922 2628 3177 2680; x_wconf 80' lang='lat' dir='ltr'><strong>‘OMIAIA</strong></span> <span class='ocrx_word' id='word_1_377' title='bbox 3218 2624 3308 2682; x_wconf 65' lang='lat' dir='ltr'><strong>K‘.</strong></span> 
     </span>
    </p>
   </div>
   <div class='ocr_carea' id='block_1_50' title="bbox 505 2742 2117 2825">
    <p class='ocr_par' dir='ltr' id='par_1_50' title="bbox 505 2748 2079 2825">
     <span class='ocr_line' id='line_1_50' title="bbox 505 2748 2079 2825; baseline 0.004 -22"><span class='ocrx_word' id='word_1_378' title='bbox 505 2748 548 2804; x_wconf 95' lang='grc' dir='ltr'><strong>Ι.</strong></span> <span class='ocrx_word' id='word_1_379' title='bbox 580 2748 691 2804; x_wconf 91' lang='lat' dir='ltr'><strong>Ubi</strong></span> <span class='ocrx_word' id='word_1_380' title='bbox 723 2753 899 2805; x_wconf 91' lang='lat' dir='ltr'><strong>noctu</strong></span> <span class='ocrx_word' id='word_1_381' title='bbox 947 2750 1217 2816; x_wconf 84' lang='lat' dir='ltr'><strong>surrexit,</strong></span> <span class='ocrx_word' id='word_1_382' title='bbox 1268 2751 1436 2807; x_wconf 92' lang='lat' dir='ltr'><strong>nobis</strong></span> <span class='ocrx_word' id='word_1_383' title='bbox 1479 2752 1896 2825; x_wconf 79' lang='lat' dir='ltr'><strong>expergefactis</strong></span> <span class='ocrx_word' id='word_1_384' title='bbox 1945 2770 2079 2809; x_wconf 94' lang='lat' dir='ltr'><strong>con-</strong></span> 
     </span>
    </p>
   </div>
   <div class='ocr_carea' id='block_1_51' title="bbox 2190 2742 3802 2825">
    <p class='ocr_par' dir='ltr' id='par_1_51' title="bbox 2258 2742 3802 2822">
     <span class='ocr_line' id='line_1_51' title="bbox 2258 2742 3802 2822; baseline -0.008 -15"><span class='ocrx_word' id='word_1_385' title='bbox 2258 2752 2303 2807; x_wconf 82' lang='grc' dir='ltr'>Ι.</span> <span class='ocrx_word' id='word_1_386' title='bbox 2336 2747 2561 2822; x_wconf 76' lang='grc' dir='ltr'>Νύκτωρ</span> <span class='ocrx_word' id='word_1_387' title='bbox 2611 2746 2669 2803; x_wconf 78' lang='grc' dir='ltr'>δὲ</span> <span class='ocrx_word' id='word_1_388' title='bbox 2717 2746 2999 2809; x_wconf 80' lang='grc' dir='ltr'>διαναστὰς</span> <span class='ocrx_word' id='word_1_389' title='bbox 3050 2746 3141 2802; x_wconf 87' lang='grc' dir='ltr'><strong>καὶ</strong></span> <span class='ocrx_word' id='word_1_390' title='bbox 3192 2744 3475 2806; x_wconf 87' lang='grc' dir='ltr'>διυπνίσας</span> <span class='ocrx_word' id='word_1_391' title='bbox 3512 2746 3667 2817; x_wconf 77' lang='grc' dir='ltr'>ἡμᾶς,</span> <span class='ocrx_word' id='word_1_392' title='bbox 3693 2742 3802 2797; x_wconf 83' lang='grc' dir='ltr'>καθ-</span> 
     </span>
    </p>
   </div>
   <div class='ocr_carea' id='block_1_52' title="bbox 433 2831 2045 2915">
    <p class='ocr_par' dir='ltr' id='par_1_52' title="bbox 433 2838 2045 2914">
     <span class='ocr_line' id='line_1_52' title="bbox 433 2838 2045 2914; baseline 0.002 -20"><span class='ocrx_word' id='word_1_393' title='bbox 433 2838 584 2894; x_wconf 83' lang='lat' dir='ltr'><strong>sedit</strong></span> <span class='ocrx_word' id='word_1_394' title='bbox 616 2838 939 2893; x_wconf 91' lang='lat' dir='ltr'><strong>secundum</strong></span> <span class='ocrx_word' id='word_1_395' title='bbox 983 2856 1203 2894; x_wconf 92' lang='lat' dir='ltr'><strong>morem</strong></span> <span class='ocrx_word' id='word_1_396' title='bbox 1237 2844 1293 2894; x_wconf 91' lang='lat' dir='ltr'><strong>et</strong></span> <span class='ocrx_word' id='word_1_397' title='bbox 1322 2839 1501 2896; x_wconf 86' lang='lat' dir='ltr'><strong>dixit:</strong></span> <span class='ocrx_word' id='word_1_398' title='bbox 1556 2846 1913 2914; x_wconf 80' lang='lat' dir='ltr'><strong>Interrogata</strong></span> <span class='ocrx_word' id='word_1_399' title='bbox 1962 2858 2045 2897; x_wconf 79' lang='lat' dir='ltr'><strong>me</strong></span> 
     </span>
    </p>
   </div>
   <div class='ocr_carea' id='block_1_53' title="bbox 2185 2831 3797 2915">
    <p class='ocr_par' dir='ltr' id='par_1_53' title="bbox 2188 2831 3797 2915">
     <span class='ocr_line' id='line_1_53' title="bbox 2188 2831 3797 2915; baseline -0.012 -12"><span class='ocrx_word' id='word_1_400' title='bbox 2188 2838 2357 2902; x_wconf 79' lang='grc' dir='ltr'>εσθεὶς</span> <span class='ocrx_word' id='word_1_401' title='bbox 2430 2839 2670 2908; x_wconf 79' lang='grc' dir='ltr'>συνήθως</span> <span class='ocrx_word' id='word_1_402' title='bbox 2734 2834 2834 2915; x_wconf 79' lang='grc' dir='ltr'>ἔφη</span> <span class='ocrx_word' id='word_1_403' title='bbox 2872 2856 2885 2870; x_wconf 83' lang='grc'><strong>’</strong></span> <span class='ocrx_word' id='word_1_404' title='bbox 2948 2835 3282 2899; x_wconf 83' lang='grc' dir='ltr'>Πυνθάνεσθέ</span> <span class='ocrx_word' id='word_1_405' title='bbox 3363 2855 3466 2908; x_wconf 88' lang='grc' dir='ltr'><strong>μου</strong></span> <span class='ocrx_word' id='word_1_406' title='bbox 3499 2877 3512 2903; x_wconf 87' lang='grc'><strong><em>,</em></strong></span> <span class='ocrx_word' id='word_1_407' title='bbox 3565 2831 3677 2903; x_wconf 84' lang='grc' dir='ltr'>περὶ</span> <span class='ocrx_word' id='word_1_408' title='bbox 3737 2831 3797 2884; x_wconf 83' lang='grc' dir='ltr'>ὧν</span> 
     </span>
    </p>
   </div>
   <div class='ocr_carea' id='block_1_54' title="bbox 432 2918 2044 3004">
    <p class='ocr_par' dir='ltr' id='par_1_54' title="bbox 432 2926 2044 3001">
     <span class='ocr_line' id='line_1_54' title="bbox 432 2926 2044 3001; baseline 0.002 -20"><span class='ocrx_word' id='word_1_409' title='bbox 432 2926 505 2983; x_wconf 90' lang='lat' dir='ltr'><strong>de</strong></span> <span class='ocrx_word' id='word_1_410' title='bbox 530 2927 745 2998; x_wconf 91' lang='lat' dir='ltr'><strong>quibus</strong></span> <span class='ocrx_word' id='word_1_411' title='bbox 776 2926 960 2982; x_wconf 90' lang='lat' dir='ltr'><strong>lubet.</strong></span> <span class='ocrx_word' id='word_1_412' title='bbox 994 2929 1145 2983; x_wconf 89' lang='lat' dir='ltr'><strong>Tum</strong></span> <span class='ocrx_word' id='word_1_413' title='bbox 1178 2928 1507 2999; x_wconf 87' lang='lat' dir='ltr'><strong>Sophonias</strong></span> <span class='ocrx_word' id='word_1_414' title='bbox 1540 2929 1765 3001; x_wconf 90' lang='lat' dir='ltr'><strong>primus</strong></span> <span class='ocrx_word' id='word_1_415' title='bbox 1808 2929 1859 2985; x_wconf 89' lang='lat' dir='ltr'><strong>ei</strong></span> <span class='ocrx_word' id='word_1_416' title='bbox 1891 2931 2044 2987; x_wconf 88' lang='lat' dir='ltr'><strong>dicer</strong></span> 
     </span>
    </p>
   </div>
   <div class='ocr_carea' id='block_1_55' title="bbox 2182 2918 3794 3004">
    <p class='ocr_par' dir='ltr' id='par_1_55' title="bbox 2192 2918 3794 3004">
     <span class='ocr_line' id='line_1_55' title="bbox 2192 2918 3794 3004; baseline -0.006 -22"><span class='ocrx_word' id='word_1_417' title='bbox 2192 2926 2490 3003; x_wconf 78' lang='grc' dir='ltr'>βούλεσθε.</span> <span class='ocrx_word' id='word_1_418' title='bbox 2550 2926 2648 2981; x_wconf 81' lang='grc' dir='ltr'>Καὶ</span> <span class='ocrx_word' id='word_1_419' title='bbox 2706 2928 2734 2981; x_wconf 94' lang='lat'><strong>6</strong></span> <span class='ocrx_word' id='word_1_420' title='bbox 2792 2926 3077 3004; x_wconf 81' lang='grc' dir='ltr'>Σοφωνίας</span> <span class='ocrx_word' id='word_1_421' title='bbox 3131 2924 3283 2997; x_wconf 78' lang='grc' dir='ltr'>αὐτῷ</span> <span class='ocrx_word' id='word_1_422' title='bbox 3337 2927 3550 2999; x_wconf 87' lang='grc' dir='ltr'>πρῶτος</span> <span class='ocrx_word' id='word_1_423' title='bbox 3602 2918 3794 2995; x_wconf 77' lang='grc' dir='ltr'>ἤρξατο·</span> 
     </span>
    </p>
   </div>
   <div class='ocr_carea' id='block_1_56' title="bbox 376 3009 1988 3092">
    <p class='ocr_par' dir='ltr' id='par_1_56' title="bbox 376 3014 1988 3091">
     <span class='ocr_line' id='line_1_56' title="bbox 376 3014 1988 3091; baseline 0.002 -21"><span class='ocrx_word' id='word_1_424' title='bbox 376 3020 381 3023; x_wconf 88' lang='grc'><em>’</em></span> <span class='ocrx_word' id='word_1_425' title='bbox 430 3014 703 3086; x_wconf 73' lang='grc' dir='ltr'><strong>ἱηοωρὶιε</strong></span> <span class='ocrx_word' id='word_1_426' title='bbox 741 3015 973 3086; x_wconf 84' lang='lat' dir='ltr'><strong>Explica</strong></span> <span class='ocrx_word' id='word_1_427' title='bbox 1028 3016 1197 3072; x_wconf 90' lang='lat' dir='ltr'><strong>nobis</strong></span> <span class='ocrx_word' id='word_1_428' title='bbox 1229 3017 1450 3073; x_wconf 89' lang='lat' dir='ltr'><strong>discere</strong></span> <span class='ocrx_word' id='word_1_429' title='bbox 1503 3019 1895 3090; x_wconf 89' lang='lat' dir='ltr'><strong>cupientibus,</strong></span> <span class='ocrx_word' id='word_1_430' title='bbox 1936 3037 1988 3091; x_wconf 71' lang='lat' dir='ltr'><strong>qi</strong></span> 
     </span>
    </p>
   </div>
   <div class='ocr_carea' id='block_1_57' title="bbox 2182 3009 3794 3092">
    <p class='ocr_par' dir='ltr' id='par_1_57' title="bbox 2188 3009 3794 3092">
     <span class='ocr_line' id='line_1_57' title="bbox 2188 3009 3794 3092; baseline -0.007 -22"><span class='ocrx_word' id='word_1_431' title='bbox 2188 3020 2313 3078; x_wconf 90' lang='grc' dir='ltr'>Πῶς</span> <span class='ocrx_word' id='word_1_432' title='bbox 2362 3012 2528 3078; x_wconf 73' lang='grc' dir='ltr'>ὅντως</span> <span class='ocrx_word' id='word_1_433' title='bbox 2560 3017 2589 3070; x_wconf 89' lang='lat'><strong>6</strong></span> <span class='ocrx_word' id='word_1_434' title='bbox 2617 3014 2741 3092; x_wconf 82' lang='grc' dir='ltr'>περὶ</span> <span class='ocrx_word' id='word_1_435' title='bbox 2790 3019 3038 3089; x_wconf 78' lang='grc' dir='ltr'>πονηροῦ</span> <span class='ocrx_word' id='word_1_436' title='bbox 3090 3012 3257 3088; x_wconf 88' lang='grc' dir='ltr'>λόγος</span> <span class='ocrx_word' id='word_1_437' title='bbox 3312 3009 3451 3087; x_wconf 79' lang='grc' dir='ltr'>ἔχει,</span> <span class='ocrx_word' id='word_1_438' title='bbox 3482 3010 3794 3080; x_wconf 75' lang='grc' dir='ltr'>ἐπιθυμοῦσιν</span> 
     </span>
    </p>
   </div>
   <div class='ocr_carea' id='block_1_58' title="bbox 435 3095 2047 3186">
    <p class='ocr_par' dir='ltr' id='par_1_58' title="bbox 435 3104 2047 3175">
     <span class='ocr_line' id='line_1_58' title="bbox 435 3104 2047 3175; baseline 0.002 -16"><span class='ocrx_word' id='word_1_439' title='bbox 435 3118 641 3175; x_wconf 86' lang='lat' dir='ltr'><strong>reapse</strong></span> <span class='ocrx_word' id='word_1_440' title='bbox 692 3104 763 3159; x_wconf 88' lang='lat' dir='ltr'><strong>de</strong></span> <span class='ocrx_word' id='word_1_441' title='bbox 794 3104 946 3159; x_wconf 89' lang='lat' dir='ltr'><strong>malo</strong></span> <span class='ocrx_word' id='word_1_442' title='bbox 978 3104 1052 3159; x_wconf 87' lang='lat' dir='ltr'><strong>sit</strong></span> <span class='ocrx_word' id='word_1_443' title='bbox 1082 3107 1473 3161; x_wconf 87' lang='lat' dir='ltr'><strong>sentiendum.</strong></span> <span class='ocrx_word' id='word_1_444' title='bbox 1510 3108 1577 3161; x_wconf 90' lang='lat' dir='ltr'><strong>Et</strong></span> <span class='ocrx_word' id='word_1_445' title='bbox 1628 3112 1834 3163; x_wconf 80' lang='lat' dir='ltr'><strong>Petrus</strong></span> <span class='ocrx_word' id='word_1_446' title='bbox 1862 3124 1874 3164; x_wconf 90' lang='lat'>:</span> <span class='ocrx_word' id='word_1_447' title='bbox 1924 3108 2047 3163; x_wconf 87' lang='lat' dir='ltr'><strong>Jam</strong></span> 
     </span>
    </p>
   </div>
   <div class='ocr_carea' id='block_1_59' title="bbox 2185 3095 3797 3186">
    <p class='ocr_par' dir='ltr' id='par_1_59' title="bbox 2192 3095 3797 3181">
     <span class='ocr_line' id='line_1_59' title="bbox 2192 3095 3797 3181; baseline -0.007 -22"><span class='ocrx_word' id='word_1_448' title='bbox 2192 3107 2328 3177; x_wconf 81' lang='grc' dir='ltr'>ἡμῖν</span> <span class='ocrx_word' id='word_1_449' title='bbox 2392 3106 2576 3177; x_wconf 83' lang='grc' dir='ltr'>μαθεῖν</span> <span class='ocrx_word' id='word_1_450' title='bbox 2634 3104 2932 3181; x_wconf 84' lang='grc' dir='ltr'>ὑφήγησαι.</span> <span class='ocrx_word' id='word_1_451' title='bbox 2994 3102 3096 3159; x_wconf 87' lang='grc' dir='ltr'><strong>Καὶ</strong></span> <span class='ocrx_word' id='word_1_452' title='bbox 3156 3103 3184 3157; x_wconf 91' lang='grc' dir='ltr'>ὁ</span> <span class='ocrx_word' id='word_1_453' title='bbox 3239 3103 3466 3177; x_wconf 80' lang='grc' dir='ltr'>Πέτρος.</span> <span class='ocrx_word' id='word_1_454' title='bbox 3524 3095 3655 3167; x_wconf 82' lang='grc' dir='ltr'>Ἤδη</span> <span class='ocrx_word' id='word_1_455' title='bbox 3704 3095 3797 3168; x_wconf 78' lang='grc' dir='ltr'>μὶν,</span> 
     </span>
    </p>
   </div>
   <div class='ocr_carea' id='block_1_60' title="bbox 436 3187 2048 3273">
    <p class='ocr_par' dir='ltr' id='par_1_60' title="bbox 436 3192 2048 3264">
     <span class='ocr_line' id='line_1_60' title="bbox 436 3192 2048 3264; baseline 0.002 -16"><span class='ocrx_word' id='word_1_456' title='bbox 436 3192 652 3263; x_wconf 89' lang='lat' dir='ltr'><strong>inquit,</strong></span> <span class='ocrx_word' id='word_1_457' title='bbox 683 3193 744 3247; x_wconf 89' lang='lat' dir='ltr'><strong>in</strong></span> <span class='ocrx_word' id='word_1_458' title='bbox 793 3193 1187 3264; x_wconf 87' lang='lat' dir='ltr'><strong>disputatione</strong></span> <span class='ocrx_word' id='word_1_459' title='bbox 1235 3211 1368 3249; x_wconf 92' lang='lat' dir='ltr'><strong>cum</strong></span> <span class='ocrx_word' id='word_1_460' title='bbox 1400 3195 1635 3251; x_wconf 86' lang='lat' dir='ltr'><strong>Simone</strong></span> <span class='ocrx_word' id='word_1_461' title='bbox 1666 3197 1866 3252; x_wconf 87' lang='lat' dir='ltr'><strong>habita</strong></span> <span class='ocrx_word' id='word_1_462' title='bbox 1893 3198 1949 3252; x_wconf 92' lang='lat' dir='ltr'><strong>id</strong></span> <span class='ocrx_word' id='word_1_463' title='bbox 1982 3198 2048 3253; x_wconf 91' lang='lat' dir='ltr'><strong>de</strong></span> 
     </span>
    </p>
   </div>
   <div class='ocr_carea' id='block_1_61' title="bbox 2188 3187 3800 3273">
    <p class='ocr_par' dir='ltr' id='par_1_61' title="bbox 2193 3187 3800 3273">
     <span class='ocr_line' id='line_1_61' title="bbox 2193 3187 3800 3273; baseline -0.007 -24"><span class='ocrx_word' id='word_1_464' title='bbox 2193 3191 2318 3273; x_wconf 72' lang='grc' dir='ltr'>ἔφη,</span> <span class='ocrx_word' id='word_1_465' title='bbox 2346 3194 2436 3249; x_wconf 81' lang='grc' dir='ltr'><strong>καὶ</strong></span> <span class='ocrx_word' id='word_1_466' title='bbox 2470 3191 2558 3248; x_wconf 79' lang='grc' dir='ltr'>διὰ</span> <span class='ocrx_word' id='word_1_467' title='bbox 2583 3196 2683 3263; x_wconf 74' lang='grc' dir='ltr'>τῆς</span> <span class='ocrx_word' id='word_1_468' title='bbox 2713 3195 2848 3266; x_wconf 87' lang='grc' dir='ltr'>πρὸς</span> <span class='ocrx_word' id='word_1_469' title='bbox 2902 3192 3126 3265; x_wconf 87' lang='grc' dir='ltr'>Σίμωνα</span> <span class='ocrx_word' id='word_1_470' title='bbox 3163 3188 3454 3261; x_wconf 80' lang='grc' dir='ltr'>διαλέξεως</span> <span class='ocrx_word' id='word_1_471' title='bbox 3487 3187 3800 3273; x_wconf 11' lang='grc' dir='ltr'>ἐξέφηνα,ντῷ</span> 
     </span>
    </p>
   </div>
   <div class='ocr_carea' id='block_1_62' title="bbox 440 3272 2052 3360">
    <p class='ocr_par' dir='ltr' id='par_1_62' title="bbox 440 3281 2045 3358">
     <span class='ocr_line' id='line_1_62' title="bbox 440 3281 2045 3358; baseline 0.002 -21"><span class='ocrx_word' id='word_1_472' title='bbox 440 3283 784 3347; x_wconf 91' lang='lat' dir='ltr'><strong>monstravi,</strong></span> <span class='ocrx_word' id='word_1_473' title='bbox 817 3281 949 3337; x_wconf 88' lang='lat' dir='ltr'><strong>licet</strong></span> <span class='ocrx_word' id='word_1_474' title='bbox 986 3282 1159 3337; x_wconf 88' lang='lat' dir='ltr'><strong>variis</strong></span> <span class='ocrx_word' id='word_1_475' title='bbox 1215 3284 1275 3337; x_wconf 95' lang='lat' dir='ltr'><strong>in</strong></span> <span class='ocrx_word' id='word_1_476' title='bbox 1306 3285 1577 3355; x_wconf 87' lang='lat' dir='ltr'><strong>capitulis</strong></span> <span class='ocrx_word' id='word_1_477' title='bbox 1618 3302 1730 3340; x_wconf 90' lang='lat' dir='ltr'><strong>non</strong></span> <span class='ocrx_word' id='word_1_478' title='bbox 1778 3287 2045 3358; x_wconf 91' lang='lat' dir='ltr'><strong>perspicu</strong></span> 
     </span>
    </p>
   </div>
   <div class='ocr_carea' id='block_1_63' title="bbox 2187 3272 3799 3360">
    <p class='ocr_par' dir='ltr' id='par_1_63' title="bbox 2192 3272 3799 3360">
     <span class='ocr_line' id='line_1_63' title="bbox 2192 3272 3799 3360; baseline -0.009 -21"><span class='ocrx_word' id='word_1_479' title='bbox 2192 3272 2250 3339; x_wconf 67' lang='grc' dir='ltr'>δὲ</span> <span class='ocrx_word' id='word_1_480' title='bbox 2296 3283 2387 3337; x_wconf 79' lang='grc' dir='ltr'><strong>σόν</strong></span> <span class='ocrx_word' id='word_1_481' title='bbox 2438 3278 2641 3358; x_wconf 73' lang='grc' dir='ltr'>ἑτέροις</span> <span class='ocrx_word' id='word_1_482' title='bbox 2688 3280 3003 3360; x_wconf 76' lang='grc' dir='ltr'>κεφαλαίοις</span> <span class='ocrx_word' id='word_1_483' title='bbox 3048 3280 3116 3335; x_wconf 80' lang='grc' dir='ltr'>τὰ</span> <span class='ocrx_word' id='word_1_484' title='bbox 3173 3278 3301 3353; x_wconf 80' lang='grc' dir='ltr'>περὶ</span> <span class='ocrx_word' id='word_1_485' title='bbox 3353 3277 3513 3333; x_wconf 73' lang='grc' dir='ltr'>αὐτοῦ</span> <span class='ocrx_word' id='word_1_486' title='bbox 3569 3272 3799 3351; x_wconf 76' lang='grc' dir='ltr'>εἰρηκέναι</span> 
     </span>
    </p>
   </div>
   <div class='ocr_carea' id='block_1_64' title="bbox 441 3361 2053 3449">
    <p class='ocr_par' dir='ltr' id='par_1_64' title="bbox 441 3371 2053 3447">
     <span class='ocr_line' id='line_1_64' title="bbox 441 3371 2053 3447; baseline 0.001 -21"><span class='ocrx_word' id='word_1_487' title='bbox 441 3371 837 3443; x_wconf 89' lang='lat' dir='ltr'><strong>apparuerint,</strong></span> <span class='ocrx_word' id='word_1_488' title='bbox 893 3387 1019 3442; x_wconf 73' lang='lat' dir='ltr'><strong>quae</strong></span> <span class='ocrx_word' id='word_1_489' title='bbox 1067 3372 1138 3427; x_wconf 92' lang='lat' dir='ltr'><strong>de</strong></span> <span class='ocrx_word' id='word_1_490' title='bbox 1185 3388 1250 3427; x_wconf 92' lang='lat' dir='ltr'><strong>eo</strong></span> <span class='ocrx_word' id='word_1_491' title='bbox 1282 3372 1571 3441; x_wconf 89' lang='lat' dir='ltr'><strong>disserui;</strong></span> <span class='ocrx_word' id='word_1_492' title='bbox 1632 3373 1817 3429; x_wconf 90' lang='lat' dir='ltr'><strong>multa</strong></span> <span class='ocrx_word' id='word_1_493' title='bbox 1865 3376 2053 3447; x_wconf 82' lang='lat' dir='ltr'><strong>quipp</strong></span> 
     </span>
    </p>
   </div>
   <div class='ocr_carea' id='block_1_65' title="bbox 2185 3361 3797 3449">
    <p class='ocr_par' dir='ltr' id='par_1_65' title="bbox 2191 3361 3797 3449">
     <span class='ocr_line' id='line_1_65' title="bbox 2191 3361 3797 3449; baseline -0.007 -23"><span class='ocrx_word' id='word_1_494' title='bbox 2191 3372 2252 3426; x_wconf 78' lang='grc' dir='ltr'>οὗ</span> <span class='ocrx_word' id='word_1_495' title='bbox 2283 3372 2416 3426; x_wconf 77' lang='grc' dir='ltr'>πάνυ</span> <span class='ocrx_word' id='word_1_496' title='bbox 2466 3376 2649 3433; x_wconf 76' lang='grc' dir='ltr'>σαφῶς</span> <span class='ocrx_word' id='word_1_497' title='bbox 2699 3369 2991 3449; x_wconf 78' lang='grc' dir='ltr'>έφωτίσθη’</span> <span class='ocrx_word' id='word_1_498' title='bbox 3040 3368 3229 3425; x_wconf 84' lang='grc' dir='ltr'>πολλά</span> <span class='ocrx_word' id='word_1_499' title='bbox 3278 3368 3382 3445; x_wconf 79' lang='grc' dir='ltr'>γὰρ</span> <span class='ocrx_word' id='word_1_500' title='bbox 3431 3363 3678 3444; x_wconf 78' lang='grc' dir='ltr'>κεφάλαια</span> <span class='ocrx_word' id='word_1_501' title='bbox 3706 3361 3797 3415; x_wconf 79' lang='grc' dir='ltr'>ἶσο-</span> 
     </span>
    </p>
   </div>
   <div class='ocr_carea' id='block_1_66' title="bbox 440 3452 2052 3534">
    <p class='ocr_par' dir='ltr' id='par_1_66' title="bbox 440 3459 2052 3534">
     <span class='ocr_line' id='line_1_66' title="bbox 440 3459 2052 3534; baseline 0.001 -18"><span class='ocrx_word' id='word_1_502' title='bbox 440 3459 698 3532; x_wconf 89' lang='lat' dir='ltr'><strong>capitula</strong></span> <span class='ocrx_word' id='word_1_503' title='bbox 726 3459 938 3531; x_wconf 89' lang='lat' dir='ltr'><strong>quibus</strong></span> <span class='ocrx_word' id='word_1_504' title='bbox 983 3460 1070 3515; x_wconf 89' lang='lat' dir='ltr'><strong>vis</strong></span> <span class='ocrx_word' id='word_1_505' title='bbox 1101 3462 1302 3517; x_wconf 91' lang='lat' dir='ltr'><strong>deesse</strong></span> <span class='ocrx_word' id='word_1_506' title='bbox 1340 3461 1572 3517; x_wconf 89' lang='lat' dir='ltr'><strong>videtur</strong></span> <span class='ocrx_word' id='word_1_507' title='bbox 1620 3480 1783 3534; x_wconf 68' lang='lat' dir='ltr'><strong>aequo</strong></span> <span class='ocrx_word' id='word_1_508' title='bbox 1831 3464 2052 3518; x_wconf 88' lang='lat' dir='ltr'><strong>veritati</strong></span> 
     </span>
    </p>
   </div>
   <div class='ocr_carea' id='block_1_67' title="bbox 2185 3452 3797 3534">
    <p class='ocr_par' dir='ltr' id='par_1_67' title="bbox 2192 3452 3797 3534">
     <span class='ocr_line' id='line_1_67' title="bbox 2192 3452 3797 3534; baseline -0.009 -18"><span class='ocrx_word' id='word_1_509' title='bbox 2192 3459 2444 3534; x_wconf 82' lang='grc' dir='ltr'>δυναμεῖν</span> <span class='ocrx_word' id='word_1_510' title='bbox 2478 3457 2741 3515; x_wconf 76' lang='grc' dir='ltr'>δοκοῦντα</span> <span class='ocrx_word' id='word_1_511' title='bbox 2766 3459 2845 3531; x_wconf 82' lang='grc' dir='ltr'>τῷ</span> <span class='ocrx_word' id='word_1_512' title='bbox 2900 3458 3099 3529; x_wconf 83' lang='grc' dir='ltr'><strong>ἀληθεῖ</strong></span> <span class='ocrx_word' id='word_1_513' title='bbox 3126 3457 3293 3513; x_wconf 73' lang='grc' dir='ltr'>αὐτοῦ</span> <span class='ocrx_word' id='word_1_514' title='bbox 3324 3461 3419 3512; x_wconf 79' lang='grc' dir='ltr'>τοῦ</span> <span class='ocrx_word' id='word_1_515' title='bbox 3448 3452 3671 3523; x_wconf 78' lang='grc' dir='ltr'>ἀληθοῦς</span> <span class='ocrx_word' id='word_1_516' title='bbox 3698 3453 3797 3508; x_wconf 84' lang='grc' dir='ltr'>τοῖς</span> 
     </span>
    </p>
   </div>
   <div class='ocr_carea' id='block_1_68' title="bbox 330 3538 1942 3625">
    <p class='ocr_par' dir='ltr' id='par_1_68' title="bbox 330 3547 1942 3623">
     <span class='ocr_line' id='line_1_68' title="bbox 330 3547 1942 3623; baseline -0.002 -14"><span class='ocrx_word' id='word_1_517' title='bbox 330 3604 337 3609; x_wconf 87' lang='grc'><strong>.</strong></span> <span class='ocrx_word' id='word_1_518' title='bbox 438 3549 614 3605; x_wconf 88' lang='lat' dir='ltr'><strong>etiam</strong></span> <span class='ocrx_word' id='word_1_519' title='bbox 647 3547 1015 3603; x_wconf 91' lang='lat' dir='ltr'><strong>multitudini</strong></span> <span class='ocrx_word' id='word_1_520' title='bbox 1047 3550 1315 3605; x_wconf 90' lang='lat' dir='ltr'><strong>notitiam</strong></span> <span class='ocrx_word' id='word_1_521' title='bbox 1347 3550 1605 3621; x_wconf 87' lang='lat' dir='ltr'><strong>aliquam</strong></span> <span class='ocrx_word' id='word_1_522' title='bbox 1654 3552 1773 3606; x_wconf 90' lang='lat' dir='ltr'><strong>veri</strong></span> <span class='ocrx_word' id='word_1_523' title='bbox 1806 3569 1942 3623; x_wconf 59' lang='lat' dir='ltr'><strong>supg</strong></span> 
     </span>
    </p>
   </div>
   <div class='ocr_carea' id='block_1_69' title="bbox 2181 3538 3793 3625">
    <p class='ocr_par' dir='ltr' id='par_1_69' title="bbox 2189 3538 3793 3625">
     <span class='ocr_line' id='line_1_69' title="bbox 2189 3538 3793 3625; baseline -0.009 -21"><span class='ocrx_word' id='word_1_524' title='bbox 2189 3550 2405 3605; x_wconf 88' lang='grc' dir='ltr'>πλείοσι</span> <span class='ocrx_word' id='word_1_525' title='bbox 2461 3547 2689 3625; x_wconf 87' lang='grc' dir='ltr'>παρέχει</span> <span class='ocrx_word' id='word_1_526' title='bbox 2746 3549 2869 3603; x_wconf 80' lang='grc' dir='ltr'>τινὰ</span> <span class='ocrx_word' id='word_1_527' title='bbox 2925 3551 3159 3622; x_wconf 58' lang='grc' dir='ltr'>γνῶσιν</span> <span class='ocrx_word' id='word_1_528' title='bbox 3220 3544 3383 3613; x_wconf 80' lang='grc' dir='ltr'>ὥστε,</span> <span class='ocrx_word' id='word_1_529' title='bbox 3433 3543 3517 3599; x_wconf 76' lang='grc' dir='ltr'><strong>ἐὰν</strong></span> <span class='ocrx_word' id='word_1_530' title='bbox 3561 3538 3642 3596; x_wconf 82' lang='grc' dir='ltr'><strong>νῦν</strong></span> <span class='ocrx_word' id='word_1_531' title='bbox 3689 3538 3793 3609; x_wconf 84' lang='grc' dir='ltr'>ὑμῖν</span> 
     </span>
    </p>
   </div>
   <div class='ocr_carea' id='block_1_70' title="bbox 436 3628 2048 3711">
    <p class='ocr_par' dir='ltr' id='par_1_70' title="bbox 436 3638 2048 3711">
     <span class='ocr_line' id='line_1_70' title="bbox 436 3638 2048 3711; baseline -0.001 -16"><span class='ocrx_word' id='word_1_532' title='bbox 436 3643 602 3695; x_wconf 87' lang='lat' dir='ltr'><strong>tant:</strong></span> <span class='ocrx_word' id='word_1_533' title='bbox 627 3638 710 3693; x_wconf 88' lang='lat' dir='ltr'><strong>ita</strong></span> <span class='ocrx_word' id='word_1_534' title='bbox 738 3644 805 3693; x_wconf 91' lang='lat' dir='ltr'><strong>ut</strong></span> <span class='ocrx_word' id='word_1_535' title='bbox 835 3638 884 3693; x_wconf 91' lang='lat' dir='ltr'><strong>si</strong></span> <span class='ocrx_word' id='word_1_536' title='bbox 920 3655 1074 3695; x_wconf 90' lang='lat' dir='ltr'><strong>nunc</strong></span> <span class='ocrx_word' id='word_1_537' title='bbox 1104 3640 1266 3695; x_wconf 90' lang='lat' dir='ltr'><strong>vobis</strong></span> <span class='ocrx_word' id='word_1_538' title='bbox 1293 3640 1505 3703; x_wconf 89' lang='lat' dir='ltr'><strong>dicam,</strong></span> <span class='ocrx_word' id='word_1_539' title='bbox 1544 3656 1671 3711; x_wconf 72' lang='lat' dir='ltr'><strong>quae</strong></span> <span class='ocrx_word' id='word_1_540' title='bbox 1699 3645 1825 3695; x_wconf 87' lang='lat' dir='ltr'><strong>tum</strong></span> <span class='ocrx_word' id='word_1_541' title='bbox 1857 3641 2048 3696; x_wconf 87' lang='lat' dir='ltr'><strong>Simon</strong></span> 
     </span>
    </p>
   </div>
   <div class='ocr_carea' id='block_1_71' title="bbox 2182 3628 3794 3711">
    <p class='ocr_par' dir='ltr' id='par_1_71' title="bbox 2192 3628 3794 3710">
     <span class='ocr_line' id='line_1_71' title="bbox 2192 3628 3794 3710; baseline -0.009 -18"><span class='ocrx_word' id='word_1_542' title='bbox 2192 3635 2349 3710; x_wconf 81' lang='grc' dir='ltr'>εἷ’πω,</span> <span class='ocrx_word' id='word_1_543' title='bbox 2400 3637 2432 3691; x_wconf 78' lang='grc' dir='ltr'>ἃ</span> <span class='ocrx_word' id='word_1_544' title='bbox 2478 3637 2601 3692; x_wconf 87' lang='grc' dir='ltr'>τότε</span> <span class='ocrx_word' id='word_1_545' title='bbox 2657 3637 2790 3709; x_wconf 85' lang='grc' dir='ltr'><strong>μετὰ</strong></span> <span class='ocrx_word' id='word_1_546' title='bbox 2839 3634 3068 3691; x_wconf 86' lang='grc' dir='ltr'>πολλῶν</span> <span class='ocrx_word' id='word_1_547' title='bbox 3119 3633 3358 3710; x_wconf 76' lang='grc' dir='ltr'>εἶρήκειν</span> <span class='ocrx_word' id='word_1_548' title='bbox 3408 3628 3691 3710; x_wconf 72' lang='grc' dir='ltr'>κεφαλαίων</span> <span class='ocrx_word' id='word_1_549' title='bbox 3730 3628 3794 3696; x_wconf 81' lang='grc' dir='ltr'>τῷ</span> 
     </span>
    </p>
   </div>
   <div class='ocr_carea' id='block_1_72' title="bbox 438 3711 2050 3800">
    <p class='ocr_par' dir='ltr' id='par_1_72' title="bbox 438 3727 2050 3800">
     <span class='ocr_line' id='line_1_72' title="bbox 438 3727 2050 3800; baseline -0.001 -16"><span class='ocrx_word' id='word_1_550' title='bbox 438 3728 557 3785; x_wconf 85' lang='lat' dir='ltr'><strong>dixi</strong></span> <span class='ocrx_word' id='word_1_551' title='bbox 590 3744 692 3799; x_wconf 88' lang='lat' dir='ltr'><strong>per</strong></span> <span class='ocrx_word' id='word_1_552' title='bbox 722 3727 909 3783; x_wconf 88' lang='lat' dir='ltr'><strong>multa</strong></span> <span class='ocrx_word' id='word_1_553' title='bbox 938 3727 1212 3800; x_wconf 85' lang='lat' dir='ltr'><strong>capitula,</strong></span> <span class='ocrx_word' id='word_1_554' title='bbox 1252 3729 1429 3784; x_wconf 90' lang='lat' dir='ltr'><strong>nolite</strong></span> <span class='ocrx_word' id='word_1_555' title='bbox 1452 3730 1705 3797; x_wconf 90' lang='lat' dir='ltr'><strong>credere,</strong></span> <span class='ocrx_word' id='word_1_556' title='bbox 1749 3747 1849 3785; x_wconf 88' lang='lat' dir='ltr'><strong>vos</strong></span> <span class='ocrx_word' id='word_1_557' title='bbox 1880 3730 2050 3785; x_wconf 89' lang='lat' dir='ltr'><strong>eoden</strong></span> 
     </span>
    </p>
   </div>
   <div class='ocr_carea' id='block_1_73' title="bbox 2179 3711 3791 3800">
    <p class='ocr_par' dir='ltr' id='par_1_73' title="bbox 2194 3711 3791 3799">
     <span class='ocr_line' id='line_1_73' title="bbox 2194 3711 3791 3799; baseline -0.009 -18"><span class='ocrx_word' id='word_1_558' title='bbox 2194 3726 2426 3799; x_wconf 80' lang='grc' dir='ltr'>Σίμωνι,</span> <span class='ocrx_word' id='word_1_559' title='bbox 2465 3728 2539 3799; x_wconf 77' lang='grc' dir='ltr'>μὴ</span> <span class='ocrx_word' id='word_1_560' title='bbox 2584 3724 2813 3795; x_wconf 80' lang='grc' dir='ltr'>οἷήθῆτε</span> <span class='ocrx_word' id='word_1_561' title='bbox 2861 3722 2948 3799; x_wconf 64' lang='grc' dir='ltr'><strong>ἴσῃ</strong></span> <span class='ocrx_word' id='word_1_562' title='bbox 2992 3724 3137 3795; x_wconf 78' lang='grc' dir='ltr'>αὐτῷ</span> <span class='ocrx_word' id='word_1_563' title='bbox 3185 3726 3325 3797; x_wconf 80' lang='grc' dir='ltr'>τιμῇ</span> <span class='ocrx_word' id='word_1_564' title='bbox 3365 3718 3684 3793; x_wconf 80' lang='grc' dir='ltr'>τετιμῆσθαι.</span> <span class='ocrx_word' id='word_1_565' title='bbox 3712 3711 3791 3769; x_wconf 78' lang='grc' dir='ltr'><strong>Καὶ</strong></span> 
     </span>
    </p>
   </div>
   <div class='ocr_carea' id='block_1_74' title="bbox 439 3804 2051 3893">
    <p class='ocr_par' dir='ltr' id='par_1_74' title="bbox 439 3816 2051 3889">
     <span class='ocr_line' id='line_1_74' title="bbox 439 3816 2051 3889; baseline -0.001 -15"><span class='ocrx_word' id='word_1_566' title='bbox 439 3818 614 3874; x_wconf 89' lang='lat' dir='ltr'><strong>modo</strong></span> <span class='ocrx_word' id='word_1_567' title='bbox 636 3816 910 3873; x_wconf 90' lang='lat' dir='ltr'><strong>honorari</strong></span> <span class='ocrx_word' id='word_1_568' title='bbox 933 3817 1203 3873; x_wconf 81' lang='lat' dir='ltr'><strong>acilium.</strong></span> <span class='ocrx_word' id='word_1_569' title='bbox 1222 3818 1285 3872; x_wconf 87' lang='lat' dir='ltr'><strong>Et</strong></span> <span class='ocrx_word' id='word_1_570' title='bbox 1303 3818 1646 3889; x_wconf 89' lang='lat' dir='ltr'><strong>Sophonias:</strong></span> <span class='ocrx_word' id='word_1_571' title='bbox 1673 3818 2051 3889; x_wconf 84' lang='lat' dir='ltr'><strong>Recte,inquit</strong></span> 
     </span>
    </p>
   </div>
   <div class='ocr_carea' id='block_1_75' title="bbox 2179 3804 3791 3893">
    <p class='ocr_par' dir='ltr' id='par_1_75' title="bbox 2194 3804 3791 3893">
     <span class='ocr_line' id='line_1_75' title="bbox 2194 3804 3791 3893; baseline -0.007 -24"><span class='ocrx_word' id='word_1_572' title='bbox 2194 3815 2222 3869; x_wconf 92' lang='lat'><strong>6</strong></span> <span class='ocrx_word' id='word_1_573' title='bbox 2255 3814 2563 3893; x_wconf 87' lang='grc' dir='ltr'>Σοφωνίας·</span> <span class='ocrx_word' id='word_1_574' title='bbox 2606 3817 2835 3887; x_wconf 83' lang='grc' dir='ltr'>Ὀρθῶς,</span> <span class='ocrx_word' id='word_1_575' title='bbox 2884 3811 3010 3891; x_wconf 71' lang='grc' dir='ltr'>ἔφη,</span> <span class='ocrx_word' id='word_1_576' title='bbox 3060 3810 3259 3888; x_wconf 83' lang='grc' dir='ltr'>λέγεις·</span> <span class='ocrx_word' id='word_1_577' title='bbox 3313 3810 3361 3866; x_wconf 74' lang='grc' dir='ltr'>εἴ</span> <span class='ocrx_word' id='word_1_578' title='bbox 3406 3814 3496 3864; x_wconf 77' lang='grc' dir='ltr'>νῦν</span> <span class='ocrx_word' id='word_1_579' title='bbox 3542 3807 3635 3881; x_wconf 73' lang='grc' dir='ltr'>γὰρ</span> <span class='ocrx_word' id='word_1_580' title='bbox 3679 3804 3791 3874; x_wconf 74' lang='grc' dir='ltr'>ἡμῖν</span> 
     </span>
    </p>
   </div>
   <div class='ocr_carea' id='block_1_76' title="bbox 440 3892 2052 3979">
    <p class='ocr_par' dir='ltr' id='par_1_76' title="bbox 440 3906 2048 3979">
     <span class='ocr_line' id='line_1_76' title="bbox 440 3906 2048 3979; baseline -0.001 -16"><span class='ocrx_word' id='word_1_581' title='bbox 440 3906 589 3963; x_wconf 91' lang='lat' dir='ltr'><strong>dicis</strong></span> <span class='ocrx_word' id='word_1_582' title='bbox 615 3924 627 3970; x_wconf 87' lang='lat'><strong>;</strong></span> <span class='ocrx_word' id='word_1_583' title='bbox 651 3923 787 3962; x_wconf 90' lang='lat' dir='ltr'><strong>nam</strong></span> <span class='ocrx_word' id='word_1_584' title='bbox 820 3906 868 3961; x_wconf 89' lang='lat' dir='ltr'><strong>si</strong></span> <span class='ocrx_word' id='word_1_585' title='bbox 902 3923 1057 3961; x_wconf 90' lang='lat' dir='ltr'><strong>nunc</strong></span> <span class='ocrx_word' id='word_1_586' title='bbox 1088 3907 1257 3963; x_wconf 92' lang='lat' dir='ltr'><strong>nobis</strong></span> <span class='ocrx_word' id='word_1_587' title='bbox 1278 3923 1346 3962; x_wconf 85' lang='lat' dir='ltr'><strong>ex</strong></span> <span class='ocrx_word' id='word_1_588' title='bbox 1378 3907 1582 3961; x_wconf 88' lang='lat' dir='ltr'><strong>multis</strong></span> <span class='ocrx_word' id='word_1_589' title='bbox 1614 3913 1754 3962; x_wconf 89' lang='lat' dir='ltr'><strong>tunc</strong></span> <span class='ocrx_word' id='word_1_590' title='bbox 1777 3907 2048 3979; x_wconf 88' lang='lat' dir='ltr'><strong>perbibiti</strong></span> 
     </span>
    </p>
   </div>
   <div class='ocr_carea' id='block_1_77' title="bbox 2182 3892 3794 3979">
    <p class='ocr_par' dir='ltr' id='par_1_77' title="bbox 2196 3892 3794 3979">
     <span class='ocr_line' id='line_1_77' title="bbox 2196 3892 3794 3979; baseline -0.005 -20"><span class='ocrx_word' id='word_1_591' title='bbox 2196 3903 2254 3959; x_wconf 79' lang='grc' dir='ltr'>ἐκ</span> <span class='ocrx_word' id='word_1_592' title='bbox 2282 3902 2507 3959; x_wconf 87' lang='grc' dir='ltr'>πολλῶν</span> <span class='ocrx_word' id='word_1_593' title='bbox 2540 3907 2647 3958; x_wconf 88' lang='grc' dir='ltr'><strong>τῶν</strong></span> <span class='ocrx_word' id='word_1_594' title='bbox 2692 3902 2817 3958; x_wconf 89' lang='grc' dir='ltr'>τότε</span> <span class='ocrx_word' id='word_1_595' title='bbox 2862 3900 3155 3979; x_wconf 70' lang='grc' dir='ltr'>εἰρημένων</span> <span class='ocrx_word' id='word_1_596' title='bbox 3202 3898 3509 3978; x_wconf 87' lang='grc' dir='ltr'>κεφαλαίων</span> <span class='ocrx_word' id='word_1_597' title='bbox 3538 3892 3794 3972; x_wconf 79' lang='grc' dir='ltr'><strong>ἀφορίζεις,</strong></span> 
     </span>
    </p>
   </div>
   <div class='ocr_carea' id='block_1_78' title="bbox 442 3988 2054 4068">
    <p class='ocr_par' dir='ltr' id='par_1_78' title="bbox 442 3994 2054 4066">
     <span class='ocr_line' id='line_1_78' title="bbox 442 3994 2054 4066; baseline -0.001 -15"><span class='ocrx_word' id='word_1_598' title='bbox 442 3994 713 4066; x_wconf 88' lang='lat' dir='ltr'><strong>capitulis</strong></span> <span class='ocrx_word' id='word_1_599' title='bbox 744 3994 975 4064; x_wconf 81' lang='lat' dir='ltr'><strong>definis,</strong></span> <span class='ocrx_word' id='word_1_600' title='bbox 999 3996 1153 4066; x_wconf 85' lang='lat' dir='ltr'><strong>quod</strong></span> <span class='ocrx_word' id='word_1_601' title='bbox 1187 4012 1385 4049; x_wconf 84' lang='lat' dir='ltr'><strong>verum</strong></span> <span class='ocrx_word' id='word_1_602' title='bbox 1418 3996 1494 4050; x_wconf 88' lang='lat' dir='ltr'><strong>sit</strong></span> <span class='ocrx_word' id='word_1_603' title='bbox 1535 3995 1750 4051; x_wconf 90' lang='lat' dir='ltr'><strong>clarius</strong></span> <span class='ocrx_word' id='word_1_604' title='bbox 1789 3998 2054 4051; x_wconf 85' lang='lat' dir='ltr'><strong>ostendes</strong></span> 
     </span>
    </p>
   </div>
   <div class='ocr_carea' id='block_1_79' title="bbox 1741 3988 3353 4068">
    <p class='ocr_par' dir='ltr' id='par_1_79' title="bbox 1741 3988 3353 4068">
     <span class='ocr_line' id='line_1_79' title="bbox 1741 3988 3353 4068; baseline -0.006 -16"><span class='ocrx_word' id='word_1_605' title='bbox 1741 4015 1750 4051; x_wconf 69' lang='grc' dir='ltr'><strong>ι</strong></span> <span class='ocrx_word' id='word_1_606' title='bbox 1789 3998 2082 4051; x_wconf 84' lang='lat' dir='ltr'><strong>ostendes.</strong></span> <span class='ocrx_word' id='word_1_607' title='bbox 2194 3991 2324 4047; x_wconf 79' lang='grc' dir='ltr'>αὐτὸ</span> <span class='ocrx_word' id='word_1_608' title='bbox 2352 3992 2415 4046; x_wconf 87' lang='grc' dir='ltr'>τὸ</span> <span class='ocrx_word' id='word_1_609' title='bbox 2445 3988 2647 4062; x_wconf 73' lang='grc' dir='ltr'>ἀληθὲς</span> <span class='ocrx_word' id='word_1_610' title='bbox 2677 3992 2925 4061; x_wconf 82' lang='grc' dir='ltr'>ποιήσεις</span> <span class='ocrx_word' id='word_1_611' title='bbox 2959 3990 3353 4068; x_wconf 77' lang='grc' dir='ltr'>φανερώτερον.</span> 
     </span>
    </p>
   </div>
   <div class='ocr_carea' id='block_1_80' title="bbox 512 4068 2124 4158">
    <p class='ocr_par' dir='ltr' id='par_1_80' title="bbox 512 4084 2084 4156">
     <span class='ocr_line' id='line_1_80' title="bbox 512 4084 2084 4156; baseline 0.001 -19"><span class='ocrx_word' id='word_1_612' title='bbox 512 4084 582 4137; x_wconf 91' lang='grc' dir='ltr'><strong>ΙΙ.</strong></span> <span class='ocrx_word' id='word_1_613' title='bbox 614 4084 762 4137; x_wconf 90' lang='lat' dir='ltr'><strong>Tum</strong></span> <span class='ocrx_word' id='word_1_614' title='bbox 796 4087 1039 4138; x_wconf 89' lang='lat' dir='ltr'><strong>Petrus:</strong></span> <span class='ocrx_word' id='word_1_615' title='bbox 1072 4084 1202 4139; x_wconf 87' lang='lat' dir='ltr'><strong>Jam</strong></span> <span class='ocrx_word' id='word_1_616' title='bbox 1253 4084 1470 4151; x_wconf 89' lang='lat' dir='ltr'><strong>audite,</strong></span> <span class='ocrx_word' id='word_1_617' title='bbox 1518 4084 1731 4156; x_wconf 89' lang='lat' dir='ltr'><strong>inquit,</strong></span> <span class='ocrx_word' id='word_1_618' title='bbox 1782 4085 2084 4140; x_wconf 88' lang='lat' dir='ltr'><strong>veritatem</strong></span> 
     </span>
    </p>
   </div>
   <div class='ocr_carea' id='block_1_81' title="bbox 2186 4068 3798 4158">
    <p class='ocr_par' dir='ltr' id='par_1_81' title="bbox 2267 4068 3798 4158">
     <span class='ocr_line' id='line_1_81' title="bbox 2267 4068 3798 4158; baseline -0.007 -21"><span class='ocrx_word' id='word_1_619' title='bbox 2267 4082 2334 4137; x_wconf 87' lang='grc' dir='ltr'><strong>Π.</strong></span> <span class='ocrx_word' id='word_1_620' title='bbox 2370 4079 2474 4135; x_wconf 83' lang='grc' dir='ltr'><strong>Καὶ</strong></span> <span class='ocrx_word' id='word_1_621' title='bbox 2520 4080 2549 4135; x_wconf 88' lang='lat'><strong>6</strong></span> <span class='ocrx_word' id='word_1_622' title='bbox 2603 4080 2822 4155; x_wconf 61' lang='grc' dir='ltr'>Πέτρος</span> <span class='ocrx_word' id='word_1_623' title='bbox 2870 4077 3182 4158; x_wconf 77' lang='grc' dir='ltr'>Ἀκούσατε,</span> <span class='ocrx_word' id='word_1_624' title='bbox 3232 4073 3360 4155; x_wconf 74' lang='grc' dir='ltr'>ἔφη,</span> <span class='ocrx_word' id='word_1_625' title='bbox 3408 4068 3675 4149; x_wconf 70' lang='grc' dir='ltr'>τοιγαροῦν</span> <span class='ocrx_word' id='word_1_626' title='bbox 3716 4071 3798 4158; x_wconf 68' lang='grc' dir='ltr'><strong>τῆς</strong></span> 
     </span>
    </p>
   </div>
   <div class='ocr_carea' id='block_1_82' title="bbox 443 4154 2055 4245">
    <p class='ocr_par' dir='ltr' id='par_1_82' title="bbox 443 4154 2055 4245">
     <span class='ocr_line' id='line_1_82' title="bbox 443 4154 2055 4245; baseline -0.001 -17"><span class='ocrx_word' id='word_1_627' title='bbox 443 4173 514 4229; x_wconf 90' lang='lat' dir='ltr'><strong>de</strong></span> <span class='ocrx_word' id='word_1_628' title='bbox 545 4176 706 4227; x_wconf 87' lang='lat' dir='ltr'><strong>recta</strong></span> <span class='ocrx_word' id='word_1_629' title='bbox 735 4171 871 4226; x_wconf 88' lang='lat' dir='ltr'><strong>mali</strong></span> <span class='ocrx_word' id='word_1_630' title='bbox 905 4172 1229 4227; x_wconf 87' lang='lat' dir='ltr'><strong>harmonia.</strong></span> <span class='ocrx_word' id='word_1_631' title='bbox 1267 4177 1414 4227; x_wconf 91' lang='lat' dir='ltr'><strong>Deus</strong></span> <span class='ocrx_word' id='word_1_632' title='bbox 1445 4154 1675 4229; x_wconf 83' lang='lat' dir='ltr'><strong>duobus</strong></span> <span class='ocrx_word' id='word_1_633' title='bbox 1719 4174 1913 4245; x_wconf 89' lang='lat' dir='ltr'><strong>regnis</strong></span> <span class='ocrx_word' id='word_1_634' title='bbox 1943 4174 2055 4229; x_wconf 86' lang='lat' dir='ltr'><strong>defi</strong></span> 
     </span>
    </p>
   </div>
   <div class='ocr_carea' id='block_1_83' title="bbox 2188 4154 3800 4245">
    <p class='ocr_par' dir='ltr' id='par_1_83' title="bbox 2197 4154 3800 4245">
     <span class='ocr_line' id='line_1_83' title="bbox 2197 4154 3800 4245; baseline -0.007 -20"><span class='ocrx_word' id='word_1_635' title='bbox 2197 4168 2321 4245; x_wconf 85' lang='grc' dir='ltr'>περὶ</span> <span class='ocrx_word' id='word_1_636' title='bbox 2365 4173 2462 4224; x_wconf 79' lang='grc' dir='ltr'>τοῦ</span> <span class='ocrx_word' id='word_1_637' title='bbox 2509 4154 2755 4243; x_wconf 77' lang='grc' dir='ltr'>πονηροῦ</span> <span class='ocrx_word' id='word_1_638' title='bbox 2804 4154 3067 4242; x_wconf 76' lang='grc' dir='ltr'>ἁρμονίας</span> <span class='ocrx_word' id='word_1_639' title='bbox 3115 4168 3214 4235; x_wconf 83' lang='grc' dir='ltr'>τήν</span> <span class='ocrx_word' id='word_1_640' title='bbox 3264 4154 3554 4236; x_wconf 67' lang='grc' dir='ltr'>ἀλήθειαν.</span> <span class='ocrx_word' id='word_1_641' title='bbox 3608 4161 3658 4213; x_wconf 84' lang='lat'><strong>&#39;0</strong></span> <span class='ocrx_word' id='word_1_642' title='bbox 3698 4154 3800 4214; x_wconf 79' lang='grc' dir='ltr'><strong>Θεὸς</strong></span> 
     </span>
    </p>
   </div>
   <div class='ocr_carea' id='block_1_84' title="bbox 447 4249 2059 4334">
    <p class='ocr_par' dir='ltr' id='par_1_84' title="bbox 447 4260 2059 4334">
     <span class='ocr_line' id='line_1_84' title="bbox 447 4260 2059 4334; baseline -0.001 -16"><span class='ocrx_word' id='word_1_643' title='bbox 447 4260 587 4318; x_wconf 87' lang='lat' dir='ltr'><strong>nitis</strong></span> <span class='ocrx_word' id='word_1_644' title='bbox 619 4262 734 4316; x_wconf 91' lang='lat' dir='ltr'><strong>duo</strong></span> <span class='ocrx_word' id='word_1_645' title='bbox 765 4277 996 4332; x_wconf 88' lang='lat' dir='ltr'><strong>quoque</strong></span> <span class='ocrx_word' id='word_1_646' title='bbox 1021 4277 1138 4315; x_wconf 68' lang='lat' dir='ltr'><strong>sava</strong></span> <span class='ocrx_word' id='word_1_647' title='bbox 1176 4262 1498 4327; x_wconf 89' lang='lat' dir='ltr'><strong>constituit,</strong></span> <span class='ocrx_word' id='word_1_648' title='bbox 1531 4262 1685 4317; x_wconf 87' lang='lat' dir='ltr'><strong>malo</strong></span> <span class='ocrx_word' id='word_1_649' title='bbox 1744 4268 2059 4334; x_wconf 68' lang='lat' dir='ltr'><strong>praesentem</strong></span> 
     </span>
    </p>
   </div>
   <div class='ocr_carea' id='block_1_85' title="bbox 2184 4249 3796 4334">
    <p class='ocr_par' dir='ltr' id='par_1_85' title="bbox 2199 4249 3796 4334">
     <span class='ocr_line' id='line_1_85' title="bbox 2199 4249 3796 4334; baseline -0.008 -21"><span class='ocrx_word' id='word_1_650' title='bbox 2199 4256 2295 4313; x_wconf 78' lang='grc' dir='ltr'>δύο</span> <span class='ocrx_word' id='word_1_651' title='bbox 2358 4257 2636 4333; x_wconf 85' lang='grc' dir='ltr'>βασιλείας</span> <span class='ocrx_word' id='word_1_652' title='bbox 2693 4256 2876 4330; x_wconf 88' lang='grc' dir='ltr'>ὁρίσας</span> <span class='ocrx_word' id='word_1_653' title='bbox 2924 4256 3014 4311; x_wconf 83' lang='grc' dir='ltr'><strong>καὶ</strong></span> <span class='ocrx_word' id='word_1_654' title='bbox 3071 4253 3167 4311; x_wconf 72' lang='grc' dir='ltr'>δύο</span> <span class='ocrx_word' id='word_1_655' title='bbox 3212 4255 3415 4311; x_wconf 76' lang='grc' dir='ltr'>αίῶνας</span> <span class='ocrx_word' id='word_1_656' title='bbox 3465 4249 3796 4334; x_wconf 48' lang='grc' dir='ltr'><strong>συνεστήσατοΡ</strong></span> 
     </span>
    </p>
   </div>
   <div class='ocr_carea' id='block_1_86' title="bbox 449 4328 2061 4423">
    <p class='ocr_par' dir='ltr' id='par_1_86' title="bbox 449 4350 2061 4423">
     <span class='ocr_line' id='line_1_86' title="bbox 449 4350 2061 4423; baseline 0 -18"><span class='ocrx_word' id='word_1_657' title='bbox 449 4351 735 4406; x_wconf 88' lang='lat' dir='ltr'><strong>mundum</strong></span> <span class='ocrx_word' id='word_1_658' title='bbox 767 4350 1099 4421; x_wconf 80' lang='lat' dir='ltr'><strong>assignans,</strong></span> <span class='ocrx_word' id='word_1_659' title='bbox 1135 4351 1271 4421; x_wconf 90' lang='lat' dir='ltr'><strong>quia</strong></span> <span class='ocrx_word' id='word_1_660' title='bbox 1302 4351 1490 4405; x_wconf 91' lang='lat' dir='ltr'><strong>brevis</strong></span> <span class='ocrx_word' id='word_1_661' title='bbox 1511 4352 1789 4422; x_wconf 90' lang='lat' dir='ltr'><strong>temporis</strong></span> <span class='ocrx_word' id='word_1_662' title='bbox 1830 4353 2061 4423; x_wconf 90' lang='lat' dir='ltr'><strong>spatiun</strong></span> 
     </span>
    </p>
   </div>
   <div class='ocr_carea' id='block_1_87' title="bbox 2188 4328 3800 4423">
    <p class='ocr_par' dir='ltr' id='par_1_87' title="bbox 2196 4328 3800 4423">
     <span class='ocr_line' id='line_1_87' title="bbox 2196 4328 3800 4423; baseline -0.017 -13"><span class='ocrx_word' id='word_1_663' title='bbox 2196 4328 2379 4423; x_wconf 48' lang='grc' dir='ltr'>κρίνας</span> <span class='ocrx_word' id='word_1_664' title='bbox 2424 4350 2502 4418; x_wconf 82' lang='grc' dir='ltr'>τῷ</span> <span class='ocrx_word' id='word_1_665' title='bbox 2549 4328 2776 4420; x_wconf 81' lang='grc' dir='ltr'>πονηρῷ</span> <span class='ocrx_word' id='word_1_666' title='bbox 2824 4342 3070 4409; x_wconf 80' lang='grc' dir='ltr'>δεδόσθαι</span> <span class='ocrx_word' id='word_1_667' title='bbox 3113 4345 3203 4399; x_wconf 90' lang='grc' dir='ltr'>τὸν</span> <span class='ocrx_word' id='word_1_668' title='bbox 3255 4342 3495 4419; x_wconf 87' lang='grc' dir='ltr'>παρόντα</span> <span class='ocrx_word' id='word_1_669' title='bbox 3519 4338 3701 4410; x_wconf 82' lang='grc' dir='ltr'>κόσμον</span> <span class='ocrx_word' id='word_1_670' title='bbox 3730 4328 3800 4423; x_wconf 58' lang='grc' dir='ltr'><strong>δια</strong></span> 
     </span>
    </p>
   </div>
   <div class='ocr_carea' id='block_1_88' title="bbox 447 4421 2059 4509">
    <p class='ocr_par' dir='ltr' id='par_1_88' title="bbox 447 4421 2059 4509">
     <span class='ocr_line' id='line_1_88' title="bbox 447 4421 2059 4509; baseline 0.001 -16"><span class='ocrx_word' id='word_1_671' title='bbox 447 4441 747 4509; x_wconf 88' lang='lat' dir='ltr'><strong>permanet</strong></span> <span class='ocrx_word' id='word_1_672' title='bbox 777 4436 1155 4507; x_wconf 84' lang='lat' dir='ltr'><strong>celeriterque</strong></span> <span class='ocrx_word' id='word_1_673' title='bbox 1186 4438 1415 4503; x_wconf 89' lang='lat' dir='ltr'><strong>transit,</strong></span> <span class='ocrx_word' id='word_1_674' title='bbox 1466 4421 1843 4494; x_wconf 18' lang='lat' dir='ltr'><strong>bonoiautem</strong></span> <span class='ocrx_word' id='word_1_675' title='bbox 1866 4421 1939 4494; x_wconf 80' lang='lat' dir='ltr'><strong>se</strong></span> <span class='ocrx_word' id='word_1_676' title='bbox 1986 4440 2059 4495; x_wconf 92' lang='lat' dir='ltr'><strong>da</strong></span> 
     </span>
    </p>
   </div>
   <div class='ocr_carea' id='block_1_89' title="bbox 2187 4421 3799 4509">
    <p class='ocr_par' dir='ltr' id='par_1_89' title="bbox 2197 4421 3799 4509">
     <span class='ocr_line' id='line_1_89' title="bbox 2197 4421 3799 4509; baseline -0.005 -18"><span class='ocrx_word' id='word_1_677' title='bbox 2197 4421 2261 4491; x_wconf 67' lang='grc' dir='ltr'>τὸ</span> <span class='ocrx_word' id='word_1_678' title='bbox 2296 4435 2485 4509; x_wconf 86' lang='grc' dir='ltr'>μικρόν</span> <span class='ocrx_word' id='word_1_679' title='bbox 2518 4456 2576 4490; x_wconf 91' lang='grc' dir='ltr'><strong>τε</strong></span> <span class='ocrx_word' id='word_1_680' title='bbox 2623 4434 2780 4489; x_wconf 81' lang='grc' dir='ltr'>αὐτὸν</span> <span class='ocrx_word' id='word_1_681' title='bbox 2824 4434 2954 4489; x_wconf 79' lang='grc' dir='ltr'>εἶναι</span> <span class='ocrx_word' id='word_1_682' title='bbox 3002 4434 3091 4489; x_wconf 82' lang='grc' dir='ltr'><strong>καὶ</strong></span> <span class='ocrx_word' id='word_1_683' title='bbox 3137 4433 3501 4508; x_wconf 85' lang='grc' dir='ltr'>παρέρχεσθαι</span> <span class='ocrx_word' id='word_1_684' title='bbox 3550 4421 3799 4509; x_wconf 79' lang='grc' dir='ltr'><strong>ὀξέως,</strong></span> 
     </span>
    </p>
   </div>
   <div class='ocr_carea' id='block_1_90' title="bbox 446 4507 2058 4600">
    <p class='ocr_par' dir='ltr' id='par_1_90' title="bbox 446 4507 2058 4600">
     <span class='ocr_line' id='line_1_90' title="bbox 446 4507 2058 4600; baseline 0 -18"><span class='ocrx_word' id='word_1_685' title='bbox 446 4507 645 4583; x_wconf 80' lang='lat' dir='ltr'><strong>turum</strong></span> <span class='ocrx_word' id='word_1_686' title='bbox 671 4525 941 4598; x_wconf 88' lang='lat' dir='ltr'><strong>promisit</strong></span> <span class='ocrx_word' id='word_1_687' title='bbox 960 4527 1245 4581; x_wconf 90' lang='lat' dir='ltr'><strong>mundum</strong></span> <span class='ocrx_word' id='word_1_688' title='bbox 1270 4528 1554 4593; x_wconf 82' lang='lat' dir='ltr'><strong>futurum,</strong></span> <span class='ocrx_word' id='word_1_689' title='bbox 1574 4529 1853 4599; x_wconf 84' lang='lat' dir='ltr'><strong>grandem</strong></span> <span class='ocrx_word' id='word_1_690' title='bbox 1878 4528 2058 4600; x_wconf 92' lang='lat' dir='ltr'><strong>quipp</strong></span> 
     </span>
    </p>
   </div>
   <div class='ocr_carea' id='block_1_91' title="bbox 2186 4507 3798 4600">
    <p class='ocr_par' dir='ltr' id='par_1_91' title="bbox 2204 4507 3798 4600">
     <span class='ocr_line' id='line_1_91' title="bbox 2204 4507 3798 4600; baseline 0.003 -24"><span class='ocrx_word' id='word_1_691' title='bbox 2204 4522 2261 4579; x_wconf 70' lang='grc' dir='ltr'>δὲ</span> <span class='ocrx_word' id='word_1_692' title='bbox 2290 4525 2473 4599; x_wconf 81' lang='grc' dir='ltr'>ἀγαθῷ</span> <span class='ocrx_word' id='word_1_693' title='bbox 2520 4524 2708 4577; x_wconf 90' lang='grc' dir='ltr'>σώσειν</span> <span class='ocrx_word' id='word_1_694' title='bbox 2763 4523 3027 4598; x_wconf 78' lang='grc' dir='ltr'>ὑπέσχετο</span> <span class='ocrx_word' id='word_1_695' title='bbox 3077 4522 3168 4576; x_wconf 87' lang='grc' dir='ltr'><strong>τὸν</strong></span> <span class='ocrx_word' id='word_1_696' title='bbox 3220 4518 3493 4594; x_wconf 87' lang='grc' dir='ltr'>μέλλοντα</span> <span class='ocrx_word' id='word_1_697' title='bbox 3535 4507 3798 4600; x_wconf 57' lang='grc' dir='ltr'>αἰῶνανᾶξε</span> 
     </span>
    </p>
   </div>
   <div class='ocr_carea' id='block_1_92' title="bbox 447 4594 2059 4688">
    <p class='ocr_par' dir='ltr' id='par_1_92' title="bbox 447 4615 2057 4687">
     <span class='ocr_line' id='line_1_92' title="bbox 447 4615 2057 4687; baseline -0.001 -15"><span class='ocrx_word' id='word_1_698' title='bbox 447 4621 622 4687; x_wconf 87' lang='lat' dir='ltr'><strong>atque</strong></span> <span class='ocrx_word' id='word_1_699' title='bbox 652 4621 953 4671; x_wconf 60' lang='lat' dir='ltr'><strong>mternum.</strong></span> <span class='ocrx_word' id='word_1_700' title='bbox 1004 4617 1081 4670; x_wconf 90' lang='lat' dir='ltr'><strong>Ac</strong></span> <span class='ocrx_word' id='word_1_701' title='bbox 1113 4615 1411 4671; x_wconf 88' lang='lat' dir='ltr'><strong>hominem</strong></span> <span class='ocrx_word' id='word_1_702' title='bbox 1461 4617 1673 4671; x_wconf 89' lang='lat' dir='ltr'><strong>creavit</strong></span> <span class='ocrx_word' id='word_1_703' title='bbox 1707 4616 1886 4672; x_wconf 90' lang='lat' dir='ltr'><strong>libero</strong></span> <span class='ocrx_word' id='word_1_704' title='bbox 1934 4618 2057 4672; x_wconf 90' lang='lat' dir='ltr'><strong>arbi</strong></span> 
     </span>
    </p>
   </div>
   <div class='ocr_carea' id='block_1_93' title="bbox 2184 4594 3796 4688">
    <p class='ocr_par' dir='ltr' id='par_1_93' title="bbox 2204 4594 3796 4688">
     <span class='ocr_line' id='line_1_93' title="bbox 2204 4594 3796 4688; baseline -0.011 -20"><span class='ocrx_word' id='word_1_705' title='bbox 2204 4611 2270 4681; x_wconf 79' lang='grc' dir='ltr'>δὴ</span> <span class='ocrx_word' id='word_1_706' title='bbox 2310 4614 2471 4688; x_wconf 88' lang='grc' dir='ltr'>μέγαν</span> <span class='ocrx_word' id='word_1_707' title='bbox 2506 4607 2633 4666; x_wconf 73' lang='grc' dir='ltr'>ὅντα</span> <span class='ocrx_word' id='word_1_708' title='bbox 2677 4611 2767 4667; x_wconf 85' lang='grc' dir='ltr'><strong>καὶ</strong></span> <span class='ocrx_word' id='word_1_709' title='bbox 2815 4609 3010 4667; x_wconf 61' lang='grc' dir='ltr'>ἄὶδιον.</span> <span class='ocrx_word' id='word_1_710' title='bbox 3042 4610 3140 4665; x_wconf 89' lang='grc' dir='ltr'>Τὸν</span> <span class='ocrx_word' id='word_1_711' title='bbox 3193 4608 3287 4664; x_wconf 77' lang='grc' dir='ltr'>οὖν</span> <span class='ocrx_word' id='word_1_712' title='bbox 3339 4607 3604 4682; x_wconf 74' lang='grc' dir='ltr'>ἄνθρωπον</span> <span class='ocrx_word' id='word_1_713' title='bbox 3648 4594 3796 4688; x_wconf 63' lang='grc' dir='ltr'>αὐτεξ-</span> 
     </span>
    </p>
   </div>
   <div class='ocr_carea' id='block_1_94' title="bbox 445 4682 2057 4777">
    <p class='ocr_par' dir='ltr' id='par_1_94' title="bbox 445 4682 2057 4777">
     <span class='ocr_line' id='line_1_94' title="bbox 445 4682 2057 4777; baseline 0 -17"><span class='ocrx_word' id='word_1_714' title='bbox 445 4682 558 4761; x_wconf 81' lang='lat' dir='ltr'><strong>trio</strong></span> <span class='ocrx_word' id='word_1_715' title='bbox 590 4706 921 4777; x_wconf 74' lang='lat' dir='ltr'><strong>praeditum,</strong></span> <span class='ocrx_word' id='word_1_716' title='bbox 954 4710 1020 4759; x_wconf 93' lang='lat' dir='ltr'><strong>ut</strong></span> <span class='ocrx_word' id='word_1_717' title='bbox 1060 4704 1335 4760; x_wconf 88' lang='lat' dir='ltr'><strong>facultate</strong></span> <span class='ocrx_word' id='word_1_718' title='bbox 1383 4705 1623 4775; x_wconf 86' lang='lat' dir='ltr'><strong>polleret</strong></span> <span class='ocrx_word' id='word_1_719' title='bbox 1668 4705 1987 4760; x_wconf 88' lang='lat' dir='ltr'><strong>inclinandi</strong></span> <span class='ocrx_word' id='word_1_720' title='bbox 2020 4723 2057 4761; x_wconf 14' lang='lat' dir='ltr'><strong>at</strong></span> 
     </span>
    </p>
   </div>
   <div class='ocr_carea' id='block_1_95' title="bbox 2181 4682 3793 4777">
    <p class='ocr_par' dir='ltr' id='par_1_95' title="bbox 2203 4682 3793 4777">
     <span class='ocr_line' id='line_1_95' title="bbox 2203 4682 3793 4777; baseline -0.009 -20"><span class='ocrx_word' id='word_1_721' title='bbox 2203 4682 2400 4758; x_wconf 68' lang='grc' dir='ltr'><strong>οόσιον⁷</strong></span> <span class='ocrx_word' id='word_1_722' title='bbox 2439 4701 2711 4772; x_wconf 82' lang='grc' dir='ltr'>ἐποίησεν,</span> <span class='ocrx_word' id='word_1_723' title='bbox 2766 4698 3181 4771; x_wconf 79' lang='grc' dir='ltr'>ἐπιτηδειότητα</span> <span class='ocrx_word' id='word_1_724' title='bbox 3231 4696 3427 4774; x_wconf 79' lang='grc' dir='ltr'>ἔχοντα</span> <span class='ocrx_word' id='word_1_725' title='bbox 3478 4691 3632 4748; x_wconf 83' lang='grc' dir='ltr'>νεύειν</span> <span class='ocrx_word' id='word_1_726' title='bbox 3683 4682 3793 4777; x_wconf 69' lang='grc' dir='ltr'>πρὸς</span> 
     </span>
    </p>
   </div>
   <div class='ocr_carea' id='block_1_96' title="bbox 449 4772 2061 4867">
    <p class='ocr_par' dir='ltr' id='par_1_96' title="bbox 449 4772 2061 4866">
     <span class='ocr_line' id='line_1_96' title="bbox 449 4772 2061 4866; baseline -0.001 -15"><span class='ocrx_word' id='word_1_727' title='bbox 449 4772 695 4865; x_wconf 72' lang='lat' dir='ltr'><strong>agenda,</strong></span> <span class='ocrx_word' id='word_1_728' title='bbox 729 4811 854 4866; x_wconf 61' lang='lat' dir='ltr'><strong>qua;</strong></span> <span class='ocrx_word' id='word_1_729' title='bbox 881 4793 930 4848; x_wconf 92' lang='lat' dir='ltr'><strong>ei</strong></span> <span class='ocrx_word' id='word_1_730' title='bbox 964 4793 1279 4865; x_wconf 87' lang='lat' dir='ltr'><strong>placerent.</strong></span> <span class='ocrx_word' id='word_1_731' title='bbox 1316 4772 1399 4849; x_wconf 42' lang='lat' dir='ltr'><strong>Et—</strong></span> <span class='ocrx_word' id='word_1_732' title='bbox 1420 4810 1633 4864; x_wconf 90' lang='lat' dir='ltr'><strong>corpus</strong></span> <span class='ocrx_word' id='word_1_733' title='bbox 1675 4794 1803 4865; x_wconf 86' lang='lat' dir='ltr'><strong>ejus</strong></span> <span class='ocrx_word' id='word_1_734' title='bbox 1837 4794 2061 4865; x_wconf 89' lang='lat' dir='ltr'><strong>triparti</strong></span> 
     </span>
    </p>
   </div>
   <div class='ocr_carea' id='block_1_97' title="bbox 2183 4772 3795 4867">
    <p class='ocr_par' dir='ltr' id='par_1_97' title="bbox 2203 4772 3795 4867">
     <span class='ocr_line' id='line_1_97' title="bbox 2203 4772 3795 4867; baseline -0.014 -22"><span class='ocrx_word' id='word_1_735' title='bbox 2203 4791 2268 4853; x_wconf 72' lang='lat' dir='ltr'><strong>ac</strong></span> <span class='ocrx_word' id='word_1_736' title='bbox 2325 4788 2581 4866; x_wconf 78' lang='grc' dir='ltr'>βούλεται</span> <span class='ocrx_word' id='word_1_737' title='bbox 2629 4789 2866 4867; x_wconf 84' lang='grc' dir='ltr'>πράξεις.</span> <span class='ocrx_word' id='word_1_738' title='bbox 2916 4789 3021 4844; x_wconf 89' lang='grc' dir='ltr'><strong>Καὶ</strong></span> <span class='ocrx_word' id='word_1_739' title='bbox 3065 4788 3128 4843; x_wconf 86' lang='grc' dir='ltr'>τὸ</span> <span class='ocrx_word' id='word_1_740' title='bbox 3183 4772 3297 4859; x_wconf 17' lang='grc' dir='ltr'>μὶνῖ</span> <span class='ocrx_word' id='word_1_741' title='bbox 3325 4790 3481 4859; x_wconf 86' lang='grc' dir='ltr'>σῶμα</span> <span class='ocrx_word' id='word_1_742' title='bbox 3518 4772 3795 4867; x_wconf 39' lang='grc' dir='ltr'>αὐτοῦ-ἐστι</span> 
     </span>
    </p>
   </div>
   <div class='ocr_carea' id='block_1_98' title="bbox 449 4864 2061 4955">
    <p class='ocr_par' dir='ltr' id='par_1_98' title="bbox 449 4882 2061 4953">
     <span class='ocr_line' id='line_1_98' title="bbox 449 4882 2061 4953; baseline -0.001 -15"><span class='ocrx_word' id='word_1_743' title='bbox 449 4886 577 4938; x_wconf 90' lang='lat' dir='ltr'><strong>tum</strong></span> <span class='ocrx_word' id='word_1_744' title='bbox 607 4886 714 4949; x_wconf 89' lang='lat' dir='ltr'><strong>est,</strong></span> <span class='ocrx_word' id='word_1_745' title='bbox 747 4898 880 4936; x_wconf 90' lang='lat' dir='ltr'><strong>cum</strong></span> <span class='ocrx_word' id='word_1_746' title='bbox 939 4882 1223 4953; x_wconf 89' lang='lat' dir='ltr'><strong>originem</strong></span> <span class='ocrx_word' id='word_1_747' title='bbox 1280 4884 1458 4938; x_wconf 90' lang='lat' dir='ltr'><strong>ducat</strong></span> <span class='ocrx_word' id='word_1_748' title='bbox 1504 4898 1573 4937; x_wconf 88' lang='lat' dir='ltr'><strong>ex</strong></span> <span class='ocrx_word' id='word_1_749' title='bbox 1625 4882 1914 4950; x_wconf 85' lang='lat' dir='ltr'><strong>femineo;</strong></span> <span class='ocrx_word' id='word_1_750' title='bbox 1958 4899 2061 4938; x_wconf 80' lang='lat' dir='ltr'><strong>nar.</strong></span> 
     </span>
    </p>
   </div>
   <div class='ocr_carea' id='block_1_99' title="bbox 2184 4864 3796 4955">
    <p class='ocr_par' dir='ltr' id='par_1_99' title="bbox 2202 4864 3796 4955">
     <span class='ocr_line' id='line_1_99' title="bbox 2202 4864 3796 4955; baseline -0.016 -20"><span class='ocrx_word' id='word_1_751' title='bbox 2202 4864 2484 4955; x_wconf 73' lang='grc' dir='ltr'>τριμερὶς,</span> <span class='ocrx_word' id='word_1_752' title='bbox 2537 4878 2596 4934; x_wconf 79' lang='grc' dir='ltr'><strong>ἐκ</strong></span> <span class='ocrx_word' id='word_1_753' title='bbox 2644 4864 2869 4949; x_wconf 80' lang='grc' dir='ltr'>θηλείας</span> <span class='ocrx_word' id='word_1_754' title='bbox 2909 4873 3035 4953; x_wconf 81' lang='grc' dir='ltr'>ἕχον</span> <span class='ocrx_word' id='word_1_755' title='bbox 3082 4877 3181 4946; x_wconf 77' lang='grc' dir='ltr'>τὴν</span> <span class='ocrx_word' id='word_1_756' title='bbox 3231 4874 3455 4949; x_wconf 85' lang='grc' dir='ltr'>γένεσιν.</span> <span class='ocrx_word' id='word_1_757' title='bbox 3502 4869 3637 4926; x_wconf 72' lang='grc'><strong>³97</strong></span> <span class='ocrx_word' id='word_1_758' title='bbox 3668 4864 3796 4955; x_wconf 50' lang='grc' dir='ltr'>ἐχει</span> 
     </span>
    </p>
   </div>
   <div class='ocr_carea' id='block_1_100' title="bbox 453 4944 2065 5051">
    <p class='ocr_par' dir='ltr' id='par_1_100' title="bbox 453 4944 2060 5043">
     <span class='ocr_line' id='line_1_100' title="bbox 453 4944 2060 5043; baseline 0 -17"><span class='ocrx_word' id='word_1_759' title='bbox 453 4944 729 5027; x_wconf 77' lang='lat' dir='ltr'><strong>ati&#39;ectum</strong></span> <span class='ocrx_word' id='word_1_760' title='bbox 760 4975 849 5026; x_wconf 93' lang='lat' dir='ltr'><strong>est</strong></span> <span class='ocrx_word' id='word_1_761' title='bbox 901 4944 1244 5042; x_wconf 79' lang='lat' dir='ltr'><strong>cupiditate,</strong></span> <span class='ocrx_word' id='word_1_762' title='bbox 1302 4971 1408 5037; x_wconf 87' lang='lat' dir='ltr'><strong>ira,</strong></span> <span class='ocrx_word' id='word_1_763' title='bbox 1459 4970 1620 5026; x_wconf 92' lang='lat' dir='ltr'><strong>luctu</strong></span> <span class='ocrx_word' id='word_1_764' title='bbox 1667 4975 1723 5027; x_wconf 89' lang='lat' dir='ltr'><strong>et</strong></span> <span class='ocrx_word' id='word_1_765' title='bbox 1753 4944 2000 5043; x_wconf 34' lang='lat' dir='ltr'><strong>quae&#39;ad</strong></span> <span class='ocrx_word' id='word_1_766' title='bbox 2030 4988 2060 5026; x_wconf 88' lang='lat' dir='ltr'><strong>e</strong></span> 
     </span>
    </p>
   </div>
   <div class='ocr_carea' id='block_1_101' title="bbox 2185 4944 3797 5051">
    <p class='ocr_par' dir='ltr' id='par_1_101' title="bbox 2205 4944 3797 5051">
     <span class='ocr_line' id='line_1_101' title="bbox 2205 4944 3797 5051; baseline 0.018 -30"><span class='ocrx_word' id='word_1_767' title='bbox 2205 4944 2313 5044; x_wconf 43' lang='lat' dir='ltr'><strong>Y&#39;rip&#39;</strong></span> <span class='ocrx_word' id='word_1_768' title='bbox 2369 4944 2708 5039; x_wconf 27' lang='lat' dir='ltr'><strong>6m6uplav,v</strong></span> <span class='ocrx_word' id='word_1_769' title='bbox 2739 4944 3173 5041; x_wconf 40' lang='lat' dir='ltr'><strong>GPYllvyulls‘mll’</strong></span> <span class='ocrx_word' id='word_1_770' title='bbox 3230 4944 3320 5018; x_wconf 43' lang='grc' dir='ltr'><strong>’ἰαὶ</strong></span> <span class='ocrx_word' id='word_1_771' title='bbox 3368 4962 3435 5016; x_wconf 67' lang='grc' dir='ltr'><strong>τὰ</strong></span> <span class='ocrx_word' id='word_1_772' title='bbox 3456 4956 3655 5051; x_wconf 38' lang='grc' dir='ltr'><strong>τᾳύτῖις</strong></span> 
     </span>
    </p>
   </div>
   <div class='ocr_carea' id='block_1_102' title="bbox 453 5032 2065 5132">
    <p class='ocr_par' dir='ltr' id='par_1_102' title="bbox 453 5059 2065 5132">
     <span class='ocr_line' id='line_1_102' title="bbox 453 5059 2065 5132; baseline -0.001 -17"><span class='ocrx_word' id='word_1_773' title='bbox 453 5059 768 5132; x_wconf 89' lang='lat' dir='ltr'><strong>pertinent.</strong></span> <span class='ocrx_word' id='word_1_774' title='bbox 793 5059 983 5114; x_wconf 90' lang='lat' dir='ltr'><strong>Simili</strong></span> <span class='ocrx_word' id='word_1_775' title='bbox 1016 5060 1186 5114; x_wconf 92' lang='lat' dir='ltr'><strong>modo</strong></span> <span class='ocrx_word' id='word_1_776' title='bbox 1219 5060 1462 5132; x_wconf 89' lang='lat' dir='ltr'><strong>spiritus</strong></span> <span class='ocrx_word' id='word_1_777' title='bbox 1485 5076 1619 5115; x_wconf 92' lang='lat' dir='ltr'><strong>cum</strong></span> <span class='ocrx_word' id='word_1_778' title='bbox 1653 5076 1768 5114; x_wconf 87' lang='lat' dir='ltr'><strong>non</strong></span> <span class='ocrx_word' id='word_1_779' title='bbox 1790 5060 1968 5114; x_wconf 89' lang='lat' dir='ltr'><strong>trium</strong></span> <span class='ocrx_word' id='word_1_780' title='bbox 1999 5075 2065 5131; x_wconf 87' lang='lat' dir='ltr'><strong>ge</strong></span> 
     </span>
    </p>
   </div>
   <div class='ocr_carea' id='block_1_103' title="bbox 2186 5032 3798 5132">
    <p class='ocr_par' dir='ltr' id='par_1_103' title="bbox 2212 5032 3798 5132">
     <span class='ocr_line' id='line_1_103' title="bbox 2212 5032 3798 5132; baseline -0.009 -20"><span class='ocrx_word' id='word_1_781' title='bbox 2212 5032 2365 5129; x_wconf 71' lang='grc' dir='ltr'>μενα.</span> <span class='ocrx_word' id='word_1_782' title='bbox 2397 5057 2467 5112; x_wconf 90' lang='grc' dir='ltr'>Τὸ</span> <span class='ocrx_word' id='word_1_783' title='bbox 2500 5032 2557 5111; x_wconf 67' lang='grc' dir='ltr'><strong>δέ</strong></span> <span class='ocrx_word' id='word_1_784' title='bbox 2588 5032 2799 5128; x_wconf 78' lang='grc' dir='ltr'>πνεῦμα</span> <span class='ocrx_word' id='word_1_785' title='bbox 2819 5032 2934 5109; x_wconf 50' lang='grc' dir='ltr'>’καὶ</span> <span class='ocrx_word' id='word_1_786' title='bbox 2982 5032 3136 5108; x_wconf 14' lang='grc' dir='ltr'>αὐτὸή</span> <span class='ocrx_word' id='word_1_787' title='bbox 3163 5051 3226 5107; x_wconf 80' lang='grc' dir='ltr'>οὖ</span> <span class='ocrx_word' id='word_1_788' title='bbox 3271 5046 3560 5127; x_wconf 75' lang='grc' dir='ltr'>τριτογενὶς</span> <span class='ocrx_word' id='word_1_789' title='bbox 3585 5042 3654 5112; x_wconf 79' lang='grc' dir='ltr'>δν,</span> <span class='ocrx_word' id='word_1_790' title='bbox 3674 5032 3798 5132; x_wconf 43' lang='grc' dir='ltr'>θλ.λά</span> 
     </span>
    </p>
   </div>
   <div class='ocr_carea' id='block_1_104' title="bbox 453 5121 2065 5229">
    <p class='ocr_par' dir='ltr' id='par_1_104' title="bbox 453 5148 2064 5221">
     <span class='ocr_line' id='line_1_104' title="bbox 453 5148 2064 5221; baseline -0.001 -17"><span class='ocrx_word' id='word_1_791' title='bbox 453 5164 662 5205; x_wconf 89' lang='lat' dir='ltr'><strong>nerum</strong></span> <span class='ocrx_word' id='word_1_792' title='bbox 694 5148 792 5215; x_wconf 89' lang='lat' dir='ltr'><strong>sit,</strong></span> <span class='ocrx_word' id='word_1_793' title='bbox 824 5149 926 5204; x_wconf 93' lang='lat' dir='ltr'><strong>sed</strong></span> <span class='ocrx_word' id='word_1_794' title='bbox 958 5148 1187 5221; x_wconf 86' lang='lat' dir='ltr'><strong>triplex,</strong></span> <span class='ocrx_word' id='word_1_795' title='bbox 1224 5154 1390 5205; x_wconf 89' lang='lat' dir='ltr'><strong>ortus</strong></span> <span class='ocrx_word' id='word_1_796' title='bbox 1416 5165 1481 5204; x_wconf 83' lang='lat' dir='ltr'><strong>ex</strong></span> <span class='ocrx_word' id='word_1_797' title='bbox 1525 5148 1787 5204; x_wconf 91' lang='lat' dir='ltr'><strong>masculo</strong></span> <span class='ocrx_word' id='word_1_798' title='bbox 1835 5152 1892 5203; x_wconf 91' lang='lat' dir='ltr'><strong>et</strong></span> <span class='ocrx_word' id='word_1_799' title='bbox 1920 5164 2064 5219; x_wconf 90' lang='lat' dir='ltr'><strong>capa</strong></span> 
     </span>
    </p>
   </div>
   <div class='ocr_carea' id='block_1_105' title="bbox 2188 5121 3800 5229">
    <p class='ocr_par' dir='ltr' id='par_1_105' title="bbox 2207 5121 3800 5229">
     <span class='ocr_line' id='line_1_105' title="bbox 2207 5121 3800 5229; baseline -0.019 -28"><span class='ocrx_word' id='word_1_800' title='bbox 2207 5121 2485 5222; x_wconf 76' lang='grc' dir='ltr'>τριμερὶς,</span> <span class='ocrx_word' id='word_1_801' title='bbox 2531 5143 2591 5199; x_wconf 78' lang='grc' dir='ltr'>ἐκ</span> <span class='ocrx_word' id='word_1_802' title='bbox 2635 5121 2734 5198; x_wconf 57' lang='grc' dir='ltr'>τοῐέ</span> <span class='ocrx_word' id='word_1_803' title='bbox 2777 5142 3000 5219; x_wconf 78' lang='grc' dir='ltr'>ἄρῥενος</span> <span class='ocrx_word' id='word_1_804' title='bbox 3048 5140 3163 5217; x_wconf 79' lang='grc' dir='ltr'>ἔχει</span> <span class='ocrx_word' id='word_1_805' title='bbox 3211 5121 3321 5229; x_wconf 45' lang='grc' dir='ltr'><strong>τὴί</strong></span> <span class='ocrx_word' id='word_1_806' title='bbox 3356 5121 3569 5229; x_wconf 63' lang='grc' dir='ltr'>γένεσιν,</span> <span class='ocrx_word' id='word_1_807' title='bbox 3599 5126 3689 5229; x_wconf 45' lang='lat' dir='ltr'><strong>Iul</strong></span> <span class='ocrx_word' id='word_1_808' title='bbox 3729 5121 3800 5229; x_wconf 59' lang='grc' dir='ltr'>δε-</span> 
     </span>
    </p>
   </div>
   <div class='ocr_carea' id='block_1_106' title="bbox 454 5222 2066 5311">
    <p class='ocr_par' dir='ltr' id='par_1_106' title="bbox 454 5237 2066 5311">
     <span class='ocr_line' id='line_1_106' title="bbox 454 5237 2066 5311; baseline -0.001 -16"><span class='ocrx_word' id='word_1_809' title='bbox 454 5242 542 5295; x_wconf 87' lang='lat' dir='ltr'><strong>est</strong></span> <span class='ocrx_word' id='word_1_810' title='bbox 570 5237 982 5308; x_wconf 89' lang='lat' dir='ltr'><strong>ratiocinandi,</strong></span> <span class='ocrx_word' id='word_1_811' title='bbox 1013 5239 1424 5311; x_wconf 87' lang='lat' dir='ltr'><strong>cognoscendi,</strong></span> <span class='ocrx_word' id='word_1_812' title='bbox 1462 5238 1757 5294; x_wconf 89' lang='lat' dir='ltr'><strong>metuendi</strong></span> <span class='ocrx_word' id='word_1_813' title='bbox 1790 5242 1847 5294; x_wconf 93' lang='lat' dir='ltr'><strong>et</strong></span> <span class='ocrx_word' id='word_1_814' title='bbox 1875 5253 2066 5293; x_wconf 88' lang='lat' dir='ltr'><strong>eorum</strong></span> 
     </span>
    </p>
   </div>
   <div class='ocr_carea' id='block_1_107' title="bbox 2182 5222 3794 5311">
    <p class='ocr_par' dir='ltr' id='par_1_107' title="bbox 2209 5222 3794 5308">
     <span class='ocr_line' id='line_1_107' title="bbox 2209 5222 3794 5308; baseline -0.016 -17"><span class='ocrx_word' id='word_1_815' title='bbox 2209 5234 2394 5290; x_wconf 88' lang='grc' dir='ltr'>κτικόν</span> <span class='ocrx_word' id='word_1_816' title='bbox 2427 5232 2537 5289; x_wconf 76' lang='grc' dir='ltr'>ἐστι</span> <span class='ocrx_word' id='word_1_817' title='bbox 2571 5231 2870 5308; x_wconf 76' lang='grc' dir='ltr'>λογισμοῦ,</span> <span class='ocrx_word' id='word_1_818' title='bbox 2901 5230 3172 5307; x_wconf 83' lang='grc' dir='ltr'>γνώσεως,</span> <span class='ocrx_word' id='word_1_819' title='bbox 3217 5223 3388 5307; x_wconf 77' lang='grc' dir='ltr'>φόϐου</span> <span class='ocrx_word' id='word_1_820' title='bbox 3435 5222 3521 5281; x_wconf 76' lang='grc' dir='ltr'><strong>καὶ</strong></span> <span class='ocrx_word' id='word_1_821' title='bbox 3562 5222 3659 5276; x_wconf 83' lang='grc' dir='ltr'><strong>τῶν</strong></span> <span class='ocrx_word' id='word_1_822' title='bbox 3695 5222 3794 5268; x_wconf 70' lang='grc' dir='ltr'>τοῦ·</span> 
     </span>
    </p>
   </div>
   <div class='ocr_carea' id='block_1_108' title="bbox 1815 5414 2492 5473">
    <p class='ocr_par' dir='ltr' id='par_1_108' title="bbox 1815 5414 2492 5473">
     <span class='ocr_line' id='line_1_108' title="bbox 1815 5414 2492 5473; baseline 0.001 -4"><span class='ocrx_word' id='word_1_823' title='bbox 1815 5414 2043 5471; x_wconf 71' lang='grc' dir='ltr'><strong>νΑΗΙίΕ</strong></span> <span class='ocrx_word' id='word_1_824' title='bbox 2083 5414 2492 5473; x_wconf 84' lang='lat' dir='ltr'><strong>LECTIONES.</strong></span> 
     </span>
    </p>
   </div>
   <div class='ocr_carea' id='block_1_109' title="bbox 526 5556 3138 5651">
    <p class='ocr_par' dir='ltr' id='par_1_109' title="bbox 526 5556 3138 5651">
     <span class='ocr_line' id='line_1_109' title="bbox 526 5556 3138 5651; baseline -0.005 -24"><span class='ocrx_word' id='word_1_825' title='bbox 526 5573 572 5610; x_wconf 78' lang='grc'><strong>⁸⁸</strong></span> <span class='ocrx_word' id='word_1_826' title='bbox 602 5568 870 5651; x_wconf 80' lang='grc' dir='ltr'>Σοφονίας</span> <span class='ocrx_word' id='word_1_827' title='bbox 900 5571 991 5642; x_wconf 89' lang='lat'><strong>0.,</strong></span> <span class='ocrx_word' id='word_1_828' title='bbox 1012 5573 1078 5626; x_wconf 89' lang='lat' dir='ltr'><strong>ut</strong></span> <span class='ocrx_word' id='word_1_829' title='bbox 1106 5568 1284 5626; x_wconf 88' lang='lat' dir='ltr'><strong>etiam</strong></span> <span class='ocrx_word' id='word_1_830' title='bbox 1315 5566 1467 5625; x_wconf 89' lang='lat' dir='ltr'><strong>infra</strong></span> <span class='ocrx_word' id='word_1_831' title='bbox 1497 5570 1850 5626; x_wconf 84' lang='lat' dir='ltr'><strong>constanter.</strong></span> <span class='ocrx_word' id='word_1_832' title='bbox 1882 5567 1930 5605; x_wconf 75' lang='lat'><strong>&quot;</strong></span> <span class='ocrx_word' id='word_1_833' title='bbox 1951 5566 2122 5624; x_wconf 89' lang='lat' dir='ltr'><strong>Nolui</strong></span> <span class='ocrx_word' id='word_1_834' title='bbox 2154 5564 2408 5624; x_wconf 85' lang='lat' dir='ltr'><strong>scribere</strong></span> <span class='ocrx_word' id='word_1_835' title='bbox 2436 5559 2748 5640; x_wconf 79' lang='grc' dir='ltr'>διελέχθης.</span> <span class='ocrx_word' id='word_1_836' title='bbox 2780 5562 2825 5600; x_wconf 77' lang='grc'>⁸⁷</span> <span class='ocrx_word' id='word_1_837' title='bbox 2853 5556 3043 5616; x_wconf 76' lang='grc' dir='ltr'>νόκταν</span> <span class='ocrx_word' id='word_1_838' title='bbox 3076 5562 3138 5615; x_wconf 92' lang='lat'><strong>0.</strong></span> 
     </span>
    </p>
   </div>
  </div>
