4082 6208
246 386 374 446 449

1380 382 1919 443 CLEMENTINA.
1951 410 2028 425 -—
2066 379 2396 441 HOMILIA
2439 382 2571 442 XX.

3544 396 3666 457 450

248 537 372 578 τοις
424 516 727 589 ἑπομένων.
760 515 1019 593 Ἐκατέρα
1067 513 1125 571 δὲ
1164 519 1270 570 τῶν
1319 512 1555 592 τριάδων
1612 512 1735 587 μίαν
1790 510 1906 587 ἔχει

2033 528 2146 583 quae
2178 511 2291 567 huc
2324 514 2631 583 pertinent.
2669 516 2907 589 Utrique
2946 525 3139 576 autem
3175 523 3425 582 triadum
3459 528 3663 584 eadem

246 607 351 675 τὴν
414 605 561 681 ῥίζαν
599 651 613 676 ,
672 606 745 667 ὡς
802 606 930 661 εἶναι
982 607 1072 660 τὸν
1128 603 1409 681 ἄνθρωπον
1465 604 1524 658 ἐκ
1580 602 1907 680 φυραμάτων

252 693 375 766 δύο,
420 693 642 763 θηλείας
693 716 752 750 τε
805 696 893 749 καὶ
947 693 1191 771 ἄρρενος.
1226 695 1318 749 Διὸ
1367 692 1433 762 δὴ
1484 692 1571 747 καὶ
1621 689 1715 746 δύο
1764 690 1909 761 αὐτῷ

254 782 376 838 ὁδοὶ
410 782 794 859 προετέθησαν,
824 784 997 857 νόμου
1026 806 1084 839 τε
1130 783 1217 839 καὶ
1268 782 1514 856 ἀνομίας·
1560 779 1654 836 δύο
1699 802 1757 835 τε
1812 780 1906 854 βα-

252 871 459 927 σιλεῖαι
493 871 822 947 ὡρίσθησαν,
862 876 897 942 ἡ
954 874 1046 946 μὲν
1096 873 1341 949 οὐρανῶν
1392 870 1723 947 λεγομὲνων,
1854 864 1911 922 δὲ

251 965 362 1016 τῶν
399 961 486 1017 ἐπὶ
519 968 624 1036 γῆς
670 967 757 1016 νῦν
815 960 1235 1038 βασιλεύοντων.
1267 959 1441 1019 Ἀλλᾶ
1484 961 1573 1015 καὶ
1623 957 1718 1014 δύο
1765 960 1911 1032 βασι-

255 1050 374 1113 λεῖς
408 1052 733 1126 ἐτάχθησαν,
766 1053 837 1107 ὧν
872 1053 900 1108 ὁ
935 1052 1030 1125 μὲν
1060 1057 1157 1107 τοῦ
1200 1051 1467 1128 παρόντος
1513 1050 1602 1105 καὶ
1647 1046 1909 1123 προσκαί-

255 1161 353 1216 ρου
414 1142 625 1213 κόσμου
670 1140 824 1215 νόμῳ
875 1140 1185 1220 βαφιλεύειν
1239 1145 1654 1216 χειροτονεῖται,
1711 1138 1768 1199 ὃς
1820 1134 1910 1190 καὶ

255 1228 341 1284 ἐπ’
406 1226 618 1306 ὀλέθρῳ
673 1235 929 1306 πονηρῶν
989 1229 1202 1307 χαίρειν
1259 1230 1477 1303 ἐκράθη·
1526 1228 1552 1282 ὁ
1606 1224 1663 1281 δὲ
1703 1222 1911 1299 ἕτερος,

254 1317 348 1371 καὶ
406 1317 566 1380 αὐτὸς
626 1318 877 1395 βασιλεὺς
940 1320 1200 1395 ὑπάρχων
1238 1322 1335 1373 τοῦ
1386 1316 1645 1391 ἐσομένου
1696 1314 1910 1385 αἰῶνος,

260 1407 471 1483 στέργει
525 1407 695 1463 πάσαν
753 1408 1051 1482 ἀνθρώπων
1126 1407 1303 1485 φύσιν,
1363 1405 1412 1460 ἐν
1489 1410 1606 1466 τοῖς
1683 1407 1911 1479 παροῦσι

257 1498 361 1566 τήν
422 1495 729 1573 παρρησίαν
784 1495 929 1573 ἔχειν
987 1497 1049 1552 οὐ
1108 1494 1421 1569 δυνάμενος,
1483 1492 1652 1568 [ἀλλ’]
1712 1492 1785 1555 ὣς
1833 1491 1915 1553 τίς

258 1586 388 1639 ποτ’
418 1584 530 1640 ἐστί
571 1584 849 1650 λανθάνειν
900 1586 1238 1662 πειρώμενος
1278 1585 1344 1640 τὰ
1392 1583 1730 1662 συμφέροντα
1778 1603 1914 1655 συμ-

262 1669 542 1732 ϐουλεύει.

336 1784 435 1840 ΙΙΙ.
470 1786 587 1837 Γῶν
629 1778 687 1836 δὲ
735 1778 831 1836 δύο
874 1781 1082 1836 τούτων
1133 1783 1185 1855 [ὁ
1216 1778 1419 1856 ἔτερος]
1469 1781 1559 1835 τὸν
1606 1777 1788 1855 ἕτερον
1837 1777 1917 1833 ὲκ-

2016 600 2179 655 radix
2210 606 2316 668 est,
2351 603 2429 657 ita
2460 608 2521 657 ut
2554 604 2725 660 homo
2758 607 2987 664 duabus
3020 612 3548 683 eommistionibus,
3582 616 3662 672 fe-

2018 689 2195 745 minei
2231 707 2362 744 cum
2420 692 2699 759 musculo,
2753 698 3112 768 compositus
3161 701 3251 755 sit.
3301 702 3665 777 Quapropter

2017 778 2192 833 etiam
2227 779 2353 833 dure
2383 780 2506 845 viae,
2534 783 2824 853 aequitatis
2855 802 2919 839 ac
2948 787 3295 859 iniquitatis,
3331 793 3659 864 propositis,

2020 866 2134 921 duo
2167 882 2396 937 quoque
2427 885 2603 939 regna
2633 871 2869 926 definita
2902 880 3058 945 sunt,
3106 876 3351 934 alterum
3385 880 3663 938 ccelorum

2020 954 2399 1026 appellatum,
2431 958 2678 1013 alterum
2711 976 2932 1027 eorum,
2968 964 3065 1034 qui
3115 982 3269 1022 nunc
3299 967 3357 1022 in
3387 972 3542 1025 terra
3573 986 3662 1027 rs-

2020 1050 2217 1114 gnant.
2250 1048 2328 1099 Ac
2359 1046 2628 1102 similiter
2659 1049 2772 1103 duo
2803 1066 2967 1123 reges
3016 1055 3315 1110 constituti
3345 1062 3485 1112 sunt
3515 1075 3663 1130 quo-

2021 1150 2153 1187 rum
2180 1132 2329 1189 alter
2359 1136 2627 1205 praesenti
2674 1155 2739 1193 ac
2770 1143 3145 1212 temporaneo
3177 1145 3396 1201 mundo
3421 1163 3665 1220 regnare

2022 1224 2078 1276 et
2111 1222 2362 1293 pernicie
2414 1225 2699 1282 malorum
2749 1230 3003 1300 gaudere
3048 1232 3173 1304 lege
3204 1237 3472 1304 tenetur;
3525 1236 3671 1293 alter

2022 1314 2241 1379 autem,
2276 1328 2372 1367 rex
2402 1318 2459 1368 et
2487 1314 2631 1386 ipse,
2662 1317 2841 1372 futuri
2889 1319 3126 1391 quidem
3158 1323 3283 1391 aevi,
3334 1325 3670 1381 universam

2023 1398 2214 1472 diligit
2236 1407 2503 1459 naturam
2536 1404 2895 1465 humanam:
2931 1411 3030 1482 qui
3081 1410 3411 1470 libertatem
3456 1414 3671 1488 agendi

2024 1489 2130 1544 etsi
2164 1489 2220 1545 in
2254 1493 2522 1563 presenti
2552 1512 2665 1550 non
2700 1496 2891 1564 habet,
2918 1499 3305 1560 nihilominus
3330 1503 3398 1561 de
3426 1504 3671 1562 utilibus

2023 1581 2339 1638 suadendis
2370 1582 2617 1640 latenter
2644 1585 2929 1644 sollicitus
2956 1594 3063 1646 est.

2096 1779 2192 1834 Ill.
2227 1779 2467 1849 Horum,
2500 1782 2772 1846 duorum,
2806 1783 2921 1839 Deo
2952 1785 3276 1854 ordinante,
3319 1786 3466 1844 alter
3507 1789 3674 1846 alteri

264 1866 533 1942 ϐιάζεται,
586 1875 719 1925 Θεοῦ
765 1868 1140 1932 κελεύσαντος.
1174 1873 1433 1931 Ἕκαστος
1483 1868 1539 1924 δὲ
1567 1874 1673 1924 τῶν
1708 1867 1916 1943 ἀνθρώ-

2033 1868 2145 1923 vim
2175 1869 2369 1925 infert.
2390 1871 2645 1942 Quisque
2667 1878 2860 1927 autem
2886 1872 3191 1930 hominum
3216 1876 3551 1933 facultatem
3577 1880 3678 1935 ha-

264 1981 382 2013 πων
425 1958 666 2029 ἐξουσίαν
703 1954 840 2034 ἔχει,
876 1958 1057 2033 [ἐκείν]
1089 1981 1134 2031 ῳ
1181 1958 1378 2027 αὐτῶν,
1413 1959 1458 2030 ᾦ
1493 1956 1770 2033 βούλεται,
1803 1955 1919 2010 πεί-

265 2050 451 2103 θεσθαι
511 2048 649 2121 πρὸς
706 2049 768 2103 τὸ
824 2050 1078 2125 πράσσειν
1129 2048 1297 2124 ἀγαθᾶ
1342 2047 1378 2117 ἢ
1429 2047 1584 2104 κακά.
1630 2044 1784 2115 Πλὴν
1832 2044 1918 2099 ἐὰν

264 2158 330 2191 τα
360 2137 539 2211 ἀγαθά
586 2158 669 2199 τις
716 2139 968 2213 πράσσειν
1018 2133 1236 2207 ἕληται,
1280 2142 1376 2191 τοῦ
1425 2136 1680 2210 ἐσομένου
1721 2136 1921 2211 ἀγαθοῦ

271 2224 547 2302 βασιλέως
605 2224 812 2300 γίνεται
869 2233 1074 2299 κτῆμα·
1133 2226 1178 2279 εἰ
1223 2223 1280 2280 δὲ
1326 2224 1507 2303 φαῦλα
1553 2222 1769 2300 πράξειὲ
1813 2244 1918 2293 τις,

266 2320 365 2369 υοῦ
394 2314 667 2385 παρόντος
696 2316 739 2350 ⁸⁸
787 2314 988 2390 γίνεται
1037 2319 1283 2391 πονηροῦ
1337 2315 1683 2387 ὑπηρέτημα.
1715 2315 1807 2373 Ὃς
1854 2309 1923 2366 δι’

268 2402 540 2478 ἁμαρτίας
591 2402 759 2476 κρίσει
811 2400 990 2473 δικαία
1035 2405 1134 2472 τήν
1166 2404 1282 2457 κατ’
1330 2403 1493 2457 αὐτοῦ
1544 2398 1726 2456 λαϐὼν
1771 2400 1920 2473 ἐξου-

267 2493 384 2546 σίαν
432 2491 525 2545 καὶ
578 2493 683 2567 πρὸ
730 2496 828 2545 τοῦ
887 2490 1189 2564 μέλλοντος
1240 2491 1440 2553 αἰῶνος
1500 2489 1734 2561 θελήσας
1784 2490 1918 2563 αὐτῇ

264 2582 506 2655 χρῆσθαι
538 2582 585 2615 ⁹⁹
605 2579 655 2634 ἐν
681 2578 761 2651 τῷ
790 2584 880 2633 νῦν
910 2579 1012 2654 βίῳ
1031 2579 1280 2648 κολάζων
1314 2578 1523 2649 ἥδεται,
1546 2579 1634 2633 καὶ
1669 2580 1820 2636 398
1846 2579 1919 2640 ὡς

266 2666 379 2738 tat;
434 2667 803 2744 χαριζόμενος
864 2667 1122 2740 ἐπιθυμίᾳ
1164 2670 1265 2737 τὴν
1322 2673 1418 2723 τοῦ
1469 2673 1601 2723 Θεοῦ
1660 2667 1923 2743 βούλησιν

266 2756 497 2814 ἐκτελεῖ.
539 2763 593 2811 Ὀ
626 2755 681 2811 δὲ
726 2753 909 2829 ’ἔτερος
960 2757 1047 2812 ἐπὶ
1098 2754 1319 2811 δικαίων
1365 2756 1574 2828 ἐξουσίᾳ
1620 2757 1830 2832 χαίρειν
1879 2759 1923 2793 9°

264 2844 730 2921 δημιουργηθεὶς,
781 2843 985 2900 δίκαιον
1036 2846 1204 2919 εὑρὼν
1258 2847 1508 2922 μεγάλως
1560 2846 1919 2923 εὐφραίνεται,

262 2936 461 3004 σώζων
496 2934 654 2989 αὐτὸν
689 2933 849 3007 ἀϊδίῳ
884 2938 1019 3008 ζωῇ,
1052 2936 1141 2990 καὶ
1192 2936 1349 2997 αὐτὸς
1383 2934 1441 2990 δὲ
1478 2937 1563 3001 ,ὡς
1611 2934 1783 3007 ἑαυτῷ
1816 2956 1918 3011 χα-

263 3025 565 3098 ριζόμενος
594 3025 693 3092 τὴν
720 3023 851 3098 ὑπὲρ
900 3024 1106 3078 τούτων
1150 3024 1224 3087 είς
1275 3025 1400 3079 Θεὸν
1460 3024 1704 3103 ἀναφέρει
1738 3025 1919 3099 χάριν.

264 3115 485 3184 Ἔξεστι
536 3110 594 3167 δὲ
640 3113 797 3167 παντὶ
840 3110 1010 3185 ἀδίκῳ
1049 3112 1475 3186 μεταμεληθέντι
1507 3114 1790 3184 σώζεσθαι,
1832 3113 1921 3167 καὶ

263 3203 432 3258 παντὶ
483 3201 680 3274 δικαίῳ
733 3199 885 3276 ἀνδρὶ
946 3201 1031 3257 ἐπὶ
1082 3201 1389 3264 τελευταίας
1448 3202 1712 3278 ἁμαρτίας

267 3292 522 3367 ὑπέχειν.
560 3289 707 3360 Πλὴν
742 3292 798 3344 οἱ
848 3288 944 3345 δύο
991 3292 1257 3365 ἡγεμόνες
1306 3292 1453 3346 οὗτοι
1491 3298 1706 3367 ταχεῖαι
1738 3291 1920 3366 χεῖρες

268 3379 372 3434 εἰσι
426 3377 564 3434 Θεοῦ
602 3374 1011 3452 προλαμϐάνειν
1066 3379 1445 3452 ἐπιθυμοῦσαι,
1504 3381 1564 3434 τὸ
1619 3380 1784 3434 αὐτοῦ
1838 3380 1925 3434 θὲ-

1765 3199 1919 3272 δίκην

270 3468 434 3542 λημα
483 3467 786 3523 ἐπιτελεῖν.
819 3469 941 3524 ’Ότι
993 3465 1049 3523 δὲ
1093 3471 1239 3523 τοῦθ’
1284 3468 1455 3531 οὕτως
1507 3466 1659 3545 ἔχει,
1714 3466 1923 3543 εἶ’ρηται

270 3559 362 3611 καὶ
412 3562 493 3629 τῷ
545 3555 698 3629 νόμῳ
757 3555 817 3611 ἐκ
876 3558 1172 3631 προσώπου
1227 3562 1324 3612 τοῦ
1380 3563 1533 3613 Θεοῦ·
1598 3558 1740 3631 Ἐγὼ
1790 3558 1922 3611 ἀπο-

272 3650 443 3700 κτενῶ
498 3646 591 3699 καὶ
657 3649 750 3719 ζῇν
810 3648 1060 3716 ποιήσω’
1120 3646 1337 3719 πατάξω
1373 3691 1387 3716 ,
1444 3646 1596 3721 κάγῶ
1653 3646 1871 3719 ἰάσομαι
1909 3691 1922 3707 .

275 3734 535 3805 Ἀληθῶς
585 3735 688 3811 γὰρ
739 3734 1037 3789 ἀποκτείνει
1070 3738 1111 3772 ⁹¹
1145 3736 1233 3790 καὶ
1265 3741 1539 3811 ζωογονεῖ.
1586 3735 1923 3791 Ἀποκτείνει

280 3825 371 3896 μὲν
403 3822 495 3878 διὰ
525 3830 626 3893 τῆς
656 3823 961 3899 ᾀριστερᾶς,
992 3825 1136 3878 τοῦτ’
1167 3823 1276 3879 ἔστι
1327 3821 1415 3878 διὰ
1460 3829 1556 3879 τοῦ
1605 3824 1691 3879 ἐπὶ
1743 3825 1923 3879 κακώ-

274 3933 348 3967 σει
382 3916 493 3967 τῶν
523 3906 729 3966 ἀσεϐῶν
779 3911 989 3987 χαίρειν
1036 3914 1323 3986 κραθέντος
1358 3918 1623 3989 πονηροῦ.
1665 3914 1835 3981 Σώζει
1868 3910 1926 3967 δὲ

275 4000 363 4054 καὶ
397 4000 671 4076 εὐεργετεῖ
711 3996 799 4054 διὰ
825 4006 924 4069 τῆς
974 3997 1168 4073 δεξιᾶς,
1220 4002 1367 4055 τοῦτ’
1420 3997 1527 4056 ἔστι
1581 3999 1668 4056 διὰ
1715 4007 1811 4056 τοῦ
1844 4002 1925 4056 ἐπ’

280 4090 556 4164 εὐεργεσίᾳ
602 4088 690 4143 καὶ
742 4088 985 4163 σωτηρίᾳ
1029 4086 1250 4143 δικαίων
1301 4089 1509 4165 χαίρειν
1553 4087 1865 4164 δημιουργη
1902 4122 1925 4134 -

279 4177 459 4241 θέντος
507 4181 552 4215 ⁹¹
594 4177 813 4252 ἀγαθοῦ.
865 4177 983 4232 Εἰσὶ
1031 4175 1090 4231 δὲ
1137 4175 1285 4232 οὗτοι
1332 4178 1427 4239 τὰς
1480 4178 1660 4241 οὐσίας
1711 4177 1925 4255 ἔχοντες

279 4266 379 4321 οὐκ
406 4264 600 4337 ἔξωθεν
627 4271 724 4321 τοῦ
755 4264 905 4321 Θεοῦ*
944 4263 1202 4342 οὐδὲγὰρ
1249 4265 1388 4320 ἔστιν
1432 4267 1584 4337 ἑτέρα
1625 4289 1706 4329 τις
1755 4269 1925 4344 ἀρχή.

278 4355 354 4413 Οὐ
390 4358 497 4428 μὴν
534 4356 638 4410 ἀπὸ
662 4354 758 4410 τοῦ
789 4360 921 4411 Θεοῦ
953 4356 1027 4417 ὡς
1055 4360 1164 4424 ζῶα
1193 4351 1633 4429 προεϐλήθησαν,
1672 4354 1928 4429 ὁμόδοξοι

278 4444 382 4519 γάρ
458 4443 605 4516 αὐτῷ
674 4445 809 4514 ἦσαν
864 4464 878 4477 '
945 4441 1068 4498 οὐτε
1140 4439 1542 4518 συμϐεϐηκόσιν
1608 4445 1930 4519 αὐτομάτως

278 4534 427 4607 παρᾶ
466 4533 567 4601 τὴν
619 4533 783 4588 αὐτοῦ
818 4532 1025 4608 βουλὴν
1058 4532 1360 4608 γεγονότες.
1404 4534 1555 4588 Ἐπεὶ
1600 4535 1661 4589 τὸ
1704 4542 1805 4605 τῆς
1838 4533 1929 4590 δυ-

1810 3250 1920 3320 ζζίζ
1953 3250 1995 3317 C

2032 1958 2148 2026 bet,
2182 1974 2384 2013 eorum
2408 1960 2500 2013 cui
2532 1960 2658 2014 vult
2686 1962 2993 2017 obediendi
3036 1965 3107 2018 ad
3140 1965 3291 2020 bona
3321 1967 3677 2037 perficienda

2031 2051 2131 2100 aut
2165 2046 2336 2101 mala.
2388 2049 2466 2101 Ac
2510 2048 2557 2102 si
2597 2051 2730 2119 quis
2761 2051 2913 2105 bona
2942 2052 3126 2108 facers
3164 2054 3275 2108 sibi
3329 2054 3510 2127 eligit,
3541 2073 3674 2127 pro-

2032 2135 2247 2207 prietas
2281 2136 2543 2191 redditur
2573 2137 2751 2192 futuri
2788 2139 2925 2194 boni
2959 2140 3150 2212 regis;
3185 2141 3274 2197 sin
3308 2143 3439 2214 quis
3471 2144 3676 2215 iniqua

2032 2227 2339 2295 perpetrct,
2376 2226 2677 2296 priesentis
2710 2226 2844 2281 mali
2880 2230 2945 2283 ﬁt
2993 2231 3247 2300 adjutor.
3291 2230 3399 2295 Qui
3430 2234 3698 2305 quidem-

2032 2330 2166 2368 cum
2218 2319 2451 2384 propter
2482 2321 2715 2386 peccata
2738 2316 2900 2385 justo
2943 2318 3169 2388 judicio
3228 2335 3362 2375 eum
3394 2321 3679 2392 puniendi

2032 2403 2320 2473 acceperit
2349 2402 2681 2459 facultatem
2715 2410 2771 2459 et
2796 2411 2928 2460 ante
2958 2424 3141 2462 zevum
3174 2414 3455 2464 internum
3489 2428 3557 2465 ea
3591 2410 3680 2467 uti

2032 2492 2250 2562 cupiat,
2281 2492 2337 2545 in
2372 2492 2479 2546 hac
2511 2492 2628 2547 vita
2658 2494 2999 2566 castigando
3030 2498 3247 2568 gaudet
3283 2505 3341 2554 et
3372 2500 3539 2571 quasi
3572 2517 3680 2557 suo

2033 2579 2219 2650 ipsius
2251 2579 2537 2635 desiderio
2569 2580 2905 2650 gratificans
2924 2585 3015 2639 Dei
3037 2586 3392 2643 voluntatem
3423 2589 3673 2660 perficit.

2030 2667 2188 2723 Alter
2218 2686 2349 2723 vero
2383 2670 2672 2736 conditus,
2710 2676 2771 2725 ut
2794 2672 3093 2741 justorum
3124 2675 3366 2747 imperio
3407 2679 3678 2750 gaudeat,

2032 2756 2183 2811 bono
2228 2758 2480 2828 quodam
2533 2759 2764 2815 invento
2824 2779 3173 2834 magnopere
3220 2762 3470 2837 laetatur,
3520 2784 3683 2822 cum-

2034 2862 2146 2916 que
2172 2846 2296 2900 vitaa
2324 2851 2549 2901 internae
2582 2848 2787 2917 salvat,
2822 2856 2878 2904 et
2910 2850 3033 2921 ipse
3066 2868 3193 2906 vere
3237 2854 3402 2922 quasi
3450 2853 3559 2910 sibi
3592 2854 3682 2909 in-

2032 2932 2280 3006 dulgens
2304 2952 2561 2990 amorem
2594 2954 2729 3008 ergo
2759 2955 2855 2992 eos
2887 2939 2943 2992 in
2967 2943 3145 2994 Deum
3170 2941 3363 2996 refert.
3386 2944 3682 2999 Attamem

2033 3023 2227 3093 quivis
2258 3024 2517 3093 injustus
2547 3028 2799 3081 converti
2834 3033 3024 3099 potest
3053 3032 3227 3099 atque
3252 3028 3485 3097 salvari,
3518 3030 3687 3101 quili-

2033 3111 2129 3166 bet
2158 3111 2243 3165 vir
2283 3112 2483 3183 justus
2531 3119 2767 3185 peccata
2803 3117 3121 3172 commissa
3174 3135 3344 3187 poena
3385 3118 3563 3174 luere.
3612 3119 3683 3176 Hi

2034 3200 2271 3271 quidem
2304 3202 2418 3255 duo
2436 3202 2613 3257 duces
2644 3203 2866 3259 veloces
2892 3204 2991 3260 Dei
3024 3222 3235 3261 manus
3259 3212 3398 3261 sunt
3429 3209 3499 3262 ad
3534 3207 3683 3264 anti-

2035 3289 2353 3360 cipandum
2388 3297 2689 3363 promptaa,
2725 3298 2788 3347 ut
2819 3294 2946 3364 ejus
2979 3294 3341 3350 voluntatem
3368 3312 3687 3367 exsequan-

2032 3384 2149 3432 tur.
2183 3379 2344 3442 Quod
2377 3380 2457 3435 ita
2490 3397 2552 3435 se
2583 3381 2817 3448 habere,
2870 3384 3092 3438 dictum
3125 3388 3215 3440 est
3257 3385 3434 3441 etiam
3466 3385 3525 3439 in
3557 3384 3684 3458 lege

2034 3484 2102 3521 ex
2133 3466 2319 3539 ipsius
2357 3469 2450 3523 Dei
2503 3488 2777 3540 persona:
2826 3473 2935 3541 Ego
2982 3474 3224 3528 occidam
3252 3483 3303 3530 et
3350 3490 3447 3545 ego
3500 3476 3686 3531 vivere

2031 3558 2276 3627 faciam;
2305 3562 2619 3627 percutiam
2648 3570 2697 3615 et
2719 3577 2821 3633 ego
2848 3562 3049 3617 sonabo
3095 3563 3189 3634 (a).
3242 3562 3387 3618 Nam
3418 3579 3546 3619 vere
3581 3579 3681 3618 oc-

2034 3646 2176 3700 cidit
2204 3650 2259 3700 et
2290 3646 2555 3703 vivificat.
2592 3648 2815 3703 Occidit
2845 3656 3037 3709 autem
3070 3650 3330 3717 sinistra,
3364 3651 3419 3705 id
3452 3656 3541 3706 est
3581 3668 3685 3723 per

2035 3734 2278 3802 malum,
2306 3737 2405 3807 qui
2435 3736 2615 3792 laetari
2646 3742 2876 3793 tenetur
2915 3738 3230 3812 impiorum
3261 3739 3450 3795 exitio.
3484 3739 3684 3795 Viviﬂ-

2035 3828 2127 3879 cat
2159 3829 2353 3879 autem
2385 3829 2442 3880 et
2472 3826 2759 3881 benefacit
2802 3828 3018 3898 dextra,
3075 3828 3134 3884 id
3167 3831 3255 3884 est
3300 3844 3402 3900 per
3438 3829 3684 3895 bonum,

2034 3912 2135 3983 qui
2165 3912 2246 3967 ita
2272 3919 2501 3969 creatus
2532 3919 2639 3979 est,
2674 3920 2735 3969 ut
2764 3915 3147 3971 beneﬁcentia
3194 3923 3250 3972 et
3281 3916 3469 3972 salute
3490 3917 3684 3987 justo-

2036 4018 2165 4056 rum
2198 4003 2468 4073 gaudeat.
2500 4006 2571 4057 At
2603 4003 2657 4058 hi
2712 4004 2981 4060 facultate
3034 4004 3319 4078 pollentes
3362 4022 3475 4059 non
3526 4010 3690 4060 extra

2036 4089 2220 4144 Deum
2249 4090 2546 4159 existunt;
2580 4092 2731 4147 alius
2762 4094 2917 4147 enim
2952 4100 3111 4148 extra
3153 4111 3287 4149 eum
3322 4092 3687 4164 principatus

2037 4184 2126 4234 est
2156 4179 2375 4235 nullus.
2425 4180 2625 4253 Neque
2664 4187 2858 4236 autem
2891 4200 2959 4237 ex
2998 4183 3112 4237 Deo
3145 4186 3207 4236 ut
3237 4180 3516 4237 animalia
3546 4198 3686 4253 pro-

2032 4269 2171 4340 jecti
2204 4274 2362 4337 sunt,
2410 4286 2543 4324 cum
2591 4288 2752 4341 azqua
2803 4270 3087 4342 pollerent
3131 4275 3419 4343 potestate
3454 4287 3518 4326 ac
3546 4269 3682 4326 ille:

2040 4376 2229 4430 neque
2259 4358 2606 4414 exstiterunt
2637 4377 2738 4431 per
2768 4360 3118 4432 semetipsos
3169 4365 3370 4415 contra
3398 4358 3557 4415 illius
3588 4375 3689 4415 vo-

2039 4448 2325 4503 luntatem
2349 4448 2553 4520 geniti,
2586 4464 2719 4503 cum
2744 4450 2823 4503 ita
2846 4466 3147 4504 summum
3176 4449 3488 4521 imperium
3507 4448 3559 4503 ei
3587 4447 3691 4504 tol-

2042 4536 2276 4593 leretur.
2307 4538 2417 4593 Sed
2460 4554 2528 4592 ex
2556 4536 2673 4593 Deo
2731 4537 2969 4609 quidem
3021 4538 3280 4610 projeeta
3309 4542 3448 4593 sunt
3495 4537 3691 4609 priora

279 4621 495 4694 νάμεως
552 4621 715 4676 αὐτοῦ
772 4621 1023 4697 μέγιστον
1076 4621 1319 4699 ἀνῄρητο
1365 4623 1446 4677 ἄν.
1482 4620 1659 4679 ἈλΑά
1687 4623 1791 4679 ἀπὸ
1833 4630 1920 4680 τοῦ

2038 4630 2286 4698 quatuor
2314 4626 2620 4695 elementa,
2654 4627 2911 4681 calidum
2944 4633 2997 4682 et
3042 4627 3340 4699 frigidum,
3375 4626 3686 4682 humidum

282 4714 416 4763 Θεοῦ
476 4710 571 4782 μὲν
629 4705 1035 4783 προϐέϐληνται
1085 4709 1152 4763 τὰ
1199 4710 1477 4783 πρώτιστα
1528 4718 1775 4788 στοιχεῖα
1817 4714 1933 4768 τὲσ-

285 4818 418 4873 σαρα
446 4794 509 4853 τό
538 4820 597 4853 τε
638 4800 836 4875 θερμὸν
882 4799 973 4853 καὶ
1018 4798 1255 4875 ψυχρὸν,
1308 4799 1467 4875 ὑγρόν
1508 4822 1567 4855 τε
1611 4802 1699 4855 moi
1744 4802 1928 4877 ξηρόν.

282 4889 435 4942 Ὅθεν
487 4885 553 4957 δὴ
612 4888 701 4941 καὶ
754 4888 934 4964 πατὴρ
982 4888 1243 4963 τυγχάνει
1292 4888 1470 4959 πάσης
1529 4889 1709 4952 οὐσίας
1767 4891 1933 4963 οὔσης

283 4978 513 5051 γνώμης
572 4984 673 5046 τῆς
725 4978 861 5031 κατὰ
909 4978 1007 5046 τήν
1063 4983 1285 5052 κρᾶσιν·
1350 4975 1449 5047 ἔξω
1502 4980 1603 5054 γὰρ
1661 4982 1930 5055 κραθεῖσιν

284 5065 468 5127 αὐτοῖς
525 5065 601 5127 ὡς
661 5065 845 5120 τὲκνον
904 5068 939 5135 ἡ
997 5065 1309 5140 προαίρεσις
1368 5065 1656 5141 ἐγεννήθη.
1718 5070 1774 5122 Ὀ
1840 5068 1931 5125 οὖν

282 5154 521 5227 πονηρὸς
554 5155 691 5230 πρὸς
720 5159 800 5226 τῷ
830 5157 874 5192 ⁸³
902 5157 1053 5211 ³99
1102 5158 1198 5209 τοῦ
1231 5153 1517 5217 ἐνεστῶτος
1550 5150 1758 5230 κόσμου
1787 5157 1932 5214 τέλει

285 5242 631 5318 ὑπουργήσας
678 5242 980 5317 ἀμέμπτως
1028 5248 1106 5315 τῷ
1154 5242 1289 5316 Θεῷ,
1322 5242 1416 5297 am
1465 5241 1531 5313 δὴ
1586 5245 1651 5299 οὐ
1687 5252 1813 5319 μιᾶς
1848 5247 1938 5303 οὐ-

355 5386 434 5459 (α)
467 5390 623 5445 Deut.
660 5405 837 5461 χχιιι,
868 5388 957 5445 39.

2040 4720 2096 4768 et
2127 4714 2369 4770 siccum.
2405 4716 2591 4780 Quare
2622 4716 2795 4770 etiam
2828 4719 2989 4786 pater
3008 4719 3097 4770 est
3116 4715 3376 4785 cujusvis
3407 4713 3691 4783 materiae,

2041 4807 2106 4858 ut
2129 4821 2255 4875 qua:
2279 4802 2526 4859 mistura
2545 4803 2798 4859 evenerit
2818 4805 3140 4859 secundum
3163 4805 3291 4873 ejus
3312 4801 3687 4870 sententiam;

2041 4892 2368 4948 commistis
2398 4893 2553 4947 enim
2606 4893 2748 4963 ipsis
2797 4891 3105 4947 consilium
3142 4898 3301 4947 extra
3343 4890 3691 4945 nascebatur

2044 4986 2108 5037 ut
2139 4982 2308 5036 fetus.
2356 4981 2543 5035 Malus
2578 4982 2755 5051 igitur
2786 4981 2841 5035 in
2892 4983 3004 5036 ﬁne
3036 4981 3339 5053 praisentis
3371 4978 3575 5034 mundi
3601 4978 3689 5033 in-

2045 5079 2197 5142 tegre
2235 5086 2428 5125 coram
2463 5069 2576 5124 Deo
2600 5070 2817 5139 vivens,
2842 5086 2971 5123 cum
2995 5071 3119 5140 jam
3153 5085 3267 5123 non
3300 5067 3586 5140 pertineat
3615 5065 3687 5121 ad

2044 5159 2226 5215 solam
2260 5156 2585 5228 iniquitatis
2617 5158 3035 5224 substantiam,
3090 5158 3451 5212 instauratus
3500 5156 3691 5227 potest

2042 5249 2232 5305 bonus
2264 5246 2407 5302 fieri.
2460 5246 2686 5302 Etenim
2726 5246 2852 5316 jam
2899 5263 3013 5302 non
3064 5245 3318 5318 amplius
3369 5242 3518 5300 male
3545 5241 3686 5314 agit,

1634 5515 1878 5573 VARle
1917 5515 2333 5573 LECTIONES.

354 5636 397 5715 ξ’
426 5634 756 5715 παρόνοντος
776 5637 840 5695 0.
863 5639 908 5715 tt”
930 5638 1081 5715 Ybb.
1113 5635 1249 5715 αὐτῇ
1291 5636 1527 5712 χρῆσθαι
1554 5639 1687 5697 add.
1717 5657 1788 5699 ex
1815 5643 2175 5715 conjectura.
2209 5640 2254 5675 9°
2283 5634 2442 5712 χάριν
2467 5634 2529 5691 Ο.
2564 5638 2605 5672 ⁹¹
2640 5635 2945 5691 ἀποκτέννει
2978 5654 3090 5695 scr.
3116 5640 3178 5692 Ο.
3207 5638 3294 5691 Ita
3326 5636 3379 5689 et
3410 5630 3683 5689 subinde.

284 5708 328 5746 ⁸³
358 5704 836 5785 δημιουργηθέντα
858 5714 924 5769 Ο.
955 5710 1000 5747 ⁸³
1021 5708 1085 5765 τό
1118 5708 1184 5766 Ο.
