4082 6208
459 366 575 425 451
1262 364 1326 419 S.
1374 359 1817 420 CLEMENTIS
1863 358 1887 418 Ι
1933 358 2124 418 ROM.
2170 357 2402 418 PUN'I‘.
2450 360 2712 421 OPERA
2754 361 3016 422 DUBIA.
3708 371 3810 428 452

463 511 819 567 quamquam
864 492 1053 548 malus
1085 498 1192 560 est,
1242 509 1375 548 cum
1426 493 1550 566 lege
1583 492 1914 549 facultatem
1945 507 2075 547 acce

2217 487 2331 550 σίας
2366 485 2438 543 ὢν
2470 496 2569 559 τῆς
2616 488 2753 566 πρός
2801 489 2986 544 κακίαν
3035 490 3224 562 μόνης,
3262 494 3679 569 μετασυγκριθεὶς
3707 497 3813 572 ἀγα-

460 583 613 656 perit
641 581 793 637 male
823 582 1054 655 agendi.

2215 579 2304 639 θὸς
2345 579 2583 654 γενέσθαι
2636 576 2877 635 δύναται.
2927 576 3062 633 Οὐδὲ
3092 581 3192 655 γὰρ
3241 584 3331 633 νῦν
3378 582 3532 636 κακόν
3577 603 3623 637 τι
3667 592 3811 659 ποιεῖ,

2213 666 2301 721 καί
2348 687 2432 721 τοι
2481 668 2644 730 κακὸς
2695 665 2792 738 ὢν,
2836 667 3089 742 νομίμως
3135 675 3418 744 κακουχεῖν
3466 668 3691 748 εἴληφὼς
3733 676 3815 743 τήν

2214 754 2476 828 ἐξουσίαν.

528 848 619 903 IV.
655 849 791 915 Quae
823 864 957 902 cum
990 847 1195 903 Petrus
1224 847 1455 903 locutus
1480 852 1652 918 esset,
1680 847 1970 912 Michaaas,
2004 847 2104 919 qui

2288 846 2376 899 IV.
2436 850 2609 900 Ταῦτα
2664 850 2761 900 τοῦ
2818 844 3022 921 Πέτρου
3081 845 3365 914 εἰπόντος,
3420 847 3687 922 Μιχαίας,
3738 852 3811 905 καὶ

459 942 515 993 et
544 936 668 1009 ipse
717 954 785 992 ex
841 938 1123 992 comitum
1178 954 1422 992 numero
1479 941 1623 1002 erat,
1675 936 2052 1008 interrogavit

2215 934 2373 997 αὐτὸς
2428 940 2533 989 τῶν
2594 933 2909 999 ἀκολούθων
2953 957 3035 997 τις
3096 932 3189 1003 ὢν,
3239 934 3477 999 ἐπύθετο·
3533 936 3684 1000 Πόθεν
3736 938 3808 993 οὖν

459 1027 614 1081 unde
650 1026 848 1101 igitur,
884 1026 965 1091 ﬁt,
998 1029 1060 1080 ut
1080 1025 1346 1081 homines
1375 1024 1764 1096 delinquant?
1786 1025 2071 1097 Respondi

2212 1030 2327 1086 τοῖς
2378 1025 2683 1100 ἀνθρώποις
2729 1025 2790 1079 τὸ
2840 1026 3161 1101 ἁμαρτάνειν
3197 1043 3210 1092 ;
3245 1025 3347 1081 Καὶ
3396 1026 3423 1078 6
3474 1026 3661 1100 Πέτρος
3706 1025 3808 1105 ἔφη·

462 1114 705 1170 Petrus:
742 1113 887 1181 Quia
916 1113 1187 1186 ignorant
1234 1130 1295 1169 se
1342 1131 1443 1186 pro
1493 1114 1585 1183 iis,
1634 1131 1760 1185 qua:
1793 1113 1942 1169 male
1972 1130 2074 1186 ege

2211 1116 2306 1169 Ἐκ
2332 1118 2430 1168 τοῖ’)
2458 1114 2692 1189 ἀγνοεῖν,
2726 1113 2805 1168 ὅτι
2852 1113 2975 1189 περὶ
3024 1115 3098 1167 ὧν
3152 1114 3444 1189 πράσσουσι
3490 1119 3677 1182 κακῶς,
3712 1116 3809 1189 κρί-

463 1202 599 1271 rint,
630 1203 687 1257 in
713 1202 936 1274 judicio
970 1202 1203 1275 penitus
1235 1203 1474 1258 daturos
1491 1219 1618 1257 esse
1650 1219 1897 1273 poenam.
1918 1201 2075 1257 Unde

2216 1204 2372 1275 [σεως
2401 1205 2482 1278 γε]
2525 1201 2758 1275 νομὲνης
2806 1200 3021 1264 παντως
3071 1200 3404 1272 κολασθῆναι
3433 1200 3655 1277 ἔχουσιν.
3681 1205 3810 1260 Ὅθεν

461 1292 959 1363 quemadmodum
1010 1290 1154 1346 alias
1186 1290 1322 1359 dixi,
1356 1291 1529 1346 etiam
1572 1290 1793 1362 prolem
1824 1290 2071 1347 habente

2210 1292 2297 1345 καὶ
2328 1292 2425 1359 τὴν
2462 1291 2773 1364 ἐπιθυμίαν,
2804 1291 2879 1353 ὡς
2912 1290 3111 1347 ἄλλοτε
3144 1291 3195 1346 εῖ
3223 1293 3394 1365 [πον],
3435 1288 3681 1366 διαδοχὴν
3711 1292 3812 1367 βίου

453 1382 763 1453 cupiditati
794 1380 1121 1452 indulgent,
1152 1385 1215 1435 ut
1244 1381 1432 1436 evenit
1463 1381 1520 1435 in
1552 1380 1840 1435 occisione
1873 1384 2065 1434 tenero

2214 1376 2451 1455 ἔχοντες,
2482 1378 2683 1449 ταύτην
2730 1378 3200 1458 πληροφοροῦσιν,
3251 1380 3325 1441 ὡς
3373 1375 3552 1455 ἔτυχεν
3586 1381 3812 1455 ἡμ[ἑρων]

456 1488 585 1525 rum
619 1469 932 1524 infantium
957 1469 1041 1524 vel
1074 1470 1132 1523 in
1166 1467 1278 1523 alio
1302 1468 1621 1541 decipiente
1644 1473 1896 1540 peccato.
1930 1467 2068 1522 Nam

2213 1466 2418 1523 παίδων
2480 1470 2671 1544 φθορᾷ,
2731 1470 2765 1537 ἢ
2827 1467 2971 1542 ἄλλῃ
3025 1470 3131 1523 τινὶ
3188 1466 3553 1541 κολακευούσῃ
3594 1469 3811 1544 ἁμαρτίᾳ.

460 1564 523 1614 ut
554 1560 726 1615 modo
757 1558 1029 1624 iudicavi,
1062 1575 1122 1612 se
1153 1558 1474 1619 iudicatum
1510 1558 1575 1611 iri
1612 1556 2072 1628 nescientes,quii

2208 1562 2294 1628 Τῷ
2326 1557 2429 1632 γὰρ
2462 1557 2693 1633 ἀγνοεῖν,
2729 1556 2811 1611 ὅτι
2860 1557 3153 1633 κρίνονται,
3204 1557 3279 1619 ὡς
3329 1556 3523 1633 φθάσας
3558 1556 3713 1625 εἶπον,
3742 1556 3814 1611 διὰ

457 1648 602 1703 nihil
637 1652 743 1713 est,
778 1649 928 1718 qnod
963 1648 1121 1718 ipsos
1151 1651 1382 1711 terreat,
1426 1650 1733 1717 properant
1765 1647 1834 1700 ad
1870 1645 2069 1700 libidin

2206 1646 2269 1699 τὸ
2301 1640 2503 1723 ἄφοϐον
2534 1647 2633 1714 τὴν
2688 1645 2972 1718 ἐπιθυμίαν
3020 1645 3081 1700 οὐ
3126 1645 3382 1717 νομίμως
3423 1644 3651 1719 πληροῦν
3693 1644 3813 1699 ἐπεί-

453 1742 670 1793 temere
701 1741 874 1807 atque
905 1736 1102 1790 illicite
1124 1735 1623 1791 satisfaciendum.
1659 1736 1787 1790 Ideo
1821 1752 1931 1789 non
1947 1735 2061 1789 Deu

2207 1755 2415 1807 γονται.
2466 1737 2627 1788 Ὥστε
2673 1734 2778 1809 οὐχ
2810 1736 2837 1788 6
2887 1735 3013 1796 Θεὸς
3066 1736 3255 1802 κακὸς,
3305 1735 3332 1788 6
3380 1732 3551 1794 καλῶς
3590 1734 3688 1795 θεὶς
3728 1734 3809 1801 τήν

448 1826 707 1897 injustus
739 1831 844 1890 est,
873 1826 1085 1896 quippe
1114 1825 1211 1895 qui
1244 1825 1621 1894 cupiditatem
1647 1826 1714 1879 ad
1750 1826 1924 1878 vitam
1960 1841 2060 1895 pro

2210 1820 2517 1920 ἐπιθυμίαν,
2583 1823 2662 1877 ίνα
2728 1820 2961 1898 διαδοχή
3027 1824 3145 1899 βίου
3202 1823 3422 1899 γένηται
3455 1866 3468 1891 ,
3519 1821 3635 1877 ἀλλ’
3684 1821 3810 1876 αὖτοί

451 1915 778 1987 pagandam
814 1915 956 1968 bene
989 1913 1381 1977 ordinaverit;
1414 1918 1472 1967 at
1499 1914 1605 1984 ipsi
1640 1913 2063 1969 sceleratissimi

2211 1906 2575 1982 ἀσεϐέστατοι,
2627 1913 2678 1965 οἱ
2726 1917 2805 1984 τῷ
2847 1909 3003 1983 καλῷ
3050 1910 3469 1983 τῆςέπιθυμίας
3510 1909 3808 1985 χρησάμενοι

451 2004 663 2075 quippe
688 2004 783 2074 qui
821 2002 987 2056 abusi
1022 2001 1139 2056 sint
1171 2018 1260 2065 eo,
1284 2002 1510 2073 quodin
1539 2003 1857 2074 cupiditate
1881 2003 2063 2057 bonur

2208 2005 2410 2062 κακῶς.
2444 2000 2597 2054 Οὕτω
2645 1998 2711 2068 δὴ
2759 2001 2848 2055 καὶ
2883 1999 2970 2055 ἐπὶ
3012 2008 3111 2069 τῆς
3146 2000 3321 2074 ὀργῆς
3368 1996 3479 2054 ἓστι
3518 1998 3812 2073 λογίσασθαι,

449 2098 556 2147 est.
593 2093 679 2146 Ita
710 2091 929 2146 censeri
963 2091 1134 2144 debet
1165 2090 1337 2144 etiam
1372 2091 1441 2144 de
1475 2090 1597 2156 ira;
1650 2108 1765 2161 qua
1812 2092 1910 2162 qui
1946 2098 2061 2146 rect

2209 2087 2292 2143 ὅτι
2344 2086 2563 2149 δικαίως
2615 2089 2707 2161 μὲν
2761 2088 2895 2162 αὐτῇ
2939 2110 3022 2151 τις
3074 2088 3449 2163 χρησάμενος,
3508 2087 3577 2149 ὡς
3625 2082 3811 2157 ἔξεστιν,

447 2181 631 2237 utitur
661 2184 725 2235 ut
754 2180 976 2235 licitum
1015 2184 1122 2244 est,
1156 2196 1271 2233 non
1304 2178 1482 2250 impie
1501 2180 1638 2250 agit,
1672 2180 1772 2235 sed
1799 2179 1951 2235 ultra
1980 2196 2059 2235 mc

2209 2171 2433 2248 εὐσεϐεῖ,
2468 2180 2611 2251 παρὰ
2651 2175 2707 2231 δὲ
2749 2177 2812 2231 τὸ
2858 2178 3051 2253 μέτρον
3107 2174 3338 2247 ἐξελθὼν
3392 2177 3478 2231 καὶ
3525 2174 3683 2247 ἑαυτῷ
3726 2176 3808 2243 τὴν

452 2272 590 2327 dum
625 2269 1000 2341 progrediens
1023 2268 1248 2339 judicio
1281 2268 1567 2322 obnoxius
1598 2273 1817 2340 peccat.

1216 2285 1248 2322 o
1281 2268 1567 2322 obnoxius
1598 2273 1817 2340 peccat.
2206 2265 2381 2341 κρίσιν
2412 2261 2596 2319 λαϐὼν
2624 2261 2825 2321 ἀσεϐεῖ.

520 2359 586 2413 V.
625 2360 959 2428 Iterumque
1005 2355 1333 2427 Sophonias
1368 2356 1591 2427 excepit
1620 2374 1631 2410 :
1658 2357 2096 2428 Longanimitas

2280 2356 2338 2411 ν.
2372 2354 2469 2408 Καὶ
2529 2356 2556 2409 ὁ
2616 2354 2896 2433 Σοφωνίας
2954 2353 3117 2409 πάλιν
3173 2353 3319 2431 ἔφη·
3382 2356 3443 2409 Ἠ
3502 2353 3807 2428 μακροθυμία

452 2453 572 2513 tua,
598 2446 833 2501 domine
866 2446 943 2499 mi
966 2446 1151 2506 Petre.
1188 2445 1349 2499 nobis
1376 2445 1637 2499 animum
1663 2446 1842 2511 addit,
1878 2447 1949 2501 ob
1975 2463 2064 2501 ma

2207 2464 2323 2514 σου,
2375 2443 2529 2518 κύριέ
2580 2465 2683 2515 μου
2744 2444 2933 2519 Πὲτρε,
2990 2443 3298 2519 παρῥτβίαν
3360 2444 3490 2515 ἡμῖν
3549 2441 3809 2517 χαρίζεται,

437 2537 629 2608 jorem
664 2534 996 2589 ﬁrmitatem
1038 2534 1107 2587 de
1148 2533 1278 2588 aliis
1331 2533 1530 2587 multis
1574 2539 1629 2588 te
1678 2534 2045 2606 interrogand

2205 2527 2481 2607 ἀκριϐείας
2539 2532 2698 2608 χάριν
2754 2533 2889 2587 κατά
2943 2530 3127 2587 πολλὰ
3184 2531 3532 2586 πυνθάνεσθαί
3586 2552 3688 2587 σου.
3734 2530 3809 2583 Διὸ

368 2644 371 2647 ί
446 2627 633 2690 Quare
664 2624 902 2677 omnino
933 2638 1065 2676 cum
1097 2621 1312 2676 fiducia
1341 2627 1395 2676 te
1424 2622 1814 2692 eXploramus.
1855 2623 1980 2678 Men

2207 2621 2527 2697 θαρῥοῦντες
2586 2622 2745 2676 παντὶ
2812 2621 3001 2697 τρόπῳ
3058 2622 3157 2690 τὴν
3220 2621 3450 2691 ἐξέτασιν
3508 2618 3807 2692 ποιούμεθα.

447 2714 661 2785 quippe
708 2711 1003 2767 Simonem
1063 2710 1185 2766 heri
1238 2717 1428 2766 tecum
1482 2710 1883 2782 disputantem
1937 2729 2059 2769 asse

2205 2710 2499 2783 Μέμνημαι
2530 2711 2730 2781 τοίνυν,
2764 2712 2838 2773 ὡς
2870 2712 2997 2786 χθὲς
3050 2712 3239 2782 Σίμων
3292 2712 3425 2786 πρὸς
3460 2710 3515 2764 σε
3540 2711 3629 2777 τὴν
3659 2710 3808 2777 ζήτη-

450 2801 659 2865 ruisse,
695 2799 938 2867 malum,
972 2800 1018 2854 si
1053 2815 1086 2853 a
1116 2799 1230 2854 Deo
1278 2800 1511 2871 genitus
1546 2798 1640 2867 sit,
1674 2807 2062 2872 consequente

2204 2821 2284 2854 σιν
2312 2798 2454 2874 ἔχων
2489 2796 2611 2876 ἔφη,
2646 2799 2726 2854 ὅτι
2761 2802 2788 2854 6
2818 2801 3074 2875 πονηρὸς,
3109 2799 3153 2854 εί
3206 2801 3315 2854 ἀπὸ
3361 2804 3455 2854 τοῦ
3497 2802 3617 2853 Θεοῦ
3643 2798 3803 2871 γεγέν-

450 2906 578 2945 esse
608 2888 816 2943 debere
840 2888 1105 2959 ejusdem
1138 2888 1405 2942 essentiaa
1456 2904 1521 2942 ac
1560 2888 1902 2958 genitorem,
1935 2890 2062 2944 ideo

2202 2910 2359 2959 νηται
2390 2892 2457 2960 9⁸,
2491 2888 2806 2952 ἀκολούθως
2836 2896 2937 2958 τῆς
2968 2889 3134 2957 αὐτῆς
3164 2893 3247 2961 τῷ
3276 2882 3597 2964 προϐαλόντι
3622 2886 3802 2960 τυγχά-

450 2995 565 3050 que
594 2979 834 3045 bonum,
871 2993 1059 3048 neque
1104 2976 1345 3031 malum.
1377 2980 1453 3031 Ac
1486 2981 1547 3031 tu
1588 2978 1960 3049 respondisti,
1994 2994 2062 3033 ne

2200 2998 2277 3032 νει
2310 2977 2516 3049 οὐσίας,
2550 2981 2703 3034 400
2748 2979 2836 3031 καὶ
2885 2977 3081 3052 ἀγαθὸς
3130 2974 3348 3055 ὄφειλεν
3403 2976 3553 3044 εἶναι,
3580 2971 3804 3048 καὶγούχὶ

450 3083 748 3138 quaquam
781 3082 901 3121 rem
934 3065 1016 3119 ita
1045 3082 1171 3120 sese
1202 3065 1435 3133 habere,
1464 3082 1597 3120 cum
1630 3066 1797 3121 multi
1828 3084 1895 3122 ex
1926 3066 2058 3123 boni

2200 3066 2383 3128 κακός.
2437 3067 2512 3120 Σὺ
2581 3064 2637 3121 δὲ
2685 3066 2956 3139 ἀπεκρίνω
2989 3112 3002 3136 ,
3059 3068 3133 3139 μὴ
3184 3068 3406 3128 πάντως
3455 3065 3616 3125 οὕτως
3659 3060 3803 3139 ἔχειν,

447 3154 825 3227 gignerentur
855 3153 1013 3219 mali,
1050 3153 1220 3209 sicuti
1251 3170 1319 3208 ex
1347 3154 1529 3208 Adam
1563 3154 1677 3209 duo
1709 3154 2059 3210 exstitissent

2200 3155 2387 3210 καθότι
2417 3154 2619 3212 πολλοὶ
2652 3155 2700 3228 ἐξ
2748 3157 2961 3231 ἀγαθῶν
3012 3155 3167 3211 κακοὶ
3218 3160 3522 3231 γεννῶνται,
3570 3152 3727 3224 ὥσπερ
3760 3148 3810 3204 ἐκ

449 3221 594 3298 alter
624 3244 834 3308 bonus,
867 3242 1015 3297 alter
1046 3241 1255 3298 malus.
1306 3242 1524 3297 Simoni
1572 3248 1765 3297 autem
1801 3244 2061 3316 arguenti

2202 3249 2299 3299 τοῦ
2332 3242 2508 3317 Ἀδᾶμ
2552 3244 2734 3298 ὁποῖοί
2785 3264 2926 3306 τινες
2976 3240 3124 3306 ὅντες
3170 3241 3267 3298 δύο
3313 3243 3669 3319 ἐγεννήθησαν,
3696 3238 3805 3293 ὧνὸ

452 3338 508 3388 te
530 3332 809 3405 exemplis
840 3333 921 3388 uti
957 3332 1254 3394 humanis,
1289 3332 1663 3403 respondisti,
1707 3348 1893 3403 neque
1925 3332 2064 3388 illud

2210 3333 2303 3407 μὶν
2335 3334 2401 3402 ἦν
2433 3334 2618 3401 κακὸς,
2652 3334 2679 3387 6
2711 3331 2755 3387 δ’
2797 3333 3019 3407 ἀγαθός.
3051 3331 3155 3388 Τοῖ’)
3201 3330 3259 3387 δὲ
3312 3332 3557 3404 Σίμωνος
3601 3329 3804 3384 αἰτιασα-

455 3423 628 3478 deum
663 3422 898 3495 gignere
929 3438 994 3476 eo
1028 3422 1198 3475 modo
1230 3437 1358 3475 esse
1388 3420 1837 3489 admittendum,
1880 3423 2067 3494 quipp

2210 3421 2397 3494 μένου,
2431 3421 2904 3495 ὅτιέάνθρωπίνοις
2956 3422 3177 3497 ἐχρήσω
3228 3419 3664 3497 παραδείγμασιν,
3704 3416 3810 3470 ἀπε-

455 3512 607 3583 quod
634 3510 962 3582 exemplum
997 3510 1265 3580 etipsum
1290 3508 1722 3564 sithumanum.
1755 3512 1868 3582 Ego
1901 3516 2067 3566 auten

2206 3510 2393 3586 κρίνω,
2446 3510 2527 3565 ὅτι
2574 3511 2753 3583 τοῦτῳ
2810 3516 2886 3582 τῷ
2934 3509 3083 3585 λόγῳ
3134 3508 3261 3565 οὐδὲ
3308 3511 3371 3564 τὸ
3422 3515 3660 3584 γεννῆσαι
3703 3504 3807 3560 Θεὸν

455 3600 783 3673 Sophonias
818 3604 994 3653 Deum
1027 3599 1264 3670 gignere
1295 3599 1562 3667 admitto,
1612 3598 1827 3653 malum
1861 3599 2066 3672 gigner

2206 3598 2595 3675 παραδέξασθαι
2628 3597 2725 3655 δεῖ·
2762 3601 3096 3675 ἀνθρώπινον
3137 3601 3242 3675 γὰρ
3290 3600 3380 3654 καὶ
3429 3602 3581 3652 τοῦτο
3626 3596 3681 3650 τὸ
3726 3614 3808 3648 πα-

455 3706 586 3744 eum
615 3706 729 3744 non
761 3688 1035 3754 concedo,
1070 3687 1299 3742 etiamsi
1331 3687 1482 3741 inter
1530 3687 1797 3743 homines
1844 3689 1976 3743 boni
2011 3690 2065 3761 gi

2209 3684 2496 3763 ράδειγμα.
2549 3687 2691 3762 Ἐγὼ
2740 3684 2797 3740 δὲ
2848 3687 3126 3764 Σοφωνίας
3174 3688 3237 3741 τὸ
3296 3686 3392 3759 μὲν
3432 3687 3659 3761 γεννῆσαι
3703 3682 3807 3736 Θεὸν

452 3783 638 3850 gnant
669 3777 873 3833 malos.
911 3776 1026 3831 Nec
1072 3781 1265 3831 tamen
1302 3777 1494 3844 credo,
1542 3793 1633 3831 me
1684 3777 1935 3832 absurde
1985 3776 2060 3831 ali

2206 3773 2610 3851 παραδέχομαι,
2665 3777 2725 3829 τὸ
2781 3775 2838 3830 δὲ
2883 3777 3044 3830 κακὸν
3104 3778 3360 3850 γεννῆσαι
3422 3773 3485 3829 οὐ
3532 3770 3807 3847 προσίεμαι,

450 3882 675 3935 eorum,
716 3882 843 3936 qua
896 3864 1200 3919 hominum
1262 3865 1400 3931 sint,
1446 3865 1561 3919 Deo
1612 3865 1950 3929 attribuere,
1984 3865 2059 3920 ali

2208 3864 2302 3920 κᾶν
2350 3869 2455 3919 τῶν
2518 3865 2818 3939 ἀνθρώπων
2867 3864 2919 3918 οἱ
2970 3862 3163 3939 ἀγαθοὶ
3220 3864 3422 3926 κακοὺς
3472 3865 3699 3937 γεννῶσι.
3730 3856 3809 3912 Καὶ

450 3971 585 4021 non,
620 3970 753 4009 cum
788 3954 1058 4021 alterum,
1100 3953 1355 4024 gignere,
1404 3953 1813 4022 concesserim,
1864 3972 1977 4009 non
2019 3955 2062 4008 it

2212 3956 2286 4026 μή
2319 3974 2404 4007 τοι
2434 3953 2661 4023 νομίσας
2711 3974 2777 4025 με
2808 3951 3026 4026 ἀλόγως
3057 3958 3161 4007 τῶν
3211 3952 3522 4029 ἀνθρώποις
3568 3944 3809 4025 διαφερόν-

450 4042 722 4107 alterum,
756 4042 974 4113 dispari
1000 4043 1171 4097 modo
1205 4042 1465 4113 gignere.
1498 4041 1642 4096 Nam
1663 4042 1929 4097 homines
1960 4042 2062 4098 libe

2204 4064 2311 4097 των
2337 4038 2449 4096 ἔνια
2482 4041 2575 4113 μὲν
2608 4046 2684 4113 τῷ
2733 4047 2848 4113 Θεῷ
2890 4036 3229 4110 ἀποδιδόναι,
3274 4039 3390 4095 ἔνια
3439 4038 3495 4095 δὲ
3541 4038 3617 4107 οὖ,
3655 4032 3810 4101 ἐπειδὴ

452 4148 548 4186 ros
580 4136 644 4186 ut
674 4148 778 4202 par
806 4136 895 4185 est
926 4129 1246 4184 dissimiles
1275 4130 1534 4201 ipsorum
1570 4130 1827 4186 consiliis
1854 4131 2004 4187 hanc
2024 4133 2064 4187 ο

2206 4132 2267 4185 τὸ
2303 4132 2393 4204 μὲν
2424 4138 2679 4205 γεννῆσαι
2711 4128 2931 4204 δίδωμι,
2962 4132 3024 4185 τὸ
3075 4128 3131 4185 δὲ
3162 4130 3422 4203 ἀνόμοιον
3467 4128 3620 4184 αὐτοῦ
3646 4130 3811 4201 γεννῆ-

451 4236 689 4275 causam
724 4223 1047 4290 procreant.
1082 4221 1224 4273 Cum
1270 4224 1523 4290 quatuor
1570 4220 1831 4291 partibus
1864 4238 2063 4291 compa

2208 4241 2295 4273 σαι
2345 4219 2444 4273 οὐκ
2488 4216 2818 4292 ἀποδίδωμι.
2875 4221 2936 4274 Οἱ
2988 4220 3081 4293 μὲν
3132 4221 3234 4295 γὰρ
3286 4218 3559 4295 ἅνθρωποι
3605 4214 3725 4270 κατά
3761 4210 3812 4265 τὸ

452 4313 685 4373 nantur,
720 4308 1041 4362 secundum
1076 4307 1234 4362 varia
1256 4308 1390 4362 anni
1424 4313 1685 4380 tempora
1706 4309 1862 4365 varie
1894 4326 2064 4364 eorun

2208 4307 2353 4369 εἰκὸς
2400 4308 2694 4381 ἀνομοίους
2740 4314 2855 4370 ταῖς
2904 4310 3104 4364 ἑαυτῶν
3147 4309 3395 4384 γνώμαις
3426 4311 3663 4384 γεννῶσιν
3690 4299 3812 4360 υἱοὺς

451 4414 692 4468 corpora
720 4401 1044 4462 vertuntur,
1080 4396 1159 4450 ita
1181 4402 1245 4450 ut
1276 4397 1333 4451 in
1358 4413 1594 4468 corpore
1615 4397 1874 4453 humano
1900 4415 2063 4453 secun

2209 4394 2298 4451 διὰ
2353 4396 2613 4467 τοιαύτην
2666 4397 2860 4454 αἰτίαν.
2906 4398 2999 4451 Ἐκ
3052 4399 3327 4473 τεσσάρων
3385 4396 3484 4473 γὰρ
3534 4396 3812 4449 συνεστῶτες

451 4486 592 4540 dum
608 4484 851 4556 quodvis
871 4490 1101 4555 tempus
1117 4485 1191 4550 id,
1208 4486 1359 4555 quod
1378 4486 1512 4539 anni
1530 4487 1774 4557 tempori
1795 4488 2063 4559 proprium

2212 4489 2387 4561 μερῶν
2446 4486 2583 4539 κατᾶ
2638 4486 2734 4546 τὰς
2793 4483 3085 4563 διαφόρους
3142 4486 3347 4560 τροπὰς
3414 4482 3670 4562 διαφόρως
3719 4474 3815 4552 τρέ-

450 4574 548 4641 sit,
580 4578 802 4629 crescat
848 4578 950 4628 aut
987 4575 1285 4629 decrescat
1325 4580 1740 4646 congruentem
1792 4576 2062 4631 misturar

2211 4594 2401 4628 πονται
2441 4574 2509 4629 τὰ
2552 4574 2800 4647 σώματα,
2833 4574 2907 4636 ὡς
2954 4575 3043 4629 καὶ
3088 4577 3131 4611 ⁸⁸
3179 4572 3230 4627 ἐν
3276 4571 3589 4645 ἀνθρωπείῳ
3636 4570 3814 4639 σώματι

452 4662 675 4718 delens.
712 4663 856 4719 Nam
888 4661 1115 4717 semina
1136 4666 1590 4734 temperatorum
1615 4681 1728 4718 non
1762 4681 1991 4736 semper
2022 4666 2064 4720 it

2312 4662 2371 4687 ,η
2748 4663 2760 4679 .
2870 4663 2883 4678 ι
2960 4669 2985 4679 -
3217 4669 3244 4679 ..
3331 4659 3382 4682 ..κ
3548 4660 3559 4677 ν

2211 4664 2308 4717 καθ
2355 4684 2576 4717 εκαστον
2616 4683 2797 4735 καιρον
2831 4684 2892 4717 το
2920 4684 3019 4731 της
3070 4682 3277 4737 τροπης
3334 4676 3467 4716 ιοιον
3506 4658 3817 4730 αυξανόμενον

456 4751 925 4824 permanentium
966 4751 1110 4806 alias
1166 4750 1333 4806 aliter
1363 4754 1673 4807 commista
1702 4758 2068 4825 segregantui

2212 4752 2247 4821 ἢ
2299 4750 2692 4824 ἐλαττούμενον
2744 4752 2840 4820 τήν
2893 4752 3202 4827 σύμμετρον
3251 4757 3437 4826 κρᾶσιν
3490 4751 3668 4804 ἀθετεῖ.
3712 4747 3814 4801 Τῶν

402 4838 411 4845 ’
456 4856 641 4910 eaque
670 4840 993 4895 secundum
1017 4839 1299 4911 temporis
1324 4839 1657 4894 mistionem
1683 4846 1738 4895 et
1758 4840 2002 4896 consilia

2212 4842 2316 4917 γὰρ
2372 4840 2761 4916 συγκραμάτων
2810 4843 2855 4877 ³⁸
2904 4840 3011 4915 οὐχ
3069 4840 3325 4901 ὡσαύτως
3371 4839 3451 4893 ἀεὶ
3499 4834 3818 4909 διαμενόντων

456 4928 1146 5000 quuntursivebonasive
1174 4928 1347 4983 mala.
1373 4928 1569 4983 Attale
1594 4929 1733 5000 quid
1762 4930 1831 4984 de
1846 4930 1960 4985 Deo
1989 4947 2068 4984 no

2210 4932 2277 4984 τὰ
2324 4932 2605 5006 σπέρματα
2670 4927 2870 4984 ἄλλοτε
2919 4927 3096 4998 ἄλλην
3156 4927 3354 5005 ἔχοντα
3390 4935 3570 5005 κρᾶσιν
3624 4918 3817 5006 ἀποκρίέ

456 5021 545 5072 est
574 5017 974 5072 statuendum.
1016 5016 1160 5071 Nam
1211 5032 1343 5071 cum
1374 5016 1761 5072 immutabilis
1802 5019 1881 5073 sit
1930 5025 2065 5087 atqu

2210 5040 2413 5087 νονται,
2475 5024 2559 5080 οῖς
2615 5018 2752 5093 πρὸς
2805 5019 2904 5087 τήν
2977 5022 3074 5072 τοῦ
3148 5022 3340 5093 καιροῦ
3414 5022 3593 5092 κρᾶσιν
3645 5011 3723 5065 καὶ
3772 5005 3815 5061 αἱ

456 5111 730 5176 aeternus,
760 5105 994 5177 quando
1024 5120 1220 5161 creare
1249 5104 1393 5171 vult,
1437 5111 1805 5177 procreatum
1839 5107 2068 5176 ejusder

2210 5112 2428 5182 γνῶμαι
2456 5104 2677 5162 ἕπονται
2712 5104 2818 5161 εἴτε
2868 5106 3078 5182 ἀγαθαὶ,
3113 5102 3219 5160 εἴτε
3265 5104 3443 5161 κακαί.
3493 5104 3608 5179 Ἑπί
3646 5098 3699 5155 δὲ
3737 5097 3816 5151 τοῦ

454 5193 613 5251 modi
644 5211 709 5249 ac
740 5198 1059 5249 creatorem
1091 5210 1217 5249 esse
1250 5198 1498 5265 oportet,
1532 5195 1685 5265 quod
1718 5197 1789 5250 ad
1826 5195 2066 5251 substan

2211 5200 2345 5252 Θεοῦ
2376 5195 2475 5250 οὐκ
2522 5194 2631 5250 ἔστι
2661 5217 2713 5250 τι
2761 5200 3009 5250 τοιοῦτον
3059 5194 3395 5269 λογίσασθαι’
3442 5194 3684 5268 ἄτρεπτον
3730 5185 3814 5259 γὰρ

452 5282 595 5340 tiam
624 5282 849 5339 scilicet
898 5288 954 5338 et
986 5287 1261 5338 mentem.
1294 5283 1402 5337 Sed
1455 5283 1504 5338 si
1532 5284 1663 5355 quis
1696 5300 1829 5340 eum
1867 5302 2064 5357 quoqu

2208 5284 2297 5339 καὶ
2331 5286 2411 5339 ἀεὶ
2436 5282 2532 5357 ὣν,
2567 5284 2812 5358 ὁπ[όταν]
2844 5287 2885 5321 ⁹⁷
2916 5279 3123 5361 προϐἀλ
3138 5282 3254 5339 λειν
3293 5281 3607 5359 βουληθείη,
3644 5278 3814 5347 ἀνάγκη

1814 5462 2057 5518 VARIE
2092 5462 2502 5520 LECTIONES.

534 5602 887 5688 ““γεγὲνηται
1016 5602 1060 5637 ⁸⁸
1098 5599 1186 5688 καὶ
1230 5600 1304 5688 ci)”:
1331 5618 1385 5673 p.
1409 5598 1484 5688 gi):
1505 5600 1594 5688 καί
1715 5604 1759 5638 ⁹⁸
1790 5608 1875 5688 με
1907 5605 1977 5660 ad
2008 5620 2170 5662 oram
2201 5606 2354 5675 cod.,
2387 5605 2783 5681 συγγραμάτων
2817 5606 2877 5661 in
2918 5609 3099 5662 textu.
3131 5606 3173 5640 '7
3222 5602 3310 5658 ὄπ’
3338 5603 3464 5678 (sic)
3494 5616 3609 5673 seq.
3636 5597 3815 5655 lacu“

460 5679 527 5734 Ο.
559 5670 827 5734 Fortasse
856 5674 1231 5732 scribendum
1262 5670 1368 5743 ὅπη
1403 5671 1463 5727 ἂν
1492 5674 1580 5730 vel
1609 5670 1759 5736 ὅπως
1789 5672 1872 5732 ἄν.
