4082 6208
257 361 366 421 453

1374 361 1901 421 CLEMENTINA.
1936 393 2015 403 —
2046 361 2378 421 HOMILIA
2420 365 2557 423 XX.

3538 369 3659 427 454

253 496 389 545 πᾶσα
445 490 508 545 τὸ
565 483 1016 567 προϐαλλόμενον
1068 489 1214 563 αὐτῷ
1268 491 1526 553 ὡσαύτως
1597 491 1777 565 [εἶναι]
1831 491 1899 546 τὰ

2037 492 2354 549 nutabilem
2387 494 2577 550 dicere
2607 495 2759 565 velit,
2794 496 2949 551 haud
2994 512 3133 552 sane
3182 496 3470 571 intelligo,
3511 515 3657 571 quo-

253 581 420 635 πάντα
447 584 527 651 τῷ
557 578 931 655 γεγεννηκότι,
976 582 1076 650 τήν
1124 601 1181 635 τε
1211 584 1359 638 401
1397 580 1576 635 οὐσίαν
1630 579 1776 656 λέγω
1806 581 1896 635 καὶ

251 670 344 737 τὴν
370 670 626 745 γνώμην,
654 665 804 743 Εί[δὶ
830 666 1020 743 θελήσ]
1052 668 1125 724 ειέ
1150 690 1231 732 τις
1253 669 1341 725 καὶ
1374 669 1531 724 αὐτὸν
1560 669 1785 746 τρεπτὸν
1812 668 1899 725 λέ-

252 777 381 833 γειν,
412 756 515 811 οῦκ
547 754 691 827 οἶδα,
720 761 837 819 πῶς
866 757 956 812 καὶ
985 758 1250 813 ἀθάνατον
1275 757 1441 814 εἰπεῖν
1474 756 1690 813 δύναται
1714 758 1895 818 αὐτόν.

325 870 415 920 VI.
466 869 643 919 Ταῦτα
688 865 717 919 6
754 865 957 939 Πέτρος
998 863 1225 926 ἀκούσας
1275 864 1364 919 καὶ
1420 865 1599 941 βραχὺ
1650 866 1737 921 ἐπὶ
1778 888 1896 921 συν-

258 954 402 1016 νοίας
452 952 746 1028 γενόμενος
795 951 1036 1031 ἔφησούκ
1084 954 1259 1026 οἶμαι,
1307 954 1429 1008 τινά
1478 951 1729 1009 δύνασθαι
1778 954 1902 1031 περί

258 1047 496 1118 πονηροῦ
528 1040 911 1117 διαλεγόμενον
949 1044 1023 1115 μὴ
1052 1042 1215 1097 αὐτοῦ
1245 1047 1342 1097 τοῦ
1370 1048 1616 1117 πονηροῦ
1646 1045 1707 1098 τὸ
1739 1043 1903 1115 θέλη-

263 1154 334 1205 μα
370 1136 573 1188 ποιεῖν.
600 1133 752 1186 Ὅθεν
778 1136 941 1186 τοῦτο
971 1131 1101 1186 αὐτὸ
1133 1128 1421 1201 εἰδὼς,οὐκ
1452 1130 1572 1187 οῖδα
1613 1131 1667 1187 τί
1696 1132 1904 1207 πράξω,

260 1217 485 1295 πότερον
518 1222 786 1290 σιωπήσω
810 1220 845 1288 ἢ
881 1218 1134 1290 λαλήσω.
1160 1220 1221 1274 Εἰ
1274 1220 1369 1291 μὶν
1422 1222 1783 1294 σιωπήσαιμι,
1815 1220 1906 1295 γέ-

259 1308 407 1365 λωτα
435 1309 576 1383 πρὸς
603 1309 730 1371 τοὺς
759 1307 1008 1371 πολλοὺς
1061 1308 1369 1386 ὀφλήσαιμι
1402 1308 1485 1381 ἂν,
1518 1308 1601 1364 ὅτι
1650 1309 1909 1381 ἀλήθειαν

257 1396 737 1474 ἐπαγγελλόμενος
795 1398 1083 1473 κηρύσσειν
1144 1399 1232 1452 τὸν
1290 1397 1413 1474 περὶ
1478 1398 1667 1460 κακίας
1743 1397 1907 1474 λόγον

257 1487 452 1562 ἀγνοῶ·
510 1486 556 1541 εἰ
606 1484 663 1542 δὲ
712 1483 945 1559 εἴποιμι,
1001 1481 1305 1565 φοϐοῦμαι,
1344 1488 1419 1558 μή
1454 1487 1556 1563 ἄρα
1590 1487 1688 1541 οὐκ
1717 1487 1913 1561 ἀρέσκῃ

256 1580 370 1646 Θεῷ
402 1581 680 1645 ζητεῖσθαι
709 1576 771 1629 τὸ
802 1576 989 1643 κακὸν,
1021 1575 1169 1631 ἀλλὰ
1214 1576 1276 1629 τὸ
1308 1573 1503 1650 ἀγαθὸν
1542 1575 1726 1648 μόνον.
1758 1574 1911 1645 Πλὴν

255 1664 343 1718 καὶ
377 1665 508 1736 ὑμῖν
538 1664 615 1726 εἰς
644 1665 734 1719 τὸν
770 1664 1049 1742 Σοφωνίου
1099 1662 1261 1740 λόγον
1294 1664 1388 1725 τὰς
1441 1664 1575 1736 ἐμὰς
1609 1664 1913 1737 ὑπολήψεις

259 1756 478 1823 ποιήσω
554 1752 921 1831 φανερωτέρας
958 1796 971 1809 .
1035 1753 1359 1824 Συντίθεμαι
1419 1753 1572 1826 κάγὼ
1606 1800 1622 1823 ,
1691 1752 1774 1807 ὅτι
1852 1752 1913 1807 οὐ

2006 582 2178 638 modo
2209 598 2342 639 eum
2373 583 2764 639 immortalem
2795 585 3088 642 afﬁrmare
3117 591 3313 659 queat.

2082 865 2174 921 VI.
2204 867 2425 932 Quibus
2456 866 2670 922 auditis
2704 884 2835 923 cum
2869 869 3072 924 Petrus
3106 870 3408 941 paululum
3441 872 3656 943 cogita-

2013 956 2249 1010 bundus
2280 957 2547 1022 sedisset,
2584 957 2920 1027 respondit:
2974 958 3098 1013 Non
3130 960 3300 1013 credo
3350 976 3520 1031 posse
3551 960 3662 1016 ali-

2016 1061 2189 1114 quem
2222 1045 2294 1099 de
2320 1046 2468 1100 malo
2497 1044 2681 1117 loqui,
2716 1045 2828 1101 nisi
2862 1046 3035 1102 faciat
3081 1047 3256 1103 simul
3290 1049 3429 1104 mali
3460 1049 3663 1105 volun-

2018 1138 2219 1190 tatem.
2252 1135 2457 1199 Quare.
2492 1150 2625 1188 cum
2657 1134 2765 1189 hoc
2796 1134 2993 1206 ipsum
3022 1135 3226 1203 sciam,
3261 1136 3485 1203 dubito,
3519 1138 3661 1209 quid

2019 1221 2255 1291 faciam,
2289 1227 2487 1277 utrum
2520 1222 2723 1278 sileam
2765 1240 2836 1278 an
2869 1222 3093 1295 loquar.
3128 1224 3187 1279 Si
3232 1225 3388 1281 enim
3419 1229 3671 1294 taceam,

2020 1312 2206 1365 risum
2243 1311 2397 1382 apud
2430 1310 2647 1366 multos
2679 1328 2963 1378 moveam,
2998 1317 3062 1367 ut
3090 1314 3211 1384 qui,
3246 1314 3549 1370 veritatem
3580 1329 3672 1370 me

2020 1398 2445 1470 explicaturum
2476 1400 2797 1470 professus,
2827 1400 2898 1455 de
2930 1400 3155 1456 malitia
3176 1402 3336 1473 loqui
3370 1403 3669 1473 nesciam;

2023 1488 2112 1542 sin
2147 1486 2374 1558 loquar,
2397 1488 2585 1545 timeo
2620 1504 2689 1543 ne
2720 1488 2835 1543 Deo
2879 1488 3184 1560 displiceat
3231 1491 3565 1563 disquisitio
3596 1493 3669 1549 de

2024 1576 2176 1631 malo
2210 1576 2502 1642 instituta,
2535 1576 2750 1648 quippe
2777 1578 2870 1632 cui
2920 1595 3034 1633 non
3076 1579 3191 1634 nisi
3235 1579 3569 1651 disquisitio
3601 1582 3671 1637 de

2025 1666 2175 1720 bono
2232 1664 2475 1737 placeat.
2532 1666 2802 1720 Attamen
2844 1684 2968 1733 qua:
3013 1667 3083 1722 ad
3143 1667 3449 1739 Sophoniaa
3490 1669 3670 1725 inter-

2026 1754 2387 1825 rogationem
2440 1755 2735 1825 respondi,
2794 1754 2969 1810 etiam
3021 1755 3237 1811 clarius
3295 1757 3457 1813 vobis
3490 1759 3673 1831 expli-

261 1844 433 1897 πάντα
480 1844 548 1896 τὰ
601 1843 895 1917 ἀνθρώπων
949 1840 1265 1897 ἀποδιδόναι
1315 1839 1397 1896 δεῖ
1431 1846 1511 1912 τῷ
1540 1847 1674 1913 Θεῷ.
1712 1842 1914 1897 Αὐτίκα

2037 1844 2188 1898 :abo.
2225 1843 2337 1915 Ego
2397 1859 2631 1914 quoque
2681 1844 2953 1910 concedo,
3000 1861 3113 1899 non
3155 1846 3354 1900 omnia
3411 1864 3539 1918 quae
3571 1847 3678 1903 ho-

259 1936 387 2007 γοῦν
418 1931 473 1985 οἱ
505 1930 780 2006 ἄνθρωποι
834 1930 933 1986 οὐκ
978 1928 1197 2006 ἔχοντες
1245 1930 1312 1985 τὰ
1342 1931 1568 2002 σώματα
1611 1933 1814 2005 τρεπτά
1854 1930 1916 1985 οὐ

260 2021 578 2096 τρέπονται,
611 2018 758 2075 ἀλλὰ
796 2019 985 2095 χρόνῳ
1018 2019 1121 2073 ὑπὸ
1149 2023 1255 2073 τῶν
1300 2022 1518 2094 τροπῶν
1562 2018 1918 2083 ἀλλοιοῦσθαι

263 2109 421 2185 φύσιν
458 2106 699 2184 ἔχουσιν.
733 2108 789 2161 Ὀ
830 2105 887 2161 δὲ
934 2107 1063 2169 Θεὸς
1115 2107 1222 2183 οὐχ
1270 2106 1465 2169 οὕτως·
1523 2108 1622 2163 δπὸ
1671 2110 1774 2185 γὰρ
1822 2114 1918 2164 τοῦ

262 2196 511 2275 ἐμφύτου
549 2195 861 2269 πνεύματος
894 2195 1057 2250 αὐτοῦ
1089 2196 1385 2272 ἀπορρήτῳ
1436 2194 1683 2270 δυνάμει,
1731 2199 1920 2253 ὁποῖον

263 2288 321 2342 ἂν
362 2286 658 2362 βούληται,
684 2285 885 2363 γίνεται
932 2284 995 2340 τὸ
1027 2291 1204 2359 σῶμα.
1230 2286 1329 2341 Καὶ
1358 2285 1526 2361 ταύτῃ
1564 2285 1775 2360 μᾶλλον
1809 2284 1920 2342 ἔστι

260 2381 568 2445 πιστεῦσαι,
707 2376 795 2430 καὶ
846 2375 873 2429 ὁ
924 2375 1028 2447 ἀήρ
1077 2376 1205 2451 παρ’
1249 2374 1412 2430 αὐτοῦ
1457 2375 1713 2446 τοιαύτην
1765 2375 1920 2447 εἰλη-

258 2466 375 2543 φὼς
420 2464 580 2541 φύσιν
632 2464 735 2518 ὑπὸ
776 2468 874 2518 τοῦ
925 2463 1083 2518 αὐτὸν
1144 2461 1431 2534 διήκοντος
1489 2464 1781 2536 ἀσωμάτου
1828 2469 1922 2519 νοῦ

259 2555 340 2616 εἷς
374 2551 573 2630 δρόσον
603 2552 823 2628 τραπεὶς
853 2553 941 2607 καὶ
990 2553 1286 2629 παχυνθεῖς
1320 2553 1522 2627 γίνεται
1574 2550 1741 2625 ὕδωρ,
1775 2551 1920 2626 ὕδωρ

260 2640 323 2697 δὲ
371 2641 541 2716 παγὲν
604 2640 750 2696 λίθοι
807 2640 895 2695 καὶ
954 2648 1050 2717 γῆ,
1109 2641 1198 2695 καὶ
1257 2640 1406 2696 λίθοι
1464 2638 1520 2695 δὲ
1567 2640 1923 2717 συῤῥήξαντες

261 2736 373 2804 πῦρ
410 2730 752 2801 ἐξάπτουσιν.
800 2734 1053 2785 Τοιοῦτον
1110 2730 1246 2785 κατά
1305 2725 1614 2802 μεταϐολὴν
1660 2730 1749 2785 καὶ
1796 2751 1924 2804 τρο-

266 2821 378 2888 πὴν
413 2821 443 2873 6
494 2820 600 2891 ἀὴρ
651 2816 796 2895 ὕδωρ
846 2820 911 2873 τὰ
957 2823 1147 2895 πρῶτα
1192 2821 1432 2895 γεγονὼς
1485 2818 1559 2881 εἷς
1606 2824 1711 2894 πῦρ
1767 2818 1928 2890 ἔληξε

272 2907 368 2963 διὰ
394 2914 506 2964 τῶν
535 2913 778 2983 τροπῶν,
808 2908 898 2963 καὶ
947 2909 1008 2962 τὸ
1061 2908 1222 2984 ὑγρὸν
1273 2908 1348 2971 εἷς
1396 2910 1496 2978 τὴν
1547 2907 1786 2963 ἐναντίαν
1827 2909 1927 2986 φύ-

277 3020 363 3051 σιν
428 2996 763 3072 μετετράπη.
822 2996 884 3050 Τί
943 2993 1002 3050 δέ
1034 3016 1048 3066 ;
1082 2996 1209 3071 οὐχὶ
1267 2996 1355 3051 καὶ
1412 2998 1511 3066 τὴν
1566 2995 1837 3059 Μωϋσέως
1888 3000 1931 3035 9⁸

280 3081 484 3163 ῥάϐδον
546 3087 575 3140 6
635 3086 763 3147 Θεὸς
820 3083 1034 3160 ἔτρεψεν
1096 3084 1172 3147 είς
1234 3090 1408 3157 ζῶον,
1469 3088 1704 3156 ποιήσας
1762 3081 1883 3161 ὅφιν
1917 3129 1931 3155 ,

278 3176 341 3229 ’ὸν
372 3174 540 3230 πάλιν
575 3173 922 3251 μετέστρεψεν
956 3172 1032 3235 εἷς
1064 3176 1218 3231 41η
1251 3168 1446 3249 ῥάϐδον
1482 3192 1496 3243 ;
1529 3174 1616 3229 καὶ
1662 3172 1732 3228 δι’
1765 3175 1933 3245 αὐτῆς

2028 1932 2257 1987 minum
2310 1932 2448 1998 sint,
2484 1936 2595 1987 Deo
2643 1949 2771 1987 esse
2816 1933 3205 1988 attribuenda.
3254 1934 3387 1990 Jam
3439 1936 3677 2006 quidem

2027 2020 2320 2087 homines,
2379 2020 2596 2091 quibus
2627 2037 2872 2092 corpora
2919 2021 3313 2078 immutabilia
3358 2030 3515 2094 sunt,
3561 2040 3679 2081 non

2030 2114 2355 2176 mutantur,
2387 2111 2488 2165 sed
2520 2108 2777 2165 indolem
2823 2109 3041 2165 habent
3069 2128 3203 2167 cum
3235 2112 3373 2167 anni
3414 2116 3676 2184 tempore

2028 2199 2310 2254 variandi.
2355 2201 2428 2253 At
2472 2215 2587 2254 non
2637 2199 2720 2253 ita
2764 2199 2957 2260 Deus:
3009 2216 3145 2255 nam
3189 2199 3347 2256 illius
3379 2200 3591 2272 spiritu
3622 2200 3675 2257 ei

2028 2287 2229 2342 innato
2260 2304 2471 2343 arcana
2502 2287 2555 2342 vi
2587 2304 2800 2359 corpus
2832 2288 2915 2355 fit,
2968 2288 3139 2359 quale
3169 2289 3294 2361 ipse
3325 2289 3462 2345 vult.
3507 2288 3673 2354 Quod

2030 2394 2095 2433 eo
2127 2377 2315 2448 magis
2348 2377 2724 2443 credendum,
2759 2393 2893 2431 cum
2925 2393 3023 2432 aer
3052 2393 3156 2448 per
3176 2394 3333 2445 eum,
3366 2378 3423 2433 id
3454 2384 3543 2434 est
3571 2395 3677 2451 per

2031 2464 2431 2536 incorpoream
2465 2470 2718 2519 mentem
2750 2464 2809 2520 in
2836 2482 2968 2521 eum
3003 2466 3298 2537 diffusam,
3342 2467 3678 2524 facultatem

2033 2553 2338 2626 acceperit,
2374 2558 2437 2609 ut
2468 2553 2527 2608 in
2559 2554 2843 2624 liquorem
2877 2570 3078 2610 versus
3109 2560 3168 2610 et
3197 2562 3500 2612 concretus
3527 2573 3683 2629 aqua

2036 2644 2156 2709 ﬁat,
2197 2659 2350 2711 aqua
2398 2647 2595 2697 autem
2634 2648 2904 2698 concreta
2951 2649 3212 2699 mutetur
3258 2645 3316 2699 in
3370 2646 3597 2718 lapides
3627 2649 3685 2702 et

2036 2738 2273 2794 terram,
2305 2736 2361 2786 et
2400 2730 2624 2803 lapides
2666 2732 2932 2787 confricti
2964 2732 3159 2805 ignem
3192 2735 3532 2789 accendant.
3564 2734 3683 2790 Hoc

2038 2820 2209 2876 modo
2242 2836 2340 2875 aer
2390 2824 2522 2891 post
2578 2818 3021 2876 translationem
3078 2826 3136 2876 et
3162 2823 3681 2879 commutationem

2038 2910 2295 2981 primum
2323 2909 2558 2980 quidem
2588 2925 2742 2979 aqua
2774 2910 2961 2965 factus
2991 2926 3093 2981 per
3122 2912 3527 2969 conversiones
3559 2929 3685 2969 ces-

2040 2998 2210 3053 sabat
2238 2997 2299 3052 in
2330 2998 2546 3069 ignem,
2579 3002 2636 3053 et
2692 2998 2998 3053 humidum
3030 2998 3088 3052 in
3129 3001 3479 3056 contrariam
3512 3005 3685 3058 natu-

2043 3103 2168 3142 ram
2218 3087 2573 3141 mutabatur.
2634 3085 2780 3152 Quid
2837 3086 3020 3142 vero?
3072 3088 3274 3144 Nonne
3328 3090 3482 3145 Deus
3510 3090 3687 3146 etiam

2046 3174 2530 3247 Moysislvirgam
2583 3174 2641 3229 in
2699 3175 2918 3230 animal
2972 3176 3167 3247 vertit,
3235 3183 3561 3249 serpentem
3605 3180 3690 3234 ta-

282 3261 344 3320 δέ
370 3271 470 3332 τῆς
498 3264 795 3335 τραπείσης
827 3257 1028 3337 ῥάϐδου
1056 3263 1119 3317 τὸ
1168 3261 1365 3318 Νείλου
1411 3260 1557 3339 ὕδωρ
1603 3260 1817 3339 ἔτρεψεν
1862 3263 1922 3318 εἷς

2050 3244 2229 3329 ciens,
2275 3244 2447 3334 quem
2483 3262 2695 3318 iterum
2747 3263 2807 3318 in
2855 3264 3075 3335 virgam
3109 3244 3399 3322 mutavit?
3446 3268 3515 3323 Et
3562 3267 3693 3339 ipsa

284 3354 443 3424 αἷμα,
475 3353 505 3407 '6
532 3352 621 3407 καὶ
666 3350 829 3406 πάλιν
881 3350 1230 3425 μετέστρεψεν
1277 3351 1353 3414 εἷς
1396 3349 1542 3428 ὕδωρ
1577 3372 1590 3422 ;
1624 3351 1799 3409 Ἀλλά
1846 3352 1935 3407 καὶ

283 3442 376 3496 τὸν
427 3439 732 3515 ἄνθρωπον,
782 3444 917 3516 χοῦν
968 3434 1114 3511 ὅντα,
1165 3439 1513 3517 ἐμφυστςματι
1564 3444 1734 3509 πνοῆς
1782 3441 1933 3514 μετέ-

288 3534 508 3605 στρεψεν
540 3529 615 3591 είς
667 3529 855 3603 σάρκα,
904 3528 993 3583 καὶ
1038 3526 1203 3582 πάλιν
1252 3529 1601 3605 μετέστρεψεν
1650 3530 1725 3591 εἰς
1774 3534 1931 3606 χοῦν.

285 3619 426 3695 (ﬁxi
460 3616 519 3674 δὲ
550 3625 785 3687 Μωϋσῆς
833 3616 989 3680 αὐτὸς
1035 3617 1161 3693 σὰρξ
1209 3615 1280 3672 ὢν
1316 3617 1392 3679 εἰς
1428 3617 1678 3693 μέγιστον
1732 3617 1934 3694 ἐτράπη

286 3712 419 3783 Ῠῶς,
469 3708 545 3769 ὡς
596 3708 673 3779 μή
726 3703 1016 3775 δυνηθῆναι
1061 3706 1187 3768 τοὺς
1238 3705 1389 3768 υἱοὺς
1440 3707 1658 3783 Ἰσραὴλ
1690 3702 1937 3763 ἀντιϐλέ-

276 3800 371 3869 ψαι
402 3796 590 3868 αὐτῷ;
626 3793 831 3867 Πολλῷ
863 3794 952 3849 οὖν
991 3793 1204 3867 μᾶλλον
1234 3797 1261 3850 ὁ
1292 3796 1418 3858 Θεὸς
1467 3796 1651 3852 ἑαυτὸν
1695 3797 1932 3872 τρέπειν,

280 3884 357 3948 εἷς
388 3886 417 3940 ’ὁ
444 3884 725 3962 βούλεται,
758 3881 1129 3946 δυνατώτατός
1160 3883 1320 3943 ἐστιν.

352 4085 469 4141 VII.
500 4081 659 4139 Ἀλλ’
690 4081 821 4144 ἴσως
868 4102 951 4144 τις
1004 4081 1156 4154 ὑμῶν
1208 4080 1442 4153 ἐνόησεν,
1497 4080 1581 4136 ὅτι
1631 4080 1801 4143 ἄλλος
1835 4082 1929 4155 μὲν

286 4173 370 4227 ὑπ’
402 4170 580 4227 ἄλλου
628 4169 871 4246 γενέσθαι
921 4192 976 4225 τι
1025 4168 1260 4240 δύναται,
1314 4171 1475 4231 αὑτὸς
1506 4168 1563 4225 δέ
1608 4193 1692 4233 τις
1724 4172 1929 4243 ἑαυτὸν,

282 4260 410 4316 εἷςὸ
466 4258 744 4335 βούλεται,
798 4258 1145 4333 μετατρέπειν
1197 4258 1257 4313 οὐ
1310 4256 1549 4324 δύναται,
1598 4259 1687 4313 καὶ
1741 4258 1824 4313 δτι
1869 4259 1934 4314 τὸ

276 4352 567 4425 τρέπεσθαι
616 4353 714 4403 τοῦ
762 4349 1042 4424 γηρῶντός
1094 4346 1202 4401 ἐστι
1252 4348 1341 4402 καὶ
1391 4348 1673 4402 ἀποθανεῖν
1730 4348 1932 4425 [φύσιν]

278 4435 527 4512 ἔχοντος,
556 4434 702 4492 ἀλλὰ
733 4437 853 4512 περὶ
898 4435 1168 4491 ἀθανάτων
1216 4440 1377 4490 τοῦτο
1426 4434 1487 4490 οὐ
1520 4437 1631 4510 χρή
1666 4436 1947 4508 νομίζειν..

275 4527 346 4581 Ἦ
403 4526 505 4602 γὰρ
562 4524 661 4580 οὐκ
719 4523 947 4600 ἄγγελοι
1014 4526 1237 4600 ἀγήρως
1295 4527 1338 4562 ⁹⁹
1395 4524 1777 4599 [ὑπάρχοντες]
1843 4524 1933 4579 καὶ

2044 3351 2145 3408 illa
2166 3353 2324 3424 virga
2349 3368 2561 3423 aquam
2590 3352 2701 3407 Nili
2725 3354 3006 3408 convertit
3037 3354 3095 3408 in
3121 3356 3490 3427 sanguinem,
3512 3373 3688 3428 quem

2044 3441 2230 3497 redire
2260 3440 2393 3496 fecit
2421 3440 2481 3495 in
2512 3458 2746 3512 aquam.
2790 3442 2900 3497 Sed
2935 3443 3232 3498 hominem
3283 3461 3535 3516 quoque,
3585 3445 3689 3516 qui

2043 3529 2221 3585 limus
2252 3533 2396 3597 erat,
2440 3528 2647 3601 spiritu
2683 3530 2882 3586 inflato
2931 3531 2987 3585 in
3021 3549 3255 3587 carnem
3286 3534 3475 3600 vertit,
3509 3550 3685 3606 quam

2043 3619 2257 3673 itarum
2290 3618 2540 3673 mutavit
2570 3618 2628 3673 in
2670 3617 2899 3673 limum.
2934 3620 3045 3675 Sed
3097 3637 3288 3676 nonne
3335 3625 3390 3677 et
3436 3621 3684 3693 Moyses,

2043 3707 2143 3779 qui
2170 3724 2302 3762 caro
2332 3710 2474 3772 erat,
2508 3707 2568 3761 in
2602 3708 2924 3762 maximum
2956 3713 3321 3779 permutatus
3350 3714 3440 3765 est
3468 3709 3690 3781 ignem,

2043 3796 2125 3851 ita
2156 3800 2220 3851 ut
2250 3794 2353 3850 filii
2385 3795 2615 3851 lsraelis
2637 3814 2771 3851 eum
2786 3797 3044 3868 aspicere
3065 3815 3176 3853 non
3205 3803 3446 3869 possent
3465 3799 3492 3853 ‘2
3509 3797 3692 3854 Multo

2042 3885 2231 3956 magis
2263 3884 2443 3956 igitur
2473 3885 2626 3941 Deus
2657 3885 3039 3957 semetipsum
3064 3891 3290 3941 mutare
3312 3886 3372 3942 in
3397 3887 3697 3958 quodcun-

2042 3990 2155 4045 que
2184 3974 2237 4029 ei
2270 3973 2459 4045 placet
2489 3974 2935 4046 potentissimus
2978 3980 3088 4030 est.

2110 4080 2231 4136 VII.
2263 4082 2337 4136 At
2364 4081 2630 4136 fortassis
2660 4086 2914 4136 vertrum
2935 4081 3147 4153 aliquis
3171 4082 3486 4150 existimat,
3512 4081 3692 4138 alium

2042 4169 2279 4241 quidem
2313 4170 2433 4225 ﬁeri
2466 4169 2686 4239 aliquid
2712 4187 2881 4238 posse
2908 4186 3008 4241 per
3037 4170 3239 4235 alium,
3272 4172 3372 4226 sed
3404 4171 3599 4243 ipsum
3629 4171 3689 4225 in

2042 4258 2344 4329 quodlibet
2372 4274 2433 4313 se
2476 4264 2807 4313 convertere
2839 4275 2953 4313 non
2984 4259 3196 4323 valere,
3229 4275 3473 4330 esseque
3504 4260 3682 4315 etiam

2043 4346 2392 4402 commutari
2424 4346 2781 4402 senescentis
2823 4352 2879 4401 et
2909 4348 3081 4402 morti
3129 4348 3387 4414 obnoxii,
3438 4348 3495 4403 id
3529 4348 3683 4419 quod

2044 4453 2158 4491 non
2190 4436 2549 4491 censendum
2597 4436 2675 4491 sit
2705 4436 2776 4489 de
2810 4435 3262 4491 immortalibus.
3297 4436 3498 4491 Nonne
3531 4437 3687 4491 enim

2044 4524 2234 4597 angeli
2286 4540 2518 4595 quoque
2562 4540 2845 4595 perennes
2886 4531 3061 4596 atque
3112 4525 3294 4597 ignea:
3351 4524 3693 4580 substantias

276 4611 568 4690 πυρώδους
648 4612 833 4674 οὐσίας
912 4612 987 4675 εἰς
1060 4613 1229 4687 σάρκα
1311 4613 1715 4688 μετετράπησαν
1768 4657 1783 4683 ,
1842 4612 1922 4667 καῖ

2043 4630 2174 4669 caro
2247 4613 2380 4667 facti
2430 4614 2502 4667 ab
2562 4612 2891 4667 Abrahamo
2941 4612 3199 4684 hospitio
3257 4612 3478 4683 excepti
3531 4616 3693 4677 sunt,

276 4703 331 4756 οἱ
363 4704 512 4777 παρὰ
540 4700 620 4774 τῷ
664 4697 913 4778 Ἀϐραάμ
938 4704 1085 4775 [ξενι]
1130 4702 1360 4773 σθέντες,
1410 4703 1483 4756 ὧν
1532 4701 1621 4756 καὶ
1658 4701 1785 4764 τοὺς
1831 4701 1931 4756 πό-

279 4788 374 4853 δας
407 4790 483 4852 ὡς
516 4790 822 4863 ὁμοουσίων
851 4790 1157 4866 ἀνθρώπων.
1179 4788 1448 4865 ἅνθρωποι
1495 4786 1676 4864 ἔνιψαν
1712 4810 1725 4860 ;
1759 4788 1935 4846 Ἀλλά

276 4880 369 4934 καὶ
400 4885 479 4951 τῷ
529 4876 721 4935 Ἰακώϐ
768 4881 1036 4954 ἀνθρώπῳ
1084 4875 1199 4933 ὅντι
1247 4875 1477 4955 ἅγγελος
1531 4878 1815 4934 ἐπάλαισεν
1857 4879 1933 4942 εἷς

280 4968 454 5043 σάρκα
514 4969 759 5043 τραπεὶς,
820 4968 901 5023 ίνα
952 4968 1098 5041 αὐτῷ
1154 4970 1624 5044 συγχρωτισθῆναι
1684 4967 1930 5040 δυνηθῇ.

280 5056 389 5113 Καὶ
423 5059 575 5130 ὁμῶς
619 5055 887 5120 παλαίσας
936 5056 1024 5112 ἐπὶ
1071 5057 1169 5126 τὴν
1224 5055 1359 5111 ἰδίαν
1410 5056 1573 5112 αὐτοῦ
1619 5056 1773 5135 φύσιν
1813 5059 1935 5131 βου-

281 5142 472 5215 ληθεὶς
504 5146 734 5223 ἐτράπη.
768 5143 909 5216 Ἤδη
943 5145 1018 5208 εἰς
1050 5150 1155 5217 πῦρ
1193 5139 1672 5217 μεταϐαλλόμενος
1703 5150 1799 5199 τοῦ
1831 5147 1932 5199 Ἰα-

278 5229 401 5289 κὼϐ
452 5237 520 5271 ¹⁰⁰
559 5236 623 5290 τὸ
669 5232 847 5289 πλατὺ
892 5239 1081 5309 νεῦρον
1134 5233 1233 5288 οὐκ
1280 5230 1467 5288 ἔκαυσε
1518 5235 1633 5306 μὲν,
1666 5232 1852 5312 ἔφλεξε
1879 5232 1937 5289 δὲ

276 5323 368 5377 καὶ
404 5322 593 5399 χωλὸν
645 5323 918 5394 ἐποίησεν.
975 5326 1032 5377 Ὀ
1083 5321 1141 5378 δὲ
1191 5319 1374 5399 ἕτερόν
1416 5344 1469 5377 τι
1517 5323 1784 5399 γενέσθαι,
1824 5322 1854 5377 6'
1882 5344 1936 5377 τι

2045 4718 2296 4772 quorum
2328 4701 2411 4756 vel
2448 4701 2622 4772 pedes
2656 4706 2719 4754 ut
2748 4701 3011 4770 ejusdem
3071 4701 3376 4757 hominum
3427 4698 3690 4755 essentia

2042 4790 2313 4845 homines
2370 4787 2688 4844 levabant?
2746 4789 2854 4844 Sed
2913 4790 3090 4845 etiam
3147 4806 3280 4844 cum
3320 4789 3559 4858 Jacobo,
3590 4786 3693 4859 qui
3778 4816 3793 4830 ο

2042 4878 2217 4934 homo
2267 4882 2413 4942 erat,
2462 4877 2707 4949 angelus
2762 4876 3113 4947 luctabatur,
3173 4877 3230 4932 in
3264 4894 3497 4932 carnem
3531 4893 3690 4932 com-

2044 4972 2327 5034 mutatus,
2388 4970 2452 5021 ut
2482 4971 2677 5037 posset
2707 4983 2841 5021 cum
2899 4984 2965 5021 eo
3025 4966 3374 5021 conversari.
3410 4964 3694 5021 Similiter

2044 5062 2357 5128 postquam
2408 5055 2665 5111 luctatus
2714 5059 2861 5123 erat,
2918 5072 2986 5111 ex
3031 5055 3328 5112 voluntate
3394 5072 3502 5110 sua
3560 5071 3694 5126 pro-

2045 5146 2230 5217 priam
2273 5145 2487 5199 iterum
2518 5145 2710 5199 induit
2740 5150 3033 5199 naturam.
3063 5148 3193 5200 Jam
3226 5161 3357 5199 vero
3390 5144 3449 5198 in
3490 5143 3690 5215 ignem

2042 5234 2496 5289 transformatus
2524 5233 2720 5288 Jacobi
2753 5250 2994 5288 nervum
3029 5234 3264 5289 femoris
3297 5250 3411 5288 non
3437 5232 3673 5303 quidem

2044 5322 2392 5393 combussit,
2422 5322 2519 5378 sed
2551 5322 2935 5377 inﬂammavit
2962 5322 3355 5394 claudumque
3401 5320 3550 5376 fecit.
3585 5322 3688 5373 At-

1634 5521 1877 5577 VARI/E
1915 5519 2323 5576 LECTIONES.

357 5670 407 5708 ⁸⁸
429 5668 689 5735 Μωῦσέος
713 5674 784 5735 0.
824 5673 866 5710 ³⁸
894 5672 1124 5753 codicis
1153 5670 1512 5744 scripturam
1545 5669 1764 5749 ἀγήρως
1797 5675 2027 5730 mutare
2059 5669 2236 5728 nolui.
2267 5669 2332 5704 ¹⁰⁰
2364 5665 2529 5721 ίακών
2560 5668 2626 5722 0.
