4082 6208
410 341 530 400 455
1239 338 1303 397 S.
1349 336 1789 396 CLEMENTIS
1836 333 1860 393 Ι
1906 331 2097 395 ROM.
2144 333 2374 394 PONT.
2422 334 2682 395 OPERA
2726 335 2991 396 DUBIA.
3652 345 3754 405 456

412 476 607 525 tamen
662 468 733 538 is,
795 466 893 538 qui
952 483 1019 521 ex
1084 467 1379 523 voluntate
1434 466 1593 523 aliud
1649 465 1774 522 fieri
1831 465 2032 537 nequit

2168 459 2336 533 θέλει,
2392 463 2467 535 μή
2513 460 2829 535 δυνάμενος,
2873 462 2947 524 ὡς
2999 462 3343 536 ὑποκείμενος
3498 467 3645 523 αὑτοῦ
3682 470 3759 548 9'5-

412 561 612 628 utpote
669 556 941 611 subditus
988 555 1179 627 ipsius
1228 560 1468 621 natura,
1504 554 1768 611 mortalis
1802 560 1919 622 est;
1953 554 2053 609 sed

411 645 509 716 qui
542 662 660 700 suae
681 643 865 716 ipsius
890 647 1108 698 naturae
1137 644 1434 715 imperans
1456 644 1607 715 potis
1624 650 1712 699 est
1740 644 1863 699 fieri
1895 643 2057 714 quid-

410 733 551 803 quid
582 738 639 788 et
681 733 1148 805 quandocunque
1199 733 1344 803 vult,
1387 733 1468 787 ita
1499 738 1561 788 ut
1592 750 1774 788 novus
1807 733 2053 801 eveniat,

410 826 499 877 est
536 821 906 877 immortalis.
960 822 1146 885 Quare
1194 822 1380 877 multa
1422 821 1610 893 magis
1641 820 1742 876 Dei
1797 824 2055 892 potestas

408 910 725 966 essentiam
759 911 1016 981 corporis
1045 911 1280 982 quando
1310 916 1366 966 et
1395 910 1455 965 in
1487 911 1901 981 quodcumque
1929 908 2055 963 vult

407 999 712 1066 convertit,
733 1004 790 1053 et
820 997 1033 1054 similis
1061 998 1421 1067 substantiae,
1456 1015 1591 1067 non,
1625 1002 1820 1053 autem
1851 1013 2049 1068 aequas,

408 1087 865 1142 commutatione
917 1092 1150 1158 peracta
1197 1090 1479 1158 procreat.
1516 1090 1602 1141 Ita
1650 1090 1875 1142 creator
1902 1091 1961 1140 et
1991 1085 2050 1140 in

408 1174 585 1230 aliam
611 1176 927 1232 essentiam
961 1180 1322 1231 commutata
1352 1176 1409 1230 in
1434 1192 1497 1230 se
1527 1180 1809 1230 revertere
1841 1178 2048 1246 potest,

407 1280 541 1320 cum
573 1281 643 1319 ex
670 1263 830 1320 illius
864 1264 1185 1319 mutatione
1211 1263 1366 1319 [ilius
1385 1264 1726 1336 progenitus
1743 1264 1868 1320 sine
1899 1279 2052 1319 crea-

406 1354 548 1412 toris
578 1353 867 1410 voluntate
898 1353 1053 1409 aliud
1103 1352 1204 1425 qui
1248 1353 1371 1408 ﬁeri
1403 1370 1519 1409 non
1569 1352 1772 1426 possit,
1806 1352 1919 1408 nisi
1952 1350 2049 1408 ille

392 1449 636 1501 annuaL

462 1550 612 1605 VIII.
648 1550 778 1604 Haec
810 1566 942 1604 cum
976 1552 1180 1604 Petrus
1221 1547 1480 1619 dixisset,
1515 1547 1804 1613 Micbaeas,
1835 1552 1891 1602 et
1919 1546 2045 1618 ipse

390 1656 458 1694 ex
482 1638 763 1694 comitum
800 1654 1042 1693 numero
1076 1654 1268 1693 unus:
1306 1637 1512 1705 Velim,
1545 1636 1760 1707 inquit,
1806 1653 1839 1691 a
1870 1641 1924 1690 te
1954 1636 2040 1690 di-

388 1744 568 1794 scere,
605 1743 747 1781 num
780 1728 955 1782 etiam
991 1726 1179 1781 bonus
1209 1726 1410 1781 eodem
1464 1726 1632 1781 modo
1680 1725 1913 1796 genitus
1944 1724 2039 1792 sit,

2167 571 2267 619 σει,
2330 550 2523 622 θνητός
2583 551 2722 606 ἐστιν
2807 549 3097 624 δυνάμενος
3157 550 3212 606 δέ
3262 574 3343 615 τις
3394 555 3634 630 γενέσθαι,
3687 558 3760 615 ὅτε

2165 639 2333 707 θέλει,
2366 640 2394 694 ’ὸ
2453 640 2618 712 θέλει,
2681 642 2757 703 ὡς
2815 640 2982 709 αὐτῆς
3039 647 3139 709 τῆς
3199 640 3396 719 φύσεως
3444 641 3760 717 ὃεσποτεὺων,

2165 727 2239 790 είς
2294 730 2356 783 τὸ
2412 731 2616 799 νεάζειν
2674 728 3045 808 ὑποστρέφων,
3104 729 3356 794 ἀθάνατός
3413 730 3577 790 ἐστιν.
3629 737 3757 792 Ὅθεν

2162 816 2307 871 πολὺ
2342 816 2554 890 μᾶλλον
2586 820 2620 887 ἡ
2652 823 2748 873 τοῦ
2778 816 2915 873 Θεοῦ
2948 815 3194 891 δύναμις,
3227 818 3314 874 ὅτε
3338 818 3474 875 θέλει
3520 826 3655 880 Δθδ
3679 830 3758 881 τοῦ

2164 906 2419 979 σώματος
2466 909 2565 976 τήν
2613 907 2795 962 οὐσίαν
2830 908 2904 969 εἰς
2957 909 2986 962 ’ὀ
3017 906 3159 962 θέλει
3213 910 3517 984 μετατρέπει
3540 912 3617 965 καὶ
3644 913 3755 986 ὁμο·

2162 994 2343 1050 οὐσιον
2400 999 2476 1069 μὴ
2523 996 2770 1072 παρούσῃ
2815 1003 2992 1071 τροπῆ
3034 991 3361 1072 προϐάλλει,
3394 997 3683 1074 ίσοδὺναμον
3709 1000 3755 1059 δὶ

2161 1079 2243 1139 οῦ.
2276 1086 2396 1142 Ὃτι
2430 1086 2459 1139 6
2508 1086 2600 1158 μὲν
2642 1079 2977 1161 προϐάλλων
3010 1085 3099 1140 καὶ
3132 1085 3209 1148 εἷς
3249 1084 3425 1162 ἑτέραν
3462 1087 3624 1143 οὐσίαν
3648 1111 3747 1166 τρα·

2158 1172 2323 1227 πέντα
2364 1172 2529 1228 πάλιν
2577 1173 2655 1251 ἐφ’
2706 1174 2893 1229 ἑαυτὸν
2941 1175 3156 1249 τρέπειν
3204 1172 3414 1230 δύναται
3447 1180 3486 1246 ί,
3518 1178 3544 1231 6
3573 1174 3622 1233 δὶ
3641 1200 3747 1254 προ-

2159 1255 2380 1332 ϐληθεὶς
2411 1269 2509 1331 τῆς
2541 1260 2592 1332 ἐξ
2623 1260 2827 1317 ἐκείνου
2861 1265 3070 1338 τροπῆς
3097 1284 3157 1318 τε
3203 1262 3292 1317 καὶ
3330 1265 3506 1319 τέκνον
3536 1266 3749 1343 ὑπάρχων

2158 1345 2280 1404 ἄνευ
2310 1355 2407 1406 τοῦ
2456 1346 2874 1427 προϐάλλοντος
2932 1351 3138 1427 βουλῆς
3190 1350 3332 1409 ἄλλο
3371 1375 3425 1409 τι
3467 1350 3675 1432 γενέσθαι
3707 1356 3757 1413 οὗ

2158 1435 2397 1512 δύναται,
2432 1439 2477 1494 εἰ
2512 1441 2589 1513 μὴ
2618 1439 2819 1502 ἐκεῖνος
2850 1437 3018 1495 θέλει.

2225 1548 2371 1603 VIII.
2423 1552 2598 1602 Ταῦτα
2643 1551 2739 1602 τοῦ
2794 1547 2998 1624 Πέτρου
3045 1547 3318 1619 εἰπόντος,
3369 1549 3593 1625 Μιχαίας
3622 1552 3658 1620 ³,
3685 1549 3759 1606 καὶ

2152 1632 2311 1696 αὐτὸς
2366 1636 2440 1696 εἷς
2486 1640 2591 1689 τῶν
2638 1634 2918 1708 ἑπομένων
2970 1636 3214 1711 ἑταίρων,
3271 1632 3614 1710 Ἐϐουλόμην,
3652 1636 3755 1717 ἔφη,

2149 1722 2240 1776 καὶ
2288 1722 2445 1784 αὐτὸς
2501 1729 2686 1796 μαθεῖν
2740 1726 2886 1797 παρὰ
2928 1728 3047 1790 σοῦ,
3081 1724 3127 1779 εί
3177 1723 3359 1801 ὥσπερ
3394 1726 3422 1780 6
3449 1727 3666 1801 πονηρὸς
3690 1727 3761 1802 γέ-

390 1832 503 1888 quo
538 1815 765 1872 malus:
802 1815 850 1871 si
884 1816 1040 1871 enim
1073 1831 1237 1885 aequo
1279 1815 1450 1869 modo
1483 1814 1615 1868 facti
1660 1814 1891 1880 fuerint,
1927 1813 2035 1869 fra-

2150 1831 2324 1885 γονεν,
2384 1810 2867 1901 οὕτω-γεγένηται
2915 1812 3006 1867 καὶ
3058 1814 3086 1868 6
3133 1813 3354 1887 ἀγαθός,
3387 1813 3447 1867 Εἰ
3495 1812 3547 1868 δὲ
3582 1814 3759 1885 ὁμοίως

388 1908 507 1959 tres
539 1903 681 1959 mihi
736 1920 863 1960 esse
912 1903 1197 1958 videntur.
1247 1902 1569 1974 Respondit
1616 1902 1859 1956 Petrus:
1912 1900 2036 1956 Non

388 1993 568 2065 geniti
600 1994 843 2048 fuerunt
875 1990 1053 2046 simili
1078 1992 1280 2057 modo,
1313 1991 1361 2046 si
1386 2006 1479 2045 me
1519 1991 1591 2045 ab
1623 1989 1787 2045 initio
1821 1989 2039 2045 dixisse

389 2082 738 2150 recordaris,
773 2080 911 2135 mali
942 2079 1380 2151 quadruplicem
1414 2079 1807 2135 substantiam
1840 2094 2038 2149 corpo-

388 2170 470 2226 ris
518 2171 848 2226 secundum
880 2186 1093 2241 genera
1146 2168 1394 2223 divisam
1426 2185 1459 2223 a
1505 2172 1616 2222 Deo
1649 2171 2031 2239 procreatam,

389 2260 492 2315 sed
525 2264 684 2315 extra
723 2275 855 2313 eam
889 2258 1211 2313 secundum
1257 2255 1533 2312 creatoris
1572 2255 1928 2311 voluntatem
1960 2255 2031 2310 ad

389 2348 723 2403 mistionem
755 2346 1067 2403 consilium
1100 2345 1267 2401 malis
1300 2345 1561 2417 gaudens
1591 2360 1719 2400 esse
1745 2348 2031 2414 tempera-

385 2442 534 2492 tum.
568 2439 647 2493 Ac
670 2437 749 2491 ita
771 2435 1144 2490 statuendum
1169 2434 1561 2489 substantiam
1587 2431 2030 2504 quadruplicem

386 2541 454 2581 ex
484 2526 598 2581 Deo
629 2525 918 2597 prolatam
966 2524 1094 2595 ejus
1143 2522 1378 2595 quidem
1428 2538 1553 2577 esse
1591 2527 1937 2587 creaturam,
1973 2524 2031 2575 et

386 2615 576 2686 ipsam
609 2613 1050 2683 sempiternam.
1074 2611 1189 2666 Cur
1218 2616 1412 2666 autem
1436 2616 1597 2665 extra
1617 2609 1932 2665 essentiam
1956 2608 2028 2664 ab

386 2718 452 2759 eo
482 2706 868 2774 temperatam
899 2700 1281 2772 congrediens
1314 2699 1676 2771 propositum
1701 2697 1871 2754 malis
1894 2714 2028 2769 gau-

387 2792 529 2846 dens
569 2796 767 2862 postea
823 2788 1214 2862 gignebatur?
1260 2789 1328 2843 Et
1383 2788 1493 2843 hac
1539 2787 1774 2860 quidem
1808 2787 2028 2843 ratione

388 2896 575 2951 neque
607 2896 641 2935 a
670 2878 805 2949 Deo,
839 2894 1027 2949 neque
1046 2878 1131 2933 .ab
1164 2877 1276 2933 alio
1308 2878 1561 2949 quodam
1611 2882 1889 2945 creatum,
1924 2877 2024 2933 sed

387 2986 459 3025 ne
489 2985 555 3024 ex
587 2983 653 3024 eo
687 2968 922 3039 quidem
955 2965 1266 3039 prolatum,
1309 2982 1495 3038 neque
1528 2972 1732 3038 sponte
1760 2982 2026 3038 progres-

384 3074 516 3115 sum
547 3062 654 3123 est,
688 3072 877 3127 neque
934 3072 1165 3127 semper
1222 3055 1348 3122 fuit,
1397 3059 1460 3110 ut
1506 3059 1640 3111 ante
1688 3054 2023 3110 mistionem

386 3147 661 3211 essentia,
696 3145 797 3200 sed
841 3145 1089 3199 mistura
1136 3145 1460 3199 secundum
1519 3144 1619 3200 Dei
1666 3143 2023 3199 voluntatem

385 3239 547 3290 extra
576 3233 814 3289 exstitit.
849 3235 981 3298 Qum
1014 3232 1248 3303 quidem
1288 3232 1367 3287 ita
1400 3249 1526 3287 sese
1575 3231 1830 3287 habeant
1857 3248 2024 3304 opor-

384 3328 527 3393 tere,
569 3339 720 3393 saepe
751 3322 1195 3376 afﬁrmavimus.
1229 3321 1338 3376 Sed
1373 3322 1521 3377 bono
1553 3338 1621 3377 ex
1651 3322 1875 3392 optima
1930 3320 2031 3376 Dei

385 3411 841 3468 commutatione
875 3415 1029 3479 nato,
1064 3426 1167 3465 nec
1198 3414 1359 3465 extra
1389 3410 1689 3466 exsistenti
1736 3410 2030 3481 mistione,

391 3499 576 3555 ﬁlium
612 3515 740 3555 esse
771 3498 1058 3570 contingit
1087 3498 1158 3565 ei,
1193 3498 1293 3569 qui
1337 3503 1445 3553 est.
1494 3498 1711 3553 Verum
1744 3498 1865 3554 haec
1897 3515 2031 3554 cum

391 3589 611 3661 scripta
639 3605 754 3644 non
814 3587 955 3653 sint,
1004 3588 1103 3642 sed
1163 3587 1397 3643 nonnisi
1428 3587 1778 3658 conjecturis
1823 3590 2032 3643 contir-

391 3683 568 3749 mata,
601 3676 757 3733 haud
791 3677 960 3748 plane
981 3692 1048 3731 ea
1070 3678 1150 3732 ita
1180 3692 1242 3731 se
1274 3676 1485 3731 habere
1516 3694 1549 3731 a
1571 3676 1738 3732 nobis
1768 3692 2032 3748 compro-

388 3766 577 3822 betur.
600 3765 745 3821 Nam
780 3764 923 3820 alias
944 3781 1110 3820 mens
1140 3781 1226 3832 ea,
1256 3781 1385 3836 qua:
1412 3766 1530 3835 jam
1563 3764 1799 3819 omnino
1819 3781 2032 3836 praeoc-

388 3855 642 3927 cupavit,
686 3855 1020 3927 perquirere
1068 3859 1339 3909 cessaret.
1389 3855 1575 3925 Atque
1606 3859 1880 3924 praaterea
1912 3869 2031 3909 me—

387 3944 554 4009 mini,
586 3941 927 4014 bujusrmdi
958 3959 1049 3997 res
1080 3958 1194 3997 non
1229 3941 1523 4011 omnibus,
1557 3942 1656 3997 sed
1690 3940 1830 3997 solis
1860 3958 2032 4012 expe-

389 4031 601 4087 rientia
632 4029 1060 4101 probatissimis
1092 4029 1235 4083 mihi
1267 4046 1394 4085 esse
1438 4029 1797 4085 revelandas.
1834 4030 2032 4102 Neque

387 4119 514 4174 sine
544 4117 886 4173 difﬁcultate
933 4118 1003 4173 de
1055 4117 1127 4172 iis
1184 4123 1388 4173 mutuo
1437 4117 1657 4189 aliquid
1704 4117 2029 4186 affirmetis,

387 4224 574 4279 neque
604 4207 867 4263 audeatis
898 4207 1274 4278 pronuntiare
1304 4223 1436 4262 cum
1460 4207 1808 4262 certitudinc
1831 4206 2031 4262 ineffa-

385 4295 593 4351 bilium
626 4294 1038 4367 cognitionem,
1071 4295 1171 4350 sed
1206 4294 1264 4349 in
1298 4295 1529 4350 silentio
1579 4300 1807 4351 tantum
1842 4311 2030 4351 rema-

385 4389 515 4441 nete
544 4383 963 4457 cogitabundi;
1016 4400 1151 4439 nam
1209 4383 1359 4439 inter
1414 4382 1773 4455 loquendum
1834 4386 2029 4441 forsan

381 4473 454 4539 is,
484 4472 584 4545 qui
609 4472 888 4545 loquitur,
940 4478 1138 4544 peccat
1176 4471 1427 4542 inscitia,
1461 4490 1807 4545 poenamque
1849 4474 2029 4543 dabit,

384 4578 541 4629 cum,
569 4562 797 4617 etiamsi
828 4562 900 4617 ad
924 4561 1329 4634 semetipsum,
1365 4561 1827 4633 pronuntiaverit
1856 4562 2031 4619 silen-
2061 4566 2109 4632 D

381 4652 461 4708 tio
490 4651 839 4707 veneranda.

454 4755 547 4812 IX.
580 4759 714 4822 Quas
756 4772 889 4811 cum
937 4756 1136 4812 Petrus
1187 4755 1449 4827 dixisset,
1511 4756 1783 4819 Lazarus.
1844 4756 1945 4828 qui
1974 4761 2033 4814 et

380 4844 505 4916 ipse
561 4849 683 4900 erat
726 4862 880 4900 unus
934 4862 1001 4899 ex
1046 4844 1397 4901 comitibus:
1464 4844 1560 4899 Dic
1600 4846 1787 4914 nobis,
1821 4845 2028 4917 inquit,

382 4933 675 5005 quomodo
706 4933 827 4989 haec
869 4934 1269 4989 consentiant:
1303 4932 1402 5004 qui
1459 4933 1665 4988 rationi
1725 4940 2029 4991 consenta-

382 5037 558 5077 neum
590 5037 718 5077 esse
749 5026 959 5093 potest,
992 5021 1213 5077 malum
1271 5021 1464 5092 ipsum
1524 5038 1559 5077 a
1590 5020 1704 5077 Deo
1754 5023 1917 5093 justo
1957 5025 2030 5080 ad

379 5108 591 5183 impios
618 5109 1001 5166 vindicandos
1050 5108 1434 5165 constitutum
1483 5113 1683 5182 postea
1732 5111 1884 5168 inter
1925 5129 2028 5169 an-

2144 1899 2449 1974 γεγόνασιν,
2513 1897 2742 1977 ἀδελφοὶ
2800 1899 2936 1955 εἷναί
2989 1922 3080 1974 μοι
3128 1898 3297 1957 δοκεῖ.
3348 1902 3442 1955 Καὶ
3492 1902 3518 1955 6
3566 1901 3756 1977 Πέτρος·

2146 1986 2263 2062 Οὐχ
2313 1986 2525 2061 ὁμοίως
2574 1988 2885 2063 γεγόνασιν,
2938 1986 3086 2062 εἷ’περ
3140 1987 3411 2061 μέμνησαι
3444 1990 3511 2043 ὧν
3555 1989 3602 2043 έν
3630 1990 3757 2065 ἀρχῇ

2145 2075 2314 2146 εἶπον,
2368 2075 2450 2131 ὅτι
2497 2081 2594 2131 τοῦ
2638 2081 2886 2153 πονηροῦ
2933 2080 2968 2147 ἡ
3017 2079 3343 2154 τετραγενὴς
3398 2082 3491 2132 τοῦ
3540 2079 3759 2151 σώματος

2144 2164 2300 2219 οὐσία
2356 2163 2876 2242 πεφυλοκρινημένη
2934 2166 3038 2221 ὑπὸ
3091 2171 3189 2220 τοῦ
3248 2171 3381 2222 Θεοῦ
3435 2161 3756 2241 προεϐλήθη,

2142 2251 2242 2324 ἔξω
2274 2251 2330 2308 δὲ
2359 2253 2530 2323 αὐτῆς
2561 2256 2695 2309 κατὰ
2724 2256 2825 2323 τήν
2855 2254 2953 2309 τὸῦ
2983 2249 3362 2331 προϐαλόντος
3397 2254 3588 2331 βουλήν
3623 2253 3759 2330 ἐκρά-

2139 2344 2204 2412 θη
2236 2344 2421 2418 ³πρὸς
2477 2344 2577 2412 τήν
2631 2349 2819 2420 κρᾶσιν
2874 2346 2909 2413 ἡ
2969 2350 3157 2405 κακοῖς
3212 2342 3479 2420 χαίρουσα
3531 2344 3756 2419 προαίρε-

2139 2451 2241 2493 σις.
2276 2433 2363 2493 Ὧς
2387 2437 2551 2500 νοεῖν,
2599 2431 2683 2486 ὅτι
2732 2436 2866 2487 Θεοῦ
2918 2433 3013 2505 μὶν
3066 2434 3253 2487 τέκνον
3304 2434 3337 2502 ἡ
3381 2432 3683 2507 τετραγενὴς
3712 2430 3756 2503 ἐξ

2138 2520 2302 2574 αὑτοῦ
2325 2515 2705 2596 προϐληθεῖσα
2745 2520 2917 2593 οὐσία,
2949 2522 2984 2590 ἢ
3020 2521 3106 2575 καὶ
3158 2520 3293 2591 αὐτὴ
3348 2520 3498 2576 οὐσία
3543 2519 3635 2576 ἀεί.
3670 2521 3759 2575 Atti

2134 2608 2187 2663 τί
2218 2606 2322 2664 δδὲ
2370 2604 2470 2679 ἔξω
2521 2610 2609 2664 ὑπ’
2658 2609 2824 2664 αὑτοῦ
2871 2608 3162 2685 κραθείσης
3213 2610 3399 2672 οὐσίας
3434 2613 3467 2679 ἡ
3512 2604 3760 2683 συμϐεϐη-

2134 2702 2261 2751 κυῖα
2304 2702 2491 2758 κακοῖς
2542 2696 2813 2773 χαίρουσα
2859 2697 3170 2771 προαίρεσις
3216 2697 3487 2773 έπεγίνετο
3514 2718 3527 2768 ;
3556 2698 3636 2753 καὶ
3682 2696 3759 2752 eii-

2133 2806 2241 2846 τως
2289 2782 2411 2840 οὔτε
2458 2785 2561 2839 ὑπὸ
2608 2790 2703 2840 τοῦ
2736 2790 2870 2841 Θεοῦ
2906 2785 3246 2861 γεγέννηται,
3300 2783 3423 2841 οὔτε
3474 2787 3555 2863 ὑφ’
3592 2787 3756 2862 ἑτέρου

2133 2875 2298 2947 τινὸς,
2351 2873 2479 2930 ἀλλ’
2527 2874 2649 2930 οὕτε
2677 2878 2698 2912 ⁸
2725 2875 2813 2930 ὑπ’
2861 2874 3025 2931 αὐτοῦ
3071 2869 3471 2950 προϐέϐληται,
3520 2875 3634 2930 οῧτε
3676 2874 3759 2929 αὖα

2131 2965 2385 3037 τομάτως
2440 2962 2839 3037 προελήλυθεν,
2900 2962 3022 3019 οὔτε
3083 2964 3163 3018 ἀεὶ
3216 2965 3309 3034 ἦν,
3356 2964 3429 3026 ὡς
3475 2966 3506 3033 ἡ
3548 2965 3757 3038 πρὸτῆς

2134 3053 2476 3128 συγκράσεως
2508 3052 2680 3124 οὐσία,
2717 3050 2863 3107 ἀλλᾶ
2892 3052 3025 3107 κατὰ
3071 3053 3169 3121 τήν
3216 3058 3315 3107 τοῦ
3348 3057 3486 3109 Θεοῦ
3520 3050 3757 3127 βούλησιν

2138 3140 2238 3212 ἔξω
2266 3146 2334 3215 τῇ
2364 3144 2549 3215 κράσει
2582 3145 2737 3200 404
2767 3136 3130 3215 συμϐέϐηκεν.
3165 3142 3265 3196 Καὶ
3300 3142 3383 3197 ὅτι
3414 3142 3611 3216 ἀνάγκη
3631 3140 3762 3203 τοῦθ’

2141 3230 2311 3292 οὕτως
2364 3229 2551 3306 ἔχειν,
2610 3229 2881 3292 πολλάκις
2956 3230 3289 3306 εἰρήκαμεν.
3369 3232 3424 3286 Ὀ
3483 3227 3537 3285 δὲ
3590 3228 3762 3305 ἀγαθὸς

2142 3319 2200 3374 ἐκ
2253 3326 2352 3388 τῆς
2407 3324 2505 3374 τοῦ
2565 3324 2699 3375 Θεοῦ
2755 3317 3058 3387 καλλίστης
3105 3326 3320 3392 τροπῆς
3380 3317 3643 3395 γεννηθεὶς
3686 3317 3764 3371 καὶ

2141 3409 2240 3463 οὑκ
2268 3404 2368 3478 ἔξω
2396 3409 2582 3485 κράσει
2614 3403 2975 3481 συμϐεϐηκὼς
3005 3412 3085 3480 τῷ
3135 3404 3246 3463 ὅντι
3290 3409 3410 3471 κῖὸς
3442 3408 3598 3465 ἐστιν.
3631 3405 3764 3476 Πλὴν

2142 3497 2256 3553 ἐπεὶ
2311 3502 2478 3567 ταῦτα
2534 3495 2743 3573 ἄγραφα
2797 3498 3057 3573 τυγχάνει
3106 3497 3195 3552 καὶ
3246 3503 3584 3573 στοχασμοῖς
3624 3515 3764 3551 πεπι-

2142 3585 2408 3657 στωμένα,
2444 3587 2520 3659 μὴ
2552 3586 2769 3648 πάντως
2798 3589 2832 3656 ἡ
2853 3588 2989 3660 [μῖν]
3040 3585 3211 3648 οὕτως
3244 3582 3396 3661 ἔχειν
3434 3581 3763 3663 βεϐαιούσθω.

2141 3673 2209 3730 Εἴ
2236 3672 2294 3730 δὲ
2328 3677 2402 3748 μή
2436 3696 2517 3751 γε,
2552 3676 2579 3729 6
2610 3680 2734 3737 νοῦς
2780 3676 2855 3737 ὡς
2902 3674 3114 3737 πάντως
3144 3674 3503 3753 προειληφὼς
3534 3675 3612 3747 [τὸ
3639 3671 3765 3743 ἀλη-

2143 3765 2253 3837 θ]ὶς
2307 3769 2403 3819 τοῦ
2464 3769 2642 3834 ζητεῖν
2700 3763 2923 3818 παύεται
2960 3807 2972 3820 .
3044 3763 3271 3818 Κάκεῖνά
3337 3785 3432 3836 μοι
3492 3761 3767 3837 μνημονεὺ·

2142 3874 2253 3907 εται
2284 3856 2325 3922 ³,
2358 3852 2439 3907 ὅτι
2470 3854 2537 3919 τὰ
2564 3853 2792 3907 τοιαῦτά
2823 3854 2915 3925 [με
2944 3855 3127 3926 πᾶσι]ν
3176 3852 3237 3906 οὐ
3293 3850 3380 3907 δεῖ
3419 3842 3768 3928 λέγειν,’ἀλλά

2138 3947 2254 4003 τοῖς
2286 3941 2417 4015 μετᾶ
2445 3946 2631 4017 πεῖραν
2666 3938 3081 4013 δοκιμωτάτοις.
3115 3941 3186 3995 Οὐ
3220 3938 3279 3995 δὲ
3320 3942 3459 4018 πρὸς
3505 3938 3767 4010 ἀλλήλους

2143 4026 2342 4105 ῥᾳδίως
2401 4030 2770 4104 ἱσχυρίζεσθαι
2835 4027 2916 4084 δεῖ
2970 4032 3037 4084 τὰ
3088 4034 3337 4097 τοιαῦτα,
3402 4028 3524 4085 οὐδέ
3578 4026 3765 4101 τολμᾷν

2144 4118 2387 4197 ὀφείλετε
2437 4117 2610 4193 λέγειν
2642 4118 2716 4180 ὡς
2764 4113 3112 4194 ἀκριϐοῦντες
3156 4120 3256 4188 τὴν
3304 4123 3417 4173 τῶν
3466 4117 3768 4194 ἀπορρήτων

2143 4206 2366 4282 εὕρεσιν,
2426 4205 2572 4262 ἀλλὰ
2627 4211 2944 4269 σιωπῶντας
3005 4208 3115 4283 χρή
3176 4206 3523 4281 ἐνθυμεῖσθαι
3578 4206 3769 4279 μόνον·

2142 4295 2191 4351 ἐν
2214 4298 2314 4371 γὰρ
2346 4295 2424 4369 τῷ
2474 4295 2653 4371 λέγειν
2705 4293 2834 4359 ἴσως
2887 4296 2993 4372 οὐχ
3023 4296 3096 4357 ὡς
3143 4292 3288 4371 ἔχων
3322 4300 3342 4333 ⁷
3377 4297 3405 4351 6
3434 4296 3770 4375 φθεγξάμενος

2142 4386 2530 4461 ἁμαρτήσεται,
2562 4384 2650 4439 καὶ
2679 4381 2833 4455 δίκην
2867 4385 3041 4463 ὑφέξει
3073 4385 3149 4447 ὠς
3184 4384 3503 4460 τολμήσας,
3532 4384 3623 4439 κᾶν
3654 4382 3773 4459 πρὸς

2143 4475 2349 4548 ἑαυτὸν,
2380 4473 2696 4550 φθέγξασθαι
2716 4474 2785 4529 τὰ
2810 4478 2934 4550 σιγῇ
2964 4494 3324 4548 τετιμημένα.

2212 4760 2483 4813 ΙΧ.Ταῦτα
2510 4760 2607 4811 τοῦ
2637 4755 2842 4833 Πέτρου
2875 4755 3398 4833 εἶπόντος,Λάζαρός
3429 4778 3513 4819 τις
3540 4761 3645 4811 τῶν
3671 4754 3780 4809 ἀκο-

2142 4844 2354 4909 λούθων
2386 4845 2475 4900 καὶ
2504 4843 2660 4907 αὐτὸς
2701 4840 2824 4924 ἔφη’
2852 4847 2958 4915 Τὴν
2986 4844 3301 4924 συμφωνίαν
3334 4849 3475 4919 ἡμῖν
3509 4845 3640 4900 εἶπέ·
3672 4846 3777 4904 πῶς

2141 4931 2627 5009 δυνατὸν,εὕλογον
2663 4934 2913 5005 εἶναι,τὸν
2940 4934 3044 4989 ὑπὸ
3076 4939 3208 4990 Θεοῦ
3230 4931 3446 4989 δικαίου
3470 4932 3779 4990 καταστάντα

2140 5024 2380 5099 πονηρὸν
2413 5022 2551 5079 ὥστε
2578 5027 2686 5078 τῶν
2721 5018 3098 5093 ἀσεϐησάντων
3126 5023 3260 5079 εἶναι
3287 5024 3561 5101 τιμωρὸν,
3599 5026 3775 5077 τοῦτον

2143 5111 2298 5167 αὗνὸν
2357 5112 2576 5186 ὕστερον
2638 5111 2773 5186 μετὰ
2828 5117 2933 5168 τῶν
2990 5112 3155 5168 αὐτοῦ
3213 5112 3467 5189 ἀγγέλων
3527 5112 3618 5167 σὺν
3673 5113 3780 5170 τοῖς

1732 5342 1979 5401 VARUE
2018 5345 2433 5402 LECTIONES.

452 5518 478 5591 ί.
501 5511 583 5591 ὅτι
684 5512 778 5591 μέν
806 5504 1141 5587 προϐάλλων
1164 5509 1252 5563 καὶ
1286 5508 1360 5591 είς
1389 5508 1570 5591 ἑτέραν
1602 5508 1765 5591 πάλιν
1801 5512 1988 5591 οὐσίαν.
2026 5512 2108 5591 ἐφ’
2151 5514 2336 5591 ἑαυτὸν
2382 5512 2665 5591 τραπέντα-
2696 5510 2913 5591 δύναται
2946 5516 3012 5591 O_.
3044 5516 3205 5591 ’_Cf_r.
3246 5531 3427 5591 supra
3458 5532 3511 5591 O_.
3543 5516 3594 5591 ᾗ.
3622 5511 3777 5591 lla}!!!

383 5587 557 5642 dubie
588 5578 988 5663 aliudno'men
1023 5583 1422 5663 reponendum
1453 5578 1636 5663 estnex
1670 5584 1790 5642 illis
1816 5604 1941 5661 qua:
1975 5578 2155 5647 habes
2189 5588 2346 5644 born.
2374 5578 2439 5660 11',
2474 5602 2523 5643 c.
2560 5588 2611 5642 1.
2647 5589 2668 5622 ³
2694 5587 2944 5663 κραθείση
2972 5588 3037 5644 0.
3070 5588 3091 5621 ⁴
3120 5586 3198 5649 τίς
3228 5605 3285 5663 p.
3320 5578 3417 5641 διὰ
3445 5584 3500 5641 τί
3534 5586 3597 5645 0.
3621 5587 3641 5620 ⁸
3663 5578 3779 5638 οὐδέ

380 5675 470 5730 pr.
505 5676 628 5712 ουτε
657 5658 722 5716 0.
756 5662 777 5697 ⁸
809 5650 1177 5731 μνημονεύὶτε
1206 5654 1271 5713 Ο.
1302 5655 1322 5691 ⁷
1361 5650 1490 5730 ἔχον
1522 5654 1585 5712 Ο.
