4082 6208
225 478 321 537 457

1324 476 1851 540 CLEMENTINA.
1884 512 1963 523 —
1994 476 2327 540 HOMILIA
2368 480 2504 541 XX.

3489 479 3610 542 458

219 605 556 683 ἁμαρτωλοῖς
604 606 679 671 εἲς
726 607 789 662 τὸ
821 606 1011 671 σκότος
1052 607 1114 664 τὸ
1144 608 1447 682 κατώτερον
1492 609 1799 684 πέμπεσθαι
1832 627 1847 681 ;

1966 611 2121 685 gelos
2151 627 2437 668 suoscum
2486 610 2887 684 peccatoribus
2937 609 2996 665 in
3049 610 3280 668 intimas
3336 612 3611 670 tenebras

214 698 289 751 καὶ
334 697 438 773 γὰρ
486 696 575 752 γαὶ
641 696 801 753 τοῦτο
855 700 1141 771 μέμνημαι
1201 697 1485 773 εἰρηκότος
1535 698 1698 753 αὐτοῦ
1755 704 1851 754 τοῦ

210 783 551 842 Διδασκάλου.
586 787 684 841 Καὶ
716 788 745 842 6
776 785 1001 861 Πέτρος·
1051 788 1225 863 κάγὼ,
1278 784 1405 865 ἔφη,
1445 786 1736 864 ὁμολογῶ,
1768 788 1852 844 ὅτι

209 877 496 951 ὁπονηρός
529 876 769 951 πονηρὸν
816 874 971 930 οὐδὲν
1021 882 1169 931 ποιεῖ
1204 878 1341 931 κατά
1380 880 1562 949 τοῦτο,
1592 875 1727 942 καθὸ
1756 878 1848 933 τὸν

209 962 421 1027 δοθέντα
448 964 594 1036 αὗτῷ
620 964 789 1037 νόμον
822 964 1049 1021 ἐκτελεῖ.
1082 964 1180 1019 Καὶ
1230 986 1314 1020 τοι
1362 965 1673 1040 προαίρεσιν
1703 964 1847 1041 ἔχων

206 1055 388 1123 κακήν,
425 1052 579 1124 ὅμως
627 1049 783 1131 φόϐῳ
829 1052 910 1126 τῷ
951 1055 1087 1127 πρὸς
1130 1054 1220 1109 τὸν
1271 1054 1399 1110 Θεὸν
1451 1051 1603 1109 οὐδὲν
1646 1052 1849 1117 ἀδίκως

206 1144 445 1217 πράσσει·
481 1137 797 1197 διαϐάλλων
848 1139 907 1197 δὲ
955 1140 1315 1206 διδασκάλους
1364 1141 1621 1214 ἀληθείας
1659 1142 1733 1205 είς
1767 1144 1850 1198 ὲν-

204 1228 352 1305 ἑδραν
382 1236 496 1284 τῶν
550 1229 780 1305 ἀκρίτων
815 1231 903 1285 καὶ
953 1226 1209 1294 διάϐολος
1241 1233 1269 1286 6
1301 1230 1458 1293 αὐτὸς
1506 1232 1846 1304 ὀνομάζεται.

200 1324 264 1373 To
320 1316 379 1373 δὲ
430 1319 521 1374 τὸν
584 1317 792 1392 ἀψευδῆ
853 1316 1178 1375 διδάσκαλον
1233 1323 1381 1380 405
1444 1321 1605 1394 ἡμῶν
1658 1320 1845 1395 εἰπεῖν,

202 1407 353 1461 αὐτόν
399 1428 460 1462 τε
501 1407 749 1470 καὶτοὺς
801 1407 1072 1483 ἀγγέλους
1119 1408 1283 1464 αὐτοῦ
1328 1408 1419 1464 σὺν
1467 1415 1586 1472 τοῖς
1634 1410 1847 1479 ἀπατη-

202 1498 359 1551 θεῖσιν
392 1494 750 1573 ἁμαρτωλοῖς
801 1497 877 1560 εἷς
923 1498 985 1553 τὸ
1015 1497 1204 1560 σκότος
1234 1499 1297 1553 τὸ
1343 1499 1646 1575 κατώτερω
1680 1497 1848 1554 ἀπελ-

203 1586 330 1657 θεῖν,
354 1585 606 1641 τοιοῦτόν
638 1606 756 1640 τινα
786 1583 903 1661 ἔχει
933 1583 1119 1661 λόγον.
1154 1588 1209 1640 Ὀ
1239 1588 1480 1663 πονηρὸς
1514 1586 1689 1659 σκότῳ
1720 1587 1847 1663 χαί-

207 1695 307 1749 ρειν
355 1675 490 1729 κατὰ
539 1675 638 1743 τήν
689 1678 927 1751 κρᾶσιν³
957 1677 1221 1751 γεγονὼς,
1268 1676 1403 1749 μετά
1449 1680 1557 1730 τῶν
1608 1673 1845 1749 ὁμοδού-

209 1760 311 1816 λων
344 1762 589 1839 ἀγγέλων
640 1763 715 1824 εἷς
762 1763 823 1818 τὸ
870 1762 967 1818 τοῦ
1015 1766 1290 1840 Ταρτάρου
1340 1764 1529 1825 σκότος
1568 1762 1845 1819 κατελθὼν

210 1849 405 1919 ἥδεται·
465 1852 624 1929 φίλον
681 1852 781 1928 γὰρ
841 1852 971 1928 πυρὶ
1027 1854 1089 1907 τὸ
1135 1853 1347 1915 σκότος.
1398 1854 1465 1910 Αἱ
1524 1850 1581 1908 δὲ
1628 1858 1733 1908 τῶν
1759 1852 1849 1907 άν-

189 1942 429 2015 ⁶θρώπων
478 1940 653 2017 ψυχαὶ
706 1941 885 2019 φωτὸς
931 1946 1169 2017 καθαροῦ
1218 1941 1472 2017 σταγόνες
1512 1939 1686 2012 οὖσαι,
1743 1942 1847 1997 ὑπὸ

214 2027 521 2107 ἀλλοφύλου
564 2030 739 2105 πυρὸς
790 2029 977 2092 οὐσίας
1018 2026 1414 2104 συμπινόμεναι
1445 2030 1535 2086 καὶ
1569 2030 1723 2086 φύσιν
1752 2035 1849 2087 τοῦ

219 2118 481 2182 ἀποθανεῖν
521 2119 621 2174 οὐκ
641 2116 891 2194 ἔχουσαι,
921 2120 1039 2174 κατ’
1071 2119 1215 2190 ἀξίαν
1248 2118 1593 2189 κολάζονται.
1626 2119 1688 2175 Εἰ
1733 2118 1790 2174 δὲ
1820 2121 1849 2174 ὁ

219 2214 308 2274 τῆς
338 2208 515 2269 κακίας
547 2207 796 2282 ἡγεμὼν,
830 2204 1117 2280 ἅνθρωπος
1148 2203 1245 2279 ὥν,
1279 2205 1340 2263 οὔ
1372 2207 1640 2281 πέμπεται
1682 2208 1758 2270 εἶς
1787 2208 1849 2263 τὸ

222 2294 394 2356 σκότος
425 2295 497 2356 ὡς
534 2296 611 2367 μὴ
642 2294 821 2368 τούτῳ
850 2295 1081 2373 χαίρων,
1121 2296 1247 2353 τότε
1285 2296 1346 2351 οὐ
1388 2295 1605 2353 δύναται
1637 2300 1657 2335 ⁰
1686 2300 1720 2367 ἡ
1752 2319 1849 2353 κα-

222 2389 332 2444 κοῖς
384 2384 543 2439 αὐτοῦ
618 2384 883 2460 χαίρουσα
950 2390 1140 2460 κρᾶσις
1217 2388 1705 2463 μετασυγκριθῆναι
1774 2386 1851 2449 εἷς

222 2472 410 2545 ἀγαθοῦ
457 2472 791 2548 προαίρεσιν.
844 2472 944 2530 Καὶ
996 2473 1169 2537 οὕτως
1221 2476 1417 2551 ἀγαθὸς
1473 2481 1701 2531 συνεῖναι
1731 2496 1850 2551 κρι-

220 2563 424 2629 θήσεται
466 2561 633 2628 ταότη
690 2560 923 2634 μᾶλλον,
956 2561 1059 2635 ὅτι,
1092 2570 1283 2627 κακοῖς
1330 2564 1625 2641 χαίρουσαν
1655 2562 1851 2640 λελογ-

216 2650 331 2723 χὼς
377 2657 580 2725 κρᾶσιν,
636 2651 784 2723 αἰτίᾳ
826 2656 921 2706 τοῦ
967 2654 1105 2728 πρὸς
1151 2651 1241 2708 τόν
1293 2654 1421 2709 Θεὸν
1477 2650 1649 2732 φόϐου
1698 2651 1852 2708 οὐδὲν

213 2739 355 2812 παρά
380 2740 437 2793 τὸ
470 2738 663 2794 δοκοῦν
712 2745 791 2813 τῷ
837 2745 933 2795 τοῦ
987 2746 1121 2797 Θεοῦ
1168 2742 1325 2815 νόμῳ
1374 2740 1714 2816 διεπράξατο.
1756 2742 1854 2796 Καὶ

217 2827 349 2896 μήτι
376 2848 433 2901 γε
475 2830 538 2882 τὸ
585 2828 685 2896 τὴν
726 2833 822 2882 τοῦ
872 2829 1173 2905 ἀρχιερέως
1217 2832 1426 2907 Ἀαρὼν
1471 2826 1667 2906 ῥάϐδον
1710 2833 1857 2906 γενέ-

212 2915 327 2968 σθαι
371 2912 484 2993 ὅφιν
529 2916 617 2971 καὶ
666 2915 832 2972 πάλιν
877 2918 1259 2994 ἀννιτραπῆναι
1311 2919 1388 2982 είς
1442 2917 1660 2995 ῥάϐδον,
1695 2918 1855 2975 τοῦτο

1964 700 2195 771 mitti(a)
2229 699 2536 769 i’Namque
2558 702 2616 753 et
2648 697 2757 753 hoc
2809 697 3003 767 ipsum
3069 698 3410 771 Magistrum
3455 716 3611 756 asse-

1961 788 2150 844 ruisse
2182 787 2601 843 memini.Tum
2633 785 2840 841 Petrus
2875 801 2887 839 :
2922 788 2989 840 Et
3009 800 3135 857 ego,
3178 786 3392 858 inquit,
3453 787 3610 843 afﬁr-

1961 893 2056 933 mo
2088 879 2308 932 malum
2360 874 2505 931 nihil
2567 874 2705 930 mali
2774 874 2980 941 facere,
3035 878 3324 944 quatenus
3381 875 3613 945 perﬁcit

1960 982 2089 1038 quae
2119 966 2169 1021 ei
2195 966 2368 1036 jussa
2390 968 2545 1021 sunt.
2588 962 2861 1030 Quamvis
2882 962 2952 1017 ad
2987 962 3141 1017 mala
3195 961 3458 1031 inclinet,
3518 963 3613 1018 ni-

1958 1053 2282 1110 hilominus
2314 1054 2522 1109 timore
2552 1052 2652 1108 Dei
2687 1050 2829 1106 nihil
2890 1051 3029 1106 mali
3062 1051 3198 1105 facit
3234 1070 3247 1117 ;
3318 1052 3418 1107 sed
3470 1052 3611 1123 quia

1958 1144 2275 1215 magistros
2305 1142 2563 1199 veritatis
2585 1142 2654 1196 ad
2679 1140 2943 1195 incautos
2973 1140 3346 1211 decipiendos
3384 1138 3607 1194 calum-

1959 1232 2174 1299 niatur,
2216 1236 2273 1287 et
2304 1231 2429 1304 ipse
2460 1229 2792 1303 appellatur
2848 1229 3137 1284 diabolus.
3199 1228 3362 1293 Quod
3409 1233 3607 1284 autem

1958 1336 2131 1376 verax
2153 1326 2351 1377 noster
2385 1322 2661 1392 Magister
2703 1319 2868 1385 dixit,
2917 1316 3083 1373 illum
3134 1321 3307 1389 atque
3363 1316 3604 1389 angelos

1958 1428 2099 1466 suos
2121 1428 2255 1467 cum
2280 1410 2534 1467 seductis
2560 1408 2961 1482 peccatoribus
2983 1408 3041 1462 in
3064 1407 3300 1463 infimas
3330 1407 3604 1462 tenebras

1958 1500 2140 1566 abire,
2173 1501 2253 1555 ita
2283 1498 2732 1571 intelligendum
2764 1502 2871 1554 est.
2904 1496 3088 1552 Malus
3120 1497 3444 1552 secundum
3493 1496 3602 1551 mi-

1956 1588 2206 1645 stionem
2256 1588 2338 1644 ita
2394 1594 2643 1657 creatus,
2712 1592 2776 1642 ut
2823 1586 3083 1643 tenebris
3141 1586 3410 1658 gaudeat,
3469 1601 3604 1641 cum

1957 1676 2183 1749 angelis
2213 1677 2507 1733 conservis
2538 1677 2597 1731 in
2629 1677 2938 1731 Tartarum
2971 1675 3332 1731 descendens
3353 1673 3603 1743 laetatur;

1958 1783 2093 1821 nam
2126 1766 2246 1839 igni
2269 1770 2445 1838 gratae
2468 1770 2608 1821 sunt
2630 1764 3013 1821 tenebre.Sed
3039 1763 3347 1819 hominum
3371 1762 3603 1835 anima,

1958 1872 2084 1927 quae
2118 1858 2248 1928 puri
2275 1855 2519 1911 luminis
2543 1854 2713 1910 stillte
2739 1858 2896 1921 sunt,
2920 1853 3074 1925 ignis
3096 1853 3330 1923 quidem
3354 1851 3609 1908 essentia

1958 1944 2109 2001 alius
2139 1948 2371 2017 generis
2411 1946 2719 2015 absorptaa,
2777 1943 3075 1997 immunes
3130 1946 3327 1997 tamen
3385 1946 3606 1996 natura:

1958 2034 2606 2103 moriundi,secundum
2640 2032 2796 2105 quod
2858 2036 3201 2086 meruerunt
3257 2030 3603 2101 puniuntur.

1958 2123 2017 2178 Si
2050 2129 2244 2179 autem
2276 2123 2511 2179 malitiae
2538 2123 2677 2187 dux,
2700 2125 2765 2175 ut
2793 2120 2990 2186 homo,
3023 2136 3136 2175 non
3171 2118 3498 2174 mitteretur
3544 2117 3605 2173 in

1959 2213 2249 2284 tenebras,
2276 2229 2342 2267 ac
2372 2212 2421 2268 si
2452 2211 2537 2267 eis
2569 2227 2684 2265 non
2719 2210 3015 2282 gauderet,
3051 2206 3247 2262 mistio
3277 2208 3405 2277 ejus
3433 2206 3607 2261 malis

1960 2301 2224 2373 gaudens
2252 2300 2312 2355 in
2345 2300 2482 2355 boni
2513 2298 2825 2354 consilium
2857 2295 3108 2352 converti
3142 2312 3257 2351 non
3293 2299 3506 2367 posset.
3540 2298 3609 2349 Et

1963 2389 2041 2444 ita
2073 2390 2261 2445 bonus
2294 2388 2373 2443 ibi
2405 2389 2687 2444 interesse
2717 2404 2783 2443 eo
2815 2384 3001 2457 magis
3024 2384 3409 2456 judicabitur,
3469 2398 3607 2439 cum

1964 2477 2295 2533 mistionem
2329 2476 2500 2533 malis
2531 2477 2884 2549 gaudentem
2918 2478 3124 2529 nactus
3154 2478 3391 2545 propter
3431 2473 3609 2529 timo-

1963 2582 2086 2620 rem
2118 2566 2219 2621 Dei
2252 2565 2397 2620 nihil
2451 2569 2653 2620 contra
2710 2565 2837 2634 ejus
2896 2563 3082 2635 legem
3144 2562 3464 2634 perfecerit.
3525 2568 3607 2615 Ac

1964 2670 2156 2709 nonne
2188 2652 2643 2711 commutatione
2665 2653 2837 2725 virgae
2856 2653 3073 2707 summi
3099 2651 3418 2706 sacerdotis
3439 2652 3611 2705 Aaro—

1966 2743 2057 2798 nis
2090 2743 2148 2797 in
2172 2746 2498 2813 serpentem
2531 2748 2588 2796 et
2618 2740 2945 2795 reversione
2974 2739 3103 2809 ejus
3126 2738 3185 2792 in
3208 2737 3429 2808 virgam
3461 2735 3613 2791 Scri-

1965 2836 2138 2905 ptura
2173 2831 2414 2905 mystice
2446 2829 2917 2903 praesigniﬁcavit
2948 2831 3207 2899 spectare
3239 2842 3366 2881 eam
3398 2826 3471 2881 ad
3527 2826 3613 2880 fu-

1965 2926 2162 2977 turam
2196 2920 2330 2976 mali
2364 2918 2758 2975 conversionis
2792 2914 3308 2972 commistionem?

209 3002 281 3065 εἷς
340 3007 429 3073 τήν
487 3011 584 3060 τοῦ
641 3011 882 3082 ποεηροῦ
930 3006 1150 3085 ὕστερον
1208 3008 1581 3084 γενησομένην
1638 3015 1738 3080 τῆς
1784 3016 1996 3086 τροπῆς
2043 3006 2472 3084 μετασόγκρασιν
2526 3009 2569 3046 ιο
2621 3002 3075 3082 μυστηριωδῶςὴ
3112 3003 3295 3080 Γραφή
3348 3000 3610 3074 ἐσομένην

208 3091 588 3167 προεδήλωσεν
622 3122 637 3166 ;

278 3188 347 3239 Χ.
379 3187 516 3240 Μετὰ
569 3182 626 3240 δὲ
672 3186 762 3240 τὸν
814 3187 1059 3262 Λάζαρον
1102 3186 1326 3265 Ἰωσὴφ,
1354 3188 1412 3250 ’ὀς
1458 3187 1548 3243 καὶ
1579 3187 1738 3251 αὐτὸς
1771 3187 1848 3250 εἷς

208 3276 314 3325 τῶν
367 3274 709 3347 ἀκολούθων,
759 3271 884 3352 ἔφη·
934 3276 1138 3350 Ὀρθῶς
1180 3275 1349 3331 πάντα
1401 3274 1694 3351 ε’ίρ[ηκας].
1741 3276 1846 3332 Κά-

2030 3188 2095 3243 Χ.
2131 3188 2266 3244 Post
2294 3192 2573 3243 Lazarum
2595 3184 2834 3258 Joseph,
2867 3189 2924 3241 et
2954 3184 3078 3257 ipse
3108 3198 3262 3238 unus
3304 3181 3608 3252 comitum,

1959 3276 2338 3346 dixit;Recte
2367 3276 2605 3333 omnino
2656 3275 2887 3330 locutus
2935 3289 3017 3329 es.
3070 3273 3139 3327 Et
3184 3270 3329 3326 mihi
3386 3271 3610 3327 discere

212 3360 305 3431 μοὶ
337 3366 485 3417 τοῦτο
537 3361 862 3437 βουλομένῳ
897 3364 1082 3436 μαθεῖν
1131 3365 1438 3441 παράσχου·
1491 3363 1579 3421 διὰ
1614 3365 1667 3421 τί
1716 3371 1844 3421 πᾶσι

212 3453 279 3472 _,'_
374 3450 398 3472 ,,
443 3456 470 3465 α’
561 3450 581 3472 Ἰ
608 3451 624 3472 Ι
795 3454 814 3472 Γ
963 3449 1044 3472 διδ
1130 3455 1146 3472 ‘I
1261 3454 1275 3472 ε
1369 3455 1385 3472 \
1545 3455 1586 3472 In
1824 3455 1838 3472 ι

1966 3367 2216 3439 cupienti
2248 3366 2356 3422 hoc
2386 3364 2646 3438 explica:
2682 3380 2787 3419 cur
2815 3363 3051 3418 eosdem
3083 3361 3351 3417 omnibus
3382 3374 3607 3415 sermo-

2093 3456 2106 3469 ο
2286 3456 2320 3472 ιο
2362 3454 2394 3472 ’ν
2475 3471 2483 3472 ,
2559 3471 2586 3472 η
2637 3453 2753 3472 ,ιςξα
2800 3452 3019 3472 ῌμξλ---
3060 3450 3478 3472 _-__---_‘I-_L--_
3507 3445 3601 3472 -I22

210 3453 316 3501 τῶν
353 3450 512 3505 αὑτῶν
561 3450 743 3526 λόγων
795 3449 1146 3526 [μεταδίδως]
1180 3472 1195 3522 ;
1229 3454 1281 3508 οἱ
1329 3455 1422 3528 μὲν
1468 3455 1762 3525 πείθονται,
1793 3455 1845 3509 οἱ

213 3532 267 3590 δὶ
301 3537 615 3597 ἀπειθοῦσιν.
650 3540 753 3597 Καὶ
803 3541 830 3593 6
879 3541 1107 3614 Πέτρος,
1150 3542 1223 3596 Οὐ
1272 3542 1376 3618 γάρ
1426 3543 1576 3616 εἷ’σιν,
1630 3541 1754 3621 ἔφη,
1796 3545 1849 3599 οἱ

214 3624 366 3701 λόγοι
397 3627 618 3701 ἐπῳδαὶ,
663 3628 756 3683 ’ίνα
794 3630 1010 3692 πάντως
1044 3634 1197 3688 406
1228 3631 1459 3695 ἀκούσας
1499 3655 1581 3695 τις
1631 3633 1847 3689 πιστεύ-

218 3732 300 3787 σῃ.
332 3721 411 3788 Τῷ
456 3714 511 3772 δέ
563 3738 715 3780 τινας
769 3719 861 3790 μὲν
911 3717 1217 3791 πείθεσθαι,
1272 3721 1418 3783 τινάς
1466 3718 1523 3775 δὲ
1573 3722 1671 3795 μὴ,
1722 3743 1851 3776 συν-

218 3807 349 3865 ετῶς
392 3802 651 3860 δείκνυται
707 3804 770 3861 τὸ
827 3806 1200 3880 αὐτεξούσιον.
1260 3813 1434 3865 Ταῦτα
1508 3809 1727 3865 εἰπόντα
1798 3811 1851 3865 οἱ

219 3890 404 3956 πάντες
434 3894 630 3972 εὐλογη
637 3916 702 3950 σα
709 3916 825 3968 μεν.

292 3986 374 4039 ΧΙ.
412 3986 506 4039 Καὶ
538 3982 604 4054 δὴ
661 3982 954 4057 μέλλουσιν
1005 3987 1140 4058 ἡμῖν
1176 3986 1444 4043 ἑστιᾶσθαι
1496 3986 1853 4063 ὑπεισέδραμέ

226 4088 303 4130 τις
349 4071 524 4149 λέγων·
576 4074 821 4143 Ἀηπίων
854 4075 883 4129 6
928 4074 1311 4147 πλειστονίκης
1366 4076 1457 4132 σὺν
1508 4072 1853 4132 ’Δννουϐίωνι

224 4159 347 4225 ἧκεν
381 4162 572 4235 ἀρτίως
639 4162 745 4217 ἀπὸ
815 4164 1197 4239 Ἀντιοχείας,
1244 4164 1335 4218 καὶ
1404 4165 1657 4238 ξενίζεται
1709 4165 1855 4240 παρᾶ

230 4245 445 4319 Σίμωνι.
477 4252 533 4304 '0
566 4248 625 4305 δὲ
654 4252 834 4328 πατὴρ
868 4251 1099 4314 ἀκούσας
1143 4252 1232 4306 καὶ
1282 4253 1470 4328 χαρεὶς
1502 4251 1599 4330 ἔφη
1642 4253 1850 4329 Πέτρῳ·

229 4335 283 4388 Ei
339 4359 420 4409 μοι
470 4339 812 4415 ἐπιτρέπεις,
858 4340 1159 4413 πονεύομαι
1217 4341 1667 4417 προσαγορεύσων
1726 4343 1859 4398 ’Λπ-

227 4422 390 4478 πίωνα
433 4428 518 4481 καὶ
583 4422 946 4484 Ἀννουϐίωνα
994 4428 1053 4483 ἐκ
1109 4431 1333 4505 πρώτης
1384 4429 1604 4499 ἡλικίας
1660 4429 1853 4508 φίλους

232 4532 321 4583 μοι
373 4518 784 4590 γεγενημένους.
827 4518 1014 4593 Τυχὸν
1068 4517 1172 4594 γὰρ
1230 4514 1589 4576 Ἀννουϐίωνα
1642 4520 1854 4595 πείσω,

228 4600 483 4675 Κλήμεντι
516 4603 876 4681 διαλεχθῆναι
914 4608 1039 4684 περὶ
1090 4608 1370 4682 γενέσεως.
1422 4608 1522 4666 Καὶ
1554 4611 1582 4664 6
1632 4608 1855 4684 Πέτρος,

226 4690 535 4768 Ἐπιτρέπω,
568 4693 693 4773 ἔφη,
736 4695 824 4750 καὶ
870 4696 1073 4751 ἐπαινῶ
1120 4697 1187 4752 τὸ.
1216 4696 1390 4775 φίλων
1442 4716 1502 4752 τε
1540 4696 1859 4774 πληροῦν-τα

236 4779 383 4854 μέρη.
414 4782 563 4853 Πλὴν
607 4783 773 4839 ἐννόει
812 4805 926 4857 μοι,
960 4785 1039 4847 ὡς
1087 4785 1224 4841 κατά
1270 4786 1527 4859 πρόνοιαν
1558 4790 1692 4841 Θεοῦ
1736 4808 1861 4842 παν-
1891 4776 1940 4839 D

227 4870 437 4946 ταχόθεν
470 4872 752 4949 συντρέχει
780 4875 848 4928 τά
878 4876 1013 4950 πρὸς
1058 4876 1158 4943 τὴν
1210 4876 1307 4944 σήν
1358 4874 1738 4954 πληροφορίαν
1780 4878 1858 4931 οἱ·

230 4957 360 5013 κείαν
389 4961 759 5017 ἀποτελοῦντα
786 4964 885 5032 τὴν
940 4964 1221 5037 ἁρμονίαν.
1256 4969 1424 5019 Τοῦτο
1474 4962 1532 5021 δὲ
1580 4965 1729 5020 εἶπον
1774 4964 1863 5022 διὰ

230 5048 319 5116 τήν
350 5047 733 5115 ’Δννουϐίωνος
763 5052 1059 5129 χρησίμως
1092 5075 1175 5109 σοι
1207 5052 1504 5129 γενομένην
1544 5052 1699 5125 έπιδη
1713 5056 1860 5128 μίαν.

236 5137 323 5189 Καὶ
350 5139 377 5191 6
405 5143 605 5217 πατήρ·
640 5140 897 5213 ’Δληθῶς
926 5146 1138 5218 συνορῶ
1165 5147 1324 5199 τοῦτο
1354 5138 1506 5218 ἔχον.
1552 5143 1649 5198 Καὶ
1696 5148 1865 5200 ταῦτα

244 5224 390 5281 ἐῖπὼν
417 5227 684 5306 ἐπορεύθη
722 5230 859 5308 πρὸς
892 5231 1117 5305 Σίμωνα
1149 5234 1213 5288 ¹¹.

300 5318 401 5417 .XII.
432 5322 618 5393 Ἡμεῖς
652 5317 710 5375 δὲ
739 5321 792 5375 οἱ
824 5320 1068 5385 συνόντες
1096 5324 1176 5395 τῷ
1206 5319 1394 5398 Πέτρῳ
1416 5318 1486 5377 δι’
1511 5320 1650 5393 ὅλης
1679 5321 1867 5386 νυκτὸς

242 5459 306 5532 (α)
332 5461 528 5520 Matth.
560 5481 693 5533 xxv,
725 5466 785 5524 41
800 5508 814 5523 .

1959 3474 2061 3513 nes
2091 3454 2431 3528 impertiris,
2464 3471 2598 3510 cum
2630 3453 2758 3508 aliis
2791 3452 3027 3525 quidem
3060 3445 3607 3522 persuadeatur,alii

1958 3550 2154 3601 autem
2186 3562 2301 3600 non
2333 3544 2571 3599 credant
2599 3542 2626 3596 ‘I
2657 3543 2724 3597 Et
2752 3546 2987 3598 Petrus:
3024 3540 3358 3606 Sermones,
3388 3536 3604 3608 inquit,

1958 3636 2114 3693 haud
2148 3650 2288 3690 sane
2319 3634 2755 3688 incantamenta
2775 3635 2933 3697 sunt,
2991 3628 3227 3701 quibus,
3260 3627 3361 3699 qui
3419 3626 3604 3693 audit,

1960 3724 2198 3781 omnino
2229 3722 2427 3777 credat
2448 3736 2685 3777 necesse
2708 3725 2815 3775 est.
2843 3718 3005 3785 Quod
3039 3716 3171 3772 aliis
3201 3715 3606 3788 persuadetur,

1961 3814 2093 3871 aliis
2124 3810 2663 3877 uon,manifestam
2714 3808 2921 3880 probat
2975 3804 3200 3862 arbitrii
3255 3803 3606 3859 libertatem.

1960 3903 2089 3960 Haec
2124 3902 2348 3958 elocuto
2380 3917 2487 3955 nos
2519 3915 2725 3955 omnes
2757 3895 3181 3953 benediximus.

2030 3991 2122 4047 XI.
2154 3991 2224 4046 Et
2245 4005 2379 4045 cum
2413 4006 2518 4045 nos
2558 3988 2628 4044 ad
2662 3987 2952 4043 edendum
3011 3998 3496 4057 praepararemus,
3528 3980 3616 4036 in-

1962 4097 2200 4154 gressus
2213 4083 2301 4135 est
2314 4078 2557 4150 quidam
2580 4074 3112 4147 nuntians:Appion
3128 4072 3467 4145 plistonices
3479 4085 3616 4125 cum

1963 4169 2312 4226 Annubione
2343 4184 2531 4239 nuper
2561 4165 2873 4221 Antiochia
2901 4163 3080 4229 venit,
3106 4163 3437 4234 hospesque
3469 4175 3619 4217 rece-

1964 4264 2102 4332 ptus
2134 4262 2222 4313 est
2254 4275 2285 4313 a
2315 4257 2569 4317 Simone.
2589 4256 2815 4321 Quibus
2837 4252 3055 4309 auditis
3090 4255 3251 4323 pater
3270 4250 3507 4323 gavisus
3522 4249 3619 4304 Pe-

1964 4353 2053 4404 tro
2066 4346 2210 4402 dixit
2233 4362 2246 4400 :
2268 4346 2326 4402 Si
2352 4346 2494 4401 mihi
2520 4342 2933 4416 permittis,ibo
2948 4339 3268 4397 salutatum
3290 4339 3614 4411 Appionem

1966 4440 2024 4493 et
2037 4432 2685 4505 Annubionem,quippe
2701 4431 2846 4503 quia
2860 4430 3048 4502 prima
3061 4433 3225 4484 aetate
3240 4425 3614 4483 fuerintmihi

1968 4524 2444 4582 amici.Fortasse
2474 4522 2647 4577 etiam
2673 4519 3009 4575 Annubioni
3033 4517 3416 4589 persuadebo,
3450 4520 3515 4570 ut
3544 4516 3616 4570 de

1967 4612 2161 4687 genesi
2198 4627 2331 4665 cum
2362 4608 2946 4680 Clementedisputet.
2972 4607 3040 4661 Et
3061 4609 3266 4661 Petrus
3293 4602 3614 4669 :Permitto,

1969 4700 2182 4774 inquit,
2216 4704 2271 4755 et
2299 4699 2497 4764 laudo,
2530 4696 2701 4753 amici
2734 4696 2922 4752 ofﬁcio
2953 4699 3009 4751 te
3049 4694 3194 4750 velle
3257 4692 3613 4748 satisfacere.

1968 4790 2383 4847 Verumtamen
2403 4786 2927 4859 reputa,quomodo
2950 4800 3019 4840 ex
3038 4784 3139 4840 Dei
3163 4780 3528 4855 providentia
3546 4778 3619 4835 ad

1970 4879 2205 4952 plenam
2238 4876 2677 4950 persuasionem
2710 4879 2871 4930 tuam
2927 4871 3263 4928 harmonice
3320 4868 3623 4942 perﬁcien-

1969 4969 2106 5024 dam
2137 4967 2336 5023 omnia
2368 4966 2626 5037 undique
2657 4966 3028 5019 concurrant.
3067 4962 3181 5015 Hoc
3212 4964 3408 5016 autem
3466 4956 3619 5026 dico,

1972 5058 2113 5129 quia
2144 5054 2511 5111 Annubionis
2542 5055 2822 5109 adventus
2853 5051 2959 5106 tibi
3002 5048 3248 5122 expedit.
3302 5052 3369 5103 Et
3416 5052 3620 5119 pater:

1973 5146 2116 5202 Rem
2146 5146 2227 5200 ita
2258 5160 2383 5201 sese
2413 5144 2626 5199 habere
2655 5147 2712 5198 et
2743 5156 2848 5213 ego
2880 5139 3137 5212 profecto
3174 5138 3361 5194 video.
3395 5134 3621 5203 Quibus

1974 5234 2167 5305 dictis,
2202 5235 2273 5290 ad
2303 5233 2602 5290 Simonem
2634 5230 2929 5303 profectus
2960 5232 3070 5285 est.

2044 5324 2167 5380 XII.
2199 5324 2315 5380 Nos
2337 5326 2554 5394 autem,
2577 5320 2676 5393 qui
2708 5335 2841 5376 cum
2878 5322 3045 5375 Petro
3078 5311 3619 5385 eramus,continuo

1572 5578 1812 5639 VARhE
1860 5580 2272 5641 LECTIONES.

249 5701 630 5832 θηλιῖἓροιρσαν
655 5705 757 5773 τὴν
784 5711 970 5795 κρᾶσιν
1004 5724 1060 5780 p.
1093 5703 1304 5835 χαίρειν
1336 5700 1472 5788 κατᾲ
1497 5702 1597 5771 τὴν
1620 5709 1807 5781 κρᾶσιν
1840 5707 1905 5764 Ο.
1938 5709 1959 5744 ⁸
1986 5706 2221 5783 χαίρων.
2251 5704 2321 5759 Τὸ
2371 5700 2448 5777 δὲ,
2494 5699 2716 5759 δύναται
2762 5718 2821 5777 p.
2853 5698 3086 5776 χαίρων,
3131 5694 3256 5751 τότε
3308 5692 3371 5749 οὗ
3404 5690 3624 5748 δύναται

286 5814 297 5826 .
446 5777 587 5832 alim
619 5783 1104 5835 μετασυγκοισιν.Η
1139 5782 1173 5835 Α
1258 5777 1640 5835 Anubwnem.
1671 5778 1807 5835 Ruf.
1838 5780 2065 5835 Rscoan.
2099 5796 2157 5835 x.
2197 5778 2288 5835 52.

446 5777 587 5832 alim
618 5777 1104 5853 μεταστόγκρισιν.¹ί

496 5904 762 5967 Pareat.
810 5905 922 5968 Gn.
966 5906 1047 5967 ll.

1258 5777 1640 5836 Anubionem.
1657 5777 1807 5836 ’Βιιῇ
1838 5777 2065 5854 Recepit.
2090 5777 2157 5851 ἰ,
2197 5778 2288 5836 52.

3265 5896 3343 5979 i5.
