4082 6208
458 300 574 358 459

1282 301 1343 359 S.
1392 298 1834 359 CLEMENTIS
1882 299 1904 357 Ι
1954 297 2140 356 ΒΟΜ.
2186 295 2419 356 ΡΟΝΤ.
2467 298 2731 358 OPERA
2776 300 3037 363 DUBIA.

3759 297 3888 364 460

456 429 869 500 interrogando
900 429 973 483 ob
1006 428 1362 500 voluptatem
1386 434 1560 503 atque
1603 431 1949 485 suavitatem
2016 428 2097 483 di-

2220 423 2548 495 έπαλλήλως
2578 428 2976 502 πυνθανόμενοι
3015 429 3117 485 ὑπό
3139 451 3198 484 τε
3219 427 3425 501 ἡδονῆς
3454 433 3545 486 καὶ
3574 440 3755 509 χαρᾶς
3779 440 3893 491 τῶν

456 522 683 574 ctorum
716 519 897 571 totam
930 521 1159 572 noctem
1191 518 1393 589 vigiles
1414 516 1944 589 permansimus.Et
1967 532 2107 571 cum

449 606 575 678 jam
598 610 1015 677 auroresceret,
1048 610 1254 661 Petrus
1284 623 1378 661 me
1426 623 1493 662 ac
1546 607 1753 662 fratres
1806 622 1965 661 meos
2025 604 2109 659 in-

456 695 1260 769 tuens,dixit:'Haasito,quid
1321 694 1472 766 patri
1535 700 1728 751 vestro
1788 694 1977 750 visum
2011 695 2105 750 sit.

454 789 575 844 Hoc
616 791 785 844 Petro
854 785 1068 842 dicenti
1130 788 1294 857 pater
1371 783 1700 849 intervenit,
1779 784 2109 855 reperitque

454 891 591 934 cum
622 877 793 933 nobis
813 877 884 933 de
916 893 978 932 se
1008 872 1557 946 loquentem.Quem
1599 888 1735 928 cum
1770 875 2110 928 mcerentem

454 964 696 1033 videret,
711 963 1268 1039 postsalutationem
1282 962 1355 1018 ad
1386 978 1450 1017 se
1481 961 1676 1033 ipsum
1707 959 2109 1016 excusandum

455 1055 744 1127 exposuit,
778 1070 953 1126 quam
976 1053 1048 1109 ob
1099 1067 1338 1108 causam
1400 1050 1540 1107 foris
1600 1049 1934 1105 dormisset.
1993 1047 2110 1104 Nos

456 1160 589 1200 vero
621 1160 755 1199 eum
786 1142 1083 1198 intuentes
1104 1138 1697 1212 expavimus,vultum
1729 1138 1967 1209 quidem
2015 1135 2110 1192 Si-

459 1231 652 1287 monis
681 1231 1161 1298 videntes,vocem
1183 1233 1377 1283 autem
1400 1226 1591 1283 Fausti
1613 1226 1795 1299 patris
1810 1225 1993 1280 nostri
2013 1241 2110 1279 au-

460 1320 707 1376 dientes.
742 1320 810 1375 Et
836 1336 968 1374 cum
983 1335 1117 1373 eum
1134 1319 1467 1389 fugeremus
1490 1320 1665 1386 atque
1679 1315 2109 1371 exhorrescere-

461 1425 617 1481 mus,
646 1408 948 1478 obstupuit
977 1407 1321 1478 pater,quod
1355 1411 1475 1460 tam
1508 1408 1738 1459 austere
1768 1420 1834 1458 ac
1875 1401 2109 1457 inimice

463 1514 596 1554 cum
637 1514 703 1553 eo
728 1512 1052 1569 ageremus.
1114 1494 1285 1550 Solus
1344 1497 1539 1548 autem
1598 1493 1804 1548 Petrus
1859 1491 2107 1546 formam

457 1588 586 1659 ejus
618 1584 945 1641 naturalem
976 1583 1123 1638 vidit
1153 1582 1437 1654 nobisque
1467 1582 1613 1636 dixit
1641 1582 1778 1637 :Cur
1807 1596 2109 1635 exsecran-

454 1679 544 1732 tes
576 1673 841 1747 refugitis
870 1692 904 1729 a
926 1679 1088 1745 patre
1107 1670 1337 1727 vestro?
1366 1671 1468 1726 Cui
1504 1686 1610 1727 nos
1652 1687 1774 1725 una
1805 1686 1939 1725 cum
1982 1685 2104 1724 ma-

2221 512 2534 588 λεγομένων
2586 518 2843 595 νήφοντες
2904 517 3378 594 ἐνυκτερεύσαμεν.
3440 518 3582 591 Ἤδη
3646 518 3705 577 δέ
3764 545 3892 588 πως

2217 604 2405 665 νυκτὸς
2440 604 2912 680 ὑπαυγαζομένης,
2957 605 3162 683 Πέτρος
3210 602 3491 682 ἐμϐλέψας
3536 609 3665 683 ἐμοί
3703 633 3768 667 τε
3794 615 3887 669 καὶ

2216 697 2335 753 τοῖς
2366 689 2625 771 ἀδελφοῖς
2651 715 2776 767 μου,
2812 693 2935 773 ἔφη·
2960 700 3237 772 Διαπορῶ,
3268 696 3319 751 τί
3349 693 3501 769 ἔδοξε
3528 703 3610 771 τῷ
3632 698 3886 778 ὑμετέρῳ

2217 780 2403 855 πατρί.
2452 782 2554 838 Καὶ
2608 781 2861 859 λέγοντος
2904 788 3066 839 τοῦτο
3112 787 3240 854 ἧκεν
3273 784 3301 840 6
3330 787 3512 863 πατὴρ
3543 787 3759 857 αὐτόθι,
3789 793 3881 846 τὸν

2218 868 2418 946 Πέτρον
2452 870 2587 943 ἡμῖν
2619 872 2743 947 περὶ
2777 871 2940 928 αὐτοῦ
2973 871 3357 950 διαλεγόμενον
3409 873 3761 933 καταλαϐών
3789 881 3881 935 καὶ

2217 956 2528 1030 ἀθυμοῦντα
2581 957 2711 1014 ἴδὼν
2765 961 3205 1037 προσαγορεύσας
3254 961 3665 1039 ἀπελογήσατο,
3715 965 3878 1039 δι’ἣν

2218 1044 2390 1101 αἰτίαν
2436 1043 2538 1118 ἔξω
2585 1049 2928 1121 κεκοίμηται.
2968 1056 3157 1124 Ἠμεῖς
3206 1049 3265 1108 δὲ
3314 1048 3680 1125 ἐμϐλέποντες
3729 1057 3878 1131 αὐτῷ

2218 1134 2613 1209 ἐξεστήκειμεν,
2647 1139 2711 1192 τὸ
2740 1138 2883 1201 ε’ίδος
2907 1139 3159 1212 Σίμωνος
3192 1141 3450 1217 ὁρῶντες,
3478 1152 3661 1220 φωνῆς
3692 1142 3752 1201 δὲ
3771 1150 3876 1202 τοῦ

2217 1224 2420 1312 πατρὸς
2450 1226 2612 1298 ἡμῶν
2648 1226 2934 1290 ἀκούοντες
2963 1228 3233 1286 Φαύστου.
3284 1230 3383 1285 Καὶ
3434 1236 3582 1289 401
3636 1231 3701 1303 δὴ
3743 1256 3873 1312 φευ-

2216 1311 2419 1388 γόντων
2451 1315 2612 1385 ἡμῶν
2646 1315 2805 1371 αὐτὸν
2840 1319 2886 1353 ¹²
2916 1316 3005 1372 καὶ
3052 1318 3390 1395 στυγούντων
3448 1311 3823 1391 ἐξεπέπληκτο
3849 1325 3877 1378 6

2217 1402 2396 1475 πατὴρ
2428 1400 2515 1487 ἐπὶ
2544 1407 2624 1474 τῷ
2648 1403 2821 1467 οὓτως
2843 1406 3067 1474 ἀπηνῶς
3090 1407 3178 1461 καὶ
3209 1407 3423 1483 ἐχθρῶς
3443 1409 3591 1482 αὖτῷ
3613 1414 3874 1487 χρῆσθαι.

2217 1488 2396 1579 Μόνος
2425 1486 2481 1544 δὲ
2513 1491 2713 1579 Πέτρος
2740 1495 2840 1562 τὴν
2868 1495 3004 1549 κατά
3042 1494 3195 1572 φύσιν
3248 1496 3412 1552 αὐτοῦ
3456 1499 3598 1572 ὁρῶν
3619 1486 3623 1487 7
3646 1486 3873 1579 μορφὴν
3942 1488 3947 1491 ⁷

2215 1577 2351 1653 πρὸς
2382 1580 2530 1651 ἡμᾶς
2562 1575 2685 1656 ἔφη·
2719 1582 2873 1645 Τίνος
2902 1580 3059 1638 ἕνεκα
3090 1581 3513 1659 βδελυσσόμενοι
3566 1575 3879 1654 ἀπωθεῖσθε

2214 1666 2305 1755 τὸν
2335 1666 2592 1743 ὑμέτερον
2622 1670 2865 1744 πατέρα;
2899 1671 3086 1744 Ἡμεῖς
3120 1669 3179 1728 δὲ
3226 1675 3316 1728 καὶ
3355 1676 3389 1743 ἡ
3426 1677 3605 1751 μήτηρ
3646 1674 3876 1755 ἔφαοιενσ

454 1768 544 1819 tre
573 1762 986 1835 respondimus
1018 1778 1031 1816 :
1065 1761 1266 1816 Simon
1309 1759 1419 1815 iste
1466 1759 1634 1815 nobis
1667 1774 1795 1813 esse
1850 1758 2103 1828 videtur,

2220 1754 2404 1863 Σίμων
2435 1757 2760 1863 ἡμῖνποῦτος
2791 1758 3033 1837 φαίνεται
3066 1762 3252 1839 φωνὴν
3283 1759 3427 1839 ἔχων
3452 1768 3551 1819 τοῦ
3597 1754 3877 1842 ἡμετέρου

456 1869 660 1910 vocem
694 1851 917 1906 habens
949 1850 1130 1921 patris
1162 1848 1438 1903 nostri.Et
1472 1848 1676 1903 Petrus
1707 1847 1854 1901 dixit
1883 1862 1896 1901 :
1932 1846 2107 1902 Vobis

460 1942 696 2014 quidem
725 1958 835 1996 vox
861 1940 986 2010 ejus
1018 1937 1329 2010 praestigiis
1360 1953 1474 1992 non
1501 1940 1725 1991 mutata
1750 1935 1875 1991 sola
1902 1951 2111 2007 cogno-

463 2030 647 2087 scitur
670 2047 684 2098 ;
703 2045 903 2084 verum
919 2026 1103 2084 oculis
1119 2026 1262 2082 meis
1279 2043 1396 2082 non
1410 2025 1710 2080 fascinatis
1731 2026 1928 2079 vultus
1964 2039 2108 2095 quo-

465 2137 599 2193 que,
633 2118 823 2190 qualis
853 2120 1228 2189 est,apparet,
1260 2131 1376 2171 non
1419 2114 1693 2185 Simonis,
1751 2114 1853 2170 sed
1914 2110 2109 2168 Fausti

466 2209 654 2281 patris
672 2206 1039 2263 vestri.Tum
1053 2206 1180 2276 jam
1200 2209 1421 2276 patrem
1453 2203 1704 2274 respexit
1734 2202 1902 2273 eique
1924 2201 2070 2256 dixit
2092 2216 2105 2254 ε

464 2295 705 2369 Propria
735 2294 910 2351 facies
939 2292 1057 2349 illis
1085 2292 1143 2347 in
1176 2296 1230 2347 te
1260 2309 1376 2348 non
1407 2295 1665 2364 apparet,
1700 2291 1800 2347 sed
1857 2288 2109 2345 Simonis

462 2382 884 2458 protervissimi
918 2382 1204 2453 nobisque
1235 2380 1649 2437 inimicissimi.

535 2474 683 2531 XIII.
717 2474 846 2529 Haec
878 2472 1041 2528 Petro
1074 2470 1345 2544 loquente
1375 2470 1607 2525 advenit
1644 2468 1882 2541 quidam
1915 2483 1983 2523 ex
2011 2466 2108 2534 iis,

466 2562 565 2637 qui
599 2562 967 2618 Antiochiam
986 2558 1274 2633 praemissi
1304 2558 1730 2629 fuerant,oique
1763 2557 1906 2613 dixit
1930 2555 2111 2613 :Scire

468 2656 527 2710 te
554 2653 707 2719 volo,
738 2650 818 2706 mi
866 2649 1126 2716 domine,
1154 2648 1473 2715 Simonem,
1511 2646 1821 2702 Antiochia:
1881 2644 2112 2717 publice

470 2740 660 2798 multa
689 2739 953 2812 prodigia
981 2738 1274 2807 edentem,
1315 2753 1553 2809 magum
1612 2740 1668 2791 te
1698 2735 1991 2808 appellare
2048 2750 2113 2789 ac

471 2829 975 2903 praestigiatorem,
1016 2825 1357 2897 incolasque
1414 2826 1486 2881 ad
1546 2830 1776 2880 tantum
1832 2823 2115 2880 excitasse

472 2918 695 2986 odium,
730 2922 795 2973 ut
850 2916 1040 2989 quivis
1093 2914 1383 2971 desiderio
1420 2913 1649 2970 anhelet
1694 2913 1781 2970 vel
1839 2913 2115 2969 carnibus

472 3007 594 3063 tuis
622 3005 1279 3077 vescendi.0uapropter
1305 3020 1433 3069 nos,
1467 3004 1749 3075 praemissi
1806 3019 1941 3058 eum
1999 3001 2117 3057 fra-

472 3096 662 3153 tribus
693 3095 908 3153 nostris
930 3095 1152 3151 Simoni
1186 3111 1219 3148 a
1248 3098 1303 3148 te
1329 3093 1792 3163 adjunctis,cum
1824 3091 2115 3147 civitatem

2219 1843 2444 1917 πατρός.
2499 1846 2596 1899 Καὶ
2636 1847 2664 1900 6
2697 1847 2902 1924 Πέτρος
2952 1848 3077 1924 ἔφη’
3130 1856 3279 1923 Ὑμῖν
3333 1853 3425 1925 μὲν
3474 1855 3510 1923 ἡ
3566 1854 3877 1930 ἀμάγευτος

2219 1931 2382 1987 αὐτοῦ
2414 1934 2566 2011 φωνή
2603 1934 2735 2007 μόνη
2768 1937 3049 2012 γνώριμός
3081 1938 3243 2008 ἐστιν,
3275 1939 3411 2013 ἐμοῦ
3461 1938 3519 1996 δὲ
3565 1948 3682 2006 τοῖς
3726 1945 3882 2016 ἀμα-

2220 2020 2434 2096 γεότοις
2468 2022 2774 2100 ὀφθαλμοῖς
2804 2025 2892 2080 καὶ
2922 2027 2984 2081 τὸ
3016 2025 3163 2091 εἶδος
3192 2028 3355 2084 αὐτοῦ
3382 2030 3457 2092 ὡς
3480 2027 3623 2086 ἔστιν
3651 2034 3877 2109 ὁρατὸν,

2220 2109 2305 2199 ὅτι
2338 2112 2417 2199 μή
2448 2110 2557 2165 ἐστι
2592 2111 2801 2199 Σίμων,
2843 2113 2990 2171 ἀλλὰ
3037 2120 3286 2181 Φαῦστος
3317 2120 3345 2173 ὁ
3377 2118 3636 2197 ὑμέτερος
3664 2124 3877 2199 πατήρ.

2219 2198 2351 2254 Τότε
2400 2196 2466 2287 δὴ
2516 2197 2946 2278 προσεμϐλέψας
2998 2206 3089 2260 καὶ
3134 2211 3214 2278 τῷ
3260 2208 3424 2283 πατρί
3482 2206 3605 2287 ἔφη’
3660 2196 3883 2285 [Ἵδιβν

2222 2307 2317 2342 σου
2349 2285 2491 2351 εἶδος
2519 2288 2705 2352 αὐτοῖς
2735 2289 2796 2345 οὗ
2842 2291 3102 2370 φαίνεται,
3147 2293 3294 2352 ἀλλὰ
3345 2285 3597 2371 Σίμωνος
3623 2303 3723 2354 τοῦ
3756 2300 3882 2356 ἀσε-

2221 2371 2478 2432 ϐεστάτου
2506 2376 2598 2433 καί
2627 2381 2760 2452 ἡμῖν
2796 2380 3113 2458 [ἐχθίστου],

2290 2468 2436 2524 XIII.
2467 2471 2642 2522 Ταῦτα
2668 2473 2766 2523 τοῦ
2815 2472 3024 2546 Πέτρου
3072 2469 3471 2549 διαλεγομένου
3520 2474 3760 2551 ἐπεισῄει
3791 2500 3884 2542 τις

2220 2559 2328 2611 τῶν
2380 2554 2632 2631 προόδων
2662 2559 2767 2612 ἀπὸ
2816 2561 2917 2628 τῆς
2964 2561 3299 2637 Ἀντιοχείας
3337 2564 3748 2643 [ὑποπραφεὲς]
3784 2567 3884 2623 λέ·-

2220 2665 2329 2722 γων
2362 2645 2576 2720 Πέτρῳ·
2628 2644 2843 2702 Εἷδέναι
2898 2669 2956 2703 σε
3002 2648 3164 2722 θέλω,
3197 2650 3351 2727 κύριέ
3398 2674 3522 2726 μου,
3554 2654 3637 2709 ὅτι
3680 2656 3883 2729 Σίμων

2224 2733 2275 2788 ἐν
2303 2738 2374 2808 τῇ
2405 2735 2714 2811 Ἀντιοχείᾳ
2735 2733 2978 2810 δημοσίᾳ
2997 2737 3184 2795 πολλᾶ
3211 2741 3461 2815 τεράστια
3488 2748 3659 2799 ποιῶν
3695 2748 3885 2822 μάγον

2226 2844 2282 2878 σε
2316 2827 2360 2861 1³
2395 2822 2678 2897 ὀνομάζων
2710 2826 2799 2880 καὶ
2822 2826 2997 2901 γόητα
3018 2828 3105 2882 καὶ
3128 2831 3265 2906 πρὸς
3293 2836 3549 2887 τοσοῦτον
3570 2833 3769 2896 αὐτοὺς
3794 2840 3891 2908 μῖ-

2227 2932 2320 2974 σος
2341 2911 2755 2987 παρεσκεύασεν,
2791 2914 2865 2977 ὡς
2888 2913 3178 2992 γλίχεσθαι
3199 2919 3373 2973 πάντα
3393 2917 3677 2995 ἄνθρωπον
3698 2927 3811 2977 τῶν
3835 2927 3892 2962 ⁸⁸

2227 2999 2336 3055 ἐκεῖ
2410 2997 2866 3074 ἐπιδημησάντων
2944 3008 3153 3080 σαρκῶν
3230 3005 3406 3062 αὐτῶν
3478 3008 3892 3083 ἀπογεύσασθαι(

2230 3111 2342 3146 σου.
2375 3091 2528 3145 Ὅθέν
2547 3093 2711 3163 ἡμεῖς
2733 3092 2785 3146 oi
2814 3090 3043 3166 πρόοδοι
3069 3094 3326 3167 μετὰτῶν
3348 3096 3450 3152 ὑπὸ
3472 3102 3568 3152 σοῦ
3584 3098 3663 3171 τῷ
3685 3099 3888 3172 Σίμω-

470 3184 844 3241 vehementer
855 3187 1057 3239 contra
1085 3186 1144 3238 te
1156 3185 1510 3237 commotam
1532 3177 2109 3247 videremus,occulte

2226 3200 2276 3232 νι
2309 3174 2588 3250 ὑποϐεὗλη
2603 3179 2774 3253 μένων
2809 3178 3056 3260 ἀδελφῶν
3085 3186 3119 3253 ἡ
3132 3183 3418 3257 μῶν,πολί›
3447 3188 3579 3241 κατᾶ
3612 3167 3705 3242 σοῦ
3737 3167 3886 3265 βρύ-

471 3273 877 3339 convenimus,
914 3270 1054 3344 quid
1088 3270 1213 3326 ﬁeri
1245 3274 1536 3341 oporteret
1564 3269 2022 3325 considerantes.
2046 3267 2116 3323 Et

469 3379 605 3419 cum
627 3360 835 3418 incerti
865 3359 1602 3427 haesitaremusﬁornelius
1635 3358 2110 3429 centurio,quem

467 3452 739 3509 Caesareae
770 3450 1054 3506 Dominus
1085 3466 1118 3504 a
1149 3449 1411 3503 dmmone
1440 3447 1726 3518 liberavit,
1760 3448 1831 3502 ab
1864 3446 2113 3519 impera-

465 3544 591 3598 tore
622 3541 694 3596 ad
725 3539 1034 3612 provinciae
1085 3539 1421 3610 praefectum
1483 3534 1701 3592 missus
1749 3536 2107 3608 supervenit.

468 3629 577 3695 Qui
609 3647 642 3685 a
670 3628 836 3684 nobis
860 3626 1010 3683 clam
1043 3626 1357 3682 accersitus
1388 3642 1453 3681 ac
1484 3627 1554 3681 de
1585 3642 1763 3680 causa
1822 3624 2109 3680 maestitiae

467 3723 679 3776 nostris
710 3717 919 3773 certior
944 3716 1131 3771 factus
1162 3720 1219 3771 et
1251 3720 1313 3769 ut
1336 3716 1569 3787 juvaret
1618 3719 1856 3786 rogatus
1914 3731 2109 3786 prom-

468 3807 736 3881 ptissime
763 3804 1034 3878 promisit
1064 3821 1127 3860 se
1156 3821 1289 3860 eum
1347 3804 1706 3876 fugaturum,
1767 3803 1816 3858 si
1873 3803 2109 3875 quidem

469 3901 723 3969 coeptum
754 3895 866 3967 ipsi
897 3894 1320 3966 adjutaremus.
1363 3897 1623 3964 Cumque
1678 3891 1920 3963 polliciti
1963 3908 2113 3949 esse-

469 4002 606 4041 mus
623 3983 826 4041 sedulo
858 4000 964 4040 nos
995 3983 1193 4039 omnia
1220 3982 1515 4037 facturos:
1552 3981 1687 4053 Ego,
1736 3981 1950 4051 inquit,
2010 3998 2112 4052 per

469 4074 691 4131 multos
717 4088 878 4128 meos
908 4072 1125 4127 amicos
1163 4071 1443 4142 evulgabo
1468 4086 1559 4125 me
1581 4071 1808 4125 venisse
1851 4070 1922 4125 ad
1976 4086 2108 4125 eum

469 4163 839 4235 capiendum,
898 4177 1032 4216 cum
1088 4160 1281 4216 Caesar
1333 4159 1533 4215 multis
1590 4158 1777 4230 magis
1862 4158 2112 4215 sublatis

469 4252 542 4308 de
569 4267 636 4307 eo
696 4250 909 4306 certior
963 4249 1153 4304 factus
1198 4263 1290 4302 me
1348 4248 1419 4303 ad
1478 4248 1536 4302 id
1596 4247 1875 4314 misisset,
1937 4252 2001 4302 ut
2056 4254 2113 4303 et

467 4338 665 4412 ipsum
726 4338 927 4394 eodem
987 4336 1185 4404 modo,
1242 4352 1357 4406 quo
1415 4335 1577 4406 prius
1636 4335 2111 4409 praestigiatores,

464 4426 720 4500 puniret.
752 4429 820 4481 Et
848 4425 944 4496 qui
976 4441 1046 4480 ex
1065 4423 1276 4480 vestris
1306 4440 1439 4479 cum
1474 4439 1540 4479 eo
1580 4429 1905 4494 versantur,
1942 4424 2109 4497 quasi

464 4514 689 4574 occulte
710 4515 1088 4585 undicunque
1110 4511 1417 4582 audierint,
1452 4513 1704 4568 referant
1752 4514 1823 4582 ei,
1886 4529 1979 4569 me
2035 4514 2107 4569 ad
2142 4535 2187 4599 D

464 4605 816 4678 capiendum
846 4620 979 4659 eum
1012 4618 1140 4659 esse
1171 4600 1476 4658 emissum.
1509 4600 1732 4664 Quibus
1759 4602 1975 4657 auditis
1999 4603 2111 4657 for-

459 4698 618 4752 tasse
649 4709 857 4766 pavore
887 4694 1189 4763 correptus
1220 4689 1494 4762 aufugiat.
1549 4692 1692 4744 Cum
1751 4688 1908 4745 aliud
1967 4691 2104 4762 quid

462 4784 653 4841 facere
680 4783 1095 4856 cogitaremus,
1129 4777 1304 4835 simul
1334 4778 1415 4833 ita
1443 4778 1652 4833 evenit.
1685 4778 1911 4834 Etenim
1972 4795 2107 4835 cum

461 4876 519 4929 et
546 4890 615 4929 ex
644 4871 847 4927 multis
891 4869 1099 4925 alienis
1139 4868 1290 4923 clam
1349 4866 1775 4937 nuntiantibus,
1824 4873 2105 4939 tanquam

461 4963 671 5035 ingens
701 4960 1051 5017 beneficium
1083 4958 1194 5029 ipsi
1228 4957 1646 5023 conferrent,et
1666 4957 1907 5028 insuper
1936 4974 2005 5012 ex
2022 4958 2103 5012 fa-

464 5049 795 5106 miliaribus
822 5052 1156 5105 nostrorum
1189 5045 1483 5102 simulatis
1525 5044 1668 5100 illud
1702 5045 2021 5101 audivisset
2050 5049 2108 5101 et

462 5139 615 5195 hanc
643 5154 770 5195 esse
800 5153 1042 5193 suorum
1074 5134 1421 5192 sententiam
1457 5137 1705 5206 putaret,
1740 5134 1851 5189 sibi
1892 5151 2104 5190 caven-

461 5229 749 5285 dumssse
777 5223 1397 5299 cognovit.Antiochia
1419 5222 1603 5296 igitur
1632 5223 1944 5295 aufugiens
1967 5240 2102 5279 cum

2223 3288 2425 3344 χουσαν
2454 3270 2554 3338 τήν
2596 3267 2758 3325 πόλιν
2792 3270 3110 3347 ἑωρακότες,
3143 3272 3321 3350 κρύφα
3363 3274 3439 3337 εἰς
3469 3276 3533 3330 τὸ
3565 3276 3693 3332 αὐτὸ
3721 3279 3880 3353 γενό-

2226 3377 2377 3429 μενοι
2409 3362 2717 3431 σκοποῦμεν
2748 3362 2811 3432 1⁸,
2843 3359 2896 3414 τί
2943 3362 3054 3436 χρὴ
3103 3368 3301 3420 ποιεῖν.
3334 3365 3436 3420 Καὶ
3483 3362 3550 3433 δή
3586 3364 3638 3421 ἐν
3671 3366 3885 3442 ἀπορίᾳ

2221 3448 2379 3518 ἡμῶν
2406 3446 2576 3502 ὄντων
2617 3444 2930 3521 ἐπεδήμησε
2978 3449 3282 3525 Κορνήλιος
3314 3452 3731 3530 ἑκατόνταρχος,
3770 3456 3881 3513 ὑπό

2222 3535 2508 3611 Καίσαρος,
2533 3537 2799 3614 πεμφθεὶς
2829 3538 2966 3614 πρὸς
2994 3538 3086 3594 τὸν
3118 3542 3217 3608 τῆς
3248 3540 3516 3617 ἐπαρχίας
3547 3544 3877 3619 ἡγούμενον,

2220 3625 2277 3679 ’ὀν
2309 3624 2360 3679 ἐν
2394 3625 2688 3701 Καισαρείᾳ
2736 3623 3089 3700 δαιμονῶντα
3134 3631 3289 3687 4118
3338 3629 3524 3686 ΐάσατο
3568 3633 3595 3687 6
3646 3633 3875 3711 Κύριος.

2220 3713 2386 3776 Οὗτος
2437 3714 2835 3791 μεταπεμφθεὶς
2888 3715 2974 3793 ὑφ’
3022 3715 3183 3789 ἡμῶν
3226 3716 3404 3795 κρύφα
3450 3718 3538 3774 καὶ
3586 3727 3689 3790 τῆς
3737 3722 3880 3777 ἀθυο

2224 3800 2349 3875 μίας
2379 3804 2478 3872 τὴν
2512 3802 2684 3857 αἰτίαν
2714 3804 2840 3877 παρ’
2870 3806 3030 3877 ἡμῶν
3082 3807 3266 3878 μαθὼν
3316 3806 3405 3861 καὶ
3460 3809 3672 3882 βοηθεῖν
3701 3809 3879 3883 ἀξιω-

2220 3890 2327 3953 θεὶς
2370 3892 2754 3966 προθυμότατα
2803 3892 3070 3968 ὑπέσχετο
3118 3889 3362 3975 φοϐήσας
3406 3894 3718 3975 φυγαδεύειν
3780 3900 3881 3955 αὖ·

2220 3980 2333 4047 τὸν,
2386 3979 2470 4034 ἐάν
2520 4001 2583 4054 γε
2625 3980 2791 4036 αὐτοῦ
2845 3986 2924 4053 τῷ
2982 3972 3340 4059 ἐγχειρήματι
3393 3972 3837 4061 ὑνπονυργήσωμεν
3866 4032 3880 4045 .

2219 4070 2399 4141 Ἦμῶν
2433 4066 2489 4124 δὲ
2516 4066 2748 4142 ἑτοίμως
2797 4071 2973 4125 πάντα
3016 4073 3265 4142 ποιήσειν
3312 4073 3701 4150 ὑποσχομένων
3742 4073 3880 4153 ἔφη’

2223 4159 2389 4230 Ἐμοῦ
2418 4155 2505 4211 διὰ
2551 4157 2779 4213 πολλῶν
2829 4158 3003 4237 φίλων
3053 4160 3233 4238 κρύφα
3273 4161 3351 4225 εἰς
3399 4160 3673 4238 σύλληψιν
3702 4164 3881 4221 αὐτοῦ

2221 4242 2541 4315 ἐληλυθέναι
2571 4252 3032 4320 περισκοποῦντος
3078 4249 3166 4304 καὶ
3220 4256 3398 4320 ζητεῖν
3444 4251 3601 4307 αὐτὸν
3634 4254 3880 4330 φάσκον-

2219 4334 2524 4406 τος,καθότι
2550 4341 2749 4411 Καῖσαρ
2769 4334 3017 4401 πολλοὺς
3050 4339 3256 4414 μάγους
3285 4338 3488 4395 ἀνελὼν
3521 4342 3609 4396 καὶ
3647 4342 3713 4397 τὰ
3754 4346 3880 4399 κατ’

2220 4421 2377 4478 αὐτὸν
2431 4425 2613 4496 μαθὼν
2665 4422 2763 4497 ἔμε
2812 4424 2900 4480 ἐπὶ
2944 4428 3044 4496 τήν
3092 4427 3258 4482 αὐτοῦ
3310 4430 3535 4500 ζήτησιν
3586 4428 3877 4507 ἔπεμψεν,

2220 4510 2367 4574 ὅπως
2388 4512 2475 4566 καὶ
2503 4511 2661 4567 αὐτὸν
2685 4513 2760 4576 ὡς
2789 4513 2877 4568 καὶ
2903 4513 3032 4577 τοὺς
3050 4516 3175 4591 ,πρὸ
3214 4514 3379 4571 αὐτοῦ
3405 4517 3610 4594 μάγους
3636 4518 3875 4596 κολάσῃ,

2218 4600 2316 4655 Καὶ
2350 4602 2401 4655 oi
2435 4601 2687 4677 ὑμέτεροι
2742 4602 2794 4656 οἱ
2825 4602 3068 4666 συνόντες
3101 4603 3248 4677 αὐτῷ
3276 4605 3352 4668 ὡς
3392 4603 3459 4676 δὴ
3502 4606 3676 4685 κρύφα
3706 4610 3882 4665 ποθὲν

2219 4689 2513 4760 ἀκηκοότες
2545 4693 3090 4769 προσαναφερέτωσαν
3123 4737 3136 4761 ,
3156 4694 3232 4755 ὡς
3271 4692 3406 4767 ἐμοῦ
3434 4692 3588 4751 ἕνεκα
3605 4696 3701 4751 τοῦ
3738 4692 3881 4752 σῦλα

2217 4774 2403 4833 λαϐεῖν
2434 4777 2592 4834 αὐτὸν
2617 4778 3046 4854 ἀπεσταλμένου.
3074 4782 3174 4837 Καὶ
3190 4784 3358 4859 τυχὸν
3384 4789 3551 4839 ταῦτα
3575 4788 3619 4823 ¹⁶
3633 4784 3881 4850 ἀκούσας

2217 4862 2475 4945 φοϐηθεὶς
2519 4866 2782 4945 φεύξεται.
2816 4870 2966 4925 Ἐπεί
3010 4870 3191 4926 τοίνυν
3238 4869 3422 4948 ἕτερόν
3460 4894 3511 4929 τι
3544 4878 3715 4929 ποιεῖν
3754 4875 3882 4931 ἐπε-

2213 4959 2506 5030 νοήσαμεν,
2561 4958 2714 5031 ὁμῶς
2763 4957 2933 5021 οὕτως
2987 4958 3222 5036 ἐγένετο.
3254 4961 3384 5017 Ὑπό
3419 4982 3480 5018 τε
3505 4964 3607 5039 γὰρ
3637 4961 3879 5019 πολλῶν

2211 5049 2319 5101 τῶν
2357 5042 2456 5116 ἔξω
2486 5045 2561 5108 εἰς
2609 5045 2678 5100 τὰ
2727 5045 2941 5122 μεγάλα
2971 5046 3117 5120 αὐτῷ
3161 5051 3541 5126 χαριζομένων
3571 5049 3749 5127 λάθρα
3782 5052 3878 5108 λε-

2211 5133 2439 5209 γόντων,
2492 5131 2568 5190 ἔτι
2610 5132 2668 5190 δὲ
2714 5135 2804 5190 καὶ
2850 5140 2957 5191 τῶν
3006 5133 3157 5193 ἔνδον
3205 5134 3535 5211 ὑποϐλητῶν
3580 5141 3876 5213 ἡμετέρων

2213 5223 2465 5295 ἀκηκοὼς
2512 5223 2600 5279 καὶ
2642 5224 2717 5288 ὡς
2766 5231 2891 5302 παρ’
2938 5224 3090 5282 ἶδίῶν
3144 5228 3374 5304 γνώμην
3433 5227 3683 5309 εἰληφὼς
3730 5229 3873 5287 ὑπο·

1806 5403 2049 5460 VABUE
2087 5404 2500 5462 LECTIONES.

528 5550 582 5628 ξθι
606 5552 689 5608 Ita
717 5548 1167 5628 scripsi‘c..Ruf.
1197 5566 1254 5617 x,
1283 5549 1374 5628 {33,
1396 5546 1586 5628 ,αὑτῶν
1614 5545 1679 5606 Ο.
1712 5548 1758 5585 ¹²
1785 5567 1844 5604 τε
1872 5548 1936 5607 Ο.
1972 5550 2017 5587 ¹⁴
2044 5548 2145 5620 τήν
2178 5550 2244 5606 Ο.
2280 5549 2324 5587 ιδ
2354 5550 2559 5604 σκοποῦ
2586 5547 2677 5605 καί
2707 5551 2774 5624 Ο,
2807 5551 2868 5610 in
2899 5567 3015 5625 quo
3046 5552 3299 5612 subinde
3340 5556 3691 5628 repetuntur
3727 5553 3866 5611 vbb.

455 5618 599 5681 πολὺ
624 5622 760 5678 κατὰ
788 5614 887 5677 σὸῦ
921 5614 1247 5698 βρόχουσανζ
1281 5622 1326 5659 ¹⁶
1353 5614 1513 5675 αὑτόν
1547 5620 1613 5677 Ο.
