4082 6208
358 382 479 443 461

1482 382 2009 445 CLEMENTINA.
2041 414 2121 428 -
2148 382 2476 447 HOMILIA
2516 387 2654 447 XX.

3650 390 3769 453 ιδε

361 510 677 575 στέλλεσθαι
707 506 869 587 ἔγνω,
902 508 1173 587 Ἀποδρᾶς
1207 508 1300 566 οὖν
1354 512 1454 581 τῆς
1486 510 1827 588 ’Δντιοχείας
1881 513 2015 586 μετά

2132 512 2492 571 Athenodoro
2522 516 2639 572 huc
2667 515 2841 586 venit,
2900 519 2967 573 ut
3022 517 3372 576 audivimus.
3409 520 3606 593 Itaque
3659 520 3769 578 tibi

360 596 753 674 Ἀθηνοδώρου
831 597 1119 672 ἆλήλυθεν,
1179 599 1256 663 ὡς
1328 599 1663 672 ἀκηκόαμεν.
1717 602 1812 657 Διὸ
1873 622 2016 674 συμ-

359 683 700 762 ϐουλεύομέν
736 709 823 743 σοι
857 690 1025 761 μήπω
1077 683 1335 759 ἐπιϐῆναι
1361 696 1463 758 τῆς
1515 688 1734 752 πόλεως
1781 688 2014 761 ἐκείνης,

365 777 562 854 μέχρις
591 776 649 832 ἂν
685 774 937 850 εἴδωμεν,
971 776 1018 832 si
1046 784 1147 847 τῆς
1178 777 1315 833 κατά
1352 782 1449 833 σοῦ
1495 772 1760 848 διαϐολῆς
1808 777 2014 834 ἐκείνου

361 866 597 929 ἀπόντος
628 864 903 936 ὗπολῆσαι
935 864 1279 937 δυνήσονται.

432 957 576 1014 XIV.
619 960 795 1011 Ταῦτα
858 960 957 1011 τοῦ
1018 954 1259 1030 προόδου
1313 952 1765 1033 ἀπαγγείλαντος,
1825 956 1854 1010 6
1913 954 2014 1011 Πέ-

358 1066 489 1121 τρος
518 1050 598 1117 τῷ
649 1045 815 1122 πατρὶ
845 1040 1270 1120 προσεμόλέψας
1302 1042 1425 1123 ἔφη·
1478 1044 1747 1114 Ἀκούεις,
1781 1049 2012 1114 Φαῦστε,

363 1134 470 1190 ὑπὸ
502 1134 754 1205 Σίμωνος
781 1138 880 1189 τοῦ
911 1134 1111 1209 Μάγου
1141 1136 1177 1203 ἡ
1207 1132 1627 1211 μεταμόρφωσίς
1659 1154 1755 1189 σου
1784 1132 2012 1211 γέγονεν,

359 1224 434 1285 ὡς
493 1220 599 1293 ἤδη
653 1222 918 1301 φαίνεται.
972 1222 1239 1299 Καίσαρος
1298 1222 1402 1297 γὰρ
1457 1221 1688 1295 νομίσας
1720 1221 1808 1277 ἐπὶ
1864 1219 2017 1295 κακῷ

361 1313 517 1370 409
576 1310 734 1366 αὐτὸν
792 1315 994 1381 ζητεῖν,
1028 1306 1289 1390 φοϐηθεὶς
1335 1307 1499 1388 ἔφυγε
1541 1311 1642 1379 τὴν
1693 1310 1884 1366 ἑαυτοῦ
1929 1330 2017 1365 σοι

360 1400 603 1477 περιθεὶς
666 1400 903 1477 μορφὴν,
963 1398 1112 1462 ὅπως
1164 1399 1524 1461 ἀποθανόντος
1582 1420 1683 1454 σου
1735 1404 1851 1461 τοῖς
1898 1404 2015 1462 σοῖς

358 1490 571 1552 τέκνοις
624 1490 661 1558 ή
716 1487 864 1559 λύπη
920 1487 1163 1563 γένηται.
1215 1493 1392 1544 Ταῦτα
1449 1489 1478 1543 6
1533 1489 1716 1564 πατὴρ
1783 1488 2015 1555 ἀκούων,

361 1578 569 1634 κλαίων
618 1577 709 1632 καὶ
755 1575 1089 1653 ὀδυρόμενος
1137 1573 1262 1655 ἔφη’
1320 1578 1527 1653 Ὀρθῶς
1578 1576 1881 1653 ἐστοχάσω,
1913 1575 2014 1632 Πέ-

360 1688 475 1743 τρε.
510 1662 839 1722 ’Δννουϐίων
874 1670 917 1705 ¹⁷
948 1668 1074 1742 [γὰρ
1105 1665 1327 1740 οἰκεῖός]
1365 1666 1470 1739 μού
1504 1687 1572 1740 με
1602 1665 1777 1744 φιλῶν
1815 1685 2017 1739 μυστη-

362 1753 579 1832 ριωδῶς
607 1756 708 1826 τὴν
740 1751 1040 1825 ἐπιϐουλὴν
1075 1755 1347 1833 ἐξέφηνεν.
1381 1755 1485 1812 Καὶ
1536 1755 1636 1811 οὐκ
1681 1753 1894 1810 ἐπίστέυ
1928 1758 2017 1825 [σα

361 1846 391 1901 6
419 1844 813 1921 ταλαίπωρος],
847 1841 1034 1913 ἐπειδή
1066 1849 1163 1899 τοῦ
1193 1849 1382 1908 παθεῖν
1413 1842 1449 1913 ἤ
1460 1864 1567 1917 μην
1597 1844 1765 1915 ἄξιος.

430 1936 551 1991 XV.
582 1938 758 1989 Ταῦτα
788 1937 885 1988 τοῦ
914 1933 1119 2006 πατρὸς
1152 1932 1398 1995 εἰπόντος
1430 1934 1545 2006 μετ’
1578 1932 1640 1987 οὗ
1687 1930 1831 1988 πολὺ
1870 1933 2013 2005 [Ἀν-

359 2018 595 2078 νουϐίων
623 2021 785 2096 ἦλθε]
815 2025 950 2095 πρὸς
1002 2026 1153 2095 ἡμᾶς
1196 2023 1297 2091 τήν
1344 2021 1595 2094 Σίμωνος
1642 2023 1778 2093 ἡμῖν
1828 2018 2014 2092 δηλῶν

360 2113 560 2191 φυγὴν,
591 2112 683 2167 καὶ
737 2112 811 2173 ὡς
868 2112 1035 2180 αὐτῆς
1082 2109 1274 2172 νυκτός
1316 2109 1405 2166 ἐπὶ
1437 2108 1701 2165 Ἰουδαίαν
1734 2108 2013 2185 ὥρμησεν.

359 2201 502 2275 Εὗρε
531 2199 590 2256 δὲ
614 2201 707 2256 τὸν
738 2199 943 2275 πατέρα
966 2202 1127 2273 ἡμῶν
1154 2198 1492 2272 κοπτόμενον
1523 2197 1614 2253 καὶ
1673 2199 1809 2272 μετά
1858 2195 2015 2274 ὀδυρ-

361 2295 481 2364 μῶν
532 2289 782 2365 λέγοντα’
832 2286 1023 2362 Οἵμοι,
1082 2284 1234 2362 οἷ’μοι
1294 2289 1323 2343 6
1377 2285 1570 2358 τάλας,
1629 2288 1794 2363 μάγον
1854 2285 2015 2342 αὐτὸν

357 2378 573 2434 ἀκούων
605 2378 891 2449 ἠπίστουν.
924 2384 978 2433 Ὁ
1021 2376 1371 2452 ταλαίπωρος
1428 2378 1563 2451 πρὸς
1624 2375 1747 2450 μίαν
1802 2374 2011 2452 ἡμέραν

358 2466 712 2544 ἐπιγνωσθεὶς
744 2462 963 2540 συμὸίῳ
989 2468 1080 2521 καὶ
1111 2467 1324 2529 τέκνοις
1352 2464 1568 2541 ταχέως
1618 2464 1706 2520 ἐπὶ
1734 2466 1833 2535 τήν
1875 2485 2010 2540 προ-

357 2556 516 2633 τέραν
572 2560 671 2627 τῆς
728 2555 946 2633 ἀγνοίας
1002 2555 1173 2625 ἦλθον
1233 2555 1537 2633 συμφοράν.
1574 2553 1669 2609 Καὶ
1727 2556 1763 2624 ἡ
1828 2555 2011 2630 μήτηρ

362 2644 667 2723 ὀδυρομένη
727 2646 823 2708 τὰς
874 2646 1075 2721 τρίχας
1130 2643 1470 2701 κατέτιλλεν.
1531 2640 1833 2716 Ἡμεῖςιδὲ
1887 2641 2013 2719 περὶ

354 2744 457 2806 τῆς
494 2740 593 2791 τοῦ
624 2736 828 2811 πατρὸς
857 2733 1214 2797 ἀλλοιώσεως
1254 2731 1657 2805 ἀδημονοῦντες
1706 2730 2012 2804 ἐστένομεν,

359 2825 390 2881 ὅ
416 2847 469 2880 τι
501 2825 635 2880 ποτὲ
664 2825 730 2894 ἦν
762 2831 1052 2893 συννοῆσαι
1106 2825 1182 2897 μὴ
1234 2820 1546 2895 δυνάμενοι.
1581 2816 1908 2878 Ἀννουϐίων
1957 2817 2015 2876 δὲ

356 2918 527 2969 ταῦτα
575 2913 785 2969 ἀκούων
836 2913 926 2967 καὶ
964 2914 1107 2989 ὁρῶν
1154 2912 1360 2987 ἀχανὴς
1410 2909 1561 2981 ἔστη.
1593 2915 1648 2965 '0
1697 2907 1753 2965 δὲ
1812 2908 2015 2986 Πέτρος

357 3006 497 3075 ἡμῖν
539 3006 660 3064 τοῖς
706 3001 915 3063 τέκνοις
966 3000 1053 3056 ἐπὶ
1104 3000 1314 3056 πάντων
1352 2998 1476 3078 ἔφη·
1510 2998 1835 3054 Πιστεύσατέ
1897 3018 2013 3071 μοι,

362 3091 523 3153 οὗτός
566 3090 676 3146 ἐστι
730 3094 971 3152 Φαῦστος
1021 3090 1049 3144 6
1092 3090 1272 3165 πατὴρ
1322 3088 1497 3161 ὑμῶν.
1531 3088 1624 3143 Διὸ
1680 3084 1748 3157 δὴ
1805 3083 2015 3142 κελεύω

366 3182 516 3253 ὑμῖν,
550 3180 628 3241 ὡς
686 3179 848 3254 πατρῖ
907 3178 1220 3255 προσέχειν,
1255 3176 1475 3252 Παρέξει
1500 3176 1603 3251 γὰρ
1642 3176 1670 3230 6
1701 3176 1830 3238 Θεὸς
1879 3174 2014 3249 πρό-

2047 1892 2095 1957 Β

2127 604 2466 674 suademus,
2501 621 2573 661 ne
2605 606 2674 661 ad
2706 605 2988 678 oppidum
3019 605 3165 662 illud
3220 609 3525 675 ascendas,
3582 610 3767 667 donec

2128 692 2468 763 viderimus,
2490 709 2633 749 num
2664 692 2764 750 illo
2784 710 3016 767 egresso
3038 695 3292 768 populus
3307 696 3615 755 calumnia
3636 715 3769 757 con-

2126 785 2219 836 tra
2249 784 2304 837 te
2332 781 2729 839 disseminata
2759 782 3020 839 oblivisci
3043 785 3249 856 possit.

2195 962 2335 1019 XIV.
2358 962 2491 1027 Quae
2524 960 2755 1031 cumis,
2787 962 2887 1034 qui
2920 962 3233 1035 praecessit,
3265 964 3613 1035 nuntiasset,
3668 967 3766 1024 Pe-

2122 1054 2251 1107 trus
2280 1050 2339 1106 in
2374 1055 2600 1124 patrem
2635 1055 2902 1107 nostrum
2938 1051 3255 1124 respiciens
3309 1053 3457 1109 dixit
3488 1071 3503 1110 :
3561 1055 3766 1128 Audis,

2126 1139 2864 1212 Fauste,metamorphosin
2887 1144 3050 1196 tuam
3066 1157 3167 1212 per
3188 1140 3488 1197 Simonem
3530 1142 3769 1216 Magum

2124 1229 2339 1285 factam
2371 1245 2519 1296 esse,
2552 1229 2757 1299 utjam
2789 1233 3048 1300 apparet.
3080 1229 3225 1284 Nam
3249 1245 3384 1286 cum
3416 1235 3665 1304 putaret,
3697 1234 3770 1289 ad

2124 1332 2357 1389 pmnam
2389 1333 2453 1373 se
2482 1334 2515 1373 a
2544 1319 2763 1373 Caesare
2784 1317 2987 1387 quaeri,
3019 1317 3258 1373 territus
3288 1317 3438 1391 fugit
3470 1323 3547 1375 'ac
3595 1338 3771 1380 suum

2124 1405 2233 1462 tibi
2264 1405 2489 1461 vultum
2512 1405 2761 1474 afﬁnxit,
2787 1409 2852 1460 ut
2880 1410 2935 1461 te
2966 1410 3151 1461 morte
3183 1406 3413 1463 sublato
3463 1408 3598 1466 filiis
3652 1411 3772 1469 tuis

2124 1494 2368 1551 tristitia
2396 1499 2718 1567 pareretur.
2748 1496 2827 1550 Ac
2855 1499 3039 1566 pater,
3070 1494 3192 1550 haec
3261 1496 3526 1563 audiens,
3586 1498 3770 1571 lacry-

2126 1600 2296 1639 mans
2326 1587 2383 1639 et
2411 1582 2642 1654 ejulans
2672 1582 3016 1638 exclamavit
3039 1583 3237 1639 :Recte
3263 1579 3770 1654 divinasti,Petrel

2127 1672 2351 1728 Etenim
2380 1672 2689 1728 Annubion
2723 1672 2948 1727 amicus
2968 1688 3060 1727 me
3082 1672 3332 1745 diligens
3355 1675 3466 1731 sub
3490 1678 3772 1749 mysterio

2125 1761 2379 1833 quodam
2394 1760 2640 1817 insidias
2652 1759 2963 1816 collocatas
2977 1759 3122 1815 mihi
3136 1760 3654 1820 indicavit.Verum
3668 1780 3773 1838 ego

2124 1849 2323 1905 infelix
2344 1866 2455 1906 non
2491 1849 2967 1919 credebam,nam
3001 1848 3217 1922 dignus
3231 1867 3389 1906 eram
3406 1852 3770 1925 quipaterer.

2194 1937 2309 1993 XV.
2334 1937 2435 1993 His
2458 1955 2492 1993 a
2520 1942 2683 2009 patre
2713 1936 2908 2004 dictis,
2941 1937 3099 1993 haud
3133 1938 3318 1995 multo
3380 1946 3513 2013 post
3571 1944 3774 1999 Annu-

2125 2026 2263 2082 bion
2289 2027 2361 2082 ad
2406 2043 2513 2082 nos
2552 2026 2728 2097 venit,
2760 2025 3057 2082 Simonem
3099 2027 3319 2099 fugisse
3377 2030 3657 2086 nuntians
3716 2036 3775 2089 et

2124 2114 2224 2171 illa
2244 2118 2408 2170 nocte
2428 2114 2692 2169 Judzsam
2712 2113 2970 2185 petiisse.
2994 2116 3073 2170 Ac
3095 2131 3228 2171 cum
3249 2120 3474 2187 patrem
3501 2124 3770 2176 nostrum

2124 2202 2413 2261 inveniret
2442 2202 2727 2258 afﬂictum
2759 2206 2817 2257 et
2846 2218 2979 2257 cum
3002 2201 3273 2276 lacrymis
3290 2204 3651 2264 dicentem:0
3675 2224 3767 2264 me

2126 2291 2432 2358 miserum,
2454 2290 2552 2363 qui
2586 2306 2822 2363 magum
2869 2307 2996 2346 esse
3026 2290 3194 2346 illum
3226 2294 3471 2350 audiens
3503 2313 3618 2351 non
3649 2313 3769 2353 cre-

2124 2380 2374 2436 diderim
2403 2379 2416 2435 ι
2453 2380 2559 2435 Per
2589 2395 2769 2435 unam
2799 2378 2954 2434 diem
2987 2379 3059 2434 ab
3104 2396 3278 2437 uxore
3309 2385 3366 2437 et
3414 2382 3551 2439 filiis
3608 2401 3769 2441 reco-

2126 2468 2328 2541 gnitus
2356 2469 2427 2524 ad
2460 2468 2711 2541 priorem
2743 2466 2956 2523 erroris
2974 2468 3272 2525 miseriam
3303 2469 3566 2527 celeriter
3592 2471 3773 2529 infor-

2127 2561 2369 2613 tunatus
2400 2573 2667 2613 reversus
2694 2572 2849 2613 sum.
2875 2558 3054 2612 Mater
3068 2573 3200 2613 vero
3233 2558 3516 2633 plangens
3530 2561 3770 2634 capillos

2125 2645 2354 2702 evulsit.
2386 2645 2622 2717 Nosque
2652 2644 2723 2700 de
2743 2643 2927 2716 patris
2983 2647 3412 2717 permutatione
3472 2654 3773 2722 stupentes

2122 2735 2547 2808 ingemuimus,
2581 2750 2686 2789 nec
2717 2733 2856 2806 quid
2888 2733 2970 2788 rei
3004 2738 3159 2790 esset
3193 2735 3526 2810 intelligere
3584 2739 3775 2810 potui-

2124 2838 2279 2877 mus.
2324 2819 2636 2877 Annuhion
2667 2825 2861 2876 antem
2891 2819 3001 2877 hoc
3038 2821 3241 2879 videns
3302 2824 3498 2881 stabat
3542 2826 3773 2883 silentio

2123 2912 2370 2967 defixus.
2404 2910 2555 2965 Tum
2587 2908 2999 2978 Petrus;nobis
3051 2910 3186 2967 filiis
3245 2929 3438 2968 coram
3495 2915 3773 2974 omnibus

2123 2999 2301 3055 dixit:
2332 2997 2475 3055 Mihi
2508 2996 2743 3069 credite,
2776 2996 2939 3054 hicce
2960 3003 3049 3054 est
3078 3000 3326 3057 Faustus
3358 3006 3521 3074 pater
3557 3010 3769 3063 vester.

2124 3088 2433 3160 Propterea
2460 3102 2562 3141 vos
2592 3084 2813 3156 hortor,
2848 3089 2912 3141 ut
2956 3086 3225 3144 habeatis
3282 3107 3416 3147 eum
3476 3094 3766 3164 quomodo

2126 3184 2371 3250 patrem.
2405 3175 2559 3232 Deus
2589 3174 2744 3230 enim
2785 3175 3067 3247 praebebit
3096 3178 3459 3237 occasionem
3483 3182 3765 3254 aliquam,

363 3268 521 3348 φασίν
551 3290 688 3337 τινα,
716 3265 786 3323 δι’
816 3268 886 3337 ἧς
914 3269 1013 3336 τῆν
1057 3266 1310 3340 Σίμωνος
1356 3262 1765 3337 ἀποδυσάμενος
1801 3263 2014 3343 μορφὴν

2132 3284 2246 3339 qua
2275 3264 2530 3321 Simonis
2554 3263 2717 3319 vultu
2748 3267 2918 3319 exuto
2950 3265 3134 3337 patris
3154 3268 3329 3323 vestri
3359 3270 3653 3327 evidenter
3682 3287 3768 3329 re-

361 3361 463 3428 τὴν
493 3362 591 3413 τοῦ
637 3358 838 3433 πατρὸς
888 3357 1039 3429 ὑμῶν
1099 3353 1397 3432 προδήλως
1455 3352 1714 3424 ἀναδείξει
1750 3351 1914 3408 πάλιν
1949 3353 2012 3407 ¹⁸.

362 3453 539 3504 Ταῦτα
569 3448 706 3519 ἡμῖν
739 3446 903 3501 εἷ’πὼν
935 3445 1127 3517 καὶτῷ
1154 3443 1318 3521 πατρὶ
1350 3438 1700 3518 προσϐλέψας
1730 3437 1854 3520 ἔφη*
1877 3442 2017 3518 Ἐγώ

361 3559 447 3593 σοι
509 3534 793 3610 ἐπέτρεψα,
841 3538 1271 3609 προσαγορεῦσοι
1304 3531 1593 3588 Ἀππίωνα
1648 3531 1739 3585 καὶ
1798 3532 2014 3585 Ἀννου-

361 3623 556 3694 ϐίωνα,
590 3623 779 3693 ἐπειδὴ
810 3624 871 3679 ἐκ
896 3621 1104 3678 παίδων
1135 3644 1219 3677 σοι
1269 3620 1460 3700 φίλους
1514 3620 1644 3675 εἶναι
1694 3617 2016 3695 ὁμολογεῖς,

363 3714 494 3792 οὐχὶ
528 3713 743 3787 Σίμωνι
774 3717 853 3785 τῷ
885 3711 1059 3789 Μάγῳ
1089 3708 1428 3784 συνομιλεῖν.

435 3806 596 3861 411)
622 3803 765 3860 XVI.
800 3802 897 3856 Καὶ
929 3801 957 3856 6
986 3802 1188 3876 πατήρ,
1220 3801 1520 3874 ”Ημαρτον,
1554 3795 1682 3876 ἔφη,
1731 3792 2015 3872 ὁμολογῶ.

363 3893 474 3950 Καὶ
500 3886 849 3948 ’Δννουϐίωνθ
884 3889 981 3945 Καὶ
1013 3888 1174 3951 αὐτὸς
1208 3887 1334 3965 ἐγὼ,
1369 3884 1493 3966 ἔφη,
1528 3886 1620 3941 σὺν
1649 3884 1795 3957 αὐτῷ
1823 3882 2019 3959 δέομαί

364 4002 490 4053 σου,
538 3984 841 4058 συγγνῶναι
893 3978 1104 4056 γέροντι
1163 3976 1370 4053 εὐγενεῖ
1423 3976 1514 4032 καὶ
1563 3973 1749 4051 ἀγαθῷ
1804 3975 2018 4045 ἠπατη-

368 4070 544 4143 μένῳ.
596 4070 851 4145 Παίγνιον
906 4068 1008 4143 γάρ
1065 4067 1278 4144 γέγονεν
1313 4065 1342 4120 6
1387 4062 1661 4139 δυστυχὴς
1718 4067 1816 4118 τοῦ
1871 4082 2022 4138 περι-

364 4155 599 4229 ϐοήτου.
631 4157 785 4227 Πλὴν
817 4157 893 4220 ὡς
935 4158 1128 4233 γέγονε
1175 4158 1219 4195 ιθ
1263 4154 1470 4234 φράσω.
1503 4155 1560 4208 Ὀ
1602 4153 1797 4230 ἀγαθὸς
1845 4152 2018 4228 γέρων

362 4247 509 4317 ἦλθε
559 4245 1009 4323 προσαγορεύσων
1069 4247 1237 4318 ἡμᾶς.
1277 4243 1681 4319 Ἐτυγχάνομεν
1743 4239 1801 4297 δὶ
1854 4239 2022 4310 αὐτῆς

362 4337 521 4411 ὥρας
550 4335 685 4390 κατά
713 4335 904 4390 ταυτὸν
938 4335 993 4389 οἱ
1036 4332 1148 4389 ἐκεῖ
1199 4332 1462 4409 παρόντες
1511 4331 1793 4393 ἀκούοντες
1832 4329 2019 4403 Σίμω-

359 4445 487 4491 νος,
518 4424 579 4487 ὃς
636 4421 1049 4499 ἀποδιδράσκειν
1100 4419 1268 4492 ἤθελε
1324 4419 1460 4495 αὐτῇ
1538 4418 1687 4475 νυκτί
1748 4418 2020 4491 ἀκηκοὼς,

362 4511 737 4586 ἐπιδημήσειν
794 4510 957 4577 ποθέν
1014 4531 1165 4574 τινας
1213 4511 1435 4566 ἐνταῦθα
1463 4513 1534 4583 τῇ
1568 4505 1863 4581 Λαοδικείᾳ
1890 4510 1936 4545 ³ο
1964 4506 2025 4562 ὲκ

2126 3370 2403 3428 cuperare
2425 3352 2613 3426 possit
2633 3351 2905 3425 efﬁgiem.
2938 3354 3161 3419 Quibus
3192 3358 3263 3412 ad
3296 3375 3402 3415 nos
3444 3359 3615 3415 dictis
3665 3377 3769 3433 pa-

2126 3448 2274 3501 trem
2296 3442 2572 3498 intuens:
2606 3442 2723 3512 Ego
2752 3441 2879 3508 tibi,
2928 3441 3142 3514 inquit,
3177 3447 3436 3515 permisi,
3470 3452 3533 3502 ut
3561 3448 3770 3521 Appio-

2128 3550 2260 3589 nem
2292 3536 2349 3587 et
2379 3530 2787 3586 Annubionem
2811 3528 3129 3587 salutatum
3160 3533 3272 3589 ires
3303 3535 3439 3606 quia
3464 3552 3562 3592 eos
3582 3553 3613 3592 a
3636 3552 3771 3609 pue-

2128 3623 2208 3679 ris
2239 3620 2342 3677 tibi
2375 3619 2594 3676 amicos
2624 3634 2752 3674 esse
2782 3621 3230 3687 asserebas,non
3266 3628 3330 3678 ut
3350 3623 3575 3679 Simoni
3604 3628 3767 3698 Mago

2126 3711 2572 3768 conversareris.

2197 3800 2344 3855 XVI.
2379 3801 2446 3857 Et
2474 3808 2673 3874 pater:
2707 3803 2964 3871 Peccavi,
2987 3801 3199 3874 inquit,
3233 3801 3433 3858 fateor.
3461 3802 3540 3857 Ac
3568 3804 3768 3858 Annu-

2126 3888 2263 3946 bion
2298 3906 2311 3945 :
2345 3891 2462 3964 Ego
2486 3908 2738 3965 quoque,
2772 3891 2985 3964 inquit,
3019 3889 3195 3947 simul
3224 3905 3356 3946 cum
3396 3906 3461 3945 eo
3518 3894 3574 3947 te
3630 3905 3769 3963 rogo

2128 3984 2193 4034 ut
2221 3979 2347 4035 seni
2380 3996 2662 4053 generoso
2695 3985 2751 4037 et
2767 3981 2919 4037 bono
2941 3980 3181 4051 decepto
3204 3978 3770 4051 ignoscas.Namque

2128 4067 2329 4125 infelix
2344 4068 2665 4125 ludibrium
2680 4070 2871 4126 factus
2884 4072 2971 4126 est
2999 4068 3287 4124 decantati
3311 4068 3470 4124 illius
3491 4067 3769 4125 hominis.

2128 4158 2239 4215 Sed
2261 4159 2388 4230 jam
2437 4160 2685 4215 narrabo
2740 4158 3030 4230 quomodo
3088 4156 3382 4212 acciderit.
3445 4162 3639 4213 Bonus
3678 4157 3773 4214 hic

2129 4263 2308 4303 senex
2326 4247 2486 4304 venit
2506 4248 2576 4303 ad
2610 4265 2717 4303 nos
2747 4247 3109 4303 salutandos.
3151 4245 3404 4318 Contigit
3460 4251 3655 4302 autem
3710 4250 3777 4302 ut

2130 4334 2230 4391 illa
2258 4335 2404 4391 hora
2431 4352 2565 4391 cum
2597 4336 2833 4392 Simone
2854 4335 3259 4408 essemus,qui
3292 4335 3419 4406 ipsa
3442 4340 3608 4391 nocte
3639 4336 3778 4406 fuga

2132 4441 2193 4480 se
2223 4424 2446 4480 salvare
2473 4424 2718 4491 volebat,
2753 4440 2888 4480 cum
2936 4423 3218 4494 audisset,
3254 4424 3459 4479 adesse
3490 4423 3777 4495 quosdam

2132 4512 2193 4567 in
2222 4511 2332 4567 hac
2354 4512 2648 4568 Laodicea:
2678 4511 2930 4579 civitate,
2954 4511 3052 4584 qui
3080 4528 3148 4567 ex
3207 4511 3577 4584 imperatoris
3635 4525 3780 4583 prm-

361 4608 687 4681 προσταγῆς
740 4600 1029 4679 βασιλικῆς
1086 4603 1380 4671 ζητοῦντας
1446 4597 1627 4654 αὐτόν.
1674 4596 1908 4671 Φαύστῳ
1967 4594 2017 4652 Si

2135 4604 2299 4672 cepto
2328 4616 2461 4655 eum
2495 4604 2840 4672 quaererent.
2873 4600 2940 4655 Et
2969 4604 3284 4673 postquam
3316 4615 3551 4655 omnem
3606 4613 3781 4654 suum

361 4691 598 4749 εἰσιόντι
654 4692 744 4746 τὸν
796 4686 933 4745 ἷ¹διον
982 4689 1153 4763 θυμὸν
1204 4688 1490 4765 ἐπέστρεφε
1530 4688 1570 4723 ²¹
1625 4687 1798 4765 φήσας
1853 4684 2017 4746 οὕτως

2138 4688 2393 4744 furorem
2424 4692 2626 4745 contra
2666 4689 2947 4744 Faustum
3006 4688 3341 4760 ingressum
3400 4688 3780 4752 converterat,

360 4780 514 4857 πρὸς
544 4781 713 4853 ἡμᾷςο
763 4776 909 4834 ἁλῶν
960 4777 1119 4833 αὐτὸν
1168 4775 1397 4841 ἐλθόντα
1438 4778 1843 4850 συμμετασχεῖν
1905 4774 2033 4847 ὑμῖν

362 4872 662 4940 ποιήσατε’
696 4867 807 4943 ἐγὼ
866 4865 925 4923 δὲ
979 4865 1148 4943 μύρον
1202 4886 1254 4921 τι
1315 4865 1580 4936 σκευάσω,
1602 4861 1695 4918 τίνα
1742 4860 2035 4933 δειπνήσας

363 4959 471 5014 καὶ
522 4952 808 5013 ἀναλαϐών
870 4977 918 5011 τι
978 4954 1115 5011 ἴδιον
1172 4955 1367 5031 χρίσας
1424 4952 1717 5028 πρόσωπον
1760 4953 1859 5021 τήν
1893 4950 2031 5025 ἐμὴν

364 5052 538 5103 πᾶσιν
574 5042 718 5122 ἔχειν
748 5043 876 5120 δόξῃ
906 5048 952 5082 ³³
984 5046 1224 5123 μορφήν.
1255 5044 1435 5116 Ὑμεῖς
1486 5039 1544 5096 δὲ
1605 5041 1835 5117 βοτάνης
1889 5040 2035 5102 τινὸς

367 5135 523 5205 ὕλης
556 5132 1083 5211 προεναλειψάμενοι
1144 5133 1234 5188 ὑπ’
1270 5130 1410 5205 ἐμοῦ
1470 5130 1571 5185 οὐκ
1624 5129 2037 5200 ἀπατηθήσεσθε

370 5224 489 5281 ὑπὸ
518 5232 617 5295 τῆς
664 5224 816 5291 τένης
848 5226 920 5260 ²²¹
973 5223 1139 5279 αὐτοῦ
1200 5227 1437 5299 μορφῆς,
1468 5217 1616 5289 πλὴν
1669 5223 1787 5281 τοῖς
1841 5215 2036 5282 ἄλλοις

370 5318 541 5368 πᾶσιν
574 5314 603 5368 6
630 5318 876 5377 Φαῦστος
910 5310 1048 5387 δόξει
1081 5312 1213 5368 εἶναι
1248 5310 1461 5385 Σίμων.

2140 4777 2222 4832 ita
2250 4777 2321 4833 ad
2353 4793 2460 4832 nos
2490 4776 2722 4832 locutus
2744 4780 2833 4832 est
2859 4791 2874 4832 :
2908 4776 3101 4845 Illum,
3134 4776 3233 4848 qui
3265 4776 3519 4844 advenit,
3568 4789 3783 4831 mensas

2141 4870 2470 4922 consortem
2510 4865 2810 4921 vobiscum
2844 4865 3090 4931 faciatis,
3119 4880 3225 4937 ego
3253 4880 3386 4921 vero
3419 4869 3786 4936 unguentum

2142 4954 2437 5027 quoddam
2472 4970 2963 5025 componam,quo
2993 4970 3162 5008 suam
3196 4954 3384 5025 ipsius
3417 4953 3623 5008 faciem
3656 4954 3787 5024 post

2140 5060 2366 5099 ccenam
2400 5047 2718 5115 perunctus
2750 5042 3027 5098 omnibus
3052 5058 3247 5097 meum
3281 5042 3508 5097 vultum
3542 5042 3790 5096 circum-

2142 5133 2291 5189 ferre
2304 5130 2707 5187 videatur.Vos
2723 5135 2919 5187 autem
2935 5130 3125 5186 herbae
3140 5131 3445 5202 cujusdam
3466 5145 3639 5185 succo
3653 5146 3686 5184 a
3698 5141 3790 5183 me

2143 5222 2309 5295 prius
2322 5218 2587 5293 peruncti
2611 5236 2725 5275 non
2745 5218 3028 5274 fallemini
3044 5219 3115 5274 de
3130 5223 3486 5275 commutato
3500 5217 3658 5273 illius
3672 5215 3793 5272 vul-

2143 5314 2296 5380 tu;at
2307 5308 2526 5366 caeteris
2538 5307 2815 5365 omnibus
2838 5308 3092 5365 Faustus
3115 5324 3243 5365 esse
3262 5308 3553 5364 videbitur
3570 5305 3791 5362 Simon.

1748 5441 1990 5499 VARUE
2030 5442 2432 5501 LECTIONES.

457 5556 519 5594 ⁸⁷³
551 5547 828 5610 Δννοϐίων
860 5555 989 5628 (sic)
1018 5556 1083 5612 Ο.
1162 5554 1207 5592 ¹⁸
1234 5549 1504 5628 πάλαι-Ο.
1526 5622 1538 5628 _
1586 5545 1834 5628 ηχὲρων
1863 5549 1958 5628 O._
2005 5551 2052 5628 Ψ
2080 5545 2343 5628 Λαοδικίᾳ
2379 5549 2445 5606 Ο.
2480 5618 2494 5628 _
2528 5547 2574 5586 ²¹
2610 5542 2897 5628 ἐπέστρεφε
2944 5548 3143 5628 addidi
3176 5563 3245 5605 ex
3274 5547 3627 5628 conjectura.
3674 5542 3795 5628 .Cfr:

369 5694 792 5775 grammaticae
821 5694 965 5757 forte
994 5705 1102 5757 erit
1134 5698 1492 5756 consultum.
1522 5694 1626 5752 En.
1657 5696 1833 5751 Pars.

258 5690 267 5695 _
373 5627 520 5685 Ruf.
547 5645 605 5695 ι,
637 5628 727 5683 58.
803 5614 1016 5697 δ’δόξὶι
1048 5628 1110 5683 Ο.
1188 5628 1261 5662 υ·
1291 5625 1384 5681 Sic
1417 5614 1811 5698 barbarice'iu
1843 5621 2175 5698 archetypo.
2210 5623 2271 5682 Si
2292 5614 2446 5693 ξένης
2480 5618 2712 5693 legeris,
2770 5614 2892 5676 'un'a
2943 5618 3137 5677 littera
3192 5614 3435 5689 mutata,
3491 5614 3691 5673 sensui
3738 5618 3798 5678 et
