2041 3104
231 143 289 172 463

631 143 663 171 S.
687 140 909 171 CLEMENTIS
933 141 945 170 Ι
968 140 1064 171 ROM.
1088 141 1204 171 PONT.
1227 140 1359 171 OPERA
1380 141 1513 172 DUBIA.

1866 145 1921 174 864

265 207 350 236 XVII.
368 207 436 239 Quze
451 215 518 235 cum
533 206 582 234 ille
598 206 780 243 praedixisset
796 215 802 234 :
820 207 983 241 Quodnam,
1005 206 1041 235 in-

1142 207 1226 235 XVIl.
1242 206 1361 234 Ἐκείνου
1377 205 1407 234 δὲ
1429 208 1513 234 ταῦτα
1539 205 1721 244 προλέγοντος
1743 205 1817 246 ἔφην·
1832 208 1860 235 Τί
1879 212 1918 238 νῦν

230 260 329 288 quam,
341 251 394 279 tibi
409 251 522 278 lucrum
543 251 639 279 veniet
658 260 692 279 ex
723 252 925 286 hujuscemodi
943 251 1053 279 machi-

230 296 347 324 natione
360 295 374 323 ‘I
389 298 428 323 Ac
436 296 537 323 Simon
547 296 714 332 respondit:
728 296 857 324 Primum
869 295 1053 332 quidem,illo

228 343 323 376 capto,
340 340 389 375 qui
406 348 452 368 me
468 343 611 376 quaerunt,
629 340 853 376 investigatione
882 343 983 368 contra
1008 348 1054 368 me

228 384 301 412 inita
316 384 464 413 desistent.
482 385 511 412 Si
527 393 595 413 vero
611 385 699 412 etiam
718 394 806 412 manu
819 385 899 421 regia
920 384 1053 412 sublatus

228 429 326 464 fuerit,
338 438 514 466 magnopere
529 429 672 465 lugebunt
687 429 739 456 ﬁlii
756 429 830 465 ejus,
852 429 902 465 qui
918 437 964 456 me
975 429 1054 457 dere-

227 472 296 501 licto
309 474 344 501 ad
356 475 474 502 Petrum
492 482 555 502 sese
568 473 852 509 contulerunt,eique
862 473 1051 501 collaborant.

226 517 293 546 Jam
308 518 386 546 enim
401 517 668 553 tibi,Petre,verum
684 517 942 551 conﬁteor,timore
957 517 1052 546 Simo-

231 562 277 590 nis
293 563 412 598 melesse
420 562 768 598 impeditum,quominus
779 562 883 590 Fausto
894 562 953 589 hac
964 561 1053 598 signi-

229 606 468 635 ﬁcarem.Verum
483 607 629 634 enimvero
645 614 680 634 ne
695 608 812 642 tempus
827 606 944 642 quidem
951 605 1052 634 Simon

229 651 313 679 nobis
328 651 408 679 dedit
425 651 566 679 secretius
581 650 854 686 colloquendi;alias
868 659 989 686 pravum
1006 651 1051 679 Si-

227 695 323 723 monis
337 695 491 724 consilium
521 695 546 723 ei
576 695 787 731 patefecissem.
824 695 936 723 Interea
955 695 1052 723 media

226 742 310 767 nocte
326 748 485 776 exsurgens
500 739 600 767 Simon
620 739 751 767 Judaaam
782 740 851 776 fuga
873 739 955 775 petiit
983 748 1050 767 cum

226 784 382 812 comitibus
397 784 528 820 Appione
543 786 571 812 et
584 783 784 812 Athenodoro.
801 785 881 812 Tunc
893 791 945 820 ego
973 783 1048 811 vale-

225 829 337 856 tudinis
353 829 539 856 incommoda
558 828 638 862 ﬁnxi,
657 831 688 856 ut
703 828 782 856 domi
807 836 962 856 remanens
985 830 1051 864 post

225 872 341 901 illorum
357 873 565 909 profectionem
581 872 713 900 celeriter
725 881 792 900 eum
808 873 843 900 ad
865 881 934 900 suos
950 873 1048 900 remit-

224 919 326 950 terem,
341 917 363 945 si
382 918 456 945 forte
472 918 548 953 apud
566 926 616 945 vos
633 917 731 953 aliquo
748 918 833 945 modo
844 920 941 953 posset
956 916 1051 945 occul-

224 962 290 997 tari,
303 971 338 990 ne
354 971 371 990 a
382 962 510 990 Simonis
525 961 783 998 investigatoribus
794 964 896 998 captus
907 962 970 998 ejus
986 962 1049 990 loco

225 1008 303 1043 regio
320 1007 384 1035 odio
397 1007 511 1043 periret.
529 1007 629 1042 Itaque
642 1008 725 1034 nocte
738 1006 913 1043 intempesta
928 1015 994 1034 eum
1011 1007 1048 1034 ad

222 1051 577 1087 vos_misi,sollicitusque
592 1053 678 1079 noctu
700 1051 825 1086 perveni,
843 1053 874 1079 ut
888 1059 955 1078 eum
968 1050 1046 1079 vide-

223 1104 284 1124 rem
300 1105 333 1124 ac
347 1096 475 1124 velocius
491 1095 802 1132 redirem,priusquam
814 1095 1045 1131 supervenirent,

222 1141 273 1176 qui
288 1140 435 1168 Simonem
448 1140 578 1168 comitati
595 1143 673 1168 sunt.
690 1142 724 1168 Et
739 1148 895 1168 conversus
910 1140 945 1167 ad
972 1147 1043 1167 nos:

222 1185 282 1221 Ego
298 1185 466 1219 Annuhion,
481 1185 587 1221 inquit,
600 1184 690 1221 patris
716 1184 803 1212 vestri
831 1193 932 1212 verum
960 1184 1044 1212 video

219 1229 459 1265 vultum,quippe
474 1230 523 1266 qui
540 1238 556 1257 a
570 1229 689 1257 Simone
700 1231 857 1265 perunctus
868 1228 1042 1262 fuerim,sic-

221 1274 263 1301 uti
279 1276 362 1302 antea
377 1274 520 1309 enarravi,
537 1276 570 1301 ut
582 1282 650 1301 vera
664 1273 762 1301 Fausti
779 1273 868 1301 facies
883 1273 957 1300 meis
972 1281 1040 1301 ocu-

220 1317 256 1346 lis
267 1318 515 1355 appareret.Unde
530 1320 632 1354 stupeo
648 1320 736 1353 atque
759 1317 887 1345 admiror
913 1317 1040 1346 Simonis

219 1363 359 1399 magiam,
372 1363 449 1398 quod
465 1370 516 1390 vos
531 1362 755 1390 circumstantes
770 1365 881 1398 patrem
909 1364 1039 1389 vestrum

219 1415 277 1435 non
292 1406 616 1443 agnoscitis.Flentibus
632 1408 729 1434 autem
746 1408 826 1442 patre
841 1408 869 1433 et
884 1408 977 1433 matre
992 1414 1041 1434 no-

218 1450 323 1486 bisque
339 1450 411 1487 ipsis
426 1451 461 1479 de
477 1450 625 1479 communi
644 1450 821 1484 calamitate,
850 1450 1038 1478 commisera-

218 1495 297 1523 tione
313 1497 477 1524 commotus
492 1495 579 1523 ﬂebat
594 1497 622 1523 et
635 1495 802 1523 Annubion.

252 1630 351 1658 XVIII.
368 1630 443 1658 Tum
459 1629 562 1656 Petrus
577 1627 651 1664 patri
667 1627 778 1655 vultum
790 1635 820 1656 se
835 1628 1040 1656 restituturum

217 1674 301 1702 nobis
317 1674 452 1711 promisit
466 1673 502 1701 ad
514 1680 581 1700 eum
598 1672 697 1700 dicens
714 1681 721 1700 :
743 1671 900 1707 Audivisti,
922 1672 1039 1708 Fauste,

216 1727 279 1755 quas
296 1719 331 1746 ad
345 1727 398 1746 nos
413 1719 553 1754 spectant.
567 1717 595 1744 Si
613 1717 679 1745 ﬁcta
703 1717 732 1744 in
762 1718 789 1744 te
816 1716 913 1745 vultus
941 1717 1038 1753 imago

215 1763 296 1791 utilis
310 1763 395 1791 nobis
407 1763 458 1790 ﬁat
472 1764 501 1790 et
516 1764 547 1789 tu
561 1770 614 1789 nos
630 1761 776 1797 adjuveris
788 1761 823 1788 ad
839 1770 950 1797 eaque:
959 1770 1038 1790 man-

214 1808 299 1842 dabo,
320 1809 390 1835 tunc
406 1806 554 1843 propriam
566 1806 618 1834 tibi
634 1806 788 1833 restituam
799 1805 941 1840 faciem,si
954 1806 1036 1842 prius

214 1852 316 1880 feceris
331 1860 394 1887 quae
409 1850 459 1878 tibi
472 1851 602 1886 jussero.
630 1850 670 1877 Ac
694 1849 769 1885 patri
794 1849 923 1877 dicenti:
950 1851 1035 1882 Quaa-

213 1904 328 1931 cunque
342 1903 475 1931 possum,
491 1894 626 1922 lubenter
641 1893 801 1930 perﬁciam,
818 1893 842 1921 si
859 1893 945 1921 modo
961 1894 1035 1923 meis

213 1940 338 1976 efﬁgiem
351 1947 446 1967 meam
463 1938 683 1972 reddas,Petrus
698 1938 866 1973 respondit:
885 1937 948 1973 Ipse
959 1938 1034 1966 auri-

212 1984 267 2012 bus
285 1983 341 2012 tuis
357 1983 465 2012 audisti
480 1991 514 2011 ex
529 1982 629 2018 iis,qui
645 1991 661 2009 a
672 1990 717 2010 me
732 1981 876 2017 praemissi
893 1983 1035 2011 Antiocho.

212 2029 371 2063 redierunt,
384 2028 530 2063 quomodo
547 2027 646 2054 Simon
664 2026 722 2054 illic
737 2029 870 2054 versatus
897 2027 1033 2055 multitu-

212 2072 309 2100 dinem
325 2072 512 2100 vehementer
521 2074 623 2100 contra
638 2079 684 2098 me
695 2071 836 2105 excitarit,
849 2079 989 2107 magnum
1005 2074 1033 2100 et

211 2116 287 2144 caede
302 2116 647 2152 pollutum,deceptorem
664 2117 692 2142 et
718 2115 955 2151 prmstigiatorem
985 2124 1032 2144 me

210 2168 393 2196 nuncupans,
410 2160 450 2187 ita
465 2162 498 2187 ut
512 2159 698 2188 vehementer
722 2159 841 2195 cupiant
854 2159 913 2187 illic
929 2168 1031 2188 omnes

207 2205 252 2233 vel
267 2205 405 2233 carnibus
421 2204 492 2232 meis
507 2204 652 2232 vesci.Fac
665 2212 732 2240 ergo
756 2212 820 2239 quae
845 2204 898 2231 tibi
928 2205 1029 2240 prisci-

206 2250 296 2286 piam,
314 2252 352 2285 et,
369 2248 515 2277 Clemente
534 2247 611 2284 apud
636 2256 683 2275 me
708 2247 817 2293 relicto,
847 2256 913 2276 cum
943 2257 1030 2277 uxore
1047 2260 1069 2293 Ι)

205 2295 256 2322 tua
270 2295 298 2323 ot
308 2293 446 2322 Faustino
462 2301 495 2321 ac
511 2292 709 2325 Faustiniano,
727 2291 795 2320 ﬁliis
811 2292 880 2327 tuis,
892 2293 948 2320 duc
976 2302 1030 2321 nos

203 2338 399 2366 Antiochiam.
416 2338 509 2365 Erunt
520 2339 617 2365 autem
641 2339 736 2364 tecum
766 2338 795 2364 et
818 2336 867 2364 alii
897 2337 1027 2372 quidam,

203 2390 276 2418 quos
291 2382 327 2410 ad
343 2382 541 2418 adjuvandum
554 2389 652 2409 meum
667 2379 822 2409 consilium
837 2380 957 2409 idoneos
969 2389 1028 2409 cre-

202 2426 314 2455 didero.

235 2514 310 2543 XIX.
323 2514 443 2546 Quando
454 2515 543 2551 igitur
558 2513 647 2542 simul
662 2521 729 2541 cum
744 2512 781 2541 iis
795 2512 954 2541 Antiochiae
967 2522 1026 2542 ver-

198 2558 275 2587 saris
289 2561 317 2586 et
332 2559 430 2587 Simon
447 2559 565 2595 quidem
581 2566 645 2587 esse
660 2556 883 2593 videris,pa1am
899 2558 1024 2594 praedica

198 2603 399 2639 pamitentiam
415 2606 507 2639 tuam,
525 2605 609 2639 atque
635 2602 705 2630 dic:
728 2602 785 2638 Ego
815 2601 915 2630 Simon
941 2602 1022 2631 vobis

1108 260 1150 277 σοι
1181 250 1211 278 ἐκ
1234 254 1285 286 τῆς
1308 250 1437 286 τοιαύτης
1465 254 1591 289 μηχανῆς
1623 250 1680 278 ἐστι
1702 250 1812 289 κέρόοςς
1838 253 1885 281 Καὶ
1905 254 1917 281 ὸ

1108 294 1203 330 Σίμων
1227 294 1289 334 ἔφη·
1307 297 1418 333 Πρῶτον
1447 295 1493 332 μὲν
1521 292 1704 326 συλλαϐόντες
1726 295 1803 323 αὐτὸν
1830 297 1853 324 οἱ
1876 296 1918 333 ἐμὲ

1109 341 1250 374 ζητοῦντες
1276 339 1422 367 παύσονται
1447 343 1496 373 τῆς
1518 340 1576 367 κατ’
1591 339 1659 376 ἐμοῦ
1684 341 1829 375 ζητήσεως.
1845 341 1873 368 Εἴ
1892 341 1916 370 δὲ

1107 383 1151 411 καὶ
1169 384 1221 411 ὑπὸ
1249 384 1394 422 βασιλικῆς
1420 384 1514 422 χειρὸς
1539 383 1703 422 ἀναιρεθείη,
1722 384 1842 422 μέγιστον
1861 386 1916 414 πέν-

1108 433 1154 460 θος
1182 427 1284 465 ἕξουσιν
1314 429 1340 456 οἱ
1363 428 1461 456 τούτου
1482 427 1587 465 παῖδες,
1609 427 1636 456 οἵ
1658 439 1729 459 τινες
1750 428 1798 465 ἐμὲ
1821 430 1915 458 καταλι-

1107 471 1214 507 πόντες,
1234 473 1448 512 προσφυγόντ[ες
1471 475 1511 509 τῷ
1540 474 1646 511 Πέτρῳ]
1670 475 1848 511 συνεργοῦσιν.
1869 474 1912 504 Νῦν

1106 517 1158 555 γάρ
1173 518 1256 554 σοι,ὧ
1269 517 1361 555 Ηέτρε,
1370 516 1503 555 ὁμολογῶ
1513 517 1546 546 τὰ
1556 517 1710 554 ἀληθῆ,ὅτι
1723 515 1912 557 ἐφοῦούμηντὸν

1107 561 1240 598 [Σίμωνα,
1255 564 1295 598 τῷ
1318 564 1392 591 411
1420 562 1548 599 Φαύ[οτῳ
1571 564 1653 590 τοῦτο
1680 562 1789 599 μηνύειν
1811 564 1839 597 ίδ,
1859 564 1910 593 ἀλλ’

1107 604 1169 633 οὐδὲ
1182 606 1275 643 καιρὸν
1298 607 1366 643 ἡμῖν
1390 607 1404 634 ὁ
1430 606 1523 643 Σίμων
1545 605 1635 634 ἐδίδου
1662 607 1731 645 πρὸς
1754 607 1785 634 τὸ
1812 605 1908 642 ίδιάζειν·

1107 649 1141 687 [εἰ
1158 651 1208 687 μὴ]
1225 652 1247 669 ³⁵
1262 651 1335 687 αὖτῷ
1349 652 1398 686 τήν
1416 651 1445 679 ἐκ
1458 653 1507 678 τοῦ
1523 651 1650 688 Σίμωνος
1674 651 1760 685 κακὴν
1788 651 1816 679 ἃν
1842 650 1912 691 ἔφηνε.

1108 694 1307 732 βουλήν.ΠΛὴν
1324 695 1349 723 ἐν
1368 695 1435 733 μέσῃ
1447 706 1477 734 γε
1488 695 1564 723 νυκτὶ
1580 694 1728 727 ἀναστὰςὸ
1744 695 1830 733 Σίμων
1845 697 1912 731 τήνίι

1105 738 1149 766 ἐπὶ
1170 738 1299 766 Ἰουδαίαν
1321 739 1439 768 ἐποιεῖτο
1454 740 1552 777 φυγὴν,
1568 740 1801 778 προπεμπόμενος
1824 741 1868 768 ὑπό
1889 752 1912 769 τε

1106 782 1258 815 Ἀππίωνος
1284 784 1328 811 καὶ
1355 783 1558 822 Ἀθηνοδώρου.
1583 784 1650 812 Τότε
1686 784 1739 822 ἐγὼ
1764 785 1912 821 δυσαρέστως

1104 825 1176 866 ἔχειν
1199 828 1231 856 τὸ
1260 831 1339 865 σῶμα
1361 829 1559 866 ὑπεκρινάμην,
1584 828 1662 860 ὅπως
1688 829 1778 865 μείνας
1807 830 1866 865 μετὰ
1885 830 1911 857 τὸ

1104 872 1222 904 ἐκείνους
1237 874 1400 911 πορευθῆναι
1417 873 1492 904 εὐθὺς
1507 873 1586 901 αὐτὸν
1603 874 1648 901 ἐπὶ
1672 874 1706 901 τὰ
1731 875 1819 901 ἑαυτοῦ
1841 874 1911 902 ἐπαν-

1104 916 1192 948 ελθεῖν
1217 918 1338 953 ποιήσωΙ
1364 915 1391 944 εἷ’
1408 928 1460 945 που
1490 916 1596 945 δύναιτο
1630 919 1697 955 παρ’
1719 918 1778 954 ὑμῖν
1807 918 1910 956 κρυπτό-

1105 971 1184 997 μενος
1202 961 1340 989 λανθάνειν
1359 962 1459 998 μήπως
1476 962 1526 989 ὑπὸ
1540 964 1593 989 τῶν
1620 961 1751 998 Σίμωνος
1776 962 1910 997 ζητούντων

1103 1005 1140 1032 ὡς
1170 1005 1264 1042 Σίμων
1295 1005 1409 1045 ληφθεὶς
1441 1006 1491 1033 ὑπὸ
1521 1005 1669 1044 βασιλικῆς
1695 1006 1774 1045 ὀργῆς
1797 1007 1909 1044 ἀποθάνῃ.

1102 1048 1216 1085 Ἀωρίας
1232 1047 1280 1076 οὖν
1294 1048 1373 1076 αὐτὸν
1390 1048 1563 1085 ἐξαπέστειλα
1581 1049 1652 1088 πρὸς
1678 1050 1759 1087 ὑμᾶς,
1773 1050 1814 1078 καὶ
1840 1051 1910 1087 κηδό·

1102 1102 1181 1129 μενος
1196 1092 1277 1120 αὐτοῦ
1292 1093 1387 1131 νύχιος
1402 1092 1487 1129 ἦλθον
1505 1093 1642 1131 ὀψόμενός
1657 1105 1688 1122 τε
1710 1094 1787 1122 αὐτὸν
1809 1095 1848 1123 καὶ
1869 1096 1909 1123 τά·

1099 1146 1160 1175 χιον
1171 1134 1406 1174 ’ἁπελευσόμενος,
1421 1138 1485 1176 πρὶν
1499 1138 1563 1170 τοὺς
1579 1138 1740 1176 πέμψαντας
1754 1140 1805 1176 [τὸν
1826 1140 1909 1177 Σίμω-

1097 1182 1139 1218 να]
1156 1181 1308 1214 ἐπανελθεῖν
1326 1183 1358 1212 ³⁸.
1388 1182 1437 1210 Καὶ
1466 1181 1643 1221 προσϐλέψας
1674 1185 1741 1221 ἡμῖν
1770 1184 1827 1224 ἔφη’
1847 1186 1906 1222 Ἐγὼ

1097 1224 1262 1254 Ἀννουϐίων
1278 1227 1327 1261 τὴν
1343 1229 1392 1254 τοῦ
1407 1227 1508 1266 πατρὸς
1525 1228 1601 1264 ὑμῶν
1617 1228 1709 1263 ἀληθῆ
1728 1230 1829 1267 μορφήν
1856 1230 1904 1266 ὁρῶ

1097 1269 1305 1308 ἐναλειψάμενος
1331 1271 1375 1299 ὑπ’
1399 1271 1481 1299 αὐτοῦ
1503 1275 1552 1300 τοῦ
1578 1273 1718 1309 Σίμωνος,
1743 1274 1779 1304 ὡς
1805 1272 1903 1311 προεδί-

1095 1315 1239 1352 ηγησάμην
1255 1315 1336 1351 ²⁷,’ίνα
1350 1318 1410 1347 τοῖς
1425 1316 1503 1353 ἐμοῖς
1520 1316 1677 1355 ὀφθαΛμοῖς
1693 1319 1710 1352 ἡ
1726 1317 1827 1352 ἀληθὴς
1842 1317 1904 1344 Φαύ-

1095 1369 1159 1386 στου
1188 1359 1315 1398 φαίνηται
1346 1361 1449 1399 μορφή,
1467 1361 1712 1400 Ἐκπεπληγμένος
1741 1361 1784 1389 οὖν
1811 1361 1903 1401 σφόδρα

1095 1403 1224 1440 θαυμάζω
1238 1405 1286 1438 τὴν
1305 1404 1429 1441 Σίμωνος
1448 1404 1569 1443 μαγείαν,
1587 1405 1628 1433 δτι
1647 1405 1760 1437 ἑστῶτες
1782 1406 1825 1434 τὸν
1846 1405 1903 1442 ὑμέ-

1092 1458 1169 1485 τερον
1195 1448 1226 1476 οὗ
1248 1449 1392 1487 γνωρίζετε
1415 1451 1437 1468 ⁸⁸
1460 1450 1572 1487 πατέρα.
1598 1450 1756 1478 Κλαιόντων
1772 1450 1799 1478 δὲ
1819 1453 1862 1478 τοῦ
1878 1461 1903 1478 τε

1093 1492 1195 1531 πατρὸς
1210 1492 1254 1520 καὶ
1268 1497 1319 1528 τῆς
1338 1494 1444 1532 μητρὸς
1458 1493 1503 1521 καί
1518 1495 1598 1531 ἡμῶν
1625 1494 1714 1523 αὐτῶν
1738 1495 1779 1523 ἐπὶ
1801 1497 1833 1532 τῇ
1854 1505 1904 1522 κοι-

1093 1538 1127 1574 νῇ
1150 1537 1258 1565 πάντων
1283 1539 1362 1574 ἡμῶν
1382 1541 1518 1578 συμφορᾷ,
1545 1540 1725 1576 συμπαθήσας
1753 1541 1796 1567 καὶ
1817 1540 1829 1567 ὁ
1853 1540 1903 1567 ’Δν-
1932 1557 1939 1565 .

1055 1577 1076 1610 C
1094 1579 1210 1609 νουϐίων
1227 1581 1379 1621 ἐδάκρυσεν.

1130 1627 1300 1655 ΧνΙΙῐ.Τότε
1313 1627 1358 1654 καὶ
1375 1628 1389 1655 ὁ
1401 1628 1501 1664 Πέτρος
1515 1629 1565 1663 τῆς
1576 1631 1624 1656 τοῦ
1636 1630 1740 1667 πατρὸς
1754 1633 1853 1668 μορφῆς
1861 1629 1902 1663 τὴν

1094 1670 1308 1698 ἀποκατάστασιν
1338 1674 1415 1701 412
1444 1673 1512 1709 ἡμῖν
1540 1673 1727 1711 ἐπηγγείλατο
1744 1674 1823 1702 εἰπὼν
1844 1674 1902 1711 πρὸς

1093 1714 1181 1742 αὐτόν’
1212 1715 1355 1751 Ἤκουσας,
1379 1717 1402 1743 ὦ
1428 1719 1544 1752 Φαῦστε,
1564 1718 1598 1744 τὰ
1633 1719 1694 1750 καθ’
1727 1720 1808 1755 ἡμᾶς.
1833 1720 1901 1745 Ὅταν

1093 1758 1137 1786 οὖν
1154 1760 1221 1795 ἡμῖν
1237 1761 1378 1797 χρήσιμος
1392 1762 1410 1795 ἡ
1427 1761 1601 1799 περικειμένη
1632 1772 1675 1790 σοι
1695 1762 1796 1794 πλάνος
1821 1762 1899 1800 μορᾳὴ

1091 1804 1201 1842 γένηται
1217 1804 1262 1831 καὶ
1280 1804 1455 1842 ὑπουργήσῃς
1471 1806 1551 1842 ἡμῖν,
1566 1807 1636 1844 πρὸς
1653 1806 1670 1834 ἃ
1685 1806 1837 1843 κελεύομεν,
1849 1806 1901 1834 τότε

1090 1849 1164 1887 κάγώ
1179 1859 1222 1876 σοι
1236 1849 1286 1884 τήν
1302 1848 1435 1885 ἀληθινήν
1445 1860 1492 1877 σου
1506 1851 1613 1889 μορφὴν
1630 1850 1768 1879 ἀποδώσω
1782 1851 1898 1889 πρότερον

1089 1894 1231 1928 ποιήσαντι
1246 1893 1280 1920 τὰ
1294 1893 1357 1929 παρ’
1370 1893 1438 1930 ἐμοῦ
1453 1905 1495 1921 σοι
1512 1893 1660 1932 λεγόμενα.
1677 1898 1729 1923 Τοῦ
1758 1895 1785 1923 δὲ
1809 1895 1899 1933 πατρὸς

1089 1936 1223 1969 εἰπόντος·
1240 1940 1294 1965 ΙΙᾶν
1311 1937 1327 1965 ὅ
1352 1949 1378 1966 τι
1403 1937 1433 1966 ἄν
1460 1949 1507 1975 μοι
1531 1938 1645 1967 δυνατὸν
1708 1939 1898 1979 προθυμότατον

1087 1982 1206 2017 ποιήσω,
1225 1982 1305 2018 μόνον
1321 1983 1371 2017 τὴν
1385 1982 1453 2019 ἐμὴν
1468 1986 1524 2014 τοῖς
1544 1983 1621 2020 ἐμοῖς
1643 1983 1744 2016 ἀπόδος
1762 1991 1871 2023 μορφήν·
1886 1984 1897 2010 ὁ

1088 2025 1188 2063 Πέτρος
1213 2026 1383 2064 ἀπεκρίνατο·
1411 2027 1491 2058 αὐτὸς
1521 2026 1601 2059 ἰδίοις
1630 2028 1697 2056 ὠσὶν
1714 2030 1827 2064 ἀκήκοας
1851 2031 1897 2055 τῶν

1086 2069 1211 2107 προόδων
1229 2081 1282 2107 μου
1296 2071 1348 2098 ἀπὸ
1364 2071 1533 2109 Ἀντιοχείας
1556 2072 1734 2107 ἐληλυθότων
1757 2074 1799 2101 καὶ
1824 2072 1898 2100 εἶπόν-

1085 2125 1150 2151 των,
1167 2114 1204 2145 ὡς
1218 2114 1273 2142 ἐκεῖ
1288 2115 1408 2153 γεγονὼς
1425 2116 1438 2143 ὁ
1455 2115 1548 2152 Σίμων
1566 2116 1690 2155 ἰσχυρῶς
1718 2117 1780 2149 τοὺς
1808 2115 1897 2155 ίέχλους

1085 2159 1143 2186 κατ’
1159 2158 1226 2195 ἐμοῦ
1242 2160 1392 2197 παρώξυνε,
1411 2160 1495 2198 μάγον
1510 2161 1555 2187 καὶ
1581 2161 1739 2200 μιαιφόνον,
1763 2161 1856 2189 πλάνον
1873 2170 1898 2187 τε

1084 2203 1128 2230 καὶ
1144 2203 1231 2241 γόητα
1246 2203 1391 2231 ἀποκαλῶν
1409 2204 1453 2231 ἐπὶ
1467 2207 1606 2241 τοσοῦτον,
1623 2205 1660 2237 ὡς
1678 2205 1819 2244 γλίχεσθαι
1843 2204 1895 2232 πάν-

1084 2258 1131 2279 τας
1146 2247 1209 2278 τοὺς
1226 2247 1281 2275 ἐκεῖ
1295 2250 1348 2275 τῶν
1365 2247 1439 2284 ἐμῶν
1465 2249 1664 2287 ἀπογεύσασθαι
1693 2253 1807 2288 σαρκῶν.
1823 2250 1895 2284 Ποιή-

1085 2302 1141 2323 σεις
1164 2290 1221 2327 οὖν,
1245 2292 1282 2323 ὡς
1306 2291 1361 2330 ἐγὼ
1387 2291 1469 2331 λέγω,
1494 2293 1651 2322 καταλιπὼν
1678 2295 1819 2332 Κλήμεντα
1841 2294 1895 2330 παρ’

1083 2335 1145 2373 ἐμοὶ
1160 2336 1203 2363 καὶ
1228 2337 1393 2375 προαγαγὼν
1412 2338 1486 2374 ἡμᾶς
1514 2338 1551 2369 εἷς
1569 2338 1738 2377 Ἀντιόχειαν
1765 2340 1827 2376 μετά
1851 2339 1893 2372 τῆς

1081 2378 1199 2417 συμϐίου
1215 2391 1275 2415 σου,
1291 2379 1329 2408 ἔτι
1346 2380 1375 2409 δὲ
1390 2382 1542 2410 Φαυπίνου
1562 2383 1607 2411 καὶ
1633 2386 1825 2411 Φαυστινιανοῦ
1846 2384 1892 2410 τῶν

1081 2425 1146 2452 υἱῶν
1162 2435 1220 2452 σου.
1235 2425 1394 2453 Συνέσονται
1411 2424 1440 2453 δὲ
1456 2437 1498 2453 σοι
1513 2427 1557 2454 καὶ
1583 2426 1665 2455 ἄλλοι
1689 2428 1770 2462 τινὲς,
1784 2427 1828 2459 οὓς
1848 2426 1892 2465 ἰτὼ

1079 2469 1164 2507 κρίνω
1180 2468 1307 2501 δυνατοὺς
1325 2470 1495 2508 ὑπουργῆσαι
1509 2473 1549 2507 τῷ
1564 2471 1623 2508 ἐμῷ
1638 2472 1783 2510 θελήματι.

1115 2517 1184 2542 XIX.
1200 2514 1275 2541 Μετὰ
1303 2513 1407 2542 τούτων
1435 2514 1461 2542 ἐν
1485 2515 1520 2553 τῇ
1550 2516 1702 2555 Ἀντιοχείᾳ
1731 2516 1891 2556 [γενόμενος],

1078 2558 1104 2586 ἐν
1121 2558 1178 2595 ὅσῳ
1194 2558 1232 2590 ὡς
1249 2557 1343 2595 Σίμων
1359 2558 1450 2597 φαίνῃ,
1466 2558 1587 2597 δημοσίᾳ
1608 2562 1724 2599 κήρυξον
1751 2562 1798 2596 τὴν
1822 2570 1891 2588 σεαυ-

1076 2605 1125 2631 τοῦ
1148 2613 1216 2640 μετα
1239 2601 1363 2639 [μὲλειαν
1384 2602 1491 2641 εἴπών·]
1515 2605 1585 2643 Ἐγὼ
1610 2605 1706 2643 Σίμων
1729 2607 1809 2633 ταῦτα
1834 2605 1889 2641 ὑμῖν

877 2672 999 2702 VARI/E
1017 2675 1168 2704 LECTION
1172 2675 1223 2704 ES.

231 2728 254 2745 ⁵³
269 2727 310 2754 ὅτι
326 2724 483 2790 ἐζοξούμην
500 2727 571 2761 τότε,
586 2728 625 2790 τῖιῖ
640 2725 756 2768 Φαύστῳ
768 2727 849 2753 τοῦτο
870 2725 986 2768 ,μηνύειν
1016 2728 1080 2757 Ruf.
1121 2729 1145 2747 ³⁸
1173 2728 1288 2757 Godiois
1318 2728 1425 2757 lacuna
1453 2730 1562 2759 desinit
1583 2730 1614 2759 in
1640 2730 1693 2760 litt.
1725 2731 1793 2767 μῶν.
1821 2728 1886 2756 Tum

231 2762 276 2790 ivn
294 2772 322 2790 D.
358 2774 370 2790 ν
385 2762 470 2790 έωηνα
484 2765 571 2790 idem.
588 2763 670 2790 Aius
685 2764 892 2790 coniectaverit
907 2771 913 2790 ;
931 2761 1009 2790 [ἴσως
1024 2763 1155 2790 συνόντων
1169 2765 1199 2790 ἢ]
1217 2765 1275 2790 ιιῶν
1291 2763 1365 2790 αὖτῶ
1392 2764 1442 2790 τὴν
1468 2764 1498 2790 ἐκ
1524 2768 1572 2790 τοῦ
1597 2766 1723 2790 Σίμωνος
1750 2764 1831 2790 κακὴν
1857 2761 1883 2789 ἂν

194 2761 277 2802 ἐφοένη
293 2772 322 2802 P-

358 2761 470 2808 leqprivﬁ
484 2765 571 2808 id’enl.
588 2761 670 2808 Alius
685 2763 918 2808 coniectaverit;
931 2761 1009 2808 [ἴσως
1024 2763 1155 2808 σρνόντιων
1169 2765 1199 2800 ἡ]
1217 2763 1365 2808 μῶνιαῦτῷ
1392 2764 1442 2808 τὴν
1468 2764 1507 2808 ἐκ,
1524 2768 1572 2793 τοῦ
1591 2761 1730 2808 ἓίμωᾼνοξ
1750 2764 1831 2808 κακὴν
1853 2761 1883 2808 ἒν

193 2797 276 2835 ἐῲἀνη
293 2797 410 2837 βουλήνξ
430 2797 434 2799 Ἴ
448 2800 470 2818 ¹⁶
483 2799 529 2828 τόν
546 2800 577 2828 Ο.
618 2800 640 2818 ³⁸
655 2797 808 2826 ἐπανελθών
824 2798 856 2826 Ο.
896 2797 965 2826 “(Iw
981 2797 1253 2838 προδιηγήσαμξνῬ,
1270 2799 1308 2831 ὡς
1322 2797 1567 2840 προεὸιηγησάμην
1589 2797 1639 2833 0.’
1661 2803 1682 2822 ³³
1706 2800 1827 2841 γνωρίζω
1853 2797 1881 2826 0.
