4082 6208
241 488 339 546 465

1314 488 1852 551 CLEMENTINA.
1885 521 1962 535 —
1998 489 2329 552 HOMILIA
2371 458 2504 550 XX.

3495 488 3614 552 466

243 617 451 693 κηρύσσω
482 617 774 692 ὁμολογῶν
817 620 884 689 ³³,
919 616 1120 681 ἀδίκως
1148 619 1385 694 καταψεύ
1422 626 1629 690 [σασθαι
1658 621 1726 674 τὰ
1752 624 1839 674 τοῦ

1966 622 2247 678 annuntio
2282 625 2454 693 atque
2485 610 2665 676 fateor
2696 637 2788 676 me
2807 621 3005 693 inique
3049 622 3121 677 de
3178 622 3343 678 Petro
3401 623 3610 679 menti-

245 709 424 781 Ηὲτρουο
460 705 522 762 οὐ
554 706 681 781 γάρ]
715 706 825 761 ἐστι
854 706 1081 777 πλάνος,
1116 708 1177 763 οὐ
1241 709 1544 787 μιαιφόνος,
1578 708 1641 763 οὐ
1688 708 1850 783 γόης,

246 793 348 850 οὐδὲ
371 795 452 850 ὅσα
480 795 612 849 ποτε
644 795 823 872 φαῦλα
873 796 995 870 περὶ
1026 796 1190 851 αὐτοῦ
1251 796 1429 871 λέγων
1481 796 1700 875 ἔφθανον
1749 797 1852 851 ὑπὸ

247 889 387 957 θυμοῦ
427 882 806 956 ἐλαυνόμενος.
854 885 1056 958 Δέομαι
1106 886 1259 958 ὑμῶν
1314 886 1471 947 αὐτὸς
1519 886 1651 962 ἐγὼ,
1685 887 1713 941 6
1754 890 1851 941 τοῦ

247 976 357 1048 πρὸς
407 974 539 1045 ὑμᾶς
601 973 793 1046 μίσους
851 970 1025 1036 αἶ’τιος
1076 974 1221 1045 αὐτῷ
1267 976 1529 1049 γεγονὼς,
1580 974 1852 1029 παύσασθε

254 1067 484 1135 μισοῦντες
524 1061 705 1117 αὐτόν·
732 1067 831 1117 τοῦ
861 1064 961 1138 γὰρ
1000 1062 1101 1117 ὑπὸ
1131 1067 1262 1117 Θεοῦ
1292 1064 1427 1136 πρὸς
1459 1062 1730 1137 σωτηρίαν
1762 1061 1825 1117 κό

248 1172 361 1223 σμου
396 1149 793 1224 ἀπεσταλμένου
842 1150 1081 1221 ἀληθοῦς
1132 1154 1418 1229 προφήτου
1450 1156 1604 1210 418
1638 1150 1850 1222 ἀληθής

249 1238 363 1294 ἐστιν
384 1238 695 1301 ἀπόστολος.
714 1240 806 1294 Διὸ
837 1240 925 1294 καὶ
960 1239 1117 1302 αὐτὸς
1141 1235 1524 1312 συμϐουλεύω,
1540 1239 1685 1313 αὐτῷ
1709 1240 1849 1313 ὑμᾶς

246 1327 475 1392 πείθεσθαι
504 1328 627 1402 περὶ
660 1328 735 1383 ὧν
764 1328 1041 1404 κηρύσσω,
1075 1326 1189 1383 ἐπεὶ
1220 1334 1363 1383 πᾶσα
1413 1329 1563 1402 ὑμῶν
1596 1333 1631 1399 ἡ
1685 1328 1848 1391 πόλις

243 1415 382 1492 ἄρδην
406 1417 706 1477 ἀπολεῖται.
742 1427 817 1475 Δι’
844 1421 906 1490 ἣν
940 1417 998 1475 δὲ
1027 1420 1199 1475 αἰτίαν
1234 1421 1360 1494 ὑμῖν
1419 1424 1585 1475 ταῦτα
1625 1416 1849 1491 ὡμολό-

237 1528 372 1582 γησα,
399 1505 586 1563 εἰδέναι
621 1510 762 1583 ὑμᾶς
794 1508 960 1573 θέλω.
992 1508 1201 1577 Ταύτης
1249 1516 1350 1579 τῆς
1399 1508 1587 1570 νυκτὸς
1628 1504 1848 1584 ἄγγελοί

237 1617 294 1668 με
317 1601 399 1651 τοῦ
425 1597 576 1666 Θεοῦ,
608 1598 697 1651 τὸν
730 1592 920 1667 ἀσεϐῆ,
954 1597 1027 1659 ὡς
1057 1597 1251 1674 ἐχθρὸν
1284 1593 1413 1652 ὄντα
1439 1602 1519 1669 τῷ
1560 1603 1662 1666 τῆς
1707 1594 1849 1665 ἀλη-

231 1684 358 1746 θείας
403 1688 621 1762 κήρυκι,
682 1683 870 1748 δεινῶς
930 1686 1273 1763 ἐμαστίγουν.
1339 1682 1646 1759 Παρακαλῶ
1730 1684 1845 1756 οῦν,

232 1771 349 1845 μηδ’
376 1774 426 1828 ἃν
454 1774 613 1836 αὐτὸς
644 1775 753 1851 ἐγὼ
794 1772 997 1829 ἄλλοτε
1027 1774 1267 1830 ἐπελθὼν
1307 1774 1443 1830 κατὰ
1490 1776 1696 1847 Πέτρου
1736 1772 1847 1827 ἐπι-

225 1867 405 1937 χειρῶν
454 1861 620 1939 λέγω,
677 1870 753 1937 μή
813 1860 1144 1934 ἀποδέξησθε
1226 1885 1313 1936 με.
1373 1860 1844 1936 Ἐξομολογοῦμαι

225 1951 315 2024 γὰρ
362 1952 497 2054 ὑμῖν·
534 1952 645 2028 ἐγὼ
696 1953 896 2027 μάγος,
928 1950 1305 2054 ἐγὼκπλάνος,
1338 1952 1449 2027 ἐγὼ
1504 1951 1665 2027 γόης.
1699 1954 1845 2054 ’Έξε-
1876 1989 1925 2054 Β

222 2059 294 2093 στι
323 2041 415 2116 γὰρ
448 2039 599 2113 ἴσως,
637 2041 892 2114 μετανοίᾳ
938 2039 1205 2097 ἀπολῦσαι
1265 2043 1332 2096 τὰ
1387 2038 1849 2117 προπεπραγμένα

220 2148 303 2199 μοι
335 2130 713 2203 ἁμαρτήματα.

277 2222 378 2273 XX.
406 2222 578 2272 Ταῦτα
653 2222 750 2272 τοῦ
810 2217 1020 2294 Πέτρου
1085 2216 1491 2291 ὑποτιθεμένου,
1541 2214 1693 2289 Οἶδα,
1744 2214 1844 2287 ἔφη

214 2305 241 2359 6
267 2306 453 2381 πατὴρ,
494 2304 525 2361 ὅ
553 2327 605 2361 τι
660 2305 869 2382 βούλει.
905 2308 1004 2361 Λιὸ
1050 2308 1125 2379 μὴ
1172 2306 1363 2379 κάμνε.
1400 2306 1556 2379 Ἐμοὶ
1595 2308 1696 2383 γὰρ
1744 2305 1849 2382 οὐχ

215 2394 361 2461 ἦττον
396 2393 617 2467 μελήσει
651 2394 820 2450 ἐκεῖσε
852 2393 1059 2449 ἐλθόντι
1093 2393 1475 2471 διαλεχθῆναι,
1506 2394 1540 2449 ’ὰ
1568 2396 1681 2471 χρὴ
1724 2412 1848 2470 περὶ

210 2487 296 2536 σοῦ
323 2480 677 2560 διαλέγεσθαι.
713 2485 811 2538 Καὶ
845 2485 872 2538 6
910 2485 1113 2559 Πέτρος
1155 2482 1319 2539 πάλιν
1376 2483 1670 2539 ὑπετίθετο·
1724 2482 1847 2540 ὅταν

212 2568 293 2625 οὗν
351 2574 541 2646 νοήσῃς
600 2574 699 2641 τὴν
757 2572 920 2628 πόλιν
987 2568 1436 2647 μεταῦαλομένην
1475 2577 1574 2627 τοῦ
1634 2572 1845 2646 μίσους,

220 2658 561 2733 ἐπιθυμοῦσαν
594 2659 651 2716 δὲ
681 2658 811 2716 ἰδεῖν
838 2665 1010 2734 ἡμᾶς,
1045 2663 1266 2736 πέμψας
1316 2659 1570 2732 δήλωσόν
1608 2682 1723 2735 μοι,
1757 2661 1845 2716 καὶ

216 2748 377 2803 αὐτόθι
410 2748 931 2824 ἐπικαταληψόμεθά
958 2771 1037 2808 σε.
1071 2751 1361 2823 Γενόμενος
1410 2747 1468 2805 δὲ
1516 2750 1627 2806 ἐκεῖ
1672 2749 1845 2821 αὐθή-

221 2857 364 2912 μερον
394 2841 491 2907 τὴν
526 2838 821 2914 ἀλλοτρίαν
862 2860 956 2893 σου
1011 2842 1226 2918 μορφὴν
1280 2839 1551 2895 ἀπελάσας
1599 2841 1698 2909 τήν
1746 2841 1844 2908 σὴν

218 2932 318 2987 τοῖς
362 2933 477 2989 σοῖς
531 2928 621 2982 καὶ
680 2934 810 2983 πᾶσι
856 2932 973 2989 τοῖς
1022 2927 1218 2991 ἃλλοις
1251 2927 1507 2992 ἀπλανῶς
1568 2929 1843 3007 φαίνεσθαι

213 3017 426 3085 ποιήσω.
462 3021 639 3071 Ταῦτα
670 3017 835 3072 εἰπὼν
869 3023 1102 3072 συνεῖναι
1132 3018 1278 3089 αὐτῷ
1301 3018 1429 3080 τοὺς
1476 3018 1650 3085 υἱοὺς,
1684 3015 1845 3073 ἀδελ-

212 3104 329 3183 φσῦς
358 3101 412 3159 δὲ
442 3104 613 3177 ἐμοὺς
645 3105 865 3172 ἐποίησε
908 3106 997 3160 καὶ
1054 3104 1347 3162 Ματτιδίαν
1380 3110 1445 3178 ³ο,
1476 3108 1574 3175 τὴν
1638 3108 1845 3182 μητέρα

210 3192 376 3264 ἡμῶν,
436 3194 526 3247 καὶ
586 3199 694 3249 τῶν
748 3194 1134 3269 γνησιωτέρων
1191 3196 1343 3257 τινὰς
1417 3194 1842 3271 συναπέρχεσθαι

206 3275 479 3337 ἐκέλευσεν.
513 3284 577 3337 Ἡ
609 3279 669 3337 δὲ
726 3285 914 3358 μήτηρ
974 3281 1319 3339 συναπελθεῖν
1386 3284 1534 3356 αὐτῴ
1594 3284 1842 3360 ὀκνηρῶς

1962 715 2087 767 tum
2120 727 2247 767 esse
2273 731 2287 775 ς
2324 727 2438 766 non
2463 710 2618 765 enim
2653 710 2748 765 ille
2777 715 2865 766 est
2896 711 3294 782 deceptor,aut
3314 712 3463 766 caede
3487 711 3609 784 pol-

1960 799 2141 866 lutus,
2175 804 2276 855 aut
2306 798 2821 872 praestigiator,aut
2843 816 2968 870 quae
3001 798 3115 853 alia
3146 804 3357 854 cuncta
3413 801 3484 854 de
3541 817 3607 857 eo

1963 889 2117 945 mala
2148 888 2363 962 protuli
2396 889 2588 944 furore
2618 887 3178 943 incitatus.0bsecro
3201 904 3305 960 ego
3338 905 3438 943 vos
3460 890 3606 960 ipse,

1962 980 2060 1051 qui
2093 979 2206 1035 odii
2237 978 2412 1033 vestri
2442 982 2643 1032 contra
2682 994 2815 1031 eum
2848 977 3055 1031 noxius
3084 993 3217 1031 sum
3258 982 3477 1047 auctor,
3542 982 3609 1033 ut

1960 1067 2018 1122 id
2052 1068 2383 1138 deponatis:
2410 1083 2541 1121 nam
2560 1065 2655 1121 ille
2685 1071 2772 1121 est
2797 1066 2914 1121 veri
2945 1067 3013 1121 ad
3048 1065 3296 1121 salutem
3330 1066 3533 1121 mundi
3574 1083 3608 1122 a

1907 1170 1927 1189 ο
1960 1154 2075 1209 Deo
2102 1154 2265 1210 missi
2299 1154 2591 1227 prophetae
2624 1170 2793 1208 verus
2824 1152 3145 1225 apostolus.
3165 1154 3526 1225 Quapropter
3554 1160 3611 1212 et

1959 1242 2083 1314 ipse
2114 1244 2330 1299 suadeo
2363 1248 2425 1298 ut
2459 1244 2509 1298 ei
2543 1243 2795 1299 credatis
2820 1242 2879 1296 in
2908 1242 2980 1296 iis
3011 1243 3081 1297 de
3113 1243 3328 1314 quibus
3377 1242 3605 1314 loquor,

1960 1350 2032 1388 ne
2060 1332 2205 1387 forte
2237 1332 2518 1404 oppidum
2541 1336 2800 1387 vestrum
2831 1330 3099 1386 funditus
3121 1335 3337 1402 pereat.
3372 1331 3609 1387 Verum-

1958 1422 2250 1478 enimvero
2284 1421 2432 1476 scire
2473 1438 2573 1476 vos
2626 1420 2773 1491 volo,
2823 1436 2929 1476 cur
2984 1420 3105 1475 haec
3164 1420 3461 1476 conﬁtear.
3508 1422 3608 1477 Dei

1959 1509 2149 1582 angeli
2181 1527 2271 1565 me
2302 1510 2735 1581 impium,quod
2767 1508 3042 1564 inimicus
3072 1525 3258 1564 essem
3282 1510 3492 1565 nuntio
3509 1527 3605 1566 ve-

1958 1599 2167 1669 ritatis,
2202 1600 2309 1654 hac
2338 1603 2505 1654 nocte
2540 1598 2910 1654 vehementer
2939 1598 3330 1670 ﬂagellarunt.
3396 1599 3613 1655 Hoctor

1958 1704 2094 1759 ergo
2125 1705 2197 1743 ne
2221 1688 2365 1743 mihi
2392 1687 2662 1755 credatis,
2689 1687 2919 1742 etiamsi
2939 1685 3085 1743 alias
3108 1686 3347 1743 veniens
3366 1687 3606 1743 Petrum

1956 1776 2298 1833 calumnier.
2334 1777 2621 1831 Conﬁteor
2652 1775 2807 1831 enim
2830 1776 2993 1831 vobis
3021 1793 3033 1831 :
3081 1776 3436 1848 egometipse
3468 1792 3602 1833 sum

1956 1882 2186 1938 magus,
2220 1882 2324 1937 ego
2356 1866 2647 1937 deceptor,
2680 1881 2784 1935 ego
2817 1864 3218 1937 praestigiator.
3255 1865 3349 1921 Sic
3402 1866 3602 1921 forsan

1954 1955 2086 2011 licet
2116 1958 2350 2027 peccata
2380 1956 2544 2026 prius
2566 1971 2599 2009 a
2631 1970 2719 2009 me
2748 1954 3061 2010 commissa
3098 1954 3443 2027 paenitentia
3498 1955 3600 2010 dc-

1956 2044 2092 2101 lere.

2030 2222 2146 2278 XX.
2173 2223 2307 2287 Quae
2347 2239 2480 2278 cum
2532 2223 2735 2277 Petrus
2789 2223 2939 2293 patri
2987 2221 3370 2278 mandasset:
3423 2222 3599 2279 Intel-

1960 2311 2098 2384 ligo,
2122 2310 2482 2384 inquit,quid
2512 2311 2870 2376 velis.Quare
2901 2326 2973 2365 ne
3004 2309 3157 2365 ultra
3186 2309 3434 2367 labores.
3451 2312 3598 2368 Nam

1958 2417 2108 2457 cura
2140 2400 2283 2456 mihi
2314 2400 2443 2465 erit,
2475 2416 2608 2455 cum
2644 2399 2764 2454 illic
2795 2415 3023 2467 venero,
3058 2403 3123 2455 ut
3152 2399 3222 2455 de
3280 2403 3336 2455 te
3394 2399 3602 2470 loquar

1959 2507 2085 2561 quae
2113 2489 2462 2545 annuntiare
2492 2504 2584 2544 me
2616 2488 3084 2560 oportet.Deinde
3110 2487 3314 2543 Petrus
3363 2489 3602 2545 manda-

1956 2580 2032 2634 tis
2063 2577 2400 2650 subjunxit:
2433 2577 2674 2642 Quando
2706 2582 2901 2633 autem
2929 2578 3132 2632 urbem
3147 2576 3291 2650 jodio
3321 2576 3603 2634 desistere

1955 2668 2116 2723 vides
2146 2684 2211 2722 ac
2243 2667 2531 2722 desiderio
2555 2683 2661 2722 nos
2691 2664 2924 2721 videndi
2957 2665 3106 2736 capi,
3142 2664 3415 2720 nuntium
3448 2664 3594 2720 mihi

1957 2758 2143 2824 mitte,
2176 2760 2232 2811 et
2255 2756 2455 2811 statim
2489 2756 2561 2810 ad
2588 2760 2643 2811 te
2676 2754 3215 2827 properabimus.Et
3243 2770 3376 2809 cum
3406 2771 3471 2809 eo
3510 2770 3599 2810 ve-

1957 2862 2116 2917 nero,
2150 2845 2400 2901 alienam
2435 2845 2680 2899 formam
2709 2849 2816 2898 ate
2846 2843 3080 2914 fugabo,
3104 2844 3515 2913 tuamquetuis
3541 2848 3601 2899 et

1956 2935 2088 2992 aliis
2119 2933 2390 2989 omnibus
2422 2932 2577 2988 clare
2608 2948 2887 3004 apparere
2918 2930 3147 2986 faciam.
3172 2931 3395 2997 Quibus
3423 2932 3595 2987 dictis

1955 3024 2105 3079 filios
2139 3026 2287 3094 ejus,
2320 3038 2479 3078 meos
2508 3022 2737 3087 fratres,
2770 3024 2827 3075 et
2844 3020 3166 3075 Mattidiam
3211 3024 3454 3076 matrem
3497 3035 3600 3075 no-

1953 3116 2103 3169 tram
2134 3117 2190 3167 et
2222 3111 2509 3167 sodalium
2544 3110 2831 3182 quosdam
2853 3112 2985 3181 ;una
3023 3126 3156 3163 cum
3188 3125 3253 3164 eo
3310 3108 3602 3179 proficisci

1945 3201 2146 3272 jussit.
2181 3201 2293 3256 Sed
2324 3206 2511 3255 mater
2541 3198 2720 3254 invita
2740 3214 2873 3253 cum
2904 3214 2970 3253 eo
3001 3197 3159 3253 abire
3191 3197 3493 3252 videbatur
3513 3197 3600 3252 di-

1953 3307 2090 3346 cens
2123 3307 2135 3343 :
2161 3290 2421 3344 Profecto
2453 3287 2719 3343 adultera
2748 3286 2891 3341 mihi
2920 3302 3047 3341 esse
3062 3286 3307 3351 viderer,
3342 3285 3390 3340 si
3411 3284 3598 3341 vultui

194 3366 294 3422 εἶδε
323 3368 559 3445 λέγουσα
586 3372 655 3427 δί.
691 3354 911 3447 Μοιχᾶς
943 3374 1044 3448 γὰρ
1087 3373 1222 3428 εἶναι
1282 3370 1428 3428 δοκῶ
1587 3354 1839 3446 Σίμωνος

1953 3378 2207 3434 Simonis
2238 3394 2427 3434 essem
2454 3378 2784 3447 conjuncta.
2819 3375 3019 3446 Itaque
3049 3374 3098 3429 si
3138 3390 3330 3445 cogor,
3368 3379 3434 3428 ut
3464 3388 3599 3429 cum

38 3512 39 3515 η
114 3479 149 3517 ν
184 3462 408 3513 συνοῦσα
443 3464 659 3538 μορφῇ.
693 3460 755 3515 El
790 3457 837 3514 δ’
870 3458 973 3537 ἄρα
1004 3460 1429 3538 συναπέρχεσθαι
1489 3460 1635 3533 αὐτῷ
1682 3461 1839 3537 ἀναγ-

181 3548 546 3621 κασθήσομαι,
584 3546 843 3604 ἀδύνατον
878 3548 967 3604 ἐπὶ
996 3553 1096 3619 τῆς
1127 3550 1295 3621 αὐτῆς
1322 3550 1499 3628 τύχης
1537 3549 1729 3621 κλίνης
1769 3550 1845 3586 ³¹⁴¹

179 3638 792 3710 συγκατακλιθήσεσθαι.
826 3638 938 3694 Οὐκ
979 3636 1105 3694 οἶδα
1153 3637 1230 3713 δὲ,
1264 3639 1309 3695 εἴ
1357 3639 1446 3695 καὶ
1491 3638 1835 3703 συναπελθεῖν

170 3723 319 3796 αὐτῷ
351 3729 743 3802 πεισθήσομαι.
780 3726 1066 3783 Ὀκνοῦσαν
1102 3725 1160 3783 δὲ
1189 3728 1356 3798 αὐτὴν
1388 3727 1640 3793 ἀπελθεῖν
1680 3733 1835 3786 414

163 3812 198 3865 ὁ
228 3814 568 3871 ’Δννουϐίων
597 3817 927 3893 προέτρεψεν
946 3816 1113 3886 αὐτὴν
1140 3817 1328 3872 εἷ’πών·
1346 3816 1599 3888 Πείσθητι
1632 3816 1754 3891 ἐμοί
1776 3838 1833 3872 τε

1954 3485 2020 3525 eo
2051 3468 2274 3533 abeam,
2298 3466 2418 3522 fieri
2450 3470 2647 3521 tamen
2682 3480 2794 3520 non
2827 3464 3141 3535 poterit,ut
3170 3463 3227 3517 in
3260 3464 3462 3519 eodem
3485 3462 3599 3518 lec-

1949 3557 2073 3613 tulo
2093 3559 2340 3627 jaceam.
2378 3554 2580 3613 Nescio
2601 3558 2819 3619 tamen,
2843 3570 2915 3607 an
2946 3550 3034 3607 vel
3067 3551 3405 3624 persuaderi
3452 3551 3598 3606 mibi

1947 3646 2152 3718 possit,
2175 3650 2242 3700 ut
2267 3643 2443 3699 simul
2466 3660 2599 3698 cum
2632 3658 2697 3697 eo
2718 3641 3074 3715 proﬁciscar.
3100 3641 3250 3695 Tum
3282 3640 3589 3696 Annubion

1946 3739 2154 3807 praeter
2184 3734 2539 3788 voluntatem
2564 3732 2874 3787 abeuntem
2899 3730 2981 3785 ita
3011 3729 3279 3785 hortatus
3303 3729 3593 3785 est:Crede

1942 3822 2085 3879 mihi
2112 3828 2168 3878 et
2197 3823 2363 3877 Petro
2394 3825 2452 3877 et
2477 3821 2600 3876 voci
2634 3819 2768 3892 ipsi,
2801 3836 2929 3875 esse
2961 3835 3094 3874 eum
3121 3819 3399 3873 Faustum
3456 3835 3590 3874 con-

162 3901 254 3953 καὶ
286 3903 480 3980 Πέτρῳ
507 3904 598 3960 καὶ
623 3905 758 3979 αὐτῇ
800 3904 857 3960 δὲ
886 3910 957 3979 τῇ
991 3910 1168 3983 φωνῇ,
1186 3904 1268 3961 ὅτι
1300 3906 1590 3981 [Φαῦστός]
1615 3905 1778 3976 ἐστιν,
1801 3908 1828 3961 ὁ

1951 3915 2137 3984 iugem
2166 3916 2356 3978 tuum,
2381 3925 2555 3981 quem
2586 3925 2691 3982 ego
2719 3925 2832 3963 non
2864 3909 3060 3963 minus
3081 3906 3259 3979 diligo
3292 3923 3469 3978 quam
3520 3911 3587 3963 tu

166 3990 256 4051 σὸς
308 3989 570 4065 σ-ὂμϐιος,
603 3994 661 4049 ’ὀν
709 3994 808 4049 οὐκ
850 3989 1071 4049 ἔλαττόν
1116 4016 1211 4049 σου
1262 3994 1473 4070 ἀγαπῶ.
1508 3995 1610 4051 Καὶ
1670 3994 1827 4057 αὐτὸς

163 4078 315 4150 αὖτῷ
364 4083 896 4159 σοομ[πορεύσομαι].
935 4088 1110 4138 Ταῦτα
1149 4086 1249 4138 τοῦ
1295 4078 1691 4146 ’Δννουϐίωνος
1748 4083 1823 4138 εἷ’-

156 4165 383 4237 πόντος,
419 4174 459 4240 ἡ
498 4174 685 4245 μήτηρ
717 4170 985 4227 συνελθεῖν
1021 4172 1306 4247 ὑπέσχετο.

226 4258 379 4316 XXI.
414 4261 477 4313 Ὀ
506 4258 564 4315 δὲ
624 4259 826 4334 Πέτρος
877 4258 1048 4338 [Ep-ri}
1110 4261 1430 4316 Δικαιότατα
1487 4261 1515 4315 6
1572 4261 1703 4323 Θεὸς
1756 4261 1825 4316 τὰ

152 4345 468 4421 πράγματα
513 4351 677 4422 ἡμῶν
729 4349 1025 4423 οἰκονομεῖ.
1057 4350 1298 4425 Ἐχομεν
1343 4351 1444 4425 γὰρ
1498 4351 1611 4421 μεθ’
1659 4352 1819 4423 ἡμῶν

146 4431 561 4509 Ἀννουϐίωήα
618 4435 999 4512 ἀστρολ]όγον.
1059 4434 1225 4497 Οὗτος
1312 4436 1415 4511 γὰρ
1490 4439 1624 4509 ἡμῖν
1702 4436 1819 4490 ἐπι-

148 4517 445 4593 δημήσασι
646 4525 953 4600 Ἀντιοχείᾳ
1009 4525 1135 4600 περὶ
1195 4525 1452 4601 γενέσεως
1521 4530 1620 4579 τοῦ
1698 4523 1819 4579 λοι-

142 4609 246 4663 ποῦ
304 4612 391 4674 ὡς
458 4613 621 4691 σίλος
679 4614 1041 4689 γνησιώτερον
1104 4610 1544 4689 διαλεχθήσεται.

1936 4001 2087 4074 ipsa.
2121 4005 2236 4073 Ego
2269 4005 2326 4054 et
2356 3999 2480 4071 ipse
2512 4014 2646 4053 cum
2679 4013 2744 4053 eo
2777 3996 3272 4068 proficiscanQuae
3296 4012 3430 4051 cum
3479 3998 3594 4051 An-

1938 4091 2157 4145 nubion
2190 4088 2454 4153 dixisset,
2488 4091 2675 4142 mater
2702 4101 2765 4141 se
2796 4102 2915 4140 una
2943 4101 3077 4140 cum
3111 4084 3357 4157 reliquis
3384 4090 3590 4141 ventu-

1936 4195 2061 4235 ram
2094 4177 2392 4250 promisit.

2003 4266 2148 4322 XXI.
2170 4270 2242 4319 At
2260 4266 2499 4320 Petrus:
2526 4264 2680 4319 Deus
2697 4264 2870 4319 rebus
2899 4262 3117 4317 nostris
3134 4262 3350 4334 optime
3373 4280 3586 4319 consu-

1932 4355 2329 4422 litghabemus
2365 4353 2521 4408 enim
2554 4351 2863 4407 nobiscum
2895 4351 3307 4406 Annubionem
3342 4352 3587 4409 astrolo-

1931 4461 2073 4518 gum
2104 4444 2205 4499 Hic
2219 4459 2352 4498 cum
2368 4442 2535 4498 nobis
2549 4442 2619 4496 de
2636 4441 2831 4514 genesi
2849 4445 2913 4495 ut
2931 4440 3155 4495 amicus
3169 4440 3589 4512 disputabitfa-

1931 4533 2242 4601 miliarius,
2275 4534 2512 4604 quando
2541 4529 2859 4585 Antiochiae
2902 4530 3241 4585 erimus.Et
3271 4546 3403 4584 cum
3426 4534 3590 4602 pater

1930 4623 2041 4679 sub
2067 4628 2296 4677 noctem
2329 4637 2461 4675 cum
2493 4619 2741 4690 iis,quos
2768 4618 2972 4673 Petrus
3003 4618 3387 4686 ordinaverat,
3408 4619 3583 4674 simul

1591 4615 1691 4669 Καὶ
1750 4612 1777 4669 δ

142 4615 246 4663 πει-3
304 4615 391 4674 ὡς
458 4615 621 4691 σίλος
679 4615 1041 4689 γνησιώτερον
1104 4615 1544 4689 διαλεχθήσεται.
1591 4615 1691 4669 Κὶ
1750 4615 1815 4683 δὴ

135 4696 231 4752 τοῦ
264 4701 496 4775 πατρὸς
529 4702 634 4756 ὑπὸ
662 4700 830 4758 νύκτα
872 4703 990 4775 μεθ’
1039 4702 1113 4756 ὧν
1165 4700 1412 4756 ἐκέλευσε
1466 4635 1694 4776 Πέτροᾷ
1722 4704 1814 4757 σὺν

1951 4623 2041 4678 sub
2067 4628 2296 4677 noctem
2329 4637 2461 4675 cum
2493 4619 2741 4690 iis,quos
2768 4618 2972 4673 Petrus
3003 4618 3387 4686 ordinaverat,
3408 4619 3573 4674 simul

1951 4710 2418 4767 :umAnnubione
2445 4707 2796 4779 perrexisset
2819 4708 2890 4762 ad
2905 4706 3159 4761 vicinam
3184 4706 3573 4774 Antiochiam,

137 4790 213 4858 τῷ
265 4785 645 4846 Ἀννουῦίωνι
694 4792 1037 4867 ὁρμήσαντος
1087 4790 1175 4844 ἐπὶ
1220 4792 1321 4860 τὴν
1349 4788 1586 4862 πλησίον
1620 4791 1823 4848 Ἀντιό-

134 4892 322 4951 luxv,
358 4874 575 4955 ὄρθρου
602 4886 703 4949 τῆς
726 4878 907 4949 ἄλλης
938 4878 1147 4956 ἡμέρας
1198 4878 1323 4956 πρὶν
1375 4877 1664 4956 προελθεῖν
1720 4880 1821 4935 Πέ-

130 4983 261 5039 τρον
324 4967 425 5023 ἐπὶ
478 4973 559 5039 τῷ
607 4966 971 5044 διαλέγεσθαι,
1003 4967 1306 5038 ἐπανῆλθον
1342 4968 1417 5030 εἷς
1474 4970 1572 5037 τὴν
1627 4967 1821 5024 Λαοδί-

132 5073 287 5109 κειαν
356 5058 465 5112 τὸν
508 5058 735 5130 Σίμωνα
790 5058 1209 5134 προπέμψαντες
1241 5056 1485 5115 Ἀππίων
1540 5058 1629 5112 καὶ
1654 5061 1822 5129 Ἀθη-

128 5140 400 5220 νὸδωρος
470 5146 853 5216 ἐπιζητοῦντες
878 5148 969 5202 τὸν
1014 5142 1239 5223 πατέρα.
1273 5147 1329 5200 Ὁ
1362 5143 1420 5200 δὲ
1481 5147 1665 5219 μαθὼν
1712 5145 1823 5203 ἰκέ-

126 5225 333 5288 λευσεν
404 5233 611 5297 αὐτοὺς
672 5234 1028 5311 εἷσέρχεσθαι.
1087 5229 1395 5291 Εἶσϐάντων
1460 5232 1517 5290 δὲ
1541 5235 1632 5290 καὶ
1663 5248 1820 5299 καθε-

120 5320 383 5383 σθέντων
482 5322 596 5391 καί,
650 5327 761 5379 Ποῦ
819 5328 1104 5392 Φαῦστοςς
1155 5322 1437 5392 εἰπόντων,
1496 5323 1822 5401 ἀπεκρίνατο

116 5409 372 5485 Πέτρος
412 5412 532 5467 Οὐκ
586 5410 757 5485 ἴσμεν·
819 5412 990 5482 αὐτῆς
1047 5412 1151 5488 γὰρ
1211 5411 1435 5489 ἑσπέρας
1489 5414 1625 5487 πρὸς
1685 5413 1823 5487 ὑμᾶς

102 5492 319 5565 ὶλθὼν
358 5501 560 5558 οὐκέτι
584 5505 703 5565 τοῖς
736 5501 956 5564 οἰκείοις
997 5500 1186 5581 ὶφάνηο
1221 5502 1351 5578 χθὲς
1384 5499 1441 5557 δὶ
1488 5497 1684 5577 ὄρθρου
1732 5504 1821 5559 καὶ

1934 4817 2106 4856 mane
2136 4798 2435 4869 sequentis
2466 4795 2602 4861 diei,
2633 4799 2949 4866 antequam
2980 4799 3188 4849 Petrus
3244 4795 3315 4849 ad
3374 4793 3577 4866 dispu-

1934 4888 2178 4944 tandum
2211 4901 2484 4958 egressus
2501 4883 3325 4952 esset,Laodiceamvenerunt
3358 4884 3578 4954 Appion

1932 4982 1990 5033 et
2018 4975 2450 5045 Athenodorus,
2467 4972 2725 5029 Simonis
2755 4971 3017 5043 comites,
3042 4975 3265 5043 patrem
3319 4988 3579 5043 quaeren-

1934 5069 2042 5121 tes.
2077 5065 2201 5129 Qua
2230 5080 2291 5119 re
2330 5065 2586 5135 cognita,
2620 5061 2858 5117 introire
2907 5078 3007 5117 eos
3046 5061 3247 5133 jussit.
3291 5061 3399 5127 Qui
3446 5078 3581 5117 cum

1934 5153 2183 5226 ingressi
2207 5156 2405 5208 essent
2433 5155 2607 5223 atque
2647 5150 3069 5217 consedissent,
3103 5166 3169 5205 ac
3197 5149 3297 5205 ubi
3330 5150 3579 5205 Faustus

1932 5246 2088 5297 esset
2120 5241 2511 5313 quaesiissent,
2560 5239 2765 5294 Petrus
2822 5238 3157 5309 respondit:
3223 5238 3578 5305 Nescimus;

1932 5345 2069 5385 nam
2101 5346 2170 5384 ex
2188 5345 2430 5401 vespero
2461 5326 2583 5397 illo,
2616 5342 2728 5398 quo
2760 5326 2831 5381 ad
2868 5342 2972 5381 vos
3002 5326 3123 5391 ivit,
3158 5325 3304 5380 nulli
3337 5341 3581 5381 suorum

1932 5435 2141 5474 rursus
2172 5416 2465 5490 apparuit.
2500 5415 2633 5470 Heri
2663 5418 2856 5470 autem
2881 5430 3050 5469 mane
3079 5417 3137 5470 et
3190 5413 3387 5469 Simon
3444 5429 3579 5468 eum

1932 5507 2245 5579 quaarebat,
2262 5520 2514 5577 cumque
2546 5502 2691 5559 nihil
2704 5503 3211 5575 responderemus,
3230 5502 3423 5557 nescio
3436 5501 3577 5572 quid

1520 5628 1768 5686 VARIIE
1805 5630 2216 5688 LECTIONES.

189 5737 251 5811 ξ’
284 5733 635 5811 ὁμολογρῦν
664 5737 725 5811 0.
800 5735 848 5773 ³ο
875 5731 1171 5799 Ματθιδίαν
1222 5736 1287 5793 Ο.
1364 5738 1407 5775 ³¹
1439 5733 1677 5811 λέγουσα
1704 5738 1968 5810 supplevi
1999 5753 2069 5795 ex
2097 5737 2453 5808 conjectura.
2489 5735 2659 5807 [Lege
2691 5732 2805 5809 εἶχε
2835 5751 2939 5807 pro
2982 5729 3136 5804 εἶδε.]
3210 5732 3282 5770 εν
3341 5749 3413 5788 an
3464 5732 3577 5806 leg.

86 5803 467 5880 τύληξκαῖ
494 5803 735 5880 ἀλίνηςέ
