4082 6208
322 390 444 452 467

328 609 491 676 Quod
521 623 656 664 cum
687 624 857 663 nemo
891 609 1171 676 crederet,
1204 608 1349 664 ﬂens
1380 614 1436 664 et
1466 608 1671 665 dolens
1700 607 1970 664 minaba-

326 702 443 765 tur,
476 695 805 753 occisurum
839 698 1223 769 semetipsum
1254 700 1312 753 et
1338 713 1543 754 versus
1576 713 1733 753 mare
1764 712 1972 770 prope-

327 784 498 842 ravit.

405 964 577 1021 XXII.
610 965 744 1029 Quae
767 981 901 1021 cum
931 963 1155 1037 Appion
1186 963 1432 1034 ejusque
1475 960 1721 1018 comites
1776 960 1973 1018 audis-

330 1063 482 1129 sent,
514 1056 742 1112 ululatu
774 1053 931 1110 edito
966 1052 1319 1126 plangebant
1350 1051 1608 1107 dicentes
1638 1066 1652 1105 :
1688 1051 1801 1106 Cur
1842 1064 1976 1105 eum

332 1163 449 1205 non
481 1143 790 1215 excepistis
817 1140 845 1196 Ἰ
874 1142 941 1197 Et
970 1156 1103 1196 cum
1131 1139 1544 1195 Athenodorus
1582 1138 1727 1193 mihi
1786 1136 1976 1193 dicere

332 1234 505 1293 vellet
539 1250 552 1289 ε
582 1234 694 1288 Iste
723 1232 976 1287 Faustus
1004 1232 1149 1295 erat,
1182 1233 1347 1301 pater
1377 1232 1541 1295 tuus,
1571 1226 1799 1300 Appion
1840 1243 1980 1298 prae-

334 1324 609 1382 veniens:
645 1320 1068 1392 Comperimus,
1100 1318 1308 1389 inquit,
1340 1335 1374 1374 a
1403 1317 1679 1391 quodam,
1704 1314 1979 1371 incidisse

334 1427 471 1469 eum
499 1411 557 1466 in
589 1410 887 1466 Simonem
909 1406 1402 1472 exhortantem,ut
1430 1406 1596 1461 Petro
1631 1403 1831 1460 relicto
1883 1419 1979 1459 co-

336 1518 462 1558 mes
485 1500 596 1555 sibi
616 1499 796 1566 ﬁeret,
828 1498 997 1571 eique
1022 1495 1383 1569 promisisse,
1440 1494 1741 1551 veritatem
1772 1509 1835 1549 se
1891 1507 1981 1548 re-

335 1590 686 1657 velaturum,
710 1588 837 1660 ipso
857 1587 1068 1643 Fausto
1098 1602 1233 1642 eum
1264 1585 1625 1652 obsecrante,
1656 1582 1812 1638 filios
1842 1598 1981 1638 suos

340 1696 401 1736 se
431 1678 672 1751 posthac
704 1693 1007 1747 nunquam
1035 1675 1180 1731 velle
1205 1673 1644 1744 videre,quippe
1664 1672 1764 1744 qui
1794 1670 1982 1727 Judaai

341 1766 477 1824 facti
512 1768 867 1833 essent.Qua3
896 1781 1030 1821 cum
1064 1763 1458 1828 audissemus,
1491 1778 1627 1817 eum
1686 1758 1982 1832 quaerendi

341 1873 517 1913 causa
554 1856 667 1911 huc
695 1855 984 1910 venimus.
1010 1853 1121 1909 Sed
1156 1852 1295 1924 quia
1350 1850 1444 1906 hic
1502 1867 1617 1906 non
1676 1849 1980 1921 reperitur,

340 1962 543 2001 verum
575 1945 792 2001 dixisse
823 1944 1070 2013 videtur,
1095 1942 1194 2014 qui
1225 1940 1443 2008 retulit,
1477 1956 1605 2011 quas
1630 1938 1793 1994 vobis
1825 1938 1988 2009 prius

350 2033 802 2091 enuntiavimus.
835 2033 954 2105 Ego
984 2035 1178 2087 autem
1209 2029 1495 2094 Clemens,
1530 2030 1830 2100 perspecto
1890 2025 1991 2081 Pe-

348 2124 423 2180 tri
462 2121 724 2189 consilio,
760 2120 1089 2178 seminandi
1118 2120 1178 2174 in
1208 2118 1338 2175 illos
1369 2118 1991 2190 suspicionem,senem

348 2214 501 2286 apud
536 2212 695 2285 ipsos
727 2212 839 2268 sibi
871 2226 998 2266 esse
1020 2208 1423 2282 quaerendum,
1455 2212 1521 2263 ut
1550 2207 1757 2262 timore
1787 2202 1991 2278 repleti

346 2302 635 2374 fugerent,
666 2300 739 2355 ad
766 2299 1165 2371 adjuvandum
1195 2298 1323 2368 ejus
1352 2294 1663 2351 consilium
1718 2292 1990 2350 concurri

343 2388 597 2463 Appioni
626 2388 829 2444 dicens
857 2388 1046 2451 :Audi,
1077 2386 1305 2459 Appion
1339 2382 1988 2455 charissimezNos,quaa

342 2476 494 2535 bono
525 2494 651 2534 esse
671 2477 988 2544 credimus,
1020 2475 1192 2530 etiam
1214 2473 1367 2547 patri
1396 2473 1623 2528 tradere
1653 2471 1986 2528 studemus.

344 2569 477 2635 Quae
509 2567 554 2623 si
591 2565 853 2638 accipere
883 2565 1050 2632 nolit,
1083 2564 1184 2621 sed
1215 2562 1411 2637 potius
1436 2578 1541 2618 nos
1563 2577 1870 2617 exsecrans
1901 2560 1989 2615 fu-

343 2656 447 2730 git,
472 2654 685 2712 durius
709 2654 929 2729 aliquid
959 2652 1200 2726 eloquar
1232 2670 1246 2709 :
1275 2652 1450 2708 etiam
1481 2668 1588 2706 nos
1637 2650 1709 2705 de
1747 2666 1812 2705 eo
1871 2665 1985 2704 non

345 2761 642 2801 curamus.
673 2745 807 2808 Quae
840 2759 976 2799 cum
1018 2741 1442 2806 enuntiassem,
1474 2738 1643 2811 quasi
1677 2737 1985 2794 crudelita-

344 2838 464 2890 tem
496 2850 685 2889 meam
708 2849 857 2906 aagre
888 2833 1139 2888 ferentes
1170 2829 1439 2886 abierunt
1457 2833 1516 2885 et
1530 2826 1787 2884 Simonis
1816 2826 1989 2883 vesti-

345 2922 461 2994 gia,
487 2926 551 2976 ut
578 2922 835 2977 crastino
864 2920 958 2977 die
1005 2918 1418 2991 comperimus,
1465 2934 1639 2990 quam
1690 2915 1988 2973 celerrime

344 3009 722 3082 insequentes
740 3010 1004 3067 Judaaam
1035 3008 1347 3081 petierunt.

415 3188 618 3246 XXIII.
652 3189 877 3245 Interea
896 3204 1027 3243 eum
1061 3188 1261 3243 decem
1294 3184 1709 3260 praeteriissent
1738 3183 1983 3251 dies,ve-

342 3279 429 3334 nit
458 3278 697 3349 quidam
727 3276 1033 3333 Antiochia
1053 3294 1086 3332 a
1098 3280 1262 3349 patre
1292 3250 1511 3331 missus
1530 3250 1979 3345 nuntians,quo-
2014 3250 2057 3318 α

342 3368 515 3423 modo
554 3366 747 3438 palam
777 3366 1072 3422 Simonem
1106 3382 1239 3420 cum
1271 3365 1458 3437 ipsius
1486 3363 1649 3419 vultu
1697 3378 1983 3419 accusans

340 3455 694 3528 Petrumque
724 3455 998 3512 laudibus
1028 3454 1310 3511 extollens
1342 3454 1447 3510 toti
1488 3452 1982 3508 Antiochenorum

339 3545 557 3602 civitati
591 3544 948 3601 desiderium:
981 3543 1244 3614 injecerit
1274 3543 1441 3598 illum
1471 3542 1723 3597 videndi.
1758 3546 1835 3596 Ex
1865 3557 1981 3613 quo

339 3651 545 3691 omnes
574 3651 785 3707 cupere
814 3634 978 3699 dixit,
1002 3650 1135 3689 eum
1166 3649 1366 3689 secum
1394 3632 1626 3688 habere.
1657 3629 1981 3686 Nonnullos

342 3728 537 3779 autem
569 3725 641 3779 ob
672 3722 920 3779 nimium
952 3739 1089 3793 erga
1119 3722 1351 3777 Petrum
1383 3737 1639 3776 amorem
1668 3719 1729 3775 in
1754 3724 1980 3791 patrem

341 3814 646 3868 saavientes
674 3816 886 3868 Fausto
918 3816 983 3867 ut
1028 3810 1250 3866 Simoni
1281 3810 1423 3866 adeo
1482 3825 1695 3865 manus
1742 3807 1982 3878 injicere

338 3901 502 3958 velle.
548 3903 853 3973 Propterea
899 3916 1034 3955 eum
1080 3900 1402 3963 timentem,
1453 3914 1525 3954 ne
1574 3897 1977 3970 perimeretur,

339 3991 539 4045 statim
572 3989 823 4055 misisse,
856 3988 955 4061 qui
986 3989 1220 4044 Petrum
1249 3992 1496 4061 rogaret,
1531 3993 1595 4043 ut
1629 3988 1701 4042 ad
1735 4003 1867 4043 eum
1897 3987 1977 4043 fe-

336 4079 600 4143 stinaret,
632 4078 680 4134 si
712 4078 903 4133 vivum
934 4076 1103 4133 vellet
1131 4082 1188 4133 et
1226 4077 1408 4133 amori
1463 4076 1713 4132 civitatis
1770 4092 1974 4149 super-

1150 387 1217 451 S.
1263 387 1706 451 CLEMENTIS
1748 387 1774 449 Ι
1820 385 2011 449 ROM.
2055 386 2291 449 PONT.
2340 389 2601 451 OPERA
2642 387 2907 453 DUBIA.

3611 386 3733 447 468

328 520 380 577 ei
411 521 468 575 in
500 522 753 576 mentem
783 518 1311 589 venerit,Faustum
1340 534 1401 575 se
1432 534 1559 575 esse
1592 518 1965 575 contestanti.

2092 516 2271 590 Σίμων
2302 517 2457 574 αὐτὸν
2492 517 2771 590 ἐζήτησεν,
2802 518 2891 574 καὶ
2924 513 3039 574 ἐπεῖ
3100 514 3269 591 μηδὲν
3328 514 3734 592 ἀπεκρινάμεθα

2080 607 2217 682 πρὸς
2248 606 2430 681 αύτὸν,
2464 609 2568 664 οὐκ
2598 606 2740 681 οἶδα,
2777 607 2831 663 τί
2863 605 3040 679 ἔδοξεν
3072 609 3118 644 ³³
3154 604 3303 679 αύτῷ
3332 610 3579 662 Φαῦστον
3612 605 3737 661 tuo-

2077 695 2169 750 τὸν
2204 696 2427 755 εἰπόντι.
2461 699 2549 767 Mi)
2581 698 2882 761 πιστευθεὶς
2945 695 3191 773 δακρύων
3244 696 3335 751 καὶ
3389 693 3733 769 κοπτόμενος

2080 782 2414 840 ἀποκτείνειν
2460 787 2643 843 ἑαυτὸν
2698 784 3001 857 ἀπειλήσας
3052 786 3127 848 ὡς
3176 784 3265 841 ἐπὶ
3318 783 3583 840 θάλασσαν
3619 783 3734 857 ὥρ-

2169 895 2274 931 σεν.

2169 895 2274 931 σεν.

2086 895 2321 1021 pmXXII.
2355 966 2538 1021 Ταῦτα
2583 963 2872 1026 ἀκούοντες
2921 962 2952 1020 ὅ
3005 984 3067 1020 τε
3097 961 3344 1018 ’Δππίων
3392 961 3483 1017 καὶ
3532 961 3586 1016 οἱ
3641 960 3733 1015 σὺν

2082 1050 2230 1123 αὐτῷ
2261 1050 2687 1124 ἐπολολύξαντες
2710 1052 2973 1127 ἐκόψαντο
3004 1051 3279 1127 λέγοντες·
3311 1052 3409 1106 Διὰ
3454 1049 3509 1106 τί
3542 1049 3605 1105 ού
3638 1071 3739 1105 πα·

2087 1137 2361 1217 ρεδέξασθε
2417 1141 2751 1213 αὐτόνςΚαὶ
2810 1142 2924 1215 ἅμα
2977 1142 3059 1215 τῷ
3112 1140 3403 1218 βούλεσθαι
3453 1140 3547 1195 τὸν
3578 1143 3735 1210 Ἀθη-

2084 1225 2323 1304 νόδωρον
2379 1230 2545 1286 εἷπεῖν
2611 1247 2724 1304 μοι’
2785 1234 3032 1293 Φαῦστος
3083 1230 3174 1301 ἦν,
3235 1230 3263 1284 6
3319 1230 3501 1304 πατήρ
3560 1230 3730 1301 σου,ὁ

2086 1317 2335 1373 ’Δππίων
2390 1322 2540 1379 415
2612 1318 2922 1398 ὑποφθάσας
2998 1319 3157 1375 αὐτὸν
3234 1320 3403 1375 εἶπενο
3464 1317 3734 1391 ἐμάθομεν

2086 1408 2235 1474 παρά
2281 1428 2450 1477 τινος,
2483 1407 2566 1463 ὅτι
2622 1408 2791 1484 εὑρὼν
2819 1408 2978 1464 αὐτὸν
3009 1409 3038 1463 6
3073 1406 3261 1480 Σίμων
3317 1405 3600 1482 ἐξώρμησε
3630 1404 3742 1480 [ἵνα

2086 1497 2179 1552 τὸν
2214 1501 2414 1573 Πέτρον
2446 1496 2759 1553 καταλιπὼν
2787 1498 2936 1570 αὐτῷ
2966 1494 3406 1573 συνοδοιπορήσῃ
3438 1497 3742 1572 ὑπισχνου-

2093 1586 2241 1659 μένῳ
2271 1585 2693 1661 ἀποκαλύπτειν]
2722 1586 2790 1642 τὰ
2817 1586 3023 1656 ἀληθῆ,
3053 1586 3220 1642 αὐτοῦ
3260 1584 3509 1641 Φαύστου
3564 1606 3744 1662 παρα-

2089 1672 2415 1737 καλέσαντος
2471 1674 2655 1747 αὐτὸν,
2688 1675 2772 1731 ὅτι
2832 1676 2909 1748 μὴ
2973 1674 3161 1744 ἤθελεν
3215 1676 3344 1751 ὁρᾷν
3391 1675 3521 1736 τοὺς
3577 1674 3749 1729 αύτοῦ

2092 1762 2241 1826 υἱοὺς
2329 1762 2622 1827 Ἰουδαίους
2703 1765 3116 1841 γεγενημένους.
3178 1764 3367 1836 Ἠμεῖς
3449 1761 3507 1818 δὲ
3579 1768 3752 1819 ταῦτα

2094 1851 2418 1915 ἀκούσαντες
2448 1853 2648 1908 τούτου
2699 1850 2873 1908 ἕνεκεν
2918 1851 3167 1926 ἤλθομεν
3226 1857 3503 1921 ζητοῦντει
3562 1852 3749 1908 αὐτόν.

2104 1938 2325 2010 Ἐπειδὴ
2385 1939 2443 1996 δὲ
2499 1942 2724 2006 ἐνταῦθα
2779 1942 2880 1997 οὐκ
2936 1938 3068 2014 ἔστι,
3103 1942 3343 2020 φαίνεται
3379 1939 3681 2010 ἀληθεύσας
3721 1942 3753 1995 6

2102 2028 2267 2084 εἰπὼν
2322 2033 2481 2103 ἡμῖν,
2514 2030 2587 2093 ὡς
2649 2030 2739 2086 οὖν
2798 2033 2924 2106 παρ’
2956 2031 3121 2086 αὐτοῦ
3150 2029 3472 2093 ἀκούσαντες
3531 2030 3755 2103 εἰρήκα-

2104 2140 2199 2192 μεν
2230 2120 2379 2192 ὑμῖν.
2415 2120 2552 2196 Ἐγὼ
2605 2118 2663 2174 δὲ
2710 2118 2973 2194 Κλήμης,
3005 2123 3303 2190 συννοήσας
3357 2120 3456 2189 τήν
3510 2124 3607 2174 τοῦ
3653 2122 3758 2175 Πέ-

2097 2228 2229 2283 τρου
2260 2207 2594 2285 προαίρεσιν,
2625 2210 2706 2264 δτι
2740 2210 2996 2265 ὑπόνοιαν
3050 2209 3235 2271 αὐτοῖς
3286 2208 3558 2284 ἐνσπεῖραι
3581 2208 3750 2280 θέλει,

2099 2296 2173 2358 ὡς
2226 2298 2318 2353 τὸν
2377 2298 2609 2374 γέροντα
2653 2303 2831 2369 ζητεῖν
2868 2296 3089 2371 μέλλων
3122 2304 3246 2374 παρ’
3275 2297 3479 2369 αὐτοῖς,
3508 2298 3600 2353 ἵνα
3651 2319 3755 2375 φο-

2097 2380 2353 2456 ϐηθέντες
2410 2387 2675 2465 φύγωσιν,
2706 2384 3035 2462 συνέδραμον
3094 2387 3258 2443 αὐτοῦ
3295 2391 3375 2459 τῷ
3410 2385 3751 2462 βουλήματι,

2095 2475 2185 2530 καὶ
2242 2476 2378 2549 πρὸς
2434 2476 2525 2532 τὸν
2585 2476 2889 2545 Ἀππίωνα,
2947 2478 3235 2545 Ἀκουσον,
3304 2473 3460 2554 ἔφην,
3521 2475 3755 2551 φίλτατέ

2098 2585 2192 2637 μοι
2226 2563 2489 2622 Ἀππίωνο
2520 2567 2684 2639 ἡμεῖς
2712 2566 2779 2621 τὰ
2799 2567 3120 2639 νομισθέντα
3175 2568 3311 2639 ⁴ἡμῖν
3360 2563 3503 2621 καλᾶ
3530 2566 3607 2627 ὡς
3636 2586 3749 2620 πα-

2093 2653 2180 2730 τρὶ
2213 2651 2397 2710 δοῦναι
2429 2653 2779 2728 ἐσπεύσαμεν.
2812 2654 2876 2710 EI
2907 2653 2965 2710 δὲ
2995 2654 3154 2718 αὐτὸς
3187 2653 3286 2709 ούκ
3315 2648 3589 2725 ἐϐουλήθη
3645 2652 3748 2708 λα-

2096 2737 2232 2817 ϐεῖν,
2292 2741 2437 2799 ἀλλὰ
2499 2743 2806 2799 τούναντίον
2865 2742 3263 2821 βδελυξάμενος
3320 2744 3468 2816 ἡμᾶς
3528 2740 3743 2820 ἔφυγεν,

2094 2831 2425 2908 τραχύτερόν
2481 2854 2533 2888 τι
2590 2832 2716 2909 ἐρᾶν
2751 2830 2875 2889 οὐδὲ
2922 2836 3088 2906 ἡμεῖς
3136 2831 3304 2888 αὐτοῦ
3359 2832 3741 2910 φροντίζομεν.

2096 2923 2268 2995 Ἐμοῢ
2289 2919 2459 2977 ταῦδα
2488 2922 2739 2985 εἰπόντος
2770 2922 2843 2985 ὡς
2895 2921 2979 2977 ἐπ’
3028 2920 3277 2994 ὠμότητι
3328 2918 3754 2997 δυσχεράναντες

2097 3010 2356 3085 ἀπῄεσαν,
2387 3012 2477 3067 καὶ
2508 3012 2582 3074 ὡς
2628 3011 2899 3085 ἐμάθομεν
2929 3011 3029 3080 τῆς
3062 3008 3244 3082 ἄλλης
3296 3009 3506 3086 ἡμέρας
3553 3012 3599 3048 ³³
3647 3011 3751 3083 [ὡς

2092 3098 2345 3176 τάχιστα]
2366 3106 2479 3156 κατ’
2500 3097 2631 3177 ἴχνη
2652 3100 2905 3175 Σίμωνος
2929 3100 3017 3156 ἐπὶ
3031 3101 3132 3169 τὴν
3159 3097 3422 3155 Ἰουδαίαν
3455 3096 3749 3175 ὥρμησαν.

2168 3195 2374 3246 XXIII.
2415 3189 2568 3259 Πλήν
2609 3192 2832 3267 ἡμερῶν
2865 3187 2994 3246 δέκα
3040 3187 3370 3245 διελθουσῶν
3402 3188 3522 3258 [ἧκέ
3548 3192 3657 3260 τις]
3688 3187 3753 3243 ἐκ

2093 3284 2193 3350 τῆς
2225 3277 2562 3355 ’Δντιοχείας
2619 3280 2766 3349 παρὰ
2819 3283 2917 3334 τοῦ
2975 3279 3180 3355 πατρὸς
3227 3276 3476 3354 ἀγγελῶν
3508 3280 3556 3315 ³⁸
3581 3278 3744 3349 ἡμῖν,

2092 3372 2209 3431 πῶς
2250 3368 2279 3423 6
2328 3368 2508 3443 πατὴρ
2559 3364 2845 3443 δημο[σίᾳ]
2893 3368 3057 3424 αὐτοῦ
3126 3374 3344 3446 μορφῆς
3398 3371 3743 3442 κατηγορῶν,

2091 3457 2292 3529 Πέτρον
2327 3454 2565 3532 εὐλογῶν
2592 3457 2692 3525 τὴν
2724 3462 2894 3511 πᾶσαν
2927 3457 3257 3532 ’Δντιοχέων
3300 3454 3460 3511 πόλιν
3514 3454 3589 3517 εἲς
3636 3454 3741 3509 πό-

2090 3556 2182 3610 θον
2219 3545 2529 3617 μετέθηκεν.
2565 3545 2661 3599 Καὶ
2694 3544 2753 3600 ἐκ
2798 3544 2996 3601 τούτου
3047 3546 3247 3607 πάντας
3302 3544 3581 3617 ἐπιθυμεῖν
3641 3543 3739 3598 αύ-

2087 3635 2180 3689 τὸν
2215 3631 2347 3689 ἰδεῖν
2380 3631 2723 3710 ἀπήγγελλεν
2750 3636 2813 3671 ⁸⁸·
2849 3633 3021 3697 ἐνίους
3054 3631 3111 3689 δὲ
3164 3634 3255 3689 καὶ
3305 3631 3739 3710 χαλεπαίνοντας

2090 3722 2236 3794 αύτῷ
2266 3722 2339 3785 ὡς
2374 3722 2587 3795 Σίμωνι
2626 3720 2716 3777 διὰ
2758 3723 2859 3791 τήν
2908 3723 3043 3797 πρὸς
3094 3724 3296 3799 Πέτρον
3357 3716 3739 3797 ὑπερϐάλλου-

2089 3832 2182 3867 σαν
2227 3814 2383 3869 416
2422 3812 2657 3887 στοργὴν
2708 3810 2797 3867 καὶ
2847 3817 3042 3888 χεῖρας
3098 3810 3272 3868 θέλειν
3342 3806 3619 3867 ἐπιϐαλεῖν
3657 3815 3742 3883 τῷ

2088 3900 2322 3973 Φαύστῳ
2352 3900 2425 3963 ὡς
2471 3899 2706 3973 Σίμωνι.
2738 3900 2833 3955 Διὸ
2882 3903 3083 3974 μήπως
3127 3901 3383 3977 ἀναιρεθῇ
3438 3897 3738 3972 δεδοικότα,

2087 3988 2308 4060 ἐξαυτῆς
2365 3987 2537 4044 ἐλθεῖν
2591 3987 2880 4062 πέμψαντα
2933 3989 3111 4061 ἀξιοῦν
3160 3989 3252 4045 τὸν
3302 3989 3524 4066 Πέτρον,
3586 3987 3743 4051 ὅπως

2084 4077 2243 4134 αὐτὸν
2296 4079 2471 4148 ζῶντα
2516 4072 2910 4153 ἐπικαταλάϐῃ,
2952 4078 3043 4134 καὶ
3090 4083 3159 4154 τῇ
3208 4077 3369 4133 πόλει
3421 4077 3740 4151 ἇκμαζούσῃ

334 4165 656 4221 abundanti
687 4172 1012 4238 opportune
1067 4169 1391 4238 appareret.
1450 4165 1672 4230 Quibus
1728 4164 1977 4237 cognitis

2092 4167 2238 4240 πόθῳ
2282 4171 2362 4239 τῷ
2406 4166 2542 4242 πρὸς
2595 4164 2755 4221 αύτὸν
2807 4165 3074 4242 εὐκαίρως
3124 4166 3380 4245 ἐπιφανῇ.
3434 4166 3635 4241 Πέτρος
3681 4163 3744 4222 δὲ

334 4254 539 4310 Petrus
569 4256 641 4311 ad
675 4255 1117 4311 deliberandum
1147 4254 1205 4309 in
1237 4254 1517 4310 concione
1534 4253 1973 4311 multitudinem

2092 4261 2250 4313 ταῦτα
2295 4254 2526 4318 ἀκούσας
2565 4256 2702 4331 πρὸς
2750 4254 2814 4311 τὸ
2857 4254 3231 4327 ἐκκλησιάζειν
3277 4254 3565 4318 πλείστους
3620 4277 3744 4311 συν-

335 4343 901 4416 coegit,et,episcopo
932 4360 1001 4399 ex
1021 4342 1334 4399 comitibus
1365 4343 1973 4416 ordinato,postquam

2092 4344 2298 4422 αγαγὼν
2329 4343 2419 4399 καὶ
2448 4343 2738 4399 ἐπίσκοπον
2770 4343 2829 4399 ἐκ
2857 4348 2963 4399 τῶν
3011 4344 3327 4401 ἀκολούθων
3373 4347 3740 4416 καναστήσας,

333 4448 436 4505 per
464 4438 583 4488 tres
613 4432 739 4487 dies
771 4431 1485 4503 Laodiceae,baptizaverat
1512 4436 1688 4503 atque
1734 4449 1973 4488 sanave-

2092 4432 2347 4507 βαπτίσας
2375 4431 2465 4487 καὶ
2498 4431 2786 4505 ἰασάμενος
2836 4435 3059 4507 ἡμερῶν
3110 4432 3391 4506 ἐπιμείνας
3445 4438 3612 4510 τριῶν
3662 4436 3735 4506 τῇ

333 4525 443 4588 rat,
476 4521 549 4577 ad
579 4520 829 4577 vicinam
860 4520 1225 4577 Antiochiam
1258 4536 1495 4594 pergere
1523 4522 1869 4594 properavit.

2092 4518 2378 4592 Λαοδικείᾳ
2435 4519 2524 4577 ἐπὶ
2577 4522 2678 4591 τήν
2732 4520 2969 4592 πλησίον
3026 4523 3359 4597 ὁρμήσειν⁸⁸
3392 4520 3734 4598 ’Δντιόχειαν

2085 4610 2245 4668 ἔσπευ
2252 4630 2336 4666 σεν
2346 4653 2360 4668 .

1699 4780 1941 4839 VARUE
1978 4780 2398 4841 LECTIONES.

400 4908 446 4943 ⁸³
478 4903 631 4982 δόξαν
685 4907 756 4982 VO,
789 4908 891 4979 qui
948 4906 1157 4982 deinde
1208 4904 1375 4959 εἰπών
1416 4923 1489 4982 Ap.
1521 4905 1747 4982 εἰπόντι.
1821 4908 1868 4943 ³³
1920 4908 2083 4982 ἡμῶν
2114 4908 2179 4982 Ο.
2254 4901 2575 4982 ³¹ξάγγέλων
2636 4907 2700 4982 O_.
2777 4904 2824 4942 ³⁵
2881 4902 3296 4982 ἀπήγγελλο-Ο.
3368 4907 3416 4982 _“
3464 4908 3741 4982 Eortasse

328 4977 639 5052 legendum
674 4975 932 5051 ὁρμῆσαι.
971 4979 1105 5035 Post
1133 4975 1380 5052 ἔσπευσεν
1413 4975 1471 5034 in
1503 4980 1708 5052 cod.0
1750 4975 1976 5052 puncto
2022 4975 2424 5052 distinguitur
2467 4977 2899 5052 apponiturque
2955 4975 3122 5052 ἀμήν.
3184 4979 3307 5042 Quo
3364 4978 3736 5052 intelligitur,

326 5048 755 5124 amanuepsem
782 5067 929 5123 opus
960 5067 1134 5124 suum
1162 5049 1456 5121 putavisse
1485 5051 1725 5108 omnino
1750 5048 2116 5118 absolutum,
2148 5048 2415 5123 quamvis
2441 5052 2609 5105 vetus
2642 5048 2841 5105 Rufini
2868 5048 3058 5107 vers'io
3089 5051 3536 5124 Recognilionum
3559 5048 3742 5109 anab—

325 5124 506 5179 rando
538 5120 783 5179 ulterius
815 5120 1239 5195 progrediatur.
