2041 3104
225 135 263 165 47
268 135 283 164 1

639 134 673 166 S.
695 134 915 167 GLEMENTIS
939 135 952 166 Ι
974 135 1070 167 ROM.
1093 136 1208 166 PONT.
1232 136 1363 169 OPERA
1383 136 1517 167 DUBIA.

1851 138 1905 168 ετξ

227 200 325 230 animo
342 199 537 236 percepissem
553 199 771 236 cogitationem,
788 209 851 237 quae
863 201 960 229 nescio
972 202 1050 229 unde

1112 199 1166 228 >ῖδα
1182 200 1262 233 πόθεν
1279 200 1470 232 ἐπεισελθόντα
1487 211 1545 237 μοι,
1560 199 1603 228 καὶ
1619 199 1679 238 περὶ
1694 201 1802 228 θανάτου
1816 202 1905 238 πυκνὰς

227 245 257 272 in
274 252 321 272 me
336 245 504 280 irrepserat,
521 244 696 280 crebrasque
712 245 784 273 mihi
808 246 843 273 de
866 248 959 274 morte
974 254 1054 274 com-

229 288 422 317 mentationes
437 288 578 324 pariebat,
591 297 656 316 cum
665 289 814 318 laboribus
823 293 851 318 et
859 291 1055 318 anxietatibus

227 334 370 361 vivebam.
409 333 591 369 Reputabam
627 335 705 361 enim
736 343 819 370 num,
849 343 915 363 cum
939 337 1053 363 mortus

230 378 323 411 fuero,
341 386 398 405 non
414 386 475 410 ero,
503 377 662 414 nullusque
678 379 733 406 erit
761 388 892 414 unquam
918 380 969 415 qui
996 379 1053 407 mei

229 422 407 450 mentionem
423 423 520 456 faciat,
537 425 669 459 tempore
685 423 824 451 nimirum
847 426 954 452 cuncta
981 424 1052 451 obli-

226 466 305 494 vioni
320 467 474 494 tradente?
488 468 559 494 Cum
576 469 674 494 autem
684 475 741 495 non
756 468 847 501 fuero,
861 476 897 495 an
910 468 1052 504 quodam-

228 511 314 539 modo
331 512 449 539 futurus
464 519 541 545 sum,
558 519 607 539 eos
620 512 670 547 qui
688 520 744 539 non
760 514 830 540 sunt
849 520 1028 548 cognoscens
1045 521 1051 547 ;

228 564 280 584 nec
293 563 484 591 cognoscens,
499 564 551 583 nec
567 555 719 592 cognitus;
736 556 846 592 quique
862 565 919 584 non
936 556 1052 591 fuerim,

229 608 288 627 non
303 599 360 627 sim
375 599 389 627 ‘2
412 601 440 627 et
461 599 656 635 aliquandone
671 600 765 628 factus
794 601 833 629 sit
860 601 1009 635 mundus;
1025 602 1054 629 et

229 645 295 672 ante
310 652 399 680 quam
416 644 508 679 ﬁeret,
525 644 665 680 quidnam
691 645 775 673 erat?
787 647 862 673 Nam
885 646 910 673 si
937 653 1054 682 semper

1109 245 1271 282 ποιούμενον
1307 246 1484 282 ὑπομνήσεις,
1507 245 1599 276 πόνοις
1624 245 1655 272 τὸ
1678 245 1769 272 λοιπὸν
1790 245 1831 273 καὶ
1848 246 1905 278 ἀθυ-

1110 289 1184 325 μίαις
1201 289 1327 324 συνέζων.
1343 291 1412 328 Ἀρα
1434 290 1496 327 γὰρ,
1513 288 1687 326 ἐλογιζόμην,
1704 289 1742 316 ὅτι
1765 290 1844 317 θανὼν
1865 290 1905 318 οὐκ

1109 333 1177 370 εἷ’μί,
1192 334 1236 361 καὶ
1252 333 1341 365 οὐδεὶς
1357 333 1428 361 ἔσται
1456 345 1508 370 μου
1533 334 1599 361 ποτὶ
1625 335 1730 370 μνήμην
1752 334 1903 370 ποιούμενος,

1106 380 1155 405 τοῦ
1171 378 1273 416 χρόνου
1289 379 1375 406 πάντα
1388 380 1422 415 τῇ
1440 377 1512 415 λήθῃ
1527 376 1738 415 παραδιδόντος;
1755 377 1802 414 ἆρα
1826 376 1851 405 δὲ
1873 380 1903 414 μὴ

1108 422 1222 458 ὣν,πῶς
1239 421 1334 459 ἔσομαι
1351 424 1386 444 ³-⁸
1398 422 1460 453 τοὺς
1476 422 1526 450 οὐκ
1538 420 1615 453 ὄντας
1631 420 1757 457 εἷ’ὂὼς,οὐ
1771 422 1903 459 γινώσκων,

1107 466 1139 494 οὐ
1154 467 1365 505 γινωσκόμενος,
1383 466 1413 494 οὐ
1429 467 1560 504 γεγονὼς,
1576 466 1606 493 οὐ
1631 466 1785 503 γινόμενος;
1800 467 1843 493 Καὶ
1864 467 1905 505 ἆρά

1106 522 1173 538 ποτε
1187 513 1197 529 ⁷
1211 511 1318 549 γέγονεν
1335 512 1349 539 ὁ
1365 511 1479 548 κόσμος,
1494 511 1539 538 καὶ
1555 511 1608 549 πρὸ
1635 512 1683 537 τοῦ
1702 510 1816 548 γενέσθαι
1828 511 1850 538 τί
1864 512 1904 549 ἄρα

1106 556 1151 583 καὶ
1175 556 1227 591 ἧν;
1250 556 1281 584 Ei
1306 557 1356 594 γὰρ
1382 556 1415 591 ἦν
1438 555 1490 592 ἀεὶ,
1507 556 1552 583 καὶ
1575 554 1657 583 ἔσται·
1675 554 1698 582 εἱ
1721 553 1749 582 δὲ
1765 556 1857 593 γέγονε,
1869 556 1902 583 καί

1108 599 1252 636 λυθήσεται
1268 600 1386 632 πάντως·
1403 600 1448 628 καὶ
1466 600 1533 637 μετὰ
1549 599 1625 628 λύσιν
1642 599 1692 638 ἆρα
1707 599 1731 626 τί
1747 597 1815 627 ἔσται
1827 599 1900 634 nihil;

1108 644 1122 672 ὃ
1138 646 1184 672 νῦν
1200 644 1330 673 ἀδύνατόν
1347 655 1393 682 μοι
1406 646 1512 679 νοῆσαι.

230 687 294 723 fuit,
319 696 435 724 semper
462 689 550 717 etiam
574 689 649 717 erit:
678 689 723 717 sin
750 698 817 718 vero
841 692 939 718 ortum
966 690 1063 723 habet,
1092 690 1212 718 omnino
1229 690 1317 718 etiam
1343 690 1538 724 dissolvetur;
1566 691 1594 717 et
1618 691 1684 725 post
1711 688 1906 718 dissolutionem

232 732 373 769 quidnam
390 733 444 761 erit
458 733 564 761 iterum
574 733 589 761 ‘I
604 734 681 769 quod
698 742 776 762 nunc
792 734 974 771 impossibile
985 734 1058 762 mihi
1074 736 1119 762 est
1133 737 1230 762 mente
1245 734 1407 771 concipere.

270 786 304 813 ll.
321 787 386 814 Haec
399 789 486 822 atque
513 786 559 815 his
579 787 697 822 similia,
714 787 812 815 nescio
829 788 917 822 unde,
947 788 1055 816 indesi-

1144 790 1177 815 ΙΙ.
1193 787 1280 814 Ταῦτά
1294 797 1323 815 τε
1336 789 1381 815 καί
1395 788 1429 815 τὰ
1443 786 1550 818 τούτοις
1566 785 1661 823 ὅμοια,
1677 786 1725 813 οὐκ
1748 784 1803 813 οἴδα
1828 785 1907 821 πόθεν,

234 833 337 858 neuter
351 831 449 858 animo
466 830 611 864 volutans,
628 834 766 868 perpetuo
791 840 907 868 semper
935 840 1057 860 maerore

234 874 391 909 aiﬁciebar,
408 875 438 903 in
458 878 574 903 tantum
594 878 627 903 ut
641 875 780 912 pallerem
796 884 829 904 ac
855 876 1054 904 tabescerem:

234 921 262 947 et
277 920 354 955 quod
368 920 574 956 gravissimum
588 920 693 954 erat,si
709 921 827 956 quando
837 920 942 949 harum
958 929 1056 949 rerum

234 964 459 992 sollicitudinem
471 965 596 1000 abjicere
610 967 751 1000 tanquam
766 974 871 993 vanam
887 966 1056 1002 cogitarem,

232 1008 434 1037 vehementius
453 1009 544 1037 multo
561 1018 606 1037 me
623 1010 774 1046 premebat
789 1010 928 1038 affectus:
945 1013 973 1038 et
992 1018 1056 1038 eam

232 1061 293 1081 rem
310 1053 431 1081 moleste
445 1053 584 1086 ferebam,
603 1054 735 1082 nesciens
758 1055 835 1090 quod
861 1055 1057 1082 contuberna-

231 1098 288 1126 lem
304 1097 441 1126 haberem
456 1098 624 1134 prazclaram
637 1099 855 1134 cogitationem,
866 1108 929 1134 qua;
940 1099 1058 1127 immor-

230 1142 353 1170 talitatis
369 1142 440 1170 mibi
456 1151 545 1170 causa
561 1143 684 1177 exstitit,
711 1146 743 1171 ut
772 1146 873 1179 postea
899 1151 934 1171 ex
960 1151 1057 1171 rerum

233 1187 310 1214 exitu
327 1187 442 1222 agnovi,
458 1189 486 1214 et
511 1189 567 1215 Deo
594 1189 767 1215 cunctornm
792 1188 919 1215 ell‘ectori
949 1188 1059 1223 gratias

234 1232 290 1267 egi.
307 1231 380 1259 Cum
393 1231 470 1259 enim
488 1231 523 1259 ab
540 1231 623 1259 initio
639 1240 686 1259 me
702 1231 752 1259 illa
776 1232 912 1268 cogitatio
932 1234 1058 1267 vexaret,

236 1276 271 1304 ad
289 1283 386 1303 rerum
414 1276 635 1311 inquisitionem
655 1277 754 1304 venire
783 1279 900 1304 coactus
928 1285 994 1304 sum
1012 1279 1060 1305 :et

237 1328 309 1356 quos
320 1320 462 1356 principio
474 1328 524 1355 per
536 1320 731 1357 ignorantiam
743 1321 843 1349 beatos
855 1321 1058 1357 praedicabam,

237 1367 339 1401 postea
352 1364 440 1392 veluti
455 1364 578 1393 miseros
594 1374 652 1393 non
668 1365 777 1393 cessavi
791 1365 900 1402 lugere.

274 1418 322 1446 III.
340 1418 432 1454 Igitur
455 1426 551 1446 cuma
579 1427 668 1454 puero
684 1419 713 1446 in
739 1419 908 1455 hujusmodi
931 1426 1061 1447 versarer

236 1462 532 1496 considerationibus,
549 1463 583 1491 ad
607 1462 849 1499 philosophorum
865 1464 1056 1492 adventabam
1073 1469 1094 1503 ρ

235 1506 361 1539 scholas,
377 1509 410 1534 ut
426 1507 492 1535 inde
503 1507 614 1543 aliquid
629 1507 698 1536 certi
714 1508 875 1536 discerem:
896 1509 945 1536 sed
963 1511 991 1536 et
1005 1508 1057 1541 sic,

235 1551 307 1579 nihil
324 1552 401 1580 aliud
419 1552 454 1579 ab
469 1552 511 1580 eis
526 1552 657 1580 studiose
673 1552 727 1580 coli
743 1552 889 1584 videbam,
906 1561 995 1589 quam
1011 1553 1059 1581 do-

233 1598 365 1633 gmatum
383 1596 596 1624 destructiones
613 1599 642 1624 et
653 1597 880 1631 adstructiones,
898 1599 1059 1626 contentio-

232 1648 353 1676 nesque,
368 1642 396 1668 et
411 1640 650 1677 syllogismorum
667 1641 799 1675 artiﬁcia,
821 1641 949 1678 itemque
977 1651 1058 1670 sum-

233 1685 366 1721 ptionum
378 1685 606 1722 excogitationes
619 1694 626 1713 :
639 1688 667 1713 et
682 1685 839 1721 aliquando
850 1686 967 1722 quidem
983 1695 1059 1723 pris-

231 1729 356 1764 valebat,
373 1730 452 1757 verbi
467 1730 571 1766 gratia,
588 1731 664 1765 quod
686 1730 785 1758 anima
807 1730 984 1759 immortalis
1000 1732 1058 1762 sit;

233 1773 393 1809 aliquando
407 1782 485 1807 vero,
500 1775 576 1810 quod
593 1775 736 1802 mortalis.
752 1775 787 1803 Et
807 1775 925 1811 quidem
942 1776 1058 1811 quando

235 1826 269 1846 ea
282 1818 390 1854 opinio,
408 1827 471 1854 quae
479 1819 610 1847 animum
628 1819 698 1847 facit
709 1819 917 1853 immortalem,
927 1820 1060 1856 superior

235 1865 307 1895 erat,
325 1863 489 1899 gaudebam
503 1871 509 1890 :
527 1864 643 1899 quando
655 1865 752 1891 autem
769 1871 813 1897 ea,
828 1872 890 1899 quia
906 1864 1060 1892 mortalem

236 1909 470 1940 censet,mmrore
477 1908 625 1935 afﬁciebar
633 1908 920 1944 :rursumquemagis
927 1908 1059 1936 animum

236 1951 465 1987 despondebam,
478 1952 555 1987 quod
574 1960 626 1980 nec
639 1952 796 1988 utriusque
807 1952 899 1988 partis
913 1952 1061 1989 quispiam

237 1998 364 2023 mentem
382 2004 477 2024 meam
494 1997 805 2032 poteratconﬁrmare:
823 1999 939 2024 tantum
952 1997 1061 2025 intelli-

236 2040 340 2076 gebam
353 2041 513 2068 sententias
524 2041 795 2075 controversiarum,
810 2050 862 2077 pro
877 2041 988 2069 viribus
1000 2049 1063 2077 pro-

236 2086 443 2120 pugnatorum,
475 2086 517 2112 vel
544 2085 643 2118 falsas,
658 2086 703 2113 vel
728 2093 813 2113 veras
838 2085 977 2121 judicari,
1004 2094 1062 2114 non

235 2135 302 2155 vero
318 2131 405 2164 prout
419 2128 489 2164 ipsis
505 2137 536 2156 se
551 2129 659 2157 habent
675 2129 704 2156 in
725 2129 831 2165 seipsis
846 2137 954 2162 revera,
982 2137 1060 2157 com-

236 2171 395 2209 prehendi:
432 2175 550 2209 propter
570 2173 646 2209 quod
671 2172 737 2209 plus
761 2173 857 2201 adhuc
886 2173 915 2201 in
945 2174 1059 2210 negotio

235 2216 397 2244 aastuabam
412 2217 603 2252 dubitatione,
619 2225 652 2245 ac
668 2226 702 2245 ex
716 2217 821 2246 animae
836 2218 980 2253 profundo
1008 2226 1057 2254 ge-

1111 830 1256 862 ἀπαύστως
1284 830 1525 868 διενθυμούμενος,
1549 829 1685 858 ἄπαυστον
1709 830 1778 868 εἶχον
1805 830 1840 858 ἀεὶ
1867 831 1908 864 τὴν

1111 874 1211 911 λύπην,
1240 876 1284 903 καὶ
1310 878 1450 911 τοσοῦτον,
1481 876 1517 906 ὡς
1541 874 1700 913 ὠχριακότα
1730 885 1761 911 με
1789 876 1908 910 τήκεσθαι·

1110 919 1155 947 καὶ
1178 920 1209 948 τὸ
1232 918 1396 955 δεινότατον,
1422 919 1515 947 εἰίκοτι
1537 919 1582 947 καὶ
1608 919 1762 946 ἀπώσασθαι
1786 920 1831 953 τήν
1858 918 1909 955 περὶ

1109 963 1213 992 τούτων
1241 963 1380 1004 φροντίδα,
1397 965 1433 996 ὡς
1466 963 1593 1001 ματαίαν,
1617 963 1789 1002 ἐλογισάμην,
1813 963 1909 999 ἀκμαιό-

1110 1007 1187 1045 τερόν
1210 1019 1256 1045 μοι
1274 1007 1380 1045 μᾶλλον
1396 1008 1426 1035 τὸ
1441 1008 1525 1039 πάθος
1541 1007 1656 1045 ἐγίνετο·
1673 1007 1716 1034 καὶ
1738 1006 1855 1044 ἠχθόμην
1875 1006 1910 1033 ἐπὶ

1110 1052 1210 1089 τούτῳ,
1226 1053 1276 1080 οὐκ
1292 1052 1371 1084 εἰδὼς
1386 1052 1509 1080 σύνοικον
1530 1051 1618 1086 καλὴν
1644 1049 1714 1090 ἔχων
1741 1049 1844 1084 ἔννοιαν,
1858 1051 1910 1077 ἄθα-

1111 1097 1201 1128 νασίας
1221 1096 1308 1124 αἰτίαν
1336 1107 1382 1133 μοι
1405 1096 1564 1135 γενομένην,
1581 1096 1620 1127 ὡς
1645 1095 1750 1132 ὕστερον
1773 1093 1848 1133 ἔγνων
1868 1094 1912 1121 ἀπὸ

1110 1143 1159 1168 τοῦ
1173 1140 1282 1177 τέλους,
1297 1141 1342 1169 καὶ
1357 1140 1415 1177 Θεῷ
1430 1143 1469 1177 τῷ
1483 1141 1591 1168 πάντων
1606 1139 1793 1178 ηὐχαρίστησα
1814 1140 1910 1174 ποιητῇ.

1110 1186 1176 1213 Ὑπὸ
1189 1186 1241 1224 γὰρ
1257 1189 1307 1221 τῆς
1322 1185 1460 1223 καταρχὰς
1492 1195 1525 1221 με
1550 1184 1699 1219 πιεζούσης
1730 1183 1832 1219 ἐννοίας,
1847 1183 1914 1220 ἠναγ-

1112 1229 1211 1264 κάσθην
1238 1229 1277 1261 είς
1299 1230 1349 1264 τὴν
1373 1232 1425 1256 τῶν
1451 1229 1618 1267 πραγμάτων
1643 1228 1729 1260 ἐλθεῖν
1754 1229 1863 1263 ζήτησιν·
1876 1226 1912 1253 καὶ

1113 1274 1160 1305 οὓς
1187 1275 1236 1309 τὴν
1258 1274 1348 1312 ἀρχήν
1374 1273 1407 1302 δι’
1436 1274 1546 1311 ἄγνοιαν
1574 1273 1730 1312 μακαρίζειν
1755 1271 1911 1304 ἐκινδύνευον,

1113 1318 1222 1356 ὕστερον
1235 1318 1388 1354 ταλανίζειν
1405 1318 1454 1346 οὐκ
1469 1318 1643 1355 ἐπαυσάμην.

1151 1419 1197 1445 llI.
1214 1417 1261 1444 Ἐκ
1275 1415 1371 1447 παιδὸς
1387 1415 1432 1444 οὖν
1454 1416 1480 1444 έν
1501 1415 1639 1447 τοιούτοις
1665 1413 1702 1442 ὢν
1725 1413 1867 1452 λογισμοῖς,
1881 1412 1912 1443 εἷς

1114 1461 1160 1492 τὰς
1175 1463 1228 1488 τῶν
1253 1460 1410 1500 φιλοσόφων
1436 1460 1549 1499 ἐφοίτων
1578 1457 1728 1497 διατριϐὰς,
1745 1458 1808 1486 ὥστε
1831 1468 1854 1485 τι
1876 1457 1912 1495 βέ-

1114 1503 1189 1533 ϐαιον
1207 1505 1304 1533 ἐκεῖθεν
1325 1508 1428 1542 μαθεῖν.
1455 1504 1544 1532 ’Δλλὰ
1566 1504 1610 1531 καὶ
1638 1504 1722 1534 οὕτως
1745 1501 1814 1530 οὐδὲν
1837 1500 1913 1539 ἕτερον

1113 1551 1176 1588 παρ’
1196 1550 1288 1581 αὐτοῖς
1311 1551 1343 1577 τὸ
1368 1548 1588 1586 σπουδαζόμενον
1602 1550 1613 1568 ⁸
1631 1549 1735 1586 ἑώρων,
1751 1548 1767 1582 ἢ
1791 1546 1912 1584 δογμάτων

1112 1594 1259 1625 ἀνασκευὰς
1280 1593 1325 1622 καί
1350 1594 1525 1628 κατασκευὰς,
1551 1591 1641 1631 ἕριδάς
1663 1594 1674 1611 ⁹
1690 1603 1719 1620 τε
1742 1592 1784 1619 καὶ
1806 1590 1915 1627 συλλογι-

1113 1641 1188 1675 σμῶν
1212 1638 1322 1676 τέχνας,
1345 1639 1391 1666 καὶ
1415 1637 1448 1673 δὴ
1478 1638 1523 1666 καὶ
1554 1637 1709 1674 λημμάτων
1741 1636 1856 1666 ἐπινοίας·
1878 1633 1914 1662 καί

1112 1694 1179 1711 ποτε
1203 1683 1250 1720 μὲν
1272 1682 1424 1721 ἐπεκράτει,
1441 1684 1505 1722 φέρε
1529 1682 1631 1720 λέγειν,
1648 1681 1689 1709 ὅτι
1712 1681 1832 1711 ἀθάνατος
1848 1681 1914 1715 ἡψυ-

1113 1729 1162 1766 χή·
1179 1728 1245 1755 ποτὶ
1260 1726 1299 1762 δὲ,
1315 1727 1356 1755 ὅτι
1373 1728 1471 1763 θνητή,
1488 1727 1541 1755 Καὶ
1557 1726 1598 1754 δτι
1617 1727 1664 1763 μὶν
1682 1725 1764 1763 λόγος
1787 1724 1915 1762 ἐπικρατῶν

1113 1773 1158 1807 ἦν,
1175 1771 1216 1800 ὅτι
1230 1772 1359 1804 ἀθάνατος
1375 1773 1392 1806 ἡ
1413 1772 1501 1810 ψυχή,
1518 1769 1641 1809 ἔχαιρον·
1660 1770 1704 1798 ὅτε
1720 1769 1747 1797 δὲ
1773 1769 1811 1797 ὅτι
1833 1768 1914 1802 θνητὴ,

1113 1817 1248 1853 ἠνιώμην·
1274 1816 1358 1844 πηέον
1382 1815 1410 1844 δὲ
1431 1816 1514 1844 πάλιν
1538 1815 1675 1852 ἠθύμουν,
1694 1814 1735 1842 ὅτι
1760 1812 1812 1842 οὐδ’
1835 1811 1915 1840 ὁποτέ-

1115 1871 1168 1900 ρων
1196 1863 1219 1880 ¹⁰
1241 1872 1283 1892 τις
1307 1861 1353 1888 τὸν
1374 1860 1439 1897 ἐμὸν
1467 1858 1613 1898 βεϐαιῶσαι
1634 1862 1696 1887 νοῦν
1721 1858 1839 1894 ἠδύνατο.
1854 1856 1915 1900 ΠΛῂν

1115 1905 1234 1934 ἐνενόουν
1251 1905 1292 1933 δτι
1308 1906 1336 1933 αἱ
1352 1905 1426 1941 δόξαι
1439 1908 1493 1933 τῶν
1510 1905 1675 1940 ὑποθέσεων,
1690 1904 1760 1941 παρὰ
1777 1902 1836 1933 τοὺς
1860 1899 1916 1928 ἐκδι-

1114 1952 1237 1984 κοῦντας,
1252 1950 1269 1985 ἢ
1286 1949 1405 1987 ψευδεῖς,
1420 1951 1438 1984 ἢ
1456 1948 1568 1985 ἀληθεῖς
1593 1948 1796 1988 ἀποφαίνονται,
1810 1946 1850 1974 καὶ
1873 1944 1915 1981 οὐχ

1116 1994 1153 2026 ὡς
1170 1993 1279 2032 ἔχουσιν
1295 1994 1373 2021 αὐταὶ
1390 1994 1430 2032 ἐφ’
1446 1994 1546 2021 ἑαυτῶν
1563 1993 1694 2028 ἀληθείας
1719 1988 1915 2027 καταλαμϐάνον-

1114 2048 1169 2067 ται·
1186 2042 1249 2076 παρ⁹
1263 2039 1286 2075 ᾧ
1306 2040 1326 2057 ¹¹
1341 2038 1386 2066 καὶ
1401 2037 1439 2066 ἔτι
1456 2038 1563 2075 μᾶλλον
1578 2037 1604 2066 ἐν
1619 2041 1679 2069 τοῖς
1695 2037 1843 2075 πράγμασιν
1857 2034 1916 2069 ίλιγο

1116 2086 1193 2122 γιῶν,
1208 2083 1253 2110 καὶ
1268 2083 1321 2110 ἀπὸ
1335 2085 1384 2110 τοῦ
1398 2086 1448 2117 τῆς
1471 2084 1564 2120 ψυχῆς
1592 2082 1691 2120 βάθους
1716 2081 1853 2114 ἐστέναζον·
1869 2076 1917 2122 ούτε

1118 2128 1169 2166 γὰρ
1186 2125 1244 2159 οἷός
1258 2138 1287 2155 τε
1302 2128 1336 2162 ἦν
1352 2124 1537 2155 ἀποϐαλέσθαι
1551 2128 1600 2161 τὴν
1616 2126 1789 2164 περὶτούτων
1800 2121 1914 2163 φροντίδα,

1113 2172 1235 2210 καίτοιγε
1258 2171 1361 2212 σφόδρα
1387 2171 1567 2210 βουλόμενος,
1588 2171 1625 2202 ὡς
1653 2170 1708 2205 ἤδη
1733 2170 1828 2209 φθάσας
1849 2166 1915 2205 ἐγνώ-

1114 2227 1185 2255 ρισα,
1202 2214 1263 2244 οὕτε
1280 2214 1388 2254 βέϐαιόν
1403 2227 1430 2243 τι
1444 2213 1606 2243 καταλαϐεῖν
1623 2214 1774 2251 ἠδυνάμην.

236 2261 351 2288 mebam
365 2270 371 2289 :
386 2269 480 2297 neque
494 2262 572 2290 enim
586 2262 621 2289 de
637 2261 809 2298 hujusmodi
824 2270 924 2290 curam
940 2262 1059 2298 rejicere
1090 2265 1228 2298 poteram,
1253 2261 1321 2290 licet
1347 2261 1431 2290 valde
1454 2269 1600 2297 cuperem,
1617 2263 1650 2289 ut
1670 2261 1732 2296 jam
1744 2266 1829 2295 supra
1853 2254 1916 2284 indi-

236 2305 298 2332 cavi
311 2314 318 2339 ;
335 2313 430 2341 neque
445 2306 562 2333 firmum
573 2306 643 2342 quid
656 2306 787 2334 valebam
803 2306 935 2334 retinere.

274 2358 319 2386 IV.
336 2358 443 2386 lterum
458 2367 526 2395 ergo
547 2359 692 2395 angustiis
706 2358 898 2387 haesitationis
925 2367 1055 2395 pressus,

238 2402 371 2431 dicebam
388 2404 463 2439 apud
481 2412 546 2431 me:
564 2404 637 2437 Quid
654 2403 779 2432 inaniter
789 2403 899 2439 laboro,
916 2411 982 2431 cum
1000 2411 1060 2432 ma-

239 2446 344 2475 nifesta
359 2447 397 2475 sit
412 2456 457 2475 res
467 2448 481 2475 ‘I
495 2448 587 2482 Quod,
605 2448 628 2476 si
643 2447 761 2484 quidem
777 2450 843 2484 post
858 2450 981 2476 mortem
1002 2456 1060 2475 non

239 2498 287 2518 ero
301 2504 307 2524 ;
324 2500 412 2524 nunc,
429 2492 546 2527 quando
571 2500 648 2525 sum,
664 2491 830 2520 contristari
845 2500 902 2519 non
932 2494 1058 2528 oportet:

238 2535 375 2571 quocirca
384 2536 536 2564 tristitiam
547 2536 583 2564 ad
599 2536 669 2564 illud
685 2538 802 2572 tempus
813 2536 976 2572 reservabo,
991 2544 1060 2572 quo,

237 2587 305 2607 cum
320 2580 437 2608 futurus
453 2589 510 2608 non
526 2581 594 2614 sim,
610 2589 667 2608 non
683 2581 893 2609 contristabor:
906 2580 931 2608 si
960 2583 1059 2608 autem

237 2624 309 2652 forte
324 2633 453 2661 ero,;cur
464 2624 536 2653 mihi
551 2633 629 2653 nunc
645 2625 792 2662 superﬂue
811 2625 888 2653 inest
911 2624 1033 2653 tristitia
1045 2624 1060 2652 Ῥ

1146 2358 1194 2387 1V.
1209 2357 1295 2386 Πάλιν
1322 2359 1387 2395 γοῦν
1416 2356 1605 2402 ἀπορούμενος
1635 2355 1729 2402 ἔλεγον
1757 2355 1870 2402 ἐμαυτῷ·
1891 2350 1916 2402 Τί

1116 2404 1301 2439 ματαιοπονῶ,
1323 2404 1424 2441 σαφοῦς
1454 2400 1532 2433 ὄντος
1557 2400 1605 2429 τοῦ
1625 2401 1800 2439 πράγματοςς
1824 2399 1877 2424 ’Ότι
1898 2399 1917 2421 il

1116 2447 1163 2483 μὶν
1188 2446 1273 2474 θανὼν
1297 2446 1347 2474 οὐκ
1375 2446 1443 2483 ιίμὶ,
1460 2448 1503 2474 νῦν
1517 2444 1581 2474 ὄντα
1597 2456 1630 2483 με
1645 2445 1785 2473 λυπεῖσθαι
1798 2442 1826 2470 οὐ
1849 2449 1916 2483 προσ-

1113 2491 1185 2526 ήκει.
1198 2490 1245 2518 Διὸ
1260 2492 1374 2528 τηρήσω
1388 2490 1419 2518 τὸ
1437 2490 1580 2522 λυπεῖσθαι
1595 2492 1749 2524 τηνικαῦτα,
1765 2487 1807 2515 ὅτε
1819 2486 1863 2513 οὐκ
1884 2482 1914 2510 ὢν

1113 2534 1144 2563 οὐ
1160 2534 1368 2572 λυπηθήσομαι·
1386 2534 1408 2562 εἰ
1425 2533 1454 2562 δὲ
1468 2534 1519 2571 ἄρα
1535 2534 1605 2571 εἰμὶ,
1620 2533 1647 2562 τί
1662 2535 1707 2561 νῦν
1723 2543 1767 2570 μοι
1793 2532 1821 2558 ἐκ
1841 2537 1917 2566 περισ-

1112 2581 1161 2606 σοῦ
1179 2579 1305 2617 πρόσεστι
1330 2579 1362 2607 τὸ
1386 2578 1549 2614 λυπεῖσθαι;
1566 2579 1618 2607 Καὶ
1644 2578 1743 2608 εὐθέως
1768 2575 1830 2613 μετὰ
1849 2574 1915 2617 τοῦτο

1111 2621 1203 2662 ἕτερος
1218 2622 1338 2660 έπεισῄει
1354 2633 1401 2661 μοι
1417 2622 1562 2662 λογισμός.
1577 2621 1691 2661 Ἔλεγον
1715 2621 1775 2658 γὰρ,
1791 2620 1826 2656 μή
1847 2616 1870 2644 τί
1890 2624 1915 2652 ’(⁸

908 2704 1031 2733 νΑιιυΕ
1060 2702 1257 2732 LECTIONES

276 2758 460 2795 ‘.°,Deestin
476 2766 534 2787 uno
553 2759 625 2795 ωις
652 2758 714 2787 1al.
744 2758 795 2795 ἄρα
809 2767 886 2789 ποτε,
913 2758 978 2795 “iul.
1005 2758 1059 2785 τῶν
1090 2755 1325 2794 σπουδαζομένων,
1369 2757 1428 2787 'al.
1458 2755 1539 2795 ἕρεις.
1574 2757 1596 2776 ⁸ο
1607 2756 1645 2786 al.
1673 2751 1817 2792 ὁποτίρεις.
1843 2748 1908 2777 “El-

234 2797 296 2833 παρ’
311 2794 326 2823 ὅ
