4082 6208
322 289 445 347 473

1081 285 1621 349 CLEMENTINA.
1652 316 1733 332 —-
1758 282 2110 348 EPITOME
2151 285 2253 346 DE
2297 287 2570 351 GESTIS
2617 290 2683 351 S.
2730 287 2990 350 PETRI.

3621 286 3742 345 474

326 419 430 493 ἄρα
457 415 555 472 τοῦ
586 420 674 472 νῦν
712 438 778 489 με
808 417 1110 478 λυποῦντος
1150 416 1377 493 χείρονα
1428 417 1540 472 ἐκεῖ
1586 416 1865 489 πείσομαι,
1905 417 1980 489 μή

2108 418 2424 491 Statimque
2456 424 2658 493 postea
2688 420 2800 477 alia
2820 438 2912 477 me
2936 419 3117 477 subiit
3138 418 3433 491 cogitatio.
3466 417 3740 474 Dicebam

330 502 614 581 βεϐιωκὼς
682 500 937 575 εὐσεϐῶς,
986 506 1072 561 καὶ
1140 504 1593 580 παραδοθήσομαι
1658 510 1774 560 κατ’
1829 504 1982 560 ἐνίων

329 596 644 673 φιλοσόφων
699 594 924 670 λόγους,
958 594 1411 673 Πυριφλεγέθοντι
1459 596 1549 649 καὶ
1583 594 1859 671 Ταρτάρῳ,
1909 594 1985 654 ὡς

336 686 597 761 Σίσυφος,
699 686 913 753 Τιτυὸς,
946 686 981 753 ἢ
1014 685 1202 757 Ἰξίων,
1243 686 1277 752 ἢ
1323 682 1619 752 Τάνταλος,
1655 685 1743 739 καὶ
1793 682 1985 756 ἔσομαι

333 774 384 829 ἐν
433 770 564 843 ᾇδου
613 775 705 828 τὸν
758 773 929 828 αἷῶνα
970 772 1379 846 κολαζόμενος
1431 772 1600 829 Πάλιν
1652 771 1710 827 δὲ
1756 767 1988 836 ἀνθυπέ·

336 884 496 941 φερον
532 863 738 937 λέγων,
771 862 845 924 ὡς
880 860 1089 932 ἀδήλου
1123 857 1278 923 ὄντος
1329 860 1426 917 τοῦ
1474 864 1809 938 πράγματος,
1842 861 1988 915 ἀκιν-

336 951 620 1028 δυνότερόν
680 951 789 1006 ἐστι
844 950 1057 1024 μᾶλλον
1112 947 1346 1013 εὐσεϐῶς
1401 950 1593 1027 βιῶναί
1628 972 1713 1025 με,
1744 950 1834 1006 καὶ
1880 955 1987 1005 τῶν

332 1046 429 1097 τοῦ
462 1043 716 1114 σώματος
749 1046 963 1115 κρατεῖν
992 1038 1221 1110 ἡδονῶν,
1259 1040 1303 1094 εἷ
1343 1041 1430 1095 καὶ
1487 1042 1561 1113 μὴ
1612 1035 1874 1116 ἀκριϐῶς,
1907 1038 1990 1095 ὅτι

335 1131 467 1186 ποτέ
499 1131 611 1186 ἐστι
644 1128 847 1185 δίκαιον
897 1131 989 1184 καὶ
1032 1130 1255 1205 ἀρέσκον
1290 1135 1427 1203 Θεῷ,
1460 1127 1991 1209 πεπληροφόρημαι,

338 1218 461 1276 οὔτε
493 1220 539 1275 εἰ
570 1223 605 1289 ἡ
648 1222 800 1296 ψυχὴ
832 1219 1119 1289 ἀθάνατος,
1152 1220 1186 1289 ἢ
1221 1220 1411 1290 θνητή.

404 1488 472 1544 ν.
504 1486 722 1541 Τούτων
759 1484 849 1540 οῦν
876 1490 983 1541 τῶν
1018 1486 1303 1561 λογισμῶν
1348 1486 1689 1565 στρεφόντων
1745 1507 1849 1560 μου
1895 1487 1994 1556 τὴν

336 1578 546 1651 ψυχήν,
582 1576 659 1637 εἷς
690 1572 961 1650 Αἴγυπτον
993 1573 1357 1649 πορεύσομαι,
1392 1576 1560 1645 εἷπον,
1591 1576 1681 1630 καὶ
1711 1581 1831 1638 τοῖς
1887 1579 1995 1630 τῶν

341 1649 548 1720 ἀδύτων
585 1649 931 1741 ἱεροφάνταις
962 1664 1053 1718 καὶ
1084 1666 1395 1741 προφήταις
1442 1663 1876 1743 φιλιωθήσομαι,
1906 1649 1996 1719 καἶ

346 1753 509 1829 μάγον
566 1754 802 1822 ζητήσας
853 1752 943 1806 καὶ
994 1752 1184 1825 εὑρὼν,
1219 1754 1471 1827 χρήμασι
1520 1752 1691 1808 πείσω
1738 1750 1996 1825 πολλοῖς,

340 1846 525 1917 ψυχῆς
584 1842 917 1914 ἀναπομπὴν
984 1842 1084 1909 τήν
1151 1840 1455 1917 λεγομένην
1513 1842 1902 1918 νεκρομαντίαν
1950 1844 1995 1879 ¹²

340 1932 691 2007 ἐργάσασθαι,
754 1930 888 2003 ἐμοῦ
939 1927 1097 1999 δῆθεν
1158 1931 1233 1993 ὡς
1289 1930 1413 2007 περί
1471 1932 1792 2008 πράγματός
1847 1952 1997 1994 τινος

338 2022 696 2085 πυνθάνεσθαι
733 2018 1097 2095 βουλομένου·
1138 2022 1172 2089 ἠ
1209 2017 1265 2075 δὲ
1294 2025 1480 2084 πεῦσις
1526 2018 1692 2089 ἔσται,
1724 2022 1848 2097 περὶ
1897 2024 1995 2077 τοῦ

343 2113 533 2183 μαθεῖν
562 2108 663 2185 ἄρα
695 2110 737 2164 εἷ
771 2108 1031 2173 ἀθάνατος
1062 2111 1096 2178 ἡ
1126 2110 1304 2184 ψυχή.
1336 2115 1504 2165 Τοῦτο
1537 2108 1595 2165 δὲ
1634 2112 1850 2173 πάντως
1897 2110 1997 2166 οὐκ

340 2199 400 2254 ἐκ
426 2204 527 2254 τοῦ
559 2199 943 2274 ἀποκρίνασθαι
978 2197 1058 2252 ὅτι
1107 2200 1149 2236 1³
1179 2198 1439 2261 ἀθάνατός
1484 2199 1646 2271 ἐστιν,
1682 2196 1789 2255 ἔστι
1824 2204 1868 2237 ¹⁴
1901 2221 1993 2274 μοι

336 2294 557 2365 γνῶναι,
593 2286 717 2342 ἀλλ’
748 2287 853 2342 ἀπὸ
881 2292 979 2342 τοῦ
1013 2286 1245 2366 ὀφθῆναι
1297 2287 1461 2361 μόνον
1507 2287 1588 2343 ὅτι
1640 2289 1795 2344 ἐστίν.
1845 2286 1993 2346 Ἰδὼν

342 2378 448 2453 γὰρ
479 2376 648 2445 αὐτὴν
678 2376 859 2438 αὐτοῖς
890 2372 1158 2450 ὄμμασιν,
1190 2378 1379 2445 ἱκανὴν
1431 2374 1533 2450 ἕξω
1589 2376 1994 2457 πληροφορὶαν,

338 2467 431 2520 καὶ
490 2464 669 2520 ούκέτι
750 2465 1043 2540 πιστότερα
1112 2464 1410 2543 ὀφθαλμῶν
1479 2463 1590 2521 ὦτα
1663 2469 1990 2540 ποιήσομαι.

339 2558 533 2627 Ὅμως
566 2551 853 2632 φιλοσόφῳ
881 2556 988 2608 τινὶ
1020 2558 1125 2609 τῶν
1171 2556 1437 2625 συνήθων,
1469 2554 1558 2609 καὶ
1606 2555 1807 2625 ταύτην
1855 2556 1995 2611 ἐκοι-

340 2642 555 2714 νούμην
586 2645 684 2711 τήν
716 2644 964 2719 γνώμην,
998 2644 1026 2698 ὁ
1072 2640 1129 2698 δὲ
1174 2638 1527 2699 συνεϐούλευέ
1574 2666 1668 2718 μοι
1724 2646 1799 2718 μὴ
1842 2644 1995 2701 λυσι-

340 2730 500 2793 τελὲς
551 2732 683 2786 εἶναι
734 2729 895 2787 τοῦτο
940 2729 1218 2805 τολμῆσαι
1269 2729 1417 2787 δυοῖν
1462 2730 1637 2790 ἕνεκα.
1669 2732 1741 2788 Εἴ
1780 2755 1839 2789 τε
1868 2736 1994 2810 γὰρ,

344 2820 474 2899 ἔφη,
508 2821 723 2883 πάντως
755 2821 863 2897 οὐχ
904 2821 1259 2876 ὑπακούσεται
1290 2824 1324 2891 ἡ
1356 2822 1510 2898 ψυχὴ
1562 2827 1641 2895 τῷ
1701 2824 1877 2899 μάγῳ,
1906 2822 1997 2878 καὶ

347 2911 413 2965 σὺ
453 2916 571 2972 τοῖς
613 2914 779 2964 ταῦτα
826 2916 1001 2965 ποιεῖν
1050 2910 1448 2986 ἀπαγορεύουσι
1496 2910 1688 2985 νόμοις
1741 2912 1814 2974 ὡς
1855 2913 1996 2968 ἀντι-

345 3000 570 3076 πράξας,
613 2996 1041 3069 δυσσυνειδήτως
1094 2999 1329 3075 βιώσεις·
1374 3000 1420 3055 εἰ
1469 2997 1527 3055 δὲ
1562 3000 1650 3055 καὶ
1702 3000 2003 3056 εἰσακούσε-

343 3110 460 3158 ται,
497 3088 629 3161 μετᾶ
675 3093 770 3142 τοῦ
823 3084 1253 3159 δυσσυνειδήτως
1302 3108 1360 3142 σε
1410 3089 1588 3164 βιοῦν,
1619 3089 1772 3163 οἶμαι
1814 3089 1904 3145 καὶ
1932 3090 1999 3145 τὰ

2094 508 2349 580 quippe:
2382 527 2451 565 ne
2480 512 2622 566 forte
2655 510 2732 567 ibi
2764 512 2959 583 pejora
3008 527 3073 566 eo
3106 509 3259 581 quod
3292 524 3448 563 nunc
3481 524 3573 563 me
3604 524 3741 562 cru-

2096 596 2211 651 ciat
2244 597 2453 668 patiar,
2482 598 2529 652 si
2562 614 2675 653 non
2726 598 2918 654 vixero
2950 598 3077 670 pie;
3130 615 3195 653 ac
3239 597 3558 653 secundum
3595 612 3741 667 quo-

2096 687 2367 741 rumdam
2393 686 2874 758 philosophorum
2894 688 3213 743 sententias
3231 687 3427 741 tradar
3448 684 3741 757 Pyriphle-

2098 774 2357 847 gethonti
2392 780 2450 831 et
2481 780 2718 844 tartaro,
2770 777 3269 847 quemadmodum
3317 775 3621 847 Sisyphus,
3652 773 3742 829 vel

2099 866 2322 938 Tityus,
2355 865 2442 921 vel
2474 866 2653 931 Ixion,
2707 866 2796 921 vel
2846 866 3149 933 Tantalus,
3212 874 3388 937 atque
3427 865 3487 919 in
3515 864 3740 920 inferno

2100 959 2382 1010 internum
2416 955 2674 1027 puniar?
2724 956 2949 1011 Rursus
2998 960 3195 1011 autem
3240 954 3620 1025 excipiebam,
3652 954 3741 1008 di-

2102 1061 2275 1100 cens:
2312 1044 2370 1099 in
2394 1060 2453 1099 re
2476 1061 2605 1116 qua:
2629 1045 2849 1100 incerta
2871 1047 2981 1111 est,
3004 1044 3190 1099 tutius
3215 1041 3398 1097 multo
3424 1046 3515 1097 est
3536 1058 3627 1097 me
3649 1040 3744 1113 pie

2101 1133 2309 1201 vivere,
2370 1137 2426 1188 et
2480 1132 2811 1204 voluptates
2870 1131 3127 1204 corporis
3180 1132 3430 1200 vincere,
3479 1129 3748 1201 quamvis

2104 1222 2371 1279 absolute
2400 1226 2459 1277 et
2517 1226 2672 1277 certo
2731 1220 3015 1295 pleneque
3064 1237 3177 1277 non
3238 1220 3419 1277 sciam
3464 1220 3745 1291 quidnam

2095 1312 2330 1383 justum
2361 1310 2437 1365 sit
2466 1326 2532 1367 ac
2560 1310 2677 1366 Deo
2724 1315 2979 1383 gratum,
3014 1327 3118 1367 nec
3166 1313 3363 1365 utrum
3393 1307 3744 1364 immortalis

2105 1399 2183 1456 sit
2211 1398 2428 1466 anima,
2458 1416 2531 1454 an
2566 1398 2853 1455 mortalis.

2174 1488 2242 1543 V.
2277 1488 2377 1543 His
2409 1488 2605 1560 itaque
2634 1488 3086 1560 cogitationibus
3108 1488 3370 1544 animum
3399 1501 3596 1542 meum
3627 1501 3747 1541 ver-

2106 1578 2413 1634 santibus:
2452 1578 2513 1632 In
2543 1578 2851 1651 Egyptum
2887 1578 3241 1650 proficiscar,
3289 1576 3429 1642 dixi,
3461 1579 3518 1630 et
3544 1575 3742 1646 adyto-

2108 1684 2238 1723 rum
2290 1667 2714 1739 hierOphantis,
2767 1682 2832 1722 ac
2882 1666 3183 1739 prophetis
3236 1665 3462 1721 amicus
3508 1663 3745 1729 efﬁciar,

2030 1790 2077 1855 B
2111 1772 2401 1829 magoque
2432 1755 2678 1828 quissito
2718 1772 2783 1811 ac
2805 1756 3056 1823 invento,
3083 1754 3269 1811 multa
3292 1754 3537 1827 pecunia
3552 1752 3602 1808 ei
3626 1769 3748 1825 per-

2107 1846 2390 1911 suadebo,
2424 1850 2487 1900 ut
2518 1845 2725 1901 animae
2757 1845 3172 1913 evocationem,
3206 1861 3381 1915 quam
3412 1858 3750 1899 necroman-

2104 1935 2245 1991 tiam
2285 1939 2509 2003 vocant,
2544 1934 2737 2001 faciat,
2787 1938 3070 2005 tanquam
3118 1933 3385 1989 videlicet
3415 1933 3486 1988 de
3517 1930 3745 2002 negotio

2106 2022 2302 2094 aliquo
2334 2023 2656 2094 percontari
2692 2021 2859 2078 velim
2888 2040 2899 2078 :
2936 2038 3104 2093 porro
3135 2021 3243 2077 erit
3270 2019 3647 2093 percontatio,
3680 2021 3745 2073 ut

2105 2112 2325 2167 discam
2355 2116 2554 2165 utrum
2579 2112 2773 2166 anima
2794 2112 2870 2167 sit
2891 2110 3260 2167 immortalis.
3283 2111 3340 2165 Id
3365 2114 3562 2164 autem
3585 2124 3743 2180 pror-

2105 2218 2208 2256 sus
2240 2216 2609 2273 cognoscam,
2638 2217 2753 2256 non
2776 2217 2845 2256 ex
2865 2217 2931 2255 eo
2958 2201 3109 2272 quod
3135 2198 3510 2271 respondebit
3540 2214 3601 2253 se
3617 2211 3744 2252 esse

2104 2288 2522 2357 immortalem,
2544 2289 2645 2344 sed
2669 2306 2737 2345 ex
2766 2307 2831 2345 eo
2854 2289 3300 2360 duntaxatquod
3325 2286 3485 2342 illam
3503 2286 3746 2342 existere

2103 2379 2347 2434 videbo:
2384 2394 2519 2433 nam
2581 2378 2766 2434 oculis
2798 2379 2945 2435 meis
2976 2395 3219 2435 cernens
3267 2393 3417 2441 eam,
3449 2375 3590 2430 satis
3621 2392 3747 2430 ma-

2106 2484 2281 2541 gnam
2313 2468 2539 2523 habebo
2588 2468 3021 2536 certitudinem,
3078 2484 3183 2523 nec
3231 2467 3358 2537 jam
3405 2465 3536 2537 plus
3567 2464 3745 2520 ﬁdam

2105 2557 2369 2627 auribus,
2385 2574 2562 2629 quam
2583 2556 2787 2613 oculis.
2808 2558 3221 2611 Verumtamen
3241 2572 3373 2611 cum
3401 2553 3746 2626 philosopho

2106 2646 2360 2718 quodam
2392 2662 2461 2701 ex
2501 2646 2889 2701 familiaribus
2946 2646 3093 2700 meis
3124 2645 3233 2699 hoc
3290 2660 3523 2716 quoque
3554 2643 3745 2698 consi-

2107 2735 2252 2790 lium
2285 2734 2746 2790 communicavi:
2781 2735 2831 2789 is
2860 2751 2994 2791 vero
3028 2733 3254 2789 monuit
3284 2749 3397 2797 me,
3431 2748 3547 2786 non
3577 2746 3748 2803 expe-

2106 2824 2227 2879 dire
2260 2828 2323 2877 ut
2354 2823 2409 2877 id
2442 2824 2738 2891 auderem,
2772 2824 2919 2878 duas
2963 2824 3034 2878 ob
3078 2838 3307 2878 causas.
3340 2821 3396 2876 Si
3432 2820 3609 2889 enim,
3653 2819 3748 2873 in-

2108 2910 2255 2983 quit,
2286 2910 2457 2983 plane
2488 2927 2657 2981 mago
2691 2928 2805 2966 non
2836 2911 3117 2966 obedierit
3146 2910 3361 2976 anima,
3394 2914 3457 2964 tu
3492 2922 3746 2980 quoque,

2108 3005 2174 3056 ut
2199 3004 2329 3071 pote
2351 3000 2448 3071 qui
2474 2999 2703 3073 legibus
2726 3000 2845 3055 haec
2867 3016 3034 3072 agere
3058 3000 3385 3055 vetantibus
3407 2999 3749 3054 adversatus

2110 3089 2309 3157 fueris,
2344 3090 2496 3145 male
2544 3090 2648 3144 tibi
2699 3089 2971 3145 conscius
3028 3089 3221 3157 vives;
3275 3089 3363 3144 sin
3421 3092 3615 3143 autem
3648 3103 3749 3157 pa-

343 3183 447 3245 τῆς
499 3171 767 3239 εὐσεϐείας
826 3172 1019 3249 μηκέτι
1067 3198 1149 3231 σοι
1198 3182 1537 3252 προχωρεῖν,
1586 3178 1648 3232 οὗ
1703 3175 1877 3233 ἕνεκεν
1931 3178 1994 3233 τὰ

2110 3179 2311 3247 ruerit,
2347 3184 2731 3250 praeterquam
2763 3179 2919 3250 quod
2953 3179 3106 3234 vives
3139 3178 3287 3233 male
3322 3175 3428 3232 tibi
3459 3176 3749 3240 conscius,

349 3270 566 3320 τοιαῦτα
620 3264 877 3338 ἐτόλμας.
911 3266 1246 3342 Ἐχθραίνειν
1298 3266 1401 3342 γὰρ
1444 3266 1505 3321 τὸ
1552 3268 1692 3322 θεῖον
1742 3267 1992 3342 λέγουσιν

342 3352 434 3408 ἐπὶ
463 3360 576 3416 τοῖς
610 3353 905 3409 σκύλλουσι
940 3356 1038 3417 τὰς
1069 3355 1252 3430 ψυχὰς
1285 3355 1419 3427 μετᾶ
1446 3356 1544 3423 τήν
1586 3355 1691 3410 ἀπὸ
1737 3361 1834 3411 τοῦ
1886 3357 1993 3412 σώ-

345 3464 515 3516 ματος
574 3443 787 3498 ἐκείνων
851 3441 1119 3501 διάλυσιν,
1172 3445 1317 3519 Ἐγὼ
1391 3441 1448 3499 δὲ
1510 3449 1675 3500 ταῦτα
1741 3445 1995 3514 ἀκούσας,

342 3533 705 3609 ὀκνηρότερος
751 3534 845 3606 μὲν
899 3532 986 3588 ἐπὶ
1037 3534 1100 3588 τὸ
1160 3531 1470 3609 ἐγχείρημα
1519 3532 1801 3608 ἐγενόμην·
1852 3534 1999 3591 ἀλλᾶ

342 3630 446 3690 τῆς
478 3623 744 3698 προτέρας
778 3622 981 3684 ἐννοίας
1040 3621 1250 3692 ἐκείνης
1307 3624 1639 3677 παντάπασιν
1700 3624 1999 3693 ἀποστῆναι

347 3711 447 3765 οὐκ
476 3708 783 3785 ἠδυνάμην.

423 3892 523 3946 VI.
556 3889 653 3944 Καὶ
683 3886 774 3944 ἵνα
808 3890 883 3962 μή
910 3910 995 3943 σοι
1024 3888 1093 3943 τὰ
1120 3894 1345 3944 τοιαῦτα
1380 3890 1582 3963 μακρὸν
1612 3889 1874 3946 ἆποτείνω
1905 3890 1999 3947 λό-

347 4000 469 4051 γον,
523 3978 573 4032 ἐν
630 3977 911 4039 τοσούτοις
973 3975 1264 4053 λογισμοῖς
1323 3978 1410 4033 καὶ
1476 3979 1783 4055 πράγμασιν
1846 3976 2000 4044 ὄντος

351 4090 477 4141 μου,
524 4070 683 4145 φήμη
733 4088 818 4128 τις
885 4066 1086 4140 ἠρέμα,
1137 4062 1386 4143 Τιϐερίου
1437 4068 1704 4144 Καίσαρος
1760 4070 1828 4124 τὰ
1868 4071 2000 4125 Ῥω-

349 4156 518 4229 μαϊκὰ
574 4154 855 4217 διέποντος
918 4163 1185 4231 σκῆπτρα,
1243 4152 1400 4230 ἔαρος
1475 4154 1583 4227 ἤδη
1664 4157 1999 4234 ἀρχομένου,

343 4242 567 4317 ηὔξανεν
618 4244 812 4299 ὁπόσαι
851 4245 1075 4320 ἡμέραι,
1117 4245 1205 4299 καὶ
1256 4246 1330 4307 ὡς
1379 4242 1600 4316 ἀληθῶς
1641 4246 1813 4323 ἀγαθή
1864 4253 1998 4304 Θεοῦ

347 4331 577 4409 ἅγγελος
610 4331 751 4406 διῄει
780 4335 869 4388 τὸν
902 4333 1132 4405 κόσμον,
1163 4334 1225 4388 τὸ
1253 4337 1351 4388 τοῦ
1379 4339 1511 4389 Θεοῦ
1545 4339 1673 4411 σιγῇ
1739 4335 2000 4411 βούλημα

346 4422 553 4496 στέγειν
586 4421 647 4477 ού
680 4420 971 4495 δυναμένη’
1011 4419 1223 4495 μᾶλλον
1269 4420 1325 4477 δὲ
1372 4422 1461 4477 καὶ
1509 4421 1715 4479 πλείων
1773 4426 1999 4496 ἑκάστης

2106 3266 2284 3321 etiam
2342 3285 2466 3338 quae
2498 3268 2568 3323 ad
2623 3269 2784 3339 pium
2816 3268 3036 3323 cultum
3096 3268 3388 3340 pertinent
3429 3267 3621 3337 (cujus
3665 3264 3745 3319 rei

2104 3356 2292 3428 gratia
2320 3356 2460 3411 talia
2489 3373 2804 3429 aggressus
2859 3358 3082 3423 fueris),
3141 3372 3254 3411 non
3294 3357 3418 3424 jam
3458 3355 3565 3409 tibi
3600 3354 3745 3408 bene

2106 3461 2346 3501 cessura
2373 3445 2657 3503 existimo.
2690 3445 3057 3501 Divinitatem
3088 3445 3243 3500 enim
3273 3443 3441 3499 aiunt
3470 3444 3743 3497 infestam

2107 3551 2236 3590 esse
2266 3534 2359 3605 iis,
2394 3535 2493 3606 qui
2525 3535 2774 3601 animas,
2831 3539 3137 3607 postquam
3170 3552 3201 3589 a
3250 3532 3590 3603 corporibus
3621 3529 3745 3586 suis

2108 3622 2408 3679 dissoluta;
2430 3629 2588 3691 sunt,
2616 3628 2843 3679 vexant.
2866 3624 2981 3695 Ego
3003 3639 3134 3678 vero
3158 3622 3247 3677 his
3268 3620 3505 3687 auditis,
3522 3618 3753 3690 segnior

2109 3712 2347 3784 quidem
2382 3713 2451 3767 ad
2486 3714 2849 3785 propositum
2896 3714 3084 3767 factus
3131 3728 3284 3779 sum,
3319 3712 3418 3765 sed
3452 3709 3553 3762 illa
3583 3724 3754 3780 supe-

2111 3804 2263 3858 riore
2296 3802 2647 3875 cogitatione
2678 3803 2916 3858 omnino
2948 3819 3059 3856 non
3094 3806 3352 3873 poteram
3386 3797 3687 3854 absistere.

2183 3892 2278 3946 Vl.
2310 3893 2391 3947 Ac
2422 3909 2493 3947 ne
2526 3892 2596 3947 de
2631 3890 2722 3946 bis
2753 3891 2856 3947 tibi
2891 3890 3129 3963 longum
3163 3904 3495 3945 sermonem
3529 3886 3756 3955 faciam,

2111 3996 2243 4036 cum
2278 3981 2335 4035 in
2371 3978 2589 4036 talibus
2636 3979 3199 4036 considerationibus
3238 3996 3305 4034 ac
3356 3975 3601 4048 negotiis
3629 3992 3754 4031 ver-

2112 4087 2292 4135 sarer,
2326 4070 2553 4126 Tiberio
2603 4070 2827 4125 Caesare
2873 4070 3134 4125 Romana
3190 4070 3419 4139 sceptra
3448 4069 3754 4132 tractante,

2112 4164 2244 4231 post
2273 4158 2506 4214 initium
2554 4159 2726 4223 veris,
2777 4159 2932 4214 fama
2982 4159 3247 4230 quaedam
3298 4156 3516 4211 sensim
3547 4154 3755 4210 diebus

2114 4247 2363 4321 singulis
2395 4248 2743 4320 percrebuit,
2792 4252 2849 4303 et
2898 4264 3094 4303 revera
3144 4248 3333 4302 bonus
3379 4244 3479 4300 Dei
3512 4244 3754 4298 nuntius

2114 4338 2402 4393 mundum
2436 4338 2711 4407 pervasit,
2746 4336 2845 4393 Dei
2894 4336 3252 4392 voluntatem
3302 4334 3535 4391 silentio
3565 4338 3757 4405 tegere

2113 4443 2229 4482 non
2260 4426 2494 4481 valens:
2531 4425 2630 4481 sed
2662 4429 2718 4480 et
2774 4442 2877 4497 per
2925 4425 3189 4497 singulos
3246 4425 3370 4479 dies
3423 4421 3673 4496 amplior
3701 4425 3759 4477 et

290 4532 298 4541 ’
345 4513 557 4586 ἡμέρας
616 4511 705 4565 καὶ
767 4511 964 4584 μείζων
1024 4510 1249 4585 ἐγίνετο,
1308 4510 1544 4586 λέγουσα
1600 4512 1673 4574 ὥς
1730 4512 1812 4575 τίς
1870 4535 1994 4570 ποτε

2110 4516 2299 4586 major
2327 4515 2521 4581 fiebat,
2547 4513 2631 4569 sic
2654 4514 2911 4570 referens
2938 4530 2951 4570 :
2976 4514 3223 4578 Quidam
3246 4513 3305 4568 in
3326 4513 3548 4579 Judaaa,
3581 4511 3748 4565 initio

348 4600 399 4655 ἐν
441 4598 679 4672 Ἰουδαίᾳ
734 4600 785 4670 ἐξ
845 4598 1062 4675 ἐαρινῆς
1121 4606 1329 4673 τροπῆς
1388 4595 1572 4655 λαϐὼν
1631 4601 1731 4670 τήν
1791 4601 1993 4679 ἀρχὴν,

346 4688 606 4745 ’ἰούδαίαν
640 4692 684 4725 ¹⁶
710 4690 808 4758 τήν
838 4692 934 4743 τοῦ
964 4687 1145 4743 ἀϊδίου
1191 4693 1324 4743 Θεοῦ
1384 4687 1787 4766 εὐαγγελίζεται
1852 4692 1999 4767 βασι-

349 4776 517 4849 λείαν,
550 4781 615 4847 ἧς
647 4776 939 4833 ἀπολαύειν
994 4775 1186 4851 μέλλει
1220 4780 1285 4845 η,
1320 4776 1406 4832 ἐάν
1450 4799 1534 4839 τις
1582 4778 1727 4850 αὐτῷ
1772 4778 1995 4852 ἀρίστην

348 4865 435 4921 διὰ
466 4870 678 4922 πάντων
712 4864 1043 4939 ἐπιδείξηται
1074 4864 1376 4922 πολιτείαν·
1417 4871 1515 4922 τοῦ
1546 4865 1603 4923 δὲ
1659 4868 1995 4923 πιστεύεσθαι

346 4956 503 5011 αὐτὸν
565 4956 747 5033 χάριν,
806 4954 888 5010 ὅτι
949 4954 1205 5027 θεότητος
1259 4958 1441 5032 γέμων
1513 4961 1679 5012 ταῦτα
1734 4955 1995 5031 διδάσκει,

342 5046 529 5102 πολλᾶ
584 5046 877 5118 θαυμάσια,
926 5044 1121 5116 τέρατά
1170 5065 1229 5099 τε
1281 5045 1371 5099 καὶ
1439 5050 1641 5117 σημεῖα
1698 5046 1995 5122 ἐργάζεται,

343 5134 545 5210 ῥήματι
600 5134 753 5207 μόνῳ
790 5132 1007 5211 κωφοὺς
1064 5133 1278 5187 ἀκούειν
1336 5138 1530 5206 ποιῶν,
1572 5134 1814 5213 τυφλοὺς
1872 5136 1997 5190 ἀνα-

340 5218 582 5297 ϐλέπειν,
629 5222 854 5300 χωλοὺς
899 5227 1233 5296 περιπατεῖν,
1277 5223 1367 5277 καὶ
1414 5229 1585 5279 πᾶσαν
1644 5223 1800 5279 νόσον
1866 5224 1997 5281 ἀπε-

2106 4608 2344 4676 sumpto
2374 4621 2408 4658 a
2437 4619 2611 4658 verno
2644 4607 2923 4675 tempore,
2956 4602 3155 4658 interni
3199 4602 3293 4658 Dei
3325 4617 3565 4673 regnum
3600 4598 3747 4653 inibi

2107 4693 2402 4766 praedicat,
2435 4691 2589 4763 quod
2640 4696 3017 4763 percepturus
3049 4690 3145 4759 sit,
3204 4693 3302 4761 qui
3333 4688 3612 4761 optimam
3645 4702 3749 4758 per

2106 4781 2305 4838 omnia
2332 4782 2512 4835 vitam
2568 4779 2677 4852 ipsi
2712 4779 3040 4835 exhibebit:
3100 4783 3165 4834 ut
3213 4783 3406 4835 autem
3452 4777 3743 4841 credatur,

2106 4889 2241 4928 eum
2274 4870 2596 4926 divinitatis
2628 4868 2864 4940 plenum
2897 4870 3101 4924 docere
3132 4869 3263 4936 ista,
3290 4870 3331 4903 ¹⁷
3364 4866 3547 4922 multa
3580 4865 3747 4920 mira-

2106 4961 2267 5029 bilia,
2302 4960 2568 5032 prodigia
2596 4964 2655 5015 et
2686 4959 2857 5030 signa
2886 4959 3025 5028 edit,
3058 4958 3180 5015 solo
3211 4958 3383 5012 verbo
3418 4957 3634 5012 faciens
3655 4970 3752 5009 au-

2107 5050 2233 5106 dire
2262 5050 2493 5119 surdos,
2546 5064 2727 5104 caecos
2775 5048 2989 5114 videre,
3041 5047 3281 5103 claudos
3320 5045 3659 5111 ambulare;
3692 5047 3750 5098 et

2106 5155 2337 5196 omnem
2387 5137 2653 5193 morbum
2702 5136 2958 5208 depellit,
3019 5151 3370 5206 omnemque
3428 5135 3745 5188 daamonem

2106 5229 2306 5301 fugat:
2342 5226 2666 5299 quinetiam
2694 5224 2909 5298 leprosi
2940 5224 3171 5281 eminus
3191 5228 3419 5279 tantum
3454 5221 3746 5276 intuentes

1689 5393 1934 5452 VARIIE
1972 5395 2280 5454 LECTION
2285 5396 2388 5453 ES.

419 5547 465 5583 ¹²
627 5543 1033 5620 νεκυομαντίαν.

347 5634 403 5692 v,
435 5635 485 5677 ο.
518 5618 606 5678 10.

1114 5545 1160 5583 ¹⁸
1212 5544 1289 5603 ιι.
1351 5541 1519 5613 αὐτὴν
1578 5540 1662 5599 ὅτι
1740 5547 1786 5584 ¹⁴
1841 5545 1920 5604 al.
1973 5544 2120 5602 ἔσται
2198 5547 2242 5585 ¹⁶
2297 5546 2371 5604 al.

2432 5541 2717 5607 Ἰουδαίοις
2796 5545 2839 5585 ¹⁸
2890 5544 2966 5603 al.
3027 5541 3191 5619 λιγιι.
3272 5543 3316 5581 ⁸⁷
3371 5541 3412 5599 l.
3443 5542 3669 5614 Recogn.
3700 5539 3741 5596 l.
