4082 6208
297 276 413 337 4'71
876 352 879 363 λ
1126 276 1193 338 S.
1236 275 1678 339 GLEMENTIS
1724 277 1751 337 Ι
1795 273 1987 340 ROM.
2033 278 2264 340 PONT.
2311 279 2572 342 OPERA
2614 279 2882 342 DUBIA.
3589 275 3717 336 £72

300 406 496 465 animo
531 404 921 478 percepissem
954 404 1389 477 cogitationem,
1422 425 1549 481 quae
1573 408 1768 465 nescio
1793 410 1947 465 unde

2073 405 2180 464 >ἷδα
2211 407 2370 472 πόθεν
2405 407 2788 473 ἐπεισελθόντα
2822 429 2937 482 μοι,
2968 405 3056 463 καὶ
3087 404 3214 483 περί
3244 406 3476 460 θανάτου
3508 405 3714 475 πυκνάς

301 497 361 551 in
394 510 487 550 me
519 497 854 566 irrepserat,
888 495 1239 567 crebrasque
1272 496 1415 552 mihi
1463 499 1533 553 de
1579 503 1765 554 morte
1795 515 1954 554 com-

304 583 691 641 mentationes
721 583 1004 654 pariebat,
1028 600 1158 639 cum
1176 584 1475 641 laboribus
1493 591 1549 643 et
1565 588 1957 643 anxietatibus

301 674 586 728 vivebam.
666 672 1029 744 Reputabam
1100 677 1257 729 enim
1318 692 1484 746 num,
1544 693 1676 732 cum
1724 682 1954 734 mortue

306 762 493 828 fuero,
527 778 643 817 non
675 778 796 827 ero,
852 761 1171 834 nullusque
1201 764 1313 819 erit
1369 781 1630 835 unquam
1683 766 1783 836 qui
1839 765 1953 822 mei

304 850 659 906 mentionem
692 852 887 918 faciat,
922 856 1185 923 tempore
1217 852 1494 908 nimirum
1541 858 1755 909 cuncta
1808 855 1950 909 obli-

300 938 456 995 vioni
487 939 795 995 tradente?
823 943 964 995 Cum
997 944 1195 995 autem
1214 958 1328 996 non
1359 942 1541 1009 fuero,
1569 959 1641 997 an
1667 943 1951 1014 quodam-

302 1030 475 1085 modo
509 1029 744 1085 futurus
775 1045 928 1096 sum,
962 1046 1060 1084 eos
1086 1030 1187 1101 qui
1220 1047 1333 1086 non
1367 1035 1506 1086 sunt
1545 1047 1902 1103 cognoscens
1936 1050 1949 1101 ;

303 1134 407 1173 nec
433 1134 813 1189 cognoscens,
844 1134 949 1173 nec
980 1117 1284 1190 cognitus;
1318 1119 1538 1191 quique
1570 1137 1685 1175 non
1719 1119 1950 1190 fuerim,

304 1222 421 1261 non
454 1205 565 1260 sim
596 1205 624 1260 ?
670 1209 726 1261 et
768 1205 1158 1276 aliquandone
1188 1207 1376 1263 factus
1434 1208 1512 1264 sit
1566 1208 1864 1277 mundus;
1896 1211 1953 1264 et

304 1298 436 1351 ante
468 1310 645 1365 quam
678 1295 861 1365 ﬁeret,
895 1295 1176 1366 quidnam
1227 1296 1397 1352 erat?
1421 1301 1570 1352 Nam
1617 1298 1667 1353 si
1720 1314 1953 1370 semper

2065 497 2390 571 ποιούμενον
2462 499 2815 571 ὑπομνήσεις,
2860 497 3047 559 πόνοις
3098 497 3160 551 τὸ
3210 495 3403 550 λοιπὸν
3449 494 3539 549 καὶ
3579 494 3714 557 ἀθυ-

2067 585 2215 657 μίαις
2249 586 2500 655 συνέζων.
2534 588 2672 663 Ἀρα
2716 587 2839 661 γάρ,
2874 585 3229 661 ἐλογιζόμην,
3264 584 3344 638 ὅτι
3394 583 3567 638 θανὼν
3616 582 3714 636 οὐκ

2065 674 2200 746 εἷ’μί,
2231 676 2319 729 καὶ
2352 674 2529 737 οὐδεὶς
2560 674 2704 731 ἔσται
2760 697 2863 747 μου
2913 674 3045 729 ποτε
3098 676 3318 747 μνήμην
3365 671 3709 743 ποιούμενος,

2059 768 2157 817 τοῦ
2188 764 2392 840 χρόνου
2424 765 2596 819 πάντα
2623 768 2691 837 τῇ
2727 762 2871 837 λήθῃ
2901 759 3295 838 παραδιδόντος
3321 780 3334 829 ;
3369 761 3471 834 ἇρα
3523 758 3581 814 δὲ
3634 761 3710 832 μὴ

2063 850 2292 925 ὢν,πῶς
2324 850 2515 927 ἔσομαι
2548 856 2619 896 1-⁸
2642 852 2767 914 τοὺς
2799 852 2899 907 οὐκ
2923 848 3078 913 ὄντας
3111 848 3371 921 εἷ’δὼς,ού
3402 850 3710 925 γινώσκων,

2062 940 2124 996 οὐ
2154 942 2577 1017 γινωσκόμενος,
2612 939 2672 996 οὐ
2704 941 2965 1016 γεγονὼς,
2998 939 3060 994 οὐ
3108 938 3392 1014 γινόμενος
3418 958 3431 1007 ;
3463 938 3561 992 Καὶ
3612 937 3715 1013 ἆρά

2060 1050 2192 1084 ποτε
2221 1033 2241 1066 ’⁷
2268 1030 2482 1106 γέγονεν
2517 1031 2545 1086 ὁ
2576 1029 2805 1103 κόσμος,
2835 1029 2925 1083 καὶ
2957 1029 3063 1105 πρὸ
3117 1033 3215 1082 τοῦ
3255 1026 3498 1104 γενέσθαι
3526 1027 3579 1081 τί
3614 1028 3715 1102 ἄρα

2059 1119 2149 1173 καὶ
2196 1119 2299 1189 ἧν;
2346 1119 2409 1174 Εἰ
2458 1120 2558 1196 γὰρ
2610 1119 2676 1189 ἦν
2722 1117 2827 1191 ἀεὶ,
2860 1119 2950 1174 καὶ
2997 1116 3160 1173 ἔσται·
3196 1116 3245 1172 εἷ
3293 1114 3351 1172 δὲ
3385 1118 3595 1193 γέγονε,
3625 1115 3715 1171 καὶ

2062 1205 2351 1279 λυθήσεται
2383 1209 2618 1271 πάντως·
2653 1208 2743 1263 καὶ
2778 1208 2912 1281 μετὰ
2944 1205 3096 1265 λύσιν
3130 1206 3232 1283 ἆρα
3262 1206 3313 1260 τί
3345 1200 3493 1261 ἔσται
3522 1204 3709 1273 πάλιν;

2061 1296 2091 1351 ’ὀ
2122 1300 2214 1351 νῦν
2247 1295 2505 1353 ἀδύνατόν
2541 1318 2632 1371 μοι
2659 1298 2870 1366 νοῆσαι.

306 1382 434 1451 fuit,
485 1399 716 1455 semper
770 1384 946 1439 etiam
994 1385 1143 1441 erit:
1201 1385 1293 1441 sin
1346 1402 1479 1443 vero
1528 1390 1723 1443 ortum
1777 1387 1971 1453 habet,
2029 1388 2270 1443 omnino
2304 1387 2479 1444 etiam
2532 1387 2923 1455 dissolvetur;
2977 1389 3034 1442 et
3080 1389 3213 1459 post
3269 1383 3719 1443 dissolutionem

310 1472 592 1544 quidnam
626 1472 734 1528 erit
763 1472 975 1529 iterum
995 1474 1023 1530 ‘I
1053 1475 1207 1546 quod
1241 1491 1397 1531 nunc
1429 1474 1794 1548 impossibile
1816 1475 1962 1531 mihi
1994 1479 2083 1531 est
2112 1481 2306 1532 mente
2336 1476 2660 1549 concipere.

385 1578 454 1633 ΙΙ.
488 1579 619 1634 Haec
644 1583 818 1651 atque
872 1579 964 1636 his
1004 1580 1241 1650 similia,
1274 1582 1469 1637 nescio
1502 1584 1680 1651 unde,
1740 1582 1955 1638 indesi-
1986 1586 2033 1650 Β

314 1671 519 1723 uenter
549 1668 745 1723 animo
777 1667 1067 1735 volutans,
1102 1675 1377 1742 perpetuo
1427 1687 1659 1744 semper
1715 1687 1959 1728 maerore

315 1755 629 1824 afﬁciebar,
662 1757 723 1811 in
762 1762 993 1812 tantum
1034 1763 1099 1812 ut
1128 1758 1405 1830 pallorem
1438 1776 1505 1815 ac
1555 1760 1954 1817 tabescerem:

313 1848 371 1902 et
400 1847 554 1916 quod
581 1846 995 1917 gravissimum
1021 1852 1164 1913 erat,
1183 1847 1231 1903 si
1264 1849 1499 1919 quando
1519 1848 1729 1904 harum
1763 1866 1957 1904 rerum

314 1933 764 1991 sollicitudinem
788 1936 1037 2006 abjicere
1066 1942 1347 2008 tanquam
1379 1954 1588 1993 vanam
1620 1939 1956 2011 cogitarem,

309 2023 713 2080 vehementius
751 2025 933 2080 multo
967 2042 1058 2080 me
1092 2027 1393 2098 premebat
1423 2026 1702 2083 ail‘ectus:
1735 2032 1792 2082 et
1829 2044 1958 2083 eam

308 2129 432 2168 rem
467 2112 709 2169 moleste
736 2113 1013 2179 ferebam,
1051 2115 1316 2171 nesciens
1363 2117 1515 2188 quod
1567 2117 1960 2172 contuberna-

308 2201 422 2259 lem
454 2201 728 2258 haberem
757 2202 1095 2275 praeclaram
1119 2205 1555 2275 cogitationem,
1578 2222 1703 2275 quze
1726 2205 1961 2261 immor-

306 2291 552 2347 talitatis
583 2291 726 2346 mibi
759 2309 937 2348 causa
969 2293 1213 2361 exstitit,
1266 2298 1331 2348 ut
1389 2297 1591 2366 postea
1643 2310 1713 2349 ex
1765 2309 1960 2349 rerum

311 2380 465 2435 exitu
499 2380 729 2451 agnovi,
761 2384 817 2435 et
866 2385 980 2436 Deo
1034 2386 1379 2437 cunctornm
1428 2382 1683 2437 eﬂ‘ectori
1744 2382 1962 2453 gratias

313 2469 425 2540 egi.
460 2468 604 2524 Cum
632 2469 784 2524 enim
821 2470 891 2524 ab
925 2469 1092 2526 initio
1125 2487 1217 2525 me
1250 2470 1349 2526 illa
1397 2470 1669 2543 cogitatio
1710 2476 1960 2540 vexaret,

317 2558 389 2614 ad
423 2573 616 2612 rerum
673 2557 1117 2629 inquisitionem
1156 2560 1353 2615 venire
1410 2564 1646 2616 coactus
1702 2576 1834 2616 sum
1870 2565 1966 2617 :et

319 2663 464 2718 quos
486 2646 769 2719 principio
792 2663 893 2717 per
917 2647 1307 2720 ignorantiam
1332 2649 1531 2704 beatos
1555 2650 1961 2721 praedicabam,

319 2740 522 2808 postea
549 2734 725 2791 veluti
756 2735 1001 2792 miseros
1033 2754 1147 2793 non
1180 2737 1400 2793 cessavi
1427 2736 1644 2811 lugere.

392 2842 490 2898 III.
526 2842 709 2914 Igitur
755 2859 947 2899 cuma
1004 2860 1181 2915 puero
1213 2844 1271 2899 in
1323 2844 1662 2915 hujusmodi
1706 2859 1968 2901 versarer

2135 1587 2201 1638 ΙΙ.
2232 1581 2405 1637 Ταῦτά
2433 1603 2491 1637 τε
2519 1585 2607 1637 καί
2636 1582 2703 1637 τὰ
2732 1579 2945 1643 τούτοις
2978 1578 3165 1652 ὅμοια,
3197 1579 3297 1635 οὐκ
3345 1576 3467 1634 οἶδα
3524 1578 3719 1649 πόθεν,

2069 1668 2357 1732 ἀπαύστως
2413 1667 2896 1743 διενθυμούμενος,
2945 1667 3213 1724 ἄπαυστον
3264 1668 3410 1744 εἶχον
3471 1667 3551 1722 ἀεὶ
3616 1668 3721 1736 τὴν

2067 1755 2268 1829 λύπην,
2326 1760 2415 1813 καὶ
2465 1764 2746 1831 τοσοῦτον,
2807 1759 2881 1820 ὡς
2929 1757 3244 1834 ὠχριακότα
3308 1778 3373 1830 με
3436 1760 3719 1827 τήκεσθαγ

2065 1846 2155 1902 καὶ
2202 1848 2264 1902 τὸ
2309 1843 2638 1919 δεινότατον,
2690 1845 2874 1903 εἷίποτε
2921 1847 3009 1901 καὶ
3062 1847 3374 1901 ἀπώσασθαι
3429 1848 3529 1915 τήν
3592 1844 3723 1919 περὶ

2064 1934 2272 1991 τούτων
2327 1934 2605 2015 φροντίδα,
2639 1936 2713 1999 ὡς
2778 1934 3032 2009 ματαίαν,
3079 1933 3433 2011 ἐλογισάμην,
3488 1934 3722 2007 ἀκμαιό-

2065 2023 2219 2098 τερόν
2267 2045 2358 2097 μοι
2394 2023 2606 2098 μᾶλλον
2636 2024 2699 2078 τὸ
2727 2023 2897 2086 πάθος
2926 2021 3154 2097 ἐγίνετο·
3187 2022 3277 2076 καὶ
3323 2021 3584 2095 ἠχθόμην
3632 2020 3723 2075 ἐπὶ

2065 2111 2266 2185 τούτῳ,
2298 2113 2398 2168 οὐκ
2428 2111 2587 2175 εἰδὼς
2618 2110 2863 2167 σύνοικον
2906 2109 3080 2180 καλὴν
3130 2106 3272 2187 ἔχων
3328 2106 3559 2179 ἔννοιαν,
3592 2111 3725 2164 ἀθα-

2068 2201 2248 2263 νασίας
2289 2200 2462 2257 αἰτίαν
2517 2222 2609 2273 μοι
2656 2199 2974 2277 γενομένην,
3007 2199 3082 2262 ὡς
3131 2198 3347 2272 ὕστερον
3399 2194 3567 2273 ἔγνων
3616 2197 3729 2251 ἀπὸ

2066 2294 2164 2344 τοῦ
2192 2288 2408 2362 τὲλους,
2439 2290 2529 2345 καὶ
2558 2287 2675 2362 Θεῷ
2705 2293 2783 2361 τῷ
2812 2290 3028 2343 πάντων
3058 2286 3442 2363 ηὐχαρίστησα
3488 2290 3722 2359 ποιητῇ.

2066 2380 2197 2433 Ὑπὸ
2224 2380 2328 2455 γὰρ
2360 2385 2459 2448 τῆς
2489 2380 2766 2455 καταρχάς
2829 2398 2896 2451 με
2946 2375 3240 2446 πιεζούσης
3306 2375 3529 2447 ἐννοίας,
3564 2375 3733 2450 ἠναγ-

2068 2465 2268 2536 κάσθην
2322 2466 2399 2530 εἰς
2444 2467 2543 2536 τὴν
2591 2471 2696 2520 τῶν
2747 2466 3080 2542 πραγμάτων
3127 2463 3304 2529 ἐλθεῖν
3357 2465 3602 2535 ζήτησινο
3633 2462 3728 2517 καὶ

2071 2556 2165 2617 οὓς
2219 2557 2318 2625 τήν
2362 2555 2540 2632 ἀρχὴν
2592 2553 2660 2610 δι’
2717 2556 2937 2630 ἄγνοιαν
2994 2554 3307 2631 μακαρίζειν
3359 2551 3725 2620 ἐκινδύνευον,

2072 2643 2289 2720 ὕστερον
2315 2644 2621 2715 ταλανίζειν
2655 2644 2753 2700 οὐκ
2785 2643 3126 2717 ἐπαυσάμην.

2146 2846 2238 2896 III.
2273 2841 2365 2895 Ἐκ
2394 2839 2588 2903 παιδὸς
2618 2838 2708 2895 οῦν
2752 2840 2804 2895 ἐν
2848 2838 3120 2901 τοιούτοις
3173 2834 3246 2893 ὢν
3295 2835 3608 2913 λογισμοῖς,
3641 2835 3728 2898 εἷς

318 2931 909 2999 considerationibus,
943 2933 1013 2989 ad
1059 2932 1543 3004 philosophorum
1575 2934 1957 2991 adventabam

2073 2929 2165 2991 τὰς
2195 2933 2300 2985 τῶν
2351 2928 2664 3007 φιλοσόφων
2717 2929 2943 3006 ἐφοίτων
3001 2921 3301 3003 διατριϐὰς,
3336 2925 3473 2980 ὥστε
3524 2947 3576 2980 τι
3629 2925 3731 3001 βὲ-

315 3019 567 3083 scholas,
600 3024 665 3075 ut
696 3020 830 3076 inde
851 3021 1072 3094 aliquid
1104 3022 1242 3079 certi
1274 3023 1556 3079 discerem
1582 3040 1596 3079 :
1637 3024 1736 3079 sed
1770 3028 1827 3079 et
1856 3024 1958 3089 sic,

314 3108 459 3165 nihil
493 3109 648 3167 aliud
682 3110 753 3165 ab
783 3110 867 3166 eis
896 3111 1159 3167 studiose
1190 3111 1299 3167 coli
1331 3112 1623 3174 videbam,
1657 3130 1835 3184 quam
1866 3114 1964 3169 do-

312 3202 575 3271 gmatum
611 3199 1038 3255 destructiones
1071 3204 1130 3255 et
1151 3200 1606 3269 adstructiones,
1641 3205 1963 3258 contentio-

310 3302 550 3358 nesque,
580 3291 637 3343 et
667 3287 1145 3361 syllogismorum
1178 3289 1443 3356 artiﬁcia,
1486 3290 1744 3363 itemque
1800 3308 1960 3347 sum-

310 3376 576 3448 ptionum
600 3377 1056 3449 excogitationes
1084 3394 1096 3432 :
1123 3384 1179 3433 et
1208 3378 1522 3450 aliquando
1545 3379 1778 3450 quidem
1810 3397 1963 3452 prie-

307 3463 556 3533 valebat,
590 3466 748 3521 verbi
779 3466 986 3538 gratia,
1020 3468 1173 3538 quod
1218 3466 1415 3523 anima
1459 3467 1812 3525 immortalis
1844 3470 1959 3531 sit;

312 3552 629 3625 aliquando
658 3571 815 3621 vero,
844 3557 996 3627 quod
1031 3556 1316 3612 mortalis.
1349 3557 1419 3612 Et
1460 3557 1695 3629 quidem
1728 3559 1961 3630 quando

313 3658 383 3698 ea
410 3643 625 3714 opinio,
660 3661 787 3715 quae
802 3645 1065 3700 animum
1101 3646 1241 3702 facit
1263 3646 1679 3713 immortalem,
1699 3647 1965 3719 superior

314 3736 457 3797 erat,
495 3733 823 3803 gaudebam
851 3749 863 3786 :
899 3734 1131 3805 quando
1155 3738 1348 3789 autem
1382 3750 1470 3801 ea,
1501 3751 1624 3806 qua:
1657 3735 1963 3791 mortalem

317 3824 531 3887 censet,
544 3837 785 3876 maerore
799 3822 1095 3878 afficiebat
1110 3839 1299 3877 :rursu
1310 3839 1485 3893 mque
1497 3823 1683 3895 magis
1699 3823 1963 3880 animum

317 3908 774 3980 despondebam,
800 3911 955 3981 quod
992 3927 1097 3966 nec
1123 3911 1436 3982 utriusque
1459 3911 1641 3982 partis
1671 3913 1966 3985 quispiam

318 4003 572 4052 mentem
608 4014 797 4053 meam
833 4003 1057 4070 poterat
1073 4000 1455 4055 conﬁrmare:
1489 4004 1721 4055 tantum
1748 4000 1966 4057 intelli-

316 4086 525 4158 gebam
549 4088 870 4142 sententias
892 4089 1434 4155 controversiarum,
1465 4105 1568 4160 pro
1599 4088 1820 4145 viribus
1844 4106 1970 4161 pro-

318 4179 730 4246 pugnatorum,
794 4178 877 4231 vel
932 4176 1130 4242 falsas,
1161 4178 1249 4232 vel
1301 4193 1470 4233 veras
1521 4176 1799 4248 judicari,
1852 4196 1968 4235 non

315 4277 448 4316 vero
479 4266 652 4333 prout
682 4263 821 4334 ipsa:
854 4280 916 4319 se
945 4264 1163 4320 habent
1194 4264 1253 4320 in
1294 4264 1506 4336 seipsis
1537 4280 1753 4332 revera,
1808 4281 1964 4321 com-

316 4349 633 4423 prehendi:
707 4356 943 4423 propter
984 4354 1137 4424 quod
1186 4352 1319 4425 plus
1367 4352 1559 4409 adhuc
1615 4353 1675 4408 in
1733 4354 1961 4426 negotio

314 4438 638 4494 aestuabam
668 4440 1051 4511 dubitatione,
1084 4457 1149 4497 ac
1180 4458 1247 4497 ex
1277 4442 1486 4498 animae
1514 4442 1804 4514 profundo
1861 4458 1958 4515 ge-

2072 3012 2224 3073 ὄαιον
2258 3018 2453 3073 ἐκεῖθεν
2495 3024 2701 3092 μαθεῖν.
2755 3016 2932 3073 Ἀλλὰ
2976 3017 3065 3071 καὶ
3117 3016 3289 3077 οὕτως
3337 3012 3487 3069 οὐδὲν
3538 3011 3733 3091 ἕτερον

2070 3109 2198 3183 παρ’
2236 3107 2421 3170 αὐτοῖς
2467 3109 2531 3162 τὸ
2580 3104 3021 3179 σπουδαζόμενον
3049 3108 3070 3143 ⁸
3104 3105 3316 3179 ἑώρων,
3347 3105 3381 3173 ἢ
3435 3101 3730 3179 δογμάτων

2069 3194 2362 3258 ἀνασκευὰς
2405 3194 2494 3251 καί
2546 3197 2894 3264 κατασκευὰς,
2946 3190 3124 3270 ἕριδάς
3168 3196 3189 3230 ⁹
3221 3214 3281 3248 τε
3328 3192 3419 3248 καὶ
3466 3191 3739 3267 συλλογι-

2070 3289 2222 3357 σμῶν
2269 3284 2489 3360 τέχνας,
2536 3286 2627 3340 καὶ
2675 3282 2741 3355 δὴ
2801 3284 2891 3339 καὶ
2953 3281 3260 3356 λημμάτων
3326 3281 3579 3343 ἐπινοίας
3632 3281 3735 3336 καί

2068 3394 2202 3430 ποτε
2251 3373 2344 3447 μὲν
2389 3372 2693 3450 ἐπεκράτει,
2727 3375 2855 3452 φὲρε
2902 3371 3105 3447 λέγειν,
3137 3370 3220 3426 ὅτι
3265 3370 3522 3433 ἀθάνατος
3561 3373 3595 3440 ἠ
3627 3374 3737 3443 ψυ-

2071 3465 2170 3538 χή’
2203 3463 2334 3518 ποτέ
2365 3459 2442 3530 δὲ,
2475 3461 2557 3517 δτι
2592 3464 2787 3533 θνητή.
2820 3462 2926 3517 Καὶ
2958 3460 3041 3516 ὅτι
3078 3461 3170 3534 μὲν
3206 3458 3373 3535 λόγος
3423 3459 3739 3535 ἐπικρατῶν

2071 3552 2161 3622 ἦν,
2194 3550 2276 3607 ὅτι
2306 3551 2564 3615 ἀθάνατος
2594 3554 2628 3621 ἡ
2670 3552 2845 3627 ψυχὴ,
2880 3546 3125 3627 ἔχαιρον
3161 3548 3251 3604 ὅτε
3281 3547 3337 3603 δὲ
3392 3548 3475 3603 ὅτι
3526 3549 3735 3619 θνητὴ,

2072 3641 2341 3713 ἠνιώμην“
2392 3639 2561 3695 πηὲον
2608 3638 2665 3695 δὲ
2708 3639 2872 3695 πάλιν
2919 3637 3191 3712 ἠθύμουν,
3229 3636 3312 3693 ὅτι
3365 3635 3478 3693 οὐδ’
3528 3637 3738 3692 ὁποτὲ-

2075 3749 2181 3807 ρων
2238 3732 2281 3767 1°
2326 3750 2411 3791 τις
2460 3730 2550 3783 τὸν
2593 3728 2722 3802 ἐμὸν
2778 3724 3071 3805 βεϐαιῶσαι
3112 3732 3233 3782 νοῦν
3283 3724 3539 3797 ἠδύνατο.
3572 3728 3738 3795 Πλὴν

2075 3817 2312 3875 ἐνενόουν
2347 3817 2429 3873 ὅτι
2461 3819 2517 3873 αἱ
2549 3816 2696 3888 δόξαι
2724 3822 2831 3873 τῶν
2865 3818 3190 3889 ὑποθέσεων,
3222 3816 3366 3891 παρὰ
3402 3815 3531 3878 τοὺς
3586 3813 3739 3870 ἐκδι-

2073 3913 2319 3975 κοῦντας,
2347 3908 2383 3977 ἢ
2417 3906 2654 3981 ψευδεῖς,
2684 3909 2722 3976 ἢ
2755 3905 2980 3977 ἀληθεῖς
3030 3904 3442 3983 ἀποφαίνονται,
3474 3904 3561 3959 καὶ
3616 3904 3736 3980 οὐχ

2076 3996 2150 4059 ὡς
2184 3994 2402 4071 ἔχουσιν
2435 3995 2591 4051 αὐταὶ
2624 3995 2704 4072 ἐφ’
2736 3997 2936 4051 ἑαυτῶν
2971 3993 3228 4064 ἀληθείας
3280 3988 3734 4065 καταλαμϐάνον-

2072 4104 2182 4141 ται·
2217 4091 2341 4160 παρ’
2371 4086 2417 4157 ᾧ
2457 4088 2497 4122 ¹¹
2527 4084 2617 4139 καὶ
2646 4082 2722 4140 ἔτι
2757 4083 2970 4157 μᾶλλον
3000 4083 3051 4139 ἐν
3083 4088 3199 4145 τοῖς
3232 4083 3545 4158 πράγμασιν
3579 4080 3737 4155 ἰλιγ-

2076 4178 2230 4250 γιῶν,
2260 4175 2351 4229 καὶ
2381 4174 2487 4228 ἀπὸ
2514 4178 2612 4229 τοῦ
2640 4180 2740 4242 τῆς
2787 4176 2972 4249 ψυχῆς
3028 4172 3224 4249 βάθους
3274 4172 3569 4239 ἐστέναζον·
3606 4168 3741 4226 οὔτε

2080 4263 2183 4339 γὰρ
2216 4258 2333 4325 οἷός
2361 4284 2419 4318 τε
2448 4263 2515 4331 ἧν
2548 4257 2917 4318 ἀποϐαλέσθαι
2946 4264 3045 4331 τήν
3076 4262 3199 4336 περὶ
3218 4260 3426 4315 τούτων
3452 4257 3733 4337 φροντίδα,

2070 4352 2314 4430 καίτοιγε
2361 4350 2565 4431 σφόδρα
2618 4350 2977 4428 βουλόμενος,
3020 4351 3093 4413 ὡς
3148 4348 3257 4419 ἤδη
3309 4350 3512 4427 φθάσας
3561 4347 3736 4425 ἐγνώο

2073 4461 2214 4518 ρισα,
2249 4437 2371 4497 οὔτε
2404 4436 2621 4516 βέϐαιόν
2651 4462 2704 4495 τι
2732 4435 3055 4495 καταλαϐεῖν
3089 4436 3394 4511 ἠδυνάμην.

316 4526 547 4581 mebam
574 4545 587 4583 :
616 4544 803 4601 neque
833 4530 988 4585 enim
1018 4531 1087 4585 de
1118 4530 1463 4602 hujusmodi
1493 4547 1693 4587 curam
1725 4531 1961 4603 rejicere
2023 4536 2301 4603 poteram,
2349 4531 2485 4588 licet
2538 4530 2706 4587 valde
2752 4547 3044 4602 cuperem,
3078 4533 3142 4586 ut
3181 4530 3307 4601 jam
3332 4546 3515 4602 supra
3570 4526 3737 4583 indi-

317 4615 441 4670 cavi
467 4633 479 4684 ;
514 4632 704 4688 neque
734 4617 969 4673 ﬁrmum
990 4619 1129 4690 quid
1156 4618 1419 4675 valebam
1449 4619 1713 4676 retinere.

391 4721 483 4778 IV.
515 4722 731 4778 Iterum
761 4740 897 4797 ergo
939 4725 1228 4797 angustiis
1256 4724 1640 4782 hmsitationis
1693 4741 1953 4798 pressus,

320 4810 586 4867 dicebam
620 4814 771 4883 apud
806 4830 936 4868 me:
973 4814 1118 4879 Quid
1154 4814 1401 4870 inaniter
1422 4814 1641 4885 laboro,
1675 4830 1807 4870 cum
1843 4830 1964 4871 ma-

322 4898 532 4956 nifesta
562 4901 639 4955 sit
667 4917 758 4957 res
778 4902 806 4956 ‘I
835 4902 1019 4969 Quod,
1053 4902 1101 4956 si
1130 4901 1366 4974 quidem
1398 4907 1529 4974 post
1558 4907 1806 4958 mortem
1848 4919 1964 4957 non

321 5001 418 5042 ero
445 5012 459 5054 ;
492 5005 669 5055 nunc,
703 4991 937 5060 quando
987 5007 1141 5055 sum,
1173 4989 1504 5046 contristari
1535 5006 1647 5046 non
1707 4994 1960 5063 oportet:

320 5076 593 5147 quocirca
613 5078 915 5133 tristitiam
939 5079 1010 5134 ad
1042 5077 1183 5133 illud
1214 5083 1448 5150 tempus
1469 5079 1796 5151 reservabo,
1826 5095 1962 5152 quo,

318 5180 453 5220 cum
485 5166 718 5222 futurus
751 5184 865 5222 non
896 5166 1032 5233 sim,
1065 5184 1178 5223 non
1210 5168 1629 5224 contristabor:
1655 5168 1705 5223 si
1764 5174 1962 5224 autem

317 5252 463 5310 forte
492 5266 749 5328 ero,;cur
772 5255 916 5311 mihi
946 5272 1102 5312 nunc
1134 5256 1427 5329 superﬂue
1465 5256 1619 5313 inest
1665 5256 1909 5313 tristitia
1934 5256 1963 5311 ?

2135 4725 2231 4781 IV.
2261 4722 2434 4779 Πάλιν
2487 4726 2618 4799 γοῦν
2675 4720 3052 4799 ἀπορούμενος
3114 4719 3301 4797 ἔλεγον
3361 4720 3609 4795 ἐμαυτῷ·
3663 4720 3735 4774 Τί

2075 4816 2445 4885 ματαιοπονῶ,
2490 4816 2690 4890 σαφοῦς
2752 4808 2907 4874 ὄντος
2957 4809 3053 4867 τοῦ
3094 4810 3453 4887 πράγματος;
3506 4812 3627 4863 ’Ότι
3680 4809 3740 4863 εἰ

2075 4901 2169 4973 μὶν
2219 4900 2391 4955 θανὼν
2437 4899 2536 4955 οὐκ
2593 4900 2728 4974 εἰμὶ,
2763 4905 2850 4955 νῦν
2876 4896 3004 4956 ὄντα
3038 4922 3103 4974 με
3134 4898 3419 4955 λυπεῖσθαι
3449 4898 3511 4953 οὐ
3562 4916 3737 4969 προσ-

2070 4990 2214 5059 ήκει.
2238 4988 2333 5043 Διὸ
2363 4991 2591 5065 τηρήσω
2619 4989 2681 5044 τὸ
2717 4988 3003 5053 λυπεῖσθαι
3033 4992 3345 5058 τηνικαῦτα,
3379 4986 3468 5042 ὅτε
3496 4985 3594 5042 οὐκ
3646 4983 3730 5041 ὢν

2070 5075 2131 5132 ού
2163 5075 2580 5152 λυπηθήσομαι·
2614 5077 2659 5132 εί
2693 5074 2750 5132 δὲ
2780 5076 2881 5151 ἄρα
2913 5077 3052 5150 εἰμί,
3083 5075 3137 5132 τί
3169 5079 3257 5131 νῦν
3291 5097 3383 5150 μοι
3439 5076 3499 5130 ἐκ
3544 5094 3739 5150 περισ-

2068 5170 2164 5221 σοῦ
2200 5165 2453 5243 πρόσεστι
2504 5166 2566 5222 τὸ
2615 5165 2940 5237 λυπεῖσθαι;
2976 5168 3080 5222 Καὶ
3132 5164 3331 5226 εὐθέως
3386 5165 3521 5237 μετὰ
3564 5168 3734 5220 τοῦτο

2065 5250 2249 5331 ἕτερος
2280 5254 2519 5330 ἐπεισῄει
2551 5275 2644 5329 μοι
2677 5252 2966 5333 λογισμός.
2997 5250 3225 5331 Ἔλεγον
3274 5251 3401 5327 γάρ,
3435 5254 3511 5325 μή
3558 5250 3613 5305 τί
3663 5271 3735 5325 γε

1660 5414 1905 5471 VARI/E
1963 5411 2357 5472 LECTIONES

395 5523 680 5598 κεῦθεει
703 5523 763 5580 in
795 5538 911 5581 uno
949 5525 1093 5595 mm!
1147 5522 1271 5580 'al.
1331 5522 1434 5595 ἄρα
1462 5540 1616 5583 ποτε.
1670 5521 1800 5595 δέοι.
1854 5523 1962 5577 τῶν
2023 5516 2494 5594 σπουδαζομένων.
2581 5522 2697 5581 “al.
2757 5517 2920 5598 ἕρεις.
2990 5522 3035 5560 ¹⁰
3057 5520 3134 5580 al.
3192 5513 3494 5595 ὁποτέροις.
3553 5521 3598 5559 ίί
3637 5520 3714 5578 al.

311 5599 436 5671 παρ’
466 5592 497 5652 ὅ

4052 2256 4063 2319 Ξ

4050 2342 4063 2451 ξ

4054 2470 4063 2497 1
