4082 6208
380 288 504 347 473

1139 288 1680 352 CLEMENTINA.
1711 320 1791 335 —-
1818 286 2168 351 EPITOME
2210 288 2313 349 DE
2357 289 2630 352 GESTIS
2677 291 2743 351 S.
2790 288 3050 350 PETRI.

3681 286 3802 345 474

384 419 488 492 ἄρα
514 416 614 472 τοῦ
644 422 733 473 νῦν
770 440 835 492 με
867 418 1169 481 λυποῦντος
1209 420 1436 495 χείρονα
1487 420 1599 475 ἐκεῖ
1645 419 1924 493 πείσομαι,
1964 420 2040 493 μὴ

2171 421 2483 494 Statimque
2515 426 2718 495 postea
2748 421 2860 478 alia
2879 438 2972 478 me
2996 418 3177 477 subiit
3198 418 3493 491 cogitatio.
3527 417 3801 473 Dicebam

388 502 672 582 βεϐιωκὼς
740 501 996 577 εὐσεϐῶς,
1044 508 1131 563 καὶ
1199 507 1652 583 παραδοθήσομαι
1716 513 1833 564 κατ’
1888 508 2042 563 ἐνίων

386 597 703 674 φιλοσόφων
757 596 983 672 λόγους,
1018 598 1470 676 Πυριφλεγέθοντι
1519 599 1609 654 καὶ
1643 598 1918 674 Ταρτάρῳ,
1969 597 2045 657 ὡς

391 687 656 762 Σίσυφος,
690 688 724 754 ἢ
758 688 972 756 Τιτυὸς,
1005 688 1039 755 ἢ
1073 688 1261 759 Ἰξίων,
1382 686 1678 756 Τάνταλος,
1715 688 1803 743 καὶ
1853 686 2045 760 ἔσομαι

392 774 407 789 9
496 770 552 791 0‘
711 776 723 791 ς
852 775 905 793 ’,ε-
1555 778 1564 793 1
2006 771 2016 795 Ῐ

390 796 441 830 εν
492 795 622 845 ᾳοου
671 796 763 829 τον
816 797 988 830 αιωνα
1030 775 1438 849 κολαζόμενοςς
1490 776 1661 833 Παλιν
1712 775 1770 831 δὲ
1816 776 2048 840 ἀνθυπε-

393 885 554 942 φερον
590 863 796 939 λέγων,
830 865 903 926 ὡς
940 862 1148 935 ἀδήλου
1182 860 1337 927 ὄντος
1389 864 1486 920 τοῦ
1534 867 1869 942 πράγματος,
1902 864 2048 919 ἀκιν-

393 951 678 1029 δυνότερόν
738 953 848 1008 ἐστι
903 952 1117 1027 μᾶλλον
1172 950 1406 1017 εὐσεϐῶς
1462 954 1654 1031 βιῶναί
1688 976 1773 1027 με,
1804 954 1895 1009 καὶ
1941 958 2047 1009 τῶν

388 1048 487 1098 τοῦ
519 1044 775 1115 σώματος
807 1049 1023 1118 κρατεῖν
1052 1041 1282 1113 ἡδονῶν,
1319 1044 1363 1098 εἰ
1403 1044 1490 1099 καὶ
1548 1046 1622 1117 μή
1674 1039 1934 1119 ἀκριϐῶς,
1968 1042 2050 1098 ὅτι

390 1133 524 1188 ποτέ
557 1133 670 1187 ἐστι
702 1130 906 1187 δίκαιον
956 1134 1047 1187 καὶ
1092 1132 1315 1209 ἀρέσκον
1350 1139 1487 1207 Θεῷ,
1521 1131 2052 1212 πεπληροφόρημαι,

394 1219 517 1278 οὕτε
551 1222 597 1277 εἰ
627 1225 663 1292 ἡ
706 1224 859 1298 ψυχὴ
891 1221 1179 1292 ἀθάνατος,
1212 1224 1247 1292 ἢ
1281 1224 1472 1294 θνητή.

461 1490 529 1545 ν.
562 1488 780 1543 Τούτων
818 1486 909 1543 οῦν
936 1494 1044 1543 τῶν
1079 1488 1364 1565 λογισμῶν
1409 1489 1749 1568 στρεφόντων
1806 1511 1910 1563 μου
1956 1490 2055 1559 τὴν

391 1579 604 1652 ψυχὴν,
640 1577 717 1639 εἷς
749 1574 1021 1653 Αἴγυπτον
1054 1576 1419 1652 πορεύσομαι,
1453 1579 1622 1649 εἷπον,
1652 1580 1743 1634 καὶ
1772 1585 1892 1642 τοῖς
1949 1582 2056 1633 τῶν

396 1663 605 1720 ἀδύτων
643 1667 991 1744 ἱεροφάνταις
1022 1667 1114 1721 καὶ
1144 1669 1456 1743 προφήταις
1503 1666 1937 1746 φιλιωθήσομαι,
1966 1653 2057 1722 καἱ

2154 511 2408 583 quippe:
2441 530 2511 567 ne
2540 514 2682 568 forte
2714 512 2792 568 ibi
2824 512 3019 584 pejora
3068 527 3133 567 eo
3166 509 3319 581 quod
3353 524 3508 563 nunc
3542 523 3633 562 me
3665 523 3802 561 cru-

2156 600 2270 654 ciat
2303 599 2513 672 patiar,
2541 600 2588 654 si
2622 616 2735 655 non
2786 600 2978 655 vixero
3009 598 3138 671 pie;
3190 615 3256 653 ac
3300 596 3619 652 secundum
3656 612 3801 667 quo-

2156 705 2221 743 ru
2233 690 2427 744 mdam
2452 688 2935 760 philosophorum
2954 688 3274 744 sententias
3292 687 3487 741 tradar
3509 683 3801 757 Pyriphle-

2158 778 2417 850 gethonti
2452 783 2509 833 et
2541 783 2778 846 tartaro,
2830 777 3329 848 quemadmodum
3378 774 3682 846 Sisyphus,
3712 773 3802 828 vel

2159 868 2382 940 Tityus,
2414 868 2502 923 vel
2534 868 2713 933 Ixion,
2766 868 2857 923 vel
2906 867 3209 933 Tantalus,
3273 875 3449 937 atque
3488 865 3547 919 in
3576 864 3802 919 inferno

2161 962 2441 1013 aeternum
2476 957 2734 1030 puniar?
2784 958 3009 1013 Rursus
3059 962 3255 1012 autem
3300 953 3681 1025 excipiebam,
3713 953 3802 1007 di-

2162 1064 2336 1103 cens:
2372 1047 2430 1102 in
2454 1062 2513 1101 re
2536 1064 2665 1119 quae
2689 1047 2909 1102 incerta
2931 1049 3041 1113 est,
3065 1044 3250 1100 tutius
3275 1041 3459 1098 multo
3487 1046 3576 1097 est
3596 1057 3688 1096 me
3711 1039 3805 1112 pie

2161 1136 2369 1204 vivere,
2430 1140 2486 1191 et
2541 1134 2871 1206 voluptates
2930 1133 3188 1206 corporis
3240 1132 3490 1199 vincere,
3539 1129 3809 1201 quamvis

2164 1226 2431 1283 absolute
2460 1228 2519 1279 et
2577 1228 2733 1279 certo
2792 1222 3075 1297 pleneque
3125 1238 3237 1278 non
3299 1220 3480 1277 sciam
3525 1220 3807 1291 quidnam

2156 1315 2389 1387 justum
2422 1313 2497 1369 sit
2528 1329 2593 1369 ac
2621 1312 2736 1368 Deo
2785 1316 3039 1385 gratum,
3075 1328 3179 1368 nec
3227 1314 3423 1365 utrum
3454 1306 3805 1364 immortalis

2166 1403 2244 1459 sit
2272 1402 2488 1469 anima,
2519 1418 2590 1456 an
2626 1400 2914 1457 mortalis.

2235 1491 2303 1546 V.
2338 1492 2437 1546 His
2468 1491 2666 1563 itaque
2694 1489 3146 1562 cogitationibus
3168 1488 3431 1544 animum
3460 1501 3656 1542 meum
3687 1501 3808 1540 ver-

2167 1580 2473 1637 santibus:
2512 1580 2573 1635 In
2603 1580 2911 1653 Egyptum
2946 1578 3301 1651 proficiscar,
3350 1575 3489 1641 dixi,
3522 1579 3579 1630 et
3605 1575 3803 1646 adyto-

2169 1687 2299 1726 rum
2350 1669 2774 1741 bierophantis,
2827 1684 2892 1723 ac
2943 1667 3243 1740 prophetis
3297 1662 3523 1722 amicos
3568 1662 3806 1729 efﬁciar,

400 1755 568 1831 μάγον
624 1756 861 1825 ζητήσας
912 1754 1002 1809 καὶ
1054 1754 1246 1829 εὑρὼν,
1280 1757 1533 1830 χρήμασι
1581 1756 1753 1811 πείσω
1800 1754 2057 1829 πολλοῖς,

2172 1775 2461 1831 magoque
2493 1757 2738 1830 quaesito
2778 1774 2843 1812 ac
2866 1758 3117 1823 invento,
3144 1754 3329 1811 multa
3352 1753 3597 1827 pecunia
3612 1752 3662 1808 ei
3687 1768 3810 1824 per-

395 1847 584 1917 ψυχῆς
642 1844 977 1915 ἀναπομπήν
1044 1845 1145 1912 τὴν
1212 1843 1516 1920 λεγομένην
1575 1845 1963 1921 νεκρομαντίαν
2012 1847 2056 1882 ¹²

396 1932 750 2007 ἐργάσασθαι,
812 1931 948 2005 ἐμοῦ
1000 1930 1158 2002 δῆθεν
1219 1934 1295 1996 ὡς
1350 1934 1475 2010 περί
1533 1934 1854 2011 πράγματός
1908 1955 2058 1997 τινος

392 2023 755 2085 τωνθάνεσθαι
792 2020 1158 2097 βουλομένων
1199 2024 1234 2092 ἡ
1270 2020 1327 2077 δὲ
1356 2028 1542 2085 πεῦσις
1588 2021 1754 2091 ἔσται,
1786 2025 1910 2099 περὶ
1959 2027 2056 2079 τοῦ

399 2114 591 2183 μαθεῖν
621 2109 723 2186 ἄρα
754 2112 797 2166 εἷ
831 2110 1093 2175 ἀθάνατος
1122 2114 1157 2181 ἡ
1186 2114 1365 2187 ψυχή.
1397 2117 1566 2167 Τοῦτο
1600 2111 1657 2167 δὲ
1697 2114 1912 2175 πάντως
1959 2112 2059 2168 οὐκ

396 2199 458 2254 ἐκ
484 2204 585 2254 τοῦ
617 2200 1005 2275 ἀποκρίνασθαι
1038 2199 1118 2255 ὅτι
1168 2203 1211 2238 ³³
1240 2200 1501 2263 ἀθάνατός
1546 2201 1708 2272 ἐστιν,
1744 2197 1852 2257 ἔστι
1886 2205 1930 2238 ¹⁴
1963 2222 2055 2275 μοι

391 2294 615 2365 γνῶναι,
651 2288 777 2343 ἀλλ’
808 2289 914 2343 ἀπὸ
943 2294 1040 2343 τοῦ
1074 2288 1307 2368 ὀφθῆναι
1359 2290 1523 2363 μόνον
1569 2289 1651 2345 ὅτι
1702 2290 1857 2345 ἐστίν.
1907 2288 2055 2347 Ἰδὼν

398 2378 505 2453 γὰρ
538 2377 707 2447 αὐτὴν
738 2378 921 2440 αὐτοῖς
952 2374 1219 2451 ὄμμασιν,
1252 2380 1441 2448 ἱκανήν
1493 2376 1595 2452 ἔξω
1651 2378 2056 2459 πληροφορὶαν,

393 2467 488 2520 καὶ
549 2465 729 2521 οὐκέτι
810 2467 1105 2541 πιστότερα
1173 2466 1472 2546 ὀφθαλμῶν
1540 2466 1652 2523 ὦτα
1726 2471 2053 2541 ποιήσομαι.

394 2556 591 2627 ’Ὸμως
625 2552 915 2633 φιλοσόφῳ
942 2557 1050 2609 τινὶ
1081 2560 1188 2611 τῶν
1233 2559 1500 2626 συνήθων,
1531 2556 1620 2611 καὶ
1668 2557 1869 2627 ταύτην
1917 2558 2058 2613 ἐκοι-

395 2642 613 2715 νούμην
645 2646 744 2711 τήν
776 2645 1025 2720 γνώμην,
1060 2646 1088 2700 ὁ
1134 2641 1191 2700 δὲ
1236 2640 1589 2701 συνεϐούλευέ
1637 2668 1730 2720 μοι
1786 2647 1862 2720 μή
1904 2646 2057 2702 λυσι-

395 2731 558 2794 τελὲς
609 2732 743 2787 εἶναι
794 2731 957 2788 τοῦτο
1002 2731 1281 2806 τολμῆσαι
1332 2731 1479 2789 δυοῖν
1525 2732 1699 2791 ἓνεκα.
1732 2733 1803 2790 Ei’
1842 2757 1902 2792 τε
1931 2737 2056 2812 γὰρ,

400 2820 532 2900 ἔφη,
567 2821 783 2884 πάντως
815 2822 925 2897 οὐχ
966 2822 1321 2878 ὑπακούσεται
1352 2825 1387 2893 ἡ
1419 2824 1573 2900 ψυχὴ
1624 2829 1704 2896 τῷ
1764 2825 1939 2901 μάγῳ,
1969 2823 2060 2880 καὶ

403 2911 470 2965 σὺ
510 2917 629 2974 τοῖς
672 2916 840 2965 ταῦτα
887 2917 1063 2966 ποιεῖν
1112 2912 1511 2987 ἀπαγορεύουσι
1559 2912 1751 2987 νόμοις
1803 2914 1877 2976 ὡς
1918 2915 2059 2969 ἀντι-

400 3000 629 3075 πράξας,
672 2996 1104 3070 δυσσυνειδήτως
1156 3001 1393 3076 βιώσεις·
1437 3001 1483 3056 εἰ
1532 2998 1591 3057 δὲ
1626 3002 1714 3057 καὶ
1765 3002 2066 3058 εἶσακούσε-

400 3110 517 3159 ται,
555 3089 689 3162 μετά
736 3094 832 3143 τοῦ
884 3086 1317 3159 δυσσυνειδήτως
1365 3110 1423 3144 σε
1474 3090 1652 3165 βιοῦν,
1683 3090 1835 3164 οἶμαι
1877 3091 2062 3146 καὶτὰ

2169 1848 2451 1913 suadebo,
2485 1852 2548 1902 ut
2580 1847 2785 1903 anima:
2818 1846 3233 1914 evocationem,
3267 1860 3441 1915 quam
3472 1856 3810 1898 necroman-

2166 1937 2305 1993 tiam
2346 1940 2570 2005 vocant,
2605 1935 2797 2002 faciat,
2849 1940 3130 2006 tanquam
3178 1933 3445 1989 videlicet
3476 1932 3546 1987 de
3577 1928 3806 2001 negotio

2167 2024 2364 2095 aliquo
2395 2024 2717 2096 percontari
2753 2022 2919 2079 velim
2948 2041 2960 2079 :
2996 2039 3164 2093 porro
3196 2021 3304 2077 erit
3330 2018 3708 2093 percontatio,
3740 2020 3807 2073 ut

2167 2114 2387 2169 discam
2416 2117 2616 2167 utrum
2640 2113 2834 2167 anima
2855 2113 2930 2167 sit
2951 2110 3321 2167 immortalis.
3344 2111 3401 2165 ld
3426 2114 3623 2163 autem
3646 2122 3804 2179 pror-

2167 2219 2270 2257 sus
2302 2217 2671 2274 cognoscam,
2699 2218 2814 2256 non
2838 2217 2906 2256 ex
2926 2217 2993 2256 eo
3019 2201 3169 2272 quod
3196 2197 3571 2271 respondebit
3601 2212 3662 2252 se
3678 2210 3806 2251 esse

2166 2289 2583 2357 immortalem,
2606 2290 2706 2345 sed
2730 2306 2798 2345 ex
2827 2307 2892 2345 eo
2915 2288 3361 2360 duntaxatquod
3386 2286 3547 2341 illam
3564 2285 3807 2341 existere

2165 2380 2409 2435 videbo:
2446 2396 2581 2434 nam
2642 2378 2827 2434 oculis
2860 2379 3006 2434 meis
3036 2394 3280 2434 cernens
3328 2392 3479 2441 eam,
3511 2374 3652 2430 satis
3683 2390 3809 2429 ma-

2168 2486 2343 2542 gnam
2376 2468 2601 2524 habebo
2650 2468 3082 2535 certitudinem,
3140 2484 3245 2522 nec
3293 2467 3419 2537 jam
3467 2464 3597 2537 plus
3629 2464 3807 2518 ﬁdam

2168 2558 2431 2628 auribus,
2447 2574 2624 2629 quam
2644 2557 2848 2613 oculis.
2869 2558 3282 2611 Verumtamen
3303 2572 3435 2610 cum
3462 2552 3808 2625 philosopho

2169 2647 2422 2719 quodam
2454 2663 2523 2701 ex
2562 2646 2951 2701 familiaribus
3008 2646 3155 2700 meis
3186 2645 3294 2699 boc
3352 2659 3585 2715 quoque
3616 2642 3807 2697 consi-

2168 2736 2315 2791 lium
2347 2734 2808 2790 communicavi:
2843 2735 2893 2790 is
2922 2751 3056 2791 vero
3090 2733 3316 2789 monuit
3346 2749 3459 2797 me,
3494 2748 3609 2785 non
3640 2746 3810 2802 expe-

2168 2825 2291 2880 dire
2321 2829 2385 2879 ut
2414 2824 2472 2878 id
2504 2824 2800 2891 auderem,
2833 2824 2980 2879 duas
3024 2823 3096 2878 ob
3140 2838 3370 2877 causas.
3403 2820 3459 2876 Si
3494 2820 3672 2888 enim,
3715 2818 3810 2873 in-

2171 2911 2317 2984 quit,
2349 2911 2519 2983 plane
2550 2928 2720 2981 mago
2753 2929 2866 2966 non
2897 2910 3179 2966 obedierit
3208 2910 3423 2975 anima,
3458 2914 3520 2963 tu
3555 2921 3809 2979 quoque,

2172 3006 2237 3057 ut
2262 3005 2391 3072 pote
2413 3000 2511 3071 qui
2537 3000 2766 3073 legibus
2786 3000 2907 3055 haec
2928 3016 3096 3072 agere
3120 2999 3448 3055 vetantibus
3470 2998 3813 3053 adversatus

2173 3090 2372 3157 fueris,
2406 3091 2559 3146 male
2606 3090 2711 3144 tibi
2761 3090 3033 3145 conscius
3090 3089 3283 3157 vives;
3338 3089 3426 3144 sin
3484 3092 3678 3142 autem
3711 3101 3811 3157 pa-

398 3183 502 3245 τῆς
557 3172 828 3239 εὐσεϐείας
888 3173 1083 3250 μηκέτι
1130 3199 1213 3233 σοι
1262 3184 1601 3253 προχωρεῖν,
1650 3179 1712 3233 οὗ
1767 3177 1940 3234 ἕνεκεν
1993 3179 2057 3235 τὰ

2173 3179 2374 3249 ruerit,
2410 3184 2793 3251 preterquam
2826 3179 2981 3250 quod
3015 3179 3168 3234 vives
3201 3177 3350 3233 male
3386 3175 3491 3232 tibi
3523 3174 3812 3238 conscius,

405 3270 624 3320 τοιαῦτα
680 3265 940 3338 ἐτόλμας.
974 3267 1309 3342 Ἐχθραίνειν
1362 3266 1465 3343 γὰρ
1508 3268 1569 3322 τὸ
1617 3270 1756 3323 θεῖον
1805 3268 2055 3343 λέγουσιν

398 3351 489 3408 ἐπὶ
520 3360 635 3416 τοῖς
670 3353 969 3409 σκύλλουσι
1003 3356 1101 3417 τὰς
1132 3355 1315 3431 ψυχὰς
1349 3355 1484 3428 μετά
1510 3357 1608 3424 τὴν
1650 3357 1754 3411 ἀπὸ
1801 3362 1898 3411 τοῦ
1949 3358 2057 3412 σώ-

402 3464 572 3515 ματος
634 3443 849 3499 ἐκείνων
914 3442 1183 3501 διάλυσιν.
1236 3446 1381 3519 Ἐγὼ
1455 3442 1512 3499 δὲ
1575 3450 1740 3501 ταῦτα
1805 3446 2058 3515 ἀκούσας,

397 3532 767 3609 ὀκνηρότερος
814 3534 907 3606 μὲν
962 3532 1049 3588 ἐπὶ
1100 3534 1163 3588 τὸ
1224 3532 1535 3609 ἐγχείρημα
1584 3533 1865 3608 ἐγενόμην
1917 3534 2063 3591 ἀλλά

398 3630 502 3691 τῆς
536 3624 806 3698 προτέρας
840 3621 1045 3684 ἐννοίας
1105 3621 1315 3691 ἐκείνης
1371 3624 1703 3677 παντάπασιν
1764 3624 2063 3693 ἀποστῆναι

402 3710 504 3765 οὐκ
534 3708 845 3785 ἠδυνάμην.

479 3892 580 3946 VI.
616 3889 713 3943 Καὶ
744 3886 837 3943 ἵνα
870 3890 946 3961 μή
974 3910 1059 3943 σοι
1089 3887 1156 3943 τά
1186 3892 1410 3943 τοιαῦτα
1446 3889 1647 3962 μακρὸν
1677 3889 1939 3945 ἀποτείνω
1970 3890 2064 3946 λό-

403 3999 527 4051 γον,
581 3978 631 4032 ἐν
690 3976 975 4039 τοσούτοις
1037 3974 1330 4053 λογισμοῖς
1389 3977 1476 4032 καὶ
1542 3978 1848 4054 πράγμασιν
1911 3975 2065 4043 ὄντος

407 4088 535 4139 μου,
582 4069 744 4144 φήμη
795 4087 881 4127 τις
948 4065 1151 4139 ἠρέμα,
1203 4061 1453 4142 Τιϐερίου
1503 4066 1769 4143 Καίσαρος
1825 4069 1893 4123 τά
1932 4070 2065 4123 Ῥω-

404 4156 575 4227 μαϊκὰ
634 4152 919 4216 διέποντος
982 4162 1252 4230 σκῆπτρα,
1309 4152 1467 4229 ἔαρος
1542 4153 1649 4225 ἤδη
1730 4155 2064 4232 ἀρχομένου,

399 4242 626 4316 ηὔξανεν
678 4244 875 4298 ὁπόσαι
915 4244 1141 4319 ἡμέραι,
1182 4244 1271 4297 καὶ
1323 4244 1397 4306 ὡς
1446 4241 1666 4313 ἀληθῶς
1707 4244 1878 4320 ἀγαθή
1929 4251 2063 4301 Θεοῦ

402 4330 637 4409 ἅγγελος
670 4330 814 4405 διῄει
843 4334 933 4386 τὸν
967 4332 1198 4404 κόσμον,
1230 4332 1292 4386 τὸ
1320 4335 1418 4387 τοῦ
1445 4337 1578 4387 Θεοῦ
1612 4337 1739 4408 σιγῇ
1805 4333 2065 4409 βούλημα

402 4421 612 4495 στέγειν
645 4420 708 4476 ού
742 4419 1036 4493 δυναμένη⁶
1076 4418 1291 4494 μᾶλλον
1336 4418 1392 4475 δὲ
1438 4420 1528 4475 καὶ
1576 4418 1781 4476 πλείων
1838 4423 2064 4494 ἑκάστης

2168 3268 2347 3322 etiam
2404 3285 2529 3339 quae
2561 3268 2631 3323 ad
2685 3268 2847 3339 pium
2878 3268 3099 3323 cultum
3159 3268 3450 3340 pertinent
3492 3266 3683 3337 (cujus
3728 3263 3809 3318 rei

2168 3356 2355 3429 gratia
2383 3356 2523 3412 talia
2552 3373 2866 3429 aggressus
2920 3357 3145 3423 fueris),
3204 3372 3318 3410 non
3357 3356 3481 3424 jam
3521 3354 3628 3408 tibi
3663 3353 3808 3407 bene

2170 3461 2409 3501 cessura
2436 3445 2719 3503 existimo.
2754 3445 3121 3501 Divinitatem
3152 3445 3307 3499 enim
3337 3443 3505 3498 aiunt
3534 3443 3807 3496 infestam

2170 3551 2299 3590 esse
2330 3534 2423 3605 iis,
2457 3535 2555 3606 qui
2588 3535 2837 3600 animas,
2893 3539 3200 3605 postquam
3233 3552 3265 3589 a
3314 3531 3654 3601 corporibus
3684 3528 3810 3584 suis

2172 3622 2471 3678 dissolutae
2493 3628 2651 3690 sunt,
2678 3627 2906 3677 vexant.
2928 3623 3045 3693 Ego
3066 3638 3197 3677 vero
3222 3621 3311 3677 bis
3332 3620 3569 3685 auditis,
3586 3617 3817 3689 segnior

2172 3712 2410 3783 quidem
2445 3712 2514 3766 ad
2549 3712 2912 3784 propositum
2960 3712 3148 3766 factus
3195 3727 3348 3778 sum,
3382 3710 3481 3763 sed
3516 3707 3616 3761 illa
3647 3722 3819 3777 supe-

2175 3803 2326 3857 riore
2359 3802 2709 3873 cogitatione
2741 3801 2980 3856 omnino
3011 3818 3123 3855 non
3158 3805 3416 3871 poteram
3450 3796 3752 3852 absistere.

2245 3890 2341 3945 Vl.
2374 3892 2455 3946 Ac
2485 3908 2556 3946 ne
2589 3891 2659 3945 de
2694 3888 2785 3945 bis
2816 3890 2919 3946 tibi
2954 3889 3194 3961 longum
3227 3902 3561 3943 sermonem
3594 3884 3821 3953 faciam,

2175 3995 2306 4034 cum
2342 3980 2399 4034 in
2434 3977 2652 4034 talibus
2699 3978 3263 4034 considerationibus
3302 3994 3369 4032 ac
3421 3974 3667 4047 negotiis
3694 3991 3819 4030 ver-

2177 4085 2356 4133 sarer,
2390 4068 2616 4124 Tiberio
2666 4068 2891 4123 Cazsare
2936 4068 3198 4123 Romana
3254 4070 3483 4137 sceptra
3512 4068 3820 4131 tractante,

2176 4156 2569 4229 postinitium
2617 4157 2790 4220 veris,
2841 4157 2997 4213 fama
3046 4156 3311 4227 quaedam
3362 4154 3581 4210 sensim
3612 4153 3820 4208 diebus

2178 4246 2427 4319 singulis
2458 4246 2807 4317 percrebuit,
2856 4250 2913 4301 et
2962 4262 3158 4301 revera
3208 4245 3398 4300 bonus
3444 4242 3545 4298 Dei
3578 4242 3821 4297 nuntius

2178 4336 2465 4390 mundum
2500 4335 2775 4405 pervasit,
2810 4334 2909 4390 Dei
2958 4334 3317 4390 voluntatem
3367 4332 3601 4389 silentio
3631 4336 3824 4404 tegere

2178 4440 2293 4479 non
2324 4423 2558 4478 valens:
2595 4423 2695 4479 sed
2726 4427 2783 4477 et
2838 4439 2942 4495 per
2990 4423 3255 4495 singulos
3312 4423 3435 4477 dies
3489 4419 3739 4494 amplior
3767 4424 3826 4475 et

341 4530 348 4541 '
401 4511 617 4585 ἡμέρας
677 4509 767 4564 καὶ
830 4510 1029 4583 μείζων
1090 4508 1316 4583 ἐγίνετο,
1375 4507 1611 4583 λέγουσα
1667 4509 1739 4572 ὥς
1796 4510 1878 4573 τίς
1936 4532 2057 4566 ποτε

2175 4513 2363 4583 major
2392 4512 2585 4579 flebat,
2611 4510 2695 4567 sic
2718 4512 2976 4567 referens
3002 4527 3015 4567 :
3040 4512 3289 4575 Quidam
3312 4511 3371 4565 in
3392 4511 3615 4577 Judaea,
3648 4510 3816 4564 initio

402 4599 454 4654 ἐν
497 4597 740 4669 Ἰουδαίᾳ
797 4597 848 4668 ἐξ
910 4597 1128 4674 ἐαρινῆς
1187 4604 1396 4670 τροπῆς
1456 4592 1639 4652 λαϐὼν
1698 4598 1798 4667 τὴν
1857 4598 2059 4675 ἀρχὴν,

401 4686 666 4743 Ἰούδαίαν
702 4690 746 4723 ¹⁶
773 4688 872 4755 τήν
902 4690 1000 4740 τοῦ
1030 4685 1212 4741 ἀϊδίου
1258 4690 1392 4741 Θεοῦ
1451 4684 1854 4763 εὐαγγελίζεται
1918 4688 2065 4762 βασι-

403 4774 576 4847 λείαν,
610 4778 675 4844 ἧς
708 4773 1005 4830 ἀπολαύειν
1060 4772 1253 4847 μέλλει
1287 4777 1352 4842 η,
1387 4773 1473 4829 ἐάν
1517 4795 1602 4835 τις
1650 4774 1794 4846 αὖτῷ
1839 4774 2061 4847 ἀρίστην

401 4862 492 4919 διὰ
523 4867 741 4919 πάντων
775 4861 1110 4935 ἐπιδείξηται
1140 4862 1444 4918 πολιτείαν’
1484 4867 1582 4918 τοῦ
1614 4861 1671 4918 δὲ
1726 4864 2062 4919 πιστεύεσθαι

400 4954 561 5009 αὐτὸν
624 4953 810 5029 χάριν,
870 4951 953 5007 δτι
1016 4951 1272 5023 θεότητος
1327 4954 1509 5028 γέμων
1580 4956 1746 5007 ταῦτα
1801 4950 2061 5026 διδάσκει,

396 5043 588 5099 πολλά
645 5043 942 5114 θαυμάσια,
993 5040 1188 5112 τέρατά
1238 5061 1297 5095 τε
1350 5040 1439 5095 καὶ
1506 5045 1709 5113 σημεῖα
1765 5040 2061 5117 ἐργάζεται,

396 5132 605 5207 ῥήματι
662 5131 816 5204 μόνῳ
854 5128 1074 5207 κωφοὺς
1132 5128 1347 5183 ἀκούειν
1405 5133 1598 5200 ποιῶν,
1639 5128 1881 5207 τυφλοὺς
1939 5130 2063 5185 ἀνα-

393 5215 643 5293 ϐλέπειν,
691 5218 919 5296 χωλοὺς
965 5222 1302 5293 περιπατεῖν,
1346 5217 1436 5272 καὶ
1482 5224 1653 5273 πᾶσαν
1712 5218 1868 5273 νόσον
1933 5219 2064 5275 ἀπε-

2172 4605 2408 4673 sumpto
2438 4618 2472 4655 a
2501 4617 2675 4656 verno
2708 4605 2989 4672 tempore,
3021 4600 3220 4655 aeterni
3264 4600 3359 4655 Dei
3392 4616 3632 4671 regnum
3667 4598 3814 4652 inibi

2172 4690 2466 4763 praedicat,
2499 4688 2652 4760 quod
2704 4693 3083 4760 percepturus
3114 4688 3211 4757 sit,
3270 4691 3368 4759 qui
3400 4687 3679 4759 optimam
3713 4700 3817 4756 per

2172 4778 2370 4834 omnia
2398 4778 2577 4832 vitam
2632 4776 2743 4849 ipsi
2777 4776 3106 4832 exhibebit:
3166 4781 3232 4832 ut
3279 4782 3473 4831 autem
3519 4775 3811 4840 credatur,

2173 4884 2306 4923 eum
2339 4866 2660 4922 divinitatis
2693 4865 2930 4937 plenum
2963 4867 3166 4921 docere
3198 4866 3329 4933 ista,
3357 4868 3398 4901 ¹⁷
3432 4864 3616 4920 multa
3648 4864 3817 4919 mira-

2173 4956 2333 5025 bilia,
2366 4956 2633 5029 prodigia
2661 4961 2720 5011 et
2752 4956 2923 5027 signa
2952 4956 3091 5024 edit,
3124 4955 3247 5011 solo
3277 4956 3450 5010 verbo
3485 4955 3703 5010 faciens
3724 4969 3821 5008 au-

2173 5045 2299 5101 dire
2328 5046 2559 5115 surdos,
2612 5060 2792 5100 caacos
2841 5044 3055 5110 videre,
3107 5043 3349 5099 claudos
3388 5042 3729 5110 ambulare;
3762 5045 3821 5097 et

2172 5150 2402 5190 omnem
2453 5133 2718 5189 morbum
2768 5132 3024 5204 depellit,
3085 5148 3439 5204 omnemque
3497 5132 3815 5185 daemonem

2173 5222 2372 5295 fugat:
2408 5222 2732 5295 quinetiam
2761 5220 2975 5293 leprosi
3006 5220 3239 5278 eminus
3259 5224 3489 5277 tantum
3523 5220 3817 5274 intuentes

1757 5387 2001 5446 VARle
2039 5390 2455 5448 LECTIONES.

474 5543 521 5579 ¹¹
552 5540 630 5597 al.
689 5538 1102 5613 νεκυομαντίαν.

398 5630 458 5688 v,
490 5630 543 5673 c.
578 5613 668 5672 10.

1183 5539 1229 5576 ¹⁸
1281 5538 1358 5597 al.
1420 5534 1588 5605 αὐτὴν
1647 5534 1730 5593 ὅτι
1808 5541 1855 5578 ιδ
1908 5539 1987 5598 al.
2040 5538 2187 5597 ἔσται
2265 5542 2309 5580 ⁸³
2364 5541 2438 5600 al.

2500 5536 2783 5603 Ἰουδαίοις
2864 5541 2907 5582 ¹⁶
2958 5540 3034 5600 al.
3095 5539 3261 5617 λὲγιι.
3341 5542 3386 5581 ¹⁷
3442 5540 3740 5612 l.Rccogn.
3772 5538 3814 5595 l.
