4082 6208
280 48 303 89 ξ
352 48 521 91 νλθδυγι
634 54 693 87 ν(

337 361 464 422 477

1110 359 1646 423 CLEMENTINA.
1679 389 1755 404 —
1782 356 2133 421 EPITOME
2176 358 2277 420 DE
2322 358 2592 424 GESTIS
2640 362 2706 424 S.
2751 362 3012 424 PETRI.

3642 361 3763 421 478

341 490 524 557 ἐλθών
552 512 612 546 τε
655 490 745 546 καὶ
786 490 1062 568 ἀναχθεὶς,
1106 492 1320 566 ἀνέμων
1367 490 1718 557 ἀντιπνοίαις,
1763 489 1877 544 ἀντὶ
1906 492 1997 544 τοῦ

2120 492 2189 545 ad
2224 508 2381 547 mare
2413 494 2749 565 properavi;
2781 499 2838 550 et
2865 494 2925 549 in
2958 494 3208 550 Pontum
3263 492 3523 560 veniens,
3581 498 3757 568 atque

342 581 428 643 εἷς
469 578 730 635 Ἰουδαίαν
780 587 1028 655 κατᾶραι,
1081 578 1431 656 προσώκειλα
1486 583 1553 653 τῇ
1603 575 2001 653 Ἀλεξανδρείᾳ.

344 670 499 725 Ἐκεῖ
552 666 610 724 δὲ
679 670 1004 747 συνεφοίτων
1060 676 1178 732 τοῖς
1245 669 1569 748 φιλοσόφο,ς
1606 711 1620 737 ,
1680 667 2003 739 πνευμάτων

345 758 609 834 ἐπηρείας
667 755 777 829 ἤδη
831 779 925 831 μοι
970 760 1061 813 τὸν
1090 756 1262 813 πλοῦν
1307 756 1635 834 ἐπεχούσης,
1664 756 1754 811 καὶ
1784 756 1851 810 τὰ
1878 754 2003 830 περὶ

340 855 447 917 τῆς
482 850 697 925 φήμης,
730 847 796 915 ἢν
830 849 857 901 ὁ
891 847 1073 924 φανεὶς
1115 846 1167 903 έν
1210 848 1396 921 Ῥώμῃ
1445 844 1837 923 διήγγειλε,καὶ
1882 842 2005 899 τίνα

342 958 409 1013 γε
438 934 890 1010 ἆκαταγγέλλοι,
932 941 1116 1014 σαφῶς
1166 934 1360 991 ἕκαστα
1416 935 1733 1009 καταλέγειν
1791 932 2000 1003 ἠξίουν.

344 1027 412 1080 Οἱ
461 1023 539 1092 δέ,
590 1024 825 1081 Φανέντα
879 1025 1009 1099 μὲν,
1060 1027 1234 1095 εἷπον,
1290 1023 1341 1080 ἐν
1394 1025 1580 1098 Ῥώμῃ
1624 1022 1837 1079 τοιόνδε
1882 1022 2003 1076 τινὰ

344 1113 497 1177 ὅλως
540 1113 640 1168 οῦκ
670 1110 842 1186 ἴσμεψ
893 1115 1018 1189 περὶ
1061 1111 1118 1168 δὲ
1162 1117 1259 1168 τοῦ
1301 1110 1353 1168 έν
1404 1109 1639 1184 Ἰουδαίᾳ
1683 1110 1998 1188 γενομένου,

344 1204 438 1258 καὶ
499 1201 626 1258 Υἱοῦ
674 1207 809 1259 Θεοῦ
856 1203 959 1258 ὑπὸ
997 1206 1096 1271 τῆς
1140 1203 1332 1281 φήμης
1376 1201 1810 1276 κηρυττομένου,
1857 1200 2003 1277 παρᾶ

343 1291 579 1348 πολλῶν
636 1296 745 1346 τῶν
806 1291 1002 1347 ἐκεῖθεν
1064 1290 1441 1363 ἐληλυθότων,
1500 1289 1809 1363 ἠκούσαμεν
1846 1334 1862 1357 ,
1912 1287 2002 1344 καὶ

344 1382 473 1457 περὶ
505 1383 719 1436 πάντων
748 1382 823 1435 ὧν
863 1380 1033 1436 ἐποίει
1079 1381 1169 1438 καὶ
1215 1379 1364 1455 ψιλῷ
1409 1384 1490 1452 τῷ
1536 1379 1741 1457 ῥήματι
1793 1390 2004 1452 θαυμα-

350 1470 482 1526 σίων
514 1470 809 1544 ἐμάθομεν.

418 1667 508 1722 ῙΧ.
539 1666 711 1738 Ἐμοῦ
743 1662 800 1720 δὲ
825 1658 1411 1737 εἷπόντος·έϐουλόμην
1443 1663 1550 1719 τινὶ
1572 1667 1680 1718 τῶν
1702 1665 1746 1700 ³⁸
1770 1661 2005 1737 ἑωρακό-

336 1777 451 1809 των
484 1754 643 1809 αὐτὸν
692 1754 1057 1829 συγγενέσθαι,
1088 1753 1177 1809 καὶ
1210 1753 1307 1808 ὅσα
1345 1758 1498 1817 ποθῶ
1537 1755 1724 1825 μαθεῖν
1778 1753 2001 1831 ἀκοῦσαι

339 1844 468 1918 περὶ
517 1842 704 1911 αὐτοῦ,
764 1837 1125 1905 ὑπολαϐόντες
1174 1842 1392 1913 ἐκεῖνοι,
1426 1848 1576 1896 ’Ἐστι
1624 1862 1707 1904 τις
1758 1840 1999 1914 ἐνταῦθα,
2037 1867 2084 1932 Β

341 1934 527 2011 φασὶν,
558 1932 619 1986 οὐ
658 1932 821 2004 μόνον
857 1934 1147 2009 ἱστορήσας
1178 1931 1362 2001 αὐτὸν,
1406 1930 1551 1987 ἀλλὰ
1586 1930 1672 1985 καὶ
1722 1938 1820 1999 τῆς
1864 1929 2005 1985 έκεῖ-

343 2025 430 2078 θεν
466 2029 569 2098 γῆς
602 2022 889 2097 ὑπάρχων,
924 2022 1060 2097 ἀνὴρ
1105 2021 1290 2093 τίμιος
1344 2020 1571 2094 ὀνόματι
1619 2014 1916 2096 Βαρνάϐας,
1948 2020 2007 2081 ’ὸς

339 2109 431 2167 ἕνα
463 2110 551 2165 καὶ
596 2114 703 2165 τῶν
753 2109 917 2165 αὐτοῦ
968 2113 1222 2184 μαθητῶν
1278 2109 1464 2164 ἑαυτὸν
1516 2109 1651 2164 εἶναι
1698 2108 1869 2184 λέγει,
1917 2107 2008 2162 καὶ

345 2200 576 2263 ἐνταῦθά
622 2221 728 2254 που
775 2199 1174 2272 καθεζόμενος,
1225 2200 1292 2253 τά
1335 2204 1459 2274 παρ’
1510 2196 1717 2253 ἐκείνου
1764 2197 2007 2273 ὑπεσχη-

346 2290 483 2363 μένα
530 2294 648 2350 τοῖς
691 2292 799 2343 τῶν
849 2287 1113 2343 τοιούτων
1162 2287 1353 2359 ἀξίοις,
1402 2286 1638 2360 ἑτοίμως
1684 2287 1765 2358 τῷ
1802 2284 2005 2361 βουλο-

348 2377 500 2450 μένῳ
530 2374 767 2447 διέξεισι.
816 2377 911 2432 Καὶ
957 2374 1095 2446 δῆτα
1141 2377 1231 2431 τὸν
1263 2376 1429 2431 τόπον
1485 2370 1807 2431 καταλαϐὼν
1842 2374 1918 2437 εἷς
1946 2374 2005 2429 ’ὸν

345 2468 374 2522 ὁ
405 2467 547 2538 ἀνὴρ
592 2466 769 2521 εἰώθει
818 2465 1153 2535 καθέζεσθαι,
1203 2465 1293 2521 καὶ
1347 2466 1511 2542 μέρος
1561 2464 1650 2520 καὶ
1701 2463 1859 2527 αὐτὸς
1911 2467 2009 2519 τοῦ

346 2555 772 2631 περιεστηκότος
824 2554 1072 2627 πλήθους
1140 2554 1464 2630 γενόμενος,
1520 2550 1676 2624 ἔστην
1728 2553 2007 2609 ἐπακούων

344 2650 457 2699 τῶν
491 2643 825 2719 λεγομένων,
857 2645 949 2699 καὶ
998 2644 1277 2699 συνενόουν
1323 2642 1540 2713 τάληθῆ
1592 2642 1657 2697 οὐ
1691 2642 2005 2717 διαλεκτικῇ

342 2733 454 2787 τινὶ
501 2732 671 2808 τέχνῃ
720 2731 1036 2789 διδάσκοντα
1086 2738 1303 2803 τοῦτον,
1352 2730 1480 2787 ἀλλ’
1521 2729 2005 2808 ἀπαρασκευάστως

346 2822 495 2877 οὕτω
524 2823 615 2877 καὶ
648 2822 841 2885 άπλῶς
891 2822 1258 2896 ἐκτιθέμενον,
1290 2823 1323 2877 ἅ
1351 2842 1409 2877 τε
1438 2821 1638 2892 ἤκουσε
1674 2822 1764 2876 καὶ
1804 2820 2008 2898 ἑώρακε

340 2911 438 2965 τὸν
468 2915 567 2966 τοῦ
598 2916 730 2967 Θεοῦ
772 2912 1001 2990 φανέντα
1046 2913 1165 2967 Υἱὸν
1214 2913 1569 2983 πεποιηκέναι
1607 2931 1667 2966 τε
1711 2910 1801 2965 καὶ
1853 2909 2003 2987 εἴρη-

342 3000 519 3056 κέναι.
554 2998 809 3063 Πολλοὺς
842 2999 899 3056 δὲ
952 3002 1225 3077 μάρτυρας
1269 3005 1376 3056 τῶν
1431 3001 1518 3055 ὑπ’
1566 2999 1731 3054 αὐτοῦ
1775 2998 2006 3075 λεγομέ-

340 3112 456 3144 νων
509 3089 823 3162 θαυμασίων
856 3112 914 3145 τε
943 3090 1033 3145 καὶ
1084 3089 1284 3166 λόγων,
1317 3089 1369 3160 ἐξ
1401 3089 1565 3145 αὐτοῦ
1600 3093 1698 3144 τοῦ
1726 3092 2004 3165 παρεστῶ-

336 3199 439 3240 τος
465 3174 645 3255 ὄχλου
673 3178 993 3255 παρείχετο.

418 3290 484 3341 X.
520 3284 667 3340 Ἐπεὶ
702 3283 758 3340 δὲ
796 3286 932 3359 πρὸς
980 3287 1048 3340 τὰ
1100 3286 1227 3359 παρ’
1256 3285 1420 3341 αὐτοῦ
1465 3283 1819 3360 ἀπανούργως
1849 3281 1978 3359 λεγό

342 3394 482 3447 μενα
531 3372 707 3444 ἡδέως
758 3375 809 3429 οἱ
862 3373 1029 3449 ὄχλοι
1074 3372 1356 3443 διέκειντο,
1408 3375 1461 3429 οἱ
1510 3373 1568 3429 ἐκ
1614 3371 1858 3434 παιδείας
1904 3393 1999 3427 κο-

341 3470 547 3536 σμικῆς
608 3464 924 3539 ὁρμώμενοι
973 3461 1289 3541 φιλόσοφοι,
1350 3462 1636 3539 χλευάζειν
1694 3461 1851 3516 αὐτὸν
1909 3462 1998 3516 καὶ

336 3550 507 3628 γελᾷν
567 3551 890 3628 ἐπειρῶντο,
951 3554 1288 3615 σκώπτοντες
1345 3552 1566 3628 ἀμέτρῳ
1622 3552 1850 3628 θράσει,
1908 3552 1998 3606 καὶ

341 3638 709 3715 διασύροντες,
748 3641 838 3696 καὶ
884 3641 971 3697 οἶα
1023 3641 1283 3718 μεγάλοις
1332 3639 1528 3703 ὅπλοις
1578 3646 1695 3702 τοῖς
1733 3638 1997 3716 συλλογι-

338 3736 508 3802 σμοῖς
536 3731 652 3785 κατ’
683 3729 847 3785 αὐτοῦ
878 3731 1184 3807 χρώμενοι.
1217 3731 1274 3784 Ὀ
1306 3727 1363 3785 δὲ
1392 3728 1778 3801 ἀπωθούμενος
1820 3728 1995 3785 αὐτῶν

335 3819 436 3874 τὸν
478 3817 673 3894 λῆρον,
725 3818 787 3874 οὗ
821 3819 1137 3895 συνέτρεχεν
1187 3819 1361 3875 αὐτῶν
1406 3823 1474 3893 τῇ
1526 3815 1821 3893 πανούργῳ
1866 3817 1996 3872 πεύ-

340 3930 448 3981 σει,
484 3906 627 3964 ἀλλᾶ
671 3910 762 3963 καὶ
808 3908 1227 3979 ἀκατάπληκτος
1274 3904 1347 3963 ὥν
1378 3905 1556 3983 λέγειν
1587 3908 1687 3963 οὐκ
1713 3907 1993 3985 ἀφίστατο.

334 3998 447 4055 Καί
504 3999 633 4053 ποτέ
690 4018 772 4059 τις
833 3995 1129 4067 διαπαίζων
1191 3995 1346 4068 δῆθεν
1408 3996 1567 4053 αὐτὸν
1627 3996 1989 4053 ἐπυνθάνετο.

334 4088 442 4141 Διά
467 4086 540 4153 τί,
589 4085 633 4141 ὦ
678 4086 757 4141 νέε
805 4084 1117 4156 διδάσκαλε,
1164 4086 1367 4161 κώνωψ
1398 4086 1628 4161 ἐγένετο,
1659 4085 1748 4141 καὶ
1783 4086 1993 4161 βραχύ-

331 4196 501 4237 τατος
549 4173 644 4247 ὢν,
692 4176 749 4246 ’ἐξ
779 4174 949 4238 πόδας
1002 4172 1145 4252 ἔχων
1196 4177 1285 4231 καὶ
1336 4176 1505 4249 πτερά
1554 4174 1701 4253 φέρει
1737 4195 1749 4208 ·
1794 4174 1991 4252 ἐλέφας

340 4262 405 4319 δὲ
446 4265 508 4318 τὸ
561 4265 811 4340 μέγιστον
864 4270 1001 4334 ζῶον
1049 4267 1279 4342 ἄπτερος
1330 4263 1436 4336 ὥν,
1491 4263 1746 4340 τέσσαρας
1798 4263 1993 4337 μόνους

339 4350 460 4429 ἔχει
488 4351 654 4416 πόδας
686 4373 699 4423 ;
732 4355 787 4407 '0
818 4351 875 4408 δὲ
901 4355 999 4422 τὴν
1034 4352 1383 4409 διδασκαλίαν
1413 4375 1548 4429 προς
1577 4355 1677 4423 τήν
1724 4353 1989 4429 ἐρώτησιν

345 4443 541 4516 μικρὸν
577 4441 841 4517 ἐπισχὼν,
866 4441 1123 4515 οὐδεμιᾶς
1169 4442 1352 4515 μέντοι
1380 4441 1460 4516 τῷ
1491 4442 1820 4517 ἐρωτήσαντι
1852 4442 1990 4518 πρὸς

340 4536 513 4586 ταῦτα
570 4529 831 4603 μεταδοὺς
885 4531 1221 4605 ἀποκρίσεως
1258 4578 1271 4599 ,
1326 4532 1417 4587 τὸν
1475 4531 1567 4586 ἀπ’
1616 4531 1795 4607 ἀρχῆς
1844 4530 1991 4602 αὐτῷ

2115 582 2449 647 subvectus,
2496 583 2684 639 ventis
2733 584 3201 651 adversantibus,
3258 600 3361 656 pro
3399 583 3603 639 Judma
3689 584 3761 639 ad

2114 685 2291 740 quam
2324 670 2890 743 deferricupiebam,
2927 672 3330 727 Alexandriam
3391 671 3611 743 appuli.
3677 671 3761 728 Ibi

2115 764 2312 814 autem
2380 761 2451 815 ad
2531 760 2909 832 philosophos
2992 762 3346 816 ventitabam
3435 762 3764 832 (ventorum

2116 848 2329 919 quippe
2343 848 2427 903 vis
2449 849 2641 904 adhuc
2666 850 3092 921 navigationem
3118 850 3766 921 inhibebat),petebam-

2115 952 2228 1008 que
2279 942 2341 992 ut
2388 937 2619 1011 singula
2665 940 2817 994 clare
2870 944 3208 995 enarrarent
3253 939 3324 994 de
3379 954 3443 993 eo
3506 956 3760 1011 rumore,

2118 1041 2291 1097 quem
2316 1026 2365 1081 is
2397 1028 2494 1099 qui
2528 1028 2722 1083 Roma
2754 1033 3098 1100 conspectus
3124 1029 3310 1082 fuerat
3329 1028 3760 1099 annuntiasset,

2118 1132 2184 1170 ac
2215 1132 2481 1187 quaenam
2520 1117 2613 1173 ille
2643 1117 3019 1189 divulgasset.
3051 1119 3123 1171 At
3152 1116 3236 1171 illi
3295 1118 3763 1188 responderunt:

2118 1202 2278 1259 Talis
2309 1205 2602 1277 quispiam
2634 1223 2706 1261 an
2729 1206 2926 1261 Romae
2950 1205 3109 1261 visus
3142 1203 3340 1274 fuerit,
3377 1204 3548 1276 plane
3578 1205 3766 1261 nesci-

2116 1309 2294 1360 mus;
2330 1294 2399 1349 de
2429 1310 2494 1350 eo
2525 1299 2717 1350 autem
2752 1295 2853 1366 qui
2886 1294 2945 1350 in
2967 1295 3187 1361 Judaaa,
3230 1294 3410 1365 degit,
3469 1297 3525 1350 et
3589 1294 3772 1350 Filius

2116 1381 2219 1437 Dei
2244 1398 2371 1439 esse
2392 1400 2426 1439 a
2445 1383 2603 1439 fama
2636 1384 3350 1455 praedicatumaudivimus
3376 1401 3410 1438 a
3441 1382 3644 1438 multis
3668 1384 3768 1456 qui

2116 1469 2279 1526 illinc
2306 1478 2674 1540 venerunt,et
2704 1472 3100 1528 intelleximus
3136 1473 3206 1527 de
3236 1471 3608 1528 mirabilibus
3639 1488 3766 1528 om-

2119 1559 2293 1615 nibus
2315 1578 2442 1629 quze
2472 1562 2595 1617 solo
2626 1562 2802 1617 etiam
2826 1563 2998 1618 verbo
3030 1561 3233 1617 edidit.

2188 1667 2277 1722 IX.
2311 1668 2381 1722 Et
2406 1684 2538 1722 cum
2564 1668 2815 1725 dicerem
2844 1685 3056 1741 cupere
3086 1685 3179 1725 me
3199 1668 3257 1722 in
3291 1667 3652 1739 colloquium
3675 1684 3767 1724 ve-

2117 1755 2241 1811 nire
2270 1773 2403 1812 cum
2440 1757 2636 1828 aliquo
2669 1774 2870 1813 eorum
2903 1758 3001 1829 qui
3035 1757 3202 1812 illum
3260 1758 3566 1822 vidissent,
3590 1762 3765 1829 atque

2117 1845 2188 1899 de
2219 1861 2284 1900 eo
2308 1845 2510 1901 audire
2540 1862 2903 1917 quaecunque
2936 1847 3368 1918 scirecuperem
3394 1846 3770 1916 ;excipientes

2118 1932 2202 1988 illi
2233 1934 2505 1990 dixerunt
2530 1951 2542 1988 :
2570 1939 2669 1990 Est
2709 1934 2803 1989 hic
2834 1935 3098 2007 quidam,
3133 1934 3231 2007 qui
3264 1951 3378 1990 non
3403 1935 3593 1990 solum
3622 1936 3769 1992 vidit

2118 2024 2381 2093 eum,sed
2406 2027 2547 2078 etex
2578 2041 2645 2079 ea
2694 2023 2924 2096 regione
2982 2023 3266 2079 oriundus
3324 2028 3432 2090 est,
3488 2023 3760 2093 eximius,

2119 2111 2354 2167 nomine
2384 2112 2701 2178 Barnabas,
2736 2112 2832 2185 qui
2858 2129 2919 2168 se
2950 2111 3127 2167 etiam
3161 2112 3243 2167 ait
3272 2129 3455 2166 unum
3504 2128 3632 2168 esse
3688 2128 3762 2168 ex

2116 2199 2604 2273 discipulisillius
2638 2227 2651 2268 ;
2684 2207 2741 2257 et
2770 2201 2865 2257 hic
2891 2202 3104 2257 alicubi
3135 2202 3363 2268 sedens,
3398 2218 3524 2273 quas
3564 2202 3635 2256 ab
3663 2200 3763 2257 illo

2118 2290 2410 2363 promissa
2439 2295 2597 2360 sunt,
2624 2290 2833 2346 talium
2864 2290 3078 2363 dignis,
3109 2291 3159 2345 ei
3218 2291 3320 2362 qui
3375 2290 3510 2346 velit
3566 2294 3764 2346 narrat

2117 2379 2290 2435 ultro.
2325 2384 2392 2434 Et
2421 2380 2658 2452 quidem
2677 2381 2747 2435 ad
2779 2380 2970 2435 locum
3003 2380 3061 2434 in
3081 2396 3195 2451 quo
3226 2380 3313 2434 vir
3334 2380 3535 2435 sedere
3555 2378 3762 2436 solitus

2117 2474 2241 2525 erat
2260 2468 2409 2535 veni,
2442 2473 2617 2539 atque
2646 2469 2772 2540 ipse
2803 2485 3034 2541 quoque
3064 2485 3199 2540 pars
3220 2468 3302 2523 fui
3324 2468 3761 2525 circumstantis

2119 2557 2534 2625 multitudinis,
2560 2557 2809 2630 stetique
2839 2557 3083 2614 audiens
3111 2574 3235 2628 quae
3266 2558 3496 2612 dicebat
3522 2574 3535 2611 :
3572 2572 3636 2612 ac
3665 2557 3760 2612 in-
3835 2572 3838 2579 '

2114 2646 2309 2702 tellexi
2330 2664 2463 2703 vera
2500 2664 2633 2702 eum
2667 2664 2780 2702 non
2836 2646 3140 2702 dialectica
3188 2645 3306 2701 ulla
3354 2650 3474 2701 arte
3530 2647 3757 2716 docere,

2116 2736 2215 2792 sed
2248 2737 2391 2792 adeo
2423 2736 2549 2792 sine
2578 2736 3074 2808 praameditatione
3101 2752 3165 2791 ac
3197 2734 3539 2806 simpliciter
3580 2752 3757 2808 expo-

2114 2842 2252 2881 nere
2282 2842 2409 2897 quza
2440 2826 2704 2881 audierat
2733 2830 2790 2881 et
2819 2825 3042 2881 viderat
3070 2825 3169 2880 Dei
3196 2824 3429 2888 Filium,
3454 2825 3553 2897 qui
3578 2842 3758 2897 appa-

2114 2914 2251 2985 ruit,
2272 2915 2479 2970 fecisse
2508 2932 2573 2970 ac
2595 2914 2826 2971 dixisse.
2859 2914 3069 2970 Multos
3101 2919 3293 2970 autem
3324 2919 3504 2969 testes
3554 2916 3758 2970 verbo-

2113 3021 2242 3059 rum
2279 3020 2343 3059 ac
2375 3003 2730 3058 mirabilium
2764 3021 2889 3075 quas
2922 3004 2992 3058 ab
3025 3004 3151 3075 ipso
3176 3003 3638 3075 proferebantur,
3691 3020 3760 3059 ex

2112 3092 2241 3165 ipsa
2271 3093 2583 3149 assistente
2614 3092 2780 3165 plebe
2810 3094 3184 3165 producebat.

2182 3290 2249 3345 Χ.
2280 3289 2497 3345 Verum
2531 3288 2671 3360 quia
2700 3289 2771 3343 ad
2801 3304 2869 3343 ea
2895 3306 3021 3358 qum
3053 3289 3125 3344 ab
3156 3288 3283 3359 ipso
3328 3288 3574 3344 candide
3605 3289 3759 3345 dice-

2110 3379 2349 3446 bantur,
2376 3378 2624 3433 libenter
2654 3376 2903 3449 p0pulus
2928 3377 3332 3448 acquiescebat
3357 3394 3371 3444 ς
3398 3377 3758 3450 philosophi,

2111 3473 2310 3540 utpote
2340 3468 2439 3537 qui
2471 3483 2537 3521 ex
2561 3466 2807 3536 hujusce
2842 3467 3043 3520 mundi
3067 3466 3375 3538 disciplina
3398 3466 3756 3538 prodierant,

2110 3556 2399 3613 ludificari
2421 3573 2552 3611 eum
2579 3572 2644 3611 ac
2670 3555 2856 3610 ridere
2888 3555 3615 3624 ordiebantur,immodica
3647 3574 3750 3610 au-

2109 3647 2276 3701 dacia
2297 3644 2633 3701 cavillantes
2666 3648 2837 3716 atque
2869 3643 3096 3716 probris
3129 3644 3506 3715 incessentes,
3556 3649 3613 3699 et
3659 3645 3758 3701 ad-

2106 3752 2310 3791 versus
2342 3750 2474 3790 eum
2500 3738 2731 3789 utentes
2764 3732 3121 3805 syllogismis
3151 3740 3431 3804 tanquam
3454 3733 3635 3789 armis
3658 3749 3759 3805 po-

2106 3826 2386 3881 tentibus.
2414 3826 2479 3879 At
2505 3822 2601 3877 ille
2633 3821 2881 3893 ineptias
2912 3838 3111 3876 eorum
3163 3821 3469 3892 repellens,
3528 3826 3757 3879 versute

2103 3913 2366 3986 ipsorum
2398 3910 2836 3983 interrogationi
2864 3928 2977 3966 non
3002 3912 3362 3981 occurrebat,
3415 3927 3613 3966 verum
3646 3911 3752 3966 im-

2104 4001 2447 4074 perterritus
2479 4018 2593 4056 non
2627 4000 2931 4056 desinebat
2962 3998 3142 4070 loqui.
3178 4000 3244 4054 Et
3272 3998 3587 4071 aliquando
3620 3999 3752 4071 qui-

2103 4091 2239 4146 dam
2262 4090 2634 4161 jocabundus
2664 4090 2905 4160 rogabat
2934 4105 3067 4144 eum
3095 4105 3107 4144 ε
3143 4090 3352 4155 Quare,
3381 4106 3412 4143 ο
3449 4105 3595 4143 nove
3643 4089 3746 4144 do-
3786 4100 3787 4107 ‘

2102 4184 2245 4248 ctor,
2276 4179 2357 4234 ita
2388 4180 2576 4234 factus
2607 4182 2697 4233 est
2718 4177 2901 4245 culex,
2937 4182 3000 4232 ut
3026 4177 3308 4233 minimus
3356 4177 3633 4241 existens,
3691 4180 3749 4233 et

2102 4285 2202 4325 sex
2224 4269 2399 4340 pedes
2430 4268 2670 4335 nabens,
2704 4266 3064 4338 insuperque
3095 4266 3217 4322 alas
3248 4272 3408 4339 gerat
3442 4285 3454 4334 ;
3507 4266 3743 4337 elephas

2099 4373 2254 4426 vero,
2287 4358 2606 4412 maximum
2642 4356 2879 4422 animal,
2920 4373 3053 4411 cum
3087 4362 3279 4411 careat
3309 4355 3437 4426 alis,
3496 4362 3749 4428 quatuor

2100 4450 2329 4502 tantum
2353 4446 2527 4518 pedes
2550 4445 2761 4500 habeat
2789 4445 2816 4499 ?
2839 4445 2937 4501 Ille
2966 4450 3159 4500 autem
3180 4446 3445 4500 doctrina
3473 4446 3543 4500 ad
3570 4447 3746 4500 inter-

2100 4535 2461 4607 rogationem
2485 4532 2784 4605 paulisper
2813 4533 3256 4598 cohibita,nullo
3287 4538 3483 4588 tamen
3524 4534 3595 4588 de
3653 4533 3746 4589 bis

342 4620 703 4694 προκείμενον
753 4618 906 4681 αὖθις
944 4615 1288 4694 ἀνελάμϐανε
1346 4618 1554 4695 λόγον·
1608 4605 1787 4693 τοότῳ
1844 4618 1994 4692 μόνῳ

2111 4605 2239 4678 dato
2272 4639 2551 4695 responso
2583 4623 2654 4677 ad
2683 4639 2815 4677 eum
2847 4622 2947 4693 qui
3004 4624 3479 4695 interrogaverat,
3522 4638 3746 4677 sermo—

342 4710 627 4784 προοιμίῳ
682 4710 799 4763 καθ’
846 4706 1073 4779 ἑκάστην
1132 4708 1371 4784 ἐγκοπὴν
1429 4710 1753 4785 χρώμενος·
1803 4709 1990 4781 Ἡμεῖς

335 4804 438 4855 τοῦ
469 4800 776 4873 πέμψαντος
808 4801 956 4871 ἡμᾶς
1001 4797 1129 4859 τοὺς
1178 4797 1379 4874 λόγους
1419 4799 1508 4853 καὶ
1538 4799 1633 4860 τὰς
1662 4796 1991 4871 θαυμασίους

338 4888 557 4961 πράξεις
605 4887 772 4943 εἰπεῖν
822 4888 948 4960 ὑμῖν
1004 4887 1165 4961 μόνον
1219 4886 1420 4964 ἔχομεν
1468 4886 1713 4957 έντολήν,
1745 4886 1834 4941 καὶ
1878 4885 1992 4942 ἀντὶ

333 4984 439 5047 τῆς
500 4975 727 5053 λογικῆς
775 4973 1104 5047 ἀποδείξεως
1164 4976 1438 5053 μάρτυρας
1494 4975 1808 5051 παρέχομεν
1864 4974 1989 5048 ὑμῖν

332 5070 443 5121 τῶν
487 5065 711 5129 ἐνταῦθα
758 5066 1118 5141 παρεστώτων
1169 5064 1437 5128 πολλούς’
1491 5062 1684 5120 λοιπὸν
1727 5070 1829 5133 τῆς
1858 5063 1990 5137 ὗμε-

334 5154 492 5231 τέρας
550 5153 690 5209 ἐστὶν
751 5152 1015 5227 ἐξουσίας,
1078 5152 1316 5210 ὑπείκειν
1374 5153 1409 5224 ἢ
1466 5153 1723 5217 ἀπειθεῖν.
1778 5155 1884 5206 Τοῦ
1934 5148 1991 5207 δὲ

338 5242 519 5319 λέγειν
554 5243 679 5317 ὑμῖν
726 5243 789 5298 τὸ
840 5244 1137 5321 συμφέρον,
1172 5242 1234 5297 οὗ
1282 5242 1582 5317 παύσομαι,
1614 5240 1697 5297 ὅτι
1737 5240 1861 5314 ἐμοὶ
1896 5241 1991 5315 μὲν

344 5331 518 5406 ζημία
544 5332 607 5387 τὸ
652 5335 886 5405 σιωπᾷν,
919 5331 1049 5404 ὑμῖν
1103 5328 1163 5386 δὲ
1206 5332 1269 5387 τὸ
1317 5333 1554 5397 ἀπειθεῖν
1601 5325 1805 5407 βλάϐη.
1840 5327 1991 5386 Ἐδο-

338 5421 519 5496 νάμην
571 5422 666 5496 μὲν
714 5418 805 5476 οῦν
835 5420 925 5475 καὶ
965 5418 1183 5476 εἰκαίων
1215 5420 1368 5494 ὐμῶν
1414 5416 1825 5497 προϐλημάτων
1860 5420 1992 5474 ἀπο-

342 5509 533 5568 δοῦναι
574 5510 668 5573 τὰς
718 5506 1036 5582 ἀποδείξεις,
1087 5506 1195 5586 εἷ’γε
1240 5509 1563 5581 ὴιλαλήθως
1614 5508 1799 5585 ἑώρων
1846 5507 1987 5581 ὑμᾶς

340 5602 467 5677 περὶ
510 5599 715 5655 τοότων
764 5597 1231 5673 πυνθανομένους’
1293 5599 1562 5661 κώνωπος
1620 5595 1678 5653 δὲ
1731 5598 1821 5652 καὶ
1869 5595 1987 5653 ἐλέ-

339 5709 539 5772 φαντος
592 5688 693 5762 τήν
751 5686 925 5745 αἰτίαν
972 5689 1070 5760 τῆς
1117 5684 1378 5768 διαφόρου
1433 5685 1837 5766 δημιουργίας,
1890 5691 1981 5745 νῦν

2103 4729 2235 4768 nem
2268 4728 2441 4783 quem
2474 4712 2547 4766 ab
2579 4711 2745 4766 initio
2787 4711 2899 4766 sibi
2958 4718 3341 4783 proposuerat
3395 4711 3743 4783 resumpsit;

2102 4800 2210 4856 hoc
2242 4800 2366 4856 solo
2396 4806 2570 4856 utens
2600 4800 2878 4872 prooemio
2919 4801 2977 4855 in
3019 4817 3369 4872 unaquaque
3412 4799 3743 4872 interpella-

2100 4888 2463 4945 tionezNobis
2495 4889 2913 4943 demandatum
2938 4889 3306 4944 solummodo
3338 4892 3447 4955 est,
3487 4892 3551 4944 ut
3580 4888 3745 4943 vobis

2101 4993 2403 5033 sermones
2451 4994 2515 5033 ac
2548 4977 2841 5033 mirabilia
2865 4977 3017 5033 facta
3049 4977 3204 5033 illius
3263 4978 3361 5051 qui
3420 4978 3583 5033 misit
3638 4993 3746 5034 nos

2101 5082 2440 5122 enarremus
2473 5082 2485 5120 :
2529 5082 2595 5121 ac
2624 5083 2727 5139 pro
2758 5066 3257 5122 demonstratione
3286 5066 3606 5134 dialectica,
3667 5071 3747 5122 te-

2100 5159 2219 5212 stes
2247 5155 2411 5211 vobis
2442 5154 2820 5226 producimus
2845 5171 3045 5211 eorum
3073 5155 3173 5228 qui
3204 5156 3298 5210 hic
3330 5156 3567 5212 adstant
3592 5153 3746 5210 mul-

2097 5247 2227 5301 tos:
2258 5248 2532 5300 caeterum
2555 5243 2614 5298 in
2647 5247 2841 5298 vestra
2871 5248 3157 5316 potestate
3186 5248 3294 5313 est,
3340 5244 3605 5315 obsequi,
3656 5241 3745 5299 vel

2098 5333 2274 5389 ﬁdem
2309 5349 2422 5389 non
2455 5332 2685 5388 habere.
2719 5332 2837 5405 Ego
2870 5338 3023 5389 certe
3052 5350 3164 5389 non
3195 5335 3435 5389 cessabo
3464 5331 3629 5389 vobis
3650 5348 3744 5388 ex-

2096 5438 2310 5494 ponere
2367 5423 2518 5493 quod
2577 5420 2722 5477 utile
2769 5425 2913 5478 est:
2964 5423 3239 5495 quoniam
3294 5422 3438 5477 mihi
3504 5420 3743 5493 quidem

2095 5510 2380 5567 damnum
2408 5515 2519 5582 est,
2551 5514 2784 5578 tacere;
2828 5510 2993 5566 vobis
3049 5527 3181 5567 vere
3237 5528 3403 5581 noxa,
3458 5526 3571 5565 non
3630 5525 3744 5566 cre-

2096 5600 2253 5657 dere.
2280 5598 2568 5671 Equidem
2602 5614 2838 5671 possem
2896 5600 3137 5656 reddere
3186 5598 3440 5656 rationes
3484 5597 3742 5656 futilium

2094 5693 2421 5747 vestrarum
2462 5688 2879 5761 questionum,
2910 5687 2963 5746 si
3020 5686 3275 5746 viderem
3332 5704 3432 5748 vos
3488 5689 3560 5748 de
3608 5686 3740 5748 istis
