4082 6208
250 360 371 419 479

1076 364 1141 424 S.
1188 365 1630 429 CLEMENTIS
1675 368 1699 428 l
1745 366 1936 429 ROM.
1980 368 2211 429 PONT.
2255 366 2518 428 OPEBA
2560 366 2827 429 DUBIA.

3527 368 3641 428 480

250 491 515 547 veritatis
545 491 737 547 studio
760 494 1083 563 percontari
1110 511 1121 548 :
1148 512 1347 552 verum
1380 513 1619 553 causam
1654 498 1892 553 diversae

2016 496 2139 569 ὑμῖν
2173 495 2272 551 οὐκ
2321 491 2569 572 εὔκαιρον
2622 494 2787 550 εἰπεῖν
2832 498 2947 555 τοῖς
2993 495 3038 530 ³⁸
3086 496 3190 547 τῶν
3224 490 3367 549 ὅλων
3402 491 3640 569 ἀγνοοῦσι

251 579 560 634 creationis
591 580 791 637 culicis
817 586 869 636 et
901 581 1219 655 elephanti,
1254 603 1410 641 nunc
1460 587 1622 643 vobis
1673 587 1897 658 aperire

243 667 723 738 intempestivum
748 676 923 740 esset,
970 672 1070 745 qui
1134 678 1311 729 Deum
1373 677 1639 731 omnium
1701 692 1895 731 rerum

246 754 549 827 ignoratis.

310 862 403 917 XI.
438 862 564 918 Haec
617 881 681 919 eo
737 866 984 937 dicente,
1046 868 1130 922 illi
1193 870 1492 925 communi
1584 887 1895 939 consensu,

250 951 502 1007 multum
534 969 598 1007 ac
630 954 988 1025 petulantem
1022 957 1205 1012 risum
1242 960 1665 1026 emiserunt,ad
1702 965 1898 1030 stupo-

249 1055 369 1093 rem
395 1056 462 1095 ac
516 1042 746 1097 consilii
808 1044 1065 1116 inopiam
1119 1046 1372 1101 nitentes
1429 1064 1563 1102 eum
1611 1048 1895 1120 redigere,

246 1128 422 1184 veluti
456 1131 766 1187 barbarum
812 1135 1125 1204 quemdam
1159 1152 1225 1191 ac
1268 1136 1563 1191 insanum.
1598 1138 1730 1201 Quae
1760 1154 1894 1192 cum

245 1233 351 1289 ego
384 1218 662 1285 intuerer,
696 1221 890 1277 animo
923 1224 1068 1295 coepi
1096 1223 1465 1295 incalescere,
1510 1243 1575 1281 ac
1624 1225 1744 1281 zelo
1793 1243 1892 1281 ne-

243 1306 363 1363 scio
394 1324 509 1378 qua
535 1310 756 1365 ratione
795 1318 1118 1383 correptus,
1154 1318 1343 1368 tacere
1393 1330 1505 1368 non
1557 1314 1739 1386 potui,
1793 1314 1893 1369 sed

245 1411 377 1450 cum
415 1397 626 1453 fiducia
656 1398 771 1453 dixi
808 1416 820 1453 :
853 1401 991 1456 Jure
1025 1401 1197 1471 Deus,
1232 1418 1263 1456 ο
1297 1401 1586 1473 homines,
1629 1403 1895 1459 volunta-

246 1487 369 1539 tem
389 1501 554 1540 suam
587 1485 1241 1559 incomprehensibilem
1276 1490 1434 1546 vobis
1465 1490 1897 1563 fecit,indignos

251 1589 355 1628 vos
388 1575 717 1645 prmsciens,
750 1577 900 1632 sicut
929 1577 1428 1649 inpraesentiarum
1462 1581 1562 1634 dat
1592 1580 1759 1651 plene
1812 1580 1899 1634 in-

251 1661 511 1733 telligere
541 1663 613 1718 iis
645 1665 741 1735 qui
779 1666 990 1720 mentis
1029 1666 1252 1737 judicio
1308 1673 1572 1722 utuntur.
1627 1669 1898 1732 Quando-

252 1751 491 1822 quidem
524 1753 678 1806 enim
713 1771 867 1809 nunc
893 1756 1019 1823 ejus
1043 1756 1357 1811 voluntatis
1388 1773 1681 1827 praecones
1732 1756 1896 1813 missi

2009 585 2160 641 Θεόν.

2079 870 2170 924 XI.
2204 870 2380 921 Ταῦτα
2429 865 2594 921 αὑτοῦ
2654 865 2929 942 λέγοντος,
2989 864 3048 920 ὲκ
3095 864 3408 943 συμφωνίας
3457 864 3639 921 ἐκεῖνοι

2008 955 2179 1012 πολὺν
2228 956 2317 1011 καὶ
2368 954 2593 1011 ἄτακτον
2648 955 2870 1033 ἠφίεσαν
2928 954 3162 1030 γέλωτα,
3214 954 3289 1015 εἷς
3345 953 3640 1031 ἀμηχανίαν

2006 1045 2163 1100 αὐτὸν
2244 1039 2543 1118 ἐμϐάλλειν
2622 1044 3011 1119 πειρώμενοι,
3065 1042 3305 1117 καθάπερ
3386 1039 3640 1119 βάρϐαρόν

2004 1155 2125 1189 τινα
2167 1134 2259 1189 καὶ
2312 1133 2658 1207 μαινόμενον.
2712 1134 2854 1207 Ἐγὼ
2900 1130 2957 1187 δὲ
3006 1136 3173 1187 ταῦτα
3224 1132 3399 1205 ὀρῶν,
3449 1129 3642 1207 διαθερ-

2012 1222 2275 1296 μαίνομαι
2305 1224 2403 1291 τὴν
2438 1222 2645 1298 ψυχὴν,
2694 1222 2783 1276 καὶ
2835 1218 2990 1294 ζήλῳ
3034 1220 3134 1275 οὐκ
3181 1217 3283 1274 οἶδ’
3330 1219 3477 1283 ὅπως
3518 1220 3643 1299 ληφ-

2009 1313 2140 1376 θεὶς,
2201 1316 2351 1389 σιγᾷν
2414 1310 2524 1386 οὐχ
2580 1308 2873 1383 ὑπέμενον,
2934 1308 3079 1365 ἀλλά
3140 1307 3273 1381 μετᾶ
3333 1307 3644 1384 παρρησίας,

2009 1399 2275 1476 εὐλόγως,
2338 1399 2568 1468 εἶπον,ὁ
2620 1400 2749 1461 Θεὸς
2797 1399 2947 1471 ὑμῖν,
2982 1399 3027 1452 ὦ
3058 1395 3232 1465 οὗτοι,
3285 1397 3648 1467 ἀκατάληπτον

2004 1491 2103 1558 τὴν
2155 1489 2320 1544 αὐτοῦ
2373 1487 2638 1565 βούλησιν
2688 1484 2856 1559 ἔθετο,
2911 1486 3158 1557 ἀναξίους
3210 1486 3351 1559 ὑμᾶς
3398 1484 3646 1561 προϊδὼν,

2008 1578 2060 1649 ἐξ
2109 1579 2182 1632 ὧν
2232 1581 2324 1632 νῦν
2371 1576 2499 1639 τοὺς
2547 1577 2787 1648 κριτικὸν
2847 1580 2968 1630 νοῦν
3020 1570 3252 1651 ἔχοντας
3293 1574 3646 1653 πληροφορῶν

2008 1666 2268 1745 φαίνεται.
2307 1665 2454 1721 Ἐπεὶ
2484 1666 2586 1741 γὰρ
2635 1670 2722 1719 νῦν
2768 1672 2871 1733 τῆς
2918 1663 3082 1719 αὑτοῦ
3130 1663 3449 1739 βουλήσεως
3493 1666 3648 1740 κήρυ-

2007 1776 2099 1817 κες
2158 1752 2590 1825 ἐξαπεστάλησαν
2626 1798 2641 1824 ,
2700 1753 2761 1808 οὐ
2818 1754 2988 1829 τέχνῃ
3057 1752 3162 1807 τινὶ
3238 1752 3329 1806 καὶ
3406 1751 3648 1827 ῥητορεία

252 1844 408 1906 sunt,
440 1842 534 1911 qui
588 1859 700 1896 non
732 1848 855 1897 arte
906 1843 1105 1914 aliqua
1149 1851 1207 1899 et.
1256 1846 1563 1899 verborum
1613 1846 1898 1901 rhetorico

2016 1841 2211 1919 λόγων,
2262 1840 2389 1898 ἀλλ’
2442 1841 2632 1905 ἁπλῶς
2678 1841 2822 1897 οὕτω
2865 1842 2955 1897 καὶ
3005 1841 3448 1917 ἀπανουργεύτως
3478 1843 3519 1877 ³⁷
3555 1842 3645 1910 τὴν

253 1931 586 1998 ornatu,sed
621 1931 967 2003 simpliciter
996 1938 1228 1988 tantum
1253 1939 1310 1988 et
1342 1934 1567 2005 absque
1587 1934 1902 1990 calliditate

252 2018 563 2073 consilium
596 2021 721 2087 ejus
756 2023 1339 2093 reprmsentant,adeo
1398 2027 1463 2077 ut
1518 2022 1764 2094 quilibet
1803 2024 1900 2093 qui

253 2108 521 2173 audierit,
556 2108 839 2181 intelligat
880 2128 1006 2181 quae
1046 2111 1357 2178 dicuntur;
1389 2112 1608 2167 adestis
1656 2128 1778 2178 vos,
1840 2116 1903 2167 ut

255 2213 371 2251 non
402 2196 741 2269 intelligetis
773 2200 925 2269 quod
953 2200 1116 2254 vobis
1148 2200 1398 2271 expedit,
1450 2205 1630 2271 utque
1684 2202 1900 2255 damno

251 2289 441 2339 vestro
472 2286 709 2341 rideatis
751 2288 1071 2359 veritatem,
1110 2306 1233 2360 quas
1286 2288 1441 2344 inter
1490 2290 1769 2345 barbaros
1828 2290 1899 2344 ad

249 2379 504 2430 vestram
538 2377 1081 2432 condemnationem
1131 2383 1416 2444 versatur,
1476 2395 1775 2451 quamque
1829 2379 1900 2434 ad

248 2479 348 2517 vos
380 2464 781 2519 advenientem
812 2483 926 2521 non
957 2466 1135 2521 vultis
1173 2467 1424 2538 hospitio
1459 2467 1733 2538 recipere,
1766 2484 1899 2539 pro-

251 2556 380 2625 pter
408 2551 679 2608 libidines
710 2559 953 2622 vestras,
978 2560 1034 2610 et
1054 2556 1363 2611 verborum
1402 2555 1563 2611 illius
1595 2554 1898 2625 vilitatem,

252 2658 324 2697 ne
355 2642 708 2715 arguamini,
740 2643 1070 2699 inconsulto
1103 2644 1380 2716 philologi
1414 2661 1561 2711 esse,
1612 2650 1900 2700 amatores

254 2747 616 2799 sermonum,
644 2749 757 2787 non
782 2738 977 2787 autem
1023 2734 1140 2788 veri
1187 2733 1539 2805 phil030phi,
1600 2734 1902 2806 sapientiae

260 2820 532 2877 studiosi.
562 2822 875 2894 Quousque
906 2840 1040 2895 ergo
1092 2823 1315 2879 discitis
1373 2823 1555 2895 loqui,
1601 2824 1699 2896 qui
1758 2825 1904 2880 bene

256 2908 420 2979 loqui
465 2910 751 2966 nescitis?
798 2911 975 2967 Multa
1028 2913 1185 2967 enim
1226 2914 1401 2967 verba
1458 2930 1581 2983 quae
1614 2912 1903 2984 profertis,

266 2998 444 3053 unius
501 2999 657 3052 verbi
715 3001 898 3071 pretio
948 3017 1062 3056 non
1121 3006 1257 3056 sunt
1305 3002 1667 3057 aestimanda.
1757 3002 1903 3065 Quid

266 3090 462 3142 autem
494 3091 550 3142 et
579 3088 731 3143 dicet
760 3089 956 3144 Graeca
982 3095 1176 3145 vestra
1214 3090 1550 3156 multitudo,
1609 3091 1908 3146 unanimis

266 3173 580 3245 aliquando
604 3177 772 3245 facta,
807 3178 854 3232 si
881 3180 1171 3248 judicium
1198 3179 1458 3234 futurum
1518 3183 1628 3247 est,
1685 3184 1751 3235 ut
1796 3178 1907 3235 iste

267 3264 348 3320 ait
372 3264 785 3331 ?Quare,Deus.
814 3266 1169 3322 voluntatem
1202 3272 1363 3323 tuam
1420 3285 1534 3323 non
1580 3268 1907 3340 praedicasti
1937 3238 1979 3305 C

266 3354 436 3408 nobis
457 3354 484 3408 ?
509 3354 854 3410 Nullatenus
885 3356 1204 3411 audiemini
1236 3374 1248 3411 :
1273 3356 1355 3412 vel
1388 3358 1532 3413 forte
1561 3362 1617 3413 et
1647 3356 1910 3429 aliquam

266 3443 711 3515 responsionem
744 3445 1138 3516 reportabitis,
1172 3446 1514 3516 huiusmodi
1548 3464 1560 3502 :
1592 3447 1707 3518 Ego
1774 3463 1909 3501 cum

267 3547 472 3587 omnes
532 3533 763 3589 futuras
827 3534 1173 3600 voluntates,
1241 3540 1375 3591 ante
1432 3535 1910 3591 constitutionem

264 3622 469 3676 mundi
502 3624 1259 3695 cognoscerem,unicuique
1292 3642 1393 3697 pro
1419 3625 1623 3680 merito
1666 3642 1770 3680 suo
1827 3624 1909 3679 1a-

262 3713 453 3765 tenter
482 3712 729 3781 praevius
757 3713 983 3767 occurri
1022 3730 1034 3767 :
1088 3714 1243 3784 quod
1271 3718 1467 3769 autem
1492 3713 1548 3767 id
1596 3713 1790 3785 ipsum
1834 3714 1913 3768 ita

264 3815 327 3855 se
358 3799 585 3871 habeat,
618 3799 816 3856 volens
849 3801 919 3857 iis
950 3802 1051 3873 qui
1086 3803 1155 3857 ad
1193 3818 1280 3857 me
1311 3804 1720 3874 confugerunt,
1746 3802 1912 3874 plene

265 3888 659 3957 manifestare,
694 3906 799 3944 cur
823 3891 895 3946 ab
919 3891 1106 3957 initio,
1138 3908 1171 3945 a
1204 3891 1410 3962 primis
1438 3891 1912 3964 generationibus

264 3976 625 4033 voluntatem
658 3996 849 4034 meam
885 3979 1075 4050 palam
1118 3997 1233 4035 non
1277 3980 1511 4035 siverim
1572 3980 1909 4051 praedicari;

268 4082 422 4120 nunc
462 4067 614 4121 circa
665 4068 838 4123 finem
894 4068 1110 4134 saeculi,
1173 4086 1466 4140 praecones
1516 4070 1629 4125 mei
1684 4069 1912 4125 consilii

268 4154 398 4208 misi
429 4172 442 4222 ;
477 4154 559 4209 illi
615 4172 747 4211 vero
781 4162 838 4211 et
868 4157 1273 4223 irridentur,et
1303 4158 1675 4214 contumeliis
1728 4160 1911 4214 ati‘ecti

269 4243 632 4298 deluduntur
650 4246 721 4299 ab
754 4244 824 4301 iis
856 4246 955 4317 qui
989 4263 1359 4318 nequaquam
1401 4248 1600 4302 volunt
1651 4248 1913 4318 adjuvari

270 4347 581 4403 meamque
612 4333 926 4388 amicitiam
942 4334 1313 4390 vehementer
1325 4336 1775 4406 repudiarunLO
1790 4352 1912 4390 ma-

2012 1931 2175 1987 αὐτοῦ
2210 1930 2474 2007 βούλησιν
2506 1935 2891 2008 παριστῶντες,
2925 1930 3001 1993 ὡς
3050 1931 3225 1985 πάντα
3270 1930 3539 1985 ὁντιναοῦν
3566 1931 3648 1985 τὸν

2011 2020 2312 2076 ἀκούσαντα
2366 2025 2511 2075 νοεῖν
2570 2021 2638 2075 τὰ
2697 2018 2966 2095 λεγόμενα
2998 2063 3012 2089 ,
3070 2021 3306 2094 πάρεστε
3361 2022 3451 2073 νῦν
3505 2019 3647 2089 ὑμεῖς

2010 2110 2146 2185 πρὸς
2177 2114 2257 2181 τῷ
2291 2110 2366 2182 μή
2398 2113 2540 2163 νοεῖν
2568 2109 2633 2163 τὸ
2684 2108 2810 2181 ὑμῖν
2860 2106 3152 2185 συμφέρον,
3196 2106 3287 2161 ἐπὶ
3330 2104 3399 2181 τῇ
3435 2106 3650 2183 ὑμετέρᾳ

2016 2193 2194 2275 βλάϐῃ
2237 2197 2401 2273 γελᾷν
2454 2200 2553 2267 τὴν
2606 2196 2694 2252 ἐπὶ
2734 2198 2805 2269 τῇ
2844 2197 3077 2273 ὑμετέρᾳ
3113 2193 3378 2269 καταδίκῃ
3408 2194 3650 2251 πολιτευ-

2012 2287 2244 2361 σαμένην
2300 2286 2350 2342 ἐν
2407 2281 2703 2362 βαρϐάροις
2753 2284 3038 2356 ἀλήθειαν,
3072 2286 3140 2354 ἢν
3167 2285 3260 2340 καὶ
3313 2285 3439 2357 ὑμῖν
3472 2281 3649 2355 ἐπιδη-

2016 2379 2260 2450 μήσασαν
2322 2376 2511 2446 ξενίσαι
2574 2374 2635 2431 οὐ
2701 2373 3002 2450 βούλεσθε,
3064 2372 3153 2429 διὰ
3207 2375 3306 2436 τὰς
3380 2372 3653 2449 ἀσελγείας

2016 2465 2165 2539 ὑμῶν
2197 2510 2210 2537 ,
2270 2464 2358 2519 καὶ
2415 2464 2478 2519 τὸ
2538 2461 2688 2519 λιτὸν
2746 2468 2853 2518 τῶν
2910 2462 3093 2539 λόγων
3154 2462 3326 2532 αὐτῆς
3362 2506 3375 2532 ,
3427 2460 3517 2517 ’ίνα
3582 2462 3651 2535 μὴ

2014 2553 2339 2630 έλεγχθῆτε,
2388 2552 2471 2607 ὅτι
2521 2552 2638 2623 εἶιιῆ
2690 2548 2985 2631 φιλόλογοί
3015 2552 3151 2623 ἐστε,
3182 2553 3273 2607 καὶ
3315 2551 3416 2606 οὐκ
3444 2549 3653 2621 ἀληθεῖς

2012 2640 2327 2722 φιλόσοφοι.
2370 2643 2547 2718 Μέχρι
2603 2642 2698 2715 μὲν
2744 2640 2834 2697 οὖν
2865 2662 2997 2697 ποτε
3027 2640 3215 2697 λαλεῖν
3250 2640 3558 2713 μανθάνετε,
3604 2640 3651 2693 oi

2012 2733 2073 2787 τὸ
2118 2730 2303 2793 καλῶς
2354 2730 2540 2787 λαλεῖν
2587 2731 2686 2786 οὐκ
2733 2729 2946 2807 ἔχοντες
2995 2732 3111 2804 (li);
3148 2728 3344 2785 Πολλὰ
3391 2728 3489 2806 γὰρ
3535 2730 3652 2804 παρ’

2018 2822 2168 2895 ὑμῶν
2213 2820 2450 2896 ῥήματα,
2499 2820 2614 2883 ἑνὸς
2659 2820 2757 2876 οὐκ
2805 2818 2922 2893 ἄξια
2964 2819 3161 2895 λόγου.
3209 2818 3271 2873 Τί
3322 2815 3379 2873 δὲ
3428 2818 3525 2894 ἄρα
3569 2817 3651 2873 καὶ

2015 2909 2125 2985 ἐρεῖ
2155 2910 2280 2982 ὑμῖν
2314 2912 2358 2945 ³⁸
2386 2908 2448 2964 τό
2498 2907 2806 2979 Ελληνικὸν
2838 2908 3055 2978 πλῆθος
3098 2908 3194 2981 μία
3222 2910 3378 2984 ψυχή
3411 2928 3540 2962 ποτε
3567 2927 3651 2981 γε-

2013 3000 2263 3072 νόμενον,
2297 2996 2446 3075 είίπερ
2487 2996 2634 3054 ἔσται
2683 2998 2855 3071 κρίσις
2903 2998 2979 3061 ὡς
3031 2997 3187 3058 οὗτός
3238 3018 3373 3074 φησι
3405 3015 3420 3065 ;
3456 2999 3550 3051 Διά
3583 2996 3649 3069 τί,

2014 3090 2061 3144 ὦ
2109 3089 2224 3155 Θεέ,
2277 3089 2377 3157 τὴν
2429 3089 2526 3157 σὴν
2580 3085 2846 3164 βούλησιν
2901 3086 3001 3142 οὑκ
3043 3085 3306 3160 ἐκήρυξας
3357 3087 3541 3158 mihi;
3586 3084 3653 3140 Οὐ

2017 3179 2227 3239 πάντως
2276 3176 2585 3245 ἀκούσεσθε,
2636 3174 2785 3253 είεπερ
2831 3176 2979 3239 τινὸς
3030 3176 3133 3252 ἄρα
3182 3174 3272 3231 καὶ
3328 3174 3656 3250 ἀποκρίσεως

2016 3266 2503 3336 καταξιωθήσεσθε,
2547 3265 2662 3338 ὡς,
2716 3265 2825 3340 ἐγὼ
2872 3266 3043 3327 πάσας
3091 3264 3189 3326 τὰς
3243 3262 3504 3336 ἐσομένας
3560 3264 3659 3339 πρὸ

2016 3348 2333 3423 καταϐολῆς
2380 3354 2591 3427 κόσμου
2644 3354 2986 3430 προαιρέσεις
3038 3351 3228 3425 εἰδὼς,
3279 3354 3490 3425 ἑκάστῳ
3535 3353 3663 3429 πρὸς

2016 3444 2080 3499 τὸ
2112 3442 2274 3498 αὑτοῦ
2306 3444 2448 3516 ἅξιον
2503 3441 2874 3505 λανθανόντως
2924 3445 3360 3517 προαπήντησαο
3412 3446 3568 3496 τοῦτο
3614 3438 3667 3496 δὲ

2022 3531 2148 3587 αὑτὸ
2179 3531 2261 3587 ὅτι
2294 3531 2468 3595 οὕτως
2504 3530 2642 3608 ἔχει,
2684 3530 2978 3608 βουληθεὶς
3023 3532 3150 3594 τοὺς
3197 3530 3667 3609 προσπεφευγότας

2025 3643 2119 3695 μοι
2149 3620 2598 3697 πληροφορῆσαι,
2634 3619 2722 3676 διὰ
2765 3620 2817 3676 τί
2866 3621 3121 3697 ἀπαρχῆς
3172 3618 3232 3676 έκ
3278 3620 3556 3697 προτέρων
3594 3640 3672 3695 γε·

2018 3715 2152 3765 νεῶν
2185 3710 2284 3778 τήν
2321 3708 2461 3783 ἐμὴν
2500 3707 2765 3785 βούλησιν
2796 3709 3029 3783 δημοσίᾳ
3059 3708 3158 3765 οὐκ
3201 3706 3356 3763 εἷάσα
3396 3710 3670 3785 κηρυχθῆ-

2019 3820 2127 3867 ναι,
2185 3803 2275 3853 νῦν
2323 3800 2458 3875 πρὸς
2500 3803 2581 3871 τῷ
2626 3796 2773 3853 τέλει
2827 3802 2924 3853 τοῦ
2987 3797 3109 3873 βίου
3155 3800 3201 3835 ¹⁹
3247 3800 3493 3874 κήρυκας
3540 3796 3670 3869 ἐμῆς

2026 3885 2232 3963 βουλῆς
2264 3885 2579 3957 ἀπέστειλα,
2626 3887 2679 3941 οἳ
2726 3886 2816 3942 καὶ
2866 3885 3161 3962 γελῶνται,
3191 3886 3283 3941 καὶ
3330 3881 3669 3961 ὑϐριζόμενοι

2020 3975 2382 4053 χλευάζονται
2420 3976 2523 4032 ὑπὸ
2550 3980 2656 4031 τῶν
2695 3973 2864 4049 μηδὲν
2919 3974 3245 4053 ὡφελεῖσθαι
3302 3973 3670 4051 βουλομένων,

2020 4066 2109 4121 καὶ
2140 4066 2545 4139 ἐπιτεταμένως
2590 4067 2688 4136 τὴν
2740 4066 2879 4139 ἐμὴν
2928 4063 3115 4143 φιλίαν
3165 4066 3669 4141 παραιτησαμένων.

2021 4157 2089 4209 Ὦ
2123 4154 2372 4230 μεγάλης
2407 4152 2641 4227 ἀδικίας,
2674 4153 2755 4210 ὅτι
2784 4156 2949 4230 μέχρι
2973 4154 3175 4232 φθόνου
3208 4156 3253 4191 ⁸ο
3280 4151 3670 4209 κινδυνεύουσιν

2023 4245 2075 4299 οἱ
2106 4249 2201 4298 τοῦ
2233 4248 2367 4300 Θεοῦ
2394 4246 2651 4321 κήρυκες,
2691 4245 2781 4299 καὶ
2812 4242 2979 4299 ταῦτα
3010 4243 3114 4299 ὑπὸ
3142 4246 3252 4299 τῶν
3298 4242 3375 4305 εἷς
3410 4241 3673 4318 σωτηρίαν

2024 4330 2381 4405 καλουμένων
2418 4331 2648 4409 ἀνδρῶν.

272 4436 450 4493 gnam
508 4422 813 4490 injuriaml
864 4423 1091 4479 invidia:
1133 4424 1307 4479 etiam
1357 4423 1683 4496 periculum
1733 4426 1991 4481 subeunt
2029 4424 2445 4497 praedicatores
2485 4424 2607 4495 Dei,
2640 4424 2813 4496 idque
2852 4439 2956 4496 per
3008 4438 3109 4479 eos
3163 4421 3451 4486 homines,
3485 4419 3579 4490 qui
3609 4417 3674 4474 ad

276 4509 530 4565 salutem
565 4517 865 4567 vocantur.

348 4616 466 4671 XII.
501 4618 635 4681 Quis
669 4635 801 4674 cum
834 4619 1342 4693 dicerem,aliaque
1364 4621 1455 4676 his
1506 4625 1903 4678 consentanea

2105 4622 2219 4676 XII.
2252 4617 2427 4673 Ταῦτά
2478 4639 2582 4691 μου
2624 4616 2881 4695 λέγοντος
2908 4617 2998 4673 καὶ
3044 4616 3111 4672 τὰ
3138 4615 3358 4679 τούτοις
3388 4612 3674 4680 ἀκόλουθα,

279 4705 529 4761 multum
564 4708 620 4761 in
655 4707 821 4780 plebe
843 4713 1033 4764 ortum
1087 4714 1175 4765 est
1224 4726 1530 4766 murmur:
1593 4715 1765 4781 atque
1822 4709 1918 4765 alii

2030 4705 2206 4770 πολὺς
2253 4711 2359 4763 τῶν
2412 4702 2600 4783 ὄχλων
2650 4706 2857 4783 ἐγένετο
2905 4704 3173 4780 θρύλλος·
3221 4707 3311 4761 καὶ
3360 4705 3411 4760 οἱ
3464 4703 3556 4777 μὲν
3604 4701 3675 4762 ὡς

278 4796 515 4866 quidem
550 4797 874 4853 Barnabam
899 4798 1262 4865 miserantes,
1298 4799 1440 4854 mihi
1475 4800 1743 4855 favebant
1774 4817 1787 4867 ;
1823 4798 1896 4854 ali

2025 4798 2119 4852 τὸν
2169 4790 2447 4872 Βαρνάϐαν
2500 4795 2773 4859 ἐλεοῦντες
2826 4795 3059 4871 συνῇράν
3110 4814 3224 4869 μοι·
3279 4795 3336 4849 οἱ
3385 4792 3442 4849 δὲ
3470 4790 3670 4862 ἠλίθιοι

274 4900 432 4951 vero,
464 4886 747 4957 quierant
778 4886 996 4957 stolidi,
1030 4888 1282 4959 graviter
1336 4889 1393 4942 in
1444 4903 1537 4942 me
1594 4888 1903 4944 stridebant

2029 4880 2202 4957 ὄντες,
2238 4883 2427 4946 δεινῶς
2472 4886 2590 4941 κατ’
2637 4884 2774 4959 ἐμοῦ
2825 4880 3057 4961 ἔϐρυχον
3097 4884 3226 4946 τοὺς
3258 4881 3495 4944 ὀδόντας.
3530 4881 3671 4935 Ἐπεί

276 4973 569 5031 dentibus.
595 4975 765 5031 Porro
792 4992 924 5031 cum
946 4976 1071 5047 jam
1102 4993 1341 5048 vespera
1372 4977 1722 5043 advenisset,
1782 4977 1917 5032 Bar-

2032 4971 2090 5031 δὶ
2114 4972 2222 5046 ἤδη
2256 4975 2345 5029 καὶ
2378 4976 2413 5045 ἡ
2447 4972 2647 5052 ἑσπέρα
2675 4968 2962 5045 κατέλαϐε,
2990 4980 3091 5044 τῆς
3139 4972 3329 5049 χειρὸς
3373 4966 3554 5028 λαϐὼν
3581 4968 3669 5024 τὸν

1624 5144 1869 5201 VARIE
1907 5144 2205 5201 LECTION
2217 5145 2321 5202 ES.

346 5268 390 5344 ξθ
420 5265 496 5323 al.
532 5268 664 5323 add.
695 5264 808 5344 τόν.
842 5269 885 5302 ³⁷
916 5268 991 5323 a1.
1022 5266 1413 5344 ἀπανούργους,
1435 5270 1480 5304 ³⁸
1510 5268 1549 5324 1.
1585 5267 1746 5344 ὑμῶν.
1789 5286 1857 5326 ex
1904 5285 2048 5344 mss.
2084 5267 3228 5344 ’_°AVertit_Coteleriustquasiperinde
3277 5271 3432 5326 esset
3478 5283 3543 5324 ac
3578 5267 3669 5320 τοῦ

277 5336 494 5409 αἰῶνος,
528 5340 819 5396 sententia
844 5341 1199 5414 postulante,
1232 5336 1333 5398 sed
1365 5342 1493 5398 sine
1524 5336 1808 5414 exemplo,
1842 5342 1998 5414 quod
2023 5341 2262 5415 quidem
2292 5341 2497 5399 sciam.
2529 5342 2699 5399 Cum.
2730 5336 2877 5398 θοῑιι.
2911 5336 3098 5415 φόνου.

1626 5492 2010 5551 VARIORUM
2048 5493 2284 5551 NOTE.

341 5607 421 5679 (4)
453 5607 521 5666 O'i
549 5607 610 5662 τὸ
649 5605 837 5671 καλῶς
871 5604 1057 5664 λαλεῖν
1108 5607 1207 5664 οὐκ
1258 5606 1503 5685 ἔχοντες.
1551 5610 1768 5668 Verte:
1802 5612 1907 5682 Qui
1955 5611 2085 5670 bene
2134 5610 2288 5684 loqui
2331 5626 2441 5669 non
2480 5609 2908 5685 potestis;quia
2949 5608 3087 5669 boni
3134 5607 3283 5666 nihil
3330 5607 3661 5665 didicerant.

270 5681 433 5738 Cum.
