4082 6208
361 321 473 382 481

1109 316 1639 380 CLEMENTINA.
1674 315 2131 380 -—EPITOME
2177 319 2280 379 DE
2324 320 2597 382 GESTIS
2644 322 2710 383 S.
2758 321 3015 385 PETRI.

3647 330 3765 392 482

356 447 648 525 Βαρνάϐαν,
681 451 771 507 καὶ
822 452 897 523 μή
952 448 1291 527 βουλόμενον
1327 446 1420 523 βίᾳ
1451 445 1528 509 εἷς
1570 448 1670 516 τὴν
1700 447 1837 521 έμῆν
1865 448 2005 523 ἦγον

2127 451 2288 507 οεὼω
2318 467 2496 507 manu
2530 455 2914 525 apprehensa,
2946 472 3078 512 eum
3111 456 3247 513 licet
3274 458 3586 531 nolentem,
3610 462 3664 517 vi
3698 464 3769 519 ad

354 541 550 613 οἰκίαν,
601 539 723 596 ἔνθα
768 541 857 595 καὶ
919 539 1093 613 μένειν
1144 537 1301 593 αὐτὸν
1354 535 1606 607 ἐποίησα,
1651 533 1744 590 ’ίνα
1799 538 1873 609 μή
1920 556 2003 598 τις

353 630 496 701 αὐτῷ
547 635 737 706 χεῖρας
790 624 1063 701 ἐπιϐάλλῃ
1102 629 1172 683 ³¹.
1230 625 1327 681 Καὶ
1388 626 1601 701 ἡμέρας
1662 624 1854 701 ὀλίγας
1912 624 2003 680 σὺν

354 718 477 792 ἐμοὶ
533 716 835 795 διατρίψας,
866 717 955 772 καὶ
1005 721 1102 771 τοῦ
1148 714 1415 786 ἀληθινοῦ
1465 714 1637 790 λόγου
1691 714 1900 791 βραχέα
1942 734 2007 787 με

353 810 635 883 κατήχησε
692 810 757 844 ³²⁸
812 803 1055 861 σπεύδειν
1110 806 1156 841 ⁸³
1214 804 1314 880 γὰρ
1380 801 1557 880 ἔλεγεν
1620 804 1694 866 εἷς
1744 800 2003 858 Ἰουδαίαν

354 896 635 977 ἀφικέσθαι
692 904 790 966 τῆς
850 897 1044 969 ἑορτῆς
1101 895 1262 970 χάριν
1299 938 1313 963 ,
1377 893 1451 954 ὡς
1504 893 1595 946 καὶ
1650 897 1748 948 τοῦ
1805 892 2005 948 λοιποῦ

354 992 583 1041 συνεῖναι
616 990 733 1046 τοῖς
765 984 929 1039 αὐτοῦ
963 983 1279 1057 ὁμοεθνέσιν
1308 980 1530 1045 ἐθέλων.

419 1076 567 1133 XIII.
599 1074 772 1147 Ἐμοῦ
821 1071 879 1129 δέ
929 1072 1049 1128 λίαν
1098 1078 1200 1142 τῆς
1250 1070 1455 1126 ἐκείνου
1502 1069 1758 1146 γλώττης
1797 1089 2002 1143 κρεμα-

354 1163 537 1237 μένου,
595 1163 686 1217 καὶ
745 1159 993 1240 σφοδρῶς
1049 1159 1387 1235 ἐγκειμένου,
1450 1160 1539 1214 καὶ
1598 1159 1698 1214 οὐκ
1744 1157 2001 1229 ἀνιέντος,

350 1252 496 1309 ἀλλὰ
540 1250 646 1321 λὴν
693 1250 896 1320 λοιπὴν
945 1250 1299 1311 ἀπαιτοῦντος
1350 1245 1737 1318 διδασκαλίαν,
1778 1247 1866 1302 καὶ
1915 1245 2004 1302 λέο

344 1362 555 1419 γοντος’
618 1340 681 1395 σὺ
742 1341 904 1414 μόνον
967 1340 1059 1402 οὓς
1116 1338 1355 1409 ⁴ἤκουσας
1411 1342 1508 1392 τοῦ
1565 1338 1818 1415 φανέντος
1864 1340 2002 1392 Θεοῦ

348 1432 564 1487 έκτίθου
617 1452 709 1504 μοι
761 1428 988 1505 λόγους,
1036 1429 1187 1505 κάγὼ
1214 1433 1294 1501 τῷ
1347 1427 1465 1500 έμῷ
1495 1425 1645 1501 λόγῳ
1696 1427 1999 1498 κοσμήσας,

346 1526 445 1576 τοῦ
474 1524 609 1576 Θεοῦ
656 1519 873 1594 κηρύξω
916 1520 1016 1587 τήν
1063 1516 1349 1593 βούλησιν.
1385 1516 1492 1570 Εἶθ’
1535 1515 1709 1577 οὕτως
1733 1513 1822 1568 καὶ
1856 1513 1999 1575 έντὸς

350 1610 556 1685 ὀλίγων
612 1612 835 1685 ἡμερῶν
894 1606 1276 1663 συνεκπλεύσω
1338 1626 1441 1661 σοι.
1500 1604 1629 1659 Λίαν
1688 1605 1792 1679 γὰρ
1848 1604 2001 1657 ποθῶ

347 1699 495 1774 παρᾶ
540 1700 631 1753 τὸν
677 1705 778 1767 τῆς
830 1693 1092 1758 Ἰουδαίας
1140 1695 1383 1771 γενέσθαι
1422 1691 1611 1749 τόπον.
1643 1693 1795 1767 Τάχα
1827 1688 1883 1746 δέ
1912 1690 2001 1745 καὶ

346 1789 660 1857 συνοικήσω
704 1786 832 1858 ὑμῖν
882 1785 976 1840 τὸν
1024 1785 1195 1838 πάντα
1246 1804 1349 1855 μου
1396 1789 1495 1851 τῆς
1548 1786 1691 1851 ζωῆς
1751 1780 1951 1856 χρόνον
1986 1821 1999 1835 .

347 1877 525 1938 Auro:
574 1874 782 1931 τούτων
834 1872 1088 1941 ἀκούσας,
1138 1872 1292 1933 εὐθὺς
1339 1870 1685 1947 ἀπεκρίνατο’
1722 1869 1796 1924 Σὺ
1828 1870 1872 1923 εἰ
1908 1869 2001 1941 μέν

343 1968 632 2041 ἱστορῆσαι
682 1967 749 2019 τὰ
800 1963 1040 2039 ἡμέτερα
1085 1963 1175 2017 καὶ
1226 1963 1411 2034 μαθεῖν
1456 1962 1518 2015 τὸ
1570 1959 1842 2037 συμφέρον
1892 1957 2003 2012 ἐθέ-

343 2055 485 2124 λεις,
522 2054 745 2125 ἐξαυτῆς
800 2075 914 2126 μοι,
965 2050 1121 2127 φησὶ,
1168 2049 1533 2123 σῦμπλευσον⁸
1581 2048 1626 2102 εί
1674 2046 1731 2103 δέ
1766 2048 1841 2121 μή
1879 2044 2004 2122 βού-

341 2142 455 2212 λει,
488 2142 637 2199 ἀλλὰ
664 2145 735 2198 τὰ
766 2147 967 2216 σημεῖα
995 2143 1094 2210 τῆς
1127 2138 1394 2210 οἰκήσεώς
1430 2159 1564 2211 μου,
1595 2137 1685 2192 καὶ
1716 2137 1790 2190 ὧν
1825 2134 2000 2200 θέλεις

341 2233 458 2309 ἐγώ
490 2254 573 2288 σοι
620 2234 858 2307 σήμερον
908 2233 1144 2307 γνωριῶ,
1183 2226 1278 2283 ’ἶνα
1321 2226 1410 2283 ὅτε
1460 2227 1551 2282 καῖ
1602 2224 1787 2302 βούλει
1828 2244 2000 2300 παρα-

342 2322 634 2399 γενόμενος
670 2320 828 2395 εὕρῃς
876 2322 1049 2392 ἡμᾶς·
1098 2316 1203 2394 ἐγὼ
1252 2317 1355 2391 γὰρ
1404 2312 1589 2392 αῦριον
1622 2315 1708 2370 ἐπὶ
1738 2315 1805 2369 τὰ
1834 2313 2000 2386 ἐμαυ-

342 2416 448 2466 τοῦ
478 2409 841 2485 πορεύσομαι.
877 2407 977 2464 Καὶ
1030 2404 1096 2476 δὴ
1145 2403 1502 2475 ἀδυσώπητον
1549 2403 1721 2467 οὕτως
1755 2401 1883 2458 ἰδὼν
1908 2401 2000 2457 τὸν

348 2495 637 2576 Βαρνάϐαν
666 2544 679 2567 ,
732 2496 994 2567 συνῆλθον
1048 2495 1193 2568 αὐτῷ
1245 2494 1409 2571 μέχρι
1457 2492 1547 2548 καὶ
1591 2497 1689 2548 τοῦ
1739 2491 2001 2565 λιμένος·

347 2589 447 2644 καὶ
496 2588 678 2662 μαθὼν
730 2593 854 2663 παρ’
900 2585 1063 2640 αὐτοῦ
1108 2586 1241 2660 ἅπερ
1291 2580 1445 2659 ἔλεγε
1474 2587 1677 2656 σημεῖα
1710 2586 1817 2636 τῶν
1846 2579 2007 2650 οἰκή-

354 2700 520 2749 σεων,
572 2677 716 2754 φημὶ
766 2675 903 2751 πρὸς
948 2673 1129 2729 αὐτόν’
1179 2679 1265 2735 Ὡς
1316 2672 1361 2727 εί
1413 2674 1490 2745 μὴ
1542 2669 1726 2747 αὔριον
1772 2668 2007 2743 ἔμελλον

359 2764 662 2834 ἀπαιτῆσαί
709 2785 759 2818 τι
805 2768 913 2819 τῶν
970 2762 1343 2841 ὀφειλομένων
1392 2781 1508 2833 μοι,
1555 2759 1779 2830 ἐξαυτῆς
1809 2756 1867 2813 ἂν
1921 2755 2011 2812 καὶ

359 2853 662 2910 συνεπλεόν
716 2873 821 2908 σοι’
874 2851 1019 2920 πλὴν
1071 2849 1216 2907 ἀλλὰ.
1256 2850 1448 2925 τάχιόν
1498 2870 1557 2904 σε
1600 2847 2010 2921 καταλήψομαι.

356 2947 550 3001 Ταῦτα
594 2942 760 2997 εἰπὼν
788 2986 801 3013 ,
835 2942 923 2997 καὶ
966 2938 1337 3017 παραθέμενος
1366 2939 1523 2993 αὐτὸν
1554 2942 1669 2999 τοῖς
1696 2941 1793 2992 τοῦ
1816 2934 2015 2991 πλοίου

354 3032 718 3106 ἡγουμένοις,
764 3030 1090 3108 ὑπέστρεφον
1123 3029 1259 3102 μετά
1288 3026 1493 3099 λύπης,
1527 3024 1872 3101 μεμνημένος
1920 3028 2016 3079 τοῦ

350 3120 536 3176 καλοῦ
566 3118 655 3174 καῖ
686 3121 949 3190 συνήθους
984 3116 1170 3196 φίλου.

2119 558 2310 597 meam
2344 543 2585 597 domum
2618 544 2775 611 duxi,
2810 546 2906 599 ubi
2942 550 2999 601 et
3040 547 3146 601 feci
3202 565 3457 620 manere,
3521 568 3589 606 ne
3637 552 3770 623 quis

2116 630 2167 684 ei
2200 646 2412 686 manus
2440 631 2732 702 iniecerat.
2768 633 3107 705 Paucosque
3134 635 3258 691 dies
3291 654 3519 693 mecum
3574 656 3770 696 mora-

2114 721 2233 786 tus,
2268 719 2552 775 nonnulla
2580 737 2724 775 verae
2747 721 3043 793 religionis
3068 724 3401 781 rudimenta
3425 744 3516 781 me
3539 729 3763 786 docuit:

2117 808 2308 863 aiebat
2338 809 2493 863 enim
2526 810 2677 881 quod
2738 816 3074 883 properaret
3132 812 3324 868 venire
3383 816 3451 870 ad
3500 816 3765 872 Judzeam

2114 902 2353 969 propter
2380 898 2614 969 festum,
2650 904 2715 954 ut
2744 899 2844 971 qui
2866 899 3034 955 vellet
3062 900 3121 955 in
3154 907 3452 973 posterum
3484 921 3616 960 cum
3642 907 3766 963 suis

2114 985 2498 1057 pepularibus
2525 988 2755 1058 degere.

2182 1074 2474 1147 XllI.Ego
2503 1091 2637 1130 vero
2668 1091 2801 1130 cum
2834 1074 3001 1131 valde
3050 1077 3124 1131 ab
3172 1078 3333 1133 illius
3379 1078 3578 1151 lingua
3631 1099 3771 1154 pen-

2113 1163 2332 1229 derem,
2365 1180 2431 1219 ac
2461 1164 2835 1219 vehementer
2890 1165 3195 1236 instarem,
3250 1184 3353 1222 nec
3403 1170 3769 1239 desisterem,

2112 1252 2214 1306 sed
2247 1252 2533 1323 reliquam
2566 1252 2891 1307 doctrinam
2925 1253 3310 1325 postularem,
3342 1274 3408 1311 ac
3466 1258 3761 1318 dicerem:

2112 1340 2197 1394 Tu
2230 1344 2459 1396 tantum
2496 1340 2639 1395 mihi
2672 1358 2891 1412 expone
2920 1342 3019 1397 Dei
3052 1343 3152 1413 qui
3183 1346 3472 1415 apparuit,
3499 1364 3647 1418 quos
3670 1366 3777 1428 au.

2112 1428 2272 1494 disti,
2309 1445 2647 1496 sermones;
2682 1435 2736 1483 et
2767 1446 2871 1501 ego
2905 1430 3165 1486 oratione
3198 1449 3325 1487 mea
3383 1450 3481 1489 eos
3526 1453 3767 1522 ornans,

2112 1517 2466 1573 voluntatem
2527 1518 2621 1573 Dei
2683 1518 3026 1589 praedicabo.
3083 1519 3281 1591 sicque
3356 1530 3557 1594 postea
3623 1517 3774 1581 intra

2113 1622 2329 1677 paucos
2360 1607 2484 1662 dies
2511 1608 2794 1680 navigabo
2815 1612 3006 1663 tecum
3035 1624 3047 1663 :
3077 1610 3396 1665 admodum
3432 1614 3586 1668 enim
3606 1616 3775 1688 cupio

2114 1696 2182 1749 ad
2217 1695 2429 1751 Judaeze
2464 1696 2755 1768 regionem
2790 1699 2985 1753 venire
3014 1715 3026 1752 :
3061 1716 3126 1754 ac
3158 1701 3301 1754 forte
3334 1702 3633 1758 vobiscum
3656 1710 3774 1760 toto

2113 1783 2242 1839 vita:
2274 1801 2414 1839 meae
2447 1790 2707 1856 tempore
2738 1786 3050 1854 habitabo;
3088 1787 3184 1842 ille
3216 1789 3306 1844 his
3339 1791 3575 1857 auditis,
3616 1791 3772 1849 illico

2114 1872 2430 1943 respondit,
2467 1890 2529 1928 ac
2563 1874 2743 1928 dixit:
2778 1875 2885 1941 Tu,
2920 1876 2968 1930 si
3022 1878 3257 1946 quidem
3304 1879 3499 1933 videre
3550 1886 3769 1953 nostra,

2111 1967 2167 2017 et
2197 1963 2349 2033 quod
2384 1962 2616 2034 expedit
2645 1963 2810 2034 cupis
2843 1964 3061 2019 discere
3089 1990 3102 2031 ;
3139 1982 3366 2021 mecum
3402 1969 3601 2023 statim
3664 1988 3769 2026 na-

2110 2051 2304 2121 vigato
2334 2067 2345 2105 :
2379 2050 2467 2105 sin
2500 2068 2634 2107 vero
2668 2068 2783 2107 non
2815 2052 2902 2107 vis
2933 2054 3225 2125 navigare,
3257 2072 3361 2127 ego
3392 2056 3563 2113 hodie
3596 2059 3765 2132 signa

2111 2139 2393 2195 domicilii
2425 2139 2562 2207 mei,
2594 2158 2915 2212 eorumque
2946 2159 3090 2213 quos
3122 2144 3423 2199 convenire
3469 2146 3767 2206 desideras

2111 2228 2379 2296 indicabo
2410 2246 2423 2289 :
2462 2233 2526 2284 ut
2559 2231 2792 2300 quando
2824 2230 3072 2285 volueris
3104 2232 3317 2299 venire,
3340 2251 3444 2289 nos
3471 2234 3762 2294 invenias:

2110 2334 2215 2389 ego
2246 2334 2501 2386 namque
2532 2334 2661 2373 cras
2710 2320 2779 2373 ad
2830 2336 2957 2373 mea
3003 2336 3095 2375 me
3145 2323 3459 2377 conferam.
3515 2325 3584 2379 Et
3632 2344 3765 2385 vero

2110 2423 2353 2461 cernens
2388 2407 2711 2461 Barnabam
2745 2409 2888 2463 adeo
2919 2425 3047 2463 esse
3081 2410 3518 2480 inexorabilem,
3583 2415 3770 2469 comi-

2110 2500 2272 2559 tatus
2304 2512 2434 2550 sum
2468 2511 2602 2549 eum
2632 2513 2819 2566 usque
2849 2497 2918 2551 ad
2971 2504 3225 2569 portum,
3276 2502 3646 2572 acceptisque
3695 2505 3768 2561 ab

2116 2601 2182 2639 eo
2216 2584 2401 2655 signis
2432 2602 2559 2656 quze
2593 2584 2817 2641 dixerat
2846 2586 3302 2658 domiciliorum,
3337 2590 3426 2643 aio
3460 2591 3529 2645 ad
3562 2591 3767 2653 illum:

2119 2672 2241 2728 Nisi
2291 2690 2418 2728 cras
2468 2675 2849 2744 repetendum
2902 2675 3045 2729 mihi
3094 2681 3250 2731 esset
3298 2676 3519 2749 aliquid
3568 2697 3771 2737 eorum

2124 2779 2252 2833 quae
2293 2761 2435 2815 mihi
2467 2762 2770 2832 debentur,
2814 2764 3068 2835 profecto
3112 2766 3360 2836 jamjam
3413 2773 3607 2823 tecum
3664 2787 3773 2825 na-

2121 2852 2418 2923 vigarem;
2469 2854 2723 2907 attamen
2782 2852 2895 2907 cito
2957 2857 3008 2907 te
3067 2870 3366 2926 assequar.
3426 2856 3528 2913 His
3576 2857 3771 2929 dictis,

2125 2940 2653 3011 commendatoque
2709 2956 2775 2996 eo
2832 2942 2996 2996 navis
3056 2943 3421 3011 ductoribus,
3504 2962 3773 3005 reversus

2125 3045 2257 3084 sum
2313 3045 2446 3083 cum
2508 3029 2769 3097 tristitia,
2822 3046 3047 3086 memor
3120 3033 3255 3087 boni
3329 3050 3394 3089 ac
3469 3036 3774 3093 concordis

2126 3134 2318 3173 εωιοι.

434 3211 580 3266 XIV.
611 3211 847 3284 Ἡμέρας
907 3205 965 3262 δέ
996 3190 1335 3281 διατρίψας,
1392 3203 1480 3260 καὶ
1530 3204 1592 3258 τὸ
1649 3204 1816 3279 χρέος
1872 3198 1940 3256 δι’
1989 3201 2014 3256 ’ὁ

2200 3204 2342 3261 XIV.
2374 3204 2609 3277 Aliquot
2640 3210 2834 3261 autem
2873 3208 2996 3263 dies
3045 3214 3327 3277 moratus,
3385 3215 3441 3266 et
3490 3214 3776 3282 debitum,

353 3299 453 3354 καὶ
486 3297 787 3372 έπεσχέθην
843 3296 951 3372 οὐχ
1000 3294 1128 3351 ὅλον
1182 3290 1369 3350 λαϐεῖν
1417 3292 1689 3363 δυνηθεὶς,
1742 3290 2021 3365 ἀμελήσας

354 3393 463 3443 τοῦ
511 3387 972 3461 περιλειπομένου
1024 3382 1113 3440 διὰ
1158 3385 1221 3439 τὸ
1258 3383 1401 3460 ταχὺ
1449 3383 1539 3437 τὸν
1586 3379 1750 3457 ἄνδρα
1786 3379 2023 3436 καταλα-

357 3472 480 3531 ϐεῖν
518 3521 533 3546 ,
595 3476 669 3538 ὡς
728 3473 994 3548 ἐμποδίου
1065 3495 1156 3547 μοι
1208 3474 1526 3550 γενομένου,
1582 3472 1672 3525 καὶ
1730 3470 1889 3531 αὐτὸς
1947 3468 2024 3531 εἷς

360 3560 630 3619 Ἰουδαίαν
683 3561 1014 3633 ἀπέπλευσα,
1057 3562 1146 3616 καὶ
1199 3559 1287 3616 διὰ
1331 3556 1710 3615 πεντεκαίδεκα
1759 3561 2021 3632 ἡμερῶν,

360 3653 442 3727 τῇ
504 3652 824 3724 Στράτωνος
884 3648 1141 3723 ἐπιδημῶ
1198 3648 1531 3725 Καισαρείᾳ.
1593 3642 1911 3707 Ἐπιϐἀντος
1968 3642 2026 3701 δέ

371 3763 486 3815 μου
516 3748 613 3810 τῆς
642 3743 762 3816 γῆς,
812 3740 902 3795 καί
953 3739 1122 3810 ξενίαν
1177 3738 1580 3809 ἐπιζητοῦντος,
1640 3735 1891 3810 μανθάνω
1922 3736 2024 3790 Πέ-

366 3851 501 3905 τρον
548 3830 667 3884 τινὰ
697 3827 1018 3905 λεγόμενον,
1052 3832 1148 3882 τοῦ
1200 3827 1250 3881 έν
1299 3824 1532 3898 Ἰουδαίᾳ
1560 3824 1815 3904 φανέντος
1845 3825 2027 3894 Ἰησοῦ

368 3922 613 3995 Χριστοῦ
660 3918 787 3974 Υἱοῦ
845 3922 947 3973 τοῦ
998 3921 1131 3973 Θεοῦ
1178 3920 1277 3971 τοῦ
1325 3921 1528 3989 σημεῖα
1573 3914 1663 3969 καὶ
1710 3914 1905 3990 τέρατα
1932 3934 2027 3967 πε-

367 4007 695 4077 ποιηκότος,
727 4008 818 4061 τὸν
867 4004 1242 4079 δοκιμώτατον
1278 4004 1553 4078 μαθητὴν,
1594 4001 1779 4079 αὔριον
1815 4001 2027 4075 Σίμωνι

365 4100 459 4168 τῷ
504 4097 607 4151 ἀπὸ
660 4101 863 4159 Γιτθῶν
894 4099 941 4133 ³⁸
970 4100 1235 4171 Σαμαρεῖ,
1292 4091 1511 4166 μέλλειν
1551 4092 1687 4146 ἱέναι
1726 4092 1861 4167 πρὸς
1914 4088 2029 4145 δια-

370 4184 573 4255 λέξεις.
616 4187 757 4258 Ἐγὼ
792 4182 849 4239 δέ
893 4188 1062 4239 ταῦτα
1106 4182 1360 4251 ἀκούσας,
1411 4178 1636 4250 ἐδεήθην
1684 4181 1783 4249 τὴν
1835 4177 2029 4234 τούτου

376 4294 477 4348 μοι
513 4276 809 4345 μηνυθῆναι
846 4274 1033 4346 μονήν.
1078 4271 1174 4327 Καὶ
1232 4272 1386 4343 ὁμῶς
1431 4266 1655 4342 ἔμαθον,
1694 4269 1892 4340 καὶτῷ
1924 4288 2031 4322 πυ-

372 4362 517 4418 λῶνι
568 4361 814 4432 ἐπέστην.
870 4362 1199 4433 Θεασάμενοι
1250 4357 1307 4414 δέ
1357 4358 1407 4411 οἱ
1453 4356 1504 4411 έν
1551 4362 1630 4429 τῷ
1677 4354 1832 4429 οἴκῳ,
1887 4358 2030 4410 ἀντι-

370 4446 679 4512 ϐάλλοντες
708 4451 865 4520 ἦσαν,
897 4450 981 4512 τίς
1030 4471 1090 4504 τε
1131 4448 1268 4522 εἰμὶ,
1299 4447 1388 4501 καὶ
1414 4446 1574 4511 πόθεν
1602 4444 1741 4514 ἥκω.
1778 4445 1880 4502 Καὶ
1910 4442 2031 4499 ἰδοὺ

2133 3299 2370 3368 propter
2399 3295 2555 3367 quod
2588 3299 2851 3351 retentus
2879 3297 3123 3366 fueram,
3158 3316 3271 3354 non
3300 3305 3487 3356 totum
3520 3303 3782 3374 accipere

2131 3383 2331 3439 valens
2355 3401 2368 3451 ;
2391 3387 2457 3439 ut
2485 3382 2747 3439 celeriter
2777 3384 3074 3441 hominem
3105 3387 3475 3459 attingerem,
3519 3390 3779 3463 neglecto

2134 3473 2287 3544 quod
2318 3477 2639 3544 supererat,
2661 3474 2795 3544 quia
2817 3474 2958 3528 mihi
2991 3482 3143 3531 esset
3176 3477 3592 3548 impedimento
3619 3505 3632 3547 ;
3655 3480 3783 3552 ipse

2134 3579 2367 3633 quoque
2398 3562 2454 3616 in
2486 3562 2750 3617 Judzeam
2780 3564 3102 3635 enavigovi,
3134 3571 3185 3619 e'.
3222 3567 3655 3636 quintodecimo
3688 3570 3783 3624 die

2134 3652 2456 3707 Caesaream
2488 3652 2775 3707 Stratonis
2805 3652 3067 3708 advenio.
3102 3653 3363 3725 Cumque
3396 3661 3609 3711 terram
3644 3658 3782 3712 teti-

2135 3741 2375 3812 gissem,
2406 3743 2461 3794 et
2491 3739 2810 3812 hospitium
2846 3757 3187 3813 quaererem,
3248 3744 3420 3798 audio
3468 3747 3779 3816 quemdam

2137 3828 2373 3885 nomine
2420 3832 2676 3898 Petrum,
2736 3828 2876 3884 Jesu
2927 3830 3139 3885 Christi
3198 3831 3298 3886 Dei
3355 3832 3502 3901 Filii,
3561 3835 3661 3905 qui
3724 3834 3784 3891 in

2134 3918 2338 3974 Judaea
2371 3922 2720 3989 apparuerat
2749 3922 2805 3972 et
2836 3917 3003 3989 signa
3026 3925 3199 3991 atque
3219 3923 3483 3993 prodigia
3504 3923 3785 3990 ediderat,

2137 4006 2621 4079 probatissimum
2652 4007 3029 4077 discipulum,
3065 4010 3317 4064 crastino
3366 4011 3458 4066 die
3510 4028 3645 4067 cum
3695 4013 3786 4067 Si-

2140 4111 2312 4150 mone
2342 4111 2410 4149 ex
2440 4093 2657 4149 Gittbis
2689 4094 3054 4151 Samaritano
3087 4103 3392 4152 venturum
3428 4100 3497 4154 ad
3522 4100 3790 4171 disputa-

2138 4184 2375 4240 tionem.
2410 4182 2542 4246 Quae
2574 4198 2678 4254 ego
2702 4183 2947 4239 audiens
2970 4185 3166 4255 rogavi
3195 4186 3434 4241 indicari
3462 4188 3603 4242 mihi
3631 4188 3789 4245 illius

2144 4272 2529 4327 mansionem.
2564 4272 2631 4325 Et
2659 4272 2857 4327 statim
2893 4289 2958 4327 ac
2990 4274 3188 4339 didici,
3220 4281 3428 4346 praesto
3461 4276 3540 4331 fui
3575 4278 3645 4331 ad
3701 4280 3789 4333 t‘o-

2140 4378 2255 4416 res.
2292 4360 2492 4414 Intuiti
2552 4364 2749 4414 autem
2811 4362 2907 4433 qui
2967 4362 3024 4415 in
3072 4363 3244 4418 domo
3296 4368 3481 4429 erant,
3532 4365 3685 4419 inter
3731 4382 3790 4420 se

2142 4449 2515 4505 conferebant
2549 4448 2822 4519 quisnam
2854 4467 3064 4515 essem,
3099 4468 3163 4505 ac
3197 4452 3350 4506 unde
3376 4452 3789 4523 proﬁciscerer.

368 4534 657 4614 Βαρνάϐας
708 4534 867 4601 ἐκϐὰς
906 4582 919 4607 ,
970 4538 1084 4611 ἆμα
1125 4542 1203 4609 τῷ
1250 4539 1296 4573 ³⁵
1346 4533 1473 4590 ἰδεῖν
1524 4533 1861 4608 περιεπλάκη
1914 4554 2009 4607 μοι

2141 4539 2209 4593 Et
2238 4553 2368 4593 ecce
2395 4537 2690 4593 Barnabas
2736 4554 3026 4610 egressus,
3074 4540 3271 4594 statim
3323 4545 3386 4593 ut
3441 4540 3585 4594 vidit
3630 4556 3792 4595 com-

369 4626 526 4683 πολὺ
576 4628 785 4704 χαίρων
828 4628 917 4682 καὶ
969 4625 1236 4703 δακρύων.
1288 4624 1389 4679 Καὶ
1439 4618 1744 4697 λαϐόμενός
1798 4643 1902 4695 μου
1930 4629 2032 4691 τῆς

372 4718 593 4793 χειρὸς,
626 4718 837 4792 εἰσῆγεν
889 4717 967 4779 εἷς
1012 4719 1112 4786 τήν
1168 4714 1363 4769 οἰκίαν.
1397 4713 1528 4767 Εἶτα
1576 4713 1666 4767 καὶ
1706 4714 1795 4766 τὸν
1830 4711 2029 4793 Πέτρον

377 4803 723 4879 ὑποδεικνὺς,
774 4807 932 4868 οὗτός
982 4805 1146 4873 ἐστιν,
1197 4800 1373 4878 ἔλεγε,
1406 4800 1631 4876 Πέτρος,
1682 4802 1741 4855 ’ὸν
1777 4800 2030 4875 μέγιστον

374 4895 471 4951 ἐπὶ
516 4899 585 4969 τῇ
633 4900 731 4950 τοῦ
784 4900 917 4951 Θεοῦ
968 4894 1128 4973 σοφίᾳ
1176 4889 1604 4968 ἐπηγγελλόμην
1654 4910 1760 4959 σοι,
1801 4887 2031 4962 Κλήμη,

374 4986 432 5056 ᾧ
458 4984 627 5039 πάντα
654 5006 714 5040 τε
741 4984 831 5040 καὶ
870 4986 938 5039 τὰ
984 4983 1123 5039 κατὰ
1167 4982 1226 5037 σέ
1272 4979 1415 5036 καλά
1460 4980 1550 5034 καὶ
1580 4979 1680 5047 τήν
1724 4978 2033 5054 προαίρεσιν

374 5073 465 5129 ἀεὶ
496 5071 826 5149 διηγούμην,
858 5073 933 5136 ὡς
964 5072 1200 5127 ἐντεῦθεν
1241 5067 1534 5145 γλίχεσθαι
1574 5068 1664 5123 καὶ
1708 5067 1865 5122 αὐτὸν
1899 5065 2030 5122 ἰδεῖν

374 5182 460 5233 σε,
487 5162 576 5216 καὶ
604 5164 703 5231 τήν
752 5165 851 5232 σήν
902 5160 1180 5217 έπιποθεῖν
1209 5156 1520 5233 συντυχίαν.
1559 5157 1712 5231 Μέγα
1751 5154 1841 5210 οῦν
1888 5153 2034 5229 αἱ)τῷ

374 5248 557 5325 δῶρόν
618 5272 676 5306 σε
732 5249 820 5307 διὰ
892 5255 1000 5307 τῶν
1061 5250 1208 5323 ἐμῶν
1277 5245 1569 5323 προσφέρω
1625 5249 1828 5323 χειρῶν
1862 5288 1875 5301 .
1931 5244 2031 5300 Καὶ

369 5344 541 5394 τοῦτο
574 5340 760 5415 εἱπὼν,
808 5338 1191 5417 προσαγαγὼν,
1241 5333 1365 5416 ἔφη·
1399 5332 1559 5396 οὗτός
1611 5332 1719 5389 ἐστι
1768 5332 2030 5409 Κλήμης,

374 5430 569 5505 Πέτρε.

2022 4778 2037 4807 ι

2147 4626 2345 4696 plexus
2377 4630 2486 4693 est,
2521 4625 2771 4680 multum
2808 4628 3069 4699 gaudens
3100 4644 3164 4683 ac
3187 4627 3513 4700 lacrymans
3540 4646 3551 4696 ;
3582 4644 3789 4699 appre-

2143 4715 2441 4795 hensaque
2472 4733 2645 4769 manu
2685 4732 2832 4783 mea,
2869 4716 2924 4769 in
2950 4718 3549 4772 domumintroduxit.
3574 4716 3791 4772 Deinde

2142 4804 2375 4859 Petrum
2410 4804 2759 4859 ostendens:
2792 4805 2896 4859 Hic
2926 4810 3032 4869 est,
3073 4805 3283 4877 inquit,
3339 4805 3560 4875 Petrus,
3612 4821 3789 4878 quem

2144 4892 2462 4946 maximum
2507 4892 2567 4946 in
2632 4892 2722 4947 Dei
2786 4892 3072 4963 sapientia
3127 4894 3229 4947 tibi
3284 4893 3723 4961 denuntiabam,
3757 4910 3790 4949 0

2143 4980 2426 5050 Clemens,
2468 4979 2681 5052 cuique
2709 4981 2907 5035 omnia
2958 4998 3086 5052 qua:
3136 4982 3195 5035 in
3244 4986 3301 5035 te
3352 4986 3489 5036 sunt
3533 4982 3683 5037 bona
3735 4984 3793 5036 et

2144 5069 2507 5141 propositum
2541 5074 2710 5124 tuum
2742 5085 2971 5140 semper
3002 5070 3334 5137 narrabam,
3367 5075 3429 5125 ut
3460 5087 3528 5127 ex
3558 5087 3623 5125 eo
3666 5070 3790 5140 ipse

2142 5157 2322 5213 etiam
2354 5156 2551 5229 cupiat
2610 5158 2801 5213 videre
2850 5162 2925 5229 te,
2981 5163 3262 5230 tuamque
3319 5158 3789 5230 congressionem

2142 5250 2390 5317 expetat.
2423 5249 2698 5318 Magnum
2731 5244 2909 5317 igitur
2931 5247 2982 5302 ei
3012 5264 3227 5302 munus
3260 5250 3316 5301 te
3347 5246 3621 5301 manibus
3644 5244 3788 5300 meis

2143 5335 2337 5390 oﬂ'ero.
2364 5334 2524 5397 Quod
2554 5350 2689 5389 cum
2722 5333 2986 5404 dixisset,
3021 5334 3232 5391 obtulit
3275 5350 3388 5400 me,
3410 5332 3626 5389 etdixit
3648 5350 3661 5388 :
3685 5331 3789 5388 Hic

2143 5427 2233 5479 est
2253 5422 2539 5493 Clemens,
2573 5427 2760 5478 Petra.

1736 5541 1980 5599 VARle
2028 5542 2329 5599 LECTION
2337 5539 2440 5595 ES.

451 5646 494 5683 “
528 5645 606 5703 al.
632 5638 869 5719 ἐπιϐάλῃ
896 5645 944 5682 ³³
973 5643 1050 5702 al.
1080 5640 1424 5717 κατηχήσας.
1455 5647 1503 5683 ⁸³
1529 5638 1702 5697 Deest
1729 5639 1790 5697 in
1818 5639 1893 5697 al.
1929 5642 1977 5679 3‘
2005 5641 2080 5699 al.
2114 5640 2355 5710 Γητθῶν.
2387 5637 2432 5674 ³⁵
2460 5636 2539 5695 al.
2567 5637 2686 5693 τοῦ.
