4082 6208
428 371 549 431 483

1249 366 1311 424 S.
1363 360 1806 424 CLEMENTIS
1850 359 1875 419 Ι
1923 353 2110 416 ROM.
2155 354 2389 417 PONT.
2435 357 2699 421 OPERA
2743 361 3014 422 DUBIA.

3697 369 3804 428 484

498 503 595 557 XV
652 502 724 555 At
772 503 1000 565 Petrus,
1055 501 1365 569 postquam
1410 512 1618 551 nomen
1664 490 1906 559 audivit,
1957 504 2075 544 me-

2265 488 2382 543 XV.
2416 489 2472 542 '0
2504 486 2561 544 δὲ
2608 490 2770 561 ἡνίκα
2811 496 2906 545 τοῦ
2958 490 3223 563 ὀνόματος
3273 491 3513 561 ἤκουσεν,
3564 495 3634 557 εἷς
3681 500 3802 569 μνή-

425 588 612 645 moria
642 593 908 659 repetens
968 587 1244 641 Barnabaa
1302 584 1685 650 narrationes,
1745 580 2079 646 confestim,

421 695 487 734 eo
521 676 721 731 habitu
756 692 869 746 quo
909 679 1050 741 erat,
1113 673 1383 745 prosiliit,
1444 688 1650 741 meque
1707 669 1955 741 benigne
2014 684 2080 722 ac

422 782 701 839 germane
732 763 1123 829 exosculatus,
1149 768 1321 834 atque
1344 761 1599 817 assidere
1623 759 1841 814 faciens
1866 775 1881 814 :
1908 757 2081 812 Recte

424 854 634 920 fecisti,
670 853 879 924 inquit,
925 853 1023 922 qui
1066 850 1323 906 veritatis
1371 864 1694 922 praeconem
1751 847 2079 902 Barnabam

426 943 684 1014 hospitio
713 941 1004 1014 exceperis
1036 941 1093 995 in
1126 940 1245 996 veri
1277 939 1377 995 Dei
1409 939 1689 994 honorem
1716 955 1728 1005 ;
1761 936 2078 992 admodum

436 1031 661 1088 excelso
692 1036 749 1087 te
770 1031 1004 1104 gessisti
1048 1031 1267 1095 animo,
1313 1030 1413 1100 qui
1463 1028 1867 1099 imperitorum
1918 1026 2078 1080 furo-

433 1138 557 1177 rem
592 1138 702 1176 non
734 1120 911 1176 fueris
944 1120 1183 1175 veritus.
1218 1119 1435 1174 Revera
1462 1117 1620 1172 enim
1652 1116 1860 1171 beatus
1891 1130 1953 1170 es
1995 1118 2077 1179 tu,

434 1211 588 1281 quod
620 1210 878 1264 veritatis
910 1209 1166 1281 legatum
1201 1208 1279 1261 ita
1311 1206 1468 1262 omni
1503 1221 1635 1259 cum
1672 1203 1891 1259 honore
1947 1219 2079 1257 sus-

428 1298 652 1369 ceperis
682 1297 967 1369 hospitem
997 1314 1010 1352 :
1047 1312 1148 1368 pro
1176 1296 1389 1367 quibus
1421 1294 1609 1355 factis,
1669 1293 1798 1364 ipsa
1848 1306 2079 1363 quoque

426 1387 638 1443 veritas
668 1392 723 1441 te
756 1386 854 1457 qui
890 1386 1099 1456 hospes
1158 1401 1242 1451 es,
1300 1401 1421 1438 suae
1478 1381 1640 1437 urbis
1694 1382 1875 1436 civem
1925 1380 2079 1435 desi-

372 1465 386 1481 ’
428 1475 650 1546 gnabit,
683 1478 941 1545 tuncque
962 1489 1310 1544 magnopere
1328 1470 1615 1526 laataberis
1642 1486 1657 1538 ;
1682 1469 1819 1540 quia
1841 1484 2079 1540 parvam

428 1564 677 1636 gratiam
711 1579 865 1617 nunc
896 1564 1231 1629 fceneratus,
1276 1561 1608 1630 bonamque
1656 1558 1933 1613 doctrinaa
1982 1573 2077 1612 vo-

424 1652 732 1719 luntatem,
792 1651 906 1706 eris
965 1651 1148 1705 haeres
1201 1650 1637 1704 commodorum
1704 1650 2076 1711 aiternorum,

426 1741 832 1811 bonorumque
865 1756 992 1811 quae
1026 1739 1239 1794 auferri
1300 1755 1413 1792 non
1467 1739 1732 1807 possunt.
1783 1734 1896 1789 Nec
1943 1748 2077 1788 vero

2193 596 2301 648 μην
2333 575 2504 631 ἐλθὼν
2534 583 2642 633 τῶν
2676 573 2922 654 Βαρνάϐα
2972 577 3348 656 διηγημάτων,
3400 580 3621 651 ἐξήλατό
3660 605 3713 639 τε
3740 587 3803 648 ὡς

2190 662 2334 751 εἶχεν
2385 664 2562 733 εὐθὺς,
2612 668 2701 721 καί
2750 672 3040 741 προσηνῶς
3095 688 3161 739 με
3206 669 3294 722 καὶ
3342 669 3573 744 γνησίως
3601 692 3802 751 καταφι-

2191 749 2385 825 λήσας,
2436 753 2525 808 καὶ
2576 757 3092 831 παρακαθισάμενος.
3127 755 3322 817 Καλῶς
3370 756 3640 826 ἐποίησας,
3689 749 3797 838 ἔφη,

2187 841 2279 895 τὸν
2308 848 2408 911 τῆς
2455 840 2710 913 ἀληθείας
2758 846 2971 920 κήρυκα
3018 844 3219 914 ξενίσας
3248 840 3518 920 Βαρνάϐαν
3560 846 3630 909 εἷς
3657 852 3801 921 τιμὴν

2186 934 2284 984 τοῦ
2316 925 2471 995 ὄντος
2502 933 2547 969 ³⁵
2576 936 2731 1005 Θεοῦ,
2760 933 2849 987 καὶ
2903 931 3026 987 λίαν
3077 929 3522 1011 μεγαλοφρόνως,
3563 935 3656 989 οὐκ
3684 935 3804 993 αἰδε-

2188 1018 2331 1081 σθεὶς
2384 1021 2473 1075 τὸν
2519 1023 2563 1059 ⁸⁷
2611 1026 2719 1076 τῶν
2770 1019 3104 1077 ἀπαιδεύτων
3154 1021 3323 1094 θυμόν
3351 1068 3362 1079 .
3414 1020 3675 1099 Μακάριος
3716 1026 3800 1101 γὰρ

2189 1106 2265 1170 ὡς
2306 1107 2527 1179 ἀληθῶς
2576 1110 2639 1165 σὺ
2665 1155 2679 1180 ,
2731 1111 2821 1165 τὸν
2867 1118 2970 1180 τῆς
3008 1109 3265 1181 ἀληθείας
3313 1107 3635 1187 πρεσϐευτὴν
3679 1115 3800 1170 οὕτω

2188 1198 2391 1269 ξενίσας
2437 1199 2578 1274 πάσῃ
2623 1204 2783 1273 τιμῇ·
2836 1200 2948 1264 ἀνθ’
2995 1201 3069 1255 ὧν
3119 1200 3254 1269 αύτή
3305 1199 3396 1255 καί
3443 1203 3558 1271 σεὴ
3603 1200 3802 1273 ἀλήθεια

2189 1286 2332 1357 ξένον
2383 1283 2546 1357 ὄντα,
2593 1295 2693 1358 τῆς
2738 1286 2878 1351 ἰδίας
2934 1288 3151 1351 πόλεως
3200 1291 3524 1359 καταστήσει
3568 1290 3800 1361 πολίτηνο

2188 1376 2278 1429 καὶ
2320 1375 2443 1431 τότε
2491 1379 2710 1452 χαρήσῃ
2762 1375 3042 1452 μεγάλως,
3092 1376 3173 1432 ὅτι
3232 1376 3489 1454 βραχεῖαν
3533 1383 3618 1433 νῦν
3666 1380 3803 1455 χάριν

2188 1460 2431 1526 δανείσας
2458 1466 2549 1518 καὶ
2580 1465 2785 1540 ἀγαθὴν
2816 1465 2998 1540 λόγων
3034 1467 3370 1542 προαίρεσιν,
3421 1465 3595 1522 καλῶν
3639 1466 3800 1524 ἀϊδίων

2186 1551 2277 1606 καὶ
2328 1553 2691 1631 ἀναφαιρέτων
2740 1554 2955 1629 ἀγαθῶν
3011 1552 3103 1629 ἔσῃ
3150 1552 3501 1631 κληρονόμος
3535 1599 3547 1613 .
3595 1557 3686 1613 Καὶ
3738 1559 3802 1631 μὴ

2185 1638 2357 1714 κάμνε
2405 1637 2750 1698 ἀντιϐάλλων
2805 1664 2903 1716 μοι
2949 1644 3011 1699 τὸ
3056 1644 3144 1698 σὸν
3204 1645 3363 1712 ἦθοςο
3414 1646 3579 1698 πάντα
3622 1646 3715 1718 γὰρ
3749 1646 3805 1700 τὰ

2186 1730 2319 1785 κατὰ
2349 1730 2404 1784 σὲ
2435 1731 2462 1785 ὁ
2513 1729 2832 1809 φιλαλήθης
2881 1731 3039 1795 οὗτος
3092 1733 3223 1809 ἀνὴρ
3278 1733 3306 1786 ὁ
3338 1727 3602 1808 Βαρνάϐας
3645 1734 3803 1809 ἀπήγ.

426 1828 686 1884 laborem
721 1829 935 1884 subeas
959 1827 1243 1884 referendi
1277 1825 1423 1881 mihi
1454 1842 1646 1880 mores
1676 1829 1843 1880 tuos:
1881 1822 2075 1878 omnia

2189 1818 2362 1893 γειλε,
2393 1821 2511 1873 καθ’
2557 1821 2767 1895 ἡμέραν
2815 1818 3010 1896 σχεδὸν
3058 1822 3157 1890 τὴν
3209 1823 3417 1896 ἀγαθήν
3463 1835 3557 1876 σου
3606 1825 3801 1894 μνήμην

424 1917 581 1972 enim
616 1935 741 1987 quae
792 1918 861 1970 ad
914 1923 968 1971 te
1020 1917 1329 1989 pertinent,
1375 1920 1600 1969 amator
1655 1914 1766 1969 iste
1816 1911 2079 1968 veritatis

423 2007 720 2061 Barnabas
752 2006 1050 2073 indicavit,
1084 2006 1201 2061 fere
1229 2004 1490 2076 quotidie
1518 2004 1735 2059 bonam
1786 2002 1870 2057 tui
1915 2018 2078 2056 men-

420 2095 640 2150 tionem
672 2095 909 2150 faciens.
945 2096 1014 2150 Et
1073 2100 1136 2149 ut
1174 2094 1300 2163 tibi,
1350 2098 1629 2164 tanquam
1685 2108 1816 2147 vero
1867 2090 2078 2159 amico,

424 2184 673 2239 breviter
714 2201 836 2239 rem
896 2183 1192 2256 aperiam;
1251 2181 1364 2238 nisi
1412 2181 1516 2238 tibi
1562 2179 1783 2252 aliquid
1831 2179 2077 2251 impedi-

426 2282 624 2328 mento
656 2278 763 2341 est,
799 2272 910 2329 iter
938 2273 1243 2328 nobiscum
1276 2271 1445 2341 habe,
1477 2288 1541 2326 ac
1588 2270 1814 2343 percipe
1857 2284 2077 2325 sermo-

427 2378 561 2417 nem
585 2362 862 2429 veritatis,
891 2378 1063 2433 quem
1084 2360 1459 2433 persingulas
1479 2359 1740 2416 civitates
1766 2356 2075 2413 habiturus

429 2467 561 2508 sum
596 2452 841 2506 Romam
874 2468 1061 2522 usque
1083 2450 1294 2523 ipsam.

496 2539 638 2594 XVI.
666 2541 783 2611 Ego
813 2556 945 2595 vero
977 2541 1047 2595 ad
1099 2539 1306 2595 illum:
1352 2538 1596 2593 Paratus
1646 2537 1881 2609 quidem
1942 2552 2072 2593 sum

421 2628 714 2705 proficisci
747 2634 961 2695 tecum,
996 2630 1237 2701 inquam
1264 2644 1276 2682 :
1312 2627 1421 2682 hoc
1452 2643 1708 2698 namque
1737 2626 1930 2681 nescio
1959 2642 2075 2697 quo

410 2714 601 2773 'modo
633 2718 912 2773 constitui
942 2717 1149 2773 laetus:
1185 2733 1385 2773 verum
1437 2716 1608 2788 cupio
1656 2716 1820 2786 prius
1865 2715 2077 2771 certior

424 2808 494 2862 de
515 2808 762 2862 veritate
785 2808 907 2861 ﬁeri
930 2826 945 2874 ;
971 2812 1035 2861 ut
1056 2806 1259 2873 sciam,
1286 2811 1481 2861 utrum
1508 2805 1705 2860 anima
1724 2804 2073 2860 immortalis

422 2895 519 2961 sit,
553 2912 626 2950 an
669 2895 974 2963 mortalis;
1010 2901 1067 2951 et
1096 2895 1143 2951 si
1175 2900 1264 2950 est
1295 2894 1645 2966 sempiterna
1675 2911 1688 2961 ;
1722 2911 1863 2949 num
1902 2895 1975 2948 ob
2006 2909 2075 2949 ea

423 3000 551 3055 quas
583 2984 677 3039 hic
708 2984 912 3057 gessit,
940 2984 1189 3054 judicari
1223 2985 1429 3039 debeat
1456 3001 1469 3050 ;
1504 2983 1663 3048 item,
1698 2983 1977 3053 quidnam
1998 2982 2075 3038 sit

2189 1908 2537 1981 ποιούμενος.
2591 1909 2693 1966 Καὶ
2736 1908 2829 1965 ’ίνα
2873 1932 2978 1979 σοι,
3028 1912 3103 1973 ὡς
3152 1910 3365 1988 γνησίῳ
3398 1909 3559 1987 φίλῳ,
3594 1909 3804 1977 δηλώσω

2188 1998 2304 2052 κατ’
2355 1997 2623 2070 ἐπιτομὴν
2674 1999 2738 2053 τὸ
2786 1998 3165 2075 προκείμενον,
3218 1999 3266 2054 εἰ
3320 2001 3392 2073 μή
3444 2000 3523 2053 σοί
3568 2022 3617 2054 τι
3657 1999 3804 2073 ἐμπο-

2192 2082 2346 2154 δίζει,
2406 2084 2720 2142 συνόδευσον
2780 2088 2950 2161 ἡμῖν,
3014 2083 3450 2162 μεταλαμϐάνων
3496 2090 3581 2143 τὸν
3634 2092 3673 2125 ³⁸
3717 2096 3804 2159 τῆς

2190 2173 2446 2245 ἀληθείας
2493 2174 2679 2250 λόγον,
2730 2177 2788 2231 ὃν
2837 2179 2883 2214 ³³
2928 2178 3064 2233 κατὰ
3112 2173 3278 2233 πόλιν
3331 2180 3591 2232 ποιεῖσθαι
3633 2176 3801 2250 μέλλω

2190 2262 2356 2339 μέχρι
2388 2264 2608 2339 Ῥώμης
2641 2264 2779 2335 αύτῆ
2784 2287 2828 2328 ς.

2257 2553 2401 2604 XVI.
2455 2548 2595 2625 Ἐγὼ
2646 2545 2703 2603 δὲ
2754 2548 2889 2625 πρὸς
2937 2548 3118 2620 αὐτόν,
3174 2549 3273 2604 Σοὶ
3318 2550 3412 2623 μὶν
3458 2549 3679 2623 ἑτοίμως
3706 2548 3804 2626 ἔχω

2186 2633 2511 2710 συνοδεύειν,
2561 2636 2731 2691 εἶπον·
2781 2642 2942 2692 τοῦτο
2990 2639 3090 2714 γαρ
3140 2636 3240 2692 οὐκ
3289 2635 3391 2693 οἶδ’
3438 2638 3579 2701 ὅπως
3617 2640 3802 2714 χαίρων

2183 2724 2549 2801 προῄρημαισ
2602 2726 2746 2795 πλὴν
2798 2727 2922 2803 περὶ
2969 2726 3225 2796 ἀληθείας
3296 2727 3563 2803 βούλομαι
3611 2732 3802 2803 πρῶτον

2182 2813 2712 2892 πληροφορηθῆναι,
2765 2812 2851 2869 ἵνα
2908 2819 3043 2890 γνῶ,
3111 2816 3158 2870 εί
3224 2819 3260 2886 ἡ
3321 2818 3474 2892 ψυχὴ
3528 2815 3802 2890 ἀθάνατος,

2182 2902 2216 2972 ἢ
2272 2906 2483 2974 θνητή·
2534 2903 2624 2958 καὶ
2674 2903 2718 2958 εἶ
2768 2901 2943 2966 αΐδιος
2995 2902 3148 2974 οὖσα,
3196 2905 3324 2980 περὶ
3371 2906 3442 2960 ὧν
3484 2902 3687 2975 ἔπραξεν
3732 2904 3802 2959 ἐν·

2181 2993 2369 3061 ταῦθα,
2403 2990 2518 3067 ἔχει
2548 3000 2819 3069 κριθῆναι·
2854 2993 2943 3047 καὶ
2992 2992 3047 3048 τί
3076 2993 3209 3048 ποτέ
3258 2992 3370 3048 ἐστι
3411 2992 3607 3048 δίκαιον
3632 2994 3664 3062 ἢ
3693 2993 3799 3067 ἀρὲ-

414 3072 646 3143 justum
699 3090 765 3129 ac
824 3079 936 3129 Deo
995 3080 1267 3144 gratum;
1322 3078 1619 3144 praeterea,
1682 3072 1943 3127 factusne
1998 3071 2075 3126 sit

2189 3101 2307 3135 σκον
2336 3086 2473 3153 Θεῷ,
2524 3082 2612 3136 καὶ
2658 3081 2704 3136 εἰ
2753 3081 2942 3157 γέγονε
2992 3082 3222 3155 κόσμος,
3272 3084 3362 3138 καὶ
3414 3081 3501 3139 διὰ
3538 3082 3588 3139 τί
3614 3081 3799 3160 γέγονε,

420 3160 700 3226 mundus,
734 3167 792 3216 et
823 3178 1000 3233 quare
1027 3162 1250 3229 factus;
1292 3167 1348 3216 et
1394 3178 1467 3216 an
1517 3161 1594 3215 sit
1642 3160 2070 3230 dissolvendus,

2189 3171 2271 3223 καὶ
2302 3169 2347 3224 εἰ
2381 3168 2693 3241 λυθήσεται’
2745 3170 2834 3225 καί
2876 3171 2921 3226 εἷ
2972 3171 3033 3226 ού
3083 3171 3397 3245 λυθήσεται,
3427 3174 3514 3228 καὶ
3563 3175 3604 3209 ⁴⁰
3643 3171 3800 3248 κρείτ·

416 3266 618 3320 necne,
649 3267 722 3304 an
751 3250 955 3305 melior
989 3251 1242 3315 futurus,
1275 3268 1348 3306 an
1380 3266 1484 3305 nec
1519 3251 1749 3305 futurus
1807 3250 2070 3315 omnino,

2505 3227 2516 3241 .
3206 3227 3216 3243 ,
3344 3227 3397 3245 κ,
3452 3227 3458 3228 ,
3677 3227 3685 3248 .

2189 3280 2287 3314 των
2321 3257 2490 3326 ἔσται,
2542 3260 2576 3329 ἢ
2632 3257 2757 3315 οὐδὲ
2805 3258 2969 3315 ἔσται·
3020 3260 3108 3316 καὶ
3155 3259 3247 3316 ’ἶνα
3301 3262 3377 3335 μὴ
3426 3262 3489 3317 τὸ
3536 3268 3640 3317 κατ’
3678 3258 3800 3321 εἶδος

416 3354 502 3407 ac,
539 3355 609 3393 ne
644 3338 878 3411 singula
910 3356 1248 3410 prosequar,
1308 3340 1430 3394 haec
1480 3344 1653 3411 atque
1706 3338 1798 3394 his
1856 3338 2075 3394 similia

414 3426 619 3483 vellem
654 3427 894 3483 discere.
929 3429 1033 3483 Hic
1085 3433 1302 3498 autem,
1356 3428 1552 3482 divino
1608 3428 1815 3500 spiritu
1860 3445 2073 3500 cogno-

419 3532 589 3571 scens
611 3516 749 3587 quid
783 3516 893 3572 sibi
924 3516 1138 3572 vellent
1168 3534 1235 3572 ea
1264 3519 1459 3583 verba,
1511 3516 1691 3573 citum
1724 3534 2070 3589 responsum

417 3603 599 3673 dedit,
634 3609 698 3659 ut
727 3610 783 3661 et
812 3605 923 3660 cito
956 3622 1048 3661 me
1079 3607 1149 3660 ad
1182 3606 1481 3660 veritatem
1542 3612 1854 3661 revocaret.
1887 3607 2073 3677 Atque

417 3708 547 3763 ego,
584 3693 794 3765 inquit,
830 3694 1079 3749 breviter
1107 3695 1232 3762 tibi,
1267 3712 1299 3750 ο
1329 3694 1616 3765 Clemens,
1651 3710 1846 3750 rerum
1879 3694 2069 3750 scien-

417 3781 565 3837 tiam
597 3783 916 3839 exhibebo:
954 3784 1158 3854 etjam
1190 3800 1346 3839 nunc
1378 3783 1536 3838 audi.

2181 3345 2345 3424 λὲγω,
2402 3348 2569 3403 ταῦτά
2643 3370 2702 3403 τε
2759 3350 2847 3404 καὶ
2921 3352 2989 3405 τά
3058 3350 3275 3413 τούτοις
3336 3350 3569 3424 ἑπόμενα
3639 3355 3799 3423 μαθεῖν

2180 3434 2400 3505 ἤθελον.
2458 3438 2514 3491 Ὀ
2573 3435 2651 3505 δὲ,
2709 3440 2752 3477 ⁸¹
2810 3438 2864 3493 τί
2916 3442 3067 3494 ταυτὶ
3125 3439 3477 3515 βούλεταιτά
3517 3439 3803 3516 ῥήματατῷ

2181 3525 2308 3598 θείῳ
2340 3526 2602 3599 πνεύματι
2634 3526 2824 3603 γνοὺς,
2859 3534 3081 3605 ταχεῖαν
3111 3530 3211 3597 τὴν
3242 3529 3529 3605 ἀπόκρισιν
3574 3528 3801 3596 ἐποιεῖτο,

2175 3611 2268 3669 ’ίνα
2312 3615 2400 3669 καὶ
2458 3614 2598 3691 ταχύ
2655 3637 2720 3689 με
2776 3617 2914 3692 πρὸς
2987 3619 3087 3686 τὴν
3148 3616 3410 3688 ἀλήθείαν
3470 3616 3804 3692 ἐπαναγάγη·

2180 3724 2266 3757 ται
2318 3706 2384 3760 ‘3.
2438 3703 2557 3771 Καί,
2610 3705 2905 3780 Συντὸμως
2955 3704 3059 3783 ἐγώ
3100 3728 3208 3774 σοι,
3257 3705 3467 3783 ἔλεγεν,
3515 3708 3559 3761 ὦ
3604 3706 3803 3778 Κλήμη,

2181 3793 2278 3861 τὴν
2309 3796 2419 3847 τῶν
2450 3788 2619 3848 ὄντων
2647 3799 2845 3870 γνῶσιν
2894 3794 3216 3871 παρὲξομαι’
3249 3796 3341 3850 καὶ
3387 3796 3454 3850 τὰ
3480 3800 3568 3850 νῦν
3611 3793 3805 3865 ἐξαυτῆς

2181 3901 2360 3936 ακουε.

2253 3972 2414 4028 XVII.
2448 3971 2512 4028 Ἡ
2540 3976 2637 4027 τοῦ
2667 3977 2800 4028 Θεοῦ
2845 3970 3019 4048 βουλὴ
3052 3973 3188 4028 κατὰ
3216 3972 3466 4037 πολλοὺς
3508 3973 3725 4050 τρόπους
3752 3968 3797 4024 ἐν

2183 4056 2377 4131 ἀδήλῳ
2402 4061 2587 4136 γέγονε
2614 4068 2729 4123 τοῖς
2758 4062 3087 4138 ἀνθρώποις.
3130 4067 3329 4139 Πρῶτα
3366 4064 3460 4136 μὲν
3492 4061 3577 4117 διὰ
3602 4062 3659 4116 τὸ
3686 4080 3798 4135 κρα-

2180 4154 2414 4216 τηθῆναι
2462 4148 2657 4211 αὐτοὺς
2700 4150 2970 4226 εἰσαγωγῇ
3019 4155 3181 4225 κακῇ,
3243 4152 3537 4230 συντροφία
3589 4151 3798 4223 πονηρᾷ,

2181 4236 2432 4308 συνηθείᾳ
2480 4228 2663 4311 δεινῇς
2702 4236 2897 4311 ὁμιλίᾳ
2942 4244 3083 4314 κακῇ
3115 4244 3177 4312 ‘3,
3211 4228 3488 4315 προλήψει
3533 4239 3626 4294 οὐκ
3663 4238 3797 4312 ὀρθῇ,

485 3958 658 4013 XVII.
694 3958 795 4014 Dei
827 3958 1096 4015 voluntas
1127 3960 1343 4016 multas
1394 3960 1466 4015 ob
1518 3960 1770 4016 rationes
1819 3959 2069 4015 homini-

413 4046 527 4101 bus
559 4047 786 4103 occulta
819 4049 945 4103 fuit.
985 4049 1177 4103 Primo
1230 4050 1463 4120 quidem
1518 4050 1670 4121 quod
1718 4048 1802 4103 illi
1853 4049 2072 4104 detine-

418 4141 625 4190 rentur
657 4153 831 4207 prava
862 4136 1256 4203 institutione,
1290 4138 1553 4193 convictu
1578 4138 1807 4199 vitioso.
1830 4154 2073 4193 consue-

420 4223 627 4279 tudine
684 4226 1032 4296 perniciosa,
1102 4226 1271 4282 malis
1337 4226 1664 4298 colloquiis,
1734 4244 1850 4283 non
1922 4233 2077 4283 recta

424 4312 765 4382 Opinionum
796 4314 1228 4387 anticipatione,
1271 4319 1444 4387 atque
1490 4320 1801 4388 caprupter
1841 4332 2072 4384 errore;

2189 4325 2271 4379 καὶ
2320 4323 2409 4379 διὰ
2444 4331 2611 4381 ταῦτα
2658 4326 2856 4402 πλάνῃ·
2906 4324 3090 4383 ἔπειτα
3134 4324 3358 4407 ἀφοϐίᾳ,
3413 4327 3643 4399 ἀπιστίᾳ,
3680 4345 3801 4401 πορ-

425 4400 557 4455 dein
590 4406 948 4474 contemptu,
982 4403 1408 4473 incredulitate,
1440 4405 1839 4474 fornicatione,
1886 4408 2075 4463 avari-

2189 4413 2317 4485 νείᾳ,
2372 4412 2717 4492 φιλαργυρίᾳ,
2769 4400 3064 4490 κενοδοξία,
3113 4400 3204 4472 καὶ
3253 4400 3447 4480 ἄλλοις
3475 4400 3801 4480 τοιούτοις,γᾶ

421 4488 526 4557 tia,
549 4489 708 4545 inani
740 4491 944 4563 gloria,
982 4491 1229 4563 aliisque
1262 4492 1593 4562 similibus;
1645 4511 1773 4566 quae
1824 4514 1957 4553 cum
2014 4498 2074 4554 in

2189 4499 2250 4572 δὴ
2308 4504 2548 4578 καθάπερ
2606 4510 2813 4559 καπνοῦ
2872 4505 3081 4575 πλῆθος
3142 4506 3217 4569 εἷς
3264 4503 3359 4562 ἕνα
3406 4509 3550 4562 οἷκον
3592 4502 3803 4560 ἐπεισελ-

424 4579 739 4646 mundum,
772 4585 1053 4653 tanquam
1088 4581 1376 4653 plurimus
1409 4582 1606 4638 fumus
1636 4583 1694 4639 in
1746 4603 1923 4641 unam
1976 4588 2075 4644 do-

2189 4590 2346 4646 θόντα
2374 4593 2464 4647 τὸν
2492 4593 2715 4667 κόσμον,
2763 4594 2855 4649 καὶ
2886 4599 2994 4649 τῶν
3036 4592 3243 4650 ἔνδοθεν
3290 4594 3579 4651 οἰκούντων
3617 4590 3799 4668 ἀνδρῶν

423 4682 586 4722 mum
621 4667 997 4737 intraverint,
1031 4671 1307 4743 intusque
1338 4670 1729 4727 habitantium
1772 4674 2075 4732 hominum

2189 4679 2593 4736 ἔπιθολώσαντα
2647 4684 2742 4744 τὰς
2798 4684 3009 4757 ὁράσεις
3041 4728 3054 4753 ,
3116 4678 3415 4758 ἀναϐλέψαι
3486 4683 3667 4744 αὐτοῦς
3710 4667 3803 4733 οὐκ

424 4755 616 4813 visum
650 4759 1011 4830 offuscarint,
1045 4776 1144 4814 eos
1175 4776 1290 4814 non
1316 4760 1521 4814 sinunt
1549 4761 1830 4833 aspicere,
1893 4782 2075 4837 neque

2190 4767 2269 4840 ἐᾷ,
2300 4770 2389 4824 καὶ
2418 4773 2487 4845 τῇ
2519 4768 2787 4850 διαγραφῇ
2833 4755 2927 4827 τὸν
2979 4755 3463 4848 δημιουργήσαντα
3503 4776 3799 4839 κατανοῆσαι

430 4846 636 4901 mundi
668 4852 983 4903 creatorem
1016 4848 1199 4903 Deum
1232 4847 1555 4920 intelligere
1584 4866 1652 4905 ex
1684 4850 1756 4906 iis
1785 4851 1840 4906 in
1865 4853 2075 4924 quibus

2189 4858 2341 4925 Θεὸν,
2391 4859 2481 4913 καὶ
2528 4861 2590 4914 τὸ
2619 4861 2796 4934 τούτῳ
2845 4858 3036 4916 δοκοῦν
3086 4862 3371 4939 γνωρίσαι.
3406 4862 3497 4917 Διὸ
3539 4860 3644 4936 χρὴ
3690 4854 3799 4916 τοὺς

425 4933 554 5004 ipse
585 4951 645 4988 se
678 4935 882 5006 pinxit,
913 4953 1016 4991 nec
1047 4953 1396 5008 cognoscere
1424 4939 1574 5008 quod
1609 4939 1658 4993 ei
1690 4939 1894 5010 placet.
1930 4945 2075 5009 Quo-

2190 4945 2516 5025 φιλαλήθεις
2576 4933 2776 5005 ἔσωθεν
2822 4950 2881 5005 ἐκ
2940 4933 3135 5025 βάθους
3203 4933 3391 5027 ψυχῆς
3450 4933 3801 5005 ἐκκαλέσασθαι

428 5020 582 5077 circa
638 5029 866 5095 oportet
918 5026 1177 5080 veritatis
1236 5027 1503 5093 studiosi,
1590 5028 1943 5087 intrinsecus
2014 5049 2075 5088 ex

2189 5020 2326 5113 ’ίτρὸς
2374 5036 2684 5113 ἐπικουρίαν
2745 5020 2948 5110 ἀληθεῖ·
2991 5020 3243 5116 λογισμῷ
3282 5020 3381 5094 τὸν
3435 5039 3594 5112 μύνον
3650 5034 3797 5103 Θεὸν,

427 5110 635 5166 anime
667 5114 977 5183 profundo,
1011 5115 1080 5169 ad
1117 5114 1399 5170 auxilium
1430 5132 1564 5171 vera
1606 5118 1828 5173 ratione
1877 5127 2075 5177 vocent

2189 5110 2390 5201 Κύριον
2434 5124 2491 5181 δὲ
2529 5110 2688 5199 ἡμῶν
2742 5148 2833 5182 και
2892 5110 3126 5203 Σωτῆρα
3160 5110 3389 5199 ηἸησοῦν
3439 5110 3681 5203 Χριστὸν,
3723 5118 3799 5175 καὶ

427 5203 610 5256 Deum
644 5201 858 5273 solum,
893 5202 1209 5259 Dominum
1243 5208 1440 5259 autem
1470 5211 1735 5261 nostrum
1783 5213 1839 5263 et
1876 5209 2075 5266 Salva-

2200 5215 2327 5291 παρ⁹
2365 5214 2529 5271 αὐτοῦ
2566 5220 2764 5291 γνῶσιν
2822 5212 3007 5271 λαϐεῖν
3044 5261 3058 5287 ,
3126 5215 3212 5271 ἵνα
3247 5238 3330 5279 τις
3368 5215 3514 5279 ἐντὸς
3554 5212 3622 5268 ὢν
3662 5212 3707 5267 ἐν
3734 5211 3801 5279 τῷ

1786 5387 2027 5446 VARI/E
2076 5391 2484 5452 LECTIONES.

501 5523 557 5613 ³⁸,
578 5524 725 5610 Lege
753 5530 848 5613 τίζῧ
882 5519 1051 5613 ξίνῖοξς
1092 5530 1246 5613 θεοξ»
1290 5527 1452 5613 ελιέδν,
1482 5530 1807 5613 ρηί,νθξ)ενζᾳ
1841 5537 1985 5613 D_eu_s
2001 5541 2223 5613 pestLut
2252 5538 2424 5613 infra,
2475 5556 2637 5593 num.
2670 5556 2822 5613 XXIX.
2856 5541 3024 5613 CALEB.
3065 5542 3108 5578 ⁸⁷
3141 5542 3214 5600 al.
3247 5543 3422 5613 inser.
3452 5535 3511 5592 οὐ
3545 5525 3793 5613 φοϐηθείς-

429 5595 739 5689 ξ-αιιιτῶν.
775 5597 1162 5689 πιξιὶηλόγξυν,
1193 5595 1290 5656 ὧν.
1313 5595 1373 5635 ’⁴⁰
1402 5595 1504 5656 αις
1523 5597 1613 5654 καὶ
1662 5600 1729 5659 εἰ.
1760 5603 1804 5639 ⁴¹
1837 5604 1913 5661 al.
1947 5605 1976 5661 ὁ
1997 5602 2056 5662 δὲ
2085 5595 2288 5686 Πέτρος
2317 5595 2456 5686 πρός
2502 5612 2670 5665 ταῦτα
2711 5595 3058 5688 ἀπεκρίνατο·
3445 5629 3530 5665 σοι
3556 5595 3637 5661 ’ὧι
3663 5595 3704 5642 ³³
3730 5598 3793 5658 ³1⁸

432 5662 785 5745 ἐπαγάγηται.
821 5672 868 5709 ⁴³
897 5670 961 5727 οὐ
991 5662 1157 5746 κάλῇξ
