4082 6208
444 308 562 367 485

1192 300 1733 361 CLEMENTINA.
1765 332 1842 342 -—
1873 299 2220 359 EPITOME
2270 301 2367 359 DE
2414 301 2686 362 GESTIS
2732 302 2798 362 S.
2844 301 3104 361 PETRI.

3736 301 3856 361 486

445 433 581 508 οἷ’κῳ
637 438 717 506 τῷ
772 430 1148 503 πεπλησμένῳ
1205 432 1436 501 καπνοῦ,
1488 432 1568 501 τῷ
1644 426 1838 501 κόσμῳ
1893 427 2097 500 τούτῳ,

2232 446 2396 485 ,orem
2427 431 2627 487 Jesum
2653 432 2972 499 Christum,
3006 436 3063 488 et
3089 433 3160 487 ab
3192 448 3257 488 eo
3288 434 3675 501 cognitionem
3710 435 3859 491 acci-

446 524 612 601 φημὶ,
657 521 900 596 προσιὼν
967 519 1175 588 ἀνοῖξαι
1243 515 1449 591 δυνηθῇ
1499 517 1679 592 θύραν,
1730 517 1804 578 ὡς
1870 516 1933 570 τὸ
2004 516 2097 588 μὲν

458 613 609 673 ἐκτὸς
650 616 749 666 τοῦ
795 608 962 679 ἡλίου
1013 613 1128 686 φῶς
1179 606 1506 681 εἷσκριθῆναι
1554 604 1632 678 τῷ
1698 603 1855 677 οἷ’κῳ,
1904 604 1994 659 τὸν
2044 601 2103 658 δὲ

460 702 609 763 ἐντὸς
640 704 736 755 τοῦ
768 698 938 774 πυρὸς
972 694 1099 751 ὄντα
1130 691 1464 766 ἐκϐληθῆναι
1513 694 1731 749 καπνόν·
1786 692 1937 756 ὅπως
1986 691 2101 748 δια-

448 786 746 864 ϐλέψαντες
796 789 846 842 οὶ
904 787 1181 862 ἄνθρωποι
1239 783 1594 839 πιστεύσωσιν
1675 783 1751 845 εἰς
1826 780 1920 838 ἕνα
1973 783 2099 838 Θεὸν

448 881 663 956 Πατέρα
714 877 1142 951 παντοκράτορα,
1192 874 1279 929 καὶ
1331 874 1406 936 εἷς
1455 874 1544 928 τὸν
1617 879 1885 948 μονογενῆ
1938 872 2103 927 αὐτοῦ

451 969 575 1024 Υἱὸν
605 969 698 1023 τὸν
731 967 837 1040 πρὸ
883 969 991 1020 τῶν
1039 964 1249 1018 αἰώνων
1282 960 1334 1033 ἐξ
1368 961 1532 1017 αὐτοῦ
1581 962 1864 1040 ἀφράστως
1916 982 2105 1036 γεννη-

452 1058 629 1129 θέντα,
658 1056 747 1111 καὶ
774 1056 850 1118 εἷς
877 1055 941 1109 τὸ
972 1057 1191 1125 Πνεῦμα
1220 1052 1280 1106 τὸ
1313 1052 1462 1127 ἅγιον
1511 1052 1574 1105 τὸ
1626 1050 1676 1121 ἐξ
1728 1050 1891 1105 αὐτοῦ
1935 1050 2103 1126 ἀρῥή-

449 1168 560 1208 τως
609 1142 1060 1220 ἐκπορευόμενον,
1108 1137 1202 1195 ἕνα
1246 1140 1372 1195 Θεὸν
1419 1139 1778 1214 γνωρίζοντες
1832 1138 1883 1193 ἐν
1930 1138 2102 1212 τρισὶν

446 1236 846 1301 Ὑποστάσεσιν,
905 1229 1167 1307 ἄναρχον,
1218 1228 1600 1298 ἀτελεύτητον,
1633 1228 1877 1297 αἰώνιον,
1908 1224 2105 1291 ἀίδιον,

454 1322 727 1388 ἄκτιστον,
761 1323 1042 1397 ἄτρεπτον,
1085 1316 1484 1388 ἀναλλοίωτον,
1538 1314 1770 1384 ἁπλοῦν,
1804 1315 2106 1383 ἀσύνθετον,

458 1414 772 1484 ἀσώματον,
860 1409 1111 1485 ἀόρατον,
1185 1406 1387 1484 ἀναφῆ,
1446 1404 1868 1481 ἀπερίγραπτον,
1929 1403 2111 1479 ἀπερί-

458 1499 670 1571 ληπτον
728 1502 795 1568 ⁴⁵,
854 1495 1095 1570 ἄπειρον,
1155 1493 1538 1564 ἀκατανόητον,
1599 1494 1817 1569 ἀγαθὸν,
1878 1491 2107 1564 δίκαιον,

454 1587 892 1661 παντοδύναμον,
942 1584 1156 1639 πάντων
1204 1583 1515 1656 κτισμάτων
1568 1578 1929 1657 δημιουργὸν,
1980 1602 2109 1635 παν-

453 1680 778 1755 τοκράτορα,
842 1673 1248 1742 παντεπόπτην,
1298 1673 1509 1726 πάντων
1570 1671 1907 1747 προνοητὴν,
1958 1669 2109 1740 ἐξου-

458 1768 703 1837 σιαστὴν,
753 1765 843 1819 καὶ
899 1764 1113 1839 κριτήν*
1175 1760 1263 1815 καὶ
1324 1760 1499 1821 οὕτως
1552 1759 1997 1834 ἀναγεννηθέντες
2041 1756 2112 1812 δι’

459 1856 656 1917 ὕδατός
694 1876 752 1910 τε
796 1853 887 1909 καὶ
938 1851 1277 1924 πνεύματος,
1309 1846 1756 1923 συγκληρονόμοι
1816 1852 2118 1903 καταστῶσι

455 1951 566 2003 τῶν
602 1945 737 2021 πρὸς
769 1940 1063 2020 ἀφθαρσίαν
1096 1938 1554 2015 ἀναγενντ,θέντων
1597 1938 1729 1991 υἱῶν
1755 1942 1851 1991 τοῦ
1892 1941 2045 1993 Θεοῦ.

2212 519 2408 590 piant;
2443 525 2507 574 nt
2538 520 2752 593 aliquis
2783 525 2941 577 intus
2964 523 3190 593 positus
3212 523 3269 576 in
3291 525 3462 577 domo
3492 524 3634 578 fumi
3664 522 3857 596 plena,

2210 608 2269 663 in
2302 609 2431 676 hoc,
2462 609 2730 680 inquam,
2778 612 3017 679 mundo,
3068 612 3347 667 accedens
3399 613 3609 684 possitf
3634 613 3861 685 aperire

2211 697 2398 765 fores;
2433 715 2547 770 quo
2576 697 2775 754 lumen
2808 698 2968 770 solis,
3004 701 3157 771 quod
3199 706 3359 756 extra
3408 706 3513 759 est.
3564 704 3859 758 intromit-

2210 791 2371 842 tatur
2400 787 2459 841 in
2486 788 2767 855 domum;
2801 788 2956 860 ignis
2986 806 3117 844 vero
3152 789 3368 858 fumus,
3403 791 3501 861 qui
3536 792 3687 847 intro
3747 797 3859 861 est,

2211 876 2480 946 ejiciatur
2510 877 2595 943 “;
2634 882 2697 931 ut
2735 876 3023 942 homines,
3085 894 3217 933 cum
3272 882 3686 951 perspexerint,
3738 899 3861 938 cre-

2214 966 2356 1020 dant
2384 965 2442 1019 in
2478 982 2661 1020 unum
2693 966 2873 1021 Deum
2908 966 3135 1021 Patrem
3170 968 3648 1040 omnipotentem,
3704 976 3761 1026 et
3804 972 3865 1026 in

2215 1054 2585 1125 unigenitum
2620 1055 2748 1125 ejus
2781 1054 2989 1110 Filium
3024 1072 3089 1110 ex
3122 1072 3187 1111 eo
3218 1061 3352 1112 ante
3384 1059 3594 1113 saecula
3632 1061 3866 1115 inenar-

2216 1142 2385 1198 rabili
2418 1144 2589 1198 modo
2617 1144 2902 1214 genitum,
2955 1150 3010 1200 et
3041 1145 3098 1199 in
3153 1145 3432 1216 Spiritum
3483 1153 3751 1203 sanctum
3800 1167 3868 1205 ex

2215 1231 2419 1287 eodem
2454 1231 2729 1285 ineffabili
2764 1233 2984 1287 ratione
3008 1235 3410 1303 procedentem
3439 1261 3452 1299 -,
3486 1242 3659 1308 atque
3683 1254 3865 1293 unum

2217 1325 2397 1373 Deum
2456 1326 2811 1390 cognoscant
2868 1321 2926 1375 in
2978 1322 3169 1377 tribus
3214 1324 3503 1391 Personis,
3581 1326 3863 1398 principio

2217 1413 2532 1477 carentem,
2569 1409 2700 1463 finis
2721 1416 3033 1480 expertem,
3056 1417 3356 1477 aeternum,
3380 1422 3746 1486 perpetuum,
3773 1418 3865 1472 in-

2219 1502 2500 1564 creatum,
2535 1497 2984 1568 immutabilem,
3019 1501 3320 1556 variationi
3356 1522 3468 1559 non
3525 1506 3864 1575 obnoxium,

2220 1584 2570 1656 simplicem,
2607 1604 2717 1641 non
2752 1590 3141 1659 compositum
3185 1591 3609 1664 incorporeum,
3666 1595 3868 1651 invisi-

2220 1672 2418 1741 bilem,
2455 1674 2797 1745 intactilem,
2823 1676 3877 1755 incircumscriptum,incomprehen-

2228 1762 2481 1828 sibilem,
2514 1764 2837 1829 inﬁnitum,
2871 1783 2984 1820 non
3016 1766 3301 1823 valentem
3337 1773 3606 1843 perspici,
3628 1774 3869 1847 bonum,

2224 1854 2476 1923 justum,
2538 1858 2833 1924 potentem
2894 1855 3113 1920 omnia,
3161 1864 3555 1915 creaturarum
3607 1864 3873 1919 omnium

2231 1940 2523 2011 opificem,
2556 1941 3033 2013 omnipotentem,
3068 1945 3452 2016 inspectorem
3504 1957 3872 2020 cunctorum,

460 2036 823 2111 provisorem
855 2032 1144 2098 omnium,
1177 2030 1626 2099 dominatorem,
1659 2044 1724 2084 ac
1748 2028 2041 2100 judicem;
2075 2033 2250 2099 atque
2281 2029 2361 2085 ita
2390 2046 2543 2101 aqua
2569 2034 2623 2085 et
2653 2032 2862 2103 spiritu
2915 2033 3097 2088 renati
3147 2034 3471 2093 cohaeredes
3502 2041 3870 2097 constituan-

459 2131 562 2182 tur
592 2124 847 2180 filiorum
882 2121 984 2177 Dei
1016 2124 1353 2176 renatorum
1386 2118 1456 2173 ad
1490 2117 1987 2189 incorruptionem
2012 2118 2076 2171 ‘5.

537 2235 743 2287 XVIII.
777 2225 869 2282 Διὸ
930 2226 1036 2301 πρὸ
1091 2225 1291 2287 παντὸς
1353 2224 1667 2296 ζητήματος
1709 2221 1799 2277 καὶ
1859 2221 2039 2297 αὐτὸς,
2071 2220 2117 2277 ὦ

463 2317 695 2392 Κλήμη,
744 2314 978 2389 ἐτοίμως
1036 2314 1111 2375 ὡς
1149 2313 1263 2376 υἱὸς
1324 2311 1487 2387 πατρὶ
1544 2311 1830 2386 πρόσελθε,
1880 2309 1973 2366 ’ίνα
2027 2310 2117 2366 καὶ

461 2412 573 2463 τῶν
606 2405 899 2483 ὁρωμένων
930 2403 1021 2459 καὶ
1050 2406 1157 2457 τῶν
1190 2400 1433 2478 ἀοράτων
1466 2397 1713 2474 ἀψευδῶς
1766 2400 1865 2468 τήν
1920 2404 2116 2476 γνῶσιν

466 2497 599 2558 Θεὸς
646 2495 903 2571 παράσχῃ
951 2513 1058 2549 σοι.
1100 2490 1165 2546 Εἷ
1197 2488 1255 2545 δὲ
1299 2488 1389 2545 καὶ
1448 2490 1583 2562 μετᾶ
1628 2490 1691 2543 τὸ
1737 2486 2007 2559 κληθῆναι
2057 2488 2120 2543 οὐ

464 2586 667 2654 θὲλεις,
769 2579 1074 2659 βραδύνεις,
1108 2577 1292 2651 δικαίᾳ
1322 2582 1454 2633 Θεοῦ
1499 2578 1673 2655 κρίσει
1717 2577 2037 2653 ἀπόκληρος
2077 2581 2120 2615 ‘7

471 2673 591 2749 ἔσῃ,
618 2678 699 2746 τῷ
728 2675 802 2747 μή
834 2671 1059 2741 Θελῆσαι
1098 2670 1174 2744 μὴ
1208 2667 1478 2739 θεληθείς.
1514 2669 1612 2721 Καὶ
1648 2669 1723 2740 μή
1774 2689 1857 2722 τοι
1897 2667 2121 2741 νομίσῃς

471 2764 558 2820 ὅτι
605 2764 701 2818 κᾶν
752 2762 965 2817 πάντων
1006 2764 1115 2814 τῶν
1165 2758 1297 2813 ποτε
1342 2756 1642 2833 γενομένων
1697 2754 1929 2811 εὐσεϐῶν
1983 2756 2126 2811 εὐσε-

476 2850 736 2913 ϐέστατος
781 2852 905 2927 γένῃ
948 2852 1013 2911 ⁸⁸,
1049 2850 1123 2921 μή
1165 2846 1380 2925 φθάσεις
1432 2849 1477 2883 ⁴⁰
1526 2843 1584 2900 δὲ
1630 2844 1985 2915 τελειωθῆναι
2038 2843 2127 2900 διὰ

2296 2226 2487 2282 XVIII.
2522 2228 2883 2299 Quapropter
2913 2234 3047 2284 ante
3092 2247 3325 2286 omnem
3384 2236 3763 2304 quaestionem
3815 2244 3877 2296 tu

2229 2330 2483 2386 quoque,
2532 2333 2564 2371 ο
2604 2316 2893 2387 Clemens,
2951 2326 3213 2391 prompte
3264 2326 3541 2393 tanquam
3600 2326 3756 2382 ﬁlius
3808 2330 3880 2385 ad

2232 2407 2453 2474 patrem
2486 2404 2715 2469 accede,
2751 2409 2813 2459 ut
2843 2410 2899 2460 et
2928 2405 3242 2463 visibilium
3277 2414 3334 2465 et
3366 2411 3746 2470 invisibilium
3780 2434 3880 2474 co-

2230 2491 2552 2563 gnitionem
2585 2509 2713 2548 vere
2732 2493 3285 2565 tibiprwbeatDeus.
3313 2500 3471 2564 Quod
3497 2502 3543 2555 si
3569 2508 3879 2575 postquam

2230 2585 2467 2636 vocatus
2493 2598 2573 2647 es,
2597 2599 2711 2637 non
2730 2583 2835 2649 vis,
2862 2591 2963 2637 aut
2991 2586 3312 2654 cunctaris;
3333 2589 3493 2657 justo
3531 2593 3622 2645 hei
3650 2594 3877 2662 judicio

2232 2670 2487 2726 exheres
2517 2671 2669 2738 eris;
2704 2675 2759 2725 et
2787 2673 2925 2743 quia
2959 2674 3218 2743 noluisti,
3254 2676 3403 2732 nolet
3438 2683 3489 2733 te
3539 2680 3711 2738 Deus.
3764 2689 3880 2739 Ne-

2234 2774 2347 2828 que
2379 2774 2511 2812 vero
2541 2757 2864 2825 existimes,
2897 2761 3049 2831 quod
3082 2762 3188 2815 etsi
3212 2765 3474 2820 omnium
3500 2768 3877 2841 quiunquam

2234 2839 2470 2900 fuerunt
2501 2846 2601 2917 pii,
2638 2846 2939 2917 piissimus
2962 2850 3063 2916 sis,
3094 2852 3370 2922 baptismi
3396 2861 3588 2911 autem
3616 2839 3886 2916 con—sum-

479 2943 876 3020 βαπτίσματος,
928 2936 1151 2999 ἐλπίδος
1210 2936 1410 3011 ἀγαθῆς
1466 2940 1653 3011 τυχεῖν
1714 2932 1915 3009 δυνήσῃ
1972 2936 2116 2993 ποτὲ,

2242 2934 2556 2989 mationem
2593 2954 2704 2990 non
2732 2938 2909 2992 tueris
2941 2944 3263 3005 asse-"nius,
3302 2942 3511 2998 bonum
3546 2962 3709 3018 spem
3757 2948 3886 3003 adi-

472 3031 651 3105 Ταύτῃ
706 3031 811 3105 γὰρ
870 3026 1103 3082 πλείονα
1135 3025 1347 3099 μᾶλλον
1384 3023 1590 3102 ὑφέξεις
1636 3024 1735 3091 τὴν
1768 3022 2014 3092 κόλασιν,
2044 3024 2126 3079 ὅτι

474 3120 667 3182 καλοῖς
702 3116 883 3194 ἔργοις
915 3118 1015 3172 οὐκ
1052 3115 1275 3191 ἐχρήσω
1322 3112 1502 3175 καλῶς
1532 3115 1595 3169 ⁸ο.
1629 3110 1768 3169 Οὐδὲ
1810 3114 1911 3188 γὰρ
1965 3112 2133 3167 καλὸν

473 3211 543 3265 τὸ
588 3207 779 3278 καλὸν,
814 3206 843 3261 ὅ
874 3227 1036 3283 φαιριν
1091 3207 1192 3278 (5),
1242 3203 1365 3258 ὅταν
1421 3203 1497 3275 μή
1545 3199 1730 3264 καλῶς
1777 3201 2017 3277 γίνηται,
2056 3201 2131 3256 Σὺ

484 3296 544 3353 δὲ
575 3298 619 3353 εἷ
661 3296 721 3352 οὐ
756 3294 929 3359 θέλεις
974 3295 1051 3356 ὡς
1097 3298 1176 3366 τῷ
1223 3293 1337 3365 Θεῴ
1386 3289 1579 3346 δοκοῦν
1630 3292 2007 3367 βαπτισθῆναι,
2052 3296 2131 3364 τῷ

482 3392 565 3459 σῷ
614 3384 826 3459 μᾶλλον
874 3384 1158 3459 ὑπηρετῶν
1211 3380 1511 3455 θελήματι,
1564 3379 1868 3456 ἐχθραίνεις
1916 3379 2130 3442 πάντως

481 3481 554 3550 τῇ
585 3475 790 3531 ἐκείνου
826 3471 1024 3549 βουλῇ.
1061 3470 1213 3528 Ἀλλ’
1263 3468 1393 3531 ἴσως
1449 3469 1603 3544 ἐρεῖς·
1660 3470 1756 3524 Καὶ
1802 3468 1855 3523 τί
1886 3465 2131 3541 συμϐάλ-

483 3564 635 3620 λεται
696 3563 831 3637 πρὸς
908 3556 1177 3616 εύσέϐειαν
1252 3560 1315 3614 τὸ
1376 3558 1729 3633 βαπτισθῆναί
1808 3579 1875 3631 με
1930 3556 2129 3626 ὕδατι;

483 3658 709 3725 Πρῶτον
748 3651 843 3725 μὲν
875 3650 957 3705 ὅτι
1005 3650 1068 3705 τὸ
1099 3646 1253 3721 δόξαν
1305 3652 1421 3719 Θεῷ
1450 3648 1724 3721 πράττεις.
1763 3645 2018 3723 Δεύτερον
2053 3643 2129 3718 δὲ,

485 3742 569 3797 ὅτι
628 3742 699 3797 δι’
757 3738 951 3801 ὕδατος
996 3739 1085 3793 καὶ
1141 3736 1447 3810 πνεύματος
1494 3736 1845 3811 ἀναγεννᾶσαι
1894 3739 1970 3808 (6)
2018 3733 2133 3809 Θεῷ

475 3831 569 3886 καὶ
616 3831 716 3898 τὴν
767 3828 820 3900 ἐξ
876 3825 1160 3899 ἐπιθυμίας
1204 3825 1427 3901 πρώτην
1483 3845 1566 3878 σοι
1599 3824 1899 3899 γενομένην
1928 3822 2129 3878 καταλ-

476 3918 695 3980 λάσσεις
722 3918 992 3994 γέννησιν·
1025 3916 1113 3969 καί
1167 3913 1309 3970 οὕτω
1359 3912 1631 3988 σωτηρίας
1680 3918 1867 3988 τυχεῖν
1902 3910 2130 3987 δυνήσῃ,

477 4005 665 4069 ἄλλως
716 4004 773 4061 δὲ
818 4003 921 4081 ἄρα
968 4002 1247 4059 ἀδύνατον.
1302 4001 1455 4056 Οὕτω
1504 4002 1608 4077 γὰρ
1659 4001 1687 4055 ὁ
1748 4001 1835 4055 ἐπὶ
1890 4022 2135 4076 σωτηριᾳ

478 4096 570 4152 καὶ
619 4096 886 4173 ἀφθαρσίᾳ
938 4097 1036 4149 τοῦ
1091 4091 1278 4169 γένους
1326 4092 1487 4163 ἡμῶν
1540 4089 1955 4166 ἐνανθρωπήσας
2005 4091 2133 4152 Θεὸς

480 4185 656 4261 Λόγος
706 4187 850 4239 εἶπεν
892 4186 1024 4256 ἡμῖν
1053 4201 1065 4213 ⁸
1118 4182 1293 4254 Ἀμὴν
1350 4178 1496 4255 λέγω
1547 4180 1693 4252 ὑμῖν,
1744 4178 1828 4233 ἐὰν
1882 4180 1958 4252 μή
2012 4179 2134 4234 ἀνα-

480 4275 773 4350 γεννηθῆτε
831 4270 897 4327 δι’
951 4270 1143 4332 ὕδατος
1198 4269 1287 4324 καὶ
1348 4267 1674 4341 πνεύματος,
1730 4267 1792 4322 ού
1841 4269 1916 4341 μὴ
1958 4267 2132 4323 εἰσέλ-

484 4364 618 4433 θητε
661 4363 735 4422 εἷς
783 4363 880 4431 τήν
931 4358 1206 4436 βασιλείαν
1260 4363 1366 4413 τῶν
1418 4357 1675 4431 οὐρανῶν.
1728 4357 1822 4411 Διὸ
1868 4356 2139 4431 πρόσελθε

480 4456 565 4524 τῷ
627 4450 994 4527 βαπτίσματι*
1054 4453 1216 4505 τοῦτο
1274 4447 1379 4522 γὰρ
1442 4446 1609 4520 μόνον
1661 4447 1759 4514 τήν
1812 4450 1910 4500 τοῦ
1967 4445 2138 4522 πυρὸς

2243 3022 2387 3093 pisci
2419 3023 2733 3094 aliquando
2778 3026 3016 3096 poteris.
3066 3028 3142 3081 Eo
3184 3029 3337 3083 enim
3386 3034 3637 3103 majores
3688 3053 3890 3107 pcenas

2242 3111 2429 3181 dabis,
2454 3113 2605 3183 quod
2627 3114 2797 3169 bonis
2819 3116 3095 3186 operibus
3124 3134 3235 3173 non
3262 3120 3408 3175 bene
3424 3138 3566 3177 usus
3588 3124 3689 3179 sis.
3717 3125 3887 3194 Nam,

2241 3205 2305 3254 ut
2336 3200 2519 3268 aiunt,
2548 3202 2767 3257 bonum
2800 3220 2913 3259 non
2946 3203 3164 3260 bonum
3197 3211 3304 3278 est,
3337 3211 3572 3279 quando
3605 3229 3719 3268 non
3741 3214 3888 3270 bene

2242 3287 2454 3360 agitur.
2513 3290 2597 3345 Tu
2656 3307 2789 3347 vero
2841 3290 2910 3360 si,
2963 3296 3462 3365 quemadmodum
3509 3299 3626 3356 Deo
3676 3302 3885 3373 placet,

2242 3378 2393 3435 nolis
2423 3379 2728 3450 baptizari,
2763 3398 2827 3435 ac
2860 3386 2972 3435 tuas
2998 3384 3483 3453 potiusvolnntati
3510 3388 3887 3460 obsequeris;

2244 3470 2497 3539 profecto
2530 3468 2688 3524 illius
2718 3470 2957 3524 consilio
2994 3489 3303 3543 repugnas.
3334 3476 3440 3529 Sed
3501 3479 3641 3532 t’orte
3687 3480 3885 3535 dices:

2243 3557 2312 3611 Et
2343 3558 2483 3627 quid
2516 3558 2584 3611 ad
2622 3560 2893 3628 pietatem
2944 3562 3220 3631 conferet,
3281 3563 3328 3617 si
3383 3583 3535 3635 aqua
3588 3566 3893 3638 baptizer?

2244 3645 2437 3700 Primo
2468 3646 2725 3716 quidem,
2751 3646 2888 3718 quia
2920 3648 2975 3702 id
3011 3651 3162 3720 quod
3202 3652 3309 3707 Deo
3341 3653 3563 3723 placuit
3595 3656 3757 3710 facis.
3789 3660 3891 3712 Se-

2243 3735 2435 3789 cundo
2466 3751 2618 3801 vero,
2643 3734 2780 3805 quia
2809 3752 2909 3807 per
2940 3754 3151 3809 aquam
3201 3745 3258 3795 et
3300 3742 3574 3812 spiritum
3624 3761 3895 3800 renasce-

2244 3824 2325 3878 ris
2359 3825 2489 3891 Deo,
2523 3829 2697 3894 atque
2728 3824 2978 3895 primam
3013 3827 3371 3884 nativitatem
3404 3848 3582 3901 quam
3632 3849 3702 3889 ex
3752 3849 3889 3888 con-

2242 3913 2602 3984 cupiscentia
2661 3913 2885 3968 traxisti
2959 3922 3298 3985 permutes:
3377 3920 3577 3991 sicque
3639 3922 3891 3978 salutem

2242 4001 2518 4071 consequi
2557 4001 2807 4071 poteris:
2871 4003 3037 4058 aliter
3091 4013 3282 4060 autem
3347 4008 3467 4063 fieri
3529 4010 3749 4080 nequit.
3805 4011 3893 4066 Ita

2242 4090 2420 4157 enim,
2455 4092 2549 4160 qui
2580 4093 2814 4161 propter
2844 4090 3091 4148 salutem
3117 4099 3172 4149 et
3202 4094 3702 4154 immortalitatem
3726 4116 3898 4171 gene—

2244 4180 2325 4233 ris
2355 4180 2536 4233 nostri
2568 4180 2908 4235 incarnatus
2938 4185 3027 4237 est
3056 4182 3209 4238 Deus
3240 4184 3461 4255 Sermo,
3496 4187 3642 4242 dixit
3684 4187 3853 4244 nobis
3879 4205 3892 4243 :

2248 4270 2434 4334 Amen,
2468 4270 2592 4322 dico
2622 4269 2807 4330 vobis;
2835 4270 2949 4324 nisi
2978 4275 3167 4327 renati
3192 4274 3410 4340 fueritis
3442 4292 3584 4346 aqua
3605 4285 3655 4331 et
3670 4278 3898 4348 spiritu,

2247 4375 2357 4412 non
2388 4357 2689 4411 z'ntruz‘bz'tz's
2721 4359 2779 4411 in
2812 4374 3039 4427 regnum
3072 4376 3341 4417 cam-orum
3368 4363 3435 4419 ⁶¹.
3470 4366 3787 4429 Quodcirca
3826 4367 3899 4422 ad

2251 4445 2611 4517 baptismum
2643 4447 2884 4501 accede:
2920 4447 3213 4519 siquidem
3247 4450 3342 4505 hic
3373 4451 3534 4507 solus
3584 4454 3701 4509 vim
3746 4454 3901 4527 ignis

1849 4607 2090 4662 VARI/E
2136 4605 2551 4662 LECTIONES.

566 4721 790 4791 Recogn.
851 4735 889 4787 ι,
948 4718 1036 4772 69.
1098 4714 1275 4791 “_a_l.
1322 4710 1872 4791 aautdinmov._al._
1920 4710 2313 4791 ἀπερίληπτον,
2374 4710 2889 4791 ἆζὲτάληπτο“ηι.“⁸ξ
2925 4714 3180 4791 gemant.
3242 4717 3403 4772 hom.
3454 4735 3515 4779 ιι.
3567 4735 3616 4791 ο.
3652 4720 3905 4791 24,_etc.

495 4793 618 4847 Rec.
652 4777 801 4855 ΙῘνι,
837 4777 887 4844 εί
909 4790 1105 4867 8,“θῐο.
1140 4788 1185 4867 δῖ
1218 4777 1685 4867 ἀποκληρώσῂλδξ
1715 4777 2198 4867 81...εύσεϐέστερος
2229 4777 2734 4867 γένῃηάϐρπτιστος
2766 4781 2822 4867 de
2852 4784 3195 4867 ᾗςμέλπίδος
3245 4794 3450 4867 τυχεῖν.
3474 4777 3529 4867 ἠ
3558 4790 3631 4845 al.
3678 4777 3903 4867 φόάσῃς.

498 4865 544 4900 ⁵ο
572 4863 647 4919 al.
683 4859 766 4915 δτι
791 4852 1100 4935 ’καλᾶνέργα
1131 4856 1229 4912 οὐκ
1258 4852 1516 4927 ἐποίησας
1545 4852 1750 4917 διαλῶς.
1785 4853 1939 4924 Καλή
1972 4856 2076 4931 γὰρ
2105 4852 2342 4926 ἐύποίία,
2377 4852 2528 4908 ὁπότ’
2558 4854 2617 4908 ἂν
2652 4856 2678 4909 ὁ
2704 4856 2829 4916 Θεὸς
2856 4852 3108 4911 ἐκέλευσε
3137 4852 3362 4933 γίνεταῗ.
3389 4862 3429 4895 ⁵¹
3462 4862 3628 4918 Joan.
3667 4852 3749 4933 III,
3781 4852 3836 4918 5:

1856 5006 2241 5064 VARIORUM
2280 5008 2515 5063 ΝΟΤίΕ.

571 5128 649 5201 (5)
680 5128 746 5179 Ὅ
797 5146 975 5203 φασιν.
1016 5126 1328 5203 Denteron.
1360 5142 1474 5193 xvr,
1524 5125 1641 5203 29;
1671 5124 1826 5203 Iuste
1867 5123 2008 5203 ηειοᾴ
2030 5126 2153 5195 jus-

506 5192 731 5277 tuin'est
758 5192 1123 5277 pérgequefis.
1158 5198 1426 5277 §opient.
1458 5192 1629 5277 v;,_u
1667 5212 1686 5249 :
1715 5193 1784 5277 pi
1832 5192 2155 5277 abissem;

508 5270 673 5331 ὁσίως
728 5270 794 5324 τὰ
851 5268 973 5324 ὅσια
1017 5268 1432 5339 ὁσιωθήσονται.
1481 5269 1565 5322 Ad
1616 5268 1870 5339 verbum,
1914 5268 1974 5339 in
2023 5268 2157 5322 Vita

507 5344 670 5400 Lucas
689 5342 946 5412 ,ᾔαηίοι-ὼ
975 5346 1152 5412 _tomo
1184 5337 1243 5412 ii.
1276 5339 1533 5412 Auctarii
1565 5337 1977 5412 Combeﬁsiani
2018 5354 2152 5412 pag.

505 5414 634 5487 985,
676 5406 737 5467 τὸ
769 5412 872 5487 γὰρ
902 5410 1089 5487 καλὸν,
1145 5411 1207 5466 ού
1236 5408 1635 5487 καλὸν,-φασὶν,
1687 5407 1810 5461 ὅταν
1863 5408 1936 5480 μὴ
1970 5406 2156 5487 καλῶς

505 5484 736 5560 γίνοιτο,
768 5482 1007 5560 et'ap‘ud
1040 5486 1382 5560 Gregorium
1414 5482 1865 5560 I‘Iazianaenu‘m,
1910 5482 2155 5560 orat.33,

554 5601 566 5614 .
599 5549 733 5625 531,
757 5555 821 5610 τὸ
848 5549 1017 5609 καλόν
1068 5552 1130 5610 οἷ)
1154 5549 1367 5623 υκαλὸν,
1417 5552 1541 5627 ὅταν
1580 5552 1656 5624 μὴ
1705 5549 1891 5612 καλῶς
1941 5549 2157 5627 γίνηται

557 5628 764 5701 arique
793 5629 966 5685 modo
993 5627 1247 5687 Zonaras
1297 5628 1370 5687 ad
1417 5626 1711 5685 Canonem
1757 5626 2160 5696 Gangrensem

2268 5125 2353 5198 lli,
2387 5129 2443 5178 et
2475 5123 2778 5198 Balsamon
2812 5122 2867 5177 in
2904 5122 3219 5198 Re‘sponsis
3251 5127 3321 5181 ad
3355 5128 3529 5183 Marci
3582 5128 3907 5198 interroga-

2263 5196 2453 5251 tiones
2479 5212 2605 5266 cap.
2635 5195 2688 5260 6,
2714 5210 2933 5268 necnon
2954 5195 3240 5268 Origenes
3272 5199 3332 5253 in
3364 5204 3576 5254 Catena
3608 5201 3771 5255 Lucae
3798 5195 3909 5254 ms.

2266 5268 2335 5323 ad
2370 5284 2496 5330 cap,
2531 5284 2570 5321 ι.
2601 5282 2751 5320 vers.
2778 5267 2832 5330 5,
2868 5266 2966 5320 ubi
2992 5266 3187 5324 tamen
3219 5271 3273 5325 in
3300 5271 3453 5326 edita
3471 5270 3787 5326 aCorderio
3810 5286 3913 5325 no-

2267 5356 2400 5395 men
2434 5337 3087 5417 _Simeonisapp9‘nitur,
3121 5342 3313 5397 nescio
3345 5360 3416 5396 an
3450 5345 3521 5397 ob
3554 5342 3630 5410 Σή
3659 5343 3812 5417 quod
3839 5341 3911 5396 ad

2266 5410 2589 5485 marginem
2628 5407 2843 5463 codicis
2878 5408 3037 5481 Regii
3070 5419 3327 5483 apparet,
3361 5419 3564 5484 estque
3605 5407 3911 5485 σημείωσαι

2266 5483 2397 5539 Cos.

2338 5554 2414 5625 (6)
2461 5555 2710 5624 ’Δναγενν
2720 5553 2839 5603 ἆσαι
2876 5592 2890 5606 .

2267 5623 2309 5681 G
2338 5554 2414 5625 (6)
2461 5553 2839 5624 ’Δναγεννᾶσαι
2876 5592 2890 5606 .
2950 5550 3097 5624 Lege
3154 5552 3404 5629 ἀναγέννᾳ
3459 5554 3519 5610 in
3572 5554 3911 5612 Indicativo.

2314 5640 2436 5681 LER.

2314 5640 2436 5681 LER.
