4082 6208
365 434 487 494 487
1186 432 1250 492 S.
1299 431 1744 492 CLEMENTIS
1790 431 1813 493 Ι
1861 431 2051 493 ROM.
2096 432 2328 496 PONT.
2375 432 2639 496 OPERA
2683 436 2949 498 DUBIA.
3633 450 3741 511 488

369 567 559 638 potest
588 564 971 636 exstinguere.
1007 564 1205 636 Neque
1239 565 1438 633 differ;
1486 565 1762 636 quoniam
1813 563 1975 620 dilati

2096 561 2307 652 _6pp:r‘;v
2364 561 2546 621 σϐέσαι
2606 563 2845 626 δύναται.
2906 567 3004 623 Καὶ
3066 570 3141 642 μή
3203 567 3523 630 ἀναϐάλλου*
3581 577 3657 633 ὅτι
3708 584 3739 652 ἡ

367 652 513 708 solet
540 653 743 709 afferre
776 654 1121 725 periculum,
1166 660 1471 725 prepterea
1521 654 1677 726 quod
1725 654 1979 710 incertur

2129 647 2372 723 ἀναϐολὴ
2404 652 2648 710 κίνδυνον
2683 654 2797 711 οἶδε
2827 657 3026 735 φέρειν,
3061 655 3149 713 διὰ
3173 660 3233 714 τὸ
3264 658 3463 732 ἄδηλον
3497 665 3620 721 εἶναι
3655 647 3742 724 τού

366 742 442 797 sit
473 743 864 813 praestitutum
898 742 1069 797 morti
1092 746 1307 798 nostra;
1333 747 1584 814 tempus.

2124 740 2352 798 Θανάτου
2380 745 2480 813 τὴν
2512 744 2866 821 προθεσμίαν.

435 830 575 886 ΧΙΧ.
600 832 645 865 ⁵2
667 832 982 903 Postquam
1007 831 1126 885 haec
1151 830 1415 902 dixisset,
1436 831 1979 904 Equidem,inquam

2131 836 2333 922 “XIX:
2390 837 2564 888 Ταῦτα
2640 833 2839 889 ἐκείνου
2907 835 3172 906 εἰπόντος,
3232 839 3375 914 Ἐγὼ
3434 841 3545 913 μὲν,
3604 842 3738 922 ἔφην,

365 920 538 975 modo
572 921 794 993 gratias
825 937 932 991 ago
958 920 1075 975 Deo
1098 921 1274 987 Patri,
1310 928 1362 976 et
1409 919 1703 993 unigenito
1742 922 1871 992 ejus
1920 920 1979 974 Fi

2119 914 2228 1009 ἤδη
2264 920 2570 997 εὐχαριστῶ
2600 927 2680 994 τῷ
2709 922 2825 996 Θεῷ
2869 923 2958 979 καὶ
2997 923 3186 1000 Πατρέ,
3211 927 3300 981 καὶ
3358 933 3435 1000 τῷ
3486 914 3738 1009 μονογενεῖ

363 1007 460 1076 lio,
495 1014 552 1064 et
580 1014 783 1065 sancto
812 1009 1076 1080 ejusdem
1101 1009 1362 1081 Spiritui,
1398 1009 1536 1082 quia
1567 1014 1630 1065 ut
1659 1013 1855 1065 certus
1886 1010 1979 1065 tier

2118 1006 2283 1062 αὐτοῦ
2337 1011 2463 1083 Υἱῶ,
2497 1011 2585 1065 καὶ
2634 1015 2711 1083 τῷ
2764 1011 3032 1085 Πνεύματι
3066 1012 3228 1068 αὐτοῦ
3260 1020 3337 1088 τῷ
3370 1017 3522 1093 ἁγίῳ,
3553 1006 3636 1075 ὅτι*
3669 1023 3733 1087 ὡς

338 1096 518 1167 volui,
553 1098 635 1153 ita
664 1103 721 1154 et
751 1098 897 1152 mihi
927 1099 1153 1153 tribuit.
1190 1098 1476 1154 Caeterum
1512 1100 1579 1154 de
1612 1115 1703 1153 me
1734 1098 1975 1170 deincep

2118 1092 2430 1187 ἐϐουλόμην
2464 1097 2980 1179 πληροφορηθῆναι,
3016 1101 3159 1157 οὕτω
3212 1125 3303 1177 μοι
3354 1092 3441 1160 καὶ
3500 1109 3729 1187 παρέσχε,

342 1202 585 1241 securus
608 1195 750 1242 esto.
785 1187 1100 1258 Nunquam
1135 1186 1291 1242 enim
1328 1186 1608 1243 dubitabo
1640 1187 1710 1242 de
1741 1186 1859 1242 ullo
1903 1203 1979 1242 eo

2116 1182 2270 1254 Πλήν
2299 1186 2422 1263 περὶ
2455 1187 2590 1261 ἐμοῦ
2635 1190 2698 1244 τὸ
2749 1188 2941 1245 λοιπὸν
2984 1191 3237 1267 ἄφροντις
3286 1191 3394 1250 ἔσο.
3444 1193 3573 1252 Ούδέ
3620 1182 3732 1257 ποτε

338 1290 469 1329 rum
524 1292 650 1346 quae
692 1292 725 1331 a
780 1281 836 1330 te
884 1274 1109 1346 prolata
1157 1280 1314 1330 sunt.
1364 1276 1567 1349 Igitur,
1626 1274 1873 1330 Domine
1923 1292 1978 1355 In

2114 1272 2217 1347 γὰρ
2274 1273 2510 1332 ἐνδυάσω
2556 1280 2601 1314 ⁵³
2629 1279 2766 1354 πρός
2825 1300 2877 1334 τι
2934 1283 3041 1334 τῶν
3104 1279 3207 1335 ύπὸ
3265 1287 3361 1337 σοῦ
3386 1280 3729 1355 λαληθέντων·

337 1364 527 1428 Petre,
564 1380 633 1419 ne
665 1363 860 1419 animo
914 1363 1082 1419 anxio
1118 1364 1219 1433 sis,
1254 1369 1538 1435 tanquam
1575 1381 1691 1419 non
1723 1348 1979 1420 sentient

2112 1360 2454 1441 ὥστε,κύριέ
2512 1388 2617 1439 μου
2670 1348 2855 1445 ᾑέτρε,
2911 1371 2987 1442 μὴ
3047 1369 3264 1443 ἀθύμει,
3322 1372 3396 1434 ὡς
3453 1348 3732 1452 ἀναισθήτῳ

334 1452 570 1508 homini
606 1453 860 1508 maxima
890 1454 1045 1509 bona
1074 1454 1402 1509 donaveris.
1438 1453 1566 1508 Scio
1625 1452 1841 1525 quippe
1891 1452 1979 1508 hoc

2113 1452 2341 1526 μέγιστα
2398 1451 2739 1529 δωρούμενος
2797 1459 2986 1533 ἀγαθά.
3039 1456 3175 1516 Οἶδα
3232 1461 3337 1536 γὰρ
3393 1460 3473 1517 ὅτι
3514 1451 3733 1523 τοιοῦτόν

340 1542 456 1597 tale
490 1546 547 1598 et
576 1543 718 1598 adeo
754 1559 1030 1613 magnum
1063 1559 1210 1613 esse,
1244 1546 1309 1597 ut
1331 1541 1579 1613 quilibet
1600 1541 1745 1596 illud
1775 1545 1832 1596 et
1855 1542 1979 1597 celei

2110 1537 2219 1593 ἐστι
2276 1540 2366 1594 καὶ
2424 1541 2568 1597 οὕτω
2628 1543 2906 1619 μέγιστον,
2959 1546 3073 1600 οἷον
3136 1544 3194 1600 ἄν
3251 1568 3336 1609 τις
3404 1550 3491 1602 καὶ
3540 1551 3730 1628 ταχέως

349 1631 491 1687 riter
519 1632 656 1687 velit
686 1633 964 1703 accipere.
996 1632 1191 1688 Sentio
1222 1630 1379 1685 enim
1416 1630 1558 1685 mihi
1588 1629 1860 1685 velociter
1889 1630 1995 1686 da-

348 1723 473 1775 tum
507 1720 819 1775 charisma.
854 1720 983 1775 Hac
1016 1724 1324 1791 postquam
1357 1718 1587 1776 locutus
1609 1736 1764 1790 sum,
1788 1722 1994 1775 Petrus

2109 1622 2296 1683 λαϐεῖν
2352 1629 2632 1704 βούλοιτο,
2681 1630 3017 1706 Αῗσθάνομαι
3067 1635 3171 1711 γὰρ
3219 1639 3319 1690 τοῦ
3369 1622 3729 1713 δοθέντοςημοι

2107 1711 2195 1804 διὰ
2220 1718 2425 1792 τάχους
2455 1719 2818 1796 χαρίσματος.
2851 1721 3027 1777 Ταῦτά
3061 1744 3164 1797 μου
3198 1723 3468 1800 εἰπόντος,
3492 1729 3518 1781 6
3550 1711 3730 1804 Πέτρος

341 1809 523 1865 dixit:
557 1809 812 1864 Gratiam
856 1809 1041 1863 habeo
1083 1808 1217 1876 Deo,
1272 1814 1328 1862 et
1381 1825 1483 1880 pro
1532 1806 1713 1863 salate
1760 1812 1882 1873 tua,
1938 1814 1979 1863 e1

2103 1802 2226 1879 ἔφη·
2260 1805 2425 1883 Χάριν
2460 1808 2719 1885 ὁμολογῶ
2748 1814 2828 1882 τῷ
2859 1816 2994 1883 Θεῷ,
3027 1811 3115 1866 καὶ
3156 1812 3283 1887 περῖ
3340 1822 3437 1884 τῆς
3494 1824 3585 1886 σῆς
3640 1802 3730 1873 σω-

333 1916 438 1970 pro
471 1899 775 1953 commodo
812 1914 960 1952 meo.
994 1898 1195 1968 Itaque
1218 1914 1320 1968 per
1343 1897 1523 1951 trium
1552 1896 1843 1951 mensium
1868 1896 1979 1951 dies

335 1987 425 2006 2-3,
464 2004 519 2006 WA
598 1992 634 2006 Al
674 1986 1027 2006 LA_12_,A___.._
1099 1985 1341 2006 ---ξ-Ξ--
1420 1985 1610 2006 Y__2_-
1667 2001 1793 2006 -.__-
1834 2001 1854 2006 Α
1900 1985 1979 2006 J2-

2098 1894 2314 1967 τηρίας,
2349 1895 2437 1950 καὶ
2469 1897 2592 1973 περὶ
2622 1905 2723 1968 τῆς
2755 1898 2893 1972 ἐμῆς
2923 1898 3304 1965 ἀπολαύσεως.
3338 1902 3485 1973 Πλὴν
3526 1908 3724 1975 νήστευ-

324 1987 554 2057 jejuna,
587 1992 642 2042 et
674 1986 1033 2057 baptismum
1094 1985 1366 2057 accipies.
1420 1985 1614 2057 Incipe
1662 2001 1798 2057 ergo
1830 2001 1863 2040 a
1894 1985 1988 2041 die

334 2075 610 2130 crastina.
646 2075 763 2130 Erit
793 2079 987 2129 autem
1020 2074 1166 2129 mihi
1193 2091 1322 2130 cras
1362 2090 1491 2129 cum
1541 2074 1773 2129 Simone
1819 2076 1984 2147 Mago

330 2164 673 2235 disputatio.
708 2164 908 2236 Neque
939 2163 1228 2235 ambigas,
1266 2163 1409 2218 mihi
1438 2163 1641 2218 adesse
1671 2162 1729 2216 in
1779 2163 1983 2218 adver-

332 2253 590 2308 santium
626 2252 1053 2307 controversiis.
1086 2252 1189 2308 His
1218 2252 1410 2319 dictis,
1442 2250 1566 2322 ipse
1587 2250 1763 2306 etiam
1784 2250 1981 2307 cibum

329 2341 607 2412 sumpsit,
642 2358 849 2412 meque
872 2340 1053 2411 jussit
1083 2340 1353 2413 privatim
1387 2357 1635 2396 sumere.
1670 2339 1981 2396 Benedicto

326 2435 525 2486 autem
560 2430 706 2499 cibo,
758 2431 1019 2501 actisque
1068 2430 1293 2501 gratiis,
1355 2430 1680 2500 subjunxit,
1737 2429 1976 2484 dicens:

327 2518 430 2575 Det
458 2518 565 2573 tibi
588 2519 762 2584 Deus,
790 2523 853 2573 ut
877 2519 933 2572 in
956 2518 1229 2574 omnibus
1252 2519 1394 2573 mihi
1420 2517 1631 2575 similis
1683 2517 1975 2587 efficiaris,

327 2613 507 2679 utque
538 2607 888 2679 baptizatus,
929 2608 1192 2678 ejusdem
1245 2624 1473 2662 mecum
1524 2607 1817 2678 particeps
1872 2608 1977 2661 [ius

330 2713 564 2752 mensa).
591 2696 785 2767 quue
807 2696 1203 2767 pronuntiato,
1228 2696 1523 2767 quiescere
1549 2713 1638 2751 me
1666 2695 1972 2767 praecepit:

2099 2002 2190 2037 σον
2252 1989 2418 2058 τριῶν
2482 1992 2669 2059 μηνῶν
2730 1987 2962 2063 ἡμέρας,
3020 1990 3111 2045 καὶ
3172 1987 3471 2065 λαμϐάνεις
3534 1996 3591 2049 τὸ
3647 1998 3727 2069 βά·

2094 2091 2322 2146 πτισμα.
2357 2078 2548 2151 ’Άρξαι
2573 2075 2754 2131 τοίνυν
2797 2077 2904 2133 ἀπὸ
2951 2085 3053 2148 τῆς
3085 2075 3297 2155 αὔριον.
3349 2085 3498 2139 ’Ἐστι
3550 2081 3603 2137 δέ
3641 2105 3720 2156 μοι

2092 2161 2127 2230 ἡ
2162 2158 2345 2237 αὔριον
2380 2165 2514 2239 πρὸς
2558 2164 2786 2237 Σίμωνα
2836 2168 2928 2222 τὸν
2985 2166 3151 2244 μάγοέ
3201 2166 3458 2240 διάλεξις.
3510 2172 3604 2227 Καὶ
3650 2174 3715 2244 μὴ

2095 2246 2332 2325 ὀκλάσῃς
2390 2252 2638 2325 παρεῖναί
2698 2275 2791 2327 μοι
2849 2254 2899 2309 ἐν
2971 2261 3091 2317 ταῖς
3170 2262 3283 2312 τῶν
3360 2259 3712 2332 ἀντικειμένων

2093 2340 2369 2409 ζητήσεσι.
2403 2344 2576 2396 Ταῦτα
2629 2341 2817 2409 εἰπὼν,
2874 2341 2965 2398 καί
3014 2352 3224 2422 τροφῆς
3278 2346 3437 2409 αὐτὸς
3502 2347 3712 2420 μεταλα-

2090 2422 2221 2497 ϐὼν,
2266 2425 2378 2499 ἰδίᾳ
2413 2429 2554 2502 κάμὲ
2602 2426 2923 2503 μεταλαϐεῖν
2977 2431 3272 2491 ἐκέλευσεν.
3308 2435 3617 2511 Εύλογήσας
3665 2434 3714 2493 δὲ

2089 2513 2177 2571 ἐπὶ
2226 2520 2325 2586 τῆς
2378 2521 2585 2596 τροφῆς
2632 2519 2721 2574 καὶ
2782 2520 3202 2597 εὐχαριστήσας,
3236 2523 3477 2600 ἐπήγαγε
3535 2523 3711 2601 λέγων’

2088 2606 2211 2678 Δῴη
2246 2628 2329 2661 σοι
2375 2608 2402 2662 ὁ
2434 2608 2565 2670 Θεὸς
2622 2610 2757 2664 κατᾶ
2808 2611 2978 2665 πάντα
3037 2610 3439 2684 έῇμοιωθῆναί
3499 2635 3605 2687 μοι,
3634 2614 3713 2669 καὶ

2089 2695 2428 2771 βαπτισθέντι
2465 2699 2511 2734 ⁸⁸
2537 2704 2635 2767 τῆς
2692 2699 2861 2768 αὐτῆς
2922 2721 3015 2772 μοι
3064 2709 3396 2771 κοινωνῆσαι
3442 2705 3709 2778 τραπέζης.

2084 2783 2267 2846 Οὕτως
2324 2784 2512 2857 εἰπὼν,
2571 2787 2866 2862 ἡσυχάζειν
2924 2810 3018 2861 μοι
3066 2790 3411 2863 προσέταξεν
3464 2789 3567 2862 ἤδη
3622 2791 3711 2869 γάρ

2081 2893 2186 2927 που
2214 2872 2305 2928 καί
2336 2875 2364 2928 6
2394 2876 2579 2950 καιρὸς
2609 2877 2745 2949 πρὸς
2778 2876 2942 2931 ὕπνον
2978 2877 3182 2934 ἐκάλει.

393 2962 508 3018 ΧΧ.
548 2963 592 2997 ⁵⁵
644 2961 921 3034 Sequenti
976 2978 1113 3035 ergo
1173 2961 1286 3030 die,
1340 2978 1445 3034 ego
1504 2961 1789 3031 Clemens,
1836 2979 1971 3018 cum

2153 2967 2374 3036 ΧΧ.Τῇ
2432 2964 2526 3036 μὲν
2574 2962 2664 3019 οὗν
2718 2964 2943 3040 ἐπιούσῃ
3008 2965 3117 3041 ἐγὼ
3183 2966 3446 3041 Κλήμης,
3492 2968 3564 3024 ἔτι
3622 2968 3711 3037 τῆς

318 3052 507 3107 adhuc
541 3068 654 3107 nox
684 3056 860 3116 esset,
894 3068 924 3107 e
956 3068 1163 3107 somno
1210 3051 1516 3118 excitatus,
1567 3052 1666 3106 ubi
1718 3051 1969 3108 intellexi

2096 3052 2264 3113 νυκτὸς
2323 3051 2585 3127 ἐχούσης,
2619 3051 2958 3127 διϋπνισθεὶς,
2990 3055 3080 3111 καὶ
3142 3058 3328 3131 μαθὼν
3373 3060 3461 3113 τὸν
3527 3058 3709 3133 Πέτρον

314 3145 553 3197 Petrum
581 3140 915 3213 vigilare,et
947 3158 1082 3196 cum
1114 3140 1186 3196 iis
1220 3140 1319 3212 qui
1350 3158 1465 3196 una
1494 3145 1662 3197 erant
1692 3141 1763 3196 de
1808 3140 1968 3196 cultu

2096 3140 2433 3216 ἐγρηγορότα,
2487 3142 2576 3196 καὶ
2623 3148 2738 3205 τοῖς
2802 3148 3013 3199 συνοῦσι
3070 3145 3193 3221 περὶ
3255 3141 3552 3210 θεοσεϐείας
3611 3144 3712 3201 δια-

284 3230 420 3286 »Βοὶ
478 3230 765 3285 disserere
814 3229 1002 3301 (erant
1059 3234 1255 3285 autem
1324 3246 1567 3285 numero
1634 3230 1965 3298 sexdecim;

2096 3228 2398 3303 Κεγόμενον,
2454 3231 2506 3285 οἳ
2554 3232 2688 3300 ἦσαν
2739 3230 3022 3288 ἑκκαίδεκα
3074 3235 3166 3289 τὸν
3215 3235 3468 3309 ἀριθμὸν,
3519 3237 3588 3291 ὧν
3631 3235 3710 3291 καὶ

316 3335 571 3389 quorum
602 3318 722 3373 haec
780 3323 920 3374 sunt
978 3318 1252 3374 nomina:
1310 3319 1637 3385 Zacchaeus,
1688 3319 1789 3390 qui
1822 3319 1961 3374 olim

2096 3318 2139 3371 τὰ
2197 3317 2434 3392 ὀνόματά
2492 3319 2592 3375 εῗσι
2638 3325 2825 3390 ταῦτα,
2877 3328 3148 3399 Ζακχαῖος
3197 3323 3228 3379 6'
3276 3346 3408 3380 ποτε
3458 3325 3706 3395 τελώνης,

318 3407 691 3479 publicanus,
734 3412 790 3463 et
837 3408 1160 3479 Sophonias
1210 3409 1386 3463 frater
1432 3409 1597 3479 ejus;
1648 3408 1962 3479 Josephus,

2096 3406 2164 3461 ιαῖ
2197 3408 2477 3486 Σοφωνίας
2531 3412 2575 3446 ⁸⁸
2625 3411 2652 3464 6
2700 3407 2935 3489 ἀδελφὸς
2985 3411 3169 3485 αὐτοῦ,
3205 3414 3471 3491 Ἰώσηφός
3500 3436 3555 3469 τε
3582 3414 3707 3469 καἱὸ

312 3496 590 3569 illiusque
648 3496 866 3552 sodalis
923 3497 1232 3563 Micbaaas;
1293 3501 1569 3568 praeterea
1623 3496 1879 3552 Thomas
1911 3500 1969 3552 et

2096 3494 2269 3550 τούτου
2328 3497 2622 3575 σύντροφος
2681 3498 2945 3574 Μιχαίας,
2993 3500 3212 3576 προσέτι
3274 3500 3333 3557 δὲ
3384 3509 3573 3575 Θωμᾶς
3626 3502 3709 3556 καὶ

311 3586 604 3642 Eliezerus
632 3585 850 3659 gemini
877 3604 890 3653 ;
923 3586 1112 3641 Eneas
1140 3586 1445 3653 sacerdos;
1482 3586 1732 3641 Lazarus
1772 3602 1965 3641 sacer-

2098 3581 2387 3658 Ελιέζερος
2445 3586 2497 3640 οἱ
2557 3583 2817 3660 δίδυμοι,
2876 3592 2965 3643 καί
3027 3590 3208 3653 Ἐνέας
3268 3592 3296 3646 6
3354 3592 3524 3668 ἱερεὺς
3559 3634 3572 3657 ,
3627 3588 3707 3645 καὶ

312 3676 439 3742 dos,
474 3692 646 3747 quem
680 3693 715 3730 a
752 3675 996 3731 mortuis
1028 3675 1295 3730 excitavit
1337 3676 1803 3747 quatriduanum
1865 3680 1969 3730 Do-

2096 3673 2323 3751 ta'LCapoc
2375 3695 2402 3728 ο
2434 3674 2629 3751 ἱερεὺς,
2657 3677 2715 3731 ’ὸν
2765 3676 3047 3749 ἀνέστησεν
3097 3678 3156 3734 ἐκ
3198 3685 3399 3756 νεκρῶν
3430 3682 3710 3757 τετραήμε-

319 3764 512 3819 minus
549 3770 745 3819 noster
785 3764 954 3819 Jesus
987 3764 1289 3832 Christus;
1350 3764 1607 3828 Elisaeus,
1663 3765 1967 3835 Benjamin

2096 3783 2173 3817 >ον
2208 3764 2236 3817 6
2270 3761 2462 3838 Κύριος
2496 3766 2656 3836 ἡμῶν
2710 3767 2919 3836 Ἰησοῦς
2973 3768 3227 3842 Χριστὸς,
3274 3769 3364 3824 καὶ
3404 3768 3710 3835 Ἐλισσαῖος,

321 3852 480 3908 ﬁlius
509 3852 764 3923 Saphrm,
798 3853 1001 3908 itidem
1036 3852 1286 3908 Rubilus
1314 3858 1372 3908 et
1419 3853 1723 3909 Zacharias
1776 3854 1967 3910 archi-

2096 3852 2332 3925 Βενιαμῖν
2394 3853 2422 3907 6
2477 3857 2574 3907 τοῦ
2635 3860 2863 3933 Σαφρᾶ,
2921 3856 3134 3928 ὁμοίως
3190 3879 3251 3934 γε
3305 3853 3576 3920 Ῥεύϐιλος
3628 3857 3708 3912 καὶ

316 3943 474 4011 tecti,
509 3942 766 3997 Ananias
797 3947 853 3997 et
888 3944 1131 4013 Aggazas
1151 3940 1420 3996 Ammeni
1447 3966 1461 4008 ς
1492 3959 1713 3997 necnon
1739 3941 1971 3999 Nicetas

2096 3940 2350 4016 ῐαχαρίας
2381 3940 2431 3994 οἲ
2466 3939 2771 4017 οἰκοδόμοι,
2806 3944 3049 4008 Ἀνανίας
3080 3949 3123 3983 ⁵⁷
3150 3968 3208 4001 τε
3255 3949 3347 4002 καὶ
3398 3947 3642 4023 Ἀγγαίας
3671 3948 3709 3983 ⁵⁸

316 4036 373 4086 et
405 4031 619 4102 Aquila
649 4030 849 4099 socii):
911 4047 1016 4101 ego
1072 4046 1303 4101 quoque
1359 4029 1659 4099 ingressus
1706 4048 1863 4098 sum,
1914 4035 1972 4087 et

2096 4030 2129 4084 ἡ
2162 4029 2411 4102 ἀμμηνοί
2458 4032 2521 4068 δ”
2572 4029 2647 4085 ἔτι
2680 4052 2739 4086 τε
2788 4036 3032 4105 Νικήτης
3068 4035 3159 4089 καὶ
3207 4034 3442 4099 Ἀκύλας
3489 4037 3539 4091 οἱ
3577 4036 3705 4090 ἑταῖ-

311 4123 626 4191 postquam
658 4118 1034 4190 salutassem,
1060 4119 1307 4189 jubente
1337 4135 1403 4174 eo
1437 4120 1690 4177 consedi.

2096 4136 2186 4172 >οι·
2238 4116 2488 4186 εἰσῆλθον
2536 4119 2709 4195 κάγὼ
2773 4120 2861 4176 καὶ
2912 4124 3353 4201 προσαγορεύσας
3398 4123 3705 4193 ἐκαθέσθῆν,

2079 4204 2213 4260 έκείν
2224 4226 2284 4259 ου
2314 4203 2693 4271 κελεύσαντος.

2148 4301 2286 4353 XXI.
2318 4301 2372 4350 Ὁ
2403 4293 2461 4351 δὲ
2502 4297 2594 4352 τὸν
2636 4298 2991 4372 προκείμενον
3029 4300 3261 4375 ἐκκόψας
3308 4305 3353 4339 ⁶⁰
3405 4297 3586 4377 λόγον,
3617 4299 3708 4353 ὥσ-

2078 4404 2177 4461 περ
2229 4384 2677 4461 ἀπολογούμενος
2712 4432 2726 4458 ,
2779 4386 3147 4467 ἐπληροφόρει
3195 4390 3343 4454 τίνος
3399 4388 3564 4446 ἕνεκεν
3620 4388 3708 4442 οὐκ

317 2786 445 2857 jam
472 2787 629 2841 enim
659 2790 716 2839 et
746 2788 977 2857 tempus
1009 2785 1081 2840 ad
1113 2802 1387 2840 somnum
1418 2785 1677 2841 vocabat.

383 4296 523 4352 XXI.
559 4296 659 4352 Ille
691 4304 884 4352 autem
918 4296 1253 4351 institutum
1285 4312 1612 4351 sermonem
1643 4296 1962 4355 interrum-

310 4401 476 4457 pens,
511 4388 568 4440 et
598 4384 763 4457 quasi
795 4402 856 4440 se
887 4401 1166 4457 purgans,
1226 4384 1513 4440 rationem
1553 4385 1811 4442 reddiblt
1864 4406 1971 4445 cur

313 4492 429 4530 non
454 4473 937 4547 expergefecisset
960 4490 1072 4543 me,
1097 4490 1211 4544 quo
1238 4474 1546 4529 verborum
1569 4474 1755 4545 ipsius
1778 4494 1966 4535 essem

2096 4471 2342 4551 ἱφύπνισέ
2401 4495 2507 4546 με,
2570 4474 2719 4537 ὅπως
2777 4476 3048 4551 ἀκροατὴς
3103 4484 3209 4534 τῶν
3266 4480 3430 4535 αὐτοῦ
3482 4480 3705 4553 γένωμαι

314 4564 580 4619 auditor:
616 4563 786 4633 cujus
815 4563 893 4618 rei
926 4578 1187 4632 causam,
1223 4561 1608 4635 navigationis
1641 4563 1967 4621 molestiam

2096 4561 2283 4637 Κόγων·
2335 4562 2423 4616 καὶ
2472 4562 2666 4618 τούτου
2713 4563 2884 4619 αἰτίαν
2934 4567 3026 4620 τὸν
3077 4565 3137 4621 ἐκ
3182 4573 3281 4623 τοῦ
3310 4569 3453 4624 πλοῦ
3480 4564 3701 4639 σκυλμὸν

306 4652 677 4723 assignabat:
714 4652 872 4706 illam
904 4651 1058 4707 enim
1092 4651 1376 4722 concoqui
1407 4651 1625 4719 volens,
1650 4668 1745 4708 me
1769 4654 1963 4725 quies-

2096 4656 2312 4705 ;ποιεῖτο
2347 4668 2360 4682 ⁶
2413 4650 2614 4707 ἐκεῖνον
2661 4653 2765 4729 γὰρ
2815 4662 3085 4731 πεφθῆναι
3133 4656 3307 4720 θέλων
3355 4660 3426 4725 ⁸1,
3480 4656 3541 4729 μὶ
3586 4658 3705 4723 ἡσυ-

304 4758 432 4797 cere
485 4741 768 4814 permisit.
829 4740 1127 4812 Siquidem
1188 4740 1421 4812 quando
1484 4739 1704 4810 anima,
1744 4741 1961 4813 inquit,

2096 4737 2258 4815 ίάζειν
2312 4738 2534 4817 ἀφῆκεν.
2587 4737 2768 4798 ¹Οπέτ’
2825 4742 2884 4797 ἂν
2940 4744 3041 4820 γὰρ
3100 4747 3177 4819 (7)
3233 4749 3268 4815 ἠ
3328 4746 3503 4820 ψυχὴ,
3553 4741 3699 4822 φησὶν

302 4830 458 4887 circa
489 4830 542 4885 id
580 4831 734 4901 quod
768 4829 993 4900 corpori
1025 4829 1187 4883 deest
1232 4832 1570 4899 occupatur,
1621 4827 1710 4884 vel
1763 4830 1962 4903 aliqua

2096 4828 2193 4905 rapi
2223 4828 2284 4882 τὸ
2316 4825 2503 4883 λεῖπον
2536 4829 2842 4905 ἀσχολῆται
2885 4833 2963 4905 τῷ
3012 4835 3248 4906 σώματι,
3280 4832 3387 4889 εἷίτε
3432 4834 3534 4889 τινὶ
3581 4852 3702 4904 συμ-

305 4916 634 4972 calamitate
660 4917 964 4988 premitur,
991 4933 1106 4971 non
1132 4915 1462 4971 multacum
1486 4916 1792 4988 diligentia
1814 4920 1963 4976 solet

2096 4922 2210 4993 ›ορᾷ
2261 4917 2563 4994 συνέχεται,
2609 4919 2670 4974 οὐ
2733 4922 2867 4993 μετὰ
2916 4921 3138 4991 πολλῆς
3216 4920 3370 4978 εἷ’ωθε
3426 4922 3695 4998 προσέχειν

307 5007 604 5062 attendere
636 5006 707 5062 iis
741 5023 865 5079 quae
898 5006 1193 5062 dicuntur.
1250 5011 1314 5061 Et
1370 5010 1613 5079 propter
1660 5006 1768 5062 hoc
1827 5008 1957 5066 nolo

2096 5002 2347 5084 ικριϐείας
2403 5013 2523 5071 τοῖς
2593 5006 2933 5085 λεγομένοις.
2990 5010 3193 5066 Τούτου
3254 5008 3312 5067 δὲ
3365 5008 3531 5067 ἕνεκεν
3589 5005 3702 5064 οὐδὲ

1659 5151 1908 5207 VARUE
1948 5152 2363 5210 LECTIONES.

375 5265 419 5299 ¹⁵²
450 5265 712 5345 Clamant.
746 5265 919 5345 hom.
968 5283 1010 5345 ι,
1055 5282 1124 5345 c._
1154 5266 1244 5331 21,
1286 5269 1402 5345 etc._
1442 5268 1670 5345 Recoggi.
1694 5267 1764 5345 ﬁl.
1800 5285 1839 5335 ι,
1872 5285 1924 5345 c.
1964 5269 2055 5345 18,
2078 5273 2187 5345 etc.
2226 5267 2376 5345 “al.
2408 5263 2710 5345 ¹ἐνδοιτιὶσιιυἶ
2759 5270 2825 5345 σξ
2851 5271 2925 5327 al.
2975 5270 3347 5345 βαπτισθέντα.
3384 5272 3426 5307 ⁸⁸
3456 5270 3701 5345 (ξιιιιιπιῑιιξζ

303 5335 511 5416 homil.
553 5355 616 5416 ιι,
651 5340 926 5416 σέλει-ο.
963 5339 1080 5392 Rec.
1111 5335 1147 5416 1..
1178 5353 1238 5416 1r.
1270 5354 1347 5415 .c.
1384 5338 1432 5403 1,
1455 5335 1657 5416 ,ειοςδδ
1690 5338 1979 5416 Σοφονίας.
2013 5342 2056 5416 f7
2080 5341 2236 5416 _Lege
2268 5336 2505 5416 Δῗνείας,
2538 5345 2604 5396 ut
2644 5342 2715 5416 ad
2767 5335 3109 5416 Clemeritiyza
3152 5344 3423 5400 diximus.
3472 5342 3631 5398 CLI-2R.
3663 5335 3701 5371 ⁸⁸

300 5408 375 5465 a1.
412 5405 662 5485 Ἀγγαῖος
687 5410 731 5445 5°
760 5405 837 5465 al.
869 5405 1140 5481 ἰαμμηνοί
1172 5413 1229 5463 et
1260 5406 1464 5479 ἁμηνοί
1495 5414 1552 5465 et
1581 5405 1864 5483 ἴαμμινοί.
1899 5414 1945 5448 ⁶⁰
1976 5412 2051 5469 al.
2077 5405 2333 5487 ἐγκύψας.
2366 5412 2411 5449 ⁶¹
2443 5405 2521 5468 al.
2547 5412 2811 5489 πεφθῆναι
2847 5434 2942 5487 μοι
2973 5413 3169 5479 θέλων.

1684 5553 2069 5612 VARIORUM
2108 5553 2339 5610 NOT/E.

301 5676 452 5804 an;
479 5674 703 5733 Ὀπόταν
734 5675 854 5755 γάρ.
888 5677 1233 5749 Excerptam
1263 5676 1617 5736 sententiam
1646 5676 1824 5749 hanc,
1855 5682 1920 5736 ut
1952 5676 2275 5753 Κλήμεντος
2299 5673 2453 5733 πάπα
2482 5677 2723 5755 Ῥώμης,
2755 5682 2946 5757 legere
2975 5687 3067 5743 est
3094 5683 3153 5742 in
3184 5699 3296 5742 ms.
3340 5678 3511 5753 Regio
3540 5672 3683 5732 1500.

380 5766 409 5803 Β
454 5789 468 5804 ο

380 5766 468 5804 BR.
