4082 6208
378 397 488 456 491

1188 392 1249 448 S.
1301 388 1739 450 CLEMENTIS
1785 391 1806 450 Ι
1858 389 2040 450 ΗΟΜ.
2088 389 2319 453 PONT.
2364 388 2624 454 OPERA
2671 389 2938 453 DUBIA.

3634 382 3754 458 492

379 543 609 598 quoque
642 527 904 580 accurate
935 538 1250 594 cognoscas
1282 522 1479 577 omnia
1505 522 1609 576 viri
1667 521 1826 578 illius
1861 541 1873 590 ;
1907 539 1997 578 cu-

2118 517 2356 597 ἀκριϐῶς
2387 525 2560 577 πάντα
2586 523 2651 576 τὰ
2680 523 2816 576 κατά
2843 523 2934 577 τὸν
2968 521 3134 600 ἄνδρα
3194 521 3363 598 εἰδῇς,
3389 545 3538 588 τινος
3566 547 3627 581 τε
3656 525 3753 594 ὢν,

374 618 610 686 jusnam
643 615 736 682 sit,
770 620 827 668 et
855 611 1008 684 quis,
1041 619 1093 666 et
1123 611 1313 676 unde;
1347 615 1402 666 et
1431 627 1698 680 quaenam
1735 612 1853 666 sint
1883 628 2009 682 quae

379 704 536 767 facit,
570 708 626 758 et
655 720 769 774 quo
800 701 992 766 modo,
1025 717 1319 771 quamque
1349 701 1420 754 ob
1451 716 1707 755 causam.

449 791 616 847 XXV.
641 793 683 826 ⁵³
716 791 917 846 Simon
939 789 1119 861 igitur
1150 794 1308 861 patre
1339 789 1574 860 quidem
1598 789 1862 853 Antonio,
1895 805 2014 843 ma-

381 887 465 937 tre
493 898 626 936 vero
658 879 904 935 Rachele
920 883 1082 934 ortus
1109 883 1231 942 est;
1257 877 1488 932 natione
1509 878 1929 943 Samaritanus,
1948 893 2016 932 ex

383 969 616 1039 Gitthis,
647 968 770 1024 vico
802 967 899 1039 qui
933 984 1046 1022 non
1081 966 1276 1021 minus
1321 982 1496 1037 quam
1529 982 1626 1021 sex
1657 965 1909 1021 schemis
1940 966 2012 1020 ab

384 1059 526 1114 urbe
555 1056 1050 1113 Samaritanorum
1084 1054 1279 1109 distat.
1308 1054 1410 1109 Hic
1457 1053 1809 1109 Alexandriae
1840 1055 2013 1126 ngy-

383 1148 467 1219 pti
496 1150 909 1213 commoratus,
943 1161 1008 1200 ac
1045 1143 1105 1199 in
1138 1145 1330 1199 Graeca
1375 1143 1638 1198 doctrina
1694 1141 2012 1215 plurimum

381 1235 746 1304 exercitatus,
780 1239 837 1289 et
865 1239 985 1288 arte
1015 1232 1241 1306 magica
1271 1231 1514 1303 pollens,
1548 1237 1722 1302 atquc
1760 1229 2012 1286 insolen-

378 1325 462 1379 tia
489 1323 695 1390 elatus,
729 1341 791 1379 se
819 1323 943 1377 vult
970 1321 1289 1378 existimari
1322 1337 1447 1376 esse
1481 1321 1754 1375 virtutem
1805 1335 2012 1391 supre-

381 1429 560 1480 mam,
611 1413 740 1484 ipso
797 1427 1026 1482 quoque
1083 1409 1440 1482 superiorem
1495 1409 1610 1464 Deo
1668 1407 1768 1479 qui
1820 1413 2011 1462 totum

381 1502 578 1557 orbem
614 1500 904 1572 produxit.
937 1499 1232 1554 Interdum
1256 1515 1387 1553 vero
1419 1513 1480 1552 se
1501 1496 1795 1552 Christum
1830 1495 2013 1567 signi-

382 1591 584 1659 ficans,
622 1591 880 1644 Stantem
931 1587 1200 1660 appellat.
1261 1588 1517 1657 Eamque
1562 1583 2011 1657 appellationem

381 1679 701 1749 usurpavit,
735 1678 902 1750 quasi
934 1677 1032 1748 qui
1079 1691 1307 1748 semper
1363 1675 1720 1731 constiturus
1776 1673 1874 1736 sit,
1911 1688 2013 1727 nec

382 1767 592 1822 habeat
621 1766 1005 1837 corruptionis
1035 1782 1268 1820 causam
1295 1781 1408 1834 qua
1457 1779 1694 1835 corpore
1725 1762 2009 1818 concidat.

2118 610 2207 663 xui
2235 610 2338 681 τίς,
2387 611 2476 665 καὶ
2531 611 2715 683 πόθεν,
2764 611 2850 664 καὶ
2890 612 3024 667 ,τίνα
3081 613 3219 668 ἐστὶν
3277 614 3310 668 ἃ
3367 616 3609 690 πράττει,
3663 617 3751 671 xui

2125 697 2298 765 ὅπως,
2332 699 2421 753 xui
2456 697 2544 753 διὰ
2570 700 2641 756 τί.

2190 790 2350 846 XXV.
2386 789 2571 861 Σίμων
2604 787 2693 842 οὖν
2721 793 2766 826 ⁸9
2797 790 2995 866 πατρὸς
3033 789 3124 863 μέν
3159 790 3296 845 ἐστιν
3321 793 3627 863 Ἀντωνίου,
3655 816 3758 866 μη-

2119 877 2244 953 τρὸς
2296 875 2352 930 δὲ
2381 877 2614 953 Ῥαχὴλ,
2646 879 2925 953 Σαμαρεὺς
2955 879 3018 934 τὰ
3045 879 3196 955 γένος
3227 883 3289 936 ⁷ο.
3323 881 3428 934 ἀπὸ
3477 884 3674 936 Γιτθῶν
3704 887 3747 921 ⁷⁸

2119 972 2220 1034 τῆς
2277 967 2494 1039 κώμης,
2527 965 2588 1020 ού
2651 973 2797 1040 μεῖον
2844 969 2878 1036 ἢ
2913 967 3166 1043 σχοίνους
3211 968 3266 1040 ἓξ
3296 976 3394 1038 τῆς
3454 971 3760 1047 Σαμαρέων

2120 1053 2336 1116 πόλεως
2379 1054 2708 1131 ἀπεχούσης.
2740 1055 2904 1118 Οὗτος
2957 1057 3007 1111 ἐν
3060 1055 3433 1134 Ἀλεξανδρείᾳ
3488 1063 3558 1132 τῇ
3615 1060 3752 1136 πρὸς

2121 1141 2392 1217 Αἴγυπτον
2438 1145 2698 1218 γεγονὼς,
2734 1143 3032 1219 Ἑλληνικῇ
3079 1167 3137 1200 τε
3183 1143 3400 1216 παιδείᾳ
3445 1146 3582 1201 πάνυ
3631 1149 3748 1203 ἑαυ-

2121 1234 2210 1285 τὸν
2241 1232 2553 1302 ἐξασκήσας,
2578 1234 2666 1287 καὶ
2695 1237 2762 1307 τῇ
2815 1235 2973 1307 μάγῳ
3019 1232 3183 1310 τέχνῃ
3238 1233 3424 1290 πολλά
3481 1232 3750 1307 δυνηθεὶς,

2120 1321 2208 1373 xui
2243 1321 2315 1382 εἰς
2346 1320 2597 1375 ἀπόνοιαν
2631 1321 2896 1397 ἐπαρθεὶς,
2927 1321 3071 1377 ϐέλει
3117 1323 3425 1395 νομίζεσθαί
3484 1345 3566 1386 τις
3627 1325 3760 1380 εἶναι

2123 1406 2345 1481 δύναμις
2402 1409 2654 1464 ἀνωτάτω
2711 1414 2775 1479 ⁷³,
2815 1411 2904 1465 καὶ
2962 1410 3126 1467 αὐτοῦ
3180 1411 3272 1467 τὸν
3325 1413 3532 1485 κόσμον
3593 1413 3763 1468 πάντα

2121 1497 2524 1574 παραγαγόντος
2570 1504 2723 1556 Θεοῦ.
2759 1499 2963 1554 Ἔνίοτε
3019 1497 3076 1555 δὲ
3131 1501 3220 1556 καὶ
3279 1503 3504 1578 Χριστὸν
3566 1503 3752 1558 ἑαυτὸν

2121 1585 2490 1659 αἰνιττόμενος
2536 1591 2580 1624 ⁷³
2628 1587 3013 1664 προσαγορεύει
3197 1590 3295 1645 Καὶ
3344 1590 3510 1664 ταύτῃ
3563 1588 3631 1660 δὴ
3689 1595 3759 1666 τῇ

2120 1676 2461 1751 προσηγορίᾳ
2489 1677 2779 1752 κέχρηται,
2811 1677 2888 1740 ὡς
2921 1674 2986 1747 δή
3017 1677 3413 1752 συστησόμενός
3442 1700 3499 1734 τε
3539 1681 3641 1750 ἀεὶ,
3670 1681 3761 1735 xui

2122 1764 2319 1840 φθορᾶς
2350 1764 2539 1835 αἰτίαν,
2572 1764 2708 1820 ὥστε
2753 1766 2815 1820 τὸ
2863 1770 3023 1838 σῶμα
3067 1773 3274 1837 πεσεῖν,
3308 1767 3406 1823 οὐκ
3452 1764 3619 1844 ἔχων.
3654 1769 3758 1825 Καὶ

380 1860 496 1911 Nec
526 1873 654 1911 vero
687 1857 865 1910 Deum
895 1855 1098 1909 mundi
1120 1854 1496 1923 conditorem,
1517 1868 1855 1923 supremum
1884 1866 1997 1906 esse

2121 1850 2241 1907 οὔτε
2287 1854 2414 1907 Θεὸν
2458 1854 2546 1907 τὸν
2595 1854 2845 1909 κτίσαντα
2888 1856 2978 1909 τὸν
3029 1856 3258 1927 κόσμον.
3292 1857 3560 1912 ἀνώτατον
3605 1855 3756 1932 λέγει

383 1945 500 2000 ait:
535 1961 640 1999 nec
674 1949 932 2000 mortuos
969 1943 1281 2015 aliquando
1330 1943 1642 1998 excitatum
1688 1941 1756 1994 iri
1805 1940 2006 1996 credit.

381 2032 832 2105 Hierosolymam
867 2038 1055 2105 negat,
1107 2036 1360 2087 montem
1409 2030 1760 2086 Garizimum
1791 2029 2009 2084 substi-

377 2122 509 2192 tuit,
540 2125 650 2176 Pro
678 2137 807 2176 vere
837 2121 1064 2176 Christo
1095 2121 1209 2176 Deo
1243 2125 1460 2187 nostro,
1512 2119 1769 2190 seipsum
1802 2117 2007 2190 prazdi-

379 2214 490 2266 cat.
524 2211 751 2282 Legem,
781 2211 1011 2282 propria
1041 2209 1490 2282 praesumptione
1522 2208 1690 2263 aliter
1728 2208 2008 2278 interpre-

378 2300 931 2370 tatur;etjudicium
954 2301 1072 2355 fore
1094 2300 1331 2370 quidem
1353 2298 1516 2362 dicit,
1543 2313 1742 2353 verum
1774 2313 1886 2352 non
1909 2313 2007 2351 ex-

377 2393 617 2460 spectat.

454 2481 644 2538 XXVI.
679 2479 751 2535 Ut
775 2483 969 2535 autem
1000 2479 1124 2551 ipse
1182 2477 1476 2550 religionis
1532 2475 1863 2548 opinionem
1912 2475 2007 2529 in-

374 2575 626 2642 vaderet,
658 2572 875 2626 factum
915 2572 1001 2624 est
1029 2567 1128 2622 ita.
1187 2568 1440 2623 Joannes
1499 2566 1739 2638 quidam
1789 2563 2008 2620 exstitit

377 2663 477 2734 qui
517 2659 766 2732 singulis
799 2659 1003 2714 diebus
1034 2657 1383 2728 baptizaret:
1417 2661 1473 2710 et
1511 2653 2003 2726 quemadmodum

377 2751 626 2808 Domino
683 2749 916 2803 fuerunt
967 2746 1273 2802 duodecim
1341 2743 1631 2815 discipuli,
1699 2742 2002 2798 duodecim

379 2839 670 2896 mensium
701 2836 842 2892 solis
871 2838 1134 2908 gerentes
1171 2850 1517 2899 numerum;
1553 2833 1636 2887 sic
1675 2832 1724 2886 ei
1773 2846 2006 2902 quoque

379 2930 615 2985 fuerunt
650 2926 889 2997 triginta
940 2925 1045 2979 viri
1091 2923 1402 2994 principes,
1465 2926 1820 2976 menstruam
1853 2922 2002 2980 lunas

379 3016 661 3074 rationem
693 3015 1040 3087 implentes;
1074 3013 1225 3067 inter
1262 3029 1408 3083 quos
1446 3016 1502 3066 et
1559 3029 1675 3066 una
1733 3013 2001 3083 quaedam

373 3114 498 3162 erat
529 3105 757 3169 mulier,
779 3108 978 3160 vocata
1005 3101 1252 3168 Helena;
1286 3106 1350 3155 ut
1376 3117 1446 3156 ne
1477 3101 1583 3156 hoc
1613 3101 1844 3172 quidem
1871 3102 2001 3156 abs-

365 3186 486 3268 que
508 3193 985 3267 premeditatione
1015 3195 1185 3247 esset.
1217 3190 1362 3245 Cum
1387 3190 1542 3245 enim
1576 3189 1783 3245 mulier
1825 3191 1996 3245 dimi-

2119 1943 2267 1996 εῖναι·
2308 1940 2428 1996 οὔτε
2473 1944 2695 2017 νεκροὺς
2735 1939 3022 2020 ἐγηγέρθαι
3071 1948 3116 1981 ⁷⁸
3162 1946 3398 2000 πιστεύει
3448 1948 3600 2003 ποτε.
3633 1949 3750 2016 Τήν

2116 2029 2476 2105 Ἰερουσαλήμ
2510 2033 2764 2107 ἀρνεῖται,
2794 2034 2857 2087 τὸ
2917 2033 3154 2108 Γαριζεὶν
3213 2028 3346 2109 ὅρος
3402 2025 3752 2113 ἀντεισφέρείι

2115 2120 2263 2174 ’Λντὶ
2291 2125 2387 2174 τοῦ
2417 2116 2584 2182 ὄντως
2618 2125 2848 2194 Χριστοῦ
2878 2127 2974 2176 τοῦ
3002 2127 3133 2177 Θεοῦ
3179 2126 3357 2195 ἡμῶν,
3389 2124 3574 2179 ἑαυτὸν
3606 2125 3748 2179 ἀνα-

2115 2208 2346 2284 γορεύει.
2379 2210 2453 2263 Τὰ
2499 2208 2556 2263 δὲ
2601 2214 2698 2263 τοῦ
2743 2209 2914 2282 νόμου
2963 2208 3090 2282 ἴδια,
3122 2210 3428 2286 προσλήψει
3478 2215 3522 2250 ⁷⁸
3574 2211 3756 2284 ἀλλη-

2113 2304 2282 2374 γορεῖ,
2340 2299 2428 2352 καὶ
2478 2297 2647 2373 κρίσιν
2698 2295 2900 2354 ἔσεσθαι
2980 2300 3074 2371 μὲν
3141 2299 3304 2376 λέγει,
3355 2301 3417 2355 οὐ
3474 2299 3751 2378 προσδοκᾷ

2116 2384 2192 2443 δέ.

2185 2477 2362 2532 XXVI.
2393 2476 2468 2532 Τὸ
2502 2473 2558 2529 δὲ
2588 2474 2955 2551 παρεισελθεῖν
2995 2476 3152 2531 αὐτὸν
3201 2485 3301 2547 τῆς
3351 2481 3395 2515 ⁷⁵
3444 2475 3747 2542 Θεοσεϐείας

2115 2562 2299 2639 λόγον,
2327 2566 2538 2640 γὲγονεν
2585 2565 2776 2626 οὕτως.
2829 2565 3081 2635 Ἰωάννης
3141 2587 3223 2629 τις
3273 2566 3482 2642 ἐγένετο
3533 2571 3740 2640 ἡμερο-

2113 2651 2430 2724 δαπτιστής·
2482 2653 2570 2708 καὶ
2619 2652 2798 2729 ὥσπερ
2846 2658 2926 2726 τῷ
2979 2653 3158 2730 Κυρίῳ
3221 2656 3462 2732 γεγόνασι
3532 2654 3738 2711 δώδεκα

2116 2744 2348 2815 μαθηταὶ
2375 2744 2464 2797 τὸν
2494 2747 2590 2797 τοῦ
2619 2741 2782 2812 ἡλίου
2803 2739 3185 2816 δωδεκάμηνον
3211 2745 3459 2821 φέροντες
3479 2744 3733 2821 ἀριθμὸν,

2111 2831 2252 2887 οὕτω
2295 2831 2382 2886 καὶ
2430 2831 2574 2903 αὐτῷ
2621 2827 2839 2907 ἔξαρχοι
2887 2831 3166 2907 γεγόνασιν
3215 2831 3402 2910 ἄνδρες
3428 2836 3741 2910 τριάκοντα,

2107 2922 2199 2976 τὸν
2232 2926 2479 2993 μηνιαῖον
2512 2927 2611 2990 τῆς
2642 2920 2875 2990 σελήνης
2907 2921 3066 2998 λόγον
3097 2921 3633 2998 ἀποπληροῦντες,ἐν
3657 2926 3740 2986 οἷς

2109 3009 2196 3065 xui
2229 3011 2323 3082 μία
2349 3031 2434 3072 τις
2461 3011 2526 3080 ἦν
2559 3011 2693 3084 γυνὴ
2725 3009 3374 3083 καλουμένηἙλένη,’ίνα
3407 3010 3549 3085 μηδὲ
3580 3018 3740 3069 τοῦτο

2109 3100 2532 3171 ἀνοικονόμητον
2700 3102 2901 3171 ’Ἡμισυ
2939 3100 3038 3176 γὰρ
3087 3097 3278 3177 ἀνδρὸς
3328 3100 3459 3156 οὖσα
3505 3104 3540 3171 ἡ
3583 3105 3740 3178 γυνὴ,

2111 3186 2273 3257 ἀτελῆ
2324 3190 2412 3242 τὸν
2459 3195 2558 3256 τῆς
2605 3185 2983 3261 τριακοντάδος
3029 3189 3234 3259 τίθησιν
3279 3190 3528 3264 ἀριθμόν·
3559 3191 3739 3266 ὥσπερ

371 3285 535 3340 dium
565 3287 642 3339 εει
669 3282 797 3350 viri,
829 3281 1228 3353 imperfectum
1260 3277 1550 3334 tricenarii
1567 3277 1864 3332 constituit
1894 3296 1996 3334 nu-

2112 3277 2209 3352 Ξέρα
2235 3276 2323 3330 καὶ
2352 3283 2450 3346 τῆς
2483 3275 2738 3347 σελήνης,
2768 3279 2834 3344 ἧς
2867 3279 2901 3346 ἡ
2943 3277 3133 3352 πορεία
3179 3283 3272 3332 τοῦ
3315 3259 3496 3351 μηνὸς
3544 3279 3605 3333 οὗ
3648 3259 3737 3334 τέ·-

368 3389 633 3440 merum;
693 3371 844 3427 sicut
897 3375 955 3425 et
1007 3369 1067 3424 in
1125 3367 1283 3435 luna,
1334 3367 1502 3438 cujus
1560 3367 1822 3422 incessus
1879 3385 1993 3423 non

363 3462 682 3535 perfectum
711 3459 930 3515 mensis
959 3473 1194 3513 cursum
1244 3456 1490 3511 conﬁcit.
1551 3460 1726 3510 Porro
1783 3455 1992 3510 horum

362 3551 624 3624 triginta,
653 3548 864 3606 Joanni
894 3548 1120 3619 primus
1151 3563 1215 3602 ac
1262 3544 1708 3616 probatissimus
1735 3549 1860 3599 erat
1900 3545 1989 3599 Si-

361 3655 518 3696 mon.

435 3732 653 3790 XXVII.
681 3730 723 3763 ⁷⁷
752 3728 886 3783 Post
940 3731 1182 3782 mortem
1241 3728 1434 3778 autem
1476 3723 1737 3793 Joannis,
1767 3722 1985 3793 Simon,

358 3828 665 3894 assumpta
692 3817 926 3884 Helena,
947 3816 1193 3882 oberrat,
1227 3812 1452 3884 plebem
1483 3812 1858 3880 conturbans,
1904 3811 1989 3865 di-

360 3929 611 3983 censque
641 3924 768 3964 eam
802 3905 1077 3961 Helenam
1106 3904 1174 3958 de
1206 3901 1494 3972 supremis
1524 3900 1682 3956 coalis
1711 3900 1769 3954 in
1802 3905 1986 3956 terras

362 4002 613 4058 delatam
646 4013 809 4053 esse:
856 3995 1025 4065 cujus
1054 3991 1257 4065 gratia,
1283 3990 1497 4061 inquit,
1530 3989 1709 4044 Graeci
1742 3994 1798 4044 et
1851 3989 1982 4043 bar-

357 4091 483 4146 bari
512 4087 730 4144 bellum
744 4085 1068 4156 gesserunt,
1085 4079 1389 4152 imaginati
1413 4078 1663 4150 speciem
1685 4077 1942 4132 veritatis
1967 4095 1981 4144 ;

356 4184 414 4236 et
443 4179 622 4235 edens
652 4173 837 4229 multa
866 4168 1198 4242 prodigiosa
1225 4167 1538 4235 miracula;
1572 4167 1652 4221 ita
1672 4171 1736 4221 ut
1762 4166 1874 4221 nisi
1897 4183 1984 4221 co-

355 4267 760 4342 gnovissemus
804 4278 937 4316 eum
986 4258 1085 4313 illa
1121 4273 1224 4330 per
1252 4257 1504 4329 magiam
1561 4257 1805 4322 efficere,
1869 4256 1979 4328 ipsi

353 4372 584 4427 quoque
610 4353 925 4408 fuissemus
955 4347 1196 4419 decepti.
1224 4345 1387 4403 Nunc
1415 4349 1605 4401 autem
1627 4346 1860 4417 quando
1886 4361 1979 4400 ve-

350 4461 532 4501 sanus
560 4442 658 4498 ille
684 4441 865 4497 voluit
900 4437 1074 4494 etiam
1125 4436 1421 4506 imponere
1476 4434 1790 4490 homnihus
1846 4434 1975 4491 reli-

348 4533 626 4605 giosis,ab
659 4548 723 4587 eo
749 4528 1115 4585 secessimus.
1149 4525 1374 4580 Etenim
1407 4525 1557 4579 caede
1588 4540 1648 4579 se
1670 4523 1976 4595 inquinare

2105 3363 2249 3420 λειον
2279 3371 2510 3418 ποιεῖται
2540 3365 2630 3419 τὸν
2665 3363 2887 3440 δρόμον.
2927 3365 3139 3420 Τούτων
3172 3363 3229 3420 δὲ
3272 3372 3380 3421 τῶν
3427 3368 3730 3444 τριάκοντα,

2098 3458 2176 3526 τῷ
2207 3455 2427 3527 Ἰωάννῃ
2456 3458 2671 3528 πρῶτος
2699 3453 2787 3508 xui
2819 3451 3191 3526 δοκιμώτατος
3223 3456 3290 3524 ἦν
3322 3457 3349 3510 ὁ
3381 3456 3584 3529 Σίμων,

2166 3721 2380 3777 XXVII.
2451 3721 2599 3776 Μετά
2663 3717 2720 3774 δὲ
2781 3721 2878 3790 τὴν
2955 3719 3210 3791 τελευτὴν
3291 3722 3558 3792 Ἰωάννου,
3623 3725 3727 3792 τήν

2097 3808 2314 3880 Ἐλὲνην
2349 3810 2375 3863 ὁ
2409 3808 2593 3881 Σίμων
2613 3804 3488 3887 παραλαϐὼν,περιὲρχεται,τοὺς
3518 3807 3731 3888 ὄχλους

2093 3897 2414 3965 ἀναστατῶν,
2465 3897 2628 3967 αὐτήν
2697 3919 2752 3952 τε
2813 3899 2912 3966 τήν
2961 3894 3179 3968 Ἑλένην
3233 3898 3403 3975 λέγων
3454 3900 3560 3955 ἀπὸ
3619 3905 3729 3956 τῶν

2092 3987 2346 4040 ἀνωτάτω
2372 3986 2608 4063 οὐρανῶν
2640 3989 3022 4061 κατενεχθῆναι
3076 3992 3155 4059 τῷ
3200 3987 3411 4061 κόσμῳ⁶
3453 3991 3520 4058 ἧς
3573 3986 3730 4044 ἕνεκα

2090 4074 2356 4146 Ἕλληνές
2397 4097 2474 4148 τε,
2523 4075 2674 4154 φησὶ,
2707 4075 2794 4129 xui
2848 4071 3108 4152 βάρϐαροι
3154 4077 3509 4154 ἐμαχέσαντο,
3544 4078 3730 4133 εἰκόνα

2091 4164 2466 4241 φαντασθέντες
2500 4162 2775 4233 ἀλτ,6είας’
2815 4164 2905 4219 καὶ
2956 4163 3139 4220 πολλὰ
3183 4164 3460 4239 τερατώδη
3515 4169 3729 4240 Θαυμά-

2090 4275 2178 4308 σια
2201 4259 2392 4327 ποιῶν,
2425 4253 2499 4314 ὡς
2531 4252 2575 4307 εἰ
2611 4253 2687 4326 μὴ
2718 4249 2938 4326 ᾔδειμεν
2990 4252 3071 4308 ὅτι
3119 4254 3309 4330 μαγείᾳ
3337 4259 3502 4310 ταῦτα
3552 4262 3729 4322 ποιεῖ,

2087 4344 2443 4414 ἠπατήθημεν
2495 4341 2552 4396 ἃν
2596 4340 2684 4396 xui
2734 4341 2905 4400 αὐτοί.
2956 4347 3060 4396 Νῦν
3109 4339 3166 4397 δὲ
3197 4341 3286 4397 ὅτε
3324 4342 3652 4416 πολυμανής
3685 4347 3730 4382 ⁷⁸

2089 4433 2288 4501 ἀπατᾷν
2317 4428 2479 4500 ἤθελε
2519 4430 2607 4484 καὶ
2655 4428 2781 4492 τοὺς
2830 4430 2881 4485 ἐν
2934 4425 3224 4501 θεοσεϐείᾳ,
3273 4431 3580 4505 ἀπέστημεν
3632 4433 3729 4487 ἀπ’

2085 4520 2265 4578 αὐτοῦ.
2300 4521 2394 4574 Καὶ
2425 4521 2524 4595 γάρ
2559 4525 2859 4597 μιαιφονεῖν
2877 4517 3098 4595 ἤρξατο,
3131 4519 3204 4580 ὡς
3233 4520 3390 4582 αὐτὸς
3421 4519 3498 4575 ἔτι
3527 4520 3717 4600 φίλοις

345 4625 595 4694 coeperat
622 4639 634 4689 ;
661 4619 810 4675 sicut
832 4616 996 4672 nobis
1021 4615 1209 4670 adhuc
1231 4613 1432 4668 amicis
1452 4611 1608 4667 velut
1628 4613 1850 4667 amicus
1873 4629 1972 4684 pa-

2116 4609 2229 4664 ὖσιν
2258 4613 2391 4682 ἡμῖν
2426 4611 2511 4664 οἷα
2540 4607 2698 4687 φίλος
2729 4607 2987 4686 ἐξέφανεν,
3019 4607 3102 4662 ὅτι
3134 4606 3352 4663 παιδίου
3391 4611 3572 4685 ψυχὴν
3621 4615 3722 4664 τοῦ

337 4711 565 4778 tefccit;
599 4708 750 4782 quod
782 4722 915 4762 cum
948 4703 1110 4777 pueri
1151 4703 1406 4758 animam
1437 4721 1470 4756 ιι
1492 4718 1597 4756 suo
1623 4718 1859 4772 corpore
1882 4719 1968 4756 se-

336 4803 616 4871 parasset,
632 4795 888 4853 infandis
905 4793 1256 4865 quihusdam
1273 4790 1694 4860 adjuramentis
1708 4791 1962 4845 futuram

338 4888 680 4960 adjutricem
711 4887 781 4940 ad
813 4899 1011 4940 eorum
1031 4898 1154 4953 quae
1174 4881 1298 4952 ipse
1318 4879 1485 4935 vellet
1505 4879 1962 4950 repraesentatio-

2081 4697 2219 4754 ἰδίου
2250 4700 2499 4769 σώματος
2531 4695 2795 4773 χωρίσας,
2828 4695 3160 4772 ἀπορῥήτοις
3192 4697 3378 4772 ὅρκοις
3422 4697 3553 4766 τισὶ,
3589 4719 3716 4752 συν-

2073 4790 2222 4864 εργὸν
2255 4787 2390 4862 πρὸς
2431 4787 2529 4854 τήν
2572 4789 2679 4840 τῶν
2729 4783 2874 4856 αἱ)τῷ
2924 4782 3226 4840 δοκούντων
3281 4787 3585 4863 φαντασίαν,
3617 4788 3714 4842 τὸν

2070 4875 2235 4934 παῖδα
2265 4874 2560 4952 διαγράψας
2592 4873 2678 4928 ἐπὶ
2701 4873 2927 4946 εἰκόνος,
2944 4870 2994 4928 ἔν
3016 4896 3116 4928 τινι
3135 4871 3396 4946 ἐνδοτέρῳ
3419 4865 3718 4948 οἷ’κῳ,καθ’

1671 5024 1912 5078 VARI/15
1978 5022 2388 5079 LECTlONES.

405 5145 451 5181 ⁸⁸
479 5144 719 5201 Clamant
748 5141 905 5197 hom.
938 5157 1003 5209 ιι,
1035 5157 1140 5212 cap
1171 5142 1259 5206 18,
1287 5142 1378 5212 21,
1414 5143 1522 5194 etc.
1592 5139 1652 5212 _"
1683 5135 1869 5212 Σίμων
1901 5133 1992 5190 οὖν
2041 5137 2119 5212 al.
2151 5108 2368 5212 -Σίμων
2400 5134 2578 5212 οὗτος,
2611 5140 2677 5190 ut
2729 5135 3049 5212 Clamantz'n.
3085 5152 3147 5212 ῃ,
3205 5134 3322 5212 βλ.
3350 5140 3491 5212 Goer,-
3553 5136 3706 5212 ira].

1487 5212 1533 5244 72
1556 5209 1630 5265 al.
1687 5207 1952 5278 ἀνωτάτη.

1424 5283 1466 5316 7°
1496 5281 1571 5337 al.
1605 5279 1679 5340 sic
1707 5279 1799 5334 τὸν
1829 5286 1947 5348 τῆς.

335 5211 505 5277 ἔθνος.
590 5217 632 5250 ’¹¹
657 5215 733 5270 al.
785 5213 999 5279 Γητθῶν
1055 5211 1121 5266 θεέ
1165 5211 1405 5278 Γητθών.

333 5291 377 5325 ⁷⁵
449 5287 524 5344 al.
558 5281 966 5356 {Siqgnpolzﬁq’ei
999 5282 1338 5356 thlamant,

330 5361 374 5396 τε
456 5359 532 5415 ει,
563 5350 705 5412 πολὺ
738 5350 922 5428 μανέὶξ
952 5358 1008 5411 et
1034 5350 1389 5424 πολυμανείς.

2038 5211 2084 5244 ⁷³
2115 5209 2188 5264 al.
2242 5204 2500 5263 Clamant.
2562 5209 2736 5262 inser.
2788 5204 3009 5260 ἑστῶτα.

2030 5282 2073 5316 ⁷⁷
2106 5281 2362 5336 Clamant.
2412 5279 2569 5335 hom.
2615 5295 2676 5349 ιι,
2711 5294 2761 5334 ο.
2791 5278 2881 5332 25.
2914 5279 3181 5348 Racognil.
3215 5277 3255 5332 Ι.
3292 5277 3354 5343 ιι,
3381 5277 3432 5334 c.
3467 5279 3554 5348 i2,
3587 5283 3698 5334 etc.

3098 5206 3143 5281 ’δέ
3167 5206 3242 5281 al_.
3304 5203 3702 5281 ἐγερθήᾳεσθαι.

1691 5475 2071 5532 VARIORUM
2103 5477 2332 5532 NOTAE.

542 5579 788 5666 Χριστὸν.
840 5577 1022 5632 ἑαυτὸν
1083 5575 1450 5666 1αἶ’νοιττόμενος
1524 5571 1944 5665 προσαγορεύει,

318 5648 534 5711 Mirum
581 5648 638 5706 in
673 5651 829 5706 nullo
875 5648 1186 5723 exemplari
1217 5655 1349 5723 ante
1395 5648 1778 5723 προσαγορεύει
1813 5648 1947 5723 poni

319 5725 542 5793 ἑστῶτα,
578 5724 737 5800 quod
786 5727 842 5778 et
896 5718 1196 5778 Clementia
1252 5718 1486 5792 habent,
1539 5718 1596 5776 et
1640 5718 1946 5793 sequentia

2054 5573 2377 5701 postulant.
2411 5575 2494 5628 An
2521 5589 2714 5655 vocem
2748 5589 2860 5627 non
2904 5570 3188 5627 intellexit
3217 5571 3638 5646 Metaphrastes
3659 5573 3691 5631 ?

2107 5646 2198 5701 ide
2230 5662 2336 5701 nos
2365 5646 2434 5701 ad
2466 5648 2739 5701 Racoamt.
2775 5643 2816 5700 Ι.
2853 5661 3018 5701 Lxxu.
3051 5645 3180 5701 Cor.

2107 5646 2198 5702 ide
2230 5662 2336 5702 nos
2365 5646 2434 5701 ad
2466 5646 2739 5718 Racognit.
2772 5643 2816 5709 _I.
2853 5661 3018 5704 Lxxu.
3051 5645 3180 5702 Cor.
