4082 6208
304 433 427 496 493

1053 438 1585 502 CLEMENTINA.
1617 475 1691 487 —
1723 442 2067 503 EPITOME
2114 440 2213 502 DE
2259 444 2529 505 GESTIS
2575 446 2638 505 S.
2692 442 2944 504 PETRI.

3569 452 3688 509 494

300 569 359 623 ’ὸν
393 567 553 631 αὐτὸς
585 568 764 639 ὑπνοῖ,
814 569 1220 643 ἀνατεθειμένην
1263 568 1399 646 ἔχει.
1433 571 1547 642 Διὸ,
1579 567 1820 626 ἀσέϐειαν
1848 571 1938 627 αὐ-

2066 591 2183 631 ἹΘΠΙ
2211 594 2223 641 ;
2258 592 2434 647 puero
2467 578 2522 630 in
2554 576 2806 648 imagine
2824 576 3127 646 delineato,
3162 584 3558 635 consecratam
3587 581 3690 636 ha-

299 661 398 710 τοῦ
426 658 798 733 καταγνόντες,
832 659 1137 732 ἀπέστημεν
1168 661 1258 714 ἀπ’
1285 661 1468 717 αὐτοῦ.

371 931 618 983 XXVIII.
648 931 822 982 Ταῦτα
867 932 964 983 τοῦ
995 926 1202 984 Ἀκύλα
1231 928 1496 1000 εἰπόντος,
1530 930 1558 983 6
1590 927 1824 1007 ἀδελφὸς
1855 929 1945 984 αύ-

301 1020 404 1068 τοῦ
455 1017 718 1086 Νικήτης·
767 1017 1111 1093 Ἀναγκαῖον,
1171 1014 1370 1096 ἀδελφε
1417 1017 1651 1090 Κλήμη,
1709 1017 1834 1096 ἔφη,
1881 1019 1947 1072 τὰ

302 1103 735 1182 παραλειφθέντα
779 1111 858 1176 τῷ
917 1105 1122 1178 ’Δκύλᾳ
1180 1105 1275 1179 ἐμὲ
1335 1107 1665 1178 ὑπομνῆσαι.
1728 1112 1947 1182 Πρῶτον

307 1193 403 1266 μὲν
435 1194 539 1269 γάρ
572 1195 601 1248 6
630 1195 758 1256 Θεὸς
806 1197 1029 1269 μάρτυς,
1061 1195 1136 1257 ὡς
1167 1193 1318 1250 οὐδὲν
1352 1195 1515 1249 αὐτοῦ
1544 1198 1705 1268 ἡμεῖς
1738 1217 1942 1272 συνειρ-

303 1284 587 1357 γασάμεθα
632 1278 837 1354 ἀσεϐὲς,
889 1283 1010 1339 ἀλλ’
1060 1283 1140 1338 ὅτι
1177 1283 1337 1338 αὐτοῦ
1367 1284 1692 1358 πράσσοντος
1721 1285 1942 1360 ἰστορή-

303 1391 493 1444 σαμεν.
547 1373 644 1426 Καὶ
697 1373 895 1448 μέχρις
947 1373 1034 1427 ὅτε
1083 1368 1298 1442 ἀϐλαϐῆ
1349 1379 1520 1428 ποιῶν
1567 1370 1941 1442 ἐπεδείγνυτο,

303 1459 657 1536 ἱτερπόμεθα·
713 1460 802 1515 ὅτε
847 1458 903 1516 δὲ
943 1463 1011 1515 τὰ
1057 1462 1247 1538 μαγείᾳ
1272 1462 1376 1516 τινὶ
1424 1462 1700 1538 γινόμενα,
1733 1463 1944 1532 θεότητι

300 1555 478 1604 ποιεῖν
530 1550 666 1626 πρὸς
713 1550 919 1619 ἀπάτην
970 1545 1231 1605 θεοσεϐὧν
1283 1549 1484 1625 ἔλεγεν,
1531 1551 1628 1606 οὐκ
1671 1548 1745 1607 ἔτι
1782 1551 1944 1606 αὐτοῦ

300 1638 654 1713 ἠνεσχόμεθα
684 1685 699 1711 ,
754 1638 930 1693 καίτοι
1006 1637 1189 1693 πολλᾶ
1242 1641 1377 1711 ἡμῖν
1449 1639 1942 1714 επαγγελλομὲνου·

298 1732 517 1802 πρῶτον
579 1728 674 1800 μὶν
730 1729 854 1782 ναὸν
909 1727 998 1782 καὶ
1058 1725 1370 1802 ἀνδριάντας
1415 1731 1574 1801 ἡμῶν
1618 1749 1946 1784 κατασκευα-

299 1819 518 1886 σθῆναι,
547 1816 638 1871 καὶ
684 1817 837 1880 θεοὺς
885 1818 1200 1891 νομισθῆναι
1232 1819 1296 1888 ⁸ο,
1328 1817 1418 1872 καὶ
1460 1818 1560 1872 ὑπὸ
1611 1816 1876 1892 βασιλέων
1900 1820 1944 1855 εί

297 1902 642 1977 δοξασθῆναι,
689 1906 778 1960 καὶ
838 1903 1119 1978 δημοσίων
1161 1910 1337 1979 τιμῶν
1393 1905 1806 1976 καταξιωθῆναι,
1857 1906 1947 1960 καὶ
1978 1945 2026 2010 Β

403 1995 416 2010 ,
629 1993 643 2010 .
855 1993 867 2010 .
1094 1993 1113 2010 ς
1237 2002 1261 2010 -

294 1995 586 2068 χρήμασιν
619 1993 1020 2070 ἀπεριορίστοις
1049 1993 1262 2064 πλουτῆ
1272 2015 1379 2050 σαι.

378 2171 572 2226 XXIX.
603 2169 777 2224 Ταῦτά
822 2191 878 2224 τε
922 2171 1011 2224 καὶ
1041 2171 1106 2225 τά
1150 2171 1362 2234 τούτοις
1396 2172 1617 2245 μείζονα
1653 2172 1948 2246 νομιζόμε-

296 2280 396 2330 να,
426 2261 561 2331 ἡμῖν
613 2258 897 2334 ὑπέσχετο,
944 2259 1105 2332 μόνον
1150 2259 1241 2315 ’ίνα
1284 2261 1528 2324 συνόντες
1583 2261 1727 2333 αὐτῷ
1762 2263 1824 2317 τὸ
1851 2265 1951 2330 τῆς

298 2349 676 2423 ἐγχειρήσεως
731 2349 892 2403 κακὸν
951 2353 1275 2422 σιωπῶμεν,
1333 2349 1479 2412 ὅπως
1537 2350 1681 2423 αὖτῷ
1730 2353 1797 2405 τά
1851 2358 1948 2420 τῆς

295 2437 520 2506 ἀπάτης
569 2436 850 2513 προκόπτῃ
882 2482 895 2494 .
945 2438 1042 2492 Καὶ
1093 2438 1244 2511 ὅμως
1292 2439 1354 2493 οὐ
1402 2438 1752 2512 συνεθέμεθα·
1806 2438 1951 2495 ἀλλά

294 2525 399 2580 καὶ
431 2524 588 2579 αὑτὸν
619 2533 719 2595 τῆς
745 2526 1001 2595 τοιαύτης
1041 2527 1294 2589 ἀπονοίας
1344 2529 1643 2583 παύσασθαι
1693 2524 1949 2582 συνεϐουσ-

294 2613 596 2687 λεύσαμεν,
631 2613 878 2689 λέγοντες
908 2615 1077 2687 αὐτῷ·
1137 2621 1339 2670 Παῦσαι
1388 2623 1486 2685 τῆς
1530 2617 1789 2687 τοιαύτης
1821 2617 1948 2673 τόλο

299 2722 447 2776 μης⁸
479 2704 607 2766 Θεὸς
641 2703 771 2758 εἶναι
803 2703 865 2758 ού
892 2701 1130 2759 δύνασαι·
1165 2700 1435 2783 φοϐήθητι
1468 2705 1557 2760 τὸν
1590 2702 1760 2769 ὅντως
1801 2706 1945 2761 Θεόν·

294 2797 479 2867 γνῶθι
510 2791 593 2848 ὅτι
621 2791 898 2868 ἄνθρωπος
929 2793 1087 2864 εἶ,καί
1133 2792 1213 2848 ὅτι
1255 2815 1350 2848 σου
1397 2795 1586 2870 μικρός
1622 2795 1758 2849 ἔστιν
1793 2795 1820 2849 ὁ
1849 2803 1950 2864 τῆς

296 2887 459 2950 ζωῆς
486 2881 706 2956 χρόνος.
735 2881 838 2936 Κᾶν
875 2883 1010 2958 μέγα
1029 2881 1364 2957 πλουτήσῃς,
1405 2883 1439 2952 ἢ
1473 2884 1560 2938 καὶ
1609 2884 1947 2960 βασιλεύσῃς,

294 2968 391 3041 τῷ
420 2974 598 3046 μικρῷ
629 2991 722 3024 σου
771 2970 956 3046 χρόνῳ
1003 2978 1102 3040 τῆς
1156 2977 1299 3040 ζωῆς
1331 2971 1493 3046 ὀλίγα
1529 2973 1782 3048 τυγχάνει
1814 2976 1948 3048 πρὸς

298 3056 632 3113 ἀπόλαυσιν·
691 3058 781 3112 καὶ
841 3054 1044 3121 ἀσεϐῶς
1097 3062 1329 3130 ζήσαντα
1375 3060 1564 3115 αἰωνία
1610 3059 1832 3122 κόλασις
1860 3082 1951 3115 πε-

299 3147 535 3222 ριμένει.
587 3149 679 3201 Διὸ
735 3142 1014 3224 φοϐεῖσθαι
1065 3150 1110 3184 ⁸³
1164 3151 1254 3204 τὸν
1308 3150 1434 3204 Θεὸν
1481 3144 1946 3223 συμϐουλεύομεν,

303 3238 403 3313 ὑφ’
427 3233 490 3290 οὗ
519 3239 767 3312 κριθῆναι
796 3234 913 3312 ἔχει
938 3239 972 3307 ἡ
1006 3235 1228 3292 ἑκάστου
1278 3240 1430 3314 ψυχή
1471 3239 1594 3316 περὶ
1625 3241 1698 3294 ὧν
1731 3236 1948 3316 ἔπραξεν

302 3326 561 3389 ἐνταῦθα.

386 3419 548 3470 XXX.
581 3415 638 3468 Ὁ
686 3411 743 3469 δὲ
793 3419 958 3470 ταῦτα
1014 3414 1264 3486 ἀκούσας,
1326 3417 1598 3492 ἐγέλασεν.
1657 3419 1841 3491 ¹Ημῶν
1892 3414 1949 3472 δὲ

301 3501 592 3557 εἰπόντων·
626 3503 691 3560 Τί
717 3507 824 3557 τῶν
856 3506 902 3541 ⁸³
926 3505 993 3558 τά
1044 3525 1127 3559 σοι
1179 3504 1516 3584 συμφέροντα
1555 3501 1950 3580 συμϐουλευόν-

299 3613 422 3646 των
450 3589 748 3668 καταγελᾷς
782 3611 796 3659 ;
830 3592 1052 3655 ἐκεῖνος·
1107 3591 1258 3648 Γελῶ
1309 3594 1483 3667 ὑμῶν,
1535 3592 1651 3664 ἔθη,
1698 3597 1796 3664 τήν
1832 3617 1948 3668 μω-

308 3681 413 3756 ρὰν
444 3679 730 3754 ὑπόληψιν,
771 3680 852 3736 δτι
903 3681 1178 3737 πιστεύετε
1223 3683 1482 3747 ἀθάνατον
1533 3683 1665 3739 εἶναι
1713 3687 1812 3754 τὴν
1856 3690 1952 3739 τοῦ

305 3770 598 3845 ἀνθρώπου
655 3772 862 3846 ψυχήν.
931 3772 1091 3846 Κάγὼ
1147 3771 1299 3846 ἔφην·
1361 3773 1434 3827 Ού
1492 3773 1858 3847 θαυμάζομεν,
1907 3776 1952 3828 ὧ

306 3859 526 3931 Σίμων,
578 3859 622 3914 εἷ
665 3859 868 3930 ἀπατᾷν
917 3862 1064 3934 ἡμᾶς
1116 3861 1432 3936 ἐπιχειρεῖς,
1483 3861 1605 3917 ἀλλ’
1650 3863 1951 3934 ἐκπληττό-

312 3949 458 4020 μεθα
486 3951 530 3984 “
555 3948 660 4002 τίνι
689 3945 840 4023 λόγῳ
865 3949 953 4002 καὶ
984 3951 1202 4004 σεαυτὸν
1234 3951 1458 4022 ἀπατᾷς.
1488 3953 1624 4027 Λὲγε
1672 3950 1760 4006 οὖν
1795 3954 1952 4025 ἡμῖν,

308 4038 366 4090 ὦ
397 4037 603 4109 Σίμων,
636 4037 797 4091 εἶκαὶ
844 4042 952 4093 τῶν
998 4037 1184 4094 ἄλλων
1240 4037 1416 4102 οὑδεὶς
1466 4040 1953 4119 πεπληροιρόρηται

309 4124 577 4180 ἀθάνατον
607 4125 737 4180 εἶναι
767 4128 866 4195 τήν
913 4129 1119 4203 ψυχὴν,
1150 4126 1276 4182 ἀλλ’
1321 4127 1412 4183 οὖν
1443 4151 1504 4204 γε
1535 4131 1595 4184 σὸ
1624 4130 1711 4185 καὶ
1743 4133 1904 4204 ἡμεῖς
1939 4149 1952 4198 ;

310 4213 384 4267 σὺ
417 4215 532 4285 μὲν,
566 4214 640 4276 ὡς
673 4215 1010 4291 ἀνθρωπείου
1061 4217 1315 4290 σώματος
1363 4218 1603 4294 χωρίσας
1649 4220 1836 4291 αύτὴν,
1867 4219 1954 4274 καὶ

308 4301 742 4377 προσομιλήσας
771 4304 859 4358 καὶ
892 4303 1160 4377 ἐπιτάξας·
1191 4308 1354 4379 ἡμεῖς
1399 4305 1475 4375 δὲ,
1525 4308 1600 4370 ὡς
1655 4304 1958 4384 συμπαρόν-

307 4391 517 4460 τες,καὶ
561 4393 660 4461 τὴν
714 4392 976 4468 ἒπιταγὴν
1037 4393 1473 4463 ἀκούσαντες,καὶ
1521 4397 1582 4451 τὸ
1629 4396 1875 4460 κελευθεν
1914 4399 1959 4434 ⁸⁵

313 4481 550 4556 ἐναργῶς
597 4482 1103 4557 ἱστορήσαντες.Καὶ
1153 4485 1180 4538 6
1214 4485 1424 4558 Σίμων·
1456 4486 1593 4561 Ἐγὼ
1637 4486 1728 4558 μὲν
1760 4483 1878 4540 οἶδα
1905 4485 1957 4540 τί

314 4568 526 4643 λέγετε·
561 4570 712 4643 ὑμεῖς
759 4568 816 4625 δὲ
859 4572 957 4626 οὐκ
1002 4569 1182 4627 οἷ’δατε
1229 4574 1352 4649 περὶ
1382 4574 1526 4637 τίνος
1557 4577 1600 4611 ³⁸
1631 4572 1954 4650 διαλέγεσθε.

2054 666 2212 720 heret
2231 665 2542 736 imaginem
2569 666 2623 719 in
2649 666 2901 736 quadam
2922 666 3182 723 interiori
3199 668 3412 736 aede,in
3436 670 3687 742 quaipse

2052 759 2281 824 caperet
2309 770 2602 812 somnum.
2633 757 3012 827 Quapropter,
3039 757 3314 812 damnata
3337 758 3464 827 ejus
3486 758 3690 830 impie-

2053 847 2188 911 tate,
2221 843 2613 898 abscessimus
2644 844 2714 898 ab
2750 859 2837 899 eo.

2122 932 2363 987 XXVIII.
2394 934 2438 967 79
2467 932 2595 987 Haec
2628 948 2754 987 cum
2796 932 3006 1003 Aquila
3049 933 3309 1001 dixisset,
3342 934 3520 990 frater
3561 937 3689 1007 ejus

2053 1021 2280 1076 Nicetes
2306 1038 2317 1074 :
2342 1021 2586 1076 Necesse
2607 1024 2717 1087 est,
2751 1021 2925 1076 frater
2945 1021 3230 1087 Clemens,
3263 1023 3476 1094 inquit,
3508 1041 3574 1079 ea
3595 1041 3689 1080 me

2055 1126 2529 1179 commemorare,
2562 1126 2686 1180 quae
2732 1109 2802 1164 ab
2847 1109 3059 1181 Aquila
3107 1112 3499 1182 praetermissa
3529 1119 3687 1169 sunt.

2057 1198 2314 1253 Primum
2337 1199 2605 1270 equidem
2632 1203 2777 1253 Deus
2807 1200 2971 1254 testis
2993 1204 3100 1269 est,
3126 1216 3230 1254 nos
3251 1201 3310 1253 in
3334 1199 3493 1255 nullo
3521 1217 3691 1272 opere

2055 1287 2233 1359 impio
2262 1287 2554 1358 adjuvisse
2579 1304 2712 1342 eum
2740 1305 2752 1342 :
2780 1288 2877 1341 sed
2902 1287 3000 1342 illo
3033 1288 3541 1354 faciente,tantum
3565 1306 3691 1360 spe-

2054 1382 2261 1432 ctasse.
2285 1377 2354 1430 Et
2383 1375 2639 1447 quandiu
2673 1393 2845 1448 opera
2874 1377 3106 1431 innoxia
3135 1377 3691 1444 edebat,delectaba-

2055 1481 2222 1518 mur:
2258 1466 2489 1536 quando
2523 1469 2716 1519 autem
2749 1482 2875 1535 quae
2899 1481 3001 1536 per
3032 1468 3284 1537 magiam
3316 1466 3553 1535 fiebant,
3589 1484 3690 1539 per

2055 1551 2415 1607 divinitatem
2447 1569 2507 1607 se
2533 1553 2736 1623 facere,
2756 1553 2826 1606 ad
2850 1552 2975 1624 pios
2997 1553 3263 1610 homines
3293 1554 3693 1626 decipiendos,

2055 1641 2218 1705 dixit,
2243 1658 2355 1696 non
2379 1639 2627 1712 amplius
2645 1658 2776 1696 eum
2801 1641 2958 1712 passi
2979 1643 3479 1714 sumus,quamvis
3502 1643 3692 1700 multa

2056 1730 2225 1785 nobis
2257 1729 2653 1801 promitteret;
2689 1729 2942 1800 primum
2976 1731 3233 1801 quidem,
3290 1733 3408 1787 fore
3448 1737 3514 1787 ut
3543 1738 3691 1788 tem-

2055 1819 2219 1891 plum
2245 1824 2301 1874 et
2332 1823 2534 1874 statuae
2568 1819 2736 1875 nobis
2765 1824 3220 1886 exstruerentur,
3266 1822 3463 1893 diique
3493 1823 3692 1878 existi-

2058 1923 2390 1975 maremur;
2441 1908 2577 1963 item
2610 1925 2643 1963 a
2685 1909 2920 1980 regibus
2971 1909 3481 1982 magnificaremur
3519 1917 3692 1983 atque

2059 1997 2413 2052 donaremur
2443 1997 2689 2068 publicis
2719 1997 3040 2053 honoribus
3070 2016 3083 2065 ;
3115 2015 3219 2054 nec
3251 2015 3362 2055 non
3391 1999 3619 2055 infinita
3639 2001 3691 2055 vi

2061 2086 2315 2157 pecuniae
2348 2085 2784 2141 ditesceremus.

2129 2173 2319 2228 XXIX.
2353 2174 2502 2239 Haec,
2536 2179 2593 2229 et
2623 2174 2738 2228 alia
2767 2192 2892 2246 quae
2938 2179 3224 2247 putantur
3251 2178 3493 2249 majora,
3526 2177 3694 2233 nobis

2060 2262 2459 2334 pollicebatur,
2485 2263 2654 2318 modo
2678 2268 2741 2318 ut
2761 2281 2893 2318 cum
2917 2281 2982 2318 eo
3005 2264 3279 2334 viventes,
3303 2282 3542 2336 pravum
3566 2266 3692 2336 ejus

2061 2351 2335 2406 molimen
2368 2357 2713 2417 taceremus,
2747 2368 2860 2424 quo
2894 2352 3054 2407 fraus
3085 2352 3135 2408 ei
3167 2354 3517 2409 succederet.
3540 2356 3694 2409 Atta-

2059 2456 2191 2494 men
2223 2440 2446 2494 assensi
2480 2457 2590 2494 non
2625 2457 2870 2496 sumus:
2904 2441 3166 2512 quinimo
3197 2441 3507 2498 consilium
3540 2443 3696 2498 dedi-

2059 2544 2212 2597 mus,
2244 2533 2308 2582 ut
2337 2528 2407 2582 ab
2440 2528 2551 2583 ista
2607 2530 2878 2584 vecordia
2925 2531 3265 2598 desisteret;
3311 2530 3569 2587 dicentes
3597 2532 3648 2587 ei
3675 2549 3688 2587 :

2057 2622 2229 2672 Cessa
2257 2617 2329 2671 ab
2361 2617 2699 2687 hujusmodi
2722 2617 2923 2672 audaci
2943 2619 3214 2674 facinore.
3240 2619 3392 2675 Deus
3414 2636 3543 2676 esse
3573 2637 3687 2676 non

2059 2709 2258 2776 potes:
2293 2705 2432 2760 time
2463 2722 2596 2760 eum
2629 2707 2728 2776 qui
2777 2723 2906 2761 vere
2959 2711 3106 2761 Deus
3137 2712 3225 2762 est
3253 2725 3266 2775 ;
3325 2723 3607 2778 cognosce
3637 2713 3692 2763 te

2057 2810 2185 2849 esse
2227 2793 2546 2860 hominem,
2599 2795 2881 2865 breveque
2937 2811 3064 2850 esse
3118 2799 3350 2866 tempus
3397 2796 3527 2851 vitae
3556 2802 3686 2851 tua.

2057 2883 2398 2953 Quanquam
2433 2883 2750 2937 admodum
2808 2882 3085 2954 locuples,
3117 2884 3203 2938 vel
3235 2885 3407 2939 etiam
3441 2901 3538 2939 rex
3559 2902 3686 2940 eva-

2058 2971 2222 3038 seris,
2256 2971 2460 3043 exiguo
2512 2972 2639 3024 vitze
2684 2976 2796 3025 tuae
2844 2972 3030 3042 spatio
3080 2989 3261 3042 pauca
3308 2978 3447 3027 sunt
3475 2973 3687 3044 quibus

2059 3060 2304 3116 frueris:
2337 3066 2393 3114 et
2424 3060 2709 3114 viventem
2760 3059 2955 3132 impie,
3002 3066 3224 3115 aeternae
3273 3077 3442 3132 poena
3473 3069 3684 3117 manet.

2058 3152 2242 3215 Quare
2269 3156 2534 3204 auctores
2567 3165 2792 3215 sumus,
2827 3149 3008 3203 Deum
3039 3149 3310 3217 verearis,
3335 3167 3368 3204 a
3397 3150 3687 3222 quojudi-

2058 3238 2175 3293 cari
2206 3237 2377 3293 debet
2419 3237 2878 3308 uniuscujusque
2927 3238 3143 3304 anima,
3194 3255 3296 3308 pro
3336 3239 3408 3293 iis
3440 3255 3564 3310 qua:
3598 3238 3690 3293 hic

1979 3311 2020 3378 C
2058 3326 2258 3400 gessit.

2129 3415 2294 3472 XXX.
2329 3417 2454 3472 llaec
2501 3415 2597 3472 ille
2653 3417 2917 3482 audiens,
2976 3415 3122 3471 risit.
3175 3417 3434 3488 Cumque
3472 3416 3687 3471 dicere-

2059 3522 2232 3563 mus:
2265 3509 2377 3561 Cur
2406 3522 2504 3561 eos
2526 3505 2753 3571 irrides,
2777 3506 2875 3576 qui
2900 3505 3004 3560 tibi
3036 3504 3200 3560 utilia
3233 3504 3685 3561 suadent?llle:

2063 3596 2260 3662 Rideo,
2292 3594 2503 3665 inquit,
2553 3594 2794 3649 stultam
2841 3593 3170 3666 Opinionem
3213 3597 3485 3661 vestram,
3532 3595 3684 3665 quod

2061 3683 2296 3739 creditis
2327 3683 2715 3739 immortalem
2745 3699 2871 3738 esse
2902 3682 3156 3738 hominis
3187 3681 3462 3736 animam.
3498 3681 3565 3737 Et
3585 3699 3690 3755 ego

2063 3772 2369 3845 respondi:
2400 3771 2524 3828 Non
2555 3773 2859 3839 miramur,
2905 3789 2936 3826 o
2989 3772 3212 3836 Simon,
3259 3771 3306 3825 si
3359 3770 3556 3826 fallere
3585 3788 3692 3826 nos

2063 3861 2310 3928 conaris,
2342 3861 2444 3916 sed
2475 3861 2965 3934 obstupescimus,
2999 3877 3114 3932 qua
3165 3859 3384 3914 ratione
3434 3859 3610 3915 etiam
3639 3864 3697 3914 te

2063 3953 2188 4024 ipse
2217 3950 2490 4022 decipias.
2520 3951 2705 4005 Ell‘are
2727 3949 2904 4021 igitur
2925 3950 3109 4019 nobis,
3132 3948 3331 4004 Simon
3359 3967 3372 4016 ;
3406 3949 3540 4003 licet
3561 3948 3701 4003 alio-

2065 4058 2194 4096 rum
2225 4056 2394 4095 nemo
2425 4045 2786 4110 compertum
2832 4039 3088 4106 haberet,
3141 4037 3395 4092 animam
3428 4053 3554 4093 esse
3586 4037 3702 4092 im—

2066 4130 2369 4186 mortalem
2398 4155 2412 4195 ;
2443 4134 2503 4183 tu
2535 4133 2726 4184 tamen
2758 4133 2815 4182 et
2844 4145 2948 4182 nos
2979 4127 3263 4182 habemus
3289 4144 3302 4181 :
3337 4132 3398 4181 tu
3439 4127 3700 4198 quidem,

2067 4224 2130 4274 ut
2160 4220 2258 4291 qui
2290 4237 2418 4275 eam
2451 4236 2484 4274 a
2515 4234 2750 4289 corpore
2779 4216 3035 4271 humano
3067 4215 3372 4284 diremisti,
3397 4215 3498 4287 qui
3529 4215 3704 4270 collo-

2067 4313 2236 4364 cutus
2265 4325 2346 4375 es,
2371 4307 2471 4379 qui
2501 4306 2834 4378 imperasti:
2861 4322 2966 4360 nos
2982 4321 3136 4369 vero,
3165 4310 3230 4358 ut
3259 4305 3357 4376 qui
3380 4305 3700 4373 adfuimus,

2067 4404 2123 4454 et
2151 4399 2458 4469 imperium
2492 4397 2841 4463 audivimus,
2875 4399 2930 4449 et
2981 4394 3129 4457 quod
3172 4394 3409 4463 jussum
3440 4397 3528 4448 est
3556 4393 3698 4447 vidi-

2069 4505 2200 4543 mus
2229 4486 2402 4541 clare.
2439 4486 2522 4539 Ad
2555 4485 2674 4539 haec
2704 4485 2900 4539 Simon
2928 4499 2940 4537 :
2999 4483 3113 4554 Ego
3144 4481 3375 4552 quidem
3409 4482 3526 4536 scio
3557 4481 3694 4552 quid

2068 4576 2308 4643 dicatis;
2343 4591 2441 4630 vos
2464 4579 2652 4628 autem
2678 4573 2914 4628 nescitis
2945 4589 3058 4642 qua
3080 4572 3148 4626 de
3172 4587 3230 4624 re
3249 4569 3590 4641 loquamini.
3623 4573 3698 4623 Ac

318 4658 424 4713 Καὶ
470 4659 578 4732 ἐγὼ
627 4662 867 4730 Νικήτης
916 4656 1067 4736 ἔφην·
1121 4662 1268 4716 Ἐπεὶ
1320 4659 1488 4731 οἶδας,
1536 4662 1680 4738 λὲγε·
1716 4662 1850 4717 εἰδὲ
1883 4666 1951 4736 μὴ

2068 4682 2172 4737 ego
2199 4664 2426 4720 Nicetas
2475 4663 2628 4717 dixi:
2691 4661 3167 4731 Quandoquidem
3221 4660 3358 4724 scis,
3407 4658 3693 4712 edissere:

317 4744 496 4817 οἶδας,
533 4749 606 4818 μὴ
641 4745 785 4802 δόκει
830 4751 977 4821 ἡμᾶς
1019 4753 1099 4821 τῷ
1130 4751 1304 4825 λεγειν
1350 4751 1406 4804 σὲ
1443 4752 1534 4824 μὲν
1569 4749 1784 4826 εἰδέναι,
1818 4754 1962 4825 ἡμᾶς
2006 4812 2010 4816 ,

317 4831 378 4888 δὲ
411 4834 512 4906 μή,
545 4834 839 4890 ἀπατᾶσθαι
871 4834 1224 4895 δύνασθαι.οὑ
1264 4840 1363 4914 γάρ
1400 4839 1555 4912 ἐσμεν
1586 4839 1728 4894 οὕτω
1751 4843 1960 4913 νήπιοι,

308 4920 406 4977 ’ἕνα
434 4928 742 4999 πανοῦργον
780 4923 1056 4999 ἐνσπείρῃς
1102 4929 1240 5000 ἡμῖν
1279 4927 1533 5002 ὑποψίαν,
1569 4930 1656 4983 καὶ
1693 4928 1772 5002 τῷ
1801 4932 1844 4965 ³⁷
1873 4952 1964 4984 νο-

323 5011 500 5084 μίζειν
532 5013 588 5067 σε
633 5033 684 5067 τι
727 5018 834 5067 τῶν
883 5014 1208 5091 ἀπορῥήτων
1252 5013 1468 5088 εἰδέναι,
1523 5021 1565 5053 ⁸⁸
1615 5019 1961 5092 ὑποχειρίους

322 5096 494 5174 λάϐῃς
526 5103 590 5158 ⁸9.

395 5195 575 5247 XXXI.
606 5192 709 5247 Καὶ
739 5192 767 5246 ὁ
800 5191 986 5265 Σίμων
1017 5191 1138 5269 ἔφη·
1171 5197 1288 5248 Ὅτι
1345 5196 1440 5267 μὲν
1491 5196 1731 5270 ἒχώρισα
1779 5199 1962 5273 ψυχὴν

322 5279 661 5354 ἀνθρωπείου
701 5282 978 5354 σώματος,
1031 5280 1152 5337 οἶδα
1204 5283 1345 5356 ὑμᾶς
1394 5281 1623 5346 εἰδότας·
1657 5284 1739 5339 ὅτι
1773 5283 1829 5340 δὲ
1860 5288 1969 5363 οὑχ

2073 4754 2231 4825 quod,
2254 4752 2300 4807 si
2325 4753 2574 4819 nescias,
2598 4768 2667 4805 ne
2691 4750 2989 4806 existimes
3010 4749 3195 4819 decipi
3220 4764 3326 4802 nos
3347 4763 3533 4818 posse,
3559 4746 3698 4800 dum

2073 4842 2178 4910 ais,
2211 4845 2267 4896 te
2293 4842 2527 4911 quidem
2559 4839 2724 4906 scire,
2761 4855 2865 4893 nos
2897 4843 3089 4892 autem
3125 4852 3515 4907 nequaquam.
3547 4835 3701 4890 Adeo

2072 4930 2226 4987 enim
2257 4930 2450 4986 stolidi
2485 4946 2597 4984 non
2648 4945 2874 4990 sumus,
2924 4931 2987 4981 ut
3019 4927 3185 4981 nobis
3225 4928 3448 4983 vafram
3483 4926 3703 4980 inseras

2072 5021 2464 5091 suspicionem
2494 5044 2507 5085 ς
2540 5018 2883 5088 redigasque
2915 5034 3021 5071 nos
3051 5017 3108 5070 in
3140 5021 3301 5072 tuam
3336 5019 3700 5088 potestatem,

2073 5109 2472 5164 existimantes
2503 5107 2717 5178 aliquid
2752 5105 3131 5161 inell‘abilium
3164 5105 3429 5178 cognosci
3461 5121 3494 5158 a
3521 5109 3594 5157 te.

2143 5198 2326 5254 XXXI.
2361 5195 2679 5268 Respondit
2710 5196 2907 5251 Simon
2935 5213 2946 5250 :
2993 5196 3154 5260 Quod
3206 5195 3443 5267 quidem
3474 5192 3705 5262 disjun-

2074 5288 2258 5344 xerim
2289 5286 2544 5340 animam
2577 5285 2648 5340 ab
2670 5284 2926 5339 humano
2947 5300 3206 5355 corpore,
3231 5283 3358 5339 novi
3391 5298 3491 5337 vos
3521 5280 3700 5335 scire:

1699 5431 2075 5488 VARIORUM
2115 5429 2346 5487 NOT/E.

391 5539 734 5619 ἶέᾉειεηιεηι.
767 5543 1026 5619 hom._n,
1079 5562 1126 5600 c.
1161 5545 1251 5615 27,
1271 5547 1401 5619 Λεία.
1425 5545 1481 5619 f0
1510 5543 1586 5619 al.
1637 5545 1816 5619 innser.
1848 5545 1939 5619 καὶ

2066 5569 2073 5596 ι
2124 5540 2323 5619 ὄχλων,
2356 5547 2815 5619 προπυυιοῆναξ-
2849 5542 2891 5577 ⁸¹
2925 5540 3011 5619 8.1-.
3048 5538 3546 5619 βαῖιλέξρςο-Ρε¹υ¹ο
3579 5545 3709 5619 ρρει

321 5611 554 5695 μείζονα.
577 5615 802 5695 abesta
824 5616 1054 5695 duobus
1083 5609 1468 5695 mss.'Co'r._”
1500 5611 1889 5695 ειελφοϐεῖσθαί
1911 5637 1951 5670 σι

2066 5622 2078 5671 t
2099 5609 2251 5671 es?”
2275 5616 2348 5671 al.
2373 5609 2554 5685 eam.
2581 5615 2626 5695 δέ
2659 5617 2735 5669 al.
2768 5609 3214 5695 ἐκπεπλήγμεθα.
3237 5611 3280 5643 ⁸⁵
3305 5609 3704 5695 εἱλκεμευσθὶὲὶν.

315 5675 362 5764 ξε
393 5675 471 5741 al.
502 5683 680 5741 τίνων.
713 5687 756 5721 ³τ
788 5686 862 5743 al.
892 5689 1008 5742 τοῦ.
1044 5687 1118 5744 al.
1152 5685 1210 5741 ἐκ
1238 5689 1351 5742 τοῦ.
1387 5691 1514 5744 Cor.
1547 5689 1590 5723 ⁸⁸
1620 5675 1676 5744 al
1729 5675 1951 5764 praepes

2069 5687 2121 5743 αἱ
2171 5685 2342 5749 οὕτως
2394 5675 2653 5758 ἔπιθυμίᾳ
2699 5675 3098 5756 κολαζομένους
3146 5683 3313 5754 ἡμᾶς.
3348 5682 3392 5716 ⁸9
3419 5675 3708 5736 81.λα6ὼν

319 5753 477 5832 ἔχῃς·
