4082 6208
411 447 529 504 495
1231 440 1295 502 s.
1345 442 1783 512 CLEMENTIS
1829 442 1849 500 1
1901 441 2086 500 nom.
2134 437 2362 499 PONT.
2412 433 2667 500 OPERA
2714 429 2971 502 DUBIA.
3449 411 3455 415 ’
3644 428 3745 505 496

411 577 562 648 quod
597 591 726 628 vero
760 590 872 628 non
904 573 1101 628 anima
1145 573 1402 628 defuncti
1447 572 1755 638 ministret,
1803 572 1902 626 sed
1936 570 2041 626 ali-

2177 571 2317 636 5705
2346 571 2633 631 τεθνεῶτος
2687 570 2839 644 ψυχὴ
2899 569 3180 643 ὑπουργεῖ,
3240 567 3381 624 ἀλλὰ
3429 567 3624 643 δαίμων
3675 592 3749 635 τις

410 664 543 736 quis
575 662 821 728 ἀιεηιοη,
855 662 954 733 qui
1009 678 1072 717 se
1126 662 1383 717 animam
1441 677 1569 716 esse
1618 659 1879 727 simulat,
1912 659 2042 714 novi

2177 656 2576 732 ιποκρινόμενος
2625 660 2668 694 ⁹⁰
2717 658 2847 711 εἶναι
2899 657 3051 731 ψυχὴ
3102 659 3168 729 9‘,
3202 654 3319 711 οἴδα
3366 658 3498 730 ὑμᾶς
3527 659 3749 733 ἀγνοοῦν-

410 767 514 806 vos
546 751 831 822 ignorare.
865 749 935 803 Et
962 765 1066 822 ego
1098 749 1311 804 Nicitas
1356 751 1550 822 excepi
1577 767 1589 804 :
1623 749 1683 802 In
1715 747 1831 803 vita
1863 748 2047 802 multa

2177 764 2264 806 ·ας“
2328 746 2428 801 Καὶ
2487 747 2594 820 ἐγὼ
2650 748 2889 816 Νικήτης
2940 743 3070 822 ἔφην
3109 764 3120 776 ·
3183 743 3370 799 ΠολΛὰ
3429 747 3477 800 ὲν
3535 751 3608 818 τῷ
3661 748 3750 822 βίῳ

410 838 774 895 incredibilia
803 837 1174 894 audivimus:
1204 839 1311 894 hoc
1333 843 1526 894 tamen
1554 854 1821 894 sermone
1849 853 2046 892 amen-

2177 832 2456 906 ᾒκούσαμεν
2491 835 2684 888 ἄπιστα
2707 855 2719 865 ·
2748 839 2843 888 τοῦ
2877 831 2933 888 δὲ
2958 834 3208 888 τοιούτου
3239 832 3400 909 λόγου
3432 834 3749 912 ἀνοητότερον

340 951 341 956 π
412 929 617 985 liorem
641 944 748 983 nos
770 944 1029 998 unquam
1049 928 1354 983 audituros
1372 945 1485 984 non
1508 926 2044 1000 speravimus.Nam

2177 923 2216 976 ιύ
2273 920 2745 997 προσεδοκήσαμεν
2806 923 3027 978 ἀκοῦσαί
3082 942 3254 980 ποτε.
3309 922 3368 977 Εἰ
3419 923 3516 999 γὰρ
3571 921 3752 997 δαίμων

415 1019 464 1074 si
494 1019 720 1073 daemon
768 1017 936 1088 ﬁngit
980 1033 1041 1072 se
1071 1017 1326 1072 animam
1380 1017 1593 1071 mortui
1623 1031 1770 1086 esse,
1804 1015 2042 1087 quinam

2177 1011 2493 1087 υποκρίνεται
2552 1015 2586 1081 ἠ
2645 1017 2740 1068 τοῦ
2790 1015 3080 1074 τεθνεῶτος
3143 1012 3275 1066 εἶναι
3319 1014 3466 1088 ψυχή
3503 1058 3516 1081 ,
3544 1012 3620 1074 τίς
3666 1014 3752 1086 ἄρα

417 1111 540 1163 erat
567 1106 772 1162 animae
795 1122 961 1173 usus,
984 1109 1049 1159 ut
1079 1123 1112 1160 a
1137 1121 1372 1176 corpore
1403 1109 1768 1177 separaretur
1787 1104 1815 1157 ‘I
1845 1103 2046 1158 Nonne

2177 1107 2250 1170 ’ῆς
2307 1104 2491 1176 ψυχῆς
2547 1101 2726 1177 χρεία,
2782 1106 2878 1156 τοῦ
2935 1103 3273 1176 χωρισθῆναι
3328 1105 3423 1156 τοῦ
3480 1102 3749 1174 σώματος;

416 1196 529 1268 ipsi
559 1200 871 1268 praesentes
919 1194 1247 1248 audivimus
1278 1198 1356 1261 te,
1411 1211 1545 1248 cum
1576 1193 1833 1248 animam
1863 1208 1893 1247 e
1923 1208 2044 1246 cor-

2177 1189 2263 1243 )ύκ
2291 1189 2443 1244 αὐτοὶ
2492 1187 2548 1244 δὲ
2595 1189 2855 1263 παρόντες
2901 1190 3206 1263 ἠκούσαμέν
3258 1211 3373 1262 σου,
3418 1194 3513 1245 τοῦ
3551 1193 3753 1261 σκήνους

338 1319 340 1324 ι
416 1300 554 1355 pore
585 1283 908 1354 adjurando
937 1283 1248 1337 evocarcs?
1282 1282 1350 1336 Et
1386 1299 1502 1354 qua
1528 1283 1766 1346 ratione,
1799 1297 1914 1334 uno
1945 1281 2044 1335 ad-

2177 1280 2250 1346 τὴν
2282 1280 2465 1353 ψυχὴν
2510 1279 2873 1352 ὲξορκίζοντος
2905 1298 2918 1348 ;
2950 1283 3066 1341 πῶς
3118 1276 3174 1332 δὲ
3216 1279 3305 1333 καὶ
3355 1277 3524 1334 ἄλλου
3568 1279 3754 1355 ὁρκιζο-

408 1374 627 1443 jurato,
661 1370 805 1426 alter
835 1388 949 1426 non
981 1371 1304 1441 adjuratus,
1337 1375 1616 1442 tanquam
1661 1371 1880 1424 veritus
1911 1370 2044 1424 obe-

2177 1367 2342 1436 ιένου,
2397 1363 2577 1441 ἕτερος
2636 1369 2711 1439 μὴ
2761 1370 2805 1404 ⁹²
2834 1368 3124 1443 ὁρκισθεὶς,
3184 1368 3259 1430 ὡς
3318 1361 3590 1443 φοϐηθεὶς,
3647 1368 3758 1423 ὑπα-

417 1462 549 1516 dit?
577 1461 773 1516 Nonne
825 1460 998 1515 etiam
1050 1465 1114 1514 tu
1145 1460 1456 1530 aliquando
1513 1477 1545 1514 a
1589 1459 1754 1514 nobis
1787 1463 2043 1532 rogatus,

2177 1455 2301 1510 ιούει
2355 1461 2392 1523 ;ξ
2430 1455 2538 1510 Ούκ
2594 1458 2694 1532 ἄρα
2751 1453 2806 1510 δὲ
2856 1455 2945 1511 καὶ
3005 1455 3164 1518 αὐτὸς
3225 1455 3590 1529 ἐξεταζόμενός
3641 1477 3756 1511 ποτο

417 1566 594 1622 quam
625 1549 698 1603 ob
729 1565 965 1603 causam
999 1549 1287 1603 interdum
1329 1552 1625 1602 cessarent
1666 1548 2044 1610 assessiones,

2177 1545 2289 1618 πρὸς
2347 1547 2503 1616 ἡμῶν
2541 1591 2554 1614 ,
2611 1545 2756 1607 τίνος
2823 1545 2982 1620 χάριν
3038 1544 3206 1600 ἐνίοτε
3259 1544 3348 1599 καὶ
3421 1544 3662 1600 παύονται
3713 1546 3758 1600 αἱ

414 1637 805 1710 respondisti:
840 1637 984 1700 Quia
1031 1637 1245 1706 anima,
1280 1636 1564 1708 completo
1612 1652 1788 1706 super
1831 1641 2044 1691 terram

2177 1629 2515 1706 τροσεδρεῖαι,
2565 1631 2803 1706 εἴρηκας,
2851 1632 2932 1688 ὅτι
2965 1635 3117 1709 ψυχὴ
3167 1632 3505 1709 πληρώσασα
3529 1633 3613 1688 τὸν
3644 1633 3758 1710 ὑπὲρ

413 1731 671 1798 tempore
701 1726 852 1796 quod
904 1725 961 1779 in
1021 1741 1256 1796 corpore
1303 1728 1606 1796 peractura
1653 1729 1794 1792 erat,
1840 1725 1910 1780 ad
1951 1725 2048 1779 in-

2177 1727 2259 1792 πῆς
2313 1720 2508 1796 χρόνον
2566 1721 2624 1774 ὃν
2685 1719 2912 1793 ἔμελλεν
2973 1721 3024 1775 ἐν
3081 1723 3296 1793 σώματι
3355 1718 3644 1789 διατελεῖν,
3695 1721 3758 1783 εἰς

416 1815 567 1871 feros
595 1815 786 1870 vadit:
847 1831 912 1869 ac
968 1813 1343 1884 subjunxisti,
1395 1812 1622 1868 animas
1679 1829 1902 1880 eorum,
1945 1813 2045 1884 qui

2177 1805 2289 1878 ιόην
2320 1807 2621 1883 πορεύεται·
2671 1809 3003 1883 προσετίθεις
3043 1807 3101 1864 δὲ
3144 1807 3342 1886 λέγων,
3393 1809 3475 1865 ὅτι
3518 1815 3616 1866 τῶν
3652 1807 3758 1882 ἰδίῳ

418 1903 651 1976 prOpria
682 1907 864 1958 morte
912 1903 1197 1968 obierunt,
1248 1902 1524 1973 quoniam
1581 1903 1640 1956 in
1677 1901 1878 1957 inferis
1911 1901 2047 1958 hinc

2177 1896 2368 1970 ιανάτῳ
2395 1897 2827 1968 τελευτησάντων
2879 1899 2931 1953 αὶ
2983 1898 3175 1974 ψυχαὶ,
3231 1895 3418 1968 ἐπειδή
3471 1899 3598 1973 πρὸς
3643 1894 3757 1969 ᾅδην

2200 1985 2212 2002 .
2272 1985 2312 2004 ρ,
2548 1989 2560 2004 ,
2986 1992 3012 2003 -
3255 1987 3268 2004 ,
3329 1987 3341 2004 ι
3519 1991 3560 2004 ..ο
3613 1987 3686 2004 η-
3719 1993 3737 2003 .

419 1993 752 2048 secedentes
808 1990 1234 2055 custodiuntur,
1292 2008 1404 2046 non
1465 1991 1628 2047 facile
1681 1991 1934 2063 permitti
1960 2008 2050 2048 ve-

2177 1985 2340 2049 ιύτόθι
2403 1989 2720 2062 χωρήσασαι
2781 1992 3157 2065 φρουροῦνται,
3218 1987 3463 2050 εὐκόπως
3519 1991 3562 2024 ⁹³
3610 1987 3759 2051 ἐλθεῖν

419 2081 542 2137 nire
561 2081 588 2135 δι’

2177 2074 2398 2153 ἱφίενται
2435 2095 2447 2144 ;

489 2169 704 2224 XXXII.
738 2169 865 2224 Haec
921 2169 1147 2225 Nicetes
1223 2185 1358 2224 cum
1434 2169 1790 2240 protulisset,
1845 2169 2052 2241 Aquila

2229 2166 2436 2222 XXXII.
2494 2169 2667 2220 Ταῦτα
2737 2169 2835 2220 τοῦ
2910 2168 3146 2236 Νικήτου
3200 2165 3446 2229 εἰπόντος
3479 2213 3494 2240 ,
3551 2163 3757 2228 ’Δκύλας

415 2258 623 2314 iterum
653 2259 829 2315 dixit:
882 2259 1164 2330 Cuperem
1195 2275 1228 2313 a
1273 2263 1329 2313 te
1359 2258 1416 2312 id
1467 2275 1650 2313 unum
1691 2258 1933 2324 discere,
1962 2259 2051 2314 Si-

2177 2253 2317 2314 ιῦτὸς
2363 2250 2523 2306 πάλιν
2575 2251 2696 2332 ἔφη’
2759 2249 3101 2327 Ἐϐουλόμην
3159 2255 3307 2328 παρᾶ
3354 2260 3447 2310 σοῦ
3493 2259 3640 2310 τοῦτο
3685 2249 3766 2328 μό-

415 2364 588 2404 mon:
623 2347 741 2403 sive
771 2347 968 2402 anima
988 2347 1081 2418 sit,
1114 2347 1254 2416 sive,
1277 2348 1523 2411 daemon,
1554 2347 1612 2400 id
1637 2347 1792 2418 quod
1823 2347 2055 2417 adjura-

2177 2363 2247 2396 ιον
2286 2343 2494 2414 μαθεῖν,
2544 2340 2755 2414 Σίμων,
2814 2341 2920 2398 εἴτε
2966 2346 3143 2420 ψυχή,
3193 2341 3301 2399 εἷ’τε
3351 2342 3550 2417 δαίμων
3594 2342 3690 2398 ἐστὶ
3717 2342 3768 2397 τὸ

415 2443 547 2508 tur;
571 2438 879 2507 cujusnam
903 2437 1135 2491 tandem
1165 2441 1341 2504 metu,
1367 2437 1762 2506 adjurationes
1785 2452 1895 2490 non
1917 2452 2050 2490 con-

2177 2426 2535 2507 ipszo’pevov,
2584 2430 2638 2486 τί
2669 2428 2727 2486 δὲ
2763 2431 2852 2486 καὶ
2901 2428 3240 2510 φοϐούμενον
3296 2434 3356 2488 ού
3387 2434 3765 2507 παραπέμπεται

415 2524 670 2582 temnit?
717 2526 787 2579 Et
833 2525 1072 2580 Simon:
1105 2524 1331 2593 Poenas,
1383 2525 1590 2594 inquit,
1625 2524 2052 2596 persoluturam

2177 2519 2285 2582 τοὺς
2343 2519 2710 2596 ὅρκους;Καὶ
2768 2523 2795 2575 ὁ
2856 2521 3060 2594 Σίμων’
3122 2521 3382 2595 Κόλασιν,
3441 2522 3584 2601 φησὶ,
3625 2542 3772 2596 παρα-

420 2630 481 2670 se
511 2611 787 2684 intelligit
815 2613 1031 2678 anima,
1053 2612 1102 2665 si
1127 2629 1241 2668 non
1263 2612 1858 2684 obtemperet.Aquila
1881 2631 2012 2668 vero
2035 2633 2054 2668 :

2177 2609 2394 2663 ιούσασα
2478 2606 2591 2662 οἶδε
2667 2607 2890 2681 μέλλειν
2977 2611 3164 2665 παθεῖν
3203 2654 3215 2667 .
3274 2611 3370 2668 Καὶ
3437 2613 3464 2666 ὁ
3521 2608 3727 2670 Ἀκύλας
3756 2629 3768 2641 °

421 2705 618 2774 Itaque
666 2701 716 2757 si
763 2701 958 2756 anima
1005 2701 1273 2772 adjurata
1323 2702 1500 2767 venit,
1559 2702 1732 2756 etiam
1763 2703 2052 2772 judicium

2177 2698 2362 2752 367.on
2423 2697 2467 2752 εἷ
2515 2701 2559 2734 9⁵
2613 2699 2940 2773 ὁρκιζομένη
2993 2700 3144 2774 ψυχή
3197 2697 3440 2776 ἔρχεται,
3486 2699 3569 2754 καὶ
3615 2697 3770 2774 κρίσις

421 2792 539 2847 fiet.
572 2790 630 2846 Si
661 2805 797 2861 ergo
841 2789 1047 2844 animae
1106 2795 1244 2845 sunt
1292 2789 1674 2856 immortales,
1734 2791 1971 2846 omnino
2001 2794 2058 2846 et

2177 2785 2264 2862 ἱρα
2320 2785 2569 2861 γίνεται.
2631 2788 2694 2841 Et
2751 2785 2841 2841 οὖν
2903 2788 2955 2842 αὶ
3012 2787 3182 2864 ψυχαὶ
3241 2788 3492 2843 ἀθάνατοι
3527 2834 3540 2860 ,
3585 2787 3772 2846 πάντως

417 2878 707 2951 judicium
737 2877 862 2934 erit.
896 2879 1282 2944 Quamobrem
1333 2878 1382 2934 si
1432 2895 1530 2934 eos
1582 2895 1814 2950 quoque
1866 2879 1966 2950 qui
1996 2879 2055 2934 in

2177 2874 2274 2929 tati
2332 2874 2422 2929 καὶ
2477 2873 2678 2950 κρίσις.
2717 2878 2876 2930 Ὥστε
2907 2875 3064 2930 εἶκαὶ
3107 2875 3233 2939 τοὺς
3291 2875 3378 2931 ἐπὶ
3424 2880 3556 2951 κακῇ
3608 2875 3770 2951 πράξει

423 2967 638 3024 malam
671 2967 955 3023 actionem
978 2972 1116 3023 sunt
1140 2967 1410 3038 adjurati,
1435 2974 1678 3038 tumque
1701 2984 1813 3023 non
1835 2970 2055 3023 obtem-

2177 2963 2539 3038 ὃρκισθέντας,
2601 2963 2713 3018 εἶτα
2766 2964 2856 3018 καὶ
2913 2964 3360 3040 παρακούσαντας
3416 2963 3773 3034 καταδικασθῆ-

423 3060 720 3129 perarunt,
769 3057 1244 3111 condemnandos
1290 3056 1416 3123 ais;
1477 3073 1592 3127 quo
1645 3057 1816 3112 modo
1848 3061 1907 3111 tu
1942 3073 2055 3111 non

2177 3073 2246 3105 ραι
2307 3051 2456 3130 φῄς,
2541 3057 2657 3114 πῶς
2731 3052 2791 3106 ού
2870 3048 3176 3131 πεφόϐησαι
3255 3053 3324 3108 σὺ
3394 3054 3606 3117 τούτους
3668 3073 3772 3109 κατ-

422 3143 694 3214 timuisti,
725 3161 824 3200 eos
871 3160 1094 3216 cogere,
1155 3161 1286 3200 cum
1333 3143 1432 3214 qui
1489 3149 1794 3216 coguntur,
1828 3149 2060 3217 propter

2177 3140 2499 3215 ιναγκάζειν,
2529 3146 2636 3196 τῶν
2657 3141 3102 3218 ἀναγκαζομένων
3152 3141 3239 3196 ἐπὶ
3278 3147 3521 3219 παρακοῇ
3566 3141 3768 3210 κολαζο-

421 3234 848 3290 contumaciam
906 3233 1272 3305 puniantur?
1318 3233 1463 3288 Nam
1513 3239 1568 3289 te
1605 3235 1725 3304 jam
1783 3251 1899 3289 non
1930 3250 2058 3289 esse

2177 3229 2338 3301 μένων
2375 3229 2478 3298 ;τὸ
2534 3230 2637 3306 γὰρ
2693 3227 2801 3300 ἤδη
2853 3251 2908 3285 σε
2955 3232 3030 3302 μή
3077 3233 3264 3286 παθεῖν
3319 3231 3402 3310 ἐφ’
3431 3233 3507 3296 οἷς
3553 3227 3764 3307 ἔδρασας,

425 3319 771 3376 mulctatum
803 3303 1010 3391 pro‘iis
1033 3336 1158 3390 qua:
1179 3320 1518 3391 designasti,
1545 3323 1758 3376 mirum
1790 3339 1904 3377 non
1927 3327 2015 3378 est
2037 3339 2052 3376 :

2177 3318 2228 3372 οὐ
2271 3321 2465 3391 θαῦμα·
2520 3318 2634 3374 ἐπεὶ
2690 3324 2858 3392 μήπω
2900 3319 3076 3395 κρίσις
3123 3319 3287 3391 ἐστὶν,
3334 3319 3425 3375 ’ἶνα
3471 3320 3528 3376 σὺ
3572 3321 3652 3392 μὲν
3694 3316 3763 3372 δί-

427 3425 558 3466 cum
585 3408 872 3479 judicium
897 3409 1154 3463 nondum
1179 3409 1272 3477 sit,
1297 3413 1362 3464 ut
1392 3415 1452 3464 tu
1477 3410 1712 3481 quidem
1737 3427 1937 3482 poenas
1961 3413 2063 3468 des

2177 3429 2268 3478 κην
2298 3405 2403 3480 δῷς
2445 3407 2569 3482 περὶ
2610 3409 2683 3461 ὧν
2732 3409 3060 3484 ἠνάγκασας,
3108 3410 3170 3464 τὸ
3220 3407 3284 3464 δὲ
3334 3409 3632 3486 ἀναγκασθὲν
3675 3407 3764 3462 ὑπὸ

428 3513 630 3553 eorum
662 3497 731 3552 ad
764 3514 890 3569 qua:
923 3496 1160 3568 coegisti
1188 3515 1201 3564 ;
1236 3498 1388 3567 quod
1422 3504 1616 3553 autem
1653 3503 1919 3554 coactum
1953 3506 2060 3567 est,

2177 3495 2497 3571 συγγνώμην
2526 3496 2765 3569 γένηται,
2817 3496 2890 3558 ὡς
2921 3504 3018 3566 τῆς
3047 3500 3214 3567 κακῆς
3241 3499 3489 3574 πράξεως
3520 3498 3597 3552 τὸν
3626 3494 3763 3572 ὅρκον

430 3587 655 3642 veniam
680 3587 946 3658 accipiat,
969 3585 1106 3656 quia
1129 3586 1278 3640 malo
1299 3585 1560 3641 faciniori
1589 3589 2060 3658 adjuramentum

2177 3590 2531 3658 προτιμῆσαν.
2564 3585 2624 3640 Ὁ
2651 3581 2708 3638 δὲ
2738 3584 2946 3639 τούτων
2980 3584 3207 3648 ἀκούσας
3264 3586 3528 3663 ὠργίσθη,
3555 3586 3766 3656 θάνατον,

437 3676 774 3749 praetulerit.
823 3675 1021 3730 Simon
1079 3680 1293 3743 autem,
1353 3675 1444 3730 his
1499 3676 1737 3743 auditis,
1792 3678 1879 3733 ira
1931 3695 2064 3750 per-

2177 3673 2217 3726 εὶ
2252 3675 2327 3746 μὴ
2361 3677 2674 3745 σιωπῶμεν,
2706 3676 2841 3746 ἡμῖν
2869 3673 3184 3746 ἀπειλήσας.

436 3765 610 3834 citus,
670 3768 934 3831 mortem,
994 3764 1109 3818 nisi
1165 3768 1511 3832 taceremus,
1583 3767 1750 3822 nobis
1808 3768 2067 3823 minatus

439 3857 549 3912 est.

506 3943 754 4000 XXXIII.
787 3946 1102 4015 Postquam
1160 3942 1368 4015 Aquila
1423 3943 1542 3998 haec
1599 3944 1760 4013 dixit,
1805 3961 1909 4018 ego
1939 3945 2066 4002 Cle—

437 4049 601 4088 mens
631 4031 999 4104 interrogavi,
1058 4049 1324 4103 quzenam
1373 4037 1568 4088 essent
1617 4033 1898 4088 miracula
1939 4051 2064 4106 quae

2177 4027 2469 4101 ἐπυθόμηνο
2527 4030 2578 4083 τί
2633 4027 2678 4083 δ’
2736 4028 2837 4106 ἄρα
2893 4028 3032 4085 ἐστὶν
3087 4029 3120 4084 ἃ
3171 4037 3323 4086 ποιεῖ
3377 4031 3674 4105 θαυμάσια.
3723 4030 3775 4082 Ol

433 4122 664 4178 faceret.
699 4121 785 4176 Illi
815 4137 944 4175 vero
977 4121 1438 4192 responderunt:
1490 4122 1534 4155 95
1580 4121 1737 4176 Facit
1766 4124 1831 4176 ut
1859 4126 2064 4179 statuae

2177 4116 2248 4173 δέ’
2312 4116 2672 4193 Ἀνδριάντας,
2715 4118 2900 4190 εἶπον,
2947 4124 3105 4174 -ποιεῖ
3157 4127 3472 4195 περιπατεῖν
3499 4139 3512 4153 ’
3569 4119 3650 4175 καὶ
3699 4139 3775 4172 κυ-

435 4209 885 4274 ambularent,in
904 4209 1033 4280 igne
1045 4207 1311 4264 volutans
1326 4225 1409 4276 se,
1424 4226 1536 4264 non
1557 4209 2064 4273 uritur,interdum

2177 4206 2429 4279 λιόμενος
2463 4205 2550 4260 ἐπὶ
2580 4211 2686 4282 πῦρ
2717 4206 2780 4260 ού
2829 4205 3056 4263 καίεται’
3108 4206 3277 4264 ἐνίοτε
3328 4207 3387 4264 δὲ
3431 4210 3518 4264 καὶ
3563 4207 3775 4274 πέταται,

2170 4295 2257 4350 καὶ
2316 4294 2374 4349 ἐκ
2430 4293 2599 4358 λίθων
2653 4295 2845 4371 ἄρτους
2893 4303 3059 4370 ποιεῖ,
3109 4292 3234 4375 ὄφις
3282 4297 3507 4373 γίνεται,
3563 4295 3633 4359 εἷς
3677 4294 3778 4369 αἶγα

432 4298 609 4369 volat,
640 4315 708 4353 ex
737 4297 1030 4369 lapidibus
1060 4314 1239 4369 panes
1287 4297 1443 4364 facit,
1493 4314 1728 4368 serpens
1759 4299 1840 4368 fit,
1875 4300 1933 4354 in
1970 4318 2063 4356 ca-

432 4404 598 4460 pram
621 4387 1086 4451 transformatur,
1116 4386 1260 4442 duas
1281 4386 1456 4441 facies
1479 4387 1748 4454 ostendit,
1770 4387 1829 4442 in
1853 4405 2062 4444 aurum

2177 4387 2612 4461 μεταμορφοῦται
2653 4431 2668 4455 ,
2727 4381 3073 4461 διπρόσωπος
3142 4385 3398 4461 γίνεται,
3458 4387 3534 4449 εἰς
3603 4382 3776 4462 χρυσὸν

2174 4468 2588 4545 μεταϐάλλεται·
2649 4472 2810 4550 θύρας
2867 4473 3249 4547 κεκλεισμένας
3306 4475 3530 4551 ἀνοίγει,
3583 4471 3776 4549 σίδηρον

433 4477 805 4542 convertitur,
837 4479 1035 4546 portas
1057 4474 1321 4531 occlusas
1369 4476 1571 4546 aperit,
1615 4476 1832 4531 ferrum
1872 4477 2060 4549 solvit,

431 4565 492 4620 in
525 4564 800 4621 conviviis
821 4563 1131 4619 simulacra
1154 4563 1470 4618 formarum
1493 4564 1871 4637 omnigenum
1902 4566 2060 4621 exhi-

2177 4561 2335 4632 λύει,
2396 4562 2448 4617 ἐν
2506 4559 2742 4625 δείπνοις
2790 4559 2993 4618 εἷ’δωλα
3046 4562 3408 4620 παντοδαπῶν
3467 4562 3614 4620 ἰδεῶν
3666 4580 3780 4634 παρ-

430 4655 546 4726 bet,
577 4654 714 4709 facit
741 4658 807 4708 ut
837 4653 896 4706 in
927 4654 1098 4708 domo
1127 4667 1268 4707 vasa
1297 4656 1504 4724 sponte
1527 4652 1660 4707 ferri
1692 4653 1764 4707 ad
1795 4653 2059 4710 ministe-

2177 4650 2367 4720 ἱστησι·
2413 4651 2479 4704 τὰ
2509 4651 2559 4705 ἐν
2590 4655 2657 4725 τῇ
2708 4651 2852 4723 οἰκίᾳ
2898 4651 3056 4723 σκεύη
3109 4652 3184 4714 ὡς
3213 4653 3493 4726 αὐτόματα
3532 4650 3775 4730 φερόμενα

428 4743 580 4799 rium
611 4743 934 4809 videantur,
958 4757 1060 4796 nec
1083 4745 1390 4796 cernantur
1420 4741 1517 4812 qui
1542 4744 1752 4796 ferunt.
1789 4743 1905 4797 Ista
1937 4759 2054 4798 me-

2177 4740 2301 4815 πρὸς
2361 4739 2648 4816 ὑπηρεσίαν
2706 4741 2923 4816 ὁρᾶσθαι
2981 4747 3172 4812 ποιεῖ,
3227 4746 3338 4796 τῶν
3419 4741 3676 4820 φερόντων
3725 4735 3777 4793 ού

428 4835 724 4887 morantes
779 4830 1043 4899 audiens,
1105 4829 1394 4884 mirabar:
1452 4831 1818 4884 testabantur
1863 4836 2057 4886 autem

2177 4827 2546 4903 βλεπομένων.
2598 4834 2770 4884 Γαῦτα
2827 4827 3119 4904 λεγόντων,
3177 4830 3388 4885 ἀκούων
3445 4833 3488 4867 ⁹⁶
3542 4827 3776 4901 ἐθαύμα-

427 4918 551 4991 ipse
581 4917 722 4974 talia
751 4935 812 4973 se
840 4917 1073 4974 vidisse.

2177 4923 2253 4984 ζον
2291 4937 2303 4949 θ
2359 4915 2690 4993 ἐμαρτύρουν
2768 4915 2825 4972 δὲ
2877 4919 2944 4972 τὰ
2998 4923 3220 4973 τοιαῦτα
3285 4918 3440 4973 αὐτοὶ
3496 4913 3773 4994 ἱστορηκέ-

2162 5027 2247 5059 ναι
2279 5009 2340 5061 '7.

2237 5097 2467 5152 XXXIV.
2526 5094 2738 5150 Τούτων
2798 5094 2940 5150 οὕτω
2998 5095 3264 5172 ῥηθέντων
3303 5140 3317 5167 ,
3377 5098 3476 5168 ἧκε
3529 5096 3774 5170 Ζακχαῖος

2159 5187 2381 5237 τοιαῦτα
2407 5181 2486 5255 τῷ
2515 5183 2703 5260 Πέτρῳ
2751 5180 3046 5262 διασαφῶν·
3097 5181 3237 5256 ’Ήδη
3289 5184 3504 5256 λοιπὸν,
3537 5185 3580 5238 ὦ
3609 5182 3778 5257 Πέτρε,

2160 5272 2347 5347 καιρὸς
2402 5273 2536 5347 πρὸς
2587 5272 2649 5326 τὸ
2697 5267 2921 5327 ἐκϐάντα
2950 5294 3005 5327 σε
3066 5271 3421 5349 διαλεχθῆναι
3465 5278 3579 5335 τοῖς
3609 5269 3775 5326 συνελ-

2162 5365 2334 5423 θοῦσι.
2385 5359 2563 5422 Πολὺς
2609 5360 2710 5436 γὰρ
2742 5360 2827 5415 ἐπὶ
2865 5364 2964 5439 τῆς
2993 5361 3164 5431 αὐλῆς
3221 5361 3614 5439 συναθροισθεὶς
3668 5359 3776 5413 ἀνα-

1764 5502 2002 5557 νΑΗΙβΕ
2043 5503 2446 5560 LECTIONES.

489 5602 533 5635 ⁹⁰
563 5597 993 5680 ᾳ1.,ξηερι“.ηξπεὶ
1025 5598 1101 5680 μή
1135 5597 1395 5680 ὁπάρχῃβ
1428 5599 1513 5654 vel
1545 5597 1668 5680 έπεὶ.
1696 5595 2114 5680 μηδὲηύπάρχει.
2147 5603 2187 5636 ⁹¹
2221 5601 2292 5656 al.
2329 5603 2500 5680 inser.
2533 5599 2721 5680 01616:.
2746 5602 2812 5658 Al
2843 5604 2976 5680 add.
3011 5602 3233 5680 ἒνεργεῖ.
3266 5603 3415 5680 “ei.
3633 5599 3676 5637 ⁸⁸

491 5625 532 5635 ""
563 5625 635 5656 ul.
673 5625 844 5656 Inscr.
883 5625 993 5652 Ξπῑι
1025 5625 1101 5670 μη
1135 5625 1350 5671 mezan
1383 5625 1395 5664 ,
1431 5625 1513 5654 VU!
1546 5625 1658 5652 επει
1696 5625 1835 5669 μηοε
1864 5625 2114 5674 υπαρχει.
2149 5625 2187 5636 ν·
2221 5625 2292 5656 al.
2329 5625 2500 5657 Inscr.
2533 5625 2712 5663 αυτος.
2746 5625 2812 5658 Al
2845 5625 2976 5658 ααα.
3011 5625 3126 5680 ενερ
3170 5625 3233 5658 ει.
3269 5625 3309 5640 ’⁸
3337 5625 3415 5660 al.
3448 5625 3476 5656 ο
3508 5625 3605 5674 μη.
3636 5625 3674 5637 ’“’
3705 5625 3770 5654 lu.

417 5669 1099 5753 ούκξύκρλωςβιθηιεηι.
1133 5673 1231 5753 ουκ
1256 5669 1514 5753 εὐκόπως.
1547 5673 1592 5708 9‘
1620 5671 1783 5753 εικῆ.
1835 5671 2019 5727 951.3.
2055 5677 2279 5753 Recolis.
2326 5691 2400 5753 Διι,
2549 5676 2775 5753 Anas_t.,
2828 5625 3382 5753 Cedrenufiﬂiceph.
3439 5675 3484 5718 9‘
3528 5675 3602 5733 al.
3650 5669 3770 5746 add.

416 5739 612 5798 αὐτῶν.
646 5745 687 5779 97
718 5743 790 5800 al.
824 5743 1000 5798 inser.
1035 5740 1311 5822 παρόντες.
1344 5742 1386 5778 9⁸
1417 5743 1678 5799 Clamant.
1713 5742 1872 5800 hom.
1903 5759 1986 5816 ui,
2021 5759 2147 5820 cap.
2170 5739 2260 5818 29,
2287 5739 2394 5802 etc.
2429 5745 2658 5818 Recogn.
2693 5744 2738 5802 l.
2763 5739 2833 5804 ἰι.
2871 5763 2919 5804 c.
2953 5747 3042 5822 19,
3069 5739 3177 5805 etc.

2244 3945 2482 3996 XXXIII.
2512 3943 2692 3997 Ταῦτα
2735 3945 2831 3996 τοῦ
2882 3939 3085 3996 ’Δκύλα
3115 3940 3384 4016 εἰπόντος,
3419 3941 3524 4018 ἐγὼ
3571 3940 3774 4012 Κλήμης

495 5093 741 5149 XXXIV.
775 5095 817 5128 ⁹⁸
872 5093 973 5148 His
1026 5093 1106 5147 ita
1161 5093 1469 5159 enarratis,
1529 5093 1685 5149 venit
1726 5093 2053 5166 Zacchzeus,

422 5186 478 5239 et
498 5182 610 5238 ista
640 5182 803 5238 Petro
834 5181 1216 5252 significavit:
1249 5181 1380 5236 Jam
1413 5199 1591 5248 nunc,
1631 5181 1792 5238 Petre
1823 5188 2054 5255 tempus

420 5275 527 5336 est,
561 5277 626 5326 ut
653 5287 822 5326 exeas
854 5271 921 5325 ad
956 5270 1361 5326 disserendum
1392 5286 1524 5325 cum
1559 5270 1630 5325 iis
1652 5271 1749 5342 qui
1782 5287 2055 5327 convene-

420 5364 577 5416 runt.
609 5357 790 5415 Multa
821 5357 974 5414 enim
1008 5358 1178 5412 turba
1206 5358 1264 5412 in
1315 5361 1458 5414 atrio
1489 5365 1838 5432 congregata
1868 5365 1921 5416 te
1951 5378 2054 5432 op-

3985 2123 3990 2144 l
