4082 6208
379 358 510 422 497

1148 359 1674 425 CLEMENTINA.
1706 396 1780 408 —
1815 361 2155 425 EPITOME
2203 361 2298 424 DE
2342 363 2609 426 GESTIS
2656 365 2718 426 S.
2768 362 3023 424 PETRI.

3654 361 3772 424 498

367 491 527 562 μένει
577 511 634 547 σε
673 486 869 568 ὄχλος,
914 491 977 546 οῦ
1027 491 1077 547 ἐν
1133 491 1280 567 μέσῳ
1327 496 1563 570 καθάπερ
1612 515 1692 556 τις
1738 493 2005 568 πολέμαρς

2137 495 2387 566 peritur;
2438 497 2494 551 in
2547 513 2794 569 quorum
2846 496 3037 553 medio
3068 500 3345 568 tanquam
3395 493 3603 568 aliquis
3631 493 3768 551 belli

364 599 478 656 χος
507 584 551 618 ⁹⁹
598 581 684 636 ὑπ’
730 582 904 637 αὐτῶν
957 579 1434 660 δορυφορούμενος
1481 581 1672 655 ἕστηκε
1722 585 1927 656 Σίμων,
1961 586 2016 637 '0

362 666 430 724 δὲ
461 671 654 745 Πέτρος
684 670 936 737 ἀκούσας,
969 670 1138 747 εὐχῆς
1172 673 1332 748 χάριν
1384 672 1740 747 ὑποχωρῆσαί
1793 695 1884 746 μοι
1925 695 2012 728 κε-

362 757 566 821 λεύσας
616 762 682 797 ¹⁰⁰
743 762 910 831 μήπω
945 761 1008 814 τὸ
1066 763 1332 836 σωτήριον
1389 761 1668 836 βάπτισμα
1717 760 2011 836 δεξαμένῳ,

357 855 486 910 τοῖς
535 845 640 918 ἤδη
693 847 941 910 τελείοις·
995 850 1352 922 Ἀναστάντες,
1407 849 1534 928 ἔφη,
1584 851 1876 924 εῦξώμεθα,
1923 850 2014 906 ’ίνα

357 937 500 998 Θεὸς
540 942 654 998 τοῖς
701 935 1073 1000 ἀνεκλείπτοις
1122 937 1284 994 αὐτσῦ
1351 938 1658 1014 οἰκτιρμοῖς
1712 943 2011 1014 συνεργήσῃ

361 1045 468 1096 μοι
497 1026 736 1100 ὁρμῶν-τι
765 1026 902 1101 πρὸς
953 1026 1221 1100 σωτηρίαν
1268 1032 1376 1082 τῶν
1430 1029 1517 1083 ὑπ’
1566 1027 1728 1083 αὐτοῦ
1776 1028 2008 1084 κτισθέν-

355 1133 476 1168 των
525 1115 846 1187 ἀνθρώπων.
899 1115 996 1169 Καὶ
1058 1119 1218 1171 τοῦτο
1274 1116 1462 1186 εἰπὼν,
1513 1116 1799 1189 εὐξάμενος
1866 1117 2008 1191 ἐξῄει

357 1201 450 1264 εἰς
483 1201 573 1258 τόν
602 1201 860 1278 ὕπαιθρον
903 1211 1005 1273 τῆς
1045 1202 1221 1274 αὐλῆς
1267 1205 1433 1261 τόπον
1489 1206 1656 1280 μέγαν
1709 1201 1854 1278 ὄντα,
1885 1201 2008 1261 ἔνθα

355 1288 791 1361 συνεληλυθότες
838 1291 972 1360 ἦσαν
1035 1290 1259 1363 πολλοὶ,
1308 1291 1381 1347 ’ἶν’
1431 1295 1684 1349 ἀκουσταὶ
1747 1295 2005 1370 γένωνται

351 1383 473 1434 τῶν
521 1380 965 1456 λεχθησομένων.
1011 1384 1148 1444 Στάς
1196 1381 1285 1436 οῦν
1337 1383 1426 1437 καὶ
1475 1380 1604 1437 ἰδὼν
1659 1384 1791 1456 μετὰ
1828 1383 1970 1454 πάση

351 1467 598 1544 ἡσυχίας
662 1469 753 1524 τὸν
806 1471 978 1524 πάντα
1028 1469 1158 1525 λαὸν
1206 1471 1282 1534 εἰς
1328 1471 1484 1526 αὐτὸν
1539 1473 1864 1542 ἀτενίζοντα,
1909 1473 2002 1527 Σί-

356 1577 523 1627 μωνα
567 1553 624 1612 δὲ
668 1558 760 1612 τὸν
808 1559 998 1634 Μάγον
1048 1559 1124 1621 εἰς
1175 1559 1336 1632 μέσον
1396 1562 1599 1616 ἑστῶτα
1663 1566 1760 1616 τοῦ
1829 1561 2001 1637 λέγειν

349 1642 561 1719 ἤρξατο
589 1645 786 1707 οὕτως·

436 1735 642 1790 xxxv.
703 1733 909 1810 Εἰρήνη

1000 1732 1082 1806 εἷίη
1117 1805 1120 1808 _
1155 1742 1313 1791 πᾶσιν
1390 1737 1515 1810 ὑμῖν
1581 1744 1696 1800 τοῖς
1767 1737 2001 1812 ἑτοίμως

2126 585 2242 640 dux
2272 586 2344 640 ab
2379 587 2448 640 iis
2505 591 2798 658 protectus
2846 603 2910 641 ac
2965 585 3215 656 stipatus
3244 585 3508 641 constitit
3548 585 3764 640 Simon.

2126 674 2241 729 Hoc
2267 675 2465 731 audito
2520 675 2741 741 Petrus,
2780 692 2910 730 cum
2961 675 3240 730 orationis
3287 673 3471 746 gratia
3501 674 3766 729 secedere

2123 764 2533 835 mejussisset,
2561 764 2659 836 qui
2684 765 2942 820 nondum
2965 768 3312 819 consecutus
3333 763 3555 819 fueram
3607 761 3760 818 salu-

2119 855 2242 907 tare
2285 852 2579 924 baptisma
2624 871 2636 920 ;
2692 853 2763 907 ad
2804 853 2929 923 jam
2978 853 3260 924 perfectos
3307 868 3372 906 ac
3419 851 3761 922 baptizatos,

2119 941 2458 1014 Surgentes,
2507 941 2718 1012 inquit,
2753 957 3006 1004 oremus,
3039 945 3104 995 ut
3150 941 3303 996 Deus
3334 957 3434 1011 pro
3486 940 3608 995 suis
3639 957 3762 1011 per-

2119 1029 2308 1101 petuis
2333 1030 2811 1086 miserationibus
2833 1028 3154 1101 opituletur
3179 1028 3320 1085 mihi
3354 1028 3661 1100 prodeunti
3686 1028 3758 1084 ob

2116 1119 2368 1174 salutem
2418 1117 2725 1174 hominum
2775 1119 2848 1173 ab
2879 1119 3402 1190 ipso.creatorum.
3436 1116 3620 1186 thue
3649 1116 3757 1173 hoc

2116 1207 2276 1274 dixit,
2319 1208 2575 1263 oratione
2623 1209 2795 1275 facta,
2823 1207 2962 1262 exiit
3008 1207 3067 1262 in
3100 1206 3231 1262 atrii
3276 1205 3467 1261 locum
3515 1205 3757 1261 subdia-

2114 1296 2229 1352 lem
2261 1302 2318 1353 et
2349 1314 2652 1369 magnum,
2684 1314 2797 1368 quo
2833 1296 2999 1352 multi
3026 1299 3436 1360 convenerant,
3460 1297 3522 1348 ut
3555 1293 3756 1350 ﬁerent

2114 1385 2407 1441 auditores
2438 1402 2639 1441 eorum
2674 1402 2798 1456 quae
2829 1385 3076 1440 dicenda
3122 1388 3337 1440 essent.
3371 1383 3565 1451 Stans,
3595 1399 3750 1455 ergo,

2112 1489 2472 1545 cernensque
2504 1473 2836 1528 universum
2862 1473 3142 1544 populum
3175 1489 3406 1528 summo
3427 1488 3559 1526 cum
3583 1469 3754 1528 silen-

2111 1563 2192 1618 tio
2221 1563 2419 1618 oculos
2442 1561 2498 1618 in
2539 1562 2731 1634 ipsum
2767 1563 3069 1632 conjicere,
3092 1577 3156 1617 ac
3178 1561 3472 1617 Simonem
3515 1561 3749 1632 Magum

2112 1651 2170 1706 in
2204 1652 2395 1707 medio
2426 1657 2602 1719 stare,
2637 1651 2790 1707 hunc
2823 1652 2882 1706 in
2914 1651 3152 1706 modum
3183 1651 3338 1720 loqui
3369 1649 3542 1722 ccepit
3570 1665 3585 1706 :

2180 1740 2388 1796 XXXV.
2424 1744 2439 1777 ί
2475 1741 2588 1796 Pax
2619 1740 2695 1796 sit
2724 1741 2998 1796 omnibus
3030 1739 3214 1808 vobis,
3247 1739 3343 1810 qui
3389 1738 3573 1812 parati
3604 1737 3747 1795 estis

349 1821 549 1898 ἔχουσι
571 1819 744 1894 δεξιάς
775 1821 981 1878 διδόναι
1009 1829 1078 1898 τῇ
1117 1831 1213 1881 τοῦ
1263 1831 1397 1881 Θεοῦ
1447 1826 1694 1898 ἀληθείᾳ,
1725 1829 1784 1896 ἣν
1834 1827 2000 1882 αὐτοῦ

489 1909 528 1930 ’Σ
823 1914 836 1930 \
880 1913 893 1930 9
949 1913 963 1930 Ι
1245 1913 1258 1930 9
1379 1920 1402 1928 υ
1495 1920 1516 1928 υ
1647 1915 1658 1930 Ι
1837 1918 1850 1930 Ρ
1920 1918 1929 1930 Ι

2120 1829 2373 1884 iexteras
2404 1829 2540 1884 dare
2571 1827 2796 1883 veritati
2828 1827 2928 1883 Dei
2957 1845 2970 1894 ;
3000 1843 3198 1898 quam,
3226 1842 3505 1898 magnum
3542 1840 3745 1898 nempe

351 1909 609 1986 μεγάλην
656 1933 715 1967 τε
751 1914 839 1967 καὶ
869 1913 1190 1989 ἀσύγκριτον
1241 1913 1292 1969 ἐν
1337 1920 1415 1986 τῷ
1459 1920 1550 1969 νῦν
1597 1915 1789 1989 κόσμῳ
1832 1918 1998 1992 ὑπάρ-

349 2021 563 2076 χουσαν
610 1999 835 2078 δωρεὰν,
884 2003 912 2056 6
960 2001 1285 2065 ἀποστείλας
1331 2006 1478 2077 ἡμᾶς
1549 2004 1746 2078 Κύριος
1792 2007 2001 2076 Ἰησοῦς

346 2091 588 2164 Χριστὸς
635 2091 664 2145 6
714 2091 834 2152 Υἱὸς
877 2097 974 2146 τοῦ
1019 2096 1216 2161 ζῶντος
1255 2098 1409 2163 Θεοῦ,
1459 2093 1658 2163 ταύτην
1706 2097 1840 2167 ἡμῖν
1891 2095 2000 2150 ἐνε-

342 2177 571 2232 τείλατο
617 2180 716 2246 τήν
763 2181 1154 2257 προσηγορίαν,
1197 2183 1304 2257 πρὸ
1345 2186 1452 2236 τῶν
1506 2189 1605 2252 τῆς
1656 2181 2001 2245 διδασκαλίας

347 2265 542 2341 λόγων
592 2268 718 2338 ὑμῖν
767 2267 1189 2346 ἐπιφθέγγεσθαι·
1246 2269 1340 2324 ’ίνα
1397 2269 1484 2326 ἐάν
1541 2293 1622 2333 τις
1681 2272 1716 2346 ᾗ
1761 2272 1811 2326 ἐν
1873 2274 1998 2344 ὑμῖν

345 2355 580 2428 εἰρήνης
607 2358 815 2426 τέκνον,
849 2355 937 2412 διά
965 2365 1064 2428 τῆς
1111 2356 1462 2422 διδασκαλίας
1512 2362 1672 2433 ἡμῶν
1723 2357 2002 2435 καταλάϐῃ

341 2444 516 2499 αὐτὸν
564 2447 599 2515 ἡ
651 2446 860 2522 εἰρήνη·
915 2447 959 2502 εί
1008 2445 1065 2502 δὲ
1100 2447 1301 2520 ταύτην
1359 2444 1541 2504 λαϐεῖν
1597 2450 1747 2521 ὑμῶν
1789 2471 1872 2512 τις
1923 2453 1999 2523 μὴ

343 2531 533 2604 θέλοι,
562 2533 682 2588 τότε
729 2537 818 2589 καὶ
865 2537 1032 2609 ἡμεῖς
1077 2537 1531 2611 ἀποτιναξάμενοι
1577 2539 1668 2593 τὸν
1720 2541 1999 2615 κονιορτὸν

340 2627 462 2676 τῶν
509 2620 692 2678 ποδῶν
730 2625 889 2697 ἡμῶν
941 2625 1018 2688 εἷς
1076 2626 1393 2703 μαρτύριον,
1439 2627 1512 2688 εἰς
1567 2627 1758 2704 ἑτέρων
1829 2629 2000 2684 ἀπίω-

352 2731 458 2782 μεν
487 2713 510 2746 ³
540 2711 712 2774 οἰκίας
762 2712 852 2768 καὶ
900 2713 1108 2776 πόλεις.
1163 2714 1264 2771 Καὶ
1315 2713 1538 2788 ἀληθῶρ
1573 2716 1699 2788 ὑμῖν
1746 2716 2000 2791 λέγομεν*

348 2795 730 2876 Ἀνεκτότερον
796 2800 942 2857 ἔσται
1007 2807 1081 2878 γῇ
1148 2800 1411 2875 Σοδόμων
1479 2803 1567 2858 καὶ
1623 2805 1902 2880 Γομόρρας
1951 2805 2001 2860 ἐν

345 2887 543 2964 ἡμέρᾳ
587 2889 837 2965 κρίσεως,
869 2891 904 2960 ἢ
949 2895 1027 2962 τῷ
1076 2898 1176 2960 τῆς
1228 2891 1496 2955 ἀπειθείας
1543 2892 1694 2966 τόπῳ
1739 2891 2004 2969 ἐνδιατρί-

348 2971 495 3030 ϐειν·
555 2982 768 3054 πρῶτον
821 2979 938 3052 μὲν,
973 2978 1054 3034 ὅτι
1101 2979 1188 3058 ἀφ’
1235 2981 1433 3036 ἑαυτῶν
1485 2981 1591 3056 οὐχ
1637 2982 1744 3036 οἷοί
1797 3003 1856 3037 τε
1915 3004 2004 3058 γε-

347 3063 553 3138 γόνατε
628 3066 727 3135 τήν
787 3064 1047 3138 ἀλήθειαν
1127 3067 1436 3144 ἐπιγνῶναι·
1483 3066 1752 3144 δεύτερον,
1810 3069 1891 3126 ὅτι
1940 3072 2007 3126 τά

346 3155 475 3207 καθ’
529 3156 674 3228 ἡμᾶς
732 3155 1079 3226 ἀκούσαντες,
1141 3156 1239 3212 οὐκ
1295 3155 1491 3226 ἤλθετε
1550 3158 1746 3235 μέχρις
1821 3163 2002 3233 ἡμῶν·

2113 1933 2178 1973 ac
2209 1916 2663 1991 incomparabilc
2691 1917 2817 1987 ejus
2858 1932 3072 1971 munus
3101 1914 3159 1970 in
3192 1914 3300 1970 hoc
3331 1914 3546 1970 mundo
3579 1918 3644 1970 ut
3683 1914 3743 1969 in

2112 2006 2521 2062 salutationem
2549 2006 2714 2062 vobis
2756 2010 2888 2060 ante
2919 2019 3216 2060 sermones
3249 2003 3518 2058 doctrinae
3561 2001 3747 2058 accla-

2115 2113 2342 2152 memus
2390 2094 2661 2167 praecepit
2710 2093 2877 2149 nobis
2937 2093 3035 2164 qui
3085 2092 3246 2147 misit
3313 2109 3419 2146 nos
3473 2090 3750 2146 Dominus

2111 2187 2282 2242 Jesus
2312 2185 2600 2250 Christus,
2630 2182 2806 2238 Filius
2832 2181 2932 2237 Dei
2963 2181 3073 2238 vivi
3101 2198 3114 2247 ;
3148 2197 3262 2252 quo
3293 2179 3341 2236 si
3360 2180 3572 2251 aliquis
3603 2179 3754 2235 inter

2108 2291 2212 2330 vos
2259 2273 2335 2329 sit
2387 2273 2542 2328 {ilius
2596 2271 2776 2343 pacis,
2810 2287 2912 2343 per
2957 2270 3281 2325 doctrinam
3335 2274 3594 2324 nostram
3644 2285 3754 2339 pax

2111 2379 2245 2418 eum
2295 2360 2750 2433 complectatur;
2803 2360 2852 2415 si
2899 2360 3028 2430 quis
3079 2364 3273 2413 autem
3321 2362 3578 2412 vestrum
3625 2373 3753 2412 eam

2113 2451 2374 2523 accipere
2407 2449 2567 2518 nolit,
2603 2453 2744 2503 tunc
2772 2452 2828 2503 et
2858 2463 2964 2502 nos
3007 2463 3250 2502 excusso
3280 2446 3493 2518 pedum
3527 2447 3757 2500 nostro-

2113 2557 2242 2595 rum
2279 2538 2512 2611 pulvere
2541 2537 2599 2592 in
2633 2535 3056 2601 testimonium,
3085 2535 3151 2590 ad
3183 2534 3430 2589 aliorum
3455 2533 3661 2589 domos
3693 2550 3759 2589 ac

2114 2629 2375 2683 civitates
2407 2627 2687 2683 abeamus
2719 2627 2760 2680 ³.
2796 2629 2876 2680 Ac
2904 2640 3036 2679 vere
3082 2623 3332 2678 dicimus
3359 2620 3560 2677 vobis:
3592 2620 3758 2677 Tole-

2114 2716 2358 2772 rabilius
2388 2715 2498 2770 erit
2528 2715 2586 2770 in
2620 2715 2713 2769 die
2738 2713 2975 2784 judicii,
3006 2712 3184 2767 fuisse
3216 2712 3274 2766 in
3305 2715 3458 2766 terra
3479 2711 3758 2766 Sodomo-

2114 2822 2244 2861 rum
2277 2810 2332 2861 et
2379 2803 2736 2869 Gomorrhae,
2769 2817 2946 2874 quam
2995 2803 3051 2856 in
3107 2801 3231 2856 loco
3285 2797 3757 2854 incredulitatis:

2115 2895 2303 2967 primo
2334 2893 2596 2964 quidem,
2627 2891 2763 2963 quia
2793 2907 2906 2945 non
2939 2889 3214 2962 potuistis
3265 2905 3334 2944 ex
3362 2886 3524 2942 vobis
3556 2902 3760 2959 agnos-

2117 2999 2243 3039 cere
2273 2983 2576 3038 veritatem
2610 2999 2622 3036 :
2656 2979 2932 3049 secundo,
2967 2978 3245 3050 quoniam
3275 2977 3345 3032 de
3375 2975 3593 3032 nostris
3623 2991 3760 3032 cum

2115 3071 2439 3139 audieritis,
2472 3087 2586 3125 non
2617 3068 2858 3124 venistis
2894 3083 3080 3140 usque
3110 3067 3180 3122 ad
3213 3082 3320 3121 nos
3353 3080 3365 3120 :
3400 3063 3592 3131 tertio,
3624 3062 3763 3136 quia

2115 3160 2291 3216 etiam
2325 3159 2491 3214 nobis
2522 3159 2594 3214 ad
2623 3174 2726 3214 vos
2755 3156 3026 3229 profectis
3049 3171 3164 3210 non
3195 3152 3545 3209 credidistis.
3571 3153 3764 3216 Quare

347 3241 562 3317 τρίτον,
629 3243 710 3299 ὅτι
774 3245 862 3300 καὶ
949 3243 1196 3311 ἐλθοῦσιν
1278 3249 1412 3320 ἡμῖν
1496 3234 1844 3318 ἠπειθήσατε.
1917 3250 2005 3304 Διὸ

2122 3248 2520 3321 gratificantes
2566 3246 2751 3317 vobis,
2808 3244 2959 3300 ultro
3008 3259 3264 3308 oramus,
3298 3245 3361 3297 ut
3407 3257 3519 3312 pax
3563 3243 3765 3296 nostra

349 3328 670 3410 φειδόμενοι
733 3334 906 3406 ὑμῶν,
951 3340 1154 3410 προῖκα
1201 3334 1470 3411 εὐχόμεθα
1515 3336 1613 3403 τήν
1676 3335 1894 3408 εἰρήνην
1937 3341 2004 3407 ἡ-

356 3424 482 3491 μῶν
534 3419 704 3476 ἐλθεῖν
750 3421 828 3500 ἐφ’
876 3423 1038 3495 ὑμᾶς.
1073 3424 1137 3480 Εἰ
1183 3424 1272 3478 οὗν
1320 3424 1519 3494 ταύτην
1572 3421 1716 3500 ἔχειν
1772 3425 2006 3497 ἐθέλετε,

352 3505 441 3562 δεῖ
475 3509 612 3580 ὑμᾶς
642 3510 941 3586 προθύμως
970 3510 1096 3574 τοὺς
1124 3513 1248 3588 περὶ
1294 3520 1393 3582 τῆς
1441 3507 1712 3576 εὐσεϐείας
1763 3512 2006 3585 δέξασθαι

354 3597 578 3673 λόγους,
633 3603 722 3655 καὶ
770 3602 868 3670 την
923 3605 1036 3673 Θεῷ
1093 3601 1419 3676 ἀρέσκουσαν
1478 3602 1756 3658 πολιτείαν
1819 3603 2005 3659 ἐπανε-

359 3685 567 3759 Αέσθαι,
621 3686 695 3741 ’ἶν’
770 3685 1002 3752 εὐσεϐῶς
1078 3691 1167 3745 καὶ
1243 3688 1466 3754 δικαίως
1545 3695 1820 3764 ζήσαντες,
1895 3699 2003 3748 τῶν

362 3775 595 3830 αἰωνίων
628 3777 840 3851 ἀγαθῶν
871 3777 1097 3853 γένησθε
1125 3777 1494 3853 κληρονόμοι.

435 3866 676 3922 XXXVI.
725 3866 831 3922 Καὶ
886 3872 984 3921 τοῦ
1060 3867 1266 3942 Πέτρου
1340 3873 1506 3924 ταῦτα
1583 3865 1855 3942 εἰπόντος,
1919 3872 2009 3926 καὶ

361 3953 485 4029 περὶ
516 3959 622 4008 τῶν
654 3952 821 4031 ἔργων
860 3960 958 4010 τοῦ
989 3961 1122 4011 Θεοῦ
1173 3953 1505 4030 διδάξαντος,
1538 3958 1626 4013 καὶ
1677 3959 1817 4014 πόσα
1867 3961 2012 4034 παρά

354 4048 456 4096 τοῦ
500 4048 631 4097 Θεοῦ
677 4043 758 4116 τῷ
806 4046 1072 4122 ἀνθρώπῳ
1120 4047 1189 4100 τά
1238 4046 1408 4122 ἀγαθά
1448 4044 1719 4121 ἐδωρήθη,
1753 4048 1843 4103 καὶ
1873 4069 2010 4124 παρ-

357 4130 664 4193 αινέσαντος
695 4131 880 4188 πολλά
924 4135 1049 4211 περί
1104 4135 1427 4211 μοναρχίας,
1462 4135 1489 4189 6
1523 4135 1710 4209 Σίμων
1765 4135 1864 4209 ἔξω
1914 4142 2011 4191 τοῦ

357 4214 538 4295 ὄχλου
572 4221 675 4296 βοῇ
710 4221 917 4297 μεγάλῃ
948 4218 1074 4300 ἔφη’
1103 4223 1163 4277 Τί
1194 4222 1522 4298 ψευδόμενος
1572 4226 1776 4296 ἀπατᾷν
1835 4225 2010 4288 θέλεις

354 4311 447 4364 τὸν
507 4310 823 4385 παρεστῶτά
879 4332 962 4366 σοι
997 4309 1221 4382 ἰδιώτην
1281 4308 1476 4388 ὅχλοψ
1539 4314 1734 4369 πείθων
1796 4315 2010 4387 αὐτοὺς,

352 4396 507 4459 θεοὺς
571 4400 708 4470 μήτε
756 4398 1062 4472 ὀνομάζειν,
1100 4403 1238 4473 μήτε
1288 4400 1464 4476 λέγειν
1516 4401 1628 4472 ἐξὸν
1683 4403 1850 4473 εἶναι;
1903 4407 2010 4457 τῶν

355 4486 504 4561 παρὰ
551 4485 831 4550 Ἰουδαίοις
898 4486 1181 4560 δημοσίων
1253 4486 1462 4565 βίϐλων
1533 4489 1781 4554 πολλοὺς
1861 4492 2014 4555 θεοὺς

2118 3337 2316 3392 veniat
2347 3353 2522 3407 super
2551 3352 2672 3391 vos.
2707 3334 2766 3389 Si
2798 3350 2932 3405 ergo
2963 3349 3092 3388 eam
3123 3332 3333 3386 habere
3359 3329 3552 3395 vultis,
3585 3345 3765 3400 opor-

2117 3432 2200 3482 tet
2228 3443 2329 3482 vos
2361 3425 2534 3480 alacri
2587 3423 2782 3479 animo
2836 3423 3132 3494 suscipere
3161 3421 3391 3475 habitos
3441 3419 3511 3473 de
3550 3417 3764 3489 pietate

2120 3531 2441 3582 sermones,
2475 3519 2646 3584 atque
2676 3513 2790 3568 Deo
2822 3510 3093 3582 placitam
3124 3507 3395 3579 amplecti
3425 3507 3601 3561 vitam
3628 3523 3641 3572 ;
3677 3508 3761 3570 ut,

2121 3603 2218 3677 pia
2247 3605 2523 3674 justaque
2571 3601 2685 3656 vita
2734 3605 3046 3668 transacta,
3095 3603 3442 3654 aeternorum
3478 3595 3763 3650 honorum

2120 3692 2381 3748 heredes
2413 3691 2565 3747 sitis.

2193 3869 2429 3926 XXXVI.
2463 3869 2484 3902 ⁴
2507 3868 2639 3932 Quae
2671 3883 2804 3922 cum
2835 3868 3041 3921 Petrus
3088 3863 3347 3929 dixisset,
3381 3877 3447 3916 ac
3477 3860 3548 3915 de
3577 3859 3764 3931 operi-

2121 3959 2234 4014 bus
2264 3957 2362 4014 Dei
2407 3957 2722 4026 docuisset,
2755 3958 3090 4028 quantaque
3136 3952 3290 4007 bona
3331 3967 3366 4005 a
3394 3949 3508 4004 Deo
3540 3947 3766 4003 homini

2122 4047 2242 4104 sint
2273 4047 2511 4113 donata;
2545 4050 2716 4116 atque
2748 4042 2934 4098 multa
2964 4040 3290 4097 monuisset
3313 4039 3382 4094 de
3406 4035 3765 4106 monarchia,

2122 4136 2180 4190 id
2211 4140 2299 4191 est
2349 4135 2524 4190 unius
2554 4135 2656 4190 Dei
2709 4134 3058 4205 principatu,
3090 4130 3288 4184 Simon
3337 4131 3498 4182 extra
3531 4125 3767 4182 turbam

2120 4241 2258 4280 voce
2291 4240 2504 4295 magna
2551 4224 2679 4278 infit
2711 4239 2723 4278 :
2757 4221 2902 4285 Quid
2957 4222 3243 4276 astantem
3296 4217 3404 4272 tibi
3435 4215 3768 4288 imperitam

2125 4311 2564 4368 multitudinem
2614 4311 2701 4366 vis
2751 4309 3082 4366 mentiendo
3132 4306 3415 4378 decipere,
3449 4305 3591 4360 dum
3641 4319 3770 4375 per-

2125 4401 2335 4456 suades
2367 4402 2472 4471 eis,
2519 4402 2658 4456 deos
2707 4416 2810 4454 nec
2862 4398 3163 4454 nominare
3212 4394 3435 4449 licitum
3484 4409 3632 4461 esse,
3665 4408 3769 4447 nec

2123 4490 2314 4544 dicere
2335 4490 2362 4544 ?
2393 4506 2523 4544 cum
2571 4487 2786 4561 publici
2833 4487 3174 4543 Judzeorum
3206 4483 3337 4539 libri
3385 4481 3598 4537 multos
3629 4481 3768 4557 deos

358 4575 655 4648 λεγουσῶν.
700 4577 799 4633 Καὶ
847 4583 938 4632 νῦν
986 4575 1043 4632 δὲ
1094 4580 1229 4650 μετά
1277 4578 1486 4634 πάντων
1557 4580 1648 4634 ἀπ’
1697 4580 1871 4635 αὐτῶν
1930 4603 2005 4635 σοι

2123 4579 2499 4634 asseverent?
2528 4579 2596 4632 Et
2636 4595 2767 4633 vero
2819 4592 2972 4631 nunc
3024 4590 3218 4630 coram
3269 4571 3566 4635 omnibus,
3597 4586 3665 4624 ex
3694 4567 3768 4624 iis

353 4669 461 4718 τῶν
500 4660 728 4738 βιϐλίων
761 4668 883 4742 περὶ
913 4672 1011 4721 τοῦ
1043 4665 1150 4722 δεῖν
1202 4667 1358 4730 θεοὺς
1408 4668 1674 4741 νομίζειν,
1709 4675 2004 4741 συζητῆσαι

362 4751 660 4827 βούλομαιο
710 4754 972 4830 πρότερον
1022 4755 1143 4828 περὶ
1191 4756 1252 4810 οῦ
1301 4755 1436 4834 ἔφης
1493 4763 1650 4827 Θεοῦ,
1703 4755 1872 4828 δείξας
1931 4759 2006 4830 μή

358 4841 519 4896 αὐτὸν
557 4843 657 4911 τήν
707 4844 960 4898 ἀνωτάτω
1010 4845 1098 4898 καὶ
1154 4844 1328 4899 πάντα
1373 4843 1672 4918 δυναμένην
1723 4847 2006 4917 Πρόνοιαν,

361 4931 532 4984 καθ’ὃ
583 4931 966 5006 ἀπρόγνωστός
1015 4931 1178 5000 ἐστιν,
1229 4933 1452 5002 ἀτελὴς,
1486 4932 1691 5006 ἐνδεής,
1723 4935 1810 4989 καί
1862 4934 2007 4995 ὅλως

359 5017 460 5073 ουκ
490 5019 712 5092 ἀγαθός.
748 5021 969 5094 Ἀμέλει
1003 5023 1091 5076 καὶ
1134 5021 1328 5076 τούτου
1384 5021 1698 5099 δειχθέντος
1745 5023 1851 5078 ἀπὸ
1906 5027 2012 5077 τῶν

361 5112 609 5184 Γραφῶν,
640 5109 715 5171 ὡς
748 5109 853 5185 ἐγὼ
885 5109 1052 5185 λέγω,
1085 5107 1267 5185 ἕτερος
1318 5111 1573 5190 ἀγράφως
1636 5111 2012 5187 περιλείπεται

360 5195 495 5250 εἶναι
555 5198 704 5268 Θεὸς,
765 5199 1186 5274 προγνωστικὸς,
1218 5197 1450 5270 τέλειος,
1488 5197 1757 5272 ἀνενδεὴς,
1792 5201 2011 5276 ἀγαθὸς,

2122 4666 2288 4722 libris
2318 4670 2513 4722 tecum
2546 4666 2848 4738 disputare
2877 4663 3005 4719 volo
3037 4663 3106 4718 de
3139 4678 3225 4727 eo,
3258 4659 3414 4732 quod
3445 4658 3585 4712 deos
3616 4655 3766 4711 exsi-

2119 4758 2270 4811 stere
2299 4755 2378 4810 sit
2420 4754 2872 4810 existimandum
2910 4769 2923 4808 :
2957 4756 3015 4808 et
3046 4750 3207 4822 prius
3244 4749 3313 4803 de
3347 4762 3413 4801 eo
3446 4750 3557 4800 Deo
3588 4759 3762 4814 quem

2123 4843 2434 4916 protulisti,
2469 4844 2712 4898 ostendo
2741 4857 2874 4897 eum
2909 4858 3023 4895 non
3042 4853 3170 4895 esse
3202 4849 3538 4907 supremam
3562 4848 3626 4886 ac
3646 4847 3765 4887 om-

2123 4934 2480 5004 nipotentem
2503 4931 2928 4986 Providentiam
2957 4947 2970 4996 ;
3005 4927 3141 4998 quia
3168 4923 3527 4996 improvidus
3544 4922 3765 4976 futuro-

2121 5039 2250 5076 rum
2301 5027 2410 5092 cst,
2456 5021 2854 5093 imperfectus,
2905 5017 3199 5088 indigens,
3253 5030 3320 5069 ac
3366 5010 3604 5066 omnino
3652 5025 3767 5063 non

2123 5111 2330 5166 bonus.
2363 5114 2508 5179 Quo,
2544 5109 2848 5177 nimirum,
2880 5107 3286 5162 demonstrato
3317 5117 3386 5156 ex
3429 5097 3766 5170 Scripturis,

2124 5199 2620 5269 quemadmodum
2643 5214 2747 5270 ego
2779 5213 3000 5264 assero,
3028 5197 3210 5250 restat
3237 5194 3302 5245 ut
3331 5190 3407 5244 sit
3436 5189 3586 5244 alius
3616 5185 3769 5241 Deus

1737 5379 1977 5436 VARle
2016 5380 2410 5438 LEGTIONES

435 5518 481 5552 ⁹⁹
511 5516 588 5572 al.
645 5515 1034 5593 πολεμάρχης.
1097 5518 1174 5575 al.
1205 5516 1547 5593 ταξίαρχος.

365 5589 546 5662 Marc.
597 5605 676 5659 vx,
743 5589 838 5658 li;
869 5589 1034 5648 'L'uc.
1086 5607 1140 5662 χ,
1200 5591 1254 5646 5.

366 5660 611 5719 Cedren.

1353 5589 1401 5625 δ’
1437 5589 1514 5650 ἁΙ.
1572 5589 1899 5664 ἀπιώμενοι.

1628 5521 1696 5555 100
1759 5521 1806 5555 οι
1886 5522 1898 5555 ἶ

1757 5520 1831 5576 al.
1886 5522 2005 5578 inse

1757 5611 1899 5646 ιενοι.

2129 5521 2344 5596 μικρόν.
2452 5523 2728 5589 1Recogn.
2787 5520 2827 5571 l.
2889 5534 2950 5585 ιι,
3009 5533 3059 5570 c.
3111 5520 3200 5570 30.
3278 5520 3528 5569 ’Matth.
3587 5526 3642 5576 x,
3678 5520 3766 5563 12.

2120 5596 2339 5650 ’lement.
2393 5593 2549 5648 hom.
2613 5608 2695 5660 ιιι,
2757 5605 2806 5646 c.
2865 5589 2954 5661 38,
3013 5593 3122 5644 etc.
3178 5586 3217 5642 l.
3273 5603 3320 5640 s.
3381 5589 3503 5638 Rec.
3559 5598 3620 5652 ιι,
3675 5580 3766 5635 37.

2129 5521 2344 5596 μικρόν.
2393 5593 2405 5596 _
2452 5523 2728 5589 1Recogn.
2787 5517 2827 5571 l.
2866 5534 2950 5596 Αιι,
3009 5533 3060 5596 c._
3111 5516 3200 5596 30‘.
3278 5515 3298 5548 ²
3327 5511 3528 5596 Matth.
3587 5526 3642 5576 x,
