4082 6208
452 345 569 405 ι99
1265 345 1329 406 S.
1376 345 1816 407 CLEMENTIS
1859 346 1881 406 l
1931 340 2118 406 l{0\l.
2166 345 2390 404 PONT.
2437 343 2697 407 OPERA
2744 335 3010 406 DUBIA.
3682 348 3784 412 500

435 480 493 536 in
525 475 825 551 Scriptura
850 496 962 534 non
994 485 1503 549 commemoratus,
1540 481 1815 553 prmscius
1847 481 2064 536 futuro-

2199 477 2390 530 πάντων
2456 473 2880 551 ἀπηλλαγμένος
2936 478 3139 530 κακῶν·
3202 474 3258 528 ’ὀν
3317 471 3374 530 δὲ
3430 474 3488 530 σθ.)
3540 476 3639 555 φῂς
3699 478 3783 551 δη-

437 587 590 637 rum,
624 569 932 640 perfectus,
967 586 1080 624 non
1130 569 1417 641 indigens,
1453 571 1661 639 bonus,
1691 572 1764 625 ab
1805 572 2078 626 omnibus

438 658 610 713 malis
640 657 786 713 liber
819 677 831 712 :
866 658 963 714 ille
994 665 1189 715 autem
1219 677 1390 731 quem
1423 659 1701 732 loqueris,
1729 660 1931 715 mundi
1961 662 2080 732 opi-

435 747 549 809 fex,
583 747 890 802 contrariis
918 753 1220 819 oppositus
1250 753 1357 803 est.

510 836 766 892 XXXVII.
799 837 1004 891 Statim
1037 854 1193 908 ergo,
1227 839 1327 909 qui
1358 839 1428 892 ad
1478 838 1606 906 ejus
1636 836 2078 894 similitudinem

439 925 627 980 factus
659 931 766 992 est,
798 927 1077 993 Adamus,
1107 928 1283 982 etiam
1334 943 1519 982 cereus
1568 933 1815 992 creatur,
1851 933 2081 999 propter

445 1015 598 1084 quod
633 1023 687 1069 et
718 1019 1116 1086 transgressor
1163 1015 1473 1079 invenitur,
1507 1021 1680 1086 atque
1711 1033 1744 1070 a
1773 1016 1888 1070 Deo
1917 1017 2080 1085 ejici-

442 1109 559 1173 tur,
590 1109 890 1173 morteque
918 1103 1253 1158 mulctatur.
1286 1104 1472 1158 Simili
1505 1121 1730 1175 quoque
1761 1105 1954 1168 modo,
1985 1104 2080 1175 qui

445 1193 611 1246 ﬁnxit
659 1192 846 1258 illum,
879 1193 1347 1262 quandoquidem
1398 1199 1607 1248 cuncta
1657 1211 1767 1248 non
1812 1194 1988 1262 videt,
2022 1195 2080 1247 in

444 1281 831 1336 Sodomorum
865 1281 1056 1350 exitio,
1111 1283 1324 1348 Venite;
1371 1283 1581 1354 inquit,
1615 1287 1664 1336 et
1707 1283 2084 1338 dcsCendentes

447 1369 751 1435 videamus,
784 1388 856 1423 an
903 1371 1199 1425 secundum
1244 1372 1537 1425 clamorem
1585 1373 1841 1442 ipsorum,
1874 1374 1970 1442 qui
2015 1371 2083 1425 ad

449 1475 536 1512 me
566 1460 728 1523 venit,
755 1460 1083 1529 perﬁciant;
1111 1463 1196 1512 sin
1227 1461 1430 1529 minus,
1463 1468 1525 1514 ut
1553 1461 1726 1514 sciam
1756 1461 1798 1524 ⁸,
1829 1465 1886 1514 et
1921 1460 2082 1530 igna-

444 1563 576 1602 rum
608 1564 670 1602 se
707 1547 978 1602 ostendit.
1011 1549 1251 1612 Quando
1299 1553 1492 1603 autem
1523 1548 1665 1602 dicit
1715 1549 1785 1604 de
1814 1549 2032 1603 Adamo
2064 1563 2078 1603 :

445 1637 748 1706 Ejiciamus
777 1653 919 1707 eum,
950 1652 1021 1690 ne
1048 1639 1190 1706 forte
1231 1645 1458 1692 extensa
1503 1654 1674 1691 manu
1701 1653 1800 1690 sua
1846 1639 2084 1705 attingat

449 1725 662 1794 lignum
695 1726 842 1793 vitae,
874 1734 923 1780 et
953 1727 1220 1790 comedat,
1253 1734 1303 1780 et
1333 1728 1473 1780 vivet
1503 1727 1561 1780 in
1603 1735 1873 1782 aeternum
1901 1727 1922 1760 ⁹
1953 1743 1966 1791 ;
1995 1725 2083 1779 in-

2189 572 2472 641 μιουργὸν,
2502 572 2616 627 τοῖς
2649 565 2908 626 ἐναντίοις
2937 564 3302 637 ἀντικείμενος
3332 565 3595 642 τυγχάνει.

2258 837 2524 893 XXXVII.
2558 835 2764 891 Αὑτίκα
2809 841 2939 910 γοῦν
2990 836 3018 890 6
3066 843 3183 899 καθ’
3228 836 3489 908 ὁμοίωσιν
3537 836 3688 892 αὑτοῦ
3722 861 3791 915 γε·

2186 927 2356 1000 γονὼς
2404 923 2598 997 Ἀδάμ,
2643 926 2732 980 καὶ
2778 925 2983 1002 τυφλὸς
3030 925 3264 994 κτίζεται
3294 929 3335 996 ⁵,
3368 925 3445 1002 ἐφ’
3489 927 3534 997 ᾧ
3564 927 3647 980 καὶ
3707 949 3787 982 πα-

2189 1008 2423 1088 ραϐάτης
2482 1014 2797 1087 εὑρίσκεται,
2855 1013 2942 1067 καὶ
3001 1018 3098 1068 τοῦ
3153 1016 3174 1049 ⁶
3230 1018 3363 1068 Θεοῦ
3405 1017 3426 1048 ’⁷
3477 1008 3790 1084 ἐκϐάλλεται,

2187 1107 2274 1155 καὶ
2333 1105 2541 1175 θανάτῳ
2605 1109 2947 1175 τιμωρεῖται.
2978 1102 3212 1174 Ὁμοίως
3258 1123 3318 1157 τε
3374 1103 3462 1156 καὶ
3518 1104 3544 1156 6
3599 1101 3785 1165 πλάσας

2188 1191 2362 1261 αὑτὸν,
2395 1192 2506 1247 ἐπεὶ
2569 1194 2643 1264 μή
2694 1193 2760 1246 τά
2820 1194 2990 1246 πάντα
3047 1192 3166 1266 ὁρᾷ,
3201 1191 3286 1245 ἐπὶ
3318 1195 3386 1264 τῇ
3421 1189 3670 1264 Σοδόμων
3717 1215 3793 1248 και

2186 1280 2478 1356 ταστροφῇ·
2530 1285 2705 1349 Δεῦτε,
2782 1279 2956 1354 λέγει,
3027 1280 3116 1333 καὶ
3191 1275 3514 1341 καταϐάντες
3595 1278 3790 1352 ἴδωμεν,

2190 1369 2234 1423 εἰ
2307 1371 2442 1423 κατά
2513 1371 2607 1437 τὴν
2701 1371 2941 1443 κραυγὴν
3036 1369 3211 1424 αὐτῶν
3315 1370 3415 1436 τήν
3521 1369 3792 1444 ἐρχομένην

2189 1460 2322 1533 πρὸς
2401 1459 2466 1530 με
2551 1458 2946 1527 σύντελοῦνται,
3001 1458 3047 1513 εἰ
3105 1455 3164 1512 δὲ
3221 1459 3321 1530 μὴ,
3377 1456 3468 1511 ’ἱνα
3545 1464 3665 1533 γνῶ·
3719 1461 3791 1514 καὶ

2191 1548 2484 1622 ἀγνοοῦντα
2546 1548 2729 1602 ἑαυτὸν
2797 1544 3053 1602 δείκνυσι.
3098 1551 3184 1617 Τῷ
3229 1544 3287 1601 δὲ
3345 1546 3510 1601 εἰπεῖν
3558 1547 3669 1622 περὶ
3717 1553 3798 1602 τοῦ

2193 1632 2389 1707 Ἀδάμ·
2451 1630 2802 1707 Ἐκϐάλωμεν
2875 1633 3054 1706 ἅύτὸν,
3119 1638 3194 1708 μή
3256 1656 3375 1696 πως
3448 1635 3663 1697 ἐκτείνας
3712 1638 3797 1704 τὴν

2192 1731 2353 1798 χεῖρα
2440 1724 2600 1778 αὑτοῦ
2680 1723 2879 1798 ἅψηται
2959 1728 3057 1778 τοῦ
3141 1723 3306 1794 ξύλου
3390 1731 3488 1793 τῆς
3544 1729 3675 1793 ζωῆς
3724 1725 3798 1778 καὶ

2701 1371 2941 1443 κραυγὴν
3036 1369 3211 1424 αὐτῶν
3315 1370 3415 1436 τήν

440 1813 616 1867 videt.
649 1813 913 1883 Cumque
943 1814 1222 1884 scriptum
1255 1819 1344 1868 est
1377 1832 1389 1868 :
1425 1815 1616 1868 Secum
1633 1816 1905 1885 reputavit
1929 1815 2081 1877 Deus,

2199 1812 2354 1888 φάγῃ,
2411 1813 2496 1866 καὶ
2559 1815 2706 1882 ζήσει
2764 1816 2804 1849 ¹¹
2857 1812 2933 1874 εἷς
2985 1813 3076 1866 τὸν
3144 1812 3342 1881 αἰῶνα,
3393 1818 3574 1888 φθονεῖ
3620 1816 3677 1866 η.
3721 1814 3800 1870 Καὶ

438 1901 578 1970 quod
604 1903 825 1971 fecisset
854 1901 1124 1957 hominem
1157 1904 1236 1968 ‘0;
1288 1907 1345 1956 ct
1374 1903 1708 1974 pcenitentia
1742 1903 1996 1968 ducitur,
2027 1911 2086 1958 et

439 1989 713 2060 ignorat:
749 2007 885 2045 nam
927 1990 1094 2058 illud,
1143 2007 1327 2047 secum
1374 1993 1666 2062 reputavit,
1699 1991 2084 2047 consideratio

437 2082 545 2142 est,
582 2095 698 2148 qua
728 2078 942 2150 aliquis
964 2079 1036 2134 ob
1061 2095 1263 2134 eorum
1296 2096 1424 2151 qua:
1449 2079 1611 2151 cupit
1635 2080 2084 2151 ignorationem,

439 2166 614 2221 finem
642 2167 952 2239 diligenter
976 2167 1274 2238 explorare
1303 2168 1465 2233 vult;
1501 2173 1602 2222 aut
1634 2173 1724 2222 est
1755 2167 2087 2240 paenitentis

438 2253 508 2308 de
537 2272 598 2309 re
630 2272 757 2326 qua:
792 2261 996 2325 praeter
1025 2257 1375 2312 sententiam
1422 2258 1684 2329 contigit.
1718 2257 1877 2319 Quod
1910 2257 2087 2311 etiam

443 2343 726 2415 scriptum
759 2351 849 2400 est
881 2362 894 2400 :
928 2346 1202 2403 Odoratus
1250 2351 1327 2402 est
1359 2348 1618 2402 Dominus
1661 2350 1878 2401 odorem
1904 2347 2089 2400 suavi-

439 2433 570 2486 tatis
603 2434 686 2497 “5;
719 2433 1034 2504 indigentis
1066 2439 1173 2499 est,
1207 2439 1263 2489 et
1315 2435 1516 2490 nidore
1547 2435 1812 2489 carnium
1846 2434 2092 2488 delecta-

441 2524 570 2574 tum
605 2521 807 2587 fuisse,
845 2538 959 2576 non
1011 2523 1167 2576 boni.
1201 2524 1444 2578 Tentare
1477 2528 1694 2585 autem,
1726 2523 1877 2576 sicut
1907 2521 2092 2604 scrip:

442 2613 574 2663 tum
618 2614 707 2663 est
757 2627 770 2664 :
826 2611 1073 2665 Tcntavit
1121 2613 1381 2666 Dominus
1426 2612 1796 2666 Abrahamum
1830 2612 1905 2679 ‘3;
1955 2609 2092 2665 mall

441 2701 548 2765 est,
583 2713 648 2751 ac
677 2698 804 2767 ejus
832 2699 930 2768 qui
964 2699 1190 2770 ignoret
1215 2700 1429 2755 exitum
1465 2700 1773 2772 patientiae.

516 2785 806 2840 XXXVIII.
842 2788 1052 2858 Sicque
1081 2789 1303 2855 Simon,
1333 2789 1534 2843 multis
1554 2790 1863 2860 Scriptura
1899 2783 2091 2844 dictis’

447 2875 599 2928 male
627 2875 949 2947 assumptis
975 2877 1221 2948 probare
1244 2877 1532 2932 nitebatur
1553 2878 1732 2933 Deum
1766 2879 2006 2950 perinde
2027 2897 2091 2934 ac

447 2961 710 3018 hemines
735 2963 890 3018 omni
926 2967 1279 3035 perpessioni
1303 2967 1614 3022 obnoxium
1646 2985 1792 3023 esse.
1817 2970 1965 3023 Tum
1996 2973 2096 3024 Pe-

445 3055 573 3106 trus
606 3067 619 3105 :
653 3053 761 3117 An,
792 3053 998 3123 inquit,
1019 3055 1114 3124 qui
1147 3054 1336 3110 malus
1368 3073 1432 3110 ac
1464 3055 1632 3128 plane
1658 3057 1962 3128 improbus
1985 3063 2076 3112 est

448 3139 784 3196 nullatenus
827 3141 965 3197 velit
993 3159 1056 3197 se
1089 3143 1213 3214 ipse
1259 3160 1500 3216 arguere
1520 3137 1582 3198 in
1617 3146 1687 3200 iis
1715 3163 1840 3216 qua:
1871 3150 2093 3218 peccat’

449 3230 734 3300 responde
767 3230 930 3284 mihi.
965 3231 1162 3286 Simon
1195 3233 1493 3304 respondit
1526 3251 1538 3287 :
1574 3234 1811 3290 Minime
1841 3235 1994 3290 velit.
2027 3237 2090 3302 Ei

451 3316 656 3371 Petrus
689 3336 702 3373 :
737 3319 858 3384 Quo
892 3323 1061 3374 modo
1095 3319 1272 3391 igitur
1303 3319 1494 3376 malus
1539 3339 1602 3376 ac
1635 3322 1938 3394 improbus
1967 3341 2100 3378 esse

453 3408 643 3476 potest
689 3406 863 3471 Deus,
924 3423 1054 3462 cum
1107 3408 1296 3480 ipsius
1343 3409 1636 3466 voluntate
1683 3412 1992 3482 opprobria
2038 3413 2094 3466 in

449 3492 620 3548 illum
654 3495 1000 3568 conscripta,
1021 3496 1250 3568 publice
1269 3498 1562 3570 proposita
1579 3499 1735 3554 sint?
1755 3503 1832 3556 Ac
1857 3502 2051 3556 Simon
2079 3507 2092 3544 ε

459 3581 603 3636 Fieri
635 3587 840 3652 potest,
874 3589 938 3637 ut
973 3582 1130 3639 illius
1171 3586 1540 3656 reprehensio
1573 3588 1716 3641 citra
1743 3587 1929 3660 ipsius
1959 3607 2091 3645 sen-

455 3669 694 3724 tentiam
727 3672 798 3725 ab
829 3670 940 3726 alia
988 3672 1217 3728 Virtute
1267 3675 1343 3728 sit
1390 3675 1626 3746 scripta.
1662 3676 1814 3731 Dixit
1843 3677 2045 3734 Petrus
2077 3696 2091 3733 :

452 3758 714 3812 Primum
746 3776 882 3830 ergo
914 3759 1021 3813 hoc
1069 3777 1421 3831 quaeramus.
1456 3764 1510 3816 Si
1561 3781 1666 3818 suo
1693 3765 1927 3836 quidem
1959 3783 2094 3822 con-

454 3846 584 3901 silio
616 3863 678 3901 se
710 3848 1096 3918 reprehendit,
1127 3856 1190 3904 ut
1221 3854 1282 3905 tu
1315 3851 1477 3920 prius
1497 3851 1646 3907 ultro
1677 3855 1979 3910 confessus
2011 3872 2092 3921 es,

454 3934 759 4005 improbus
790 3954 903 3991 non
935 3942 1023 3991 est
1058 3954 1070 3991 :
1106 3938 1193 3993 sin
1225 3955 1358 3994 vero
1385 3940 1498 3994 alia
1527 3942 1769 4011 Virtute,
1796 3943 2093 4016 inquiren-

452 4023 590 4076 dum
622 4028 710 4077 est
748 4041 813 4078 ac
851 4027 1125 4081 omnibus
1170 4027 1392 4082 viribus
1441 4029 1916 4097 examinandum,
1951 4051 2091 4088 num

451 4110 584 4180 quis
617 4127 748 4166 eum
785 4112 884 4184 qui
916 4113 1075 4168 solus
1121 4115 1308 4170 bonus
1356 4115 1587 4187 existat,
1621 4119 1894 4175 omnibus
1925 4121 2094 4177 malis

453 4215 520 4253 su
530 4198 783 4268 bjecerit.

527 4287 756 4343 XXXIX.
793 4290 861 4344 Et
903 4291 1100 4346 Simon
1134 4310 1146 4347 :
1181 4293 1549 4350 Manifestum
1599 4301 1687 4350 est
1717 4301 1770 4352 te
1802 4297 1951 4353 nolle
1989 4315 2092 4353 au-

451 4375 574 4430 dire
605 4393 672 4430 ex
701 4378 1016 4448 Scripturis
1064 4382 1569 4451 reprehensionem
1606 4385 1696 4440 Dei
1730 4386 1835 4440 tui.
1879 4390 1957 4442 Ac
1991 4393 2090 4443 Pe-

453 4470 579 4520 trus
615 4483 626 4520 :
663 4466 789 4537 Ipse
807 4467 861 4522 id
890 4470 1503 4539 faceremihivideris;
1535 4474 1633 4545 qui
1657 4476 1810 4530 enim
1829 4477 2090 4532 ordinem

2189 1899 2268 1971 τῷ
2367 1902 2681 1977 γεγράφθαι,
2767 1900 2871 1954 ὅτι·
2970 1901 3310 1972 Ἐνεθυμήθη
3397 1901 3426 1953 6
3529 1899 3649 1960 Θεὸς
3733 1898 3801 1953 ὅτι

2193 1986 2412 2058 ἐποίησε
2465 1990 2556 2043 τὸν
2610 1986 2915 2064 ἄνθρωπον·
2973 1989 3063 2043 καὶ
3142 1994 3419 2062 μετανοεῖ,
3474 1988 3561 2042 καὶ
3632 1989 3799 2063 ἀγνοεῖ

2190 2079 2253 2132 τὸ
2307 2079 2406 2152 γάρ
2465 2077 2788 2149 ἐνεθυμήθη,
2850 2079 3034 2150 σκέψις
3093 2077 3295 2152 ἐστῖ,ᾖ’
3354 2098 3439 2138 τις
3497 2074 3563 2130 δι’
3618 2077 3804 2152 ἄγνοιαν

2195 2167 2270 2219 ὧν
2328 2163 2600 2240 βούλεται,
2631 2168 2695 2221 τὸ
2755 2166 2914 2228 τέλος
2971 2166 3270 2240 ἀκριοῶσαι
3332 2167 3500 2232 θέΑει,
3531 2166 3565 2234 ἢ
3611 2165 3688 2219 ἐπὶ
3738 2169 3802 2236 τῷ

2196 2257 2340 2329 παρά
2372 2257 2414 2291 ¹³
2461 2257 2688 2330 γνώμην
2748 2251 3013 2309 ἀποϐάντι
3077 2253 3556 2328 μεταμελουμένου
3612 2257 3667 2307 ίι.
3715 2253 3797 2307 Καὶ

2195 2345 2258 2398 τὸ
2330 2345 2622 2420 γεγράφθαι
2700 2344 2782 2398 ὅτι
2861 2347 2926 2382 ¹⁶ο
2979 2343 3281 2421 Ὡσφράνθη
3373 2344 3570 2418 Κύριος
3649 2341 3798 2414 ὀσμὴν

2199 2429 2447 2504 εύωδίας,
2497 2431 2706 2494 ἐνδεοῦς
2764 2431 2894 2503 ἐστι,
2951 2434 3039 2488 καὶ
3089 2433 3152 2488 τὸ
3229 2433 3318 2486 ἐπὶ
3385 2433 3568 2506 κνίσσῃ
3619 2435 3796 2506 σαρκῶν

2199 2523 2449 2592 ἡσθῆναι,
2508 2521 2606 2575 οὑκ
2674 2522 2897 2596 ἀγαθώ.
2972 2523 3043 2577 Τὸ
3119 2519 3176 2576 δέ
3239 2523 3532 2597 πειράζειν,
3588 2520 3658 2582 ὡς
3718 2517 3800 2593 γέ-

2201 2630 2431 2686 γραπται
2508 2610 2588 2664 ὅτι
2674 2615 2735 2648 “-
2797 2611 3074 2684 Ἐπείραζε
3140 2613 3343 2686 Κύριος
3408 2611 3496 2665 τὸν
3566 2604 3798 2682 Ἀϐραάμ,

2202 2704 2387 2765 κακοῦ,
2418 2699 2505 2753 καὶ
2535 2701 2597 2753 τὸ
2623 2697 2783 2760 τέλος
2811 2707 2910 2769 τῆς
2945 2701 3226 2772 ὑπομονῆς
3258 2700 3598 2774 ἀγνοοῦντος.

2275 2789 2566 2845 XXXVIII.
2599 2790 2780 2860 Ὀμῶς
2813 2790 2841 2842 6
2885 2789 3072 2862 Σίμων
3116 2786 3306 2843 πολλὰ
3343 2792 3441 2857 τῆς
3483 2794 3683 2863 Γραφῆς
3722 2805 3804 2838 κα-

2201 2883 2310 2938 κῶς
2342 2873 2715 2950 ἐκλαμϐάνων,
2749 2875 3006 2934 δεικνύειν
3041 2875 3260 2933 ἔσπευδε
3311 2877 3469 2933 παντὶ
3516 2877 3660 2939 πάθει
3704 2879 3801 2935 τοῖς

2204 2965 2511 3042 ἀνθρώποις
2564 2967 2772 3039 ὁμοίως
2815 2967 2906 3021 τὸν
2945 2968 3070 3025 Θεὸν
3123 2967 3502 3040 ὑποκείμενον.
3535 2963 3628 3022 Καὶ
3663 2965 3688 3017 6
3723 2963 3805 3016 Πέ-

2203 3074 2350 3130 τρος’
2384 3054 2446 3112 Εἰ
2494 3053 2659 3128 μηδὲν
2712 3059 2756 3093 ¹⁹
2804 3055 3004 3132 ἀγαπᾷ,
3051 3055 3236 3134 φησὶν,
3290 3056 3320 3109 6
3364 3055 3524 3116 κακὸς
3569 3052 3649 3108 καὶ
3692 3050 3805 3106 πάνυ

2209 3143 2510 3218 μοχθηρὸς.
2528 3141 2604 3221 ἐφ’
2625 3145 2708 3206 οἷς
2726 3144 3014 3216 ἁμαρτάνει
3032 3144 3216 3198 ἑαυτὸν
3233 3143 3422 3200 ἐαυτὸν
3440 3141 3690 3218 ἐλέγχειν,
3703 3139 3809 3194 ἀπό-

2205 3231 2381 3306 κριναί
2439 3253 2551 3305 μοι.
2585 3233 2685 3288 Καὶ
2744 3234 2772 3288 6
2833 3233 3042 3305 Σίμων·
3077 3232 3187 3287 Ούκ
3243 3232 3449 3307 ἀγαπᾷ,
3497 3229 3614 3309 ἔφη·
3653 3228 3735 3286 Καὶ
3781 3229 3804 3281 6

2207 3319 2428 3395 Πέτροςο
2462 3325 2582 3382 Πῶς
2631 3319 2724 3374 οὖν
2781 3323 2945 3383 κακὸς
2975 3322 3064 3376 καὶ
3118 3322 3407 3397 μοχθηρὸς
3452 3321 3581 3375 εἶναι
3621 3317 3802 3372 δύναται

2207 3411 2234 3464 6
2263 3411 2408 3481 Θεὸς,
2441 3408 2588 3485 εἶ’περ
2619 3409 2789 3464 αὑτοῦ
2836 3407 3105 3482 θελήματι
3145 3411 3213 3465 τά
3249 3413 3371 3466 κατ’
3416 3409 3574 3465 αὑτοῦ
3621 3406 3806 3462 δειναίθ

2207 3496 2444 3572 δημοσίᾳ
2486 3501 2756 3576 γραφέντα
2801 3500 3063 3574 προετέθη
3093 3519 3106 3568 ;
3139 3500 3244 3555 Καὶ
3277 3501 3307 3554 6
3343 3499 3546 3572 Σίμων’
3596 3494 3804 3570 Ἐνδὲχε-

2204 3610 2290 3642 ται
2352 3590 2426 3661 μή
2484 3588 2618 3642 κατὰ
2675 3587 2988 3664 προαίρεσιν
3027 3587 3191 3642 αὑτοῦ
3224 3589 3312 3666 ὑφ’
3343 3589 3524 3664 ἑτέρας
3555 3583 3805 3658 Δυνάμεως

2202 3699 2292 3732 τον
2324 3677 2439 3731 κατ’
2468 3675 2642 3731 αὑτῶν
2671 3683 2945 3754 γραφῆναι
2977 3675 3225 3752 ἔλεγχονο
3263 3677 3367 3733 Καὶ
3401 3678 3430 3731 6
3460 3679 3649 3750 Πέτρος
3700 3669 3802 3750 ἔφη’

2205 3771 2426 3840 Πρῶτον
2459 3763 2548 3819 οὖν
2580 3770 2740 3821 τοῦτο
2777 3767 3116 3838 ζητήσωμεν.
3153 3765 3215 3822 Εἰ
3251 3766 3349 3839 μὲν
3382 3766 3483 3821 ὑπὸ
3509 3767 3601 3833 τῆς
3646 3764 3805 3817 ἑαυτοῦ

2208 3854 2412 3930 βουλῆς
2446 3853 2635 3908 ἐαυτοῦ
2663 3851 2912 3928 ἤλεγξεν,
2939 3853 3015 3915 ὡς
3047 3855 3246 3932 φθάσας
3277 3854 3342 3908 σὺ
3385 3854 3635 3931 πρότερον
3676 3852 3803 3922 ὠμο-

2204 3943 2465 4018 λόγησας,
2502 3943 2786 4018 μοχθηρὸς
2837 3941 2937 3996 οὑκ
2986 3939 3144 3997 ἔστιν·
3195 3942 3240 3997 εἴ
3289 3941 3350 3998 δὲ
3398 3943 3486 3998 καὶ
3543 3939 3804 4020 ὑφ’ἒτέρας

2204 4034 2504 4105 Δυνάμεως,
2539 4032 2798 4102 ζητητέον
2845 4031 2935 4085 καὶ
2984 4033 3139 4086 παντὶ
3199 4031 3371 4088 σθένει
3415 4030 3712 4103 ἐξεταστέον,
3743 4027 3803 4099 μή

2199 4143 2280 4183 τις
2327 4121 2485 4175 αὑτὸν
2539 4120 2701 4193 μόνον
2752 4121 2945 4196 ἀγαθὸν
2986 4117 3131 4193 ὄντα,
3186 4121 3272 4175 ἐπὶ
3318 4128 3448 4176 πᾶσι
3489 4125 3602 4181 τοῖς
3645 4118 3804 4174 κακοῖς

2205 4205 2439 4266 ὑπέλαϐε
2469 4213 2510 4246 ²¹
2523 4254 2534 4266 .

2274 4305 2528 4356 XXXIX.
2564 4299 2664 4355 Καὶ
2709 4300 2737 4352 6
2787 4297 2991 4370 Σίμων.
3046 4296 3333 4374 Πρόδηλος
3384 4299 3430 4354 εἶ
3477 4297 3675 4374 φεύγων
3715 4291 3802 4348 ἀπὸ

2198 4393 2303 4443 τῶν
2341 4393 2562 4464 Γραφῶν
2593 4387 2817 4441 ἁκοῦσαι
2844 4388 2936 4441 τὸν
2967 4389 3103 4442 κατά
3130 4393 3227 4442 τοῦ
3258 4393 3393 4442 Θεοῦ
3441 4409 3531 4442 σου
3583 4382 3797 4460 ἔλεγχον.

2202 4478 2302 4534 Καὶ
2333 4479 2360 4532 6
2388 4475 2609 4550 Πέτρος·
2642 4475 2812 4538 Αὐτός
2869 4497 2961 4548 μοι
3013 4475 3168 4549 φαίνῃ
3204 4481 3366 4532 τοῦτο
3412 4481 3598 4530 ποιῶν·
3647 4474 3673 4527 ὁ
3717 4471 3801 4546 γὰρ

453 4555 794 4623 ψιωειὶοηὶε
841 4557 1002 4623 vitat,
1048 4575 1286 4614 examen
1337 4578 1537 4616 verum
1595 4563 1717 4617 fieri
1779 4582 1892 4619 non
1947 4566 2087 4620 vult.

2199 4566 2342 4636 τάξιν
2378 4568 2654 4637 ζητήσεως
2695 4563 2926 4641 φεύγων,
2959 4563 3188 4634 ἐξέτασιν
3245 4563 3430 4635 ἀληθῆ
3485 4563 3702 4640 γενέσθαι
3749 4556 3799 4612 ού

453 4642 615 4699 Unde
641 4661 746 4716 ego
778 4646 877 4716 qui
910 4647 1109 4702 ordine
1137 4654 1284 4716 utor,
1318 4655 1373 4704 et
1403 4650 1528 4705 volo
1560 4651 1812 4722 primum
1846 4654 2088 4726 scripto-

451 4748 570 4786 rem
614 4735 1009 4801 considerari;
1062 4737 1366 4793 manifeste
1415 4741 1583 4810 cupio
1626 4746 1780 4796 recta
1811 4743 1901 4797 via
1929 4743 2088 4799 ince-

450 4821 606 4876 dere.
637 4822 784 4878 Tum
816 4824 1011 4880 Simon
1049 4843 1060 4880 :
1098 4826 1286 4881 Primo
1318 4827 1515 4893 fatere,
1550 4846 1622 4884 an
1653 4847 1783 4885 vera
1815 4832 1932 4886 sint
1963 4850 2087 4905 quze

449 4911 668 4980 scripta
689 4913 901 4967 suntin
927 4916 1409 4987 mundiopiﬁcem
1438 4935 1450 4984 ;
1479 4934 1582 4973 nec
1609 4919 1684 4974 sit
1703 4922 1964 4976 omnium
1989 4939 2088 4976 su-

447 5015 707 5069 premus,
737 5018 869 5056 cum
911 5003 1080 5072 juxta
1124 5005 1453 5076 Scripturas
1502 5010 1657 5062 omni
1708 5010 1980 5081 nequitiae
2013 5011 2090 5067 sit

446 5087 770 5157 obnoxius;
805 5096 860 5145 et
891 5097 1090 5162 postea
1120 5094 1461 5166 scriptorem
1503 5113 1852 5168 quaeremus.
1884 5100 2087 5156 Petrus

2203 4653 2476 4730 βούλεται.
2507 4656 2659 4708 Ὅθεν
2691 4652 2799 4728 ἐγὼ
2828 4652 2896 4726 τῇ
2938 4652 3080 4723 τάξει
3141 4654 3453 4729 χρώμενος,
3485 4652 3569 4706 καὶ
3630 4646 3796 4725 βου)λᾶ-

2203 4765 2359 4817 μενος
2388 4748 2602 4819 πρῶτον
2634 4743 2724 4797 τὸν
2760 4743 3072 4820 συγγραφέα
3101 4744 3388 4812 νοηθῆναι,
3411 4737 3678 4817 πρόδηλός
3707 4735 3800 4807 εἶμι

2195 4834 2292 4901 τήν
2323 4831 2520 4887 εύθεῖαν
2550 4828 2750 4886 ὁδεύειν
2795 4829 2990 4894 θέλων.
3025 4830 3125 4887 Καὶ
3159 4831 3186 4884 6
3220 4830 3430 4904 Σίμων’
3463 4826 3802 4902 Ὁμολόγησθν

2195 4927 2434 4996 πρῶτον,
2470 4918 2521 4974 εἶ’
2558 4941 2622 4994 γε
2661 4921 2728 4973 τά
2776 4919 2912 4974 κατά
2952 4924 3048 4974 τοῦ
3097 4917 3441 4995 δημιουρ·ίοῦ
3488 4911 3803 4995 γεγραμμένα

2196 5009 2374 5080 ἀληθῆ
2411 5009 2540 5077 ἐστι,
2573 5008 2659 5063 καὶ
2691 5007 2788 5062 οὐκ
2818 5004 2956 5062 ἔστιν
2985 5009 3012 5063 6
3041 5012 3149 5063 τῶν
3181 5006 3326 5063 ὅλων
3386 5007 3658 5080 ἀνώτερος,
3685 4998 3804 5055 κατεὶ

2193 5101 2288 5162 τάς
2341 5098 2548 5176 Γραφὰς
2597 5097 2741 5171 πάσῃ
2787 5095 3144 5170 ὑποκείμενος
3205 5095 3502 5174 μοχθηρίᾳ,
3541 5093 3623 5149 καὶ
3675 5089 3800 5144 ὕστε-

1793 5296 2032 5354 νΑΡιΙᾸ)
2069 5297 2481 5355 LECTIONES.

523 5433 542 5465 ⁵
575 5430 649 5487 al.
709 5433 841 5488 add.
899 5432 987 5486 καὶ
1039 5437 1236 5508 γνῶσιν
1295 5434 1498 5508 ἀγαθοῦ
1553 5439 1720 5514 τυχὸν
1773 5440 1809 5508 ἢ
1868 5445 2036 5494 κακοῦ
2097 5441 2172 5512 μή
2233 5437 2376 5515 ἔχων
2432 5436 2770 5513 γνωρίζεται.

523 5505 685 5559 {irino
745 5507 1020 5566 paradiso.
1083 5509 1252 5561 Cum.
1330 5511 1453 5564 iul.
1518 5509 1858 5566 παραδείσου.
1936 5514 2128 5566 8Gen.
2188 5531 2344 5566 xvm.
2405 5515 2494 5566 21.
2572 5511 2760 5566 9Gen.

1668 5509 1858 5567 δείσου.
1936 5509 2128 5568 8Cleri.
2188 5509 2344 5578 XVIII,
2405 5509 2494 5566 21.

451 5505 685 5582 enlivino
744 5507 1020 5582 paradiso.
1054 5505 1252 5561 Cum.
1330 5505 1352 5542 τ
1380 5511 1453 5564 al.
1495 5505 1858 5582 παραδείσου.

456 5578 607 5645 ζήσῃ.
690 5577 751 5610 '1”
786 5579 860 5632 al.
919 5577 1006 5630 καὶ
1067 5585 1270 5653 φθονεῖ.

451 5652 538 5702 21.
623 5651 661 5683 ¹⁷
695 5650 766 5706 al.
802 5649 924 5704 Καί.

1011 5651 1048 5685 ¹⁸
1081 5651 1201 5706 Gen
1256 5671 1391 5721 xxii,
1429 5654 1474 5706 1.
1557 5651 1599 5690 ¹⁹
1629 5655 1680 5709 al
1717 5656 1814 5725 μή.

1356 5583 1397 5614 ¹’⁴
1455 5581 1527 5636 al.
1592 5581 1667 5652 μὴ
1729 5583 1879 5638 κατά.
1942 5585 1992 5639 al
2053 5583 2202 5637 κατά.

1893 5657 1936 5690 ²⁰
1965 5659 2039 5712 al.
2073 5653 2227 5708 κακά.

2847 5439 2869 5471 ⁶
2926 5439 3089 5494 Forte
3144 5442 3240 5492 τοῦ
3297 5436 3437 5492 θείου
3487 5429 3795 5507 παραδείσῳ,

2572 5499 2760 5566 9'Gcn.
2825 5526 2908 5576 ιιι,
2967 5513 3056 5564 2?.
3137 5511 3180 5546 ¹⁰
3233 5511 3373 5566 Gen.
3429 5527 3502 5574 v1,
3540 5499 3592 5562 6.
3665 5499 3793 5556 “al.

2285 5586 2329 5620 ¹⁴
2367 5583 2442 5639 al.
2497 5578 2970 5652 μεταμελομένου.
3052 5582 3094 5616 ³⁵
3133 5581 3206 5638 al.
3243 5581 3360 5637 Καί.
3466 5582 3506 5617 ¹⁶
3535 5580 3663 5635 Gen.
3693 5587 3793 5636 vni,

2307 5657 2349 5691 ²¹
2384 5651 2616 5709 ὑπέϐαλε
2647 5651 2910 5712 Ctement.
