4082 6208
317 399 443 463 501

1090 397 1616 463 CLEMENTINA.
1655 435 1728 446 —
1756 401 2101 464 EPITOME
2143 402 2244 463 nn
2290 403 2557 466 GESTIS
2603 405 2668 464 s.
2715 351 2969 462 rem.

3597 397 3714 458 502

313 548 420 604 ρον
455 531 756 603 ζητήσομεν
805 533 852 568 ²²
893 531 983 586 τὸν
1041 533 1433 609 συγγράψαντα.
1489 533 1586 590 Καὶ
1640 535 1666 588 6
1718 533 1918 608 Πέτρος
1955 553 1968 566 ·

2085 543 2276 593 autem
2313 555 2325 592 :
2358 536 2436 592 Ne
2467 537 2524 591 id
2555 538 2623 593 de
2657 553 2744 592 me
2772 535 3058 601 videatur,
3093 532 3433 606 respondeo.
3457 536 3568 602 Ego
3600 530 3711 596 aio,

318 622 443 676 Ἵνα
499 621 574 692 μὴ
635 616 774 690 δόξω
827 623 893 688 ³³,
953 622 1328 697 ἀποκρίνομαι.
1391 623 1528 697 Ἐγὼ
1585 644 1729 700 φημι
1783 623 1866 678 ὅτι
1906 623 1974 677 τὰ

317 705 589 763 δοκοῦντά
627 730 709 763 σοι
759 715 926 764 ταῦτα
979 710 1115 766 κατᾶ
1147 715 1278 766 Θεοῦ
1316 710 1630 788 γεγράφθαι,
1663 710 1842 782 ἀληθῆ
1876 713 1968 785 μέν

315 797 491 852 ἔστιν·
520 796 665 852 ἀλλὰ
691 798 783 852 καὶ
814 798 1009 867 οὕτως,
1060 796 1213 854 οὕπω
1262 801 1353 854 τὸν
1405 800 1531 855 Θεὸν
1565 798 1794 856 δείκνυσι
1828 822 1971 876 μοχ-

315 885 516 962 θηρῶν.
551 887 705 942 Καὶὸ
750 887 960 960 Σίμων·
1013 893 1138 951 Πῶς
1187 887 1301 958 οῦν,
1333 885 1456 966 ἔφη,
1506 894 1666 944 τοῦτο
1715 897 1968 960 συστῆσαι

319 971 555 1030 δύνασαι
587 995 601 1044 ;

401 1065 510 1120 XL.
543 1065 638 1118 Καὶ
670 1064 698 1118 6
727 1064 951 1141 Πέτρος·
1003 1065 1102 1120 Τὸν
1149 1064 1328 1139 ’Δδᾶμ
1374 1065 1573 1145 τυφλὸν
1631 1066 1810 1143 λέγεις
1855 1091 1970 1145 γεν-

312 1159 577 1222 νηθῆναι,
629 1152 760 1229 ὅπερ
809 1153 907 1208 ούκ
951 1155 1037 1223 ἦν.
1091 1154 1162 1210 Ού
1193 1155 1293 1231 γὰρ
1341 1156 1400 1210 ἂν
1429 1156 1620 1234 τυφλῷ
1650 1157 1970 1230 ἓντελλόμε-

313 1261 422 1302 νος
472 1238 704 1296 έδείχνυε
756 1241 952 1318 λέγων·
1016 1245 1152 1299 ’Λπὸ
1205 1241 1262 1300 δὲ
1305 1250 1402 1300 τοῦ
1451 1245 1614 1318 ξύλου
1661 1251 1757 1300 τοῦ
1799 1249 1968 1320 γινώ-

315 1349 470 1382 σκειν
521 1329 686 1384 καλὸν
733 1332 822 1384 καὶ
876 1332 1137 1406 πονηρὸν,
1193 1335 1268 1405 μή
1317 1333 1598 1409 γεύσησθε.
1654 1335 1754 1390 Καὶ
1798 1335 1826 1390 6
1877 1336 1967 1389 Σί-

320 1439 449 1487 μων
486 1413 826 1490 μεταϐαλών·
856 1420 1067 1477 Τυσλὸν
1093 1419 1244 1497 ἔλεγε
1274 1424 1352 1495 (α)
1381 1423 1473 1477 τὸν
1504 1429 1624 1477 νοῦν
1657 1423 1839 1478 αὐτοῦ.
1864 1425 1967 1481 Καὶ

317 1507 351 1559 6
385 1507 609 1582 Πέτρος·
646 1513 768 1569 Πῶς
814 1509 901 1562 καὶ
950 1509 1041 1564 τὸν
1067 1515 1190 1564 νοῦν
1238 1509 1440 1588 τυφλὸς
1495 1509 1723 1581 ἠδύνατο
1755 1512 1904 1580 εἶναι,
1938 1515 1966 1566 6

317 1595 436 1669 πρὸ
462 1599 557 1649 τοῦ
581 1595 864 1671 γεύσασθαι
895 1602 992 1652 τοῦ
1040 1603 1229 1675 φυτοῦ,
1261 1601 1564 1677 συμφώνως
1611 1605 1690 1672 τῷ
1729 1599 1965 1654 κτίσαντι

317 1682 484 1738 αὐτὸν
517 1684 690 1739 οἰκεῖα
727 1692 886 1740 πᾶσιν
931 1687 1130 1749 ὲπιθεῖξ
1177 1693 1292 1749 τοῖς
1343 1690 1502 1757 ζώοις
1553 1689 1791 1760 ὀνόματα
1821 1709 1834 1757 ;
1868 1690 1965 1744 Καὶ

318 1773 352 1826 6
390 1774 597 1844 Σίμων·
631 1775 694 1828 Εἰ
725 1774 1026 1851 πρόγνωσιν
1079 1777 1223 1852 εἶχεν
1271 1775 1466 1850 Ἀδὰμ,
1499 1775 1589 1832 διὰ
1616 1777 1667 1832 τί
1711 1778 1773 1833 ού
1803 1778 1963 1852 προέ-

313 1883 437 1936 γνω
465 1863 553 1916 τὸν
585 1864 682 1930 τήν
735 1886 781 1940 γι
803 1870 959 1919 ναῖκα
1007 1865 1171 1920 αὐτοῦ
1217 1865 1564 1937 ἀπατήσαντα
1607 1863 1726 1945 ὅφιν
1761 1887 1775 1936 ;
1809 1869 1904 1921 Καὶ
1936 1869 1964 1922 ὁ

320 1951 554 2025 Πέτρος⁹
612 1952 673 2006 Εἰ
729 1953 1032 2028 πρόγνωσιν
1093 1956 1168 2027 μῆ
1228 1957 1370 2030 εἶχεν
1431 1953 1626 2028 Ἀδὰμ,
1685 1962 1800 2019 πῶς
1849 1963 1964 2020 τοῖς

313 2040 470 2102 υἱοῖς
508 2040 670 2095 αὐτοῦ
702 2042 836 2116 πρὸς
865 2043 960 2104 τὰς
1005 2043 1260 2116 ἐσομένας
1289 2046 1504 2120 πράξεις
1535 2047 1647 2118 ἅμα
1673 2051 1752 2118 τῷ
1783 2067 1967 2120 γεννη-

316 2131 506 2200 θῆναι,
550 2131 638 2184 καί
688 2132 756 2185 τὰ
805 2131 1046 2203 ὀνόματα
1093 2132 1386 2196 έπιτέθεικε
1418 2153 1431 2202 ;
1463 2134 1552 2189 τὸν
1607 2135 1698 2208 μὲν
1749 2139 1965 2210 πρῶτον

319 2217 557 2282 καλέσας
591 2219 740 2289 Κάϊν,
771 2221 800 2274 '6
840 2221 1186 2294 ἑρμηνεύεται
1240 2220 1426 2293 ζῆλος,
1476 2223 1535 2284 ’ὸς
1582 2223 1670 2277 καὶ
1720 2223 1968 2294 ζηλώσας

316 2305 503 2362 ἀνεῖλε
546 2308 637 2362 τὸν
687 2306 918 2386 ἀδελφὸν
977 2309 1138 2364 αὐτοῦ
1190 2310 1279 2365 τὸν
1320 2305 1513 2377 Ἅϐελ,
1545 2312 1574 2364 ’ὀ
1621 2311 1967 2386 ἑρμηνεύεται

317 2394 539 2457 πένθος·
591 2395 672 2450 ἐπ’
720 2397 864 2469 αύτῷ
911 2399 1016 2474 γὰρ
1063 2400 1266 2471 πρώτῳ
1315 2401 1626 2476 φονευθέντι
1683 2399 1966 2470 ἐπένθησαν

317 2485 380 2537 οἱ
408 2491 610 2559 γονεῖς.
642 2485 709 2540 Εἴ
737 2483 795 2541 δὲ
825 2485 998 2560 Ἀδὰμ
1027 2485 1180 2563 ἔργον
1212 2493 1345 2542 Θεοῦ
1396 2489 1691 2564 ὑπάρρχων
1725 2489 1971 2565 πρόγνω-

324 2594 414 2626 σιν
447 2574 584 2649 εἶχε,
615 2573 813 2646 πολλῷ
861 2575 1070 2647 μᾶλλον
1115 2577 1144 2630 6
1194 2574 1605 2652 δημιουργήσας
1637 2578 1792 2632 αὐτὸν
1821 2577 1968 2638 Θεὸς.

326 2663 409 2716 Σύ
441 2660 520 2734 δὲ,
551 2665 596 2717 ὦ
629 2663 837 2736 Σίμων,
867 2669 1048 2727 κακῶς
1103 2671 1238 2720 νοῶν
1287 2667 1380 2728 τας
1428 2667 1568 2728 θείας
1620 2667 1848 2744 Γραφας,
1881 2688 1968 2744 φι-

325 2753 569 2823 μώθητι.

400 2934 536 2988 XLI.
595 2932 665 2985 T6
722 2929 781 2986 δὲ
833 2934 1150 3010 γεγράφθαι·
1211 2935 1549 3006 Ἐνεθυμήθη
1610 2935 1638 2988 6
1686 2934 1837 3004 Θεὸς,
1893 2935 1966 2996 ὡς

319 3019 578 3096 λογισμῷ
618 3023 970 3096 χρησαμένου
1019 3019 1107 3076 διά
1159 3024 1260 3091 τὴν
1308 3023 1544 3098 ἄγνοιαν·
1596 3021 1671 3076 ἔτι
1717 3025 1822 3094 μὴν
1854 3022 1963 3076 καί·

319 3109 605 3185 Ἐπείραζε
663 3110 863 3186 Κύριος
919 3111 1010 3165 τὸν
1067 3105 1359 3186 Ἀϐραὰμ,
1406 3109 1498 3166 ’ἱνα
1554 3113 1667 3186 γνῴ
1744 3113 1788 3166 εἰ
1847 3113 1968 3166 ὑπε-

318 3197 490 3272 νέγκῃ
523 3217 536 3230 ⁸
596 3199 685 3252 καὶ
735 3200 796 3253 τό
830 3217 842 3230 ·
910 3194 1238 3261 Καταϐάντες
1297 3197 1498 3273 ἴδωμεν
1575 3201 1618 3255 εἰ
1676 3202 1811 3255 κατὰ
1864 3202 1960 3268 τὴν

2084 626 2214 697 ista,
2250 644 2379 699 quae
2409 626 2534 682 ltibi
2564 629 2874 682 censentur
2918 625 3193 680 adversus
3241 627 3422 677 Deum
3471 621 3710 692 scripta,

2079 733 2212 772 vera
2241 716 2477 788 quidem
2507 731 2635 770 esse
2662 733 2674 781 ;
2699 731 2897 770 verum
2929 714 3100 770 etiam
3133 712 3236 775 sic,
3260 729 3375 767 non
3409 711 3709 766 ostendere

2077 806 2259 862 Deum
2292 823 2420 862 esse
2448 804 2914 878 improbum.0ui
2946 819 3100 875 ergo,
3136 802 3326 875 inquit
3355 801 3577 868 Simon,
3601 799 3708 855 hoc

2078 899 2242 968 potes
2270 899 2528 951 astruere
2546 895 2573 949 ?

2147 1073 2255 1128 XL.
2289 1075 2334 1108 ²⁵
2363 1076 2435 1128 At
2462 1074 2664 1128 Petrus
2699 1089 2713 1126 :
2749 1072 3036 1127 Adamum
3069 1069 3214 1124 dicis
3244 1084 3460 1124 caecum
3493 1067 3706 1123 forma-

2077 1165 2203 1217 tum
2239 1163 2564 1233 esse;quod
2595 1166 2789 1216 tamen
2821 1158 2916 1215 ille
2946 1176 3062 1214 non
3092 1158 3365 1214 erat.Non
3389 1155 3544 1212 enim
3559 1172 3706 1210 ceco

2076 1251 2415 1323 praecipiens
2452 1250 2890 1328 ostendisset,ac
2922 1248 3164 1303 dixisset
3193 1263 3205 1301 :
3243 1251 3320 1302 De
3348 1247 3498 1315 ligno
3525 1252 3707 1300 autem

2073 1342 2316 1396 scientiae
2347 1341 2472 1394 boni
2500 1344 2552 1394 et
2580 1339 2814 1402 malijne
2841 1339 3068 1408 gustetis
3098 1337 3161 1391 2⁵.
3197 1337 3265 1391 Et
3291 1335 3484 1389 Simon
3518 1333 3707 1388 iuver.

2078 1434 2206 1484 tens
2254 1429 2595 1500 respondit:
2630 1428 2848 1482 Caecam
2901 1425 3046 1480 dixit
3093 1429 3347 1480 mentem
3389 1423 3592 1495 ipsius.
3628 1423 3706 1476 Ac

2080 1519 2326 1573 Petrus:
2381 1519 2503 1581 Qua
2546 1517 2766 1571 ratione
2816 1520 3007 1570 mente
3054 1531 3240 1569 caecus
3287 1529 3414 1568 esse
3462 1515 3705 1582 poterat,

2075 1605 2175 1677 qui
2207 1611 2520 1678 antequam
2541 1609 2835 1678 gustasset
2854 1602 3538 1668 fructum,convenienter
3556 1615 3709 1654 crea-

2074 1695 2183 1750 tori
2216 1695 2423 1767 ipsius,
2457 1693 2691 1766 propria
2721 1692 2995 1748 omnibus
3025 1689 3379 1746 animalibus
3426 1686 3710 1758 imposuit

2075 1783 2311 1840 nomina
2330 1784 2358 1838 ?
2387 1783 2585 1838 Simon
2619 1799 2768 1836 vero:
2801 1781 2857 1834 Si
2883 1781 3142 1835 Adamus
3172 1777 3584 1851 praenotionem
3610 1775 3710 1830 ha-

2074 1872 2218 1937 buit,
2255 1889 2433 1943 quare
2466 1889 2577 1927 non
2613 1869 2889 1943 praenovit
2918 1873 3244 1940 serpentem
3277 1867 3377 1939 qui
3407 1866 3534 1936 ejus
3564 1881 3704 1919 uxo-

2076 1976 2198 2015 rem
2231 1960 2494 2031 decepit?
2528 1961 2780 2014 Rursum
2814 1959 3038 2013 Petrus:
3059 1957 3115 2010 Si
3150 1955 3560 2026 praenotionem
3593 1969 3705 2007 non

2075 2049 2282 2104 habuit
2311 2050 2591 2119 Adamus,
2623 2065 2737 2120 quo
2770 2047 2940 2102 modo
2973 2045 3108 2100 filiis
3140 2042 3467 2110 suis,simul
3495 2058 3559 2096 ac
3588 2041 3707 2095 nati

2078 2143 2238 2205 sunt,
2270 2139 2444 2193 etiam
2493 2138 2732 2192 nomina
2780 2134 3061 2208 imposuit
3109 2133 3431 2188 secundum
3483 2132 3709 2185 futuras

2077 2226 2333 2282 actiones
2353 2227 2381 2280 ?
2410 2226 2662 2299 primum
2697 2222 3264 2293 vocans,Cain,quod
3297 2221 3713 2290 interpretatur

2076 2315 2362 2372 aemulatio
2382 2334 2404 2379 ;
2433 2315 2530 2386 qui
2559 2315 2756 2380 etiam,
2789 2311 3154 2367 aemulatione
3185 2310 3394 2364 ductus
3427 2304 3715 2361 interfecit

2079 2405 2316 2458 fratrem
2349 2420 2522 2459 suum
2553 2402 2714 2468 Abel,
2747 2401 2902 2473 quod
2936 2402 3347 2471 interpretatur
3375 2397 3549 2451 luctus
3569 2413 3590 2457 ,ο
3621 2411 3715 2450 su-

2080 2509 2181 2564 per
2210 2509 2276 2548 eo
2307 2493 2594 2564 siquidem
2646 2491 2832 2564 primo
2862 2489 3072 2553 occiso,
3106 2490 3372 2560 parentes
3419 2485 3713 2540 luxerunt.

2080 2583 2240 2646 Quod
2292 2581 2340 2636 si
2371 2582 2649 2646 Adamus,
2683 2580 2781 2651 qui
2837 2579 2935 2634 Dei
2968 2594 3115 2648 opus
3163 2580 3307 2638 erat,
3359 2573 3713 2646 praenotione

2080 2671 2360 2742 praeditus
2390 2669 2735 2736 fuit;multo
2767 2667 2955 2739 magis
2987 2666 3086 2738 qui
3108 2664 3367 2721 condidit
3386 2679 3518 2718 eum
3538 2662 3711 2716 Deus.

2078 2763 2158 2812 'l‘u
2190 2763 2407 2829 autem,
2442 2775 2474 2813 o
2513 2758 2737 2826 Simon,
2770 2773 2903 2812 cum
2953 2755 3103 2810 male
3149 2752 3443 2824 intelligas
3490 2749 3716 2804 divinas

2078 2848 2428 2914 Scripturas,
2461 2847 2730 2902 obturato
2761 2861 2856 2900 ore
2885 2850 3034 2900 tace.

2147 2937 2280 2992 XLI.
2316 2941 2491 2992 Porro
2522 2935 2675 3008 quod
2721 2933 3004 3006 scriptum
3037 2935 3126 2988 est
3153 2949 3166 2986 :
3197 2930 3393 2986 Secum
3438 2929 3715 3000 reputavit

2076 3027 2216 3081 Deus
2247 3027 2312 3092 25,
2347 3025 2510 3096 quasi
2567 3029 2766 3080 utatur
2796 3022 3234 3079 ratiocinatione
3264 3024 3498 3092 propter
3548 3018 3712 3090 igno-

2076 3115 2325 3170 rantiam
2349 3121 2435 3181 ;et
2467 3115 2685 3168 adhuc:
2708 3113 2953 3168 Tentavit
2983 3113 3241 3166 Dominus
3271 3107 3714 3177 Abrahamum”,

2081 3208 2146 3258 ut
2176 3207 2550 3274 cognosceret
2575 3219 2647 3256 an
2680 3203 2728 3257 is
2761 3202 2934 3256 ferret
2963 3199 3247 3272 patienter
3279 3215 3291 3252 :
3321 3196 3465 3251 illud
3493 3196 3670 3251 etiam
3705 3213 3718 3250 :

319 3289 567 3362 κραυγὴν
633 3287 808 3342 αὐτῶν
882 3289 981 3357 τήν
1055 3288 1360 3364 ἐρχομένην
1437 3290 1574 3365 πρὸς
1637 3290 1702 3362 με
1759 3311 1912 3344 συντε
1943 3323 1966 3332 -

2086 3293 2482 3348 Descendentes
2510 3291 2806 3355 videamus,
2826 3306 2904 3344 an
2935 3289 3231 3343 secundum
3260 3288 3552 3340 clamorem
3582 3286 3724 3356 ipso-

325 3374 573 3430 λοῦνται·
608 3376 653 3431 εἰ
702 3373 761 3430 δὲ
810 3378 908 3450 μή,
958 3375 1052 3431 τίνα
1079 3377 1305 3452 γνώκαὶ
1348 3376 1436 3432 ’ίνα
1470 3379 1545 3450 μὴ
1581 3378 1654 3439 εἰς
1687 3376 1830 3432 πολὺ
1867 3401 1974 3451 μη-

323 3464 476 3518 κύνω
503 3465 594 3519 τὸν
645 3463 833 3539 λόγον,
885 3473 1024 3543 σαφῆ
1072 3467 1172 3534 τήν
1197 3463 1434 3521 διάνοιαν
1468 3468 1557 3522 καὶ
1605 3465 1890 3543 διάγνωσιν
1920 3470 1975 3522 αἱ

330 3553 517 3627 ῥήσεις
563 3551 779 3628 ἔχουσιν
828 3554 1002 3625 αὗται,
1057 3555 1133 3627 μὴ
1164 3555 1654 3630 καταγινώσκουσαι
1701 3561 1797 3610 τοῦ
1842 3560 1975 3610 Θεοῦ

329 3643 572 3716 ἄγνοιαν,
603 3643 701 3697 κᾶν
728 3644 828 3710 τήν
878 3645 974 3712 σήν
1025 3649 1187 3698 τοῦτο
1237 3641 1494 3720 διαφεύγῃ
1525 3642 1760 3698 διάνοιαν
1795 3647 1858 3681 29·
1893 3644 1976 3698 ὅτι

334 3727 392 3784 δέ
421 3729 595 3793 ὄντως
642 3733 1025 3805 προγινώσκει,
1078 3730 1229 3806 λέγει
1273 3738 1352 3804 τῷ
1381 3728 1652 3808 Ἀϐραάμ·
1689 3735 1973 3787 Γινώσκων

329 3822 514 3894 γνώσῃ
572 3821 655 3875 ὅτι
712 3823 971 3896 πάροικον
1049 3819 1192 3875 ἔσται
1252 3822 1315 3875 τὸ
1373 3821 1585 3896 σπέρμα
1640 3844 1734 3876 σου
1794 3823 1844 3876 έν
1904 3827 1974 3897 γῇ

331 3909 432 3964 οὐκ
488 3908 640 3981 ἰδίᾳ·
701 3911 790 3964 καὶ
851 3908 1217 3965 δουλώσουσιν
1274 3911 1444 3979 αὐτὸ,
1504 3912 1832 3981 κακώσουσι,
1886 3912 1974 3964 καὶ

1813 4003 1823 4014 ι
1924 3999 1963 4016 λι

1773 4022 1835 4054 το
1919 4021 1977 4054 ΟΞ

329 4001 753 4053 ταπεινώσουσιν
841 3999 1034 4061 αὐτοὺς
1137 3997 1227 4069 ἔτη
1328 4000 1644 4074 τετρακόσια
1678 4019 1690 4030 ·

331 4086 484 4148 ἔθνος
534 4090 580 4159 ᾧ
628 4087 714 4141 ἐὰν
749 4085 1079 4143 δουλεύσωσι
1129 4093 1294 4163 κρινῶ
1347 4089 1472 4164 ἐγώ·
1527 4089 1660 4162 μετᾶ
1709 4087 1763 4144 δὲ
1811 4095 1976 4144 ταῦτα

330 4176 695 4247 ἐξελεύσονται
756 4175 863 4231 ὧδε
921 4178 1055 4248 μετᾶ
1108 4180 1413 4246 ἀποσκευῆς
1472 4175 1690 4246 πολλῆς
1726 4200 1738 4212 ·
1801 4178 1862 4232 σὺ
1921 4176 1977 4233 δὲ

329 4263 600 4339 ἀπελεύσῃ
674 4267 811 4341 πρὸς
883 4265 1009 4328 τοὺς
1067 4268 1300 4342 πατέρας
1379 4288 1473 4320 σου
1534 4269 1648 4339 μετ’
1708 4267 1975 4343 εἰρήνης,

325 4354 550 4431 τραφεὶς
621 4355 672 4408 ἐν
744 4357 887 4430 γήρᾳ
935 4352 1091 4426 καλῷ
1143 4375 1156 4388 ο

331 4444 726 4519 πραφησονται
803 4441 928 4498 ὧδε.
1000 4448 1174 4498 Ταῦτα
1243 4441 1301 4498 δέ
1376 4445 1585 4506 πάντως
1657 4445 1791 4517 μετὰ
1846 4445 1976 4500 πολ-

331 4530 430 4592 λὰς
461 4533 503 4568 ³⁸
539 4532 640 4606 ἄρα
671 4528 1038 4603 συμϐήσεσθαι
1071 4529 1346 4604 μέλλοντα
1374 4534 1558 4606 γενεὰς
1595 4537 1661 4603 ³³,
1703 4536 1974 4607 προγινώ-

331 4619 553 4681 suav-:6:
584 4619 692 4674 ἐστι
723 4620 811 4675 καὶ
843 4621 1140 4696 σαφέστατα
1171 4617 1399 4682 εἰδότος.

1214 4355 1439 4430 τετάρτῃ
1496 4353 1553 4409 δὲ
1606 4361 1760 4431 γενεᾷ
1808 4356 1913 4410 ἀπο
1949 4389 1976 4399 -

402 4710 567 4766 XLII.
595 4709 655 4762 Ἢ
688 4709 780 4780 μὲν
813 4707 904 4762 οῦν
937 4709 1059 4783 περὶ
1107 4708 1315 4763 τούτων
1367 4711 1703 4780 ζήτησις,καῖ
1753 4712 1826 4772 εἷς
1863 4711 1974 4786 τρί-

327 4818 427 4866 την
472 4798 808 4869 παρετείνετο
865 4799 962 4866 τήν
1021 4799 1252 4873 ἡμέραν,
1314 4799 1724 4876 ἐπιφωσκούσης
1775 4798 1831 4854 δέ
1877 4808 1974 4869 τῆς

323 4884 609 4960 τετάρτης,
642 4889 811 4964 φυγάς
861 4888 889 4940 6
940 4887 1127 4959 Σίμων
1175 4888 1250 4948 εἷς
1296 4887 1463 4963 Τύρον
1515 4887 1714 4963 ᾦγετο,
1771 4890 1864 4942 Καὶ
1913 4889 1974 4942 οὐ

329 4977 469 5048 μετὰ
526 4973 738 5037 πολλὰς
784 4977 992 5049 ἡμέρας
1038 4976 1294 5052 ἀφίκοντὸ
1353 4999 1494 5040 τινες
1554 4977 1748 5032 ἐκεῖθεν
1810 4978 1974 5052 ἐπαγ-

323 5063 618 5140 γέλλοντες
647 5067 693 5100 3‘
718 5069 798 5136 τῷ
834 5065 1046 5140 Πέτρῳ,
1097 5064 1180 5119 ὅτι
1232 5066 1417 5138 Σίμων
1466 5065 1677 5141 μεγάλα
1707 5068 1977 5139 θαυμάσια

323 5151 375 5206 ἐν
408 5151 566 5226 Τύρῳ
596 5156 785 5220 ποιῶν,
829 5150 1074 5213 πολλοὺς
1118 5157 1226 5206 τῶν
1277 5152 1386 5207 ἐκεῖ
1426 5152 1749 5225 κατέπληξε,
1797 5155 1886 5208 καὶ
1919 5155 1976 5208 σε

2084 3399 2228 3448 rum,
2279 3383 2372 3451 qui
2417 3382 2563 3452 venit
2608 3380 2680 3434 ad
2728 3396 2830 3448 me,
2877 3379 3168 3449 perﬁciant
3207 3394 3226 3437 ,'
3273 3377 3363 3430 sin
3407 3376 3613 3439 minus,
3666 3379 3728 3427 ut

2083 3472 2258 3526 sciam
2288 3471 2331 3503 ²³
2357 3487 2368 3523 :
2403 3486 2468 3524 ac
2502 3485 2572 3524 ne
2603 3484 2932 3523 sermonem
2965 3466 3198 3537 longius
3229 3462 3584 3536 protraham,
3609 3460 3726 3516 cla-

2086 3577 2216 3614 rum
2250 3575 2488 3614 sensum
2521 3576 2585 3612 ac
2635 3557 2992 3611 intellectum
3027 3555 3244 3609 habent
3271 3569 3337 3607 ea
3365 3549 3726 3614 testimonia,

2085 3665 2188 3702 nec
2221 3648 2402 3702 Deum
2435 3648 2504 3700 dc
2540 3645 2866 3716 ignorantia
2896 3641 3332 3714 arguunt;licet
3362 3641 3417 3694 id
3451 3644 3612 3693 tuam
3639 3637 3728 3692 fu-

2085 3737 2209 3807 giat
2255 3734 2729 3806 intelligentiam.
2762 3733 2919 3796 Quod
2965 3736 3158 3786 autem
3191 3745 3389 3784 revera
3436 3727 3726 3799 przesciat,

2086 3826 2214 3880 ideo
2243 3825 2384 3879 dicit
2413 3824 2768 3878 Abrahamo:
2790 3821 3017 3876 Sciendo
3048 3818 3348 3888 scies,quod
3373 3818 3727 3888 peregrinum

2083 3916 2193 3969 erit
2219 3930 2401 3968 semen
2445 3921 2601 3966 tuum
2632 3913 2687 3966 in
2738 3915 2882 3964 terra
2910 3925 3017 3962 non
3049 3925 3155 3962 sua
3172 3927 3194 3970 ;
3222 3911 3272 3961 et
3305 3909 3366 3960 in
3412 3906 3727 3960 servitutem

2087 4003 2330 4072 redigent
2361 4003 2522 4066 illud,
2553 4009 2606 4056 et
2634 4001 2906 4070 afﬂigeret,
2933 4001 2982 4052 et
3011 3997 3319 4066 depriment
3347 4011 3432 4049 eos
3462 3994 3729 4065 quadrin-

2082 4094 2262 4162 genlis
2292 4091 2454 4146 annis
2485 4109 2501 4144 :
2531 4097 2744 4160 gentem
2797 4097 2978 4142 autem
3008 4088 3102 4140 cui
3140 4086 3396 4149 servient,
3439 4099 3533 4152 ego
3570 4081 3724 4155 judi-

2085 4181 2242 4236 cabo:
2257 4189 2374 4251 post
2406 4181 2520 4235 lucc
2550 4195 2672 4233 vero
2703 4177 2934 4232 exibunt
2959 4176 3063 4230 huc
3089 4191 3212 4230 cum
3241 4175 3412 4228 multo
3431 4176 3731 4244 apparatu:

2084 4275 2147 4325 tu
2172 4278 2356 4324 autem
2385 4269 2562 4323 abibis
2594 4267 2664 4322 ad
2692 4276 2876 4338 patres
2907 4275 3027 4320 tuos
3058 4281 3182 4318 eum
3214 4280 3366 4334 pace,
3400 4263 3643 4317 nutritus
3672 4263 3732 4315 in

2085 4367 2363 4413 senectute
2394 4357 2537 4412 bona
2567 4374 2585 4409 :
2617 4365 2816 4428 quarta
2847 4371 2970 4410 vero
2999 4357 3351 4422 generatione
3388 4353 3736 4406 reuertentur

2088 4447 2192 4501 huc
2220 4449 2284 4502 ³ο.
2323 4449 2387 4502 Et
2437 4463 2577 4502 sane
2608 4446 2720 4500 ista
2749 4462 2874 4516 quae
2907 4448 3038 4515 post
3071 4441 3289 4496 multas
3329 4440 3734 4512 generationes

2087 4541 2360 4590 eventura
2389 4540 2574 4598 erant,
2608 4534 2925 4588 ostendunt
2956 4532 3108 4602 quod
3145 4533 3487 4601 praenoscut,
3523 4533 3579 4582 et
3609 4543 3730 4581 ma-

2010 4639 2054 4702 D
2085 4625 2465 4680 nil‘estissime
2495 4641 2559 4678 ac
2594 4622 2916 4678 certissime
2947 4621 3110 4675 sciat.

2156 4713 2325 4768 XLII.
2359 4713 2402 4747 ⁸³
2435 4713 2632 4783 Itaque
2680 4713 2751 4766 de
2785 4710 2911 4766 istis
2945 4709 3118 4764 rebus
3165 4705 3462 4778 inquisitio
3495 4705 3565 4758 ad
3619 4708 3727 4757 ter-

2085 4804 2232 4858 tium
2265 4819 2498 4873 quoque
2530 4801 2683 4855 diem
2707 4799 2986 4872 producta
3015 4800 3341 4860 est.Quarto
3373 4798 3567 4848 autem
3595 4791 3725 4846 illu-

2085 4895 2370 4955 cescente,
2402 4891 2602 4943 Simon
2653 4889 2710 4941 in
2743 4889 2954 4958 Tyrum
3007 4886 3145 4956 fuga
3193 4902 3254 4940 se
3303 4883 3580 4953 abripuit.
3613 4881 3727 4935 Nec

2087 4979 2283 5035 multis
2317 4983 2448 5049 post
2477 4979 2687 5032 diebus
2718 4977 2957 5047 quidam
2992 4974 3151 5028 illinc
3182 4976 3486 5036 venerunt,
3521 4971 3599 5025 ita
3640 4986 3725 5024 re-

2087 5068 2428 5122 nuntiantes
2461 5071 2626 5121 Petro
2663 5082 2674 5118 :
2709 5065 2932 5127 Simon,
2967 5079 3211 5134 magnas
3242 5059 3567 5133 praestigias
3597 5058 3728 5130 Tyri

2087 5155 2556 5228 edcndo,multos
2588 5153 2908 5209 incolarum
2943 5150 3227 5224 perculit;
3260 5157 3431 5221 teque
3464 5147 3731 5220 pluribus

393 5271 473 5341 (a)
505 5268 737 5326 Mallem
769 5267 960 5342 legere
985 5264 1196 5345 ἔλεγον,
1230 5269 1454 5339 Latine,
1487 5271 1628 5326 dixi.
1664 5272 1820 5327 Enrr.
1864 5272 2105 5328 PATROL.

1682 5397 1918 5452 νΑΒιίΕ
1959 5397 2375 5453 LECTIONES.

394 5496 442 5530 ²²
503 5493 577 5549 al.
635 5494 980 5565 ζητήσωμεν.
1040 5495 1084 5528 ⁸³
1142 5493 1216 5548 al.
1276 5495 1410 5548 add.
1473 5491 1770 5567 ἀντιλέγειν
1829 5515 1923 5547 σου
1981 5498 2048 5566 τῇ
2109 5493 2315 5564 ἀταξίᾳ,
2379 5493 2454 5564 μὴ
2505 5491 2675 5545 θέλων
2740 5496 2939 5559 ζητεῖν.
3000 5493 3044 5526 ²⁴
3103 5491 3354 5567 Clement:
3404 5488 3724 5567 nbom.'m,

317 5583 369 5621 c.
405 5552 937 5629 42,etc.“’5'Gen.
1002 5583 1062 5632 Ii,
1125 5567 1208 5620 17.
1272 5567 1315 5600 ²⁶
1369 5567 1534 5634 Gen.
1570 5552 1730 5630 vult}.
1790 5568 1830 5600 ετ
1892 5552 2048 5621 Gen:
2095 5552 2235 5634 χχιι,
2275 5552 2453 5619 ’1.’²”’
2501 5567 2640 5618 Gen.
2695 5552 2863 5632 xxiii,
2932 5565 3021 5618 21.
3083 5564 3127 5604 ²9
3185 5561 3258 5634 al.
3320 5552 3729 5634 ἀμϐλυωπίανε

314 5639 362 5711 ξο
413 5639 710 5711 Gen:_xv,
765 5639 849 5692 13.
911 5638 954 5674 ³¹
1024 5639 1099 5693 al.
1152 5634 1238 5690 καὶ
1291 5635 1356 5690 τὰ
1413 5633 1689 5698 πολλαῖς,
1751 5640 1797 5672 ³³
1855 5638 1928 5693 al.
1987 5642 2235 5711 γενεαῖς.

315 5706 786 5786 ἀπαγγέλλοντες.

2300 5639 2344 5671 ³³
2389 5638 2646 5692 Clemcnt.
2708 5630 2864 5690 hom.
2918 5653 3025 5703 ιιι,
3087 5651 3133 5689 c.
3188 5632 3256 5685 58
3291 5675 3304 5698 ,
3361 5627 3489 5686 etc.
3549 5631 3593 5663 ³⁸
3641 5627 3717 5684 al.
