4082 6208
489 334 610 396 503

1301 337 1366 400 S.
1413 337 1856 400 CLEMENTIS
1902 337 1924 398 I
1973 336 2158 397 ROM.
2204 336 2432 399 PONT.
2479 337 2741 402 OPERA
2785 337 3052 403 DUBIA.

3707 337 3807 401 504

493 469 804 526 calumniis
835 469 1101 526 odiosum
1134 470 1338 528 effecit.
1374 471 1505 536 Qum
1557 475 1864 544 postquam
1901 470 2087 525 audivi

2199 527 2206 534 _
2234 467 2468 531 πολλαῖς
2500 467 2781 533 διαϐολαῖς
2817 471 3040 544 μισητὸν
3072 466 3307 539 ἐποίησε.
3354 469 3524 526 Ταῦτα
3565 465 3815 530 ἀκούσαςὸ

492 559 714 624 Petrus,
749 559 1074 630 insequenti
1109 561 1457 625 nocte,omni
1491 561 1702 633 populo
1734 564 2120 632 congregato:

488 647 534 680 ³⁵
564 647 1067 720 Quandoquidem,
1103 649 1310 721 inquit,
1346 667 1476 706 cum
1518 667 1621 722 ego
1653 666 2019 722 properarem
2048 650 2118 704 ad

488 741 708 809 gentes,
743 755 867 809 quae
900 738 1116 794 multos
1146 740 1284 794 deos
1315 743 1606 810 asserunt,
1642 743 1705 792 ut
1747 738 2120 810 praedicarem

489 841 556 879 ac
584 826 848 881 docerem
903 844 1085 881 unum
1118 844 1244 883 esse
1296 829 1471 883 Deum
1505 828 1563 882 in
1613 827 1802 883 tribus
1834 826 2117 899 personis,

486 920 801 970 creatorem
834 915 959 970 οωὶὶ
981 921 1037 970 et
1061 915 1629 987 terrae,omniumque
1659 932 1784 987 quae
1806 917 1864 971 in
1894 915 1966 971 iis
1983 932 2116 971 con-

486 1002 766 1070 tinentur,
801 1020 914 1074 quo
946 1004 1232 1070 homines,
1265 1003 1472 1060 dilecto
1505 1009 1839 1076 eo,possent
1867 1003 2116 1059 salutem

485 1091 758 1164 consequi
786 1111 798 1159 ;
825 1092 1174 1164 praeveniens
1203 1093 1789 1163 diabolus,Simonem
1815 1092 2114 1165 prmmisit,

484 1185 550 1235 ut
579 1183 953 1252 persuaderet
981 1182 1316 1238 hominibus
1345 1183 1592 1250 cunctis,
1625 1182 1809 1238 colere
1839 1183 1977 1237 deos
2015 1181 2116 1252 qui

483 1286 596 1324 non
629 1274 786 1340 sunt,
807 1275 986 1342 utque
1016 1275 1348 1326 recusarent
1375 1273 1604 1327 credere
1635 1272 1692 1326 in
1724 1289 1908 1326 unum
1934 1276 2110 1326 Deum

484 1357 582 1427 qui
618 1359 884 1414 universa
913 1359 1322 1425 condidit,tum
1346 1359 1749 1425 visibilia,tum
1779 1359 2109 1425 invisibilia;

482 1445 695 1502 idcirco
747 1452 971 1520 oportet
1001 1465 1094 1502 me
1141 1448 1251 1503 cito
1284 1449 1517 1520 assequi
1549 1464 1702 1513 eum,
1734 1465 1805 1504 ne
1851 1447 2112 1504 doctrina

482 1534 990 1602 Simonis,diutius
1019 1536 1559 1602 immorata,omnes
1591 1537 1822 1609 penitus
1854 1537 2106 1593 invadat.

550 1623 742 1678 XLIII.
776 1625 961 1689 Quare
1009 1642 1244 1681 necesse
1275 1630 1362 1680 est
1389 1625 1600 1698 aliquis
1649 1643 1750 1697 pro
1784 1643 1872 1682 me
1917 1625 2110 1682 locum

479 1727 674 1767 meum
699 1715 1176 1786 suppleat.Atque
1207 1715 1397 1769 cuncti
1417 1715 1596 1771 Deum
1617 1716 1833 1770 intente
1851 1733 2106 1782 oremus,

2231 556 2454 632 Πέτρος,
2479 563 2546 632 τῇ
2580 559 2802 633 ἐπιούσῃ
2829 559 2978 614 νυκτὶ
3008 560 3178 612 πάντα
3204 557 3292 611 τὸν
3324 554 3450 611 λαὸν
3480 554 3808 631 συναθροίσας·

2231 644 2472 718 Ἐπειδὴ,
2504 649 2686 725 φησὶν,
2732 648 3014 724 ὁρμῶντός
3069 669 3173 720 μου
3223 647 3299 708 είς
3344 645 3408 700 τὰ
3453 643 3567 715 ἔθνη
3616 645 3678 698 τα
3702 644 3814 701 πολ-

2230 732 2360 797 λοὺς
2391 737 2541 799 θεοὺς
2571 735 2816 813 λέγοντα,
2863 737 3089 813 κηρύξαι
3135 737 3225 791 καὶ
3265 732 3465 805 διδάξαι
3508 733 3587 788 ὅτι
3631 734 3698 794 εἷς
3725 731 3813 788 ἔστι

2227 824 2354 886 Θεὸς
2411 825 2460 879 ἐν
2517 825 2688 901 τρισίν
2751 827 3119 897 ὑποστάσεσιν,
3149 827 3212 887 ’ὀς
3268 823 3492 897 οὐρανὸν
3521 817 3699 896 ἔκτισε,
3741 824 3814 876 καὶ

2224 913 2321 980 τῆν
2365 916 2482 988 γῆν,
2527 915 2616 968 καὶ
2663 915 2730 969 τά
2760 914 2809 969 ἐν
2858 915 3039 976 αύνοῖς
3085 915 3270 985 πάντα,
3302 911 3449 973 ὅπως
3486 910 3812 985 ἀγαπήσαντες

2227 1000 2383 1056 αὐτὸν
2434 1003 2486 1056 οἳ
2534 1003 2810 1080 ἄνθρωποι
2863 1006 3096 1074 σωθῆναι
3147 1000 3451 1072 δυνηθῶσι·
3501 993 3814 1074 προλαϐὼνὸ

2226 1083 2506 1161 διάϐολος,
2556 1091 2782 1163 Σίμωνα
2829 1087 3281 1168 προαπέστειλεν,
3334 1085 3426 1141 ἵνα
3479 1084 3626 1158 πείσῃ
3675 1084 3816 1139 πάντα

2225 1177 2500 1252 ἄνθρωπον
2561 1177 2834 1255 λατρεύειν
2881 1185 2999 1241 τοῖς
3059 1181 3133 1254 μὴ
3193 1176 3308 1233 οὖσι
3355 1177 3514 1246 Θεοῖς,
3562 1173 3645 1228 καὶ
3683 1174 3816 1248 ἀρνή.

2223 1287 2419 1321 σωνται
2450 1267 2712 1323 πιστεύειν
2766 1270 2840 1331 εἷς
2889 1267 2981 1324 ἕνα
3030 1269 3156 1324 Θεὸν
3203 1268 3296 1321 τὸν
3339 1267 3628 1334 ποιήσαντα
3655 1263 3813 1320 πάντα.

2220 1356 2284 1408 τά
2311 1377 2369 1410 τε
2399 1358 2565 1432 ὁρατᾶ
2591 1358 2679 1412 καὶ
2708 1359 2775 1412 τὰ
2803 1357 3020 1434 ἀόρατα⁶
3052 1359 3163 1432 χρή
3205 1376 3271 1428 με
3317 1352 3527 1428 ταχέως
3572 1350 3715 1405 αὐτὸν
3739 1371 3815 1403 κα-

2217 1440 2492 1518 ταλαϐεῖν,
2532 1445 2623 1500 ’ίνα
2665 1448 2740 1520 μὴ
2773 1449 2807 1516 ἡ
2841 1444 3156 1501 διδασκαλία
3200 1447 3297 1498 τοῦ
3331 1442 3571 1515 Σίμωνος
3601 1439 3813 1515 ἐγχρονί-

2219 1553 2370 1604 σασα,
2403 1534 2678 1598 παντελῶς
2709 1535 2921 1590 πάντων
2956 1535 3309 1610 ἐπικρατήσῃ.

2288 1624 2470 1680 XLIII.
2505 1629 2594 1679 Δεῖ
2651 1625 2740 1678 οὗν
2802 1625 2912 1680 ἀντ’
2961 1623 3095 1697 ἐμοῦ
3143 1625 3259 1678 τινα
3304 1621 3398 1676 τὸν
3449 1618 3572 1692 ἐμὸν
3609 1615 3817 1687 ἀναπληο

2218 1715 2384 1786 ρῶσαι
2415 1713 2707 1768 τόπον.Καὶ
2743 1714 2934 1776 πάντες
2976 1718 3074 1769 τοῦ
3103 1717 3237 1768 Θεοῦ
3281 1710 3507 1770 ἐκτενῶς
3549 1704 3810 1778 δεηθῶμεν,

477 1805 541 1855 ut
569 1818 701 1856 eum
750 1803 848 1874 qui
898 1803 1110 1876 dignus
1159 1804 1255 1870 sit,
1290 1810 1438 1859 Deus
1487 1804 1769 1876 designet.
1802 1807 1844 1846 ³⁸
1885 1805 2087 1869 Quibus

2217 1799 2366 1862 ὅπως
2393 1801 2484 1855 τὸν
2538 1798 2662 1857 ὅντα
2709 1803 2850 1873 ἄξιον
2883 1805 2910 1858 6
2957 1803 3083 1865 Θεὸς
3132 1798 3396 1873 ἀναδείξῃ.
3447 1795 3545 1854 Καὶ
3581 1798 3728 1849 ταῦτα
3751 1793 3814 1848 εί-

475 1889 671 1958 dictis,
700 1890 980 1962 imposuit
1009 1909 1220 1948 manus
1251 1893 1537 1963 Zacchaeo,
1569 1898 1626 1948 et
1654 1893 1735 1948 ait
1766 1912 1778 1950 :
1813 1894 1955 1950 Here
1995 1896 2104 1952 Do-

473 1978 648 2048 mine,
700 1984 869 2035 Pater
917 1981 1142 2036 Domini
1191 1981 1408 2052 Deique
1446 1999 1512 2038 ac
1561 1981 1873 2038 Salvatoris
1921 1985 2103 2040 nostri

465 2067 603 2122 Jesu
636 2068 847 2124 Christi
878 2088 890 2137 ;
927 2087 1027 2142 per
1058 2069 1340 2141 Spiritum
1373 2075 1540 2125 tuum
1572 2076 1845 2127 sanctum
1876 2089 1940 2127 ac
1970 2074 2108 2151 ado-_

467 2156 731 2227 rabilem,
763 2163 825 2212 tu
877 2158 1032 2213 hunc
1062 2163 1243 2225 tuere,
1278 2159 1378 2230 qui
1409 2163 1606 2229 pastor
1637 2159 1712 2214 sit
1761 2159 1957 2232 populi
1990 2163 2099 2228 tui,

463 2260 637 2314 quem
670 2244 914 2318 elegisti.
948 2247 1076 2302 Haec
1111 2246 1207 2302 ubi
1239 2246 1498 2315 dixisset,
1533 2247 1603 2302 ad
1635 2249 1914 2320 populum
1939 2250 2094 2306 inﬁt:

462 2333 802 2405 Quicunque
831 2335 1113 2406 baptizari
1138 2335 1406 2399 vultis,ex
1433 2335 1685 2391 crastino
1715 2336 1808 2391 die
1828 2337 2097 2408 jejunare

458 2421 858 2492 incipite.Post
884 2427 1002 2478 tres
1033 2428 1224 2478 autem
1257 2424 1543 2490 dies,cum
1576 2423 1865 2496 baptizare
1895 2426 2096 2497 cmpis-

459 2515 566 2576 set,
600 2512 823 2567 vocavit
853 2528 946 2567 me
992 2512 1368 2583 Clementem,
1402 2511 1684 2580 Vicetam,
1716 2519 1772 2570 et
1799 2514 2090 2587 Aquilam,

458 2615 524 2654 ac
553 2599 697 2656 dixit
727 2617 741 2656 :

529 2687 715 2744 XLIV.
748 2689 962 2759 Tyrum
995 2691 1358 2762 profecturus
1387 2695 1518 2762 post
1550 2695 1770 2761 septem
1803 2692 2089 2762 dies,volo

458 2775 540 2830 uti
575 2794 676 2832 vos
727 2778 988 2834 celeriter
1028 2783 1085 2834 et
1130 2779 1520 2849 advenientes,
1556 2785 1613 2835 et
1657 2781 1812 2852 apud
1859 2781 2086 2838 Chana-

457 2882 641 2920 naeam
675 2867 1027 2934 Berenicem,
1049 2868 1230 2923 Justa:
1262 2868 1442 2922 filiam
1477 2868 1624 2924 clam
1656 2870 2084 2942 hospitati,om-

449 2953 546 3008 nia
576 2971 700 3026 quae
732 2957 802 3010 ad
825 2956 1122 3012 Simonem
1145 2958 1436 3028 pertinent
1459 2958 1835 3030 investigatis,
1857 2977 1923 3014 ac
1951 2959 2083 3014 dili-

445 3048 648 3115 genter
679 3045 820 3098 mibi
857 3047 1250 3116 perscribatis.
1288 3047 1646 3119 Quapropter
1667 3048 1915 3118 jamjam
1947 3066 2080 3104 cum

442 3148 584 3203 pace
614 3134 851 3206 pergite.
869 3134 1051 3206 Igitur
1077 3136 1472 3207 relinquentes
1504 3153 1637 3191 eum
1669 3137 2077 3209 baptizantem,

443 3220 502 3275 in
532 3221 746 3293 Tyrum
773 3223 1064 3278 thnicie
1084 3225 1322 3296 profecti
1351 3241 1558 3280 sumus
1583 3227 1654 3281 :38
1671 3231 1728 3281 et
1757 3228 1909 3298 apud
1934 3245 2077 3298 prm-

443 3309 657 3366 dictam
707 3311 1090 3368 Chananaam
1159 3313 1452 3379 diversati,
1505 3316 1844 3386 acceptique
1894 3317 1966 3371 ab
2014 3335 2081 3372 ea

440 3396 742 3468 splendide
791 3417 856 3456 ac
886 3401 1221 3471 honoriﬁce,
1256 3403 1450 3458 statim
1508 3403 1578 3457 de
1610 3404 1847 3460 Simone
1898 3403 2076 3460 locuti

440 3503 670 3556 sumus,
702 3487 794 3544 his
824 3490 1014 3545 verbis
1045 3507 1056 3544 :
1093 3491 1289 3546 Simon
1324 3491 1431 3546 iste
1459 3495 1682 3564 Magus,
1715 3493 1772 3547 in
1814 3493 2075 3566 disputa-

438 3576 615 3642 tione,
644 3593 822 3649 quam
863 3595 995 3633 cum
1047 3580 1284 3634 domino
1335 3584 1532 3635 nostro
1582 3581 1746 3637 Petro
1809 3581 2076 3638 Cesareae

436 3664 660 3734 habuit,
693 3673 1022 3738 superatus,
1056 3669 1255 3723 statim
1287 3685 1354 3723 eo
1392 3669 1591 3724 habitu
1625 3686 1739 3740 quo
1788 3676 1932 3737 erat,
1963 3672 2077 3728 huc

436 3770 498 3808 se
529 3756 810 3827 profugus
841 3756 1083 3813 contulit
1110 3776 1122 3825 ;
1147 3763 1319 3829 atque
1350 3758 1408 3812 in
1437 3775 1570 3814 eum
1600 3759 1907 3816 maledicta
1937 3778 2075 3817 con-

425 3842 638 3911 jiciens
671 3843 1090 3916 simpliciorum
1124 3847 1348 3902 animas
1379 3848 1592 3918 abripit
1623 3865 1636 3903 :
1669 3865 1921 3920 cumque
1951 3849 2075 3922 ipse

435 3948 642 4003 magus
673 3933 943 3999 sit,illum
977 3952 1256 4006 magnum
1278 3936 1614 4007 appellat;et
1639 3954 1771 3992 cum
1789 3937 1867 3992 sit
1888 3938 2072 4010 impo-

433 4021 972 4090 stor,apostolornin
1013 4023 1387 4094 impostorem
1421 4024 2072 4098 proclamat;quiquein

430 4107 705 4164 omnibus
755 4110 1018 4165 devictus
1068 4111 1195 4182 fuit,
1246 4129 1424 4183 seque
1473 4113 1530 4168 in
1579 4113 1775 4186 fugam
1829 4114 2074 4186 turpiter

430 4197 696 4267 conjecit,
729 4197 936 4253 vicisse
970 4216 1031 4254 se
1063 4202 1386 4270 proﬁtetur.

499 4283 660 4339 XLV.
696 4286 965 4342 Berenice
996 4293 1217 4354 autem,
1248 4288 1376 4360 ipsa
1410 4305 1642 4361 quoque
1685 4289 1765 4344 ita
1796 4307 1917 4345 rem
1967 4291 2070 4346 ha-

428 4371 564 4428 bere
611 4378 820 4429 testata
862 4381 992 4440 est;
1026 4382 1082 4431 et
1126 4378 1351 4448 reliqua
1399 4378 1514 4432 alia
1566 4396 1668 4450 per
1709 4396 1769 4434 se
1821 4380 2065 4436 addidit.

425 4461 848 4518 Phantasmata
897 4465 1076 4529 enim,
1109 4466 1321 4536 inquit,
1355 4472 1668 4538 postquam
1721 4468 1770 4522 is
1805 4469 1917 4524 huc
1965 4471 2066 4524 ad-

2215 1889 2352 1962 πὼν,
2385 1889 2614 1961 ἐπέθηκε
2643 1897 2832 1968 χεῖρας
2860 1896 2940 1963 τῷ
2986 1890 3261 1967 Ζακχαίῳ,
3305 1888 3397 1943 καὶ
3428 1881 3574 1966 φησι*
3610 1884 3818 1938 Δέσποτα

2214 1977 2378 2052 Κύριε
2401 1980 2428 2033 6
2455 1981 2636 2056 Πατὴρ
2665 1984 2761 2034 τοῦ
2785 1979 2985 2056 Κυρίου
3008 1982 3096 2034 καὶ
3122 1983 3255 2034 Θεοῦ
3285 1976 3376 2032 καὶ
3411 1980 3656 2048 Σωτῆρος
3676 1973 3806 2042 ἡμῶν

2211 2067 2387 2136 Ἰησοῦ
2418 2066 2768 2142 Χριστοῦ,διᾶ
2813 2074 2910 2124 τοῦ
2956 2067 3268 2141 Πνεύματός
3301 2087 3397 2121 σου
3443 2068 3538 2119 τοῦ
3575 2060 3714 2136 ἁγίου
3738 2059 3811 2113 καὶ

2209 2163 2603 2232 προσκυνητοῦ,
2656 2158 2718 2212 σὺ
2765 2155 3089 2235 διαφύλαξον
3145 2160 3362 2224 τοῦτον,
3413 2149 3694 2226 ποιμαίνειν
3735 2147 3810 2202 τὸν

2208 2243 2336 2300 λαόν
2397 2267 2510 2317 σου,
2563 2247 2620 2300 ’ὸν
2677 2244 2916 2317 ἐξελέξω.
2968 2245 3068 2302 Καὶ
3122 2250 3291 2300 ταῦτα
3345 2243 3530 2312 εἰπὼν,
3582 2237 3702 2314 πρὸς
3736 2237 3811 2290 τὸν

2206 2332 2335 2388 λαόν
2364 2331 2487 2412 ἔφη·
2521 2337 2673 2390 Ὅσοι
2728 2337 3079 2410 βαπτισθῆναι
3129 2333 3334 2402 Θέλετε,
3385 2331 3490 2386 ἀπὸ
3531 2336 3624 2397 τῆς
3660 2323 3813 2397 αὔριον

2201 2423 2470 2493 νηστεύειν
2520 2421 2760 2500 ἄρξασθε.
2812 2425 2956 2479 Μετά
3000 2421 3058 2478 δὲ
3098 2429 3243 2498 τρεῖς
3304 2419 3513 2496 ἡμέρας
3564 2415 3804 2493 βαπτίζειν

2201 2511 2515 2586 ἀρξάμενος,
2557 2512 2652 2585 ἐμὲ
2697 2512 2993 2587 Κλήμεντα
3039 2514 3292 2591 φωνήσας
3336 2509 3428 2564 καὶ
3472 2508 3693 2577 Νικήτην
3726 2507 3804 2560 καί

2201 2598 2453 2670 ’Δκύλαν,
2486 2599 2612 2679 ἔφη.

2269 2694 2452 2749 XLIV.
2501 2689 2777 2747 Μέλλοντί
2827 2712 2920 2763 μοι
2959 2691 3094 2764 πρὸς
3141 2691 3241 2758 τὴν
3289 2687 3458 2763 Τύρον
3507 2687 3666 2760 ὁρμᾷν
3705 2683 3801 2756 μεθ’

2196 2780 2406 2853 ἡμέρας
2437 2781 2587 2849 έπτὰ,
2642 2777 2913 2856 βούλομαι
2965 2779 3027 2834 τὸ
3079 2780 3246 2854 τάχος
3299 2778 3438 2850 ὑμᾶς
3479 2776 3582 2830 ἐκεῖ
3605 2772 3802 2849 γενομέ-

2192 2889 2334 2934 νους,
2363 2871 2451 2923 καὶ
2492 2871 2637 2944 παρᾶ
2684 2869 2752 2942 τῃ
2803 2865 3146 2923 Χαναανίτιδι
3193 2871 3237 2904 ³⁷
3291 2864 3546 2942 Βερνίκῃ,
3595 2861 3802 2930 Ἰούστης

2193 2958 2412 3034 θυγατρῖ
2463 2957 2836 3019 λανθανόντως
2885 2957 3314 3028 ἐπιξενωθέντας,
3363 2956 3430 3010 τὰ
3457 2953 3586 3008 κατὰ
3609 2952 3689 3006 τὸν
3722 2950 3800 3004 Σί-

2194 3067 2346 3118 μωνα
2376 3047 2548 3101 πάντα
2592 3044 3127 3120 διερευνησαμένους,
3180 3039 3425 3120 ἀκριϐῶς
3471 3042 3658 3118 γράψαι
3704 3057 3796 3111 μοι.

2193 3135 2286 3189 Διὸ
2309 3134 2527 3206 ἐξαυτῆς
2577 3135 2867 3207 πορεύεσθε
2919 3140 3031 3207 μετ’
3081 3134 3328 3210 εἰρήνης.
3384 3132 3483 3189 Καὶ
3532 3128 3594 3198 δὴ
3641 3126 3801 3204 βαπτί-

2195 3228 2353 3292 ζοντα
2408 3222 2791 3284 καταλιπόντες
2845 3221 3039 3288 αὐτὸν,
3095 3222 3171 3284 εἰς
3221 3221 3394 3297 Τύρον
3445 3226 3542 3288 τῆς
3573 3215 3796 3283 Φοινίκης

2189 3312 2556 3388 ἐπορευόμεθα
2588 3328 2602 3343 ⁸
2659 3312 2748 3366 καὶ
2817 3311 2963 3387 παρὰ
3016 3315 3085 3385 τῇ
3143 3309 3517 3387 προειρημένῃ
3569 3303 3794 3361 Χαναανί-

2185 3398 2292 3455 τιδι
2325 3405 2370 3438 39
2423 3401 2797 3477 καταχθέντες,
2857 3401 2947 3455 καὶ
3005 3397 3269 3475 δαψιλοῦς
3322 3403 3368 3437 ⁸ο
3419 3399 3544 3474 παρ’
3582 3395 3703 3468 αὐτῇ
3730 3393 3796 3464 ξε-

2184 3489 2295 3552 νίας
2327 3493 2370 3528 “
2403 3488 2489 3544 καί
2520 3489 2815 3567 φιλοτίμου
2843 3488 3120 3565 τυχόντες,
3149 3488 3272 3564 περὶ
3324 3491 3422 3542 τοῦ
3453 3486 3691 3560 Σίμωτος
3716 3480 3794 3537 αύο

2181 3578 2306 3634 τίκα
2353 3577 2740 3654 διελεγόμεθαο
2801 3579 2984 3652 Σίμων
3027 3577 3182 3640 οὗτος
3229 3579 3258 3633 6
3310 3579 3514 3653 Μάγος,
3565 3573 3794 3638 εἰπόντες,

2185 3667 2271 3721 ἐπὶ
2299 3671 2398 3737 τῆς
2447 3668 2498 3722 ἐν
2553 3667 2849 3744 Καισαρείᾳ
2893 3669 3028 3744 πρὸς
3073 3668 3164 3722 τὸν
3215 3665 3403 3743 κύριον
3436 3668 3590 3738 ἡμῶν
3620 3663 3792 3736 Πέτρον

2188 3759 2467 3826 ζητήσεως
2522 3756 2799 3828 ἡττηθεὶς,
2853 3762 3021 3835 φυγὰς
3071 3756 3293 3820 ἐνταῦθα
3341 3756 3419 3818 ὡς
3476 3755 3612 3831 εἶχεν
3666 3749 3795 3810 εὐθὺς

2184 3843 2408 3918 ἀπέδρα,
2439 3844 2528 3899 καὶ
2561 3843 2984 3920 λοιδορούμενος
3016 3843 3181 3916 αὐτῷ,
3231 3844 3552 3918 συναρπάζει
3593 3839 3679 3900 τὰς
3703 3840 3792 3891 τῶν

2186 3930 2567 4007 ἁπλουστέρων
2600 3935 2800 4010 ψυχάς·
2827 3934 2917 3987 καὶ
2951 3932 3124 4008 μάγος
3154 3929 3226 3986 ὢν
3259 3931 3440 4003 αὐτός,
3495 3930 3653 4003 μάγον

2180 4042 2270 4075 νον
2303 4019 2588 4076 ἀποκαλεῖο
2611 4023 2700 4076 καὶ
2721 4021 2925 4084 πλάνος
2947 4019 3020 4076 ὢν
3046 4023 3203 4083 οὗτος
3224 4021 3316 4076 τὸν
3353 4017 3646 4075 ἀπόστολον
3675 4009 3794 4068 πλά-

2177 4131 2269 4164 νον
2295 4110 2656 4187 ἀποκηρύττει
2681 4115 2748 4148 ⁴²·
2772 4112 2861 4166 καὶ
2885 4109 2972 4166 διὰ
3012 4112 3222 4166 πάντων
3248 4109 3412 4172 αὐτὸς
3446 4105 3703 4178 ἡττηθεὶς,
3721 4097 3793 4156 καί

2182 4204 2322 4278 φυγῇ
2347 4199 2588 4275 αἰσχρῶς
2621 4200 2804 4255 ἑαυτόν
2838 4199 3144 4276 ἐπιτρέψας,
3179 4198 3368 4278 φάσκει
3398 4195 3732 4267 νενικηκέναι.

2249 4291 2408 4345 XLV.
2452 4291 2513 4344 Ἡ
2561 4288 2785 4366 Βερνίκη
2842 4289 2937 4362 μέν
2985 4288 3100 4359 οῦν,
3150 4287 3293 4344 οὕτω
3337 4289 3429 4344 καὶ
3474 4286 3604 4354 αὐτὴ
3652 4285 3791 4337 ταῦτ²

2179 4374 2323 4454 ἔχειν
2375 4378 2489 4432 εἷπε
2536 4378 2623 4432 καὶ
2669 4375 2847 4434 τᾶλλα
2897 4376 2953 4433 δὲ
3000 4379 3127 4454 παρ’
3169 4379 3363 4447 ἑαυτῆς
3413 4377 3479 4432 τὰ
3526 4371 3792 4444 λειπόμενα

2176 4466 2498 4542 προσετίθει.
2533 4468 2892 4539 Φαντάσματα
2940 4469 3065 4542 γὰρ,
3118 4465 3243 4544 ἔφη,
3286 4467 3424 4538 μετά
3466 4466 3528 4519 τὸ
3571 4458 3692 4536 τῇδε
3717 4457 3790 4512 αὖ·

423 4552 660 4611 venit.et
690 4557 998 4623 spectraac
1029 4554 1344 4609 simulacra
1367 4557 1626 4627 quotidie
1651 4557 1706 4611 in
1735 4559 1922 4614 medio
1946 4559 2065 4613 foro

2199 4556 2264 4610 ’ὸν
2318 4555 2619 4626 ἐπιστῆναι,
2667 4556 2756 4610 καὶ
2809 4553 3112 4629 ἰνδάλματα
3158 4556 3275 4611 καθ’
3325 4557 3550 4624 ἑκάστην
3597 4551 3644 4606 ἐν

421 4638 660 4706 faciens,
697 4646 873 4696 totam
909 4643 1295 4715 obstupefacit
1325 4645 1616 4700 civitatem
1648 4663 1659 4699 :
1691 4647 1734 4680 ‘3
1765 4665 1898 4701 nam
1946 4653 2064 4702 sta-

420 4733 532 4781 tum
565 4731 802 4800 quidem
850 4739 1158 4786 moventur
1187 4735 1422 4804 quando
1456 4735 1578 4805 ipse
1622 4737 1974 4805 pertransit;
2009 4743 2066 4791 et

419 4834 550 4872 vero
583 4836 734 4890 szepe
766 4821 986 4874 umbrae
1019 4821 1066 4875 ei
1104 4827 1537 4893 prareunt,quas
1567 4829 1622 4878 et
1653 4825 2061 4879 defunctorum

420 4907 647 4961 animas
684 4910 964 4964 nominat.
1000 4911 1208 4978 Multos
1241 4929 1409 4982 porro
1441 4913 1539 4981 qui
1571 4929 1705 4967 eum
1742 4915 2060 4984 prznstigia-

419 4999 600 5049 torem
631 4995 1061 5064 dicebant,cum
1096 5005 1295 5070 postea
1325 5002 1393 5054 ad
1431 5001 1755 5056 convivium
1783 5008 2057 5066 vocasset,

418 5090 474 5137 et
506 5084 705 5138 bovem
760 5092 1091 5145 mactasset.
1128 5089 1386 5159 ipsisque
1438 5090 1490 5142 in
1524 5107 1714 5144 escam
1761 5089 2056 5157 dedisset;

416 5172 591 5226 variis
624 5175 843 5228 morbis
877 5175 1197 5246 implicuit;
1227 5184 1398 5247 atque
1430 5179 1724 5234 (Immunes
1755 5179 1838 5233 eis
1871 5180 2032 5233 immi

415 5262 493 5316 sit
527 5279 538 5317 :
576 5263 631 5316 in
665 5281 917 5331 summa,
937 5265 1154 5319 inultos
1186 5268 1669 5338 aflligcndo,deus
1695 5285 1823 5323 esse
1856 5268 2055 5323 existi-

2174 4649 2241 4718 τῇ
2273 4645 2442 4720 ἁγορᾷ
2487 4650 2675 4711 ποιῶν,
2725 4652 2895 4700 πᾶσαν
2945 4644 3234 4715 ἐκπλήττει
3281 4646 3382 4714 τῆν
3412 4641 3591 4698 πόλιν·
3623 4640 3690 4699 ὡς
3717 4637 3788 4690 ἀν’

2175 4731 2422 4808 δριαντας
2475 4735 2569 4805 μέν
2615 4734 2779 4788 αὐτοῦ
2829 4732 3185 4810 διερχομένου
3235 4735 3517 4799 κινεῖσθαι,
3546 4730 3629 4785 καὶ
3659 4726 3786 4783 σκιὰς

2173 4819 2447 4883 πολλάκις
2504 4826 2550 4859 ⁴⁴
2602 4822 2764 4877 αὐτοῦ
2822 4825 3227 4898 προηγεῖσθαι,
3285 4822 3346 4882 ἃς
3399 4822 3487 4876 καὶ
3557 4825 3656 4873 τῶν
3722 4834 3789 4867 τε-

2171 4910 2446 4979 θνηκότων
2497 4913 2673 4987 ψυχας
2723 4912 2879 4972 αύτός
2933 4911 3210 4984 ὀνομάζει.
3263 4909 3512 4971 Πολλοὺς
3555 4906 3608 4963 δὲ
3654 4901 3787 4960 αὐτόν

2168 5001 2257 5053 καὶ
2288 5000 2462 5076 γόητα
2511 4998 2781 5075 λέγοντας,
2832 5001 3049 5076 ὕστερον
3079 5001 3152 5062 εἷς
3198 4997 3430 5075 εὐωχίαν
3477 4996 3626 5067 δῆθεν
3654 4990 3786 5047 καλέ·

2170 5110 2283 5156 σαςν
2323 5091 2449 5161 βοῦν
2498 5109 2557 5142 τε
2603 5088 2787 5157 θύσας,
2835 5091 2922 5144 καὶ
2970 5089 3164 5151 αὐτοὺς
3215 5091 3480 5154 ἑστιάσας,
3532 5078 3783 5161 διαφόροις

2167 5173 2455 5252 περιέϐαλε
2501 5177 2700 5239 νόσοις.
2739 5179 2839 5234 Καὶ
2893 5176 3154 5250 δαίμονας
3189 5176 3245 5232 δέ
3276 5178 3455 5239 αὐτοῖς
3488 5175 3632 5245 ἐνῆκε
3663 5194 3674 5205 ’
3705 5189 3780 5223 καί

2166 5264 2310 5328 ὅλως
2340 5265 2584 5328 πολλοὺς
2624 5267 2895 5340 κακώσας,
2951 5267 3071 5329 Οεὸς
3123 5267 3253 5322 εἶναι
3297 5266 3619 5339 νενόμισται.
3647 5261 3778 5312 Ὀθεν

1769 5410 2009 5465 νΑΡιΙίΕ
2056 5410 2465 5467 LECTIONES.

485 5505 528 5538 ετ
563 5505 680 5586 Nec:
741 5504 777 5558 1.
849 5507 1176 5586 ωηο-65,
1238 5510 1363 5586 etc.‘
1407 5508 1450 5586 3f
1510 5508 1998 5586 Clementuhom,
2064 5527 2155 5586 ιιι,Δ
2205 5526 2255 5564 c.
2316 5511 2406 5578 72,
2442 5505 3186 5586 ⁸ειιο..(ιγ-ιιι..Χοινοινὶτιδι.
3246 5510 3290 5545 ³³
3342 5510 3598 5586 Clamantt
3632 5503 3770 5586 hem.

415 5592 596 5656 Iv,_c.
661 5577 706 5643 1,
769 5581 877 5631 etc.
939 5577 984 5656 ξ³⁹
1031 5576 1102 5632 al.
1169 5574 1602 5656 Xav1~itzzr3:.utf’
1659 5579 1730 5634 al.
1791 5575 2057 5651 δαψιλῶς.
2117 5581 2156 5615 ⁴¹
2219 5574 2402 5636 Deest
2440 5579 2498 5634 in
2556 5579 2631 5636 al.
2691 5582 2735 5615 "
2790 5579 2867 5637 al.
2931 5581 3380 5656 ἀνακηρύττει.⁴³
3435 5574 3768 5640 Anastasius,

412 5647 728 5717 Cedrenus,
759 5647 1120 5719 Nicephorus
1207 5651 1249 5683 Η
1308 5649 1381 5704 al.
1417 5647 1649 5710 πολλάς.
