4082 6208
305 262 414 338 505

1037 273 1566 337 CLEMENTINA.
1597 308 1673 317 —
1703 270 2051 333 EPITOME
2098 272 2199 334 DE
2241 274 2511 339 GESTIS
2558 278 2623 339 S.
2671 274 2933 340 PETRI.

3557 275 3676 342 506

299 406 390 463 οὐκ
419 404 611 479 οἴομαι
669 403 983 476 δυνήσεσθαί
1040 428 1181 475 τινα,
1235 410 1490 461 τοσοῦτον
1538 410 1642 481 πῦρ
1702 403 1911 480 ἀναφθὶι

2044 412 2237 463 matus
2260 410 2651 472 est.Quocirca
2677 428 2792 466 non
2850 416 2988 482 puto
3045 427 3400 485 quemquam
3454 410 3664 467 valitu-

296 490 631 552 κατασϐέσαι.
684 496 775 550 Διὸ
827 501 924 550 τοῦ
986 498 1059 569 μὴ
1108 493 1427 550 κινδυνεύειν
1486 496 1623 567 ὑμᾶς
1683 496 1727 530 ⁸⁵
1764 494 1923 569 χάριν

295 582 609 659 παρακαλῶ,
667 581 828 657 μηδὲν
880 585 1238 661 ἐγχειρήσητε
1286 585 1420 659 πρὸς
1473 583 1654 652 αὐτὸν,
1704 584 1829 657 πρὶν
1862 582 1923 637 ’ἀν

293 674 319 727 ὁ
369 672 677 735 ἀπόστολος
732 675 933 749 Πέτρος
994 674 1267 752 ἀφίκηται,
1325 674 1382 734 ’ὁς
1436 678 1531 727 τοῦ
1584 672 1782 749 Κυρίου
1836 672 1925 727 καὶ

290 766 417 817 Θεοῦ
496 764 656 835 ἡμῶν
711 767 888 833 Ἰησοῦ
945 768 1179 839 Χριστοῦ
1237 759 1607 835 δοκιμῶτατος
1667 762 1922 837 ὑπάρχων

290 853 556 925 μαθητής,
609 851 887 922 δυνήσεται
932 852 1099 925 μόνος
1149 852 1285 927 πρὸς
1324 851 1588 923 τοσαύτην
1619 849 1922 906 δυναστείαν

286 940 759 1015 ἀνταγωνίσασθαι.

352 1031 545 1085 XLVI.
580 1034 757 1084 Ταῦτα
804 1032 905 1099 τῆς
952 1029 1206 1106 Βερνίκης
1262 1029 1540 1099 εἰπούσης,
1570 1031 1733 1103 ἡμεῖς
1761 1026 1926 1093 ἕωθεν

288 1116 453 1171 πάντα
480 1118 547 1171 τά
578 1119 714 1172 κατά
746 1120 836 1173 τὸν
891 1119 1114 1192 Σίμωνα
1143 1118 1460 1195 γράψαντες,
1512 1118 1586 1180 εἰς
1633 1118 1923 1194 περίπατον

282 1205 639 1280 ἐτραπόμεθα.
653 1208 754 1264 Καὶ
778 1205 843 1277 δη
867 1207 957 1262 καὶ
999 1208 1243 1263 Ἀππίων
1286 1208 1487 1277 ὑπαντᾷ
1524 1208 1658 1280 ἡμῖν
1684 1209 1797 1281 μεθ’
1821 1209 1921 1264 ἒτέ.

280 1315 381 1370 ρων
406 1296 724 1369 τριάκοντα.
753 1296 995 1353 Ἀππίων
1030 1296 1254 1364 ἐκεῖνος,
1298 1297 1360 1351 οὗ
1390 1297 1617 1373 πρόσθεν
1651 1296 1923 1369 ἐμνήσθη-

283 1404 389 1455 μεν.
423 1384 531 1439 Καὶ
557 1386 673 1456 ἅμα
694 1390 772 1456 τῷ
791 1383 921 1440 ἰδεῖν
956 1406 1043 1457 με,
1082 1385 1519 1461 προσαγορεύσας
1558 1407 1617 1440 τε
1645 1385 1733 1440 καὶ
1764 1406 1923 1439 κατα-

283 1472 642 1545 σπασάμενος·
668 1474 833 1535 Οὗτός
864 1474 971 1529 ἐστι
1022 1473 1284 1547 Κλήμης,
1316 1472 1415 1553 ἔφη
1446 1480 1561 1536 τοῖς
1597 1475 1710 1547 μετ’
1741 1473 1922 1545 αὐτοῦ,

284 1561 397 1635 περὶ
426 1566 524 1616 τοῦ
546 1564 631 1635 (a)
660 1561 833 1617 πολὺν
864 1563 913 1617 ἐν
944 1563 1179 1638 εὐγενείᾳ
1206 1585 1263 1618 τε
1293 1566 1380 1617 καὶ
1411 1563 1625 1639 τρόπων
1653 1561 1927 1637 ἐλευθερίᾳ

284 1650 408 1723 πρός
443 1650 589 1722 ὑμᾶς
627 1652 927 1725 ἐποιούμην
957 1650 1143 1727 λόγον·
1178 1651 1260 1707 ὅτι
1291 1653 1421 1727 ἀνὴρ
1456 1652 1611 1727 γένος
1631 1672 1690 1706 τε
1719 1648 1790 1704 ὣν
1821 1651 1924 1717 ἀπὸ

282 1740 542 1815 Καίσαρος
603 1736 875 1817 Τιϐερίου,
925 1741 1013 1795 καὶ
1068 1748 1236 1795 πᾶσαν
1289 1740 1620 1811 Ἑλληνικὴν
1678 1738 1921 1794 παιδείαν
1955 1771 2002 1836 Β

279 1828 681 1900 ἐξησκημένος,
734 1831 835 1885 ὑπὸ
890 1826 1163 1907 βαρϐάρου
1213 1830 1355 1891 τινὸς
1412 1832 1510 1898 τήν
1556 1829 1924 1905 προσηγορίαν

283 1917 502 1992 Πέτρου,
550 1919 627 1973 τὰ
674 1925 1004 1995 Χριστιανῶν
1053 1926 1226 1974 ποιεῖν
1278 1920 1365 1974 καὶ
1416 1918 1591 1993 λέγειν
1626 1920 1919 1988 ἠπάτηται.

274 2008 415 2061 Ὀθεν
443 2007 609 2077 ἀξιῶ,
645 2008 1065 2085 συναγωνίσασθέ
1115 2029 1206 2081 μοι
1253 2010 1389 2084 πρὸς
1418 2010 1516 2076 τήν
1548 2008 1742 2063 τούτου
1776 2005 1921 2082 διόρ-

282 2097 457 2152 θωσιν.
491 2098 619 2174 Ἐφ’
652 2098 803 2170 ὑμῶν
832 2099 934 2172 γὰρ
978 2097 1141 2153 αὐτοῦ
1192 2098 1543 2169 πυνθάνομαι,
1576 2097 1668 2151 καί
1717 2096 1921 2170 λεγέτω

283 2205 385 2256 μοι·
444 2183 645 2254 ἐπειδὴ
704 2187 839 2260 πρὸς
887 2187 951 2241 τὸ
1004 2181 1236 2241 εὐσεϐεῖν
1288 2187 1471 2241 ἑαυτὸν
1521 2183 1919 2241 ἀποδεδωκέναι

279 2274 499 2347 νομίζει,
533 2280 661 2337 πῶς
711 2274 837 2351 οὐχὶ
884 2274 1062 2331 καὶτὰ
1113 2275 1337 2351 μέγιστα
1389 2270 1589 2346 ἀσεϐεῖ,
1628 2275 1695 2329 τὰ
1723 2276 1922 2351 πάτρια

284 2363 369 2435 μέν
396 2363 744 2437 καταλιπὼν,
794 2362 1085 2427 ἀποκλίνας
1146 2362 1202 2420 δὲ
1260 2365 1336 2427 εἷς
1387 2361 1478 2436 ἔθη
1539 2360 1783 2441 βάρϐαρα
1830 2363 1919 2418 καὶ

279 2450 565 2510 ἀλλόκοτα.

340 2630 731 2707 ΧῘΝΙΙ.Κάγὼ
762 2632 897 2707 πρὸς
920 2631 1206 2701 σύτόνοτὴν
1243 2632 1335 2705 μὲν
1368 2633 1505 2706 πρὸς
1535 2633 1631 2705 ἓμέ
1662 2654 1778 2699 σου,
1811 2654 1914 2709 φη-

275 2719 346 2789 μὶ,
388 2719 607 2793 ἀγαθὴν
657 2721 968 2795 προαίρεσιν
1011 2719 1378 2798 ἀποδέχομαιο
1410 2723 1508 2791 τὴν
1553 2719 1610 2776 δὲ
1651 2722 1916 2796 ἀγνωσίαν

274 2807 695 2880 ἀποσείομαι.ᾟ
721 2810 814 2882 μὲν
848 2811 949 2886 γὰρ
975 2812 1288 2887 προαίρεσις
1321 2811 1521 2887 ἀγαθὴ,
1553 2810 1739 2888 ὅτιπερ
1756 2812 1806 2865 έν
1832 2812 1912 2873 οἷς

274 2896 436 2960 δοκεῖς
468 2898 694 2966 καλοῖς,
731 2900 779 2954 ἓν
810 2898 1025 2961 τούτοις
1057 2899 1190 2954 εἶναί
1224 2922 1290 2973 με
1321 2900 1513 2965 θέλεις·
1616 2898 1673 2955 δὲ
1716 2904 1912 2976 γνῶσις

274 2983 363 3039 οὐκ
415 2986 602 3062 ὀρθῶς
655 2983 873 3062 ἔχουσα,
932 2989 1194 3066 προφάσει
1253 2989 1352 3065 γάρ
1403 2988 1585 3067 φιλίας
1634 2989 1909 3053 λανθάνεις

275 3075 395 3150 πρὸς
444 3075 665 3145 ἀπάτην
719 3078 865 3148 ἡμᾶς
920 3075 1317 3150 ἐκκαλούμενος
1352 3122 1363 3134 .
1423 3078 1524 3135 Καὶ
1582 3079 1610 3133 ὁ
1644 3079 1904 3134 ’Δππίων-

2037 514 2166 552 rum
2194 498 2560 570 exstinguere
2581 501 3019 574 tantumignem
3053 499 3677 567 accensum.Quare,ea

2035 587 2223 657 gratia
2254 592 2319 641 ut
2346 604 2447 643 vos
2478 587 2534 642 in
2566 589 2888 659 periculum
2924 606 3037 645 non
3068 588 3333 656 veniatis,
3368 588 3570 644 hortor
3603 606 3675 645 ne

2036 676 2358 748 quidquam
2390 677 2667 733 adversus
2689 695 2821 733 eum
2855 678 3113 744 tentetis,
3156 682 3471 749 antequam
3531 694 3671 750 apo-

2036 764 2223 820 stolus
2254 770 2459 821 Petrus
2481 766 3086 838 venerit,qui,Domini
3109 784 3173 822 ac
3199 766 3299 822 Dei
3326 766 3511 822 nostri
3532 766 3671 823 Jesu

2035 853 2243 909 Christi
2278 855 2728 926 probatissimus
2750 855 3321 927 discipulus,poterit
3352 854 3512 911 solus
3542 872 3676 911 con-

2034 946 2123 997 tra
2144 948 2366 998 tantam
2399 945 2719 1015 potentiam
2751 944 3050 999 dimicare.

2105 1032 2290 1088 XLVI.
2328 1032 2424 1088 His
2453 1051 2485 1088 a
2531 1034 2797 1089 Berenice
2855 1034 3051 1101 dictis,
3096 1051 3201 1090 nos
3241 1051 3409 1090 mane
3466 1040 3675 1092 cuncta

2037 1122 2109 1176 de
2138 1122 2373 1177 Simone
2414 1139 2545 1177 cum
2598 1123 3061 1194 soripsissemus,
3090 1124 3160 1178 ad
3213 1124 3670 1179 ambulationem

2037 1210 2430 1267 convertimus
2456 1212 2798 1283 gradum.Et
2828 1213 3101 1268 continuo
3130 1212 3352 1284 Appion
3376 1230 3508 1268 cum
3539 1214 3673 1269 aliis

2035 1300 2277 1372 triginta
2306 1301 2557 1355 occurrit
2587 1300 3004 1373 nobis,Appion
3034 1300 3108 1368 is,
3143 1302 3314 1371 cujus
3345 1306 3479 1357 ante
3517 1318 3675 1357 meu-

2034 1391 2249 1445 tionem
2285 1389 2634 1445 fecimus.Ac
2665 1390 2839 1445 simul
2873 1395 3047 1461 atque
3088 1407 3179 1445 me
3210 1390 3375 1461 vidit,
3409 1389 3672 1446 salutans

2035 1496 2102 1533 ac
2131 1478 2447 1549 osculatus,
2477 1479 2577 1533 Hic
2609 1483 2717 1544 est,
2751 1480 2833 1534 ait
2866 1478 2982 1535 illis
3014 1479 3119 1551 qui
3185 1496 3316 1535 cum
3370 1495 3435 1534 eo
3487 1485 3675 1550 erant,

2035 1567 2399 1633 Clemens,de
2423 1584 2537 1639 quo
2571 1567 2825 1623 multum
2859 1569 2929 1623 ad
2960 1586 3061 1624 vos
3092 1584 3423 1624 sermonem
3468 1568 3669 1638 habui,

2037 1656 2107 1711 de
2136 1656 2293 1712 illius
2324 1658 2624 1712 nobilitate
2653 1674 2718 1712 ac
2769 1658 3028 1713 moribus
3084 1656 3421 1713 liberalibus
3454 1675 3467 1725 ;
3518 1658 3671 1730 quod

2035 1746 2143 1816 vir,
2176 1764 2242 1800 ex
2272 1762 2478 1817 genere
2496 1747 2711 1801 Tiberii
2735 1748 3058 1815 Czesaris,et
3091 1747 3149 1800 in
3181 1746 3337 1802 omni
3372 1747 3569 1803 Graeca
3589 1748 3674 1803 di-

2032 1835 2278 1906 sciplina
2305 1835 2714 1902 exercitatus,a
2742 1836 2986 1891 barbaro
3044 1836 3299 1907 quodam
3351 1836 3449 1908 qui
3506 1853 3673 1893 voca-

2032 1928 2128 1978 tur
2157 1924 2592 1989 Petrus,fraude
2620 1924 2959 1997 compulsus
2990 1929 3148 1980 esset
3181 1925 3248 1979 ad
3311 1926 3670 1998 peragendos

2032 2030 2098 2068 ac
2129 2014 2526 2084 praedicandos
2566 2013 3029 2071 Christianorum
3063 2013 3225 2068 ritus.
3264 2016 3449 2079 Quare
3504 2031 3665 2087 rogo,

2032 2102 2296 2172 adjuvate
2322 2119 2413 2158 me
2442 2103 2501 2157 in
2532 2102 2630 2158 illo
2661 2104 3016 2175 corrigendo.
3060 2102 3203 2157 Nam
3262 2119 3456 2158 coram
3504 2103 3668 2160 vobis

2032 2206 2165 2245 eum
2195 2192 2487 2264 interrogo
2514 2208 2528 2259 ;
2553 2208 2618 2247 ac
2636 2193 2981 2264 respondeat
3006 2192 3173 2257 mihi,
3190 2192 3664 2264 quandoquidem

2031 2279 2350 2336 arbitratur
2377 2281 2531 2353 quod
2555 2298 2616 2337 se
2646 2285 2710 2336 ut
2756 2280 3027 2353 pietatem
3081 2280 3310 2346 coleret,
3360 2281 3667 2349 dediderit,

2031 2386 2146 2441 quo
2179 2371 2349 2425 modo
2373 2387 2485 2425 non
2518 2376 2576 2425 et
2600 2370 2852 2426 maxime
2882 2369 3100 2442 impius
3158 2369 3253 2439 sit,
3287 2370 3385 2441 qui
3445 2370 3666 2442 patrios

2029 2459 2422 2531 dereliquerit,
2456 2458 2828 2515 declinaverit
2856 2476 2987 2515 vero
3027 2460 3098 2514 ad
3155 2459 3435 2515 barbaros
3492 2464 3668 2531 atque

2027 2547 2250 2603 alienos
2282 2552 2337 2604 et
2368 2552 2729 2605 monstrosos
2761 2565 2972 2604 mores.

2096 2637 2313 2693 XLVII.
2348 2638 2415 2692 Et
2438 2654 2542 2709 ego
2573 2638 2643 2692 ad
2678 2636 2841 2691 illum
2878 2654 2889 2691 :
2924 2636 3108 2692 Tuam
3150 2635 3391 2708 quidem
3443 2636 3500 2691 in
3552 2652 3666 2711 me,

2024 2725 2288 2797 inquam,
2322 2725 2655 2796 praeclaram
2676 2726 3057 2793 voluntatem,
3091 2730 3386 2796 acceptam
3439 2724 3659 2793 habeo;

2023 2820 2082 2869 at
2112 2814 2532 2886 ignorationem
2566 2814 3067 2870 amolior.Scilicet
3097 2813 3372 2886 praeclara
3427 2814 3662 2883 quidem

2020 2901 2290 2958 voluntas
2321 2908 2430 2973 est,
2458 2905 2597 2959 dum
2628 2904 2686 2958 in
2719 2903 2813 2973 iis,
2846 2920 2973 2976 qua:
3026 2902 3126 2958 tibi
3158 2903 3309 2958 bona
3364 2902 3653 2973 videntur,

2020 3008 2113 3047 me
2135 2992 2351 3047 versari
2381 2992 2582 3064 cupis:
2607 3009 2809 3048 verum
2843 2992 3096 3063 cognitio
3130 3008 3243 3047 non
3274 2995 3425 3047 recte
3455 2991 3650 3059 habet;

2019 3081 2252 3152 ignoras
2282 3081 2436 3137 enim
2469 3082 2620 3153 quod
2655 3086 2930 3153 praetextu
2961 3080 3246 3147 amicitiae,
3271 3097 3377 3137 nos
3407 3080 3466 3135 in
3498 3081 3653 3136 frau-

311 3132 392 3150 ,ν
622 3132 863 3148 .
1159 3132 1169 3150 ,
1304 3132 1469 3141 .___

274 3162 456 3219 Οὐκοῦν
488 3165 736 3241 ἀγνωσία
762 3186 845 3219 σοι
878 3163 1025 3221 δοκεῖ
1070 3167 1137 3221 τὰ
1182 3168 1402 3241 πάτρια,
1448 3164 1549 3245 ἔφη
1604 3170 1668 3239 ⁸⁷,
1700 3166 1902 3245 φυλάτ-

2026 3132 2447 3224 ὲῑέὲιῖὗᾷοὲέξὲι
2473 3132 3383 3242 21.50333};e}§3}§i{6}éﬁé
3410 3132 3538 3224 tibi
3554 3132 3653 3222 "vi-

272 3272 430 3326 τοντα,
480 3255 547 3309 τά
614 3253 896 3325 Ἑλλήνων
942 3260 1155 3332 φρονεῖν
1199 3275 1212 3323 ;
1273 3257 1458 3331 Κάγώο
1505 3258 1608 3313 Τὸν
1670 3252 1902 3312 εὐσεϐεῖν

273 3342 665 3418 προῃρημένον,
717 3344 1105 3419 ἀπεκρινάμην,
1156 3344 1217 3398 οὐ
1265 3344 1478 3407 πάντως
1524 3344 1904 3423 φυλάσσειντὰ

272 3429 451 3506 πάτρια
480 3429 592 3487 δεῖ·
628 3430 773 3487 ἀλλὰ
821 3432 1105 3509 φυλάσσειν
1156 3433 1272 3505 μὲν,
1322 3432 1408 3487 ἐὰν
1507 3429 1721 3504 εὐσεϐῆ,
1770 3435 1903 3489 ἀπο-

271 3520 477 3575 σείεσθαι
527 3519 615 3592 δέ,
669 3522 743 3594 μὴ
794 3521 966 3583 οὕτως
1017 3519 1233 3597 ἔχοντα.
1289 3520 1593 3599 Ἐνδέχεται
1651 3524 1749 3599 γάρ
1788 3546 1905 3579 τινα

274 3610 453 3683 πατρὸς
481 3605 716 3672 ἀσεϐοὖς
749 3614 792 3647 ⁸⁷
822 3606 969 3681 ὅντα,
1004 3612 1091 3665 καὶ
1144 3609 1476 3687 βουλόμενον
1520 3608 1776 3681 εὐσεϐεῖν,
1825 3615 1900 3686 μή

269 3698 325 3751 τά
348 3704 437 3752 τοῦ
465 3700 679 3775 πατρὸς
712 3697 914 3763 ἐθέλειν
951 3702 1252 3773 μιμεῖσθαι,
1276 3700 1365 3754 καὶ
1395 3702 1509 3755 κατ’
1532 3698 1688 3776 ἴχνος
1720 3701 1902 3764 αὐτοῖς

266 3781 483 3846 ἕπεσθαι.
519 3788 628 3844 Καὶ
678 3789 706 3842 ὁ
758 3788 1027 3843 ’Δππίων-
1054 3788 1113 3842 Τί
1147 3786 1238 3843 οὖν
1265 3808 1279 3865 ε
1310 3790 1402 3844 τὸν
1432 3790 1521 3844 σὸν
1563 3794 1767 3865 πατέρα
1797 3790 1902 3867 φῄς

272 3873 357 3929 οὐκ
382 3878 592 3951 ἀγαθοῦ
641 3878 919 3953 γεγονέναι
973 3876 1093 3953 βίου
1128 3897 1140 3947 ;
1174 3877 1336 3953 Κάγὼ
1385 3878 1541 3955 ἔφην,
1590 3878 1691 3933 ὅτι’
1727 3884 1903 3933 Κακοῦ

276 3964 354 4034 μὲν
384 3965 537 4021 αὐτὸν
580 3966 679 4021 οὐκ
710 3965 769 4020 ἂν
818 3964 1052 4040 είεποιμι,
1085 3966 1231 4035 πλὴν
1276 3966 1360 4021 ὅτι
1407 3973 1522 4029 τοῖς
1569 3965 1782 4040 ψευδέσι
1814 3968 1903 4021 καὶ

273 4059 437 4116 κακοῖς
466 4060 579 4110 τῶν
612 4053 899 4126 Ἐλλήνων
950 4053 1191 4110 ἐπίστευε
1240 4055 1449 4129 μύθοις.
1499 4055 1600 4111 Καὶ
1631 4054 1711 4117 ὅς·
1746 4056 1903 4117 Τίνες

276 4142 318 4194 οἱ
348 4141 498 4209 μῦθοι
530 4144 685 4199 οὗτοι
716 4163 728 4212 ;
762 4144 944 4222 φησίν.
970 4145 1111 4219 Ἐγὼ
1143 4141 1200 4199 δὲ
1231 4139 1542 4200 ὑπολαϐών·
1575 4147 1637 4200 Ἦ
1667 4145 1899 4218 περὶτὸν

276 4232 410 4301 Θεὸν,
442 4233 615 4306 εἶπον,
650 4231 747 4287 οὐκ
797 4232 933 4307 ὀρθὴ
982 4230 1221 4305 δόκησις,
1270 4233 1336 4302 ἣν
1384 4231 1470 4288 ἐὰν
1521 4238 1899 4309 μηροθυμῇς,

278 4321 396 4392 μετὰ
420 4326 521 4376 τῶν
557 4319 744 4377 ἄλλων
779 4320 978 4396 ἀκούσῃ
1007 4320 1326 4400 φιλομαθῶν
1358 4325 1423 4378 ⁸⁸.

2013 3259 2418 3329 detur,inquit,
2465 3259 2683 3328 patrios
2735 3258 2882 3313 ritus
2930 3258 3234 3324 servando,
3258 3273 3391 3313 cum
3440 3256 3651 3313 Graecis

2012 3349 2227 3403 sentire
2254 3348 2281 3401 ?
2309 3348 2388 3403 Ad
2412 3365 2537 3420 quae
2567 3364 2670 3419 ego
2693 3347 2961 3418 respondi
2988 3364 3000 3401 :
3026 3347 3133 3415 Qui
3154 3348 3331 3401 vitam
3362 3346 3454 3417 pie
3482 3362 3652 3418 agere

2014 3436 2360 3503 statuit,non
2392 3436 2741 3491 omnimodis
2776 3436 2944 3491 debet
2976 3436 3163 3507 patria
3202 3434 3473 3489 instituta
3528 3450 3649 3489 ser-

2013 3542 2184 3595 vare;
2219 3526 2318 3580 sed
2352 3541 2578 3580 servare
2594 3525 2906 3596 quidem,si
2931 3524 3027 3595 pia
3056 3523 3194 3589 sint,
3215 3523 3464 3595 abjicere
3494 3538 3649 3589 vero,

2014 3613 2063 3668 si
2094 3613 2173 3669 ita
2195 3631 2256 3669 se
2284 3631 2395 3668 non
2428 3613 2699 3669 habeant.
2734 3612 2851 3668 Usu
2901 3612 3057 3667 enim
3112 3612 3304 3667 venire
3360 3609 3528 3681 solet,
3586 3614 3651 3665 ut

2013 3702 2233 3774 aliquis
2262 3707 2423 3775 patre
2456 3702 2635 3774 impio
2665 3706 2858 3768 natus,
2884 3705 2941 3756 et
2968 3700 3170 3756 volens
3198 3700 3387 3755 vivere
3417 3699 3529 3770 pie,
3555 3716 3651 3754 no-

2012 3791 2082 3846 lit
2113 3792 2295 3863 patris
2318 3808 2506 3847 mores
2528 3790 2768 3858 imitari,
2798 3805 3013 3861 eosque
3044 3789 3115 3844 ad
3146 3787 3485 3859 vestigium.
3512 3804 3649 3843 con-

2014 3880 2329 3935 sectari.Ad
2363 3880 2482 3935 haec
2515 3879 2736 3951 Appion
2767 3879 2949 3943 :Quid
2976 3894 3111 3950 ergo
3140 3878 3167 3932 ?
3207 3881 3432 3949 patrem
3480 3880 3649 3932 tuum

2013 3969 2101 4025 ais
2131 3987 2246 4026 non
2270 3970 2423 4026 bona
2444 3970 2562 4025 vita
2592 3968 2792 4024 fuisse.
2820 3966 3109 4038 Respondi
3138 3982 3242 4039 ego
3271 3982 3285 4021 :
3322 3964 3474 4020 Mala
3520 3964 3649 4036 qui-

2012 4060 2143 4115 dem
2164 4077 2298 4115 eum
2330 4060 2445 4114 vita
2476 4058 2655 4114 fuisse
2685 4074 2800 4111 non
2832 4056 3074 4111 dixerim
3100 4074 3113 4122 ;
3143 4054 3255 4110 nisi
3288 4055 3444 4126 quod
3486 4053 3650 4110 falsis

2012 4164 2077 4203 ac
2109 4148 2301 4220 pravis
2323 4147 2654 4203 Graecorum
2688 4145 2903 4201 fabulis
2927 4144 3134 4199 habuit
3164 4144 3358 4199 ﬁdem.
3394 4147 3459 4198 Et
3512 4142 3647 4198 ille:

2012 4239 2309 4303 Quanam,
2339 4236 2553 4307 inquit,
2584 4240 2723 4291 sunt
2753 4234 2875 4289 ista
2898 4231 3151 4288 fabulae?
3180 4233 3298 4305 Ego
3328 4248 3460 4287 vero
3492 4231 3650 4287 exci-

2011 4326 2197 4397 piens,
2230 4325 2385 4381 dixi:
2419 4326 2543 4380 Non
2577 4330 2733 4380 recta
2771 4324 2841 4379 de
2897 4324 3009 4378 Deo
3059 4321 3276 4393 opinio,
3338 4336 3536 4392 quam,
3598 4320 3650 4376 si

2010 4432 2173 4485 aequo
2205 4416 2399 4471 animo
2430 4415 2707 4482 fers,cum
2738 4413 2865 4467 aliis
2888 4410 3149 4467 discendi
3172 4410 3402 4482 cupidis
3424 4408 3647 4465 audies.

336 4501 560 4559 XLVIII.
588 4502 683 4556 Διὸ
699 4502 805 4577 πρὸ
824 4506 931 4555 τῶν
954 4498 1248 4577 διαλόγων,
1266 4502 1342 4563 εἰς
1362 4502 1483 4557 τινὰ
1502 4501 1727 4559 πλείονα
1748 4525 1906 4581 παρε-

2087 4504 2329 4560 XLVIII.
2363 4506 2548 4569 Quare
2598 4509 2732 4557 ante
2781 4500 3271 4565 dissertationem,
3305 4498 3648 4554 secedamus

278 4586 491 4661 χύμενον
522 4589 758 4665 ἡσυχίαν
800 4590 1253 4667 ὑποχωρήσωμεν
1274 4590 1564 4646 τόπον.Καὶ
1588 4589 1653 4661 δὴ
1678 4593 1899 4668 προϊόν-

276 4694 350 4736 τες
400 4676 514 4741 ἔνθα
560 4680 812 4750 ναμάτων
864 4680 930 4747 ἦν
982 4682 1208 4754 ψυχρῶν
1264 4680 1470 4754 καθαρᾶ
1517 4678 1900 4755 ῥεύματαῇκαὶ

279 4759 483 4841 δένδρων
538 4768 809 4821 παντοίων
872 4766 1120 4844 χλοερῶν
1178 4767 1363 4843 τέρψις
1414 4772 1479 4836 ‘9,
1521 4766 1895 4844 ἐκαθεζόμεθα.

278 4853 405 4908 Ἐπεὶ
435 4853 490 4911 δὲ
538 4858 731 4918 πάντες
763 4859 893 4924 ἦσαν
944 4857 1175 4931 ὁρῶντες
1225 4856 1426 4919 ἀτενῶς
1479 4858 1554 4919 εἰς
1607 4858 1724 4931 ἐμὲ,
1757 4860 1899 4914 οὕτω

276 4947 358 4996 τοῦ
385 4946 510 5019 πρὸς
541 4945 736 5007 αὐτοὺς
770 4944 1013 5020 ἄρχομαι
1048 4944 1241 5019 λόγου.

336 5033 510 5094 XLIX.
553 5032 744 5105 Πολλή
774 5056 879 5103 τις,
910 5035 954 5087 ὦ
978 5032 1187 5109 ἄνδρες,
1213 5032 1443 5112 διαφορά
1470 5036 1725 5111 τυγχάνει
1759 5036 1895 5106 ἀλη-

282 5120 403 5181 θείας
431 5144 485 5177 τε
514 5123 599 5178 καὶ
628 5122 928 5193 συνηθείας.
962 5125 1026 5177 Οἱ
1059 5126 1152 5196 μὲν
1183 5125 1282 5199 γάρ
1312 5130 1417 5179 τῶν
1453 5122 1732 5195 Ἑλλήνων
1758 5125 1895 5180 πολ-

282 5205 392 5271 λοῦς
432 5213 581 5273 θεοὺς
626 5211 824 5274 κακοὺς
876 5212 963 5266 καὶ
1008 5210 1340 5277 πολυπαθεῖς
1388 5216 1687 5288 ἡγήσαντο,
1724 5213 1815 5269 ’ίνα
1844 5218 1896 5270 οἱ

280 5296 335 5349 τὶ
358 5297 513 5370 ὅμοια
555 5303 804 5377 πράττειν
855 5299 1358 5372 θέλοντες,ἐκείνους
1390 5301 1559 5380 ἔχωσι
1601 5308 1697 5357 τοῦ
1728 5311 1895 5359 κακοῦ

342 5392 410 5458 (a)
441 5391 582 5465 Lege
611 5389 733 5465 περὶ
765 5390 850 5447 οὗ.
882 5392 1042 5447 Em'r.
1078 5392 1320 5448 PATROL.

2012 4594 2069 4647 in
2102 4592 2357 4664 aliquem
2391 4593 2602 4658 locum,
2638 4590 2738 4663 qui
2774 4590 3053 4660 majorem
3088 4587 3339 4659 quietem
3371 4587 3643 4658 praebeat.

2012 4685 2079 4737 Et
2108 4699 2174 4737 eo
2207 4679 2625 4753 progressi,ubi
2648 4696 2789 4750 pura
2826 4681 2990 4733 erant
3017 4676 3343 4747 gelidorum
3402 4674 3641 4729 laticum

2012 4773 2249 4839 fluenta,
2281 4775 2338 4825 et
2366 4769 2641 4823 viridium
2672 4767 2863 4821 omnis
2893 4766 3122 4837 generis
3153 4766 3425 4819 arborum
3484 4761 3644 4817 oble-

2010 4862 2203 4927 ctatio,
2236 4860 2628 4915 consedimus.
2664 4857 2924 4927 Cumque
2948 4872 3149 4910 omnes
3184 4871 3273 4911 me
3308 4854 3433 4908 fixis
3463 4850 3647 4907 oculis

2010 4950 2394 5013 intuerentur,
2424 4947 2579 5001 hunc
2614 4946 2670 4999 in
2702 4945 2938 4999 modum
2973 4942 3186 5014 alloqui
3219 4960 3318 4998 eos
3347 4942 3515 5013 ccepi.

2079 5038 2265 5093 XLIX.
2298 5039 2341 5071 ⁵ο
2373 5035 2556 5091 Multa
2588 5039 2695 5103 est,
2728 5051 2759 5087 o
2793 5032 2918 5098 viri,
2952 5031 3276 5087 differentia
3308 5032 3457 5085 inter
3495 5029 3646 5085 veri-

2007 5134 2185 5190 tatem
2217 5132 2391 5198 atque
2422 5121 2927 5179 consuetudinem.
2966 5122 3045 5176 Ex
3076 5121 3289 5177 Graecis
3338 5119 3493 5174 enim
3548 5117 3647 5172 alii

2008 5217 2223 5274 multos
2255 5216 2392 5271 deos
2418 5211 2607 5267 malos
2664 5210 3049 5282 pluribusque
3109 5206 3647 5281 perturbationibus

2005 5306 2283 5362 obnoxios
2314 5303 2669 5358 induxerunt
2697 5318 2709 5368 ;
2736 5303 2801 5354 ut
2828 5300 2927 5371 qui
2959 5298 3176 5353 similia
3199 5303 3424 5369 patrare
3449 5295 3647 5364 velint,

1603 5466 1842 5523 VARIE
1881 5467 2290 5526 LECTIONES.

343 5548 677 5628 ⁸⁵81.ῥμῶν,
739 5554 781 5587 ⁵⁸
834 5552 907 5608 al.
970 5549 1083 5622 ἔθη.
1145 5554 1187 5587 ⁸⁷
1244 5552 1319 5608 al.
1386 5552 1462 5625 μὴ
1521 5554 1721 5628 πατρὸς
1784 5551 2061 5619 εὐσεϐοῦς.
2116 5559 2159 5593 ⁸⁸
2226 5555 2300 5611 al.
2360 5549 2706 5628 φιλομαθῶς.
2767 5550 2811 5583 ⁴⁹
2858 5547 2931 5604 al.
2983 5545 3214 5619 τέρψεις.
3272 5545 3316 5580 ⁵ο
3344 5544 3382 5600 1.
3416 5545 3642 5617 Recogn.

298 5658 315 5675 .
341 5635 389 5673 ι.
421 5637 466 5676 c.
494 5623 577 5679 50.
