4082 6208
375 323 377 328 ’
418 309 536 376 50⁵1

1239 319 1303 381 S.
1350 316 1792 382 CLEMENTIS
1838 315 1861 377 Ι
1909 312 2096 375 ΒΟΜ.
2143 311 2372 375 ΡΟΝΤ.
2419 314 2678 376 OPERA
2721 313 2981 396 DUBIA.

3665 317 3768 382 508

425 445 559 513 illos
588 447 821 506 malitia
854 455 1127 522 patronos
1148 455 1537 511 habeant.Alii
1567 474 1700 512 vero
1734 457 1916 512 fatum
1949 465 2051 512 seu

2169 446 2520 522 συνηγόρους.
2571 443 2769 501 ’Δλλοι
2824 444 2880 501 δὲ
2929 444 3258 521 εἱμαρμένην
3315 443 3653 522 εἰσηγήσαντο
3680 451 3765 519 τὴν

422 538 661 608 genesin
691 544 745 596 et
775 540 963 598 natale
993 543 1367 614 invexerunt;
1403 565 1467 604 ac
1497 553 1703 618 praeter
1741 547 1904 612 illud,
1956 563 2053 601 ne-

421 642 530 695 que
561 627 676 698 pati
711 646 897 702 neque
924 632 1107 689 facere
1135 651 1490 708 quemquam
1526 653 1694 709 posse
1724 637 1888 692 aiunt
1920 654 1933 702 ;
1993 639 2057 690 ut

425 730 559 769 cum
593 717 1053 777 existimaverint
1081 724 1372 780 neminem
1394 726 1867 798 praeter-genesim
1887 725 2056 797 quid-

428 819 606 874 quam
637 809 723 862 vel
755 808 942 866 facere
971 811 1058 866 vel
1088 813 1206 883 pati
1238 831 1427 885 posse,
1469 815 1635 870 facile
1683 816 1753 870 ad
1811 831 2057 886 peccan-

419 892 564 948 dum
597 897 892 966 accedant,
915 903 970 954 et
992 905 1122 972 post
1145 909 1445 973 peccatum
1476 921 1590 959 non
1616 905 1908 959 ducantur
1937 920 2056 974 poe-

420 980 661 1037 nitentia
693 984 871 1056 impie
901 993 1218 1059 gestorum.
1251 991 1361 1046 Alii
1392 997 1585 1048 autem
1611 995 1951 1064 praesentem
1971 1007 2058 1046 re-

417 1087 547 1125 rum
579 1076 796 1128 statum
830 1075 1198 1147 providentiae
1229 1085 1521 1151 expertem
1552 1097 1681 1136 esse
1710 1082 2050 1147 decernunt;

414 1164 590 1232 atque
620 1180 728 1218 sua
757 1170 963 1235 sponte
995 1168 1427 1226 universitatem
1460 1171 1610 1226 hanc
1634 1170 1766 1226 ferri
1799 1174 2058 1236 censent,

415 1248 662 1305 Domino
699 1252 856 1308 nullo
887 1257 1269 1326 praesidente;
1307 1260 1462 1330 quod
1493 1277 1633 1315 sane
1679 1258 1939 1314 omnium
1973 1263 2061 1312 est

420 1337 800 1396 durissimum
838 1361 851 1409 ;
886 1343 966 1398 ita
994 1344 1173 1401 Deum
1209 1347 1635 1419 blasphemare,
1668 1352 1724 1404 et
1771 1349 1842 1403 ab
1899 1345 2058 1402 omni

425 1427 706 1483 universae
737 1435 958 1488 natura:
988 1434 1270 1506 expellere
1301 1437 1682 1508 providentia,
1716 1442 1781 1492 ut
1811 1441 1866 1492 et
1899 1451 2058 1492 asse-

423 1519 587 1571 ratur
617 1518 908 1575 neminem
941 1538 1068 1578 esse
1098 1524 1196 1595 qui
1222 1526 1522 1596 praefectus
1553 1527 1721 1590 sit,ac
1741 1525 2056 1597 provideat,

423 1608 481 1658 et
512 1605 796 1664 universis
819 1626 922 1680 pro
954 1613 1158 1668 merito
1191 1615 1493 1670 attribuat.
1551 1615 1738 1679 Quare
1796 1614 1897 1686 qui
1946 1614 2060 1670 ista

423 1694 756 1765 opinantur,
798 1715 912 1754 non
953 1700 1119 1756 facile
1173 1703 1480 1761 honestam
1547 1705 1724 1759 vitam
1794 1703 2053 1758 ducunt:

420 1783 559 1853 quia
588 1783 931 1856 impendens
961 1790 1284 1861 periculum
1309 1809 1424 1848 non
1457 1792 1789 1864 praevident.

491 1875 550 1926 L.
582 1875 653 1928 At
680 1891 811 1930 vero
843 1878 1106 1934 doctrina
1134 1896 1358 1949 eorum,
1391 1898 1538 1953 quos
1568 1881 1847 1937 barbaros
1890 1897 2057 1936 voca—

420 1959 518 2029 tis,
551 1964 804 2020 maxime
834 1966 930 2037 pia
959 1973 1081 2034 est;
1109 1986 1232 2040 qua;
1264 1987 1448 2026 unum
1471 1971 1676 2035 Deum,
1709 1975 1765 2026 et
1793 1969 2055 2042 opiﬁcem

422 2049 603 2105 totius
633 2051 810 2123 hujus
842 2057 1044 2116 mundi
1079 2057 1395 2114 introducit
1427 2077 1441 2127 ;
1483 2063 1690 2114 natura
1725 2060 1944 2114 bonum
1995 2074 2060 2112 ac

418 2138 687 2207 justum:
721 2143 940 2198 bonum
966 2146 1220 2216 quidem,
1253 2152 1319 2202 ut
1347 2148 1445 2220 qui
1489 2147 1903 2218 pcenitentibus
1961 2147 2058 2200 de-

424 2224 560 2282 licta
586 2230 871 2287 condonet
901 2251 914 2286 :
950 2235 1178 2302 justum
1236 2241 1545 2306 autem,ut
1596 2237 1694 2308 qui
1745 2235 2059 2306 unicuique

422 2332 537 2370 non
570 2319 895 2389 pmnitenti,
929 2339 1030 2394 pro
1058 2323 1344 2380 factorum
1376 2325 1598 2380 meritis
1618 2322 2060 2379 retribuat.Sin-

423 2404 544 2474 guli
576 2423 852 2482 namque;
881 2411 1021 2466 dum
1051 2418 1389 2484 exspectant
1417 2414 1677 2469 futurum
1718 2429 1854 2484 erga
1897 2412 2058 2484 ipsos

370 2501 373 2504 '
423 2493 524 2548 Dei
559 2502 769 2552 cuncta
797 2497 1488 2572 intuentisjudicium,ad
1519 2505 1835 2573 temperate
1863 2501 2056 2555 viven-

425 2583 566 2638 dum
598 2587 880 2657 majorem
911 2588 1197 2661 impetum
1231 2591 1468 2662 capiunt
1497 2596 1575 2647 :et
1602 2591 1699 2663 qui
1732 2589 1909 2645 vitam
1933 2605 2056 2643 mo-

425 2671 683 2728 deratam
707 2677 1202 2745 traduxit,aaterno
1233 2680 1519 2753 supplicio
1551 2679 1851 2736 liberatur.

499 2761 584 2818 LI.
618 2763 664 2798 ⁸⁸
711 2767 908 2832 Porro,
959 2767 1099 2822 dum
1150 2768 1617 2840 uniuscujusque
1672 2783 1896 2834 eorum,
1955 2766 2055 2837 qui

426 2850 581 2920 apud
605 2867 708 2906 vos
733 2852 812 2907 dii
841 2855 1240 2922 nominantur,
1271 2857 1484 2929 impios
1535 2863 1700 2913 actus
1748 2857 2053 2928 redarguo,

418 2937 876 3011 Jovis,Neptuni,
910 2943 1544 3019 Plutonis,Appollinis,
1577 2946 1806 3013 Bacchi,
1840 2950 2054 3000 Hercu-

418 3023 515 3092 lis,
547 3044 612 3082 ac
639 3028 1006 3101 singulorum
1037 3038 1208 3105 (quos
1239 3052 1423 3106 neque
1470 3036 1578 3106 ipsi
1611 3035 1913 3108 ignoratis,
1964 3039 2054 3088 ut-

421 3117 553 3186 pote
574 3115 632 3171 in
666 3117 995 3175 Grmcorum
1015 3121 1224 3179 litteris
1255 3123 1504 3179 instituti
1532 3143 1544 3192 ;
1569 3141 1715 3196 quas
1743 3125 1890 3179 vitas
1916 3124 2051 3178 edo-

416 3203 493 3259 cti
522 3205 688 3272 estis,
721 3210 786 3262 ut
813 3212 1094 3280 tanquam
1119 3213 1360 3268 deorum
1409 3212 1776 3268 aemulatores
1834 3211 2054 3268 similia

425 3296 739 3367 peragatis)
770 3301 826 3350 et
853 3297 926 3352 ab
956 3297 1081 3369 ipso
1113 3300 1391 3371 primum,
1425 3301 1474 3356 si
1502 3301 1751 3367 videtur,
1810 3300 2061 3354 maximo

429 3398 564 3455 rege
583 3383 722 3440 Jove
752 3385 963 3441 ordiar.
996 3388 1039 3422 "7
1070 3387 1234 3444 Illius
1266 3389 1498 3460 quidem
1529 3394 1692 3461 pater
1749 3390 2060 3454 Saturnus,

423 3470 627 3526 liberis
647 3473 794 3540 suis,
818 3478 882 3529 ut
913 3475 1500 3546 fertur,devoratis,et
1528 3477 1904 3533 adamantina
1918 3476 2061 3532 falce

421 3558 709 3616 demessis
739 3564 885 3632 patri
919 3565 1295 3635 genitalibus,
1327 3566 1560 3637 pietatis
1581 3583 1718 3638 erga
1765 3569 2058 3638 parentes,

425 3652 481 3702 et
509 3649 726 3705 amoris
756 3650 814 3705 in
847 3650 1159 3719 liberos,iis
1189 3654 1287 3726 qui
1309 3655 1550 3710 deorum
1583 3654 1857 3726 mysteria
1877 3672 2060 3709 aemu-

421 3735 618 3793 lantur
646 3739 967 3810 specimina
997 3759 1063 3798 ac
1083 3743 1433 3815 exemplaria
1462 3744 1726 3815 praebuit.
1745 3745 1875 3815 Ipse
1924 3761 2058 3799 vero

418 3824 647 3898 Jupiter
675 3833 897 3900 patrem
930 3847 1103 3886 suum
1134 3832 1485 3898 vinctum,in
1516 3836 1818 3887 Tartarum
1852 3833 2058 3904 prazci-

418 3912 706 3982 pitavit,et
737 3915 881 3973 alios
912 3918 1049 3974 deos
1081 3919 1268 3991 punit.
1300 3921 1342 3955 ⁵⁸
1368 3921 1475 3975 Pro
1505 3920 1576 3976 iis
1599 3926 1792 3976 autem
1824 3921 1923 3991 qui
1957 3938 2055 3976 ne-

419 4000 654 4058 fandam
686 4010 919 4076 patrant
948 4007 1571 4078 obscenitatem,Metin
1595 4026 1728 4065 cum
1759 4009 2057 4081 genuisset

419 4088 711 4162 absorpsit
741 4109 756 4148 :
783 4111 950 4166 porro
976 4095 1141 4152 Metis
1171 4100 1294 4153 erat
1323 4114 1556 4166 semen;
1588 4098 1869 4153 infantem
1899 4098 2054 4153 enim

416 4176 713 4234 absorberi
745 4179 1128 4252 impossibile.
1163 4184 1224 4239 In
1253 4185 1647 4240 defensionem
1686 4202 1819 4241 vero
1851 4201 2051 4241 eorum

413 4265 513 4336 qui
544 4283 858 4338 puerorum
878 4270 1185 4344 indulgent
1207 4274 1526 4342 amoribus,
1548 4275 1938 4346 Ganymedem
1963 4292 2054 4330 ra-

411 4352 516 4425 pit.
551 4355 621 4410 Et
641 4355 920 4414 adulteris
945 4358 1004 4414 in
1036 4360 1321 4416 adulterio
1352 4379 1519 4433 opem
1557 4363 1908 4435 ferens,ipse
1940 4380 2050 4420 sae-

409 4458 479 4514 pe
513 4444 772 4501 mmchus
803 4447 1115 4504 invenitur.
1149 4451 1235 4504 Ad
1270 4467 1495 4507 sorores
1546 4453 1721 4508 etiam
1755 4453 2050 4509 ducendas

2087 1816 2135 1880 B

2164 534 2465 610 λεγομένην
2514 535 2732 612 γένεσιν,
2784 537 2872 591 καὶ
2920 537 3046 611 παρ’
3073 535 3236 604 αύτήν
3269 532 3390 590 οὔτε
3416 538 3636 612 πάσχειν
3663 540 3770 594 τινὰ

2165 621 2385 679 δυνατὸν
2432 624 2564 679 εἷναί
2609 647 2788 702 φασιν,
2837 622 2960 680 οὔτε
3003 630 3199 680 ποιεῖν·
3227 622 3320 678 1’ίνιι
3366 625 3669 697 νομίσαντες
3699 627 3769 683 ὅτι

2164 715 2307 789 παρά
2346 715 2546 790 γένεσιν
2595 713 2770 776 οὐδεὶς
2824 712 2944 768 οὔτε
2985 719 3182 786 ποιεῖν,
3226 710 3348 768 οὔτε
3391 716 3609 789 πάσχειν
3649 713 3769 791 ἔχει,

2167 800 2365 878 ῥᾳδίως
2416 802 2502 857 ἐπὶ
2543 805 2605 858 τὸ
2653 804 2969 880 ἁμαρτάνειν
2999 802 3289 879 ἔρχωνται,
3334 802 3423 856 καὶ
3469 803 3774 875 ἁμαρτάνον-

2162 913 2270 962 τες,
2307 893 2383 964 μή
2420 891 2829 965 μεταμέλωνται
2874 891 2955 970 ἐφ’
3000 892 3082 954 οἷς
3129 885 3478 962 ἠσεϐήκασιν.
3509 889 3696 946 ’Ἀλλοι
3723 891 3771 948 δὲ

2165 981 2477 1056 ἀπρονόητα
2525 978 2909 1055 δογματίζουσι
2956 982 3025 1034 τά
3069 979 3328 1054 παρόντα,
3359 977 3446 1032 καὶ
3487 977 3773 1052 αὐτομάτως

2167 1068 2410 1147 φέρεσθαι
2457 1071 2520 1124 τὸ
2568 1076 2670 1124 πᾶν
2703 1068 2995 1142 εῗσάγουσι,
3040 1065 3272 1141 μηδενὸς
3319 1065 3662 1144 ἐφεστηκότος
3689 1077 3774 1123 Δε-

2168 1159 2387 1213 σπότου·
2434 1159 2464 1213 ὃ
2518 1156 2583 1228 δὴ
2618 1161 2660 1196 ⁵¹
2688 1159 2776 1212 καὶ
2807 1157 3020 1212 πάντων
3067 1156 3175 1211 ἐστὶ
3221 1153 3628 1231 χαλεπώτατον,
3653 1157 3774 1212 οὕτω

2164 1248 2255 1302 τὸν
2284 1247 2410 1302 Θεὸν
2457 1246 2820 1324 βλασφημεῖν,
2875 1246 2963 1300 καὶ
3013 1252 3114 1314 τῆς
3163 1248 3258 1299 τοῦ
3289 1243 3488 1304 παντὸς
3517 1239 3773 1299 ἐκϐάλλειν

2166 1337 2442 1412 προνοίας,
2488 1335 2625 1392 ὥστε
2675 1334 2814 1409 μηδὲ
2862 1337 2991 1391 εἶναι
3041 1335 3215 1410 λέγειν
3266 1333 3360 1387 τὸν
3407 1333 3662 1410 ἐφεστῶτα
3697 1335 3772 1388 καὶ

2166 1424 2586 1501 προνοούμενον,
2637 1425 2725 1479 καὶ
2773 1428 2819 1461 ⁸³
2848 1425 2915 1479 τὰ
2960 1424 3076 1478 κατ’
3123 1422 3271 1492 ἀξίαν
3302 1425 3382 1492 τῷ
3425 1420 3576 1474 παντὶ
3604 1421 3774 1476 ἀπονέ-

2171 1534 2357 1587 μοντα·
2391 1513 2507 1568 ὅθεν
2540 1513 2601 1568 ού
2635 1511 2834 1589 ῥᾳδίως
2879 1514 2929 1567 οἱ
2967 1514 3034 1566 τά
3076 1515 3304 1566 τοιαῦτα
3352 1513 3774 1584 φρονοῦντεςσω-

2167 1603 2526 1681 φρονίζονται.
2576 1603 2674 1657 Τὸν
2715 1604 2818 1678 γάρ
2853 1600 3219 1678 ἐπερχόμενον
3265 1596 3508 1654 κίνδυνον
3541 1599 3599 1653 οὐ
3626 1619 3776 1676 προο-

2167 1713 2386 1768 ρωνται.

2243 1873 2303 1928 L.
2337 1876 2390 1924 Ὀ
2422 1868 2635 1941 δὶ,τῶν,
2667 1870 2740 1932 ὡς
2777 1870 2930 1942 ὑμεῖς
2953 1889 3103 1947 φατε,
3131 1862 3421 1945 βαρϐάρων
3451 1866 3628 1940 λόγος,
3659 1865 3778 1921 εὐσε-

2171 1957 2421 2023 ϐέστατός
2469 1961 2631 2031 ἐστιν,
2678 1957 2771 2014 ἕνα
2818 1958 2945 2014 Θεὸν
2978 1955 3317 2032 δημιουργὸν
3360 1954 3518 2011 τοῦδε
3543 1959 3633 2009 τοῦ
3660 1976 3780 2008 παν-

2167 2052 2258 2112 τὸς
2292 2049 2701 2124 εἰσηγούμενος,
2749 2052 2818 2121 τῇ
2849 2046 3002 2125 φύσει
3034 2046 3226 2122 ἀγαθὸν
3277 2044 3368 2101 καί
3415 2042 3632 2099 δίκαιον⁸
3664 2044 3774 2118 ἀγα-

2169 2140 2259 2202 Θὸν
2296 2139 2413 2211 μὲν,
2464 2140 2538 2200 ὡς
2593 2137 3057 2211 μεταμελομένοις
3104 2139 3500 2211 συγχωροῦντα
3536 2133 3600 2187 τὰ
3625 2134 3776 2206 ἁμαρ-

2166 2230 2232 2298 τή
2246 2247 2403 2301 ματα·
2437 2225 2643 2282 δίκαιον
2677 2224 2754 2298 δὲ,
2788 2227 2862 2287 ὡς
2912 2226 3117 2297 ἑκάστῳ
3168 2225 3242 2297 μὴ
3296 2227 3652 2296 μετανοοῦντι,
3679 2223 3778 2275 κατ’

2167 2317 2313 2388 ἀξίαν
2361 2321 2468 2371 τῶν
2515 2314 2932 2390 πεπραγμένων,
2982 2308 3308 2369 ἀποδιδόντα
3341 2357 3353 2370 .
3403 2315 3650 2372 Ἕκαστος
3687 2311 3774 2385 γὰρ

2165 2404 2468 2483 προσδοκίᾳ
2538 2409 2636 2460 τοῦ
2709 2405 3053 2476 κριθήσεσθαι
3111 2403 3214 2457 ὑπὸ
3268 2405 3369 2457 τοῦ
3429 2399 3774 2455 παντεπόπτου

2165 2500 2319 2565 Θεοῦ,
2354 2496 2488 2568 πρὸς
2516 2495 2577 2548 τὸ
2625 2497 2918 2569 σωφρονεῖν
2972 2488 3182 2562 μᾶλλον
3231 2492 3333 2560 τὴν
3367 2490 3543 2566 ὁρμήν
3581 2490 3622 2525 ⁵⁸
3651 2486 3775 2560 λαμ-

2166 2581 2314 2639 ϐάνει
2343 2585 2430 2638 καὶ
2463 2584 2491 2638 6
2523 2582 2816 2660 σωφρόνως
2851 2576 3153 2658 βεϐιωκὼς,
3183 2587 3284 2649 τῆς
3317 2577 3535 2634 αἰωνίου
3572 2576 3772 2651 λυτροῦ-

2162 2694 2249 2728 ται
2281 2671 2578 2734 κολάσεως.

2239 2765 2322 2819 LI.
2351 2761 2608 2817 Ἑκάστου
2639 2758 2696 2815 δὲ
2723 2764 2830 2815 τῶν
2882 2761 3008 2836 παρ’
3056 2759 3182 2831 ὑμῖν
3213 2756 3519 2835 λεγομένων
3549 2757 3669 2810 θεῶν
3695 2755 3778 2814 τὰς

2165 2846 2376 2914 ἀσεϐεῖς
2426 2848 2728 2925 διελέγχων
2782 2848 3021 2925 πράξεις,
3064 2851 3161 2901 τοῦ
3203 2846 3328 2908 Διός
3377 2867 3437 2900 τε
3481 2844 3566 2899 καὶ
3614 2849 3780 2898 Ποσει-

2167 2937 2340 3001 δῶνος
2371 2942 2435 3008 ⁸⁵,
2469 2936 2795 3000 Πλούτωνός
2844 2958 2902 2991 τε
2926 2935 3016 2990 καὶ
3045 2933 3430 3003 ’Δπόλλωνος,
3481 2931 3723 2988 Διονύσου
3746 2933 3783 2967 “

2164 3049 2222 3083 τε
2273 3028 2361 3082 καὶ
2412 3025 2764 3103 Ἡρακλέους,
2819 3022 2910 3080 καί
2956 3029 3064 3078 τῶν
3121 3025 3239 3078 καθ’
3296 3019 3393 3078 ἕνα
3449 3020 3655 3076 ἕκαστον
3699 3020 3780 3092 (ὦν

2167 3113 2293 3171 οὐδὲ
2324 3115 2476 3170 αὐτοὶ
2507 3117 2771 3190 ἀγνοεῖτε,
2806 3113 2865 3169 ἐκ
2909 3110 3157 3173 παιδείας
3188 3110 3521 3181 Ἑλληνικῆς
3552 3109 3781 3183 ὁρμώμε-

2165 3227 2269 3272 νοι,
2304 3204 2395 3267 οὓς
2423 3202 2773 3274 ἐπαιδεύθητε
2801 3203 2968 3278 βίους,
2995 3200 3088 3256 ’ίνα
3118 3201 3192 3263 ὡς
3243 3198 3490 3270 ζηλωταὶ
3516 3203 3618 3253 τῶν
3647 3199 3780 3259 θεῶν,

2165 3295 2233 3348 τά
2279 3294 2445 3367 ὅμοια
2494 3293 2807 3370 πράττητε),
2857 3291 2946 3346 καὶ
2980 3290 3070 3345 ἀπ’
3117 3289 3281 3344 αὐτοῦ
3329 3310 3392 3364 γε
3438 3288 3705 3364 πρότερον,
3744 3285 3782 3338 εἴ

2169 3379 2337 3451 δοκεῖ,
2393 3387 2490 3437 τοῦ
2550 3378 2978 3455 βασιλικωτάτου
3035 3379 3158 3439 Διὸς
3208 3375 3462 3450 ἄρξομαι.
3506 3380 3605 3429 Τοῦ
3649 3373 3782 3446 ὁμὲν

2167 3473 2345 3547 πατὴρ
2399 3469 2600 3547 Κρόνος
2644 3471 2711 3524 τά
2760 3466 2869 3524 ἴδια
2914 3467 3092 3536 τέκνα,
3125 3467 3199 3528 ὡς
3234 3465 3470 3542 λέγεται,
3512 3464 3779 3531 καταπιὼν,

2166 3564 2233 3634 τῇ
2265 3561 2316 3630 ἐξ
2346 3558 2650 3634 ἀδάμαντος
2699 3559 2842 3634 ἅρπῃ
2888 3561 2984 3611 τοῦ
3032 3556 3233 3632 πατρὸς
3259 3554 3329 3609 τά
3382 3553 3545 3629 μόρια
3573 3551 3778 3626 θερίσας,

2164 3657 2266 3718 τῆς
2295 3648 2432 3725 πρὸς
2465 3654 2641 3724 γονεῖς
2690 3643 2955 3708 εὐσεϐείας
3000 3645 3090 3700 καὶ
3140 3652 3238 3714 τῆς
3282 3643 3424 3717 πρὸς
3450 3644 3517 3698 τά
3543 3641 3688 3697 τέκνα
3712 3660 3783 3716 φι-

2167 3736 2307 3809 λίας,
2348 3743 2464 3800 τοῖς
2511 3737 2580 3792 τὰ
2630 3735 2859 3809 μυστικὰ
2903 3739 3010 3789 τῶν
3063 3737 3198 3797 θεῶν
3254 3732 3554 3803 ζηλοῦσιν,
3601 3728 3784 3787 εἶκόνας

2165 3827 2253 3882 καὶ
2308 3826 2513 3888 τύπους
2559 3824 2882 3900 παρέσχετο.
2940 3823 3110 3885 Αὐτὸς
3153 3819 3212 3877 δὲ
3260 3823 3287 3876 6
3336 3820 3464 3883 Ζεὺς
3512 3819 3598 3874 τὸν
3642 3817 3782 3872 αὐτοῦ

2164 3915 2368 3991 πατέρα
2424 3913 2602 3976 δείσας
2658 3916 2702 3950 ⁸⁸
2735 3959 2748 3984 ,
2807 3911 3123 3988 κατέρῥαξεν
3197 3910 3273 3972 είς
3346 3909 3657 3984 Τάρταρον,
3708 3904 3783 3959 καὶ

2163 4004 2286 4067 τοὺς
2313 4008 2358 4041 ⁶⁰
2389 4001 2593 4066 ἄλλους
2630 4001 2854 4071 κολάζει
2902 4000 3076 4064 θεούς.
3129 4005 3256 4061 Τοῖς
3306 3996 3366 4054 δὲ
3417 3997 3782 4074 ἀῤῥητουργεῖν

2163 4092 2429 4164 ἐθέλουσι,
2460 4094 2559 4161 τήν
2612 4098 2784 4161 Μῆτιν
2835 4091 3096 4166 γεννήσας
3136 4088 3412 4157 κατέπιεν,
3439 4091 3504 4157 ἦν
3536 4085 3591 4141 δὲ
3618 4088 3650 4154 ἠ
3680 4085 3783 4150 Μῆ-

2160 4204 2242 4245 τις
2273 4184 2428 4258 γονή·
2477 4179 2673 4258 βρέφος
2721 4179 2823 4255 γὰρ
2873 4182 3174 4245 καταπιεῖν,
3221 4173 3504 4232 ἀδύνατον.
3551 4175 3696 4246 Ὑπὲρ
3739 4169 3788 4224 δὲ

2161 4271 2456 4346 ἀπολογίας
2515 4267 2883 4345 παιδεραστῶν
2923 4313 2938 4335 ,
2993 4263 3322 4340 Γανυμήδην
3382 4264 3602 4341 ἁρπάζει
3633 4305 3645 4318 .
3697 4261 3785 4316 Καὶ

2166 4366 2388 4436 μοιχοῖς
2421 4359 2569 4434 ὑπὲρ
2607 4357 2857 4433 μοιχείας
2910 4357 3146 4430 βοηθῶν,
3176 4354 3339 4416 αὐτὸς
3386 4352 3652 4412 πολλάκις
3683 4369 3786 4423 μοι·

2160 4450 2261 4526 χὸς
2323 4448 2658 4522 εὑρίσκεται.
2715 4443 3150 4522 ’Δδελφογαμεῖν
3207 4446 3251 4482 ⁶¹
3312 4441 3373 4498 δὲ
3429 4443 3782 4526 προτρέπεται,

413 4531 641 4602 invitat,
675 4533 798 4606 ipse
821 4538 1204 4609 congrediens
1235 4556 1366 4595 cum
1398 4540 1972 4608 sororibus,Junone,
2004 4545 2056 4597 et

2169 4524 2428 4616 ἀδελφαῖς
2475 4537 2634 4599 αύτὸς
2679 4533 3057 4606 συνεισελθὼν,
3087 4536 3250 4608 ”Ηρᾳ,
3279 4533 3371 4587 καὶ
3421 4535 3682 4605 Δήμητρι,
3708 4524 3783 4581 καὶ

419 4620 643 4686 Cerere.
679 4627 736 4678 et
765 4627 982 4682 Venere
1013 4625 1230 4683 cmlesti
1255 4646 1430 4700 quam
1464 4630 1730 4685 nonnulli
1763 4631 2061 4687 Dodonam

419 4717 645 4766 vocant.
677 4714 755 4770 Iis
789 4730 919 4770 vero
943 4716 1042 4787 qui
1083 4734 1218 4772 cum
1257 4718 1491 4775 ﬁliabus
1539 4720 1904 4776 commisceri
1962 4737 2060 4776 vo-

417 4798 571 4869 lunt,
605 4817 738 4858 cum
762 4803 1108 4878 Proserpina
1140 4824 1508 4880 congressus,
1563 4809 1894 4882 exemplum
1952 4809 2062 4864 im-

422 4889 670 4958 probum
702 4907 771 4946 ex
802 4893 1015 4950 fabulis
1045 4895 1315 4951 efﬁcitur.
1343 4896 1465 4952 Alia
1494 4914 1726 4970 quoque
1755 4898 2064 4953 innumera

421 4975 600 5048 impie
618 4981 799 5051 gessit
832 4999 844 5048 ;
874 4984 1024 5038 utab
1055 4984 1256 5057 impiis
1289 4985 1626 5042 hominibus
1641 4992 1872 5059 propter
1893 5003 2062 5042 exsu-

416 5072 714 5138 perantem
730 5069 1237 5144 intemperantiam
1254 5074 1583 5132 fabulosum
1597 5075 1890 5150 dogmade
1905 5075 2063 5132 illius

2173 4625 2465 4704 Ἀφροδίτῃ
2515 4630 2584 4700 τῇ
2641 4624 2880 4702 οὐρανίᾳ,
2939 4623 3006 4693 ἥν
3059 4643 3202 4684 τινες
3256 4619 3525 4691 Δωδώνην
3570 4617 3784 4704 λέγουσι.

2172 4721 2294 4778 Τοῖς
2346 4713 2403 4770 δὲ
2456 4713 2743 4790 θυγατράσι
2799 4714 3080 4789 μίγνυσθαι
3136 4709 3518 4787 βουλομένοις,
3550 4703 3786 4782 Περσεφὸ-

2171 4826 2235 4880 νῃ
2267 4803 2671 4876 συνεληλυθὼς,
2711 4801 3059 4878 παράδειγμα
3103 4797 3345 4876 πονηρὸν
3393 4799 3579 4854 ἐκτῶν
3623 4795 3784 4880 μύθων

2172 4879 2394 4969 γίνεται.
2439 4890 2621 4950 ’Ἁλλα
2669 4913 2728 4946 τε
2779 4891 2948 4967 μυρία
2975 4884 3266 4962 ἠσέϐηκεν,
3293 4886 3386 4943 ’ίνα
3417 4887 3519 4944 ὑπὸ
3545 4889 3646 4941 τῶν
3677 4879 3786 4937 δυσο

2171 4968 2364 5054 σεϐῶν,
2429 4979 2518 5036 διὰ
2571 4982 2670 5051 τὴν
2726 4975 3169 5056 ὑπερϐάλλουσαν
3222 4977 3499 5052 ἀκρασίαν,
3553 4974 3637 5030 καὶ
3683 4968 3787 5028 θεὸς

2173 5073 2450 5134 εἶναιτοῖς
2495 5068 2739 5132 ἰδιώταις
2781 5070 2810 5124 6
2865 5070 3030 5142 μῦθος
3079 5065 3436 5145 δογμυτισθῇ.
3467 5065 3670 5121 Τούτων
3695 5056 3787 5131 οὐχ

1771 5281 2014 5338 VARUE
2052 5279 2464 5337 LECTIONES.

488 5434 530 5469 δι
581 5431 655 5510 al.
719 5428 797 5510 Si
843 5449 966 5510 που.
1029 5433 1076 5466 ⁵2
1112 5432 1294 5510 deest
1348 5432 1407 5487 in
1467 5432 1541 5488 al.
1602 5435 1647 5469 ⁵³
1703 5433 1780 5510 al.
1838 5432 2115 5510 ἀφορμήν.
2176 5433 2220 5467 ⁵⁸
2262 5433 2389 5510 ΔΙίίεε.
2521 5447 2722 5510 __x,_c._
2770 5429 3126 5510 _17,.etc.“"
3172 5415 3776 5510 αιληῐῐοσιὸἇξχοςοιξδξιξο

421 5504 722 5575 ᾼιονυσίου.
755 5504 797 5537 ⁵⁷
826 5505 1214 5575 ,ϐιργηθηιίηαο
1242 5572 1249 5575 _
1278 5504 1433 5558 hom.
1460 5522 1537 5575 _v,
1574 5523 1636 5575 7c.
1687 5508 1784 5575 712A,
1845 5499 1996 5571 eici,
2039 5499 2194 5559 hom.
2253 5506 2305 5568 6,
2339 5520 2388 5558 c.
2438 5505 2491 5558 2.
2520 5503 2563 5535 ⁸⁸
2619 5500 2985 5574 Epiphanius
3039 5499 3189 5575 hisp
3226 5499 3317 5575 26,

3375 5514 3434 5552 n.
3494 5495 3576 5549 l6.
3630 5491 3670 5525 ⁶⁹
3712 5487 3776 5543 ιιι.

419 5557 604 5646 δήσας.
655 5576 709 5647 ’⁸ο
742 5573 840 5629 Καὶ
865 5557 1190 5647 τούςλΙλεεε
1219 5557 1636 5636 suosmet}
1678 5557 2169 5642 aixouéﬂbi‘éi’
2202 5557 2358 5647 alios;
2387 5576 2528 5647 Deus
2563 5557 2769 5646 pun'z't‘:
2806 5590 2943 5628 nam
2999 5557 3317 5646 κατέρῥαξεν
3371 5584 3483 5623 non
3539 5557 3779 5621 convenit

421 5641 554 5705 cum
584 5644 826 5714 κολάζει.
860 5646 1002 5702 Vide
1031 5641 1151 5703 hac
1165 5649 1234 5704 de
1265 5663 1325 5704 re
1348 5647 1582 5705 Hesiodi
1615 5648 1992 5720 Theogoniam.
2027 5648 2194 5704 CLER.
2225 5648 2270 5683 δι
2302 5645 2376 5704 al.
2409 5641 2844 5724 ἀδελφοκτονεῖν.
