4082 6208
294 323 402 389 509

1040 323 1573 387 CLEMENTINA.
1604 356 1681 366 -—
1714 316 2060 383 EPITOME
2104 317 2205 379 DE
2250 314 2523 379 GESTIS
2569 318 2634 378 S.
2682 308 2936 377 PETRI.

3566 304 3685 368 510

294 456 363 518 ὡς
395 454 583 531 ἔτυχεν
616 456 725 531 ἐγὼ
755 455 1075 531 καταγνοὺς,
1101 457 1178 527 τῷ
1214 454 1365 527 μόνῳ
1396 454 1574 529 ἀγαθῷ
1603 456 1718 523 Θεῷ
1756 472 1923 525 προσ-

2068 468 2337 522 livinitate
2370 466 2653 536 imperitis
2685 479 3034 538 persuasum
3066 457 3418 517 fuerit.“His
3442 473 3548 529 ego
3563 472 3676 513 non

297 546 505 622 ἔφυγον,
538 544 900 609 ἀποδεδωκὼς
957 547 1054 614 τήν
1108 546 1281 599 πίστιν
1342 542 1571 620 ἀσφαλεῖ
1609 547 1677 615 τῇ
1729 541 1923 617 κρίσει,

297 636 376 690 ὅτι
406 635 463 689 ἐκ
489 644 590 704 τῆς
622 640 717 690 τοῦ
747 640 879 691 Θεοῦ
911 633 1117 696 δικαίας
1159 635 1386 710 κρίσεως
1434 632 1522 687 καὶ
1572 632 1742 703 νόμος
1794 631 1924 705 ὥρι-

304 747 436 795 σται,
466 727 555 779 καὶ
586 729 621 793 ἡ
654 726 804 799 ψυχὴ
855 725 1067 787 πάντως
1115 726 1175 778 τὸ
1221 725 1335 778 κατ’
1390 724 1532 793 ἀξίαν
1584 726 1655 779 ὧν
1708 723 1925 801 ἔπραξεν

297 814 429 870 ὅπου
462 813 527 884 δή
562 836 692 869 ποτε
724 810 1122 887 ἀπολαμϐάνει.

367 999 479 1049 LlI.
512 998 684 1048 Ταῦτα
715 1015 818 1065 μου
846 994 1109 1061 εἰπόντος,
1142 994 1171 1048 ’ὁ
1203 992 1445 1048 Ἀππίων
1478 996 1523 1030 ⁵³
1548 992 1809 1065 ἐπήνεγκε
1852 993 1929 1063 τῷ

298 1082 464 1157 λόγῳ·
492 1082 552 1135 Τί
585 1082 683 1157 γόρ
714 1102 728 1149 ;
763 1082 890 1158 οὑχῖ
919 1083 1007 1137 καὶ
1050 1080 1321 1151 Ἕλληνες
1378 1083 1467 1137 καὶ
1497 1080 1780 1152 Ἑλλήνων
1839 1083 1928 1136 νό-

302 1192 395 1243 μοι
442 1171 837 1245 ἀπαγορεύουσι
874 1174 942 1226 τα
981 1178 1221 1243 τοιαῦτα,
1258 1174 1346 1227 καὶ
1402 1172 1528 1233 τοῦς
1595 1171 1828 1246 μοιχούς
1876 1192 1934 1225 τε

304 1261 391 1314 καὶ
423 1260 609 1322 ἄλλως
639 1262 705 1315 τά
743 1261 950 1315 ἐναντία
996 1264 1327 1334 πράττοντας
1368 1260 1719 1337 τιμωρεῖσθαι
1766 1282 1932 1332 νομο-

300 1352 544 1419 θετοῦσι;
585 1351 737 1423 κάγὼ
786 1349 938 1427 ἔφην·
991 1351 1192 1406 Οὐκοῦν
1244 1353 1297 1405 οἱ
1344 1349 1623 1420 Ἑλλήνων
1691 1349 1802 1404 θεοί
1870 1351 1936 1402 τα

296 1437 503 1493 ἐναντία
556 1445 671 1501 τοῖς
723 1440 913 1511 νόμοις
957 1438 1400 1516 διαπραξάμενοι,
1449 1438 1669 1494 κόλασιν
1724 1439 1785 1493 ού
1834 1440 1932 1506 τήν

294 1532 561 1603 τυχοῦσαν
620 1527 919 1606 ὀφείλουσι.
984 1534 1105 1590 [Ιῶς
1165 1528 1222 1584 δέ
1278 1528 1627 1607 σωφρονίζειν
1705 1527 1934 1600 ἐμαυτὸν

301 1614 623 1688 δυνήσομαι,
672 1613 1073 1688 ὑπολαμϐάνων
1139 1619 1221 1672 ὅτι
1275 1620 1325 1672 οἱ
1375 1619 1485 1672 θεοὶ
1530 1617 1680 1671 αὑτοὶ
1730 1622 1936 1690 πρῶτοι

301 1708 415 1777 ἅμα
441 1710 508 1779 τῇ
569 1705 810 1781 μοιχείᾳ,
843 1708 909 1761 τά
964 1706 1181 1782 χαλεπά
1236 1708 1407 1761 πάντα
1444 1705 1817 1778 διεπράξαντο,
1848 1706 1938 1759 καὶ

300 1792 457 1864 δίκην
490 1794 551 1849 οὗ
584 1793 843 1850 δεδώκασι

297 1885 378 1944 ὡς
438 1885 514 1955 μὴ
577 1882 922 1948 δουλεύοντες
976 1886 1249 1958 ἐπιθυμία·
1286 1886 1330 1939 εἰ
1390 1883 1446 1940 δὲ
1496 1884 1792 1951 ὑπέκειντο,
1824 1890 1941 1946 πῶς

294 1974 434 2041 ἦσαν
489 1974 761 2041 θεοί;Καὶ
822 1976 849 2030 6
901 1976 1163 2031 Ἀππίωνο
1224 1978 1498 2032 Ἔστωσαν
1554 1978 1689 2046 ἡμῖν
1752 1974 1942 2028 σκοποῖ

301 2064 498 2133 μηκέτι
531 2066 577 2099 ⁵⁸
608 2064 740 2133 θεοὶ,
773 2063 917 2119 ἀλλὰ
943 2066 987 2100 ⁸⁵
1034 2061 1299 2129 δικασταὶ,
1333 2064 1406 2125 εἷς
1465 2064 1557 2126 οὖς
1617 2065 1943 2141 ἀφορῶντες,

299 2146 729 2229 φοϐηθησόμεθα
771 2152 1114 2227 ἁμαρτάνειν.
1175 2154 1336 2229 Κάγὼ
1410 2151 1564 2231 ἔφην·
1619 2154 1728 2207 Οὑκ
1806 2149 1944 2207 ἔστιν

301 2241 522 2313 ὅμοιον,
556 2242 601 2295 ὦ
635 2241 902 2297 Ἀππίων,
937 2243 993 2295 Ὀ
1026 2243 1121 2314 μὲν
1170 2244 1273 2317 γὰρ
1330 2244 1464 2317 πρὸς
1522 2240 1803 2318 ἄνθρωπον
1858 2242 1945 2295 τὸν

309 2331 513 2383 σκοπὸν
544 2328 708 2405 ἔχων,
743 2328 925 2385 ἐλπίδι
978 2336 1075 2385 τοῦ
1125 2328 1323 2401 λαθεῖν,
1358 2331 1676 2405 ἁμαρτάνειν
1736 2334 1949 2393 πάντως

305 2417 661 2489 τολμήσειενο
703 2420 730 2473 ὁ
762 2417 819 2474 δὲ
850 2420 977 2474 Θεὸν
1007 2420 1387 2491 παντόπεπτην
1427 2425 1496 2493 τῇ
1557 2422 1747 2475 ἐαυτοῦ
1798 2425 1951 2497 ψυχῇ

314 2506 665 2577 ὁρισάμενος,
698 2506 854 2570 εἷ’δὼς
888 2509 1044 2563 αὑτὸν
1088 2508 1265 2564 λαθεῖν
1325 2512 1399 2582 μή
1452 2507 1723 2581 δύνασθαι,
1757 2510 1845 2564 καὶ
1893 2511 1955 2564 τὸ

319 2591 495 2669 λάθρα
522 2598 846 2669 ἁμαρτάνειν
877 2600 1281 2673 παραιτήσεται.

392 2686 531 2741 Llll.
559 2687 738 2740 Ταῦτα
771 2687 798 2739 6
828 2687 1069 2742 Ἀππίων
1116 2688 1364 2749 ἀκούσας.
1399 2685 1601 2758 ᾜδειν,
1634 2686 1757 2765 ἔφη,
1786 2688 1836 2758 ἐξ
1871 2688 1959 2742 ὀτε

323 2772 525 2839 ἤκουσα
558 2780 897 2849 Χριστιανοῖς
946 2797 1001 2830 σε
1049 2778 1511 2852 προσομιλοῦντα,
1547 2776 1887 2846 ἠλλοιῶσθαι
1915 2780 1959 2813 ⁶⁶

333 2863 423 2929 τὴν
476 2863 722 2937 γνώμην.
784 2863 975 2928 Καλῶς
1031 2867 1129 2941 γὰρ
1182 2864 1574 2941 εἴρηταΓτινι·
1638 2867 1956 2943 Φθείροδσιν

330 2949 430 3018 ἤθη
461 2952 675 3025 χρηστά
724 2952 939 3024 ὁμιλίαι
984 2954 1162 3008 κακαί.
1198 2955 1365 3029 Κάγὼ
1408 2955 1543 3028 πρὸς
1592 2956 1773 3011 αὑτόν.
1824 2956 1959 3010 Ούκ-

335 3043 417 3092 οῦν
471 3039 851 3116 ἐπανορθοῦσιν
910 3040 1014 3113 ἤθη
1082 3045 1158 3115 μὴ
1218 3044 1431 3120 χρηστά
1504 3045 1718 3116 ὁμιλίαι
1775 3043 1959 3102 καλαί.

333 3130 492 3182 Ταῦτά
523 3150 627 3201 μου
659 3130 928 3199 εἰπόντος,
960 3134 1011 3187 οἱ
1041 3133 1299 3205 παρόντες
1331 3134 1549 3211 φανεροὶ
1597 3137 1729 3203 ἦσαν
1780 3134 1957 3210 ὥσπερ

335 3214 586 3287 ἠδάμενοι
616 3224 733 3281 τοῖς
766 3221 853 3274 ὑπ’
892 3221 1027 3293 ἐμοῦ
1059 3221 1397 3297 λεγομένοις·
1431 3224 1546 3278 ὅθεν
1578 3223 1665 3277 καὶ
1704 3228 1773 3287 τῇ
1807 3224 1957 3277 ὑστε-

338 3306 450 3379 ραίᾳ
500 3308 813 3379 ἀξιώσαντες
860 3310 1141 3387 ἀφικέσθαι
1195 3311 1378 3382 πάλιν,
1436 3313 1498 3367 τό
1552 3334 1614 3387 γε
1684 3318 1773 3367 νῦν
1830 3310 1956 3387 ἔχον

339 3395 643 3470 ὑπεχώρουν
670 3400 733 3454 ⁵9.
765 3403 841 3469 Τῇ
877 3397 933 3453 δὲ
967 3399 1217 3477 ἐπαύριον
1269 3400 1675 3479 προεληλυθότι
1732 3408 1808 3474 τῷ
1866 3401 1961 3456 Πέ-

338 3504 441 3556 τρῳ
470 3486 737 3555 ἀπήντουν
769 3490 815 3524 ⁷ο
842 3487 1229 3565 πλησιόχωροί
1261 3512 1317 3544 τε
1346 3490 1446 3545 οὐκ
1494 3490 1698 3565 ὀλίγοι,
1730 3492 1818 3545 καὶ
1870 3491 1960 3545 αύ-

338 3580 428 3641 τῆς
459 3571 513 3628 δῖε
540 3583 642 3644 τῆς
691 3576 872 3651 Τύρου
931 3578 1153 3634 πολλοί⁶
1188 3584 1278 3634 καί
1330 3580 1633 3658 ἐπεφώνουν
1691 3579 1958 3656 λέγοντες·

340 3661 393 3713 Ὀ
419 3664 537 3725 Θεὸς
571 3661 660 3718 δια
690 3670 786 3718 σοῦ
810 3668 957 3737 ἡμᾶς
991 3665 1227 3737 ἐλεείτω,
1261 3672 1324 3737 ⁷¹,
1359 3666 1447 3723 διὰ
1475 3674 1570 3723 σοῦ
1601 3672 1645 3704 ⁷³
1686 3671 1964 3744 θεραπευέ-

339 3771 427 3804 τω.
460 3753 593 3814 Στάς
628 3751 719 3807 οῦν
752 3754 779 3807 ὁ
806 3754 1007 3830 Πέτρος
1040 3756 1127 3810 ἐπὶ
1179 3757 1332 3820 λίθου
1374 3758 1519 3819 τινὸς
1563 3757 1778 3831 ὑψηλοῦ
1828 3760 1963 3833 πρὸς

339 3840 395 3893 τὸ
430 3838 675 3905 δύνασθαι
730 3850 857 3897 πᾶσι
904 3846 1211 3922 καταφανὴς
1256 3846 1409 3917 εἶναι,
1459 3845 1547 3901 καί
1594 3848 1964 3923 προσαγορεύ-

339 3948 424 3990 σας
455 3926 693 3986 θεοσεϐεῖ
721 3931 898 4005 νόμῳ,
930 3933 1103 3996 οὕτως
1128 3932 1348 4009 ἤρξατο·

402 4109 535 4164 LIV.
569 4114 686 4181 Θεῷ
717 4114 797 4181 τῷ
842 4113 1128 4181 ποιήσαντι
1165 4115 1256 4167 τὸν
1307 4112 1530 4189 οὐρανὸν
1581 4115 1669 4169 καὶ
1718 4117 1815 4183 τὴν
1862 4119 1964 4190 γῆν

334 4197 418 4249 καὶ
444 4200 541 4267 τὴν
576 4196 867 4271 θάλασσαν,
901 4200 962 4255 οὑ
996 4199 1167 4256 λείπει
1198 4202 1463 4281 πρόφασις
1512 4205 1645 4279 πρὸς
1695 4205 1965 4280 σωτηρίαν

329 4289 433 4339 τῶν
464 4289 726 4356 σώζεσθαι
760 4287 1129 4363 βουλομένωνο
1164 4288 1383 4354 δυνατὸς
1423 4292 1525 4368 γάρ
1576 4292 1685 4348 ἐστι
1736 4293 1824 4347 καὶ
1872 4294 1967 4355 τὰς

334 4375 506 4449 ψυχὰς
534 4379 698 4448 ἡμῶν
726 4379 814 4431 καὶ
844 4380 911 4432 τὰ
941 4380 1166 4451 σώματα
1211 4386 1398 4438 σῶσαι.
1436 4383 1697 4444 Μανθάνω
1744 4384 1859 4451 οῦν,
1893 4383 1967 4444 ώς

340 4463 668 4537 βουθυτήσας
722 4468 907 4539 Σίμων
944 4469 971 4521 ὁ
1005 4470 1213 4543 Μάγος,
1242 4470 1498 4525 εἷ’στίασεν
1548 4471 1688 4543 ὑμᾶς
1737 4470 1788 4524 ἐν
1836 4472 1969 4545 μέσῃ

2033 564 2248 613 temere
2281 556 2783 621 condemnatis,ad
2816 554 2998 608 Deum
3032 551 3129 622 qui
3166 549 3329 605 solus
3370 548 3562 603 bonus
3593 550 3684 601 est

2036 647 2268 717 confugi
2296 664 2309 713 ;
2344 662 2474 700 cum
2512 646 2683 699 (idem
2719 648 2873 698 certo
2897 640 3120 711 judicio
3152 634 3680 706 habuissem,quod

2036 754 2104 792 ex
2133 736 2232 792 Dei
2258 737 2419 807 justo
2450 734 2691 801 judicio,
2723 737 2779 786 et
2806 730 2896 785 lex
2928 729 3040 783 ﬁxa
3070 728 3147 782 sit
3188 744 3253 781 ac
3308 724 3568 790 deﬁnita,
3629 727 3686 776 et

2040 828 2237 882 anima
2266 824 2501 881 omnino
2534 840 2635 894 pro
2660 822 2941 893 dignitate
2972 834 3173 873 eorum
3205 832 3329 887 quae
3363 812 3546 887 gessit
3584 811 3683 867 ali-

2039 916 2269 987 quando
2294 919 2594 985 receptura
2624 912 2720 966 sit.

2110 1004 2222 1059 L11.
2254 1004 2383 1058 Haec
2414 1020 2544 1057 cum
2588 1000 2888 1063 dixissem,
2920 997 3143 1068 Appion
3176 993 3424 1051 orationi
3485 991 3682 1061 subje—

2042 1096 2156 1149 cit:
2192 1093 2338 1157 Quid
2365 1092 2519 1147 enim
2554 1092 2582 1145 ‘I
2604 1106 2795 1144 nonne
2826 1088 3001 1143 (ἔτωοὶ
3035 1084 3685 1153 etiam,Grmcorumque

2041 1184 2197 1254 leges
2228 1182 2343 1237 ista
2374 1180 2694 1252 prohibent
2728 1196 2740 1243 ;
2775 1182 2831 1231 et
2860 1174 3175 1235 adulteros,
3199 1188 3411 1243 eosque
3443 1170 3541 1241 qui
3574 1167 3688 1223 alia

2044 1271 2427 1344 repugnantia
2458 1269 2865 1327 committunt,
2898 1264 3089 1336 puniri
3124 1260 3448 1317 sanciunt?
3469 1260 3537 1312 Et
3582 1273 3687 1329 ego

2044 1362 2356 1433 respondi:
2392 1359 2573 1431 igitur
2602 1359 2927 1412 Graecorum
2982 1354 3061 1407 dii
3114 1351 3404 1407 contraria
3462 1346 3688 1419 legibus

2046 1452 2464 1516 facientes,non
2497 1447 2617 1502 leve
2642 1444 2996 1517 supplicium
3026 1445 3343 1497 merentur.
3364 1438 3485 1501 Quo
3518 1435 3690 1490 modo

2047 1544 2239 1595 autem
2274 1556 2366 1593 me
2397 1553 2661 1592 coercere
2693 1533 3059 1606 potero,dum
3084 1529 3349 1585 existimo
3373 1527 3511 1581 deos
3533 1524 3691 1595 ipsos

2048 1628 2268 1701 primos
2290 1643 2407 1681 una
2428 1642 2562 1680 cum
2594 1622 2878 1679 adulterio
2893 1624 3104 1677 cuncta
3127 1617 3347 1689 ﬂagitia
3361 1612 3691 1687 perfecisse,

2050 1734 2154 1773 nec
2182 1732 2381 1788 poenas
2403 1714 2811 1781 dedisse,quas
2842 1711 2972 1764 ideo
3003 1707 3193 1779 magis
3224 1707 3361 1760 dare
3383 1703 3693 1768 debebant,

854 1797 1063 1875 ,ταύτῃ
1096 1796 1307 1868 μᾶλλον
1362 1795 1672 1874 ὀφείλοντες
1731 1793 1937 1864 δοῦναι,

2068 1807 2190 1879 ιυὶει
2220 1821 2333 1859 non
2372 1803 2630 1858 serviunt
2658 1798 3005 1870 cupiditati:
3040 1797 3195 1867 quod
3250 1794 3298 1849 si
3353 1793 3400 1848 ei
3461 1789 3695 1846 obnoxii

2052 1897 2429 1964 tuerunt,quo
2461 1896 2626 1962 pacto
2661 1890 2740 1944 dii
2774 1887 2983 1943 erant?
3015 1890 3081 1940 Et
3108 1883 3333 1956 Appion
3371 1898 3383 1936 :
3418 1882 3547 1937 Sint
3593 1895 3695 1933 no-

2053 1982 2145 2037 bis
2175 1999 2277 2054 pro
2318 1997 2513 2052 scopo,
2540 1996 2651 2033 non
2705 1977 2805 2042 dii,
2840 1974 3213 2045 sedjudices;
3247 1972 3304 2025 in
3336 1987 3483 2041 quos
3513 1966 3697 2039 respi-

2054 2072 2525 2142 ciendo,peccare
2553 2071 2903 2122 metuemus.
2940 2068 3013 2117 At
3051 2079 3154 2132 rgo
3186 2059 3413 2131 excepi:
3456 2058 3579 2113 Non
3611 2060 3700 2109 est

2056 2159 2245 2215 simile
2307 2175 2338 2213 ο
2372 2158 2620 2228 Appion.
2656 2155 2760 2220 Qui
2793 2154 2947 2209 cnim
2982 2152 3051 2206 ad
3097 2150 3392 2205 hominem
3416 2145 3697 2209 collimat,

2058 2264 2161 2319 spe
2193 2248 2431 2311 latendi,
2463 2245 2799 2316 delinquere
2822 2241 3080 2297 omnimo
3113 2237 3347 2292 audebit
3375 2252 3387 2288 :
3424 2233 3520 2306 qui
3567 2248 3699 2287 vero

2060 2344 2240 2393 Deum
2272 2337 2538 2392 omnium
2570 2334 2952 2404 inspectorem
2990 2335 3153 2383 meta:
3181 2326 3302 2381 loco
3342 2324 3554 2379 anima:
3582 2338 3700 2377 suae

2062 2426 2612 2498 proposuit,gnarus
2635 2421 2789 2492 quod
2812 2436 2945 2474 eum
2976 2418 3154 2472 latere
3186 2432 3300 2469 non
3334 2412 3698 2485 possit,clam

2064 2532 2295 2587 quoque
2328 2529 2566 2587 peccare
2596 2508 3017 2582 supersedebit.

2140 2694 2279 2750 LIII.
2314 2694 2450 2756 Quae
2482 2707 2611 2745 cum
2654 2688 2917 2745 audisset
2975 2684 3223 2757 Appion,
3286 2680 3703 2746 Intellexeram,

2068 2784 2276 2854 inquit,
2306 2800 2373 2835 ex
2405 2797 2519 2851 quo
2544 2778 2736 2833 audivi
2768 2777 2873 2830 tibi
2901 2791 3033 2830 cum
3050 2771 3395 2828 Christianis
3413 2786 3540 2824 esse
3569 2785 3705 2823 con-

2069 2870 2464 2931 suetudinem.
2524 2866 2839 2922 mutavisse
2885 2869 2940 2918 te
2998 2860 3370 2917 sententiam.
3431 2856 3709 2911 Praeclare

2071 2963 2224 3018 enim
2267 2978 2300 3016 a
2330 2960 2583 3031 quodam
2614 2958 2837 3011 dictum
2870 2958 2993 3008 est:
3022 2952 3190 3006 Mores
3221 2951 3382 3003 bonos
3439 2946 3710 3016 colloquia.

2069 3056 2429 3121 corrumpunt
2454 3048 2602 3101 mala
2633 3046 2773 3100 “Et
2797 3060 2901 3114 ego
2927 3041 2996 3095 ad
3053 3039 3215 3094 illum
3244 3054 3257 3091 :
3314 3038 3460 3107 Ergo
3518 3050 3710 3089 mores

2074 3158 2188 3196 non
2222 3142 2404 3194 bonos
2427 3134 2713 3206 colloquia
2742 3134 2894 3187 bona
2925 3129 3245 3201 corrigunt.
3276 3128 3319 3162 ⁸⁸
3343 3130 3471 3180 Haec
3504 3141 3595 3179 me
3624 3123 3711 3178 di-

2070 3227 2361 3298 cente,qui
2394 3227 2655 3289 aderant,
2705 3239 2819 3277 non
2852 3222 3096 3275 obscure
3153 3216 3505 3273 videbantur
3559 3211 3712 3267 dele-

2073 3318 2217 3375 ctari
2253 3318 2324 3371 iis
2357 3332 2484 3385 quae
2509 3332 2541 3367 a
2577 3329 2668 3367 me
2699 3311 3076 3365 dicebantur:
3108 3306 3261 3361 unde
3291 3308 3490 3359 etcum
3506 3317 3715 3369 .rogas-

2071 3412 2220 3476 sunt,
2256 3412 2322 3460 ut
2353 3403 2631 3476 postridie
2663 3401 2871 3455 iterum
2906 3395 3328 3458 conveniretur,
3376 3393 3712 3460 impraesen-

2072 3497 2286 3552 tiarum
2303 3495 2335 3548 d
2347 3490 2959 3549 iscesserunt.Postero
2975 3490 3169 3540 autem
3185 3484 3216 3536 d
3229 3482 3468 3544 ie,Petro
3483 3491 3715 3549 egresso

2075 3586 2484 3658 processerunt
2508 3579 2731 3636 obviam
2768 3594 2879 3630 non
2914 3572 3081 3646 pauci
3114 3570 3439 3637 ﬁnitimi,ac
3471 3582 3539 3621 ex
3567 3566 3715 3635 Tyro

2075 3676 2204 3746 ipsa
2225 3671 2590 3742 complures;
2624 3673 2681 3723 et
2746 3664 3171 3723 acclamabant,
3229 3658 3523 3713 dicentes:
3570 3658 3719 3707 Deus

2078 3780 2180 3835 per
2209 3767 2264 3817 te
2296 3760 2478 3816 nostri
2504 3758 2869 3822 misereatur,
2901 3769 3003 3826 per
3033 3757 3087 3804 te
3114 3766 3220 3803 nos
3277 3749 3439 3801 curet
3471 3743 3483 3797 !
3546 3743 3720 3797 Stans

2078 3869 2213 3923 ergo
2235 3852 2441 3906 Petrus
2474 3848 2530 3901 in
2563 3844 2786 3901 excelso
2832 3842 3046 3913 lapide,
3106 3844 3168 3893 ut
3200 3836 3476 3892 omnibus
3527 3836 3723 3902 posset

2077 3957 2205 3997 esse
2235 3938 2608 4010 conspicuus,
2641 3938 2955 4007 postquam
2984 3927 3251 4000 religioso
3281 3940 3441 3979 more
3467 3920 3723 3977 salutas-

2078 4035 2186 4093 set,
2219 4030 2300 4083 ita
2329 4042 2571 4083 exorsus
2601 4028 2689 4079 est
2714 4039 2727 4076 :

2149 4117 2281 4173 LIV.
2316 4116 2454 4182 Deo,
2478 4111 2760 4168 conditori
2794 4108 2945 4177 coeli,
2978 4112 3166 4169 terrae,
3229 4120 3293 4158 ac
3349 4099 3550 4165 maris,
3608 4113 3723 4153 non

2080 4209 2241 4263 deest
2266 4204 2493 4261 occasio
2524 4203 2594 4258 ad
2622 4200 2870 4256 salutem
2895 4212 3095 4253 eorum
3116 4188 3445 4265 quiservari
3460 4187 3721 4258 cupiunt:

2081 4300 2268 4369 potest
2299 4295 2454 4349 enim
2488 4296 2547 4347 et
2578 4290 2806 4345 animas
2837 4290 3069 4341 nostras
3090 4288 3148 4337 et
3176 4296 3420 4352 corpora
3474 4289 3723 4333 servare.

2078 4385 2265 4440 Audio
2298 4384 2521 4454 utique,
2554 4380 2849 4435 Simonem
2874 4375 3108 4445 Magum
3144 4371 3284 4425 bove
3316 4369 3568 4422 mactato
3596 4378 3729 4418 con-

2079 4474 2296 4529 vivium
2328 4472 2490 4526 vobis
2520 4470 2579 4523 in
2606 4467 2796 4522 medio
2828 4466 2949 4519 foro
2972 4462 3223 4523 dedisse,
3255 4474 3320 4513 ac
3349 4456 3480 4509 vino
3540 4450 3725 4507 multo

335 4557 400 4625 τῇ
432 4555 615 4629 ἀγορᾷ,
646 4556 735 4610 καὶ
768 4537 895 4629 οἷ’νῳ
934 4537 1131 4629 πολλῷ
1172 4559 1417 4634 κορέσας,
1449 4537 1719 4634 ὀλεθρίοις
1787 4537 1952 4623 πάθεα

2085 4562 2339 4634 expletos
2372 4556 2719 4631 perniciosis
2754 4553 2975 4608 morbis
3007 4567 3071 4605 ac
3118 4545 3483 4603 daemonibus
3542 4537 3726 4594 tradi-

337 4644 420 4695 καὶ
452 4642 668 4719 δαίμοσι
699 4645 1095 4720 παραδέδωκεν.
1131 4647 1283 4705 Ἀλλ’
1332 4649 1509 4723 ὥσπερ
1557 4648 1648 4704 οῦν
1706 4655 1811 4705 τῶν
1862 4647 1971 4703 δαί-

340 4753 488 4801 μοσιν
536 4734 948 4811 ἀποδεδομένων
994 4737 1247 4810 θυμάτων
1296 4734 1711 4811 μεταλαϐόντες,
1742 4743 1821 4810 τῷ
1867 4746 1966 4807 τῆς

338 4824 519 4887 κακίας
584 4828 814 4903 ἡγεμόνι
875 4824 1341 4897 κατεδουλώθητε’
1404 4827 1577 4889 οὕτως
1636 4827 1694 4881 ἂν
1761 4828 1966 4882 τούτων

336 4917 660 4989 παυσάμενοι
716 4922 797 4989 τῷ
840 4922 955 4989 Θεῷ
1021 4914 1110 4972 διὰ
1172 4923 1268 4972 τοῦ
1320 4917 1524 4993 Κυρίου
1582 4920 1739 4988 ἡμῶν
1791 4918 1969 4984 Ἰησοῦ

337 5008 557 5079 Χριστοῦ
584 5005 945 5083 προσέλθητε,
980 5006 1035 5062 εὖ
1068 5005 1199 5076 ἴστε,
1232 5006 1313 5061 ὅτι
1359 5006 1449 5061 σὺν
1498 5007 1567 5077 τῇ
1623 5011 1719 5061 τοῦ
1779 5007 1969 5078 σώμα-

338 5113 425 5157 τος
458 5095 610 5165 ἰάσει,
640 5098 731 5152 καὶ
776 5097 871 5159 τὰς
918 5097 1096 5173 ψυχὰς
1146 5095 1486 5169 ὑγιαινούσας
1542 5093 1703 5167 ἕξετε,
1735 5094 1803 5149 τά
1856 5098 1971 5165 Θεῷ

342 5182 623 5256 ἀρέσκοντα
674 5186 1070 5262 μετερχόμενοι
1116 5188 1269 5241 Ἔστι
1320 5182 1377 5240 δὲ
1430 5186 1499 5239 τὰ
1552 5180 1849 5259 ἀρέσκοντα
1895 5188 1972 5255 τῷ

343 5278 467 5348 Θεῷ,
494 5277 556 5331 16
590 5275 738 5348 αὑτῷ
764 5297 825 5331 τε
870 5275 1286 5352 προσεύχεσθαι,
1316 5275 1404 5329 καὶ
1450 5269 1721 5349 τραπέζης
1775 5271 1969 5345 δαιμο-

2084 4628 2341 4707 disse.At
2372 4628 2525 4703 certe
2557 4645 2710 4700 sicut
2739 4640 3028 4713 perceptis
3062 4634 3363 4693 sacrificiis
3423 4646 3548 4703 qua:
3607 4628 3725 4680 da:-

2080 4739 2356 4796 monibus
2388 4736 2581 4791 oblata
2611 4735 2859 4795 fuerant,
2894 4727 3129 4783 malitia:
3158 4724 3290 4779 duci
3320 4714 3727 4777 servirecoacti

2078 4829 2245 4885 estis:
2279 4828 2360 4881 ita
2392 4826 2461 4892 si,
2498 4824 2569 4877 iis
2594 4819 2913 4885 relictis,ad
2950 4818 3265 4883 Deum,per
3293 4808 3607 4866 Dominum
3633 4820 3727 4858 no-

2081 4924 2268 4973 strum
2299 4915 2500 4970 Jesum
2560 4909 2877 4972 Christum,
2912 4902 3293 4964 accesseritis,
3332 4898 3585 4970 profecto
3617 4891 3728 4947 sci-

2080 5010 2219 5075 tote,
2251 5020 2353 5059 vos
2384 5018 2517 5057 cum
2550 4997 2813 5069 corporis
2844 4995 3113 5058 sanitate,
3148 4990 3322 5045 etiam
3357 4987 3585 5041 animas
3635 4997 3725 5035 sa-

2080 5112 2188 5150 nas
2248 5092 2551 5148 habituros
2610 5102 2784 5153 esse;
2839 5089 2950 5139 Deo
3027 5080 3241 5154 placita
3320 5070 3727 5132 consectando.

2080 5184 2364 5239 Caeterum
2397 5185 2510 5235 Deo
2542 5176 2756 5250 placita
2784 5177 2959 5239 sunt;
2993 5186 3127 5226 eum
3163 5158 3731 5240 precari,daemonio-

2081 5289 2213 5328 rum
2245 5286 2450 5326 mensa
2464 5261 3147 5333 abstinere,sanguinem
3178 5273 3289 5313 non
3321 5252 3604 5323 attingere
3626 5260 3731 5303 seu

1687 5399 1922 5455 VARUE
1964 5395 2373 5454 LECTIONES.

410 5504 735 5559 "Clement.
787 5502 943 5557 hom.
998 5518 1073 5564 ιν,
1124 5518 1173 5556 c.
1223 5502 1311 5567 22,
1369 5504 1475 5556 etc.

348 5574 386 5607 ⁸⁷
416 5576 738 5630 Menander.
768 5573 806 5627 l.
841 5592 856 5627 1
883 5590 895 5637 ;
932 5573 951 5628 Ι
982 5573 1109 5627 Cor.
1142 5590 1231 5641 xv,
1260 5574 1348 5626 33.

350 5643 606 5714 ἀπήντων.
683 5648 725 5681 ⁷¹
762 5647 836 5701 al.
873 5641 1085 5713 ἐλεήτο.
1163 5640 1312 5702 "Val.
1342 5644 1518 5699 inser.
1551 5640 1659 5698 καί.

1552 5500 1597 5533 ⁵³
1645 5498 1720 5552 al.
1769 5495 1988 5551 Ἀπίων.

1424 5571 1468 5605 ⁵⁸
1501 5570 1761 5625 Clement.
1804 5569 1961 5625 hom.
1997 5585 2073 5637 1v,
2105 5585 2152 5621 c.
2200 5567 2287 5619 ὥ.

2290 5492 2362 5563 μὴ
2417 5487 2514 5563 ἔτι.
2574 5488 2661 5563 -θε
2712 5484 2783 5563 al.
2839 5480 2991 5563 ἀλλι
3029 5479 3090 5563 +;,
3163 5477 3314 5563 εδει,
3348 5469 3733 5563 auom-33601:.

2064 5498 2109 5530 6‘
2156 5494 2232 5550 al.

2367 5564 2412 5597 ⁶⁹
2443 5562 2517 5616 al.
2563 5556 2891 5632 ἀνεχώρουν.
2944 5555 3017 5609 al.
3054 5539 3477 5624 ’ὑπανεχώρουν
3554 5544 3599 5577 7°
3652 5539 3732 5596 al.
