4082 6208
444 290 559 353 511

1247 303 1311 361 S.
1359 303 1800 367 CLEMENTIS
1848 302 1871 366 Ι
1916 302 2105 367 ROM.
2154 303 2383 368 PONT.
2432 306 2692 371 OPERA
2736 307 2999 372 DUBIA.

3689 312 3792 377 512

448 430 706 499 gustare,
740 429 811 485 ab
851 431 1010 487 omni
1050 431 1514 505 iniquinamento
1564 437 1966 494 immaculatos
2024 456 2081 493 se

2197 438 2323 492 νίων
2401 439 2714 517 ἀπέχεσθαι,
2794 442 2869 512 μὴ
2951 439 3137 513 ψαύειν
3214 434 3453 512 α’ίματος,
3501 440 3556 498 ἐκ
3614 444 3791 509 παντὸς

447 533 788 574 conservare
822 538 835 586 ;
871 520 929 575 in
962 522 1164 579 multis
1195 527 1534 597 corporibus
1571 546 1687 582 una
1717 534 1908 583 mente
1947 545 2080 599 gra-

450 606 861 679 dientes,quod
894 613 1298 685 unusquisque
1330 615 1437 670 sibi
1488 616 1630 685 vult,
1653 618 1709 671 id
1769 623 1825 672 et
1859 618 1929 672 de
1962 634 2083 689 pro-

452 696 609 765 ximp
640 698 893 769 cogitare
924 718 991 756 ac
1021 718 1251 775 cupere.
1275 704 1368 759 Ait
1401 706 1554 760 enim
1590 724 1603 760 :
1636 708 1679 750 73
1709 707 1833 761 Non
1882 708 1967 763 vis
1997 707 2083 761 in-

446 785 913 854 terﬁci,alterum
949 808 1064 845 non
1122 792 1473 850 interﬁcias:
1536 813 1649 850 non
1708 797 1791 850 vis
1849 812 2084 852 uxorem

445 877 611 929 tuam
642 876 714 930 ab
745 875 855 931 alio
889 881 1533 952 constuprari,alterius
1566 889 1807 956 nuptam
1840 903 1911 940 ne
1958 902 2088 940 con-

445 967 687 1036 stupra:
717 982 828 1020 non
860 967 946 1022 vis
978 970 1277 1040 quidpiam
1310 973 1550 1027 omnino
1604 990 1792 1028 rerum
1852 981 2086 1029 tuarum

448 1052 601 1108 furto
634 1055 869 1124 auferri,
902 1056 1046 1112 nihil
1080 1058 1321 1115 alterius
1370 1062 1580 1117 furare.
1642 1068 1831 1133 Atque
1888 1064 1967 1118 ita
2021 1082 2089 1119 ex

445 1141 609 1196 vobis
642 1144 785 1213 ipsis
819 1147 972 1216 quod
1010 1147 1217 1202 rationi
1249 1155 1704 1206 consentaneum
1736 1156 1824 1207 est
1874 1152 2085 1208 intelli-

444 1234 740 1301 gentes,ac
770 1236 1105 1301 consectati,
1127 1236 1240 1293 Dco
1271 1239 1429 1293 cbari
1463 1240 1649 1306 eritis,
1696 1246 1751 1296 et
1774 1242 2085 1297 sanitatem

445 1322 860 1391 assequemini.

519 1408 629 1464 LV.
653 1412 697 1444 ⁷⁵
716 1411 843 1466 Ηωο
874 1429 907 1467 a
939 1414 1103 1469 Petro
1134 1416 1334 1486 paucis
1365 1418 1570 1473 diebus
1620 1420 1827 1489 edocti,
1879 1420 2086 1476 deinde

445 1501 501 1551 et
531 1499 889 1556 curationem
924 1503 1220 1573 adepti,ad
1249 1522 1481 1561 sacrum
1503 1507 1861 1579 baptismum
1895 1526 2085 1565 acces-

444 1592 668 1642 serunt.
702 1589 835 1652 Quas
868 1607 999 1645 cum
1024 1592 1243 1647 Sidonii
1278 1595 1620 1667 audiissent,
1650 1597 2083 1668 supplicaturas

442 1674 513 1729 ad
537 1676 768 1732 Petrum
802 1679 1170 1749 miserunt,et
1200 1685 1531 1740 acciverunt
1562 1702 1694 1740 eum
1728 1687 1799 1741 ad
1826 1704 1887 1742 se
1916 1688 2083 1759 ;quia

442 1780 650 1836 nempe
680 1766 790 1837 ipsi
826 1774 1059 1840 propter
1074 1773 1309 1827 morbos
1335 1774 1403 1827 ad
1438 1773 1602 1829 illum
1627 1775 1819 1831 venire
1842 1793 1953 1831 non
1983 1793 2077 1846 po-

440 1857 650 1909 terant.
679 1856 861 1923 Igitur
894 1859 1096 1915 Petrus
1132 1866 1441 1933 postquam
1502 1880 1715 1935 paucos
1754 1864 1879 1920 dies
1944 1865 2078 1938 Tyri

439 1950 835 2000 commoratus
866 1952 1040 2013 esset,
1074 1951 1407 2021 morbisque
1437 1952 1764 2024 omnigenis
1795 1971 1892 2009 eos
1931 1953 2079 2009 libe-

439 2032 767 2096 ravisset,et
796 2034 1144 2093 instituisset
1177 2038 1510 2105 Ecclesiam,
1536 2046 1709 2113 atque
1739 2060 1808 2097 ex
1839 2044 2080 2113 presby-

436 2120 576 2175 teris
608 2122 705 2194 qui
736 2139 867 2179 eum
901 2127 1297 2197 sequebantur
1325 2129 1663 2201 episc0pum
1694 2130 1840 2201 ipsis
1871 2131 2079 2186 constio

434 2209 663 2281 tuisset,
698 2212 971 2269 Sidonem
1003 2216 1296 2286 profectus
1326 2223 1433 2274 est.
1480 2220 1822 2291 Rursusque
1877 2220 2077 2275 Simon

438 2297 667 2369 Magus,
700 2305 1135 2374 compertojam
1158 2306 1467 2363 adventare
1500 2308 1754 2374 Petrum,
1788 2308 1938 2365 ultro
1973 2327 2076 2364 au-

436 2385 607 2458 fugit,
640 2393 697 2443 et
721 2391 790 2444 ad
826 2392 1096 2464 Berytum
1123 2410 1256 2450 cum
1274 2397 1533 2468 Appione
1555 2399 1798 2469 ejusque
1820 2399 1993 2454 sociis
2017 2415 2079 2454 se

439 2475 705 2531 contulit.

511 2566 644 2620 LVI.
678 2566 959 2624 Caeterum
985 2571 1084 2626 ubi
1117 2571 1321 2627 Petrus
1339 2573 1615 2630 Sidonem
1643 2575 1945 2645 ingressus
1967 2580 2075 2646 est,

442 2654 656 2710 multos
686 2654 745 2709 in
768 2656 933 2712 lectis
969 2663 1362 2732 portaverunt,
1404 2680 1469 2717 ac
1499 2664 1558 2718 in
1589 2670 1903 2737 conspectu
1952 2667 2080 2736 ejus

438 2749 861 2814 posuerunt.At
881 2748 1084 2803 Petrus
1104 2753 1175 2804 ad
1233 2767 1377 2806 eos:
1438 2752 1519 2806 Ne
1577 2753 1938 2824 existimetis,
1992 2755 2079 2810 in-

440 2832 588 2903 quit,
620 2849 713 2889 me
742 2833 963 2905 aliquid
996 2854 1167 2909 posse
1197 2840 1268 2893 ad
1293 2840 1648 2897 curationem
1680 2848 1954 2911 vestram,
1980 2843 2075 2915 qui

441 2936 573 2974 sum
609 2922 730 2992 ipse
759 2939 992 2995 quoque
1022 2925 1196 2982 homo
1228 2928 1589 2999 mortalis,ac
1621 2930 1821 2986 multis
1852 2949 2082 3003 perpes-

441 3007 706 3064 sionibus
738 3012 1059 3069 obnoxius:
1094 3016 1299 3071 docere
1326 3022 1519 3073 autem
1550 3036 1653 3074 vos
1685 3021 1925 3075 modum
1965 3038 2080 3092 quo

443 3096 588 3169 salvi
617 3114 745 3154 esse
778 3102 1185 3172 poteritis,non
1217 3107 1539 3176 gravabor;
1570 3112 1771 3181 utpote
1802 3110 1897 3180 qui
1958 3109 2081 3181 ipse

446 3200 681 3256 quoque
712 3187 987 3245 aCbristo
1019 3192 1259 3248 edoctus
1287 3194 1419 3261 sim,
1471 3200 1528 3251 et
1556 3196 1881 3269 discipulus
1940 3198 2079 3253 Boni

444 3272 606 3330 illius
637 3277 1027 3336 exstiterim."8
1050 3280 1179 3337 Haec
1208 3287 1264 3337 et
1290 3282 1347 3337 in
1378 3284 1588 3341 Sidone
1609 3285 1774 3341 Petro
1797 3286 2083 3341 suadente

444 3362 519 3418 iis
550 3364 648 3434 qui
679 3375 1088 3434 convenerant,
1123 3386 1251 3425 cum
1287 3373 1489 3443 paucis
1519 3374 1725 3429 diebus
1781 3375 1951 3430 multi
2001 3375 2081 3430 ibi

442 3467 675 3523 quoque
705 3455 1044 3525 pcenitentia
1065 3458 1222 3514 ducti
1250 3460 1518 3523 fuissent,
1563 3479 1627 3517 ac
1675 3464 2081 3531 credidissent,

442 3539 576 3595 dein
606 3545 662 3597 et
681 3542 927 3600 sanitate
953 3546 1150 3602 donati
1176 3554 1391 3618 essent,
1427 3551 1739 3607 Ecclesiam
1784 3553 2035 3608 instituit
2068 3579 2083 3621 ς

444 3633 500 3683 et
530 3635 839 3702 postquam
872 3633 1128 3706 aliquem
1158 3653 1226 3692 ex
1248 3639 1598 3711 presbyteris
1629 3642 1725 3709 qui
1759 3657 1894 3696 eum
1947 3660 2084 3697 con-

444 3719 817 3776 sectabantur
844 3723 1244 3782 constituisset
1271 3726 1632 3800 episcopum,
1665 3729 1878 3785 Sidone
1922 3748 2084 3803 egre-

452 3806 630 3861 ditur.

521 3896 685 3952 LVII.
718 3900 927 3955 Statim
958 3906 1151 3958 autem
1182 3920 1248 3959 ac
1276 3904 1546 3978 Berytum
1580 3907 1859 3977 pervenit,
1918 3912 2083 3964 terris

449 3988 645 4040 motus
678 3987 862 4044 factus
890 3994 979 4045 est
1010 4007 1023 4045 :
1059 3996 1232 4063 atque
1250 3992 1414 4065 plebs
1436 3995 1715 4051 accedens
1741 3996 1811 4051 ad
1847 4000 2085 4052 Petrum

450 4076 518 4125 ut
550 4073 726 4130 ferret
746 4092 913 4149 Opem
948 4080 1545 4151 rogabat.Timuimus
1576 4085 1753 4155 enim,
1814 4086 2087 4141 dicebant

450 4177 523 4216 ne
554 4162 820 4222 funditus
853 4167 1197 4237 periremus.
1256 4172 1419 4225 'lunc
1474 4176 1531 4226 et
1588 4172 1808 4240 Simon,
1844 4174 2089 4229 audacia

447 4256 703 4323 sumpta,
735 4258 792 4309 et
837 4262 1169 4313 commento
1212 4275 1331 4314 una
1376 4276 1509 4315 cum
1557 4261 1836 4333 Appione,
1886 4264 2087 4317 Annu-

448 4337 638 4405 bione,
669 4342 1054 4411 Athenodoro,
1088 4350 1429 4419 cmterisque
1459 4350 1734 4405 omnibus
1786 4350 2087 4408 sodalibus

448 4429 791 4503 excogitato,
817 4433 1046 4505 publice
1075 4437 1444 4493 multitudini
1478 4436 1791 4508 clamabat,
1851 4440 2085 4496 Petrum

2193 530 2494 602 μιάσματος
2545 531 2805 592 ἀσπίλους
2855 530 3076 591 ἑαυτοὺς
3128 536 3428 605 συντηρεῖν,
3482 530 3529 586 ἐν
3580 530 3792 598 πολλοῖς

2192 618 2402 689 σώμασι
2437 625 2532 691 μιᾷ
2566 622 2759 696 γνώμῃ
2807 624 3183 694 στοιχοῦντας,
3217 617 3345 693 ὅπερ
3380 616 3593 681 ἕκαστος
3640 622 3791 695 ἑαυτῷ

2193 707 2357 777 θέλει,
2402 715 2561 764 τοῦτο
2610 710 2699 763 καὶ
2750 709 2873 785 περὶ
2920 714 3016 763 τοῦ
3064 708 3296 776 πλησίον
3345 715 3570 785 φρονεῖν.
3599 713 3641 745 ⁷⁸
3666 712 3791 781 Φησὶ

2192 795 2314 871 γάρ·
2377 798 2449 851 Οὖ
2514 798 2687 860 θέλεις
2756 805 3096 876 φονευθῆναι,
3144 793 3323 870 ’έτερον
3392 797 3465 870 μὴ
3538 798 3787 875 φονεύσῃς

2196 886 2256 939 οὐ
2304 885 2478 948 θέλεις
2526 889 2624 957 τήν
2673 888 2769 955 σὴν
2816 887 2902 964 ὑφ’
2950 886 3132 960 ἑτέρου
3182 886 3531 958 μοιχευθῆναι
3577 894 3789 960 γυναῖκα,

2194 974 2292 1041 τὴν
2342 974 2523 1049 ἑτέρου
2576 977 2651 1048 μή
2701 974 2925 1051 μοίχευε
2970 976 3231 1049 γαμετήν
3284 972 3345 1027 οὐ
3405 972 3573 1035 θέλεις
3618 995 3664 1028 τι
3702 980 3791 1030 τῶν

2198 1070 2301 1120 σῶν
2358 1065 2501 1126 ὅλως
2556 1064 2849 1135 κλαπῆναι,
2884 1064 3067 1139 ἑτέρου
3119 1064 3193 1135 μὴ
3244 1061 3441 1117 κλέπτε
3492 1060 3669 1135 μηδέν.
3712 1064 3794 1117 Καὶ

2197 1154 2367 1215 οὕτως
2416 1154 2502 1232 ἀφ’
2553 1154 2702 1226 ὑμῶν
2769 1152 2941 1207 αὐτῶν
3000 1152 3063 1206 τὸ
3112 1148 3336 1227 εὔλογον
3388 1150 3708 1213 συννοοῦντές
3746 1173 3795 1207 τε

2193 1244 2282 1298 καὶ
2317 1244 2609 1316 μετιόντες,
2643 1246 2757 1315 Θεῷ
2787 1240 3105 1320 προσφιλεῖς
3142 1236 3343 1312 ἔσεσθε,
3370 1240 3457 1294 καὶ
3486 1246 3580 1308 τῆς
3628 1241 3793 1302 iussu):

2198 1332 2548 1405 ἐπιτεόξεσθε.

2267 1424 2378 1480 LV.
2414 1426 2643 1476 Τοιαῦτα
2675 1422 2777 1476 ὑπὸ
2825 1425 2920 1475 τοῦ
2968 1423 3174 1494 Πέτρου
3224 1419 3275 1473 ἐν
3341 1417 3546 1492 ὀλίγαις
3600 1419 3799 1493 ἡμέραις

2192 1512 2611 1585 κατηχηθέντες,
2671 1510 2781 1564 εἷνα
2854 1508 2943 1563 xui
3014 1506 3295 1582 θεραπείας
3376 1506 3689 1577 ἀξιωθέντες,
3734 1512 3799 1577 τῷ

2191 1601 2322 1674 ἱερῴ
2353 1597 2662 1675 προσῆλθον
2696 1598 3044 1674 βαπτίσματι.
3076 1601 3251 1651 Ταῦτα
3284 1596 3374 1650 xui
3420 1592 3659 1650 Σιδώνιοι
3709 1616 3793 1667 μα-

2191 1687 2392 1757 θόντες,
2422 1689 2602 1749 ἱκέτας
2630 1688 2763 1761 πρὸς
2790 1688 2881 1741 τὸν
2921 1685 3119 1762 Πέτρον
3166 1681 3422 1740 ἔστελλον
3454 1687 3518 1753 ⁷⁸,
3552 1680 3792 1756 μετάκλη-

2113 1797 2161 1862 B
2191 1798 2280 1831 τον
2326 1782 2605 1838 ποιοῦντες
2652 1777 2787 1852 πρὸς
2838 1774 3052 1842 αὐτοὺς,
3106 1775 3196 1829 ἅτε
3240 1771 3310 1842 δὴ
3365 1770 3453 1827 διά
3495 1772 3585 1834 τας
3627 1772 3793 1834 νόσους

2190 1863 2462 1928 ἀδυνάτως
2512 1864 2663 1920 αὐτοί
2716 1861 2933 1940 ἔχοντες
2983 1864 3119 1939 πρὸς
3167 1862 3372 1917 ἐκεῖνον
3408 1867 3606 1939 φοιτῆν.
3635 1862 3685 1914 Ὀ
3712 1860 3795 1915 Πέ-

2186 1975 2313 2030 τρος
2340 1954 2519 2009 τοίνυν
2552 1955 2759 2030 ἡμέρας
2796 1952 2989 2028 ὀλίγας
3035 1949 3381 2027 ἐνδιατρίψας
3428 1954 3496 2025 τῇ
3542 1949 3704 2025 Τύρῳ,
3724 1949 3797 2003 καὶ

2188 2042 2542 2099 παντοδαπῶν
2601 2042 2794 2105 αὐτοὺς
2874 2040 3191 2112 ἀπαλλάξας
3243 2043 3455 2111 παθῶν,
3512 2038 3797 2107 Ἐκκλησίαν

2185 2156 2243 2189 τε
2273 2133 2690 2206 συστησάμενος,
2723 2132 2813 2186 xui
2864 2132 2969 2186 ἀπὸ
3016 2135 3121 2184 τῶν
3175 2128 3460 2203 ἑπομένων
3512 2128 3646 2199 αὐτῷ
3687 2146 3795 2200 πρε-

2187 2218 2455 2298 σϐυτέρων
2491 2222 2779 2278 ἐπίσκοπον
2814 2220 2997 2281 αὐτοῖς
3046 2222 3412 2289 καταστήσας,
3451 2217 3687 2292 ὥρμησεν
3733 2216 3797 2275 εἰς

2188 2309 2420 2366 Σιδῶνα·
2448 2311 2634 2384 Σίμων
2667 2307 2724 2363 δὲ
2756 2306 2919 2363 πάλιν
2953 2308 2980 2361 ὁ
3014 2310 3198 2383 Μάγος
3230 2304 3440 2375 ἤκοντα
3473 2303 3576 2375 ἤδη
3606 2304 3687 2359 τὸν
3716 2304 3797 2357 Πέ-

2184 2421 2311 2476 τρον
2367 2401 2722 2474 μεμαθηκὼς,
2754 2396 2968 2475 φεύγειν
3020 2395 3224 2471 ἠγάπα,
3258 2396 3351 2450 καὶ
3403 2394 3537 2470 πρὸς
3590 2392 3793 2469 Βηρυτὸν

2192 2488 2387 2565 ἐχώρει
2423 2486 2557 2560 μετὰ
2594 2485 2906 2547 Ἀππίωνος
2933 2485 3021 2539 xui
3049 2488 3155 2539 τῶν
3190 2483 3429 2559 ἑταίρων
3461 2481 3635 2536 αὐτοῦ.

2261 2579 2397 2634 LVI.
2427 2580 2531 2631 Τοῦ
2587 2573 2644 2630 δὲ
2694 2574 2899 2651 Πέτρου
2958 2573 3216 2634 εἰσιόντος
3272 2571 3351 2634 εἷς
3424 2573 3521 2640 τὴν
3591 2567 3794 2639 Σιδῶνα,

2188 2665 2431 2727 πολλοὺς
2460 2665 2546 2720 έπὶ
2575 2662 2776 2719 κλινῶν
2810 2664 3061 2741 φέροντες
3095 2661 3171 2723 εἰς
3205 2655 3330 2733 ὄψιν
3387 2659 3631 2714 ἐτίθεσαν.
3660 2660 3709 2709 Ὁ
3750 2654 3798 2710 δὲ

2188 2751 2387 2832 Πέτρος
2420 2755 2554 2831 πρὸς
2599 2752 2810 2814 αὐτούς·
2845 2753 2930 2822 Μή
2989 2772 3055 2823 με
3102 2749 3390 2822 νομίσητε,
3424 2744 3545 2827 ἔφη,
3577 2744 3796 2809 δύνασθαί

2186 2865 2236 2899 τι
2294 2844 2428 2919 πρὸς
2475 2842 2732 2917 ὑμετέραν
2778 2838 2938 2909 ἱᾶσιν,
2986 2837 3267 2915 ἄνθρωπον
3334 2833 3458 2892 ὄντα
3506 2836 3682 2907 θνητὸν
3723 2832 3797 2888 xui

2188 2932 2365 3003 αὐτὸν,
2427 2932 2516 2986 καὶ
2599 2929 2832 2992 πολλοῖς
2904 2927 3123 2992 πάθεσιν
3183 2926 3553 2999 ὑποκείμενον·
3611 2924 3798 3002 ὑφηγή-

2189 3023 2375 3075 σασθαι
2426 3017 2483 3074 δὲ
2533 3019 2658 3092 ὑμῖν
2707 3018 2797 3072 τὸν
2846 3017 3046 3093 τρόπον
3098 3013 3168 3070 δι’
3216 3016 3280 3070 οὗ
3332 3017 3564 3083 σωθῆναι
3610 3009 3798 3067 δυνατοῖ

2193 3108 2385 3179 ἔσεσθε,
2430 3108 2491 3163 οὐ
2537 3110 2718 3185 φθονῶ
2766 3109 2829 3177 ⁷⁷,
2880 3107 2956 3169 ὡς
3004 3105 3063 3160 ἂν
3107 3105 3196 3159 καὶ
3245 3103 3411 3166 αὐτὸς
3460 3102 3558 3157 ὑπὸ
3598 3102 3799 3176 Χριστοῦ

2194 3196 2490 3274 διδαχθεὶς,
2530 3196 2619 3251 καὶ
2669 3196 2917 3269 μαθητὴς
2968 3193 3165 3250 ἐκείνου
3213 3197 3311 3247 τοῦ
3362 3193 3561 3267 ἀγαθοῦ
3608 3187 3798 3266 γενόμε-

2190 3308 2303 3349 νος.
2334 3291 2561 3341 Τοιαῦτα
2590 3284 2679 3340 xui
2713 3285 2763 3340 ἐν
2799 3282 3005 3338 Σιδῶνι
3040 3287 3137 3337 τοῦ
3180 3281 3391 3357 Πέτρου
3448 3281 3795 3355 παραινοῦντος

2188 3382 2305 3438 τοῖς
2363 3380 2651 3445 συνιοῦσιν,
2711 3374 2761 3429 ἐν
2823 3371 3038 3449 ὀλίγαις
3106 3370 3344 3445 ἡμέραις
3402 3367 3618 3424 πολλῶν
3670 3365 3799 3420 κάκεῖ

2197 3465 2449 3538 μετανοίᾳ
2529 3461 2891 3540 χρησαμένων
2974 3461 3063 3515 xui
3110 3461 3532 3526 πιστευσάντων,
3588 3456 3689 3511 εἶτα
3723 3452 3797 3507 xui

2192 3553 2473 3629 θεραπείας
2540 3548 2889 3622 ἀξιωθέντων,
2966 3548 3289 3618 Ἐκκλησίαν
3369 3549 3661 3615 συνέστησε,
3720 3548 3796 3595 καὶ

2192 3647 2298 3697 τῶν
2359 3643 2731 3714 συνεπομένων
2810 3639 2956 3712 αὐτῷ
3030 3633 3408 3714 πρεσϐυτέρων
3479 3636 3593 3691 τινα
3661 3651 3796 3687 κατα-

2193 3734 2391 3803 στήσας
2421 3734 2467 3769 79
2496 3730 2803 3802 ἐπίσκοπον,
2837 3728 2993 3800 ἔξεισι
3025 3735 3125 3797 τῆς
3159 3724 3426 3788 Σιδῶνος.

2268 3910 2429 3966 LVII.
2491 3910 2580 3970 Ὠς
2639 3905 2695 3963 δὲ
2752 3906 2901 3968 εὐθὺς
2952 3900 3116 3976 ἐπέϐη
3165 3912 3268 3976 τῆς
3318 3908 3578 3981 Βηρυτοῦ,
3609 3899 3797 3971 σεισμὸς

2198 3997 2426 4074 ἐγένετο·
2459 3997 2548 4051 καὶ
2580 3998 2630 4051 oi
2662 3991 2825 4072 ὄχλοι
2875 3994 3193 4071 προσιόντες
3239 3998 3319 4065 τῷ
3373 3993 3575 4067 Πέτρῳ,
3610 3991 3799 4065 βοηθεῖν

2197 4085 2431 4141 ἐδέοντο.
2481 4079 2846 4162 Πεφοϐήμεθα
2875 4085 3001 4160 γὰρ,
3034 4081 3241 4159 ἔλεγον,
3278 4084 3356 4156 μὴ
3412 4081 3499 4136 καὶ
3546 4076 3789 4136 παντελῶς

2195 4174 2553 4247 ἀπολώμεθα.
2591 4172 2720 4228 Τότε
2772 4173 2861 4227 xui
2910 4174 2938 4227 ὁ
2990 4171 3179 4245 Σίμων
3231 4171 3520 4245 τολμήσας
3564 4163 3795 4223 Ἀππίωνι

2196 4266 2309 4338 ἅμα
2362 4263 2450 4318 καὶ
2504 4258 2847 4320 Ἀννουϐίωνι
2887 4264 3024 4332 ⁸⁰-⁸¹,
3060 4258 3425 4337 Ἀθηνοδώρῳ
3470 4280 3545 4329 τε,
3574 4257 3657 4312 καί
3698 4254 3794 4309 ὅσοι

2193 4350 2367 4427 ἕτεροι
2423 4354 2557 4421 ἦσαν
2614 4351 2757 4423 αὐτῷ
2811 4350 3367 4445 ττροση-ταιρισμένοι,⁸
3412 4346 3639 4445 δημοσία
3702 4346 3797 4445 τοῖς

2198 4435 2394 4515 ὄχλοις
2428 4434 2576 4509 ἐϐόα,
2619 4440 2818 4513 Πέτρον
2870 4436 3203 4499 ὑποδεικνύς·
3260 4436 3494 4513 Φεύγετε
3544 4434 3795 4501 τοῦτον,ὦ

444 4520 757 4576 ostendens
791 4538 803 4575 :
839 4523 1041 4595 Fugite
1088 4524 1263 4593 hunc,
1298 4544 1330 4581 ο
1368 4526 1495 4594 viri,
1555 4528 1713 4583 omni
1764 4530 1958 4584 studio
2017 4547 2081 4585 ac

2192 4524 2401 4603 ἄνδρες,
2454 4528 2596 4601 πάσῃ
2652 4523 2887 4600 σπουδῇ,
2918 4525 3155 4603 φεύγετε·
3222 4526 3393 4600 μάγος
3451 4522 3578 4593 ἐστὶ,
3624 4518 3790 4593 λέγων,

441 4607 1036 4685 festinatione,fugite,
1071 4614 1289 4685 dicens,
1333 4616 1536 4689 Magus
1588 4622 1696 4685 est,
1757 4618 1901 4673 mihi
1958 4635 2082 4673 cre-

441 4697 561 4752 dite
595 4742 607 4765 ,
632 4703 689 4754 et
716 4704 881 4755 terrm
914 4707 1138 4759 motum
1172 4705 1221 4759 is
1253 4706 1377 4776 ipse
1407 4707 1559 4777 apud
1584 4724 1684 4762 vos
1716 4707 1868 4775 fecit,
1930 4725 2082 4763 mor-

442 4785 662 4857 bosque
692 4790 978 4858 excitavit,
1013 4806 1075 4847 ut
1104 4810 1205 4849 vos
1254 4798 1589 4865 perterreat,
1624 4796 1892 4867 Deusque
1923 4797 2077 4868 apud

442 4888 540 4928 vos
572 4875 761 4946 palam
795 4878 1367 4953 habeatur.Cumque
1394 4883 1646 4955 populus
1693 4902 1755 4939 se
1794 4885 1946 4940 intra
2002 4886 2079 4941 si-

442 4960 686 5019 lentium
713 4967 1016 5039 tenuisset,
1054 4974 1257 5025 Petrus
1279 4972 1610 5038 subridens,
1662 4972 1916 5044 plurima
1944 4991 2077 5028 cum

440 5048 736 5109 libertate:
772 5054 909 5125 Viri,
946 5056 1154 5128 inquit,
1189 5077 1313 5129 qua:
1344 5061 1415 5115 ab
1448 5061 1576 5116 istis
1628 5062 1926 5129 dicuntur,
1985 5081 2078 5119 me

442 5154 631 5208 posse,
666 5142 781 5198 Deo
809 5144 1304 5221 volente_,efficere,
1329 5149 1540 5203 fateor:
1568 5150 1638 5205 ad
1674 5150 1791 5204 haec
1841 5156 2080 5222 paratus

2192 4615 2525 4670 πιστεύσατε
2571 4614 2660 4669 xui
2724 4615 2815 4668 τὸν
2883 4615 3102 4686 σεισμὸν
3154 4612 3313 4674 αὐτὸς
3381 4609 3531 4671 οὗτος
3588 4609 3635 4663 έν
3685 4607 3789 4676 ὑμῖν

2220 4704 2234 4725 ν
2324 4704 2333 4719 ι
2412 4726 2439 4737 _
2605 4702 2619 4723 ε
2712 4705 2763 4741 «ρ
3119 4701 3133 4743 .'
3242 4722 3262 4734 ι-
3361 4700 3387 4723 “
3507 4700 3520 4720 ⁸
3577 4705 3600 4713 ⁸
3681 4712 3793 4749 κατα

2191 4725 2491 4780 ειργασαιο,
2534 4724 2620 4758 και
2668 4724 2761 4764 τα,
2813 4702 3004 4764 νόσους
3052 4702 3318 4772 έκ.νησεν,
3372 4722 3448 4754 ινα
3502 4719 3632 4771 υμας

2187 4792 2389 4866 πλήξῃ,
2421 4794 2509 4847 xui
2569 4793 2689 4855 θεὸς
2738 4793 2987 4868 ἄντικρυς
3035 4792 3162 4867 παρ’
3212 4791 3339 4862 ὑμῖν
3389 4791 3634 4863 νομισθῇ.
3663 4786 3791 4839 Ἡσοσ

2189 4881 2314 4958 χίαν
2348 4878 2406 4935 δὲ
2433 4886 2529 4935 τοῦ
2562 4880 2695 4936 λαοῦ
2725 4879 3127 4956 παρασχόντος,
3161 4880 3189 4932 ὁ
3221 4878 3423 4954 Πέτρος
3476 4874 3642 4953 βραχὺ
3686 4873 3794 4925 ὑπο-

2194 4967 2489 5043 μειδιάσας,
2526 4970 2659 5041 μετά
2706 4967 2929 5037 πολλῆς
2983 4967 3131 5042 μάλα
3185 4975 3284 5036 τῆς
3332 4965 3642 5043 παρρησίας·
3687 4962 3790 5016 Ἀν-

2191 5057 2330 5135 δρες,
2364 5056 2487 5136 ἔφη,
2525 5060 2657 5131 ἅπερ
2689 5057 2836 5112 οῦτοι
2879 5055 3121 5132 λέγουσι,
3165 5061 3299 5111 Θεοῦ
3348 5054 3613 5123 θέλοντος,
3642 5053 3789 5104 ποιεῖν

2190 5147 2408 5209 δυνατὸς
2442 5148 2573 5202 εἶναι
2606 5148 2887 5223 ὁμολογῶ⁶
2920 5146 3054 5223 πρὸς
3088 5144 3145 5201 δὲ
3172 5146 3389 5207 τούτοις
3446 5140 3651 5215 ἕτοιμός
3692 5136 3787 5207 εἰμι

1795 5294 2036 5351 VARI/E
2075 5294 2483 5352 LECTIONES.

513 5405 556 5475 7,3
586 5404 790 5475 Matth.
841 5423 943 5473 vn,
992 5407 1077 5471 12,
1120 5405 1157 5459 l.
1210 5408 1437 5475 Recogn.
1482 5407 1520 5461 l.
1563 5426 1687 5474 vm,
1738 5426 1787 5464 ο.
1835 5411 1926 5464 56.

442 5473 796 5543 ἀπέστελλον,
857 5477 932 5556 ani:
985 5473 1441 5556 (interemat—:7
1498 5479 1573 5534 al.
1627 5473 1938 5556 FquovtT).

2002 5412 2051 5445 τι
2097 5410 2172 5467 αι,
2217 5411 2381 5466 deest
2426 5409 2487 5464 in
2540 5408 2613 5464 a1.
2689 5409 2734 5443 ⁸⁵
2784 5409 2983 5477 Clem.,
3016 5407 3176 5463 hom.
3206 5424 3307 5474 vu,
3338 5423 3387 5462 c.
3407 5406 3463 5473 5,
3492 5407 3593 5460 etc.
3655 5395 3785 5477 ξε

2016 5483 2060 5516 τε
2108 5482 2369 5550 ειειῃθηι.
2424 5480 2582 5536 hom.
2628 5496 2728 5550 Vl],
2775 5496 2825 5536 ο.
2876 5481 2932 5550 8,
2979 5484 3087 5535 etc.

2712 5523 2728 5567 ,
2775 5496 2825 5536 c.
2876 5481 2932 5550 8,
2963 5468 3087 5567 "etc.
3163 5478 3208 5561 f9
3255 5468 3330 5567 al:
3365 5468 3554 5567 ⁸ἱιιὲεξις.
3614 5468 3787 5567 uiing

443 5548 488 5581 ⁸ο
516 5549 557 5582 ⁸⁸
591 5548 665 5604 al.
709 5542 1319 5633 ’Avouéiaiyi,nmelius.
1352 5550 1495 5633 Tres
1526 5552 1728 5633 scripti
1748 5542 1993 5633 codices
2018 5547 2335 5633 ’ᾼννουϐίῳ,
2369 5569 2482 5633 ριςι)ἐ
2506 5542 2794 5622 Ἀνουϐίῳ.
2829 5542 3057 5633 ᾼιιὶώίο
3087 5550 3243 5633 enim
3273 5554 3332 5633 et
3357 5547 3605 5633 Anubim
3655 5542 3785 5598 idem

436 5636 675 5692 nomen,
708 5622 779 5677 ab
808 5622 998 5677 Anubi
1030 5622 1426 5697 ngyptiorum
1453 5623 1559 5679 deo
1590 5618 1925 5680 deductum.
1960 5626 2080 5682 Sub
2105 5618 2519 5696 finem'ca'pitis
2551 5640 2705 5681 unus
2737 5618 3013 5695 scriptus,
3042 5621 3300 5691 πεισθῆτέ
3330 5638 3439 5693 μοι.
3469 5620 3594 5676 Cor.
