4082 6208
271 467 407 536 513

1043 455 1570 539 CLEMENTINA.
1601 510 1677 522 -
1709 451 2054 538 EPITOME
2101 477 2198 536 ne.
2245 447 2514 535 GESTIS
2562 479 2625 535 s.
2674 474 2930 535 PETRI.

3559 461 3678 537 514

270 607 547 676 (πείθεσθέ
573 609 621 644 ⁸³
655 629 746 681 μοι
776 609 899 684 περὶ
928 609 1000 662 ὧν
1036 607 1200 684 λέγω)
1231 608 1327 677 τῆν
1360 614 1517 663 πᾶσιν
1553 609 1702 680 ὑμῶν
1739 608 1797 662 ἐκ
1829 607 1919 683 βά-

2059 626 2163 664 ηιιω
2196 608 2392 680 (ﬁdem
2417 607 2559 662 mihi
2584 607 2901 663 habentein
2927 606 3018 662 his
3040 625 3166 679 qua:
3188 607 3414 680 loquor)
3441 609 3670 665 univer-

274 707 430 771 θρων
462 695 635 750 αὐτῶν
668 697 995 772 ἀναστρέψαι
1027 696 1211 751 πόλιν.

357 875 549 932 LVIII.
582 879 696 928 Τῶν
749 871 804 928 δὲ
853 869 1040 949 ὄχλων
1093 872 1539 944 ὑποπληξάντων·
1583 873 1694 927 εἶτα
1725 874 1769 909 ⁸³
1797 892 1927 948 προσ

280 962 477 1035 θύμως
531 961 1018 1038 ἐπαγγελλομένων
1081 963 1148 1017 τὰ
1224 962 1311 1016 ὑπ’
1374 962 1537 1016 αὐτοῦ
1599 960 1929 1034 κελευόμενα

277 1053 563 1127 πράττειν,
597 1051 624 1105 ὁ
654 1051 876 1128 Πέτρος·
911 1048 1114 1120 Μηδεὶς
1169 1051 1340 1124 ὑμῶν,
1373 1047 1498 1128 ἔφη,
1530 1048 1592 1104 τὸ
1637 1050 1758 1120 ἑξῆς
1802 1050 1928 1122 ὁμι-

281 1137 456 1195 λείτω
484 1143 531 1176 ⁸⁴
563 1139 780 1215 μάγοις,
814 1137 942 1213 μηδ’
973 1142 1018 1176 ⁸⁵
1047 1138 1191 1202 ὅλως
1221 1140 1295 1201 εἷς
1341 1139 1543 1214 λόγους
1573 1139 1834 1215 ἐρχέσθω.
1867 1138 1928 1191 Οἱ

282 1227 345 1284 δὲ
379 1226 544 1305 ὄχλοι
575 1228 688 1284 ἐπεὶ
715 1233 882 1284 ταῦτα
909 1226 1167 1300 ἤκουσαν,
1200 1234 1315 1290 τοῖς
1375 1228 1498 1303 περὶ
1555 1229 1646 1283 τὸν
1707 1227 1933 1300 Σίμωνα

279 1318 443 1380 εὐθὺς
513 1317 840 1386 ἐπετίθεντο,
883 1317 971 1372 καὶ
1019 1317 1218 1379 πάντας
1271 1316 1321 1371 ἐν
1377 1316 1552 1393 ὀλίγῳ
1597 1315 1930 1392 τραυματίας

279 1410 631 1478 ποιήσαντες,
664 1407 762 1460 οὐκ
793 1407 994 1476 ἀνῆκαν
1045 1405 1237 1461 αὐτοὺς
1285 1405 1554 1477 παίοντες,
1584 1402 1689 1466 ἓως
1741 1425 1934 1458 παντε-

282 1494 406 1556 λῶς
462 1502 564 1565 τῆς
619 1495 834 1557 πόλεως
890 1493 1182 1565 έξεδίωξαν.
1216 1497 1437 1550 Ἔπειτα
1466 1494 1779 1570 προσιόντες
1811 1493 1930 1547 ὅσοι

277 1585 469 1644 νόσοις
526 1584 699 1638 αὐτῶν
754 1584 844 1638 καὶ
903 1582 1123 1656 δαίμοσι
1179 1581 1614 1660 προσεπάλαιον,
1666 1585 1771 1659 πρὸ
1826 1587 1932 1637 τῶν

280 1672 456 1727 αὐτοῦ
482 1670 662 1727 ποδῶν
690 1671 914 1730 ἔκειντο.
946 1675 1004 1727 Ὀ
1036 1670 1092 1727 δὲ
1124 1673 1198 1734 εἷς
1228 1672 1452 1749 ούρανὸν
1496 1670 1627 1745 ἄρας
1672 1673 1767 1733 τὰς
1815 1677 1936 1747 χεῖ-

280 1781 407 1836 ρας,
453 1761 540 1816 καὶ
587 1766 666 1833 τῷ
713 1760 830 1834 Θεῷ
875 1761 1324 1837 προσευξάμενος,
1373 1761 1560 1816 ἰάσατο
1625 1762 1827 1823 πάντας
1881 1759 1938 1814 ἐκ

289 1848 472 1923 μόνης
503 1850 693 1926 εὐχῆς.
729 1849 838 1904 Οὐκ
869 1849 1064 1925 ὀλίγας
1097 1847 1154 1906 δέ
1181 1872 1328 1913 τινας
1358 1849 1571 1924 ἡμέρας
1601 1849 1936 1926 παραμείνας

283 1944 409 2000 τοῖς
437 1938 743 2014 Βηρυτίοις,
773 1939 861 1993 καὶ
891 1937 1139 2001 πολλοὺς
1170 1944 1238 2014 τῇ
1290 1939 1367 2002 εἷς
1425 1937 1636 2016 Πατέρα
1678 1939 1766 1992 καὶ
1816 1939 1935 1992 Υἱὸν
1969 1979 2015 2044 Β

365 2029 382 2044 ς
422 2028 447 2044 ρ.
590 2033 633 2044 τ.
695 2033 723 2040 ..
885 2027 896 2044 .
1253 2026 1264 2044 .
1580 2028 1594 2044 ς
1656 2029 1684 2044 η
1807 2027 1817 2044 ρ

282 2029 385 2082 καὶ
415 2028 564 2102 ἅγιον
590 2033 808 2100 Πνεῦμα
836 2027 1009 2082 πίστει
1042 2026 1362 2104 καταρτίσας
1419 2049 1479 2083 τε
1508 2028 1596 2083 καὶ
1655 2027 1934 2103 βαπτίσας,

284 2117 404 2170 ἀπὸ
426 2121 531 2171 τῶν
561 2115 839 2186 ἑπομένων
889 2117 1034 2189 αύτῷ
1081 2112 1459 2193 πρεσϐυτέρων
1505 2113 1598 2170 ἕνα
1646 2116 1934 2171 ἐπίσκοπον

286 2205 480 2268 αὐτοῖς
509 2208 865 2278 καταστήσας,
900 2205 978 2268 εἷς
1005 2206 1104 2274 τὴν
1138 2200 1342 2261 Βύϐλον
1377 2209 1420 2243 ⁸⁷
1452 2205 1616 2279 έξήει.

368 2385 507 2441 LIX.
539 2383 640 2441 Καὶ
671 2383 961 2459 γενόμενος
995 2383 1123 2456 ἐκεῖ,
1155 2385 1243 2438 καὶ
1288 2385 1471 2457 μαθὼν
1504 2381 1586 2438 ὅτι
1621 2382 1807 2457 Σίμων
1862 2382 1938 2445 εἷς

284 2472 554 2547 Τρίπολιν
601 2472 876 2547 ὥρμησεν,
915 2472 1072 2534 αὐτὸς
1125 2472 1303 2548 βραχὺ
1351 2471 1686 2549 παραμείνας
1735 2473 1938 2541 αὐτοῖς,

285 2563 388 2616 καὶ
439 2561 767 2637 θεραπεύσας
813 2565 918 2616 τῶν
969 2560 1022 2614 ἐν
1071 2556 1273 2634 Βύϐλῳ
1315 2564 1360 2597 ⁸9
1403 2559 1667 2634 πολλοὺς,
1699 2563 1789 2615 καὶ
1838 2562 1936 2630 τὴν

290 2645 568 2706 εὐσέϐειαν
627 2650 820 2712 αὐτοὺς
850 2652 894 2687 ⁹⁰
925 2647 1221 2722 ἐκδιδάξας,
1250 2651 1366 2704 κατ’
1396 2647 1549 2726 ἴχνος
1603 2654 1700 2704 τοῦ
1750 2649 1938 2724 Σίμω-

289 2761 388 2802 νος
415 2740 489 2801 εἷς
518 2738 774 2815 Τρίπολιν
837 2738 1145 2812 ἐπορεύετο,
1179 2736 1529 2811 μεταδιώκειν
1585 2738 1741 2794 αὐτὸν
1794 2739 1941 2812 μᾶλ-

293 2831 421 2900 λον,
453 2828 560 2904 οὐχ
591 2826 909 2907 ὑποφεύγειν
939 2829 1344 2904 προῃρημένος.
1376 2827 1469 2890 Εἰς
1516 2826 1573 2882 δὲ
1601 2830 1701 2898 τὴν
1731 2829 1942 2905 Τρίπο-

294 2919 391 2974 λιν
424 2918 642 2973 εἰσιόντι
678 2921 757 2989 τῷ
804 2919 1014 2994 Πέτρῳ,
1045 2921 1152 2972 τῶι
1202 2916 1678 2996 φιλομαθεστέρων
1737 2915 1942 2973 πολλοὶ

296 3007 570 3077 συνῆλθον
601 3002 661 3061 ἔκ
685 3028 744 3062 τε
770 3014 872 3076 τῆς
899 3005 1093 3082 Τύρου,
1125 3007 1214 3060 καὶ
1247 3005 1510 3076 Σιδῶνος,
1541 3006 1628 3061 καὶ
1673 3009 1940 3082 Βηρυτοῦ,

295 3098 394 3151 καὶ
453 3091 669 3151 Βύϐλου
697 3099 762 3133 9"
797 3096 904 3172 ούχ
933 3096 1128 3166 ἥκιστα
1158 3093 1214 3150 δὲ
1245 3095 1334 3150 καὶ
1362 3100 1469 3150 τῶν
1504 3096 1592 3150 ἀπ’
1622 3093 1786 3164 αὐτῆς
1842 3103 1942 3165 τῆς

296 3184 521 3248 πόλεως
562 3179 749 3260 ὄχλων
792 3183 1021 3247 πλείους
1073 3183 1376 3260 συνέρῤεον,
1409 3185 1693 3260 ἱστορῆσαι
1741 3184 1942 3260 Πέτρον

304 3269 660 3350 βουλόμενοι.
691 3275 864 3330 Ἔνιοι
907 3271 964 3329 δὲ
991 3278 1098 3328 τῶν
1132 3271 1400 3351 ἀδελφῶν,
1433 3273 1485 3328 οἳ
1513 3274 1603 3328 καὶ
1664 3274 1796 3343 ἦσαν
1856 3273 1944 3327 ὑπ’

2033 714 2155 752 sam
2215 704 2464 752 vestram
2523 697 2594 749 ab
2651 696 2795 768 ipsis
2853 697 3252 752 fundamentis
3295 702 3545 754 evertere
3587 699 3670 754 ci-

2032 786 2295 840 vitatem.

2107 875 2296 930 LVIII.
2330 877 2480 930 Tum
2504 875 2678 930 turba
2698 878 3063 929 consternata
3084 880 3208 931 est:
3245 875 3374 930 dein
3404 881 3672 950 prompto

2036 965 2232 1018 animo
2263 965 2549 1036 promittit
2580 980 2640 1019 se
2672 964 2742 1018 ab
2776 964 2898 1034 ipso
2932 963 3215 1035 imperata
3257 968 3538 1020 facturam
3570 983 3584 1033 ;
3616 971 3674 1022 et

2037 1058 2276 1109 Petrus:
2311 1058 2488 1108 Nemo
2515 1060 2794 1116 vestrum,
2821 1053 3030 1124 inquit,
3057 1053 3295 1124 posthac
3321 1071 3452 1108 cum
3487 1057 3673 1128 magis

2039 1142 2454 1197 commercium
2478 1142 2707 1210 habeat,
2741 1158 2928 1212 neque
2952 1158 3202 1212 usquam
3227 1143 3283 1196 in
3318 1143 3673 1216 colloquium

2040 1231 2252 1287 veniat.
2285 1230 2508 1303 Vulgus
2539 1234 2732 1285 autem
2767 1235 3075 1302 postquam
3116 1229 3238 1286 haec
3267 1232 3508 1299 audivit,
3538 1250 3675 1288 con-

2041 1320 2234 1376 festim
2266 1319 2563 1374 Simonem
2595 1319 2899 1390 sociosque
2939 1319 3066 1389 ejus
3109 1320 3294 1375 adorti
3327 1327 3466 1376 sunt
3494 1340 3506 1388 ;
3540 1339 3685 1377 eun-

2043 1409 2268 1480 ctisque
2299 1407 2452 1463 brevi
2485 1407 2824 1473 vulneratis,
2875 1424 2973 1462 eos
3008 1409 3310 1463 verberare
3359 1427 3470 1465 non
3503 1412 3690 1466 desti-

2042 1501 2258 1563 terunt,
2292 1498 2474 1552 donec
2518 1496 2750 1568 penitus
2794 1497 2934 1551 urbe
2977 1496 3359 1568 expulissent.
3388 1500 3432 1533 ⁸⁸⁵
3483 1499 3688 1556 Postea

2044 1587 2385 1641 accedentes
2415 1584 2747 1656 quicunque
2778 1602 2845 1640 ex
2874 1585 2946 1639 iis
2967 1601 3098 1640 cum
3126 1585 3342 1641 morbis
3375 1604 3441 1642 ac
3472 1579 3688 1645 deamo;

2047 1674 2220 1729 nibus
2253 1673 2738 1743 colluctabantur,
2797 1679 2929 1729 ante
2970 1675 3144 1746 pedes
3205 1675 3362 1731 illius
3383 1677 3681 1746 jacebant.

2049 1762 2147 1818 Ille
2178 1779 2331 1832 vero,
2392 1761 2638 1818 sublatis
2695 1763 2752 1816 in
2785 1762 2992 1818 coelum
3048 1764 3340 1835 manibus,
3391 1774 3686 1839 Deumque

2049 1855 2474 1922 comprecatus,
2508 1855 2746 1906 cunctos
2778 1851 3108 1922 precatione
3136 1853 3261 1907 sola
3285 1854 3525 1910 curavit.
3560 1859 3684 1911 Non

2049 1956 2264 2012 paucos
2290 1944 2485 1995 autem
2509 1939 2633 1994 dies
2662 1940 2816 2012 apud
2841 1939 3096 2012 Berytios
3120 1951 3684 2015 commoratus,cum

2048 2027 2265 2084 multos
2287 2029 2398 2083 ﬁde
2421 2029 2478 2082 in
2505 2032 2758 2094 Patrem,
2779 2028 3010 2092 Filium,
3032 2036 3088 2085 et
3110 2031 3390 2101 Spiritum
3416 2038 3684 2090 sanctum

2048 2121 2537 2184 consummasset,
2563 2133 2785 2173 necnon
2810 2118 3161 2190 baptizasset
3188 2136 3200 2186 ;
3225 2137 3340 2175 uno
3361 2137 3428 2176 ex
3450 2124 3686 2196 presby-

2047 2207 2186 2262 teris
2217 2207 2318 2278 qui
2349 2223 2482 2262 eum
2518 2206 2913 2278 sequebantur
2942 2207 3084 2280 ipsis
3107 2208 3164 2262 in
3187 2208 3524 2282 episcopum
3555 2227 3691 2267 con-

2048 2297 2275 2365 stituto,
2307 2296 2366 2350 in
2397 2295 2641 2367 Byblum
2673 2295 2835 2350 abiit.

2121 2385 2257 2440 LIX.
2306 2386 2349 2419 ⁸⁸
2407 2384 2528 2448 Quo
2587 2390 2895 2456 postquam
2954 2385 3327 2456 pervenisset,
3389 2394 3684 2461 comperto

2050 2475 2198 2546 quod
2235 2473 2433 2529 Simon
2467 2473 2524 2527 in
2558 2473 2839 2544 Tripolim
2871 2482 3150 2538 evaserat,
3191 2475 3312 2547 ipse
3343 2477 3512 2534 breve
3541 2483 3687 2534 tem-

2049 2580 2161 2635 pus
2193 2564 2346 2635 apud
2380 2579 2477 2618 eos
2501 2568 2918 2630 commoratus,
2945 2563 3280 2634 curatisque
3303 2565 3506 2622 multis
3528 2568 3689 2641 Bybli

2050 2651 2278 2720 incolis,
2312 2668 2377 2705 ac
2410 2650 2676 2707 doctrina
2698 2651 2931 2722 pietatis
2960 2651 3044 2706 eis
3066 2653 3376 2718 tradita,ad
3404 2656 3688 2727 Tripolim

2051 2755 2154 2813 per
2182 2740 2427 2812 vestigia
2446 2740 2697 2795 Simonis
2727 2740 3007 2810 processit
3031 2765 3046 2808 ;
3070 2747 3262 2797 certus
3282 2759 3416 2798 eum
3437 2744 3689 2818 insequi,

2052 2847 2166 2884 non
2200 2830 2622 2901 subterfugere.
2657 2829 2829 2885 Porro
2879 2846 3012 2885 cum
3045 2831 3247 2886 Petrus
3295 2832 3573 2904 Tripolim
3601 2834 3689 2890 in-

2052 2919 2411 2990 grederetur,
2447 2917 2616 2973 multi
2659 2934 2861 2974 eorum
2909 2918 3010 2991 qui
3055 2919 3330 2975 descendi
3359 2922 3692 2993 cupidiores

2052 3011 2238 3072 erant,
2269 3025 2337 3062 ex
2361 3007 2530 3079 Tyro,
2563 3007 2793 3074 Sidone,
2857 3007 3082 3080 Beryto,
3141 3025 3207 3063 ac
3239 3009 3415 3082 Byblo
3445 3027 3690 3067 concur-

2053 3099 2284 3152 rerunt:
2337 3111 2404 3150 ex
2437 3096 2564 3167 ipsa
2611 3095 2788 3150 etiam
2846 3096 3094 3151 maxime
3151 3097 3383 3153 civitate
3430 3097 3691 3172 plerique

2055 3201 2258 3240 omnes
2289 3183 2635 3253 confluxere,
2668 3183 2954 3240 desiderio
2984 3185 3216 3240 videndi
3264 3191 3520 3244 Petrum.
3553 3189 3689 3253 Qui-

2057 3275 2191 3329 dam
2223 3277 2417 3328 autem
2442 3273 2710 3340 fratrum,
2741 3274 2840 3346 qui
2864 3278 2920 3329 et
2940 3274 3010 3328 ab
3037 3291 3101 3329 eo
3126 3275 3406 3346 praemissi
3440 3277 3695 3344 fuerant,

302 3362 509 3417 ἐκείνου
536 3362 1057 3439 προεκπεμφθέντες,
1088 3359 1377 3438 διηγοῦντο
1419 3365 1552 3436 ἡμῖν
1598 3364 1665 3417 τά
1709 3383 1769 3417 τε
1811 3361 1941 3416 κατά

2059 3363 2408 3418 enarrabant
2438 3361 2606 3417 nobis
2628 3370 2916 3430 accurate,
2951 3367 3075 3417 tum
3110 3368 3328 3419 statum
3354 3365 3535 3435 urbis,
3567 3371 3694 3423 tum

302 3453 404 3520 τήν
437 3451 620 3523 πόλιν,
650 3451 739 3505 καὶ
780 3452 847 3507 τὰ
886 3450 1227 3527 πραττόμενα
1282 3453 1426 3517 παρά
1483 3451 1733 3525 Σίμωνος
1792 3452 1943 3524 ἀκρι-

306 3535 444 3602 ϐῶςο
502 3537 889 3614 ἀποδεξάμενοί
944 3561 1004 3595 τε
1059 3542 1227 3612 ἡμᾶς,
1260 3539 1346 3595 ἐπὶ
1401 3540 1500 3609 τῆν
1539 3541 1837 3617 Μαροώνου
1870 3543 1946 3615 (9)

307 3631 443 3704 ἦγον
478 3628 672 3686 οῗκίαν.

387 3720 496 3777 LX.
523 3723 578 3772 Ὁ
607 3715 663 3772 δὲ
693 3716 894 3792 Πέτρος
922 3717 1002 3772 ἐπ’
1030 3716 1176 3790 αύτῷ
1217 3715 1326 3790 ἤδη
1366 3717 1445 3790 τῷ
1491 3721 1588 3788 τῆς
1635 3717 1807 3789 ξενίας
1853 3740 1950 3773 πυ-

315 3809 454 3863 λῶνι
484 3809 742 3884 γεγονὼς,
775 3806 1138 3885 ἐπιστραφεὶς,
1160 3813 1276 3870 τοῖς
1309 3803 1506 3882 ὄχλοις
1541 3808 1806 3883 ὑπέσχετο
1856 3806 1947 3862 αὕ-

318 3918 435 3973 ριον
466 3896 588 3971 περὶ
620 3891 918 3956 θεοσεϐείας
949 3892 1322 3971 διαλεχθῆναι.
1345 3896 1493 3952 Ἐπεὶ
1519 3894 1682 3950 δὲκαὶ
1715 3894 1949 3966 εἰσῆλθε,

320 3988 398 4059 μή
460 3981 779 4058 μεταλαϐεῖν
836 3985 1097 4060 πρότερον
1153 3982 1252 4062 ἔφη
1309 3992 1537 4063 τροφῆς,
1574 3985 1699 4063 πρὶν
1746 3987 1780 4054 ἢ
1825 3985 1951 4048 τοὺς

318 4074 751 4145 συνεληλυθότας
810 4071 1172 4128 διαναπαύσει·
1208 4074 1652 4150 ἀποκριναμένων
1685 4072 1741 4129 δὲ
1770 4078 1952 4148 ἡμῶν,

316 4163 400 4219 ὅτι
434 4161 641 4237 σπουδῇ
672 4164 868 4226 πάντας
897 4162 1090 4224 αὐτοὺς
1141 4161 1571 4235 διαναπαύσομεν
1600 4167 1666 4232 92,
1693 4165 1721 4218 ὁ
1753 4164 1953 4240 Πέτρος

317 4251 546 4314 ἀκούσας
573 4252 660 4307 καὶ
697 4250 996 4328 εὐλογήσας
1026 4253 1197 4324 ἡμᾶς,
1231 4250 1441 4326 ἐξῆλθε,
1473 4252 1562 4307 καὶ
1620 4253 1955 4326 λουσάμενος

318 4341 372 4397 ἐν
516 4339 774 4415 θαλάσσῃ,
799 4341 888 4396 καὶ
939 4339 1213 4412 εἰσελθὼν,
1247 4340 1359 4396 εἶτα
1411 4340 1501 4396 καὶ
1549 4341 1731 4397 σιτίων
1793 4363 1953 4415 μετα-

321 4425 529 4502 λαϐὼν,
561 4429 786 4506 ἑσπέρας
811 4423 1226 4501 καταλαϐούσης
1258 4429 1520 4487 ὕπνωσεν.

393 4609 532 4665 LXI.
563 4608 722 4684 ’Δρτι
753 4604 810 4662 δὲ
837 4608 961 4680 περὶ
1007 4608 1102 4671 τὰς
1149 4606 1452 4684 δευτεραίας
1508 4611 1616 4662 τῶν
1663 4606 1955 4684 ἀλεκτρυό-

2055 3451 2310 3506 Simonis
2338 3454 2539 3522 gesta:
2571 3454 2627 3505 et
2656 3451 3005 3523 excipientes
3035 3468 3163 3520 nos,
3196 3453 3255 3508 in
3288 3453 3529 3510 domum
3569 3456 3693 3512 Ma-

2057 3539 2252 3596 roonis
2279 3539 2590 3594 duxerunt.

2130 3719 2239 3775 LX.
2272 3722 2475 3773 Petrus
2505 3733 2637 3772 vero
2659 3717 2786 3788 jam
2831 3717 2984 3774 fores
3015 3717 3250 3791 hospitii
3290 3725 3515 3790 tenens,
3550 3739 3686 3779 con-

2058 3824 2282 3872 versus,
2314 3805 2580 3878 promisit
2609 3805 2993 3874 multitudini,
3041 3823 3170 3862 cras
3199 3823 3261 3862 se
3299 3808 3370 3864 de
3401 3810 3500 3864 Dei
3532 3811 3692 3867 cultu

2059 3897 2236 3952 verba
2265 3896 2575 3951 facturum.
2606 3896 2684 3949 Ac
2742 3899 3052 3966 postquam
3105 3895 3330 3966 introit,
3385 3916 3500 3954 non
3533 3901 3696 3972 prius

2064 4001 2126 4041 se
2179 3985 2500 4055 quidquam
2557 3983 2671 4038 cibi
2727 4000 2856 4039 esse
2911 3990 3320 4056 percepturum
3364 3987 3698 4056 affirmavit,

2065 4090 2239 4145 quam
2274 4089 2371 4128 eos
2403 4072 2502 4143 qui
2534 4078 2919 4127 convenerant
2943 4073 3270 4129 refecisset:
3306 4075 3475 4132 nobis
3504 4084 3700 4134 autem

2066 4161 2572 4234 respondentibus,
2601 4162 2752 4232 quod
2788 4177 2885 4216 eos
2915 4178 3117 4217 omnes
3148 4164 3407 4220 studiose
3436 4181 3704 4222 essemus

2066 4251 2357 4314 refecturi,
2389 4255 2593 4305 Petrus
2639 4251 2835 4304 audita
2865 4267 2945 4316 re,
2979 4255 3034 4305 et
3080 4250 3333 4309 laudatis
3363 4270 3427 4308 ac
3460 4255 3702 4312 benedi—

2065 4340 2174 4396 ctis
2205 4339 2392 4404 nobis,
2424 4338 2632 4406 exivit;
2665 4356 2915 4411 cumque
2942 4339 3200 4406 lavisset,
3232 4341 3287 4396 in
3316 4342 3483 4412 mari,
3516 4360 3583 4399 ac
3613 4344 3702 4400 in—

2065 4444 2303 4501 gressus
2337 4432 2509 4497 esset,
2541 4431 2856 4498 posteaque
2895 4428 3088 4483 cibum
3133 4431 3504 4502 sumpsisset,
3538 4435 3706 4488 nocte

2066 4516 2424 4585 adveniente,
2452 4531 2657 4570 somno
2689 4531 2750 4570 se
2779 4515 2958 4572 dedit.

2137 4605 2272 4660 LXI.
2306 4605 2436 4659 Jam
2470 4621 2601 4659 vero
2633 4605 2701 4658 ad
2763 4607 3086 4661 secundum
3138 4607 3424 4677 gallorum
3469 4613 3705 4665 cantum

321 4718 426 4750 νων
457 4693 600 4769 ᾠδὰς
632 4695 884 4765 ἀναστάς,
912 4695 1000 4752 καὶ
1033 4697 1202 4773 εὑρὼν
1232 4698 1380 4769 ἡμᾶς
1410 4693 1519 4766 ἤδη
1565 4695 1936 4773 ἐγρηγορότας

2068 4710 2336 4766 surgens,
2385 4692 2801 4764 inveniensque
2834 4695 3081 4764 nosjam
3120 4695 3460 4765 vigilantes;
3519 4696 3710 4769 quiet

322 4785 380 4838 οἳ
408 4784 498 4839 καὶ
530 4788 668 4858 ἦμεν
702 4785 792 4839 σὺν
824 4784 970 4857 αὐτῷ
1014 4787 1208 4846 πάντες
1266 4782 1564 4851 ἑκκαίδεκα,
1597 4784 1755 4847 αὐτός
1815 4807 1956 4864 φημι

322 4875 547 4950 Πέτρος,
577 4875 730 4950 κάγὼ
762 4873 1023 4946 Κλήμης,
1057 4875 1296 4944 Νικήτης
1344 4895 1403 4928 τε
1459 4875 1546 4927 καὶ
1589 4873 1836 4941 Ἀκύλας,
1870 4874 1958 4928 καὶ

321 4963 374 5015 oi
449 4960 867 5038 προοδεύσαντες
926 4960 1155 5034 δώδεκα,
1220 4962 1354 5033 μετά
1409 4963 1471 5016 τὸ
1529 4966 1958 5038 προσαγορεῦσαι

318 5051 544 5122 πάντας,
579 5051 748 5124 εἰσῄει
805 5071 885 5111 τις
940 5055 1045 5104 τῶν
1096 5052 1338 5120 συνήθων
1387 5049 1743 5126 ἀπαγγέλλων
1791 5051 1958 5122 αὐτῷ,

2069 4799 2302 4838 eramus
2335 4799 2467 4836 cum
2502 4798 2567 4836 eo
2599 4798 2802 4837 omnes
2834 4783 3108 4850 sedecim,
3135 4784 3278 4855 ipse,
3313 4785 3576 4856 inquam,
3606 4785 3705 4841 Pe-

2069 4878 2217 4937 trus,
2248 4876 2304 4926 et
2333 4887 2437 4943 ego
2466 4870 2749 4939 Clemens,
2774 4872 3001 4927 Nicetes
3025 4877 3082 4928 et
3106 4874 3334 4944 Aquila,
3358 4880 3532 4946 atque
3563 4876 3708 4930 duo-

2071 4961 2256 5016 decim
2288 4960 2385 5031 qui
2420 4960 2720 5031 przegressi
2758 4960 3020 5027 fuerant;
3053 4968 3363 5033 postquam
3396 4963 3707 5030 salutavis-

2072 5054 2161 5105 set
2191 5065 2428 5114 omnes;
2463 5049 2762 5120 ingressus
2793 5054 2881 5103 est
2910 5049 3148 5120 quidam
3198 5067 3262 5105 ex
3299 5051 3706 5122 familiaribus,

1678 5159 1913 5215 VARUE
1952 5155 2358 5214 LECTIONES.

397 5250 444 5284 ⁸²
501 5248 574 5304 al.
644 5265 896 5321 praepon.
947 5245 1032 5321 ἐὰν

325 5321 485 5376 hom.
537 5312 662 5385 νηί
687 5337 734 5375 c.
766 5312 879 5375 '12.
919 5319 997 5385 _3"
1048 5312 1108 5374 al'
1147 5312 1365 5371 Βίϐλον.

323 5458 823 5534 Βὲεοςηίιὶοηὶὺιιδ,
856 5458 1298 5533 διανεπαύσαμεν.
1331 5460 1463 5516 COT.

1098 5247 1330 5319 μήεμδιι.
1389 5244 1658 5315 πείθησθέ.
1735 5248 1780 5282 ⁸³
1830 5251 1909 5319 δικ.
1952 5262 2202 5319 ρι’ωροη.
2235 5241 2342 5299 καί,
2420 5244 2470 5319 εξ
2495 5243 2568 5298 al.
2601 5241 2876 5319 ὁμιλτςτω,
2913 5245 2997 5319 A85
3027 5244 3099 5319 al,
3137 5245 3282 5315 μηθ’,

3360 5247 3404 5281 ⁸⁸
3439 5247 3709 5302 Clement.

1441 5319 1484 5352 ⁸³
1534 5314 1817 5389 Οιενηεηε.,
1878 5314 2036 5389 hom.
2068 5314 2141 5372 'VI
2171 5359 2184 5381 ,
2237 5332 2363 5386 cap.
2415 5314 2547 5389 u|t_.,
2595 5321 2651 5370 et
2698 5315 2959 5389 hqm._8,
2993 5334 3039 5371 c.
3082 5314 3271 5383 I,'etc.
3310 5318 3426 5372 Rea.
3456 5317 3494 5371 l.
3544 5335 3617 5386 1v,
3660 5335 3711 5373 c.

327 5393 382 5460 1,
430 5397 539 5447 etc.
615 5382 662 5426 θ’
709 5391 783 5446 al.
837 5383 1045 5461 Βίϐλῳ.
1098 5391 1164 5461 _°°
1210 5391 1285 5445 al.
1337 5387 1540 5461 αὐτοῖς.
1618 5391 1657 5424 9'
1712 5382 2062 5445 αΙ.’Βίϐλου.

2157 5389 2201 5422 π
2248 5384 2708 5457 Διαναπαύσομεν.
2754 5386 2887 5458 Legi
2937 5394 3110 5458 queat
3158 5405 3224 5443 ex
3279 5384 3628 5444 Clementi-nis
3657 5394 3717 5444 et

1690 5549 2067 5606 VARIORUM
2115 5547 2348 5603 NOT/E.

402 5650 480 5723 _(9)
511 5648 830 5723 Μαροώνου.
877 5652 1235 5723 Nomenmest
1281 5645 1581 5723 Syriacum
1621 5651 1712 5723 sat
1742 5652 1965 5714 notum,

319 5719 418 5777 vel
447 5717 684 5793 propter
713 5721 1078 5793 monachum,
1098 5718 1286 5793 illum,
1317 5717 1436 5793 sive
1465 5717 1633 5786 male,
1654 5720 1785 5793 _sive
1816 5724 1968 5793 recte

324 5789 702 5868 sentientem,
735 5810 770 5851 a
797 5809 912 5866 quo
943 5791 1082 5850 dicti
1112 5789 1418 5849 Maronitae.
1449 5793 1528 5846 De
1556 5805 1622 5847 eo
1654 5790 1970 5864 Eutychius

2079 5645 2411 5708 Balricides,
2443 5645 2540 5717 qui
2571 5643 3004 5718 Monothelitam
3035 5646 3213 5718 fuisse
3241 5644 3380 5714 vult,
3416 5662 3448 5700 a
3478 5662 3591 5718 quo
3624 5660 3713 5703 re-

2081 5718 2364 5776 centiores
2395 5717 2686 5774 Maronitae
2719 5717 3094 5775 dissentiunt.
3127 5717 3296 5774 CLEB.
