4082 6208
431 415 547 474 διδ
1255 416 1320 473 s.
1365 414 1803 474 CLEMENTIS
1852 413 1872 473 1
1923 402 2111 477 noM.
2158 411 2384 476 pom.
2431 411 2689 477 OPEBA
2734 397 2994 474 DUBIA.
3673 409 3778 479 sle

432 544 589 599 hunc
620 543 888 598 nuntium
918 543 968 598 ei
998 543 1280 599 efferens:
1333 544 1534 600 Simon
1579 548 1802 618 Magus,
1851 547 1949 601 ubi
1980 545 2035 600 di

2188 542 2268 599 ὅτι
2302 544 2487 617 Σίμων
2522 545 2550 598 ὁ
2580 544 2761 618 Μάγος
2796 542 2976 615 μαθών
3027 562 3080 595 τε
3239 539 3485 616 Τριπόλει
3527 542 3777 620 ἐπιδημή-

431 631 573 688 dicit
602 637 658 686 te
686 632 902 704 Tripoli
936 649 1082 702 esse,
1118 635 1177 688 in
1225 634 1450 707 Syriam
1499 635 1623 706 ipse
1654 635 1831 689 abiit:
1868 634 2037 689 multi

2184 655 2363 705 σαντα,
2395 636 2492 702 τήν
2525 633 2611 687 ἐπὶ
2647 632 2842 707 Συρίαν
2869 630 3026 692 αὐτὸς
3059 627 3256 705 ᾤχετο·
3287 631 3354 684 τὰ
3383 629 3437 685 δὲ
3478 630 3653 704 πλήθη
3691 639 3777 706 τὴν

428 721 571 776 tudo
601 725 796 776 autem
830 737 1006 777 unam
1038 721 1189 778 hanc
1217 727 1445 779 noctem
1467 739 1597 780 esse
1617 724 1751 778 anni
1781 724 2040 778 ambitun

2185 722 2307 794 μίαν
2365 721 2562 791 ταύτην
2620 721 2784 775 νύκτα
2849 719 3087 774 ἐνιαυτοῦ
3143 715 3391 793 περίοδον
3443 718 3778 794 ἡγησάμενοι,

429 809 730 877 arbitrata,
765 826 870 865 nec
901 810 1095 866 valens
1127 811 1517 882 priestitutum
1552 829 1587 867 a
1621 818 1676 868 te
1707 817 1940 885 tempus
1971 829 2039 868 ex

2178 812 2276 880 τήν
2312 808 2551 866 δοθεῖσαν
2586 811 2688 865 ὑπὸ
2735 813 2830 865 σοῦ
2875 807 3205 885 προθεσμίαν
3258 807 3320 862 ού
3361 805 3635 882 δυνάμενοι
3677 812 3782 868 ἀνα-

429 902 713 970 spectare,
747 916 848 971 pro
881 899 1104 954 foribus
1135 905 1270 966 stat,
1305 917 1404 972 per
1426 909 1608 956 cretus
1638 906 1695 955 et
1723 901 1974 958 circulos
2001 901 2035 958 d

2185 901 2378 974 μένειν,
2406 901 2512 976 πρὸ
2542 905 2646 955 τῶν
2699 903 2872 975 θυρῶν
2926 897 3198 968 ἑστήκασι,
3229 898 3362 952 κατὰ
3403 897 3664 962 συστάσεις
3702 904 3781 957 καὶ

419 987 674 1042 Simonis
704 988 1075 1060 improbitate
1127 997 1334 1044 mutuo
1387 989 1762 1059 colloquens;
1807 990 1904 1061 qui
1936 1007 2031 1045 cur

2179 987 2798 1065 συλλόγους,ἀλλήλοις
2817 986 2940 1064 περὶ
2958 994 3060 1056 τῆς
3088 990 3184 1041 τοῦ
3217 985 3466 1060 Σίμωνος
3500 990 3778 1066 μοχθηρίας

422 1067 520 1131 eos
555 1077 609 1130 in
642 1093 805 1148 spem
831 1077 1192 1144 adduxisset,
1221 1083 1395 1149 atque
1426 1077 1720 1148 pollicitus
1741 1083 1894 1134 esset
1915 1095 2027 1150 quo

2180 1075 2575 1151 διομιλοῦντες,
2611 1075 2694 1131 διὸ
2740 1080 2784 1114 9³
2818 1074 3142 1150 μετεωρίσας
3192 1073 3407 1144 αὐτοὺς,
3435 1077 3522 1130 καὶ
3566 1077 3776 1154 ὑποσχὸ-

420 1169 477 1220 te
509 1170 850 1236 praesentem
881 1165 1083 1221 multis
1113 1167 1184 1221 de
1212 1166 1560 1222 criminibus
1586 1171 1741 1223 esset
1771 1167 2032 1222 convictu

2182 1188 2339 1238 μενος
2392 1167 2480 1222 ἐπὶ
2533 1163 2767 1227 πολλοῖς
2824 1187 2880 1220 σε
2935 1169 3120 1225 κακοῖς
3157 1163 3384 1219 ἐλθόντα
3413 1163 3652 1241 ἐλέγξειν,
3681 1165 3777 1221 ἐπι-

422 1271 546 1323 rus,
579 1253 809 1326 cognito
839 1256 1087 1310 adventu
1121 1261 1219 1310 tuo
1252 1271 1313 1310 se
1345 1256 1415 1311 de
1449 1261 1614 1310 nocte
1647 1256 1704 1310 in
1738 1258 1935 1328 fugam
1967 1258 2034 1312 de

2179 1253 2498 1328 δημησαντα
2543 1254 2725 1330 γνοὺς,
2772 1253 2982 1330 νύκτωρ
3031 1250 3267 1331 διέφυγε·
3319 1252 3462 1321 πλὴν
3513 1253 3779 1327 ἐπιθυμοῦ-

423 1343 610 1398 derit:
646 1343 744 1399 sed
779 1348 835 1397 et
863 1345 1064 1399 eadem
1097 1344 1261 1415 plebs
1293 1348 1348 1400 te
1379 1345 1582 1400 audire
1613 1346 1924 1401 desiderat.

1235 1362 1261 1400 s
1293 1348 1348 1400 te
1379 1345 1582 1400 audire
1613 1346 1924 1401 desiderat.
2178 1365 2259 1398 σιν
2288 1345 2440 1399 αὐτοὶ
2471 1344 2691 1399 ἀκοῦσαί
2723 1365 2839 1401 σου.

492 1433 663 1487 LXII.
697 1432 766 1486 Et
797 1437 1023 1499 Petrus,
1081 1434 1409 1489 admiratus
1456 1434 1612 1506 vulgi
1661 1434 1946 1498 studium,
1980 1451 2066 1490 re-

2250 1435 2410 1491 LXII.
2463 1433 2564 1490 Καὶ
2623 1433 2913 1506 ὁιΠέτρος
2971 1432 3248 1505 θαυμάσας
3300 1436 3408 1486 τῶν
3466 1428 3642 1507 ὄχλων
3695 1435 3777 1501 τὴν

422 1522 695 1594 spondit:
729 1521 976 1588 Videtis,
1012 1524 1238 1592 fratres,
1272 1538 1386 1594 quo
1427 1527 1596 1594 pacto
1630 1522 1855 1578 Domini
1884 1529 2034 1578 nosti

2177 1519 2438 1595 σπουδὴν⁹
2490 1522 2827 1598 ἀπεκρίνατο⁴
2879 1523 3087 1596 Ὁρᾶτε,
3139 1517 3387 1594 ἀδελφοὶ,
3434 1524 3547 1594 πῶς
3612 1522 3659 1576 οἱ
3701 1526 3781 1576 τοῦ

419 1611 594 1666 verba
644 1610 948 1665 manifeste
996 1609 1420 1682 compleantur.
1471 1611 1703 1667 Memini
1744 1611 1896 1666 enim
1931 1628 2031 1666 eum

2177 1611 2375 1685 Κυρίου
2420 1615 2578 1684 ἡμῶν
2630 1610 2786 1686 λόγοι
2839 1610 3092 1686 ἐμφανῶς
3132 1608 3483 1665 τελειοῦνται.
3513 1611 3781 1684 Μέμνημαι

427 1699 618 1754 dicere
662 1716 675 1754 :
731 1699 899 1754 Multi
950 1701 1165 1755 venient
1209 1701 1278 1754 ab
1322 1699 1560 1768 Oriente,
1611 1704 1663 1755 et
1692 1700 2039 1762 Occidente,e

2173 1700 2276 1774 γάρ
2326 1699 2489 1755 αὐτοῦ
2547 1699 2850 1776 ε”ρηκότας,
2903 1697 3006 1753 ὅτιο
3058 1697 3272 1754 Πολλοὶ
3340 1697 3634 1754 ἐλεύσονται
3693 1700 3782 1754 ἀπὸ

423 1787 708 1858 Aquilone,
758 1791 814 1842 et
866 1791 1034 1857 mari,
1081 1804 1144 1842 ac
1198 1789 1504 1844 recumbent
1555 1805 1681 1843 cum
1731 1788 2035 1844 Abrahamc

2175 1788 2468 1861 ἀνατολῶν,
2550 1790 2638 1843 καὶ
2706 1786 2947 1861 δυσμῶν,
3022 1787 3114 1841 καὶ
3193 1785 3367 1863 βορῥᾶ
3444 1788 3534 1842 καὶ
3607 1785 3781 1852 θαλάσ-

423 1878 603 1931 Isaaco
641 1881 693 1932 et
745 1877 944 1934 ,Ιησοὺο
1003 1877 1064 1929 ⁸⁵.
1113 1877 1224 1932 Sed
1281 1881 1338 1932 et
1369 1876 1542 1944 Multi,
1601 1877 1812 1950 inquit,
1845 1879 2024 1932 vocati

2173 1899 2273 1948 σης
2346 1879 2410 1915 9⁸⁸
2467 1879 2557 1932 καὶ
2639 1876 3088 1947 ἀνακλιθήσονται
3174 1875 3312 1948 μετὰ
3393 1870 3636 1951 Ἀϐραὰμ
3705 1877 3780 1932 καὶ

642 1925 688 1932 --
745 1925 937 1934 ,ηηη
1055 1925 1063 1929 -
1114 1925 1224 1932 ---
1284 1925 1336 1932 -_
1601 1925 1812 1950 -.-Ἰ-η,
1845 1925 2019 1932 πη--

420 1967 590 2035 pauci
615 1981 736 2020 vero
766 1966 921 2020 eiecti
949 1966 1011 2020 96.
1072 1965 1278 2036 Itaque
1308 1966 1461 2036 quod
1518 1965 1771 2035 veniant,
1833 1983 1947 2021 non
1978 1983 2032 2021 es

2178 1925 2271 1948 '1‘
2471 1925 2557 1932 "w'
2641 1925 3088 1947 “””””“’⁷Ἶ““”“”
3174 1925 3312 1948 F‘""
3412 1925 3636 1951 —'r““|—
3708 1925 3779 1932 ”“”“

2174 1967 2350 2020 Ἰσαὰκ
2396 1965 2491 2020 ,καὶ
2549 1961 2763 2023 Ἰακώϐ.
2812 1964 2984 2022 Ἀλλά
3029 1963 3118 2019 καὶ
3168 1962 3398 2032 πολλοὶ,
3447 1964 3595 2042 φησὶ,
3658 1962 3779 2036 κλη-

421 2069 622 2110 eorum
657 2054 982 2126 proprium,
1013 2055 1114 2109 sed
1149 2059 1236 2108 est
1257 2053 1355 2108 Dei
1412 2055 1513 2125 qui
1559 2056 1819 2110 vocavit:
1854 2055 1902 2111 si
1933 2071 2030 2110 ver

2170 2053 2277 2122 τοὶ,
2331 2053 2507 2130 ὀλίγοι
2559 2051 2617 2108 δὲ
2646 2052 2908 2108 ἐκλεκτοί.
2940 2054 3010 2108 Τὸ
3064 2053 3156 2126 μὲν
3209 2051 3302 2106 οὖν
3353 2050 3522 2107 ἐλθεῖν
3570 2052 3660 2106 οὐκ
3700 2053 3779 2107 αύ-

418 2147 549 2214 post
577 2143 936 2198 vocationem
991 2144 1144 2197 bona
1193 2159 1368 2214 opera
1427 2143 1688 2211 fecerint,
1727 2143 1833 2198 hoc
1862 2160 2030 2198 eorum

2170 2147 2274 2196 τῶν
2327 2141 2464 2196 ἐστιν
2523 2139 2681 2214 ἴδιον,
2715 2141 2860 2198 ἀλλὰ
2912 2146 3008 2196 τοῦ
3063 2139 3401 2210 κεκληκότος
3456 2140 3704 2197 θεοῦ’ἐᾶν
3735 2139 3781 2196 ’δὲ

420 2232 531 2286 erit
562 2231 883 2303 proprium,
914 2236 969 2286 et
989 2232 1422 2287 convenientem
1447 2237 1833 2302 assequentur
1855 2248 2032 2288 merce

2176 2231 2309 2302 μετᾶ
2348 2231 2410 2285 τὸ
2458 2230 2728 2301 κληθῆναι
2775 2231 2841 2285 τά
2889 2231 3057 2307 ἀγαθά
3116 2227 3383 2304 πράξωσι,
3432 2234 3586 2285 τοῦτο
3628 2229 3777 2284 αὐτῶν

421 2321 513 2376 dis
544 2321 1010 2376 retributionem.
1044 2322 1084 2356 97
1118 2322 1243 2376 Haec
1274 2321 1455 2376 dixit:
1485 2338 1736 2392 cumque
1767 2323 2033 2393 ingentem

2173 2316 2330 2389 ἴδιον,
2362 2319 2449 2374 καὶ
2479 2327 2579 2389 τῆς
2607 2318 2992 2396 προσηκούσης
3027 2318 3297 2388 τεύξονται
3362 2315 3777 2391 μισθαποδοσίας.

417 2409 652 2464 turbam
682 2407 926 2475 videret,
985 2409 1191 2463 leniter
1241 2408 1400 2464 velut
1451 2409 1742 2480 placidum
1777 2409 2029 2463 ﬂuentum

2167 2412 2341 2462 Ταῦτα
2369 2407 2503 2479 εἷπε,
2535 2408 2624 2463 καὶ
2652 2409 2742 2462 τὸν
2769 2405 2940 2462 πολὺν
2971 2403 3142 2482 ὄχλον
3177 2405 3308 2462 ἰδὼν
3341 2408 3525 2481 πράως
3567 2407 3776 2480 καθάπερ

415 2497 607 2553 amnis
633 2497 894 2564 afﬂuere,
923 2497 1178 2552 Marooni
1211 2497 1288 2552 ait
1317 2515 1329 2552 :
1364 2497 1469 2552 Ubi
1502 2496 1596 2552 hic
1627 2497 1730 2552 tibi
1763 2496 1925 2552 locus
1952 2503 2027 2552 esI

2169 2496 2378 2572 ἥσυχόν
2410 2494 2459 2551 δι
2496 2497 2666 2574 ῥεῦμα
2695 2501 2945 2570 ποταμοῦ
2976 2496 3313 2572 ἐπιρρέοντα,
3356 2492 3456 2574 ἔφη
3505 2501 3580 2568 τῷ
3622 2498 3779 2572 Μαρο-

417 2586 518 2658 qui
549 2585 698 2640 hanc
731 2585 1164 2640 multitudinem
1197 2602 1402 2657 capere
1433 2587 1666 2658 possit?
1697 2587 1766 2641 Et
1793 2589 2022 2641 Maroon

2171 2586 2298 2660 ώνῃ·
2325 2591 2436 2640 [Ιοῦ
2467 2607 2550 2641 σοι
2590 2585 2755 2648 τόπος
2788 2584 2928 2640 ἐστὶν
2962 2584 3344 2657 ἐνταῦθα,τοὺς
3373 2581 3575 2661 ὄχλους
3601 2590 3776 2660 χωρεῖν

415 2675 661 2730 ducente
692 2690 824 2729 eum
855 2673 913 2729 in
947 2673 1140 2728 locum
1171 2673 1340 2728 horto
1390 2674 1681 2730 excultum
1727 2691 1791 2729 ac
1824 2675 2027 2730 subdia

2170 2671 2463 2746 δυνάμενος
2494 2694 2508 2742 ;
2538 2679 2642 2728 Τοῦ
2682 2671 2741 2728 δὲ
2771 2675 3066 2748 Μαροώνου
3106 2675 3183 2736 εἰς
3213 2669 3610 2747 κεκηπευμένον
3634 2674 3777 2728 τόπον

417 2762 558 2829 lem,
591 2768 804 2818 secuta:
833 2767 972 2817 sunt
999 2766 1056 2818 et
1084 2763 1289 2818 turbae.

2166 2762 2255 2817 καὶ
2288 2762 2544 2836 ὕπαιθρον
2580 2762 2738 2816 αὐτὸν
2771 2760 3015 2838 ἄγοντος,
3041 2761 3261 2818 ε’ίποντο
3295 2763 3386 2818 καὶ
3417 2763 3469 2817 οἱ
3497 2758 3672 2838 ὄχλοι.

496 2851 682 2907 LXIII.
720 2851 919 2906 Petrus
962 2856 1179 2918 autem,
1239 2869 1414 2923 super
1461 2851 1646 2908 basim
1707 2857 1910 2908 statuae
1943 2869 2057 2907 non

2237 2853 2424 2908 LXIII.
2478 2851 2637 2908 Καὶὸ
2669 2852 2872 2927 Πέτρος
2921 2851 3008 2906 ἐπί
3052 2873 3196 2914 τινος
3246 2852 3455 2927 βάσεως
3503 2849 3781 2927 ἀνδριάντος

422 2941 740 2995 admodum
788 2940 1074 2996 excelsam
1105 2945 1304 3009 stans;
1365 2941 1542 2996 simul
1573 2947 1747 3012 atque
1778 2941 2034 3013 populun

2169 2940 2228 2995 ού
2260 2939 2397 2995 πάνυ
2431 2941 2703 3015 μετεώρου
2752 2941 2898 3012 στὰς,
2935 2940 3046 3013 ἅμα
3090 2945 3168 3012 τῷ
3207 2941 3300 2994 τὸν
3353 2935 3522 3015 ὄχλον
3571 2933 3781 2994 θεοσεϐεῖ

421 3046 582 3084 more
612 3028 881 3102 religioso
925 3030 1238 3085 salutasset
1267 3047 1279 3084 ε
1330 3046 1574 3085 cernens
1611 3029 1827 3086 multos
1858 3035 2033 3086 astant

2167 3024 2272 3084 ἔθει
2312 3032 2765 3104 προσαγορεῦσαι,
2792 3026 2922 3083 ἱδὼν
2983 3026 3229 3090 πολλοὺς
3283 3034 3394 3083 τῶν
3437 3028 3777 3102 ’παρεστώτων

415 3119 587 3185 tium,
616 3135 650 3174 a
670 3117 1170 3190 damonibusjam
1197 3119 1296 3174 diu
1325 3118 1661 3174 molestatos
1688 3145 1701 3186 ;
1728 3136 1794 3174 ac
1814 3120 2025 3175 strider

2167 3119 2269 3172 ὑπὸ
2301 3115 2573 3190 δαιμόνων
2601 3137 2658 3171 τε
2686 3117 2773 3171 καὶ
2797 3115 3022 3172 πολλῶν
3047 3120 3088 3153 9⁸
3103 3117 3316 3193 χρόνων
3350 3114 3776 3193 ἐνοχλουμένους,

415 3224 548 3263 cum
580 3205 829 3276 ululatu,
861 3212 918 3262 et
943 3208 1244 3278 procidere
1285 3225 1416 3262 cum
1468 3207 1928 3280 supplicatione;
1964 3207 2019 3262 in

2169 3207 2471 3283 βρύχοντάς
2507 3226 2565 3260 τε
2599 3212 2711 3278 μετ’
2740 3205 2988 3280 οἰμωγῆς
3039 3205 3128 3261 καὶ
3175 3205 3478 3267 πίπτοντας
3527 3205 3651 3280 μετὰ
3683 3206 3775 3258 ἱκε-

414 3296 647 3368 crepitis
678 3297 771 3366 iis,
805 3295 1223 3367 silentiumque
1274 3300 1470 3353 tenere
1521 3297 1726 3368 jussis,
1761 3295 2026 3367 pollicitu:

2164 3296 2296 3357 σίας,
2331 3295 2656 3367 ἐπιτιμήσας
2690 3293 2871 3356 αὐτοῖς
2900 3294 2990 3348 καὶ
3037 3295 3269 3369 ἡσυχίαν
3331 3290 3478 3370 ἔχειν
3539 3293 3776 3364 ἐπιτάξας,

414 3385 771 3440 curationem
832 3390 962 3457 post
1020 3385 1286 3441 habitum
1355 3402 1701 3452 sermonem,
1761 3386 1842 3441 ita
1897 3384 2026 3456 loqu

2163 3385 2250 3439 καὶ
2280 3385 2377 3452 τὴν
2414 3384 2549 3438 ἴασιν
2599 3384 2732 3456 μετὰ
2777 3384 2838 3438 τὸ
2901 3381 3250 3459 διαλεχθῆναι
3303 3383 3775 3460 καθυποσχόμενος,

417 3474 626 3546 cmpit:

2160 3478 2256 3529 τοῦ
2287 3471 2463 3548 λέγειν
2494 3470 2694 3546 ἤρξατο
2729 3471 2921 3534 οὕτως.

490 3563 676 3619 LXIV.
711 3568 880 3629 Deus,
940 3564 1040 3635 qui
1101 3563 1262 3620 solus
1319 3565 1507 3620 bonus
1563 3568 1670 3632 est,
1732 3568 2055 3635 cunctaque

2235 3565 2421 3620 LXIV.
2451 3566 2504 3614 Ὀ
2539 3561 2702 3634 μόνος
2744 3561 2942 3636 ἀγαθὸς
2981 3562 3132 3632 Θεὸς,
3165 3563 3233 3616 τά
3261 3565 3437 3617 πάντα
3481 3559 3657 3623 καλῶς
3699 3580 3777 3614 πει

413 3652 685 3724 prteclare
719 3653 868 3720 fecit,
929 3657 1163 3725 propter
1220 3652 1468 3709 salutem
1530 3653 1757 3724 generis
1786 3651 2025 3707 humani

2165 3652 2409 3721 ποιηκὼς
2467 3649 2554 3704 ἐπὶ
2613 3650 2853 3724 σωτηρίᾳ
2908 3654 3004 3704 τοῦ
3072 3650 3258 3726 γένους
3317 3655 3427 3706 τῶν
3485 3650 3777 3726 ἀνθρώπων,

413 3741 574 3796 misit
602 3741 970 3814 unigenitum
1004 3741 1214 3797 Filium
1238 3759 1412 3797 suum
1445 3741 1752 3796 Dominum
1787 3745 2025 3796 nostrun

2163 3737 2500 3810 ἐξαπέστειλε
2553 3740 2643 3794 τὸν
2710 3746 2975 3815 μονογενῆ
3055 3739 3218 3793 αὐτοῦ
3277 3740 3403 3794 Υἱὸν
3461 3740 3550 3794 τὸν
3605 3735 3775 3811 Κύριον

405 3833 609 3888 Jesum
642 3831 958 3897 Christum,
995 3831 1094 3902 qui
1126 3831 1177 3885 ei
1203 3829 1410 3901 placita
1441 3829 1722 3901 vulgaret,
1756 3828 2017 3902 legemqu

2164 3832 2320 3901 ἡμῶν
2372 3829 2580 3898 Ἰησοῦν
2636 3830 2882 3903 Χριστὸν,
2913 3828 2978 3882 τά
3018 3827 3203 3900 ἐκείνῳ
3243 3825 3506 3883 δοκοῦντα
3565 3825 3776 3904 έκφάναι,

409 3922 573 3975 daret
603 3925 877 3974 aeternam
904 3938 916 3988 ;
951 3926 1014 3974 ut
1045 3919 1205 3974 illam
1247 3926 1522 3991 perpetuo
1554 3919 1965 3989 custodientes,
1999 3937 2021 3973 e

2165 3918 2249 3973 καὶ
2296 3917 2463 3990 νόμον
2514 3917 2734 3971 αἰώνιον
2777 3914 2983 3989 δοῦναι,
3010 3915 3102 3971 ’ίνα
3132 3915 3495 3994 φυλάσσοντες
3527 3916 3672 3970 αὐτὸν
3702 3911 3777 3967 διὰ

410 4008 682 4080 baptizati
715 4010 772 4064 in
806 4008 1212 4064 remissionem
1263 4013 1656 4079 peccatorum,
1688 4006 1805 4062 vita
1835 4009 2019 4078 sempi

2165 4007 2377 4076 παντὸς,
2425 4005 2515 4059 καὶ
2569 4005 2940 4080 βαπτισθέντες
2991 4004 3067 4067 εἷς
3117 4006 3299 4083 ἄφεσιν
3359 4006 3646 4081 ἁμαρτιῶν,
3693 4004 3777 4070 τῆς

413 4102 582 4152 terna
612 4098 914 4152 donemur.
937 4097 984 4131 9°
1011 4096 1307 4151 Enitimini
1330 4102 1523 4151 autem
1549 4095 1756 4167 primo,
1781 4101 1847 4152 ut
1875 4097 2025 4152 sordi

2163 4094 2391 4149 αἰωνίου
2425 4100 2568 4163 ζωῆς
2599 4094 3043 4166 καταξιωθῶμεν.
3075 4091 3424 4149 Σπουδάσατε
3454 4092 3511 4148 δὲ
3543 4093 3775 4168 πρότερον

414 4187 555 4240 dum
609 4185 1017 4240 indumentum
1067 4191 1346 4254 vestrum,
1398 4185 1642 4251 scilicet,
1673 4185 2026 4242 infidelitatis

2163 4181 2475 4238 ἐκδύσασθαι
2530 4184 2592 4238 τὸ
2642 4182 2874 4258 ῥυπαρὸν
2911 4183 3060 4254 ὑμῶν
3120 4179 3320 4255 ἔνδυμα
3376 4185 3476 4252 τῆς
3533 4179 3775 4244 ἀπιστίας,

416 4274 680 4342 exuatis;
715 4275 869 4345 quod
896 4291 1011 4330 non
1043 4273 1157 4329 alia
1203 4273 1426 4329 ratione
1475 4275 1717 4346 potestis
1746 4275 2028 4346 deponere

2163 4272 2294 4349 ὅπερ
2327 4271 2424 4326 οὐκ
2453 4271 2641 4334 ἄλλως
2671 4268 3038 4335 ἀποδύσασθαι
3071 4269 3314 4340 δύνασθε,
3349 4271 3395 4326 εἰ
3431 4272 3505 4345 μή
3542 4269 3774 4346 πρότερον

418 4363 529 4418 nisi
563 4363 726 4435 prius
754 4363 813 4418 in
845 4364 1014 4419 bonis
1059 4363 1385 4418 actionibus
1441 4362 1848 4434 baptizemini:
1883 4369 2030 4435 atqm

2227 4362 2251 4416 ‘i
2308 4360 2502 4423 καλαῖς
2555 4358 2774 4437 πράξεσι
2838 4361 3184 4435 βαπτισθῆτε’
3239 4361 3330 4415 καὶ
3389 4360 3532 4415 οὕτω
3576 4355 3778 4432 καθαροί
3835 4368 3839 4372 ’

414 4452 518 4521 ita,
551 4453 681 4524 puri
715 4469 955 4525 corpore
986 4470 1052 4508 ac
1082 4452 1278 4508 anima
1307 4452 1514 4522 effecti,
1553 4453 1746 4507 futuro
1780 4459 2026 4525 perpetui

2165 4452 2374 4525 σώματι
2405 4450 2492 4505 καὶ
2525 4453 2679 4524 ψυχῇ
2710 4449 3014 4524 γενόμενοι,
3044 4456 3145 4518 τῆς
3177 4447 3444 4522 ἐσομένης
3475 4445 3646 4502 ἀϊδίου
3697 4446 3777 4520 βα·

415 4557 592 4615 regno
613 4542 907 4598 fruemini.
932 4544 1132 4614 Itaque
1154 4557 1258 4597 nec
1278 4541 1446 4598 idolis
1464 4541 1700 4611 credite,
1721 4558 1824 4596 nec
1843 4558 2027 4597 mense

2167 4539 2370 4601 σιλείας
2429 4536 2779 4594 ἀπολαύσετε.
2843 4540 2994 4609 Μήτε
3050 4535 3140 4592 οὖν
3194 4536 3450 4599 εἰδώλοις
3507 4535 3775 4598 πιστεύετε,

414 4648 616 4687 eorum
646 4631 960 4703 participes
983 4636 1165 4686 estote
1196 4647 1344 4699 ;non
1374 4629 1653 4697 occidite;
1688 4647 1800 4685 non
1833 4630 2026 4686 adulte

2169 4631 2306 4701 μήτε
2360 4626 2628 4701 τραπέζης
2688 4627 2861 4681 αύτῶν
2921 4631 3230 4681 κοινωνεῖτε
3263 4630 3348 4664 ¹⁰⁰·
3407 4627 3486 4698 μὴ
3534 4623 3776 4703 φονεύετε,

416 4723 561 4786 rate,
596 4738 708 4776 non
742 4721 980 4791 flagrate
1010 4719 1140 4775 odio
1173 4724 1416 4786 mutuo;
1453 4735 1557 4775 nec
1590 4719 1806 4775 furtum
1845 4720 2012 4775 facite

2167 4719 2241 4790 μή
2277 4715 2582 4792 μοιχεύετε,
2617 4717 2692 4790 μή
2729 4721 2933 4788 μισεῖτε
2988 4713 3292 4785 ἀλλήλους,
3330 4714 3471 4790 μηδὲ
3526 4712 3777 4779 κλέπτετε,

415 4825 604 4880 neque
633 4811 872 4864 omnino
904 4807 1289 4881 aggredimini
1316 4808 1435 4862 ulla
1467 4825 1642 4880 prava
1673 4809 1946 4865 Iacinora.

1883 4826 1946 4865 'a.
2168 4803 2308 4878 μηδὲ
2334 4810 2525 4867 κακαῖς
2554 4825 2658 4858 τισι
2690 4804 2938 4879 πράξεσιν
2971 4801 3115 4864 ὅλως
3148 4802 3495 4879 ἐπιχειρεῖτε.

487 4897 636 4952 LXV.
686 4899 814 4953 Haec
871 4915 1005 4952 cum
1067 4897 1327 4964 dixisset,
1389 4902 1563 4968 atque
1621 4915 1688 4952 ex
1741 4897 2055 4969 Scripturis

2237 4899 2398 4953 LXV.
2429 4901 2601 4949 Ταυτα
2631 4894 2875 4955 εἰπόντος
2905 4893 3092 4962 αὐτοῦ,
3122 4893 3210 4948 καὶ
3261 4893 3368 4947 ἀπὸ
3419 4898 3527 4947 τῶν
3575 4891 3774 4966 Γραφῶν

413 4985 740 5042 monuisset
771 4986 978 5052 multa,
1001 5001 1205 5041 omnes
1227 4991 1710 5057 permanserunt;
1736 4986 1829 5041 alii
1865 4990 1927 5041 ut
1956 5003 2024 5041 cu

2163 4983 2348 5040 πολλᾶ
2398 4983 2834 5058 παραινέσαντος,
2881 4984 2934 5036 οἱ
2983 4982 3178 5044 πάντες
3225 4987 3568 5058 παρέμειναν,
3600 4980 3654 5041 οἱ¹
3696 4977 3775 5049 μὲν

412 5079 702 5144 rarentur,
736 5075 833 5130 alii
865 5081 930 5130 ut
959 5075 1219 5130 viderent
1242 5092 1340 5131 eos
1367 5075 1463 5146 qui
1499 5076 1806 5130 sanitatem
1838 5075 2024 5146 recipe

2163 5080 2258 5130 τοῦ
2288 5075 2674 5148 θεραπευθῆναι
2708 5074 2888 5148 χάριν,
2923 5073 2974 5126 οἱ
3007 5069 3064 5126 δὲ
3086 5076 3188 5125 τοῦ
3215 5072 3496 5147 ἱστορῆσαι
3525 5068 3648 5129 τοὺς
3689 5066 3775 5132 τῆς

412 5168 562 5220 rent.
599 5164 801 5220 Petrus
833 5169 1027 5219 autem
1049 5163 1333 5218 duntaxat
1352 5164 1662 5235 imponens
1685 5164 1800 5218 illis
1822 5180 2024 5220 manus

2165 5161 2442 5239 θεραπείας
2476 5161 2848 5236 ἐπιτυχόντας.
2879 5162 2935 5214 Ὀ
2966 5158 3024 5214 δὲ
3071 5160 3274 5236 Πέτρος
3320 5160 3415 5222 τὰς
3457 5163 3638 5234 χεῖρας
3694 5152 3777 5239 αύ-

411 5258 469 5310 et
496 5256 919 5327 comprecatus,
955 5251 1268 5324 unicuique
1310 5252 1742 5309 immunitatem
1788 5270 1822 5308 a
1852 5253 2016 5308 morb

2162 5237 2277 5314 τοῖς
2337 5250 2541 5314 ἐπιθεὶς
2601 5248 2782 5323 μόνον,
2824 5248 2914 5303 καὶ
2970 5248 3420 5325 προσευξάμενος,
3468 5247 3564 5315 τήν
3620 5237 3773 5296 ἀπαλ-

1762 5451 2002 5508 VARI/E
2039 5450 2453 5508 LECTIONES.

483 5595 528 5631 93
577 5593 651 5650 al.
698 5589 801 5646 ὅτι.
842 5665 850 5666 7
900 5593 943 5628 9‘
995 5590 1093 5647 Καὶ
1147 5589 1420 5661 θαλάσσης
1470 5611 1571 5666 pro
1619 5592 1706 5647 καὶ
1757 5592 1934 5650 νότου.
1989 5595 2125 5649 Luc.
2174 5610 2298 5660 xm,
2331 5595 2422 5660 29,
2452 5589 2777 5666 exipsalm.
2827 5606 2937 5666 cn,
2992 5591 3046 5656 3,
3093 5589 3192 5644 ubi
3239 5586 3466 5666 videndi
3518 5587 3780 5666 Interpre-

410 5670 519 5722 tes.
553 5649 683 5721 Com.
759 5666 803 5700 95
835 5665 1035 5721 Matth.
1069 5649 1191 5736 vui,
1225 5666 1285 5719 11
1315 5683 1328 5732 ;
1364 5649 1496 5721 an“.
1527 5683 1652 5736 xm,
1676 5667 1770 5736 29.
1849 5668 1891 5701 96
1924 5649 2126 5721 Matth.
2158 5682 2252 5730 xx,
2287 5649 2372 5720 '16.
2411 5649 2491 5699 ’9⁷
2526 5649 2808 5730 dement,
2852 5649 3271 5736 homévuttc.
3325 5662 3376 5729 8,
3419 5664 3556 5736 etc._
3575 5649 3706 5720 Red,
3735 5649 3768 5706 l.

414 5755 488 5814 ιν,
522 5757 572 5794 c.
602 5738 658 5806 7,
691 5741 800 5795 etc.
876 5737 918 5773 οδ
949 5736 1004 5794 al
1033 5733 1256 5793 πολλῶν
1285 5731 1468 5792 παθῶν
1510 5736 1569 5793 ἐκ
1598 5731 1845 5795 πολλῶν.
1923 5739 1967 5773 ⁹⁹
1997 5737 2282 5808 Clement.,
2314 5736 2472 5794 hom.
2506 5750 2625 5808 vm,
2651 5750 2776 5808 cap.
2809 5734 2900 5790 23.
2980 5733 3046 5769 ίοο
3075 5731 3364 5790 ολίσθοι.
3399 5731 3608 5803 μιαρᾶς.
