4082 6208
276 388 400 468 aii

1037 378 1557 464 CLEMENTINA.
1597 435 1671 445 -
1709 380 2053 462 Epirum:
2100 402 2199 460 DE
2244 389 2513 461 GESTIS
2559 404 2622 461 s.
2675 402 2926 463 perm.
3556 407 3674 466 518

280 538 462 613 λαγήν
491 537 697 609 έκάστῳ
740 539 836 590 τοῦ
879 534 1083 594 πάθους
1131 533 1434 608 παρέσχετο
1461 551 1474 564 ο
1534 532 1609 592 ὡς
1655 533 1779 593 τοὺς
1833 531 1924 604 μὲν

2060 532 2286 587 )rzebuit
2317 551 2329 588 :
2363 534 2504 588 adeo
2535 537 2599 588 ut
2630 534 2727 606 qui
2761 535 2953 590 subito
2984 536 3167 591 curati
3229 536 3477 605 fuerant,
3510 556 3672 596 sum-

282 629 631 702 παραχρῆμα
707 622 1120 700 θεραπευθέντας
1182 627 1195 658 ¹
1257 622 1658 696 ὑπερθαυμάσαι
1733 641 1790 674 τε
1835 621 1924 673 καὶ

283 713 442 786 δόξαν
475 716 610 791 ὑπὲρ
638 713 833 768 τούτου
878 715 1248 788 προσενεγκεῖν
1289 714 1368 781 τῷ
1413 704 1790 780 Θεῷ,Βεϐαίως
1839 706 1928 763 οὖν

285 805 666 864 πιστεύσαντες
696 803 806 876 ἅμα
851 807 966 862 τοῖς
1011 801 1428 874 θεραπευθεῖσιν,
1472 796 1559 852 ἐπὶ
1582 798 1648 851 τὰ
1678 798 1877 850 ἑαυτῶν
1909 800 1928 832 ²

287 895 529 967 ἀπῄεσαν
580 897 742 947 τοῦτο
790 885 1044 950 λαϐόντες
1091 886 1341 955 ἐντολὴν,
1391 887 1527 940 ὥστε
1573 887 1929 962 πρωῖαίτερον

286 982 569 1045 συνελθεῖν
580 1027 593 1039 .

364 1073 546 1130 LXVI.
582 1075 658 1144 Τῇ
691 1068 781 1124 οὖν
831 1068 1054 1142 ἐπιούσῃ
1084 1069 1112 1122 6
1133 1067 1338 1139 ΙΙέτρος
1386 1067 1498 1138 ἅμα
1543 1070 1660 1127 τοῖς
1689 1068 1931 1118 συνοῦσιν

285 1160 530 1234 ἑταίροις
579 1159 752 1229 ἐξιὼν,
799 1157 884 1213 καὶ
937 1156 1024 1212 ἐπὶ
1082 1157 1172 1210 τὸν
1227 1155 1391 1209 τόπον
1442 1151 1606 1208 πάλιν
1650 1153 1841 1209 ἐλθών·
1877 1155 1933 1205 Ὁ

283 1249 444 1319 Θεὸς,
503 1246 654 1324 ἔλεγε
708 1248 844 1322 πρὸς
903 1245 1120 1313 αὐτοὺς,
1176 1245 1348 1298 πάντα
1407 1241 1656 1297 δύναται.
1711 1248 1936 1302 Ἐκεῖνος

286 1340 400 1412 γάρ
451 1336 594 1391 ἐστιν
642 1336 841 1412 ἀγαθὸς
885 1334 975 1389 καὶ
1023 1331 1348 1394 δίκαιος.καὶ
1397 1337 1484 1385 νῦν
1534 1330 1620 1385 ἐπὶ
1666 1337 1797 1386 πᾶσι
1832 1352 1938 1402 μα-

282 1428 606 1502 κροθυμῶν,
652 1422 745 1479 ’ίνα
791 1424 844 1477 o't
895 1421 1220 1498 βουλόμενοι
1254 1419 1333 1498 ἐφ’
1364 1422 1448 1482 οἷς
1497 1418 1722 1493 ἔπραξαν
1750 1425 1937 1479 κακοῖς

290 1512 782 1587 μεταμεληθέντες,
813 1511 902 1566 καὶ
942 1511 1077 1566 κατὰ
1109 1511 1171 1564 τὸ
1211 1509 1429 1584 ἀρέσκον
1458 1509 1603 1580 αὐτῷ
1629 1510 1936 1583 βιώσαντες,

288 1603 346 1658 ἐν
385 1601 563 1678 ἡμέρᾳ
591 1601 723 1675 ᾖτά
758 1601 928 1655 πάντα
965 1599 1198 1675 κρίνεται
1228 1597 1322 1670 [ἴσ.
1354 1600 1658 1673 κρινεῖται],
1689 1602 1794 1651 τῶν
1829 1613 1942 1650 κατ’

287 1692 445 1761 ἀξίαν
500 1688 723 1752 ἕκαστος
781 1687 1080 1762 ἀπολαύσῃ,
1141 1688 1233 1741 Διὸ
1280 1691 1369 1740 νῦν
1420 1685 1644 1762 ἄρξασθε
1686 1687 1939 1760 γνώσεως

291 1780 528 1853 ἀγαθῆς,
588 1783 704 1850 Θεῷ
757 1777 1113 1850 πειθόμενοι,
1169 1775 1462 1851 ἀντιλέγειν
1520 1781 1640 1836 ταῖς
1693 1775 1942 1828 έαυτῶνδ

2037 638 2269 692 mopere
2300 622 2668 688 mirarentur,
2694 623 2989 696 simulque
3019 625 3264 694 gloriam
3299 627 3413 681 Deo
3448 644 3548 698 pro
3608 646 3674 683 ea

2037 727 2098 764 re
2128 711 2416 765 offerrent.
2450 710 2589 766 Cum
2622 727 2757 783 ergo
2798 711 3042 767 ﬁrmiter
3091 714 3500 783 credidissent,
3557 734 3677 773 una

2041 816 2171 854 cum
2209 799 2279 854 iis
2313 800 2411 869 qui
2456 801 2675 854 sancati
2739 801 2985 864 fuerant,
3015 802 3084 855 ad
3129 819 3235 856 sua
3264 803 3553 872 abierunt,
3613 807 3674 860 in

2044 888 2332 942 mandatis
2363 888 2732 958 accipientes,
2768 893 2829 942 ut
2854 890 3141 945 maturius
3169 892 3560 949 convenirent.

2119 1064 2301 1120 LXVI.
2333 1064 2610 1135 Sequenti
2641 1081 2776 1136 ergo
2805 1065 2896 1120 die
2927 1066 3128 1122 Petrus
3162 1085 3275 1122 una
3307 1087 3436 1124 cum
3465 1072 3677 1127 sodali-

2050 1155 2158 1210 bus
2189 1154 2286 1225 qui
2318 1170 2447 1208 cum
2480 1169 2544 1208 eo
2575 1164 2741 1208 erant
2765 1171 3057 1225 egressus,
3092 1174 3411 1229 rursusque
3433 1161 3501 1214 ad
3543 1178 3677 1216 cum

2049 1243 2237 1298 locum
2270 1242 2526 1307 veniens,
2561 1243 2705 1296 dixit
2734 1244 2803 1297 ad
2836 1260 2971 1298 eos:
3007 1245 3160 1300 Deus
3192 1248 3388 1301 omnia
3419 1254 3608 1319 potest
3634 1252 3677 1305 ³.

2051 1333 2103 1387 Is
2135 1332 2288 1386 enim
2323 1337 2412 1385 est
2441 1332 2629 1386 bonus
2657 1349 2722 1386 ac
2743 1333 2968 1401 justus,
3026 1351 3297 1406 nuncque
3348 1337 3404 1391 in
3437 1344 3678 1396 cunctos

2049 1421 2307 1489 patiens;
2337 1425 2400 1474 ut
2429 1421 2528 1491 qui
2563 1419 2868 1475 voluerint.
2900 1422 3236 1492 pamitentia
3265 1425 3334 1479 de
3363 1426 3531 1480 malis
3555 1443 3586 1480 a
3619 1444 3680 1482 se

2049 1509 2379 1565 commissis
2409 1513 2553 1576 acta,
2579 1514 2634 1564 et
2655 1510 2770 1564 vita
2801 1511 3122 1566 secundum
3156 1513 3210 1566 id
3231 1514 3384 1584 quod
3411 1515 3460 1568 ei
3494 1515 3683 1587 placet

2047 1603 2364 1664 transacta,
2396 1598 2609 1669 singuli
2640 1597 2699 1652 in
2731 1599 2822 1654 die
2863 1616 2977 1671 quo
3008 1601 3279 1657 universa
3327 1605 3679 1673 judicabun-

2048 1693 2144 1742 tur
2173 1704 2272 1759 pro
2306 1687 2510 1742 merito
2543 1687 2879 1758 percipiant.
2914 1690 2935 1722 ⁴
2965 1691 3324 1762 Quapropter
3347 1709 3502 1748 nunc
3539 1693 3682 1750 inci-

2050 1777 2187 1848 pite,
2218 1776 2369 1831 bona
2397 1777 2747 1848 cognitione,
2779 1795 2812 1831 a
2849 1778 2957 1831 [)eo
2989 1780 3271 1848 persuasi,
3303 1781 3508 1836 vestris
3549 1785 3684 1838 resi-

291 1869 523 1929 ἀτόποις
601 1867 958 1940 ἐπιθυμίαις,
1013 1863 1102 1919 ’ίνα
1176 1863 1442 1936 δυνηθῆτε
1516 1861 1936 1938 ἀνακαλέσασθαι

2060 1870 2202 1921 atere
2223 1866 2497 1920 absurdis
2518 1865 2965 1936 cupiditatibus;
2998 1884 3111 1937 quo
3143 1869 3380 1938 possitis
3409 1870 3679 1940 primam,

291 1958 402 2026 τήν
452 1957 672 2032 πρώτην
733 1960 801 2030 τῇ
877 1955 1254 2032 ἀνθρωπότητι
1330 1959 1654 2026 νεμηθεῖσαν
1728 1954 1888 2028 χάριν
1925 1996 1936 2008 .

293 2046 457 2099 Οὕτω
487 2047 585 2120 γὰρ
620 2046 744 2118 ὑμῖν
795 2044 1017 2114 ἐξαυτῆς
1067 2040 1314 2097 ἀνατελεῖ
1359 2043 1426 2096 τὰ
1471 2041 1679 2114 ἀγαθά·
1726 2041 1813 2095 καὶ
1861 2046 1940 2113 τῷ

295 2132 564 2189 δεδωκότι
598 2137 618 2170 ⁶
669 2134 1132 2208 εύχαριστήσετε⁷
1176 2131 1252 2193 εἷς
1312 2131 1392 2184 ἀεὶ
1449 2135 1554 2185 τῶν
1616 2129 1940 2206 ἀπορρήτων

299 2221 671 2283 ἀπολαύοντες
735 2223 944 2297 ἀγαθῶν
975 2266 993 2293 ,
1052 2219 1490 2293 ἀπολουσάμενοι
1559 2226 1626 2287 τῆ
1711 2217 1945 2294 μακαρίᾳ

297 2320 407 2380 τῆς
437 2309 663 2388 Τριάδος
708 2309 990 2380 ἐπικλήσει
1033 2309 1316 2383 πρότερον,
1369 2305 1524 2369 εἶ’τις
1567 2305 1754 2377 κηλὶς,
1787 2305 1839 2361 εἶ’
1862 2327 1944 2368 τις

300 2399 506 2462 σπῖλος
542 2407 660 2462 ταῖς
714 2399 994 2476 ὑμετέραις
1045 2395 1359 2466 ἐπιπολάζει
1391 2400 1617 2473 ψυχαῖς.
1648 2396 1800 2450 Οὕτω
1846 2395 1945 2472 γὰρ

255 2539 258 2541 λ
304 2489 376 2545 ού
409 2490 570 2562 μόνον
613 2491 681 2544 τά
730 2488 1138 2564 ἐνδομυχοῦντα
1165 2489 1187 2523 ⁸
1215 2485 1492 2559 πνεύματα
1536 2487 1658 2558 ὑμῖν
1708 2483 1948 2540 ἀποδιῶ-

308 2579 397 2649 ξαι
430 2576 732 2647 δυνήσεσθε,
783 2576 928 2632 ἀλλά
972 2577 1062 2631 καὶ
1109 2577 1177 2630 τὰ
1225 2575 1425 2648 ἑτέροις
1473 2572 1801 2650 ἐνοχλοῦντα
1833 2573 1946 2629 δαι-

316 2667 505 2741 μόνια,
563 2667 653 2720 σὺν
704 2672 821 2728 τοῖς
880 2664 1074 2727 ἄλλοις
1129 2664 1346 2719 πάθεσιν
1407 2662 1725 2721 ἀπελάσετε.
1779 2669 1951 2720 Ταῦτα

315 2756 507 2826 εἰπὼν,
537 2761 654 2817 τοῖς
706 2755 808 2809 ὑπό
855 2775 1016 2808 τινων
1061 2757 1243 2816 παθῶν
1279 2752 1641 2828 ὀχλουμένοις
1681 2751 1948 2808 ἐκέλευσεν

314 2845 467 2916 αὐτῷ
513 2845 809 2919 προσιέναι⁹
853 2843 942 2897 καὶ
989 2848 1180 2918 χεῖρας
1239 2841 1420 2902 αὐτοῖς
1479 2839 1698 2911 ἐπιθεὶς,
1746 2841 1833 2894 καὶ
1867 2841 1952 2913 ἐξ·

313 2936 484 3001 a'mk
540 2932 822 3004 ἰασάμενος
858 2976 872 3000 ,
925 2929 1224 2986 ἐνετείλατο
1275 2933 1319 2967 ¹⁰
1351 2929 1714 3006 ὀρθριαίτερον
1769 2929 1952 2985 συνελ-

310 3025 424 3076 θεῖν
436 3065 448 3075 .

388 3113 592 3168 LXVII.
643 3116 718 3179 Τῆ
769 3107 826 3164 δὲ
869 3109 1022 3183 τρίτῃ
1060 3108 1241 3184 ἡμέρᾳ
1288 3107 1410 3184 περὶ
1453 3102 1645 3184 ὄρθρον
1674 3109 1894 3169 ἀναστὰς
1923 3110 1951 3162 6

313 3199 540 3272 Πέτρος,
569 3199 659 3253 καὶ
688 3200 1138 3274 προσευξάμενος,
1173 3196 1426 3265 ἐκαθέσθη
1464 3215 1478 3230 ⁸
1509 3198 1657 3269 ἡμᾶς
1708 3195 1764 3252 δὲ
1806 3218 1953 3273 περι-

310 3287 700 3360 καθεζομένους
735 3335 748 3360 ,
808 3288 897 3342 καὶ
973 3289 1048 3348 εἱς
1107 3285 1264 3340 αὐτὸν
1331 3285 1713 3357 ἀτενίζοντκες,
1773 3285 1950 3362 ὥσπερ
1983 3261 2024 3326 C

313 3377 535 3432 ἀκοῦσαί
584 3399 636 3431 τι
693 3375 1083 3452 βουλομένους,
1130 3375 1323 3446 συνεὶς⁹
1377 3373 1498 3452 ἔφη’
1550 3376 1668 3450 ΙΙρὸ
1715 3376 1951 3447 πάντων,

311 3467 358 3520 ὦ
389 3464 565 3539 φίλοι,
597 3466 625 3519 ὁ
656 3467 781 3521 Θεὸν
812 3461 982 3519 σέϐειν
1016 3464 1359 3538 αἱρούμενος,
1385 3461 1578 3518 εἰδέναι
1613 3463 1840 3541 ὀφείλει,
1871 3463 1952 3519 ὅτι

313 3555 365 3608 ἐν
421 3554 595 3630 τρισὶν
653 3555 1000 3608 ὑποστάσεσιν
1059 3553 1321 3614 οὗτοςκ12
1369 3552 1708 3628 γνωρίζεται’
1758 3549 1955 3608 ἔστιδὲ

318 3641 455 3697 ἴδιον
515 3642 681 3698 αὐτοῦ
737 3642 825 3696 καὶ
884 3637 1144 3716 ἐξαίρετον
1179 3687 1192 3712 ,
1249 3641 1312 3695 τὸ
1367 3641 1580 3695 πάντων
1646 3640 1950 3713 κτισμάτων

320 3732 452 3786 εἶναι
485 3729 822 3807 δημιουργὸς
871 3733 934 3800 1³,
985 3730 1155 3784 πάντα
1204 3730 1493 3805 περιέχων,
1543 3731 1717 3784 πάντα
1755 3751 1813 3784 τε
1857 3751 1950 3785 πε-

321 3821 598 3894 ριορίζων,
629 3819 702 3881 ὡς
749 3819 880 3895 ὑπὲρ
927 3817 1102 3873 πάντα
1151 3816 1246 3884 ὢν,
1282 3818 1368 3872 καὶ
1411 3820 1581 3873 πάντα
1615 3815 1954 3895 δημιουργή-

319 3929 432 3971 σας.
464 3913 640 3963 Ταῦτα
664 3908 850 3979 εἰπὼν,
881 3908 968 3962 καὶ
999 3905 1183 3962 πολλὰ
1211 3907 1333 3982 περὶ
1363 3902 1664 3969 θεοσεϐείας
1717 3905 1950 3978 διδάξας,

319 3998 564 4053 ἐκέλευσε
581 3998 707 4058 τοὺς
739 3995 1126 4069 δαιμονῶντας,
1158 3997 1247 4050 καὶ
1276 3996 1456 4058 νόσοις
1502 3996 1610 4050 τισὶ
1649 3996 1952 4069 κατειλημ-

320 4087 509 4160 μένους
559 4086 705 4158 αύτῷ
759 4085 1194 4164 προσφέρεσθαι·
1255 4087 1652 4160 προσενεχθεῖσι
1729 4083 1785 4140 δὲ
1856 4086 1951 4147 τὰς

313 4181 501 4252 χεῖρας
553 4175 773 4246 ἐπιθεὶς,
821 4176 909 4229 καὶ
957 4175 1424 4247 προσευξάμενος,
1476 4172 1734 4228 ἀπέλυσεν
1783 4174 1952 4250 ὑγιαί-

314 4286 517 4326 νοντας.

388 4355 628 4411 LXVIII.
660 4357 734 4427 Τῇ
769 4351 826 4408 δὲ
854 4353 1079 4428 ἐπιούσῃ
1110 4353 1274 4407 πάλιν
1305 4353 1485 4428 ἡμέρᾳ
1514 4349 1813 4426 διαναστὰς,
1861 4354 1948 4408 καὶ

316 4442 766 4518 προσευξάμενος,
815 4442 925 4497 εἶτα
965 4444 1054 4496 καὶ
1104 4441 1194 4495 σὺν
1252 4443 1386 4513 ἡμῖν
1434 4442 1730 4510 καθεσθεὶς,
1773 4440 1952 4517 λέγειν

318 4531 518 4606 ἤρξατο
548 4530 740 4592 οὕτως’
787 4529 886 4585 Τὸν
939 4527 1210 4602 μέλλοντα
1255 4530 1530 4605 προσιέναι
1574 4535 1652 4601 τῷ
1690 4536 1805 4602 Θεῷ
1835 4533 1946 4607 χρή

2051 1971 2182 2024 quae
2201 1954 2457 2008 humano
2488 1953 2680 2024 generi
2717 1954 2936 2008 tributa
2967 1955 3092 2020 fuit,
3118 1957 3367 2026 gratiam
3394 1975 3678 2014 revocare‘

2051 2044 2142 2098 Sic
2172 2043 2328 2097 enim
2367 2042 2529 2096 vobis
2559 2043 2834 2097 continuo
2872 2045 3134 2098 orientur
3166 2046 3314 2100 bona
3347 2064 3361 2113 ;
3390 2052 3445 2101 et
3474 2049 3525 2102 ei
3583 2052 3682 2120 qui

2052 2132 2212 2186 dedit
2241 2131 2426 2202 agetis
2457 2131 2672 2202 gratias
2706 2137 3000 2202 perpetuo,
3033 2133 3348 2188 ineffabilia
3379 2137 3527 2191 bona
3551 2155 3684 2210 pos-

2054 2220 2344 2286 sidentes;
2381 2219 2559 2273 abluti
2595 2219 2756 2290 prius
2795 2221 2851 2273 in
2883 2221 3052 2276 beata
3106 2221 3406 2279 Trinitatis
3455 2243 3684 2283 invoca-

2054 2310 2230 2373 tione,
2266 2309 2311 2363 si
2346 2308 2476 2379 quis
2507 2325 2722 2377 naevus,
2751 2309 2800 2363 si
2843 2326 2968 2380 quae
3002 2311 3230 2366 macula
3261 2312 3317 2367 in
3376 2314 3686 2372 animabus

2054 2397 2261 2452 vestris
2283 2401 2485 2452 exstet.
2523 2397 2606 2452 Ita
2647 2415 2918 2469 namque,
2975 2415 3088 2454 non
3145 2399 3335 2456 solum
3391 2403 3686 2462 latitantes

2058 2488 2117 2542 in
2146 2487 2310 2541 vobis
2341 2486 2582 2557 spiritus
2611 2485 2892 2558 expellere
2922 2489 3201 2558 poteritis,
3234 2491 3334 2544 sed
3364 2497 3420 2547 et
3475 2494 3688 2549 daemo-

2060 2575 2155 2629 nia
2186 2574 2330 2628 alios
2347 2574 2679 2629 infestantia
2703 2575 3218 2648 perpessionesque
3235 2578 3379 2634 alias
3399 2581 3686 2654 abigetis’.

2059 2665 2195 2728 Quis
2226 2669 2534 2735 postquam
2566 2663 2828 2729 dixisset,
2874 2681 2971 2720 eos
3002 2667 3101 2738 qui
3133 2667 3427 2739 aliquibus
3457 2673 3688 2743 aagritu-

2060 2753 2296 2807 dinibus
2327 2753 2678 2807 vexabantur
2706 2754 2776 2807 ad
2805 2769 2867 2808 se
2897 2755 3078 2824 jussit
3106 2757 3412 2813 accedere:
3448 2758 3690 2830 imposi-

2059 2843 2252 2914 tisque
2284 2841 2551 2896 manibus
2602 2858 2778 2912 super
2831 2858 2951 2908 eos,
3009 2859 3141 2898 cum
3199 2845 3330 2901 illos
3385 2849 3689 2905 confestim

2061 2935 2346 2995 sanasset,
2380 2930 2648 3002 prazcepit
2677 2936 2742 2986 ut
2773 2932 2975 3002 majori
3000 2949 3172 2989 mane
3192 2937 3582 2993 convenirent.

2133 3109 2342 3164 LXVII.
2376 3108 2568 3163 Tertio
2616 3113 2810 3165 autem
2863 3110 2954 3166 die
3011 3111 3215 3168 Petrus
3267 3114 3522 3172 diluculo
3554 3134 3688 3173 sur-

2063 3199 2228 3263 rexit,
2259 3198 2525 3269 factaque
2556 3215 2723 3270 prece
2752 3199 2931 3254 sedit:
2964 3205 3021 3255 et
3061 3202 3527 3260 animadvertens
3587 3223 3692 3262 nos

2063 3287 2812 3359 circumsedere,oculisque
2830 3288 3068 3344 intentis
3087 3306 3219 3345 eum
3242 3293 3693 3366 aspicere,quasi

2063 3375 2282 3448 aliquid
2336 3376 2536 3431 audire
2567 3377 2888 3448 cupientes,
2919 3378 3065 3432 dixit
3089 3380 3130 3414 ¹¹
3166 3397 3178 3434 :
3230 3379 3373 3436 Ante
3414 3383 3630 3448 omnia,
3661 3401 3693 3438 ο

2063 3464 2255 3534 amici,
2290 3464 2339 3519 is
2368 3464 2464 3535 qui
2499 3465 2680 3520 Deum
2733 3465 2917 3521 colere
2962 3467 3105 3533 vult,
3137 3469 3284 3524 scire
3317 3470 3506 3540 debet,
3539 3473 3693 3543 quod

2063 3553 2158 3609 ille
2187 3553 2244 3607 in
2279 3552 2464 3608 tribus
2496 3553 2758 3624 personis
2789 3555 3188 3627 cognoscitur;
3247 3558 3545 3630 proprium
3589 3577 3697 3616 au-

2063 3647 2176 3697 tem
2210 3641 2367 3697 illius
2397 3659 2462 3697 ac
2495 3643 2848 3713 praecipuum
2873 3648 2980 3708 est,
3013 3645 3274 3700 omnium
3299 3652 3696 3703 creaturarum

2063 3747 2191 3786 esse
2221 3731 2506 3802 Opiﬁcem,
2540 3731 2739 3786 omnia
2769 3732 3084 3799 continere,
3117 3735 3429 3806 omniaque
3496 3737 3698 3791 termi-

2062 3837 2220 3884 nare,
2254 3823 2318 3874 ut
2347 3820 2446 3891 qui
2475 3836 2650 3890 super
2674 3821 2872 3874 omnia
2898 3821 2996 3890 sit,
3045 3826 3369 3893 cunctaque
3425 3825 3694 3880 effecerit.

2062 3909 2162 3963 His
2193 3909 2386 3974 dictis,
2421 3907 2734 3979 multisque
2764 3908 2834 3964 de
2859 3909 3072 3979 pietate
3101 3926 3238 3982 erga
3291 3912 3472 3968 Deum
3523 3930 3694 3986 expo-

2061 3997 2191 4054 sitis
2214 3997 2476 4068 ”,jussit
2493 3997 2938 4064 daamoninacos,
2965 4004 3020 4052 et
3045 3999 3256 4054 morbis
3279 4009 3593 4073 occupatos
3623 4004 3694 4058 ad

2062 4104 2122 4143 se
2153 4086 2400 4142 adduci:
2463 4085 2676 4158 quibus
2707 4087 2938 4154 oblatis,
2973 4104 3183 4143 manus
3237 4088 3567 4162 imponens,
3627 4108 3694 4147 ac

2059 4181 2348 4249 precatus,
2371 4174 2692 4231 incolumes
2720 4175 2962 4231 dimisit.

2131 4354 2364 4409 LXVIII.
2443 4354 2693 4409 Rursum
2765 4357 2956 4409 autem
3033 4355 3295 4426 sequenti
3352 4357 3444 4412 die
3491 4374 3690 4414 exsur-

2057 4460 2220 4515 gens,
2254 4448 2309 4497 et
2334 4447 2754 4513 comprecatus,
2813 4459 2945 4496 cum
2997 4443 3205 4498 deinde
3234 4445 3540 4519 nobiscum
3599 4464 3690 4502 se-

2059 4533 2258 4598 disset,
2284 4533 2438 4586 hunc
2460 4532 2515 4585 in
2543 4531 2777 4586 modum
2801 4532 2971 4602 ccepit
2991 4532 3148 4603 loqui
3171 4550 3189 4586 :
3213 4535 3257 4568 ¹⁵
3284 4534 3386 4596 Qui
3413 4536 3481 4588 ad
3509 4540 3688 4590 Deum

318 4622 526 4697 νήφειν,
557 4621 669 4694 χρή
720 4623 1032 4698 σωφρονεῖν,
1084 4617 1249 4694 ὀργῆς
1290 4623 1522 4693 κρατεῖν,
1573 4618 1839 4693 ἀλλότρια
1874 4623 1944 4693 μή

2060 4622 2327 4677 accedere
2375 4621 2685 4682 desiderat,
2716 4619 2945 4676 sobrius
2976 4637 3104 4675 esse
3135 4621 3324 4686 debet,
3355 4623 3524 4677 debet
3578 4624 3690 4679 sibi

315 4709 654 4786 νοσφίζεσθαι
683 4753 696 4778 ,
756 4705 975 4769 δικαίως
1039 4709 1189 4782 βιοῦν
1225 4753 1238 4778 ,
1295 4705 1542 4768 ἐπιεικῶς
1575 4744 1610 4778 ,-
1647 4707 1911 4771 εὐσταθῶς
1935 4756 1948 4781 ,

316 4798 526 4872 πράως’
577 4794 824 4866 κολάζειν
881 4797 1065 4851 ἑαυτὸν
1125 4799 1167 4832 ¹⁶
1220 4795 1269 4849 ἐν
1321 4801 1436 4858 ταῖς
1491 4794 1736 4865 ἐνδείαις,
1789 4798 1823 4866 ἢ
1877 4800 1950 4870 μὴ

318 4885 520 4961 ἔχοντα
551 4886 734 4961 ἐτέρου
778 4883 1112 4962 ἀφελόμενον
1158 4887 1497 4957 κορεσθῆναι·
1544 4887 1773 4960 καθαρὸν
1822 4886 1951 4940 εἶναι

313 4983 382 5045 τῆ
417 4972 627 5049 καρδίᾳ,
658 4975 746 5030 καὶ
776 4975 932 5050 ἁγνὸν
963 4971 1043 5046 τῷ
1092 4974 1324 5045 σώματι,
1373 4975 1461 5028 καὶ
1514 4976 1587 5047 μή
1640 4976 1955 5046 ὁμοιοῦσθαι

311 5065 429 5125 τοῖς
472 5064 806 5139 Φαρισαίοις,
855 5061 990 5138 πρὸς
1039 5061 1129 5124 οὓς
1179 5063 1206 5116 6
1250 5062 1443 5138 Κύριος
1481 5063 1567 5117 καὶ
1617 5065 1742 5125 Θεὸς
1794 5065 1952 5136 ἡμῶν

313 5156 526 5222 Ἰησοῦς
552 5152 776 5228 Χριστὸς
823 5147 1039 5228 ἔφησεν·
1098 5149 1227 5204 Οὐαὶ
1279 5151 1426 5223 ὑμῖν,
1475 5159 1813 5226 γραμματεῖς
1867 5153 1955 5207 καὶ

2060 4716 2402 4782 temperare,
2435 4710 2578 4764 iram
2613 4716 2824 4777 tenere,
2857 4708 3046 4763 aliena
3067 4711 3692 4782 nonsubripere;juste

2060 4799 2268 4861 vivere,
2303 4815 2433 4853 cum
2463 4799 2611 4852 bono
2656 4799 2809 4868 jure,
2857 4797 3189 4869 tranquille,
3225 4799 3466 4866 leniter;
3517 4817 3597 4866 se,
3631 4800 3691 4854 in

2061 4888 2383 4960 indigentia
2414 4887 2604 4958 potius
2653 4889 2945 4941 continere
2997 4903 3062 4941 ac
3120 4888 3451 4958 reprimere,
3512 4905 3692 4960 quam

2064 4995 2195 5033 cum
2229 4995 2342 5033 non
2375 4976 2606 5044 habeat,
2664 4975 2902 5030 alterius
2960 4976 3127 5030 bonis
3179 4975 3385 5031 ablatis
3441 4979 3689 5049 expleri;

2065 5067 2233 5122 corde
2261 5067 2516 5121 mundus
2539 5081 2686 5132 esse,
2708 5068 2764 5120 et
2786 5081 2967 5135 purus
2990 5081 3226 5135 corpore
3251 5065 3318 5130 ‘7;
3343 5082 3447 5120 nec
3470 5067 3694 5121 assimi-

2064 5153 2170 5210 lari
2200 5153 2526 5221 Pbarisaais,
2559 5154 2628 5208 ad
2661 5168 2808 5223 quos
2866 5152 3150 5207 Dominus
3181 5158 3236 5207 et
3295 5158 3443 5208 Deus
3500 5160 3696 5210 noster

1665 5259 1899 5325 νΑἿιΙλΕ
1938 5268 2349 5327 LECTIONES.

385 5359 405 5393 ί
573 5353 1137 5434 ρτᾶῖροηη-γενέσθαι
1193 5360 1529 5434 περιχαρεῖς,
1589 5356 1714 5434 τοὺς
1777 5355 2275 5434 δὲ-ἱστορήσαντας
2312 5400 2324 5412 .
2382 5356 2532 5434 2,,81.
2587 5353 2903 5434 ἐπανῄεσαν.
3043 5355 3323 5434 Clementi,
3399 5355 3554 5434 hom.
3615 5374 3692 5428 1x,

308 5445 438 5501 cap.
471 5425 592 5484 19.’
616 5432 636 5464 ⁸
667 5425 809 5498 Rea,
843 5425 946 5483 lib.
977 5445 1052 5511 I_V,
1086 5444 1211 5500 cap.
1264 5425 1359 5484 32.
1398 5425 1440 5462 ’⁵
1471 5429 1641 5484 Deest
1697 5430 1756 5484 in
1817 5430 1892 5485 al.
1951 5432 1972 5466 ⁶
2012 5425 2102 5486 ’8.1.
2133 5427 2521 5502 εὐχαριστεῖτε.
2587 5429 2606 5462 ⁷
2665 5425 3120 5509 Εὖχαριστήσετε.
3153 5427 3225 5482 al.
3263 5425 3695 5550 εὖχλαριστήσητε

308 5502 441 5550 [‘m.
504 5504 526 5534 "
580 5500 653 5550 al-
712 5496 1133 5550 ἐνδομαγουντα.
1192 5500 1213 5534 9
1244 5499 1522 5550 Clement..
1556 5500 1712 5550 hom-
1747 5519 1822 5550 ιτ-
1854 5503 2022 5550 (ι-23-
2056 5507 2164 5550 ate.
2210 5503 2351 5550 Rea.
2405 5500 2440 5550 Ι.
2491 5516 2541 5550 ν.
2594 5515 2642 5550 c.
2693 5499 2782 5550 36.
2819 5500 2862 5534 ¹⁰
2909 5499 2983 5550 al.
3038 5515 3212 5550 mser.
3264 5517 3337 5549 πα
3385 5518 3450 5550 ιν.
3488 5499 3529 5533 ¹¹
3563 5498 3695 5550 Cle-

304 5496 441 5558 Go7r.
504 5504 526 5534 "
580 5500 653 5556 al.
712 5496 1213 5570 ἐνδομαχοῦντα.”⁹
1244 5499 1522 5568 Clement.,
1556 5500 1712 5556 hom.
1747 5519 1822 5565 ιτ,
1854 5519 1905 5557 c.
1933 5503 2022 5566 23,
2056 5507 2164 5555 etc.
2195 5496 2351 5570 "item,
2405 5500 2440 5552 Ι.
2491 5516 2542 5568 ν,
2594 5515 2642 5570 c.
2693 5496 2862 5570 36.10
2909 5499 2983 5554 al.
3038 5499 3212 5570 inser.
3264 5496 3450 5551 πάλιν.
3488 5499 3529 5533 ¹¹
3563 5498 3696 5553 Cle-

303 5580 500 5641 ment,
532 5571 687 5626 born.
720 5590 774 5641 x,
809 5568 858 5626 θ’.
896 5568 981 5626 {9.
1012 5572 1155 5637 Rea,
1183 5569 1221 5626 l.
1253 5589 1306 5639 ν,
1343 5589 1392 5626 c.
1424 5572 1513 5626 22.
1569 5574 1611 5606 ¹²
1658 5573 1733 5627 al.
1769 5572 1796 5624 6
1844 5572 1920 5634 εἷς
1953 5571 2071 5636 θεός
2127 5575 2170 5607 ¹³
2201 5571 2272 5625 al.
2309 5568 2663 5641 δημιουργόν,
2701 5573 2741 5604 ³⁵
2774 5569 3057 5637 Clement.,
3087 5569 3242 5624 hom.
3276 5586 3328 5636 x,
3366 5586 3414 5624 c.
3446 5570 3534 5624 ‘26.
3569 5575 3691 5625 Rea.

304 5644 348 5701 l.
382 5661 438 5710 ν,
466 5637 637 5720 ese.
699 5645 741 5679 ιδ
761 5637 1061 5720 Clamant.1
1079 5641 1236 5720 hom.
1267 5637 1343 5714 xi,
1392 5659 1439 5699 c.
1483 5644 1582 5702 15;
1617 5644 1732 5700 Rec.
1769 5645 1806 5700 Ι.
1839 5661 1891 5717 ν,
1923 5661 1973 5700 ο.
2006 5645 2095 5703 32.
2130 5645 2171 5680 ¹⁶
2201 5642 2275 5700 al.
2309 5637 2486 5698 inser.
2517 5637 2756 5716 μᾶλλον.
2793 5643 2834 5677 ¹⁷
2866 5643 2987 5698 Rec.
3021 5641 3059 5697 1.
3093 5656 3168 5709 v1,
3203 5656 3254 5696 ο.
3289 5641 3378 5711 10,
3427 5645 3536 5699 etc.
3571 5641 3696 5720 οιθτ

304 5723 504 5786 mam,
537 5714 695 5773 hom.
727 5731 808 5784 xi,
839 5731 964 5790 cap.
995 5715 1084 5786 29,
1113 5717 1226 5775 etc.
1879 5714 1886 5717 '
2529 5714 2533 5716 ·
3369 5722 3372 5724 .
