4082 6208
303 390 421 452 521

1062 386 1596 453 CLEMENTINA.
1634 422 1708 433 —
1739 384 2084 448 EPITOME
2130 384 2229 447 DE
2275 384 2546 450 GESTIS
2595 391 2659 450 S.
2710 386 2965 451 PETRI.

3596 396 3714 457 523

380 522 587 579 LXXII.
663 518 1037 595 Πορευθέντων
1102 519 1193 574 οὖν
1272 519 1470 589 αὐτῶν,
1530 519 1635 595 ἐγὼ
1716 517 1954 590 Κλήμης

2143 519 2354 574 LXXII.
2388 520 2489 575 His
2519 520 2698 592 igitur
2729 522 3026 593 profectis,
3050 539 3155 595 ego
3185 524 3449 581 Clemens
3478 527 3715 599 gavisus

299 607 550 685 ἔχαιρον,
584 608 665 664 ὅτι
725 610 816 663 σὺν
874 608 1021 681 αὐτῷ
1078 630 1143 681 με
1192 608 1464 663 ἐκέλευσεν
1524 609 1677 662 εἶναι.
1732 604 1956 679 Ἀμέλει

300 699 397 753 καὶ
426 698 562 773 πρὸς
594 697 752 752 αὐτὸν
788 698 958 751 εἶπον·
995 697 1317 772 Εὐχαριστῶ
1342 696 1422 770 τῷ
1453 702 1589 768 Θεῷ,
1621 695 1703 750 ὅτι
1752 716 1818 768 με
1862 695 1960 749 οὐκ

303 785 683 857 ιξαπέστειλας
740 786 813 847 ὡς
866 785 995 848 τοὺς
1054 785 1298 862 ἑταίρους
1340 788 1405 858 ³⁵,
1439 784 1554 841 ἰπεὶ
1614 782 1955 857 ὀδυνώμενος

304 873 368 928 ἂν
430 872 880 952 διαπεφωνήκειν.
912 876 969 927 Ὀ
1027 871 1084 929 δὲ
1139 871 1268 951 ἔφη·
1300 874 1366 931 Τί
1417 872 1521 929 δαί·
1567 873 1611 927 εἶ
1660 873 1749 927 καὶ
1798 872 1959 948 χρεία

298 983 389 1025 τις
440 961 585 1018 ἔσται
630 962 939 1041 πεμφθῆναί
989 964 1045 1017 σέ
1092 984 1219 1031 που,
1253 964 1315 1017 σὺ
1365 961 1454 1017 διὰ
1481 963 1544 1018 τὸ
1575 963 1710 1037 πρὸς
1765 960 1954 1035 ὀλίγον

303 1050 780 1125 ἀπολιμπάνεσθαί
814 1073 918 1124 μου
950 1051 1358 1129 συμφερόντως,
1393 1049 1481 1105 διὰ
1507 1056 1667 1106 τοῦτο
1699 1052 1953 1125 τεθνήξῃς

302 1140 436 1217 οὐχὶ
469 1139 527 1195 δὲ
555 1140 974 1215 προσομιλήσας
1005 1144 1230 1212 σεαυτῷ,
1278 1140 1455 1214 φέρειν
1486 1141 1553 1193 τὰ
1596 1136 1685 1194 διὰ
1728 1140 1829 1206 τὴν
1871 1138 1959 1192 ἀν·

298 1230 475 1305 ἀγκην
521 1250 609 1284 σοι
655 1229 1122 1305 προσταττόμενα,
1173 1227 1422 1301 εὐθύμως
1476 1228 1756 1296 ὑποίσεις;
1790 1229 1826 1297 ἢ
1861 1226 1958 1282 οὐκ

302 1317 482 1390 οἶδας,
515 1319 599 1375 δτι
653 1318 880 1373 σύνεισιν
938 1319 991 1373 οἱ
1036 1317 1188 1396 φίλοι
1235 1323 1353 1380 ταῖς
1406 1319 1671 1391 μνήμαις,
1702 1316 1798 1372 κᾶν
1836 1322 1956 1379 τοῖς

299 1409 550 1482 σώμασιν
600 1408 812 1463 εκείνων
852 1406 1367 1480 ἀπολιμπάνωνται,
1408 1406 1482 1469 ὠς
1533 1404 1666 1461 ἔνιοι
1710 1406 1957 1468 συνόντες

293 1502 422 1559 τοῖς
454 1498 690 1569 σώμασι,
726 1496 934 1571 μακρὰν
968 1496 1298 1572 ἀφεστήκασι
1328 1499 1447 1557 ταῖς
1477 1498 1681 1570 ψυχαῖς
1708 1513 1722 1564 ;

377 1587 611 1643 LXXIII.
663 1585 827 1659 Κάγὼ
887 1584 1283 1659 ἀπεκρινάμην·
1337 1581 1515 1638 Ἀλλᾶ
1565 1586 1641 1657 μή
1695 1604 1762 1656 με
1805 1582 1959 1656 νομί-

296 1695 424 1747 σῃς,
453 1673 627 1749 κύριε,
661 1672 744 1729 ὅτι
782 1675 850 1727 τὰ
881 1672 1061 1743 λύπης
1110 1671 1339 1748 πάσχειν
1393 1669 1629 1744 ἔμελλον
1689 1671 1954 1744 ἀνοήτως,

301 1762 454 1819 ἀλλᾶ
484 1763 571 1818 καὶ
601 1762 738 1817 πάνυ
782 1761 955 1837 ὀρθῶς
1000 1759 1186 1835 ἔχοντι
1236 1760 1507 1835 λογισμῷ.
1540 1760 1689 1815 Ἐπεὶ
1746 1759 1849 1837 γάρ
1900 1780 1957 1815 σε

298 1851 418 1906 ἀντὶ
476 1852 687 1906 πάντων
737 1846 995 1923 εἱλόμην,
1028 1850 1231 1925 πατρὸς
1282 1850 1371 1903 καὶ
1426 1851 1657 1925 μητρὸς,
1705 1847 2031 1954 ἀδελφῶνΒ

299 1942 422 2012 ἅμα
465 1941 554 1995 καὶ
611 1945 900 2015 συγγενῶν,
962 1936 1133 1993 αἶ’τιόν
1196 1960 1287 2011 μοι
1346 1936 1637 2013 γενόμενον
1707 1936 1795 1992 διὰ
1862 1939 1952 1993 τὸν

296 2031 434 2086 Θεὸν
465 2036 564 2098 τῆς
594 2028 876 2097 σωζούσης
908 2027 1187 2097 ἀληθείας·
1223 2026 1364 2082 οὕτω
1395 2027 1482 2082 καὶ
1513 2030 1579 2095 ἧς
1612 2022 1845 2099 ἔμελλον
1897 2027 1957 2082 ἐκ

294 2121 515 2173 πάντων
564 2116 870 2172 ἀπολαύειν
923 2115 1289 2191 παραμυθίας,
1324 2112 1413 2170 διὰ
1461 2120 1555 2169 σοῦ
1607 2115 1774 2188 μόνου
1822 2136 1952 2189 καρ-

295 2210 531 2279 ποῦμαι.
566 2204 791 2261 Δέδοικα
819 2206 919 2281 γὰρ
951 2204 1099 2267 ὅλως
1149 2202 1544 2282 ἀπολειφθῆναί
1590 2225 1707 2273 σου,
1743 2206 1956 2277 μήποτε

300 2293 397 2350 δια
423 2296 522 2364 τὴν
555 2294 616 2350 lx
635 2302 737 2364 τῆς
789 2293 1011 2363 ἡλικίας
1060 2294 1262 2366 άκμήν,
1293 2292 1471 2362 ἥττων
1523 2292 1813 2366 ἐπιθυμίας
1861 2292 1955 2367 γέ-

294 2405 507 2456 νωμαι.
542 2382 639 2439 Καὶ
672 2380 762 2438 διὰ
788 2387 950 2438 τοῦτο
980 2382 1150 2444 οὕτως
1194 2380 1482 2443 ἔνο-τάσεως
1516 2381 1651 2457 ἔχω,
1685 2382 1759 2443 ὡς
1816 2382 1951 2437 ἀπο-

298 2472 497 2542 στῆναί
554 2494 650 2527 σου
708 2469 965 2527 ἀδύνατον
1030 2471 1186 2543 εἶναι,
1215 2470 1261 2525 εἲ
1298 2472 1373 2543 μή
1423 2470 1558 2525 κατά
1602 2491 1721 2525 τινα
1777 2469 1950 2546 χόλον

297 2564 440 2618 Θεοῦ
486 2565 647 2616 τοῦτο
688 2560 930 2636 γένηται.
967 2559 1065 2615 Καὶ
1110 2559 1211 2636 γὰρ
1266 2559 1547 2633 μέμνημαί
1596 2580 1691 2614 σου
1734 2560 1786 2615 έν
1821 2562 1954 2617 Και-

301 2648 497 2724 σαρείᾳ
526 2648 797 2710 εῖπόντος·
826 2645 897 2702 Ei’
926 2647 1009 2709 τίς
1060 2669 1152 2721 μοι
1207 2646 1460 2723 βούλεται
1511 2644 1843 2716 συνοδεῦσαι,
1878 2648 1957 2702 εὐ-

302 2732 485 2799 σεϐῶς
534 2737 626 2792 καὶ
673 2733 1020 2792 συνοδευέτω.
1052 2731 1302 2797 Εὐσεϐῶς
1347 2732 1403 2790 δὲ
1451 2733 1603 2813 ἔφης,
1634 2736 1696 2791 τὸ
1748 2733 1956 2808 μηδένα

300 2833 550 2895 Αυπῆσαι
582 2827 717 2880 κατὰ
748 2826 898 2894 Θεὸν,
930 2826 1068 2894 οἷον,
1101 2822 1442 2879 ἀπολιπόντα
1479 2830 1677 2901 γονεῖς,
1708 2831 1955 2901 γυναῖκα,

297 2916 444 2990 πρὸς
503 2912 582 2981 δὶ,
613 2914 701 2969 καὶ
743 2915 955 2988 ἑτέρους
1012 2916 1162 2975 τῖνάς
1219 2918 1327 2967 τῶν
1374 2908 1606 2968 εὐσεϐεῖν
1659 2913 1954 2987 ἑλομένων,

299 3007 464 3068 ’Ὅθεν
511 3003 621 3078 ἐγὼ
669 3004 804 3057 κατὰ
850 3004 1023 3057 πάντα
1081 2999 1387 3073 ἐπιτήδειός
1418 3002 1531 3075 εἶμί
1576 3024 1659 3057 σοι
1714 3000 1955 3057 συνοδοι-

302 3093 506 3167 πόρος,
536 3093 582 3163 ᾦ
612 3092 701 3146 καὶ
730 3093 796 3146 τα
831 3092 1056 3167 μέγιστα
1086 3090 1303 3167 χαρίζῃ,
1331 3090 1375 3145 εἷ
1405 3093 1449 3127 ²⁶
1476 3090 1571 3153 τὰς
1600 3096 1707 3145 τῶν
1742 3088 1954 3146 δούλων

305 3183 336 3236 ὑ
348 3180 602 3256 τηρεσίας
630 3180 939 3255 ἐπιτρέποις
970 3184 1148 3234 ποιεῖν
1160 3224 1171 3235 .

384 3248 618 3326 LXXIV.
661 3248 763 3323 Καί
807 3271 835 3323 6
886 3270 1089 3344 Ηέτρος
1139 3267 1389 3339 ἀκούσας,
1443 3269 1576 3341 μετά
1617 3268 1764 3330 τινός
1822 3289 1953 3345 φησι
1986 3248 2029 3313 C

310 3355 691 3431 μειδιάματος·
723 3356 783 3410 Τί
834 3357 925 3411 οὗν
972 3354 1096 3428 οἷέι,
1143 3354 1369 3428 Κλήμη,
1428 3357 1503 3427 μή
1538 3357 1625 3411 ὑπ’
1655 3356 1821 3425 αὐτῆς
1867 3357 1957 3411 ἀν-

310 3448 489 3520 άγκης
550 3444 625 3506 εἷς
684 3442 897 3500 δούλων
946 3465 1003 3499 σε
1056 3451 1285 3520 ταγῆναι
1330 3444 1538 3514 τόπον;
1571 3444 1685 3500 ἐπεὶ
1734 3444 1817 3507 τίς
1865 3446 1961 3508 τὰς

306 3532 485 3597 καλάς
538 3555 632 3606 μοι
691 3533 779 3589 καὶ
835 3530 1049 3595 πολλὰς
1099 3529 1342 3595 σινδόνας
1378 3534 1645 3605 μετὰτῶν
1679 3532 1958 3605 ἑπομένων

309 3618 619 3678 δακτυλίων
667 3621 757 3677 καὶ
804 3626 913 3676 τῶν
966 3618 1333 3694 ὑποδημάτων
1384 3621 1603 3699 φυλάξει
1646 3624 1729 3693 ²⁷;
1760 3620 1856 3685 Τίς
1906 3620 1963 3677 δὲ

304 3712 400 3766 καὶ
430 3711 498 3766 τὰ
527 3708 663 3780 ἡδέα
710 3710 799 3766 καὶ
848 3708 1130 3780 πολυτελῆ
1176 3706 1284 3783 ὄψα
1327 3712 1752 3785 προετοιμάσει;
1786 3712 1820 3766 ἅ
1846 3732 1964 3766 τινα

310 3798 547 3854 ποικίλα
595 3795 724 3853 ὄντα
770 3796 997 3853 πολλῶν
1029 3796 1197 3854 δεῖται
1226 3797 1315 3852 καὶ
1363 3804 1626 3873 τεχνικῶν
1691 3799 1963 3876 μαγείρων

310 3889 404 3944 καὶ
456 3888 627 3942 πάντα
675 3886 870 3958 ἐκεῖνα,
904 3886 1002 3942 ὅσα
1048 3886 1123 3949 ὠς
1169 3886 1345 3963 θηρίῳ
1392 3886 1614 3963 μεγάλῳ
1651 3892 1719 3961 τῇ
1780 3888 1964 3953 ἐπιθυ-

317 3976 420 4048 μίᾳ
476 3975 973 4051 προευτρεπίζεται.
1012 3973 1161 4043 Πλὴν
1190 3977 1225 4045 ἠ
1256 3975 1479 4046 τοιαύτη
1540 3997 1597 4031 σε
1655 3976 1966 4053 προαίρεσις

316 4062 673 4132 ὑπεισῆλθεν,
730 4060 862 4125 ἴσως
924 4064 1000 4136 μὴ
1059 4063 1321 4132 συνιέντα,
1380 4064 1469 4118 καὶ
1542 4064 1633 4119 τὸν
1691 4064 1818 4137 ἐμὸν
1870 4065 1967 4141 ἀγ-

311 4157 551 4207 νοοῦντα
612 4152 749 4227 βίον,
784 4152 866 4207 ὅτι
926 4150 1073 4228 ἄρτῳ
1134 4151 1286 4225 μόνῳ
1337 4151 1427 4207 καὶ
1486 4150 1671 4215 ἐλαίας
1718 4158 1968 4229 χρῶμαι,

310 4242 409 4297 καὶ
462 4241 703 4303 σπανίως
749 4244 794 4278 ³⁸
843 4241 1122 4317 λαχάνοις·
1172 4242 1261 4295 καὶ
1312 4240 1394 4296 δτι
1453 4241 1669 4314 ἱμάτιόν
1732 4264 1824 4315 μοι
1879 4243 1969 4297 καὶ

308 4324 607 4403 τριϐώνιον
650 4326 705 4384 ἓν
756 4328 866 4385 ἐστι
909 4334 1070 4384 τοῦτο
1102 4331 1149 4365 ³³
1180 4328 1331 4395 αὐτὸ,
1363 4330 1392 4384 ’ὀ
1422 4325 1848 4405 περιϐέϐλημαι,
1880 4331 1970 4386 καὶ

315 4419 505 4491 ἑτέρου
544 4417 732 4494 χρείαν
782 4418 881 4472 οὐκ
928 4414 1063 4493 ἔχω,
1097 4415 1227 4473 οὐδὲ
1275 4416 1462 4473 ἄλλων
1511 4424 1694 4478 τινῶν.
1732 4421 1813 4474 Ἐν
1868 4422 1969 4496 γὰρ

2068 624 2223 677 sum,
2268 626 2400 663 eum
2453 626 2650 664 secum
2699 628 2827 666 esse
2875 612 3149 668 voluisse.
3200 614 3402 685 Itaque
3456 616 3526 670 ad
3578 632 3713 671 eum

2068 697 2185 751 dixi
2220 713 2233 752 :
2268 697 2495 753 Gratias
2526 715 2631 769 ago
2663 703 2796 765 Deo,
2846 702 2999 770 quod
3034 717 3127 757 me
3160 718 3274 758 non
3327 704 3615 772 emiseris,
3650 708 3714 760 ut

2067 784 2337 852 sodales;
2373 804 2509 842 nam
2544 804 2657 859 pre
2689 787 2885 843 dolore
2915 793 3153 845 enectus
3187 791 3449 847 fuissem.
3486 791 3588 848 Ille
3615 809 3712 849 ve-

2068 891 2130 929 ro
2166 891 2177 929 :
2208 875 2355 938 Quid
2386 875 2823 947 autem,inquit,
2844 876 2891 931 si
2924 894 3050 949 quas
3076 878 3444 936 necessitatis
3466 881 3712 951 jusserit

2068 966 2133 1018 ut
2164 962 2361 1035 aliquo
2388 964 2640 1019 mittaris
2666 969 2748 1032 ;tu
2784 965 2922 1037 quia
2944 965 3282 1037 aliquandiu
3312 985 3347 1023 a
3376 984 3467 1024 me
3489 969 3711 1026 utiliter

2066 1051 2180 1107 eris
2203 1056 2531 1123 separatus,
2556 1052 2683 1108 ideo
2716 1053 2979 1109 morieris
2999 1054 3026 1108 ‘?
3047 1054 3249 1112 Nonne
3278 1056 3493 1128 potius,
3512 1062 3706 1114 tecum

2066 1139 2609 1211 reputans,ferenda
2637 1156 2765 1196 esse
2797 1157 2920 1212 quae
2939 1148 3177 1213 propter
3197 1144 3707 1217 necessitatemju-

2066 1228 2242 1299 beris,
2274 1246 2441 1301 aequo
2492 1230 2687 1285 animo
2719 1230 2914 1286 feres?
2943 1235 3059 1285 Aut
3106 1231 3297 1287 nescis
3327 1233 3545 1289 amicos
3590 1250 3709 1290 una

2065 1333 2194 1373 esse
2225 1318 2641 1385 recordatione,
2675 1317 2808 1374 licet
2836 1318 3179 1390 cosporibus
3211 1320 3362 1376 inter
3388 1337 3449 1377 se
3475 1321 3707 1394 disjun-

2066 1410 2296 1477 gantur;
2313 1406 2464 1461 sicut
2488 1406 2755 1462 nonnulli
2786 1408 3128 1479 corporibus
3151 1411 3709 1482 praesentes,animis

2066 1493 2266 1565 procul
2298 1498 2438 1549 sunt
2466 1494 2657 1551 dissiti
2678 1495 2706 1550 ‘I

2141 1582 2448 1638 LXXIII.Et
2478 1600 2584 1656 ego
2615 1584 2888 1655 respondi
2921 1601 2935 1639 :
2970 1588 3186 1642 Verum
3220 1602 3292 1643 ne
3323 1587 3393 1644 de
3424 1604 3517 1645 me
3549 1588 3705 1645 arbi-

2064 1672 2259 1741 treris,
2312 1672 2568 1737 domine,
2603 1672 2755 1744 quod
2788 1671 2968 1729 istum
3027 1690 3333 1730 maerorem
3364 1674 3711 1749 insipienter

2066 1759 2176 1814 sim
2193 1760 2871 1832 perpessurus,quinimo
2885 1762 3205 1818 admodum
3222 1767 3373 1819 recte
3385 1780 3446 1820 se
3458 1764 3710 1823 habente

2066 1848 2307 1904 ratione.
2361 1850 2645 1914 Quoniam
2699 1849 2854 1904 enim
2909 1854 2965 1905 te
3014 1867 3117 1922 pro
3165 1852 3439 1907 omnibus
3488 1853 3704 1926 accepi,

2068 1953 2168 2007 pro
2199 1941 2378 2007 patre,
2432 1940 2637 2003 matre,
2680 1936 2983 2002 fratribus,
3034 1942 3090 1993 et
3119 1939 3421 2010 cognatis;
3455 1940 3554 2012 qui
3604 1957 3709 2013 per

2068 2027 2244 2080 Deum
2280 2030 2480 2080 auctor
2509 2024 2654 2079 mihi
2686 2024 2941 2093 fuisti,ut
2969 2027 3301 2097 agnoverim
3333 2028 3703 2084 servatricem

2063 2116 2361 2169 veritatem
2397 2131 2410 2167 :
2447 2114 2530 2168 sic
2560 2118 2616 2169 et
2645 2114 3059 2184 consolatione,
3096 2132 3270 2187 quam
3306 2117 3377 2171 ab
3426 2116 3701 2173 omnibus

2063 2208 2485 2258 consecuturus
2534 2202 2799 2267 fuissem,
2831 2220 2932 2274 per
2960 2208 3015 2258 te
3063 2221 3245 2259 unum
3278 2206 3457 2260 fruor.
3488 2204 3702 2262 Vereor

2062 2291 2278 2363 quippe
2307 2291 2545 2346 omnino
2578 2308 2609 2346 a
2639 2296 2694 2346 te
2724 2292 3021 2360 abesse,ne
3052 2308 3152 2364 per
3181 2292 3367 2349 aetatis
3398 2294 3699 2365 fervorem,

2062 2397 2095 2436 a
2125 2380 2442 2451 cupiditate
2471 2380 2761 2436 vincar.Et
2780 2380 2909 2436 ideo
2931 2381 3009 2436 ita
3033 2381 3092 2436 in
3124 2382 3386 2437 animum
3410 2382 3705 2451 induxi,ut

2063 2485 2096 2524 a
2127 2473 2180 2524 te
2211 2485 2325 2523 non
2358 2469 2578 2540 possim
2605 2468 3051 2538 discedere,nisi
3083 2469 3191 2525 hoc
3221 2470 3417 2526 divina
3448 2471 3703 2542 quadam

2061 2558 2148 2613 ira
2178 2558 2424 2612 eveniat.
2456 2556 2679 2611 Etenim
2715 2556 2955 2612 memini
2989 2562 3041 2613 te
3072 2557 3344 2614 Caesarea:
3374 2558 3565 2615 dicere
3598 2575 3612 2615 :
3643 2559 3703 2614 Si

2064 2646 2197 2718 quis
2224 2645 2347 2700 vult
2396 2662 2624 2700 mecum
2658 2645 2766 2701 iter
2816 2646 3019 2713 facere,
3056 2646 3147 2718 pie
3178 2662 3409 2719 quoque
3452 2664 3571 2703 una
3598 2646 3709 2703 iter

2067 2736 2276 2791 habeat
2307 2752 2318 2790 :
2354 2734 2447 2807 pie
2476 2740 2671 2789 autem
2702 2734 2937 2791 dicebas
2967 2751 3114 2802 esse,
3149 2736 3442 2791 neminem
3471 2736 3709 2792 tristitia

2067 2825 2391 2879 secundum
2423 2824 2605 2878 Deum
2630 2823 3065 2889 afﬁcere,veluti
3094 2824 3477 2895 relinquendo
3508 2841 3714 2897 paren-

2066 2918 2175 2977 tes,
2211 2929 2469 2983 uxorem,
2503 2929 2608 2967 nec
2640 2930 2753 2967 non
2785 2911 2931 2968 alios
2972 2913 3125 2984 piam
3156 2914 3335 2969 vitam
3369 2917 3711 2969 consectan-

2067 3002 2343 3059 tes.Unde
2374 3018 2479 3073 ego
2499 3018 2739 3072 prorsus
2768 3002 3016 3056 tibisum
3047 3002 3467 3073 aptusitineris
3490 3019 3707 3069 comes,

2068 3109 2100 3146 a
2132 3109 2245 3163 quo
2275 3096 2331 3145 et
2354 3091 2858 3146 maximaminibis
2889 3092 3212 3163 gratiam,si
3249 3091 3572 3147 ministeria
3594 3108 3710 3148 ser-

2068 3198 2205 3235 voru
2218 3196 2271 3233 m
2306 3180 2464 3233 obire
2495 3179 2853 3251 permiseris.

2143 3268 2363 3323 LXXIV.
2400 3268 2515 3323 Hoc
2546 3270 2767 3336 audito,
2800 3269 3022 3337 Petrus,
3049 3286 3181 3324 cum
3212 3269 3326 3325 leni
3360 3269 3481 3325 risu
3512 3269 3657 3325 dixit
3689 3287 3702 3325 :

2067 3359 2215 3423 Quid
2246 3374 2381 3429 ergo
2414 3361 2605 3429 putas,
2635 3357 3081 3429 Clemens,quod
3116 3375 3229 3413 non
3260 3363 3316 3413 te
3347 3359 3471 3426 ipsa
3501 3374 3704 3414 neces-

2069 3447 2213 3503 sitas
2240 3446 2297 3500 in
2330 3462 2627 3501 servorum
2662 3446 2925 3501 ordinem
2952 3447 3173 3519 rediget
3191 3447 3367 3502 ?Nam
3398 3447 3532 3518 quis
3564 3446 3707 3502 mihi

2069 3536 2362 3606 elegantes
2395 3551 2459 3589 ac
2474 3534 2689 3589 multas
2719 3535 2995 3591 sindones
3008 3551 3110 3590 seu
3136 3534 3708 3602 vesteslinteas,cum

2072 3623 2359 3695 adjunclis
2387 3623 2626 3679 annulis
2656 3628 2713 3679 et
2741 3623 2950 3679 calceis
2980 3624 3311 3680 custodiet?
3332 3624 3471 3688 Quis
3500 3640 3633 3680 vero
3656 3628 3714 3679 et

2073 3712 2274 3769 suavia
2302 3711 2707 3783 exquisitaque
2735 3712 2979 3768 obsonia
3009 3712 3401 3785 praeparabit?
3430 3729 3555 3784 quas
3577 3727 3713 3768 cum

2072 3801 2231 3857 varia
2262 3800 2399 3868 sint,
2435 3799 2650 3855 multos
2682 3817 2748 3855 ac
2778 3799 3018 3856 solertes
3048 3816 3266 3872 coquos
3296 3800 3631 3873 postulant:
3660 3804 3718 3856 et

2075 3888 2275 3946 omnia
2302 3888 2555 3960 illa,quae
2586 3892 2866 3960 tanquam
2899 3889 3144 3945 immani
3176 3890 3397 3961 bestiae,
3412 3889 3715 3961 cupiditati

2077 3981 2459 4050 apparantur.
2522 3978 2633 4033 Sed
2668 3978 2861 4032 forsan
2910 3977 3034 4033 haec
3082 3982 3140 4033 te
3180 3977 3360 4033 subiit
3408 3978 3719 4049 sententia,

2078 4068 2231 4139 quod
2265 4083 2380 4122 non
2429 4065 2806 4134 intellexeris,
2838 4068 3110 4139 quodque
3158 4067 3390 4137 ignores
3419 4066 3548 4121 vitae
3579 4083 3719 4121 mea:

2079 4158 2365 4212 rationem
2391 4173 2403 4223 ;
2434 4155 2532 4225 qui
2563 4154 2683 4210 solo
2712 4172 2860 4227 pane
2890 4160 2945 4211 et
2973 4155 3141 4212 olivis
3173 4160 3577 4228 utor,raroque
3608 4156 3723 4211 ole-

2081 4246 2282 4312 ribus;
2317 4245 2530 4315 quique
2579 4260 2761 4298 unum
2796 4243 2981 4299 habeo
3011 4244 3444 4311 vestimentum,
3480 4261 3545 4300 ac
3595 4243 3719 4316 pal-

2079 4333 2364 4401 lium,hoc
2396 4332 2589 4404 ipsum
2622 4349 2737 4403 quo
2769 4334 3019 4388 amictus
3043 4337 3260 4399 sum,et
3290 4333 3404 4388 alio
3427 4349 3574 4404 opus
3605 4349 3719 4388 non

2082 4423 2287 4490 habeo,
2322 4437 2509 4493 neque
2558 4420 2678 4476 ulla
2708 4437 2787 4477 re.
2839 4426 2985 4477 Nam
3017 4422 3076 4477 in
3128 4421 3219 4477 his
3267 4422 3442 4477 etiam
3494 4422 3724 4477 abunde

309 4507 538 4569 τούτοις
584 4506 672 4561 καὶ
719 4506 1127 4583 περισσεύομαι.
1160 4508 1221 4564 Ὁ
1268 4505 1393 4569 νοῦς
1444 4509 1546 4582 γάρ
1598 4529 1703 4580 μου
1752 4509 1818 4563 τὰ
1863 4508 1960 4563 ἐκεῖ

2082 4510 2227 4566 mihi
2257 4513 2494 4566 est.Mea
2511 4510 2725 4583 quippe
2752 4527 2918 4566 mens
2950 4527 3192 4567 cernens
3214 4510 3333 4566 illic
3356 4510 3553 4566 omnia
3575 4511 3727 4566 bona

315 4598 498 4652 πάντα
529 4596 668 4670 ὁρῶν
702 4595 894 4650 αἰώνια
935 4594 1130 4670 ἀγαθὰ,
1157 4599 1267 4649 τῶν
1320 4594 1542 4649 ἐνταῦθα
1590 4594 1805 4660 οὐδενὸς
1856 4596 1960 4652 ἐπι-

2082 4604 2317 4667 aaterna,
2351 4597 2574 4654 nullius
2605 4615 2807 4654 eorum
2836 4616 2966 4670 quae
2998 4598 3092 4654 hic
3122 4603 3259 4654 sunt
3288 4615 3489 4656 curam
3538 4598 3727 4654 susci-

317 4683 628 4761 στρέφεται.
683 4685 873 4756 Ὅμως
933 4686 1028 4737 σοῦ
1090 4684 1183 4756 μὲν
1241 4685 1340 4753 τήν
1398 4683 1601 4760 ἀγαθὴν
1659 4685 1960 4762 προαίρεσιη

2082 4688 2383 4761 piLTuum
2416 4692 2613 4743 tamen
2645 4689 2943 4759 egregium
2974 4688 3312 4744 institutum
3340 4685 3729 4760 approbo;mi-

318 4770 692 4849 ἀποδέχομαι,
721 4773 810 4826 καὶ
843 4768 1133 4845 θαυμάζων
1166 4771 1390 4841 ἐπαινῶ,
1422 4776 1540 4835 πῶς
1584 4772 1720 4847 ἀνὴρ
1771 4774 1829 4831 ἐκ
1877 4796 1960 4830 πο.

2083 4792 2296 4848 rorque
2327 4792 2393 4831 ac
2423 4775 2620 4843 laudo,
2655 4792 2770 4847 quo
2819 4777 2992 4831 modo
3022 4776 3111 4831 vir
3143 4777 3199 4831 in
3233 4777 3352 4831 vita
3381 4779 3729 4847 sumptuosa

316 4860 570 4918 λύτελῶν
602 4860 734 4926 ἐθῶν
780 4861 1065 4936 ὑπάρχων,
1102 4858 1303 4937 ῥᾳδίως
1348 4866 1466 4923 τοῖς
1515 4862 1824 4938 ἀναγκαίοις
1880 4865 1960 4919 τὸκ

2082 4867 2386 4932 educatus,
2423 4864 2589 4920 facile
2620 4866 2845 4920 vivendi
2900 4865 3182 4920 rationem
3218 4864 3640 4931 immutaveris,
3672 4868 3729 4920 et

314 4954 548 5006 σεαυτοῦ
630 4947 947 5019 ὑπήλλαξας
1026 4949 1162 5025 βίον.
1218 4954 1405 5022 Ἡμεῖς
1478 4951 1578 5027 γὰρ
1630 4950 1687 5006 έκ
1742 4950 1960 5021 παίδων1

2085 4956 2157 5010 ad
2190 4954 2316 5010 sola
2346 4954 2673 5009 necessaria
2705 4954 3183 5009 traduxeris.Nos
3215 4956 3432 5027 quippe
3465 4972 3499 5008 a
3528 4969 3728 5026 puero,

313 5040 437 5113 ἐγώ
465 5060 524 5094 τε
551 5039 640 5093 καὶ
672 5036 920 5110 Ἀνδρέας
951 5039 978 5092 ὁ
1012 5038 1293 5111 σύναιμος,
1327 5038 1389 5093 οὐ
1445 5039 1607 5111 μόνον
1644 5041 1695 5093 ἐν
1749 5040 1960 5119 ὀρφανίς

2083 5060 2188 5115 ego
2219 5047 2277 5098 et
2305 5043 2567 5097 Andreas
2598 5043 2794 5109 frater,
2828 5059 2943 5096 non
2971 5041 3159 5097 solum
3192 5043 3251 5096 in
3284 5042 3560 5115 pupillari
3592 5058 3729 5096 con-

308 5132 631 5203 τραφέντες,
667 5126 811 5181 ἀλλᾶ
866 5128 956 5181 καὶ
1021 5127 1123 5181 ὑπὸ
1182 5127 1365 5189 πενίας
1426 5128 1503 5190 εἷς
1562 5127 1806 5204 ἐργασίαν
1866 5129 1960 5185 έθι-

2088 5131 2306 5186 ditione
2337 5131 2792 5195 educati,verum
2813 5132 2987 5185 etiam
3022 5130 3524 5203 propterinOpiam
3559 5131 3629 5184 ad
3654 5130 3732 5184 la-

313 5219 537 5280 σθέντες
584 5218 649 5281 ⁸ο,
712 5215 964 5291 εὐμαρῶς
1018 5215 1250 5293 φέρομεν
1304 5220 1394 5269 νῦν
1442 5216 1536 5277 τὰς
1590 5219 1795 5293 μακράς
1846 5218 1960 5272 ταύ-

2092 5221 2289 5276 borem
2325 5219 2930 5291 assuefacti,expedite
2961 5236 3114 5274 nunc
3135 5219 3239 5274 bas
3270 5220 3475 5291 longas
3490 5220 3731 5275 ferimus

310 5326 419 5366 τας
478 5302 816 5369 ὁδοιπορίας.
848 5306 1006 5368 ’Ὁθεν
1066 5303 1111 5359 εἰ
1170 5303 1385 5359 ἐπείθου
1439 5326 1554 5377 μοι,
1588 5304 1713 5378 ἐμοὶ
1761 5307 1818 5361 ἂν
1854 5328 1960 5384 συγ·

2094 5308 2610 5381 peregrinationes.
2644 5309 2853 5373 Quare,
2886 5307 2934 5363 si
2962 5308 3226 5364 crederes
3258 5309 3732 5373 mihi,servorum

312 5395 672 5468 κεχωρήκεις
699 5394 764 5447 τὰ
796 5390 1008 5448 δούλων
1041 5391 1398 5469 ἀποπληροῦν
1432 5414 1537 5449 σοι.

2088 5397 2279 5453 ofﬁcia
2309 5414 2401 5452 me
2431 5396 2538 5452 tibi
2570 5396 2908 5469 impendere
2938 5396 3305 5453 concederes.

1680 5519 1924 5576 VARIzE
1987 5521 2290 5578 LECTION
2296 5523 2395 5577 ES.

310 5698 377 5759 ἓν
402 5628 448 5755 ’ὅ
477 5626 819 5765 ϐέῗτηθηίἰηα
846 5630 903 5683 et
935 5626 1365 5698 Recognitz’ones,
1398 5622 1611 5704 ἐτέρους
1640 5628 1771 5685 CO'r.
1804 5629 1850 5665 ’°
1879 5627 1956 5686 al.
1992 5624 2045 5684 εἴ
2071 5649 2186 5704 μοι.
2219 5628 2265 5665 ³⁷
2293 5626 2367 5685 al.
2401 5622 2735 5707 διαφυλάξει.
2772 5628 2816 5664 ³⁸
2849 5628 2923 5685 al.
2972 5625 3239 5689 σπανίοις.
3288 5627 3335 5663 ²⁹
3368 5626 3443 5682 al.
3491 5624 3553 5681 τό
3584 5627 3628 5663 ³⁰
3660 5625 3736 5685 al.

386 5719 411 5755 ε
452 5719 506 5755 ισ
568 5716 709 5759 ντες.

386 5716 709 5759 ευισθεντες.

617 5825 882 5891 Persen.
914 5824 1025 5889 Gn.
1072 5823 1150 5889 li.
3378 5824 3451 5890 17
