4082 6208
476 344 593 403 523

1302 336 1367 395 S.
1414 330 1855 395 CLEMENTIS
1901 331 1923 390 l
1970 328 2159 389 ROM.
2206 327 2433 388 PONT.
2481 328 2739 388 OPERA
2784 330 3049 393 DUBIA.

3705 348 3804 413 524

546 472 760 527 LXXV.
794 472 856 526 Id
904 486 1011 543 ego
1042 469 1310 537 audiens,
1362 463 1685 523 contremui
1737 466 1793 519 et
1840 461 2115 532 collacry-

2238 545 2249 548 Α
2303 459 2512 548 LXXV.
2547 459 2690 533 Ἐγὼ
2723 456 2790 548 ,δὲ
2846 461 3100 536 ἀκούσας,
3134 463 3423 540 σύντρομος
3467 466 3703 548 ἐγενόμην
3737 483 3809 536 καὶ

475 560 671 616 mavi:
714 559 856 630 quia
903 560 1082 614 talem
1129 558 1435 614 habuisset
1485 555 1805 612 orationem
1851 552 1960 617 vir,
2008 566 2124 621 quo

477 648 673 704 cuncti
703 647 878 719 hujus
901 648 1086 704 aetatis
1107 647 1373 703 homines
1395 645 1617 701 ratione
1644 640 1901 698 scientiae
1925 656 1990 695 ac
2012 640 2125 711 pie-

477 736 615 791 tatis
648 741 788 791 sunt
835 736 1161 792 inferiores.
1210 734 1431 802 Atille,
1482 748 1727 788 cernens
1762 746 1853 784 me
1898 728 2125 798 illacry-

481 830 761 894 mantem,
781 841 1019 882 causam
1052 825 1312 897 rogabat.
1348 824 1462 894 Ego
1494 826 1688 877 autem
1722 819 1792 873 ad
1824 817 1989 872 illum
2018 817 2126 871 :Et

481 913 764 984 quidnam
796 914 1393 986 peccavi,inquam,ut
1415 912 1570 965 hunc
1601 924 1931 965 sermonem
1963 905 2125 961 audi-

482 1019 604 1059 rem
624 1003 653 1057 ‘I
682 1002 1010 1075 Statimque
1040 1004 1239 1059 Petrus
1264 1020 1277 1058 :
1310 1002 1365 1056 Si
1398 1000 1548 1056 male
1576 999 1802 1055 locutus
1834 1009 2122 1057 sum,cum

480 1091 756 1163 proposui
788 1092 1002 1148 servire
1026 1092 1131 1147 tibi
1160 1110 1173 1160 ;
1206 1096 1270 1146 tu
1302 1090 1459 1162 prior
1496 1085 1933 1159 deliquisti,qui
1966 1081 2124 1155 prior

482 1179 541 1234 in
573 1179 768 1235 animo
802 1179 1061 1236 habuisti
1099 1179 1209 1235 hoc
1239 1178 1505 1251 agere.Et
1533 1192 1638 1249 ego
1670 1171 1962 1246 respondi:
1995 1171 2121 1226 Non

478 1274 568 1324 est
596 1267 807 1324 similis
839 1268 1005 1324 ratio:
1028 1268 1319 1341 siquidem
1338 1283 1431 1322 me
1456 1265 1620 1321 valde
1642 1265 1807 1319 decet
1828 1262 1886 1317 id
1912 1261 2119 1327 facere;

474 1360 532 1412 te
561 1373 692 1412 vero
724 1356 1186 1428 nullatenus,qui
1221 1372 1284 1411 es
1318 1356 1412 1411 Dei
1437 1352 1863 1427 praeco,cuique
1893 1350 2122 1404 animas

476 1445 782 1500 hominum
818 1461 1051 1517 pascere
1078 1445 1457 1500 commissum
1490 1447 1599 1498 est.
1628 1442 1774 1496 Tum
1807 1440 2010 1494 Petrus
2034 1437 2123 1491 di-

476 1533 564 1588 xit
595 1551 608 1588 :
647 1533 925 1589 Dominus
955 1533 1281 1604 noster,qui
1315 1533 1386 1588 ad
1423 1530 1674 1587 salutem
1705 1528 1885 1584 totius
1918 1525 2124 1581 mundi

477 1621 657 1688 venit,
692 1621 907 1693 quique
958 1638 1112 1677 unus
1144 1638 1323 1692 supra
1350 1623 1593 1675 cunctos
1623 1634 1820 1673 veram
1851 1621 1908 1672 et
1938 1614 2123 1670 solam

483 1710 848 1766 nobilitatem
897 1711 1138 1781 obtinet,
1189 1710 1402 1764 servire
1452 1726 1519 1763 ac
1570 1708 1899 1762 ministrare
1949 1701 2124 1759 susti-

483 1799 612 1852 nuit
640 1800 703 1866 3‘;
723 1803 783 1854 ut
811 1800 1042 1854 doceret
1072 1816 1309 1865 nos,nec
1336 1798 1674 1852 indecorum
1704 1800 1976 1867 putemus
2000 1808 2122 1847 ser-

480 1886 617 1941 vilia
648 1888 973 1942 ministeria
992 1888 1274 1958 proximis
1303 1883 1868 1956 exhibere,quamvis
1899 1880 2124 1937 nobiles

480 1975 689 2039 simus,
723 1976 989 2047 quamvis
1040 1975 1359 2047 plurimum
1391 1992 1489 2030 eos
1536 1971 1971 2029 antecellamus.
2006 1970 2123 2041 Ego

478 2064 696 2135 excepi:
730 2064 789 2119 Si
822 2064 1149 2119 existimem
1181 2064 1334 2135 quod
1368 2068 1423 2118 te
1454 2063 1713 2117 oratione
1742 2060 1857 2115 sim
1889 2075 2125 2128 supera-

475 2156 667 2219 turus,
699 2169 903 2208 amens
952 2152 1061 2208 sim
1095 2152 1268 2225 plane
1307 2169 1373 2207 ac
1422 2151 1638 2208 stultus
1672 2169 1685 2208 :
1719 2153 2122 2205 verumtamen

477 2242 696 2313 gratias
722 2242 928 2297 divina
953 2242 1332 2297 Providentia
1356 2240 1562 2309 habeo,
1587 2246 1641 2295 te
1660 2238 1784 2294 loco
1816 2241 2121 2309 parentum

476 2329 623 2386 mihi
656 2331 937 2386 donatum
972 2331 1175 2386 fuisse.

549 2418 780 2475 LXXVI.
814 2419 960 2474 Tum
992 2420 1197 2475 Petrus
1234 2436 1247 2475 :
1279 2418 1520 2485 Verene,
1556 2415 1981 2488 inquit,nullus
2013 2414 2120 2470 tibi

478 2512 750 2579 superest
776 2524 845 2563 ex
870 2523 1078 2580 genere
1098 2508 1199 2562 ?Et
1226 2523 1333 2579 ego
1367 2506 1693 2578 respondit:
1711 2506 1861 2561 Sunt
1882 2504 2121 2576 quidem

480 2595 679 2668 plures
702 2612 765 2651 ac
788 2597 985 2668 magni
1008 2596 1212 2667 viri,ad
1236 2599 1517 2651 Caesarem
1549 2610 1759 2667 genere
1788 2593 2119 2649 attinentes.

480 2684 625 2739 Nam
660 2684 806 2756 patri
839 2687 1060 2749 meo,ut
1090 2688 1220 2755 pote
1250 2701 1368 2738 una
1396 2684 1855 2749 educato,Caesar
1885 2699 2121 2738 uxorem

479 2777 781 2843 cognatam
806 2772 1023 2843 junxit:
1038 2789 1106 2828 ex
1137 2788 1251 2843 qua
1281 2778 1399 2828 tres
1430 2771 1596 2827 liberi
1628 2772 1737 2826 orti
1768 2772 2119 2838 sumus;duo

479 2860 716 2931 quidem
746 2866 881 2916 ante
911 2877 1041 2929 me;
1067 2861 1166 2932 qui
1198 2866 1254 2916 et
1278 2860 1497 2933 gemini
1528 2877 1662 2915 cum
1694 2860 2119 2926 essent,admo-

475 2949 613 3003 dum
647 2949 796 3005 inter
824 2966 885 3006 se
911 2948 1135 3006 similes
1165 2949 1508 3017 erant,sicut
1538 2948 1679 3003 mihi
1714 2949 1992 3004 narrabat
2022 2966 2120 3021 pa-

472 3040 708 3109 terzego
740 3038 951 3111 quippe
982 3054 1172 3110 neque
1202 3037 1551 3109 illos,neque
1582 3036 1916 3109 genitricem
1949 3037 2117 3094 valde

472 3127 728 3194 novi,sed
764 3128 932 3198 quasi
965 3144 1066 3199 per
1094 3127 1389 3182 somnium
1423 3126 1733 3182 obscuram
1764 3143 1965 3181 corum
2001 3128 2113 3182 for-

2234 544 2540 623 ἐπίδακρυς,
2575 549 2688 639 οἷον
2721 547 2887 623 λόγον
2932 551 3074 605 εἶπεν
3132 553 3286 629 ἀνὴρ,
3326 556 3383 609 οὗ
3428 544 3688 623 πάντεςγοί
3729 575 3809 639 τῆς

2231 639 2321 688 νῦν
2374 642 2555 711 γενεᾶς
2607 632 2908 712 ἄνθρωποι,
2938 644 3016 711 τῷ
3056 643 3097 676 ³¹
3147 644 3245 710 τῆς
3291 644 3523 718 γνώσεως
3567 649 3648 705 καὶ
3690 632 3812 711 εύσεο

2234 717 2381 785 ϐείας
2438 722 2591 797 λόγῳ
2621 726 2687 796 ³³,
2722 723 2918 794 ἥττους
2976 726 3130 785 εἰσίν.
3162 734 3216 782 Ὁ
3260 717 3315 783 δὲ
3370 729 3490 786 ἰδών
3550 757 3609 807 με
3651 739 3812 797 σύνδα.

2231 832 2384 887 κρυν,
2415 810 2733 868 ἐπυνθάνετο
2780 815 2880 883 τὴν
2931 815 3127 872 αἰτίαν.
3162 816 3317 893 Κάγὼ
3361 822 3488 895 πρὸς
3536 823 3698 880 αὐτόν·
3734 832 3814 886 Καὶ

2230 900 2283 955 τί
2311 905 2555 955 τοιοῦτον
2587 900 2857 977 ἥμαρτον,
2888 904 3053 981 φημὶ,
3081 903 3174 959 ’ίνα
3221 906 3307 960 καί
3351 914 3581 966 τοιοῦτον
3626 914 3814 973 ἀκοῦσαί

2236 1011 2303 1080 με
2330 992 2375 1080 ξδ
2405 989 2602 1080 λόγον,
2636 991 2740 1047 Καὶ
2789 993 2817 1047 6
2861 993 3063 1069 Πέτρος
3121 994 3296 1059 εὐθύς·
3330 997 3392 1052 Et
3444 1005 3609 1063 κακῶς
3659 1002 3816 1080 εἴρηκα

2233 1074 2519 1133 δουλεῦσαί
2576 1101 2659 1134 σοι
2732 1080 3121 1156 προελόμενος,
3181 1084 3243 1138 σὺ
3317 1092 3525 1162 πρῶτος
3591 1074 3812 1170 ἥμαρτες,

2232 1172 2447 1261 πρῶτος
2476 1172 2637 1261 τοῦτο
2654 1171 2776 1261 “vati
2823 1177 3050 1261 ποιῆσαι
3099 1175 3481 1248 προθυμηθείς.
3512 1177 3661 1254 Κάγὼ
3688 1180 3813 1261 ἔφην·

2232 1255 2348 1331 Οὐχ
2397 1256 2604 1329 ὁμοίως
2652 1255 2789 1333 ἔχει.
2824 1260 2979 1332 Ἐμοὶ
3032 1261 3126 1333 μὶν
3169 1263 3273 1336 γὰρ
3324 1264 3410 1318 καὶ
3450 1263 3563 1321 λίαν
3595 1255 3816 1344 προσηκει

2232 1348 2390 1399 τοῦτο
2422 1350 2619 1400 ποιεῖν·
2653 1346 2738 1401 σοὶ
2770 1344 2829 1401 δὲ
2869 1344 3147 1421 οὐδαμῶς,
3181 1350 3273 1405 ἅτε
3321 1358 3450 1407 Θεοῦ
3488 1358 3671 1432 κήρυκι
3707 1355 3821 1431 ὄντι,

2232 1433 2321 1487 καὶ
2353 1436 2534 1509 ψυχὰς
2584 1435 2882 1510 ἀνθρώπων
2933 1437 3242 1510 ποιμαίνειν
3294 1446 3689 1519 πεπιστευμένῳ.
3740 1449 3819 1503 Καὶ

2234 1524 2262 1577 6
2295 1524 2518 1599 ΙΙέτρος,
2548 1525 2609 1581 Ὀ
2658 1523 2857 1601 Κύριος
2903 1528 3083 1600 ἡμῶν,
3118 1527 3281 1598 εἶπεν,
3324 1528 3409 1584 ἐπὶ
3455 1534 3677 1610 σωτηρίᾳ
3714 1557 3823 1592 παν-

2231 1612 2325 1673 τὸς
2355 1617 2452 1666 τοῦ
2480 1612 2688 1686 κόσμου
2720 1613 3029 1683 ἐληλυθὼς,
3068 1616 3234 1689 μόνος
3266 1639 3326 1673 τε
3366 1618 3493 1696 ὑπὲρ
3528 1623 3706 1686 πάντας
3745 1628 3822 1695 τὴν

2235 1701 2413 1771 ἀληθῆ
2472 1701 2562 1755 καὶ
2620 1702 2791 1774 μόνην
2854 1703 3120 1778 εὐγένειαν
3181 1702 3351 1782 ἔχων,
3397 1705 3651 1764 δουλεύειν
3720 1712 3822 1782 ἦνέ-

2237 1811 2419 1865 σχετο,
2448 1789 2521 1843 ἵν’
2550 1793 2696 1862 ἡμᾶς
2743 1791 2919 1866 πείσῃ,
2958 1794 3034 1864 μὴ
3090 1791 3157 1848 δι’
3190 1795 3455 1872 αἰσχύνης
3492 1803 3748 1871 ποιεῖσθαι,
3775 1803 3823 1856 τὸ

2234 1877 2491 1942 δουλικας
2522 1882 2840 1958 προσφέρειν
2870 1887 2983 1943 τοῖς
3013 1882 3251 1952 πλησίον
3298 1886 3600 1962 ὑπηρεσίας,
3628 1888 3711 1943 κᾶν
3754 1890 3821 1944 εὑ-

2231 1970 2402 2044 γενεῖς
2452 1970 2617 2041 ὦμεν,
2651 1968 2746 2023 κᾶν
2796 1970 3050 2025 πλεῖστον
3101 1971 3277 2027 αὐτῶν
3325 1971 3664 2052 διαφέρωμεν.
3694 1980 3822 2055 Κάγὼ

2231 2056 2384 2134 ἔφην·
2420 2058 2482 2111 Εἰ
2532 2055 2686 2131 λόγῳ
2724 2079 2782 2111 σε
2818 2060 3058 2129 νικήσειν
3107 2059 3320 2133 οἴομαι,
3353 2064 3528 2139 ἄφρων
3576 2065 3677 2139 είμὶ
3714 2069 3824 2121 κατὰ

2227 2148 2290 2201 τὸ
2320 2147 2542 2224 φανερὸν
2572 2146 2661 2201 καὶ
2695 2147 2944 2217 ἀνόητος·
2977 2147 3123 2218 πλὴν
3159 2148 3305 2206 ἀλλὰ
3334 2151 3490 2227 χάριν
3521 2151 3632 2209 οἶδα
3662 2160 3723 2228 τῇ
3745 2159 3825 2210 τοῦ

2230 2240 2363 2291 Θεοῦ
2415 2236 2662 2312 προνοίᾳ,
2695 2234 2778 2291 ὅτι
2834 2257 2934 2313 περ
2992 2237 3069 2300 είς
3127 2240 3336 2313 γονέων
3393 2246 3578 2319 μοῖραν
3630 2241 3755 2320 ἔχειν
3779 2264 3825 2299 σε

2228 2324 2594 2398 κατηξίωμαι.

2302 2416 2543 2471 LXXVI.
2577 2414 2681 2469 Καὶ
2712 2414 2740 2469 6
2772 2414 2999 2491 Πέτρος.
3029 2413 3218 2479 Οὐδεὶς
3254 2415 3313 2473 δὲ
3342 2440 3425 2473 σοι
3476 2418 3697 2491 ἀληθῶς,
3724 2418 3825 2498 ἔφη,

2229 2502 2365 2579 πρὸς
2412 2501 2596 2578 γένους
2645 2502 2915 2579 ὑπάρχεις
2951 2505 3108 2579 Κάγὼ
3162 2506 3555 2581 ἀπεκρινάμην·
3587 2508 3690 2564 Etsi
3735 2510 3825 2582 μὴν

2228 2591 2433 2647 πολλοὶ
2488 2592 2577 2646 καὶ
2638 2591 2866 2668 μεγάλοι
2952 2590 3162 2669 ἄνδρες,
3222 2596 3449 2672 Καίσαρι
3507 2599 3825 2672 προσήκοντες

2228 2681 2363 2735 κατὰ
2415 2679 2588 2755 γένος.
2621 2682 2771 2735 Ὅθεν
2800 2681 2880 2752 τῷ
2932 2679 3051 2753 ἐμῷ
3107 2684 3273 2759 πατρὶ
3302 2684 3375 2746 ὠς
3403 2684 3490 2739 καὶ
3520 2684 3768 2763 συντρόφῳ
3793 2687 3829 2721 ³⁸

2228 2775 2435 2846 Καῖσαρ
2494 2776 2721 2845 γυναῖκα
2777 2776 3007 2845 συγγενῆ
3070 2772 3468 2847 συνηρμόσατο·
3500 2774 3582 2851 ἀφ’
3612 2777 3668 2843 ἧς
3709 2778 3828 2850 τρεῖς

2228 2858 2518 2933 ἐγενόμεθα
2576 2858 2703 2912 υἱοί·
2767 2855 2863 2913 δύο
2926 2860 3019 2930 μὲν
3070 2861 3175 2935 πρὸ
3224 2860 3383 2933 ἐμοῦ,
3417 2862 3469 2917 οἳ
3513 2863 3597 2919 καὶ
3642 2860 3829 2936 δίδυμοι

2226 2943 2395 3016 ὅντες,
2424 2944 2631 3021 κομιδῇ
2680 2946 2865 3019 ὅμοιοι
2916 2947 3191 3018 ἀλλήλοις
3240 2949 3556 3025 ἐτύγχανον,
3587 2951 3655 3014 ὡς
3694 2953 3826 3006 6m-

2222 3038 2326 3112 τήρ
2359 3034 2597 3111 ἐξηγεῖτό
2635 3057 2749 3108 μοι.
2782 3037 2925 3110 Ἐγὼ
2956 3037 3056 3111 γὰρ
3090 3034 3213 3091 οὕτε
3240 3038 3460 3106 αὐτοὺς,
3492 3036 3608 3094 οὔτε
3646 3040 3733 3109 τὴν
3758 3059 3827 3094 τε·

2223 3123 2417 3180 κοῦσαν
2490 3124 2626 3179 πάνυ
2703 3123 3013 3197 ἐπίσταμαι·
3074 3123 3201 3180 ἀλλ’
3282 3126 3465 3202 ὥσπερ
3523 3126 3588 3183 δι’
3640 3128 3826 3201 ὀνείρων

472 3193 627 3270 mam
662 3193 806 3271 mihi
856 3193 1226 3287 reprasento.
1261 3215 1444 3288 Igitur
1498 3220 1685 3271 mater
1714 3215 1951 3286 quidem
1982 3232 2114 3272 mea

2227 3212 2466 3289 ἀμυδρὸν
2514 3213 2687 3268 αὐτῶν
2738 3213 2827 3267 καὶ
2874 3212 2936 3269 τὸ
2986 3211 3130 3276 εἶδος
3177 3193 3451 3294 ἆναφέρωέ
3500 3219 3561 3274 Ἡ
3618 3218 3701 3290 μὲν
3738 3193 3825 3271 ,οὖν

474 3304 779 3360 Matthidia
810 3305 1134 3372 dicebatur,
1166 3309 1331 3377 pater
1359 3308 1552 3359 autem
1589 3305 1874 3370 Faustus;
1908 3306 2116 3360 fratres

475 3408 629 3461 vero,
666 3392 811 3448 alter
838 3392 1174 3460 Faustinus,
1206 3392 1351 3447 alter
1382 3393 1793 3448 Faustinianus
1825 3394 2116 3448 vocaban-

472 3486 588 3535 tur.
622 3483 766 3537 Cum
796 3481 977 3553 igitur
1007 3486 1137 3552 post
1173 3497 1271 3536 eos
1304 3480 1507 3536 tertius
1537 3497 1642 3553 ego
1679 3486 1850 3536 natus
1900 3498 2112 3547 essem,

480 3571 1185 3641 mater,quemadmodum
1217 3577 1381 3641 pater
1410 3570 2014 3636 referebat,somnium
2040 3571 2117 3625 vi-

474 3659 743 3731 dit,quod
768 3659 881 3714 nisi
909 3657 1214 3714 confestim
1234 3659 1555 3729 assumptis
1587 3658 1816 3713 duobus
1832 3658 1968 3714 filiis
1990 3660 2115 3717 suis

479 3749 753 3819 geminis,
803 3748 988 3803 Roma
1030 3747 1376 3802 decennium
1419 3748 1667 3815 abesset,
1701 3748 1830 3819 ipsa
1858 3765 1990 3804 cum
2040 3749 2113 3805 iis

478 3843 663 3894 morte
694 3837 949 3910 pessima
979 3838 1133 3892 esset
1160 3835 1484 3891 interitura.

545 4014 810 4071 LXXVII.
845 4020 1016 4070 Pater
1042 4015 1344 4087 igitur,qui
1380 4014 1693 4069 liberorum
1726 4032 1928 4072 amans
1967 4023 2109 4090 erat,

470 4121 605 4159 cum
638 4104 819 4160 servis
848 4109 904 4159 et
935 4103 1266 4169 ancillis,ac
1296 4105 1429 4159 dato
1461 4104 1787 4158 sufﬁciente
1817 4105 2109 4177 viatico,in

472 4209 676 4249 navem
710 4192 1308 4265 impositos,Athenas
1336 4194 1509 4248 etiam
1543 4191 1894 4248 erudiendos
1927 4196 2104 4253 misit:

470 4298 564 4338 me
592 4299 724 4338 vero
771 4282 959 4337 solum
989 4283 1059 4337 ad
1109 4282 1564 4337 conso!ationem
1596 4297 1791 4337 secum
1847 4284 2103 4341 retinuit.

466 4374 655 4444 Atque
684 4388 812 4427 eam
846 4371 917 4425 ob
951 4388 1070 4426 rem
1118 4371 1383 4443 ingentes
1409 4370 1626 4442 gratias
1659 4387 1786 4442 ago,
1820 4373 1971 4443 quod
2013 4390 2106 4430 me

469 4477 702 4533 quoque
732 4461 1027 4516 somnium
1053 4478 1166 4515 non
1194 4459 1436 4531 jusserit
1457 4476 1573 4514 una
1594 4476 1726 4514 curn
1752 4464 2105 4527 matre,urhe

2231 3306 2414 3377 μήτηρ
2466 3323 2571 3375 μου
2611 3299 2876 3365 Ματθιδία
2926 3302 3162 3378 ἐλέγετο·
3199 3304 3227 3357 6
3278 3302 3337 3359 δὲ
3368 3307 3566 3378 πατὴρ,
3598 3311 3826 3366 Φαῦστος·

2226 3394 2276 3447 οἱ
2334 3390 2581 3469 ἀδελφοὶ,
2643 3392 2670 3445 6
2732 3391 2825 3464 μὲν
2903 3396 3226 3463 Φαυστῖνος,
3282 3394 3311 3447 6
3372 3390 3430 3449 δὲ
3487 3395 3827 3456 Φαυστινιανὸς

2225 3478 2492 3537 ἐκαλεῖτο.
2553 3482 2723 3552 Ἐμοῦ
2781 3479 2871 3533 οὑν
2924 3480 3111 3555 τρίτου
3168 3479 3604 3556 ἐπιγεννηθέντος
3657 3483 3826 3553 αὐτοῖς,

2222 3574 2257 3641 ἡ
2323 3572 2505 3645 μήτηρ
2562 3564 2767 3642 ὄνειρον
2824 3568 3073 3643 ἑωράκει,
3124 3569 3197 3630 ὡς
3257 3571 3286 3623 6
3347 3575 3527 3648 πατὴρ
3578 3572 3824 3649 ὑφηγεῖτο,

2224 3661 2305 3716 ὅτι
2366 3660 2451 3714 ἐὰν
2516 3659 2591 3731 μὴ
2645 3656 2769 3719 τοὺς
2840 3655 3101 3731 διδύμους
3177 3660 3347 3729 αὐτῆς
3427 3662 3574 3724 υἱοὺς
3635 3660 3824 3731 ἐξαυτῆς

2222 3744 2632 3827 παραλαϐοῦσα,
2705 3754 2803 3817 τῆς
2869 3746 3153 3821 Ῥωμαίων
3238 3747 3575 3823 ἀποδημήσῃ
3641 3748 3823 3810 πόλεως

2222 3840 2309 3895 ἐπὶ
2366 3834 2457 3909 ἔτη
2513 3834 2659 3905 δέκα,
2708 3833 3049 3913 πανολεθρίῳ
3104 3836 3196 3891 σὺν
3258 3838 3446 3901 αὐτοῖς
3520 3838 3823 3894 ἀποθανεῖται

2219 3930 2452 4000 θανάτῳ.

2294 4017 2553 4074 LXXVII.
2584 4020 2639 4068 '0
2681 4014 2774 4087 μὲν
2823 4013 2914 4069 οὖν
2963 4016 3144 4091 πατὴρ
3184 4015 3507 4094 φιλότεκνος
3542 4016 3633 4085 ὣν,
3663 4014 3742 4070 σύν
3779 4033 3825 4067 τε

2220 4105 2439 4167 δούλοις
2469 4104 2559 4158 καὶ
2590 4101 2814 4165 δούλαις
2847 4100 3131 4180 ἐφοδιάσας
3162 4105 3387 4175 ἱκανῶς,
3419 4105 3509 4161 καὶ
3565 4104 3637 4165 εἷς
3664 4101 3827 4158 πλοῖον

2218 4196 2519 4268 ἐνθέμενος.
2582 4193 2659 4254 εἷς
2716 4192 2810 4254 τὰς
2868 4194 3097 4263 Ἀθήνας
3153 4194 3265 4267 ἅμα
3330 4192 3828 4266 παιδευθησομένους

2220 4285 2532 4358 ἐξέπεμψεν·
2568 4282 2665 4355 ἐμὲ
2721 4279 2777 4336 δὲ
2841 4282 3004 4353 μόνον
3064 4281 3139 4344 εἷς
3188 4284 3539 4359 παραμυθίαν
3587 4281 3703 4357 ἔσχε
3723 4279 3826 4354 παρ’

2217 4374 2409 4445 ἐαυτῷ.
2446 4372 2547 4428 Καὶ
2605 4370 2691 4424 ἐπὶ
2739 4369 2917 4441 τούτῳ
2970 4370 3278 4446 εὐχαριστῶ
3308 4370 3518 4444 πολλὰ,
3549 4371 3629 4427 δτι
3654 4367 3824 4443 κάμΞὸ

2215 4458 2421 4537 ὄνειρος
2483 4461 2559 4533 μὴ
2615 4456 2921 4514 κεκελεύκει
2950 4459 3063 4531 ἅμα
3110 4463 3178 4533 τῇ
3232 4460 3405 4538 μητρὶ
3451 4462 3551 4530 τήν
3576 4456 3824 4532 Ῥωμαίων

466 4550 652 4606 Roma
680 4550 1178 4620 excedereJtaque
1199 4566 1264 4604 eo
1296 4565 1448 4603 anno
1480 4552 1790 4619 transacto,
1798 4556 1961 4621 pater
1982 4552 2106 4609 suis

2227 4546 2432 4619 ἐκϐῆναι
2477 4544 2660 4604 πόλιν.
2712 4545 2817 4602 Τοῦ
2864 4547 3103 4602 ἐνιαυτοῦ
3172 4548 3355 4603 τοίνυν
3436 4548 3636 4605 ἐκείνου
3702 4565 3826 4619 περι-

462 4638 718 4694 Athenas
745 4638 903 4693 misit
925 4636 1439 4710 pecuniam,simul
1471 4652 1816 4707 cognoscere
1848 4640 2105 4710 gestiens

462 4744 574 4799 quo
610 4728 779 4783 modo
809 4728 988 4782 vitam
1024 4732 1276 4799 ..gerent.
1302 4725 1408 4791 Qui
1442 4732 1636 4779 autem
1670 4726 1952 4793 abierant,
1987 4747 2101 4785 non

461 4817 977 4872 redierunt.Tertio
1010 4834 1215 4871 rursus
1245 4832 1395 4870 anno
1427 4820 1591 4885 pater
1607 4815 1813 4869 anxius
1831 4815 1977 4872 alios
1999 4819 2101 4873 ab-

457 4904 671 4977 legavit
697 4904 967 4960 similiter
997 4921 1129 4960 cum
1161 4904 1334 4959 rebus
1366 4904 1435 4957 ad
1466 4903 1679 4957 victum
1714 4907 2096 4963 necessariis:

457 4994 558 5065 qui
591 5000 963 5065 quartoanno
996 4995 1239 5049 redeunt
1263 5010 1329 5047 ac
1344 4992 1615 5046 nuntiant
1645 5009 1704 5047 se
1722 5010 1821 5047 nec
1855 5000 2097 5051 matrem

458 5099 672 5149 meam,
704 5100 807 5138 nec
859 5083 1068 5138 fratres
1114 5098 1361 5152 usquam
1414 5081 1649 5149 vidisse,
1688 5098 1871 5152 neque
1920 5084 2096 5141 ullius

455 5187 657 5227 eorum
686 5172 787 5243 qui
819 5189 952 5228 cum
974 5172 1047 5229 iis
1076 5172 1469 5227 discesserant
1494 5168 1579 5224 vel
1602 5171 1907 5242 vestigium
1934 5188 2093 5245 repe-

451 5261 620 5317 risse.

518 5349 806 5407 LXXVIII.
843 5351 974 5407 Haec
1009 5366 1145 5423 ergo
1179 5349 1422 5405 audiens
1454 5352 1636 5420 pater,
1670 5354 1728 5404 et
1757 5366 1874 5421 prae
1906 5354 2089 5409 multo

2214 4637 2488 4707 ελθόντος,
2520 4638 2548 4691 6
2579 4637 2758 4711 πατὴρ
2790 4633 3026 4709 ἔπεμψεν
3062 4635 3135 4697 εἷς
3164 4639 3398 4707 Ἀθήνας
3434 4640 3690 4713 χρήματα
3728 4639 3824 4693 τοῖς

2213 4728 2424 4797 ἑαυτοῦ,
2463 4728 2644 4799 μαθεῖν
2702 4726 2814 4796 ἅμα
2871 4722 3207 4799 γλιχόμενος
3264 4731 3385 4788 πῶς
3420 4724 3523 4802 ἄρα
3553 4723 3820 4801 διάγουσιν.

2210 4819 2273 4871 Οἱ
2332 4814 2389 4870 δὲ
2446 4813 2787 4884 ἀπελθόντες,
2822 4813 2920 4867 οὑκ
2975 4813 3304 4882 ἐπανῆλθον.
3345 4815 3524 4889 Τρίτῳ
3581 4812 3635 4868 δὲ
3686 4810 3822 4867 πάλιν

2208 4905 2433 4975 ἐνιαυτῷ
2479 4905 2506 4957 6
2556 4904 2734 4977 πατὴρ
2790 4902 3038 4975 ἀθυμῶν,
3076 4904 3292 4971 ὲτέρους
3350 4900 3587 4977 ἔπεμψεν
3643 4900 3825 4975 ὁμοίως

2208 4994 2297 5050 σὺν
2358 4992 2615 5070 ἐφοδίοις·
2650 4990 2872 5053 οἷ’τινες
2933 4994 3171 5065 τετάρτῳ
3231 4992 3463 5064 ἐνιαυτῷ
3501 4994 3632 5062 ⁴ἧκον
3678 4990 3822 5061 ἀπαγ-

2203 5082 2517 5159 γέλλοντες,
2553 5084 2692 5154 μήτε
2727 5102 2830 5152 μου
2868 5082 2967 5150 τήν
3021 5086 3297 5151 τεκοῦσαν,
3325 5083 3362 5151 ἢ
3395 5082 3526 5144 τοὺς
3582 5075 3821 5156 ἀδελφοὺς

2203 5172 2350 5235 ὅλως
2382 5172 2674 5247 ἑωρακέναι
2707 5173 2773 5235 ³⁸,
2808 5167 2950 5242 μηδὲ
2980 5169 3154 5225 ἄλλου
3180 5171 3323 5232 τινὸς
3371 5176 3481 5225 τῶν
3531 5169 3621 5225 σὺν
3661 5166 3820 5223 αὐτοῖς

2201 5259 2627 5330 ἀπεληλυθότων
2662 5258 2756 5313 κᾶν
2788 5257 2945 5333 ξ’χνος
2978 5260 3280 5335 εὑρηκέναι.

2272 5352 2557 5407 LXXVIII.
2598 5350 2653 5401 Ὀ
2713 5348 2808 5419 μὲν
2868 5348 2958 5402 οὖν
3017 5350 3217 5425 πατὴρ,
3249 5353 3419 5404 ταῦτα
3476 5341 3819 5416 ἀκούσας,καὶ

1791 5474 2038 5531 νΑΙῖῐίΕ
2078 5477 2486 5534 LECTIONES.

510 5580 658 5661 “.81.
680 5583 897 5661 tam}:
919 5582 995 5638 al.
1024 5575 1228 5661 λόγων.
1260 5581 1305 5615 ³³
1336 5579 1411 5636 al.
1438 5577 1749 5657 ἀκούσαιμι.
1784 5583 1829 5618 ³⁴
1850 5583 2054 5642 Matth.
2086 5603 2180 5661 xx,
2210 5587 2299 5642 28.
2334 5586 2378 5621 ³⁵
2408 5582 2483 5640 aI.
2518 5582 2694 5641 inser.
2728 5579 2914 5640 αὑτοῦ.
2946 5585 2990 5621 ³⁸
3016 5582 3092 5642 al.
3126 5584 3301 5642 inser.
3337 5600 3480 5657 μητε
3520 5580 3625 5657 μὴν
3651 5578 3814 5642 αὐταῖς

441 5650 690 5729 Ἀθήναις
720 5650 1195 5739 ἐπιδεδημηκέναι.
