4082 6208
199 410 318 474 523

963 413 1494 475 CLEMENTINA.
1530 450 1604 458 —
1638 415 1846 476 ΕΡΙΤ(

1960 413 1984 475 Β
2031 416 2132 475 DE
2176 415 2448 478 GESTIS
2494 421 2560 479 S.
2611 418 2866 480 PETRI.

3496 418 3614 482 526

204 543 302 597 ὑπὸ
340 539 556 611 πολλῆς
590 541 769 613 λύπης
799 539 1072 617 ἔκθαμϐος
1096 543 1406 620 γενόμενος,
1437 545 1525 599 καὶ
1559 542 1658 600 οὒκ
1687 542 1846 606 εἶ’δὼς

1968 546 2163 602 dolore
2192 548 2649 620 obstupefactus,
2674 550 3054 621 nesciensque
3076 567 3191 623 quo
3230 568 3431 607 eorum
3459 568 3613 624 quae-

204 636 307 686 ποῦ
339 633 587 706 ὁρμήσας
618 633 753 687 κατά
802 635 1027 703 ζήτησιν
1083 632 1294 688 ἐκείνων
1345 633 1571 705 ἐξέλθοι,
1605 633 1702 706 ἐμὶ
1750 654 1853 688 πα-

204 715 476 793 ραλαϐὼν,
542 720 629 775 καὶ
704 720 779 783 εἷς
854 721 1054 798 πόρτον
1110 724 1153 757 ³⁷
1207 717 1467 793 καταϐὰς,
1528 721 1856 794 πυκνότερον

202 808 539 879 ἐπυνθάνετο,
566 814 672 864 ποῦ
699 831 781 871 τις
825 808 932 865 ἴδοι
984 812 1019 880 ἢ
1067 809 1341 866 ἀκούσειεν
1392 809 1537 873 ἐντὸς
1582 810 1851 886 τεσσάρων

204 898 456 953 ἐνιαυτῶν
490 898 797 967 ἀπαντῆσαν
829 897 1107 975 ναυάγιον.
1142 900 1245 956 Καὶ
1277 897 1447 961 ἄλλος
1476 897 1701 975 ἀλλαχῆ
1742 897 1856 955 ἕλε-

199 1008 314 1062 γῖν.
348 989 409 1045 Ὁ
460 984 517 1042 δὲ
573 987 737 1043 πάλιν
798 988 1230 1061 ἀπεπυνθάνετο,
1267 988 1312 1043 εί
1371 989 1637 1065 ἑωράκασι
1696 992 1856 1061 σῶμα

206 1076 462 1152 γυναικὰς
495 1078 628 1149 μετᾶ
661 1077 872 1156 βρεφῶν
913 1072 1337 1151 ἐκϐεϐρασμένον
1381 1076 1450 1152 τῇ
1618 1076 1851 1132 Πολλῶν

201 1163 293 1219 οὗν
322 1164 507 1221 πολλά
536 1165 805 1242 λεγόντων
841 1166 1134 1242 ἑωρακέναι
1166 1167 1435 1238 πτώματα
1480 1166 1616 1222 κατὰ
1664 1164 1853 1243 διαφό-

198 1274 330 1329 ρους
370 1253 613 1330 καιροὺς,
667 1256 695 1310 6
742 1257 923 1332 πατὴρ
974 1255 1181 1310 ἀκούων
1235 1255 1494 1324 ἐστέναξε.
1549 1252 1701 1324 Πλὴν
1752 1255 1854 1310 ὑπὸ

195 1349 306 1399 τῶν
345 1342 676 1418 σπλάγχνων
726 1343 1073 1418 νενικημένος
1105 1346 1170 1414 ³⁸,
1201 1342 1461 1420 ἀλόγιστα
1510 1341 1851 1414 ἐπυνθάνετο,

196 1437 455 1488 τοσοῦτον
506 1432 781 1503 Θαλάσσης
830 1434 992 1508 βυθὸν
1038 1433 1380 1509 πειρώμενος
1430 1434 1666 1508 ἑρευνᾷνο
1699 1432 1854 1506 ὅμως

201 1521 541 1597 συγγνωστὸς
587 1524 675 1593 ἦν,
718 1520 802 1577 ὅτι
853 1520 943 1577 διὰ
990 1523 1090 1590 τὴν
1136 1522 1272 1598 πρὸς
1311 1521 1439 1584 τοὺς
1491 1525 1854 1594 ζητουμένους

198 1610 460 1685 στοργήν,
492 1609 704 1665 ἐλπίσιν
738 1607 1093 1665 έόουκολεῖτο
1124 1615 1319 1672 κεναῖς.
1353 1610 1452 1664 Καὶ
1485 1607 1550 1681 δή
1586 1630 1719 1665 ποτε
1751 1610 1854 1665 ὑπὸ

199 1704 545 1777 φροντισταῖς
574 1699 895 1755 καταλιπών
934 1720 1000 1772 με
1040 1699 1130 1753 καὶ
1180 1698 1516 1774 ἐπιτρόποις,
1551 1696 1851 1754 δωδέκατον

196 1785 311 1857 ἤδη
354 1787 618 1863 γεγονότα
667 1785 808 1859 ἔτος,
844 1787 1003 1850 αὐτὸς
1054 1785 1297 1862 δακρύων
1350 1787 1424 1849 εἷς
1471 1787 1672 1863 πόρτον
1722 1808 1854 1842 κατ-

197 1876 359 1945 ῆλθε
390 1876 479 1930 καὶ
538 1876 615 1939 εἷς
666 1876 862 1932 πλοῖον
897 1872 1086 1950 ἐμϐὰς,
1133 1875 1206 1938 εἷς
1262 1875 1582 1947 ἐπιζήτησιν
1638 1875 1852 1931 ἐκείνων
1885 1916 1934 1981 Β

199 1963 275 1981 ηρ
332 1961 349 1981 η
612 1965 624 1979 .
680 1963 728 1981 ν.
778 1964 793 1981 τ
875 1963 887 1981 ι
1097 1963 1107 1981 1
1324 1963 1340 1981 ς
1420 1969 1447 1979 .-
1566 1960 1593 1981 ν
1772 1966 1783 1981 ,

194 1961 505 2033 ἐξέπλευσε·
537 1965 627 2018 καὶ
676 1963 729 2034 ἐξ
775 1963 985 2019 ἐκείνου
1039 1963 1203 2041 μέχρι
1252 1963 1342 2018 καὶ
1388 1969 1479 2018 νῦν
1532 1960 1655 2019 οὔτε
1684 1966 1857 2041 γράμ-

202 2073 349 2124 ματα
396 2053 523 2129 παρ’
572 2052 738 2108 αὐτου
784 2051 1069 2127 ἐδεξάμην,
1119 2050 1243 2108 οὔτε
1288 2055 1335 2090 ³⁸
1383 2052 1434 2108 ἐν
1484 2057 1643 2122 ζῶσιν
1695 2054 1853 2109 αὐτὸν

192 2141 340 2195 εἶναι
376 2141 413 2210 ἢ
460 2142 777 2213 τεθνηκόσιν
834 2141 984 2204 ὅλως
1042 2142 1354 2216 ἐπίσταμαι.
1414 2143 1581 2211 Ῥοπὴ
1643 2140 1701 2197 δέ
1759 2164 1852 2215 μοι

192 2229 405 2283 πλείων
453 2230 590 2305 πρὸς
638 2234 799 2285 τοῦτο
848 2237 947 2300 τῆς
996 2228 1257 2298 διανοίας,
1290 2229 1371 2287 ὅτι
1408 2229 1630 2302 τέθνηκέ
1658 2252 1783 2303 που,
1813 2232 1849 2301 ἢ

191 2318 303 2372 ὑπὸ
360 2315 541 2389 λύπης
603 2317 783 2388 ἥττων
840 2317 1158 2393 γενόμενος,
1190 2320 1226 2388 ἢ
1258 2318 1494 2394 ναυαγίῳ
1525 2320 1849 2390 περιπεσών·

190 2404 392 2461 τούτου
423 2403 481 2461 δὲ
507 2406 793 2483 τεκμηρίῳ
822 2411 1070 2482 χρῶμαι,
1101 2407 1184 2462 ὅτι
1217 2406 1269 2478 ἐξ
1311 2405 1518 2463 ἐκείνου
1565 2404 1675 2478 ἤδη
1728 2406 1847 2463 λοι-

190 2496 300 2549 πὸν
332 2495 571 2550 εἰκοστὸν
600 2494 717 2557 ἔτος
748 2494 910 2565 ἐσνὶν,
944 2496 1033 2574 ἀφ’
1074 2496 1136 2551 οὗ
1184 2492 1335 2573 ἴχνος
1382 2494 1537 2551 οὐδὲν
1585 2495 1849 2567 ἀληθείας

192 2583 322 2656 ἐμοὶ
349 2586 477 2658 περὶ
511 2582 674 2638 αὐτοῦ
705 2582 990 2653 ἤκουσται.

268 2673 499 2729 LXXIX.
534 2676 709 2726 Ταῦτα
762 2672 974 2727 ἀκούων
1025 2672 1053 2726 6
1095 2673 1319 2748 Πέτρος,
1354 2672 1457 2727 ὑπὸ
1511 2672 1844 2745 συμπαθείας

194 2759 425 2835 ἐδάκρυε
478 2762 568 2815 καὶ
626 2760 818 2822 εὐθέως
862 2765 979 2822 τοῖς
1023 2765 1238 2815 συνοῦσι
1285 2760 1528 2836 γνησίοις
1573 2761 1737 2815 εἶπεν·
1780 2760 1852 2816 Ei’

190 2870 279 2910 τις
347 2850 610 2903 πέπονθεν
675 2844 901 2918 εὐσεϐὴς
968 2850 1104 2924 ἀνὴρ
1168 2852 1255 2904 οἷα
1305 2851 1332 2904 6
1378 2849 1573 2904 τούτου
1638 2852 1839 2925 πατὴρ,

189 2938 393 2999 ευθέως
442 2938 500 2992 ἂν
549 2943 625 3009 τῷ
661 2946 762 3007 τῆς
795 2934 1093 3002 θεοσεϐείας
1123 2936 1298 3013 λόγῳ,
1330 2944 1409 3011 τῷ
1448 2943 1673 3015 πονηρῷ
1721 2938 1841 2993 ἐπέ-

184 3048 365 3104 γραφε
420 3028 519 3095 τὴν
576 3027 769 3084 αἰτίαν.
803 3027 956 3082 Οὕτω
1003 3028 1092 3082 καὶ
1121 3033 1235 3088 τοῖς
1264 3027 1637 3102 ταλαιπωροις
1671 3024 1837 3082 ἔθνεσι

186 3110 476 3186 συμϐαίνει
524 3117 776 3192 πάαχειν,
807 3117 896 3169 καὶ
948 3116 1248 3191 ἀγνοοῦμεν
1299 3117 1352 3170 οἱ
1401 3111 1689 3179 θεοσεϐεῖς.
1734 3121 1836 3170 Τα-

187 3203 512 3280 λαιπώρους
545 3202 601 3258 δὲ
631 3203 824 3266 αότοὺς
849 3203 1089 3279 εὐλόγως
1121 3200 1331 3279 εἷ’ρηκα,
1364 3202 1445 3259 ὅτι
1477 3205 1565 3259 καὶ
1614 3204 1837 3259 ἐνταῦθα

189 3277 533 3360 πλανῶνται,
570 3292 661 3347 καὶ
706 3299 809 3361 τῆς
858 3277 1053 3348 ἐκεῖθεν
1106 3277 1329 3354 ἐλπίδος
1378 3291 1831 3369 ἀποτυγχάνουσι·
1866 3277 1909 3345 C

186 3384 307 3441 τοῖς
363 3382 466 3456 γὰρ
517 3379 567 3435 ἐν
619 3374 893 3452 θεοσεϐείᾳ
920 3380 985 3435 τὰ
1015 3377 1237 3457 λυπηρά
1284 3381 1609 3458 πάσχουσιν,
1640 3378 1838 3443 ἔκτισις

190 3468 327 3523 αὐτὰ
355 3468 563 3545 γίνεται
591 3472 697 3524 τῶν
726 3467 1204 3546 παραπτωμάτων.

266 3648 480 3704 LXXX.
515 3646 698 3709 Οὕτως
746 3646 990 3710 εἰπόντος
1036 3651 1135 3702 τοῦ
1184 3647 1411 3719 Πέτρου,
1465 3647 1542 3710 εἷς
1593 3667 1676 3709 τις
1729 3651 1837 3703 τῶν

192 3733 250 3788 ἐν
308 3736 449 3806 ἡμῖν
498 3734 784 3808 τολμήσας
834 3734 951 3790 ἀντὶ
997 3734 1209 3790 πάντων
1262 3735 1622 3811 παρεκάλεσεν
1656 3734 1838 3805 αὐτὸν,

188 3818 387 3897 αὔριον
447 3822 815 3899 ὀρθριαίτερον
875 3823 951 3886 εἷς
1009 3821 1244 3899 ’Ἄραδον
1304 3826 1350 3861 ⁴⁰
1404 3824 1503 3892 τὴν
1564 3825 1842 3879 κατέναντι

188 3919 364 3981 νῆσον
396 3910 708 3979 ἐκπλεῦσαι,
737 3914 1023 3988 τριάκοντα
1052 3913 1186 3985 οἶμα
1215 3909 1339 3967 οὐδὲ
1387 3910 1551 3974 ὅλους
1597 3912 1843 3975 σταδίους

186 4001 532 4076 ἀπέχουσαν,
580 3999 667 4055 ἐπὶ
704 3999 917 4076 ἱστορίᾳ
960 4005 1066 4055 τῶν
1128 4000 1297 4056 ἐκεῖσε
1361 4000 1678 4074 ἀμπελίνων
1747 3999 1842 4056 δύο

188 4089 415 4145 στύλων
449 4089 672 4165 μέγιστα
708 4089 863 4165 πάχη
923 4089 1216 4165 φερόντων.
1267 4090 1328 4148 Ὁ
1383 4094 1510 4165 γοῦν
1564 4091 1842 4161 πειθήνιος

190 4177 407 4253 Πέτρος
466 4177 761 4250 ἐπένευσεν,
813 4177 985 4241 οὕτως
1043 4176 1232 4234 εἰπών.
1281 4179 1442 4233 Ἐπὰν
1501 4182 1598 4233 τοῦ
1644 4177 1843 4234 πλοίου

186 4261 417 4335 ἐκὸἧτε,
453 4267 529 4339 μὴ
579 4266 693 4333 ἅμα
745 4267 939 4328 πάντες
989 4264 1306 4343 εἰσέρχησθε
1337 4265 1412 4329 εἲς
1458 4268 1558 4336 τὴν
1619 4267 1844 4343 θεωρίαν

187 4355 270 4408 ὧν
326 4353 667 4426 ἐποθυμεῖτε·
700 4354 762 4409 ού
808 4354 909 4430 γὰρ
961 4352 1237 4428 βούλομαι
1290 4354 1426 4426 ὑμᾶς
1463 4355 1557 4415 τὰς
1602 4357 1707 4407 τῶν
1749 4374 1847 4408 πο-

190 4441 373 4497 λιτῶν
432 4437 583 4515 ὄψεις
642 4443 776 4517 πρὸς
852 4441 1075 4504 ἑαυτοὺς
1131 4441 1487 4519 ἐπιστρέφειν.
1547 4442 1644 4495 Καὶ
1702 4440 1845 4496 οὕτω

185 4529 551 4599 πλεύσαντες,
610 4538 735 4604 μιᾶς
779 4530 925 4607 ὥρας
982 4532 1338 4605 κατήχθημεν
1391 4530 1466 4592 εἷς
1514 4531 1612 4599 τήν
1663 4536 1842 4598 νῆσον.

1966 637 2216 691 rendum
2248 654 2424 692 causa
2475 638 2756 703 tenderet,
2806 645 3110 710 assumpto
3145 655 3252 710 me,
3294 657 3360 695 ac
3391 641 3447 695 in
3475 658 3609 712 por-

1964 728 2091 779 tum
2151 726 2530 796 descendens,
2591 728 2950 798 frequentius
3022 728 3447 798 sciscitabatur,
3506 729 3607 784 ubi

1966 813 2257 885 quispiam
2289 815 2531 870 vidisset
2550 814 2638 871 vel
2663 816 2948 872 audiisset
2968 816 3122 872 intra
3152 822 3401 888 quatuor
3422 834 3607 874 annos

1963 903 2340 974 naufragium
2365 904 2700 976 contigisse.
2734 907 2920 977 Atque
2945 905 3090 960 varii
3112 906 3271 961 vario
3293 906 3351 960 in
3372 905 3495 961 loco
3520 923 3612 962 ac-

1963 990 2177 1047 cidisse
2205 992 2552 1048 referebant.
2587 993 2690 1048 Ille
2721 998 2913 1048 autem
2939 993 3149 1049 iterum
3180 994 3441 1067 rogabat,
3468 1012 3607 1051 num

1962 1080 2250 1137 vidissent
2280 1098 2496 1153 corpus
2529 1080 2796 1137 mulieris
2825 1098 2959 1137 cum
2995 1082 3191 1154 pueris
3222 1082 3279 1137 in
3330 1087 3547 1139 terram
3577 1101 3611 1140 a

1964 1168 2112 1224 mari
2136 1171 2407 1240 ejectum.
2428 1174 2689 1242 Cumque
2713 1170 2883 1225 multi
2907 1187 2968 1227 se
2992 1170 3176 1226 multa
3198 1172 3442 1227 diversis
3463 1177 3609 1228 tem-

1962 1258 2204 1330 poribus
2237 1260 2517 1315 cadavera
2547 1265 2841 1331 spectasse
2865 1258 3146 1328 dicerent,
3170 1265 3335 1332 pater
3364 1259 3611 1317 audiens

1961 1345 2402 1418 ingemiscebat.
2425 1348 2640 1403 Verum
2663 1347 2914 1403 naturali
2940 1349 3147 1404 affectu
3172 1348 3453 1415 devictus,
3473 1366 3612 1420 prae-

1961 1436 2052 1491 ter
2083 1435 2365 1492 rationem
2399 1436 2869 1508 percontabatur,
2892 1436 2997 1507 qui
3025 1441 3258 1493 tantum
3282 1436 3462 1493 maris
3481 1453 3609 1509 pro-

1963 1523 2212 1579 fundum
2243 1525 2491 1580 scrutari
2544 1529 2890 1581 conaretur:
2948 1530 3145 1581 tamen
3192 1525 3361 1581 venia
3389 1525 3606 1598 dignus

1963 1616 2107 1682 erat,
2140 1614 2290 1683 quod
2327 1613 2606 1670 charitate
2634 1629 2837 1669 eorum
2868 1630 3015 1685 quos
3041 1614 3353 1685 quarebat,
3386 1614 3611 1687 spebus

1964 1699 2292 1756 laetabatur
2321 1701 2615 1758 inanibus.
2648 1702 2909 1774 Denique
2956 1719 3050 1757 me
3080 1702 3192 1757 sub
3225 1703 3523 1774 magistris
3553 1706 3611 1759 et

1964 1790 2439 1861 procuratoribus
2458 1791 2817 1862 relinquens,
2833 1792 2956 1862 jam
2977 1791 3283 1847 duodecim
3306 1808 3489 1847 annos
3513 1808 3612 1848 na-

1962 1883 2112 1946 tum,
2172 1878 2297 1951 ipse
2355 1879 2414 1935 in
2472 1884 2704 1950 portum
2760 1880 2906 1935 ﬂens
2963 1879 3299 1948 descendit;
3362 1879 3612 1951 navique

1965 1982 2303 2034 conscensa,
2338 1969 2409 2023 ad
2455 1967 2691 2023 illorum
2743 1966 3185 2040 inquisitionem
3244 1967 3606 2040 enavigavit:

1965 2060 2136 2126 atque
2168 2072 2236 2112 ex
2265 2072 2330 2112 eo
2350 2059 2610 2128 tempore
2636 2072 2823 2128 usque
2850 2056 3040 2111 adhuc
3064 2072 3168 2111 nec
3185 2055 3413 2111 litteras
3446 2056 3517 2111 ab
3540 2072 3607 2111 eo

1963 2145 2177 2217 accepi,
2211 2161 2316 2200 nec
2345 2145 2496 2200 inter
2516 2144 2697 2210 vivos,
2721 2161 2795 2200 an
2822 2145 2973 2199 inter
2992 2148 3254 2200 mortuos
3271 2143 3346 2198 sit
3365 2160 3606 2215 prorsus

1962 2232 2130 2287 novi:
2166 2248 2232 2288 eo
2264 2237 2458 2288 tamen
2518 2232 2650 2305 plus
2708 2249 2873 2288 mens
2932 2233 3252 2304 propendet
3297 2236 3360 2288 ut
3406 2232 3605 2287 existi-

1962 2335 2095 2375 men
2126 2337 2259 2376 eum
2291 2321 2530 2387 obiisse,
2562 2319 2649 2376 vel
2680 2319 2921 2376 tristitia
2949 2325 3310 2391 superatum,
3343 2319 3435 2375 vel
3457 2336 3602 2374 nau-

1960 2408 2142 2481 fragio
2174 2408 2535 2465 involutum:
2572 2426 2690 2480 qua
2719 2409 2778 2464 in
2812 2426 2871 2464 re
2901 2408 3008 2464 hoc
3066 2413 3196 2464 utor
3235 2413 3601 2481 argumento,

1958 2498 2111 2567 quod
2128 2498 2256 2568 jam
2279 2498 2351 2552 ab
2373 2513 2439 2553 eo
2464 2503 2723 2568 tempore
2739 2496 3264 2569 vigesimusannus
3286 2496 3381 2564 sit,
3401 2512 3471 2552 ex
3488 2512 3603 2569 quo

1955 2584 2182 2640 nullum
2217 2585 2474 2641 veritatis
2504 2584 2811 2656 vestigium
2843 2585 2914 2641 de
2945 2601 3010 2640 eo
3039 2584 3255 2656 accepi.

2027 2674 2307 2729 LXXXIX.
2327 2674 2471 2729 Cum
2485 2673 2603 2729 haec
2618 2673 2880 2729 audisset
2897 2673 3120 2740 Petrus,
3141 2689 3268 2729 com
3278 2672 3603 2730 miseratio-

1955 2761 2047 2817 nis
2075 2763 2279 2817 affectu
2312 2761 2599 2835 lacrymas
2623 2762 2796 2829 fudit,
2826 2762 3145 2832 statimque
3165 2763 3234 2816 ad
3260 2761 3597 2831 familiares,

1952 2852 2047 2922 qui
2081 2852 2339 2919 aderant,
2375 2851 2558 2905 dixit:
2594 2850 2651 2905 Si
2707 2850 2838 2921 quis
2872 2850 2979 2922 pia:
3038 2849 3306 2923 religioni
3363 2851 3595 2907 deditus

1948 2941 2055 3008 vir,
2088 2957 2155 2994 ea
2186 2939 2538 3012 pertulisset,
2570 2955 2695 3007 quae
2716 2938 2895 3009 hujus
2926 2942 3087 3010 pater
3114 2940 3424 3006 ;continuo
3456 2939 3590 2994 reli-

1948 3028 2105 3099 gioni
2138 3033 2194 3083 et
2223 3029 2471 3083 diabobo
2493 3027 2858 3098 ascripsisset
2882 3044 3139 3083 causam.
3173 3028 3256 3082 Ita
3277 3028 3451 3084 etiam
3484 3029 3589 3083 mi-

1946 3117 2094 3173 seris
2124 3117 2440 3190 gentilibus
2471 3115 2587 3187 pati
2632 3116 2953 3186 contingit;
2996 3120 3053 3171 et
3089 3116 3451 3188 ignoramus,
3483 3117 3585 3189 qui

1946 3205 2027 3277 pii
2056 3222 2193 3278 erga
2223 3210 2403 3260 Deum
2460 3221 2689 3260 sumus.
2742 3205 2819 3260 Eo
2851 3210 3044 3261 autem
3101 3205 3347 3262 miseros
3377 3206 3583 3261 merito

1947 3293 2272 3367 appellavi;
2304 3293 2441 3365 quia
2469 3296 2525 3350 et
2553 3292 2646 3348 bic
2693 3292 2753 3347 in
2800 3309 2993 3349 errore
3037 3298 3363 3365 versantur,
3396 3298 3453 3349 et
3481 3310 3585 3366 spe

1949 3383 2145 3439 futura
2166 3383 2457 3439 excidunt.
2480 3382 2720 3447 Quando
2742 3381 2897 3436 enim
2920 3382 3025 3437 viri
3050 3382 3305 3454 religiosi
3326 3382 3588 3438 afficiun-

1945 3475 2044 3528 tur
2073 3471 2481 3540 incommodis,
2514 3487 2583 3526 ea
2609 3469 2727 3526 illis
2757 3470 2829 3525 ad
2864 3468 3208 3526 delictorum
3240 3469 3589 3542 persolutio-

1949 3576 2084 3617 nem
2115 3560 2352 3615 cedunt.

2021 3647 2227 3703 LXXX.
2258 3651 2427 3703 Hunc
2457 3646 2517 3701 in
2568 3646 2807 3701 modum
2854 3644 3046 3701 locuto
3096 3646 3280 3715 Petro,
3340 3661 3492 3701 unus
3522 3659 3591 3701 ex

1951 3737 2189 3806 nostris,
2223 3735 2467 3792 audacia
2487 3738 2745 3806 sumpta,
2770 3750 2873 3807 pro
2895 3734 3169 3790 omnibus
3191 3734 3413 3807 rogavit
3432 3750 3589 3799 eum,

1952 3829 2019 3881 ut
2048 3824 2329 3897 postridie
2350 3822 2606 3878 diluculo
2629 3822 2686 3877 in
2711 3823 2969 3878 Aradum
2986 3822 3315 3895 oppositam
3338 3821 3590 3877 insulam

1952 3915 2103 3986 (quae
2133 3912 2399 3984 triginta,
2449 3910 2676 3983 opinor,
2708 3927 2812 3966 nec
2855 3911 3014 3978 totis,
3078 3911 3284 3967 stadiis
3315 3911 3590 3983 distabat)

1951 4002 2380 4073 navigaremus,
2404 4000 2476 4056 ad
2507 3998 2789 4055 videndae
2810 3999 2887 4055 ibi
2905 4000 3051 4055 duas
3073 3999 3589 4065 columnasviteas,

1953 4089 2272 4146 maximam
2304 4088 2516 4144 molem
2539 4088 2924 4144 continentes.
2949 4088 3153 4144 Petrus
3182 4087 3446 4159 ergo,qui
3468 4091 3592 4143 erat

1954 4179 2300 4251 morigerus,
2332 4178 2557 4244 annuit,
2589 4176 2671 4231 ita
2689 4176 2891 4232 dicens
2918 4194 2931 4232 :
2963 4177 3105 4232 Cum
3128 4194 3196 4232 ex
3221 4177 3352 4232 navi
3371 4174 3591 4249 egressi

1952 4268 2200 4334 fueritis,
2234 4283 2306 4322 ne
2336 4283 2453 4321 una
2482 4281 2685 4320 omnes
2716 4265 3043 4336 procedatis
3074 4266 3145 4321 ad
3176 4266 3594 4338 spectationem

1952 4373 2156 4413 eorum
2184 4372 2310 4427 quae
2340 4354 2592 4426 cupitis:
2656 4370 2845 4425 neque
2906 4354 3063 4409 enim
3101 4353 3229 4409 volo
3286 4358 3351 4409 ut
3378 4354 3593 4409 civium

1954 4444 2152 4501 oculos
2183 4445 2241 4498 in
2273 4460 2374 4499 vos
2431 4442 2803 4499 convertatis.
2854 4446 3043 4513 Atque
3100 4442 3185 4497 sic
3231 4442 3593 4514 navigantes,

1953 4534 2097 4589 hora
2129 4549 2245 4587 una
2272 4532 2331 4586 in
2353 4530 2610 4585 insulam
2634 4529 2807 4585 delati
2840 4547 3067 4585 sumus.
3092 4530 3596 4587 Et’descendentes

186 4614 488 4680 Ἐκϐάντες
548 4616 606 4673 δὲ
654 4623 749 4673 τοῦ
798 4620 1031 4696 σκάφους
1079 4617 1349 4692 εἰσῄειμεν
1398 4613 1521 4672 ἔνθα
1568 4618 1619 4672 οἱ
1666 4617 1841 4691 ἀμπέ-

1960 4638 2020 4677 ex
2051 4621 2287 4692 scapha,
2321 4637 2387 4675 eo
2418 4618 2712 4691 progressi
2744 4636 2952 4675 sumus
2984 4619 3081 4673 ubi
3114 4618 3399 4675 columnae
3430 4619 3596 4673 viteaa

185 4715 343 4761 λινοι
397 4706 586 4761 στῦλοι
635 4709 792 4777 ἦσαν·
827 4709 979 4781 ὁμῶς
1025 4707 1114 4762 καὶ
1167 4708 1301 4779 μετὰ
1344 4712 1451 4760 τῶν
1484 4705 1714 4776 στύλων,
1744 4704 1841 4761 ἄλ-

186 4796 293 4857 λος
330 4796 430 4867 μὲν
460 4795 599 4851 ἄλλο
626 4818 676 4850 τι
707 4801 813 4851 τῶν
844 4788 1065 4851 Φειδίου
1096 4791 1269 4871 ἔργων
1306 4794 1541 4869 ἐθεώρει.

272 4886 511 4941 LXXXI.
548 4886 751 4959 Πέτρος
781 4882 839 4940 δὲ
886 4885 1050 4958 μόνος
1101 4883 1200 4939 ούκ
1253 4884 1539 4958 ἀναγκαῖον
1596 4884 1845 4957 ἡγήσατο

182 4973 281 5028 ἐπὶ
330 4975 431 5041 τὴν
486 4974 724 5049 ἱστορίαν
774 4978 883 5029 τῶν
928 4973 1040 5028 ἐκεῖ
1086 4972 1345 5048 γενέσθαι·
1378 4971 1587 5047 γυναικὶ
1638 4969 1695 5025 δέ
1738 4993 1847 5026 τινι

182 5060 298 5131 ἔξω
358 5063 467 5137 πρὸ
512 5067 620 5117 τῶν
672 5068 844 5139 θυρῶν
884 5062 1232 5135 καθεζομένῃ,
1290 5060 1380 5116 καὶ
1428 5067 1635 5138 τροφῆς
1682 5062 1844 5136 χάριν

186 5150 529 5226 μεταιτούσῃ
576 5155 644 5221 υ,
692 5153 953 5228 προσχὼν
996 5150 1119 5229 ἔφη·
1172 5151 1351 5220 Γύναι,
1394 5149 1446 5204 τί
1492 5170 1576 5204 σοι
1615 5153 1719 5203 τῶν
1772 5150 1847 5204 οἱ·

177 5240 361 5293 κείων
409 5239 652 5296 ἐλλείπει
707 5241 914 5314 μελῶν,
949 5240 1031 5295 ὅτι
1073 5240 1339 5309 τοσαύτην
1389 5233 1542 5313 ὕϐριν
1593 5237 1843 5308 ἀνεδέξω,

181 5326 350 5404 λέγω
379 5326 447 5398 δὴ
477 5329 542 5385 τὸ
570 5335 900 5405 προσαιτεῖν,
931 5328 1020 5385 καὶ
1056 5329 1132 5402 μὴ
1178 5324 1390 5401 μᾶλλον
1434 5331 1553 5388 ταῖς
1606 5326 1707 5380 ὑπὸ
1748 5330 1845 5382 τοῦ

1952 4715 2156 4766 erant:
2191 4707 2485 4779 simulque
2514 4724 2647 4763 cum
2670 4706 2982 4774 columnis,
3007 4708 3159 4763 alius
3180 4708 3414 4779 quidem
3437 4706 3596 4762 aliud

1954 4798 2270 4871 quodpiam
2298 4814 2366 4852 ex
2399 4796 2611 4852 Phidias
2642 4796 2918 4868 operibus
2948 4797 3268 4868 spectabat.

2025 4885 2251 4942 LXXXI.
2286 4884 2447 4939 Unus
2479 4888 2675 4938 autem
2705 4883 2912 4938 Petrus
2964 4900 3199 4939 necesse
3231 4900 3344 4938 non
3376 4884 3600 4955 putavit

1953 4991 2079 5045 qum
2101 4973 2180 5028 ibi
2202 4977 2367 5028 erant
2384 4972 2663 5027 invisere:
2690 4972 2789 5026 sed
2809 4972 3279 5028 animadvertens
3292 4971 3599 5028 mulierem

1954 5063 2268 5134 quamdam
2325 5065 2488 5116 extra
2519 5077 2621 5132 pro
2680 5060 2904 5116 foribus
2935 5062 3259 5129 sedentem,
3308 5064 3364 5115 et
3413 5061 3598 5117 victus

1952 5151 2138 5224 gratia
2161 5150 2590 5205 mendicantem
2616 5167 2628 5205 :
2660 5147 3114 5221 Mulier,inquit,
3135 5165 3387 5220 quonam
3419 5166 3599 5205 mem-

1953 5241 2191 5295 brorum
2220 5244 2456 5294 tuorum
2489 5253 2675 5303 cares,
2720 5239 2875 5309 quod
2929 5242 3150 5294 tantam
3182 5238 3597 5293 contumeliam

1955 5328 2291 5401 suscepisti,
2341 5326 2733 5395 mendicandi,
2776 5326 3042 5398 inquam,
3075 5343 3142 5383 ac
3192 5342 3308 5381 non
3340 5326 3533 5398 potius
3564 5342 3599 5383 α

1562 5503 1799 5562 VARIIE
1840 5502 2248 5560 LECTIONES.

262 5649 314 5685 ³⁷
349 5645 696 5721 Εἷςῗπόρτον.
730 5648 1060 5721 Romanum
1092 5663 1323 5721 nempe,
1354 5647 1423 5704 ad
1458 5646 1609 5706 ostia
1638 5645 1888 5705 Tiberis.
1920 5646 2063 5704 Vide
2094 5646 2163 5703 ad
2196 5661 2355 5701 num.
2387 5660 2509 5702 vm.
2540 5645 2708 5699 Cena.
2742 5643 2786 5680 ³⁸
2814 5643 2888 5700 al.
2912 5638 3283 5717 κεκινημένος.
3305 5638 3352 5677 ⁸ο
3381 5638 3455 5700 al.
3488 5638 3602 5701 οὔτ’

184 5718 299 5786 ὣς.
334 5722 381 5759 ⁴⁰
409 5720 487 5780 al.
518 5717 867 5796 ’Δντάραδον.
899 5722 944 5760 ⁴¹
977 5717 1286 5797 ἐπαιτούσῇ.
