4082 6208
549 392 667 452 527
986 370 993 375 ’
1376 389 1441 450 s.
1491 390 1937 451 CLEMENTIS
1983 390 2006 449 1
2054 390 2244 451 ltOM.
2289 388 2518 451 PON'I‘.
2566 389 2825 452 UPERA
2868 391 3131 454 DUBIA.
3767 399 3855 465 δῖε

552 524 666 577 Deo
696 521 801 577 tibi
831 521 1124 578 concessis
1158 522 1430 577 manibus
1454 520 1747 589 laborans,
1781 522 2164 593 quotidianun

2243 522 2277 589 λ
2308 524 2439 611 Θεοῦ
2490 542 2572 575 σοι
2624 518 3031 599 δεδωρημέναις
3080 523 3262 611 χερσὶν
3308 522 3631 601 ἐργαζομένη,
3664 531 3743 593 τὰς
3781 532 3855 611 ἐφη

552 610 749 666 cibum
796 611 1154 683 comparas?
1201 610 1306 666 Illa
1336 627 1466 667 vero
1525 611 1883 683 profundum
1934 628 1999 666 ac
2030 610 2164 667 vebe

2312 607 2508 684 μέρους
2566 611 2762 687 πορίζῃ
2807 612 3010 690 τροφάς
3048 630 3061 682 ;
3114 613 3176 667 Ἡ
3228 610 3283 667 δὲ
3333 612 3501 688 βύθιόν
3546 636 3592 670 τι
3634 607 3861 694 navigas:

556 704 811 755 mentem
842 700 1127 772 gemitum
1158 700 1419 766 trahens,
1453 700 1790 772 respondit:
1822 699 2047 755 utinam
2080 698 2168 770 qui

2308 697 2398 752 καὶ
2447 700 2763 775 περιπαθὲς,
2809 700 3153 777 ἀπεκρίνατο·
3208 700 3312 765 εἷ’θε
3354 702 3445 779 γὰρ
3490 705 3611 773 ἦσαν
3657 728 3736 779 μοι
3771 717 3858 785 χεῖ-

558 788 689 843 dem
722 788 1079 844 mihiessent
1100 806 1328 858 manus,
1351 786 1476 861 quae
1507 793 1660 844 certe
1682 792 1919 860 possent
1935 787 2159 859 operari

2313 808 2400 862 ρες
2459 788 2747 865 ὑπουργεῖν
2806 788 2954 852 ὅλως
3013 788 3435 863 δυνάμεναιονῦν
3493 791 3545 848 δέ
3594 816 3675 866 μοι
3719 801 3864 874 σχῆμα

561 892 719 931 nunc
750 880 943 933 autem
975 876 1119 932 mihi
1141 876 1327 933 solam
1352 894 1636 934 manuum
1668 878 1918 948 figuram
1950 883 2173 932 servant

2316 876 2477 950 μόνον
2519 883 2721 954 χειρῶν
2773 878 3145 948 ἀποσώζουσι,
3177 880 3355 956 νεκραῖ
3401 882 3483 935 καὶ
3534 882 3668 938 αὗται
3710 888 3864 962 τυγχά-

562 965 822 1038 ipsaeque
873 970 1150 1021 emortua;
1208 970 1366 1022 sunt.
1417 971 1496 1021 Ac
1527 966 1729 1021 Petrus
1788 964 2162 1036 interrogavit

2310 987 2518 1025 νουσαι,
2553 966 2655 1022 Καὶ
2702 968 2729 1020 ὁ
2779 967 3003 1043 Πέτρος,
3034 967 3127 1029 Τίς
3168 965 3225 1023 δὲ
3268 971 3302 1038 ἡ
3351 968 3505 1038 αἰτία,
3550 969 3712 1047 ἤρετο,
3746 976 3864 1030 τοῦτό

566 1055 701 1120 Quae
730 1071 863 1112 vero
896 1071 1075 1110 causa
1104 1055 1233 1122 fuit,
1294 1059 1358 1110 ut
1385 1058 1505 1111 tam
1550 1072 1723 1127 grave
1779 1054 1999 1110 malum
2029 1053 2178 1109 susti

2314 1074 2370 1108 σε
2415 1057 2478 1109 τὸ
2525 1053 2916 1131 χαλεπώτατον
2966 1057 3322 1127 πεπονθέναι;
3355 1059 3413 1111 Ἡ
3467 1056 3520 1113 δέ
3571 1060 3690 1133 πρὸς
3730 1062 3864 1117 αὐτόν·

567 1160 735 1199 neres
756 1143 783 1197 ‘I
811 1146 883 1199 At
902 1143 1000 1199 illa
1030 1144 1097 1200 ad
1122 1160 1257 1200 eum
1283 1160 1296 1199 :
1329 1145 1526 1200 Animi
1546 1142 2179 1214 imbecillitasmihilqu

2316 1149 2517 1219 Ψυχῆς
2566 1144 2831 1215 ἀσθένεια,
2876 1146 2966 1200 καὶ
3018 1144 3188 1201 πλέον
3238 1144 3408 1203 οὐδέν.
3441 1147 3499 1201 El
3550 1148 3639 1224 γὰρ
3683 1147 3864 1225 ἀνδρεῖον

568 1232 747 1288 aliud.
780 1232 841 1289 Si
872 1232 1027 1288 enim
1082 1233 1212 1289 forti
1245 1232 1441 1289 animo
1499 1232 1741 1289 fuissem
1790 1232 2050 1304 praedita,
2084 1246 2180 1287 era

2320 1231 2470 1307 εἶχον
2520 1232 2795 1311 φρόνημα,
2826 1235 2894 1303 ἦν
2949 1235 3214 1308 κρημνὸς,
3242 1234 3277 1303 ἢ
3329 1235 3509 1310 βυθὸς,
3538 1236 3643 1300 ὅθεν
3684 1235 3864 1310 ἐμαυτήν

566 1320 974 1393 ριιωσὶρίιὶυω,
1007 1325 1106 1377 aut
1139 1320 1416 1394 pelagus;
1449 1338 1627 1392 quare
1658 1338 1750 1378 me
1779 1321 2068 1392 dijiciens,
2103 1336 2173 1392 po

2323 1319 2559 1395 ῥίψασα,
2615 1326 2719 1378 τῶν
2799 1319 3111 1379 ὀδυνώντων
3176 1344 3242 1397 με
3305 1322 3585 1389 παύσασθαι
3648 1323 3866 1399 ἠδυνάμην

566 1412 753 1465 teram
784 1408 954 1465 malis
984 1410 1241 1465 dolorem
1283 1410 1660 1466 afferentibus
1683 1410 1860 1465 finem
1882 1410 2202 1481 imponere.
2321 1414 2522 1467 κακῶν.

640 1497 898 1553 LXXXII.
934 1499 1083 1553 Tum
1117 1499 1322 1554 Petrus
1344 1498 1472 1554 inﬁt
1495 1514 1508 1554 :
1533 1498 1679 1564 Quid
1702 1498 1907 1553 enim?
1940 1502 2208 1569 putasne,

2389 1500 2649 1557 LXXXII.
2683 1499 2839 1555 Καὶὸ
2872 1500 3076 1574 Πέτρος
3129 1498 3251 1578 ἔφη·
3295 1500 3363 1558 Τί
3419 1498 3544 1570 οῦνς
3591 1500 3699 1573 οἴει,
3738 1503 3869 1577 γύναι,

568 1585 802 1652 mulier,
835 1603 1037 1642 omnes
1068 1586 1159 1641 sui
1209 1587 1626 1653 interfectores,
1683 1585 1969 1658 supplicio
1998 1585 2180 1641 libera

2317 1585 2399 1641 ὅτι
2442 1588 2636 1650 πάντες
2686 1587 2738 1642 οἳ
2791 1589 3128 1663 ἀναιρουντες
3178 1587 3397 1651 ἑαυτοὺς
3447 1587 3692 1652 κολάσεως
3738 1588 3873 1644 ἀπαλ-

568 1679 694 1729 tum
725 1674 843 1729 iri?
874 1692 946 1731 an
980 1692 1095 1730 non
1120 1675 1316 1746 potius
1348 1675 1576 1731 animas
1606 1692 1807 1731 eorum
1840 1674 1941 1745 qui
1972 1674 2053 1730 ita
2086 1690 2180 1730 mo

2318 1673 2629 1745 λάσσονται,
2660 1676 2694 1746 ἢ
2730 1679 2775 1714 ⁸³
2807 1677 2883 1749 μὴ
2913 1680 2981 1750 τῇ
3012 1676 3223 1753 χείρονι
3255 1676 3471 1733 κολάσει
3502 1676 3548 1732 ἐν
3580 1673 3691 1747 ᾅδου
3728 1678 3771 1732 αἱ
3792 1683 3869 1733 τῶν

570 1763 821 1831 riuntur,
855 1763 1061 1834 majori
1093 1762 1379 1835 supplicio
1404 1764 1461 1817 in
1495 1762 1695 1818 inferis
1727 1770 1963 1834 propter
1984 1762 2076 1818 sui
2106 1762 2180 1818 bo

2318 1763 2489 1826 οὕτως
2521 1759 2861 1834 θνησκόντων
2894 1765 3068 1840 ψυχαὶ
3113 1772 3217 1835 τῆς
3266 1764 3600 1828 αύτοκτονίας
3644 1766 3779 1841 χάριν
3808 1787 3875 1820 κο-

572 1851 873 1906 micidium
896 1851 1233 1907 afﬁciendas
1253 1852 1280 1906 7
1297 1854 1369 1906 At
1399 1851 1498 1907 illa
1521 1868 1533 1907 :
1559 1851 1811 1917 Utinam,
1834 1851 2045 1923 inquit,
2081 1869 2181 1923 per

2265 1851 2603 1952 ixdEO‘l‘t‘It;
2654 1855 2717 1910 Ἠ
2764 1851 2841 1920 δέ,
2887 1851 3012 1907 Εἴθε
3078 1852 3431 1926 ἐπεπείσμην,
3479 1852 3591 1931 ἔφη,
3639 1854 3707 1909 ὅτι
3748 1849 3877 1916 ὅντως

571 1955 807 1995 suasum
841 1939 984 1994 mihi
1015 1944 1189 2007 esset,
1224 1956 1420 1995 revera
1458 1941 1519 1996 in
1569 1940 1768 1996 inferis
1797 1940 2026 1996 animas
2052 1941 2179 1995 viva

2269 1936 2288 1952 ’
2320 1939 2370 1995 ἐν
2406 1936 2535 2010 ᾅδου
2564 1944 2609 1976 ⁴³
2659 1942 2831 2016 ψυχαὶ
2882 1942 3215 2017 εὑρίσκονται
3265 1947 3446 2011 ζῶσαι⁹
3492 1942 3573 1996 καὶ
3616 1941 3805 2016 ἠγάπων
3842 1943 3881 1995 ἂν

569 2027 844 2099 reperiri;
879 2027 1080 2099 utique
1110 2027 1279 2083 nihili
1305 2033 1582 2099 reputans
1612 2045 1830 2099 pinnas,
1860 2029 2005 2083 mori
2036 2028 2181 2100 elige

2378 2031 2443 2105 ιιρ’
2475 2027 2627 2084 οὐδὲν
2658 2032 2703 2065 ⁴⁴
2733 2027 2928 2101 θεμένη
2979 2032 3079 2099 τὴν
3129 2029 3424 2105 τιμωρίαν,
3471 2031 3739 2101 ἀποθανεῖν,
3782 2030 3882 2083 ὥστε

570 2132 712 2187 rem,
748 2131 861 2187 quo
891 2116 976 2171 vel
1009 2115 1215 2187 exiguo
1259 2120 1519 2188 tempore
1562 2116 1822 2172 intuerer
1867 2115 2009 2171 mihi
2039 2132 2182 2187 exop

2386 2100 2442 2179 ῦς
2474 2117 2596 2191 ἐμοὶ
2626 2100 3027 2194 περιποθήτους
3087 2100 3371 2183 θεάσασθαι
3418 2118 3508 2173 κᾶν
3554 2100 3733 2194 κραχύς
3765 2118 3883 2173 Καὶὸ

566 2204 911 2261 tatissimos.
938 2206 1021 2262 Ad
1053 2206 1172 2260 hac
1226 2205 1428 2261 Petrus
1456 2222 1470 2261 :
1510 2206 1577 2261 Et
1625 2206 1905 2277 quidnam
1937 2210 2025 2261 est
2055 2222 2178 2276 quoi

2378 2206 2520 2280 έτρος
2568 2207 2701 2282 πρὸς
2750 2211 2934 2261 ταῦτα·
2963 2208 3065 2264 Καὶ
3112 2207 3165 2261 τί
3216 2206 3321 2283 ἄρα
3368 2207 3475 2262 ἐστὶ
3519 2207 3577 2262 τὸ
3615 2206 3787 2263 λυποῦν
3812 2224 3880 2275 se;

566 2304 623 2349 te
651 2293 990 2349 excruciat?
1022 2293 1180 2350 Scire
1208 2293 1365 2349 enim
1395 2293 1559 2350 valde
1588 2310 1749 2349 aveo.
1781 2300 1861 2350 Ac
1886 2311 1978 2350 me
2007 2294 2056 2350 si
2087 2310 2178 2350 cer

2383 2297 2469 2368 ψῶ
2525 2297 2629 2370 γὰρ
2659 2297 2703 2331 ⁴⁸
2736 2300 2945 2367 μαθεῖν.
2980 2296 3083 2351 Καὶ
3134 2292 3190 2350 εἷ’
3231 2317 3300 2369 με
3340 2294 3580 2367 διδάξεις,
3607 2295 3779 2357 πίστεις
3824 2314 3886 2348 σοι

563 2382 771 2438 tiorem
803 2382 1029 2448 feceris,
1061 2381 1167 2437 tibi
1195 2382 1367 2438 ﬁrma
1396 2384 1619 2438 tradam
1650 2384 2020 2448 documenta,
2053 2398 2175 2454 quo

2378 2382 2528 2456 ιρέξω
2590 2378 2828 2459 βεϐαίας,
2862 2382 2946 2439 ὅτι
3006 2383 3058 2439 ἐν
3115 2381 3247 2455 ᾅδου
3311 2390 3465 2454 ζῶσιν
3519 2385 3569 2439 αἱ
3621 2384 3785 2459 ψυχαὶ,
3819 2382 3885 2437 καὶ

566 2470 776 2527 animm
801 2471 861 2527 in
892 2470 1096 2526 inferis
1124 2471 1355 2540 vivant;
1389 2475 1446 2527 et
1475 2488 1579 2543 pro
1611 2472 1928 2544 praecipitio
1960 2471 2046 2527 vel
2079 2489 2178 2543 pro

2378 2472 2430 2526 τὶ
2485 2456 2736 2548 κρημνοῦ
2766 2473 2802 2542 ἣ
2842 2473 3030 2547 βυθοῦ,
3065 2471 3233 2546 ὀρέξω
3294 2495 3377 2529 σοι
3431 2456 3720 2552 φάρμακον,
3747 2469 3803 2527 δι’
3839 2470 3884 2524 οὗ

566 2560 769 2628 fundo,
800 2560 907 2615 tibi
938 2560 1089 2616 dabo
1122 2560 1511 2631 medicamen,
1540 2576 1642 2632 per
1690 2562 1843 2633 quod
1875 2577 1909 2616 a
1935 2561 2052 2616 vita
2082 2560 2173 2617 sin

1690 2562 1843 2633 quod
1875 2577 1909 2616 8.
1935 2561 2052 2616 vita
2082 2560 2211 2617 sine
2314 2564 2412 2615 τοῦ
2445 2564 2539 2635 ζῇν
2571 2557 2857 2623 ἀνωδύνως
2888 2559 3279 2637 ἀπαλλαγήσῃ.

566 2648 763 2704 dolore
793 2649 1062 2704 decedas.
3990 2664 3991 2697 ἲ

639 2736 923 2793 LXXXIII.
962 2738 1029 2793 Et
1058 2736 1285 2807 mulier,
1320 2754 1447 2809 qua)
1479 2754 1808 2794 sermonem
1844 2753 1959 2793 non
1992 2735 2208 2793 intelli-

2387 2739 2666 2796 LXXXIII.
2700 2737 2801 2796 Καὶ
2833 2740 2867 2809 ἡ
2901 2739 3037 2814 γυνή
3078 2738 3142 2794 τὸ
3193 2737 3357 2814 ῥηθὲν
3412 2737 3472 2794 οὗ
3519 2742 3724 2809 συνεῖσα,
3751 2733 3889 2806 ἡδέως

566 2829 744 2898 geret,
779 2841 1029 2898 eumque
1084 2827 1369 2882 duntaxat
1422 2831 1594 2899 prout
1636 2828 1877 2899 optabat
1906 2827 2178 2898 arriperet

2407 2827 2570 2899 μόνον
2627 2827 2909 2900 ἁρπὰσασα
2935 2827 2997 2882 τὸ
3046 2826 3263 2902 λεχθέν,
3294 2825 3470 2903 λέγειν
3510 2824 3693 2902 ἤρξατο
3738 2824 3887 2883 οὕτως’

566 2914 647 2970 ita
667 2915 951 2970 disserere
972 2915 1178 2985 ccepit:
1209 2915 1403 2971 Genus
1426 2915 1661 2986 quidem
1683 2920 1739 2971 et
1759 2916 2006 2988 patriam
2030 2915 2079 2970 si
2102 2915 2178 2970 tib

2378 2937 2473 2971 ,voc
2534 2917 2628 2988 μὲν
2685 2916 2776 2970 καὶ
2834 2912 3065 2992 πατρίδα
3123 2937 3206 2969 σοι
3259 2912 3632 2991 διηγήσασθαι,
3664 2913 3749 2968 οὐκ
3773 2910 3891 2983 οἶμαί

565 3019 934 3074 exponerem,
959 3020 1072 3059 non
1095 3004 1369 3060 arbitrior
1386 3020 1478 3059 me
1501 3021 1758 3076 unquam
1778 3021 1946 3076 posse
1966 3021 2177 3075 persua

2313 3025 2446 3059 ποτε
2475 3003 2676 3059 πείσειν
2709 3004 2944 3077 ἐμαυτὴν
2997 3001 3315 3075 δυνηθῆναι·
3350 3003 3493 3072 πλὴν
3541 3000 3675 3058 ἀλλὰ
3716 3000 3790 3055 καὶ
3827 2998 3888 3053 σοὶ

564 3092 699 3147 dere
726 3109 739 3147 :
773 3093 874 3148 sed
906 3097 962 3147 et
992 3092 1130 3163 quid
1164 3093 1235 3148 ad
1267 3101 1319 3148 te
1350 3092 1558 3148 attinet
1582 3092 1637 3147 id
1670 3108 2019 3163 cognoscere
2039 3093 2067 3147 ?
2090 3092 2176 3148 nis

2396 3090 2633 3169 διαφέρει
2663 3097 2823 3148 τοῦτο
2860 3094 3073 3165 μαθεῖνξ;
3096 3092 3132 3162 ἢ
3166 3086 3327 3166 μόνον
3360 3094 3457 3161 τὴν
3490 3090 3649 3146 αῗτίαν
3676 3093 3734 3160 ἧς
3758 3088 3889 3144 ἕνεκεν

560 3185 794 3237 tantum
825 3197 1083 3249 causam,
1116 3182 1188 3237 ob
1224 3197 1402 3252 quam
1435 3180 1630 3236 dolore
1660 3182 1885 3253 affecta,
1914 3181 2171 3237 morsibu

2384 3182 2653 3254 υνωμένη,
2715 3178 2952 3257 δήγμασι
3032 3182 3126 3243 τὰς
3213 3180 3349 3253 ἐμὰς
3427 3180 3677 3255 ἐνέκρωσα
3722 3182 3886 3253 χεῖρας·

566 3287 774 3326 manus
806 3287 965 3327 meas
997 3251 1258 3326 mortuas
1280 3269 1526 3326 reddidi.
1548 3272 1820 3325 Attamen
1842 3251 2178 3342 mea,|quoa<

2311 3251 2506 3343 Ὅμως
2530 3270 2597 3324 τὰ
2640 3251 3026 3342 κατ’έμαυτήν
3072 3269 3145 3331 ὡς
3188 3251 3413 3325 δυνατὸν
3465 3251 3673 3323 ἀκοῦσαί
3800 3251 3888 3331 διη-

563 3359 766 3415 audire
796 3363 980 3431 potes,
1007 3360 1274 3415 referam.
1298 3359 1415 3432 Ego
1442 3358 1826 3414 nobilissimis
1847 3363 1972 3413 orta
1997 3375 2171 3429 paren

2310 3360 2571 3435 γήσομαι.
2605 3359 2749 3433 Ἐγὼ
2783 3357 2920 3413 πάνυ
2969 3357 3020 3428 ἐξ
3070 3357 3302 3432 εὐγενῶν
3350 3358 3503 3429 οῦσα,
3535 3354 3738 3411 δυνατοῦ
3776 3352 3885 3411 τινὸς

560 3448 742 3515 tibus,
776 3449 1027 3519 potentis
1058 3449 1366 3519 cujusdam
1414 3446 1682 3519 imperio,
1732 3446 1906 3518 nupsi
1950 3447 2071 3503 viro
2103 3463 2172 3518 qu

2312 3450 2615 3522 προπαγῇν
2648 3444 2798 3521 ἀνδρὶ
2845 3446 2981 3522 πρὸς
3025 3447 3213 3521 γένους
3262 3446 3412 3519 αὐτῷ
3458 3447 3758 3523 τυγχάνοντι
3803 3440 3890 3516 ἐγι-

561 3540 686 3592 erat
706 3535 867 3591 illius
887 3535 1287 3607 propinquus:
1313 3539 1371 3590 et
1391 3536 1537 3591 duos
1559 3535 1823 3607 geminos
1840 3534 2053 3590 liberos
2075 3551 2173 3590 sus

2313 3533 2489 3608 νόμην
2538 3536 2669 3610 γυνή
2720 3534 2809 3589 καὶ
2854 3531 3116 3607 διδύμους
3165 3534 3317 3597 υίοῦς
3370 3534 3593 3610 ἔχουσα,
3638 3532 3718 3587 καὶ
3755 3530 3890 3603 τρίτον

563 3623 693 3693 tuli,
708 3624 1062 3695 tertiumque
1083 3623 1508 3695 insuperedidi.
1525 3627 1699 3679 Porro
1723 3640 1856 3679 cum
1880 3624 2071 3678 mariti
2093 3639 2175 3679 me

2378 3622 2403 3677 τὶ
2430 3622 2648 3684 τούτοις
2674 3622 2788 3677 υἱὸν
2822 3620 3004 3697 ἔσχον.
3029 3623 3085 3677 Ὁ
3120 3619 3177 3677 δὲ
3205 3628 3307 3677 τοῦ
3338 3622 3475 3696 ἐμοῦ
3507 3618 3686 3696 ἀνδρὸς
3714 3614 3896 3693 ἀδελφὸς

564 3714 744 3769 frater
768 3714 1017 3767 formam
1044 3728 1235 3767 meam
1262 3713 1566 3784 deperiret,
1590 3716 1646 3768 et
1674 3728 1870 3768 amore
1892 3728 2019 3768 meo
2046 3728 2176 3767 sum

2378 3708 2590 3783 τιμανείς
2625 3729 2729 3783 μου
2757 3712 2825 3783 τῇ
2857 3704 3000 3782 ὄψει,
3029 3709 3118 3763 καὶ
3146 3713 3227 3781 τῷ
3258 3707 3380 3782 ἐμῷ
3431 3706 3586 3785 ἔρωτι
3640 3707 3743 3762 κατ’
3769 3702 3891 3777 ἄκρα(

564 3817 797 3874 mopere
827 3806 1034 3873 captus
1064 3805 1238 3869 esset,
1274 3806 1446 3872 atque
1468 3800 1682 3856 misera
1702 3816 1807 3873 ego
1837 3804 1995 3856 caste
2023 3800 2176 3857 viver

2378 3797 2502 3869 .obc,
2558 3797 2647 3853 καί
2700 3819 2784 3853 τοι
2834 3802 3134 3875 σωφρονεῖν
3195 3796 3406 3874 σφόδρα
3459 3800 3553 3867 τῆς
3604 3793 3896 3866 ταλαιπώρου

567 3891 884 3948 admodum
919 3906 1211 3961 cuperem,
1245 3894 1301 3944 et
1329 3905 1512 3960 neque
1554 3889 1760 3945 vellem
1791 3889 2036 3944 amatori
2069 3906 2176 3945 con

2381 3887 2609 3959 λούσης,
2650 3888 2740 3941 καὶ
2800 3888 2937 3960 μήτε
2992 3885 3273 3941 συνθέσθαι
3320 3891 3401 3959 τῷ
3450 3885 3636 3963 ἐραστῇ
3687 3880 3898 3959 βουλομέ-

567 3980 802 4049 sentire,
830 3995 1019 4050 neque
1049 3978 1223 4032 etiam
1255 3977 1375 4031 viro
1408 3994 1535 4033 meo
1557 3992 1815 4033 amorem
1846 3978 2043 4033 fratris
2073 3994 2179 4049 erg

2315 3999 2438 4049 νης,
2476 3979 2613 4049 μήτε
2637 3973 2695 4030 δὲ
2720 3980 2799 4048 τῷ
2846 3974 2962 4047 ἐμῷ
3008 3972 3161 4049 ἀνδρί
3205 3973 3375 4031 πάλιν
3419 3974 3683 4030 ἀναθέσθαι
3724 3971 3800 4027 τὸν
3841 3966 3899 4022 ἐπ’

566 4086 660 4124 me
672 4084 956 4140 exponere
971 4084 984 4135 ;
1006 4082 1258 4137 cumque
1271 4083 1497 4120 mecum
1521 4072 1974 4138 reputassem,ut
1988 4083 2090 4121 nec
2104 4068 2178 4121 vix

2316 4064 2439 4138 ἐμοὶ
2485 4069 2580 4119 τοῦ
2629 4061 2865 4140 ἀδελφοῦ
2911 4062 3104 4139 ἔρωτα,
3145 4064 3353 4139 πρέπον
3399 4064 3531 4120 εἶναι
3579 4057 3896 4137 λογισαμένης,

560 4158 799 4213 thorum
822 4154 1176 4211 contumelia
1197 4154 1618 4224 afficerem,neo
1637 4157 1874 4211 fratrem
1900 4156 2061 4211 fratri
2080 4157 2172 4212 red

2316 4154 2391 4216 ὡς
2424 4153 2481 4208 ἃν
2515 4156 2651 4226 μήτε
2678 4154 2776 4222 τὴν
2804 4157 2900 4207 τοῦ
2948 4150 3141 4228 ἀνδρὸς
3194 4152 3387 4224 κοίτην
3444 4148 3663 4228 ὑϐρίσω,
3694 4150 3810 4222 μήτε
3843 4146 3897 4214 τῷ

564 4246 758 4301 derem
790 4244 1118 4313 inimicum,
1150 4247 1207 4298 et
1236 4259 1458 4315 magnae
1490 4242 1721 4298 familiaa
1755 4245 2002 4315 probum
2030 4243 2176 4300 infer

2314 4239 2532 4318 ἀδελφῷ
2584 4241 2674 4296 τὸν
2731 4238 2963 4318 ἀδελφὸν
3021 4239 3425 4314 ἐκπολεμώσω,
3485 4241 3572 4295 καὶ
3624 4243 3696 4309 τῷ
3742 4235 3896 4289 ἐκείνου

563 4350 684 4389 rem
712 4358 727 4402 ;
760 4332 960 4399 statui,
992 4331 1065 4387 ab
1097 4332 1240 4386 urbe
1269 4347 1402 4386 cum
1434 4332 1686 4404 geminis
1728 4332 1874 4387 meis
1903 4333 2100 4404 pueris
2131 4351 2175 4389 a4

2312 4330 2454 4406 γένει
2513 4327 2738 4405 μεγάλῳ
2786 4324 2899 4384 ὄντι
2959 4326 3265 4401 ὀνειδισμὸν
3320 4329 3598 4405 ἐπαγάγω,
3643 4328 3731 4395 τήν
3777 4320 3895 4377 πόλιν

562 4423 857 4495 quoddam
886 4425 1122 4493 tempus
1153 4421 1376 4490 abesse,
1405 4421 1587 4476 donec
1614 4421 1886 4493 impurus
1937 4438 2102 4477 amor
2133 4421 2171 4476 il

2312 4418 2649 4495 ἐλογισάμην
2685 4417 2819 4492 μετά
2846 4421 2953 4472 τῶν
2987 4416 3131 4491 ἐμῶν
3162 4415 3411 4491 διδύμων
3444 4415 3645 4473 παίδων
3685 4413 3762 4469 ἐπὶ
3799 4408 3899 4485 χρό⁸

559 4512 677 4568 lius
707 4511 809 4584 qui
840 4510 985 4565 mihi
1018 4511 1089 4565 ad
1112 4510 1365 4565 dedecus
1396 4510 1824 4577 assentabatur,
1847 4510 2022 4566 ﬁnem
2052 4510 2171 4566 acci

2309 4530 2399 4564 νον
2442 4509 2563 4564 τινὰ
2612 4506 2952 4579 καταλιπεῖν,
2983 4502 3088 4569 ἕως
3139 4506 3227 4561 καὶ
3262 4508 3290 4562 ὁ
3326 4506 3525 4584 μιαρὸς
3576 4502 3704 4582 ἔρως
3746 4499 3898 4555 παύσε-

559 4605 758 4673 peret:
792 4604 851 4655 at
880 4598 1129 4654 alterum
1162 4597 1372 4663 filium,
1403 4601 1469 4653 ut
1499 4600 1653 4669 apud
1699 4603 1924 4670 patrem
1957 4604 2014 4654 in
2046 4598 2171 4656 sola

2308 4619 2394 4654 ται
2426 4601 2469 4636 ⁸⁵
2492 4602 2589 4652 τοῦ
2645 4598 2779 4669 πρὸς
2825 4590 2978 4669 ὕϐριν
3045 4616 3111 4668 με
3171 4594 3604 4657 κολακεύσαντος
3634 4597 3693 4630 ⁸⁷·
3722 4591 3799 4646 τὸν
3828 4588 3896 4658 μέν

559 4689 707 4745 tium
741 4692 1023 4754 maneret,
1057 4687 1502 4759 relinquendum
1536 4688 1760 4743 censui.

2307 4708 2392 4743 τοι
2422 4683 2603 4760 ἕτερον
2639 4686 2754 4741 υἱὸν
2802 4684 2948 4761 παρᾶ
2993 4689 3072 4757 τῷ
3119 4684 3283 4760 πατρὶ
3340 4690 3522 4759 μεῖναι
3578 4682 3651 4745 είς
3693 4695 3895 4754 παραμυ·

2312 4776 2425 4831 θίαν
2459 4774 2620 4852 ἔγνων
2652 4772 2990 4829 καταλιπεῖν.

630 4866 908 4925 LXXXIV.
939 4866 1155 4922 Verum
1186 4881 1301 4937 quo
1333 4864 1454 4920 hinc
1485 4864 1567 4918 ita
1594 4864 1819 4931 fierent,
1844 4866 1904 4920 in
1935 4865 2199 4923 animum

2381 4851 2666 4922 LXXXIV.
2700 4860 2853 4931 Πλὴν
2880 4858 2973 4916 ’ίνα
3011 4865 3179 4916 ταῦτα
3226 4860 3372 4916 οὕτω
3422 4863 3663 4936 γένηται,
3692 4851 3900 4920 ἐπενόησα

555 4956 780 5025 induxi,
811 4955 1108 5012 somnium
1139 4955 1377 5026 fingere,
1408 4952 1577 5024 quasi
1600 4951 1814 5024 aliquis
1845 4954 1989 5009 mihi
2023 4960 2167 5011 nocti

2306 4953 2395 5009 καὶ
2426 4948 2631 5029 ὄνειρον
2659 4950 2985 5019 πλάσασθαι,
3020 4950 3095 5011 ὡς
3144 4947 3210 5021 δή
3258 4970 3412 5011 τινος
3458 4950 3666 5021 νύκτωρ
3708 4938 3900 5000 ἐπιστάν·

554 5044 874 5102 astitisset:
909 5061 974 5100 ac
999 5043 1242 5099 dixisset
1267 5060 1279 5097 :
1301 5041 1614 5097 Confestim
1649 5058 1765 5095 una
1786 5058 1917 5096 cum
1946 5043 2163 5114 gemini

2305 5063 2398 5105 τος
2452 5062 2543 5115 μοι
2587 5038 2677 5095 καί
2740 5038 3006 5101 εἰπόντος·
3058 5038 3313 5109 Ἐξαυτῆς
3370 5038 3486 5111 ἅμα
3538 5042 3649 5097 τοῖς
3698 5029 3902 5115 διδύμοις

553 5134 673 5189 tuis
723 5133 938 5204 pueris,
990 5149 1022 5187 o
1055 5131 1283 5200 mulier,
1340 5130 1524 5185 Roma
1564 5129 1796 5185 discede
1854 5131 1925 5185 ad
1961 5130 2165 5202 aliquoi

2305 5153 2400 5188 σου
2457 5114 2686 5201 τέκνοις,
2721 5130 2765 5183 ὧ
2820 5128 2997 5203 γύναι,
3046 5126 3132 5182 ἐπὶ
3190 5126 3389 5203 χρόνον
3450 5127 3572 5181 τινὰ
3623 5124 3799 5198 μέχρις
3838 5114 3904 5169 ὅτε

552 5228 801 5293 tempus,
835 5222 1019 5278 donec
1070 5219 1177 5276 tibi
1226 5235 1430 5275 rursus
1486 5217 1813 5273 indicavero
1862 5224 1923 5274 ut
1954 5221 2152 5276 redeas

2309 5220 2534 5295 μηνύσω
2566 5240 2648 5274 σοι
2679 5217 2841 5273 πάλιν
2894 5214 3228 5284 ἐπανελθεῖν,
3262 5210 3458 5284 ἔκϐηθι
3504 5216 3603 5283 τήν
3647 5204 3900 5295 Ῥωμαίωνζ

552 5292 770 5381 alioqui
801 5325 933 5364 cum
966 5309 1085 5363 viro
1118 5307 1459 5378 cunctisque
1488 5306 1607 5361 tuis
1654 5306 1854 5363 liberis
1885 5309 2161 5381 dcrepent

2304 5292 2419 5364 ἐπεὶ
2472 5310 2584 5381 ἅμα
2634 5304 2784 5382 ἀνδρὶ
2828 5311 2920 5361 καῖ
2964 5305 3093 5360 πᾶσί
3153 5325 3249 5359 σου
3302 5309 3423 5367 τοῖς
3472 5304 3697 5371 τέκνοις,
3739 5297 3789 5353 ἐκ
3831 5292 3905 5382 τιξῦ

549 5378 770 5473 peribis
800 5396 973 5453 male.
1005 5395 1191 5451 Simul
1215 5398 1409 5451 autem
1441 5411 1506 5451 ac
1528 5395 1824 5451 somnium
1848 5378 2161 5456 ementitus

2304 5378 2575 5478 αἰφνιδίου
2605 5378 2785 5458 κακῷς
2815 5393 3175 5464 τελευτήσεις.
3212 5396 3362 5466 Ἅμα
3392 5389 3450 5447 δὶ
3477 5396 3555 5464 τῷ
3599 5391 3686 5446 τὸν
3736 5378 3903 5459 ὄνειρόν

1898 5577 2131 5637 νΑιιυΕ
2168 5579 2577 5639 LECTIONES.

616 5701 662 5783 ν
695 5701 768 5765 al.
799 5703 961 5767 deest
987 5701 1050 5787 in
1074 5700 1150 5788 gl,
1256 5698 1333 5785 al.
1369 5695 1489 5778 ᾅδῃ.
1520 5699 1565 5735 “
1595 5694 1829 5765 οὐδενός.
1860 5702 1907 5738 ⁴⁸
1935 5702 2011 5760 al.
2041 5703 2160 5766 τοῦ.
2192 5707 2237 5747 ⁸ο
2262 5705 2341 5767 al.
2372 5701 2666 5777 παύσηται.
2696 5700 2741 5741 ⁴⁷
2773 5702 2848 5763 al.
2879 5700 3291 5773 κολακεύοντος.
