4082 6208
222 359 341 419 529

987 358 1519 423 CLEMENTINA.
1554 389 1630 404 -
1660 356 2007 419 EPITOME
2054 358 2153 417 DE
2200 358 2468 419 GESTIS
2516 359 2581 420 S.
2627 354 2885 419 PETRI.

3515 354 3635 418 530

221 512 287 564 με
334 489 628 564 ψεύσασθαι
679 493 722 527 ⁸⁸
769 490 907 567 πρὸς
952 492 1042 546 τὸν
1094 488 1295 565 ἄνδρα,
1355 490 1512 551 αὐτὸς
1568 484 1861 564 περίφοϐος

1985 508 2105 545 νιΓο
2140 508 2392 556 narraw,
2429 494 2630 545 timore
2666 506 2875 561 magno
2907 492 3253 555 commotus,
3279 504 3371 543 me
3403 499 3457 545 et
3484 494 3631 546 duos

215 580 526 656 γενόμενος,
557 580 685 641 τούς
736 601 795 635 τε
846 577 940 634 δύο
988 579 1161 652 υἱοὺς,
1214 577 1444 641 δούλους
1476 600 1535 633 τε
1574 580 1662 633 καὶ
1695 575 1873 632 παιδί-

217 690 370 737 σκας,
423 668 511 723 καὶ
561 670 828 744 χρήματα
880 670 1053 744 συχνὰ
1102 668 1152 723 ἐν
1207 667 1391 741 πλοίῳ
1444 666 1745 741 ἐνθέμενος,
1795 666 1872 730 είς

232 760 456 828 Αθήνας
508 756 824 832 ἐξέπεμψεν,
876 756 1251 830 ἐντειλάμενος
1299 756 1423 819 τοὺς
1475 756 1624 818 υἱοὺς
1680 755 1869 810 ἐκπαι-

215 843 399 901 δεῦσαί
453 868 536 920 με,
584 847 799 923 Μέχρις
850 847 932 914 ἂν,
965 846 1120 924 φησὶ,
1170 851 1249 919 τῷ
1293 846 1695 921 χρηματίσαντι
1747 842 1873 918 δόξῃ

216 935 492 991 ἐπανιέναι
545 956 603 989 σε
636 979 648 992 .
706 936 801 990 Καὶ
862 934 929 1005 δή
979 935 1071 990 σὺν
1122 936 1235 1009 ἅμα
1287 936 1496 997 τέκνοις
1549 937 1584 1003 ἡ
1640 933 1873 989 τάλαινα

212 1024 500 1095 πλέουσα,
554 1023 656 1077 ὑπὸ
704 1024 911 1093 ἀνέμων
960 1024 1172 1094 ἀταξίας
1228 1023 1304 1085 εἴς
1350 1023 1575 1085 τούτους
1638 1021 1871 1098 ἀπορρι-

211 1120 370 1192 φεῖσα
414 1112 544 1175 τοῦς
593 1111 797 1175 τόπους
831 1159 846 1182 ,
898 1114 1092 1175 νυκτὸς
1146 1120 1247 1183 τῆς
1304 1113 1436 1183 νηὸς
1495 1109 1867 1181 διαλυθείσης,

204 1201 447 1278 ναυαγίῳ
491 1201 897 1275 περιεπέσομεν.
950 1202 1171 1257 Πάντων
1221 1198 1278 1255 δὶ
1330 1200 1618 1272 θανόντων,
1653 1203 1687 1269 ἠ
1740 1199 1867 1254 ἀτυ-

206 1292 321 1367 χής
354 1290 462 1367 ἐγὼ
506 1290 646 1363 μόνη
701 1291 804 1346 ὑπὸ
852 1288 1093 1370 σφοδροῦ
1136 1289 1377 1363 κύματος
1421 1289 1743 1366 ῥιπισθεῖσα,
1780 1288 1867 1343 ἐπὶ

206 1378 409 1455 πέτρας
468 1378 724 1456 έρῥίφην’
783 1378 862 1457 ἐφ’
918 1379 988 1448 ἧς
1044 1379 1357 1442 καθεσθεῖσα
1416 1375 1596 1433 ἐλπίδι
1648 1381 1745 1431 τοῦ
1801 1377 1869 1431 τὰ

203 1470 370 1524 τέκνα
420 1488 487 1540 με
518 1472 692 1537 ζῶντα
742 1467 946 1541 εὑρεῖν,
1000 1467 1074 1529 εἷς
1122 1466 1213 1522 τὸν
1273 1468 1434 1542 βυθὸν
1482 1465 1719 1539 ἐμαυτὴν
1770 1464 1869 1520 ούκ

204 1555 407 1635 ἔῤῥιψα
435 1556 579 1625 τότε,
611 1556 700 1612 δτε
724 1556 812 1611 καὶ
841 1558 940 1625 τὴν
985 1557 1170 1631 ψυχήν
1206 1555 1359 1631 εἶχον
1403 1560 1522 1617 τοῖς
1550 1562 1652 1625 τῆς
1683 1552 1866 1624 λύπης

203 1646 445 1719 κύμασιν
494 1643 604 1717 ἤδη
658 1644 1095 1718 μεμεθυσμένην,
1143 1644 1233 1699 καὶ
1282 1644 1477 1720 πρᾶξαι
1517 1648 1677 1698 τοῦτο
1710 1642 1864 1698 εύπε-

200 1741 319 1797 τῶς
352 1732 663 1806 ἠδυνάμην.

273 1845 531 1899 LXXXV.
558 1839 711 1910 Πλὴν
737 1837 924 1908 ἔπειδή
952 1834 1146 1927 ὄρθρος
1171 1837 1625 1914 έγένετο,μεγοὶλα
1651 1839 1857 1915 βοῶσα,
1893 1862 1938 1927 Β

1984 579 2155 645 filios,
2179 596 2485 650 servosque
2502 584 2558 634 et
2576 578 2836 643 ancillas,
2862 582 3029 650 atque
3052 579 3295 635 multam
3320 580 3629 651 pecuniam

1982 668 2039 722 in
2094 685 2292 723 navem
2342 668 2669 738 imponens,
2715 668 2972 723 Athenas
3019 669 3200 737 misit,
3233 668 3523 740 iussitque
3568 674 3628 724 ut

1982 761 2251 812 natorum
2284 757 2595 811 eruditioni
2646 773 2929 811 vacarem.
2961 758 3180 823 Quoad,
3211 756 3423 827 inquit,
3453 758 3626 813 visio-

1981 846 2074 901 nis
2106 846 2327 901 auctori
2362 846 2643 916 placuerit
2690 844 2877 899 redire
2908 849 2985 899 te.
3020 850 3221 916 Itaque
3253 862 3357 917 ego
3390 847 3626 915 misera,

1982 951 2099 989 una
2129 951 2260 989 cum
2283 934 2483 989 liberis
2515 934 2743 1006 navigo,
2767 938 2823 988 et
2851 938 3153 988 ventorum
3180 934 3231 987 vi
3265 935 3536 1005 projicior
3566 936 3625 989 in

1980 1022 2099 1078 haec
2132 1022 2276 1089 loca,
2311 1024 2560 1093 navique
2598 1027 2769 1078 noctu
2820 1020 3128 1089 dissoluta,
3160 1022 3219 1076 in
3253 1022 3624 1093 naufragium

1978 1112 2315 1167 incidimus.
2351 1111 2593 1167 Mortuis
2616 1116 2811 1167 autem
2860 1110 3152 1181 omnibus,
3187 1128 3305 1165 una
3343 1126 3447 1181 ego
3480 1110 3623 1166 infe-

1979 1200 2078 1267 lix,
2112 1200 2581 1272 magnisjactata
2602 1200 2898 1269 ﬂuctibus,
2921 1198 2981 1253 in
3012 1216 3216 1255 saxum
3248 1200 3429 1269 ejecta
3453 1215 3619 1253 sum:

1977 1289 2036 1344 in
2092 1306 2205 1361 quo
2255 1290 2484 1355 sedens,
2519 1290 2655 1360 quia
2701 1304 2793 1345 me
2844 1292 3010 1343 natos
3058 1287 3213 1342 vivos
3261 1291 3623 1359 reperturam

1977 1380 2305 1450 sperabam,
2338 1378 2397 1433 in
2431 1376 2673 1450 pelagus
2705 1394 2799 1433 me
2846 1393 2961 1432 non
3004 1377 3185 1448 dejeci
3219 1381 3368 1441 tum,
3402 1393 3534 1431 cum
3567 1381 3624 1432 et

1979 1467 2242 1523 animum
2286 1468 2573 1523 habebam
2606 1466 2843 1523 'doloris
2896 1466 3169 1522 fluctibus
3211 1466 3338 1536 jam
3368 1465 3619 1533 ebrium,

1977 1560 2033 1612 et
2063 1556 2170 1612 hoc
2202 1556 2385 1612 facere
2419 1555 2583 1611 facile
2614 1562 2897 1628 poteram.

2050 1843 2296 1899 LXXXV.
2330 1843 2544 1899 Verum
2595 1843 2693 1898 ubi
2743 1842 2952 1913 illuxit,
2987 1843 3309 1915 plurimum
3359 1843 3622 1901 clamans

196 1930 292 1986 καὶ
347 1931 513 2007 γοερὰ
558 1928 842 1984 κωκύουσα
900 1922 1344 2005 περιεϐλεπὸμην
1378 1970 1391 1996 ,
1459 1931 1695 1997 ζητοῦσα
1749 1931 1858 1981 τῶν

1974 1934 2024 1988 et
2050 1931 2458 1987 miserabiliter
2487 1931 2734 2002 ejulans,
2761 1932 3327 2003 circumspiciebam,
3354 1950 3623 2004 quast-ens

197 2019 349 2093 ἐμῶν
381 2017 746 2094 ταλαιπώρων
792 2019 1003 2095 βρεφῶν
1054 2018 1121 2071 τὰ
1169 2015 1331 2093 νεκρὰ
1380 2017 1626 2088 σώματα.
1662 2014 1858 2086 Ἐλεή-

199 2129 389 2170 σαντες
451 2108 541 2162 οὖν
606 2128 671 2179 με
720 2108 772 2161 οἱ
834 2106 1165 2181 ἐπιχώριοι,
1222 2106 1312 2159 καὶ
1369 2106 1583 2179 γυμνὴν
1633 2102 1857 2177 ἰδόντες,

202 2194 479 2254 ἐνέδυσαν.
531 2196 663 2250 Εἶτα
713 2194 802 2249 καὶ
858 2196 950 2249 τὸν
1018 2194 1179 2270 βυθὸν
1234 2192 1577 2268 ἀνηρεύνων,
1634 2193 1702 2248 τὰ
1756 2193 1861 2266 ἐμὲ

201 2286 370 2342 τέκνα
419 2289 725 2355 ζητοῦντες.
778 2284 923 2338 Ἐπεὶ
975 2281 1033 2338 δὲ
1082 2284 1158 2356 μὴ
1208 2282 1474 2357 εὕρισκον,
1516 2282 1858 2358 παραμυθίας

203 2376 373 2451 χάριν
422 2376 564 2436 τινὲς
611 2378 719 2428 τῶν
770 2371 1064 2450 φιλοξένων
1113 2376 1377 2448 γυναικῶν
1442 2370 1857 2445 προσελθοῦσαι,

207 2462 504 2540 διηγοῦντο
536 2463 728 2533 ἑκάστη
760 2462 828 2516 τὰ
856 2462 1050 2530 ἑαυτῆς
1096 2460 1253 2530 κακὰ,
1280 2459 1369 2515 Ἱνα
1397 2464 1465 2534 τῇ
1504 2465 1610 2515 τῶν
1652 2460 1857 2533 ὁμοίων

201 2557 482 2631 συμφορᾷ,
532 2551 875 2627 παραμυθίας
929 2550 1091 2623 μέρος
1144 2548 1195 2604 έν
1248 2554 1364 2611 τοῖς
1416 2547 1570 2623 ἐμοῖς
1622 2548 1858 2624 εὕροιμι.

200 2642 230 2697 ’ὀ
255 2639 323 2712 δή
364 2662 435 2715 με
459 2641 548 2696 καὶ
584 2638 795 2714 μᾶλλον
830 2637 1041 2711 ἐλύπει,
1072 2639 1161 2694 καὶ
1190 2639 1289 2707 τήν
1322 2639 1505 2713 ψυχὴν
1549 2637 1635 2692 ἐπὶ
1668 2636 1857 2692 πλεῖον

200 2733 507 2803 κατήσθιε,
556 2733 824 2805 γυναικῶν
876 2727 965 2782 καὶ
1022 2726 1209 2783 ἄλλων
1270 2726 1566 2782 ἀκούουσαν
1627 2747 1857 2804 συμφο-

198 2820 317 2894 ράς.
354 2817 457 2873 Καὶ
502 2815 568 2887 δὴ
620 2816 708 2872 καὶ
760 2816 835 2879 εἷς
882 2815 1049 2887 ξενίαν
1100 2814 1329 2871 πολλῶν
1381 2837 1447 2888 με
1486 2817 1633 2891 ἄγειν
1678 2815 1857 2885 ἀξιου-

198 2912 332 2975 σῶν,
370 2906 471 2980 μία
499 2928 583 2969 τις
611 2910 716 2960 τῶν
752 2905 975 2969 ἐνταῦθα
1007 2904 1263 2980 πενιχρὰ,
1293 2902 1478 2959 πολλᾶ
1529 2904 1853 2980 βιασαμένη,

195 2996 271 3057 εἷς
322 2998 389 3050 τὸ
439 2996 635 3064 εαυτῆς
677 2992 851 3049 ἐλθεῖν
905 2993 1149 3048 ἀνέπεισε
1197 2993 1533 3068 καταγώγιον
1564 3034 1577 3058 ,
1624 2991 1854 3067 Θάρσει,

202 3083 465 3159 λέγουσα
498 3083 586 3137 καὶ
635 3082 738 3157 γὰρ
767 3084 795 3137 6
829 3080 957 3154 ἐμὸς
998 3081 1159 3153 ἀνὴρ,
1205 3080 1401 3150 ναύτης
1453 3078 1511 3135 δὲ
1559 3078 1715 3141 οὗτος
1764 3081 1855 3151 ἦν,

196 3175 338 3227 κατᾶ
390 3170 659 3235 θάλασσαν
704 3172 931 3240 τέθνηκε
987 3169 1124 3224 πάνυ
1182 3171 1445 3246 νεώτερος
1501 3163 1597 3223 ὤν’
1656 3168 1745 3223 καὶ
1804 3168 1855 3239 ἐξ

197 3227 417 3317 helvo;
444 3259 670 3317 πολλῶν
722 3281 787 3334 με
830 3227 1119 3333 ἆίξιούντων
1172 3259 1247 3321 εἰς
1295 3227 1470 3335 γέμον
1520 3256 1717 3329 ἐλθεῖν,
1750 3227 1856 3334 ξγιίζ
1887 3227 1929 3293 C

198 3349 464 3425 χηρεύειν
498 3347 755 3422 εἱλόμην,
785 3349 877 3403 τὸν
922 3348 1051 3421 ἐμὸν
1100 3345 1268 3425 ἄνδρα
1316 3350 1572 3402 ποθοῦσα·
1606 3344 1750 3402 ἔσται
1802 3344 1859 3401 δὲ

197 3439 357 3491 κοινᾶ
406 3438 565 3509 ἡμῖν,
611 3436 644 3490 ’ὰ
675 3433 763 3491 διὰ
806 3440 1008 3512 χειρῶν
1061 3436 1361 3514 ἀμφότεραι
1411 3435 1649 3512 πορίζειν
1703 3432 1856 3489 δυνά-

204 3536 364 3599 μεθα.
404 3523 503 3580 Καὶ
532 3527 697 3579 ταῦτα
730 3523 824 3597 μὲν
855 3522 1055 3594 ἐκείνη.

271 3808 555 3866 LXXXVI.
580 3808 719 3883 Ἐγὼ
739 3804 818 3879 δὲ,
846 3804 935 3861 ἵνα
968 3808 1043 3879 μή
1069 3827 1151 3861 σοι
1190 3804 1417 3880 μηκύνω
1436 3805 1562 3869 τοὺς
1587 3807 1717 3881 ὑπὲρ
1734 3806 1858 3862 τού-

194 3918 297 3952 του
331 3895 851 3972 λόγους,συνῲκησα
874 3893 1143 3970 ταύτῃδιά
1160 3897 1259 3965 τὴν
1282 3893 1699 3973 φιλανδρίαν.ού
1713 3895 1856 3951 πολὺ

195 3987 261 4040 τὸ
303 3986 359 4041 ἐν
406 3986 577 4058 μέσῳ,
617 3984 707 4040 καὶ
740 3991 840 4054 τῆς
875 3982 1231 4061 ταλαιπώρου
1285 3985 1378 4058 μὶν
1409 3986 1463 4039 αἱ
1506 3990 1688 4060 χεῖρες
1721 3984 1856 4059 ἐμοῦ

199 4076 307 4129 ὑπὸ
357 4078 465 4128 τῶν
519 4072 811 4149 δηγμάτων
863 4073 1217 4146 παρείθησαν,
1267 4073 1357 4128 καὶ
1408 4076 1442 4143 ὴ
1486 4071 1851 4148 ὑποδεξαμένη

206 4185 274 4236 με
308 4162 447 4232 αὕτη
480 4164 612 4239 γυνὴ
647 4162 748 4217 ὑπὸ
793 4160 997 4226 πάθους
1027 4163 1171 4225 τινὸς
1205 4161 1309 4233 ὅλη
1362 4159 1692 4233 συνδεθεῖσα,
1735 4184 1856 4239 σχε-

197 4249 291 4307 δὸν
354 4251 611 4322 ἀκίνητος
670 4250 756 4306 ἐπὶ
812 4258 914 4321 τῆς
972 4250 1144 4313 οἰκίας
1192 4251 1462 4327 ἕρῥιπται.
1501 4251 1649 4305 Ἐπεὶ
1704 4250 1794 4306 οὑν
1828 4254 1855 4306 6

194 4347 308 4397 τῶν
338 4338 515 4395 πάλαι
543 4344 809 4416 γυναικῶν
861 4337 1015 4402 ἔλεος
1066 4338 1175 4411 ἤδη
1222 4342 1594 4417 παρήκμασεν,
1647 4339 1755 4416 ἐγὼ
1800 4339 1857 4395 δὲ

193 4430 286 4484 καὶ
341 4432 381 4498 ἠ
432 4430 548 4484 κατ’
597 4428 767 4499 οἶκον,
818 4428 1116 4506 ἀμφότεραι
1169 4434 1473 4506 συμφοραῖς
1528 4429 1719 4500 ἐπίσης
1768 4451 1856 4484 κε-

191 4520 487 4595 χρήμεθα,
524 4516 817 4590 καθέζομαι
860 4521 970 4588 νῦν,
1030 4517 1104 4579 ὡς
1153 4518 1306 4593 ὁρᾷς,
1358 4516 1580 4582 ἐνταῦθα
1625 4538 1852 4594 προσαι-

1970 2020 2292 2076 infelicium
2329 2019 2645 2075 liberorum
2680 2036 2943 2075 meorum
2978 2021 3276 2076 cadavera.
3311 2020 3496 2092 Igitur
3518 2022 3623 2076 mi-

1970 2109 2283 2167 sericordia
2315 2109 2474 2163 ducti
2506 2109 2759 2181 regionis
2790 2109 2946 2164 illius
2978 2109 3266 2178 homines,
3300 2116 3357 2164 et
3398 2110 3618 2165 nudam

1969 2198 2188 2265 intuiti,
2252 2197 2586 2251 induerunt.
2638 2198 2715 2251 Ac
2763 2198 2971 2252 deinde
3030 2197 3210 2251 maris
3259 2198 3616 2268 profundum

1969 2287 2210 2342 scrutati
2242 2291 2400 2353 sunt,
2435 2291 2758 2358 quaerentes
2807 2291 2975 2341 natos
3024 2303 3205 2341 meos.
3233 2287 3301 2340 Et
3331 2287 3470 2357 quia
3498 2305 3613 2344 non

1966 2375 2355 2443 inveniebant,
2390 2375 2680 2430 nonnullae
2734 2372 3050 2447 hospitales
3102 2374 3377 2431 mulieres
3407 2392 3617 2431 conso-

1968 2464 2126 2519 landi
2163 2465 2273 2519 mei
2317 2464 2502 2535 gratia
2532 2468 2921 2529 accesserunt,
2957 2467 3015 2517 et
3045 2480 3154 2518 sua
3185 2463 3433 2534 singulae
3464 2464 3619 2520 mala

1970 2555 2340 2623 enarrabant,
2374 2557 2437 2606 ut
2464 2552 2746 2607 similium
2792 2551 3124 2607 calamitate
3156 2556 3378 2623 partem
3409 2569 3615 2609 conso-

1968 2641 2206 2697 lationis
2238 2642 2296 2695 in
2329 2640 2475 2695 meis
2523 2640 2969 2695 adversitatibus
2994 2640 3382 2709 Inanciscerer
3412 2657 3424 2695 :
3461 2642 3615 2713 quod

1969 2736 2121 2788 certe
2152 2748 2243 2787 me
2268 2730 2456 2802 magis
2488 2731 2814 2802 torquebat,
2835 2730 3213 2799 animumque
3235 2728 3368 2802 plus
3396 2729 3616 2786 lacera-

1968 2821 2087 2890 bat,
2121 2822 2261 2875 dum
2293 2819 2540 2875 aliarum
2573 2818 2886 2873 mulierum
2932 2818 3296 2875 calamitates
3328 2820 3612 2876 audirem.

1967 2909 2250 2965 Caeterum
2284 2925 2415 2963 cum
2468 2907 2665 2963 multae
2712 2924 2804 2962 me
2835 2907 3087 2979 hospitio
3136 2908 3388 2980 recipere
3434 2924 3615 2980 cupe-

1967 3003 2114 3067 rent,
2149 2998 2413 3069 quzedam
2445 2998 2572 3068 ejus
2604 2995 2713 3051 loci
2744 2995 3120 3068 paupercula,
3154 2996 3342 3051 multa
3370 2996 3420 3051 vi
3454 2996 3617 3052 adhi-

1966 3087 2087 3142 bita
2121 3086 2413 3158 persuasit
2443 3091 2504 3141 ut
2552 3086 2622 3140 ad
2654 3100 2827 3140 suum
2870 3084 3231 3139 domicilium
3264 3101 3564 3157 pergerem
3601 3104 3615 3144 :

1968 3175 2225 3246 Conﬁde,
2257 3175 2478 3241 dicens,
2512 3174 2728 3229 etenim
2776 3174 2864 3228 vir
2909 3190 3073 3228 meus
3104 3178 3226 3228 erat
3257 3173 3383 3245 ipse
3416 3180 3613 3245 nauta,

1969 3264 2028 3320 in
2061 3263 2207 3319 mari
2240 3263 2555 3318 admodum
2580 3261 2814 3332 juvenis
2864 3261 3028 3329 obiit,
3063 3266 3237 3333 atque
3268 3262 3341 3317 ab
3372 3278 3437 3317 eo
3468 3266 3615 3317 tem-

1968 3370 2125 3426 pore,
2159 3352 2294 3407 licet
2326 3350 2495 3406 multi
2531 3350 2793 3422 rogarint
2822 3364 2913 3403 me
2945 3354 3009 3404 ut
3040 3350 3276 3421 nuptias
3307 3350 3617 3406 contrahe-

1968 3459 2113 3511 rem,
2140 3458 2244 3513 ego
2278 3440 2381 3495 viri
2413 3440 2525 3495 mei
2560 3438 2869 3505 desiderio,
2898 3454 3069 3510 agere
3097 3438 3154 3493 in
3188 3438 3467 3494 viduitate
3502 3455 3597 3494 ma

1969 3529 2051 3585 lui
2086 3547 2099 3585 :
2135 3532 2306 3585 erunt
2336 3532 2530 3585 autem
2561 3527 2715 3583 inter
2745 3544 2852 3582 nos
2882 3527 3235 3597 communia,
3257 3543 3620 3599 quaecunque

1969 3618 2244 3676 manibus
2275 3619 2459 3674 amba:
2491 3618 2815 3689 poterimus
2862 3632 3222 3688 comparare.
3270 3618 3460 3687 Atque
3489 3616 3619 3688 ipsa

1968 3708 2275 3765 hactenus.

2041 3813 2321 3870 LXXXVI.
2357 3814 2473 3885 Ego
2503 3829 2635 3869 vero
2670 3830 2683 3869 :
2721 3812 2801 3868 Ne
2831 3811 2935 3867 tibi
2968 3828 3298 3867 sermonem
3328 3812 3398 3867 de
3429 3810 3521 3866 his
3553 3811 3611 3867 in

1967 3903 2206 3976 longum
2239 3903 2597 3974 protraham,
2633 3918 2765 3957 cum
2800 3918 2868 3956 ea
2900 3900 3173 3967 habitavi,
3208 3904 3442 3972 propter
3459 3917 3614 3956 amo-

1965 4010 2087 4048 rem
2151 4009 2262 4062 quo
2313 3992 2593 4047 maritum
2645 3990 3125 4062 prosequebatur.
3177 3990 3293 4046 Nec
3358 3988 3610 4044 multum

1966 4086 2199 4153 tempus
2228 4080 2644 4136 intermedium
2677 4079 2804 4147 fuit,
2840 4079 3073 4151 quando
3104 4083 3159 4133 et
3204 4095 3346 4134 mere
3378 4094 3609 4146 manus,

1965 4170 2212 4225 infelicis
2262 4168 2548 4235 mulieris,
2585 4168 2878 4223 morsibus
2927 4167 3238 4222 debilitatae
3269 4172 3428 4233 sunt,
3463 4172 3519 4222 et
3546 4183 3614 4222 ea

1968 4259 2180 4315 mulier
2211 4276 2336 4330 qua:
2362 4274 2453 4313 me
2484 4261 2839 4328 susceperat,
2866 4257 3066 4311 morbo
3098 4256 3350 4328 quodam
3383 4260 3505 4312 tota
3526 4272 3615 4311 oc-

1966 4354 2195 4419 cupata,
2230 4349 2347 4402 fere
2390 4345 2710 4401 immobilis
2740 4345 2897 4401 domi
2921 4345 3127 4417 jacuit.
3161 4345 3444 4409 Quoniam
3477 4360 3613 4417 ergo

1967 4436 2366 4493 misericordia
2406 4434 2743 4501 mulierum,
2777 4452 2900 4506 quae
2949 4434 3086 4490 olim
3134 4433 3610 4489 commiserescea

1965 4526 2272 4597 bant,jam
2304 4525 2559 4597 vigerem
2592 4524 2810 4589 amisit,
2838 4540 2901 4578 ac
2924 4539 3052 4595 ego,
3074 4528 3131 4578 et
3166 4522 3263 4577 illa
3294 4523 3493 4578 clausa
3514 4522 3612 4577 do-

188 4612 387 4675 τοῦσα,
420 4605 511 4660 καὶ
558 4606 630 4661 ὧν
683 4608 741 4661 ἂν
794 4605 1103 4682 εὑπορήσω,
1136 4605 1291 4661 κοινᾶ
1332 4607 1634 4678 ποιουμένη
1668 4608 1755 4661 καὶ
1784 4610 1853 4680 τῇ

1974 4616 2067 4682 mi,
2089 4615 2275 4670 amba:
2293 4612 2545 4669 miseriis
2576 4629 2644 4668 ex
2676 4628 2840 4683 asque
2862 4612 3120 4679 utimur;
3153 4628 3331 4679 nunc,
3355 4616 3420 4665 ut
3448 4611 3609 4667 vides

189 4694 660 4769 συνταλαιπώρῳ.
694 4696 797 4753 Καὶ
825 4694 892 4749 τὰ
937 4696 1030 4767 μὶν
1081 4692 1186 4766 ἐμὲ
1213 4698 1409 4749 τοῦτον
1460 4692 1576 4770 ἔχει
1605 4696 1696 4750 τὸν
1724 4696 1852 4771 τρό-

189 4806 324 4841 πον.
362 4784 566 4839 Λοιπὸν
611 4787 655 4821 ⁵⁸
683 4784 747 4838 σὺ
800 4786 876 4857 μὴ
925 4782 1177 4858 κωλύσῃς
1219 4785 1318 4852 τὴν
1366 4784 1657 4860 ὑπόσχεσιν
1706 4786 1854 4852 πλη-

188 4877 373 4945 ρῶσαι
416 4876 515 4927 τοῦ
563 4869 745 4927 δοῦναι
792 4872 855 4927 τὸ
916 4871 1233 4949 φάρμακον,
1290 4873 1437 4934 ὅπως
1484 4874 1573 4927 καὶ
1621 4877 1689 4947 τῇ
1740 4896 1854 4927 συν-

187 4962 336 5033 οίκῳ
398 4966 573 5025 θανεῖν
631 4960 999 5035 ἑπιθυμούσῃ,
1051 4964 1147 5015 τοῦ
1204 4957 1454 5023 δοθέντος
1510 4965 1849 5035 κοινωνήσω,

188 5051 335 5120 αὐτή
367 5071 427 5105 τε
461 5054 829 5127 μετασχοῦσα,
860 5052 960 5119 τῆς
1013 5054 1157 5119 ζωῆς
1205 5049 1407 5120 ταύτης
1456 5051 1645 5105 θᾶττον
1675 5050 1851 5106 ἀπαλ-

191 5137 383 5214 λαγῶ.

260 5334 582 5392 LXXXVII.
616 5338 791 5389 Ταῦτα
814 5339 914 5403 τῆς
963 5333 1222 5408 γυναικὸς
1273 5332 1556 5408 εἰπούσης,
1590 5337 1617 5390 6
1650 5338 1852 5410 Πέτρος

1964 4704 2059 4759 hic
2088 4704 2258 4759 sedeo
2289 4704 2497 4773 stipem
2535 4706 2755 4773 petens,
2789 4707 2847 4756 et
2875 4717 3001 4772 qua:
3034 4701 3179 4755 mihi
3229 4700 3607 4771 suppeditan-

1962 4798 2076 4864 tur,
2111 4791 2446 4848 communia
2495 4790 2639 4845 facio
2689 4806 2821 4845 cum
2867 4789 2966 4844 illa
2997 4788 3213 4861 pariter
3262 4788 3494 4842 misera.
3527 4788 3604 4843 Ac

1964 4898 2102 4937 mese
2134 4880 2370 4953 quidem
2404 4895 2494 4934 res
2518 4879 2625 4934 hoc
2658 4878 2828 4934 modo
2860 4894 2921 4933 se
2952 4877 3185 4932 habent.
3212 4877 3508 4948 Superest,
3543 4880 3607 4931 ut

1964 4980 2018 5027 te
2050 4986 2166 5025 non
2199 4968 2463 5023 inhibeas
2490 4968 2547 5021 in
2580 4965 2925 5039 complenda
2974 4982 3040 5021 eo
3071 4965 3225 5036 quod
3262 4965 3604 5036 promisisti,

1962 5060 2237 5114 daturum
2263 5062 2318 5111 te
2348 5056 2729 5127 pharmacum
2758 5079 2772 5122 ;
2806 5071 2921 5126 quo
2943 5058 3142 5109 etcum
3178 5053 3604 5120 contubernali,

1964 5152 2211 5203 mortem
2262 5149 2519 5217 optante,
2572 5144 2722 5214 quod
2773 5142 3001 5197 dederis
3054 5141 3504 5207 communicem,
3554 5147 3610 5197 et

1963 5252 2068 5309 ego
2098 5250 2359 5302 sumens,
2392 5234 2500 5289 hac
2530 5233 2648 5287 vita
2678 5232 2855 5287 citius
2888 5231 3118 5287 liberer.

2034 5340 2337 5397 LXXXVII.
2376 5340 2503 5394 llaec
2549 5337 2778 5393 dicente
2830 5335 3096 5400 muliere,
3129 5339 3337 5392 Petrus
3389 5334 3607 5406 cogita-

1555 5543 1799 5604 VARI/E
1859 5545 2249 5605 LECTIONES

264 5684 311 5720 “
347 5682 425 5742 al.
459 5678 860 5756 διαψεύσασθαι.
892 5682 936 5719 ⁴⁹
962 5682 1035 5742 al.
1068 5680 1245 5739 inser.
1280 5678 1389 5739 οὖν.
