4082 6208
500 357 615 420 531
1320 358 1386 418 S.
1434 355 1875 419 CLEMENTIS
1917 357 1945 417 Ι
1988 354 2180 418 ROM.
2223 352 2460 415 PONT.
2506 352 2768 415 OPERA
2811 350 3081 417 DUBIA.
3735 358 3827 420 532

500 490 762 546 tionibus
789 494 943 545 stare
991 506 1316 562 suspensus
1362 490 1681 545 videbatur.
1721 491 1833 563 Ego
1877 506 2011 545 vero
2043 506 2107 543 su

2214 533 2224 554 ι
2262 482 2651 558 ὑπὸλογισμῶν
2668 484 2917 547 ἵστασθαι
2944 484 3215 556 μετέωρος
3236 480 3554 560 ἐδόκει.Ἐγὼ
3582 482 3633 541 δὲ
3652 486 3826 552 ἐπιστὰς

500 580 864 651 perveniens,
896 582 953 633 et
983 578 1331 651 magistrum
1363 595 1496 634 cum
1540 578 1783 634 muliere
1812 578 2112 649 colloquen

2252 573 2340 627 καὶ
2372 573 2463 627 τὸν
2495 570 2817 628 διδάσκαλον
2860 577 2929 646 τῇ
2978 572 3193 647 γυναικὶ
3221 571 3681 649 κοινολογούμενον
3715 578 3827 633 οῧτω

499 671 617 723 tem
665 666 748 722 ita
795 672 1001 722 nactus
1048 683 1061 722 :
1112 667 1490 734 Jamdudum,
1543 666 1807 738 inquam,
1867 668 2111 723 oberran

2252 656 2597 733 καταλαϐών,
2628 663 2723 715 Ἐκ
2750 658 2966 716 πολλοῦ
2994 681 3051 715 σε
3089 660 3526 735 περιερχόμενος,
3572 661 3712 737 ἔφην,
3732 664 3828 736 tu.

499 758 832 828 quaerebam
854 760 909 810 te
934 774 947 822 ;
982 761 1038 811 et
1058 772 1214 811 nunc
1241 756 1381 827 quid
1414 755 1744 810 faciendum
1775 756 1910 811 est?
1941 760 2111 810 Petru

2251 767 2401 805 τουν·
2447 750 2537 804 καὶ
2587 750 2653 805 τὰ
2698 754 2809 818 νῦν,
2856 750 2908 805 τί
2938 749 3197 820 ποιητέον
3231 768 3244 818 ;
3281 752 3338 806 Ὀ
3369 746 3423 804 δὲ
3453 751 3635 825 Πέτρος
3672 757 3827 829 προσέ-

498 849 695 901 autem
744 845 1072 916 imperavit,
1121 850 1184 899 ut
1231 845 1639 916 praecederem,
1672 860 1740 900 ac
1788 844 1846 898 in
1893 843 2021 899 navi
2050 861 2110 899 ex

2253 839 2375 910 ταξέ
2435 861 2529 912 μοι
2575 839 2943 915 προαγαγόντι
2997 840 3174 913 μένειν
3229 837 3314 892 ἐπὶ
3359 842 3452 892 τοῦ
3504 839 3703 897 πλοίου.
3756 846 3828 897 Καὶ

499 939 843 1007 spectarem.
877 935 944 988 Et
972 934 1112 1005 quia
1143 949 1257 988 non
1307 932 1518 988 licebat
1546 934 1943 989 contradicere
1968 933 2019 988 ei
2050 952 2111 1004 qu

2257 926 2443 997 ἐπειδὴ
2494 929 2759 983 ἀντειπεῖν
2802 927 2900 983 οὐκ
2946 928 3013 997 ἦν
3056 926 3199 983 οὕτω
3249 924 3562 996 κελεύσαντι,
3602 930 3656 983 τὸ
3696 951 3827 1004 προσ-

499 1024 580 1077 ita
613 1026 979 1094 praceperat,
1002 1023 1154 1093 quod
1187 1022 1377 1077 fuerat
1396 1023 1631 1093 jussum
1664 1022 1791 1078 feci.
1825 1024 1895 1077 At
1921 1022 2111 1077 Petrus

2253 1017 2452 1092 ταχθὲν
2500 1016 2747 1073 ἐποίουν.
2796 1018 2859 1074 Ὀ
2917 1014 2974 1071 δέ
3024 1015 3228 1089 Πέτρος
3282 1021 3442 1090 μικρᾷ
3492 1037 3588 1070 τινι
3634 1018 3829 1092 ὑποψίᾳ,

500 1116 567 1167 ut
613 1112 737 1183 ipse
785 1112 931 1166 mihi
980 1115 1189 1166 cuncta
1239 1115 1440 1183 postea
1486 1111 1773 1183 exposuit,
1815 1112 2111 1182 suspicion

2258 1106 2331 1168 ὡς
2364 1106 2525 1167 αὐτός
2562 1126 2653 1179 μοι
2701 1104 2871 1160 πάντα
2918 1105 3137 1178 ὕστερον
3188 1103 3487 1180 διεγήσατο,
3534 1104 3827 1180 παλλόμενος

501 1201 711 1272 exigua
740 1201 798 1254 in
822 1204 1051 1272 pectore
1079 1200 1369 1271 pulsatus,
1391 1199 1788 1273 interrogabat
1817 1200 2113 1256 mulierem

2254 1196 2354 1263 τήν
2404 1193 2661 1270 καρδίαν,
2714 1195 3029 1250 ἐπυνθάνετο
3076 1197 3177 1264 τῆς
3221 1195 3468 1269 γυναικὸς
3511 1192 3691 1269 λέγων’
3730 1195 3831 1251 Εἰπέ

500 1290 701 1344 dicens
729 1308 742 1341 :
776 1290 945 1345 Refer
974 1289 1141 1354 mihi,
1176 1289 1412 1356 femina,
1439 1305 1625 1361 genus
1646 1293 1704 1344 ct
1733 1289 2043 1356 civitatem,
2067 1295 2112 1345 a1

2261 1305 2376 1357 μοι,
2408 1284 2588 1359 γύναι,
2628 1285 2690 1339 τὸ
2718 1284 2872 1361 γένος
2910 1284 2999 1339 καὶ
3038 1285 3139 1353 τήν
3186 1278 3372 1352 πόλιν,
3421 1284 3507 1337 καὶ
3583 1288 3676 1337 τῶν
3712 1284 3839 1339 τέκνω

501 1394 612 1450 que
642 1378 816 1433 etiam
866 1377 1182 1433 liberorum
1232 1378 1491 1444 nomina,
1524 1377 1842 1448 statimque
1890 1377 2113 1432 medica

2259 1371 2325 1444 δὴ
2358 1375 2424 1429 τά
2458 1373 2719 1446 ὀνόματα,
2769 1373 2859 1427 καὶ
2908 1378 3253 1449 παραχρῆμα
3296 1370 3490 1443 δίδωμί
3534 1392 3610 1426 σοι
3651 1375 3690 1409 ‘9
3732 1375 3832 1449 φάρ-

503 1470 769 1522 mentum
800 1467 903 1521 tibi
958 1467 1206 1521 tradam.
1240 1465 1342 1521 Illa
1370 1482 1525 1531 vero,
1558 1483 1683 1536 qum
1731 1471 2053 1538 cogeretur,
2086 1483 2115 1520 a

2260 1484 2449 1536 μακον.
2480 1465 2542 1518 Ἦ
2575 1460 2632 1518 δὲ
2678 1464 2975 1539 βιαζομένη
3029 1462 3149 1535 μὲν,
3190 1461 3282 1516 καὶ
3329 1460 3489 1516 εἰπεῖν
3538 1461 3625 1516 οὐκ
3656 1460 3831 1525 ἐθέλου-

502 1556 685 1611 nollet
702 1555 935 1626 quidem
956 1556 1165 1622 dicere,
1189 1560 1248 1611 et
1268 1561 1461 1610 tamen
1487 1554 1869 1627 pharmacum
1893 1555 2009 1610 acci
2018 1570 2114 1626 per

2259 1574 2344 1624 σα,
2373 1553 2436 1606 τὸ
2458 1550 2739 1629 φάρμακον
2792 1551 2850 1607 δὲ
2896 1550 3049 1623 ὅμως
3094 1550 3350 1629 ἐφιεμένη
3379 1544 3579 1622 λαϐεῖν,
3606 1550 3836 1628 ἐσοφίσατο

506 1650 761 1717 cuperet,
793 1643 849 1699 id
884 1649 1215 1700 commenta
1243 1647 1349 1711 est,
1384 1648 1449 1698 ut
1479 1661 1581 1715 pro
1613 1644 1744 1699 aliis
1774 1644 1992 1699 diceret
2014 1642 2118 1698 alia

2259 1641 2376 1695 ἀντὶ
2406 1638 2593 1695 ἄλλων
2639 1639 2807 1695 εἰπεῖν
2853 1638 3033 1716 ἕτερα,
3076 1639 3165 1695 καὶ
3216 1641 3368 1712 ὁμῶς
3418 1638 3573 1707 αὐτὴν
3617 1639 3697 1712 μὶν
3725 1640 3837 1715 Ἐφε-

504 1732 803 1803 simulque
832 1748 895 1788 se
924 1732 1233 1802 Ephesiam
1264 1748 1392 1787 esse
1414 1733 1829 1804 pronuntiavit,
1854 1732 2044 1787 virum
2064 1732 2116 1787 Si

2260 1730 2376 1784 σίαν
2408 1730 2539 1784 εἶναι
2582 1727 2770 1808 ἔφησε,
2816 1730 2910 1784 τὸν
2958 1726 3125 1804 ἄνδρα
3172 1726 3230 1783 δὶ
3281 1725 3523 1798 Σικελὸν,
3568 1726 3772 1789 ὁσαύτως
3797 1725 3838 1782 δὲ

508 1818 744 1885 culum;
778 1817 1051 1874 similiter
1079 1835 1307 1890 quoque
1336 1820 1516 1874 trium
1568 1836 1878 1891 puerorum
1914 1821 2112 1875 nomin

2224 1816 2347 1886 ,καί
2392 1823 2498 1872 τῶν
2547 1822 2712 1893 τριῶν
2763 1815 2973 1873 παίδων
3019 1815 3225 1890 ἤμειψε
3281 1818 3350 1871 τὰ
3406 1815 3648 1886 ὀνόματα.
3697 1815 3836 1870 Καὶὸ

2224 1893 2326 1923 ’.τι
2526 1906 2546 1923 ει
2592 1909 2615 1923 Α
2653 1906 2666 1923 ο
2770 1907 2784 1923 9
2839 1908 2852 1923 ι
2936 1906 2981 1923 η
3039 1908 3065 1923 Λ
3109 1904 3124 1923 I
3276 1903 3343 1923 nu
3546 1904 3559 1923 ι
3784 1903 3796 1920 ε

508 1907 908 1963 commutavit.
956 1908 1107 1962 Tum
1159 1909 1378 1975 Petrus,
1412 1908 1728 1964 arbitratus
1774 1924 1903 1964 eam
1949 1926 2120 1965 verun

2225 1903 2229 1916 ’
2261 1908 2465 1980 Πέτρος
2495 1906 2699 1977 οίηθεῖς
2727 1907 2893 1975 αὐτὴν
2925 1904 3229 1978 ἀληθεύειν,
3273 1903 3455 1979 Οἶ’μοι,
3500 1904 3662 1978 γύναι,
3691 1903 3837 1983 φησὶν,

508 1996 699 2051 dicere
733 2011 746 2051 :
775 1996 920 2063 Heu,
955 1995 1184 2061 mulier,
1218 1997 1431 2067 inquit,
1462 1997 1869 2053 existimabam
1902 2015 1995 2054 me
2026 2015 2120 2054 ma

2259 1992 2509 2067 ἐνόμιζον
2536 1993 2777 2071 μεγάλην
2806 1996 2929 2050 τινὰ
2952 1996 3126 2070 χαρὰν
3144 1998 3213 2067 τῇ
3246 1996 3482 2069 σήμερον
3514 1992 3647 2068 ἄγειν
3676 1993 3835 2067 ἡμέρᾳ,

506 2101 677 2159 gnam
706 2084 964 2141 laetitiam
983 2085 1260 2141 hodierno
1281 2086 1375 2141 die
1395 2084 2073 2158 allaturum,suspicatus
2094 2092 2118 2143 t

2260 2080 2551 2138 ὑπολαϐών
2612 2084 2670 2139 σέ
2713 2105 2835 2139 τινα
2881 2084 3052 2155 εἶναι,
3102 2084 3170 2153 ἧς
3214 2084 3287 2137 τὰ
3335 2084 3608 2159 πράγματα
3648 2080 3834 2142 ἀκούσας

507 2175 824 2248 quamdam
864 2190 1014 2241 esse,
1068 2176 1240 2245 cujus
1288 2191 1380 2229 res
1433 2174 1647 2243 audivi,
1679 2181 1736 2231 et
1789 2177 1964 2248 probe
1994 2177 2119 2233 novi

2256 2168 2498 2248 ἀκριϐῶς
2546 2172 2857 2247 ἐπίσταμαι.
2908 2175 2969 2229 Ἥ
3002 2169 3060 2227 δὲ
3108 2172 3367 2247 ἐξώρκισε
3414 2169 3649 2245 λέγουσα·
3681 2168 3841 2241 Δέομαί

501 2267 574 2320 At
602 2263 703 2319 illa
748 2264 1038 2334 adjuravit
1082 2279 1238 2333 eum,
1270 2264 1471 2319 dicens
1503 2281 1516 2319 :
1550 2264 1661 2320 Oro
1692 2268 1766 2332 te,
1800 2267 1950 2320 refer
1979 2266 2113 2321 mihi

2256 2282 2373 2331 σου,
2402 2262 2518 2317 εἶπέ
2568 2282 2683 2335 μοι,
2727 2261 2818 2317 ’ίνα
2867 2259 2995 2317 εἰδῶ
3042 2262 3087 2317 εἷ
3118 2258 3231 2317 ἔστι
3280 2282 3363 2324 τις
3394 2260 3443 2315 ἐν
3485 2256 3699 2335 γυναιξὶν
3725 2255 3836 2327 ἄλλη

504 2370 619 2427 quo
650 2352 852 2422 sciam,
886 2356 1083 2408 utrum
1114 2353 1267 2408 inter
1294 2352 1569 2409 mulieres
1600 2354 1677 2409 sit
1716 2354 1831 2410 alia
1860 2355 2116 2428 quaepiam

1142 2357 1267 2407 nter
1294 2352 1569 2409 mulieres
1600 2354 1677 2409 sit
1716 2354 1831 2410 alia
1860 2355 2148 2428 quaepiam
2256 2350 2562 2425 ἀθλιωτέρα
2600 2351 2754 2425 ἐμοῦ.

502 2459 597 2498 me
626 2441 931 2498 infelicior.

572 2530 900 2586 LXXXVIII.
935 2530 1000 2585 Et
1027 2532 1253 2599 Petrus,
1306 2530 1535 2586 mentiri
1591 2531 1882 2602 nesciens,
1914 2536 1972 2588 et
2003 2531 2146 2588 alio-

2328 2528 2659 2585 LXXXVIII.
2695 2528 2792 2583 Καὶ
2824 2529 2851 2583 6
2883 2527 3086 2604 Πέτρος
3133 2525 3421 2601 ψεύδεσθαι
3466 2524 3558 2580 οὐκ
3586 2521 3747 2595 εἲδὼς,
3771 2543 3839 2577 και

502 2620 603 2692 qui
634 2619 1031 2675 misericordia
1059 2635 1195 2691 erga
1228 2618 1388 2674 illam
1421 2620 1729 2687 adductus,
1759 2622 1914 2692 quod
1944 2638 2114 2677 verun

2256 2616 2441 2681 ἄλλως
2473 2618 2578 2672 ὐπὸ
2599 2616 2784 2680 ἐλέους
2804 2622 2901 2673 τοῦ
2930 2618 3065 2693 πρὸς
3085 2616 3253 2686 αὐτὴν
3281 2615 3581 2689 ἑλκόμενος,
3598 2614 3655 2668 τὸ
3682 2611 3839 2681 ἀληθὲς

501 2714 627 2765 erat
655 2708 829 2780 ccepit
857 2708 1049 2763 dicere
1073 2724 1085 2761 :
1111 2708 1212 2762 Est
1242 2707 1385 2761 mihi
1408 2708 1646 2779 quidam
1670 2709 1929 2780 juvenis,
1953 2727 1985 2766 ο
2017 2728 2113 2765 mu

2256 2704 2429 2780 λέγειν
2461 2703 2681 2779 ἤρξατο·
2717 2704 2875 2778 Ἐμοί
2908 2726 2989 2767 τις
3022 2704 3132 2760 ἐστὶ
3164 2703 3396 2776 νεανίας,
3427 2704 3499 2757 ὧν
3525 2702 3685 2777 γύναι,
3705 2700 3840 2755 τῶνω

501 2796 631 2864 lier,
654 2814 992 2852 sermonum
1012 2796 1081 2851 ad
1103 2796 1326 2851 cultum
1344 2796 1442 2851 Dei
1460 2798 1849 2866 spectantium
1873 2798 2113 2869 cupidus

2251 2800 2352 2864 τῆς
2386 2788 2685 2855 θεοσεϐείας
2720 2793 3044 2871 ὀρεγόμενος
3074 2792 3259 2869 λόγων
3305 2796 3373 2862 ⁸¹,
3414 2790 3675 2864 Ῥωμαίων
3704 2784 3839 2861 ὑπάρ-

502 2892 559 2943 et
610 2887 749 2943 civis
799 2887 1118 2953 Romanus,
1159 2885 1256 2957 qui
1298 2885 1440 2940 mihi
1482 2886 1737 2942 narravit
1782 2904 1897 2958 quo
1950 2888 2114 2943 modo

2253 2902 2371 2958 χων
2403 2881 2813 2952 πολίτης,ὅστις
2840 2904 2933 2955 μοι
2958 2880 3372 2959 διηγεῖται,πῶς
3395 2884 3438 2918 ⁵³
3456 2878 3643 2952 πατέρα
3658 2897 3709 2931 τε
3726 2872 3837 2950 ἔχων

503 2993 638 3032 cum
669 2976 907 3031 haberet
937 2979 1184 3047 patrem,
1215 2990 1281 3029 ac
1312 2975 1460 3031 duos
1488 2975 1696 3031 fratres
1725 2976 2010 3048 geminos,
2045 2994 2115 3032 ne

2252 2972 2341 3026 καὶ
2388 2969 2659 3049 ἀδελφοὺς
2707 2969 2802 3026 δύο
2836 2968 3124 3044 διδύμους,
3158 2968 3355 3025 οὐδένα
3380 2969 3577 3023 τούτων
3609 2967 3713 3040 ὁρᾷ.
3738 2967 3838 3016 Ἥτε

501 3066 721 3121 minem
739 3081 939 3119 eorum
964 3064 1202 3118 videret.
1232 3063 1378 3119 Nam
1401 3069 1607 3133 mater,
1624 3066 2113 3135 quemadmodum

2252 3061 2352 3137 γάρ
2389 3062 2594 3135 μήτηρ,
2630 3060 2703 3122 ὡς
2734 3061 2761 3114 δ
2792 3062 2997 3135 πατὴρ,
3046 3060 3205 3137 φησὶ,
3255 3056 3496 3133 διηγεῖτό
3543 3076 3648 3129 μου,
3674 3049 3837 3126 ὄνειρον

499 3154 711 3225 inquit,
746 3152 889 3207 mihi
919 3153 1416 3207 commemorabat
1446 3157 1626 3224 pater,
1654 3153 1798 3208 visio
1830 3154 2111 3209 insomnic

2255 3146 2466 3220 ἰδοῦσα,
2498 3156 2600 3217 τῆς
2631 3150 2918 3221 Ῥωμαίων
2959 3146 3175 3209 πόλεως
3224 3146 3316 3201 ἐπὶ
3364 3147 3555 3222 χρόνον
3599 3144 3704 3196 τινὰ
3730 3138 3838 3213 ἐξῄει

498 3260 568 3298 ex
599 3243 739 3297 urbe
770 3243 953 3297 Roma
973 3242 1044 3295 ad
1077 3241 1373 3312 quoddam
1398 3246 1631 3311 tempus
1655 3259 1771 3296 una
1803 3259 1937 3297 cum
1968 3245 2110 3314 gem?

2263 3239 2398 3311 μετᾶ
2425 3242 2531 3293 τῶν
2563 3235 2805 3310 διδύμων
2857 3236 3025 3307 αὐτῆς
3068 3232 3291 3303 τέκνων,
3317 3234 3409 3290 ἵνα
3442 3236 3513 3308 μὴ
3543 3236 3677 3303 κακῷ
3695 3228 3838 3285 τελευ-

499 3332 592 3387 nis
623 3330 747 3387 suis
778 3330 929 3385 natis
978 3330 1169 3397 exivit,
1204 3346 1277 3384 ne
1326 3329 1539 3385 misera
1580 3336 1763 3385 morte
1812 3332 2111 3387 decederet

2261 3330 2401 3401 τήσῃ
2452 3329 2681 3399 Θανάτῳ,
2722 3326 2811 3381 καὶ
2868 3326 2960 3381 σὺν
3019 3325 3201 3387 αὐτοῖς
3250 3321 3450 3380 ἐκϐᾶσα
3492 3327 3574 3377 νῦν
3606 3319 3699 3396 οὐχ
3736 3316 3842 3391 εὑρί-

498 3426 673 3490 atque
705 3437 839 3475 cum
871 3418 987 3474 illis
1018 3434 1275 3490 egressa,
1310 3435 1466 3473 nunc
1510 3435 1623 3473 non
1655 3419 1947 3474 invenitur
1980 3438 1993 3475 :
2026 3420 2110 3491 eju

2264 3436 2463 3471 σκεται·
2498 3418 2526 3470 6
2557 3414 2616 3471 δὲ
2660 3416 2863 3486 ταύτης
2916 3416 3009 3488 μὲν
3059 3415 3219 3490 ἀνὴρ,
3272 3414 3434 3469 αὐτοῦ
3483 3410 3537 3467 δὲ
3564 3410 3740 3483 πατὴρ,
3774 3405 3840 3460 καὶ

500 3514 695 3565 autem
728 3508 835 3575 vir,
872 3512 1037 3579 pater
1066 3524 1199 3562 vero
1233 3524 1420 3576 meus,
1450 3508 1499 3561 is
1533 3524 1766 3580 quoque
1798 3510 1869 3564 ad
1898 3526 2112 3580 quaere!

2265 3505 2422 3567 αὐτὸς
2451 3505 2526 3568 εἷς
2576 3504 2892 3575 ἐπιζήτησιν
2942 3504 3108 3572 αὐτῆς
3146 3499 3327 3574 ἐκϐὰς,
3371 3500 3495 3557 οὐδὲ
3537 3498 3678 3560 οὗτος
3711 3499 3748 3534 ⁸⁸
3777 3494 3839 3547 εὖ·

500 3599 632 3653 dam
666 3614 793 3653 eam
828 3598 1148 3668 digressus,
1182 3612 1289 3651 nec
1319 3596 1442 3667 ipse
1471 3596 1717 3652 inveniri
1749 3602 1960 3669 potest.
2265 3595 2522 3670 ρίσκεται.

575 3686 859 3742 LXXXIX.
895 3690 980 3739 Ita
1019 3701 1155 3739 cum
1209 3684 1414 3739 Petrus
1466 3684 1728 3752 dixisset,
1764 3684 1995 3750 mulier,
2028 3701 2155 3756 quas

2339 3685 2617 3740 LXXXIX.
2665 3686 2840 3737 Ταῦτα
2882 3685 2980 3736 τοῦ
3032 3680 3234 3757 Πέτρου
3278 3679 3542 3748 εἰπόντος,
3572 3674 3841 3741 ἐπιστήσασα

501 3775 573 3830 ad
606 3791 673 3830 ea
699 3774 962 3829 animum
995 3771 1375 3844 applicuerat,
1408 3777 1646 3845 stupore
1685 3774 2015 3829 exanimata
2043 3791 2113 3830 es

2263 3773 2352 3827 τὸν
2384 3777 2505 3826 νοῦν
2538 3771 2722 3833 αὐτοῖς
2752 3774 2817 3840 ⁸⁸,
2843 3771 2945 3825 ὑπὸ
2968 3768 3282 3841 ἐκπλήξεως
3315 3767 3566 3843 ἀπέψυξεν
3592 3768 3624 3835 ἡ
3652 3759 3839 3839 γυνή.’0

502 3865 706 3920 Petrus
736 3867 952 3929 autem,
986 3865 1051 3917 ut
1097 3861 1596 3933 expergisceretur
1625 3863 1812 3933 ipsam
1860 3862 2114 3922 hortatus

2266 3860 2324 3917 δὲ
2372 3861 2576 3936 Πέτρος
2623 3862 2811 3938 νήφειν
2860 3858 3026 3928 αὐτὴν
3077 3857 3622 3934 παρακελευσάμενος,
3660 3851 3712 3907 Τί
3741 3846 3841 3941 ποτέ

502 3952 782 4024 quidnam
816 3955 970 4006 esset
1000 3950 1153 4023 quod
1183 3955 1477 4023 pateretur
1502 3951 1899 4023 interrogavit.
1930 3955 2002 4008 At
2029 3954 2114 4010 illa

2264 3949 2405 4005 ἐστιν
2437 3950 2466 4004 ’ὀ
2496 3937 2748 4024 πάσχεις,
2778 3946 3173 4004 διεπυνθάνετο.
3205 3949 3267 4004 Ἡ
3315 3944 3393 4015 δὲ,
3427 3946 3596 4019 ὥσπερ
3637 3941 3689 3996 ἐκ
3714 3937 3839 4011 μέθης

501 4040 669 4111 quasi
704 4056 772 4094 ex
802 4039 1079 4094 ebrietate
1110 4055 1172 4094 se
1224 4038 1588 4111 recolligens,
1626 4057 1758 4095 cum
1809 4057 1873 4096 os
1922 4041 2113 4097 fricuis

2264 4039 2647 4114 ἀνενεγκοῦσα,
2699 4038 2788 4092 καὶ
2843 4037 2907 4092 τὸ
2964 4036 3258 4112 πρόσωπον
3316 4036 3543 4112 τρίψασα
3575 4052 3587 4065 ⁸
3635 4028 3721 4088 Καὶ
3762 4027 3840 4114 που

500 4110 631 4185 set:
664 4128 734 4183 Et
782 4127 880 4182 ubi
928 4131 1036 4197 est,
1070 4126 1276 4196 inquit,
1323 4126 1421 4182 ubi
1473 4134 1833 4184 memoratus
1874 4130 2106 4199 juvenis

2262 4110 2435 4198 ἔστιν,
2461 4125 2584 4205 ἔφη,
2618 4110 2723 4181 ποῦ
2752 4129 2797 4163 ⁵⁵
2827 4127 2855 4181 6
2888 4110 3297 4201 θρυλλούμενος
3339 4110 3543 4185 νεανίας
3574 4141 3587 4191 ;
3618 4110 3839 4205 Συνεὶςγξὶ

501 4216 840 4287 Intelligens
871 4220 1067 4271 autem
1100 4232 1221 4271 rem
1254 4216 1456 4271 Petrus
1493 4234 1505 4272 :
1539 4217 1623 4271 Tu
1657 4216 1800 4272 mihi
1840 4218 1933 4273 dic
1965 4219 2113 4289 prius

2261 4217 2289 4270 6
2322 4199 2521 4292 Πέτρος
2552 4216 2614 4270 τὸ
2664 4212 2864 4289 δρᾶμα,
2914 4199 3049 4269 Εἰπέ
3099 4235 3191 4287 μοι
3242 4214 3308 4267 σὺ
3350 4218 3577 4287 πρῶτον,
3626 4206 3731 4292 ἔφη.
3772 4199 3841 4256 ἀλ.

501 4305 739 4376 inquit:
774 4304 940 4360 aliter
979 4305 1135 4359 enim
1182 4321 1316 4359 eum
1366 4304 1559 4360 videre
1608 4322 1723 4360 non
1777 4306 2012 4377 poteris.
2048 4307 2111 4362 Ill

2260 4302 2371 4367 λως
2402 4306 2504 4381 γὰρ
2557 4302 2685 4358 ἰδεῖν
2732 4308 2922 4359 τοῦτον
2973 4302 3033 4358 οὐ
3084 4301 3327 4357 δύνασαι·
3367 4308 3428 4357 Ἠ
3475 4299 3529 4356 δὲ
3576 4291 3836 4381 σπεύδουσα,

499 4410 633 4450 vero
670 4392 971 4457 festinans,
1003 4393 1084 4447 ait
1117 4408 1129 4449 :
1181 4397 1295 4463 Ego
1344 4410 1474 4447 sum
1525 4393 1909 4450 adolescentis
1943 4401 2111 4450 matei

2260 4394 2424 4467 Ἐγὼ,
2457 4378 2642 4470 (ρησὶν,
2674 4395 2708 4462 ἡ
2737 4396 2834 4447 τοῦ
2881 4391 3161 4447 νεανίσκου
3215 4393 3403 4467 μήτηρ
3452 4388 3579 4462 εἰμὶ,
3608 4384 3687 4440 καὶ
3726 4378 3839 4470 lilii-

504 4488 560 4538 et
591 4498 802 4537 nomen
835 4481 919 4536 illi
951 4486 1040 4537 est
1076 4480 1363 4538 Clemens.
1393 4484 1514 4547 Quo
1562 4486 1767 4538 Petrus
1816 4483 2013 4538 audito
2046 4501 2059 4539 :
2097 4486 2116 4540 Ι

2262 4502 2369 4554 μης
2407 4468 2553 4553 αὐτῷ
2582 4476 2780 4553 ὄνομα.
2815 4481 2911 4535 Καὶ
2935 4481 2962 4534 6
2985 4479 3188 4555 Πέτρος
3219 4474 3639 4551 ἀκούσας,Αὐτός
3660 4468 3835 4534 661W“,

503 4570 630 4643 ipse
658 4575 768 4640 est,
797 4569 1005 4641 inquit,
1030 4570 1079 4626 is
1100 4570 1223 4642 ipse
1241 4574 1365 4637 est;
1398 4576 1567 4641 atque
1598 4570 1648 4626 is
1680 4575 1823 4639 erat,
1848 4571 1949 4642 qui
1976 4573 2112 4643 paul

2257 4570 2424 4639 εἶπεν,
2454 4569 2615 4632 αὐτός
2665 4568 2794 4625 ἐστι·
2827 4567 2916 4624 καὶ
2966 4568 3127 4630 οὗτος
3171 4568 3237 4637 ἦν
3266 4568 3295 4622 ὁ
3342 4567 3448 4642 πρὸ
3496 4559 3677 4639 μοιροῦ
3712 4575 3838 4655 προισ-

505 4642 639 4714 ante
670 4659 932 4724 accessit,
965 4664 1022 4713 et
1070 4674 1298 4714 mecum
1346 4657 1576 4714 locutus
1623 4664 1731 4727 est,
1766 4642 2058 4732 quemque
2090 4662 2117 4716 ἰι

2258 4658 2428 4715 ελθὼν
2456 4659 2545 4714 καὶ
2571 4656 2818 4729 λαλήσας
2854 4678 2970 4730 μοι,
2998 4657 3056 4712 ὃν
3088 4656 3176 4712 καὶ
3208 4655 3486 4729 ἀναμένειν
3517 4653 3565 4707 ἐν
3592 4655 3663 4722 τῷ
3694 4642 3837 4732 πλοίῳ

505 4747 637 4804 navi
667 4753 1000 4819 exspectare
1017 4746 1194 4818 jussi.
1216 4751 1363 4802 Tum
1395 4746 1495 4801 illa
1526 4748 1597 4803 ad
1621 4748 1771 4802 Petri
1793 4730 1983 4821 genua
2013 4768 2115 4822 pro

2256 4745 2555 4821 προσέταξα
2588 4791 2601 4804 .
2661 4748 2722 4802 Ἥ
2771 4743 2831 4800 δὲ
2878 4749 3257 4823 προσπεσοῦσα
3306 4749 3387 4817 τῷ
3444 4742 3623 4816 Πέτρῳ
3656 4783 3669 4808 ,
3716 4730 3838 4804 ἠξίου

502 4836 724 4901 cidens,
756 4836 999 4908 rogabat
1028 4839 1092 4891 ut
1112 4835 1185 4891 ad
1216 4852 1419 4892 navem
1449 4842 1799 4908 properaret.
1821 4843 1886 4892 Et
1902 4842 2110 4895 Petrus

2253 4834 2498 4892 σπεύδειν
2531 4836 2619 4891 ἐπὶ
2647 4837 2709 4891 τὸ
2756 4833 2975 4892 πλοῖον.
3009 4834 3107 4890 Καὶ
3139 4835 3167 4889 6
3198 4832 3422 4910 Πέτρος,
3454 4828 3523 4887 Ei’
3565 4849 3650 4901 μοι
3675 4824 3838 4897 τηρεῖςι

501 4924 559 4980 Si
595 4924 760 4992 mihi,
812 4924 1019 4995 inquit,
1052 4941 1248 4980 servas
1296 4929 1485 4997 pacta,
1517 4926 1626 4981 hoc
1675 4943 1903 4997 quoque
1951 4943 2113 4999 agam

2253 4924 2378 5004 ἔφη,
2408 4928 2502 4987 τὰς
2549 4926 2831 4995 συνθήκας,
2881 4922 2970 4979 καὶ
3012 4927 3177 4978 τοῦτο
3224 4924 3462 4994 ποιήσω.
3496 4921 3554 4974 Ἥ
3601 4910 3839 5004 δέ,ῗΠάντα

497 5012 604 5068 Illa
628 5018 823 5068 autem
857 5014 1188 5084 respondit:
1221 5012 1429 5069 Omnia
1461 5015 1670 5069 faciam
1698 5039 1712 5081 ;
1742 5019 1972 5070 tantum
2000 5016 2109 5070 mih

2251 5003 2751 5093 ποιῶ,φησὶ,μόνον
2789 5034 2881 5087 μοι
2901 5014 2964 5068 τὸ
2991 5012 3175 5067 τέκνον
3208 5012 3269 5066 τὸ
3303 5009 3583 5084 μονογενὲς
3599 5003 3837 5079 γνώρισον,

493 5102 680 5157 ﬁlium
713 5103 1082 5174 unigenitum
1107 5103 1347 5158 ostende
1382 5120 1395 5158 :
1433 5120 1533 5174 per
1554 5119 1690 5158 eum
1713 5105 1928 5175 quippe
1952 5104 2105 5159 vider

2252 5102 2391 5174 δόξω
2419 5105 2519 5180 γὰρ
2553 5100 2620 5157 δι’
2649 5102 2813 5157 αὐτοῦ
2841 5101 2931 5157 καὶ
2960 5101 3027 5155 τὰ
3070 5098 3165 5155 δύο
3219 5121 3320 5173 μου
3349 5100 3416 5153 τὰ
3444 5095 3648 5152 ἐνταῦθα
3685 5098 3836 5180 τῑθνξὶ·

489 5190 637 5247 mihi
667 5172 904 5247 videbor
924 5191 1149 5247 etduos
1187 5207 1346 5246 meos
1368 5172 1467 5263 qui
1500 5191 1592 5247 hic
1624 5172 1842 5248 mortui
1862 5172 2014 5248 sunt
2046 5210 2101 5248 nt

2249 5172 2382 5247 κάτα
2416 5172 2577 5246 τέκνα
2626 5192 2777 5265 ὁρᾷν.
2835 5189 2933 5244 Καὶ
2983 5190 3011 5244 6
3057 5172 3303 5265 Πέτρος.
3356 5184 3512 5241 Ἀλλ’
3554 5182 3667 5238 ὅταν
3712 5172 3834 5231 αὐτὸν

484 5281 598 5336 tos.
630 5281 710 5336 Ac
738 5283 945 5335 Petrus
982 5296 995 5335 :
1026 5279 1137 5335 Sed
1170 5294 1304 5335 cum
1332 5278 1557 5336 videbis
1601 5297 1757 5353 eum,
1790 5280 1985 5353 quieta
2015 5297 2096 5337 me

2043 5297 2139 5338 na-
2250 5278 2391 5355 ἷδῃς,
2419 5279 2728 5357 ἠσύχασον,
2762 5277 2958 5356 μέχρις
2982 5276 3040 5334 ἃν
3072 5284 3175 5349 τῆς
3205 5278 3372 5350 νήσου
3403 5272 3655 5349 ἐκϐῶμεν.

488 5384 581 5439 ne,
617 5368 800 5424 donec
830 5382 899 5423 ex
928 5366 1123 5424 insula
1152 5368 1369 5439 egressi
1404 5368 1710 5425 fuerimus.

1841 5523 2084 5579 VARI/Ii.
2140 5522 2546 5580 LECTIONES.

564 5662 609 5696 ¹⁵⁰
637 5661 712 5718 al.
760 5660 873 5719 τόν.
920 5664 962 5700 ⁶¹
1015 5661 1090 5719 al.
1138 5658 1327 5736 λόγον.
1379 5662 1425 5698 ⁵²
1484 5662 1557 5720 al.
1610 5662 1705 5725 ὡς.
1755 5665 1799 5700 ⁵³
1830 5660 2023 5726 ούτως.
2076 5665 2120 5701 ⁵⁸
2165 5663 2240 5722 al.
2290 5665 2485 5734 ἑαυτῆς
2535 5668 2591 5721 et
2638 5661 2827 5732 αὐτῆς.
2877 5663 2921 5699 ⁵⁸
2971 5661 3045 5720 al.
3095 5663 3199 5717 ποῦ
3248 5656 3401 5715 ἐστίν.
3432 5654 3656 5715 “deest
3693 5648 3745 5706 in
3771 5640 3830 5703 al.
