4082 6208
272 395 401 455 533

1031 391 1564 456 CLEMENTINA.
1600 425 1673 439 -—
1706 389 2055 453 EPITOME
2103 396 2203 455 DE
2250 399 2523 463 GESTIS
2569 402 2633 464 S.
2680 400 2938 465 PETRI.

3566 403 3683 467 534

348 527 455 583 XC.
492 520 807 597 Λαϐόμενος
868 524 958 579 οὖν
1017 531 1117 593 τῆς
1176 525 1361 599 χειρὸς
1420 523 1585 591 αὐτῆς
1634 525 1661 576 ὁ
1705 524 1925 598 Πέτρος,

2118 527 2226 583 XC.
2267 531 2493 587 'l‘uneus
2527 550 2661 605 ergo
2696 533 2855 589 illius
2899 552 3141 592 manum
3175 536 3397 603 Petrus,
3431 553 3557 592 eam
3608 538 3681 592 ad

270 615 404 689 ἦγεν
438 613 524 668 ἐπὶ
553 615 615 669 τὸ
645 613 861 671 πλοῖον,
898 614 1038 688 Ἐγὼ
1070 610 1128 667 δὲ
1172 610 1298 667 ἰδὼν
1351 617 1801 689 χειραγωγοῦντα
1830 634 1925 687 γυ-

271 708 452 771 ναῖκα,
515 702 764 777 ἐγέλασα.
824 702 921 757 Καὶ
988 701 1330 777 προσελθὼν,
1382 702 1459 764 εἰς
1512 703 1681 773 τιμὴν
1739 701 1923 770 αὐτοῦ,

272 792 390 847 ἀντ’
420 791 584 847 αὐτοῦ
642 797 1003 867 χειραγωγεῖν
1059 792 1226 860 αὐτήν
1280 792 1617 867 ἐπειρώμην,
1670 790 1764 845 Καὶ
1816 791 1927 863 ἅμα

271 886 358 953 τῷ
388 880 618 953 ἅψασθαί
655 902 721 953 με
747 887 847 949 τῆς
881 881 1067 955 χειρὸς
1118 879 1309 949 αὐτῆς,
1344 878 1648 950 ὀλολύξασα
1697 880 1769 941 ὡς
1819 881 1926 952 μή·

268 991 380 1045 τηρ
437 969 597 1044 μέγα,
648 970 739 1024 καὶ
796 968 1209 1042 περιπλακεῖσα,
1268 967 1475 1046 σφόδρα
1530 968 1805 1045 κατεφίλει
1862 988 1928 1039 με

268 1059 369 1114 τὸν
403 1059 569 1128 αὐτῆς
598 1058 741 1117 υἱόν.
786 1059 929 1131 Ἐγὼ
962 1055 1019 1112 δὲ
1048 1059 1110 1112 τὸ
1135 1063 1363 1133 πρᾶγμα
1400 1058 1529 1133 ὅπερ
1578 1061 1643 1126 ἦν
1696 1057 1925 1132 ἀγνοῶν,

270 1150 352 1211 ὡς
408 1146 739 1221 μαινομένην
810 1146 1163 1219 ἀπεσειόμην.
1218 1144 1550 1219 Αίδούμενος
1600 1143 1657 1200 δὲ
1701 1146 1788 1200 καὶ
1834 1146 1924 1200 τὸν

275 1240 501 1314 Πέτρον,
534 1236 753 1313 πικρίας
786 1235 1170 1310 ἐπληρούμην.

349 1346 482 1402 XCI.
512 1345 570 1396 Ὀ
602 1340 659 1397 δὲ
716 1344 939 1419 Πέτρος,
970 1348 1091 1414 Ἔα,
1124 1340 1309 1419 φησὶν,
1343 1342 1388 1394 ὦ
1444 1338 1669 1413 Κλήμη.
1718 1339 1777 1394 Τί
1825 1340 1926 1416 γὰρ

269 1432 366 1487 καὶ
396 1438 593 1503 ποιεῖς,
628 1430 770 1487 οὕτω
798 1433 898 1502 τήν
929 1452 986 1486 σε
1024 1434 1277 1486 τεκοῦσαν
1330 1429 1717 1502 ἀποσειόμενος
1742 1449 1755 1498 ;
1788 1430 1927 1505 Ἐγὼ

272 1520 339 1577 δὲ
392 1527 550 1578 τοῦτο
610 1521 861 1591 ἀκούσας,
893 1519 1221 1596 περίδακρυς
1268 1519 1575 1595 γενόμενος,
1624 1518 1713 1574 καὶ
1762 1540 1925 1574 κατα-

270 1612 513 1686 πεσοῦσῃ
716 1610 945 1685 τεκούσῃ
1018 1610 1358 1686 προσπεσὼν,
1417 1606 1767 1687 κατεφίλουν.
1827 1607 1926 1662 Καὶ

270 1702 383 1777 γὰρ
416 1703 527 1774 ἅμα
552 1705 633 1773 τῷ
664 1700 893 1775 ῥηθῆναί
930 1720 1023 1772 μοι
1060 1702 1245 1766 τοῦτο,
1276 1695 1534 1773 ἀμυδρῶς
1583 1718 1699 1758 πως
1739 1696 1803 1751 τὸ
1850 1695 1923 1751 εἶ-

272 1789 371 1852 δος
402 1788 807 1862 ἀνεκαλούμην.
841 1785 1054 1842 Πολλοὶ
1100 1787 1195 1859 μὲν
1246 1786 1337 1840 οὖν
1391 1780 1559 1861 ὄχλοι
1607 1786 1927 1860 συνέτρεχον

2036 618 2333 688 navigium
2365 620 2551 677 duxit.
2587 624 2767 686 Quem
2800 641 2904 696 ego
2948 625 3151 681 videns
3184 641 3361 681 manu
3395 626 3680 682 deducere

2038 704 2364 774 mulierem,
2392 709 2493 763 risi
2530 728 2541 765 :
2575 716 2632 766 et
2662 713 2961 779 accedens,
2986 713 3045 768 in
3079 714 3356 769 honorem
3390 714 3680 785 illius,pro

2036 793 2159 865 ipso
2194 813 2369 852 manu
2404 799 2613 855 ducere
2643 817 2770 855 eam
2801 801 2974 857 volui.
3010 806 3076 856 Et
3102 802 3277 857 simul
3312 808 3485 874 atque
3515 803 3679 876 tetigi

2038 899 2278 939 manum
2326 887 2532 958 ipsius,
2586 906 2797 960 magno
2855 895 3135 961 tanquam
3188 898 3376 946 mater
3427 892 3679 949 clamore

2037 972 2210 1042 edito,
2272 992 2477 1045 meque
2535 977 2855 1048 complexa,
2911 978 3281 1034 vehementer
3342 996 3434 1035 me
3491 980 3677 1036 tilium

2038 1077 2215 1116 suum
2239 1063 2575 1119 deosculata
2603 1066 2833 1139 est.Ego
2864 1068 3365 1139 autem,ignorans
3395 1069 3678 1139 quidnam

2040 1149 2119 1204 rei
2151 1156 2607 1224 esset,tanquam
2640 1155 3031 1211 insanientem
3065 1156 3412 1229 repellebam
3439 1158 3679 1223 ;simul-

2040 1254 2152 1310 que
2204 1243 2484 1297 reveritus
2535 1243 2787 1313 Petrum,
2825 1244 3033 1316 plenus
3063 1261 3220 1300 eram
3266 1245 3677 1301 amaritudine.

2108 1345 2248 1401 XCI.
2278 1350 2423 1401 Tum
2460 1349 2659 1403 Petrus
2693 1365 2705 1403 :
2741 1348 2898 1417 Sine,
2922 1348 3138 1420 inquit,
3167 1366 3199 1403 o
3230 1348 3679 1414 Clemens.Quid

2039 1434 2194 1489 enim
2243 1436 2389 1507 agis,
2423 1436 2505 1491 ita
2566 1436 2853 1509 repellens
2885 1454 3013 1492 eam
3062 1454 3188 1509 qua:
3218 1442 3273 1493 te
3322 1438 3591 1510 peperit?
3620 1439 3681 1494 ld

2037 1539 2172 1579 cum
2206 1540 2310 1597 ego
2357 1525 2677 1592 audissem,
2712 1526 2961 1581 multum
3013 1526 3363 1599 lacrymans,
3405 1531 3461 1582 et
3506 1527 3682 1583 matri

2039 1628 2166 1683 quae
2198 1629 2260 1668 se
2290 1614 2578 1685 dejecerat
2607 1615 2895 1678 accidens,
2928 1615 3254 1671 osculabar.
3301 1616 3447 1670 Nam
3480 1616 3679 1672 statim

2038 1717 2104 1756 ac
2132 1701 2186 1755 id
2221 1701 2365 1757 mihi
2399 1704 2618 1758 dictum
2653 1704 3149 1771 fuit,subobscure
3168 1704 3414 1759 formam
3448 1705 3682 1776 genitri-

2037 1790 2122 1846 cis
2170 1791 2511 1847 recolebam.
2556 1792 2767 1863 Magna
2815 1808 2951 1862 ergo
3004 1792 3311 1847 hominum
3363 1792 3679 1850 multitudo

276 1880 563 1953 ἱστορῆσαι
610 1877 674 1933 τὰ
715 1879 915 1949 θαῦμα,
943 1876 1033 1931 καὶ
1074 1881 1235 1930 πᾶσιν
1281 1874 1464 1936 αὐτοῖς
1515 1872 1604 1928 διὰ
1660 1873 1925 1947 στόματος

2041 1881 2327 1936 concurrit
2353 1881 2424 1935 ad
2446 1881 2763 1935 videndum
2797 1881 3373 1953 miraculum;iisque
3403 1883 3679 1940 omnibus

268 1969 367 2037 ἦν,
400 1965 550 2027 ὅπως
596 1966 728 2040 ἀνὴρ
778 1964 950 2027 οὕτως
999 1964 1306 2040 ἀξιόλογος,
1349 1964 1448 2032 τήν
1508 1968 1790 2039 προσαῖτιν
1836 1985 1927 2038 γυ-

266 2062 455 2125 ναῖκα,
490 2055 697 2132 μητέρα
752 2055 943 2110 ἑαυτοῦ
994 2054 1368 2130 ἀνεγνώρισεν.
1404 2051 1775 2126 Βουλομένοις
1834 2052 1924 2107 οὖν

275 2149 416 2218 ἡμῖν
474 2144 563 2199 σὺν
720 2144 882 2219 μητρῖ
928 2150 1029 2213 τῆς
1077 2144 1246 2214 νήσου
1303 2137 1587 2211 ἐκϐαίνειν,
1620 2143 1654 2210 ἡ
1719 2142 1925 2217 μήτηρ,

274 2238 346 2289 ’0
391 2234 573 2289 τέκνον
629 2254 733 2305 μου
780 2233 1052 2301 ποθεινὸν,
1104 2231 1271 2303 εἶπεν,
1320 2226 1546 2306 εὔλογόν
1587 2230 1698 2285 ἐστι
1745 2232 1931 2284 συντά-

276 2324 465 2395 ξασθαι
523 2323 612 2377 καὶ
664 2322 733 2396 τῇ
786 2319 1153 2395 ὑποδεξαμένῃ
1183 2324 1225 2357 ⁵⁷
1254 2320 1485 2395 γυναικὶ,
1520 2318 1642 2389 ἥτις
1696 2318 1932 2395 πενιχρὰ

277 2413 435 2480 οὖσα,
457 2412 546 2466 καὶ
578 2410 683 2480 ὅλη
712 2409 1036 2485 παρειμένη,
1070 2408 1158 2464 ἐπὶ
1186 2416 1286 2478 τῆς
1319 2408 1493 2471 οἰκίας
1523 2407 1792 2485 ἔρριπται.
1828 2408 1929 2464 Καὶ

275 2502 310 2555 ὁ
340 2498 543 2575 Πέτρος
594 2498 825 2561 ἀκούσας
875 2498 1163 2571 ἐθαύμασε,
1193 2499 1282 2552 καὶ
1312 2500 1355 2535 ⁵⁸
1402 2500 1596 2559 πάντες
1646 2499 1699 2552 οἱ
1747 2518 1931 2573 περιε-

275 2589 539 2659 στηκότες
577 2591 621 2625 ⁵⁸
668 2584 831 2664 ὄχλοι
874 2588 938 2642 τὸ
986 2594 1085 2657 τῆς
1133 2586 1386 2663 γυναικὸς
1439 2585 1689 2664 φρόνημα
1718 2590 1780 2643 ⁶⁰.
1835 2585 1930 2640 Καὶ

277 2678 479 2739 εόθέως
536 2675 781 2732 ἐκέλευσέ
826 2698 934 2731 τισι
993 2678 1341 2752 πορευθῆναι,
1398 2676 1488 2730 καὶ
1538 2677 1637 2744 τήν
1704 2680 1933 2750 γυναῖκα

280 2766 370 2822 ἐπὶ
432 2766 626 2837 κλίνης
676 2765 920 2839 κομίσαι,
952 2767 1020 2834 ἧς
1080 2764 1395 2841 ἐναχθείσης
1440 2767 1510 2834 ⁵⁸,
1560 2765 1777 2833 τεθῆναι
1837 2766 1930 2837 μὲν

279 2855 555 2911 ἐπιτάττει
612 2856 711 2924 τήν
770 2854 988 2925 κλίνην·
1037 2854 1198 2916 αὐτὸς
1253 2852 1311 2908 δὲ
1368 2852 1471 2908 ὑπὸ
1540 2858 1660 2915 ταῖς
1716 2854 1929 2908 πάντων

276 2946 489 3017 ἀκοαῖς,
534 2943 596 2999 Ei
650 2943 909 3015 ἀληθείας
955 2946 1123 3016 κῆρυξ
1172 2943 1301 3018 ἐγὼ,
1352 2938 1479 3020 ἔφη,
1532 2941 1806 3017 ἐγερθήτω
1858 2942 1934 3013 ἐξ·

281 3037 449 3102 αυτ-ῆς
507 3034 687 3109 ὑγιὴς,
720 3033 797 3095 εἷς
854 3034 953 3102 τήν
1006 3036 1114 3086 τῶν
1172 3033 1531 3105 παρεστώτων
1587 3031 1787 3103 πίστιν,
1841 3030 1933 3086 ’ίνα

278 3127 480 3199 γνῶσιν
534 3122 615 3177 ὅτι
667 3124 743 3185 εἷς
793 3119 903 3177 ἔστι
953 3123 1083 3183 Θεὸς
1132 3122 1159 3175 ὁ
1200 3122 1292 3175 τὸν
1334 3120 1538 3193 κόσμον
1590 3123 1845 3191 ποιήσας.
1878 3126 1932 3175 Ὀ

284 3213 381 3284 μὲν
435 3212 527 3265 οὗν
581 3216 751 3267 ταῦτα
802 3210 935 3265 εἶπε*
970 3210 1057 3265 καὶ
1090 3213 1126 3279 ἠ
1152 3211 1287 3285 γυνὴ
1322 3208 1476 3273 εὐθὺς
1507 3212 1552 3246 ⁶²
1582 3210 1769 3285 ὑγιτής
1802 3211 1933 3264 ἀνα-

276 3306 447 3353 στᾶσα
487 3305 589 3367 τῆς
633 3296 846 3369 κλίνης,
895 3303 975 3369 τῷ
1021 3298 1209 3373 Πέτρῳ
1278 3297 1622 3371 προσέπεσεν·
1676 3297 1788 3351 εἶτα

274 3389 380 3456 τήν
438 3389 642 3458 συνήθη
696 3387 785 3441 καὶ
838 3385 1007 3462 φίλην
1065 3385 1498 3464 καταφιλήσασα,
1533 3385 1849 3441 ἐπυνθάνετο
1878 3386 1932 3441 τί

277 3498 361 3547 ειη
395 3480 579 3531 τοῦτο.
615 3478 677 3531 ἸΙ
707 3472 764 3531 δὲ
794 3474 927 3531 ὅλον
960 3475 1096 3549 αὐτῇ
1122 3475 1185 3529 τὸ
1242 3481 1473 3551 πρᾶγμα
1529 3480 1625 3530 τοῦ
1684 3476 1928 3551 ἀναγνω-

275 3569 481 3641 ρισμοῦ
512 3561 833 3640 διηγήσατο,
868 3564 960 3619 καὶ
1007 3565 1058 3618 οἱ
1116 3563 1442 3625 ἀκούσαντες
1496 3563 1926 3641 κατεπλάγησαδ.

274 3654 421 3711 Τότε
465 3655 501 3722 ἡ
556 3656 742 3729 μήτηρ
798 3654 898 3722 τὴν
956 3651 1238 3728 ξενοδόχον
1298 3653 1533 3707 ἱαθεῖσαν
1609 3651 1928 3729 παραδόξως

276 3739 492 3814 ἰδοῦσα,
548 3740 845 3818 παρεκάλει
898 3740 987 3795 καὶ
1049 3740 1183 3810 αὐτή
1256 3741 1539 3817 θεραπείας
1607 3748 1816 3817 τυχεῖν.
1874 3749 1927 3797 Ὀ

278 3831 484 3907 Πέτρος
535 3828 593 3885 δὲ
647 3832 745 3899 τήν
808 3836 969 3906 χεῖρα
1021 3830 1242 3902 ἰπιθεὶς,
1276 3830 1365 3885 καὶ
1424 3828 1590 3899 αὐτὴν
1642 3829 1926 3906 ἐθεράπευ-

274 3942 390 3978 σεν.

348 4027 513 4083 XCII.
544 4026 655 4081 Εἶθ’
699 4024 871 4087 οὕτως
918 4026 1041 4101 περὶ
1110 4019 1380 4086 εὐσεϐείας
1447 4021 1778 4099 διαλεχθεὶς,
1837 4024 1925 4081 ἐπὶ

269 4114 355 4188 τῷ
381 4113 529 4170 τέλει
559 4112 615 4169 δὲ
644 4116 733 4169 καὶ
790 4113 1062 4189 προσθείς·
1093 4119 1178 4169 Ὠς
1211 4110 1264 4168 εἷ’
1309 4133 1390 4174 τις
1451 4111 1703 4188 βούλεται
1759 4119 1926 4169 ταῦτα

276 4207 471 4278 μαθεῖν
518 4198 782 4279 ἀκριϐῶς,
831 4203 909 4264 εἰς
960 4202 1297 4277 Ἀντιόχειαν
1378 4201 1727 4279 ἀφικόμενος,
1788 4202 1924 4258 ὅπου

270 4292 503 4354 πλείους
535 4291 744 4367 ἡμέρας
787 4290 967 4366 ἔκρινα
1012 4291 1339 4363 παραμένειν
1370 4292 1435 4360 ⁸³,
1468 4289 1579 4344 ἐκεῖ
1624 4295 1789 4345 ταῦτα
1834 4293 1924 4347 καὶ

272 4382 609 4454 μανθανέτω.
664 4379 729 4434 Εἴ
792 4380 896 4455 γὰρ
974 4378 1237 4454 ἐμπορίας
1306 4374 1479 4433 ἕνεκεν
1537 4379 1573 4447 ἢ
1624 4380 1923 4454 στρατείας,

270 4468 453 4530 οἰκίας
483 4471 529 4505 ⁸⁸
556 4467 981 4540 καταλιμπάνειν
1016 4464 1217 4534 στ’δατε,
1250 4466 1338 4521 καὶ
1376 4466 1450 4527 εἷς
1496 4467 1733 4543 μακροὺς
1768 4469 1921 4524 ἀπεῖ-

267 4579 360 4613 ναι
420 4556 619 4617 πόνους
647 4559 716 4622 ‘5,
762 4555 983 4617 αἱωνίας
1041 4553 1099 4610 δὲ
1154 4556 1315 4630 χάριν
1361 4557 1526 4627 ζωῆς,
1577 4554 1700 4611 οὐδὲ
1756 4562 1920 4633 τριῶν

1842 3259 1931 3352 καὶ
1964 3259 2007 3327 C

2036 1969 2094 2024 in
2128 1986 2225 2025 ore
2252 1972 2529 2041 erat,quo'
2550 1970 2720 2025 modo
2750 1971 2894 2024 adeo
2927 1969 3325 2025 memorabilis
3357 1971 3443 2025 vir
3475 1971 3679 2028 mulie—

2037 2075 2159 2113 rem
2193 2058 2519 2113 mendicam
2553 2075 2721 2114 suam
2756 2063 2999 2114 matrem
3036 2058 3481 2131 recognovisset.
3508 2059 3683 2114 Porro

2037 2148 2404 2218 cupientibus
2438 2148 2605 2203 nobis
2633 2164 2701 2202 ex
2730 2147 2925 2203 insula
2954 2164 3087 2202 cum
3122 2152 3306 2203 matre
3336 2147 3512 2218 exire,
3544 2147 3688 2203 dixit

2040 2242 2268 2293 mater:
2306 2236 2408 2291 Fili
2460 2237 2537 2291 mi
2589 2236 2975 2308 Optatissime,
3020 2253 3252 2308 acquum
3300 2240 3411 2303 est,
3443 2239 3508 2290 ut
3529 2234 3687 2290 vale-

2039 2326 2233 2380 dicam
2268 2325 2496 2380 mulieri
2529 2342 2653 2397 quis
2688 2342 2779 2379 me
2811 2324 3351 2395 suscepit,queeque
3382 2340 3603 2395 pauper
3632 2328 3690 2381 et

2040 2419 2164 2470 tota
2215 2414 2547 2487 paralytica,
2580 2414 2735 2469 domi
2767 2414 2940 2483 jacet.
2976 2414 3139 2479 Quod
3184 2413 3431 2468 audiens
3461 2413 3685 2483 Petrus,

2041 2520 2176 2559 cum
2196 2504 2415 2575 ingenti
2446 2520 2576 2574 quae
2605 2504 2806 2558 aderat
2836 2501 3571 2573 multitudine,admiratus
3602 2506 3691 2557 est

2043 2591 2307 2647 mulieris
2326 2592 2716 2663 prudentiam;
2734 2591 2931 2646 statim
2948 2607 3061 2661 que
3082 2590 3380 2645 nonnullis
3395 2589 3686 2662 praecepit,

2043 2685 2107 2735 ut
2137 2681 2307 2746 irent,
2335 2684 2393 2735 et
2423 2680 2726 2736 mulierem
2760 2679 2818 2734 in
2871 2679 3082 2735 lectulo
3120 2683 3431 2749 portarent.
3466 2678 3589 2743 Qua
3618 2677 3687 2732 il-

2041 2768 2179 2837 lata,
2226 2768 2405 2841 jussit
2432 2769 2667 2841 quidem
2710 2768 2843 2840 poni
2897 2769 3150 2835 lectum;
3187 2768 3310 2839 ipse
3362 2784 3493 2823 vero
3544 2784 3685 2822 cun-

2042 2859 2150 2914 ctis
2183 2858 2559 2914 audientibus
2593 2876 2607 2914 :
2639 2858 2719 2925 Si,
2751 2857 2961 2929 inquit,
3004 2856 3264 2913 veritatis
3296 2873 3427 2911 sum
3475 2872 3683 2928 praeco,

2043 2953 2247 3020 surgat
2277 2948 2557 3003 continuo
2588 2964 2751 3017 sana,
2787 2947 2859 3001 ad
2893 2946 3067 3001 {idem
3100 2962 3302 3001 eorum
3332 2946 3433 3017 qui
3467 2948 3684 3014 astant,

2044 3042 2107 3091 ut
2137 3042 2489 3109 cognoscant
2536 3053 2718 3091 unum
2750 3052 2879 3091 esse
2909 3040 3090 3091 Deum
3135 3035 3401 3107 opiﬁcem
3456 3034 3684 3089 mundi.

2043 3130 2231 3197 Atque
2263 3127 2382 3180 haec
2413 3126 2648 3197 quidem
2681 3124 2779 3179 ille
2828 3124 2993 3191 dixit,
3022 3123 3444 3195 confestimque
3476 3123 3687 3178 mulier

2044 3230 2111 3269 ex
2141 3215 2286 3269 lecto
2320 3214 2570 3269 surrexit
2601 3231 2763 3283 sana,
2796 3218 2852 3268 et
2883 3214 3132 3285 procidit
3178 3214 3248 3267 ad
3284 3213 3457 3285 pedes
3512 3212 3681 3282 Petri,

2044 3321 2109 3359 ac
2142 3308 2340 3375 postea
2374 3303 2721 3358 familiarem
2754 3308 2811 3357 et
2840 3302 3089 3357 amicam
3122 3300 3685 3369 deosculata,scisci-

2043 3393 2278 3449 tabatur
2300 3392 2580 3462 quidnam
2611 3391 2720 3447 hoc
2751 3389 3039 3446 esset.[lla
3056 3406 3188 3446 vero
3218 3395 3408 3445 totum
3440 3390 3489 3444 ei
3518 3406 3687 3460 nego-

2042 3482 2189 3537 tium
2223 3482 2635 3553 recognitionis
2671 3479 2987 3551 Lexposuit;
3022 3483 3077 3533 et
3108 3478 3296 3533 cuncti
3331 3479 3431 3549 qui
3478 3479 3683 3533 audie-

2039 3576 2178 3627 runt
2207 3570 2595 3641 obstupefacti
2630 3574 2787 3624 sunt.
2820 3570 2980 3623 Tunc
3012 3572 3215 3635 mater,
3251 3567 3536 3639 hospitem
3571 3566 3679 3621 mi-

2038 3660 2300 3715 rabiliter
2330 3664 2595 3715 sanatam
2630 3656 3275 3728 cernens,rogavit,ipsa
3304 3672 3534 3728 quoque
3566 3672 3681 3711 me-

2038 3749 2229 3805 delam
2259 3749 2779 3820 acciperet.Petrus
2809 3751 3026 3815 autem,
3051 3762 3229 3801 manu
3261 3744 3552 3817 imposita,
3584 3744 3676 3816 ip-

2035 3855 2162 3896 sam
2194 3838 2369 3894 etiam
2396 3837 2641 3893 curavit.

2106 4033 2273 4089 XCII.
2325 4034 2397 4088 Et
2442 4035 2646 4103 postea
2692 4031 2763 4085 de
2803 4030 3015 4102 pietate
3060 4028 3357 4095 disseruit,
3408 4032 3584 4101 atque
3616 4032 3674 4084 in

2036 4123 2149 4178 ﬁne
2180 4122 2404 4178 addidit
2438 4138 2450 4176 :
2486 4121 2545 4177 Si
2579 4120 2711 4192 quis
2740 4120 2863 4175 haec
2892 4118 3015 4173 vult
3044 4118 3350 4190 diligenter
3376 4134 3679 4190 cognosco-

2035 4229 2116 4279 re,
2147 4210 2513 4266 Antiochiam
2545 4208 2757 4278 veniat,
2790 4208 2889 4263 ubi
2921 4207 3251 4279 complures
3282 4207 3406 4262 dies
3445 4223 3679 4262 manere

2036 4299 2235 4365 statui,
2269 4304 2326 4353 et
2356 4299 2433 4352 ibi
2458 4298 2645 4352 discat
2674 4313 2763 4351 ea.
2786 4296 2844 4351 Si
2875 4295 3030 4351 enim
3063 4294 3475 4365 negotiationis
3502 4311 3679 4350 causa

2033 4387 2120 4443 vel
2153 4386 2395 4453 militiae,
2431 4384 2760 4456 relinquere
2791 4385 2997 4439 domos
3029 4383 3249 4451 soletis,
3283 4389 3339 4438 et
3369 4383 3438 4437 ad
3472 4382 3678 4455 longos

2033 4475 2263 4530 labores
2295 4473 2602 4546 proﬁcisci,
2637 4490 2708 4527 an
2743 4490 2857 4527 non
2907 4476 3131 4526 internae
3174 4472 3301 4525 vitae
3346 4471 3554 4542 gratia,
3588 4471 3671 4525 vcl

2034 4563 2213 4618 trium
2250 4562 2475 4616 dierum
2498 4561 2606 4615 iter
2621 4561 2857 4632 aggredi
2891 4560 2947 4613 in
2972 4560 3236 4615 animum
3264 4558 3674 4614 inducetis?lta

266 4650 498 4723 ⁴ἡμερῶν
533 4643 657 4701 ὁδὸν
692 4641 937 4720 οἷ’χεσθαι
967 4622 1384 4719 προθυμήσεσθε
1412 4622 1489 4713 ⁸⁸,
1514 4622 1706 4707 Ὀὕτως
1730 4622 1916 4720 εἰπὼν,

2041 4652 2280 4718 locutus,
2331 4649 2583 4706 sermoni
2631 4650 2806 4704 finem
2859 4648 3159 4719 imposuit.
3214 4647 3425 4703 Deinde
3475 4652 3669 4701 autem

265 4740 383 4791 τῶν
416 4734 599 4810 λόγων
626 4733 943 4790 κατέπαυσε.
978 4733 1123 4788 Μετὰ
1152 4730 1211 4787 δὲ
1258 4736 1425 4787 ταῦτα
1473 4732 1582 4808 ἐγὼ
1640 4738 1707 4806 τῇ
1768 4736 1920 4809 ὑγια-

268 4823 459 4897 σθείσῃ
488 4822 701 4898 γυναικί
733 4821 820 4878 ἐπὶ
846 4821 1044 4883 παντὸς
1075 4824 1172 4875 τοῦ
1217 4816 1395 4895 ὄχλου
1438 4820 1627 4896 χιλίας
1669 4819 1919 4898 δραχμὰς

270 4914 355 4975 εἷς
406 4912 613 4991 τροφὰς
662 4909 1071 4988 δωρησάμενος,
1118 4909 1231 4965 εἶτα
1278 4910 1368 4963 καὶ
1416 4909 1785 4985 παραθέμενος
1835 4913 1925 4968 αὖ.

266 5003 373 5070 τὴν
396 5001 583 5077 ἀγαθῷ
610 5001 714 5055 τινὶ
747 4997 899 5076 ἁνδρί
938 5000 1140 5073 πρώτῳ
1180 5005 1281 5068 τῆς
1328 4998 1545 5061 πόλεως
1604 4994 1739 5071 ὅνἭ,
1772 5002 1924 5077 φύσει

273 5091 413 5165 μετὰ
444 5095 620 5166 χαρᾶς
649 5093 811 5145 τοῦτο
851 5092 894 5125 ⁸⁷
925 5089 1177 5164 πράττειν
1208 5086 1596 5163 προῃρημένῳ·
1632 5086 1707 5144 ἔτι
1750 5088 1806 5145 δέ
1834 5092 1922 5147 καὶ

268 5176 475 5240 ἄλλαις
532 5176 769 5240 πολλαῖς
828 5177 1055 5253 ἀργύρια
1112 5173 1388 5248 διανείμας
1452 5181 1570 5238 ταῖς
1651 5199 1781 5233 ποτε
1827 5182 1926 5249 τὴν

274 5267 488 5342 μητέρα
522 5267 1103 5342 παραμυθησαμέναις·
1140 5263 1533 5340 εὐχαριστήσας
1588 5270 1667 5337 τῷ
1723 5268 1923 5343 Κυρίῳ,

2030 4758 2156 4814 ego,
2210 4744 2517 4811 postquam
2552 4737 2780 4793 mulieri
2830 4753 2958 4808 qua:
2990 4741 3192 4792 curata
3236 4738 3442 4800 fuerat,
3474 4751 3670 4790 coram

2033 4829 2191 4886 omni
2224 4826 2618 4899 populo,mille
2649 4826 2959 4882 drachmas
2989 4826 3058 4881 ad
3092 4824 3304 4880 victum
3336 4822 3671 4891 dedi;insu-

2034 4935 2251 4990 perque
2303 4917 2453 4972 bono
2485 4916 2717 4972 cuidam
2768 4915 2910 4983 viro,
2941 4914 3190 4969 civitatis
3240 4913 3537 4985 primario,
3571 4911 3674 4984 qui

2034 5011 2241 5079 sponte
2289 5005 2347 5059 id
2379 5021 2512 5060 cum
2543 5004 2756 5076 gaudio
2787 5004 2974 5058 facere
3020 5002 3342 5073 proposuit,
3374 5017 3677 5056 commen-

2036 5095 2164 5151 davi
2195 5111 2324 5150 eam
2358 5111 2370 5149 :
2406 5098 2463 5149 et
2492 5097 2766 5165 praeterea
2794 5091 2925 5148 aliis
2957 5091 3132 5147 etiam
3166 5090 3521 5161 multis,quae
3553 5106 3677 5144 ma-

2036 5183 2109 5238 tri
2141 5183 2435 5254 quondam
2470 5181 2745 5236 solatium
2788 5180 3174 5251 prmbuerant,
3209 5178 3514 5250 pecuniam
3554 5178 3679 5234 dis—

2037 5272 2214 5327 tribui
2250 5288 2263 5326 :
2298 5270 2503 5343 gratiis
2542 5270 2657 5325 Deo
2690 5269 2852 5337 actis,
2886 5268 3273 5337 Antaradum,
3308 5283 3441 5322 cum
3472 5270 3677 5331 matre,

1626 5446 1867 5503 VARUE
1906 5450 2210 5507 LECTION
2220 5450 2319 5505 ES.

346 5572 390 5607 ⁵⁷
418 5569 498 5627 al.
530 5570 707 5626 inser.

762 5588 856 5648 με1
898 5570 954 5648 ⁵⁸.
1008 5568 1083 5625 al.
1152 5565 1297 5648 ἀλλὰ
1362 5566 1470 5648 καί,
1539 5569 1583 5648 ⁵9
1649 5571 1722 5626 al.
1791 5593 2165 5648 περιεστωτες.
2229 5576 2274 5648 βο
2342 5574 2415 5627 al.
2478 5572 2683 5648 @7196»:
2756 5569 3032 5648 φρόνημα.
3099 5570 3140 5605 ⁶¹
3207 5566 3281 5648 al.
3350 5564 3678 5648 ἐνεχθείσςης.

267 5644 320 5680 ⁸³
369 5641 638 5718 deest_in
687 5639 781 5718 al.“
812 5642 858 5676 ⁸³
905 5640 981 5697 al.
1031 5639 1337 5712 περιμένειν
1366 5681 1379 5694 .
1429 5642 1474 5676 ⁸⁸
1521 5640 1595 5696 al.
1646 5639 1930 5718 πατρίδας.
1972 5648 2017 5683 ⁸⁵
2055 5646 2129 5703 al.
2178 5644 2401 5705 τόπους.
2470 5639 2629 5698 66'al.
2679 5639 3168 5716 πρὸθυμηθήσεσθε
3212 5644 3268 5695 et
3312 5639 3680 5713 προθυμηθή-

269 5714 478 5775 σισθαι.
509 5713 553 5750 ⁸⁷
690 5709 889 5784 τοῦτῳ.
