4082 6208
442 371 562 435 535
1270 367 1336 430 S.
1383 370 1827 435 CLEMENTIS
1871 373 1897 434 Ι
1941 371 2135 434 ROM.
2179 372 2408 435 PONT.
2455 373 2717 435 OPERA
2760 372 3025 437 DUBIA.
3692 378 3791 439 536

439 505 631 569 Petro,
656 500 994 572 caaterisque
1024 498 1327 557 sodalibus
1359 502 1645 576 enavigati
1671 522 1683 573 ;
1708 509 1883 578 atque
1907 505 1987 560 ita
2019 523 2049 560 a

2206 500 2496 558 διέπλευσα
2546 504 2621 565 εἷς
2673 500 2995 581 Ἀντάραδον
3043 504 3156 577 ἅμα
3182 504 3251 574 τῇ
3299 502 3457 578 μητρὶ
3505 505 3587 559 καὶ
3633 507 3792 584 Πέτρῳ

442 591 770 665 hospitium
800 588 1219 662 processimus.

2199 592 2290 647 καὶ
2317 598 2436 655 τοῖς
2468 591 2684 655 λοιποῖς
2726 592 2983 668 ἑταίροιςο
3014 591 3103 647 καὶ
3148 590 3325 655 οὕτως
3374 591 3445 655 εἷς
3490 592 3647 664 ξενίαν
3699 595 3792 673 ὠρ-

2204 702 2279 754 μη
2289 702 2353 735 σα
2360 702 2453 753 μεν
2466 724 2478 738 .

513 770 701 827 XCIII.
732 769 775 805 ⁸⁸
806 768 949 823 Cum
983 770 1178 824 autem
1212 785 1328 825 una
1357 785 1624 826 essemus
1654 775 1709 827 et
1739 772 2091 844 sumpsisse-

2271 769 2459 827 XCIII.
2494 769 2803 842 Γενομένων
2839 765 2896 823 δὲ
2942 770 3103 841 ἡμῶν
3155 765 3243 822 ἐπὶ
3287 768 3347 822 τὸ
3394 766 3538 836 αὐτὸ,
3565 769 3647 825 καὶ
3688 792 3794 848 τρο.

447 877 581 917 mus
629 858 846 929 cibum,
879 861 1237 929 restaretque
1280 859 1472 914 adhuc
1516 860 1735 932 aliquid
1786 862 2059 933 temporis

2201 864 2307 936 φῆς
2361 853 2797 931 μεταλαϐόντων,
2845 857 3161 929 τεινομένης
3212 851 3289 910 ἔτι
3333 859 3429 926 τῆς
3476 857 3630 932 ὥρας,
3683 856 3792 937 ἔφην

447 965 551 1021 ego
583 947 701 1003 dixi
731 946 1324 1003 Petro:Humanitatis
1355 949 1764 1018 opus,domine
1796 949 1874 1003 mi
1907 950 2059 1005 Petre

2202 946 2310 1021 ἐγὼ
2341 950 2421 1018 τῷ
2450 947 2660 1022 Πέτρῳ·
2703 946 3124 1022 Φιλανθρωπίας
3175 940 3352 1022 ἔργον,
3381 945 3527 1022 κύριέ
3576 968 3669 1019 μου
3715 948 3794 1003 Πέ-

444 1036 703 1094 exercuit
732 1040 918 1091 mater
947 1050 1097 1103 mea,
1130 1052 1257 1106 qua;
1305 1035 1554 1108 hospitae
1586 1036 1851 1093 mulieris
1903 1056 2056 1095 recor

2199 1055 2310 1111 τρε,
2345 1037 2379 1106 ἡ
2415 1034 2521 1109 ἐμὴ
2554 1034 2821 1106 πεποίηκε
2876 1038 3084 1111 μήτηρ,
3116 1042 3213 1104 τῆς
3264 1032 3546 1110 ξενοδὸχου
3592 1036 3800 1109 ὑπομνη-

446 1127 585 1182 data
633 1124 825 1181 fuerit.
861 1123 1184 1196 Respondit
1233 1124 1438 1180 Petrus
1473 1142 1486 1181 :
1525 1126 1702 1195 Itane,
1736 1143 1768 1183 ο
1801 1127 2058 1184 Clemens

2201 1128 2385 1188 σθεῖσα
2463 1124 2739 1199 γυναικός.
2801 1123 2899 1179 Καὶ
2958 1123 2985 1177 6
3046 1123 3251 1199 Πέτρος
3313 1122 3635 1199 ἀπεκρίνατο·
3688 1126 3799 1201 Ἀρά

444 1231 575 1271 vere
595 1212 1315 1283 existimas,humanitatis
1345 1229 1493 1286 opus
1526 1214 1743 1270 factum
1766 1217 2056 1288 agenitric

2200 1233 2283 1288 γε,
2322 1213 2367 1267 ὧ
2417 1210 2645 1286 Κλήμη,
2697 1212 2918 1284 ἀληθῶς
2963 1211 3248 1285 νενόμικας
3299 1211 3685 1289 φιλανθρωπίας
3726 1212 3795 1289 ἔρ-

441 1308 563 1371 tua,
597 1304 829 1375 quando
876 1302 927 1357 ei
960 1318 1086 1373 qua:
1116 1301 1306 1374 ipsam
1345 1320 1413 1357 ex
1468 1304 1773 1377 naufragio
1802 1322 2053 1377 recepere

2200 1323 2293 1378 γον
2340 1301 2699 1372 πεποιηκέναι
2741 1303 2841 1373 τήν
2884 1322 2941 1356 σε
2987 1305 3268 1373 τεκοῦσαν,
3298 1302 3412 1356 καθ’
3440 1302 3469 1356 ὃ
3505 1304 3548 1339 ⁸³
3579 1303 3669 1371 τήν
3715 1302 3797 1357 ὑπὸ

447 1393 669 1467 gratias
715 1391 912 1447 retulit
956 1416 971 1458 ς
1021 1407 1094 1445 an
1148 1395 1209 1445 ut
1268 1392 1439 1447 matri
1490 1392 1934 1464 gratiﬁcareris,
1983 1395 2059 1450 bo

2200 1389 2455 1466 ναυαγίου
2512 1389 2678 1460 αὐτὴν
2739 1387 3141 1464 ὑποδεξαμένην
3200 1388 3564 1463 ἠμείψατο·ἣ
3611 1388 3678 1453 ὠς
3721 1412 3803 1463 μη-

448 1481 695 1537 dixisti?
725 1480 781 1535 Si
827 1479 983 1534 enim
1015 1496 1129 1534 non
1178 1484 1242 1534 ut
1270 1497 1393 1535 rem
1438 1486 1665 1552 gratam
1717 1482 1961 1549 faceres,
1992 1500 2060 1538 se<

2200 1478 2288 1556 τρὶ
2322 1477 2687 1555 χαριζόμενος
2716 1483 2878 1534 τοῦτο
2917 1475 3175 1555 εἷ’ρηκας;
3208 1478 3271 1533 Et
3326 1476 3384 1533 δὲ
3433 1478 3507 1551 μὴ
3551 1479 3802 1553 χαριζόμεο

447 1575 514 1626 ut
540 1566 1174 1639 veritatemloquereris
1197 1568 1405 1624 effatus
1435 1569 1739 1637 es,videris
1765 1571 1907 1626 mihi
1933 1571 2059 1643 ignc

2201 1586 2319 1635 νος,
2350 1564 2476 1621 ἀλλ’
2516 1567 2591 1630 ὡς
2641 1565 2923 1638 ἀληθεύων
2976 1566 3131 1644 ἔφης,
3165 1562 3349 1629 ἔοικάς
3400 1588 3490 1639 μοι
3537 1567 3725 1641 ἀγνοεῖν
3766 1566 3805 1622 τί

449 1675 577 1715 rare
607 1674 873 1730 quamam
920 1656 1373 1724 siti‘nagnitudo
1410 1657 1816 1728 humanitatis,
1850 1676 1977 1731 qua:
2008 1678 2061 1717 es

2202 1656 2334 1711 ποτέ
2388 1655 2497 1711 ἐστι
2549 1654 2960 1735 φιλανθρωπίας
3022 1653 3339 1732 μέγεθος,ἤ
3394 1677 3475 1718 τις
3530 1655 3656 1711 ἐστὶν
3705 1658 3805 1711 ἄνευ

450 1764 616 1803 amor
642 1747 699 1802 in
734 1745 1071 1818 quemlibet,
1105 1750 1396 1817 quatenus
1426 1746 1743 1817 hominem,
1777 1753 1833 1803 et
1873 1749 2059 1820 absqu

2201 1749 2298 1799 τοῦ
2347 1748 2584 1822 φυσικῶς
2633 1744 2908 1807 πείθοντος
2949 1746 2983 1813 ἡ
3029 1744 3163 1819 πρὸς
3213 1745 3330 1798 οἷον
3363 1741 3580 1815 δήποτε
3608 1746 3801 1821 στοργὴ,

454 1836 574 1893 ullo
605 1835 857 1891 naturali
886 1834 1117 1890 affectu.
1152 1835 1261 1890 Sed
1294 1852 1398 1890 nec
1428 1834 1643 1908 hospes
1672 1854 1798 1909 quae
1849 1842 2066 1893 matren

2203 1834 2318 1887 καθ’
2348 1833 2377 1887 ὃ
2409 1832 2691 1909 ἄνθρωπός
2733 1832 2894 1889 ἐστιν.
2931 1831 3090 1887 Ἀλλ’
3128 1830 3259 1887 οὐδὲ
3289 1835 3323 1902 ἡ
3360 1830 3633 1908 ξενοδόχος
3659 1836 3689 1903 ἡ
3718 1834 3801 1888 ὑπὸ

452 1930 615 1982 tuam
649 1942 719 1981 ex
747 1924 1052 1996 naufragio
1083 1924 1636 1996 suscepit,bumana
1666 1943 1699 1980 a
1729 1942 1820 1981 me
1851 1927 2064 1982 dicetur

2205 1920 2460 1996 ναυαγίου
2524 1922 2623 1991 τήν
2674 1924 2719 1959 ⁷ο
2774 1926 3030 1977 τεκοῦσαν
3102 1919 3496 1995 ὑποδεξαμένη,
3545 1920 3809 2000 φιλάνθρω-

456 2014 854 2071 Misericordia
881 2013 1036 2067 enim
1068 2028 1423 2084 compressa,
1449 2014 1703 2086 impulsa
1733 2020 1821 2071 est
1850 2017 1922 2071 ad
1953 2016 2064 2072 ben

2206 2031 2309 2072 πος
2351 2009 2409 2065 ἂν
2442 2014 2484 2049 ⁷¹
2519 2012 2645 2087 πυρ⁹
2676 2011 2800 2084 ἐμοὶ
2844 2014 2889 2048 ⁷²
2920 2010 3158 2086 λέγοιτο.
3190 2012 3322 2065 Ὑπὸ
3372 2011 3470 2087 γὰρ
3518 2009 3684 2073 έλέοκ
3727 2031 3805 2066 κο-

452 2103 787 2160 faciendum
810 2100 1042 2156 mulieri
1063 2101 1434 2173 naufragium
1451 2107 1833 2173 passae,natos
1853 2104 2064 2176 lugenti

2209 2098 2462 2155 λασθεῖσα
2517 2098 2797 2155 ἐπέπειστο
2854 2102 2899 2136 ⁷³
2954 2101 3196 2174 γενέσθαι
3256 2099 3505 2174 γυναικὸς
3555 2099 3806 2175 εὐεργέτις,

456 2192 793 2267 peregrinae,
820 2190 1708 2263 nudae,destitutae,multumque
1738 2192 2066 2250 calamitate

2207 2187 2450 2263 ναυαγίῳ
2498 2188 2914 2265 περιπεσούσης,
2961 2189 3123 2243 τέκνα
3166 2187 3485 2259 πενθούσης,
3531 2186 3689 2259 ξένης,
3729 2209 3806 2262 γυ-

458 2299 596 2339 suas
625 2279 995 2336 lamentanti.
1032 2281 1091 2333 In
1122 2279 1303 2334 tantis
1331 2294 1468 2352 ergo
1500 2281 1952 2338 adversitatibus
1980 2299 2070 2338 ver

2212 2284 2371 2351 μνῆς,
2422 2278 2952 2351 μεμονωμένης,καὶ
2995 2274 3202 2354 σφόδρα
3250 2276 3339 2332 ἐπὶ
3386 2282 3501 2339 ταῖς
3546 2281 3808 2354 συμφοραῖς

457 2375 706 2438 santem,
740 2370 874 2440 quis
901 2366 1124 2434 videns,
1160 2384 1297 2435 non,
1327 2368 1503 2423 etiam
1534 2386 1601 2423 ex
1632 2368 2069 2441 impiis,misera

2208 2365 2645 2443 ὀλοφυρομένης.
2698 2367 2781 2421 Ἐν
2838 2364 3120 2429 τοσαύταις
3179 2363 3272 2421 οὗν
3328 2364 3489 2433 αὐτὴν
3544 2369 3810 2442 συμφοραῖς

454 2464 551 2516 tus
583 2457 835 2514 fuisset?
863 2458 1049 2521 Quare
1090 2472 1461 2528 nequaquam
1495 2456 1880 2515 humanitatis
1928 2477 2066 2532 opus

2209 2452 2366 2510 οὖσαν
2396 2455 2480 2519 τίς
2513 2455 2611 2511 οὐκ
2658 2455 2716 2511 ἂν
2769 2452 2895 2510 ἰδὼν
2948 2453 3192 2526 ἐλεήσειε
3229 2457 3274 2491 ⁸⁷
3304 2454 3391 2510 καὶ
3438 2458 3540 2510 τῶν
3590 2448 3805 2522 ἀσεϐῶνς

465 2564 572 2604 nec
603 2546 815 2603 mulier
861 2545 1093 2616 hospita
1121 2561 1259 2617 erga
1306 2562 1434 2600 eam
1485 2547 1781 2619 peregisse
1832 2549 2060 2604 videtur

2207 2547 2368 2599 ’Ὠστε
2423 2540 2575 2599 οὔπω
2635 2543 3043 2623 φιλανθρωπίας
3101 2540 3253 2620 ἔργον
3318 2541 3442 2598 οὐδὲ
3478 2545 3512 2613 ἡ
3561 2540 3808 2617 ξενοδόχος

463 2638 565 2694 sed
595 2637 665 2692 ad
696 2634 1041 2692 beneﬁcium
1073 2638 1230 2689 mota
1260 2634 1439 2689 fuisse
1464 2634 1861 2691 misericordia
1890 2653 1957 2692 ex
1978 2637 2075 2708 plu

2208 2634 2342 2709 γυνή
2374 2639 2706 2703 πεποιηκυῖα
2751 2633 2888 2707 πρὸς
2937 2631 3101 2702 αύτὴν
3154 2632 3421 2711 φαίνεται,
3453 2630 3573 2687 ἀλλ’
3602 2632 3694 2686 ὑπὸ
3730 2634 3808 2686 τοῦ

462 2725 627 2782 rimis
676 2723 934 2780 anversis
964 2726 1106 2779 orta.
1140 2721 1367 2777 Etenim
1415 2738 1624 2793 parens
1655 2728 1775 2793 tua,
1809 2724 2068 2781 facultati

2208 2720 2295 2777 ἐπὶ
2347 2721 2560 2798 μυρίαις
2611 2727 2915 2801 συμφοραῖς
2965 2721 3119 2778 έλέου
3169 2723 3305 2798 πρὸς
3356 2721 3645 2797 εὐεργεσίαν
3685 2740 3805 2774 κεκι-

458 2813 570 2870 bus
616 2812 944 2877 abundans,
972 2815 1029 2866 et
1073 2809 1366 2881 hospitam
1400 2815 1793 2879 remunerata,
1825 2830 1939 2868 non
1989 2814 2067 2869 bu

2206 2811 2441 2884 νημένη.
2477 2811 2574 2865 Καὶ
2615 2812 2716 2887 γὰρ
2742 2811 2776 2880 ἥ
2823 2832 2881 2865 σε
2926 2815 3152 2866 τεκοῦσα
3203 2811 3329 2886 βίου
3378 2809 3700 2885 εύπορήσασα
3736 2806 3809 2862 καὶ

458 2902 778 2971 manitatis,
809 2916 1009 2955 verum
1043 2899 1260 2954 amoris
1293 2914 1440 2969 opus
1472 2899 1873 2957 eﬁ‘ecit.Multa
1902 2908 2070 2958 auten

2205 2901 2302 2968 τὴν
2354 2896 2639 2975 ξενοδόχον
2688 2899 3057 2973 ἀμειψαμένη,
3106 2899 3171 2954 ού
3226 2897 3645 2976 φιλανθρωπίας,
3689 2895 3811 2952 ἀλλᾶ

456 2989 759 3047 intercedit
789 2988 1111 3045 differentia
1122 3004 1380 3043 amorem
1399 2987 1550 3043 inter
1567 2992 1623 3043 et
1639 2989 2062 3048 humanitatem

2207 2987 2390 3065 φιλίας
2422 2987 2669 3058 ἐποίησεν
2698 2986 2877 3064 ἔργον.
2911 2986 3108 3057 Πολλή
3143 2986 3200 3042 δὲ
3240 2985 3474 3066 διαφορά
3524 2985 3699 3059 μεταξὺ
3741 3005 3812 3061 φι-

453 3078 591 3151 quia
621 3095 784 3134 amor
813 3077 1049 3149 quidem
1080 3094 1149 3132 ex
1177 3077 1644 3132 remuneratione
1672 3082 1762 3133 est
1791 3097 1803 3145 ;
1832 3079 2065 3135 humani

2207 3075 2329 3139 λίας
2360 3098 2419 3132 τε
2442 3076 2532 3131 καὶ
2564 3075 2994 3154 φιλανθρωπίαςο
3029 3076 3111 3131 ὅτι
3162 3080 3196 3146 ὴ
3247 3078 3344 3149 μὶν
3395 3073 3548 3154 φιλία
3592 3074 3637 3147 έξ
3677 3072 3810 3146 ἀμοι-

452 3173 542 3224 tas
574 3167 944 3236 veroabsque
973 3164 1093 3221 ulla
1124 3164 1782 3237 naturalipropensione
1796 3167 2064 3224 hominen

2207 3161 2308 3235 ϐῆς
2358 3165 2580 3241 γίνεται,
2632 3167 2667 3235 ἡ
2728 3165 3107 3243 φιλανθρωπία
3163 3164 3221 3219 δὲ
3281 3163 3404 3221 ἄνευ
3461 3167 3552 3219 τοῦ
3607 3161 3812 3241 φυσικῶς

451 3272 705 3321 omnem,
739 3259 1028 3327 quatenus
1077 3253 1251 3308 homo
1297 3258 1403 3320 est,
1437 3252 1644 3325 diligit,
1679 3272 1744 3310 ac
1797 3257 2057 3312 beneficii

2206 3240 2505 3326 πείθοντος,
2562 3240 2749 3308 πάντα.
2793 3255 3095 3329 ἄνθρωπον,
3163 3254 3299 3317 καθὸ
3372 3240 3639 3329 ἅνθρωπός
3702 3250 3809 3317 ἐστι,

451 3344 650 3402 afﬁcit.
683 3344 882 3414 Itaque
915 3342 963 3398 si
995 3359 1063 3399 ea
1089 3342 1303 3414 hospes
1333 3358 1459 3413 qua
1501 3343 1743 3399 miserta
1773 3350 1880 3412 est,
1915 3348 2063 3402 etian

2203 3343 2437 3420 φιλοῦσα
2494 3343 2775 3421 εὐεργετεῖ·
2813 3342 2861 3396 εἷ’
2893 3343 2987 3415 μὲν
3021 3340 3112 3397 οὖν
3157 3345 3192 3412 ἠ
3238 3342 3507 3413 ἐλεήσασα
3561 3338 3811 3414 ξενοδὸχος

452 3435 650 3491 hostes
683 3431 835 3488 male
864 3432 934 3488 de
963 3448 1032 3487 ea
1061 3431 1300 3486 meritos
1333 3430 1630 3498 miserata,
1664 3432 1944 3489 beneﬁcio
1975 3435 2064 3489 afﬁ

2202 3430 2361 3503 αὕτη,
2418 3430 2507 3485 καὶ
2564 3428 2927 3501 ἀδικήσαντας
2986 3430 3215 3507 ἐχθροὺς
3278 3428 3502 3486 έλεοῦσα
3563 3430 3809 3505 εὐεργετεῖ,

451 3527 625 3588 ceret,
657 3521 1106 3588 bumanaesset;
1130 3519 1221 3575 sin
1253 3536 1320 3574 ve
1351 3524 1585 3591 propter
1614 3520 1753 3591 quid
1788 3522 1974 3578 amica
2007 3540 2063 3579 es

2204 3518 2589 3598 φιλάνθρωπος
2640 3518 2698 3573 ἂν
2747 3516 2852 3589 εἴη’
2906 3518 2951 3573 εἷ
2997 3518 3055 3573 δὲ
3103 3516 3243 3575 διότι
3272 3521 3318 3556 ⁷⁸
3349 3518 3481 3597 φίλη
3531 3518 3564 3588 ἢ
3612 3515 3808 3593 έχθρᾶἡ

451 3610 539 3668 vel
571 3610 807 3665 inimica
833 3610 987 3678 ;haac
1017 3606 1484 3679 amica,alicujus
1516 3608 1598 3663 rei
1631 3625 1758 3680 quae
1789 3627 1967 3667 causa
1997 3612 2063 3668 sit

2204 3605 2339 3687 φίλη
2370 3606 2593 3678 τοιαύτη
2628 3610 2692 3675 ⁷⁸,
2716 3611 2816 3662 τοῦ
2846 3627 2991 3669 τινος
3017 3606 3193 3662 αῗτίου
3243 3605 3381 3686 φίλη
3424 3607 3558 3663 ἐστὶν
3587 3606 3621 3677 ἢ
3649 3604 3811 3681 ἐχθρὰ,

451 3699 639 3757 amica
668 3704 756 3755 est
784 3698 870 3755 vel
901 3697 1159 3765 inimica,
1194 3714 1310 3753 non
1340 3702 1535 3753 autem
1566 3697 1843 3754 hominis.

1118 3715 1159 3765 ι,
1194 3714 1310 3753 non
1340 3702 1535 3753 autem
1566 3697 1843 3754 hominis.
2205 3697 2267 3753 ού
2292 3701 2389 3752 τοῦ
2420 3698 2730 3772 ἀνθρώπου.

520 3788 711 3845 XCIV.
743 3789 813 3844 Et
854 3803 959 3859 ego
990 3785 1265 3860 respondi
1300 3803 1313 3842 :
1347 3786 1475 3841 Non
1525 3802 1663 3858 ergo
1712 3786 1816 3841 tibi
1866 3788 2098 3845 videtur

2275 3787 2456 3843 XCIV.
2490 3785 2653 3860 Κάγὼ
2709 3783 3211 3859 ἀπεκρινάμην·ού
3277 3783 3431 3841 δοκεῖ
3483 3806 3563 3841 σοι
3612 3782 3692 3839 οὗν
3742 3801 3814 3859 φι-

446 3894 575 3934 esse
605 3877 884 3944 humana,
930 3874 1139 3931 saltem
1189 3874 1423 3946 hospes,
1459 3890 1584 3946 quae
1615 3874 1674 3930 in
1724 3877 2058 3948 peregrina:

2205 3871 2525 3950 λάνθρωπος
2561 3873 2691 3929 εἶναι
2723 3873 2817 3928 κᾶν
2850 3876 2884 3943 ἡ
2925 3872 3235 3949 ξενοδόχος,
3272 3875 3425 3945 ξένην
3473 3876 3533 3943 ἣν
3574 3872 3663 3928 οὐκ
3711 3868 3813 3939 ἠπί-

446 3983 624 4039 quam
657 3982 770 4021 non
806 3968 1059 4033 noverat,
1092 3962 1442 4019 beneﬁcium
1473 3963 1772 4019 contulit?
1800 3965 1949 4020 Tum
1992 3966 2058 4021 Pe

2205 3983 2365 4018 στατο
2419 3962 2850 4039 εὐεργετήσασας
2907 3961 3002 4016 Καὶ
3035 3964 3062 4017 6
3114 3963 3339 4037 Πέτρος·
3390 3962 3684 4035 Ἐλεήμονα
3737 3957 3813 4031 μὶν

445 4059 573 4110 trus
608 4070 621 4108 :
657 4054 796 4108 Eam
846 4051 1083 4123 quidem
1126 4050 1563 4106 misericordem
1618 4052 1909 4124 appellare
1942 4070 2052 4107 nov

2206 4051 2371 4120 αὐτὴν
2406 4051 2573 4106 εἰπεῖν
2632 4049 2945 4124 ἐπίσταμαι,
2980 4052 3371 4128 φιλάνθρωπον
3432 4049 3489 4106 δὲ
3542 4050 3600 4105 ού
3648 4046 3814 4118 τολμῶ

448 4142 769 4198 humanam
801 4144 994 4196 autem
1026 4155 1141 4193 non
1173 4139 1357 4194 audeo
1388 4139 2060 4212 dicere,quandoquider

2208 4139 2404 4215 λέγειν,
2456 4142 2546 4194 ἅτε
2594 4137 2659 4209 δὴ
2715 4137 2854 4213 μηδὲ
2914 4140 3013 4209 τὴν
3062 4144 3319 4194 τεκοῦσαν
3370 4139 3686 4218 φιλότεκνον·
3730 4133 3812 4190 ὑπὸ

451 4246 557 4287 nec
596 4233 843 4284 matrem
895 4233 1187 4283 amantem
1240 4226 1555 4282 liberorum
1591 4245 1604 4282 ε
1641 4230 1858 4301 quippe
1907 4247 2033 4302 qum

2207 4226 2414 4284 ὠδίνων
2445 4230 2548 4305 γὰρ
2577 4228 2664 4283 καὶ
2696 4227 3003 4307 ἀνατροφῆς
3055 4229 3298 4304 στέργειν
3342 4230 3633 4284 πέπεισται·
3665 4224 3813 4296 ὥσπερ

453 4321 657 4391 partus
702 4317 1000 4372 doloribus
1027 4320 1084 4370 et
1135 4316 1207 4371 ab
1236 4315 1578 4372 educatione
1609 4318 1682 4372 ad
1734 4318 2065 4390 diligendun

2208 4318 2310 4393 γὰρ
2358 4318 2385 4372 6
2431 4317 2564 4393 έρῶν
2614 4317 2717 4373 ὑπὸ
2764 4324 2865 4386 τῆς
2926 4315 3203 4386 συνηθείας
3263 4316 3628 4388 κολακεύεται,
3676 4313 3750 4369 καὶ
3793 4310 3814 4365 6

452 4406 760 4478 compulsa
787 4404 1396 4469 sit.Quemadmodum
1429 4405 1583 4460 enim
1616 4406 2064 4477 quicupidinein

2209 4404 2369 4484 φίλος
2403 4405 2506 4459 ὑπὸ
2551 4410 2651 4474 τῆς
2698 4399 2960 4477 ἀμοιϐῆς·
2996 4404 3139 4458 οὕτω
3196 4404 3284 4459 καὶ
3317 4405 3345 4460 6
3379 4403 3562 4471 έλεῶν,
3594 4401 3687 4458 ὑπὸ
3733 4403 3815 4465 τῆς

455 4496 815 4560 ﬂammatur,
847 4511 881 4549 a
910 4493 1333 4549 consuetudine
1362 4493 1687 4562 mulcetur;
1722 4499 1779 4550 et
1807 4494 1906 4567 qui
1938 4512 2067 4551 amo

2209 4497 2511 4571 συμφορᾶς.
2546 4492 2698 4562 Πλὴν
2744 4490 2898 4568 ἐγγὺς
2938 4492 2966 4546 6
3017 4489 3274 4565 ἐλεήμων
3334 4496 3415 4564 τῷ
3468 4487 3812 4569 φιλανθρώπῳ·

455 4602 517 4640 re
548 4583 938 4656 prosequitur,
972 4599 1006 4637 a
1034 4580 1507 4637 remuneratione
1542 4598 1555 4636 :
1590 4582 1671 4637 ita
1700 4587 1754 4637 et
1794 4584 1893 4654 qui
1927 4583 2067 4641 mise

2211 4580 2295 4636 ὅτι
2344 4582 2466 4636 ἄνευ
2510 4584 2605 4636 τοῦ
2654 4602 2704 4636 τι
2756 4582 2987 4656 θηρᾶσαι
3027 4579 3116 4635 καὶ
3173 4575 3385 4653 λαϐεῖν,
3419 4579 3695 4656 εὐεργετεῖν
3723 4572 3815 4629 πεί-

456 4677 636 4743 retur,
669 4688 702 4726 a
747 4670 1097 4726 calamitate.
1142 4672 1410 4727 Attamen
1463 4671 1795 4728 misericors
1841 4672 2061 4729 human

2210 4672 2373 4725 θεται’
2425 4665 2577 4724 οῧπω
2634 4666 2692 4724 δὲ
2745 4669 2836 4723 καὶ
2894 4666 3304 4745 φιλάνθρωπος.
3357 4669 3517 4744 Κάγὼ
3571 4659 3815 4738 ἀπεκρινά-

455 4760 680 4817 vicinus
710 4763 799 4814 est
830 4776 842 4814 :
877 4758 1155 4829 quoniam
1191 4759 1417 4832 absque
1446 4759 1564 4814 ullo
1597 4764 1821 4831 quaestu
1853 4778 1919 4816 ac
1969 4778 2067 4817 mu

2214 4777 2339 4833 μην·
2376 4757 2496 4813 Ἐπὶ
2527 4756 2711 4820 ποίαις
2753 4758 2845 4812 οὖν
2904 4758 3129 4834 πράξεσι
3176 4755 3560 4836 φιλάνθρωπός
3595 4775 3672 4816 τις
3707 4751 3814 4806 εἶναι

454 4865 612 4916 nere,
645 4849 715 4904 ad
748 4847 1142 4919 praestandum
1178 4848 1525 4904 beneﬁcium
1569 4849 1789 4917 fertur;
1821 4851 1921 4904 sed
1955 4867 2066 4906 non

2211 4844 2468 4917 δύναται;
2516 4846 2611 4900 Καὶ
2668 4846 2696 4900 6
2755 4845 2958 4922 Πέτρος
3023 4846 3363 4922 ἀπεκρίνατοο
3427 4846 3570 4901 Ἐπεὶ
3624 4845 3724 4916 ὁρῶ
3770 4857 3815 4892 σι

452 4939 593 4994 dum
640 4937 939 4992 humanus
987 4940 1095 4993 est.
1126 4936 1192 4991 Et
1242 4953 1346 5007 ego
1398 4937 1516 4991 dixi
1551 4954 1563 4991 :
1597 4935 1678 4992 Ob
1728 4954 1876 5008 quas
1923 4937 2064 5010 igitu

2206 4933 2542 5014 γλιχόμενον
2574 4936 2816 5005 ἀκοῦσαι,
2848 4934 2899 4990 τί
2928 4936 3063 4991 ποτέ
3094 4934 3205 4991 ἐστι
3236 4932 3634 5013 φιλανθρωπίας
3664 4927 3813 5014 ἔργον,

450 5026 707 5082 actiones
739 5025 1037 5079 humanus
1069 5025 1205 5095 quis
1236 5041 1365 5080 esse
1395 5025 1630 5097 potest?
1656 5026 1974 5095 Respondit
2002 5026 2062 5081 Ρε

2209 5012 2309 5079 οὐκ
2364 5023 2580 5096 ὀκνήσω
2633 5023 2823 5078 εἰπεῖν’
2876 5012 3260 5101 φιλάνθρωπος
3311 5021 3513 5084 ἐκεῖνός
3568 5021 3695 5076 ἔστιν
3743 5012 3814 5069 καὶ

447 5122 574 5172 trus
608 5132 620 5170 :
655 5114 800 5178 Quia
841 5113 1006 5168 video
1038 5118 1093 5168 te
1136 5114 1416 5185 cupidum
1468 5113 1765 5182 audiendi,
1799 5115 2059 5184 quodnar

2208 5112 2434 5189 ἐχθροῖς
2487 5110 2711 5188 ἡμέρως
2790 5112 2880 5167 καὶ
2967 5113 3319 5187 εύεργετικῶς
3394 5106 3811 5188 προσφερόμενος-

447 5206 525 5262 sit
554 5202 936 5259 humanitatis
988 5202 1270 5268 ofﬁcium,
1307 5220 1419 5257 non
1471 5203 1690 5275 pigebit
1720 5203 1931 5258 dicere.
1977 5203 2059 5258 Hu

2206 5206 2326 5257 Ὅτι
2357 5200 2415 5257 δὲ
2445 5200 2617 5263 οὕτως
2652 5199 2793 5275 ἔχει,
2830 5205 3013 5277 σαφῶς
3064 5198 3244 5257 ἄκουε.
3288 5202 3395 5270 Τὴν
3444 5191 3810 5278 φιλανθρωπίαν

449 5309 661 5350 manus
694 5291 792 5347 ille
822 5296 930 5358 est,
965 5290 1066 5362 qui
1095 5290 1271 5346 etiam
1302 5308 1439 5363 erga
1475 5291 1745 5347 inimicos
1776 5290 2001 5363 placide
2032 5309 2061 5347 a

2209 5291 2268 5346 ἐκ
2298 5288 2393 5347 δύο
2429 5311 2521 5365 μοι
2552 5289 2663 5345 νόει
2694 5290 2999 5365 συγκεῖσθαι
3047 5293 3247 5365 μερῶν·
3280 5290 3355 5345 ὧν
3413 5289 3476 5345 τὸ
3531 5287 3619 5361 μὶν
3674 5281 3814 5349 αὐτῆς

1809 5433 2050 5489 VARI/E
2089 5434 2503 5493 LECTIONES.

523 5541 567 5577 ⁸³
599 5539 881 5610 Clement.,
941 5538 1102 5593 hom.
1161 5555 1262 5610 XII,
1321 5555 1371 5610 ο,
1419 5542 1491 5594 25
1518 5544 1627 5595 etc.
1660 5541 1705 5575 ⁸9
1734 5540 1807 5595 al.
1869 5540 2021 5607 καθό,
2083 5542 2159 5597 al.
2204 5543 2320 5595 καθ’
2367 5539 2450 5595 ὅτι
2497 5539 2606 5596 έπί.
2658 5538 2752 5610 Al.
2799 5536 2986 5601 καθότι
3034 5538 3132 5607 τήν
3181 5537 3305 5594 ἀπό.
3355 5540 3400 5574 ⁷ο
3429 5538 3501 5594 al.
3551 5536 3811 5610 inser._ct.

454 5612 497 5648 '“
530 5612 692 5667 deest
736 5611 794 5683 in
843 5604 917 5683 al.
970 5610 1015 5646 ⁷³
1064 5608 1195 5683 Παρ⁹
1243 5608 1388 5683 ἐμοί.
1431 5610 1591 5667 Unus
1640 5611 1950 5683 liberatap’
1988 5604 2285 5683 ἐμοῦηᾳυί
2331 5614 2503 5669 etiam
2566 5607 2996 5683 κατακλασθεῖσα
3042 5604 3291 5683 exhibet,
3326 5610 3439 5683 ,ιιὺί
3496 5604 3806 5683 κολασθεῖσα.

457 5688 584 5741 ϐοτ.
635 5684 680 5717 ⁷³
718 5681 792 5738 al.
842 5680 1114 5737 πέπειστο.
1150 5673 1200 5717 ’π
1251 5673 1474 5751 ἠλέησε.
1517 5685 1560 5718 ⁷⁵
1599 5683 1671 5739 al.
1741 5679 1811 5737 δι’
1865 5673 1969 5751 ὅτι,
2020 5673 2320 5742 ἀ1.’δι’άτι.
2379 5686 2423 5721 ’⁷⁸
2479 5686 2573 5743 al.
2612 5681 2703 5739 καὶ
2744 5677 2833 5737 διά
2885 5701 2940 5738 τι
2980 5679 3151 5756 ἐχθρὰ
3188 5683 3247 5754 ἠν
3278 5673 3413 5760 φίλη
3452 5724 3467 5750 ,
3503 5681 3538 5751 ἡ
3590 5673 3808 5740 τοιαύτη.
