4082 6208
360 341 460 399 537

1062 336 1598 397 CLEMENTINA.
1632 367 1707 378 —
1744 332 2091 394 EPITOME
2136 334 2237 393 DE
2283 336 2554 396 GESTIS
2602 337 2667 397 S.
2714 334 2975 397 PETRI.

3508 348 3511 349 '
3610 332 3733 394 538

360 465 692 539 ίλεημοσόνη,
720 466 782 519 τὸ
813 462 871 519 δὲ
899 463 1078 541 ἀγάπη
1132 463 1271 519 ἐστὶν
1324 467 1360 534 ἡ
1392 466 1527 538 πρὸς
1572 464 1663 518 τὸν
1709 462 1966 533 πλησίον·

2088 465 2360 521 muniﬁce
2392 484 2453 521 se
2483 467 2649 539 gerit.
2684 468 2845 532 Quod
2878 472 3085 522 autem
3121 465 3203 522 ita
3251 465 3479 532 habeat,
3538 467 3727 522 mani-

358 557 569 626 πλησίον
599 552 653 610 δὲ
682 554 950 629 ἀνθρώπῳ
1000 553 1163 624 ἐστὶν,
1198 555 1225 607 6
1250 560 1354 615 πᾶς
1401 555 1707 629 ἄνθρωπος,
1740 552 1846 628 οὐχ
1885 551 1966 606 δτι

360 648 427 707 εἷς
472 644 777 718 ἄνθρωπος·
830 644 1108 719 ἄνθρωπος
1160 642 1263 718 γάρ
1313 642 1425 697 ἐστι
1470 643 1558 698 καὶ
1609 643 1774 703 κακὸς
1817 640 1907 695 καὶ
1940 641 1967 695 6

358 734 551 810 ἆγαθὸς,
581 732 666 786 καὶ
699 731 893 809 ἐχθρὸς
930 731 1019 786 καὶ
1050 730 1232 809 φίλος.
1268 734 1383 807 Χρὴ
1419 730 1508 786 οὖν
1540 730 1631 786 τὰν
1664 730 1971 808 φιλανθρω-

354 824 463 878 πίαν
507 823 783 892 ἀσκοῦντα,
835 822 1079 893 μιμητὴν
1127 820 1259 875 εἶναι
1309 825 1463 889 Θεοῦ,
1516 820 1897 895 εὐεργετοῦντα
1925 822 1969 855 ⁷⁷

354 910 404 967 δὲ
429 909 655 972 δικαίους
700 930 759 965 τε
804 911 895 963 καὶ
940 906 1179 979 ἀδίκους,
1230 910 1304 970 ὡς
1350 908 1506 971 αὐτὸς
1557 910 1585 963 6
1618 910 1744 970 Θεὸς
1792 908 1844 962 ἐν
1888 908 1968 979 τῷ

347 1005 426 1055 νῦν
451 1000 633 1070 κόσμῳ
670 998 762 1052 τόν
790 1019 847 1052 τε
875 995 1037 1066 ἥλιον
1085 996 1174 1051 καὶ
1225 996 1351 1059 τοὺς
1400 996 1584 1059 ὑετοὺς
1637 997 1801 1052 αὐτοῦ
1838 1003 1967 1051 πᾶσι

347 1088 578 1163 παρέχων
628 1090 691 1143 ⁷⁸.
745 1086 809 1141 Εἴ
856 1084 914 1141 δὲ
962 1084 1137 1148 Θέλεις
1189 1086 1417 1162 ἀγαθοὺς
1474 1087 1568 1160 μὲν
1624 1085 1920 1162 εὐεργετεῖν
1952 1130 1965 1155 ,

345 1176 524 1237 κακοὺς
572 1173 629 1230 δὲ
678 1174 965 1245 κολάζειν,
1010 1179 1197 1249 κριτοῦ
1246 1173 1403 1251 ἔργον
1456 1174 1707 1251 πράττειν
1758 1173 1968 1249 ἐπιχει-

342 1284 393 1337 ρε
406 1285 463 1326 ις.

402 1529 550 1586 XCV.
584 1529 745 1605 Κάγὼ
796 1526 949 1607 ἔφην’
984 1530 1123 1602 Ἀρά
1148 1550 1208 1605 γε
1235 1530 1323 1584 καὶ
1356 1530 1384 1583 6
1415 1530 1543 1592 Θεὸς
1576 1529 1707 1584 πότε
1735 1531 1803 1565 ⁷⁸¹
1835 1527 1968 1601 μέλ-

343 1617 441 1673 λων
490 1617 735 1691 κρίνειν,
784 1617 860 1679 ὡς
919 1615 1186 1680 διδάσκεις
1238 1621 1409 1691 ἡμᾶς,
1468 1618 1530 1673 o6
1589 1616 1969 1695 φιλάνθρωπός

339 1706 436 1761 ἔστι
464 1709 574 1779 (10)
608 1725 622 1776 ;
659 1706 757 1761 Καὶ
791 1707 818 1761 6
870 1706 1089 1780 Πέτρος·
1137 1706 1451 1762 Τοὺναντίον
1505 1707 1699 1783 Λέγεις.
1748 1704 1967 1776 Ἐπειδὴ

335 1796 422 1870 γὰρ
445 1794 633 1866 κρίνει,
682 1794 1067 1873 φιλάνθρωπός
1120 1796 1249 1851 ἐστι·
1298 1794 1471 1873 φιλῶν
1522 1798 1622 1872 γὰρ
1671 1796 1760 1850 καὶ
1806 1794 1971 1850 ἐλεῶν

331 1883 443 1945 τοὺς
495 1880 869 1956 ἠδικημένους
904 1931 917 1955 ,
972 1890 1293 1959 τιμωρεῖται
1366 1883 1493 1946 τοὺς
1565 1882 1917 1954 ἀδικήσαντας
1948 1927 1961 1940 .

331 1974 481 2047 Κάγὼ
510 1969 667 2050 ιφην·
704 1973 933 2043 Οὐκοῦν,
970 1974 1014 2027 εί
1062 1973 1210 2049 κάγὼ
1258 1973 1487 2049 ἀγαθοὺς
1540 1974 1633 2044 μὲν
1676 1974 1962 2047 εὐεργετῶ,

331 2058 444 2120 τοὺς
492 2057 549 2113 δὲ
596 2057 919 2121 ἀδικοῦντας
964 2062 1080 2115 καθ’
1124 2061 1153 2115 ’ὀ
1204 2061 1518 2135 ἀνθρώπους
1567 2058 1833 2129 ἠδίκησαν
1886 2082 1963 2115 τι-

336 2151 633 2221 μωροῦμαι,
689 2147 1071 2225 φιλάνθρωπός
1116 2149 1251 2222 εἰμι.
1286 2151 1382 2203 Καὶ
1415 2151 1442 2204 ὁ
1493 2152 1693 2225 Πέτρος
1739 2149 1967 2226 ἀπεκρί-

333 2256 463 2291 νατο·
496 2236 560 2291 Εἴ
593 2237 734 2309 μετά
760 2242 856 2292 τοῦ
902 2238 1210 2315 πρόγνωσιν
1260 2235 1429 2314 ἔχειν,
1474 2237 1651 2317 έφεῖτό
1697 2260 1779 2293 σοι
1812 2239 1901 2293 καὶ
1931 2242 1966 2309 ἡ

334 2330 420 2379 τοῦ
455 2325 656 2400 κρίνειν
710 2325 939 2396 ἐξουσία,
977 2326 1149 2401 ὀρθῶς
1180 2327 1239 2381 ἃν
1283 2332 1442 2381 τοῦτο
1492 2327 1711 2389 ἐποίειςο
1750 2325 1837 2383 διὰ
1874 2329 1967 2402 μὲν

332 2419 417 2469 τοῦ
448 2412 735 2493 εἰληφέναι
772 2416 870 2484 τὴν
915 2414 1175 2486 ἐξουσίαν,
1225 2414 1591 2486 γαταδικάζων
1638 2416 1729 2479 οὓς
1777 2418 1805 2471 6
1844 2418 1971 2479 Θεὸς

337 2500 761 2578 ίδημιοῦργησε’
809 2502 898 2559 διά
940 2502 997 2560 δὲ
1040 2506 1140 2574 τήν
1185 2504 1493 2580 πρόγνωσιν
1524 2507 1634 2578 (11)
1666 2503 1971 2567 ἀπταίστως

336 2590 382 2645 έν
412 2590 488 2664 τῷ
515 2592 745 2668 κρίνειν,
798 2592 889 2655 οὓς
944 2595 1038 2665 μὲν
1089 2593 1165 2655 ὼς
1209 2590 1450 2655 δικαίους
1501 2591 1746 2663 δικαιῶν,
1795 2592 1886 2655 οὓς
1917 2590 1974 2647 δὲ

332 2680 399 2742 ὼς
441 2678 664 2743 ἀδίκους
712 2679 1119 2750 καταδικάζω-ι.
1172 2682 1330 2758 Κάγὼ
1378 2680 1547 2759 ἔφην.
1596 2687 1795 2757 Ὀρθῶς
1838 2680 1971 2759 ἔφης

330 2770 408 2823 καὶ
436 2768 681 2839 ἀληθῶς
718 2768 975 2824 ἀδύνατον
1006 2771 1106 2845 γὰρ
1154 2792 1271 2825 τινα
1299 2771 1598 2846 πρόγιωσιν
1652 2770 1749 2825 οὐκ
1778 2768 1974 2846 ἔχοντα

326 2856 503 2927 κρίνειν
564 2858 781 2933 ὀρθῶς.
841 2858 1041 2913 Ἐνίοτε
1089 2860 1191 2934 γὰρ
1250 2859 1525 2936 φαίνονταί
1567 2880 1709 2921 τινες
1760 2861 1968 2935 ἀγαθοὶ,

325 2945 539 3017 ἀθέμιτα
622 2946 803 3023 κρύφα
874 2944 1332 3022 διαπραττόμενοι
1365 2966 1377 2979 '
1435 2946 1561 3001 ἔνιοι
1618 2944 1675 3001 δὲ
1731 2948 1972 3023 ἀγαθοὶ2

330 3014 423 3089 ὑπο
450 3014 719 3104 διαϐολῆς
742 3014 752 3023 Ι
775 3035 987 3111 ἐχθρῶν
1009 3014 1018 3022 ’
1039 3014 1193 3091 κακοί
1241 3014 1789 3109 ὑπολαμϐανόμενοιί
1821 3014 1978 3094 Ἀλλ’

326 3124 370 3178 εί
398 3126 605 3179 καὶτοῦ
647 3124 945 3199 βασανίζειν
978 3126 1067 3179 καὶ
1100 3126 1399 3201 ἀνακρίνειν
1431 3125 1667 3198 ἐξουσίαν
1708 3148 1789 3189 τις
1824 3124 1966 3202 ἔχων

2080 553 2227 609 festo
2257 555 2414 609 audi.
2450 556 2588 610 Mihi
2642 557 2852 627 cogita,
2906 555 3330 610 humanitatem
3370 571 3436 610 ex
3490 556 3721 611 duabus

2079 644 2342 714 partibus
2365 649 2629 699 constare
2662 669 2676 711 ;
2704 662 2952 714 quarum
2984 662 3101 699 una
3130 643 3723 714 quidem,misericor-

2080 732 2175 786 dia
2203 732 2279 786 sit
2298 751 2321 795 ;
2349 733 2529 787 altera
2557 750 2707 796 vero,
2742 732 2973 787 dilectio
3001 734 3058 788 in
3112 734 3441 804 proximum
3475 751 3488 787 :
3523 734 3717 804 proxi-

2082 836 2215 875 mus
2247 831 2440 876 autem
2493 822 2716 877 homini
2775 827 2882 888 est,
2943 822 3190 893 quilibet
3250 822 3447 885 homo,
3499 823 3716 877 nedum

2082 923 2235 961 unus
2268 908 2479 976 homo;
2514 908 2687 963 homo
2718 909 2872 963 enim
2905 915 3013 973 est,
3046 910 3220 964 etiam
3265 908 3471 979 malus,
3524 914 3582 964 et
3613 910 3713 964 bo-

2080 1012 2211 1061 nus,
2246 995 2432 1052 hostis
2464 997 2677 1068 pariter
2706 1014 2772 1053 ac
2818 998 3061 1052 amicus.
3114 997 3350 1069 Oportet
3399 1015 3535 1069 ergo
3582 1015 3716 1054 eum

2080 1084 2179 1155 qui
2214 1084 2637 1141 humanitatem
2662 1086 2820 1155 colit,
2854 1087 3208 1141 imitatorem
3242 1086 3340 1141 Dei
3375 1102 3522 1153 esse,
3558 1093 3615 1141 et
3646 1088 3718 1142 de

2072 1173 2256 1243 justis
2287 1179 2459 1245 atque
2492 1175 2732 1245 iniustis
2763 1176 2910 1230 bene
2942 1175 3149 1230 mereri
3184 1192 3196 1241 ;
3231 1175 3385 1229 sicut
3423 1175 3547 1245 ipse
3576 1181 3726 1232 Deus

2081 1261 2139 1315 in
2172 1261 2280 1316 hoc
2314 1264 2533 1318 mundo
2566 1262 2749 1319 solem
2782 1263 3117 1333 imbresque
3148 1279 3287 1317 suos
3317 1262 3543 1318 cunctis
3575 1279 3725 1333 prai-

2079 1349 2178 1405 bet
2204 1352 2266 1405 7’.
2303 1352 2465 1415 Quod
2497 1352 2546 1406 si
2581 1353 2664 1407 vis
2694 1353 2865 1408 bonis
2913 1352 3149 1422 quidem
3192 1352 3554 1421 benefacere,
3606 1368 3724 1409 ma-

2080 1436 2169 1494 los
2200 1456 2331 1495 vero
2364 1441 2591 1510 punire,
2615 1442 2837 1511 judicis
2865 1458 3083 1497 munus
3112 1440 3356 1512 implere
3384 1440 3608 1495 niteris.

2152 1527 2310 1583 XCV.
2341 1529 2409 1583 Et
2436 1546 2541 1601 ego
2574 1531 2689 1585 dixi
2725 1548 2737 1586 :
2772 1531 2953 1603 Igitur
2982 1534 3037 1585 et
3071 1531 3240 1596 Deus,
3273 1530 3373 1601 qui
3406 1533 3531 1583 tum
3556 1528 3718 1599 judi-

2081 1622 2320 1673 caturus
2351 1624 2457 1684 est,
2492 1624 2554 1673 ut
2588 1637 2691 1675 nos
2722 1621 2915 1685 doces,
2947 1636 3059 1674 non
3110 1624 3200 1674 est
3250 1618 3544 1674 humanus
3575 1618 3602 1673 ‘I
3638 1624 3719 1672 Ac

2080 1706 2285 1762 Petrus
2319 1708 2692 1779 :I’ugnantia
2721 1708 2997 1780 loqueris.
3030 1708 3176 1763 Nam
3208 1707 3724 1779 quiajudicat,hu-

2083 1812 2292 1851 manus
2323 1801 2412 1851 est
2440 1813 2453 1852 :
2489 1796 2738 1869 diligens
2769 1799 2923 1852 enim
2957 1813 3021 1852 ac
3056 1797 3367 1852 miseratus
3403 1796 3621 1867 injuria
3637 1796 3723 1851 af-

2079 1884 2280 1952 fectos,
2314 1886 2584 1955 injuriam
2616 1887 2928 1941 inferentes
2956 1885 3173 1957 plectit.
3208 1886 3277 1940 Et
3335 1902 3460 1957 ego,
3496 1885 3715 1955 Itaque,

2074 1973 2336 2044 inquam,
2368 1976 2414 2030 si
2448 1976 2571 2047 ipse
2602 1976 2770 2031 bonis
2801 1976 3118 2045 benefacio,
3152 1979 3207 2030 et
3232 1975 3548 2045 injuriosos
3582 1975 3720 2045 quia

2072 2052 2275 2136 injurii
2332 2082 2469 2137 erga
2526 2064 2791 2119 homines
2849 2066 3081 2119 fuerunt
3140 2065 3380 2135 castigo,
3416 2064 3713 2119 humanus

2077 2172 2231 2210 sum.
2265 2154 2334 2208 Et
2367 2158 2569 2208 Petrus
2600 2154 2900 2225 respondit
2934 2172 2946 2208 :
2980 2154 3037 2208 Si
3076 2170 3189 2208 una
3233 2169 3366 2207 cum
3402 2152 3713 2223 praenotio-

2078 2260 2150 2299 ne
2180 2244 2595 2298 concederetur
2623 2243 2726 2298 tibi
2760 2248 2816 2297 et
2839 2242 3140 2313 judicandi
3168 2246 3446 2314 potestas,
3475 2247 3627 2296 recte
3659 2241 3717 2295 id

2080 2333 2343 2387 faceres:
2371 2348 2473 2403 per
2522 2336 2817 2402 acceptam
2869 2332 3106 2403 quidem
3156 2335 3523 2403 potestatem,
3577 2345 3715 2384 con-

2082 2421 2367 2476 demnans
2396 2437 2493 2475 eos
2525 2437 2672 2491 quos
2701 2420 2853 2475 Deus
2884 2421 3098 2476 creavit
3128 2438 3140 2487 ;
3174 2436 3275 2491 per
3304 2418 3721 2491 praenotionem

2081 2527 2213 2565 vero
2244 2508 2535 2582 inculpata
2569 2510 2626 2563 in
2668 2508 3015 2580 judicando,
3048 2514 3174 2564 tum
3237 2507 3383 2563 alios
3440 2512 3721 2578 tanquam

2072 2599 2271 2670 justos
2303 2598 2759 2667 absolvens,tum
2793 2598 2936 2653 alios
2962 2604 3242 2670 tanquam
3276 2598 3529 2667 injustas
3560 2598 3722 2652 dam-

2081 2705 2249 2742 nans.
2283 2691 2349 2743 Et
2379 2704 2484 2759 ego
2515 2687 2631 2743 dixi
2667 2704 2678 2742 :
2715 2688 2886 2743 Recte
2917 2687 3145 2742 locutus
3188 2703 3251 2741 es
3298 2704 3363 2742 ac
3393 2701 3522 2741 vere
3554 2703 3567 2741 :
3595 2685 3722 2741 fieri

2082 2776 2237 2831 enim
2275 2777 2493 2847 nequit,
2528 2780 2590 2829 ut
2621 2776 2720 2847 qui
2753 2775 3103 2847 prienotione
3133 2776 3548 2846 caret,judicet
3570 2780 3719 2829 recte

2082 2864 2379 2921 Interdum
2412 2865 2629 2936 quippe
2659 2864 2921 2919 nonnulli
2944 2865 3213 2919 videntur
3230 2865 3493 2935 boni,qui
3519 2864 3721 2918 illicita

2083 2954 2232 3010 clam
2267 2958 2601 3025 perpetrant
2632 2971 2644 3008 :
2679 2952 2941 3008 nonnulli
2973 2970 3103 3007 vero
3136 2953 3294 3017 boni,
3328 2952 3589 3007 hostium
3624 2968 3722 3006 ca-

2084 3043 2309 3099 lumnia
2342 3042 2477 3097 mali
2511 3058 2639 3098 esse
2670 3043 3006 3097 creduntur.
3051 3042 3157 3097 Sed
3195 3048 3251 3096 et
3298 3042 3345 3096 si
3393 3042 3526 3112 quis
3559 3048 3726 3113 pote-

2086 3136 2233 3187 state
2260 3132 2569 3203 torquendi
2626 3136 2682 3185 et
2712 3132 3091 3201 quzestionem
3152 3130 3400 3185 habendi
3447 3131 3725 3202 praeditus

328 3208 539 3283 δικάζει,
574 3211 707 3269 οὐδὲ
736 3213 908 3275 οὕτως
936 3211 1038 3283 ἕξει
1070 3216 1285 3277 πάντως
1329 3216 1391 3269 τὸ
1440 3212 1663 3277 δικαίως
1708 3213 1963 3285 δικάζειν’

2082 3220 2315 3291 iudicet,
2349 3197 2535 3291 neque
2564 3219 2648 3275 sic
2680 3197 2890 3291 poterit
2920 3219 3157 3274 omnino
3208 3221 3370 3290 juste
3414 3197 3673 3288 iudicare
3708 3235 3721 3272 :

328 3299 449 3355 ἔνιοι
496 3303 602 3378 γάρ
660 3307 843 3379 φονεῖς
899 3298 1071 3369 ὄντες,
1127 3303 1239 3357 εἶτα
1290 3304 1387 3365 τὰς
1441 3304 1699 3370 βασάνους
1750 3305 1967 3381 ὑπενεγ-

325 3389 516 3462 κόντες,
548 3391 849 3464 ἀφείθησαν
895 3391 970 3453 ὡς
1020 3392 1207 3446 ἀθῶοι·
1256 3388 1431 3464 ἕτεροι
1483 3389 1538 3447 δὲ
1588 3391 1749 3447 πάλιν
1799 3393 1965 3448 ἀθῶοι

323 3481 679 3554 τυγχάνοντες
709 3524 724 3547 ,
778 3480 873 3541 τὰς
933 3479 1194 3555 βασάνους
1244 3480 1352 3555 οὐχ
1408 3480 1828 3554 ὑπομείναντες,
1878 3483 1967 3536 καὶ

325 3562 406 3619 διὰ
446 3572 612 3623 τοῦτο
661 3567 1121 3641 καταψευσάμενοι
1171 3569 1396 3640 ἑαυτῶν,
1448 3569 1523 3631 ὡς
1571 3568 1734 3624 αἴτιοί
1782 3568 1971 3625 ἐκολά-

323 3656 531 3725 σθησαν.

387 3745 575 3802 XCVI.
634 3745 733 3799 Καὶ
783 3744 811 3799 ὁ
869 3744 1074 3821 Πέτρος
1107 3789 1122 3814 ,
1173 3747 1332 3821 Ἔχει
1379 3746 1613 3823 μετρίως
1665 3745 1754 3802 καί
1780 3752 1969 3817 ταῦτα,

325 3828 439 3909 ἔφη’
469 3835 531 3888 τὸ
564 3831 627 3888 δὲ
678 3838 862 3907 μεῖζον
915 3833 1162 3891 ἄκουσον.
1210 3834 1399 3890 Ἐνίων
1447 3837 1738 3913 ἀνθρώπων
1793 3840 1967 3913 ἁμαρ-

321 3922 584 3977 τανόντων
643 3922 678 3991 ἢ
741 3923 797 3977 εὖ
871 3922 1217 3998 πραττόντων
1254 3968 1267 3992 ,
1328 3922 1362 3977 ἆ
1424 3925 1519 3996 μὲν
1586 3926 1659 3979 ὧν
1720 3931 1967 3982 ποιοῦσιν

324 4007 425 4064 ἴδιά
478 4010 625 4065 ἐστιν
684 4010 880 4078 αὐτῶν,
940 4011 974 4064 ’ἀ
1034 4009 1091 4066 δὲ
1148 4012 1234 4066 καὶ
1286 4011 1583 4089 ἀλλότρια’
1647 4011 1854 4069 δίκαιον
1912 4013 1969 4070 δὲ

319 4094 530 4154 ἓκαστον
586 4098 674 4154 ἐπὶ
723 4106 838 4161 τοῖς
894 4098 1057 4161 ίδίοις
1105 4102 1460 4176 ἁμαρτήμασι
1508 4106 1890 4179 τιμωρεῖσθαι,
1930 4104 1965 4173 ἢ

320 4185 399 4242 ἰπὶ
452 4194 572 4250 τοῖς
620 4189 1037 4261 κατορθώμασιν
1095 4184 1337 4261 ἀμοιϐῆς
1400 4192 1713 4261 ἀξιοῦσθαι’
1771 4191 1966 4247 ἀδύνα-

319 4298 403 4331 τον
434 4276 490 4333 δέ
518 4299 630 4333 τινι
659 4277 807 4347 πλὴν
840 4281 1095 4354 προφήτῃ
1129 4279 1282 4351 μόνῳ
1306 4279 1616 4355 πρόγνωσιν
1651 4285 1765 4354 (12)
1786 4278 1965 4357 ἔχοντι

322 4365 418 4421 ὑπό
458 4387 609 4427 τινος
650 4366 913 4441 γενόμενα
960 4364 1155 4422 εἰδέναι
1204 4372 1409 4445 σαφῶς,
1459 4374 1591 4424 ποῖα
1649 4372 1715 4441 μὲ
1804 4369 1967 4425 αὐτοῦ

2080 3308 2319 3380 quidam
2352 3308 2529 3375 enim,
2562 3324 2695 3363 cum
2729 3307 3029 3362 homicida:
3079 3312 3293 3373 essent,
3330 3312 3530 3378 postea
3559 3323 3719 3377 quie-

2076 3396 2286 3453 stionis
2317 3402 2607 3452 tormenta
2656 3395 3034 3462 sustinentes,
3080 3396 3307 3450 dimissi
3354 3400 3509 3462 sunt,
3562 3394 3719 3449 velut

2077 3485 2295 3540 innoxii
2330 3503 2343 3551 ;
2377 3490 2430 3540 et
2463 3484 2560 3539 alii
2592 3502 2818 3552 rursus,
2854 3486 2953 3555 qui
2985 3484 3323 3539 innocentes
3354 3488 3538 3551 erant,
3582 3499 3715 3538 cum

2078 3578 2368 3629 tormenta
2399 3574 2544 3628 ferre
2578 3590 2692 3628 non
2735 3574 3081 3644 potuissent,
3136 3573 3383 3642 ideoque
3426 3576 3626 3626 contra
3658 3588 3718 3624 se

2081 3663 2307 3719 mentiti
2342 3663 2903 3733 fuissent,tanquam
2937 3663 3016 3716 rei
3049 3661 3237 3716 affecti
3267 3665 3406 3716 sunt
3434 3659 3720 3731 supplicio

2152 3751 2337 3807 XCVI.
2372 3751 2522 3805 Tum
2556 3755 2762 3806 Petrus
2796 3768 2808 3805 :
2840 3753 3027 3822 Atque
3059 3750 3199 3819 haec,
3247 3748 3459 3820 inquit,
3494 3748 3723 3802 modica

2080 3840 2425 3909 sunt;audi
2456 3856 2586 3894 vero
2639 3840 2829 3911 majus
2878 3839 3201 3910 quidpiam.
3254 3838 3493 3904 Quando
3540 3836 3720 3908 aliqui

2079 3929 2346 3985 homines
2415 3933 2677 3999 peccant,
2720 3927 2810 3982 vel
2868 3929 3014 3983 bene
3083 3931 3265 3999 agunt
3299 3945 3312 3994 ;
3345 3943 3547 3981 eorum
3592 3942 3720 3997 qua:

2079 4024 2417 4091 operantur,
2464 4015 2578 4071 alia
2626 4018 2887 4087 ipsorum
2943 4017 3175 4088 propria
3208 4019 3365 4082 sunt,
3401 4015 3514 4070 alia
3542 4015 3719 4069 etiam

2079 4107 2268 4163 aliena
2300 4124 2312 4162 :
2346 4122 2577 4177 aequum
2600 4122 2732 4159 vero
2754 4108 2843 4160 est
2865 4120 3345 4175 unumquemque
3371 4120 3471 4174 pro
3493 4102 3719 4158 delictis

2080 4196 2329 4269 propriis
2359 4196 2496 4248 dare
2529 4210 2751 4264 pmnas,
2784 4199 2885 4248 aut
2928 4210 3029 4264 pro
3062 4198 3215 4247 recte
3278 4192 3444 4247 factis
3476 4191 3720 4264 praemio

2078 4286 2301 4341 donari.
2338 4283 2482 4339 Fieri
2515 4289 2708 4337 autem
2743 4299 2848 4337 eon
2882 4287 3089 4353 potest,
3142 4286 3206 4336 ut
3254 4282 3573 4353 quispiam,
3605 4280 3722 4335 nisi

2078 4373 2235 4430 solus
2268 4372 2570 4444 propheta,
2603 4372 2703 4442 qui
2737 4370 3150 4441 pramolionem
3193 4370 3388 4438 habet,
3421 4370 3491 4425 ab
3524 4367 3721 4439 aliquo

1666 4478 1908 4534 νΑΗΙιΕ
1973 4478 2389 4538 LECTIONES.

384 4572 425 4606 ⁷⁷
452 4573 620 4627 deest
647 4570 705 4627 in
738 4571 812 4627 al.
844 4572 887 4607 ⁷⁸
918 4571 990 4628 al.
1024 4573 1274 4647 παρέχει.
1302 4576 1344 4610 ⁷⁸
1376 4575 1489 4632 Sic.
1520 4577 1577 4632 F.
1611 4576 1723 4649 leg.
1754 4594 1908 4645 ποτε,
1943 4578 2066 4635 Lat.
2108 4593 2241 4633 vero
2272 4574 2575 4646 aliquando
2606 4575 2728 4630 loco
2760 4578 2873 4629 tum
2904 4574 3006 4629 En.
3033 4574 3201 4630 Pam.
3237 4576 3281 4609 ⁷⁸
3314 4573 3517 4629 Matth.
3544 4589 3597 4639 v,
3623 4574 3711 4627 45.

1688 4693 2068 4753 VARIORUM
2108 4696 2337 4752 NOTIE.

381 4785 595 4858 (10)οὐ
627 4785 1006 4863 φιλάνθρωπός
1065 4786 1195 4843 ἐστι.
1256 4788 1465 4863 Melius
1515 4792 1787 4847 vertisset
1844 4810 1952 4847 n0-

319 4862 431 4935 s_ter
455 4876 475 4935 _:
511 4861 798 4935 hominum
829 4877 1045 4935 amans,
1082 4877 1257 4935 quam
1292 4861 1957 4935 humanas,ambiguita-

321 4928 387 4984 lis
417 4930 664 4985 vitandae
696 4948 893 4986 causa.
929 4932 1039 4987 Sed
1075 4928 1292 5002 ubique
1322 4933 1495 4987 verba
1527 4928 1722 4989 lectori
1765 4928 1959 4991 adnu-

320 5006 519 5073 merat,
552 5018 665 5057 non
700 5002 995 5073 appendit.
1031 5002 1133 5056 Vir
1162 5004 1389 5065 doctus,
1423 5004 1521 5073 qui
1555 5022 1623 5059 ex
1661 5020 1757 5060 ore
1788 5008 1953 5061 Henr.

327 5071 513 5127 Valesiz'
531 5071 754 5144 excepit
774 5071 1100 5129 versionem
1130 5071 1549 5130 Historicor'um
1600 5076 1955 5132 ecclesiasti-

319 5158 537 5212 corum,
570 5144 1060 5200 animadverterat
1092 5147 1284 5201 virum
1331 5162 1631 5202 summum
1661 5148 1956 5203 interdum

319 5213 559 5269 nimium
593 5233 627 5270 a
658 5216 848 5288 verbis
881 5216 1213 5288 abscedere,
1248 5217 1346 5272 sed
1383 5216 1508 5288 ipse
1555 5218 1730 5273 nimis
1763 5219 1956 5275 adhae-

320 5300 448 5339 rens
475 5291 753 5359 perpetuo
789 5281 1124 5413 βαέὃαρίζει,
1158 5281 1262 5343 nec
1304 5281 1533 5370 semper
1580 5289 1824 5371 feliciter
1861 5307 1958 5363 po-

321 5360 583 5413 testatem
614 5375 818 5413 vocum
904 5375 1184 5413 recarum
1212 5364 1503 5413 exprimit.
1539 5360 1657 5413 Hoc
1683 5362 1869 5413 obiter
1898 5369 1957 5413 et

321 5360 583 5431 testatem
614 5375 818 5431 vocum
853 5360 1184 5431 Graecarum
1212 5360 1503 5431 exprimit.
1539 5360 1657 5416 Hoc
1683 5360 1879 5416 obiter‘
1898 5369 1957 5417 et

323 5427 518 5493 semel,
550 5430 705 5500 quod
738 5430 1061 5485 sexcenties
1086 5430 1198 5485 dici
1222 5427 1536 5503 potuit,hic
1554 5432 1952 5489 adnotandum

323 5501 534 5554 censui.
567 5504 733 5554 Cum.

322 5513 534 5554 080801.
567 5513 733 5555 ULER.

390 5571 654 5646 (11)
691 5569 1022 5646 πρόγνωσιν.
1058 5570 1162 5627 Hic
1217 5587 1325 5626 vox
1362 5570 1665 5646 πρόγνωσις
1702 5590 1818 5646 non
1867 5579 1957 5631 est

324 5644 567 5709 pronotio
594 5659 608 5711 ;
632 5642 823 5715 Ᾰυᾶεκ
842 5642 998 5700 enim
1029 5659 1323 5716 praenosse
1356 5642 1566 5701 delicta
1591 5644 1831 5702 minime
1862 5663 1954 5703 ne-

2061 4810 2221 4848 cesse
2255 4792 2447 4857 habet,
2507 4792 2606 4846 sed
2656 4796 2882 4844 tantum
2936 4789 3085 4844 scire
3147 4787 3435 4859 praeterita
3472 4804 3491 4859 ;7
3521 4802 3708 4856 neque

2069 4866 2225 4919 enim
2261 4880 2461 4935 pmnas
2493 4862 2675 4935 sumit
2705 4864 2774 4916 de
2806 4862 3016 4916 futuris
3050 4860 3305 4935 flagitiis,
3340 4858 3537 4935 sedde
3569 4875 3710 4928 prin-

2068 4930 2276 4991 teritis:
2336 4935 2514 5006 Igitur
2553 4932 2807 5006 πρόγνωσ
2834 4952 2880 5001 ς,
2933 4933 3085 5003 apud
3140 4932 3291 5006 hunc
3346 4930 3707 5006 scriptorem,

2068 5012 2157 5061 est
2186 5006 2294 5060 hoc
2341 5000 2467 5059 lbco
2494 5000 2604 5056 τῶν
2637 5000 2897 5085 πρότερον
2938 5000 3264 5085 ’γεγονότων
3317 5004 3563 5085 γνῶσιςθ
3606 5016 3708 5083 seu

2068 5078 2319 5149 cognitio
2353 5092 2551 5149 eorum
2577 5092 2705 5147 quae
2738 5072 2901 5145 prius
2935 5072 3080 5129 facta
3111 5080 3248 5127 sunt
3279 5072 3475 5149 abiis,
3510 5073 3578 5126 de
3609 5072 3708 5142 qui

2068 5145 2178 5204 bus
2208 5146 2498 5203 sententia
2528 5145 2819 5202 fertur.An
2847 5163 2976 5201 vero
3012 5162 3256 5215 usquam
3290 5145 3423 5199 alibi
3460 5145 3577 5215 haec
3602 5160 3707 5197 vox

2066 5219 2175 5275 hoc
2208 5219 2535 5290 significatu
2570 5222 2854 5280 occurrat,
2893 5213 3195 5290 fateorine
3228 5217 3512 5290 ignorare.
3544 5213 3625 5290 In.

2137 5284 2593 5362 (12)‘Upd~{vw_aw
2630 5332 2642 5343 .
2674 5289 2776 5343 Hic
2807 5304 3037 5359 quoque
3085 5287 3189 5341 hac
3235 5284 3370 5362 voce
3408 5284 3705 5362 signiﬁca-

2064 5366 2161 5416 tur
2186 5358 2294 5415 τῶν
2328 5358 2631 5434 γενομένων
2664 5358 2957 5433 Miami
2986 5358 3288 5434 sequentia
3317 5359 3489 5412 verba
3509 5362 3702 5434 osten-

2066 5434 2214 5488 dunt
2247 5451 2259 5495 ;
2294 5426 2479 5507 neque
2510 5426 2831 5507 enim'cum
2881 5426 3219 5507 prazvisione
3266 5432 3591 5507 futurorum
3628 5426 3700 5507 in

2065 5500 2711 5577 prophetisgconjuncta
2741 5502 2849 5557 fuit
2865 5500 3115 5573 cognitio
3138 5500 3557 5577 praeteritorum
3584 5516 3597 5565 ;
3625 5500 3707 5552 ita

2065 5571 2130 5632 ut
2169 5571 2452 5647 posterior
2481 5571 2511 5629 ο
2541 5574 2731 5646 priore
2765 5571 3124 5644 sequeretur.
3158 5571 3327 5627 Cum.
