4082 6208
399 310 512 372 541

1150 314 1679 377 CLEMENTINA.
1710 313 2166 375 —EPITOME
2208 313 2310 374 DE
2356 314 2626 376 GESTIS
2675 316 2740 375 S.
2788 310 3047 375 PETRI.

3679 302 3797 363 542

397 444 785 519 παρεμυθεῖτο.
818 447 1234 519 Κατηντήσαμεν
1270 446 1363 501 οὗν
1394 445 1469 507 εἷς
1507 445 1810 507 Βαλαναίας
1838 448 1879 482 ⁹⁷
1912 446 2046 518 (14),

2165 446 2450 503 trahebat.
2478 448 2857 503 Pervenimus
2890 462 3026 517 ergo
3056 443 3390 499 Balanaaas:
3426 444 3484 496 et
3538 430 3819 511 sequenti

396 533 486 587 καὶ
533 538 601 606 τῇ
646 534 873 609 ἐπιούσῃ
920 534 995 597 εἷς
1045 533 1253 590 Πάλτον
1286 538 1330 572 ⁰⁸
1377 533 1645 608 ἤλθομεν,
1679 536 1919 590 κάκεῖθεν
1970 534 2047 595 εἷς

400 616 637 679 Γάϐαλα.
668 628 744 697 Τῇ
801 621 859 678 δὲ
914 625 1069 699 ἑτέρᾳ
1125 626 1532 696 κατηντήσαμεν
1581 623 1656 685 είς
1704 621 2044 681 Λαοδίκειαν.

399 711 498 765 Καὶ
560 709 679 766 ἰδοὺ
735 714 841 788 πρὸ
896 718 1004 767 τῶν
1056 715 1230 787 θυρῶν
1289 714 1528 782 Νικήτης
1584 733 1641 767 τε
1687 713 1778 767 καὶ
1812 711 2047 771 ’Δκύλας

398 798 651 869 ἀπήντων
707 804 865 874 ἡμῖν,
920 801 1010 855 καὶ
1067 800 1530 879 κιταφιλήσαντες
1586 802 1723 876 ἦγον
1790 800 1876 855 ἐπὶ
1949 802 2049 869 τὴν

402 888 571 959 ξενίαν
594 892 657 945 ⁹⁹.
681 891 742 947 Ὀ
775 888 832 945 δὲ
862 889 1061 966 Πέτρος
1092 890 1266 959 καλὴν
1298 891 1388 944 καὶ
1424 890 1665 966 μεγάλην
1698 888 1857 944 πόλιν
1894 886 2045 959 ἰδὼν,

398 978 609 1046 1Ἀξιον,
694 974 819 1055 ἔφη,
880 978 1104 1042 ἐνταῦθα
1176 980 1384 1055 ἡμέρας
1468 982 1615 1051 ἡμᾶς
1701 984 2047 1053 προσμεῖναι.

401 1067 627 1121 Δυνατὸν
683 1068 784 1143 γὰρ
844 1066 894 1122 ἐν
947 1072 1024 1139 τῷ
1071 1067 1295 1138 πλήθει,
1326 1068 1417 1122 καί
1472 1088 1622 1129 τινας
1680 1066 1921 1142 εὑρέσθαι
1949 1074 2050 1137 τῆς

394 1160 495 1209 τοῦ
528 1159 761 1231 Χριστοῦ
795 1154 1012 1229 μερίδος
1051 1156 1253 1226 ἀξίους.
1288 1158 1344 1209 Ὁ
1378 1157 1471 1228 μὶν
1523 1156 1614 1209 οὖν
1666 1157 1906 1225 Νικήτης
1960 1154 2050 1209 καὶ

399 1243 638 1305 ’Δκύλας
700 1244 1059 1308 ἐπυνθάνοντό
1121 1267 1249 1317 μου,
1281 1244 1363 1307 τίς
1416 1245 1474 1299 ἂν
1536 1241 1617 1315 εἴη
1650 1247 1684 1313 ἡ
1738 1244 1855 1319 ξένῃ
1913 1244 2046 1314 αὕτη

398 1335 559 1405 γυνή.
594 1334 757 1408 Κάγὼ
814 1330 963 1411 ἔφην’
994 1334 1133 1406 Έμή
1198 1336 1406 1409 μήτηρ,
1448 1336 1508 1402 ἢν
1557 1332 1845 1408 ἐπιγνῶναί
1897 1352 1991 1405 μοι
2023 1334 2051 1387 6

396 1422 525 1483 Θεὸς
560 1418 649 1475 διὰ
679 1422 883 1497 Πέτρου
911 1427 1008 1477 τοῦ
1042 1422 1243 1497 Κυρίου
1290 1444 1394 1495 μου
1426 1420 1764 1497 ἐδωρήσατο.

468 1532 647 1584 XCIX.
705 1525 880 1583 Τυῦτά
940 1549 1044 1601 μου
1098 1528 1366 1596 εἰπόντος,
1419 1530 1446 1583 6
1506 1529 1706 1604 Πέτρος
1761 1528 1944 1590 αὐτοῖς
2000 1527 2051 1582 ἐν

396 1615 680 1693 κεφαλαίῳ
720 1616 887 1672 πάντα
945 1618 1179 1689 ἐξέθετο,
1231 1617 1331 1672 ὅσα
1384 1639 1442 1673 τε
1490 1620 1635 1694 παρᾶ
1684 1625 1784 1687 τῆς
1848 1617 2055 1693 μητρὸς

398 1704 669 1772 ἀκούσειε,
701 1707 790 1760 καὶ
850 1705 949 1760 ὅσα
1003 1706 1267 1783 πρότερον
1326 1708 1453 1783 παρ’
1500 1704 1634 1779 ἐμοῦ
1691 1708 1877 1779 μάθοι,
1926 1705 2051 1782 περί

2158 535 2250 590 die
2293 536 2521 591 Paltum
2587 536 2802 591 ivimus
2859 541 2915 591 et
2973 535 3108 589 inde
3166 531 3384 589 Gabala
3438 532 3667 602 aliaque
3715 530 3809 585 die

2162 625 2501 680 Laodiceam
2534 626 2897 680 devenimus.
2931 625 3072 679 Cum
3104 639 3239 677 ecce
3287 627 3421 676 ante
3472 626 3667 691 portas
3716 636 3811 675 oc-

2158 719 2402 768 currunt
2434 715 2602 769 nobis
2636 714 2865 771 Nicetas
2924 718 2981 767 et
3012 710 3255 782 Aquila;
3308 717 3363 764 et
3390 708 3655 775 osculati,
3696 709 3807 763 du-

2158 807 2299 857 eunt
2329 803 2399 856 ad
2434 802 2774 873 hospitium.
2812 801 3014 855 Petrus
3045 804 3240 854 autem
3271 797 3571 869 pulchram
3604 803 3660 851 et
3684 814 3804 851 ma-

2158 906 2335 960 gnam
2366 890 2658 945 civitatem
2691 890 2930 945 videns:
2978 888 3227 958 {Equum
3278 890 3383 952 est,
3434 886 3645 957 inquit,
3699 902 3806 940 nos

2160 978 2255 1034 hic
2286 979 2509 1050 aliquot
2540 979 2665 1035 dies
2697 978 3084 1033 commorari:
3122 976 3242 1030 fieri
3281 974 3435 1030 enim
3484 978 3689 1045 potest,
3744 978 3806 1029 ut

2161 1068 2220 1123 in
2235 1068 2788 1123 tantamultitudine
2802 1068 3037 1138 quidam
3054 1062 3638 1136 reperianturChristi
3655 1066 3807 1117 sorte

2163 1174 2227 1211 ac
2259 1158 2522 1228 partibus
2554 1157 2733 1228 digni.
2764 1156 3050 1211 Caeterum
3081 1154 3309 1208 Nicctas
3350 1156 3403 1207 et
3436 1151 3647 1223 Aquila
3676 1168 3811 1221 per—

2162 1247 2552 1301 contabantur
2579 1263 2689 1313 me,
2725 1260 2987 1316 quaenam
3020 1248 3173 1298 esset
3202 1241 3301 1296 illa
3334 1240 3545 1296 mulier
3591 1245 3805 1294 extera.

2162 1338 2230 1389 Et
2260 1350 2364 1405 ego
2396 1334 2512 1389 dixi
2539 1353 2551 1390 :
2580 1338 2758 1389 Mater
2790 1350 2920 1388 mea
2951 1336 3059 1394 est,
3089 1348 3264 1402 quam
3300 1334 3363 1385 ut
3411 1344 3809 1400 agnoscerem,

2164 1428 2315 1479 Deus
2349 1423 2491 1478 mihi
2527 1442 2626 1495 per
2648 1423 2953 1480 dominum
2986 1437 3183 1476 meum
3215 1421 3447 1475 Petrum
3499 1416 3805 1473 concessit.

2235 1530 2412 1585 XCIX.
2447 1531 2576 1585 Haec
2634 1536 2946 1601 postquam
3002 1528 3160 1594 dixi;
3213 1528 3418 1582 Petrus
3449 1524 3564 1580 illis
3596 1528 3807 1579 cuncta

2165 1620 2509 1675 summatim
2542 1619 2808 1691 exposuit
2836 1637 2849 1686 ;
2875 1623 2999 1673 tum
3023 1635 3149 1689 qua:
3173 1634 3239 1671 ex
3262 1620 3447 1670 matre
3469 1614 3807 1681 audivisset,

2164 1712 2291 1763 tum
2325 1726 2449 1779 quae
2483 1714 2653 1765 antea
2682 1725 2751 1763 ex
2781 1724 2872 1763 me
2902 1706 3322 1777 comperisset;
3384 1703 3684 1769 nimirum,
3738 1703 3809 1756 de

395 1815 455 1848 τε
486 1798 583 1848 τοῦ
616 1794 1006 1868 πεπλασμένου
1042 1792 1256 1870 ὀνείρου
1288 1795 1411 1871 περί
1442 1817 1499 1851 τε
1527 1798 1624 1864 τῆς
1653 1794 1704 1849 ἐν
1746 1800 1824 1867 τῷ
1872 1795 2048 1868 πλοίῳ

2166 1797 2392 1853 somnio
2415 1797 2683 1861 conficto,
2707 1797 2777 1851 de
2807 1795 3108 1866 naufragio
3132 1811 3249 1849 una
3263 1810 3396 1847 cum
3418 1791 3618 1847 liberis
3637 1792 3807 1858 facto,

403 1883 541 1957 μετᾶ
578 1883 667 1937 καὶ
698 1887 807 1937 τῶν
836 1885 965 1937 υἱῶν
994 1884 1273 1957 ναυαγίας,
1303 1884 1393 1938 καὶ
1443 1883 1591 1945 ὅπως
1637 1883 1857 1960 ὕστερον
1893 1885 1920 1938 6
1950 1905 2054 1938 πα-

400 1973 510 2045 τὴρ
560 1971 635 2033 είς
682 1971 1007 2041 ἀναζήτησῖν
1049 1980 1147 2041 τῆς
1194 1974 1443 2048 γυναικὸς
1491 1973 1579 2027 καὶ
1636 1977 1743 2027 τῶν
1808 1970 2051 2045 διδύμων

404 2060 575 2129 αὐτῆς
605 2057 812 2115 παίδων
845 2056 1027 2131 ἐκϐὰς,
1061 2060 1191 2137 ἄχρι
1221 2068 1321 2131 τῆς
1364 2059 1520 2137 δεῦρο
1571 2059 1828 2134 διέμεινεν
1880 2062 2052 2136 ἄγνω-

404 2169 554 2215 στος,
604 2146 841 2221 κινδύνῳ
912 2151 1081 2225 τυχὸν
1152 2150 1240 2205 καὶ
1299 2150 1457 2212 αὐτὸς
1512 2148 1785 2223 θαλαττίῳ
1833 2170 2055 2225 περιπε-

403 2255 514 2289 σων
527 2278 539 2290 .

476 2326 534 2382 C.
567 2324 783 2379 Τούτων
834 2325 978 2381 οὕτω
1026 2324 1419 2401 κεφαλαιωδῶς
1465 2326 1736 2404 ῥηθέντων
1788 2327 1890 2381 ὑπὸ
1953 2328 2051 2381 τοῦ

398 2414 633 2489 Πέτρου,
666 2414 694 2468 6
740 2417 981 2485 Νικήτης
1022 2415 1111 2470 καὶ
1160 2415 1391 2479 Ἀκύλας
1436 2416 1882 2493 καταπλαγέντες·
1911 2414 2053 2492 ’Δρά

396 2522 481 2577 γε,
516 2504 761 2558 Δέσποτα
808 2504 897 2559 καὶ
950 2505 1109 2579 Κύριε
1149 2510 1254 2559 τῶν
1308 2505 1574 2577 ἁπάντων,
1611 2505 1784 2575 εἶπον,
1827 2502 2049 2576 ἀληθὲς,

404 2585 678 2664 1Ξὸνειρός
733 2591 842 2647 ἐστι
888 2592 1092 2663 ταῦτα;
1128 2594 1224 2649 Καὶ
1272 2596 1299 2649 ὁ
1346 2598 1569 2671 Πέτρος,
1600 2595 1664 2649 Ei
1718 2596 1792 2668 μὴ
1839 2594 2049 2667 κοιμώ-

403 2690 564 2751 μεθα,
591 2674 716 2757 ἔφη,
746 2679 945 2751 ἀληθὲς
992 2682 1269 2758 τυγχάνει.
1303 2683 1369 2739 Οἱ
1418 2680 1474 2737 δὲ
1526 2681 1705 2759 βραχὺ
1759 2682 2046 2756 μείναντες,

399 2767 491 2821 καὶ
524 2767 703 2842 ὥσπερ
738 2768 824 2824 ἐπὶ
853 2770 1098 2832 συννοίας
1126 2770 1428 2847 γενόμενοι,
1454 2773 1644 2844 Ἡμεῖς
1694 2770 1851 2845 ἐσμεν
1904 2777 2049 2826 Φαυ-

399 2860 577 2917 στῖνος
625 2857 715 2911 καὶ
762 2860 1166 2927 Φαυστινιανὸς,
1211 2858 1416 2936 ἔφασιψ
1468 2862 1556 2915 καὶ
1623 2861 1901 2936 ἆπαρχῆς,
1952 2865 2047 2914 σοῦ

400 2942 818 3020 διαλεγομένου,
850 2946 1122 3018 ἀλλήλοις
1157 2944 1542 3021 ἐμϐλέποντες,
1574 2949 1758 3005 πολλὰ
1787 2950 1910 3025 περὶ
1950 2949 2044 3003 αύ-

396 3037 507 3087 τῶν
534 3036 1065 3111 κατεστοχαζόμεθα,
1103 3039 1176 3110 μή
1224 3036 1325 3113 ἄρα
1373 3038 1478 3115 οὐχ
1527 3041 1661 3112 ἡμῖν
1711 3036 1937 3114 διαφέρῃ
1981 3039 2048 3092 τὰ

400 3120 690 3197 λεγόμενα,
732 3122 1082 3199 λογιζόμενοι
1142 3125 1223 3181 ὅτι
1280 3125 1465 3183 πολλὰ
1512 3126 1791 3203 παρόμοια
1847 3127 2047 3201 γίνεται

400 3209 452 3265 ἐν
485 3210 565 3283 τῷ
599 3212 722 3287 βίῳ’
757 3210 842 3268 διὸ
872 3215 960 3268 καὶ
1001 3214 1318 3288 ἐσιωπῶμεν
1369 3215 1705 3289 παλλόμενοι
1764 3217 1859 3278 τὰς
1915 3237 2044 3292 καρ-

402 3296 538 3356 δίας.
575 3301 716 3376 Πρὸς
764 3299 821 3356 δὲ
867 3303 929 3357 τὸ
975 3301 1133 3365 τέλος
1180 3308 1271 3357 νῦν
1318 3309 1425 3358 τῶν
1475 3304 1785 3379 Λεγομένων
1821 3302 2048 3376 ἰδόντες,

400 3389 487 3443 καὶ
519 3389 736 3464 γνόντες
768 3387 1031 3466 ἀκριϐῶς,
1064 3390 1145 3446 ὅτι
1176 3414 1277 3468 περ
1310 3395 1445 3465 ἡμῖν
1494 3391 1734 3469 διαφέρει
1781 3396 1847 3448 τὰ
1895 3393 2049 3467 εἷ’ρη-

405 3474 559 3550 μένα,
590 3479 713 3533 τότε
738 3480 960 3543 ἑαυτοὺς
991 3480 1523 3557 ἀνωμολογήσαμεν.
1560 3483 1656 3537 Καὶ
1686 3480 1845 3538 τούτο
1879 3482 2051 3538 εἰπόν-

400 3588 509 3639 τες,
546 3569 681 3641 μετὰ
706 3566 951 3644 δακρύων
988 3570 1310 3639 ἐπεισῆλθον
1354 3575 1424 3644 τῇ
1480 3571 1669 3644 μητρὶ,
1700 3573 1787 3626 καὶ
1837 3594 2047 3645 κοιμω-

405 3655 567 3726 μένην
612 3653 881 3730 εὑρόντες⁸
912 3657 1328 3733 περιπλέκεσθαι
1380 3657 1487 3730 ἤδη
1541 3655 1855 3716 ἐϐούλοντο.
1887 3662 1944 3714 Ὀ
1994 3659 2050 3715 δὲ

402 3744 604 3819 Πέτρος
658 3745 926 3801 ἐκώλυσεν
970 3748 1186 3818 αὐτοὺς,
1247 3748 1435 3803 εἰπών’
1470 3748 1689 3803 Ἐάσατέ
1750 3770 1836 3822 με,
1890 3748 2049 3811 αὐτὸς

404 3833 542 3906 ὑμᾶς
680 3834 846 3910 μητρὶ
886 3838 1243 3912 προσαγάγω,
1277 3840 1477 3910 μήπως
1534 3838 1636 3892 ὑπὸ
1682 3845 1785 3908 τῆς
1831 3837 2049 3908 πολλῆς

402 3921 672 4000 αἷφνιδίου
712 3931 910 4000 χαρᾶς,
944 3926 1033 3979 καὶ
1084 3926 1157 3988 είς
1207 3923 1448 3981 ἔκστασιν
1496 3924 1643 3981 ἔλθοι
1694 3932 1925 4004 φρενῶν,
1960 3929 2050 3982 ἅτε

404 4007 468 4080 δὴ
519 4012 611 4066 καὶ
658 4012 1005 4086 κοιμωμένη,
1038 4014 1125 4068 καὶ
1174 4015 1235 4068 τὸ
1291 4019 1501 4088 πνεῦμα
1551 4013 1651 4069 ὑπὸ
1719 3998 2046 4070 τονῦπνου

401 4099 510 4170 ἀπη
520 4098 702 4175 σχολη
714 4100 867 4173 μένον
901 4098 1122 4177 ἔχουσα.

472 4192 559 4246 Cl.
588 4191 781 4263 ’Όμως
824 4190 937 4245 ἐπεὶ
967 4192 1130 4267 κόρον
1180 4188 1307 4267 ἔσχε
1352 4196 1449 4247 τοῦ
1498 4191 1686 4259 ὕπνου,
1718 4190 2048 4270 διεγερθείσῃ

400 4282 467 4351 τῇ
502 4278 693 4353 μητρὶ,
727 4280 755 4333 6
789 4279 989 4351 Πέτρος
1026 4280 1149 4355 περὶ
1199 4275 1502 4343 θεοσεϐείας
1550 4281 1684 4355 αὐτῇ
1740 4279 2048 4357 διαλεχθεὶς

402 4367 663 4443 πρότερον
712 4369 801 4422 καὶ
858 4369 1045 4423 εἰπών·
1093 4370 1377 4423 Γινώσκειν
1431 4390 1488 4423 σε
1537 4368 1702 4437 θέλω,
1735 4372 1913 4445 γύναι,
1945 4378 2045 4440 τῆς

402 4458 672 4529 ἡμετέρας
703 4456 931 4519 πίστεως
982 4459 1081 4526 τήν
1129 4453 1426 4533 ἀκρίϐειαν.
1458 4461 1589 4512 Ἕνα
1636 4460 1737 4535 γὰρ
1788 4462 1914 4514 Θεὸν
1960 4462 2044 4515 σέ-

2166 1891 2223 1940 et
2251 1886 2747 1957 quemadmodum
2782 1889 2981 1957 postea
3014 1888 3173 1955 pater
3202 1883 3271 1937 ad
3307 1880 3809 1951 investigationem

2166 1975 2363 2030 uxoris
2393 1979 2568 2045 atque
2598 1973 2967 2045 geminorum
3000 1973 3128 2043 ejus
3161 1976 3433 2025 natorum
3492 1969 3810 2040 profectus,

2166 2079 2352 2135 usque
2382 2063 2573 2118 adhuc
2604 2062 2885 2117 manserit
2916 2061 3170 2133 ignotus,
3207 2058 3467 2114 fortassis
3497 2058 3622 2129 ipse
3670 2073 3811 2127 quo-

2166 2168 2278 2223 que
2312 2152 2367 2206 in
2402 2152 2581 2207 maris
2615 2152 2929 2207 discrimen
2963 2149 3260 2221 delapsus.

2236 2332 2296 2387 C.
2334 2330 2431 2387 His
2456 2331 2536 2387 ita
2564 2330 2927 2403 capitulatim
2961 2346 2995 2385 a
3029 2330 3189 2385 Petro
3239 2326 3457 2392 relatis,
3494 2325 3725 2382 Nicetes
3757 2330 3816 2381 et

2161 2419 2374 2491 Aquila
2399 2425 2634 2491 stupore
2669 2419 2929 2492 percussi
2960 2419 3265 2474 dixerunt:
3303 2416 3447 2471 Here
3480 2432 3545 2471 ac
3568 2414 3813 2470 Domine

2164 2508 2451 2577 omnium,
2479 2526 2757 2563 verumne
2787 2514 2873 2564 est
2897 2509 3048 2580 quod
3072 2510 3362 2575 narratur,
3387 2521 3460 2560 an
3475 2504 3815 2560 somnium?

2162 2596 2476 2663 EtPetrus,
2510 2597 2631 2651 Nisi
2660 2598 3008 2663 dormimus,
3032 2596 3241 2668 inquit,
3276 2612 3367 2649 res
3398 2594 3477 2649 ita
3508 2593 3701 2649 habet.
3736 2598 3813 2648 At

2163 2684 2244 2739 illi
2278 2685 2583 2757 paululum
2616 2686 2847 2752 morati,
2893 2702 2958 2740 ac
3015 2684 3171 2739 velut
3229 2683 3631 2755 cogitabundi:
3666 2682 3803 2749 Nos,

2160 2772 2518 2845 inquierunt,
2545 2792 2752 2831 sumus
2782 2775 3092 2830 Faustinus
3106 2778 3162 2829 et
3177 2773 3584 2829 Faustinianus
3600 2789 3613 2827 :
3631 2776 3806 2843 atque

2159 2862 2233 2917 ab
2255 2862 2545 2919 initiatum
2565 2864 2934 2929 narrationis,
2958 2863 3102 2917 alter
3118 2865 3367 2918 alterum
3400 2862 3800 2933 inspieientes,

2158 2951 2480 3023 plurimum
2512 2954 2665 3008 circa
2694 2952 3327 3007 nosconsiderabamus
3351 2968 3490 3005 num
3507 2968 3635 3022 quae
3658 2950 3805 3005 dice-

2159 3042 2453 3096 banturad
2474 3060 2575 3097 nos
2590 3043 2949 3113 pertinerent
2972 3062 2985 3109 ;
3005 3045 3359 3112 reputantes,
3380 3040 3564 3094 multa
3587 3039 3804 3095 similia

2159 3128 2220 3184 in
2242 3130 2359 3185 vita
2390 3132 2759 3202 contingere:
2794 3131 3065 3202 quocirca
3094 3135 3150 3183 et
3180 3129 3475 3192 siluimus,
3516 3145 3647 3184 cum
3706 3146 3805 3183 cor

2159 3223 2427 3275 nostrum
2459 3219 2787 3292 palpitaret.
2824 3220 2988 3275 Nunc
3020 3236 3151 3274 vero
3183 3218 3240 3273 in
3263 3219 3373 3273 fine
3396 3218 3704 3282 sermonis,
3728 3219 3804 3272 vi-

2159 3308 2362 3363 dentes
2384 3326 2449 3364 ac
2480 3310 2655 3380 probe
2686 3310 2957 3373 scientes,
2993 3325 3117 3379 quae
3151 3314 3258 3361 ate
3315 3307 3469 3361 dicta
3521 3311 3677 3373 sunt,
3730 3308 3799 3360 ad

2160 3413 2267 3451 nos
2297 3398 2603 3468 pertinere,
2636 3404 2775 3453 tunc
2808 3414 2912 3452 nos
2960 3396 3405 3451 declaravimus.
3456 3396 3641 3463 Atque
3697 3395 3801 3449 hoc

2159 3484 2334 3551 dicto,
2368 3503 2499 3541 cum
2530 3486 2806 3559 lacrymis
2836 3486 3224 3557 properabant
3252 3484 3324 3539 ad
3348 3488 3614 3553 matrem,
3644 3499 3801 3538 eam-

2160 3574 2669 3645 quedormicntem
2690 3575 2865 3639 nacti,
2886 3574 3152 3645 protinus
3183 3572 3483 3642 complecti
3510 3571 3798 3626 volebant.

2160 3663 2271 3718 Sed
2304 3667 2508 3718 Petrus
2540 3662 2856 3735 prohibuit,
2889 3662 3124 3717 dicens:
3159 3662 3342 3717 Sinite
3375 3676 3502 3727 me;
3536 3660 3660 3731 ipse
3700 3676 3800 3714 vos

2158 3753 2230 3807 ad
2257 3757 2500 3807 matrem
2524 3753 2811 3807 adducam
2838 3769 2852 3818 ;
2877 3768 2948 3807 ne
2970 3751 3115 3806 forte
3131 3748 3311 3804 multo
3334 3748 3545 3819 gaudio
3568 3754 3801 3819 repente

2157 3840 2520 3905 adveniente,
2554 3840 2613 3896 in
2638 3840 2818 3895 animi
2849 3846 3148 3911 stuporem
3180 3836 3435 3901 incidat;
3465 3840 3800 3907 utpotequaa

2157 3928 2332 3984 etiam
2365 3929 2637 3998 dormiat,
2672 3929 3064 4001 spiritumque
3088 3944 3291 3983 somno
3323 3926 3533 3981 habeat
3555 3941 3799 3999 occupa-

2156 4022 2305 4072 tum.

2227 4198 2313 4251 CI.
2346 4200 2625 4253 Caeterum
2678 4201 2987 4267 postquam
3026 4212 3301 4251 somnum
3351 4196 3421 4250 ad
3474 4195 3799 4250 satietatem

2156 4285 2327 4355 cepit,
2364 4302 2429 4340 ac
2449 4290 2779 4355 experrecta
2799 4290 2888 4339 est
2907 4291 3107 4351 mater,
3134 4288 3336 4339 Petrus
3358 4284 3425 4338 ad
3453 4283 3613 4338 illam
3639 4282 3803 4354 prius

2156 4388 2485 4429 sermonem
2521 4375 2725 4428 habuit
2753 4375 2821 4428 de
2854 4373 3011 4428 cultu
3049 4374 3165 4441 Dei,
3209 4390 3274 4427 ac
3332 4372 3505 4427 dixit:
3558 4372 3715 4427 Scire
3748 4376 3801 4426 te

2158 4460 2307 4530 volo,
2332 4462 2560 4525 mulier,
2578 4463 2933 4518 nostraeﬁdei
2949 4461 3322 4533 disciplinam
3345 4460 3627 4517 ‘°°.Unum
3643 4460 3800 4515 enim

403 4539 574 4619 ὅομεν
627 4544 720 4601 τόν
780 4546 1118 4616 πεποιηκότα
1174 4545 1395 4622 οὐρανόν
1446 4568 1503 4601 τε
1550 4546 1639 4601 καὶ
1688 4555 1816 4623 γῆν,
1848 4549 1937 4603 καὶ
1984 4550 2041 4605 ’ὸν

2164 4551 2336 4605 Deum
2369 4550 2635 4621 colimus,
2665 4552 2992 4607 effectorem
3025 4550 3150 4606 coeli
3182 4555 3240 4605 et.
3292 4555 3476 4615 terrae,
3516 4556 3571 4603 et
3620 4550 3799 4619 hujus

402 4634 527 4706 ὁρᾷς
560 4633 784 4707 κόσμον·
818 4636 907 4689 καὶ
951 4634 1149 4690 τούτου
1199 4633 1541 4711 φυλάσσομεν
1587 4638 1678 4691 τὸν
1729 4637 1918 4710 νόμον,
1950 4659 2045 4693 πε-

402 4722 659 4799 ρίέχοντα
690 4723 741 4778 ἐν
782 4724 1023 4799 πρώτοις
1052 4722 1211 4779 αὐτὸν
1263 4720 1435 4779 σέϐειν
1490 4724 1673 4797 μόνον,
1708 4725 1795 4780 καὶ
1843 4726 1906 4781 τὸ
1955 4727 2047 4781 αύ-

400 4816 495 4866 τοῦ
544 4811 781 4888 ἀγιάζειν
840 4810 1033 4886 ὄνομα,
1063 4818 1222 4884 τιμᾷν
1266 4834 1321 4867 τε
1365 4819 1549 4887 γονεῖς
1581 4813 1668 4867 καὶ
1726 4820 2043 4891 σωφρονεῖν,

403 4901 650 4975 βιοῦντας
679 4900 1086 4971 ἀνεπιλήπτως,
1119 4902 1206 4955 καὶ
1237 4902 1510 4973 τραπέζης
1541 4900 1754 4970 ἐθνικῆς
1788 4904 1862 4975 μή
1918 4924 2043 4975 μετ-

400 4988 570 5065 έχειν,
612 4988 700 5045 διὰ
742 4993 805 5045 τὸ
852 4990 1164 5065 ἀκαθάρτως
1214 4990 1405 5052 αὐτοὺς
1451 4988 1847 5047 πολιτεύεσθαι.
1881 4995 2041 5047 Ὅταν

390 5075 453 5134 δὲ
485 5079 759 5152 πείσωμεν
791 5078 984 5141 αὐτοὺς
1014 5080 1079 5133 τὰ
1133 5086 1233 5149 τῆς
1281 5077 1540 5149 ἀληθείας
1588 5086 1801 5157 φρονεῖν
1841 5100 1901 5135 τε
1954 5082 2043 5136 καὶ

2155 4655 2329 4710 quem
2361 4640 2518 4695 vides
2554 4640 2758 4694 mundi
2786 4658 2798 4708 ;
2830 4641 3076 4711 ejusque
3105 4642 3288 4710 legem
3321 4654 3644 4707 servamus,
3670 4654 3797 4707 quaa

2156 4728 2212 4783 in
2247 4728 2453 4799 primis
2492 4728 2767 4798 continet,
2801 4729 2992 4799 ipsum
3046 4729 3237 4783 solum
3289 4726 3597 4782 colendum
3646 4742 3794 4791 esse,

2154 4817 2637 4873 sanctificandum
2672 4834 2879 4873 nomen
2914 4818 3062 4889 ejus,
3095 4816 3465 4871 honorandos
3508 4819 3795 4886 parentes,

2152 4910 2545 4979 temperanter
2573 4907 2884 4962 vivendum
2921 4911 2975 4961 et
3005 4904 3331 4976 inculpata;
3374 4920 3478 4958 nec
3532 4918 3793 4958 mensam

2154 5011 2285 5051 cum
2318 4994 2632 5065 gentilibus
2654 5012 3022 5051 communem
3047 4994 3396 5060 habendam,
3427 4994 3580 5064 quod
3606 4992 3798 5062 impu-

2153 5100 2279 5139 ram
2313 5085 2488 5138 vitam
2522 5085 2756 5156 degant.
2790 5089 2930 5139 Cum
2964 5088 3157 5137 autem
3199 5082 3283 5137 eis
3332 5079 3796 5152 persuaserimus

1780 5223 2026 5280 VARle
2065 5224 2474 5283 LECTIONES.

466 5322 508 5358 ’7
536 5319 611 5377 al.
644 5316 935 5381 Βαλανέας.
968 5320 1010 5356 ³⁸
1041 5318 1115 5375 al.
1149 5316 1384 5376 Πάλταν.
1419 5321 1464 5357 ⁹⁹
1494 5320 1568 5376 al.
1602 5318 1793 5377 οἰκίαν.
1831 5322 1898 5359 ¹⁰⁹
1927 5323 1972 5379 Ῑ.
2005 5323 2141 5379 Rec.
2172 5322 2212 5379 l.
2246 5340 2301 5391 Χ,
2336 5339 2383 5378 c.
2420 5322 2509 5376 47.

1762 5464 2144 5522 VARIORUM
2184 5463 2418 5521 NOTIE.

466 5561 585 5633 (14)
615 5556 1079 5635 Βαλαναίαςιθῐε.
1113 5560 1193 5616 De
1232 5560 1349 5617 situ
1381 5560 1591 5618 horum
1623 5562 1798 5634 Syriae
1837 5562 2097 5620 locorum
2128 5563 2259 5620 vide
2307 5578 2434 5635 quea
2466 5560 2701 5633 collegit
2729 5560 3061 5635 ChristOpb.
3117 5560 3411 5616 Cellarius.
3449 5559 3632 5631 Geogr.
3664 5558 3793 5615 Ant.

396 5632 497 5689 lib.
529 5649 615 5699 ιιι,
650 5648 775 5704 cap.
809 5632 897 5687 21.
930 5634 1096 5689 Cum
