  <div class='ocr_page' id='page_1' title='image "/cluster/home/n/w/nwhite01/storage/ocr_20150623/2/hvd.32044073501397/279.png"; bbox 0 0 4082 6208; ppageno 0'>
   <div class='ocr_carea' id='block_1_1' title="bbox 340 291 459 349">
    <p class='ocr_par' dir='ltr' id='par_1_1' title="bbox 340 291 459 349">
     <span class='ocr_line' id='line_1_1' title="bbox 340 291 459 349; baseline 0.008 -1"><span class='ocrx_word' id='word_1_1' title='bbox 340 291 459 349; x_wconf 77' lang='grc'>543</span> 
     </span>
    </p>
   </div>
   <div class='ocr_carea' id='block_1_2' title="bbox 1168 287 2913 353">
    <p class='ocr_par' dir='ltr' id='par_1_2' title="bbox 1168 287 2913 353">
     <span class='ocr_line' id='line_1_2' title="bbox 1168 287 2913 353; baseline 0 -2"><span class='ocrx_word' id='word_1_2' title='bbox 1168 290 1231 351; x_wconf 92' lang='lat' dir='ltr'>S.</span> <span class='ocrx_word' id='word_1_3' title='bbox 1279 290 1719 352; x_wconf 85' lang='lat' dir='ltr'>CLEMENTIS</span> <span class='ocrx_word' id='word_1_4' title='bbox 1764 291 1786 352; x_wconf 86' lang='grc' dir='ltr'>Ι</span> <span class='ocrx_word' id='word_1_5' title='bbox 1833 291 2025 353; x_wconf 81' lang='lat' dir='ltr'><strong>ROM.</strong></span> <span class='ocrx_word' id='word_1_6' title='bbox 2072 292 2303 353; x_wconf 87' lang='lat' dir='ltr'><strong>PONT.</strong></span> <span class='ocrx_word' id='word_1_7' title='bbox 2350 292 2609 353; x_wconf 80' lang='lat' dir='ltr'><strong>OPERA</strong></span> <span class='ocrx_word' id='word_1_8' title='bbox 2653 287 2913 352; x_wconf 83' lang='lat' dir='ltr'>DUBIA.</span> 
     </span>
    </p>
   </div>
   <div class='ocr_carea' id='block_1_3' title="bbox 3606 294 3716 354">
    <p class='ocr_par' dir='ltr' id='par_1_3' title="bbox 3606 294 3716 354">
     <span class='ocr_line' id='line_1_3' title="bbox 3606 294 3716 354; baseline 0 -1"><span class='ocrx_word' id='word_1_9' title='bbox 3606 294 3716 354; x_wconf 72' lang='lat' dir='ltr'>5M</span> 
     </span>
    </p>
   </div>
   <div class='ocr_carea' id='block_1_4' title="bbox 332 421 1982 501">
    <p class='ocr_par' dir='ltr' id='par_1_4' title="bbox 332 422 1981 497">
     <span class='ocr_line' id='line_1_4' title="bbox 332 422 1981 497; baseline 0 -20"><span class='ocrx_word' id='word_1_10' title='bbox 332 422 558 487; x_wconf 59' lang='lat' dir='ltr'>{sentire</span> <span class='ocrx_word' id='word_1_11' title='bbox 591 440 653 477; x_wconf 92' lang='lat' dir='ltr'>ac</span> <span class='ocrx_word' id='word_1_12' title='bbox 680 424 862 477; x_wconf 71' lang='lat' dir='ltr'>facere</span> <span class='ocrx_word' id='word_1_13' title='bbox 893 442 959 479; x_wconf 88' lang='lat' dir='ltr'>ea</span> <span class='ocrx_word' id='word_1_14' title='bbox 1022 441 1146 496; x_wconf 59' lang='lat' dir='ltr'>qure</span> <span class='ocrx_word' id='word_1_15' title='bbox 1207 426 1274 479; x_wconf 89' lang='lat' dir='ltr'>ad</span> <span class='ocrx_word' id='word_1_16' title='bbox 1338 425 1639 481; x_wconf 76' lang='lat' dir='ltr'>veritatem</span> <span class='ocrx_word' id='word_1_17' title='bbox 1700 430 1981 497; x_wconf 83' lang='lat' dir='ltr'>spcctanl,</span> 
     </span>
    </p>
   </div>
   <div class='ocr_carea' id='block_1_5' title="bbox 2094 421 3721 501">
    <p class='ocr_par' dir='ltr' id='par_1_5' title="bbox 2098 421 3721 501">
     <span class='ocr_line' id='line_1_5' title="bbox 2098 421 3721 501; baseline 0.001 -25"><span class='ocrx_word' id='word_1_18' title='bbox 2098 427 2296 491; x_wconf 85' lang='grc' dir='ltr'>ποιεῖν,</span> <span class='ocrx_word' id='word_1_19' title='bbox 2340 428 2434 478; x_wconf 82' lang='grc' dir='ltr'>τοῦ</span> <span class='ocrx_word' id='word_1_20' title='bbox 2484 425 2633 501; x_wconf 69' lang='grc' dir='ltr'>ἱεροῦ</span> <span class='ocrx_word' id='word_1_21' title='bbox 2686 422 3054 499; x_wconf 67' lang='grc' dir='ltr'>βαπτίσματος</span> <span class='ocrx_word' id='word_1_22' title='bbox 3118 421 3431 492; x_wconf 72' lang='grc' dir='ltr'>ἀξιώσαντες</span> <span class='ocrx_word' id='word_1_23' title='bbox 3479 421 3529 477; x_wconf 79' lang='grc' dir='ltr'>έν</span> <span class='ocrx_word' id='word_1_24' title='bbox 3577 444 3721 499; x_wconf 83' lang='grc' dir='ltr'>τρισ-</span> 
     </span>
    </p>
   </div>
   <div class='ocr_carea' id='block_1_6' title="bbox 339 512 1987 586">
    <p class='ocr_par' dir='ltr' id='par_1_6' title="bbox 339 512 1987 586">
     <span class='ocr_line' id='line_1_6' title="bbox 339 512 1987 586; baseline 0.001 -20"><span class='ocrx_word' id='word_1_25' title='bbox 339 528 506 567; x_wconf 88' lang='lat' dir='ltr'>sacro</span> <span class='ocrx_word' id='word_1_26' title='bbox 539 512 827 583; x_wconf 89' lang='lat' dir='ltr'>baptismo</span> <span class='ocrx_word' id='word_1_27' title='bbox 853 513 912 567; x_wconf 90' lang='lat' dir='ltr'>in</span> <span class='ocrx_word' id='word_1_28' title='bbox 946 518 1033 569; x_wconf 91' lang='lat' dir='ltr'>ter</span> <span class='ocrx_word' id='word_1_29' title='bbox 1063 515 1229 570; x_wconf 89' lang='lat' dir='ltr'>beata</span> <span class='ocrx_word' id='word_1_30' title='bbox 1258 516 1510 586; x_wconf 88' lang='lat' dir='ltr'>quadam</span> <span class='ocrx_word' id='word_1_31' title='bbox 1541 513 1796 571; x_wconf 85' lang='lat' dir='ltr'>nominis</span> <span class='ocrx_word' id='word_1_32' title='bbox 1826 514 1987 568; x_wconf 92' lang='lat' dir='ltr'>invo-</span> 
     </span>
    </p>
   </div>
   <div class='ocr_carea' id='block_1_7' title="bbox 340 600 1985 665">
    <p class='ocr_par' dir='ltr' id='par_1_7' title="bbox 340 600 1985 665">
     <span class='ocr_line' id='line_1_7' title="bbox 340 600 1985 665; baseline 0.002 -11"><span class='ocrx_word' id='word_1_33' title='bbox 340 601 568 654; x_wconf 89' lang='lat' dir='ltr'>catione</span> <span class='ocrx_word' id='word_1_34' title='bbox 599 600 683 655; x_wconf 88' lang='lat' dir='ltr'>eis</span> <span class='ocrx_word' id='word_1_35' title='bbox 705 602 935 665; x_wconf 89' lang='lat' dir='ltr'>donato,</span> <span class='ocrx_word' id='word_1_36' title='bbox 965 605 1090 657; x_wconf 89' lang='lat' dir='ltr'>tum</span> <span class='ocrx_word' id='word_1_37' title='bbox 1119 604 1354 658; x_wconf 90' lang='lat' dir='ltr'>demum</span> <span class='ocrx_word' id='word_1_38' title='bbox 1380 620 1497 659; x_wconf 91' lang='lat' dir='ltr'>una</span> <span class='ocrx_word' id='word_1_39' title='bbox 1519 621 1652 659; x_wconf 91' lang='lat' dir='ltr'>cum</span> <span class='ocrx_word' id='word_1_40' title='bbox 1672 603 1786 658; x_wconf 88' lang='lat' dir='ltr'>illis</span> <span class='ocrx_word' id='word_1_41' title='bbox 1810 601 1985 657; x_wconf 89' lang='lat' dir='ltr'>etiam</span> 
     </span>
    </p>
   </div>
   <div class='ocr_carea' id='block_1_8' title="bbox 338 688 1988 763">
    <p class='ocr_par' dir='ltr' id='par_1_8' title="bbox 338 688 1988 763">
     <span class='ocr_line' id='line_1_8' title="bbox 338 688 1988 763; baseline 0.001 -20"><span class='ocrx_word' id='word_1_42' title='bbox 338 688 647 743; x_wconf 82' lang='lat' dir='ltr'>vescimur.</span> <span class='ocrx_word' id='word_1_43' title='bbox 682 690 914 761; x_wconf 81' lang='lat' dir='ltr'>Alioqui</span> <span class='ocrx_word' id='word_1_44' title='bbox 948 708 1050 747; x_wconf 92' lang='lat' dir='ltr'>nec</span> <span class='ocrx_word' id='word_1_45' title='bbox 1084 692 1131 746; x_wconf 93' lang='lat' dir='ltr'>si</span> <span class='ocrx_word' id='word_1_46' title='bbox 1165 697 1326 763; x_wconf 91' lang='lat' dir='ltr'>pater</span> <span class='ocrx_word' id='word_1_47' title='bbox 1355 692 1451 758; x_wconf 91' lang='lat' dir='ltr'>sit,</span> <span class='ocrx_word' id='word_1_48' title='bbox 1496 697 1595 747; x_wconf 89' lang='lat' dir='ltr'>aut</span> <span class='ocrx_word' id='word_1_49' title='bbox 1625 696 1828 757; x_wconf 81' lang='lat' dir='ltr'>mater,</span> <span class='ocrx_word' id='word_1_50' title='bbox 1885 695 1988 745; x_wconf 91' lang='lat' dir='ltr'>aut</span> 
     </span>
    </p>
   </div>
   <div class='ocr_carea' id='block_1_9' title="bbox 341 778 1984 851">
    <p class='ocr_par' dir='ltr' id='par_1_9' title="bbox 341 778 1984 851">
     <span class='ocr_line' id='line_1_9' title="bbox 341 778 1984 851; baseline 0.002 -21"><span class='ocrx_word' id='word_1_51' title='bbox 341 794 503 844; x_wconf 83' lang='lat' dir='ltr'>uxor,</span> <span class='ocrx_word' id='word_1_52' title='bbox 538 782 638 831; x_wconf 92' lang='lat' dir='ltr'>aut</span> <span class='ocrx_word' id='word_1_53' title='bbox 672 778 881 848; x_wconf 81' lang='lat' dir='ltr'>proles,</span> <span class='ocrx_word' id='word_1_54' title='bbox 916 786 1016 834; x_wconf 90' lang='lat' dir='ltr'>aut</span> <span class='ocrx_word' id='word_1_55' title='bbox 1047 781 1239 851; x_wconf 80' lang='lat' dir='ltr'>frater,</span> <span class='ocrx_word' id='word_1_56' title='bbox 1274 786 1375 836; x_wconf 89' lang='lat' dir='ltr'>aut</span> <span class='ocrx_word' id='word_1_57' title='bbox 1395 781 1584 851; x_wconf 86' lang='lat' dir='ltr'>quivis</span> <span class='ocrx_word' id='word_1_58' title='bbox 1615 780 1763 835; x_wconf 91' lang='lat' dir='ltr'>alius</span> <span class='ocrx_word' id='word_1_59' title='bbox 1815 783 1984 833; x_wconf 90' lang='lat' dir='ltr'>natu-</span> 
     </span>
    </p>
   </div>
   <div class='ocr_carea' id='block_1_10' title="bbox 340 865 1984 941">
    <p class='ocr_par' dir='ltr' id='par_1_10' title="bbox 340 865 1984 941">
     <span class='ocr_line' id='line_1_10' title="bbox 340 865 1984 941; baseline 0.001 -21"><span class='ocrx_word' id='word_1_60' title='bbox 340 865 445 920; x_wconf 86' lang='lat' dir='ltr'>rali</span> <span class='ocrx_word' id='word_1_61' title='bbox 476 866 919 936; x_wconf 88' lang='lat' dir='ltr'>amorecharus,</span> <span class='ocrx_word' id='word_1_62' title='bbox 968 885 1100 924; x_wconf 91' lang='lat' dir='ltr'>cum</span> <span class='ocrx_word' id='word_1_63' title='bbox 1128 869 1254 941; x_wconf 88' lang='lat' dir='ltr'>ipso</span> <span class='ocrx_word' id='word_1_64' title='bbox 1276 869 1471 925; x_wconf 88' lang='lat' dir='ltr'>cibum</span> <span class='ocrx_word' id='word_1_65' title='bbox 1492 885 1723 924; x_wconf 78' lang='lat' dir='ltr'>sumere</span> <span class='ocrx_word' id='word_1_66' title='bbox 1756 867 1984 922; x_wconf 87' lang='lat' dir='ltr'>licitum</span> 
     </span>
    </p>
   </div>
   <div class='ocr_carea' id='block_1_11' title="bbox 339 955 1983 1028">
    <p class='ocr_par' dir='ltr' id='par_1_11' title="bbox 339 955 1983 1028">
     <span class='ocr_line' id='line_1_11' title="bbox 339 955 1983 1028; baseline -0.001 -18"><span class='ocrx_word' id='word_1_67' title='bbox 339 960 429 1010; x_wconf 88' lang='lat' dir='ltr'>est</span> <span class='ocrx_word' id='word_1_68' title='bbox 460 955 646 1011; x_wconf 90' lang='lat' dir='ltr'>nobis.</span> <span class='ocrx_word' id='word_1_69' title='bbox 686 957 797 1011; x_wconf 88' lang='lat' dir='ltr'>lioc</span> <span class='ocrx_word' id='word_1_70' title='bbox 830 956 1043 1028; x_wconf 87' lang='lat' dir='ltr'>quippe</span> <span class='ocrx_word' id='word_1_71' title='bbox 1073 956 1394 1028; x_wconf 76' lang='lat' dir='ltr'>praesertim</span> <span class='ocrx_word' id='word_1_72' title='bbox 1426 958 1498 1013; x_wconf 94' lang='lat' dir='ltr'>ob</span> <span class='ocrx_word' id='word_1_73' title='bbox 1533 957 1707 1012; x_wconf 78' lang='lat' dir='ltr'>fidem</span> <span class='ocrx_word' id='word_1_74' title='bbox 1731 956 1983 1028; x_wconf 88' lang='lat' dir='ltr'>agimus.</span> 
     </span>
    </p>
   </div>
   <div class='ocr_carea' id='block_1_12' title="bbox 336 1043 1984 1117">
    <p class='ocr_par' dir='ltr' id='par_1_12' title="bbox 336 1043 1984 1117">
     <span class='ocr_line' id='line_1_12' title="bbox 336 1043 1984 1117; baseline -0.001 -18"><span class='ocrx_word' id='word_1_75' title='bbox 336 1043 419 1099; x_wconf 90' lang='lat' dir='ltr'>Ne</span> <span class='ocrx_word' id='word_1_76' title='bbox 451 1043 627 1115; x_wconf 91' lang='lat' dir='ltr'>igitur</span> <span class='ocrx_word' id='word_1_77' title='bbox 649 1044 1063 1101; x_wconf 83' lang='lat' dir='ltr'>contumeliam</span> <span class='ocrx_word' id='word_1_78' title='bbox 1090 1045 1409 1112; x_wconf 75' lang='lat' dir='ltr'>existimes,</span> <span class='ocrx_word' id='word_1_79' title='bbox 1438 1046 1592 1117; x_wconf 92' lang='lat' dir='ltr'>quod</span> <span class='ocrx_word' id='word_1_80' title='bbox 1617 1061 1771 1099; x_wconf 91' lang='lat' dir='ltr'>nunc</span> <span class='ocrx_word' id='word_1_81' title='bbox 1790 1049 1984 1099; x_wconf 90' lang='lat' dir='ltr'>tecum</span> 
     </span>
    </p>
   </div>
   <div class='ocr_carea' id='block_1_13' title="bbox 333 1131 1984 1206">
    <p class='ocr_par' dir='ltr' id='par_1_13' title="bbox 333 1131 1984 1206">
     <span class='ocr_line' id='line_1_13' title="bbox 333 1131 1984 1206; baseline 0.001 -20"><span class='ocrx_word' id='word_1_82' title='bbox 333 1131 492 1187; x_wconf 81' lang='lat' dir='ltr'>ﬁlius</span> <span class='ocrx_word' id='word_1_83' title='bbox 524 1131 718 1188; x_wconf 92' lang='lat' dir='ltr'>cibum</span> <span class='ocrx_word' id='word_1_84' title='bbox 752 1151 866 1188; x_wconf 89' lang='lat' dir='ltr'>non</span> <span class='ocrx_word' id='word_1_85' title='bbox 899 1133 1111 1205; x_wconf 86' lang='lat' dir='ltr'>capiat,</span> <span class='ocrx_word' id='word_1_86' title='bbox 1138 1150 1438 1206; x_wconf 89' lang='lat' dir='ltr'>usquequo</span> <span class='ocrx_word' id='word_1_87' title='bbox 1460 1138 1524 1189; x_wconf 89' lang='lat' dir='ltr'>tu</span> <span class='ocrx_word' id='word_1_88' title='bbox 1554 1134 1755 1190; x_wconf 88' lang='lat' dir='ltr'>eadem</span> <span class='ocrx_word' id='word_1_89' title='bbox 1789 1131 1984 1188; x_wconf 88' lang='lat' dir='ltr'>nobis-</span> 
     </span>
    </p>
   </div>
   <div class='ocr_carea' id='block_1_14' title="bbox 337 1221 980 1295">
    <p class='ocr_par' dir='ltr' id='par_1_14' title="bbox 337 1221 980 1295">
     <span class='ocr_line' id='line_1_14' title="bbox 337 1221 980 1295; baseline 0.002 -18"><span class='ocrx_word' id='word_1_90' title='bbox 337 1237 471 1277; x_wconf 93' lang='lat' dir='ltr'>cum</span> <span class='ocrx_word' id='word_1_91' title='bbox 501 1221 718 1277; x_wconf 79' lang='lat' dir='ltr'>sentias</span> <span class='ocrx_word' id='word_1_92' title='bbox 745 1226 802 1278; x_wconf 91' lang='lat' dir='ltr'>et</span> <span class='ocrx_word' id='word_1_93' title='bbox 822 1238 980 1295; x_wconf 81' lang='lat' dir='ltr'>agas.</span> 
     </span>
    </p>
   </div>
   <div class='ocr_carea' id='block_1_15' title="bbox 404 1309 1984 1383">
    <p class='ocr_par' dir='ltr' id='par_1_15' title="bbox 404 1309 1984 1383">
     <span class='ocr_line' id='line_1_15' title="bbox 404 1309 1984 1383; baseline 0 -20"><span class='ocrx_word' id='word_1_94' title='bbox 404 1310 514 1365; x_wconf 89' lang='lat' dir='ltr'>CII.</span> <span class='ocrx_word' id='word_1_95' title='bbox 551 1310 651 1365; x_wconf 84' lang='lat' dir='ltr'>His</span> <span class='ocrx_word' id='word_1_96' title='bbox 683 1310 782 1365; x_wconf 90' lang='lat' dir='ltr'>illa</span> <span class='ocrx_word' id='word_1_97' title='bbox 813 1311 1048 1379; x_wconf 77' lang='lat' dir='ltr'>auditis,</span> <span class='ocrx_word' id='word_1_98' title='bbox 1083 1311 1202 1365; x_wconf 85' lang='lat' dir='ltr'>ait:</span> <span class='ocrx_word' id='word_1_99' title='bbox 1236 1311 1382 1376; x_wconf 90' lang='lat' dir='ltr'>Quid</span> <span class='ocrx_word' id='word_1_100' title='bbox 1416 1327 1551 1383; x_wconf 91' lang='lat' dir='ltr'>ergo</span> <span class='ocrx_word' id='word_1_101' title='bbox 1582 1310 1827 1382; x_wconf 87' lang='lat' dir='ltr'>impedit</span> <span class='ocrx_word' id='word_1_102' title='bbox 1871 1309 1984 1364; x_wconf 92' lang='lat' dir='ltr'>bo-</span> 
     </span>
    </p>
   </div>
   <div class='ocr_carea' id='block_1_16' title="bbox 334 1398 1984 1471">
    <p class='ocr_par' dir='ltr' id='par_1_16' title="bbox 334 1398 1984 1471">
     <span class='ocr_line' id='line_1_16' title="bbox 334 1398 1984 1471; baseline 0.001 -19"><span class='ocrx_word' id='word_1_103' title='bbox 334 1399 426 1453; x_wconf 91' lang='lat' dir='ltr'>die</span> <span class='ocrx_word' id='word_1_104' title='bbox 459 1415 552 1453; x_wconf 90' lang='lat' dir='ltr'>me</span> <span class='ocrx_word' id='word_1_105' title='bbox 570 1398 898 1469; x_wconf 83' lang='lat' dir='ltr'>baptizari?</span> <span class='ocrx_word' id='word_1_106' title='bbox 919 1417 1046 1471; x_wconf 63' lang='lat' dir='ltr'>quae</span> <span class='ocrx_word' id='word_1_107' title='bbox 1069 1404 1124 1455; x_wconf 92' lang='lat' dir='ltr'>et</span> <span class='ocrx_word' id='word_1_108' title='bbox 1145 1405 1279 1455; x_wconf 88' lang='lat' dir='ltr'>ante</span> <span class='ocrx_word' id='word_1_109' title='bbox 1301 1416 1477 1471; x_wconf 92' lang='lat' dir='ltr'>quam</span> <span class='ocrx_word' id='word_1_110' title='bbox 1500 1400 1753 1455; x_wconf 89' lang='lat' dir='ltr'>viderem</span> <span class='ocrx_word' id='word_1_111' title='bbox 1776 1404 1851 1466; x_wconf 87' lang='lat' dir='ltr'>te,</span> <span class='ocrx_word' id='word_1_112' title='bbox 1885 1414 1984 1453; x_wconf 90' lang='lat' dir='ltr'>eos</span> 
     </span>
    </p>
   </div>
   <div class='ocr_carea' id='block_1_17' title="bbox 337 1486 1983 1561">
    <p class='ocr_par' dir='ltr' id='par_1_17' title="bbox 337 1486 1983 1561">
     <span class='ocr_line' id='line_1_17' title="bbox 337 1486 1983 1561; baseline 0 -20"><span class='ocrx_word' id='word_1_113' title='bbox 337 1488 436 1559; x_wconf 90' lang='lat' dir='ltr'>qui</span> <span class='ocrx_word' id='word_1_114' title='bbox 469 1486 747 1543; x_wconf 89' lang='lat' dir='ltr'>dicuntur</span> <span class='ocrx_word' id='word_1_115' title='bbox 775 1504 902 1544; x_wconf 90' lang='lat' dir='ltr'>esse</span> <span class='ocrx_word' id='word_1_116' title='bbox 934 1488 1013 1543; x_wconf 91' lang='lat' dir='ltr'>dii</span> <span class='ocrx_word' id='word_1_117' title='bbox 1032 1494 1294 1545; x_wconf 86' lang='lat' dir='ltr'>aversata</span> <span class='ocrx_word' id='word_1_118' title='bbox 1322 1506 1478 1561; x_wconf 85' lang='lat' dir='ltr'>sum,</span> <span class='ocrx_word' id='word_1_119' title='bbox 1510 1506 1613 1561; x_wconf 89' lang='lat' dir='ltr'>per</span> <span class='ocrx_word' id='word_1_120' title='bbox 1634 1489 1783 1543; x_wconf 89' lang='lat' dir='ltr'>hanc</span> <span class='ocrx_word' id='word_1_121' title='bbox 1806 1487 1983 1542; x_wconf 90' lang='lat' dir='ltr'>ratio-</span> 
     </span>
    </p>
   </div>
   <div class='ocr_carea' id='block_1_18' title="bbox 334 1576 1981 1650">
    <p class='ocr_par' dir='ltr' id='par_1_18' title="bbox 334 1576 1981 1650">
     <span class='ocr_line' id='line_1_18' title="bbox 334 1576 1981 1650; baseline 0 -19"><span class='ocrx_word' id='word_1_122' title='bbox 334 1576 708 1645; x_wconf 88' lang='lat' dir='ltr'>cinationem,</span> <span class='ocrx_word' id='word_1_123' title='bbox 733 1578 888 1647; x_wconf 83' lang='lat' dir='ltr'>quod</span> <span class='ocrx_word' id='word_1_124' title='bbox 912 1594 1045 1632; x_wconf 92' lang='lat' dir='ltr'>cum</span> <span class='ocrx_word' id='word_1_125' title='bbox 1070 1577 1256 1633; x_wconf 91' lang='lat' dir='ltr'>multa</span> <span class='ocrx_word' id='word_1_126' title='bbox 1280 1578 1394 1634; x_wconf 89' lang='lat' dir='ltr'>fere</span> <span class='ocrx_word' id='word_1_127' title='bbox 1416 1577 1675 1650; x_wconf 89' lang='lat' dir='ltr'>quotidie</span> <span class='ocrx_word' id='word_1_128' title='bbox 1697 1576 1844 1648; x_wconf 89' lang='lat' dir='ltr'>ipsis</span> <span class='ocrx_word' id='word_1_129' title='bbox 1870 1577 1981 1631; x_wconf 90' lang='lat' dir='ltr'>im-</span> 
     </span>
    </p>
   </div>
   <div class='ocr_carea' id='block_1_19' title="bbox 336 1665 1982 1737">
    <p class='ocr_par' dir='ltr' id='par_1_19' title="bbox 336 1665 1982 1737">
     <span class='ocr_line' id='line_1_19' title="bbox 336 1665 1982 1737; baseline -0.001 -17"><span class='ocrx_word' id='word_1_130' title='bbox 336 1665 639 1737; x_wconf 90' lang='lat' dir='ltr'>molarem,</span> <span class='ocrx_word' id='word_1_131' title='bbox 675 1665 816 1721; x_wconf 89' lang='lat' dir='ltr'>mihi</span> <span class='ocrx_word' id='word_1_132' title='bbox 850 1666 905 1720; x_wconf 89' lang='lat' dir='ltr'>in</span> <span class='ocrx_word' id='word_1_133' title='bbox 935 1667 1193 1722; x_wconf 85' lang='lat' dir='ltr'>adversis</span> <span class='ocrx_word' id='word_1_134' title='bbox 1225 1667 1397 1722; x_wconf 89' lang='lat' dir='ltr'>rebus</span> <span class='ocrx_word' id='word_1_135' title='bbox 1430 1685 1542 1722; x_wconf 92' lang='lat' dir='ltr'>non</span> <span class='ocrx_word' id='word_1_136' title='bbox 1568 1666 1880 1722; x_wconf 85' lang='lat' dir='ltr'>adfuerint.</span> <span class='ocrx_word' id='word_1_137' title='bbox 1909 1669 1982 1720; x_wconf 93' lang='lat' dir='ltr'>De</span> 
     </span>
    </p>
   </div>
   <div class='ocr_carea' id='block_1_20' title="bbox 330 1753 1978 1828">
    <p class='ocr_par' dir='ltr' id='par_1_20' title="bbox 330 1753 1978 1828">
     <span class='ocr_line' id='line_1_20' title="bbox 330 1753 1978 1828; baseline -0.001 -20"><span class='ocrx_word' id='word_1_138' title='bbox 330 1759 532 1825; x_wconf 88' lang='lat' dir='ltr'>stupro</span> <span class='ocrx_word' id='word_1_139' title='bbox 564 1759 756 1810; x_wconf 90' lang='lat' dir='ltr'>autem</span> <span class='ocrx_word' id='word_1_140' title='bbox 790 1754 930 1825; x_wconf 89' lang='lat' dir='ltr'>quid</span> <span class='ocrx_word' id='word_1_141' title='bbox 963 1759 1186 1827; x_wconf 88' lang='lat' dir='ltr'>oportet</span> <span class='ocrx_word' id='word_1_142' title='bbox 1215 1772 1307 1810; x_wconf 91' lang='lat' dir='ltr'>me</span> <span class='ocrx_word' id='word_1_143' title='bbox 1338 1756 1528 1812; x_wconf 90' lang='lat' dir='ltr'>dicere</span> <span class='ocrx_word' id='word_1_144' title='bbox 1550 1757 1577 1810; x_wconf 78' lang='lat' dir='ltr'>‘I</span> <span class='ocrx_word' id='word_1_145' title='bbox 1614 1753 1978 1828; x_wconf 85' lang='lat' dir='ltr'>quandoqui-</span> 
     </span>
    </p>
   </div>
   <div class='ocr_carea' id='block_1_21' title="bbox 331 1842 1986 1916">
    <p class='ocr_par' dir='ltr' id='par_1_21' title="bbox 331 1842 1986 1916">
     <span class='ocr_line' id='line_1_21' title="bbox 331 1842 1986 1916; baseline 0.001 -20"><span class='ocrx_word' id='word_1_146' title='bbox 331 1842 462 1896; x_wconf 90' lang='lat' dir='ltr'>dem</span> <span class='ocrx_word' id='word_1_147' title='bbox 497 1859 599 1897; x_wconf 89' lang='lat' dir='ltr'>nec</span> <span class='ocrx_word' id='word_1_148' title='bbox 630 1842 867 1898; x_wconf 90' lang='lat' dir='ltr'>divitem</span> <span class='ocrx_word' id='word_1_149' title='bbox 901 1843 1117 1899; x_wconf 66' lang='lat' dir='ltr'>deliciae</span> <span class='ocrx_word' id='word_1_150' title='bbox 1141 1860 1233 1899; x_wconf 90' lang='lat' dir='ltr'>me</span> <span class='ocrx_word' id='word_1_151' title='bbox 1256 1846 1326 1899; x_wconf 89' lang='lat' dir='ltr'>ad</span> <span class='ocrx_word' id='word_1_152' title='bbox 1346 1844 1455 1900; x_wconf 90' lang='lat' dir='ltr'>hoc</span> <span class='ocrx_word' id='word_1_153' title='bbox 1475 1844 1853 1916; x_wconf 83' lang='lat' dir='ltr'>pellexerint;</span> <span class='ocrx_word' id='word_1_154' title='bbox 1882 1859 1986 1897; x_wconf 89' lang='lat' dir='ltr'>nec</span> 
     </span>
    </p>
   </div>
   <div class='ocr_carea' id='block_1_22' title="bbox 334 1931 1989 2005">
    <p class='ocr_par' dir='ltr' id='par_1_22' title="bbox 334 1931 1989 2005">
     <span class='ocr_line' id='line_1_22' title="bbox 334 1931 1989 2005; baseline 0.001 -20"><span class='ocrx_word' id='word_1_155' title='bbox 334 1931 647 1987; x_wconf 88' lang='lat' dir='ltr'>subsecuta</span> <span class='ocrx_word' id='word_1_156' title='bbox 680 1937 993 2004; x_wconf 89' lang='lat' dir='ltr'>paupertas</span> <span class='ocrx_word' id='word_1_157' title='bbox 1024 1950 1089 1988; x_wconf 94' lang='lat' dir='ltr'>eo</span> <span class='ocrx_word' id='word_1_158' title='bbox 1123 1934 1316 1989; x_wconf 91' lang='lat' dir='ltr'>venire</span> <span class='ocrx_word' id='word_1_159' title='bbox 1351 1950 1442 1989; x_wconf 88' lang='lat' dir='ltr'>me</span> <span class='ocrx_word' id='word_1_160' title='bbox 1475 1932 1863 2005; x_wconf 85' lang='lat' dir='ltr'>compulerit;</span> <span class='ocrx_word' id='word_1_161' title='bbox 1925 1934 1989 1986; x_wconf 89' lang='lat' dir='ltr'>ut</span> 
     </span>
    </p>
   </div>
   <div class='ocr_carea' id='block_1_23' title="bbox 341 2021 1989 2093">
    <p class='ocr_par' dir='ltr' id='par_1_23' title="bbox 341 2021 1989 2093">
     <span class='ocr_line' id='line_1_23' title="bbox 341 2021 1989 2093; baseline 0.001 -19"><span class='ocrx_word' id='word_1_162' title='bbox 341 2037 467 2092; x_wconf 69' lang='lat' dir='ltr'>quas</span> <span class='ocrx_word' id='word_1_163' title='bbox 499 2021 842 2092; x_wconf 89' lang='lat' dir='ltr'>pudicitiam</span> <span class='ocrx_word' id='word_1_164' title='bbox 892 2022 1041 2077; x_wconf 89' lang='lat' dir='ltr'>velat</span> <span class='ocrx_word' id='word_1_165' title='bbox 1087 2024 1407 2078; x_wconf 90' lang='lat' dir='ltr'>maximum</span> <span class='ocrx_word' id='word_1_166' title='bbox 1460 2023 1676 2077; x_wconf 91' lang='lat' dir='ltr'>bonum</span> <span class='ocrx_word' id='word_1_167' title='bbox 1718 2036 1989 2093; x_wconf 88' lang='lat' dir='ltr'>capesse-</span> 
     </span>
    </p>
   </div>
   <div class='ocr_carea' id='block_1_24' title="bbox 335 2110 1987 2181">
    <p class='ocr_par' dir='ltr' id='par_1_24' title="bbox 335 2110 1987 2181">
     <span class='ocr_line' id='line_1_24' title="bbox 335 2110 1987 2181; baseline 0.003 -18"><span class='ocrx_word' id='word_1_168' title='bbox 335 2125 458 2163; x_wconf 90' lang='lat' dir='ltr'>rem</span> <span class='ocrx_word' id='word_1_169' title='bbox 486 2127 499 2177; x_wconf 91' lang='lat'><strong>;</strong></span> <span class='ocrx_word' id='word_1_170' title='bbox 533 2111 699 2180; x_wconf 88' lang='lat' dir='ltr'>cujus</span> <span class='ocrx_word' id='word_1_171' title='bbox 729 2111 916 2181; x_wconf 88' lang='lat' dir='ltr'>gratia</span> <span class='ocrx_word' id='word_1_172' title='bbox 937 2116 992 2167; x_wconf 92' lang='lat' dir='ltr'>et</span> <span class='ocrx_word' id='word_1_173' title='bbox 1021 2112 1079 2166; x_wconf 92' lang='lat' dir='ltr'>in</span> <span class='ocrx_word' id='word_1_174' title='bbox 1098 2116 1323 2167; x_wconf 88' lang='lat' dir='ltr'>tantam</span> <span class='ocrx_word' id='word_1_175' title='bbox 1344 2111 1735 2167; x_wconf 89' lang='lat' dir='ltr'>calamitatem</span> <span class='ocrx_word' id='word_1_176' title='bbox 1758 2110 1987 2169; x_wconf 89' lang='lat' dir='ltr'>deveni.</span> 
     </span>
    </p>
   </div>
   <div class='ocr_carea' id='block_1_25' title="bbox 336 2198 1988 2272">
    <p class='ocr_par' dir='ltr' id='par_1_25' title="bbox 336 2198 1988 2272">
     <span class='ocr_line' id='line_1_25' title="bbox 336 2198 1988 2272; baseline 0.002 -19"><span class='ocrx_word' id='word_1_177' title='bbox 336 2198 447 2253; x_wconf 91' lang='lat' dir='ltr'>Sed</span> <span class='ocrx_word' id='word_1_178' title='bbox 479 2216 583 2254; x_wconf 88' lang='lat' dir='ltr'>nec</span> <span class='ocrx_word' id='word_1_179' title='bbox 614 2205 670 2254; x_wconf 85' lang='lat' dir='ltr'>te</span> <span class='ocrx_word' id='word_1_180' title='bbox 701 2200 968 2267; x_wconf 89' lang='lat' dir='ltr'>arbitror,</span> <span class='ocrx_word' id='word_1_181' title='bbox 1018 2201 1253 2256; x_wconf 89' lang='lat' dir='ltr'>domine</span> <span class='ocrx_word' id='word_1_182' title='bbox 1311 2201 1388 2255; x_wconf 92' lang='lat' dir='ltr'>mi</span> <span class='ocrx_word' id='word_1_183' title='bbox 1447 2205 1633 2269; x_wconf 88' lang='lat' dir='ltr'>Petre,</span> <span class='ocrx_word' id='word_1_184' title='bbox 1694 2201 1988 2272; x_wconf 84' lang='lat' dir='ltr'>ignorare,</span> 
     </span>
    </p>
   </div>
   <div class='ocr_carea' id='block_1_26' title="bbox 335 2289 1985 2360">
    <p class='ocr_par' dir='ltr' id='par_1_26' title="bbox 335 2289 1985 2360">
     <span class='ocr_line' id='line_1_26' title="bbox 335 2289 1985 2360; baseline 0.001 -18"><span class='ocrx_word' id='word_1_185' title='bbox 335 2289 617 2357; x_wconf 79' lang='lat' dir='ltr'>majorem</span> <span class='ocrx_word' id='word_1_186' title='bbox 648 2289 1026 2360; x_wconf 88' lang='lat' dir='ltr'>cupiditatem</span> <span class='ocrx_word' id='word_1_187' title='bbox 1056 2307 1123 2346; x_wconf 85' lang='lat' dir='ltr'>ex</span> <span class='ocrx_word' id='word_1_188' title='bbox 1174 2290 1302 2346; x_wconf 77' lang='lat' dir='ltr'>laeta</span> <span class='ocrx_word' id='word_1_189' title='bbox 1337 2291 1567 2345; x_wconf 84' lang='lat' dir='ltr'>fortuna</span> <span class='ocrx_word' id='word_1_190' title='bbox 1596 2289 1778 2344; x_wconf 90' lang='lat' dir='ltr'>oriri:</span> <span class='ocrx_word' id='word_1_191' title='bbox 1831 2289 1985 2343; x_wconf 88' lang='lat' dir='ltr'>unde</span> 
     </span>
    </p>
   </div>
   <div class='ocr_carea' id='block_1_27' title="bbox 334 2376 1983 2451">
    <p class='ocr_par' dir='ltr' id='par_1_27' title="bbox 334 2376 1983 2451">
     <span class='ocr_line' id='line_1_27' title="bbox 334 2376 1983 2451; baseline 0 -20"><span class='ocrx_word' id='word_1_192' title='bbox 334 2393 439 2447; x_wconf 85' lang='lat' dir='ltr'>ego</span> <span class='ocrx_word' id='word_1_193' title='bbox 472 2393 600 2447; x_wconf 69' lang='lat' dir='ltr'>quae</span> <span class='ocrx_word' id='word_1_194' title='bbox 631 2377 689 2433; x_wconf 90' lang='lat' dir='ltr'>in</span> <span class='ocrx_word' id='word_1_195' title='bbox 722 2378 999 2434; x_wconf 87' lang='lat' dir='ltr'>secundis</span> <span class='ocrx_word' id='word_1_196' title='bbox 1032 2379 1204 2435; x_wconf 90' lang='lat' dir='ltr'>rebus</span> <span class='ocrx_word' id='word_1_197' title='bbox 1236 2384 1558 2451; x_wconf 88' lang='lat' dir='ltr'>temperate</span> <span class='ocrx_word' id='word_1_198' title='bbox 1587 2377 1720 2446; x_wconf 87' lang='lat' dir='ltr'>vixi,</span> <span class='ocrx_word' id='word_1_199' title='bbox 1753 2377 1811 2432; x_wconf 90' lang='lat' dir='ltr'>in</span> <span class='ocrx_word' id='word_1_200' title='bbox 1835 2376 1983 2433; x_wconf 85' lang='lat' dir='ltr'>afﬂi-</span> 
     </span>
    </p>
   </div>
   <div class='ocr_carea' id='block_1_28' title="bbox 331 2466 1983 2539">
    <p class='ocr_par' dir='ltr' id='par_1_28' title="bbox 331 2466 1983 2539">
     <span class='ocr_line' id='line_1_28' title="bbox 331 2466 1983 2539; baseline 0.001 -20"><span class='ocrx_word' id='word_1_201' title='bbox 331 2466 519 2521; x_wconf 90' lang='lat' dir='ltr'>ctione</span> <span class='ocrx_word' id='word_1_202' title='bbox 552 2484 644 2521; x_wconf 92' lang='lat' dir='ltr'>me</span> <span class='ocrx_word' id='word_1_203' title='bbox 666 2466 1063 2539; x_wconf 89' lang='lat' dir='ltr'>voluptatibus</span> <span class='ocrx_word' id='word_1_204' title='bbox 1095 2485 1209 2524; x_wconf 91' lang='lat' dir='ltr'>non</span> <span class='ocrx_word' id='word_1_205' title='bbox 1234 2469 1401 2523; x_wconf 90' lang='lat' dir='ltr'>dedo.</span> <span class='ocrx_word' id='word_1_206' title='bbox 1435 2472 1634 2539; x_wconf 91' lang='lat' dir='ltr'>Neque</span> <span class='ocrx_word' id='word_1_207' title='bbox 1665 2483 1797 2523; x_wconf 89' lang='lat' dir='ltr'>vero</span> <span class='ocrx_word' id='word_1_208' title='bbox 1829 2483 1983 2522; x_wconf 89' lang='lat' dir='ltr'>nunc</span> 
     </span>
    </p>
   </div>
   <div class='ocr_carea' id='block_1_29' title="bbox 329 2555 1983 2628">
    <p class='ocr_par' dir='ltr' id='par_1_29' title="bbox 329 2555 1983 2628">
     <span class='ocr_line' id='line_1_29' title="bbox 329 2555 1983 2628; baseline 0 -15"><span class='ocrx_word' id='word_1_209' title='bbox 329 2558 595 2613; x_wconf 90' lang='lat' dir='ltr'>animum</span> <span class='ocrx_word' id='word_1_210' title='bbox 628 2572 823 2612; x_wconf 74' lang='lat' dir='ltr'>rreum</span> <span class='ocrx_word' id='word_1_211' title='bbox 854 2555 1155 2612; x_wconf 84' lang='lat' dir='ltr'>existimes</span> <span class='ocrx_word' id='word_1_212' title='bbox 1185 2557 1531 2628; x_wconf 58' lang='lat' dir='ltr'>aegritudine</span> <span class='ocrx_word' id='word_1_213' title='bbox 1556 2556 1983 2628; x_wconf 88' lang='lat' dir='ltr'>esseliberum,</span> 
     </span>
    </p>
   </div>
   <div class='ocr_carea' id='block_1_30' title="bbox 330 2644 1980 2718">
    <p class='ocr_par' dir='ltr' id='par_1_30' title="bbox 330 2644 1980 2718">
     <span class='ocr_line' id='line_1_30' title="bbox 330 2644 1980 2718; baseline 0.001 -18"><span class='ocrx_word' id='word_1_214' title='bbox 330 2646 430 2718; x_wconf 90' lang='lat' dir='ltr'>qui</span> <span class='ocrx_word' id='word_1_215' title='bbox 464 2644 829 2716; x_wconf 86' lang='lat' dir='ltr'>aliquantum</span> <span class='ocrx_word' id='word_1_216' title='bbox 861 2645 1275 2701; x_wconf 85' lang='lat' dir='ltr'>consolationis</span> <span class='ocrx_word' id='word_1_217' title='bbox 1326 2650 1532 2701; x_wconf 89' lang='lat' dir='ltr'>nactus</span> <span class='ocrx_word' id='word_1_218' title='bbox 1589 2649 1679 2701; x_wconf 90' lang='lat' dir='ltr'>est</span> <span class='ocrx_word' id='word_1_219' title='bbox 1710 2663 1810 2717; x_wconf 90' lang='lat' dir='ltr'>per</span> <span class='ocrx_word' id='word_1_220' title='bbox 1857 2646 1980 2702; x_wconf 90' lang='lat' dir='ltr'>Cle-</span> 
     </span>
    </p>
   </div>
   <div class='ocr_carea' id='block_1_31' title="bbox 332 2733 1982 2807">
    <p class='ocr_par' dir='ltr' id='par_1_31' title="bbox 332 2733 1982 2807">
     <span class='ocr_line' id='line_1_31' title="bbox 332 2733 1982 2807; baseline 0.001 -17"><span class='ocrx_word' id='word_1_221' title='bbox 332 2734 549 2790; x_wconf 86' lang='lat' dir='ltr'>mentis</span> <span class='ocrx_word' id='word_1_222' title='bbox 580 2733 1058 2805; x_wconf 82' lang='lat' dir='ltr'>recognitionem.</span> <span class='ocrx_word' id='word_1_223' title='bbox 1097 2734 1429 2791; x_wconf 89' lang='lat' dir='ltr'>Succedens</span> <span class='ocrx_word' id='word_1_224' title='bbox 1460 2751 1715 2807; x_wconf 90' lang='lat' dir='ltr'>namque</span> <span class='ocrx_word' id='word_1_225' title='bbox 1743 2735 1982 2791; x_wconf 88' lang='lat' dir='ltr'>tristitia</span> 
     </span>
    </p>
   </div>
   <div class='ocr_carea' id='block_1_32' title="bbox 332 2822 1983 2896">
    <p class='ocr_par' dir='ltr' id='par_1_32' title="bbox 332 2822 1983 2896">
     <span class='ocr_line' id='line_1_32' title="bbox 332 2822 1983 2896; baseline -0.001 -16"><span class='ocrx_word' id='word_1_226' title='bbox 332 2841 400 2880; x_wconf 84' lang='lat' dir='ltr'>ex</span> <span class='ocrx_word' id='word_1_227' title='bbox 431 2823 660 2878; x_wconf 89' lang='lat' dir='ltr'>duobus</span> <span class='ocrx_word' id='word_1_228' title='bbox 694 2822 891 2878; x_wconf 91' lang='lat' dir='ltr'>liberis</span> <span class='ocrx_word' id='word_1_229' title='bbox 924 2823 1072 2879; x_wconf 89' lang='lat' dir='ltr'>meis</span> <span class='ocrx_word' id='word_1_230' title='bbox 1103 2828 1258 2889; x_wconf 89' lang='lat' dir='ltr'>nata,</span> <span class='ocrx_word' id='word_1_231' title='bbox 1283 2823 1389 2878; x_wconf 91' lang='lat' dir='ltr'>hoc</span> <span class='ocrx_word' id='word_1_232' title='bbox 1416 2823 1821 2895; x_wconf 90' lang='lat' dir='ltr'>qualecunque</span> <span class='ocrx_word' id='word_1_233' title='bbox 1843 2840 1983 2896; x_wconf 85' lang='lat' dir='ltr'>gau-</span> 
     </span>
    </p>
   </div>
   <div class='ocr_carea' id='block_1_33' title="bbox 335 2912 1981 2983">
    <p class='ocr_par' dir='ltr' id='par_1_33' title="bbox 335 2912 1981 2983">
     <span class='ocr_line' id='line_1_33' title="bbox 335 2912 1981 2983; baseline 0.001 -17"><span class='ocrx_word' id='word_1_234' title='bbox 335 2912 500 2967; x_wconf 91' lang='lat' dir='ltr'>dium</span> <span class='ocrx_word' id='word_1_235' title='bbox 533 2912 823 2969; x_wconf 88' lang='lat' dir='ltr'>obscurat.</span> <span class='ocrx_word' id='word_1_236' title='bbox 857 2916 981 2967; x_wconf 89' lang='lat' dir='ltr'>Non</span> <span class='ocrx_word' id='word_1_237' title='bbox 1011 2912 1167 2968; x_wconf 89' lang='lat' dir='ltr'>enim</span> <span class='ocrx_word' id='word_1_238' title='bbox 1198 2913 1341 2968; x_wconf 90' lang='lat' dir='ltr'>adeo</span> <span class='ocrx_word' id='word_1_239' title='bbox 1377 2930 1478 2968; x_wconf 87' lang='lat' dir='ltr'>nos</span> <span class='ocrx_word' id='word_1_240' title='bbox 1504 2913 1832 2983; x_wconf 83' lang='lat' dir='ltr'>contristat,</span> <span class='ocrx_word' id='word_1_241' title='bbox 1882 2930 1981 2968; x_wconf 91' lang='lat' dir='ltr'>eos</span> 
     </span>
    </p>
   </div>
   <div class='ocr_carea' id='block_1_34' title="bbox 336 2999 1976 3073">
    <p class='ocr_par' dir='ltr' id='par_1_34' title="bbox 336 2999 1976 3073">
     <span class='ocr_line' id='line_1_34' title="bbox 336 2999 1976 3073; baseline 0.001 -18"><span class='ocrx_word' id='word_1_242' title='bbox 336 3000 395 3055; x_wconf 91' lang='lat' dir='ltr'>in</span> <span class='ocrx_word' id='word_1_243' title='bbox 410 2999 557 3055; x_wconf 89' lang='lat' dir='ltr'>mari</span> <span class='ocrx_word' id='word_1_244' title='bbox 580 2999 732 3055; x_wconf 88' lang='lat' dir='ltr'>male</span> <span class='ocrx_word' id='word_1_245' title='bbox 747 3001 1194 3072; x_wconf 88' lang='lat' dir='ltr'>periisse,quam</span> <span class='ocrx_word' id='word_1_246' title='bbox 1219 3002 1345 3056; x_wconf 89' lang='lat' dir='ltr'>sine</span> <span class='ocrx_word' id='word_1_247' title='bbox 1367 3001 1580 3073; x_wconf 89' lang='lat' dir='ltr'>pietate</span> <span class='ocrx_word' id='word_1_248' title='bbox 1613 3018 1751 3073; x_wconf 89' lang='lat' dir='ltr'>erga</span> <span class='ocrx_word' id='word_1_249' title='bbox 1772 3002 1976 3069; x_wconf 92' lang='lat' dir='ltr'>Deum,</span> 
     </span>
    </p>
   </div>
   <div class='ocr_carea' id='block_1_35' title="bbox 337 3089 1980 3162">
    <p class='ocr_par' dir='ltr' id='par_1_35' title="bbox 337 3089 1980 3162">
     <span class='ocr_line' id='line_1_35' title="bbox 337 3089 1980 3162; baseline 0.001 -18"><span class='ocrx_word' id='word_1_250' title='bbox 337 3107 455 3145; x_wconf 91' lang='lat' dir='ltr'>una</span> <span class='ocrx_word' id='word_1_251' title='bbox 483 3106 617 3144; x_wconf 91' lang='lat' dir='ltr'>cum</span> <span class='ocrx_word' id='word_1_252' title='bbox 648 3089 859 3145; x_wconf 84' lang='lat' dir='ltr'>animis</span> <span class='ocrx_word' id='word_1_253' title='bbox 898 3090 1188 3146; x_wconf 88' lang='lat' dir='ltr'>interiisse</span> <span class='ocrx_word' id='word_1_254' title='bbox 1246 3107 1447 3145; x_wconf 91' lang='lat' dir='ltr'>eorum</span> <span class='ocrx_word' id='word_1_255' title='bbox 1502 3107 1764 3162; x_wconf 91' lang='lat' dir='ltr'>corpora.</span> <span class='ocrx_word' id='word_1_256' title='bbox 1815 3092 1980 3146; x_wconf 89' lang='lat' dir='ltr'>Pater</span> 
     </span>
    </p>
   </div>
   <div class='ocr_carea' id='block_1_36' title="bbox 330 3164 2058 3252">
    <p class='ocr_par' dir='ltr' id='par_1_36' title="bbox 330 3164 2058 3252">
     <span class='ocr_line' id='line_1_36' title="bbox 330 3164 2058 3252; baseline -0.002 -18"><span class='ocrx_word' id='word_1_257' title='bbox 330 3182 525 3234; x_wconf 88' lang='lat' dir='ltr'>autem</span> <span class='ocrx_word' id='word_1_258' title='bbox 541 3194 763 3248; x_wconf 88' lang='lat' dir='ltr'>eorum,</span> <span class='ocrx_word' id='word_1_259' title='bbox 784 3194 1062 3249; x_wconf 89' lang='lat' dir='ltr'>meusque</span> <span class='ocrx_word' id='word_1_260' title='bbox 1084 3179 1352 3251; x_wconf 88' lang='lat' dir='ltr'>maritus,</span> <span class='ocrx_word' id='word_1_261' title='bbox 1373 3180 1867 3251; x_wconf 92' lang='lat' dir='ltr'>quemadmodum</span> <span class='ocrx_word' id='word_1_262' title='bbox 1885 3197 1986 3252; x_wconf 91' lang='lat' dir='ltr'>per</span> <span class='ocrx_word' id='word_1_263' title='bbox 2015 3164 2058 3231; x_wconf 88' lang='lat' dir='ltr'>C</span> 
     </span>
    </p>
   </div>
   <div class='ocr_carea' id='block_1_37' title="bbox 332 3265 1987 3340">
    <p class='ocr_par' dir='ltr' id='par_1_37' title="bbox 332 3265 1987 3340">
     <span class='ocr_line' id='line_1_37' title="bbox 332 3265 1987 3340; baseline 0.001 -18"><span class='ocrx_word' id='word_1_264' title='bbox 332 3265 689 3324; x_wconf 86' lang='lat' dir='ltr'>Clementem</span> <span class='ocrx_word' id='word_1_265' title='bbox 720 3267 998 3339; x_wconf 90' lang='lat' dir='ltr'>comperi,</span> <span class='ocrx_word' id='word_1_266' title='bbox 1033 3268 1104 3323; x_wconf 90' lang='lat' dir='ltr'>ad</span> <span class='ocrx_word' id='word_1_267' title='bbox 1144 3269 1522 3340; x_wconf 74' lang='lat' dir='ltr'>quaerendum</span> <span class='ocrx_word' id='word_1_268' title='bbox 1556 3285 1647 3324; x_wconf 90' lang='lat' dir='ltr'>me</span> <span class='ocrx_word' id='word_1_269' title='bbox 1679 3286 1744 3324; x_wconf 91' lang='lat' dir='ltr'>ac</span> <span class='ocrx_word' id='word_1_270' title='bbox 1773 3268 1987 3325; x_wconf 89' lang='lat' dir='ltr'>liberos</span> 
     </span>
    </p>
   </div>
   <div class='ocr_carea' id='block_1_38' title="bbox 335 3356 1987 3429">
    <p class='ocr_par' dir='ltr' id='par_1_38' title="bbox 335 3356 1987 3429">
     <span class='ocr_line' id='line_1_38' title="bbox 335 3356 1987 3429; baseline 0.001 -19"><span class='ocrx_word' id='word_1_271' title='bbox 335 3371 708 3428; x_wconf 88' lang='lat' dir='ltr'>progressus,</span> <span class='ocrx_word' id='word_1_272' title='bbox 738 3360 823 3411; x_wconf 89' lang='lat' dir='ltr'>tot</span> <span class='ocrx_word' id='word_1_273' title='bbox 849 3356 1025 3412; x_wconf 87' lang='lat' dir='ltr'>annis</span> <span class='ocrx_word' id='word_1_274' title='bbox 1056 3374 1173 3412; x_wconf 89' lang='lat' dir='ltr'>non</span> <span class='ocrx_word' id='word_1_275' title='bbox 1206 3361 1537 3428; x_wconf 88' lang='lat' dir='ltr'>comparet:</span> <span class='ocrx_word' id='word_1_276' title='bbox 1575 3374 1815 3429; x_wconf 89' lang='lat' dir='ltr'>prorsus</span> <span class='ocrx_word' id='word_1_277' title='bbox 1852 3374 1987 3412; x_wconf 88' lang='lat' dir='ltr'>vero</span> 
     </span>
    </p>
   </div>
   <div class='ocr_carea' id='block_1_39' title="bbox 337 3444 1993 3519">
    <p class='ocr_par' dir='ltr' id='par_1_39' title="bbox 337 3444 1993 3519">
     <span class='ocr_line' id='line_1_39' title="bbox 337 3444 1993 3519; baseline 0.002 -19"><span class='ocrx_word' id='word_1_278' title='bbox 337 3450 395 3500; x_wconf 87' lang='lat' dir='ltr'>et</span> <span class='ocrx_word' id='word_1_279' title='bbox 425 3444 550 3515; x_wconf 88' lang='lat' dir='ltr'>ipse</span> <span class='ocrx_word' id='word_1_280' title='bbox 576 3444 738 3499; x_wconf 91' lang='lat' dir='ltr'>obiit.</span> <span class='ocrx_word' id='word_1_281' title='bbox 773 3444 1000 3500; x_wconf 89' lang='lat' dir='ltr'>Etenim</span> <span class='ocrx_word' id='word_1_282' title='bbox 1027 3445 1224 3513; x_wconf 90' lang='lat' dir='ltr'>miser,</span> <span class='ocrx_word' id='word_1_283' title='bbox 1255 3446 1327 3501; x_wconf 94' lang='lat' dir='ltr'>ob</span> <span class='ocrx_word' id='word_1_284' title='bbox 1354 3445 1771 3501; x_wconf 88' lang='lat' dir='ltr'>continentiam</span> <span class='ocrx_word' id='word_1_285' title='bbox 1791 3445 1993 3519; x_wconf 84' lang='lat' dir='ltr'>dilige-</span> 
     </span>
    </p>
   </div>
   <div class='ocr_carea' id='block_1_40' title="bbox 330 3533 1994 3605">
    <p class='ocr_par' dir='ltr' id='par_1_40' title="bbox 330 3533 1994 3605">
     <span class='ocr_line' id='line_1_40' title="bbox 330 3533 1994 3605; baseline 0.001 -16"><span class='ocrx_word' id='word_1_286' title='bbox 330 3533 433 3589; x_wconf 86' lang='lat' dir='ltr'>bat</span> <span class='ocrx_word' id='word_1_287' title='bbox 464 3548 556 3588; x_wconf 84' lang='lat' dir='ltr'>me</span> <span class='ocrx_word' id='word_1_288' title='bbox 586 3538 643 3588; x_wconf 90' lang='lat' dir='ltr'>et</span> <span class='ocrx_word' id='word_1_289' title='bbox 673 3537 796 3588; x_wconf 89' lang='lat' dir='ltr'>erat</span> <span class='ocrx_word' id='word_1_290' title='bbox 827 3550 1033 3589; x_wconf 89' lang='lat' dir='ltr'>amans</span> <span class='ocrx_word' id='word_1_291' title='bbox 1057 3533 1377 3589; x_wconf 87' lang='lat' dir='ltr'>liberorum</span> <span class='ocrx_word' id='word_1_292' title='bbox 1401 3552 1413 3589; x_wconf 94' lang='lat'><strong>:</strong></span> <span class='ocrx_word' id='word_1_293' title='bbox 1440 3551 1617 3605; x_wconf 89' lang='lat' dir='ltr'>quare</span> <span class='ocrx_word' id='word_1_294' title='bbox 1644 3536 1870 3591; x_wconf 89' lang='lat' dir='ltr'>cunctis</span> <span class='ocrx_word' id='word_1_295' title='bbox 1894 3547 1994 3591; x_wconf 79' lang='lat' dir='ltr'>no&#39;</span> 
     </span>
    </p>
   </div>
   <div class='ocr_carea' id='block_1_41' title="bbox 329 3621 1989 3697">
    <p class='ocr_par' dir='ltr' id='par_1_41' title="bbox 329 3621 1989 3697">
     <span class='ocr_line' id='line_1_41' title="bbox 329 3621 1989 3697; baseline 0.002 -20"><span class='ocrx_word' id='word_1_296' title='bbox 329 3621 440 3689; x_wconf 90' lang='lat' dir='ltr'>bis,</span> <span class='ocrx_word' id='word_1_297' title='bbox 476 3639 509 3678; x_wconf 89' lang='lat' dir='ltr'>a</span> <span class='ocrx_word' id='word_1_298' title='bbox 538 3638 600 3677; x_wconf 88' lang='lat' dir='ltr'>se</span> <span class='ocrx_word' id='word_1_299' title='bbox 631 3638 808 3693; x_wconf 89' lang='lat' dir='ltr'>super</span> <span class='ocrx_word' id='word_1_300' title='bbox 837 3622 1037 3678; x_wconf 88' lang='lat' dir='ltr'>omnia</span> <span class='ocrx_word' id='word_1_301' title='bbox 1070 3622 1328 3691; x_wconf 88' lang='lat' dir='ltr'>dilectis,</span> <span class='ocrx_word' id='word_1_302' title='bbox 1361 3623 1602 3679; x_wconf 89' lang='lat' dir='ltr'>orbatus</span> <span class='ocrx_word' id='word_1_303' title='bbox 1634 3640 1831 3692; x_wconf 84' lang='lat' dir='ltr'>senex,</span> <span class='ocrx_word' id='word_1_304' title='bbox 1874 3642 1989 3697; x_wconf 60' lang='lat' dir='ltr'>prae</span> 
     </span>
    </p>
   </div>
   <div class='ocr_carea' id='block_1_42' title="bbox 332 3710 1150 3767">
    <p class='ocr_par' dir='ltr' id='par_1_42' title="bbox 332 3710 1150 3767">
     <span class='ocr_line' id='line_1_42' title="bbox 332 3710 1150 3767; baseline 0 -1"><span class='ocrx_word' id='word_1_305' title='bbox 332 3710 589 3766; x_wconf 82' lang='lat' dir='ltr'>maximo</span> <span class='ocrx_word' id='word_1_306' title='bbox 621 3710 815 3767; x_wconf 92' lang='lat' dir='ltr'>dolore</span> <span class='ocrx_word' id='word_1_307' title='bbox 848 3711 1150 3767; x_wconf 91' lang='lat' dir='ltr'>occubuit.</span> 
     </span>
    </p>
   </div>
   <div class='ocr_carea' id='block_1_43' title="bbox 403 3888 1963 3948">
    <p class='ocr_par' dir='ltr' id='par_1_43' title="bbox 403 3888 1963 3948">
     <span class='ocr_line' id='line_1_43' title="bbox 403 3888 1963 3948; baseline 0.002 -4"><span class='ocrx_word' id='word_1_308' title='bbox 403 3888 547 3945; x_wconf 84' lang='lat' dir='ltr'>CIII.</span> <span class='ocrx_word' id='word_1_309' title='bbox 582 3890 824 3945; x_wconf 88' lang='lat' dir='ltr'>Matrem</span> <span class='ocrx_word' id='word_1_310' title='bbox 858 3907 995 3945; x_wconf 92' lang='lat' dir='ltr'>vero</span> <span class='ocrx_word' id='word_1_311' title='bbox 1029 3889 1149 3946; x_wconf 58' lang='lat' dir='ltr'>haec</span> <span class='ocrx_word' id='word_1_312' title='bbox 1184 3890 1436 3946; x_wconf 88' lang='lat' dir='ltr'>locutam</span> <span class='ocrx_word' id='word_1_313' title='bbox 1468 3890 1770 3947; x_wconf 89' lang='lat' dir='ltr'>audientes</span> <span class='ocrx_word' id='word_1_314' title='bbox 1798 3891 1963 3948; x_wconf 86' lang='lat' dir='ltr'>liberi</span> 
     </span>
    </p>
   </div>
   <div class='ocr_carea' id='block_1_44' title="bbox 336 3977 1987 4049">
    <p class='ocr_par' dir='ltr' id='par_1_44' title="bbox 336 3977 1987 4049">
     <span class='ocr_line' id='line_1_44' title="bbox 336 3977 1987 4049; baseline 0.003 -17"><span class='ocrx_word' id='word_1_315' title='bbox 336 3995 452 4033; x_wconf 89' lang='lat' dir='ltr'>non</span> <span class='ocrx_word' id='word_1_316' title='bbox 484 3977 760 4049; x_wconf 88' lang='lat' dir='ltr'>amplius,</span> <span class='ocrx_word' id='word_1_317' title='bbox 811 3980 1137 4034; x_wconf 89' lang='lat' dir='ltr'>secundum</span> <span class='ocrx_word' id='word_1_318' title='bbox 1198 3980 1346 4035; x_wconf 91' lang='lat' dir='ltr'>Petri</span> <span class='ocrx_word' id='word_1_319' title='bbox 1394 3980 1873 4048; x_wconf 87' lang='lat' dir='ltr'>admonitionem,</span> <span class='ocrx_word' id='word_1_320' title='bbox 1926 3999 1987 4037; x_wconf 90' lang='lat' dir='ltr'>se</span> 
     </span>
    </p>
   </div>
   <div class='ocr_carea' id='block_1_45' title="bbox 338 4067 1983 4141">
    <p class='ocr_par' dir='ltr' id='par_1_45' title="bbox 338 4067 1983 4141">
     <span class='ocr_line' id='line_1_45' title="bbox 338 4067 1983 4141; baseline 0.002 -18"><span class='ocrx_word' id='word_1_321' title='bbox 338 4067 638 4123; x_wconf 87' lang='lat' dir='ltr'>continere</span> <span class='ocrx_word' id='word_1_322' title='bbox 669 4071 1022 4139; x_wconf 89' lang='lat' dir='ltr'>potuerunt:</span> <span class='ocrx_word' id='word_1_323' title='bbox 1062 4069 1162 4123; x_wconf 91' lang='lat' dir='ltr'>sed</span> <span class='ocrx_word' id='word_1_324' title='bbox 1220 4074 1583 4141; x_wconf 84' lang='lat' dir='ltr'>exurgentes,</span> <span class='ocrx_word' id='word_1_325' title='bbox 1644 4073 1768 4125; x_wconf 90' lang='lat' dir='ltr'>tum</span> <span class='ocrx_word' id='word_1_326' title='bbox 1823 4088 1983 4125; x_wconf 91' lang='lat' dir='ltr'>com-</span> 
     </span>
    </p>
   </div>
   <div class='ocr_carea' id='block_1_46' title="bbox 340 4155 1983 4229">
    <p class='ocr_par' dir='ltr' id='par_1_46' title="bbox 340 4155 1983 4229">
     <span class='ocr_line' id='line_1_46' title="bbox 340 4155 1983 4229; baseline 0.003 -19"><span class='ocrx_word' id='word_1_327' title='bbox 340 4155 745 4228; x_wconf 90' lang='lat' dir='ltr'>plectebantur</span> <span class='ocrx_word' id='word_1_328' title='bbox 774 4173 923 4224; x_wconf 91' lang='lat' dir='ltr'>eam,</span> <span class='ocrx_word' id='word_1_329' title='bbox 948 4161 1157 4213; x_wconf 90' lang='lat' dir='ltr'>etcum</span> <span class='ocrx_word' id='word_1_330' title='bbox 1182 4156 1452 4229; x_wconf 86' lang='lat' dir='ltr'>lacrymis</span> <span class='ocrx_word' id='word_1_331' title='bbox 1475 4159 1983 4215; x_wconf 84' lang='lat' dir='ltr'>deosculabantur.</span> 
     </span>
    </p>
   </div>
   <div class='ocr_carea' id='block_1_47' title="bbox 339 4242 1983 4318">
    <p class='ocr_par' dir='ltr' id='par_1_47' title="bbox 339 4242 1983 4318">
     <span class='ocr_line' id='line_1_47' title="bbox 339 4242 1983 4318; baseline 0.003 -19"><span class='ocrx_word' id='word_1_332' title='bbox 339 4242 425 4299; x_wconf 91' lang='lat' dir='ltr'>0b</span> <span class='ocrx_word' id='word_1_333' title='bbox 457 4244 610 4316; x_wconf 92' lang='lat' dir='ltr'>quod</span> <span class='ocrx_word' id='word_1_334' title='bbox 639 4249 825 4300; x_wconf 90' lang='lat' dir='ltr'>mater</span> <span class='ocrx_word' id='word_1_335' title='bbox 854 4245 1123 4312; x_wconf 86' lang='lat' dir='ltr'>attonita,</span> <span class='ocrx_word' id='word_1_336' title='bbox 1157 4246 1294 4317; x_wconf 92' lang='lat' dir='ltr'>quid</span> <span class='ocrx_word' id='word_1_337' title='bbox 1327 4246 1433 4302; x_wconf 92' lang='lat' dir='ltr'>boc</span> <span class='ocrx_word' id='word_1_338' title='bbox 1486 4248 1597 4302; x_wconf 88' lang='lat' dir='ltr'>sibi</span> <span class='ocrx_word' id='word_1_339' title='bbox 1630 4247 1817 4315; x_wconf 87' lang='lat' dir='ltr'>vellet,</span> <span class='ocrx_word' id='word_1_340' title='bbox 1869 4266 1983 4318; x_wconf 60' lang='lat' dir='ltr'>prie</span> 
     </span>
    </p>
   </div>
   <div class='ocr_carea' id='block_1_48' title="bbox 334 4333 1981 4409">
    <p class='ocr_par' dir='ltr' id='par_1_48' title="bbox 334 4333 1981 4409">
     <span class='ocr_line' id='line_1_48' title="bbox 334 4333 1981 4409; baseline 0.003 -22"><span class='ocrx_word' id='word_1_341' title='bbox 334 4336 576 4404; x_wconf 85' lang='lat' dir='ltr'>stupore</span> <span class='ocrx_word' id='word_1_342' title='bbox 596 4333 765 4403; x_wconf 85' lang='lat' dir='ltr'>juxta</span> <span class='ocrx_word' id='word_1_343' title='bbox 795 4338 968 4404; x_wconf 88' lang='lat' dir='ltr'>atque</span> <span class='ocrx_word' id='word_1_344' title='bbox 1000 4334 1362 4406; x_wconf 87' lang='lat' dir='ltr'>ignoratione</span> <span class='ocrx_word' id='word_1_345' title='bbox 1412 4353 1627 4401; x_wconf 90' lang='lat' dir='ltr'>rerum,</span> <span class='ocrx_word' id='word_1_346' title='bbox 1662 4337 1981 4409; x_wconf 86' lang='lat' dir='ltr'>interroga-</span> 
     </span>
    </p>
   </div>
   <div class='ocr_carea' id='block_1_49' title="bbox 334 4419 1977 4497">
    <p class='ocr_par' dir='ltr' id='par_1_49' title="bbox 334 4419 1977 4497">
     <span class='ocr_line' id='line_1_49' title="bbox 334 4419 1977 4497; baseline 0.004 -24"><span class='ocrx_word' id='word_1_347' title='bbox 334 4419 452 4474; x_wconf 89' lang='lat' dir='ltr'>bat.</span> <span class='ocrx_word' id='word_1_348' title='bbox 512 4419 840 4491; x_wconf 89' lang='lat' dir='ltr'>Statimque</span> <span class='ocrx_word' id='word_1_349' title='bbox 883 4422 1088 4478; x_wconf 86' lang='lat' dir='ltr'>Petrus</span> <span class='ocrx_word' id='word_1_350' title='bbox 1136 4422 1314 4478; x_wconf 85' lang='lat' dir='ltr'>dixit:</span> <span class='ocrx_word' id='word_1_351' title='bbox 1367 4424 1614 4493; x_wconf 86' lang='lat' dir='ltr'>Advoca,</span> <span class='ocrx_word' id='word_1_352' title='bbox 1667 4441 1699 4480; x_wconf 95' lang='lat' dir='ltr'>o</span> <span class='ocrx_word' id='word_1_353' title='bbox 1747 4425 1977 4497; x_wconf 87' lang='lat' dir='ltr'>mulier,</span> 
     </span>
    </p>
   </div>
   <div class='ocr_carea' id='block_1_50' title="bbox 2099 509 3717 589">
    <p class='ocr_par' dir='ltr' id='par_1_50' title="bbox 2099 509 3717 589">
     <span class='ocr_line' id='line_1_50' title="bbox 2099 509 3717 589; baseline -0.001 -23"><span class='ocrx_word' id='word_1_354' title='bbox 2099 512 2335 589; x_wconf 79' lang='grc' dir='ltr'>μακαρίᾳ</span> <span class='ocrx_word' id='word_1_355' title='bbox 2378 513 2483 568; x_wconf 81' lang='grc' dir='ltr'>τινὶ</span> <span class='ocrx_word' id='word_1_356' title='bbox 2536 510 2883 585; x_wconf 82' lang='grc' dir='ltr'>έπονομασίᾳ,</span> <span class='ocrx_word' id='word_1_357' title='bbox 2936 511 3059 567; x_wconf 86' lang='grc' dir='ltr'>τότε</span> <span class='ocrx_word' id='word_1_358' title='bbox 3120 509 3185 580; x_wconf 83' lang='grc' dir='ltr'>δὴ</span> <span class='ocrx_word' id='word_1_359' title='bbox 3242 511 3425 574; x_wconf 79' lang='grc' dir='ltr'>αὐτοῖς</span> <span class='ocrx_word' id='word_1_360' title='bbox 3468 512 3554 566; x_wconf 79' lang='grc' dir='ltr'>καὶ</span> <span class='ocrx_word' id='word_1_361' title='bbox 3603 532 3717 566; x_wconf 90' lang='grc' dir='ltr'>συν-</span> 
     </span>
    </p>
   </div>
   <div class='ocr_carea' id='block_1_51' title="bbox 2093 598 3718 675">
    <p class='ocr_par' dir='ltr' id='par_1_51' title="bbox 2093 598 3718 675">
     <span class='ocr_line' id='line_1_51' title="bbox 2093 598 3718 675; baseline 0.001 -20"><span class='ocrx_word' id='word_1_362' title='bbox 2093 600 2429 673; x_wconf 84' lang='grc' dir='ltr'>αυλιζόμεθα</span> <span class='ocrx_word' id='word_1_363' title='bbox 2460 606 2501 660; x_wconf 77' lang='grc' dir='ltr'>ί.</span> <span class='ocrx_word' id='word_1_364' title='bbox 2527 602 2674 659; x_wconf 84' lang='grc' dir='ltr'>Ἐπεὶ</span> <span class='ocrx_word' id='word_1_365' title='bbox 2708 598 2819 656; x_wconf 79' lang='grc' dir='ltr'>οὐδ’</span> <span class='ocrx_word' id='word_1_366' title='bbox 2852 601 2911 654; x_wconf 77' lang='grc' dir='ltr'>ἃν</span> <span class='ocrx_word' id='word_1_367' title='bbox 2942 601 3122 675; x_wconf 79' lang='grc' dir='ltr'>πατὴρ</span> <span class='ocrx_word' id='word_1_368' title='bbox 3154 600 3187 669; x_wconf 77' lang='grc' dir='ltr'><strong>ἢ</strong></span> <span class='ocrx_word' id='word_1_369' title='bbox 3239 603 3420 675; x_wconf 85' lang='grc' dir='ltr'>μήτηρ</span> <span class='ocrx_word' id='word_1_370' title='bbox 3462 602 3718 675; x_wconf 79' lang='grc' dir='ltr'>τυγχάνῃ,</span> 
     </span>
    </p>
   </div>
   <div class='ocr_carea' id='block_1_52' title="bbox 2093 686 3718 767">
    <p class='ocr_par' dir='ltr' id='par_1_52' title="bbox 2093 686 3718 767">
     <span class='ocr_line' id='line_1_52' title="bbox 2093 686 3718 767; baseline 0 -24"><span class='ocrx_word' id='word_1_371' title='bbox 2093 691 2126 758; x_wconf 77' lang='grc' dir='ltr'>ἢ</span> <span class='ocrx_word' id='word_1_372' title='bbox 2157 691 2309 765; x_wconf 79' lang='grc' dir='ltr'>γυνὴ,</span> <span class='ocrx_word' id='word_1_373' title='bbox 2342 692 2377 759; x_wconf 72' lang='grc' dir='ltr'><strong>ἢ</strong></span> <span class='ocrx_word' id='word_1_374' title='bbox 2408 692 2616 763; x_wconf 83' lang='grc' dir='ltr'>τέκνον,</span> <span class='ocrx_word' id='word_1_375' title='bbox 2648 692 2683 760; x_wconf 74' lang='grc' dir='ltr'>ἢ</span> <span class='ocrx_word' id='word_1_376' title='bbox 2712 687 2967 767; x_wconf 79' lang='grc' dir='ltr'>ἀδελφὸς,</span> <span class='ocrx_word' id='word_1_377' title='bbox 3001 691 3035 758; x_wconf 76' lang='grc' dir='ltr'>ἤ</span> <span class='ocrx_word' id='word_1_378' title='bbox 3079 686 3249 751; x_wconf 83' lang='grc' dir='ltr'>ἄλλος</span> <span class='ocrx_word' id='word_1_379' title='bbox 3278 710 3360 751; x_wconf 92' lang='grc' dir='ltr'>τις</span> <span class='ocrx_word' id='word_1_380' title='bbox 3408 688 3465 743; x_wconf 82' lang='grc' dir='ltr'>ἐκ</span> <span class='ocrx_word' id='word_1_381' title='bbox 3517 689 3718 766; x_wconf 78' lang='grc' dir='ltr'>φύσεως</span> 
     </span>
    </p>
   </div>
   <div class='ocr_carea' id='block_1_53' title="bbox 2090 776 3717 855">
    <p class='ocr_par' dir='ltr' id='par_1_53' title="bbox 2090 776 3717 855">
     <span class='ocr_line' id='line_1_53' title="bbox 2090 776 3717 855; baseline 0.001 -22"><span class='ocrx_word' id='word_1_382' title='bbox 2090 779 2189 847; x_wconf 77' lang='grc' dir='ltr'>τὴν</span> <span class='ocrx_word' id='word_1_383' title='bbox 2220 781 2449 855; x_wconf 76' lang='grc' dir='ltr'>στοργήν</span> <span class='ocrx_word' id='word_1_384' title='bbox 2483 778 2648 854; x_wconf 82' lang='grc' dir='ltr'>ἔχων,</span> <span class='ocrx_word' id='word_1_385' title='bbox 2683 779 3045 833; x_wconf 78' lang='grc' dir='ltr'>συνεστιᾶσθαι</span> <span class='ocrx_word' id='word_1_386' title='bbox 3102 776 3246 850; x_wconf 86' lang='grc' dir='ltr'>αύτῷ</span> <span class='ocrx_word' id='word_1_387' title='bbox 3306 776 3520 849; x_wconf 87' lang='grc' dir='ltr'>θεμιτὸν</span> <span class='ocrx_word' id='word_1_388' title='bbox 3568 779 3717 849; x_wconf 74' lang='grc' dir='ltr'>ἡμῖν.</span> 
     </span>
    </p>
   </div>
   <div class='ocr_carea' id='block_1_54' title="bbox 2094 862 3717 945">
    <p class='ocr_par' dir='ltr' id='par_1_54' title="bbox 2094 862 3717 945">
     <span class='ocr_line' id='line_1_54' title="bbox 2094 862 3717 945; baseline -0.001 -24"><span class='ocrx_word' id='word_1_389' title='bbox 2094 868 2272 922; x_wconf 79' lang='grc' dir='ltr'>Πίστει</span> <span class='ocrx_word' id='word_1_390' title='bbox 2304 870 2407 943; x_wconf 80' lang='grc' dir='ltr'>γάρ</span> <span class='ocrx_word' id='word_1_391' title='bbox 2440 866 2803 945; x_wconf 65' lang='grc' dir='ltr'>διαφερόντως</span> <span class='ocrx_word' id='word_1_392' title='bbox 2831 871 2992 921; x_wconf 92' lang='grc' dir='ltr'>τοῦτο</span> <span class='ocrx_word' id='word_1_393' title='bbox 3025 872 3308 939; x_wconf 84' lang='grc' dir='ltr'>ποιοῦμεν’</span> <span class='ocrx_word' id='word_1_394' title='bbox 3340 867 3428 934; x_wconf 71' lang='grc' dir='ltr'>Μὴ</span> <span class='ocrx_word' id='word_1_395' title='bbox 3452 863 3541 920; x_wconf 79' lang='grc' dir='ltr'>οῦν</span> <span class='ocrx_word' id='word_1_396' title='bbox 3574 862 3717 941; x_wconf 72' lang='grc' dir='ltr'>ὕϐριν</span> 
     </span>
    </p>
   </div>
   <div class='ocr_carea' id='block_1_55' title="bbox 2092 955 3720 1032">
    <p class='ocr_par' dir='ltr' id='par_1_55' title="bbox 2092 955 3720 1032">
     <span class='ocr_line' id='line_1_55' title="bbox 2092 955 3720 1032; baseline -0.003 -20"><span class='ocrx_word' id='word_1_397' title='bbox 2092 958 2292 1032; x_wconf 83' lang='grc' dir='ltr'>ἡγήσῃ,</span> <span class='ocrx_word' id='word_1_398' title='bbox 2322 958 2384 1011; x_wconf 83' lang='grc' dir='ltr'>τὸ</span> <span class='ocrx_word' id='word_1_399' title='bbox 2441 958 2516 1030; x_wconf 77' lang='grc' dir='ltr'>μή</span> <span class='ocrx_word' id='word_1_400' title='bbox 2577 955 2667 1011; x_wconf 84' lang='grc' dir='ltr'>νῦν</span> <span class='ocrx_word' id='word_1_401' title='bbox 2727 955 3091 1011; x_wconf 79' lang='grc' dir='ltr'>συνεστιᾶσθαί</span> <span class='ocrx_word' id='word_1_402' title='bbox 3152 976 3237 1010; x_wconf 89' lang='grc' dir='ltr'>σοι</span> <span class='ocrx_word' id='word_1_403' title='bbox 3282 956 3372 1010; x_wconf 85' lang='grc' dir='ltr'>τὸν</span> <span class='ocrx_word' id='word_1_404' title='bbox 3406 955 3540 1027; x_wconf 73' lang='grc' dir='ltr'>υἱὸν,</span> <span class='ocrx_word' id='word_1_405' title='bbox 3573 955 3720 1030; x_wconf 82' lang='grc' dir='ltr'>ἄχρις</span> 
     </span>
    </p>
   </div>
   <div class='ocr_carea' id='block_1_56' title="bbox 2098 1044 3174 1120">
    <p class='ocr_par' dir='ltr' id='par_1_56' title="bbox 2098 1044 3174 1120">
     <span class='ocr_line' id='line_1_56' title="bbox 2098 1044 3174 1120; baseline -0.002 -19"><span class='ocrx_word' id='word_1_406' title='bbox 2098 1048 2156 1101; x_wconf 78' lang='grc' dir='ltr'>ἂν</span> <span class='ocrx_word' id='word_1_407' title='bbox 2190 1050 2211 1082; x_wconf 76' lang='grc'>³</span> <span class='ocrx_word' id='word_1_408' title='bbox 2237 1047 2303 1101; x_wconf 82' lang='grc' dir='ltr'>τὰ</span> <span class='ocrx_word' id='word_1_409' title='bbox 2333 1045 2467 1101; x_wconf 69' lang='grc' dir='ltr'>αὐτὰ</span> <span class='ocrx_word' id='word_1_410' title='bbox 2495 1048 2630 1120; x_wconf 79' lang='grc' dir='ltr'>ἡμῖν</span> <span class='ocrx_word' id='word_1_411' title='bbox 2662 1047 2859 1120; x_wconf 73' lang='grc' dir='ltr'>φρονῇς</span> <span class='ocrx_word' id='word_1_412' title='bbox 2888 1044 2978 1100; x_wconf 82' lang='grc' dir='ltr'>καὶ</span> <span class='ocrx_word' id='word_1_413' title='bbox 3008 1048 3174 1118; x_wconf 81' lang='grc' dir='ltr'>ποιῇς</span> 
     </span>
    </p>
   </div>
   <div class='ocr_carea' id='block_1_57' title="bbox 2161 1307 3722 1387">
    <p class='ocr_par' dir='ltr' id='par_1_57' title="bbox 2161 1307 3722 1387">
     <span class='ocr_line' id='line_1_57' title="bbox 2161 1307 3722 1387; baseline -0.005 -17"><span class='ocrx_word' id='word_1_414' title='bbox 2161 1315 2276 1370; x_wconf 82' lang='lat' dir='ltr'>CII.</span> <span class='ocrx_word' id='word_1_415' title='bbox 2311 1313 2373 1367; x_wconf 87' lang='grc' dir='ltr'>Ἡ</span> <span class='ocrx_word' id='word_1_416' title='bbox 2404 1308 2460 1368; x_wconf 69' lang='grc' dir='ltr'>δὲ</span> <span class='ocrx_word' id='word_1_417' title='bbox 2508 1310 2797 1383; x_wconf 77' lang='grc' dir='ltr'>ἀκούσασα,</span> <span class='ocrx_word' id='word_1_418' title='bbox 2832 1309 2961 1387; x_wconf 82' lang='grc' dir='ltr'>ἔφη·</span> <span class='ocrx_word' id='word_1_419' title='bbox 3014 1309 3074 1365; x_wconf 87' lang='grc' dir='ltr'>Τί</span> <span class='ocrx_word' id='word_1_420' title='bbox 3122 1308 3213 1365; x_wconf 81' lang='grc' dir='ltr'>οῦν</span> <span class='ocrx_word' id='word_1_421' title='bbox 3272 1307 3477 1365; x_wconf 80' lang='grc' dir='ltr'>κωλύει</span> <span class='ocrx_word' id='word_1_422' title='bbox 3528 1330 3591 1382; x_wconf 87' lang='grc' dir='ltr'>με</span> <span class='ocrx_word' id='word_1_423' title='bbox 3634 1311 3722 1380; x_wconf 81' lang='grc' dir='ltr'>σή·</span> 
     </span>
    </p>
   </div>
   <div class='ocr_carea' id='block_1_58' title="bbox 2094 1394 3722 1475">
    <p class='ocr_par' dir='ltr' id='par_1_58' title="bbox 2094 1394 3722 1475">
     <span class='ocr_line' id='line_1_58' title="bbox 2094 1394 3722 1475; baseline -0.002 -20"><span class='ocrx_word' id='word_1_424' title='bbox 2094 1421 2255 1475; x_wconf 89' lang='grc' dir='ltr'>μερον</span> <span class='ocrx_word' id='word_1_425' title='bbox 2293 1402 2680 1475; x_wconf 86' lang='grc' dir='ltr'>βαπτισθῆναι;</span> <span class='ocrx_word' id='word_1_426' title='bbox 2711 1402 2865 1461; x_wconf 86' lang='grc' dir='ltr'>Ἧτις</span> <span class='ocrx_word' id='word_1_427' title='bbox 2889 1397 2980 1453; x_wconf 85' lang='grc' dir='ltr'>καὶ</span> <span class='ocrx_word' id='word_1_428' title='bbox 3027 1398 3132 1474; x_wconf 86' lang='grc' dir='ltr'>πρὸ</span> <span class='ocrx_word' id='word_1_429' title='bbox 3181 1401 3279 1452; x_wconf 87' lang='grc' dir='ltr'>τοῦ</span> <span class='ocrx_word' id='word_1_430' title='bbox 3330 1394 3462 1452; x_wconf 74' lang='grc' dir='ltr'>ἰδεῖν</span> <span class='ocrx_word' id='word_1_431' title='bbox 3504 1418 3580 1466; x_wconf 88' lang='grc' dir='ltr'>σε,</span> <span class='ocrx_word' id='word_1_432' title='bbox 3607 1398 3722 1459; x_wconf 82' lang='grc' dir='ltr'>τοὺς</span> 
     </span>
    </p>
   </div>
   <div class='ocr_carea' id='block_1_59' title="bbox 2090 1484 3723 1565">
    <p class='ocr_par' dir='ltr' id='par_1_59' title="bbox 2090 1484 3723 1565">
     <span class='ocr_line' id='line_1_59' title="bbox 2090 1484 3723 1565; baseline -0.002 -22"><span class='ocrx_word' id='word_1_433' title='bbox 2090 1486 2417 1565; x_wconf 72' lang='grc' dir='ltr'>λεγομένους</span> <span class='ocrx_word' id='word_1_434' title='bbox 2467 1489 2619 1554; x_wconf 85' lang='grc' dir='ltr'>θεοὺς</span> <span class='ocrx_word' id='word_1_435' title='bbox 2659 1488 3004 1565; x_wconf 76' lang='grc' dir='ltr'>ἀπεστράφην</span> <span class='ocrx_word' id='word_1_436' title='bbox 3053 1484 3314 1562; x_wconf 76' lang='grc' dir='ltr'>λογισμῷ</span> <span class='ocrx_word' id='word_1_437' title='bbox 3360 1485 3614 1558; x_wconf 83' lang='grc' dir='ltr'>τοιούτῳ,</span> <span class='ocrx_word' id='word_1_438' title='bbox 3650 1484 3723 1540; x_wconf 79' lang='grc' dir='ltr'>ὅτι</span> 
     </span>
    </p>
   </div>
   <div class='ocr_carea' id='block_1_60' title="bbox 2089 1573 3721 1653">
    <p class='ocr_par' dir='ltr' id='par_1_60' title="bbox 2089 1573 3721 1653">
     <span class='ocr_line' id='line_1_60' title="bbox 2089 1573 3721 1653; baseline -0.004 -20"><span class='ocrx_word' id='word_1_439' title='bbox 2089 1578 2275 1635; x_wconf 84' lang='grc' dir='ltr'>πολλά</span> <span class='ocrx_word' id='word_1_440' title='bbox 2330 1576 2523 1653; x_wconf 86' lang='grc' dir='ltr'>σχεδὸν</span> <span class='ocrx_word' id='word_1_441' title='bbox 2584 1578 2700 1633; x_wconf 87' lang='grc' dir='ltr'>καθ’</span> <span class='ocrx_word' id='word_1_442' title='bbox 2756 1577 2963 1652; x_wconf 81' lang='grc' dir='ltr'>ἡμέραν</span> <span class='ocrx_word' id='word_1_443' title='bbox 3027 1574 3226 1650; x_wconf 77' lang='grc' dir='ltr'>θυούσῃ</span> <span class='ocrx_word' id='word_1_444' title='bbox 3278 1596 3375 1649; x_wconf 88' lang='grc' dir='ltr'>μοι</span> <span class='ocrx_word' id='word_1_445' title='bbox 3422 1573 3649 1642; x_wconf 87' lang='grc' dir='ltr'>τούτοις,</span> <span class='ocrx_word' id='word_1_446' title='bbox 3676 1573 3721 1629; x_wconf 75' lang='grc' dir='ltr'>έν</span> 
     </span>
    </p>
   </div>
   <div class='ocr_carea' id='block_1_61' title="bbox 2088 1660 3727 1743">
    <p class='ocr_par' dir='ltr' id='par_1_61' title="bbox 2088 1660 3727 1743">
     <span class='ocr_line' id='line_1_61' title="bbox 2088 1660 3727 1743; baseline -0.004 -21"><span class='ocrx_word' id='word_1_447' title='bbox 2088 1674 2205 1730; x_wconf 89' lang='grc' dir='ltr'>ταῖς</span> <span class='ocrx_word' id='word_1_448' title='bbox 2254 1668 2510 1743; x_wconf 76' lang='grc' dir='ltr'>ἀνάγκαις</span> <span class='ocrx_word' id='word_1_449' title='bbox 2565 1666 2625 1722; x_wconf 87' lang='grc' dir='ltr'>ού</span> <span class='ocrx_word' id='word_1_450' title='bbox 2674 1664 3081 1742; x_wconf 78' lang='grc' dir='ltr'>παρεστάθησάν</span> <span class='ocrx_word' id='word_1_451' title='bbox 3147 1685 3262 1735; x_wconf 88' lang='grc' dir='ltr'>μοι.</span> <span class='ocrx_word' id='word_1_452' title='bbox 3327 1662 3458 1740; x_wconf 82' lang='grc' dir='ltr'>Περὶ</span> <span class='ocrx_word' id='word_1_453' title='bbox 3507 1660 3562 1717; x_wconf 70' lang='grc' dir='ltr'>δὲ</span> <span class='ocrx_word' id='word_1_454' title='bbox 3613 1682 3727 1735; x_wconf 82' lang='grc' dir='ltr'>μοι·</span> 
     </span>
    </p>
   </div>
   <div class='ocr_carea' id='block_1_62' title="bbox 2090 1748 3726 1831">
    <p class='ocr_par' dir='ltr' id='par_1_62' title="bbox 2090 1748 3726 1831">
     <span class='ocr_line' id='line_1_62' title="bbox 2090 1748 3726 1831; baseline -0.004 -20"><span class='ocrx_word' id='word_1_455' title='bbox 2090 1755 2241 1831; x_wconf 89' lang='grc' dir='ltr'>χείας</span> <span class='ocrx_word' id='word_1_456' title='bbox 2287 1755 2340 1811; x_wconf 90' lang='grc' dir='ltr'>τί</span> <span class='ocrx_word' id='word_1_457' title='bbox 2392 1753 2475 1811; x_wconf 79' lang='grc' dir='ltr'>δεῖ</span> <span class='ocrx_word' id='word_1_458' title='bbox 2520 1776 2585 1830; x_wconf 89' lang='grc' dir='ltr'>με</span> <span class='ocrx_word' id='word_1_459' title='bbox 2633 1755 2723 1810; x_wconf 82' lang='grc' dir='ltr'>καὶ</span> <span class='ocrx_word' id='word_1_460' title='bbox 2763 1752 2981 1829; x_wconf 83' lang='grc' dir='ltr'>λέγειν;</span> <span class='ocrx_word' id='word_1_461' title='bbox 3016 1752 3167 1809; x_wconf 78' lang='grc' dir='ltr'>δπότ’</span> <span class='ocrx_word' id='word_1_462' title='bbox 3200 1751 3260 1807; x_wconf 75' lang='grc' dir='ltr'>ἂν</span> <span class='ocrx_word' id='word_1_463' title='bbox 3292 1748 3422 1807; x_wconf 73' lang='grc' dir='ltr'>οὐδὲ</span> <span class='ocrx_word' id='word_1_464' title='bbox 3479 1748 3726 1805; x_wconf 86' lang='grc' dir='ltr'>πλουτοῦ-</span> 
     </span>
    </p>
   </div>
   <div class='ocr_carea' id='block_1_63' title="bbox 2098 1838 3728 1923">
    <p class='ocr_par' dir='ltr' id='par_1_63' title="bbox 2098 1838 3728 1923">
     <span class='ocr_line' id='line_1_63' title="bbox 2098 1838 3728 1923; baseline -0.004 -23"><span class='ocrx_word' id='word_1_465' title='bbox 2098 1867 2189 1900; x_wconf 85' lang='grc' dir='ltr'>σαν</span> <span class='ocrx_word' id='word_1_466' title='bbox 2238 1846 2413 1923; x_wconf 80' lang='grc' dir='ltr'>τρυφή</span> <span class='ocrx_word' id='word_1_467' title='bbox 2473 1866 2539 1918; x_wconf 92' lang='grc' dir='ltr'>με</span> <span class='ocrx_word' id='word_1_468' title='bbox 2595 1844 2732 1919; x_wconf 88' lang='grc' dir='ltr'>πρὸς</span> <span class='ocrx_word' id='word_1_469' title='bbox 2782 1849 2943 1898; x_wconf 90' lang='grc' dir='ltr'>τοῦτο</span> <span class='ocrx_word' id='word_1_470' title='bbox 3001 1842 3300 1913; x_wconf 59' lang='grc' dir='ltr'>ἠπάτησεν</span> <span class='ocrx_word' id='word_1_471' title='bbox 3350 1838 3476 1895; x_wconf 76' lang='grc' dir='ltr'>οὐδὲ</span> <span class='ocrx_word' id='word_1_472' title='bbox 3522 1842 3556 1909; x_wconf 75' lang='grc' dir='ltr'>ἡ</span> <span class='ocrx_word' id='word_1_473' title='bbox 3606 1840 3728 1913; x_wconf 73' lang='grc' dir='ltr'>μετὰ</span> 
     </span>
    </p>
   </div>
   <div class='ocr_carea' id='block_1_64' title="bbox 2095 1929 3728 2007">
    <p class='ocr_par' dir='ltr' id='par_1_64' title="bbox 2095 1929 3728 2007">
     <span class='ocr_line' id='line_1_64' title="bbox 2095 1929 3728 2007; baseline -0.003 -18"><span class='ocrx_word' id='word_1_474' title='bbox 2095 1939 2261 1989; x_wconf 89' lang='grc' dir='ltr'>ταῦτα</span> <span class='ocrx_word' id='word_1_475' title='bbox 2306 1934 2462 1989; x_wconf 84' lang='grc' dir='ltr'>πενία</span> <span class='ocrx_word' id='word_1_476' title='bbox 2508 1933 2594 1989; x_wconf 80' lang='grc' dir='ltr'>ἐπὶ</span> <span class='ocrx_word' id='word_1_477' title='bbox 2639 1931 2800 1988; x_wconf 79' lang='grc' dir='ltr'>τοῦτο</span> <span class='ocrx_word' id='word_1_478' title='bbox 2847 1954 2910 2007; x_wconf 87' lang='grc' dir='ltr'>γε</span> <span class='ocrx_word' id='word_1_479' title='bbox 2958 1931 3134 1987; x_wconf 80' lang='grc' dir='ltr'>ἐλθεῖν</span> <span class='ocrx_word' id='word_1_480' title='bbox 3184 1929 3606 2005; x_wconf 83' lang='grc' dir='ltr'>κατηνάγκασεν,</span> <span class='ocrx_word' id='word_1_481' title='bbox 3647 1931 3728 1984; x_wconf 79' lang='grc' dir='ltr'>ἅτε</span> 
     </span>
    </p>
   </div>
   <div class='ocr_carea' id='block_1_65' title="bbox 2098 2018 3722 2101">
    <p class='ocr_par' dir='ltr' id='par_1_65' title="bbox 2098 2018 3722 2101">
     <span class='ocr_line' id='line_1_65' title="bbox 2098 2018 3722 2101; baseline -0.004 -23"><span class='ocrx_word' id='word_1_482' title='bbox 2098 2021 2164 2091; x_wconf 79' lang='grc' dir='ltr'>δὴ</span> <span class='ocrx_word' id='word_1_483' title='bbox 2195 2030 2294 2092; x_wconf 82' lang='grc' dir='ltr'>τῆς</span> <span class='ocrx_word' id='word_1_484' title='bbox 2325 2022 2677 2101; x_wconf 75' lang='grc' dir='ltr'>σωφροσύνης</span> <span class='ocrx_word' id='word_1_485' title='bbox 2715 2022 2789 2084; x_wconf 86' lang='grc' dir='ltr'>ὡς</span> <span class='ocrx_word' id='word_1_486' title='bbox 2835 2020 3087 2097; x_wconf 82' lang='grc' dir='ltr'>μεγίστου</span> <span class='ocrx_word' id='word_1_487' title='bbox 3133 2018 3309 2075; x_wconf 88' lang='grc' dir='ltr'>καλοῦ</span> <span class='ocrx_word' id='word_1_488' title='bbox 3359 2018 3722 2089; x_wconf 80' lang='grc' dir='ltr'>ἀντιποιουμέ-</span> 
     </span>
    </p>
   </div>
   <div class='ocr_carea' id='block_1_66' title="bbox 2094 2106 3723 2184">
    <p class='ocr_par' dir='ltr' id='par_1_66' title="bbox 2094 2106 3723 2184">
     <span class='ocr_line' id='line_1_66' title="bbox 2094 2106 3723 2184; baseline -0.004 -18"><span class='ocrx_word' id='word_1_489' title='bbox 2094 2133 2190 2181; x_wconf 90' lang='grc' dir='ltr'>νης</span> <span class='ocrx_word' id='word_1_490' title='bbox 2228 2132 2351 2184; x_wconf 82' lang='grc' dir='ltr'>μου’</span> <span class='ocrx_word' id='word_1_491' title='bbox 2386 2115 2450 2181; x_wconf 80' lang='grc' dir='ltr'>ής</span> <span class='ocrx_word' id='word_1_492' title='bbox 2478 2108 2648 2181; x_wconf 72' lang='grc' dir='ltr'>ἕνεκα,</span> <span class='ocrx_word' id='word_1_493' title='bbox 2680 2111 2769 2166; x_wconf 81' lang='grc' dir='ltr'>καὶ</span> <span class='ocrx_word' id='word_1_494' title='bbox 2819 2109 2893 2173; x_wconf 64' lang='grc' dir='ltr'>εἷς</span> <span class='ocrx_word' id='word_1_495' title='bbox 2942 2108 3207 2179; x_wconf 83' lang='grc' dir='ltr'>τοσαύτην</span> <span class='ocrx_word' id='word_1_496' title='bbox 3258 2107 3432 2178; x_wconf 79' lang='grc' dir='ltr'>ἦλθον</span> <span class='ocrx_word' id='word_1_497' title='bbox 3491 2106 3723 2183; x_wconf 83' lang='grc' dir='ltr'>περίστα-</span> 
     </span>
    </p>
   </div>
   <div class='ocr_carea' id='block_1_67' title="bbox 2096 2196 3720 2273">
    <p class='ocr_par' dir='ltr' id='par_1_67' title="bbox 2096 2196 3720 2273">
     <span class='ocr_line' id='line_1_67' title="bbox 2096 2196 3720 2273; baseline -0.004 -18"><span class='ocrx_word' id='word_1_498' title='bbox 2096 2222 2195 2255; x_wconf 91' lang='grc' dir='ltr'>σιν.</span> <span class='ocrx_word' id='word_1_499' title='bbox 2227 2201 2387 2258; x_wconf 81' lang='grc' dir='ltr'>Ἀλλ’</span> <span class='ocrx_word' id='word_1_500' title='bbox 2418 2198 2541 2256; x_wconf 80' lang='grc' dir='ltr'>οὐδέ</span> <span class='ocrx_word' id='word_1_501' title='bbox 2598 2221 2655 2255; x_wconf 92' lang='grc' dir='ltr'>σε</span> <span class='ocrx_word' id='word_1_502' title='bbox 2714 2199 2888 2273; x_wconf 79' lang='grc' dir='ltr'>οἶμαι,</span> <span class='ocrx_word' id='word_1_503' title='bbox 2920 2197 3071 2272; x_wconf 87' lang='grc' dir='ltr'>κύριέ</span> <span class='ocrx_word' id='word_1_504' title='bbox 3130 2218 3236 2271; x_wconf 92' lang='grc' dir='ltr'>μου</span> <span class='ocrx_word' id='word_1_505' title='bbox 3280 2198 3476 2272; x_wconf 86' lang='grc' dir='ltr'>Πέτρε,</span> <span class='ocrx_word' id='word_1_506' title='bbox 3508 2196 3720 2272; x_wconf 82' lang='grc' dir='ltr'>ἀγνοεῖν,</span> 
     </span>
    </p>
   </div>
   <div class='ocr_carea' id='block_1_68' title="bbox 2095 2284 3723 2363">
    <p class='ocr_par' dir='ltr' id='par_1_68' title="bbox 2095 2284 3723 2363">
     <span class='ocr_line' id='line_1_68' title="bbox 2095 2284 3723 2363; baseline -0.004 -18"><span class='ocrx_word' id='word_1_507' title='bbox 2095 2288 2176 2345; x_wconf 76' lang='grc' dir='ltr'>δτι</span> <span class='ocrx_word' id='word_1_508' title='bbox 2226 2293 2260 2359; x_wconf 78' lang='grc' dir='ltr'>ἡ</span> <span class='ocrx_word' id='word_1_509' title='bbox 2310 2287 2515 2345; x_wconf 87' lang='grc' dir='ltr'>πλείων</span> <span class='ocrx_word' id='word_1_510' title='bbox 2585 2288 2845 2363; x_wconf 78' lang='grc' dir='ltr'>ἐπιθυμία</span> <span class='ocrx_word' id='word_1_511' title='bbox 2901 2287 2952 2359; x_wconf 71' lang='grc' dir='ltr'>ἐξ</span> <span class='ocrx_word' id='word_1_512' title='bbox 3014 2287 3281 2360; x_wconf 79' lang='grc' dir='ltr'>εὐθυμιῶν</span> <span class='ocrx_word' id='word_1_513' title='bbox 3342 2285 3561 2361; x_wconf 84' lang='grc' dir='ltr'>γίνεται·</span> <span class='ocrx_word' id='word_1_514' title='bbox 3619 2284 3723 2339; x_wconf 74' lang='grc' dir='ltr'>ὅθεν</span> 
     </span>
    </p>
   </div>
   <div class='ocr_carea' id='block_1_69' title="bbox 2094 2371 3720 2456">
    <p class='ocr_par' dir='ltr' id='par_1_69' title="bbox 2094 2371 3720 2456">
     <span class='ocr_line' id='line_1_69' title="bbox 2094 2371 3720 2456; baseline -0.005 -22"><span class='ocrx_word' id='word_1_515' title='bbox 2094 2378 2202 2454; x_wconf 69' lang='grc' dir='ltr'>ἐγὼ</span> <span class='ocrx_word' id='word_1_516' title='bbox 2259 2378 2310 2434; x_wconf 82' lang='grc' dir='ltr'>έν</span> <span class='ocrx_word' id='word_1_517' title='bbox 2372 2379 2601 2453; x_wconf 74' lang='grc' dir='ltr'>εὐθυμία</span> <span class='ocrx_word' id='word_1_518' title='bbox 2656 2380 3072 2456; x_wconf 81' lang='grc' dir='ltr'>σωφρονήσασα,</span> <span class='ocrx_word' id='word_1_519' title='bbox 3140 2375 3193 2431; x_wconf 81' lang='grc' dir='ltr'>έν</span> <span class='ocrx_word' id='word_1_520' title='bbox 3254 2372 3526 2447; x_wconf 75' lang='grc' dir='ltr'>δυσθυμία</span> <span class='ocrx_word' id='word_1_521' title='bbox 3597 2371 3720 2449; x_wconf 83' lang='grc' dir='ltr'>πρὸς</span> 
     </span>
    </p>
   </div>
   <div class='ocr_carea' id='block_1_70' title="bbox 2092 2462 3722 2540">
    <p class='ocr_par' dir='ltr' id='par_1_70' title="bbox 2092 2462 3722 2540">
     <span class='ocr_line' id='line_1_70' title="bbox 2092 2462 3722 2540; baseline -0.004 -18"><span class='ocrx_word' id='word_1_522' title='bbox 2092 2466 2290 2538; x_wconf 77' lang='grc' dir='ltr'>ἡδονὰς</span> <span class='ocrx_word' id='word_1_523' title='bbox 2323 2468 2517 2536; x_wconf 75' lang='grc' dir='ltr'>έαυτὴν</span> <span class='ocrx_word' id='word_1_524' title='bbox 2547 2466 2650 2522; x_wconf 77' lang='grc' dir='ltr'>οὐκ</span> <span class='ocrx_word' id='word_1_525' title='bbox 2678 2464 2962 2540; x_wconf 78' lang='grc' dir='ltr'>έκδίδωμι.</span> <span class='ocrx_word' id='word_1_526' title='bbox 2998 2464 3175 2521; x_wconf 85' lang='grc' dir='ltr'>Ἀλλὰ</span> <span class='ocrx_word' id='word_1_527' title='bbox 3220 2462 3367 2538; x_wconf 72' lang='grc' dir='ltr'>μηδὲ</span> <span class='ocrx_word' id='word_1_528' title='bbox 3414 2463 3503 2517; x_wconf 79' lang='grc' dir='ltr'>νῦν</span> <span class='ocrx_word' id='word_1_529' title='bbox 3546 2483 3722 2517; x_wconf 87' lang='grc' dir='ltr'>κακου-</span> 
     </span>
    </p>
   </div>
   <div class='ocr_carea' id='block_1_71' title="bbox 2092 2554 3720 2633">
    <p class='ocr_par' dir='ltr' id='par_1_71' title="bbox 2092 2554 3720 2633">
     <span class='ocr_line' id='line_1_71' title="bbox 2092 2554 3720 2633; baseline -0.003 -22"><span class='ocrx_word' id='word_1_530' title='bbox 2092 2557 2218 2633; x_wconf 88' lang='grc' dir='ltr'>χίας</span> <span class='ocrx_word' id='word_1_531' title='bbox 2249 2556 2607 2633; x_wconf 76' lang='grc' dir='ltr'>ἀπηλλάχθαι</span> <span class='ocrx_word' id='word_1_532' title='bbox 2638 2556 2866 2630; x_wconf 82' lang='grc' dir='ltr'>νομίσῃς</span> <span class='ocrx_word' id='word_1_533' title='bbox 2900 2577 3003 2629; x_wconf 85' lang='grc' dir='ltr'>μου</span> <span class='ocrx_word' id='word_1_534' title='bbox 3026 2557 3126 2624; x_wconf 79' lang='grc' dir='ltr'>τὴν</span> <span class='ocrx_word' id='word_1_535' title='bbox 3158 2554 3370 2629; x_wconf 73' lang='grc' dir='ltr'>ψυχὴν,</span> <span class='ocrx_word' id='word_1_536' title='bbox 3399 2554 3496 2623; x_wconf 82' lang='grc' dir='ltr'>τήν</span> <span class='ocrx_word' id='word_1_537' title='bbox 3555 2556 3720 2613; x_wconf 87' lang='grc' dir='ltr'>ποσῶς</span> 
     </span>
    </p>
   </div>
   <div class='ocr_carea' id='block_1_72' title="bbox 2090 2641 3719 2723">
    <p class='ocr_par' dir='ltr' id='par_1_72' title="bbox 2090 2641 3719 2723">
     <span class='ocr_line' id='line_1_72' title="bbox 2090 2641 3719 2723; baseline -0.005 -22"><span class='ocrx_word' id='word_1_538' title='bbox 2090 2646 2433 2723; x_wconf 79' lang='grc' dir='ltr'>παραμυθίας</span> <span class='ocrx_word' id='word_1_539' title='bbox 2462 2650 2754 2722; x_wconf 82' lang='grc' dir='ltr'>τυχοῦσαν,</span> <span class='ocrx_word' id='word_1_540' title='bbox 2789 2643 2877 2700; x_wconf 73' lang='grc' dir='ltr'>διὰ</span> <span class='ocrx_word' id='word_1_541' title='bbox 2914 2646 3014 2714; x_wconf 75' lang='grc' dir='ltr'>τὴν</span> <span class='ocrx_word' id='word_1_542' title='bbox 3065 2642 3388 2716; x_wconf 82' lang='grc' dir='ltr'>Κλήμεντος</span> <span class='ocrx_word' id='word_1_543' title='bbox 3438 2641 3719 2716; x_wconf 86' lang='grc' dir='ltr'>ἀναγνώρι-</span> 
     </span>
    </p>
   </div>
   <div class='ocr_carea' id='block_1_73' title="bbox 2091 2729 3721 2811">
    <p class='ocr_par' dir='ltr' id='par_1_73' title="bbox 2091 2729 3721 2811">
     <span class='ocr_line' id='line_1_73' title="bbox 2091 2729 3721 2811; baseline -0.004 -22"><span class='ocrx_word' id='word_1_544' title='bbox 2091 2756 2195 2791; x_wconf 92' lang='grc' dir='ltr'>σιν.</span> <span class='ocrx_word' id='word_1_545' title='bbox 2230 2735 2717 2811; x_wconf 83' lang='grc' dir='ltr'>Ἀντεισερχομένη</span> <span class='ocrx_word' id='word_1_546' title='bbox 2751 2734 2854 2810; x_wconf 82' lang='grc' dir='ltr'>γὰρ</span> <span class='ocrx_word' id='word_1_547' title='bbox 2885 2736 2920 2803; x_wconf 79' lang='grc' dir='ltr'><strong>ἡ</strong></span> <span class='ocrx_word' id='word_1_548' title='bbox 2954 2732 3011 2788; x_wconf 79' lang='grc' dir='ltr'>ἐκ</span> <span class='ocrx_word' id='word_1_549' title='bbox 3065 2736 3172 2787; x_wconf 86' lang='grc' dir='ltr'>τῶν</span> <span class='ocrx_word' id='word_1_550' title='bbox 3233 2729 3331 2786; x_wconf 82' lang='grc' dir='ltr'>δύο</span> <span class='ocrx_word' id='word_1_551' title='bbox 3395 2751 3497 2804; x_wconf 89' lang='grc' dir='ltr'>μου</span> <span class='ocrx_word' id='word_1_552' title='bbox 3540 2730 3721 2785; x_wconf 86' lang='grc' dir='ltr'>τέκνων</span> 
     </span>
    </p>
   </div>
   <div class='ocr_carea' id='block_1_74' title="bbox 2092 2819 3724 2898">
    <p class='ocr_par' dir='ltr' id='par_1_74' title="bbox 2092 2819 3724 2898">
     <span class='ocr_line' id='line_1_74' title="bbox 2092 2819 3724 2898; baseline -0.005 -20"><span class='ocrx_word' id='word_1_553' title='bbox 2092 2824 2291 2897; x_wconf 83' lang='grc' dir='ltr'>ἀθυμία</span> <span class='ocrx_word' id='word_1_554' title='bbox 2320 2827 2363 2893; x_wconf 84' lang='grc'>³,</span> <span class='ocrx_word' id='word_1_555' title='bbox 2394 2824 2483 2879; x_wconf 66' lang='grc' dir='ltr'>καὶ</span> <span class='ocrx_word' id='word_1_556' title='bbox 2522 2825 2619 2893; x_wconf 80' lang='grc' dir='ltr'>τὴν</span> <span class='ocrx_word' id='word_1_557' title='bbox 2672 2828 2856 2886; x_wconf 82' lang='grc' dir='ltr'>ποσῶς</span> <span class='ocrx_word' id='word_1_558' title='bbox 2902 2823 3143 2898; x_wconf 87' lang='grc' dir='ltr'>ἀμαυροῖ</span> <span class='ocrx_word' id='word_1_559' title='bbox 3190 2820 3389 2897; x_wconf 85' lang='grc' dir='ltr'>χαράν.</span> <span class='ocrx_word' id='word_1_560' title='bbox 3426 2823 3594 2874; x_wconf 86' lang='grc' dir='ltr'>Λυπεῖ</span> <span class='ocrx_word' id='word_1_561' title='bbox 3634 2819 3724 2894; x_wconf 81' lang='grc' dir='ltr'>γὰρ</span> 
     </span>
    </p>
   </div>
   <div class='ocr_carea' id='block_1_75' title="bbox 2090 2908 3730 2987">
    <p class='ocr_par' dir='ltr' id='par_1_75' title="bbox 2090 2908 3730 2987">
     <span class='ocr_line' id='line_1_75' title="bbox 2090 2908 3730 2987; baseline -0.005 -20"><span class='ocrx_word' id='word_1_562' title='bbox 2090 2914 2240 2985; x_wconf 74' lang='grc' dir='ltr'>ἡμᾶς</span> <span class='ocrx_word' id='word_1_563' title='bbox 2272 2912 2333 2967; x_wconf 85' lang='grc' dir='ltr'>ού</span> <span class='ocrx_word' id='word_1_564' title='bbox 2362 2917 2619 2967; x_wconf 91' lang='grc' dir='ltr'>τοσοῦτον</span> <span class='ocrx_word' id='word_1_565' title='bbox 2647 2914 2708 2967; x_wconf 86' lang='grc' dir='ltr'>τὸ</span> <span class='ocrx_word' id='word_1_566' title='bbox 2744 2912 2795 2967; x_wconf 74' lang='grc' dir='ltr'>ἐν</span> <span class='ocrx_word' id='word_1_567' title='bbox 2826 2911 2894 2987; x_wconf 74' lang='grc' dir='ltr'>τῇ</span> <span class='ocrx_word' id='word_1_568' title='bbox 2932 2908 3173 2984; x_wconf 79' lang='grc' dir='ltr'>θαλάσσῃ</span> <span class='ocrx_word' id='word_1_569' title='bbox 3218 2908 3450 2971; x_wconf 76' lang='grc' dir='ltr'>τούτους</span> <span class='ocrx_word' id='word_1_570' title='bbox 3506 2927 3730 2981; x_wconf 85' lang='grc' dir='ltr'>παραπο-</span> 
     </span>
    </p>
   </div>
   <div class='ocr_carea' id='block_1_76' title="bbox 2092 2992 3727 3078">
    <p class='ocr_par' dir='ltr' id='par_1_76' title="bbox 2092 2992 3727 3078">
     <span class='ocr_line' id='line_1_76' title="bbox 2092 2992 3727 3078; baseline -0.005 -22"><span class='ocrx_word' id='word_1_571' title='bbox 2092 2999 2297 3074; x_wconf 82' lang='grc' dir='ltr'>λέσθαι,</span> <span class='ocrx_word' id='word_1_572' title='bbox 2326 3001 2448 3057; x_wconf 78' lang='grc' dir='ltr'>ὅσον</span> <span class='ocrx_word' id='word_1_573' title='bbox 2481 3001 2571 3056; x_wconf 83' lang='grc' dir='ltr'>καὶ</span> <span class='ocrx_word' id='word_1_574' title='bbox 2601 3004 2622 3038; x_wconf 78' lang='grc'><strong>⁴</strong></span> <span class='ocrx_word' id='word_1_575' title='bbox 2650 3002 2826 3078; x_wconf 87' lang='grc' dir='ltr'>χωρὶς</span> <span class='ocrx_word' id='word_1_576' title='bbox 2857 3008 2955 3070; x_wconf 82' lang='grc' dir='ltr'>τῆς</span> <span class='ocrx_word' id='word_1_577' title='bbox 3009 2999 3084 3061; x_wconf 68' lang='grc' dir='ltr'>εἲς</span> <span class='ocrx_word' id='word_1_578' title='bbox 3129 2999 3256 3053; x_wconf 88' lang='grc' dir='ltr'>Θεὸν</span> <span class='ocrx_word' id='word_1_579' title='bbox 3308 2992 3583 3059; x_wconf 73' lang='grc' dir='ltr'>εὐσεϐείας</span> <span class='ocrx_word' id='word_1_580' title='bbox 3623 2992 3727 3049; x_wconf 83' lang='grc' dir='ltr'>δια·</span> 
     </span>
    </p>
   </div>
   <div class='ocr_carea' id='block_1_77' title="bbox 2090 3086 3724 3168">
    <p class='ocr_par' dir='ltr' id='par_1_77' title="bbox 2090 3086 3724 3168">
     <span class='ocr_line' id='line_1_77' title="bbox 2090 3086 3724 3168; baseline -0.005 -23"><span class='ocrx_word' id='word_1_581' title='bbox 2090 3098 2355 3168; x_wconf 74' lang='grc' dir='ltr'>φθαρῆναι</span> <span class='ocrx_word' id='word_1_582' title='bbox 2387 3091 2520 3163; x_wconf 84' lang='grc' dir='ltr'>μετά</span> <span class='ocrx_word' id='word_1_583' title='bbox 2547 3112 2607 3166; x_wconf 92' lang='grc' dir='ltr'>γε</span> <span class='ocrx_word' id='word_1_584' title='bbox 2636 3094 2741 3145; x_wconf 89' lang='grc' dir='ltr'>οῶν</span> <span class='ocrx_word' id='word_1_585' title='bbox 2776 3093 2970 3165; x_wconf 75' lang='grc' dir='ltr'>ψυχῶν</span> <span class='ocrx_word' id='word_1_586' title='bbox 3003 3087 3187 3149; x_wconf 78' lang='grc' dir='ltr'>αὐτοῖς</span> <span class='ocrx_word' id='word_1_587' title='bbox 3236 3086 3327 3141; x_wconf 82' lang='grc' dir='ltr'>καὶ</span> <span class='ocrx_word' id='word_1_588' title='bbox 3378 3086 3446 3141; x_wconf 79' lang='grc' dir='ltr'>τὰ</span> <span class='ocrx_word' id='word_1_589' title='bbox 3495 3086 3724 3157; x_wconf 86' lang='grc' dir='ltr'>σώματα.</span> 
     </span>
    </p>
   </div>
   <div class='ocr_carea' id='block_1_78' title="bbox 2092 3172 3729 3255">
    <p class='ocr_par' dir='ltr' id='par_1_78' title="bbox 2092 3172 3729 3255">
     <span class='ocr_line' id='line_1_78' title="bbox 2092 3172 3729 3255; baseline -0.005 -21"><span class='ocrx_word' id='word_1_590' title='bbox 2092 3185 2146 3234; x_wconf 88' lang='lat'>&#39;0</span> <span class='ocrx_word' id='word_1_591' title='bbox 2204 3177 2262 3235; x_wconf 75' lang='grc' dir='ltr'>δὲ</span> <span class='ocrx_word' id='word_1_592' title='bbox 2317 3178 2520 3234; x_wconf 88' lang='grc' dir='ltr'>τούτων</span> <span class='ocrx_word' id='word_1_593' title='bbox 2582 3180 2783 3255; x_wconf 76' lang='grc' dir='ltr'>πατὴρ,</span> <span class='ocrx_word' id='word_1_594' title='bbox 2828 3178 2958 3252; x_wconf 82' lang='grc' dir='ltr'>έμὸς</span> <span class='ocrx_word' id='word_1_595' title='bbox 3018 3174 3074 3232; x_wconf 71' lang='grc' dir='ltr'>δὲ</span> <span class='ocrx_word' id='word_1_596' title='bbox 3128 3175 3406 3247; x_wconf 87' lang='grc' dir='ltr'>σύνευνος,</span> <span class='ocrx_word' id='word_1_597' title='bbox 3471 3174 3543 3236; x_wconf 84' lang='grc' dir='ltr'>ὡς</span> <span class='ocrx_word' id='word_1_598' title='bbox 3598 3172 3729 3244; x_wconf 82' lang='grc' dir='ltr'>παρᾶ</span> 
     </span>
    </p>
   </div>
   <div class='ocr_carea' id='block_1_79' title="bbox 2098 3262 3725 3342">
    <p class='ocr_par' dir='ltr' id='par_1_79' title="bbox 2098 3262 3725 3342">
     <span class='ocr_line' id='line_1_79' title="bbox 2098 3262 3725 3342; baseline -0.007 -18"><span class='ocrx_word' id='word_1_599' title='bbox 2098 3266 2410 3342; x_wconf 83' lang='grc' dir='ltr'>Κλήμεντος</span> <span class='ocrx_word' id='word_1_600' title='bbox 2466 3266 2682 3341; x_wconf 80' lang='grc' dir='ltr'>ἔμαθον,</span> <span class='ocrx_word' id='word_1_601' title='bbox 2717 3266 2803 3322; x_wconf 87' lang='grc' dir='ltr'>έπί</span> <span class='ocrx_word' id='word_1_602' title='bbox 2849 3288 2909 3321; x_wconf 91' lang='grc' dir='ltr'>τε</span> <span class='ocrx_word' id='word_1_603' title='bbox 2953 3269 3052 3335; x_wconf 78' lang='grc' dir='ltr'>τὴν</span> <span class='ocrx_word' id='word_1_604' title='bbox 3102 3265 3239 3338; x_wconf 73' lang='grc' dir='ltr'>ἐμὴν</span> <span class='ocrx_word' id='word_1_605' title='bbox 3286 3264 3380 3319; x_wconf 86' lang='grc' dir='ltr'>καὶ</span> <span class='ocrx_word' id='word_1_606' title='bbox 3437 3267 3542 3319; x_wconf 90' lang='grc' dir='ltr'>τῶν</span> <span class='ocrx_word' id='word_1_607' title='bbox 3609 3262 3725 3315; x_wconf 78' lang='grc' dir='ltr'>υἱῶν</span> 
     </span>
    </p>
   </div>
   <div class='ocr_carea' id='block_1_80' title="bbox 2101 3349 3727 3432">
    <p class='ocr_par' dir='ltr' id='par_1_80' title="bbox 2101 3349 3727 3432">
     <span class='ocr_line' id='line_1_80' title="bbox 2101 3349 3727 3432; baseline -0.006 -19"><span class='ocrx_word' id='word_1_608' title='bbox 2101 3361 2322 3430; x_wconf 81' lang='grc' dir='ltr'>ζήτησιν</span> <span class='ocrx_word' id='word_1_609' title='bbox 2373 3352 2551 3429; x_wconf 77' lang='grc' dir='ltr'>έκϐἀς,</span> <span class='ocrx_word' id='word_1_610' title='bbox 2609 3356 2900 3417; x_wconf 85' lang='grc' dir='ltr'>τοσούτοις</span> <span class='ocrx_word' id='word_1_611' title='bbox 2950 3351 3116 3410; x_wconf 75' lang='grc' dir='ltr'>ἔτεσιν</span> <span class='ocrx_word' id='word_1_612' title='bbox 3175 3352 3390 3432; x_wconf 74' lang='grc' dir='ltr'>ἀφανής</span> <span class='ocrx_word' id='word_1_613' title='bbox 3437 3351 3566 3407; x_wconf 71' lang='grc' dir='ltr'>ἐστι⁸</span> <span class='ocrx_word' id='word_1_614' title='bbox 3608 3349 3727 3405; x_wconf 86' lang='grc' dir='ltr'>πάν-</span> 
     </span>
    </p>
   </div>
   <div class='ocr_carea' id='block_1_81' title="bbox 2095 3438 3726 3519">
    <p class='ocr_par' dir='ltr' id='par_1_81' title="bbox 2095 3438 3726 3519">
     <span class='ocr_line' id='line_1_81' title="bbox 2095 3438 3726 3519; baseline -0.004 -17"><span class='ocrx_word' id='word_1_615' title='bbox 2095 3468 2202 3509; x_wconf 88' lang='grc' dir='ltr'>τως</span> <span class='ocrx_word' id='word_1_616' title='bbox 2252 3445 2309 3501; x_wconf 76' lang='grc' dir='ltr'>δὶ</span> <span class='ocrx_word' id='word_1_617' title='bbox 2337 3446 2426 3501; x_wconf 88' lang='grc' dir='ltr'>καὶ</span> <span class='ocrx_word' id='word_1_618' title='bbox 2457 3446 2617 3509; x_wconf 80' lang='grc' dir='ltr'>αὐτὸς</span> <span class='ocrx_word' id='word_1_619' title='bbox 2677 3444 3012 3514; x_wconf 81' lang='grc' dir='ltr'>ἐτελεύτησε.</span> <span class='ocrx_word' id='word_1_620' title='bbox 3048 3442 3144 3500; x_wconf 84' lang='grc' dir='ltr'>Καὶ</span> <span class='ocrx_word' id='word_1_621' title='bbox 3200 3442 3301 3519; x_wconf 79' lang='grc' dir='ltr'>γὰρ</span> <span class='ocrx_word' id='word_1_622' title='bbox 3334 3442 3364 3496; x_wconf 97' lang='lat'>6</span> <span class='ocrx_word' id='word_1_623' title='bbox 3395 3438 3726 3515; x_wconf 85' lang='grc' dir='ltr'>ταλαίπωρος</span> 
     </span>
    </p>
   </div>
   <div class='ocr_carea' id='block_1_82' title="bbox 2101 3527 3728 3613">
    <p class='ocr_par' dir='ltr' id='par_1_82' title="bbox 2101 3527 3728 3613">
     <span class='ocr_line' id='line_1_82' title="bbox 2101 3527 3728 3613; baseline -0.005 -22"><span class='ocrx_word' id='word_1_624' title='bbox 2101 3535 2203 3591; x_wconf 83' lang='grc' dir='ltr'>ὑπὸ</span> <span class='ocrx_word' id='word_1_625' title='bbox 2262 3534 2614 3613; x_wconf 74' lang='grc' dir='ltr'>σωφροσύνης</span> <span class='ocrx_word' id='word_1_626' title='bbox 2677 3554 2742 3607; x_wconf 88' lang='grc' dir='ltr'>με</span> <span class='ocrx_word' id='word_1_627' title='bbox 2800 3533 3047 3610; x_wconf 80' lang='grc' dir='ltr'>ἀγαπῶν,</span> <span class='ocrx_word' id='word_1_628' title='bbox 3105 3528 3425 3608; x_wconf 78' lang='grc' dir='ltr'>φιλότεκνος</span> <span class='ocrx_word' id='word_1_629' title='bbox 3480 3530 3563 3600; x_wconf 79' lang='grc' dir='ltr'>ἦν·</span> <span class='ocrx_word' id='word_1_630' title='bbox 3621 3527 3728 3592; x_wconf 76' lang='grc' dir='ltr'>ὅθεν</span> 
     </span>
    </p>
   </div>
   <div class='ocr_carea' id='block_1_83' title="bbox 2096 3617 3727 3698">
    <p class='ocr_par' dir='ltr' id='par_1_83' title="bbox 2096 3617 3727 3698">
     <span class='ocr_line' id='line_1_83' title="bbox 2096 3617 3727 3698; baseline -0.004 -20"><span class='ocrx_word' id='word_1_631' title='bbox 2096 3623 2310 3679; x_wconf 86' lang='grc' dir='ltr'>πάντων</span> <span class='ocrx_word' id='word_1_632' title='bbox 2371 3627 2528 3696; x_wconf 81' lang='grc' dir='ltr'>ἡμῶν</span> <span class='ocrx_word' id='word_1_633' title='bbox 2586 3627 2694 3678; x_wconf 89' lang='grc' dir='ltr'>τῶν</span> <span class='ocrx_word' id='word_1_634' title='bbox 2754 3622 2886 3698; x_wconf 72' lang='grc' dir='ltr'>ὑπὲρ</span> <span class='ocrx_word' id='word_1_635' title='bbox 2939 3622 3111 3677; x_wconf 86' lang='grc' dir='ltr'>πάντα</span> <span class='ocrx_word' id='word_1_636' title='bbox 3166 3619 3353 3695; x_wconf 78' lang='grc' dir='ltr'>ήγαπη</span> <span class='ocrx_word' id='word_1_637' title='bbox 3367 3619 3541 3693; x_wconf 80' lang='grc' dir='ltr'>μένων</span> <span class='ocrx_word' id='word_1_638' title='bbox 3596 3617 3727 3689; x_wconf 83' lang='grc' dir='ltr'>αύτῷ</span> 
     </span>
    </p>
   </div>
   <div class='ocr_carea' id='block_1_84' title="bbox 2097 3705 3727 3789">
    <p class='ocr_par' dir='ltr' id='par_1_84' title="bbox 2097 3705 3727 3789">
     <span class='ocr_line' id='line_1_84' title="bbox 2097 3705 3727 3789; baseline -0.005 -22"><span class='ocrx_word' id='word_1_639' title='bbox 2097 3712 2374 3789; x_wconf 83' lang='grc' dir='ltr'>στερηθεὶς</span> <span class='ocrx_word' id='word_1_640' title='bbox 2420 3713 2448 3768; x_wconf 94' lang='lat'>6</span> <span class='ocrx_word' id='word_1_641' title='bbox 2494 3713 2688 3788; x_wconf 89' lang='grc' dir='ltr'>γέρων,</span> <span class='ocrx_word' id='word_1_642' title='bbox 2722 3711 2825 3767; x_wconf 78' lang='grc' dir='ltr'>ὑπὸ</span> <span class='ocrx_word' id='word_1_643' title='bbox 2886 3708 3145 3785; x_wconf 86' lang='grc' dir='ltr'>μεγίστης</span> <span class='ocrx_word' id='word_1_644' title='bbox 3192 3707 3426 3782; x_wconf 86' lang='grc' dir='ltr'>ἀθυμίας</span> <span class='ocrx_word' id='word_1_645' title='bbox 3468 3705 3727 3784; x_wconf 78' lang='grc' dir='ltr'>διαπεφώ-</span> 
     </span>
    </p>
   </div>
   <div class='ocr_carea' id='block_1_85' title="bbox 2096 3824 2247 3873">
    <p class='ocr_par' dir='ltr' id='par_1_85' title="bbox 2096 3824 2247 3873">
     <span class='ocr_line' id='line_1_85' title="bbox 2096 3824 2247 3873; baseline 0.02 -17"><span class='ocrx_word' id='word_1_646' title='bbox 2096 3824 2247 3873; x_wconf 87' lang='grc' dir='ltr'>νηκε.</span> 
     </span>
    </p>
   </div>
   <div class='ocr_carea' id='block_1_86' title="bbox 2167 3882 3728 3964">
    <p class='ocr_par' dir='ltr' id='par_1_86' title="bbox 2167 3882 3728 3964">
     <span class='ocr_line' id='line_1_86' title="bbox 2167 3882 3728 3964; baseline -0.006 -18"><span class='ocrx_word' id='word_1_647' title='bbox 2167 3896 2307 3947; x_wconf 83' lang='lat' dir='ltr'>CIII.</span> <span class='ocrx_word' id='word_1_648' title='bbox 2341 3896 2447 3960; x_wconf 82' lang='grc' dir='ltr'>Τῆς</span> <span class='ocrx_word' id='word_1_649' title='bbox 2480 3888 2535 3944; x_wconf 74' lang='grc' dir='ltr'>δὲ</span> <span class='ocrx_word' id='word_1_650' title='bbox 2578 3889 2784 3964; x_wconf 87' lang='grc' dir='ltr'>μητρὸς</span> <span class='ocrx_word' id='word_1_651' title='bbox 2831 3892 2996 3942; x_wconf 85' lang='grc' dir='ltr'>ταῦτα</span> <span class='ocrx_word' id='word_1_652' title='bbox 3045 3885 3311 3964; x_wconf 87' lang='grc' dir='ltr'>λεγούσης</span> <span class='ocrx_word' id='word_1_653' title='bbox 3361 3885 3636 3945; x_wconf 87' lang='grc' dir='ltr'>ἀκούοντες</span> <span class='ocrx_word' id='word_1_654' title='bbox 3682 3882 3728 3937; x_wconf 75' lang='grc' dir='ltr'>οἱ</span> 
     </span>
    </p>
   </div>
   <div class='ocr_carea' id='block_1_87' title="bbox 2096 3970 3731 4051">
    <p class='ocr_par' dir='ltr' id='par_1_87' title="bbox 2096 3970 3731 4051">
     <span class='ocr_line' id='line_1_87' title="bbox 2096 3970 3731 4051; baseline -0.005 -17"><span class='ocrx_word' id='word_1_655' title='bbox 2096 3978 2313 4047; x_wconf 62' lang='grc' dir='ltr'>παῖδες,</span> <span class='ocrx_word' id='word_1_656' title='bbox 2339 3977 2519 4034; x_wconf 78' lang='grc' dir='ltr'>οὐκέτι</span> <span class='ocrx_word' id='word_1_657' title='bbox 2568 3979 2704 4033; x_wconf 86' lang='grc' dir='ltr'>κατὰ</span> <span class='ocrx_word' id='word_1_658' title='bbox 2748 3979 2845 4046; x_wconf 75' lang='grc' dir='ltr'>τὴν</span> <span class='ocrx_word' id='word_1_659' title='bbox 2894 3982 2990 4031; x_wconf 93' lang='grc' dir='ltr'>τοῦ</span> <span class='ocrx_word' id='word_1_660' title='bbox 3025 3978 3231 4051; x_wconf 89' lang='grc' dir='ltr'>Πέτρου</span> <span class='ocrx_word' id='word_1_661' title='bbox 3278 3975 3587 4051; x_wconf 86' lang='grc' dir='ltr'>παραίνεσιν</span> <span class='ocrx_word' id='word_1_662' title='bbox 3612 3970 3731 4043; x_wconf 75' lang='grc' dir='ltr'>ἠδύ-</span> 
     </span>
    </p>
   </div>
   <div class='ocr_carea' id='block_1_88' title="bbox 2093 4062 3729 4144">
    <p class='ocr_par' dir='ltr' id='par_1_88' title="bbox 2093 4062 3729 4144">
     <span class='ocr_line' id='line_1_88' title="bbox 2093 4062 3729 4144; baseline -0.006 -20"><span class='ocrx_word' id='word_1_663' title='bbox 2093 4090 2251 4124; x_wconf 90' lang='grc' dir='ltr'>ναντο</span> <span class='ocrx_word' id='word_1_664' title='bbox 2313 4069 2533 4144; x_wconf 84' lang='grc' dir='ltr'>στέγειν⁶</span> <span class='ocrx_word' id='word_1_665' title='bbox 2590 4066 2715 4122; x_wconf 87' lang='grc' dir='ltr'>ἀλλ’</span> <span class='ocrx_word' id='word_1_666' title='bbox 2773 4066 3084 4128; x_wconf 88' lang='grc' dir='ltr'>ἀναστάντες</span> <span class='ocrx_word' id='word_1_667' title='bbox 3142 4064 3565 4143; x_wconf 86' lang='grc' dir='ltr'>περιεπλέκοντο</span> <span class='ocrx_word' id='word_1_668' title='bbox 3619 4062 3729 4116; x_wconf 80' lang='grc' dir='ltr'>τότε</span> 
     </span>
    </p>
   </div>
   <div class='ocr_carea' id='block_1_89' title="bbox 2094 4153 3726 4235">
    <p class='ocr_par' dir='ltr' id='par_1_89' title="bbox 2094 4153 3726 4235">
     <span class='ocr_line' id='line_1_89' title="bbox 2094 4153 3726 4235; baseline -0.004 -22"><span class='ocrx_word' id='word_1_669' title='bbox 2094 4159 2252 4233; x_wconf 79' lang='grc' dir='ltr'>αὐτῇ,</span> <span class='ocrx_word' id='word_1_670' title='bbox 2284 4157 2372 4212; x_wconf 82' lang='grc' dir='ltr'>καὶ</span> <span class='ocrx_word' id='word_1_671' title='bbox 2406 4155 2627 4230; x_wconf 82' lang='grc' dir='ltr'>δάκρυσι</span> <span class='ocrx_word' id='word_1_672' title='bbox 2660 4159 2681 4193; x_wconf 81' lang='grc'>⁸</span> <span class='ocrx_word' id='word_1_673' title='bbox 2708 4155 3050 4235; x_wconf 72' lang='grc' dir='ltr'>κατεφίλουψ</span> <span class='ocrx_word' id='word_1_674' title='bbox 3086 4156 3199 4233; x_wconf 78' lang='grc' dir='ltr'>Ἐφ’</span> <span class='ocrx_word' id='word_1_675' title='bbox 3229 4157 3274 4228; x_wconf 83' lang='grc' dir='ltr'>ᾧ</span> <span class='ocrx_word' id='word_1_676' title='bbox 3306 4153 3375 4223; x_wconf 71' lang='grc' dir='ltr'>δὴ</span> <span class='ocrx_word' id='word_1_677' title='bbox 3411 4154 3498 4209; x_wconf 84' lang='grc' dir='ltr'>καὶ</span> <span class='ocrx_word' id='word_1_678' title='bbox 3546 4156 3579 4223; x_wconf 82' lang='grc' dir='ltr'>ἠ</span> <span class='ocrx_word' id='word_1_679' title='bbox 3629 4153 3726 4224; x_wconf 81' lang='grc' dir='ltr'>μή·</span> 
     </span>
    </p>
   </div>
   <div class='ocr_carea' id='block_1_90' title="bbox 2090 4241 3725 4323">
    <p class='ocr_par' dir='ltr' id='par_1_90' title="bbox 2090 4241 3725 4323">
     <span class='ocr_line' id='line_1_90' title="bbox 2090 4241 3725 4323; baseline -0.006 -20"><span class='ocrx_word' id='word_1_680' title='bbox 2090 4268 2194 4323; x_wconf 83' lang='grc' dir='ltr'>τηρ</span> <span class='ocrx_word' id='word_1_681' title='bbox 2226 4245 2652 4320; x_wconf 84' lang='grc' dir='ltr'>καταπλαγεῖσα,</span> <span class='ocrx_word' id='word_1_682' title='bbox 2683 4244 2735 4299; x_wconf 89' lang='grc' dir='ltr'>τί</span> <span class='ocrx_word' id='word_1_683' title='bbox 2774 4244 2925 4300; x_wconf 84' lang='grc' dir='ltr'>θέλοι</span> <span class='ocrx_word' id='word_1_684' title='bbox 2981 4248 3142 4299; x_wconf 90' lang='grc' dir='ltr'>τοῦτο</span> <span class='ocrx_word' id='word_1_685' title='bbox 3201 4244 3355 4316; x_wconf 79' lang='grc' dir='ltr'>εἶναι,</span> <span class='ocrx_word' id='word_1_686' title='bbox 3391 4245 3496 4299; x_wconf 79' lang='grc' dir='ltr'>ὑπὸ</span> <span class='ocrx_word' id='word_1_687' title='bbox 3554 4241 3725 4297; x_wconf 79' lang='grc' dir='ltr'>ἐκστά-</span> 
     </span>
    </p>
   </div>
   <div class='ocr_carea' id='block_1_91' title="bbox 2092 4328 3723 4410">
    <p class='ocr_par' dir='ltr' id='par_1_91' title="bbox 2092 4328 3723 4410">
     <span class='ocr_line' id='line_1_91' title="bbox 2092 4328 3723 4410; baseline -0.005 -19"><span class='ocrx_word' id='word_1_688' title='bbox 2092 4357 2226 4397; x_wconf 90' lang='grc' dir='ltr'>σεως</span> <span class='ocrx_word' id='word_1_689' title='bbox 2286 4335 2466 4407; x_wconf 84' lang='grc' dir='ltr'>ὥσπερ</span> <span class='ocrx_word' id='word_1_690' title='bbox 2513 4334 2603 4397; x_wconf 79' lang='grc' dir='ltr'>καὶ</span> <span class='ocrx_word' id='word_1_691' title='bbox 2652 4333 2873 4409; x_wconf 81' lang='grc' dir='ltr'>ἀγνοίας</span> <span class='ocrx_word' id='word_1_692' title='bbox 2903 4337 3011 4388; x_wconf 86' lang='grc' dir='ltr'>τῶν</span> <span class='ocrx_word' id='word_1_693' title='bbox 3039 4334 3365 4410; x_wconf 73' lang='grc' dir='ltr'>γινομένων,</span> <span class='ocrx_word' id='word_1_694' title='bbox 3399 4333 3603 4409; x_wconf 75' lang='grc' dir='ltr'>ἠρώτα.</span> <span class='ocrx_word' id='word_1_695' title='bbox 3636 4328 3723 4384; x_wconf 80' lang='grc' dir='ltr'>Καὶ</span> 
     </span>
    </p>
   </div>
   <div class='ocr_carea' id='block_1_92' title="bbox 2090 4421 3725 4500">
    <p class='ocr_par' dir='ltr' id='par_1_92' title="bbox 2090 4421 3725 4500">
     <span class='ocr_line' id='line_1_92' title="bbox 2090 4421 3725 4500; baseline -0.005 -20"><span class='ocrx_word' id='word_1_696' title='bbox 2090 4427 2118 4480; x_wconf 92' lang='lat'>6</span> <span class='ocrx_word' id='word_1_697' title='bbox 2151 4425 2355 4500; x_wconf 81' lang='grc' dir='ltr'>Πέτρος</span> <span class='ocrx_word' id='word_1_698' title='bbox 2416 4422 2593 4495; x_wconf 79' lang='grc' dir='ltr'>εὐθύς,</span> <span class='ocrx_word' id='word_1_699' title='bbox 2626 4424 2998 4498; x_wconf 83' lang='grc' dir='ltr'>Παράστησον,</span> <span class='ocrx_word' id='word_1_700' title='bbox 3044 4423 3089 4477; x_wconf 83' lang='grc' dir='ltr'>ὦ</span> <span class='ocrx_word' id='word_1_701' title='bbox 3134 4422 3308 4499; x_wconf 90' lang='grc' dir='ltr'>γύναι,</span> <span class='ocrx_word' id='word_1_702' title='bbox 3362 4421 3566 4498; x_wconf 74' lang='grc' dir='ltr'>εἴρηκε,</span> <span class='ocrx_word' id='word_1_703' title='bbox 3621 4439 3725 4494; x_wconf 83' lang='grc' dir='ltr'>γεν-</span> 
     </span>
    </p>
   </div>
   <div class='ocr_carea' id='block_1_93' title="bbox 340 4507 1982 4595">
    <p class='ocr_par' dir='ltr' id='par_1_93' title="bbox 340 4508 1975 4585">
     <span class='ocr_line' id='line_1_93' title="bbox 340 4508 1975 4585; baseline 0.004 -23"><span class='ocrx_word' id='word_1_704' title='bbox 340 4508 565 4564; x_wconf 86' lang='lat' dir='ltr'>fortiter</span> <span class='ocrx_word' id='word_1_705' title='bbox 582 4514 837 4566; x_wconf 90' lang='lat' dir='ltr'>mentem</span> <span class='ocrx_word' id='word_1_706' title='bbox 865 4515 1049 4579; x_wconf 82' lang='lat' dir='ltr'>tuam,</span> <span class='ocrx_word' id='word_1_707' title='bbox 1074 4515 1137 4567; x_wconf 86' lang='lat' dir='ltr'>ut</span> <span class='ocrx_word' id='word_1_708' title='bbox 1158 4511 1313 4567; x_wconf 87' lang='lat' dir='ltr'>natis</span> <span class='ocrx_word' id='word_1_709' title='bbox 1331 4512 1448 4567; x_wconf 90' lang='lat' dir='ltr'>tuis</span> <span class='ocrx_word' id='word_1_710' title='bbox 1467 4512 1679 4568; x_wconf 87' lang='lat' dir='ltr'>fruaris</span> <span class='ocrx_word' id='word_1_711' title='bbox 1695 4514 1975 4585; x_wconf 90' lang='lat' dir='ltr'>jucunde.</span> 
     </span>
    </p>
   </div>
   <div class='ocr_carea' id='block_1_94' title="bbox 2094 4507 3719 4595">
    <p class='ocr_par' dir='ltr' id='par_1_94' title="bbox 2094 4507 3719 4582">
     <span class='ocr_line' id='line_1_94' title="bbox 2094 4507 3719 4582; baseline -0.005 -14"><span class='ocrx_word' id='word_1_712' title='bbox 2094 4513 2247 4575; x_wconf 65' lang='grc' dir='ltr'>δαίως</span> <span class='ocrx_word' id='word_1_713' title='bbox 2276 4512 2368 4567; x_wconf 82' lang='grc' dir='ltr'>τὸν</span> <span class='ocrx_word' id='word_1_714' title='bbox 2401 4516 2529 4567; x_wconf 86' lang='grc' dir='ltr'>νοῦν</span> <span class='ocrx_word' id='word_1_715' title='bbox 2561 4533 2676 4582; x_wconf 86' lang='grc' dir='ltr'>σου,</span> <span class='ocrx_word' id='word_1_716' title='bbox 2715 4510 2854 4566; x_wconf 85' lang='grc' dir='ltr'>ὥστε</span> <span class='ocrx_word' id='word_1_717' title='bbox 2881 4515 2988 4565; x_wconf 89' lang='grc' dir='ltr'>τῶν</span> <span class='ocrx_word' id='word_1_718' title='bbox 3037 4516 3143 4566; x_wconf 89' lang='grc' dir='ltr'>σῶν</span> <span class='ocrx_word' id='word_1_719' title='bbox 3190 4507 3371 4580; x_wconf 80' lang='grc' dir='ltr'>ἡδέως</span> <span class='ocrx_word' id='word_1_720' title='bbox 3428 4507 3719 4565; x_wconf 86' lang='grc' dir='ltr'>ἀπολαῦσαι</span> 
     </span>
    </p>
   </div>
   <div class='ocr_carea' id='block_1_95' title="bbox 333 4596 1976 4675">
    <p class='ocr_par' dir='ltr' id='par_1_95' title="bbox 333 4596 1976 4675">
     <span class='ocr_line' id='line_1_95' title="bbox 333 4596 1976 4675; baseline 0.002 -22"><span class='ocrx_word' id='word_1_721' title='bbox 333 4596 403 4653; x_wconf 85' lang='lat' dir='ltr'>Hi</span> <span class='ocrx_word' id='word_1_722' title='bbox 435 4597 589 4652; x_wconf 89' lang='lat' dir='ltr'>enim</span> <span class='ocrx_word' id='word_1_723' title='bbox 621 4602 761 4654; x_wconf 88' lang='lat' dir='ltr'>sunt</span> <span class='ocrx_word' id='word_1_724' title='bbox 793 4599 1104 4656; x_wconf 87' lang='lat' dir='ltr'>Faustinus</span> <span class='ocrx_word' id='word_1_725' title='bbox 1129 4604 1186 4655; x_wconf 88' lang='lat' dir='ltr'>et</span> <span class='ocrx_word' id='word_1_726' title='bbox 1215 4600 1653 4670; x_wconf 90' lang='lat' dir='ltr'>Faustinianus,</span> <span class='ocrx_word' id='word_1_727' title='bbox 1688 4619 1833 4675; x_wconf 81' lang='lat' dir='ltr'>quos</span> <span class='ocrx_word' id='word_1_728' title='bbox 1867 4602 1976 4657; x_wconf 89' lang='lat' dir='ltr'>aie-</span> 
     </span>
    </p>
   </div>
   <div class='ocr_carea' id='block_1_96' title="bbox 340 4685 1975 4763">
    <p class='ocr_par' dir='ltr' id='par_1_96' title="bbox 340 4685 1975 4763">
     <span class='ocr_line' id='line_1_96' title="bbox 340 4685 1975 4763; baseline 0.004 -22"><span class='ocrx_word' id='word_1_729' title='bbox 340 4685 445 4741; x_wconf 88' lang='lat' dir='ltr'>bas</span> <span class='ocrx_word' id='word_1_730' title='bbox 477 4686 535 4741; x_wconf 91' lang='lat' dir='ltr'>in</span> <span class='ocrx_word' id='word_1_731' title='bbox 566 4685 771 4761; x_wconf 89' lang='lat' dir='ltr'>pelago</span> <span class='ocrx_word' id='word_1_732' title='bbox 804 4687 1039 4756; x_wconf 90' lang='lat' dir='ltr'>obiisse,</span> <span class='ocrx_word' id='word_1_733' title='bbox 1075 4706 1343 4761; x_wconf 90' lang='lat' dir='ltr'>quosque</span> <span class='ocrx_word' id='word_1_734' title='bbox 1368 4689 1509 4745; x_wconf 92' lang='lat' dir='ltr'>dum</span> <span class='ocrx_word' id='word_1_735' title='bbox 1560 4689 1747 4763; x_wconf 89' lang='lat' dir='ltr'>luges,</span> <span class='ocrx_word' id='word_1_736' title='bbox 1795 4690 1975 4748; x_wconf 90' lang='lat' dir='ltr'>vitam</span> 
     </span>
    </p>
   </div>
   <div class='ocr_carea' id='block_1_97' title="bbox 336 4775 1974 4843">
    <p class='ocr_par' dir='ltr' id='par_1_97' title="bbox 336 4775 1974 4843">
     <span class='ocr_line' id='line_1_97' title="bbox 336 4775 1974 4843; baseline 0.004 -15"><span class='ocrx_word' id='word_1_737' title='bbox 336 4777 498 4829; x_wconf 87' lang='lat' dir='ltr'>tuam</span> <span class='ocrx_word' id='word_1_738' title='bbox 531 4776 581 4831; x_wconf 92' lang='lat' dir='ltr'>is</span> <span class='ocrx_word' id='word_1_739' title='bbox 611 4775 805 4832; x_wconf 91' lang='lat' dir='ltr'>luctus</span> <span class='ocrx_word' id='word_1_740' title='bbox 830 4794 942 4832; x_wconf 90' lang='lat' dir='ltr'>non</span> <span class='ocrx_word' id='word_1_741' title='bbox 974 4776 1206 4833; x_wconf 90' lang='lat' dir='ltr'>vitalem</span> <span class='ocrx_word' id='word_1_742' title='bbox 1236 4778 1543 4834; x_wconf 86' lang='lat' dir='ltr'>efficiebat.</span> <span class='ocrx_word' id='word_1_743' title='bbox 1576 4779 1682 4843; x_wconf 89' lang='lat' dir='ltr'>Qui</span> <span class='ocrx_word' id='word_1_744' title='bbox 1714 4797 1844 4835; x_wconf 90' lang='lat' dir='ltr'>vero</span> <span class='ocrx_word' id='word_1_745' title='bbox 1892 4780 1974 4835; x_wconf 86' lang='lat' dir='ltr'>al-</span> 
     </span>
    </p>
   </div>
   <div class='ocr_carea' id='block_1_98' title="bbox 329 4865 1976 4940">
    <p class='ocr_par' dir='ltr' id='par_1_98' title="bbox 329 4865 1976 4940">
     <span class='ocr_line' id='line_1_98' title="bbox 329 4865 1976 4940; baseline 0.002 -20"><span class='ocrx_word' id='word_1_746' title='bbox 329 4867 419 4920; x_wconf 87' lang='lat' dir='ltr'>ter</span> <span class='ocrx_word' id='word_1_747' title='bbox 448 4880 650 4919; x_wconf 91' lang='lat' dir='ltr'>eorum</span> <span class='ocrx_word' id='word_1_748' title='bbox 683 4865 929 4931; x_wconf 88' lang='lat' dir='ltr'>Nicetas,</span> <span class='ocrx_word' id='word_1_749' title='bbox 963 4865 1109 4921; x_wconf 89' lang='lat' dir='ltr'>alter</span> <span class='ocrx_word' id='word_1_750' title='bbox 1139 4865 1349 4937; x_wconf 83' lang='lat' dir='ltr'>Aquila</span> <span class='ocrx_word' id='word_1_751' title='bbox 1370 4872 1623 4933; x_wconf 92' lang='lat' dir='ltr'>vocetur,</span> <span class='ocrx_word' id='word_1_752' title='bbox 1646 4867 1758 4938; x_wconf 92' lang='lat' dir='ltr'>ipsi</span> <span class='ocrx_word' id='word_1_753' title='bbox 1785 4868 1976 4940; x_wconf 90' lang='lat' dir='ltr'>auspi-</span> 
     </span>
    </p>
   </div>
   <div class='ocr_carea' id='block_1_99' title="bbox 332 4954 1974 5026">
    <p class='ocr_par' dir='ltr' id='par_1_99' title="bbox 332 4954 1974 5026">
     <span class='ocr_line' id='line_1_99' title="bbox 332 4954 1974 5026; baseline 0.002 -19"><span class='ocrx_word' id='word_1_754' title='bbox 332 4957 458 5007; x_wconf 89' lang='lat' dir='ltr'>cato</span> <span class='ocrx_word' id='word_1_755' title='bbox 491 4954 685 5007; x_wconf 82' lang='lat' dir='ltr'>dicant</span> <span class='ocrx_word' id='word_1_756' title='bbox 715 4959 771 5008; x_wconf 92' lang='lat' dir='ltr'>et</span> <span class='ocrx_word' id='word_1_757' title='bbox 800 4955 1064 5009; x_wconf 83' lang='lat' dir='ltr'>doceant.</span> <span class='ocrx_word' id='word_1_758' title='bbox 1100 4954 1227 5010; x_wconf 83' lang='lat' dir='ltr'>Haec</span> <span class='ocrx_word' id='word_1_759' title='bbox 1274 4956 1434 5010; x_wconf 82' lang='lat' dir='ltr'>Petro</span> <span class='ocrx_word' id='word_1_760' title='bbox 1486 4956 1734 5026; x_wconf 90' lang='lat' dir='ltr'>dicente,</span> <span class='ocrx_word' id='word_1_761' title='bbox 1769 4962 1974 5023; x_wconf 85' lang='lat' dir='ltr'>mater,</span> 
     </span>
    </p>
   </div>
   <div class='ocr_carea' id='block_1_100' title="bbox 328 5042 1974 5117">
    <p class='ocr_par' dir='ltr' id='par_1_100' title="bbox 328 5042 1974 5117">
     <span class='ocr_line' id='line_1_100' title="bbox 328 5042 1974 5117; baseline 0.001 -20"><span class='ocrx_word' id='word_1_762' title='bbox 328 5042 543 5114; x_wconf 85' lang='lat' dir='ltr'>gaudio</span> <span class='ocrx_word' id='word_1_763' title='bbox 574 5042 888 5099; x_wconf 85' lang='lat' dir='ltr'>immodico</span> <span class='ocrx_word' id='word_1_764' title='bbox 922 5044 1161 5116; x_wconf 87' lang='lat' dir='ltr'>repleta,</span> <span class='ocrx_word' id='word_1_765' title='bbox 1196 5045 1615 5117; x_wconf 92' lang='lat' dir='ltr'>propemodum</span> <span class='ocrx_word' id='word_1_766' title='bbox 1648 5051 1703 5100; x_wconf 89' lang='lat' dir='ltr'>et</span> <span class='ocrx_word' id='word_1_767' title='bbox 1742 5045 1974 5117; x_wconf 88' lang='lat' dir='ltr'>spiritui</span> 
     </span>
    </p>
   </div>
   <div class='ocr_carea' id='block_1_101' title="bbox 329 5130 1974 5207">
    <p class='ocr_par' dir='ltr' id='par_1_101' title="bbox 329 5130 1974 5207">
     <span class='ocr_line' id='line_1_101' title="bbox 329 5130 1974 5207; baseline 0.004 -22"><span class='ocrx_word' id='word_1_768' title='bbox 329 5130 576 5187; x_wconf 91' lang='lat' dir='ltr'>defecit:</span> <span class='ocrx_word' id='word_1_769' title='bbox 609 5137 863 5188; x_wconf 89' lang='lat' dir='ltr'>attamen</span> <span class='ocrx_word' id='word_1_770' title='bbox 885 5132 1226 5205; x_wconf 86' lang='lat' dir='ltr'>recolligens</span> <span class='ocrx_word' id='word_1_771' title='bbox 1249 5150 1330 5200; x_wconf 91' lang='lat' dir='ltr'>se,</span> <span class='ocrx_word' id='word_1_772' title='bbox 1358 5150 1421 5187; x_wconf 92' lang='lat' dir='ltr'>ac</span> <span class='ocrx_word' id='word_1_773' title='bbox 1444 5132 1601 5189; x_wconf 91' lang='lat' dir='ltr'>velut</span> <span class='ocrx_word' id='word_1_774' title='bbox 1621 5133 1713 5189; x_wconf 89' lang='lat' dir='ltr'>sui</span> <span class='ocrx_word' id='word_1_775' title='bbox 1735 5150 1974 5207; x_wconf 90' lang='lat' dir='ltr'>compos</span> 
     </span>
    </p>
   </div>
   <div class='ocr_carea' id='block_1_102' title="bbox 328 5220 1971 5296">
    <p class='ocr_par' dir='ltr' id='par_1_102' title="bbox 328 5220 1971 5296">
     <span class='ocr_line' id='line_1_102' title="bbox 328 5220 1971 5296; baseline 0.002 -21"><span class='ocrx_word' id='word_1_776' title='bbox 328 5220 481 5277; x_wconf 84' lang='lat' dir='ltr'>facta</span> <span class='ocrx_word' id='word_1_777' title='bbox 511 5238 522 5277; x_wconf 91' lang='lat'>:</span> <span class='ocrx_word' id='word_1_778' title='bbox 557 5220 684 5277; x_wconf 89' lang='lat' dir='ltr'>Filii</span> <span class='ocrx_word' id='word_1_779' title='bbox 716 5222 829 5277; x_wconf 88' lang='lat' dir='ltr'>mei</span> <span class='ocrx_word' id='word_1_780' title='bbox 861 5222 1472 5296; x_wconf 85' lang='lat' dir='ltr'>optatissimi,inquit,</span> <span class='ocrx_word' id='word_1_781' title='bbox 1497 5221 1602 5278; x_wconf 81' lang='lat' dir='ltr'>filii</span> <span class='ocrx_word' id='word_1_782' title='bbox 1623 5222 1971 5291; x_wconf 90' lang='lat' dir='ltr'>dulcissimi,</span> 
     </span>
    </p>
   </div>
   <div class='ocr_carea' id='block_1_103' title="bbox 2082 4597 3719 4675">
    <p class='ocr_par' dir='ltr' id='par_1_103' title="bbox 2082 4597 3719 4675">
     <span class='ocr_line' id='line_1_103' title="bbox 2082 4597 3719 4675; baseline -0.005 -17"><span class='ocrx_word' id='word_1_783' title='bbox 2082 4603 2306 4659; x_wconf 74' lang='grc' dir='ltr'>τέκνων.</span> <span class='ocrx_word' id='word_1_784' title='bbox 2340 4598 2503 4660; x_wconf 85' lang='grc' dir='ltr'>Οῦτοι</span> <span class='ocrx_word' id='word_1_785' title='bbox 2535 4599 2637 4675; x_wconf 81' lang='grc' dir='ltr'>γάρ</span> <span class='ocrx_word' id='word_1_786' title='bbox 2670 4599 2769 4655; x_wconf 72' lang='grc' dir='ltr'>εἶ’σι</span> <span class='ocrx_word' id='word_1_787' title='bbox 2830 4604 3124 4662; x_wconf 83' lang='grc' dir='ltr'>Φαυστῖνος</span> <span class='ocrx_word' id='word_1_788' title='bbox 3181 4598 3270 4653; x_wconf 91' lang='grc' dir='ltr'>καὶ</span> <span class='ocrx_word' id='word_1_789' title='bbox 3321 4597 3719 4661; x_wconf 83' lang='grc' dir='ltr'>Φαυστινιανὸς,</span> 
     </span>
    </p>
   </div>
   <div class='ocr_carea' id='block_1_104' title="bbox 2084 4680 3723 4766">
    <p class='ocr_par' dir='ltr' id='par_1_104' title="bbox 2084 4680 3723 4766">
     <span class='ocr_line' id='line_1_104' title="bbox 2084 4680 3723 4766; baseline -0.005 -19"><span class='ocrx_word' id='word_1_790' title='bbox 2084 4691 2177 4754; x_wconf 77' lang='grc' dir='ltr'>οὓς</span> <span class='ocrx_word' id='word_1_791' title='bbox 2217 4688 2396 4766; x_wconf 80' lang='grc' dir='ltr'>ἔλεγες</span> <span class='ocrx_word' id='word_1_792' title='bbox 2430 4689 2481 4745; x_wconf 82' lang='grc' dir='ltr'>έν</span> <span class='ocrx_word' id='word_1_793' title='bbox 2516 4689 2662 4765; x_wconf 87' lang='grc' dir='ltr'>βυθῴ</span> <span class='ocrx_word' id='word_1_794' title='bbox 2691 4693 2958 4758; x_wconf 84' lang='grc' dir='ltr'>τεθνᾶναι,</span> <span class='ocrx_word' id='word_1_795' title='bbox 2990 4688 3080 4743; x_wconf 84' lang='grc' dir='ltr'>καὶ</span> <span class='ocrx_word' id='word_1_796' title='bbox 3112 4689 3187 4743; x_wconf 81' lang='grc' dir='ltr'>ὧν</span> <span class='ocrx_word' id='word_1_797' title='bbox 3232 4687 3295 4743; x_wconf 86' lang='grc' dir='ltr'>τὸ</span> <span class='ocrx_word' id='word_1_798' title='bbox 3324 4686 3518 4750; x_wconf 89' lang='grc' dir='ltr'>πένθος</span> <span class='ocrx_word' id='word_1_799' title='bbox 3566 4680 3723 4741; x_wconf 76' lang='grc' dir='ltr'>ἀϐίω-</span> 
     </span>
    </p>
   </div>
   <div class='ocr_carea' id='block_1_105' title="bbox 2081 4773 3721 4850">
    <p class='ocr_par' dir='ltr' id='par_1_105' title="bbox 2081 4773 3721 4850">
     <span class='ocr_line' id='line_1_105' title="bbox 2081 4773 3721 4850; baseline -0.003 -16"><span class='ocrx_word' id='word_1_800' title='bbox 2081 4800 2172 4834; x_wconf 93' lang='grc' dir='ltr'>τον</span> <span class='ocrx_word' id='word_1_801' title='bbox 2207 4777 2365 4833; x_wconf 80' lang='grc' dir='ltr'>ἐτίθει</span> <span class='ocrx_word' id='word_1_802' title='bbox 2400 4798 2494 4832; x_wconf 93' lang='grc' dir='ltr'>σου</span> <span class='ocrx_word' id='word_1_803' title='bbox 2525 4780 2547 4814; x_wconf 80' lang='grc'>⁸</span> <span class='ocrx_word' id='word_1_804' title='bbox 2577 4778 2676 4847; x_wconf 82' lang='grc' dir='ltr'>τὴν</span> <span class='ocrx_word' id='word_1_805' title='bbox 2710 4778 2879 4846; x_wconf 81' lang='grc' dir='ltr'>ζωήν.</span> <span class='ocrx_word' id='word_1_806' title='bbox 2915 4780 3039 4839; x_wconf 91' lang='grc' dir='ltr'>Πῶς</span> <span class='ocrx_word' id='word_1_807' title='bbox 3070 4773 3127 4831; x_wconf 70' lang='grc' dir='ltr'>δὲ</span> <span class='ocrx_word' id='word_1_808' title='bbox 3156 4775 3322 4831; x_wconf 85' lang='grc' dir='ltr'>αὐτοῦ</span> <span class='ocrx_word' id='word_1_809' title='bbox 3355 4776 3382 4831; x_wconf 94' lang='lat'>6</span> <span class='ocrx_word' id='word_1_810' title='bbox 3420 4778 3512 4850; x_wconf 79' lang='grc' dir='ltr'>μὲν</span> <span class='ocrx_word' id='word_1_811' title='bbox 3564 4774 3721 4843; x_wconf 80' lang='grc' dir='ltr'>Νική-</span> 
     </span>
    </p>
   </div>
   <div class='ocr_carea' id='block_1_106' title="bbox 2080 4861 3720 4941">
    <p class='ocr_par' dir='ltr' id='par_1_106' title="bbox 2080 4861 3720 4941">
     <span class='ocr_line' id='line_1_106' title="bbox 2080 4861 3720 4941; baseline -0.005 -18"><span class='ocrx_word' id='word_1_812' title='bbox 2080 4888 2200 4937; x_wconf 87' lang='grc' dir='ltr'>της,</span> <span class='ocrx_word' id='word_1_813' title='bbox 2234 4868 2261 4921; x_wconf 87' lang='grc' dir='ltr'>ὁ</span> <span class='ocrx_word' id='word_1_814' title='bbox 2294 4865 2352 4921; x_wconf 71' lang='grc' dir='ltr'>δὲ</span> <span class='ocrx_word' id='word_1_815' title='bbox 2407 4865 2637 4927; x_wconf 82' lang='grc' dir='ltr'>Ἀκύλας</span> <span class='ocrx_word' id='word_1_816' title='bbox 2688 4864 2959 4936; x_wconf 85' lang='grc' dir='ltr'>καλεῖται,</span> <span class='ocrx_word' id='word_1_817' title='bbox 2990 4864 3142 4920; x_wconf 78' lang='grc' dir='ltr'>αὐτοὶ</span> <span class='ocrx_word' id='word_1_818' title='bbox 3192 4864 3377 4927; x_wconf 90' lang='grc' dir='ltr'>καλῶς</span> <span class='ocrx_word' id='word_1_819' title='bbox 3438 4861 3720 4941; x_wconf 85' lang='grc' dir='ltr'>λεγέτωσάν</span> 
     </span>
    </p>
   </div>
   <div class='ocr_carea' id='block_1_107' title="bbox 2080 4951 3719 5030">
    <p class='ocr_par' dir='ltr' id='par_1_107' title="bbox 2080 4951 3719 5030">
     <span class='ocr_line' id='line_1_107' title="bbox 2080 4951 3719 5030; baseline -0.004 -19"><span class='ocrx_word' id='word_1_820' title='bbox 2080 4976 2140 5011; x_wconf 89' lang='grc' dir='ltr'>τε</span> <span class='ocrx_word' id='word_1_821' title='bbox 2194 4956 2282 5009; x_wconf 87' lang='grc' dir='ltr'>καὶ</span> <span class='ocrx_word' id='word_1_822' title='bbox 2329 4953 2741 5010; x_wconf 85' lang='grc' dir='ltr'>διδασκέτωσαν.</span> <span class='ocrx_word' id='word_1_823' title='bbox 2774 4958 2952 5008; x_wconf 88' lang='grc' dir='ltr'>Ταῦτα</span> <span class='ocrx_word' id='word_1_824' title='bbox 3003 4953 3100 5008; x_wconf 85' lang='grc' dir='ltr'>τοῦ</span> <span class='ocrx_word' id='word_1_825' title='bbox 3156 4954 3361 5030; x_wconf 87' lang='grc' dir='ltr'>Πέτρου</span> <span class='ocrx_word' id='word_1_826' title='bbox 3421 4951 3719 5017; x_wconf 73' lang='grc' dir='ltr'>εἰπόντοςὴ</span> 
     </span>
    </p>
   </div>
   <div class='ocr_carea' id='block_1_108' title="bbox 2086 5038 3742 5120">
    <p class='ocr_par' dir='ltr' id='par_1_108' title="bbox 2086 5038 3742 5120">
     <span class='ocr_line' id='line_1_108' title="bbox 2086 5038 3742 5120; baseline -0.004 -21"><span class='ocrx_word' id='word_1_827' title='bbox 2086 5046 2271 5119; x_wconf 82' lang='grc' dir='ltr'>μήτηρ</span> <span class='ocrx_word' id='word_1_828' title='bbox 2323 5044 2561 5120; x_wconf 84' lang='grc' dir='ltr'>ἀμέτρου</span> <span class='ocrx_word' id='word_1_829' title='bbox 2610 5043 2916 5113; x_wconf 80' lang='grc' dir='ltr'>πλησθεῖσα</span> <span class='ocrx_word' id='word_1_830' title='bbox 2962 5048 3159 5119; x_wconf 81' lang='grc' dir='ltr'>χαρᾶς,</span> <span class='ocrx_word' id='word_1_831' title='bbox 3195 5047 3393 5118; x_wconf 78' lang='grc' dir='ltr'>μικροῦ</span> <span class='ocrx_word' id='word_1_832' title='bbox 3424 5041 3483 5097; x_wconf 80' lang='grc' dir='ltr'>ἃν</span> <span class='ocrx_word' id='word_1_833' title='bbox 3530 5038 3742 5105; x_wconf 72' lang='grc' dir='ltr'>ἀπολεσ,</span> 
     </span>
    </p>
   </div>
   <div class='ocr_carea' id='block_1_109' title="bbox 2083 5126 3719 5208">
    <p class='ocr_par' dir='ltr' id='par_1_109' title="bbox 2083 5126 3719 5208">
     <span class='ocr_line' id='line_1_109' title="bbox 2083 5126 3719 5208; baseline -0.004 -20"><span class='ocrx_word' id='word_1_834' title='bbox 2083 5131 2263 5188; x_wconf 85' lang='grc' dir='ltr'>λοίπει</span> <span class='ocrx_word' id='word_1_835' title='bbox 2333 5133 2423 5189; x_wconf 81' lang='grc' dir='ltr'>καὶ</span> <span class='ocrx_word' id='word_1_836' title='bbox 2480 5136 2581 5203; x_wconf 80' lang='grc' dir='ltr'>τήν</span> <span class='ocrx_word' id='word_1_837' title='bbox 2636 5135 2832 5203; x_wconf 87' lang='grc' dir='ltr'>πνοήν·</span> <span class='ocrx_word' id='word_1_838' title='bbox 2895 5130 3244 5208; x_wconf 80' lang='grc' dir='ltr'>ἀνενεγκοῦσα</span> <span class='ocrx_word' id='word_1_839' title='bbox 3301 5129 3359 5186; x_wconf 69' lang='grc' dir='ltr'>δὲ</span> <span class='ocrx_word' id='word_1_840' title='bbox 3414 5130 3583 5205; x_wconf 77' lang='grc' dir='ltr'>ὅμως⁴</span> <span class='ocrx_word' id='word_1_841' title='bbox 3638 5126 3719 5182; x_wconf 83' lang='grc' dir='ltr'>καὶ</span> 
     </span>
    </p>
   </div>
   <div class='ocr_carea' id='block_1_110' title="bbox 2085 5217 3719 5299">
    <p class='ocr_par' dir='ltr' id='par_1_110' title="bbox 2085 5217 3719 5299">
     <span class='ocr_line' id='line_1_110' title="bbox 2085 5217 3719 5299; baseline -0.001 -23"><span class='ocrx_word' id='word_1_842' title='bbox 2085 5220 2266 5297; x_wconf 84' lang='grc' dir='ltr'>ὥσπερ</span> <span class='ocrx_word' id='word_1_843' title='bbox 2326 5224 2518 5293; x_wconf 71' lang='grc' dir='ltr'>ἑαυτῆς</span> <span class='ocrx_word' id='word_1_844' title='bbox 2548 5225 2569 5259; x_wconf 84' lang='grc'>’⁷</span> <span class='ocrx_word' id='word_1_845' title='bbox 2599 5223 2890 5299; x_wconf 77' lang='grc' dir='ltr'>γενομένη.</span> <span class='ocrx_word' id='word_1_846' title='bbox 2938 5222 3107 5278; x_wconf 85' lang='grc' dir='ltr'>Τέκνα</span> <span class='ocrx_word' id='word_1_847' title='bbox 3165 5242 3271 5295; x_wconf 89' lang='grc' dir='ltr'>μου</span> <span class='ocrx_word' id='word_1_848' title='bbox 3326 5220 3568 5288; x_wconf 81' lang='grc' dir='ltr'>ποθεινὰ,</span> <span class='ocrx_word' id='word_1_849' title='bbox 3599 5217 3719 5295; x_wconf 80' lang='grc' dir='ltr'>ἔφη,</span> 
     </span>
    </p>
   </div>
   <div class='ocr_carea' id='block_1_111' title="bbox 1691 5400 2379 5461">
    <p class='ocr_par' dir='ltr' id='par_1_111' title="bbox 1691 5400 2379 5461">
     <span class='ocr_line' id='line_1_111' title="bbox 1691 5400 2379 5461; baseline 0.001 -3"><span class='ocrx_word' id='word_1_850' title='bbox 1691 5400 1926 5458; x_wconf 70' lang='lat' dir='ltr'>VARI/E</span> <span class='ocrx_word' id='word_1_851' title='bbox 1968 5402 2379 5461; x_wconf 88' lang='lat' dir='ltr'>LECTIONES.</span> 
     </span>
    </p>
   </div>
   <div class='ocr_carea' id='block_1_112' title="bbox 406 5540 3709 5621">
    <p class='ocr_par' dir='ltr' id='par_1_112' title="bbox 406 5540 3709 5621">
     <span class='ocr_line' id='line_1_112' title="bbox 406 5540 3709 5621; baseline -0.002 -22"><span class='ocrx_word' id='word_1_852' title='bbox 406 5542 538 5621; x_wconf 78' lang='lat' dir='ltr'>‘_al._</span> <span class='ocrx_word' id='word_1_853' title='bbox 567 5540 981 5621; x_wconf 72' lang='grc' dir='ltr'>συναλιζόμεθα.</span> <span class='ocrx_word' id='word_1_854' title='bbox 1016 5549 1037 5583; x_wconf 84' lang='grc'>²</span> <span class='ocrx_word' id='word_1_855' title='bbox 1068 5546 1141 5603; x_wconf 85' lang='lat' dir='ltr'>al.</span> <span class='ocrx_word' id='word_1_856' title='bbox 1172 5563 1425 5619; x_wconf 60' lang='lat' dir='ltr'>prapon.</span> <span class='ocrx_word' id='word_1_857' title='bbox 1464 5546 1565 5617; x_wconf 88' lang='grc' dir='ltr'>μή.</span> <span class='ocrx_word' id='word_1_858' title='bbox 1598 5548 1618 5583; x_wconf 83' lang='grc'>⁸</span> <span class='ocrx_word' id='word_1_859' title='bbox 1650 5546 1723 5603; x_wconf 87' lang='lat' dir='ltr'>al.</span> <span class='ocrx_word' id='word_1_860' title='bbox 1761 5543 2087 5621; x_wconf 88' lang='grc' dir='ltr'>βαρυθυμία.</span> <span class='ocrx_word' id='word_1_861' title='bbox 2121 5548 2141 5582; x_wconf 78' lang='grc'><strong><em>⁵</em></strong></span> <span class='ocrx_word' id='word_1_862' title='bbox 2172 5548 2248 5603; x_wconf 86' lang='lat' dir='ltr'>al.</span> <span class='ocrx_word' id='word_1_863' title='bbox 2280 5544 2363 5603; x_wconf 88' lang='grc' dir='ltr'>τό.</span> <span class='ocrx_word' id='word_1_864' title='bbox 2397 5546 2418 5581; x_wconf 76' lang='grc'><strong><em>⁵</em></strong></span> <span class='ocrx_word' id='word_1_865' title='bbox 2446 5545 2521 5602; x_wconf 88' lang='lat' dir='ltr'>al.</span> <span class='ocrx_word' id='word_1_866' title='bbox 2554 5542 2646 5599; x_wconf 80' lang='grc' dir='ltr'>σὺν</span> <span class='ocrx_word' id='word_1_867' title='bbox 2680 5540 2922 5617; x_wconf 83' lang='grc' dir='ltr'>δάκρυσι.</span> <span class='ocrx_word' id='word_1_868' title='bbox 2956 5544 2978 5581; x_wconf 78' lang='grc'><strong><em>⁸</em></strong></span> <span class='ocrx_word' id='word_1_869' title='bbox 3008 5542 3085 5601; x_wconf 81' lang='lat' dir='ltr'>al.</span> <span class='ocrx_word' id='word_1_870' title='bbox 3119 5562 3224 5597; x_wconf 87' lang='grc' dir='ltr'>σοι.</span> <span class='ocrx_word' id='word_1_871' title='bbox 3258 5544 3279 5577; x_wconf 85' lang='grc'><strong>⁷</strong></span> <span class='ocrx_word' id='word_1_872' title='bbox 3311 5542 3386 5600; x_wconf 84' lang='lat' dir='ltr'>al.</span> <span class='ocrx_word' id='word_1_873' title='bbox 3408 5541 3486 5617; x_wconf 73' lang='grc' dir='ltr'>έφ¹</span> <span class='ocrx_word' id='word_1_874' title='bbox 3507 5540 3709 5607; x_wconf 65' lang='grc' dir='ltr'>ἑαυτῆς.</span> 
     </span>
    </p>
   </div>
   <div class='ocr_carea' id='block_1_113' title="bbox 332 5613 708 5690">
    <p class='ocr_par' dir='ltr' id='par_1_113' title="bbox 332 5613 708 5690">
     <span class='ocr_line' id='line_1_113' title="bbox 332 5613 708 5690; baseline -0.005 -17"><span class='ocrx_word' id='word_1_875' title='bbox 332 5613 408 5673; x_wconf 77' lang='lat'>81.</span> <span class='ocrx_word' id='word_1_876' title='bbox 442 5614 492 5669; x_wconf 80' lang='grc' dir='ltr'>έν</span> <span class='ocrx_word' id='word_1_877' title='bbox 525 5614 708 5690; x_wconf 72' lang='grc' dir='ltr'>έαυτῇ.</span> 
     </span>
    </p>
   </div>
  </div>
