4082 6208
342 412 454 476 543
1088 408 1617 471 CLEMENTINA.
1648 441 1724 455 —
1755 405 2101 470 EPITOME
2150 406 2246 469 DE
2291 409 2559 472 GESTIS
2608 411 2672 472 S.
2720 412 2977 474 PETRI.
3612 413 3730 475 546

339 547 493 602 τέκνα
523 543 852 621 γλυκυτατα,
897 541 1057 597 τέκνα
1092 540 1315 617 καρδίας
1359 541 1627 605 καῦσωνες
1675 548 1774 612 τῆς
1817 540 1975 614 ἐμῆς,

2121 541 2197 597 ilii
2220 543 2454 600 ardores
2485 545 2676 601 cordis
2708 547 2840 613 mei,
2866 546 3038 602 dicite
3069 547 3213 603 mihi
3263 565 3531 620 quanam
3564 551 3728 607 vobis

338 632 517 691 εἷ’πατέ
552 655 670 706 μοι,
714 632 832 687 τίνα
882 629 949 701 δὴ
997 632 1065 686 τὰ
1112 632 1247 687 κατᾶ
1274 634 1295 669 ⁸
1324 632 1422 701 τὴν
1473 630 1723 708 χαλεπὴν
1768 630 1974 701 ἐκείνην

2121 649 2146 686 a
2179 631 2279 687 illa
2307 650 2459 689 saeva
2489 638 2662 689 nocte
2694 635 3066 707 contigerint.

334 724 493 778 νύκτα
525 716 803 795 συμϐάντα
837 720 981 793 ὑμῖν.
1068 752 1071 753 ν

400 830 538 887 CIV.
577 828 675 882 Καὶ
724 827 751 881 ὁ
790 828 1035 897 Νικήτης
1079 824 1270 881 αὐτίκα
1314 827 1404 881 τὸν
1457 825 1617 903 λόγον
1671 818 1978 895 ἀναλαϐὼν,

2161 826 2296 881 CIV.
2325 828 2473 883 Tum
2507 828 2765 899 Nicetas,
2791 829 3097 885 confestim
3132 836 3429 904 resumpto
3461 850 3729 890 sermone

334 916 504 979 οὕτως
556 914 682 994 ἔφη·
733 916 917 988 Ἡμῖν,
970 913 1014 969 ὤ
1066 918 1258 993 μῆτερ,
1311 916 1383 977 ὡς
1433 917 1606 986 οἶσθα,
1636 920 1733 970 τοῦ
1781 912 1981 969 πλοίου

2121 920 2173 971 ta
2204 916 2370 971 infit:
2404 917 2643 980 Quando
2668 918 2854 985 nobis,
2889 935 2920 973 ο
2972 924 3177 988 mater,
3234 923 3728 992 quemadmodum

332 1006 465 1062 κατά
511 1007 612 1075 τὴν
664 1004 878 1059 νύκταθ
929 1002 1331 1081 διαρῥαγέντος,
1384 1002 1567 1080 ἄνδρες
1615 1005 1757 1067 τινὶς
1809 1004 1861 1058 ἐν
1906 1006 1985 1074 τῷ

2124 1004 2228 1070 cis,
2262 1005 2548 1077 natigium
2581 1011 2755 1061 noctu
2790 1006 3118 1079 disruptum
3162 1013 3268 1076 est,
3294 1008 3558 1067 homines
3610 1013 3736 1084 qui-

341 1097 485 1171 βυθῷ
523 1091 803 1168 λῃστεύειν
854 1093 914 1148 οὐ
967 1090 1287 1164 δεδοικότες,
1338 1096 1486 1167 ἡμᾶς
1516 1094 1856 1167 ἀνελόμενοι,
1896 1091 1984 1146 καὶ

2121 1095 2231 1149 lam
2265 1093 2363 1165 qui
2392 1093 2449 1149 in
2484 1094 2628 1149 mari
2657 1096 2883 1166 praedas
2912 1113 3081 1168 agere
3114 1115 3227 1153 non
3248 1104 3539 1167 verentur,
3567 1117 3733 1172 cepe-

335 1206 438 1239 τινι
485 1183 761 1257 ἐνθέμενοι
810 1182 1037 1261 σκάφει,
1088 1180 1271 1239 ἔπειτα
1319 1180 1376 1238 δὲ
1424 1186 1632 1245 κώπαις
1681 1183 1985 1258 χρώμενοι,

2121 1187 2236 1237 ιυῐιῐ
2260 1199 2387 1250 nos,
2413 1191 2468 1239 et
2496 1183 2727 1254 scaphae
2756 1182 3198 1255 imposuerunt;
3233 1191 3548 1259 posteaque
3562 1189 3738 1245 remis

338 1274 411 1337 εἷς
456 1274 562 1344 τὴν
621 1271 939 1348 Στράτωνος
981 1274 1116 1347 ἦγον
1169 1273 1530 1348 Καισάρειαν·
1580 1271 1736 1327 κάκεῖ
1784 1268 1991 1350 σφόδρα

339 1361 744 1438 συνεχομένους
785 1363 933 1435 ἡμᾶς
978 1365 1058 1433 τῷ
1099 1360 1272 1435 λιμῷ,
1322 1361 1457 1437 πρὸς
1498 1358 1555 1417 δὶ
1597 1360 1686 1415 καὶ
1725 1357 1989 1436 περιδεεῖς

336 1448 514 1520 ὄντας,
552 1452 634 1524 μή
667 1471 720 1505 τι
750 1450 839 1505 καὶ
868 1450 1135 1525 προπετὲς
1180 1449 1269 1504 καὶ
1310 1454 1417 1504 τῶν
1446 1448 1630 1511 αὐτοῖς
1676 1448 1738 1504 οὐ
1770 1446 1991 1503 δοκούν-

334 1562 438 1596 των
489 1540 871 1617 φθεγξώμεθα,
925 1537 1118 1593 ἐκεῖνοι
1161 1539 1229 1593 τὰ
1279 1534 1515 1610 ὀνόματα
1564 1540 1724 1611 ἡμῶν
1776 1535 1994 1611 διαμεί-

334 1634 550 1705 ψαντες,
601 1630 685 1690 είς
730 1625 977 1683 δουλείαν
1027 1625 1230 1689 ἀθλίως
1280 1624 1561 1682 ἀπέδοντο.
1618 1628 1755 1696 Γυνή
1810 1625 1866 1681 δέ
1912 1647 1994 1688 τις

334 1722 479 1792 ἡμᾶς
532 1714 830 1778 Ἰουδαίοις
877 1714 1225 1788 προσήλυτος
1267 1714 1551 1792 ἀξιόλογος
1599 1714 1774 1783 πάνυ,
1822 1711 1998 1788 ὄνομα

337 1808 547 1866 Ἰοῦστα
604 1803 961 1878 ὠνησαμένη,
1013 1804 1063 1859 ἐν
1111 1804 1308 1859 τέκνων
1358 1802 1621 1882 ἐφύλαττε
1672 1804 1854 1880 μοίρᾳ,
1906 1803 1995 1859 καὶ

2102 1270 2215 1342 usi,
2248 1272 2541 1327 duxerunt
2569 1271 2889 1328 Casaream
2912 1273 3200 1331 Stratonis
3224 1292 3237 1331 :
3263 1279 3436 1348 atque
3459 1276 3539 1332 ibi
3568 1278 3738 1334 vehe-

2101 1363 2328 1415 menter
2358 1360 2509 1414 fame
2543 1366 3000 1431 compressos,ut
3031 1367 3190 1418 metu
3213 1364 3399 1420 affecti
3427 1365 3572 1420 nihil
3604 1382 3747 1438 prae-

2103 1465 2259 1520 ceps,
2292 1450 2565 1521 quodque
2597 1449 2668 1505 iis
2698 1449 3033 1521 displiceret
3062 1449 3437 1523 loqueremur
3467 1480 3481 1522 ς
3506 1454 3611 1522 illi,
3643 1472 3746 1511 no-

2104 1536 2365 1593 minibus
2396 1537 2610 1593 nostris
2635 1538 2897 1605 mutatis,
2930 1540 2988 1594 in
3022 1540 3362 1596 servitutem
3386 1542 3597 1600 misere
3628 1548 3749 1601 tra-

2105 1624 2399 1680 diderunt.
2434 1629 2609 1681 Porro
2643 1625 2853 1681 mulier
2879 1628 3144 1698 quadam
3175 1630 3329 1701 apud
3352 1630 3583 1687 Judaeos
3616 1649 3745 1704 pro-

2105 1711 2309 1785 selyta,
2340 1712 2506 1768 valde
2534 1712 2867 1780 laudabilis,
2906 1715 3139 1771 nomine
3196 1717 3384 1786 Justa,
3445 1736 3578 1774 cum
3639 1736 3745 1775 nos

2106 1802 2364 1871 emisset,
2399 1801 2602 1857 habuit
2630 1802 2754 1857 loco
2780 1802 3050 1871 ﬁliorum,
3085 1806 3472 1879 omnibusque
3531 1809 3743 1864 Graecis

336 1896 475 1968 πάσῃ
520 1893 798 1967 ἐλληνικῇ
850 1890 1067 1964 παιδείᾳ
1117 1893 1251 1966 μετᾶ
1291 1890 1532 1963 σπουδῆς
1581 1891 1942 1963 ἐξεπαίδευσεν
1981 1936 1993 1950 .

2121 1889 2434 1962 iisciplinis
2469 1890 2727 1946 studiose
2758 1892 3027 1946 erudivit.
3050 1892 3163 1948 Nos
3194 1911 3325 1949 vero
3356 1913 3459 1967 per
3515 1902 3743 1953 aetatem

336 1986 526 2057 Ἡμεῖς
581 1980 646 2037 δὲ
698 1981 976 2057 γενόμενοι
1030 1980 1107 2058 ἐφ’
1151 1980 1371 2050 ἡλικίας
1423 1979 1709 2059 ἔμφρονες,
1758 1982 1847 2035 καὶ
1896 1982 1994 2051 τὴν

340 2072 637 2145 θρησκείαν
670 2072 1049 2147 ἠγαπήσαμεν,
1072 2069 1160 2124 καὶ
1190 2072 1256 2124 τὰ
1284 2068 1643 2139 τῆςπαιδείας
1667 2068 1998 2148 ἐφιλοπονή-

344 2182 531 2234 σαμεν,
567 2159 724 2222 ὅπως
753 2160 887 2235 πρὸς
928 2159 994 2214 τὰ
1025 2156 1194 2213 λοιπά
1243 2154 1365 2229 ἔθνη
1401 2156 1806 2234 διαλεγόμενοι,
1842 2158 1997 2234 ἐλέγ-

344 2271 459 2326 χειν
496 2249 642 2305 αότὰ
670 2247 794 2323 περὶ
824 2245 1038 2317 πλάνης
1072 2244 1313 2310 δυνατῶς
1344 2245 1579 2322 ἔχωμεν,
1613 2242 1997 2320 ἡκριϐώσαμεν

345 2336 401 2394 δὶ
427 2338 518 2393 καὶ
567 2338 646 2394 τὰ
685 2334 1026 2414 φιλοσόφων,
1076 2334 1357 2409 ἐξαιρέτως
1404 2336 1471 2390 τὰ
1520 2336 1812 2393 ἀθεώτατα.
1846 2337 1999 2413 Λέγω

346 2425 409 2495 δὴ
460 2428 531 2482 τὰ
591 2424 925 2500 Ἐπικούρου
980 2424 1071 2478 καὶ
1129 2423 1444 2500 Πύῤῥωνος,
1497 2422 1589 2479 ἵνα
1643 2425 1732 2480 καὶ
1786 2424 1996 2499 μᾶλλον

345 2516 729 2584 ἀνασκευάζειν
763 2510 1067 2586 δυνώμεθα.

411 2624 523 2682 CV.
560 2621 784 2694 Σίμωνι
815 2617 873 2675 δέ
890 2641 996 2675 τινι
1030 2619 1199 2695 Μάγῳ
1228 2618 1423 2696 σχεδὸν
1454 2619 1738 2695 γενόμενοι
1779 2620 2001 2698 σύντρο-

344 2732 431 2789 φοι
467 2756 482 2783 ,
545 2707 743 2789 φιλίας
800 2704 911 2780 ὁδῷ
968 2708 1311 2778 ἀπατηθῆναι
1370 2706 1479 2779 ἤδη
1543 2707 1948 2784 ἐκινδυνεύομεν
1985 2754 1998 2768 .

344 2805 533 2873 Ὅμως
576 2802 753 2854 ταῦτα
786 2843 799 2869 ,
857 2799 1025 2873 μῆτερ
1054 2839 1069 2864 ,
1117 2796 1203 2851 ἐπὶ
1253 2802 1444 2870 καιροῦ
1491 2819 1573 2853 σοι
1627 2796 2002 2874 ἀκριϐέστερον

348 2887 715 2959 ἐκτεθήσεται.
750 2884 903 2955 Πλὴν
939 2883 1231 2958 μέλλουσιν
1262 2887 1396 2958 ἡμῖν
1428 2886 1726 2951 ἀπατᾶσθαι
1766 2888 1869 2943 ὑπὸ
1904 2893 2002 2943 τοῦ

355 2977 643 3050 Σίμωνος,
676 2974 889 3051 ἑταῖρός
928 2995 1010 3035 τις
1053 2978 1149 3028 τοῦ
1192 2974 1378 3050 κυρίου
1423 2977 1581 3047 ἡμῶν
1634 2977 1838 3053 Πέτρου
1870 2984 2002 3033 Ζακ-

356 3071 516 3142 χαῖος
546 3064 878 3141 λεγόμενος,
908 3063 1325 3139 προσηκάμενος
1370 3063 1680 3135 ἐνουθέτησε
1714 3069 1788 3139 μή
1820 3065 2004 3131 συνθέ-

358 3156 471 3207 σθαι
501 3158 585 3224 τῷ
627 3152 803 3227 μάγῳ·
840 3148 1119 3205 ἐπελθόντι
1170 3147 1227 3205 δὲ
1273 3155 1353 3223 τῷ
1403 3154 1592 3229 Πέτρῳ
1639 3157 2005 3231 προσήγαγεν,

357 3242 503 3333 Eii-rw;
532 3244 711 3333 Δἡμᾶς
750 3238 1185 3333 πληροφορήσας
1228 3239 1388 3333 πείσῃ
1436 3242 1559 3316 περὶ
1586 3246 1692 3333 τῶν
1731 3247 1799 3318 τῇ
1830 3246 2009 3301 θεοσε-
2041 3265 2085 3333 c

364 3325 480 3402 εείᾳ
529 3327 925 3407 διαφερόντων.
961 3328 1053 3382 Διὸ
1096 3328 1186 3382 καὶ
1235 3328 1312 3399 σὲ,
1367 3336 1561 3406 μῆτερ,
1613 3331 1904 3407 εὐχόμεθα,
1936 3336 2010 3399 ὡς

362 3422 526 3493 ἡμεῖς
575 3418 999 3490 κατηξιώθημεν
1047 3416 1278 3493 ἀγαθῶν,
1324 3417 1531 3473 τούτων
1576 3421 1664 3475 καὶ
1707 3422 1872 3493 αὐτὴν
1918 3446 2012 3497 με-

356 3514 611 3583 τασχεῖν,
644 3505 795 3567 ὅπως
821 3510 1018 3561 κοινῶν
1068 3505 1216 3560 ἀλῶν
1266 3505 1353 3560 καὶ
1382 3510 1656 3583 τραπέζης
1694 3507 2009 3587 δυνηθῶμεν

360 3590 715 3667 μεταλαϐεῖν.
750 3595 893 3664 Αὕτη
943 3592 1033 3648 οὖν
1085 3593 1223 3648 ἐστιν
1256 3597 1291 3665 ἡ
1345 3595 1511 3669 αἰτία,
1544 3594 1613 3651 δι’
1660 3598 1726 3668 ἤν
1764 3600 2009 3675 ἐνόμιζες

357 3687 499 3758 ἡμᾶς
530 3684 592 3740 ἐν
618 3688 687 3757 τῇ
720 3682 957 3755 θαλάσσῃ
983 3684 1221 3737 τεθνᾶναι
1253 3685 1318 3740 υ.

425 3776 561 3830 CVI.
633 3776 809 3826 Ταῦτα
855 3775 952 3826 τοῦ
1012 3772 1311 3826 Φαυστίνου
1377 3773 1621 3837 εἰπόντος
1652 3822 1667 3847 ,
1725 3779 1759 3847 ἡ
1825 3781 2009 3857 μήτηρ

358 3863 517 3933 ἡμῶν
582 3861 884 3933 προσέπεσε
928 3863 1009 3931 τῷ
1058 3858 1266 3934 Πέτρῳ,
1319 3858 1546 3936 δεομένῃ
1597 3864 1687 3918 καὶ
1744 3866 1960 3939 ἀξιοῦσα
1992 3910 2007 3938 ,

360 3949 506 4012 ὅπως
540 3948 717 4018 αὐτήν
762 3969 820 4005 τε
848 3948 937 4002 καὶ
981 3949 1080 4017 τὴν
1128 3946 1417 4024 ξενοδόχον
1466 3950 1632 4021 αὐτῆς
1667 3956 2012 4030 μεταπεμψά-

366 4060 520 4111 μενος
559 4036 818 4114 βαπτίσῃ·
854 4039 988 4105 Ἵνα,
1020 4036 1176 4114 φησὶ,
1213 4035 1458 4110 μηδεμία
1484 4061 1567 4102 τις
1608 4042 1837 4117 ἄμοιρος
1870 4043 2007 4117 ἡμέ-

366 4146 428 4201 ρα
483 4128 767 4201 γένηται,
825 4125 914 4203 ἀφ’
970 4125 1037 4194 ἦς
1094 4128 1161 4180 τὰ
1214 4125 1452 4199 ἐμαυτῆς
1505 4126 1775 4185 ἀπέλαϐον
1832 4132 2011 4206 τέκνα,

365 4216 479 4269 καθ’
509 4215 585 4285 ἢν
612 4214 673 4268 ἃν
719 4212 780 4269 οὐ
829 4214 1223 4285 συνεστιαθείην
1270 4214 1452 4279 αὐτοῖς
1505 4220 1569 4271 η.
1606 4218 1701 4273 Καὶ
1748 4222 1908 4293 ἡμῶν
1957 4220 2015 4279 δὶ

367 4305 429 4358 τὰ
474 4303 649 4377 ὅμοια
690 4307 760 4377 τῇ
813 4302 981 4379 μητρῖ
1032 4304 1503 4375 συνικετευόντων,
1559 4308 1587 4361 ὁ
1636 4314 1837 4384 Πέτρος
1887 4310 2011 4389 ἔφη’

368 4391 426 4445 Τί
458 4391 660 4464 οἴεσθε,
698 4391 862 4464 μόνος
896 4390 1005 4467 ἐγὼ
1039 4389 1385 4469 ἄσπλαγχνός
1419 4394 1553 4468 εἶμι,
1587 4396 1667 4451 ὅτι
1702 4400 1777 4469 μὴ
1816 4400 2015 4474 βούλο-

373 4502 467 4553 μαι
516 4482 924 4550 συνεστιαθῆναι
975 4481 1113 4554 ὑμᾶς
1159 4485 1228 4555 τῇ
1282 4482 1470 4557 μητρὶ,
1526 4486 1763 4562 σήμερον
1820 4489 2015 4563 βαπτί-

371 4589 465 4631 σας
508 4569 679 4640 αὐτήν
732 4571 813 4637 ¹⁸;
846 4568 919 4623 Οὐ
976 4569 1069 4642 μέν
1113 4569 1225 4626 οὗν.
1278 4569 1451 4626 Ἀλλὰ
1500 4571 1593 4627 κᾶν
1644 4574 1767 4645 μίαν
1805 4578 2014 4653 ἡμέραν

2112 1978 2245 2033 facti
2272 1980 2673 2050 prudentes,et
2702 1978 3039 2050 religionem
3076 1982 3424 2049 amavimus,
3456 1990 3511 2040 et
3540 1985 3749 2040 litteris

2110 2068 2371 2138 gnaviter
2390 2084 2624 2139 operam
2657 2067 2927 2122 dedimus
2954 2085 2966 2135 ;
2992 2074 3201 2124 utcum
3218 2070 3456 2143 reliquis
3479 2074 3753 2145 gentibus

2110 2155 2497 2227 disputantes,
2532 2171 2628 2210 eas
2669 2172 2977 2227 possemus
3035 2158 3103 2213 de
3160 2174 3351 2214 errore
3410 2177 3649 2233 arguere
3684 2166 3746 2218 ιο.

2112 2244 2532 2301 Perdidicimus
2546 2245 2717 2300 etiam
2736 2245 3215 2318 philosophorum
3240 2248 3747 2320 decreta,maxime

2110 2351 2239 2406 quae
2261 2352 2294 2390 a
2324 2335 2537 2407 pietate
2567 2334 2623 2389 in
2656 2338 2836 2389 Deum
2869 2335 3229 2392 alienissima
3271 2343 3445 2393 sunt:
3490 2340 3744 2411 Epicuri,

2110 2423 2373 2494 inquam,
2394 2426 2451 2479 et
2470 2422 2788 2496 Pyrrhonis
2814 2441 2826 2490 ;
2848 2440 2961 2495 quo
2983 2428 3039 2479 et
3063 2424 3249 2497 magis
3278 2442 3585 2499 possemus
3609 2444 3742 2484 con-

2110 2513 2317 2568 futare.

2181 2617 2293 2674 CV.
2328 2618 2611 2674 Ceterum
2645 2634 2763 2674 una
2809 2634 2942 2674 cum
2990 2618 3228 2676 Simone
3275 2623 3530 2693 quodam
3584 2625 3749 2697 Mago

2111 2705 2363 2778 educati,
2388 2704 2609 2762 ratione
2640 2706 2932 2774 amicitias,
2968 2707 3025 2762 in
3060 2708 3320 2764 fraudem
3379 2710 3496 2766 fere
3529 2711 3751 2767 inducti

2113 2794 2351 2851 fuimus.
2385 2795 2601 2851 Verum
2620 2795 2733 2850 ista
2763 2795 2892 2863 tibi,
2915 2800 3120 2867 mater,
3141 2798 3199 2851 in
3222 2802 3481 2870 tempore
3510 2799 3750 2872 diligen-

2112 2884 2230 2938 tius
2260 2887 2640 2954 exponentur.
2675 2884 2784 2938 Sed
2817 2899 2953 2938 cum
2994 2884 3319 2955 decipiendi
3353 2902 3619 2943 essemus
3651 2905 3751 2959 per

2114 2973 2435 3039 Simonem,
2468 2971 2770 3027 familiaris
2802 2972 3039 3043 quidam
3064 2973 3284 3028 domini
3344 2976 3525 3030 nostri
3578 2977 3749 3047 Petri,

2115 3060 2419 3117 Zacchaeus
2449 3060 2661 3127 dictus,
2693 3060 2974 3116 accedens
3006 3062 3233 3117 monuit
3258 3080 3328 3118 ne
3359 3080 3527 3136 mago
3555 3082 3754 3121 assen-

2117 3150 2383 3214 tiremur,
2416 3152 2699 3219 Petroque
2729 3149 3052 3205 advenienti
3088 3150 3316 3219 obtulit,
3352 3158 3415 3207 ut
3446 3171 3550 3209 nos
3581 3154 3751 3226 plene

2122 3243 2294 3311 atque
2325 3242 2478 3293 certo
2497 3254 2622 3308 quas
2655 3243 2919 3310 spectant
2940 3239 3010 3293 ad
3069 3239 3291 3294 cultum
3352 3242 3448 3296 Dei
3505 3244 3754 3300 doceret.

2123 3328 2309 3392 Quare
2337 3325 2511 3382 etiam
2544 3330 2599 3382 te
2621 3342 2875 3394 oramus,
2909 3330 3111 3395 mater,
3132 3333 3192 3382 ut
3222 3346 3347 3400 quae
3396 3348 3501 3387 nos
3558 3349 3762 3389 conse-

2122 3416 2239 3472 cuti
2272 3432 2481 3471 sumus
2514 3414 2933 3482 bona,illaettu
2948 3416 3236 3488 percipias
3260 3435 3273 3485 ;
3294 3434 3409 3489 quo
3458 3422 3759 3477 communi

2121 3506 2241 3562 sale
2272 3520 2337 3560 ac
2370 3520 2572 3559 mensa
2601 3504 2682 3559 uti
2717 3503 3031 3575 possimus.
3079 3510 3154 3560 Ea
3193 3506 3371 3578 igitur
3426 3524 3605 3564 causa
3652 3516 3759 3580 est,

2120 3599 2356 3667 pr0pter
2387 3609 2560 3664 quam
2596 3609 2702 3648 nos
2758 3592 2815 3647 in
2874 3593 3021 3647 mari
3079 3594 3323 3665 periisse
3381 3596 3756 3656 existimasti.

2189 3772 2330 3827 CVI.
2392 3772 2518 3827 Haec
2576 3787 2708 3827 cum
2770 3770 3084 3826 Faustinus
3135 3771 3470 3843 prolocutus
3530 3775 3753 3845 fuisset,

2120 3865 2307 3915 mater
2336 3865 2534 3915 nostra
2565 3859 2812 3931 procidit
2834 3876 3026 3914 coram
3054 3860 3235 3931 Petro,
3263 3878 3471 3933 rogans
3504 3868 3561 3918 et
3589 3864 3757 3919 obse-

2121 3965 2312 4018 crans,
2341 3950 2425 4003 uti
2459 3965 2521 4004 se
2577 3964 2863 4019 suamque
2913 3948 3204 4019 hospitem
3238 3952 3600 4023 accersitam,
3661 3954 3763 4009 ba-

2122 4038 2363 4110 ptizaret
2394 4054 2407 4093 :
2444 4037 2537 4105 Ut,
2569 4037 2784 4108 inquit,
2819 4054 2887 4091 ex
2935 4054 3049 4109 quo
3102 4044 3268 4094 natos
3326 4056 3487 4095 meos
3547 4042 3761 4112 reCepi,

2125 4126 2321 4181 nullus
2354 4127 2478 4182 dies
2494 4125 2920 4192 excludatur,in
2954 4144 3067 4197 quo
3100 4144 3232 4182 cum
3262 4128 3336 4183 iis
3368 4147 3480 4184 non
3504 4148 3766 4199 sumpse-

2123 4216 2235 4271 rim
2257 4216 2744 4287 cibum.Cumque
2772 4233 2875 4271 nos
2897 4218 3096 4272 eadem
3130 4234 3257 4288 qua
3290 4224 3474 4273 mater
3502 4236 3765 4290 compre-

2126 4304 2624 4374 caremur,Petrus
2646 4306 2726 4359 ait
2760 4322 2771 4358 :
2808 4304 2951 4371 Quid
2972 4306 3208 4376 putatis,
3244 4324 3395 4362 unus
3428 4325 3531 4380 ego
3561 4310 3763 4363 immi-

2126 4394 2372 4449 sericors
2402 4410 2557 4460 sum,
2590 4394 2744 4463 quod
2777 4393 2957 4447 nolim
2990 4411 3091 4449 vos
3141 4411 3274 4449 cum
3330 4401 3515 4453 matre
3570 4403 3763 4452 vestra

2126 4482 2298 4550 vesci,
2354 4482 2524 4537 hodie
2571 4497 2698 4536 eam
2759 4482 3109 4553 baptizans?
3159 4484 3394 4539 Minime
3447 4502 3599 4542 vero.
3653 4488 3763 4542 Sed

2127 4575 2372 4642 oportet,
2408 4575 2470 4625 ut
2500 4570 2648 4639 ipsa,
2669 4574 2801 4626 ante
2832 4588 3008 4641 quam
3040 4572 3380 4643 baptizetur,
3414 4573 3618 4630 saltem
3654 4592 3767 4630 uno

454 4630 461 4631 κ
637 4630 647 4640 .
800 4630 810 4637 .
976 4630 987 4642 ,
1644 4630 1654 4645 ,
1829 4630 1859 4649 ,,
1898 4630 2004 4653 γ

370 4658 473 4733 πρὸ
522 4662 623 4713 τοῦ
690 4659 1046 4733 βαπτισθῆναι
1093 4662 1375 4728 νηστεῦσαι
1425 4658 1591 4730 αὐτὴν
1644 4660 1753 4717 δεῖξ’
1805 4664 1919 4720 ἐπεὶ
1978 4668 2004 4703 ¹⁴

2128 4630 2465 4730 diejeju'net
2490 4676 2503 4713 :
2526 4630 3005 4731 quandoquidem
3052 4630 3419 4716 ebnonnulla
3450 4679 3553 4732 pro
3584 4680 3645 4717 se
3677 4663 3772 4717 lo-

370 4746 457 4800 καί
484 4766 611 4802 τινα
642 4746 771 4818 ὑπὲρ
818 4744 1013 4814 ἐαυτῆς
1062 4744 1351 4821 ἐφθέγξατο
1393 4750 1428 4817 ἡ
1485 4752 1690 4825 μήτηρ
1724 4754 1866 4829 τάχα
1912 4755 2015 4831 γὰρ

375 4833 420 4889 εἴ
480 4837 560 4909 μὴ
616 4840 778 4892 τοῦτο
811 4880 826 4907 ,
885 4832 1112 4889 πολλῶν
1178 4837 1400 4911 ἡμερῶν
1480 4838 1645 4908 αὐτὴν
1705 4842 2017 4916 άγνισθῆναι

375 4920 477 4978 ἔδει
513 4927 579 4978 ⁸⁸.

444 5014 603 5070 CVII.
641 5013 920 5089 Ἐρομένῳ
970 5012 1059 5067 οὗν
1115 5033 1247 5085 μοι,
1294 5012 1347 5068 τί
1396 5012 1497 5088 ἄρα
1542 5016 1631 5070 καὶ
1679 5020 2017 5096 φθεγξαμένη

377 5100 471 5168 τήν
503 5100 680 5156 πίστιν
734 5101 901 5171 αὐτῆς
948 5100 1193 5178 ἐξέφηνεν
1230 5104 1295 5171 ⁸⁸,
1328 5102 1355 5154 ὁ
1388 5104 1587 5177 Πέτρος
1636 5102 1735 5183 ἔφη
1772 5112 1832 5144 ιτ·
1859 5112 2023 5167 Ἀπό-

382 5206 489 5263 χρη
538 5189 627 5244 καὶ
679 5190 842 5263 μόνον
900 5188 1065 5258 αὐτῆς
1109 5192 1143 5259 ἠ
1190 5188 1409 5260 ἀξίωσις
1464 5196 1559 5246 τοῦ
1607 5191 2019 5271 συμϐαπτισθῆ-

2127 4753 2263 4804 cuta
2283 4753 2372 4803 est
2402 4752 2622 4803 mater:
2657 4749 2811 4819 quod
2844 4749 2893 4803 si
2951 4766 3064 4803 non
3096 4754 3268 4820 esset,
3295 4750 3497 4805 multis
3549 4751 3757 4807 diebus

2128 4853 2255 4892 eam
2289 4852 2524 4893 necesse
2555 4837 2762 4893 fuisset
2803 4837 3043 4909 expiari.

2200 5014 2407 5071 CXVII.
2434 5012 2815 5084 Interroganti
2838 5030 2973 5086 ergo
3007 5015 3171 5086 mihi,
3205 5016 3485 5088 quidnam
3508 5036 3575 5074 ea
3604 5018 3762 5073 locu-

2130 5109 2210 5170 ta,
2244 5104 2415 5158 {idem
2449 5120 2614 5158 suam
2642 5104 2974 5175 indicasset,
3008 5109 3213 5161 Petrus
3248 5109 3573 5178 respondit:
3600 5109 3769 5162 Suffi-

2132 5200 2210 5254 cit
2236 5196 2518 5251 duntaxat
2540 5191 2699 5247 illius
2720 5192 3032 5263 postulatio
3055 5194 3125 5249 de
3147 5195 3379 5267 hospita
3409 5205 3461 5252 et
3492 5198 3768 5265 benefica,

1720 5322 1963 5383 VARle
2000 5320 2409 5385 LECTIONES.

451 5409 472 5444 ⁸
499 5412 702 5507 pagi."
730 5413 804 5470 al.
840 5413 1016 5498 inser.
1052 5410 1257 5507 ἐκείνην
1290 5413 1375 5507 νει]
1407 5412 1628 5507 ταύτην.
1665 5421 1708 5455 ¹⁰
1738 5422 1984 5497 Recogu.
2018 5426 2057 5483 Ι.
2090 5442 2212 5491 VIII,
2246 5438 2296 5477 c.
2326 5420 2382 5473 7.
2410 5417 2453 5502 1‘
2489 5414 2561 5470 al.
2598 5415 2731 5505 add:
2780 5414 2921 5501 τότε,
2977 5414 3028 5469 ἐν
3064 5415 3257 5506 ἐκείνῃὶ
3382 5414 3772 5507 ζχαλεπωτάτη

383 5483 525 5536 νυκτὶ
581 5484 683 5539 ὑπὸ
703 5488 1000 5570 Ἇπειιρατῶν
1034 5484 1285 5570 ,ἀχθῆναι
1321 5483 1397 5570 ’,ἐν
1452 5483 1699 5570 πελάγει,
1763 5495 1806 5529 ¹²
1835 5483 1920 5551 ειΙῗ
1971 5498 2046 5570 μὴ

2106 5485 2521 5551 συνεστιαθεῖσαι
2573 5485 2775 5545 αὐτοῖς·
2824 5491 2991 5540 ταῦτα
3032 5486 3122 5541 οὖν
3173 5485 3259 5561 καὶ
3290 5485 3451 5559 ἡμῶν
3500 5492 3566 5560 τῇ
3604 5485 3767 5561 μητρὶ

386 5570 444 5603 συ
491 5553 993 5629 παρακαλεσάντων,
1027 5556 1055 5610 ὁ
1089 5553 1288 5629 Πέτρος
1319 5553 1444 5632 ἔφη·
1474 5557 1526 5611 τί
1571 5553 1813 5632 νομίζετε
1841 5553 2188 5641 ἐγὼξμόνος.
2235 5564 2279 5600 ¹⁸
2332 5560 2405 5617 al.
2461 5558 2623 5614 deest
2666 5558 2725 5613 in
2802 5560 2876 5614 al.
2930 5562 2974 5595 ¹⁴
3023 5561 3101 5616 al.
3161 5553 3370 5619 ἁπλῶς.
3434 5561 3477 5595 ⁸⁵
3510 5553 3612 5614 διἸ.’
3645 5553 3757 5645 ἐπ.ὲί

386 5573 599 5679 πολλῶν
630 5629 851 5679 ἢαεοῶν
882 5627 1046 5679 αὐτὴν
1077 5625 1535 5679 ἀφελληνισθῆναι
1567 5626 1693 5679 ἔδει-
1721 5636 1763 5676 10
1791 5637 1951 5679 mlunt.
1984 5641 2154 5679 δίη-ηυ-
2188 5632 2303 5679 ἐπὶ
2331 5633 2485 5679 ἦαῖν-
2518 5626 2639 5679 τίνα
2667 5626 2951 5679 ἐφθέγξατο
2983 5626 3166 5679 λόγον-
3194 5630 3254 5679 ’ὸς
3284 5631 3403 5679 τήν-
3442 5634 3481 5669 ιτ
3519 5633 3685 5679 Deest.
3705 5650 3757 5679 In

385 5623 599 5754 :lolldiv
630 5629 851 5704 ἡμερῶν
882 5623 1046 5699 αὐτὴν
1077 5623 1535 5707 ἀφελληνιὰθῆναι
1567 5623 1693 5689 ἔδει.
1712 5623 1763 5676 ³⁸
1791 5623 2164 5718 Κάγὼἐῖπον”
2188 5632 2303 5693 εἷπέ
2331 5633 2485 5705 ἡμῖν,
2518 5626 2639 5684 τίνα
2667 5626 2951 5710 ἐφθέγξατο
2983 5626 3167 5710 λόγον,
3194 5630 3254 5696 ’ὸς
3284 5631 3403 5703 τήν.
3442 5634 3481 5669 ¹⁷
3517 5633 3685 5690 Deest
3705 5636 3765 5695 in
