4082 6208
347 393 463 454 547

1175 384 1242 444 S.
1287 380 1728 444 CLEMENTIS
1773 382 1796 443 Ι
1842 374 2032 442 ROM.
2078 376 2310 441 PONT.
2357 379 2618 443 UPEllA
2662 379 2927 444 DUBIA.

3618 385 3731 449 548

352 531 418 581 ut
448 538 645 580 secum
677 518 1084 591 baptizaretur.
1118 516 1317 587 Neque
1346 514 1500 570 enim
1532 514 1588 569 id
1623 513 1842 569 dilectae
1875 528 1992 567 suae

2107 531 2192 563 ναι
2233 510 2367 584 αὐτῇ
2412 512 2509 580 τὴν
2564 510 2846 587 ξενοδόχον
2880 512 2969 567 καὶ
3019 512 3281 587 εὐεργέτιν
3335 517 3398 571 η.
3448 515 3559 572 Ούκ
3596 516 3653 570 ἃν
3682 514 3736 572 δὶ

350 614 501 670 tradi
536 609 908 683 postulasset,
935 606 1047 660 nisi
1080 605 1243 676 prius
1286 620 1425 677 erga
1454 604 1809 675 baptismum
1872 605 1999 655 tan-

354 718 527 775 quam
560 714 697 771 erga
728 712 1007 768 magnum
1041 695 1261 749 donum
1296 692 1501 747 fuisset
1530 692 1754 746 aﬂ‘ecta.
1815 696 2003 756 Quare

356 809 461 863 ego
507 788 725 844 multos
759 786 1038 841 damnare
1069 800 1181 838 non
1215 782 1448 846 dubito;
1480 781 1635 852 quod
1694 796 1827 835 cum
1886 777 2000 863 ipsi

355 858 630 952 baptizati
665 875 901 940 fuerint,
933 877 989 927 et
1022 871 1405 943 profiteantur
1450 886 1512 924 se
1568 868 1824 933 credere,
1857 858 2002 921 nihil

348 972 566 1025 faciant
594 966 839 1037 dignum
876 963 1009 1030 fide,
1036 977 1222 1031 neque
1254 975 1352 1015 eos
1383 974 1531 1029 quos
1562 957 1814 1028 diligunt
1843 956 2001 1026 (uxo-

345 1077 456 1127 res,
492 1059 757 1127 inquam,
794 1056 850 1107 et
882 1050 1053 1114 tilios,
1087 1055 1261 1119 atque
1284 1046 1522 1116 amicos)
1556 1046 1625 1099 ad
1659 1044 1766 1099 hoc
1794 1044 1997 1099 exhor-

346 1152 560 1203 tentur.
594 1145 739 1199 Nam
767 1142 815 1197 si
859 1140 1179 1205 crederent,
1202 1136 1379 1190 vitam
1413 1139 1685 1189 aeternam
1718 1148 1850 1187 cum
1892 1131 1999 1185 bo-

355 1238 446 1292 nis
472 1234 746 1307 operibus
776 1230 833 1285 in
865 1228 1158 1299 baptismo
1194 1242 1226 1279 a
1259 1229 1366 1279 Deo
1394 1222 1635 1291 'donari,
1682 1220 1852 1293 plane
1898 1235 1998 1275 eos

352 1342 498 1398 quos
517 1319 923 1395 diligerent,ad
945 1316 1109 1370 illum
1134 1311 1573 1383 suscipiendum
1604 1311 1996 1366 hortarentur.

356 1413 598 1477 Quando
632 1409 884 1478 denique
908 1422 1007 1461 eos
1036 1403 1232 1457 vident
1262 1404 1675 1472 aagrotare,aut
1706 1399 1763 1453 in
1794 1398 1997 1453 mortis

348 1502 503 1556 viam
537 1496 767 1562 abduci,
802 1499 903 1550 aut
932 1493 1045 1548 alia
1074 1490 1322 1545 molesta
1361 1488 1673 1555 sustinere,
1731 1490 1994 1557 gemunt,

345 1607 411 1645 ac
469 1590 767 1643 ducuntur
814 1578 1338 1638 commiseratione.
1404 1576 1491 1631 Ita
1548 1576 1595 1630 si
1672 1575 1993 1642 crederent,

342 1679 539 1750 ignem
574 1678 922 1747 perpetuum
956 1684 1187 1723 manere
1217 1683 1314 1721 eos
1348 1665 1445 1735 qui
1489 1664 1672 1719 Deum
1723 1680 1835 1717 non
1897 1680 1996 1717 co-

343 1766 492 1832 lunt,
529 1780 643 1818 non
670 1762 965 1816 cessarent
1000 1772 1253 1819 monere,
1285 1752 1371 1808 vel
1406 1768 1582 1823 super
1607 1751 1725 1805 illis
1772 1750 1997 1822 plorare

349 1860 405 1910 et
431 1854 678 1926 graviter
699 1850 911 1917 dolere,
939 1848 1076 1901 dum
1101 1861 1197 1899 eos
1231 1846 1478 1896 cernunt
1501 1857 1615 1937 non
1664 1840 1875 1894 habere
1898 1840 1994 1941 ‘ﬁ-
2027 1877 2075 1941 B

348 1941 502 1995 dem.
536 1941 720 2008 Atque
752 1952 903 1989 nunc
934 1932 1227 2001 hospitam
1259 1933 1553 1984 evocatam
1600 1928 1991 1998 interrogabo,

352 2046 493 2085 num
526 2029 711 2099 legem
739 2029 999 2079 nostram
1031 2020 1164 2075 velit
1196 2017 1466 2089 amplecti
1503 2020 1599 2071 :et
1656 2016 1735 2070 ita
1792 2032 1993 2071 conse-

352 2122 598 2190 quenter
627 2132 752 2187 quae
784 2115 1009 2185 Oportet
1030 2108 1525 2164 faciemus.Mater
1550 2108 1745 2159 autem
1779 2109 1989 2163 vestra.

352 2207 626 2280 quoniam
654 2208 825 2276 prout
845 2202 1008 2255 decet
1038 2196 1287 2261 ﬁdelem,
1320 2194 1377 2249 in
1438 2193 1733 2265 baptisma
1764 2192 1991 2249 anima-

348 2302 409 2351 ta
438 2300 545 2364 est,
579 2298 711 2350 ante
743 2291 1101 2363 baptismum
1124 2287 1353 2357 jejunet
1388 2299 1499 2339 uno
1529 2283 1643 2338 die.

421 2474 613 2530 CVIII.
655 2474 727 2526 At
756 2470 834 2523 ila
865 2466 1121 2539 jurabat,
1182 2479 1243 2517 se
1300 2461 1530 2516 duobus
1595 2458 1994 2531 superioribus

350 2564 578 2627 diebus,
611 2562 751 2616 dum
777 2560 972 2613 narrat
1004 2550 1231 2609 mulieri
1260 2546 1668 2621 recognitionis
1699 2553 1990 2616 eventum,

350 2670 465 2725 pra:
497 2650 676 2706 multo
708 2646 919 2702 haudio
950 2642 1145 2699 cibum
1177 2658 1291 2696 non
1342 2637 1601 2709 cepisse;
1638 2636 1751 2691 nisi
1810 2636 1995 2707 pridie

350 2724 635 2796 duntaxat
666 2736 905 2809 paulum
948 2729 1240 2803 aquae.Cui
1266 2729 1598 2799 juramento
1630 2730 1685 2780 et
1714 2740 1857 2779 uxor
1887 2724 1994 2778 Pe-

348 2831 421 2903 tri
474 2824 879 2883 testimonium
928 2819 1193 2892 przebuit,
1222 2818 1441 2881 dicens,
1504 2829 1633 2868 vere
1670 2829 1797 2868 eam
1850 2813 1994 2867 nihil

351 2901 642 2992 gustasse.
670 2915 735 2969 Et
767 2910 979 2982 Aquila
1007 2909 1121 2963 ait:
1156 2904 1309 2961 Nihil
1368 2919 1503 2974 ergo
1546 2901 1808 2992 impedit,
1841 2918 1991 2972 eam,

350 2990 584 3062 domine
610 3004 708 3073 mi,
732 3001 1009 3055 hodierno
1041 2997 1132 3051 die
1178 2993 1476 3065 baptizari.
1537 2991 1687 3045 Tum
1749 2990 1988 3045 Petrus:

347 3102 423 3151 At
452 3095 582 3163 hoc,
617 3110 731 3148 non
763 3082 1485 3159 cstbaptismijejunium;
1518 3079 1991 3151 quandoquidem

347 3203 452 3241 nec
483 3188 786 3256 propterea
824 3180 1039 3233 factum
1085 3178 1190 3229 est.
1250 3173 1319 3227 Et
1376 3168 1820 3225 Faustinianus:
1880 3169 1989 3222 Sed

2108 602 2268 654 τοῦτο
2312 604 2379 673 τῇ
2430 601 2531 655 ὑπὸ
2582 600 2748 665 αὐτῆς
2795 602 3106 676 ποθουμένη
3146 600 3365 672 δοθῆναι
3416 607 3459 641 ¹⁹
3490 604 3662 677 ἠξίου,
3692 603 3739 660 εἶ

2113 688 2189 758 μή
2240 688 2502 764 πρότερον
2546 688 2681 757 αύτή
2743 688 2951 755 διετέθη
2999 690 3073 752 ὡς
3122 689 3209 744 ἐπὶ
3273 690 3486 765 μεγάλῃ
3533 696 3600 762 τῇ
3646 697 3736 747 τοῦ

2114 776 2485 850 βαπτίσματος
2533 774 2709 853 δωρεᾷ
2738 780 2802 834 ³ο.
2834 779 2991 835 ’Όθεν
3040 777 3149 853 ἐγὼ
3178 777 3405 833 πολλῶν
3434 776 3547 855 ἔχω
3584 801 3738 835 κατα-

2107 866 2388 939 γινώσκειν
2445 869 2514 934 ²¹,
2574 865 2726 920 ὁπότ’
2772 866 2829 919 ἂν
2880 866 3033 920 αὐτοὶ
3095 867 3471 940 βαπτισθέντες
3519 869 3604 922 καὶ
3653 892 3737 923 πι-

2108 952 2309 1006 στεύειν
2345 951 2739 1028 ὁμολογοῦντες
2772 956 2837 1023 ²²,
2881 951 3049 1026 μηδὲν
3084 953 3226 1025 ἄξιον
3269 954 3500 1017 πίστεως
3530 961 3738 1027 ποιῶσι,

2113 1039 2253 1112 μηδὲ
2303 1041 2395 1103 οὓς
2445 1041 2714 1115 ἀγαπῶσι,
2762 1040 2903 1117 λέγω
2961 1040 3028 1111 δὴ
3087 1049 3344 1118 γυναῖκας
3404 1046 3603 1100 ἑαυτῶν
3657 1047 3738 1102 καὶ

2108 1129 2259 1191 υἱοὺς
2290 1131 2401 1203 ἅμα
2430 1130 2517 1184 καὶ
2550 1128 2765 1205 φίλους,
2800 1129 2878 1192 εἶς
2900 1134 3061 1185 τοῦτο
3106 1130 3525 1207 προτρέπονται.
3557 1134 3617 1187 Εἰ
3645 1137 3737 1210 γὰρ

2105 1218 2489 1273 πεπιστεύκασι
2524 1220 2666 1288 ζωὴν
2715 1218 2933 1275 αἰώνιον
2966 1219 3059 1274 σὺν
3108 1217 3288 1297 ἔργοις
3339 1219 3531 1285 καλοῖς
3564 1220 3740 1300 δωρεῖ-

2106 1307 2223 1361 σθαι
2273 1308 2365 1361 τὸν
2416 1308 2540 1361 Θεὸν
2584 1311 2629 1344 ²³
2679 1306 2765 1362 ἐπὶ
2808 1311 2887 1379 τῷ
2931 1308 3285 1383 βαπτίσματι,
3317 1311 3536 1373 πάντως
3574 1311 3629 1365 ἃν
3660 1312 3740 1367 καὶ

2107 1394 2199 1456 οὓς
2229 1398 2275 1431 ²⁴
2322 1395 2549 1471 ἠγάπων
2603 1394 3001 1470 προετρέποντο
3063 1397 3427 1473 βαπτισθῆναι
3464 1443 3476 1455 .
3510 1400 3651 1455 Ἐπεί
3702 1404 3742 1438 ’⁵

2104 1504 2155 1537 τι
2211 1481 2416 1554 δήποτε
2469 1488 2756 1547 νοσοῦντας
2803 1485 3058 1560 ὁρῶντες,
3111 1488 3148 1555 ἢ
3201 1486 3587 1563 ἀπαγομένους
3649 1491 3740 1559 τήν

2105 1571 2193 1626 ἐπὶ
2224 1573 2444 1628 θάνατον
2476 1574 2542 1642 ³⁸,
2574 1574 2609 1642 ἢ
2644 1570 2790 1629 ἄλλα
2832 1574 2953 1628 τινὰ
2999 1573 3222 1650 χαλεπὰ
3267 1577 3598 1652 πάσχοντας,
3624 1574 3739 1633 ὀδύ-

2108 1681 2289 1737 ρονται
2348 1661 2438 1715 καὶ
2498 1663 2543 1698 ⁸⁷
2598 1661 2957 1718 κατελεοῦσιν.
3021 1662 3205 1726 Οὕτως
3263 1664 3309 1718 εἰ
3362 1667 3408 1701 ²⁸
3448 1663 3740 1721 έπεπιστεύ-

2105 1770 2283 1804 κεισαν
2318 1749 2536 1804 αἰώνιον
2569 1754 2675 1825 πῦρ
2722 1749 3026 1825 περιμένειν
3076 1751 3202 1814 τοὺς
3249 1751 3344 1807 τὸν
3396 1753 3523 1808 Θεὸν
3568 1755 3639 1827 μὴ
3670 1752 3742 1809 σέ-

2107 1834 2319 1907 ϐοντας,
2353 1838 2451 1892 οὐκ
2495 1838 2554 1892 ἂν
2600 1837 2897 1895 ἐπαύσαντο
2944 1841 3348 1914 νουθετοῦντες,
3400 1843 3435 1911 ἢ
3468 1841 3556 1896 καί
3602 1844 3739 1898 ἀπει·

2106 1931 2323 1990 θοῦντας
2357 1927 2607 2002 ὁρῶντες,
2663 1924 2984 2002 δακρύοντες
3036 1928 3118 1983 ἐπ’
3148 1928 3337 1993 αὐτοῖς
3368 1930 3461 1984 καὶ
3499 1929 3739 2007 χαλεπῶς

2106 2013 2438 2088 ὀδυνώμενοι
2472 2057 2483 2069 .
2532 2016 2634 2072 Καὶ
2682 2016 2749 2070 τὰ
2798 2019 2844 2053 ²⁹
2889 2021 2981 2072 νῦν
3033 2019 3133 2086 τὴν
3188 2017 3482 2095 ξενοδόχον
3537 2021 3737 2094 πέμψας

2100 2103 2370 2181 ἀνακρινῶ
2429 2104 2474 2158 εί
2518 2104 2609 2159 τὸν
2658 2104 2825 2177 νόμον
2862 2106 3022 2178 ἡμῶν
3074 2106 3290 2182 ἀγαπᾷν
3348 2110 3604 2184 αἱρεῖται·
3658 2109 3737 2164 καὶ

2102 2192 2273 2255 οὕτως
2306 2191 2618 2255 ἀκολούθως
2649 2192 2682 2247 ἃ
2713 2191 2796 2248 δεῖ
2844 2195 3137 2271 πράξομεν.
3170 2198 3234 2251 Ἡ
3263 2194 3322 2252 δὲ
3377 2199 3558 2272 μήτηρ
3597 2198 3735 2271 ὑμῶν

2103 2281 2289 2351 ἐπειδὴ
2323 2287 2529 2344 πιστῶς
2578 2279 2839 2337 διάκειται
2890 2284 3015 2357 περὶ
3063 2289 3159 2340 τοῦ
3212 2286 3606 2361 βαπτίσματος,
3649 2308 3734 2356 νη-

2102 2373 2372 2426 στευσάτω
2397 2371 2604 2444 ἡμέραν
2633 2374 2678 2408 ⁸⁰
2706 2373 2812 2447 πρὸ
2839 2376 2936 2426 τοῦ
2973 2373 3369 2448 βαπτίσματος.

2171 2461 2357 2515 CVIII.
2392 2461 2458 2515 Ἡ
2506 2457 2563 2513 δὲ
2612 2457 2792 2533 ὤμνυε
2841 2456 2935 2514 δύο
2986 2465 3094 2516 τῶν
3146 2459 3480 2517 διελθουσῶν
3529 2464 3732 2539 ἡμερῶν

2100 2552 2169 2622 τῇ
2227 2549 2443 2626 φυναικὶ
2502 2551 2543 2585 ³³
2596 2546 2933 2622 διηγουμένη
2988 2549 3056 2603 τὰ
3106 2550 3242 2605 κατὰ
3296 2550 3394 2606 τὸν
3450 2550 3731 2628 ἀναγνωρι-

2103 2638 2261 2711 σμὸν,
2296 2637 2398 2692 ὑπὸ
2446 2635 2665 2706 πολλῆς
2713 2643 2910 2712 χαρᾶς,
2952 2644 3160 2715 τροφῆς
3196 2640 3271 2711 μή
3332 2635 3645 2712 μεταλαϐεῖν
3675 2642 3732 2712 ει,

2100 2728 2137 2796 ἢ
2170 2727 2301 2803 χθὲς
2354 2724 2510 2797 μόνον
2566 2726 2802 2801 βραχέος
2851 2723 3063 2788 ὕδατος.
3096 2730 3446 2804 Μαρτυρήσει
3496 2730 3539 2765 ³³
3583 2749 3637 2783 τε
3663 2727 3733 2801 τῷ

2103 2814 2248 2891 ὅρκῳ
2296 2814 2384 2868 καὶ
2432 2816 2467 2883 ἡ
2516 2815 2649 2889 γυνή
2702 2815 2907 2889 Πέτρου
2956 2812 3206 2891 λέγουσα,
3258 2816 3338 2879 ὡς
3388 2815 3601 2882 ἀληθῶς
3646 2815 3733 2871 οὐκ

2103 2903 2382 2979 ἐγεύσατο.
2434 2902 2532 2956 Καὶ
2573 2903 2600 2955 6
2646 2901 2878 2964 Ἀκύλας
2927 2898 3050 2980 ἔφηί
3094 2903 3299 2958 Οὐκοῦν
3350 2902 3501 2959 οὐδὲν
3547 2905 3731 2959 κωλύει

2101 2993 2266 3061 αὐτὴν
2298 2994 2363 3063 ³⁴,
2396 2992 2439 3045 ὦ
2468 2990 2619 3066 κύριέ
2665 3012 2790 3063 μου,
2839 2993 2936 3061 τὴν
2983 2995 3027 3029 ³⁵
3075 2995 3313 3066 σήμερον
3376 2996 3727 3069 βαπτισθῆναι.

2102 3079 2199 3134 Καὶ
2234 3080 2261 3134 6
2295 3080 2516 3155 Πέτρος·
2566 3077 2723 3133 ’ΔλΛ⁹
2772 3078 2871 3133 οὐκ
2916 3075 3025 3134 ἔστι
3073 3085 3233 3134 τοῦτο
3283 3081 3508 3151 νηστεία
3556 3080 3727 3155 βαπτί-

2102 3190 2305 3242 σματος
2353 3170 2418 3240 ³⁸,
2468 3166 2581 3222 ἐπεὶ
2616 3164 2755 3239 μηδὲ
2804 3165 2873 3221 δι’
2921 3167 3049 3223 αὐτὸ
3097 3171 3141 3205 ⁸⁷
3185 3174 3351 3224 τοῦτο
3398 3170 3725 3247 γέγονε.ΙΚαὶ

348 3229 775 3329 fortarsserDeus
804 3266 1001 3322 volens
1033 3267 1277 3317 matrem
1311 3264 1569 3314 nostram
1594 3273 1662 3311 ne
1692 3273 1809 3311 uno
1856 3256 1988 3328 qui-

2105 3229 2213 3312 6'38
2266 3229 2650 3318 Φαυστινιανὸς
2690 3258 2754 3312 ³⁹.
2805 3262 2965 3319 Ἴσως
3021 3257 3111 3311 οὗν
3145 3258 3173 3313 6
3228 3258 3359 3320 Θεὸς
3411 3229 3726 3334 βουλόμένος

350 3364 481 3419 dem
504 3364 635 3433 post
663 3354 1114 3429 recognitionem
1146 3351 1237 3405 die
1268 3366 1301 3404 a
1330 3352 1528 3403 nostra
1568 3362 1772 3401 mensa
1826 3362 1992 3417 sepa-

348 3453 486 3517 rari,
520 3451 627 3505 hoc
649 3446 941 3519 jejunium
974 3439 1321 3514 prastruxit.
1350 3438 1512 3493 Sicut
1531 3436 1685 3491 enim
1717 3435 1778 3489 in
1827 3436 1991 3506 igno-

350 3541 572 3596 ratione
604 3535 850 3593 servavit
880 3526 1308 3604 pudicitiam,id
1344 3524 1497 3597 quod
1540 3524 1839 3578 veritatem
1893 3523 1991 3578 de-

350 3635 441 3685 cet
463 3628 701 3690 faciens,
755 3625 836 3679 ita
881 3626 937 3677 et
979 3635 1133 3673 nunc
1182 3616 1335 3670 Deus
1380 3615 1523 3667 torte
1572 3611 1839 3683 providit,
1863 3628 1991 3668 eam

348 3723 483 3774 ante
514 3732 699 3771 unum
730 3710 987 3776 diem,in
1026 3703 1357 3778 ignorantia
1378 3702 1668 3773 jejunare,
1702 3717 1803 3771 pro
1857 3716 1991 3755 vero

345 3807 638 3879 baptismo
665 3819 680 3859 :
716 3808 776 3857 ut
806 3818 839 3855 a
868 3798 1053 3871 primo
1078 3795 1167 3849 die
1190 3809 1302 3864 quo
1334 3808 1439 3845 nos
1480 3788 1732 3879 agnovit,
1788 3788 1992 3844 nobis-

348 3877 481 3951 cum
515 3896 713 3967 posset
741 3891 915 3946 etiam
946 3884 1125 3941 salem
1156 3899 1255 3938 seu
1306 3880 1501 3936 cibum
1534 3877 1846 3950 percipere.

416 4073 548 4132 CIX.
582 4072 732 4126 Tum
766 4068 969 4123 Petrus
999 4080 1017 4117 :
1048 4062 1129 4117 Ne
1160 4076 1287 4127 nos,
1309 4056 1517 4129 inquit,
1576 4054 1767 4110 vincat
1822 4052 1987 4111 mali-

345 4162 447 4229 tia,
484 4164 823 4232 praetextum
850 4158 1017 4209 nacta
1047 4148 1468 4206 Providentiam
1503 4150 1559 4201 et
1592 4145 1796 4200 matris
1829 4161 1987 4199 amo-

340 4267 466 4305 ram
502 4274 515 4316 ;
549 4248 650 4303 sed
682 4246 876 4318 potius
906 4259 1029 4306 vos,
1081 4243 1137 4295 et
1166 4254 1270 4310 ego
1318 4234 1641 4302 vobiscum,
1698 4233 1870 4289 hodie
1925 4234 1986 4288 in

330 4337 561 4410 jejunio
593 4346 1063 4407 permaneamus,
1090 4331 1146 4382 et
1167 4342 1294 4381 cras
1320 4322 1727 4395 baptizabitur.
1748 4322 1985 4377 Huncin

337 4409 579 4482 modum
630 4424 861 4478 locutus
910 4422 999 4474 est
1064 4418 1289 4482 Petrus,
1353 4411 1663 4481 cunctique
1736 4409 1985 4465 orationi

338 4515 561 4572 assensi
612 4528 822 4568 sumus
871 4510 934 4564 ".
985 4505 1165 4561 Multo
1209 4507 1406 4559 autem
1458 4498 1745 4555 maturius
1807 4515 1983 4571 quam

2099 3349 2258 3420 ἡμῶν
2322 3346 2421 3414 τήν
2476 3344 2681 3420 μητέρα
2713 3388 2726 3414 ,
2781 3341 3051 3418 μηδεμίαν
3106 3345 3239 3419 μετὰ
3292 3347 3389 3402 τὸν
3451 3349 3724 3423 ἀναγνωρι-

2100 3435 2235 3508 σμὸν
2285 3435 2492 3509 ἡμέραν
2540 3440 2643 3503 τῆς
2681 3432 2949 3508 ἡμετέρας
2993 3436 3039 3472 ⁴⁰
3066 3434 3303 3510 χωρίσαι
3353 3435 3617 3510 τραπέςης
3663 3438 3723 3504 ιι⁹

2098 3523 2535 3599 προῳκονόμησε
2588 3523 2687 3591 τήν
2742 3522 3032 3592 νηστείαν.
3083 3524 3170 3585 Ὠς
3218 3524 3322 3600 γὰρ
3375 3524 3722 3602 ἐσωφρόνησεν

2097 3614 2149 3667 έν
2183 3612 2391 3688 ἀγνοίᾳ,
2420 3612 2483 3665 τὸ
2512 3612 2717 3685 πρέπον
2765 3614 2833 3683 τῇ
2886 3609 3118 3683 ἀληθείᾳ
3166 3615 3212 3650 ⁴²
3259 3616 3550 3683 ποιήσασα·
3597 3610 3723 3666 οὕτω

2097 3702 2187 3757 καὶ
2215 3706 2305 3755 νῦν
2338 3702 2366 3755 6
2416 3699 2544 3761 Θεὸς
2596 3698 2726 3761 ἴσως
2776 3699 3128 3772 ᾠκονόμησεν
3179 3700 3348 3770 αὐτὴν
3402 3703 3505 3778 πρὸ
3540 3706 3652 3774 μιᾶς
3679 3698 3724 3754 έν

2099 3789 2285 3867 ἀγνοίᾳ
2339 3786 2660 3860 νηστεῦσαι,
2704 3788 2835 3863 ὑπὶρ
2881 3792 2980 3843 τοῦ
3027 3787 3267 3859 ἀληθοῦς
3331 3790 3721 3864 βαπτίσματος,

2093 3877 2167 3933 'lv'
2199 3880 2302 3933 ἀπὸ
2332 3878 2557 3953 πρώτης
2597 3874 2808 3952 ἡμέρας
2855 3880 2950 3931 τοῦ
2995 3876 3252 3952 γνωρίσαι
3294 3878 3465 3953 ἡμᾶς,
3514 3875 3721 3951 μεταλα-

2098 3964 2210 4023 ϐεῖν
2244 3966 2333 4022 σὺν
2366 3969 2502 4039 ἡμῖν
2534 3966 2623 4019 καὶ
2654 3964 2799 4020 ἁλῶν
2834 3962 3105 4036 δυνηθείη.

2167 4058 2305 4114 CIX.
2340 4054 2443 4113 Καὶ
2494 4055 2522 4108 6
2574 4052 2794 4129 Πέτρος·
2829 4054 2917 4121 Μὴ
2967 4055 3114 4126 ἡμᾶς
3163 4056 3229 4124 ⁸³,
3279 4052 3406 4133 ἔφη,
3454 4050 3642 4109 νικάτω
3684 4054 3714 4122 ἡ

2095 4145 2254 4201 κακία
2284 4143 2547 4220 πρόφασιν
2601 4143 2831 4217 εὑροῦσα
2876 4142 2975 4210 τὴν
3021 4141 3275 4217 πρόνοιαν
3316 4145 3410 4198 καὶ
3438 4146 3534 4212 τήν
3564 4147 3715 4211 “ei:

2092 4232 2358 4302 τεκούσης
2388 4232 2624 4306 στοργήν
2678 4231 2741 4266 ⁸⁵·
2787 4228 2935 4285 ἀλλά
2975 4229 3187 4303 μᾶλλον
3240 4232 3416 4305 ὑμεῖς,
3447 4233 3589 4309 κάγὼ
3633 4230 3713 4285 σὺν

2096 4322 2221 4394 ὑμῖν
2256 4317 2614 4392 διαμείνωμεν
2664 4318 2763 4386 τήν
2811 4320 3048 4391 σήμερον
3094 4318 3145 4374 έν
3177 4320 3399 4393 νηστείᾳ
3435 4323 3496 4393 ⁵⁸,
3526 4320 3609 4374 καὶ
3636 4314 3716 4373 αῦ-

2095 4430 2209 4486 ριον
2246 4410 2686 4485 βαπτισθήσεται.
2719 4406 2904 4470 Οὕτως
2954 4405 3053 4485 ἔφη
3106 4410 3326 4485 Πέτρος,
3374 4409 3463 4464 καὶ
3510 4409 3560 4463 οἱ
3598 4406 3716 4462 πάν-

2090 4519 2180 4561 τες
2232 4502 2312 4569 τῷ
2369 4495 2521 4573 λόγῳ
2571 4492 3037 4568 συνευδοκήσαμεν
3100 4498 3182 4553 ⁸⁷.
3239 4498 3616 4573 Ὀρθριώτερον
3667 4492 3717 4549 δὲ

336 4603 596 4676 quotidie
624 4600 866 4670 solebat,
926 4598 1131 4652 Petrus
1189 4593 1579 4664 experrectus,
1630 4588 1700 4676 ad
1759 4604 1865 4642 nos
1898 4588 1986 4641 in-

2105 4586 2293 4659 πολλῷ
2339 4589 2437 4641 τοῦ
2488 4585 2605 4639 καθ’
2648 4584 2857 4676 ἡμέραν
2904 4586 2931 4639 6
2981 4583 3183 4659 Πέτρος
3234 4583 3581 4658 διυπνισθεὶς,
3619 4582 3713 4639 εἰσ-

337 4675 576 4766 gressus
608 4696 718 4759 est,
749 4704 897 4760 quos
927 4700 1131 4741 somno
1163 4678 1453 4746 excitavit,
1487 4693 1552 4733 ac
1582 4675 1726 4731 dixit
1761 4693 1773 4731 :
1836 4677 1979 4732 Fau-

2092 4677 2178 4750 ῄει
2210 4675 2343 4750 πρὸς
2392 4679 2564 4747 ημᾶς,
2602 4672 2692 4727 καὶ
2739 4670 3117 4744 διαναστήσας,
3168 4679 3464 4738 Φαυστῖνος
3509 4675 3615 4730 εἷπε
3657 4674 3714 4739 ",

1691 4835 1926 4893 VARIE
1966 4835 2379 4895 LECTIONES.

407 4995 450 5030 ¹⁸
481 4993 556 5050 al.
590 4988 754 5057 αὐτὴν
784 4991 852 5061 τῇ
888 4981 1162 5057 ξενοδὸχῳ
1188 4979 1297 5061 καὶ.
1313 4974 1627 5061 εὐεργέτιδιί
1663 4981 1707 5061 ξξ
1736 4979 1828 5061 al.‘
1859 4976 2175 5061 παρεκάλει.
2214 4978 2274 5061 ²⁰ἱ
2297 4975 2374 5061 al:
2426 4973 2677 5061 αὐτήΜτῇ
2725 4978 2824 5061 τοῦ
2874 4975 3263 5061 βαπτίσματος.
3295 4973 3567 5061 προσῆλθε
3586 4969 3705 5059 ~8m-

508 5067 549 5100 ²¹
570 5133 578 5135 _
602 5061 1007 5135 καταγινώσκω.

1059 5046 1226 5108 2"val.
1279 5046 1548 5124 λέγοντες.
1573 5051 1619 5085 ²²
1666 5051 1837 5124 Deest
1886 5046 1947 5106 id
1996 5050 2072 5106 al.
2126 5048 2299 5124 "Hal.
2349 5046 2883 5124 évunepﬁér_mc_obc.
2932 5051 2984 5124 ξίδ
3027 5046 3105 5124 al.
3135 5046 3609 5124 Δει(1ι1.ηδιλλήέρεῖ
3634 5061 3705 5102 τις

557 5114 831 5209 ἀγαπῶσιν
882 5124 1075 5187 αὐτοὺς
1123 5124 1211 5179 καὶ
1260 5114 1632 5209 φροντίζουσιν
1686 5121 2100 5209 αὐτῶν,”Ξοῦτο
2148 5114 2335 5189 εὔηθές
2366 5114 2546 5207 «ἐστιν.
2574 5118 2768 5208 "Eget;
2820 5121 2865 5155 96
3020 5120 3264 5209 eavdﬁp.‘
3284 5122 3327 5155 ετ
3359 5121 3433 5176 aL
3464 5114 3701 5205 “€095”.

336 5186 506 5264 SE"Pal.
556 5186 995 5259 πέπιστεύκεισαν
1023 5240 1034 5252 .
1064 5186 1125 5233 7”
1167 5196 1218 5250 al
1246 5189 1281 5249 ,⁸
1302 5186 1383 5253 ’ὡς
1430 5186 1552 5268 "Pii"t
1582 5192 1838 5268 ,ἀπίστων
1861 5263 1870 5268 ,
1896 5186 2271 5268 ὀδυνώμενοιξ·
2318 5190 2418 5268 δὴν
2438 5189 2585 5268 ..ἕατ’
2633 5188 2805 5268 Ἷρτῷν
2856 5190 3091 5268 κᾴλασῖν.
3130 5186 3666 5268 πῗᾶτληρῗδροθηιδίένοι
3688 5225 3701 5239 ’

334 5279 433 5333 Καὶ
460 5278 541 5332 τά.
576 5279 621 5313 ³ο
670 5277 742 5333 al.
791 5277 966 5329 inser.
1014 5269 1109 5321 κᾶν

331 5350 501 5424 τύρει.
565 5352 610 5385 3"
665 5349 738 5405 al.
799 5345 964 5424 αὐτὴν

1162 5266 1308 5339 μίαν.
1358 5267 1400 5301 ³¹
1454 5263 1527 5320 al.
1578 5265 1754 5321 inser.
1804 5263 2008 5340 Πέτρου
2057 5264 2147 5318 vel
2192 5264 2259 5385 τῇ

1162 5340 1394 5385 [σθῆναι.
1460 5338 1505 5371 ³⁵
1562 5336 1637 5385 al-
1692 5339 1784 5385 τῆ-
1843 5338 1889 5372 ³⁸
1945 5336 2019 5385 al-
2077 5332 2109 5385 ὅ
2169 5354 2259 5385 μιη

1050 5332 1394 5404 απτισθῆναι.
1460 5338 1505 5371 ³⁵
1562 5336 1637 5391 al.
1692 5339 1784 5407 τῇ.
1843 5332 2019 5392 3“'al.
2077 5332 2109 5388 6'
2168 5332 2242 5407 μή

2315 5256 2608 5334 ξενοδόχῳ.
2629 5261 2685 5343 ,³³
2715 5261 2792 5317 al.
2841 5264 2976 5318 add.
3024 5256 3331 5332 ἠδυνήθηνξ
3359 5256 3412 5298 ³³’
3435 5256 3507 5317 al.
3535 5256 3702 5381 ’ἐμαέ-

2315 5333 2351 5367 ”
2404 5334 2574 5381 Deest
2626 5349 2683 5381 1n
2745 5334 2820 5381 al-
2880 5334 2924 5369 ³⁸
2982 5338 3301 5381 dmum-mon
3354 5334 3398 5369 εν
3453 5331 3524 5381 λι,
3578 5329 3640 5381 ιδ
3685 5366 3696 5379 .

2258 5333 2351 5387 ,³⁷
2404 5329 2574 5388 Deest
2626 5330 2686 5387 in
2745 5334 2820 5387 al.
2880 5334 2924 5369 ³⁸
2982 5329 3302 5394 Φαυστῖνος.
3354 5334 3398 5369 ³⁸
3453 5331 3524 5387 al.
3578 5329 3696 5385 add.

333 5401 749 5527 ἀέτᾎξέςνατοξιο
778 5401 1135 5490 aLX'wPZcm,
1175 5401 1295 5464 υυὸ
1350 5424 1493 5463 mss.
1550 5401 1823 5481 χωρῆσαι.
1884 5408 2018 5464 Cor.
2071 5408 2114 5443 δι
2169 5401 2251 5460 ἀι.
2310 5402 2517 5476 ἡμέραν
2573 5408 2672 5470 τῆς
2728 5404 2889 5476 ἡμῶν
2944 5403 3281 5481 έπιγνὼσεως
3337 5401 3563 5480 χωρίσαι
3610 5404 3699 5465 τῆς

333 5514 468 5527 η-..
504 5499 595 5527 γ...
649 5495 694 5527 ιε
744 5490 792 5527 nl
875 5490 972 5527 η-«ἴρ
1030 5480 1307 5527 ill-malae.
1367 5479 1411 5513 ‘3
1470 5477 1547 5527 al-
1607 5478 1768 5527 ὑμᾶς-
1831 5482 1877 5515 ιι
1928 5479 2007 5527 al-
2062 5479 2122 5527 ἡ.
2181 5476 2226 5511 ⁸⁵
2281 5474 2353 5527 al.
2415 5474 2637 5527 στοργή.
2698 5475 2743 5511 ⁴⁸
2801 5476 2876 5527 al.
2935 5475 3304 5527 νηστεύοντες.
3365 5478 3407 5510 ³⁷
3455 5473 3526 5527 al.
3574 5468 3692 5525 add.

326 5468 694 5567 ξρἔέἐξξὴξῖῖι
742 5468 983 5555 αῑῗέῆέ
1030 5479 1411 5567 ἀληθείας-,⁸³
1470 5468 1768 5567 ειιίξὺξιᾷς.
1831 5479 2140 5567 “fluuii;
2163 5476 2226 5563 ,δε
2281 5468 2365 5530 εις
2415 5468 2637 5567 ὰῇοργτξ,
2698 5468 2876 5567 ““aj.
2935 5468 3526 5567 νηστεύοντες.ι’ἶ⁷;81.
3574 5468 3692 5567 add.

331 5562 457 5620 ούὸὲ
486 5567 520 5633 ἡ

330 5631 721 5710 ευδοκησαμεν.
751 5635 796 5673 ⁴⁸
824 5631 1105 5693 Clamant.

328 5704 457 5793 ἔφη.

1180 5617 1297 5682 όω.
1345 5617 1560 5694 ιινίο.
1608 5623 1657 5693 1,
1708 5626 1819 5682 etc.
1868 5622 2005 5683 Hoc.
2054 5617 2247 5693 l.'vu,
2296 5617 2347 5675 ο.
2397 5617 2489 5691 38,
2537 5621 2594 5675 et

3111 5475 3124 5496 I

555 5545 668 5639 λύρα
695 5568 794 5631 τῆς
825 5545 1060 5633 σήμερον
1093 5545 1136 5625 ἡ
1181 5552 1301 5627 έρας
1332 5545 1652 5620 έπιτήοειός
1683 5549 1822 5605 ἐστιν
1873 5548 1949 5612 εἰς
1994 5549 2059 5606 τὸ
2091 5545 2408 5625 βάπτισμα.
2444 5545 2568 5602 Κάῖ
2592 5545 2623 5601 6'
2672 5566 2745 5608 ως
2795 5546 2939 5602 οὕτω
2983 5546 3224 5624 γενέσθαι
3272 5547 3323 5602 οἱ
3369 5546 3554 5603 πάντες
3590 5556 3696 5594 συν.

555 5655 721 5683 ιαιιεν-
751 5635 796 5673 η
824 5631 1105 5683 Clamant.
1137 5574 1297 5683 born.
1345 5639 1461 5683 xxv.
1510 5638 1560 5681 ο.
1608 5623 1657 5683 1.
1708 5626 1819 5682 etc.
1868 5622 2005 5683 Hoc.
2054 5620 2096 5683 l.
2143 5634 2247 5683 vn,
2296 5633 2347 5675 ο.
2397 5617 2489 5683 38,
2537 5566 2681 5679 et
2728 5634 2853 5683 vm;
2900 5637 2953 5679 c.
3009 5627 3059 5683 ί,
3109 5625 3221 5682 etc.
3252 5620 3299 5659 ιο
3327 5619 3403 5681 9,1.
3452 5609 3695 5683 ἐξυπνίσω

2667 5658 2681 5677 .
2728 5634 2853 5692 vm;
2900 5637 2953 5679 ο.
2997 5609 3059 5691 ’1,
3109 5609 3221 5682 etc.
3252 5620 3299 5659 ‘°
3327 5619 3403 5681 al.
3452 5609 3695 5692 ἐξυπνίσω
