4082 6208
288 373 388 433 549
997 352 1528 420 CLEMENTINA.
1563 384 1643 398 —
1675 346 2024 412 EPITUME
2070 348 2170 409 DE
2215 346 2487 410 GESTIS
2531 348 2596 411 S.
2643 348 2899 411 PETRI.
3530 352 3650 417 550

282 500 359 556 καὶ
402 491 771 553 Φαυστινιανὸς
821 492 933 563 ἅμα
982 487 1262 560 Κλήμεντι
1319 486 1451 559 μετὰ
1504 486 1610 538 τῶν
1679 480 1935 551 οἰκείων,

2049 482 2201 536 tinus
2232 485 2288 536 et
2316 481 2749 552 Faustinianus,
2778 499 3010 554 unaque
3039 483 3324 551 Clemens,
3358 502 3491 542 cum
3523 487 3647 542 suis

280 583 774 653 ἇκολουθησάτωσάν
829 600 944 652 μοι,
998 577 1146 638 ὅπως
1197 574 1249 629 ἐν
1318 570 1583 644 σκεπεινῷ
1645 573 1745 640 τῆς
1806 571 1897 623 θα-

2049 587 2099 625 ie
2130 574 2469 641 sequantur,
2506 576 2570 625 ut
2599 572 2892 627 venientes
2923 572 2993 627 ad
3027 574 3318 630 obtectum
3354 577 3532 632 maris
3564 576 3647 633 lo-

280 678 458 744 λάσσης
483 673 631 743 τόπῳ
660 668 937 747 γενόμενοι
970 670 1033 740 ⁸ο,
1064 665 1134 721 τὰ
1177 668 1275 720 τοῦ
1328 660 1715 739 βαπτίσματος
1768 678 1897 733 σχε-

2049 675 2163 727 um,
2192 659 2469 731 baptismi
2499 660 2645 715 ritus
2676 676 3044 733 peragamus.

287 764 435 821 διάσω
443 782 531 836 μεν
543 804 556 817 .

342 871 442 928 CX.
473 866 588 923 Ἐπῖ
614 866 705 920 τὸν
756 859 1002 939 αἰγιαλὸν
1050 859 1142 916 οὖν
1192 856 1498 934 γενομένων
1530 858 1692 929 ἡμῶν
1717 857 1780 922 ⁵¹,
1811 852 1901 907 καὶ

2083 853 2187 909 CX.
2223 854 2368 910 Cum
2419 854 2599 927 igitur
2654 854 2874 910 fuimus
2930 856 2987 911 in
3022 857 3231 927 littore,
3301 859 3450 917 inter
3505 880 3646 920 saxa

285 956 457 1035 μεταξὺ
509 958 716 1031 πετρῶν
785 955 945 1007 τινῶν
1012 948 1258 1027 γαληνοῦ
1303 946 1393 1002 καὶ
1441 947 1677 1019 καθαροῦ
1734 940 1903 996 τόπου

2057 944 2302 1035 uaedam,
2337 960 2463 1014 qua
2495 943 2874 1014 tranquillum
2899 949 2955 999 et
2977 947 3261 1003 mundum
3295 947 3485 1005 locum
3508 970 3647 1024 praa-

284 1043 701 1124 εύπορησάντων,
753 1036 1037 1096 ἐϐάπτισεν
1105 1037 1272 1107 αὐτὴν
1325 1036 1400 1097 εἷς
1460 1035 1524 1090 τὸ
1572 1028 1747 1105 ὄνομα
1809 1034 1905 1085 τοῦ

2056 1032 2248 1124 ebant,
2279 1031 2588 1103 baptizavit
2634 1049 2762 1088 eam
2810 1032 2870 1088 in
2903 1036 3138 1091 nomine
3168 1038 3357 1093 Patris
3399 1044 3455 1095 et
3497 1041 3646 1109 Filii,

282 1120 468 1209 Πατρὸς
524 1133 613 1188 καὶ
669 1135 767 1187 τοῦ
826 1130 951 1184 Υἱοῦ
1008 1127 1097 1183 καὶ
1161 1130 1259 1182 τοῦ
1335 1124 1493 1199 ἁγίου
1572 1120 1905 1195 Πνεύματος.

2049 1124 2074 1176 t
2102 1120 2355 1192 Spiritus
2385 1121 2589 1177 sancti.
2624 1125 2740 1176 Nos
2770 1127 2987 1191 autem,
3037 1128 3095 1178 et
3144 1130 3427 1198 quotquot
3455 1129 3655 1185 nobis-

280 1228 453 1298 Ἡμεῖς
483 1219 538 1277 δὲ
575 1224 620 1258 ⁶²
650 1219 741 1274 καὶ
782 1218 874 1273 σὺν
920 1218 1056 1291 ἡμῖν
1108 1214 1227 1271 ὅσοι
1272 1219 1542 1290 παρῆσαν.
1572 1215 1679 1266 τῶν
1729 1229 1911 1285 γυναι-

2055 1226 2153 1265 um
2186 1211 2446 1277 aderant,
2480 1210 2788 1266 mulierum
2821 1212 3007 1283 gratia
3037 1215 3406 1273 secessimus.
3455 1218 3658 1275 Postea

280 1297 376 1367 κῶν
409 1309 562 1386 χάριν
616 1308 1074 1383 ὑπεχωρήσαμεν.
1105 1305 1334 1358 Ἔπειτα
1363 1302 1390 1356 6
1420 1299 1623 1376 Πέτρος
1669 1297 1763 1386 τὰς
1812 1316 1908 1371 γυ-

282 1384 447 1462 ναῖκας
478 1384 566 1453 διὰ
592 1397 686 1452 τὸν
734 1392 909 1471 ὅχλον
949 1393 1271 1470 προέπεμψε
1318 1387 1386 1445 δι’
1416 1387 1597 1457 ἄλλης
1646 1384 1775 1442 ὁδοῦ
1824 1384 1911 1439 ἐπὶ

280 1491 365 1559 τὴν
391 1487 552 1558 ξενίαν
584 1485 765 1542 ἐλθεῖν
800 1486 866 1551 ⁸³,
902 1481 1093 1556 μόνοις
1122 1480 1182 1536 ἐκ
1207 1483 1315 1536 τῶν
1348 1475 1558 1553 ἀνδρῶν
1606 1478 1741 1549 ἡμῖν
1796 1495 1915 1529 συν-

283 1585 396 1634 εἷναι
440 1580 505 1643 τῇ
576 1573 749 1649 μητρὶ
817 1572 908 1628 καὶ
972 1569 1188 1631 ταύταις
1256 1565 1741 1643 ἐγκελευσάμενος.
1792 1562 1915 1618 Ἐλ-

518 1661 546 1678 ν
794 1660 810 1680 \
1100 1659 1111 1677 Ι
1322 1657 1335 1675 ὶ
1863 1652 1876 1671 ἳ

284 1667 440 1732 θόπες
488 1685 579 1719 ουν
629 1666 678 1700 ⁸⁴
726 1661 813 1716 ἐπι
860 1667 960 1729 τὴν
1005 1662 1198 1732 ξενιαν,
1248 1678 1339 1712 και
1397 1655 1754 1727 ἀναμένοντες
1821 1673 1914 1706 αυ-

282 1758 359 1811 τὸν
388 1757 429 1791 ⁸⁵
464 1751 774 1830 ἀφικέσθαι,
804 1747 1081 1819 ἀλλήλοις
1131 1745 1488 1821 διελεγόμεθα
1516 1746 1579 1799 ⁵⁸.
1614 1742 1759 1830 Μετά
1805 1742 1918 1830 ἰκα-

2020 1298 2224 1353 Petrus
2253 1296 2550 1362 mulieres,
2591 1296 2664 1352 ob
2712 1297 3171 1369 multitudinem,
3232 1303 3533 1374 praemisit,
3594 1310 3658 1361 ut

2021 1402 2122 1458 per
2142 1385 2385 1441 alteram
2407 1386 2559 1440 viam
2584 1386 2734 1441 irent
2754 1387 2825 1441 ad
2856 1386 3176 1459 hospitium
3205 1407 3217 1457 ;
3232 1392 3529 1464 jussitque
3556 1411 3660 1450 nos

2024 1474 2178 1531 solos
2208 1491 2277 1531 ex
2306 1474 2445 1531 viris
2476 1479 2722 1529 matrem
2752 1491 2967 1547 easque
3008 1479 3294 1534 comitari.
3348 1482 3658 1539 Venientes

2024 1580 2160 1635 ergo
2192 1564 2263 1619 ad
2321 1564 2815 1634 diversorium,et
2872 1566 3293 1636 praestolantaes
3350 1570 3661 1627 adventum

2026 1652 2206 1722 illius,
2266 1652 2740 1723 colloquebamur
2785 1652 3051 1710 invicem.
3113 1657 3246 1712 Post
3302 1664 3392 1714 sat
3452 1660 3665 1716 multas

2026 1758 2161 1797 vero
2179 1740 2353 1796 horas
2382 1741 2579 1796 Petrus
2604 1757 2925 1811 regressus,
2950 1745 3172 1816 accepit
3194 1763 3424 1818 panem,
3448 1750 3665 1820 gratias

285 1846 365 1904 νὰς
394 1840 446 1897 δὲ
477 1826 621 1914 ὥρας
674 1840 702 1894 6
756 1839 958 1913 Πέτρος
1008 1835 1201 1904 ἐλθὼν,
1251 1833 1339 1888 καὶ
1389 1834 1546 1908 ἄρτον
1597 1826 1806 1897 λαϐὼν,
1839 1829 1918 1884 εύ-

2049 1830 2165 1901 egit,
2195 1829 2504 1894 benedixit,
2521 1831 2897 1901 consecravit,
2925 1832 3113 1904 fregit,
3136 1839 3193 1889 et
3214 1837 3385 1891 matri
3408 1838 3665 1909 primum

286 1933 625 2008 χαριστήσας,
669 1927 996 2003 εὐλογήσας,
1043 1925 1287 2000 ἁγιάσας,
1346 1921 1570 1994 κλάσας,
1619 1923 1687 1993 τῇ
1753 1916 1919 1992 μητρὶ

287 2024 481 2096 πρῶτον
542 2014 787 2073 ἐπέδωκε
843 2017 909 2085 ⁵⁷,
966 2013 1057 2068 καὶ
1121 2012 1253 2085 μετὰ
1323 2009 1543 2080 ταύτην,
1602 2010 1737 2080 ἡμῖν
1804 2011 1919 2067 τοῖς

284 2110 406 2170 υἱοῖς
450 2109 511 2165 ⁸³.
546 2105 651 2161 Καὶ
701 2104 872 2164 οὕτως
922 2101 1058 2175 αὐτῇ
1106 2098 1549 2171 συνειστιάθημεν
1600 2100 1664 2170 ⁵9,
1694 2098 1783 2151 καὶ
1829 2096 1921 2150 τὸν

285 2196 480 2253 διδόντα
504 2195 720 2273 τροφὴν
754 2193 881 2248 Θεὸν
914 2189 1313 2265 εύλογήσαμεν.

345 2309 465 2361 CXI.
496 2301 637 2357 Τότε
680 2299 873 2356 λοιπὸν
923 2298 951 2351 6
1000 2294 1228 2370 Πέτρος,
1269 2295 1362 2350 τὸν
1413 2290 1584 2370 ὄχλον
1635 2290 1922 2363 εἰσεληλυ-

283 2392 397 2448 θότα
442 2389 597 2460 ἰδὼν,
646 2389 866 2450 καθίσας
914 2386 1096 2456 αὐτὸς,
1126 2384 1215 2440 καὶ
1260 2387 1305 2422 ⁶⁰
1350 2386 1499 2457 ἡμᾶς
1551 2380 1609 2438 δὲ
1655 2382 1924 2457 παρακαθ-

285 2488 481 2551 εσθῆναι
529 2477 820 2549 κελεύσας,
870 2476 1136 2554 ὑφηγοῖτο
1194 2474 1305 2528 τίνι
1370 2471 1524 2548 λόγῳ
1591 2469 1921 2548 προπέμψας

284 2572 415 2642 ἡμᾶς
461 2569 565 2623 ἀπὸ
615 2572 714 2622 τοῦ
764 2566 1165 2642 βαπτίσματος,
1195 2562 1353 2624 αὐτὸς
1400 2558 1663 2637 βραδύνας
1696 2558 1918 2629 ἐπῆλθε.

285 2659 377 2727 Τὴν
434 2655 490 2711 δὲ
548 2655 727 2711 αἰτίαν
799 2652 978 2729 ἔλεγεν
1028 2655 1071 2690 ³¹
1125 2651 1258 2706 εἶναι
1296 2649 1575 2719 τοιαύτην·
1629 2655 1783 2721 ’Ἅμα
1847 2650 1925 2719 τῷ

289 2748 431 2819 ὑμᾶς,
480 2745 674 2825 φησὶν,
707 2742 1010 2812 ἀποστῆναί
1068 2744 1113 2778 ⁶²
1174 2762 1298 2814 μου,
1331 2740 1505 2815 γέρων
1562 2760 1645 2800 τις
1696 2736 1848 2810 συῄει
1879 2739 1924 2773 ⁸³

289 2835 589 2911 περίεργος,
672 2830 925 2888 κλέπτων
1005 2830 1191 2885 ἑαυτὸν
1262 2831 1350 2897 δι,
1428 2828 1517 2882 καὶ
1592 2825 1927 2902 βουλόμενος

290 2926 403 2999 όρᾷν
459 2928 524 2993 ⁸⁸,
588 2922 755 2983 αὐτὸς
822 2922 896 2994 μή
958 2919 1200 2994 ὁρᾶσθαι*
1260 2916 1349 2971 καὶ
1404 2916 1929 2991 προκατασκοπήσας

290 3016 445 3086 ἡμᾶς,
479 3013 553 3076 ὡς
587 3010 756 3073 αὐτὸς
788 3009 1007 3084 ὕστερον
1041 3006 1397 3081 ὡμολόγησε,
1428 3006 1564 3082 πρὸς
1594 3005 1655 3059 τὸ
1700 3002 1829 3059 ἰδεῖν
1874 3002 1928 3058 τί

294 3103 347 3157 ἃν
390 3102 475 3157 καὶ
524 3100 867 3177 πράττοιμεν
914 3098 990 3160 εἰς
1032 3097 1124 3151 τὸν
1176 3095 1447 3150 σκεπεινὸν
1493 3094 1658 3149 τόπον
1707 3092 1929 3170 γενόμε-

289 3213 381 3262 νοι,
420 3190 593 3267 λάθρα
648 3183 832 3256 ἐκϐὰς,
881 3183 1280 3256 ἠκολούθησεν.
1326 3183 1457 3238 Εἶτα
1504 3185 1548 3220 ⁸⁸
1590 3181 1642 3237 ἐν
1695 3179 1929 3258 εὐκαίρῳ

288 3279 429 3351 τόπῳ
456 3282 499 3316 ⁵⁷
535 3299 641 3352 μοι
688 3272 1006 3352 προσελθὼν
1057 3294 1147 3327 και
1194 3269 1632 3348 προσαγορεύσας
1681 3268 1804 3347 ἔφη·
1840 3272 1933 3326 Ἐκ

292 3366 489 3423 πολλοῦ
523 3388 615 3422 σοι
648 3363 964 3427 ἀκολουθῶν
993 3361 1084 3417 καὶ
1118 3365 1395 3435 συντυχεῖν
1438 3357 1634 3414 ἐθέλων
1666 3361 1733 3427 ⁸⁸,
1762 3355 1929 3433 ᾐδού-

298 3480 412 3529 μην,
447 3458 654 3529 μήπως
689 3453 762 3515 ὡς
794 3450 1065 3528 περιέργῳ
1117 3470 1211 3522 μοι
1257 3446 1599 3523 χαλεπήνῃς·
1629 3451 1720 3501 νῦν
1770 3444 1829 3501 δὲ
1868 3445 1936 3501 τὰ

300 3544 547 3601 δοκοῦντα
591 3542 723 3616 ἐμοὶ
773 3538 977 3611 ἀληθῆ,
1027 3537 1193 3614 λέγω,
1252 3536 1297 3592 εἷ
1348 3534 1556 3611 βούλει.
1591 3536 1757 3611 Κάγὼ
1805 3534 1936 3589 ἀπε-

298 3636 578 3710 κρινάμην·
644 3630 781 3705 Λέγε
827 3632 961 3702 ἡμῖν
1014 3628 1145 3701 ὅπερ
1196 3646 1281 3680 σοι
1338 3623 1486 3679 δοκεῖ
1547 3622 1714 3679 καλὸν
1780 3624 1936 3696 εἶναι,

305 3724 384 3778 καὶ
414 3720 792 3794 ἀποδεξόμεθά
821 3738 897 3789 σε,
929 3716 1026 3771 κᾶν
1050 3714 1128 3789 τῷ
1157 3710 1272 3769 ὄντι
1306 3716 1380 3788 μὴ
1411 3711 1579 3769 καλὸν
1675 3714 1737 3769 τὸ
1786 3712 1943 3788 λεγό-

309 3834 480 3886 μενον,
509 3809 758 3883 ἐπείπερ
790 3807 959 3883 ἀγαθῇ
1002 3804 1312 3881 προαιρέσει
1359 3802 1423 3858 τὸ
1473 3799 1670 3859 δοκοῦν
1719 3823 1804 3857 σοι
1847 3822 1944 3858 κα-

310 3901 398 3958 λὸν
426 3902 598 3957 εἴπεῖν
629 3895 926 3968 ἠθέλησας.

374 4010 527 4065 CXII.
565 4004 727 4061 Καὶὸ
768 4002 943 4077 γέρων
987 4004 1085 4056 τοῦ
1132 3998 1304 4075 λέγειν
1354 3996 1555 4073 ἤρξατο
1602 3997 1796 4061 οὕτως’
1843 4005 1946 4054 Θα-

310 4094 471 4170 λάσσῃ
519 4096 667 4168 ὑμᾶς
713 4090 1077 4163 λελουμένους
1124 4087 1201 4149 είς
1261 4087 1352 4142 τὸν
1407 4086 1716 4164 ἀπόκρυφον
1781 4088 1946 4143 τόπον

312 4184 775 4262 ὑποχωρήσαντας
838 4176 986 4251 ἰδὼν,
1048 4174 1389 4252 προσελθὼν,
1463 4174 1637 4248 λάθρα
1699 4172 1951 4231 κατεσκό-

310 4294 436 4329 πουν
466 4274 528 4327 τὸ
558 4270 617 4327 τί
665 4268 723 4324 ἂν
775 4267 826 4323 έν
861 4270 1039 4345 κρυφῇ
1069 4268 1115 4303 ⁸9
1142 4264 1448 4341 πράττοιτε.
1484 4263 1583 4317 Καὶ
1631 4262 1816 4332 ἐπειδὴ
1866 4264 1952 4319 εύ-

313 4361 585 4437 χομένους
643 4355 804 4424 εἶδον,
864 4356 1221 4430 ὑπεχώρησα,
1280 4352 1371 4407 καὶ
1422 4351 1648 4422 ἐλεήσας
1712 4356 1757 4389 ⁷ο
1816 4354 1955 4426 ὑμᾶς

314 4452 585 4523 ἀνέμεινα,
640 4447 789 4508 ὅπως
838 4449 882 4484 τί
932 4444 1104 4498 πείσω
1158 4444 1233 4515 μή
1294 4442 1611 4495 ἀπατᾶσθαι·
1675 4438 1798 4496 οὔτε
1853 4442 1956 4518 γὰρ

318 4541 441 4602 Θεὸς
498 4536 666 4608 ἔστιν,
724 4532 847 4589 οὔτε
898 4531 1148 4608 πρόνοια’
1210 4527 1354 4585 ἀλλὰ
1410 4529 1611 4603 γενέσει
1668 4531 1734 4584 τὰ
1788 4530 1961 4585 πάντα

320 4629 616 4692 ὑπόκειται,
648 4625 721 4687 ὡς
754 4623 858 4699 ἐγὼ
908 4621 987 4699 ἐφ’
1020 4621 1101 4681 οἷς
1147 4617 1386 4672 πέπονθα
1431 4616 1957 4695 πεπληροφόρημαι,

320 4713 551 4792 ἀκριϐῶν
589 4714 647 4769 ἐκ
702 4710 917 4767 πολλοῦ
955 4709 1017 4763 τὸ
1064 4709 1309 4780 μάθημα.
1342 4708 1429 4775 Μὴ
1482 4704 1573 4761 οὗν
1617 4707 1823 4761 ἀπατῶ·
1858 4704 1965 4762 εἷ’τε

319 4807 414 4880 γὰρ
447 4804 608 4880 εὔχῃ,
641 4800 747 4857 εἴτε
777 4804 821 4837 ⁷²
850 4799 940 4854 καὶ
977 4798 1077 4871 μὴ,
1107 4796 1175 4851 τὰ
1222 4795 1281 4850 ἐκ
1326 4797 1423 4864 τῆς
1472 4797 1730 4869 γενέσεως
1777 4797 1961 4851 παθεῖν

322 4892 376 4947 ἂν
424 4892 578 4968 ἔχοις
621 4895 689 4949 τε,
730 4889 801 4945 Αἱ
848 4888 952 4963 γὰρ
1005 4885 1162 4959 εύχαὶ
1211 4882 1257 4938 εἷ
1309 4880 1560 4938 ἐδύναντό
1606 4904 1683 4956 τι,
1721 4884 1756 4952 ἢ
1804 4884 1867 4938 τὸ
1909 4882 1965 4938 εὖ

319 4988 515 5053 ποιεῖν,
568 4979 728 5041 αὐτὸς
780 4978 837 5031 ἂν
888 4975 941 5030 ἐν
984 4980 1100 5035 τοῖς
1148 4972 1448 5048 κρείττοσιν
1498 4969 1674 5045 ἤμην.
1726 4972 1825 5026 Καὶ
1872 4975 1963 5027 νῦν

325 5070 367 5124 εἰ
398 5072 473 5143 μὴ
507 5071 565 5125 σε
596 5070 770 5138 ἀπατᾷ
797 5067 832 5137 ἠ
866 5063 1102 5139 πενιχρά
1144 5082 1249 5135 μου
1300 5060 1431 5131 αὕτη
1484 5060 1658 5134 ἐσθής,
1692 5060 1795 5115 οὐκ
1840 5060 1966 5115 ἀπι-

2031 1919 2209 1986 dedit,
2242 1935 2305 1973 ac
2329 1923 2457 1989 post
2487 1934 2613 1973 eam
2641 1919 2810 1974 nobis
2839 1921 2967 1990 ejus
2999 1921 3154 1977 ﬁliis.
3187 1926 3373 1995 Atque
3403 1926 3482 1981 ita
3534 1945 3667 1983 cum

2029 2024 2096 2063 ea
2126 2008 2507 2073 comedimus,
2542 2008 2842 2080 Deumque
2872 2009 2985 2063 cibi
3017 2009 3349 2084 largitorem
3395 2014 3670 2074 laudibus

2030 2096 2322 2169 prosecuti
2354 2112 2581 2151 sumus.

2101 2293 2239 2349 CXI.
2273 2294 2425 2348 Tum
2458 2292 2730 2366 deinceps
2762 2298 2985 2363 Petrus,
3014 2295 3346 2369 ingressum
3391 2303 3670 2374 populum

2029 2383 2254 2451 videns,
2286 2398 2419 2438 cum
2450 2382 2574 2453 ipse
2605 2383 2984 2453 consedisset,
3019 2403 3242 2459 nosque
3263 2390 3544 2459 jussisset
3574 2411 3667 2449 as-

2032 2472 2240 2537 sidere,
2274 2470 2516 2527 docebat
2544 2488 2659 2543 qua
2680 2473 2900 2528 ratione
2926 2474 3095 2531 nobis
3123 2484 3256 2547 post
3308 2480 3666 2551 baptismum

2032 2560 2373 2633 praemissis,
2414 2561 2539 2631 ipse
2568 2561 2729 2616 tarde
2772 2562 3059 2618 rediisset.
3085 2564 3332 2623 Causam
3364 2585 3495 2626 vero
3525 2570 3643 2627 han

2033 2666 2160 2705 esse
2184 2649 2429 2704 dicebat.
2462 2648 2645 2704 Simul
2703 2654 2876 2722 atque
2924 2669 3047 2718 vos,
3107 2653 3317 2725 inquit,
3351 2676 3384 2713 a
3423 2676 3516 2715 me
3554 2662 3672 2716 dis-

2033 2737 2317 2806 cessistis,
2349 2754 2523 2793 senex
2549 2738 2787 2809 quidam
2817 2742 3085 2798 curiosus
3141 2745 3317 2812 venit,
3379 2750 3675 2805 occultans

2035 2844 2117 2895 se,
2152 2831 2321 2898 atque
2349 2825 2551 2881 volens
2582 2842 2813 2883 cernere
2853 2846 2956 2884 nec
3006 2830 3129 2901 ipse
3187 2834 3343 2888 cerni
3376 2852 3389 2889 :
3425 2853 3677 2909 cumque

2036 2932 2143 2971 nos
2184 2915 2346 2987 prius
2403 2916 2790 2982 observasset,
2849 2917 3000 2972 sicut
3053 2919 3176 2989 ipse
3235 2928 3434 2993 postea
3481 2925 3673 2981 fassus

2037 3009 2144 3075 est,
2172 3009 2237 3059 ut
2260 3004 2478 3058 videret
2500 3003 2781 3074 quidnam
2806 3005 2865 3059 in
2917 3006 3145 3062 obtecto
3180 3009 3303 3066 loco
3334 3014 3507 3083 positi
3537 3032 3677 3087 age-

2038 3109 2255 3160 remus,
2289 3092 2437 3147 clam
2467 3091 2625 3159 exiit,
2659 3097 2715 3147 et
2743 3098 2981 3150 secutus
3010 3102 3116 3151 est.
3152 3098 3358 3155 Postea
3380 3102 3437 3157 in
3472 3120 3677 3175 oppor-

2040 3189 2183 3238 tuno
2209 3180 2335 3238 loco
2358 3197 2447 3236 me
2479 3182 2849 3247 conveniens,
2880 3200 2945 3238 ac
2975 3185 3261 3254 salutans,
3292 3190 3438 3245 dixit
3468 3210 3481 3247 :
3515 3192 3677 3248 Jam-

2043 3271 2140 3326 diu
2172 3274 2227 3325 te
2258 3286 2530 3341 sequens,
2572 3274 2628 3324 et
2656 3270 2871 3341 alloqui
2904 3273 3164 3345 cupiens,
3196 3279 3436 3333 verebar
3483 3298 3553 3336 ne
3586 3299 3678 3338 me

2039 3365 2323 3431 tanquam
2354 3357 2653 3413 curiosum
2683 3375 2832 3430 aegre
2862 3359 3076 3417 ferres:
3113 3381 3268 3420 nunc
3303 3373 3498 3423 autem
3549 3386 3677 3440 quas

2045 3448 2186 3503 mihi
2220 3465 2355 3503 vera
2383 3446 2673 3517 videntur,
2707 3448 2756 3502 si
2787 3449 2894 3518 vis,
2927 3452 3172 3522 profero.
3208 3455 3276 3509 Et
3304 3472 3407 3527 ego
3440 3473 3679 3529 respon-

2045 3537 2104 3593 di
2129 3555 2141 3593 :
2176 3537 2457 3607 Eloquere
2486 3536 2654 3591 nobis
2681 3539 2833 3607 quod
2878 3539 2983 3593 tibi
3014 3540 3244 3597 videtur
3264 3561 3392 3600 esse
3421 3546 3638 3602 bonum
3668 3565 3683 3616 ;

2048 3632 2103 3684 et
2127 3625 2499 3681 laudabimus
2530 3629 2607 3692 te,
2640 3624 2774 3680 licet
2795 3643 2993 3683 revera
3022 3632 3176 3700 quod
3210 3632 3442 3704 dixeris,
3468 3635 3686 3692 bonum

2051 3733 2167 3771 non
2200 3713 2409 3783 fuerit;
2452 3713 2730 3784 quoniam
2764 3716 3035 3786 prudenti
3068 3721 3330 3790 consilio,
3389 3740 3510 3779 rem
3561 3742 3686 3797 quae

2055 3803 2158 3860 tibi
2189 3802 2313 3858 visa
2340 3806 2430 3857 est
2467 3802 2638 3869 bona,
2670 3803 2920 3859 volueris
2942 3806 3229 3879 proloqui.

2128 3999 2295 4056 CXII.
2353 3998 2502 4053 Tum
2549 4014 2723 4053 senex
2778 3998 2862 4054 ita
2908 4001 3068 4057 effari
3127 4005 3335 4076 coepit:
3396 4007 3527 4063 Vidi
3564 4025 3689 4081 vos,

2060 4086 2446 4164 postquamin
2472 4086 2615 4141 mari
2644 4087 2951 4153 lavissetis,
2988 4092 3056 4145 ad
3088 4095 3592 4154 occultumlocum
3612 4114 3705 4155 se-

2062 4176 2354 4241 cessisse;
2386 4173 2524 4242 adii,
2566 4173 2714 4228 clam
2770 4176 3109 4246 speculatus
3158 4198 3287 4235 sum
3348 4184 3588 4253 quidam
3644 4185 3706 4241 in

2065 4264 2261 4322 abdito
2319 4262 2604 4333 ageretis:
2639 4280 2889 4334 cumque
2913 4282 3012 4321 vos
3059 4274 3292 4325 orantes
3324 4274 3706 4347 aspexissem,

2066 4351 2278 4411 secessi
2313 4369 2326 4419 ;
2361 4357 2418 4406 et
2447 4351 2619 4405 vestri
2654 4353 2949 4424 misertus,
2983 4360 3329 4428 exspectavi,
3361 4366 3426 4416 ut
3464 4379 3711 4434 persua-

2068 4444 2262 4497 derem
2297 4455 2367 4494 ne
2401 4438 2703 4495 fallamini.
2736 4441 2935 4512 Neque
2967 4444 3120 4500 enim
3156 4446 3308 4503 Deus
3360 4454 3468 4515 est,
3521 4467 3709 4522 neque

2068 4528 2437 4585 Providentia
2468 4544 2480 4582 :
2515 4529 2613 4582 sed
2648 4530 2845 4600 genesi
2878 4539 3087 4587 cuncta
3114 4536 3419 4606 subjacent
3451 4555 3464 4591 :
3503 4555 3707 4610 quem-

2071 4617 2387 4674 admodum
2418 4633 2487 4671 ex
2527 4616 2596 4671 iis
2622 4633 2749 4687 quae
2782 4618 2926 4673 mihi
2958 4622 3311 4691 acciderunt,
3353 4624 3520 4696 plene
3578 4642 3711 4698 per-

2073 4723 2284 4762 suasus
2324 4706 2853 4776 sum,jampridem
2885 4710 3198 4766 mathesim
3231 4713 3539 4785 diligenter
3567 4714 3709 4769 edo-

2073 4801 2223 4852 ctus.
2252 4798 2334 4848 Ne
2356 4809 2491 4865 ergo
2526 4793 2778 4850 fallaris:
2808 4797 2926 4852 sive
2948 4799 3100 4854 enim
3134 4802 3405 4872 preceris,
3432 4803 3549 4859 sive
3571 4820 3712 4868 non,

2075 4900 2143 4939 ea
2174 4899 2298 4954 quae
2330 4886 2493 4937 ortus
2537 4884 2849 4955 portendit,
2898 4890 3222 4944 necessario
3281 4891 3545 4947 accident
3588 4892 3714 4947 tibi.

2075 4976 2223 5027 Nam
2255 4971 2303 5026 si
2345 4986 2541 5041 preces
2591 4979 2829 5042 possent
2859 4974 3099 5046 aliquid,
3162 4983 3262 5033 aut
3322 4980 3473 5035 bona
3521 4997 3712 5052 opera,

2078 5062 2201 5132 ipse
2232 5059 2383 5113 inter
2406 5058 2689 5130 primores
2719 5078 2930 5119 essem.
2965 5067 3043 5120 Ac
3075 5083 3251 5133 nunc,
3285 5067 3397 5123 nisi
3418 5071 3474 5124 te
3505 5067 3719 5139 decipit

1664 5206 1905 5262 VARI/E
1955 5202 2251 5261 LECTION
2258 5202 2359 5258 ES.

396 5311 439 5384 f0
468 5309 735 5379 ἐλθόντες,
771 5306 1025 5384 βα-πτίσαι
1056 5303 1219 5384 αύτῂν
1252 5298 1593 5384 δυνηθείημεν.
1642 5302 1793 5384 Πλὴν
1840 5302 2096 5384 έπζτξδνη
2129 5298 2393 5384 αῗγιαλσῶν
2438 5298 2759 5384 γενομένων.
2793 5304 2832 5337 ⁵¹
2866 5303 3027 5384 deest
3073 5306 3131 5361 in
3166 5308 3240 5363 al.
3286 5309 3331 5343 59
3363 5307 3437 5362 al.
3471 5307 3522 5360 οἱ
3556 5303 3715 5361 ἀδελ..

447 5387 554 5459 τῷν
585 5404 639 5459 γ,
762 5372 862 5459 καὶ.
882 5372 1881 5459 uidetflvit:'61rex.“53‘al.'xe):evﬁcuc
1930 5372 2136 5456 ἀνδρων
2169 5372 2227 5459 τε
2260 5372 2610 5459 μένοὶιςὴμςίν
2646 5392 2694 5459 σ’.
2725 5394 2775 5428 τ.

2832 5394 2890 5452 μ.Ζ
2922 5376 3013 5452 καὶ
3058 5382 3175 5439 ταῖς
3222 5378 3405 5439 αὐταῖς
3454 5378 3715 5452 γυναιξίν.

330 5401 418 5509 ςέι
447 5402 554 5436 των
585 5404 639 5459 γ,
671 5402 729 5458 χ.
762 5401 850 5435 και
882 5401 1047 5433 αΛΛοι
1073 5401 1214 5462 τιὲες
1248 5401 1406 5449 υπεχ.
1441 5401 1486 5410 ⁷·
1516 5401 1591 5430 αι.
1625 5401 1881 5437 κεΛευσας
1930 5401 2136 5456 ανοριξιν
2170 5401 2227 5426 ιι
2260 5401 2443 5443 μυνυιι,
2483 5401 2609 5442 ’,μιν
2646 5401 2694 5426 CI.
2725 5401 2775 5428 τ.
2832 5401 2889 5445 μ.
2923 5401 3013 5430 και
3058 5401 3175 5439 ταις
3222 5401 3405 5439 αυταις
3454 5401 3714 5452 γυναιζιν.

396 5451 479 5508 λθ,
513 5456 555 5489 ⁸⁸
582 5456 657 5512 al.
692 5453 787 5513 είς.
820 5454 864 5487 ⁸⁵
890 5450 963 5507 a1.
1001 5448 1197 5520 ἐλθειν.
1229 5448 1275 5520 ἐξ
1304 5448 1377 5520 al.
1412 5441 1785 5520 διελεγόμεθα.
1819 5449 1861 5482 ⁸⁷
1892 5448 2055 5520 deest
2084 5463 2144 5500 1n
2165 5444 2247 5520 _al.
2278 5445 2324 5520 ξε
2355 5442 2596 5520 al.__ad_d.
2623 5442 2815 5520 αὐτῆς.
2850 5448 2893 5481 ⁵9
2941 5448 3062 5504 ί]Ἑο
3109 5452 3321 5505 desunt
3352 5452 3409 5505 in
3456 5450 3530 5505 al.
3565 5453 3609 5487 σο
3639 5451 3714 5506 al.

328 5525 596 5589 καθεσθεὶς
624 5526 736 5581 καί.
758 5527 802 5562 ⁶¹
832 5525 995 5579 deest
1023 5522 1082 5576 in
1112 5519 1187 5575 al.
1220 5519 1266 5553 ⁶²
1297 5519 1463 5574 deest
1489 5513 1640 5574 inal.
1660 5520 1705 5553 ⁸³
1737 5521 1812 5574 al.
1847 5517 2112 5590 συνεισῄει
2162 5513 2392 5623 ἐργάτης
2421 5515 2466 5548 ⁶⁴
2494 5513 2569 5569 al.
2622 5514 2829 5587 ἑαυτὸν,
2878 5537 3109 5594 προκατ.
3157 5523 3202 5556 ⁸⁸
3251 5522 3325 5577 al.
3378 5519 3715 5595 βουλόμενος

334 5596 471 5623 x-.~_-.
528 5599 569 5623 ιιι
601 5599 650 5623 ,ι
709 5592 1059 5623 ,ιμπολωρη
1091 5591 1203 5623 ει-..
1257 5589 1300 5623 o7
1328 5589 1483 5623 Αοοοι
1521 5589 1574 5623 ς..
1612 5588 1659 5623 ..1
1729 5590 1773 5623 ea
1806 5590 1853 5623 r.1
1924 5586 2094 5623 βέλη...
2166 5588 2187 5623 6
2242 5585 2290 5623 οι
2364 5583 2608 5623 νηιυηηιι..
2659 5586 2912 5623 sunt..-“
2965 5592 3088 5623 70-1
3162 5589 3387 5623 nm---
3440 5588 3496 5623 Μ
3548 5596 3586 5623 -ιι
3640 5594 3688 5623 ..ι

332 5586 676 5668 δρῶνζωδι.
708 5589 1300 5668 εἰσελθόντεςίείτακξτ
1322 5589 1578 5668 dees_t_in
1610 5588 1773 5668 al.“68
1800 5590 1898 5668 al._
1924 5586 2117 5668 θέλων.

2240 5583 2314 5643 al.
2364 5583 2608 5662 κρυφαίῳ
2659 5583 2932 5654 εἰσιόντεςξ
2965 5592 3009 5628 7°
3038 5592 3114 5651 al.
3162 5583 3387 5665 ἐλεήσαὲ
3438 5588 3515 5651 δέ.
3548 5583 3588 5632 ll
3639 5594 3715 5656 al.

333 5655 512 5727 iuser.
542 5668 737 5745 ἐξιοῦσι
760 5663 1197 5748 προσομιλήσας.
1230 5661 1276 5697 ⁷²
1306 5661 1469 5719 deest
1496 5658 1555 5716 in
1589 5660 1664 5719 al.
1693 5662 1738 5699 ⁷³
1764 5660 1839 5718 al.
1874 5659 2105 5742 ἀνάγκην
2138 5655 2307 5737 ἔχεις.
