4014 6202
268 405 361 463 553

962 400 1496 463 CLEMENTINA.
1524 435 1603 449 ——
1633 401 1983 463 EPITOME
2032 405 2130 463 DE
2173 406 2445 469 GESTIS
2491 410 2555 469 S.
2605 408 2866 469 PETRI.

3493 411 3612 471 554

267 538 362 607 μεῖν
384 529 469 606 γὰρ
498 527 684 600 ἐστι,τὸ
715 524 893 605 λέγειν
935 530 1138 604 γενέσει
1182 530 1494 586 ὑποκεῖσθαι
1542 531 1609 586 τὰ
1656 531 1847 596 πάντα,

1975 533 2178 591 [edicta
2200 539 2257 591 et
2276 536 2672 609 blasphemiae
2690 539 3009 610 conjiciunt
3029 542 3051 593 Ρ
3072 539 3386 611 Respondit
3405 557 3607 596 senex:

260 620 424 696 κάγὼ¹
461 617 585 693 πρὸς
634 611 812 671 αὐτόν·
876 618 973 673 Καὶ
1030 620 1190 677 πάνυ.
1248 616 1321 674 E’L'
1359 620 1459 696 γὰρ
1490 623 1512 656 ³
1555 619 1645 674 καὶ
1691 624 1855 673 πᾶσαι

260 711 304 765 αἱ
335 711 427 763 τῶν
472 704 757 781 ἀνθρώπων
807 705 1065 783 ἁμαρτίαι
1110 706 1201 763 καὶ
1254 703 1490 763 ἀσέϐειαι
1540 707 1629 762 καὶ
1677 705 1806 762 ἀσέλ
1833 740 1857 750 -

257 817 373 873 γειαι
420 793 467 865 ἐξ
508 793 764 869 ἀστέρων,
812 794 888 857 ὡς
927 794 990 850 σὺ
1039 797 1173 874 φῆς,
1224 796 1486 873 γίνονται⁹
1523 796 1587 851 τὸ
1637 793 1695 851 δὲ
1730 794 1855 858 τοὺς

258 886 445 959 ἀστέρας
469 887 629 939 ταῦτα
657 885 679 919 ³
707 888 882 939 ποιεῖν
939 885 1041 940 ὑπὸ
1071 889 1206 940 Θεοῦ
1252 885 1502 940 τέτακται
1534 888 1578 955 ⁴,
1603 882 1695 939 ’ίνα
1723 885 1858 938 πάν-

254 994 342 1028 των
385 970 627 1048 χαλεπῶν
692 971 1107 1029 ἀποτελεπικοὶ
1164 975 1474 1050 γένωνται,
1530 974 1585 1029 αἱ
1642 975 1855 1029 πάντων

253 1062 472 1138 ἁμαρτίαι
501 1064 522 1099 ⁸
548 1062 765 1125 πάντως
804 1059 907 1138 ἄρα
934 1062 1025 1119 καὶ
1060 1062 1137 1127 εἲς
1168 1062 1327 1119 αὐτὸν
1360 1061 1715 1142 ἀναφέρονται
1764 1061 1855 1118 τὸν

248 1152 329 1219 τὴν
353 1150 539 1228 γένεσιν
566 1147 777 1208 ἐνθέντα
804 1153 827 1189 ⁸
852 1156 971 1215 τοῖς
998 1151 1236 1230 ἄστροις.

304 1327 440 1385 GKV.
471 1326 565 1382 Καὶ
612 1327 642 1384 ὁ
686 1327 857 1404 γέρων
891 1330 931 1387 ⁸.
980 1328 1231 1401 ’Δληθῶς
1260 1333 1283 1369 θ
1311 1325 1465 1410 ἔφης·
1518 1329 1666 1387 ἀλλά
1714 1329 1859 1405 πάσῃ

244 1418 409 1490 σουτῇ
443 1411 820 1493 ἀπαραῦλῆτῳ
849 1416 1118 1491 ἀποδείξει
1166 1422 1203 1491 ἡ
1254 1418 1361 1495 ἐμή
1409 1417 1691 1494 ἐμποδίζει
1740 1440 1860 1474 συν-

244 1504 441 1576 είδησις.
473 1506 617 1582 Ἐγὼ
644 1506 747 1583 γὰρ
797 1505 1134 1585 ἀστρολόγος
1181 1506 1278 1583 ὢν,
1308 1508 1398 1565 καῖ
1444 1509 1663 1582 Ῥώμην
1714 1512 1863 1585 πρῶ-

240 1615 314 1651 τον
340 1594 552 1666 οἰκήσας
600 1598 663 1668 ¹⁰,
696 1594 810 1651 εἶτα
855 1595 1136 1673 φιλιωθείς
1181 1619 1287 1655 τινι
1328 1598 1465 1675 πρὸς
1510 1598 1696 1675 γένους
1745 1594 1860 1654 ὄντι

242 1684 491 1759 Καίσαρος,
539 1683 708 1739 αὐτοῦ
749 1706 810 1741 τε
853 1686 943 1741 καὶ
1000 1693 1103 1757 τῆς
1151 1682 1385 1762 συμϐίου
1429 1689 1530 1757 τὴν
1579 1686 1785 1762 γένεσιν
1817 1688 1858 1724 ¹¹

241 1768 448 1848 ἀκριϐῶς
502 1772 825 1847 ἠπιστάμην
858 1818 873 1845 ,
922 1775 1011 1830 καὶ
1062 1777 1352 1852 ἱστορήσας
1406 1774 1722 1838 ἀκολούθως
1767 1776 1859 1837 τὰς

238 1862 424 1937 πράξεις
463 1859 912 1926 ἀποτελεσθείσας
960 1867 1001 1902 ³³
1041 1864 1216 1920 αὐτῶν
1265 1868 1334 1938 τῇ
1384 1864 1622 1939 γενέσει,
1672 1862 1859 1941 λόγοις

240 1949 401 2020 μόνοις
449 1952 492 1990 ¹³
530 1949 637 2006 οὐκ
678 1948 795 2027 ἔχω
844 1973 928 2007 σοι
958 1951 1251 2018 πείθεσθαι.
1284 1955 1383 2009 Ἦν
1432 1952 1537 2030 γὰρ
1580 1960 1682 2022 τῆς
1713 1952 1859 2028 γενέ·

235 2058 348 2101 σεως
394 2038 575 2102 αὐτοῖς
629 2042 673 2077 ¹⁴
715 2041 778 2095 τὸ
819 2037 1066 2116 διάθεμα,
1116 2046 1307 2098 ποιοῦν
1363 2039 1652 2118 μοιχάδας,
1705 2038 1857 2097 ἰδίων

233 2123 420 2182 δούλων
462 2126 697 2202 ἐρώσας,
741 2128 832 2184 καὶ
881 2128 969 2185 ἐπὶ
1016 2131 1169 2202 ξένης
1216 2131 1268 2186 ἐν
1302 2128 1453 2186 ὕδατι
1499 2128 1855 2201 θνησκούσας’

232 2214 358 2269 ’ὁκαὶ
414 2219 456 2255 ³⁵
512 2216 664 2272 οὕτω
717 2218 933 2294 γέγονεν
969 2261 983 2277 .
1042 2220 1356 2295 Ἐρασθεῖσα
1409 2220 1513 2295 γὰρ
1567 2223 1664 2275 τοῦ
1718 2216 1859 2274 ἰδίου

232 2300 428 2377 δούλου,
458 2304 547 2360 καὶ
582 2305 678 2361 τὸν
726 2305 895 2384 ψόγον
944 2306 1121 2387 φέρειν
1168 2308 1232 2365 οὑ
1276 2305 1571 2382 δυναμένη,
1616 2311 1859 2386 φυγοῦσα

230 2391 272 2447 ἐν
301 2396 341 2431 ¹⁶
382 2392 703 2470 ἀλλοδαπῇ,
733 2395 823 2451 καὶ
871 2396 1062 2470 κοίτης
1116 2398 1263 2472 αύτῷ
1305 2402 1692 2469 κοινωνήσασα,
1722 2397 1860 2454 κατὰ

230 2478 471 2543 θάλασσαν
506 2481 778 2561 διεφθάρη
813 2488 877 2544 ¹’⁷.

285 2573 455 2629 CXVI.
490 2574 662 2650 Κάγὼ
711 2575 1082 2652 ἀπεκρινάμην
1132 2578 1197 2615 ¹⁸ο
1226 2577 1325 2633 Καὶ
1373 2582 1491 2641 πῶς
1542 2580 1586 2617 ¹⁰
1634 2575 1737 2652 ἄρα
1764 2596 1858 2653 γι-

224 2659 424 2723 νώσκεις
470 2660 553 2716 ὅτι
594 2664 628 2733 ἠ
660 2668 923 2740 φυγοῦσα,
956 2662 1040 2719 ἐπ’
1084 2663 1405 2737 ἀλλοδαπῆς
1456 2665 1714 2743 γενομένη
1762 2665 1854 2721 τὸν

226 2744 397 2804 δοῦλον
430 2748 630 2826 ἔγημε,
663 2752 753 2806 καὶ
798 2754 1022 2829 γήμασα
1068 2753 1385 2827 ἐτελεύτησε
1415 2774 1430 2826 ;
1463 2757 1562 2811 Καὶ
1602 2755 1631 2810 ὁ
1658 2754 1855 2830 γέρων·

224 2836 488 2915 ’Δσφαλῶς
542 2837 673 2895 οἴδα
710 2840 950 2912 τάληθῆ,
983 2842 1093 2919 οὐχ
1142 2844 1225 2899 ὅτι
1276 2841 1498 2920 ἔγημεν,
1540 2842 1704 2898 ὁπότε
1734 2840 1861 2896 οὐδὲ

224 2924 293 2980 δτι
321 2926 425 3003 ἤρα
466 2928 792 3003 ἐγίνωσκον
845 2929 991 2986 ἀλλὰ
1042 2933 1175 3006 μετὰ
1218 2934 1317 3003 τὴν
1370 2932 1578 3004 ἐκείνης
1608 2934 1654 2970 ²⁰
1684 2930 1859 2986 ἀπαλ-

224 3011 382 3090 λαγὴν
427 3018 454 3074 ὁ
509 3016 754 3096 ἀδελφὸς
792 3024 891 3075 τοῦ
943 3019 1135 3098 ἀνδρὸς
1184 3022 1373 3096 αὐτῆς,
1432 3022 1597 3079 πάντα
1653 3043 1747 3096 μοι
1793 3021 1861 3075 τὰ

223 3104 341 3158 κατὰ
366 3104 455 3159 τὸν
484 3106 665 3176 αὐτῆς
714 3104 889 3183 ἔρωτα
932 3106 1256 3186 διηγήσατο,
1289 3112 1379 3167 καὶ
1425 3112 1501 3175 ὡς
1532 3112 1727 3186 σεμνὸς
1761 3118 1858 3182 ων,

226 3192 305 3247 ἅτε
332 3190 395 3262 δὴ
426 3193 514 3250 κάί
548 3193 814 3275 ἀδελφὸς,
846 3197 946 3254 οὐκ
975 3194 1250 3272 ἐϐουλήθη
1287 3207 1470 3275 μιᾶναι
1500 3202 1599 3271 τῆν
1644 3200 1857 3271 κοίτην.

1966 622 2212 692 Scilicet,
2246 625 2304 679 id
2337 631 2426 681 est
2457 626 2766 682 maledicta
2796 628 3075 698 conferre,
3108 628 3299 683 dicere
3329 629 3613 700 genituras

1968 711 2180 782 subjici
2211 713 2519 771 universa?
2548 716 2698 771 Tum
2747 732 2853 787 ego
2900 716 2971 771 ad
3002 732 3167 772 eum:
3211 718 3462 773 Omnino
3499 722 3610 773 est.

1967 799 2113 856 Nam
2136 801 2184 857 si
2217 818 2419 860 omnes
2458 803 2767 859 hominum
2798 820 3042 872 errores,
3075 808 3133 860 et
3176 804 3523 876 impietates,
3555 810 3613 861 et

1966 886 2367 961 impudicitia,
2390 908 2459 947 ex
2479 890 2685 958 stellis,
2709 892 3267 963 quemadmodumtu
3293 893 3399 960 ais,
3417 895 3613 949 oriun-

1967 980 2092 1046 tur;
2125 983 2191 1034 ut
2222 983 2416 1036 autem
2448 997 2515 1037 ea
2546 980 2761 1037 faciant
2782 979 2983 1052 stellas,
3017 998 3051 1036 a
3080 985 3192 1037 Deo
3224 982 3609 1038 constitutum

1968 1065 2098 1138 fuit,
2132 1084 2247 1139 quo
2286 1072 2628 1125 cunctorum
2678 1069 3033 1142 ﬂagitiorum
3082 1069 3397 1125 effectrices
3454 1070 3610 1140 sint;

1968 1156 2234 1212 omnium
2274 1163 2427 1214 certe
2457 1157 2668 1213 delicta
2699 1158 2771 1214 ad
2803 1174 2947 1214 eum
2986 1158 3224 1214 omnino
3258 1158 3610 1227 referuntur,

1969 1245 2071 1317 qui
2101 1244 2161 1299 in
2179 1246 2355 1303 astris
2389 1247 2651 1320 posuerit
2678 1246 2960 1320 genesim.

2038 1333 2198 1390 CXV.
2228 1335 2330 1390 7Et
2379 1352 2586 1392 senex:
2640 1336 2850 1393 Verum
2882 1335 2997 1405 ais;
3050 1337 3151 1392 sed
3183 1337 3343 1392 omni
3374 1340 3490 1393 tuae
3518 1336 3613 1393 in-

1969 1423 2352 1496 comparabili
2398 1425 2889 1481 demonstrationi
2929 1440 3058 1481 mea
3086 1425 3279 1481 obstat
3309 1426 3614 1482 conscien-

1968 1510 2071 1569 tia.
2103 1512 2222 1585 Ego
2253 1513 2431 1582 enim,
2477 1514 2578 1586 qui
2626 1513 2957 1586 astrologus
2991 1530 3146 1583 sum,
3179 1519 3236 1570 et
3272 1515 3466 1570 Romae
3496 1514 3614 1587 pri-

1970 1616 2134 1656 mum
2158 1601 2435 1672 habitavi,
2468 1607 2670 1675 postea
2697 1603 2924 1659 amicus
2955 1603 3145 1659 factus
3169 1603 3481 1674 cujusdam
3513 1603 3614 1675 qui

1970 1693 2095 1744 erat
2124 1705 2192 1745 ex
2221 1705 2433 1762 genere
2472 1690 2739 1758 Caesaris,
2772 1689 2879 1745 viri
2925 1688 3084 1744 illius
3135 1690 3448 1761 uxorisquc
3486 1690 3614 1761 ejus

1969 1777 2303 1849 genituram
2326 1780 2503 1849 probe
2525 1778 2696 1835 callui
2724 1797 2736 1845 ;
2763 1795 3014 1850 cumque
3034 1778 3302 1849 viderim,
3327 1795 3419 1834 res
3442 1782 3617 1850 prout

1968 1865 2190 1921 ferebat
2219 1882 2420 1922 eorum
2454 1867 2708 1939 genesis,
2751 1867 3032 1936 evenisse,
3084 1866 3225 1923 solis
3276 1867 3466 1922 verbis
3498 1885 3531 1922 a
3560 1872 3617 1922 te

1970 1970 2195 2026 nequeo
2230 1954 2586 2027 persuaderi.
2618 1956 2755 2011 Erat
2784 1955 2939 2010 enim
2971 1959 3134 2011 ortus
3164 1954 3428 2010 mulieris
3458 1954 3614 2026 posi-

1969 2048 2121 2113 tura,
2179 2060 2307 2115 quae
2366 2042 2621 2100 efﬁceret
2669 2043 2998 2116 adulteras,
3059 2060 3255 2099 amore
3312 2058 3614 2100 servorum

1969 2148 2212 2188 suorum
2235 2136 2459 2205 captas,
2490 2137 2547 2188 et
2568 2149 2806 2206 peregre
2826 2133 2886 2188 in
2912 2150 3067 2205 aqua
3094 2136 3431 2204 pereuntes:
3457 2132 3615 2203 quod

1967 2224 2025 2276 et
2053 2220 2135 2277 ita
2165 2221 2426 2295 contigit.
2464 2222 2609 2280 Nam
2655 2239 2782 2294 qua:
2831 2239 3063 2279 servum
3094 2239 3270 2277 suum
3302 2222 3615 2294 deperiret,

1967 2325 2074 2366 nec
2102 2310 2251 2367 ferre
2282 2314 2479 2383 posset
2507 2310 2908 2383 opprobrium,
2952 2310 3145 2367 solum
3193 2311 3329 2382 fuga
3357 2314 3611 2377 vertens,

1966 2402 2023 2455 et
2044 2415 2179 2455 cum
2208 2415 2275 2455 eo
2306 2400 2726 2469 concumbens,
2756 2400 2817 2456 in
2850 2400 2997 2457 mari
3030 2400 3220 2473 periit.

2037 2576 2224 2633 CXVI.
2277 2578 2396 2650 Ego
2454 2577 2761 2651 respondi:
2813 2579 2884 2633 Et
2940 2592 3194 2650 quonam
3254 2576 3426 2631 modo
3476 2575 3614 2645 scis,

1962 2664 2127 2737 illam
2158 2666 2498 2739 fugientem,
2544 2672 2601 2723 et
2644 2667 2705 2723 in
2736 2666 2925 2723 alieno
2973 2665 3095 2722 solo
3156 2665 3409 2738 positam
3458 2680 3622 2720 servo

1967 2755 2266 2830 nupsisse,
2300 2773 2366 2813 ac
2396 2756 2690 2813 interiisse
2721 2759 2857 2829 post
2885 2756 3124 2827 nuptias
3151 2758 3172 2809 ἓ
3202 2758 3396 2827 Atque
3427 2769 3622 2809 senex:

1967 2846 2136 2902 Certo
2169 2846 2323 2911 novi,
2358 2862 2556 2902 revera
2604 2863 2721 2901 non
2770 2846 2926 2919 quod
2988 2844 3275 2917 nupserit,
3338 2858 3471 2897 cum
3521 2858 3627 2897 nec

1969 2951 2168 2991 amore
2201 2939 2432 3006 captam
2467 2951 2595 2991 esse
2624 2935 2871 2991 scirem:
2922 2950 3125 2990 verum
3176 2936 3491 3005 postquam
3528 2930 3629 2986 illa

1969 3022 2260 3091 discessit,
2298 3023 2473 3078 frater
2502 3023 2608 3077 viri
2642 3024 2769 3094 ejus
2820 3038 3053 3079 omnem
3088 3021 3235 3076 mihi
3281 3021 3442 3075 illius
3470 3036 3628 3075 amo-

1970 3129 2094 3168 rem
2128 3111 2453 3179 enarravit;
2485 3112 2639 3183 quod
2671 3111 2817 3184 ipse,
2851 3112 2952 3183 qui
2985 3116 3226 3167 sanctus
3258 3114 3315 3165 et
3339 3109 3624 3165 honestus

1977 3205 2121 3271 erat,
2156 3204 2359 3273 utpote
2387 3201 2561 3257 etiam
2594 3201 2789 3270 frater,
2814 3199 3065 3256 noluerit
3089 3204 3284 3255 torum
3306 3197 3620 3267 maculare;

223 3280 309 3335 Καὶ
338 3288 455 3347 πῶς
491 3267 840 3359 βουλομένη,
870 3287 961 3343 καὶ
1009 3267 1305 3363 αἰδουμένη
1336 3293 1379 3329 ἰ
1412 3267 1577 3346 πάλιν
1621 3267 1861 3346 αὐτόν-τε

1978 3294 2036 3346 et
2066 3267 2181 3362 quo
2213 3267 2385 3345 modo
2414 3288 2635 3355 volens,
2668 3305 2733 3344 ac
2765 3267 2971 3344 rursus
3009 3288 3205 3360 ipsum
3246 3292 3420 3358 atque
3450 3285 3621 3340 dede-

223 3371 301 3424 καὶ
343 3372 431 3428 τὸν
462 3374 644 3452 ψόγον
684 3377 720 3445 ἡ
769 3375 1014 3433 τάλαινα·
1050 3376 1149 3433 οὐκ
1177 3376 1286 3434 ἔστι
1316 3379 1417 3457 γὰρ
1447 3380 1613 3449 αὐτὴν
1645 3378 1863 3454 μέμψα-

223 3459 375 3531 σθαι,
435 3461 523 3518 ὅτι
591 3462 651 3518 ἐκ
700 3465 960 3540 γενέσεως
1018 3471 1185 3523 ταῦτα
1240 3469 1329 3523 καὶ
1387 3470 1614 3546 πάσχειν
1673 3470 1720 3505 ²²
1776 3466 1866 3523 καὶ

222 3555 379 3605 ποιεῖν
428 3551 779 3628 ἠναγκάζετο
810 3573 823 3589 ⁸
873 3550 1079 3632 ὄνειρον
1136 3554 1242 3613 εἶθ-ξε
1286 3556 1508 3629 ἀληθῆ,
1560 3557 1665 3614 εἷ’τε
1694 3554 1864 3633 ψευδῆ

223 3635 482 3697 ἐπλάσατο
515 3640 628 3697 οὐκ
656 3639 770 3717 ἔχω
798 3641 995 3720 λέγειν.
1017 3644 1217 3722 Ἔλεγε
1238 3648 1341 3723 γὰρ
1372 3646 1539 3717 αὐτὴν
1574 3646 1867 3723 εἰρηκέναι,

221 3725 297 3780 δτι
325 3725 451 3805 ὄναρ
509 3729 660 3805 αὐτῇ
712 3752 797 3793 τις
854 3731 1073 3797 ἐπιστὰς
1123 3736 1167 3771 ³³
1225 3733 1499 3791 ἐκέλευσεν
1549 3738 1597 3772 ⁸⁸
1649 3735 1871 3806 ἐξαυτῆς

221 3816 324 3889 ἅμα
349 3823 574 3882 τέκνοις
599 3826 701 3889 τῆς
732 3822 778 3857 ³⁸
806 3821 1093 3895 Ῥωμαίων
1144 3821 1367 3894 ἐκϐῆναι
1406 3824 1624 3887 πόλεως
1657 3827 1721 3862 2⁸·
1755 3825 1784 3879 ὁ
1815 3821 1873 3879 δὲ

221 3903 347 3977 ἀνὴρ
379 3909 656 3977 σώζεσθαι
679 3910 880 3981 ταύτην
925 3913 970 3948 ³⁷
1001 3910 1094 3966 σὺν
1125 3917 1243 3976 τοῖς
1291 3914 1433 3977 υἱοῖς
1479 3912 1745 3987 σπεύδων,
1777 3912 1872 3968 αύ-

218 3992 334 4050 τίκα
386 3996 934 4071 παιδευθησομένους
984 3999 1179 4064 αὐτοὺς
1230 4001 1306 4065 εἰς
1354 4003 1449 4065 τὰς
1495 4004 1725 4073 Ἀθήνας
1765 4001 1872 4073 ἐξέ-

222 4087 397 4157 πεμψε
450 4085 553 4140 σὺν
620 4086 787 4161 μητρὶ
835 4088 926 4142 καὶ
977 4084 1215 4152 δούλοις
1268 4089 1451 4166 τρίτον
1485 4088 1543 4147 δὲ
1581 4090 1696 4146 υἰὸν
1730 4086 1874 4167 ἔχων

1975 3396 2079 3437 cus
2099 3378 2301 3443 verita,
2334 3377 2435 3434 illa
2464 3378 2662 3433 infelix
2701 3378 2840 3449 (non
2879 3377 3036 3433 enim
3078 3376 3302 3431 licitum
3335 3378 3425 3431 est
3456 3372 3622 3445 queri

1977 3469 2050 3525 de
2096 3485 2183 3537 ea,
2242 3466 2518 3539 quoniam
2549 3483 2618 3522 ex
2664 3465 2847 3522 natali
2898 3466 3014 3521 haec
3072 3481 3205 3521 cum
3263 3465 3449 3519 facere
3493 3464 3621 3517 tum

1978 3557 2201 3631 perpeti
2232 3556 2591 3628 cogebatur),
2625 3554 2920 3611 somnium
2954 3554 3184 3609 ﬁnxerit
3207 3568 3517 3623 ;verumne
3549 3567 3623 3606 an

1978 3646 2215 3713 falsum,
2249 3661 2365 3700 non
2397 3643 2582 3700 habeo
2615 3643 2824 3699 dicere.
2872 3643 3077 3699 Aiebat
3108 3642 3403 3713 siquidem
3434 3641 3623 3711 ipsam

1981 3734 2198 3790 dixisse
2225 3733 2380 3805 quod
2432 3733 2493 3787 in
2546 3732 2769 3789 somnis
2801 3732 3042 3804 quidam
3098 3730 3211 3787 sibi
3267 3728 3472 3795 astitit,
3524 3727 3627 3799 qui

1982 3840 2109 3881 eam
2132 3822 2318 3895 jussit
2351 3838 2484 3878 cum
2515 3820 2713 3877 liberis
2743 3820 2899 3876 illico
2930 3821 3074 3876 urbe
3104 3820 3284 3875 Roma
3309 3818 3584 3874 excedere
3610 3832 3625 3871 :

1984 3918 2043 3970 at
2070 3911 2338 3967 virillam
2358 3926 2492 3967 cum
2514 3910 2655 3965 ﬁliis
2675 3908 3032 3965 incolumem
3060 3908 3298 3964 evadere
3328 3911 3627 3978 satagens,

1984 3999 2293 4057 confestim
2324 4015 2422 4055 eos
2461 3998 2811 4053 erudiendos
2850 3996 3105 4053 Athenas
3154 3995 3316 4051 misit
3346 4012 3481 4051 cum
3512 4010 3633 4049 ma-

1984 4092 2073 4145 tre
2103 4093 2159 4145 et
2189 4087 2407 4144 servis:
2442 4086 2681 4141 tertium
2710 4102 2844 4142 vero
2875 4085 3063 4141 ﬁlium
3095 4084 3334 4141 retinuit
3362 4083 3515 4155 apud
3549 4098 3633 4149 se,

221 4174 340 4245 παρ’
371 4174 556 4247 ἐαυτῷ
579 4177 647 4246 ³⁸,
673 4176 748 4237 ὦς
797 4173 865 4245 δὴ
894 4181 991 4233 τοῦ
1039 4178 1482 4254 χρηματίσαντος
1524 4179 1576 4236 ἐν
1610 4179 1805 4256 ὀνείρῳ
1835 4182 1861 4216 ²⁴

1988 4178 2128 4252 quia
2159 4176 2259 4249 qui
2289 4193 2390 4249 per
2418 4174 2717 4233 somnium
2749 4175 3011 4231 ediderat
3038 4173 3363 4243 oraculum,
3396 4188 3528 4229 cum
3565 4186 3632 4225 eo

220 4268 447 4317 συνεῖναι
509 4262 666 4336 αὑτῷ
720 4266 768 4301 ⁸ο
822 4264 1226 4342 ἐπιτρέψαντος.
1286 4268 1508 4325 Πολλοῦ
1559 4266 1878 4344 παρεληλυ-

222 4350 372 4415 θότος
400 4351 619 4430 χρόνου
644 4355 714 4422 ³1,
748 4354 824 4417 ὡς
854 4353 953 4411 οῦκ
1000 4351 1164 4412 ἔλαϐε
1208 4358 1505 4434 γράμματα
1532 4360 1658 4435 παρ’
1689 4357 1878 4428 αὐτῆς,

1988 4283 2224 4323 manere
2255 4263 2619 4337 permiserat.
2653 4264 2835 4319 Multo
2864 4267 3059 4320 autem
3109 4262 3305 4334 elapso
3350 4266 3633 4334 tempore,

1989 4360 2056 4412 ut
2085 4355 2157 4411 ab
2187 4371 2255 4410 ea
2278 4354 2501 4409 litteras
2531 4369 2646 4408 non
2678 4352 2921 4424 accepit,
2966 4368 3220 4423 cumque
3259 4367 3410 4423 saepe
3460 4348 3635 4405 Athe-

222 4440 380 4496 αύτοῦ
436 4439 726 4505 πολλάκις
772 4444 1087 4519 πέμψαντος
1148 4445 1223 4509 εἷς
1280 4449 1526 4521 Ἀθήνας,
1578 4447 1674 4522 ἐμὲ
1704 4468 1861 4523 παρα·

1991 4461 2099 4501 nas
2124 4443 2413 4511 misisset;
2445 4445 2748 4514 assumpto
2780 4456 2894 4510 me,
2929 4441 3029 4513 qui
3060 4440 3112 4496 ei
3143 4441 3408 4495 omnium
3442 4453 3636 4494 essem

224 4524 404 4585 λαϐὼν
458 4532 539 4593 ὡς
591 4532 805 4587 πάντων
857 4533 1003 4607 αὐτῷ
1048 4535 1414 4611 γνησιώτατον
1465 4535 1615 4606 ύντα,
1664 4535 1751 4591 ἐπὶ
1781 4537 1861 4606 τὴ¹

1993 4530 2512 4605 conjunctissimus
2531 4546 2598 4585 ac
2620 4529 2962 4596 ﬁdissimus,
2988 4530 3059 4585 ad
3082 4529 3453 4601 quaerendam
3477 4525 3639 4580 illam
3678 4526 3679 4529 “

223 4620 449 4690 ζήτησιν
496 4619 674 4689 αὐτῆς
722 4618 1011 4697 ἐπορεύθη.
1071 4621 1265 4678 Πολλά
1316 4625 1411 4697 μὲν
1459 4622 1549 4681 οῦν
1601 4625 1747 4698 αὐτῷ
1796 4646 1861 4681 κα

1996 4622 2292 4697 profectus
2323 4623 2432 4675 est.
2465 4618 2682 4675 Multos
2732 4618 3003 4690 equidem
3048 4634 3184 4673 cum
3224 4618 3351 4689 ipso
3380 4615 3439 4670 in
3478 4628 3642 4703 pere-

221 4708 356 4761 κατά
400 4709 509 4777 τὴν
564 4706 882 4784 ἀποδημίαν
939 4712 1269 4785 συνέκαμνον
1316 4715 1361 4749 ³³
1402 4713 1738 4789 προθύμως,
1794 4735 1861 4788 με

1998 4709 2323 4784 grinatione
2370 4706 2600 4762 labores
2643 4706 2911 4763 alacriter
2965 4706 3093 4775 tuli;
3130 4722 3354 4762 memor
3400 4702 3553 4776 quod
3583 4700 3645 4756 in

226 4797 509 4871 μνημένος
546 4797 629 4853 ὅτι
658 4804 760 4867 τῆς
797 4797 968 4854 πάλαι
1017 4800 1184 4856 αὐτοῦ
1234 4798 1581 4875 εὐδαιμονίας
1627 4800 1858 4857 κοινωνό

2000 4800 2195 4873 prisca
2225 4813 2334 4853 sua
2357 4794 2632 4852 felicitate
2663 4811 2755 4851 me
2777 4795 3043 4852 omnium
3075 4794 3379 4851 habuisset
3399 4791 3646 4857 socium,

226 4905 293 4957 με
347 4888 577 4943 πάντων
637 4888 684 4924 ³³
737 4886 884 4965 εἶχεν
912 4935 927 4963 ,
986 4888 1118 4965 ὑπὲρ
1170 4891 1371 4954 πάντας
1421 4890 1587 4947 αὐτοῦ
1649 4912 1715 4967 με
1767 4890 1861 4947 τοὺ

2001 4906 2068 4947 ac
2097 4904 2277 4960 supra
2320 4900 2523 4943 omnes
2585 4883 2804 4942 amicos
2862 4882 3180 4941 dilexisset.
3240 4884 3441 4955 Itaque
3473 4881 3653 4937 Roma

1595 5098 1842 5156 VARUE
1881 5091 2295 5155 LECTIONES.

298 5235 316 5269 ¹
350 5233 941 5317 εξι.’ἀπεκρινάμηνηθι
1106 5240 1382 5317 deest_in
1440 5241 1514 5298 al.
1548 5238 1854 5317 θγίνονται·
1915 5237 1969 5317 οἱ
2016 5232 2075 5317 δέ
2135 5229 2358 5317 ἀστέρες
2407 5234 2594 5287 ταῦτα.
2633 5231 2779 5317 ‘mal.
2824 5230 3127 5317 ‘étdjnc‘rav.
3169 5231 3225 5317 f‘
3265 5227 3350 5317 al;
3400 5222 3659 5317 ἁμαρτίαι

226 5301 329 5385 ἕξει
361 5307 385 5342 ⁸
566 5295 721 5385 θέντα
756 5295 924 5372 ’έόζτ
956 5295 1267 5385 (iamdiu:—
1293 5295 1620 5385 hiemi—xxv;
1666 5331 1739 5385 c.7
1773 5313 1831 5382 6,
1874 5316 2002 5385 etc:
2032 5295 2288 5385 R_eco_gn.',
2342 5304 2410 5385 1.“
2442 5322 2521 5373 1x,
2554 5320 2605 5359 c.
2665 5305 2763 5385 $2,
2787 5308 2894 5385 etc.
2926 5295 2957 5340 θ’
2980 5295 3057 5385 al.
3118 5302 3250 5385 add.
3312 5295 3657 5385 ἀπεκρίνατο.

225 5365 607 5457 {summa
660 5365 1238 5457 μέγᾶἶίοςῐᾴὁὲἴῖιῖ
1278 5365 1455 5457 alii
1497 5365 2005 5457 ’ἆέέειᾜηᾞιζξιέ
2036 5365 2111 5457 al.
2156 5365 2334 5457 inser.
2385 5365 2577 5457 ἔργῳζ
2610 5365 3219 5457 σοὶὶλόγωῌπείθεσθίοι
3270 5365 3661 5457 ρύεδύνειμαι,

224 5448 271 5482 ¹³
295 5447 414 5527 ‘al.
476 5440 671 5527 μόνονῖ
732 5440 776 5493 ί⁴
805 5457 877 5527 al.
944 5440 1153 5527 adria.
1187 5457 1231 5492 ¹⁶
1262 5456 1336 5527 al,
1372 5440 1535 5513 deest
1570 5440 1638 5512 in
1688 5454 1764 5512 al.
1825 5455 1870 5492 ¹⁶
1897 5453 1971 5509 al.
2010 5452 2086 5527 μὴ
2119 5447 2375 5527 φέρουςςι,
2407 5440 2651 5527 ἐρδῇοὖσοξ
2679 5443 2771 5527 σρν
2804 5440 2971 5527 0533*?»
3018 5444 3090 5527 ἐν’
3133 5440 3663 5527 ⁷-³Ῑ’.,ὁρί*ήῗ²⁶αι

222 5516 314 5601 ἓιαῖ
362 5512 757 5604 wisdom
803 5512 992 5604 άῦτῷν,
1023 5512 1277 5604 θάλάσσιδν
1311 5523 1607 5604 διὲφθεὲρηο,
1651 5527 1800 5604 “Pl.
1835 5512 2031 5604 $186.35.
2061 5512 2142 5578 ἴθ’
2172 5512 2245 5604 ἀ¹ε
2300 5512 2445 5604 ¹⁰ἐξ¹’·
2494 5512 2870 5604 δεθεὶιίηβδ·
2907 5512 3057 5573 “31'
3091 5514 3276 5604 “5‘7”;
3314 5512 3669 5604 ’ξέδῖκάῗῗῗί

224 5590 286 5675 ξι)
348 5592 433 5675 al.
472 5582 627 5675 πλεῖ.
677 5604 851 5675 ποιεῖν
1027 5582 1304 5675 νποὶσχείν-ἶ
1356 5582 1653 5675 23"ait
1702 5596 1906 5675 δτι-ἐν-
1940 5593 2173 5675 ὁράματι
2226 5588 2444 5675 έπέξτᾴς
2491 5608 2595 5675 ςῐις·
2648 5589 2698 5675 ²ξ
2743 5590 3126 5675 ξΙ-,,ρτὲεῐζρησ
3177 5583 3287 5675 ῌόίο
3337 5584 3385 5675 :5
3418 5582 3664 5675 3,13%"-

227 5662 275 5748 ξξ
446 5661 639 5748 πόλιν,
685 5649 741 5707 ᾖ
1265 5649 1409 5746 -έῖσχε
1432 5649 1559 5748 παρ’
1774 5649 2076 5728 ἀπἀιζιὶαὲν
2098 5660 2252 5737 ὄναρ.
2281 5662 2328 5698 ⁸ο
2349 5649 2608 5719 αἰέαύτὸν
2639 5657 2805 5733 αὐτῷ.
2826 5649 3067 5719 iu.al..‘€it
3096 5649 3301 5732 χρόνου
3333 5649 3667 5717 διελθόντος.

224 5733 273 5771 ³³
308 5734 393 5793 ιι.
427 5732 758 5815 συνέκαμον.
789 5744 837 5783 ⁸³
866 5744 945 5803 al.
975 5732 1212 5809 πάντως.

541 5865 799 5934 ΡΑτιιοι..
3315 5854 3391 5914 18
