4014 6202
301 336 420 396 555

1118 332 1183 391 s.
1231 325 1674 389 CLEMENTIS
1720 324 1742 384 1
1789 323 1978 385 ROM.
2023 321 2258 383 PONT.
2305 319 2563 380 OPERA
2607 322 2874 383 DUBIA.

3582 328 3704 386 556

300 466 575 525 continuo
607 465 909 534 solvimus,
942 463 1143 534 sicque
1172 461 1231 516 in
1263 460 1369 515 has
1400 458 1575 530 Syriae
1616 459 1808 529 partes
1840 457 1937 510 de-

2067 451 2247 529 ρίλους
2280 450 2517 526 ἀγαπῶν.
2551 450 2655 507 Καὶ
2689 450 2754 521 δὴ
2790 451 3198 527 ἀπεπλεύσαμεν
3250 453 3418 523 αὐτῆς
3457 456 3643 529 Ῥώμη
3655 478 3702 525 ς,

297 558 586 611 venimus.
619 555 734 610 Nec
776 553 993 608 multos
1039 555 1170 623 post
1216 549 1363 616 dies,
1413 547 1512 603 ille
1559 546 1794 618 quidem
1827 562 1943 617 prae

2067 540 2139 595 ιαὶ
2192 538 2365 601 οὕτως
2428 539 2503 601 είς
2558 541 2624 594 τὰ
2680 539 2902 595 ἐνταῦθα
2977 548 3077 610 τῆς
3149 541 3345 617 Συρίας
3416 542 3703 619 ἐγενόμεθα

299 643 480 700 animi
513 644 708 699 dolore
730 641 1004 714 migravit
1033 657 1064 695 e
1083 639 1225 706 vita;
1246 654 1350 709 ego
1382 652 1515 692 vero
1537 635 1653 690 huc
1681 634 1942 698 veniens,

297 732 514 787 victum
547 733 618 787 ab
642 748 708 787 eo
722 735 982 803 tempore
1004 729 1075 785 ad
1098 728 1255 784 hunc
1273 741 1461 797 usque
1491 724 1647 780 diem
1670 723 1944 779 manibus

299 836 595 894 comparo.

374 998 577 1056 CXVII.
606 998 709 1054 His
739 1015 772 1054 a
800 1012 938 1056 sene
969 994 1161 1064 dictis,
1206 991 1540 1066 intelligens
1588 1007 1656 1046 ex
1689 988 1946 1045 oratione

302 1088 451 1161 ejus,
482 1104 679 1143 senem
714 1102 889 1158 quem
923 1086 1163 1151 dixerat,
1194 1082 1391 1155 ipsum
1439 1097 1567 1135 esse
1598 1082 1820 1151 patrem
1850 1092 1945 1132 ve-

302 1181 514 1247 strum,
548 1176 709 1231 nolui
739 1192 872 1231 cum
903 1190 969 1230 eo
997 1172 1257 1229 conferre
1300 1184 1632 1226 sermonem
1662 1184 1730 1222 ea
1759 1167 1832 1221 de
1862 1181 1944 1233 re,

304 1265 485 1321 donec
536 1263 1064 1320 communicassem
1113 1260 1444 1316 vobiscum:
1480 1257 1593 1313 nisi
1625 1256 1779 1327 quod
1812 1270 1943 1310 cum

301 1354 624 1425 hospitium
655 1354 782 1423 ejus
812 1351 1172 1416 didicissem,
1225 1363 1539 1419 meumque
1570 1345 1945 1409 iudicassem,

301 1442 641 1513 explorandi
680 1458 878 1511 causa,
936 1440 1048 1495 hoc
1097 1441 1329 1493 tantum
1371 1436 1746 1507 percontatus
1791 1447 1945 1500 sum,

302 1532 457 1601 quod
489 1534 643 1585 esset
673 1530 798 1585 seni
845 1544 1077 1584 nomen.
1143 1525 1243 1580 Ille
1291 1529 1521 1580 autem:
1557 1523 1826 1587 Faustus,
1859 1518 1946 1572 in-

302 1620 458 1690 quit;
493 1619 631 1675 item
663 1619 817 1690 quod
879 1633 1092 1671 nomen
1123 1614 1372 1684 geminis
1421 1612 1599 1679 ﬁliis;
1660 1608 1759 1664 ille
1812 1622 1946 1662 vero

302 1706 632 1777 respondit:
662 1705 971 1760 Faustinus
992 1708 1049 1758 et
1085 1699 1497 1756 Faustinianus
1523 1716 1537 1765 ;
1566 1702 1623 1752 et
1647 1695 1945 1767 quodnam

2058 629 2219 704 μέρη.
2278 627 2384 683 Καὶ
2443 626 2504 682 ού
2566 627 2701 700 μετᾶ
2746 628 2961 692 πολλὰς
3009 631 3223 703 ἡμέρας
3298 676 3313 703 ,
3365 631 3564 695 ἐκεῖνος
3606 633 3701 705 μὲν

2053 717 2273 790 ἀθυμῶν
2330 715 2710 788 ἐτελεύτησεν·
2768 718 2873 794 ἐγὼ
2932 716 2989 773 δὲ
3046 718 3270 774 ἐνταῦθα
3318 718 3491 783 ἐλθὼν
3536 766 3551 793 ,
3607 722 3703 783 τὰς

2056 803 2145 861 διὰ
2171 810 2279 860 τῶν
2328 810 2528 881 γειρῶν
2577 807 2780 885 τροφὰς
2831 804 3013 862 ἔκτοτε
3061 808 3153 863 καὶ
3200 807 3277 870 εἷς
3321 805 3477 883 δεῦρο
3527 811 3573 847 ⁸⁸
3602 830 3706 864 πο-

2056 893 2304 969 ρίζομαι.

2126 984 2334 1040 CXVII.
2368 985 2552 1039 Ταῦτα
2591 987 2691 1038 τοῦ
2736 984 2988 1060 γέροντος
3036 982 3307 1053 εἰπόντος,
3353 983 3578 1041 συνιδὼν
3621 985 3707 1042 ὅτι

2055 1073 2113 1128 ’ὸν
2146 1068 2298 1149 ἔλεγε
2326 1072 2551 1149 γέροντα
2592 1075 2659 1140 ³⁸,
2690 1070 2847 1136 οὗτος
2887 1076 2972 1146 ἦν,
3020 1073 3068 1147 ἐξ
3104 1076 3176 1129 ὧν
3228 1072 3430 1149 ἔλεγεν,
3464 1077 3492 1131 6
3522 1078 3703 1153 πατὴρ

2058 1162 2085 1216 ὁ
2121 1160 2400 1238 ὑμέτερος,
2451 1160 2549 1216 οὐκ
2599 1156 2905 1233 ἐϐουλήθην
2958 1162 3102 1235 αύτῷ
3148 1167 3193 1200 ³⁷
3251 1160 3658 1220 συναντιϐαλεῖν
3687 1209 3702 1236 ,

2061 1249 2258 1325 μέχρις
2318 1249 2375 1304 ἂν
2433 1251 2558 1323 ὑμῖν
2618 1253 3065 1324 προσανάθωμαι.
3117 1252 3270 1322 Πλὴν
3315 1254 3382 1308 τὰ
3427 1256 3563 1308 κατὰ
3601 1256 3701 1323 τὴν

2058 1338 2227 1410 ξενίαν
2278 1337 2442 1393 αὐτοῦ⁹
2494 1341 2844 1412 καταμαθὼν,
2892 1341 2983 1395 καὶ
3028 1342 3127 1410 τὴν
3179 1341 3316 1415 ἐμὴν
3358 1344 3402 1384 ⁸⁸
3443 1340 3499 1397 δὲ
3543 1342 3709 1416 μηνύ-

2058 1448 2171 1498 σας,
2223 1422 2498 1503 ἀκριϐείας
2551 1424 2724 1498 ἕνεκα,
2774 1432 2935 1483 τοῦτο
2981 1430 3143 1502 μόνον
3194 1430 3493 1505 ἐπυθόμην,
3544 1432 3708 1505 τίτῷ

2055 1515 2261 1592 γέροντι
2282 1511 2475 1589 ὄνομαο
2511 1517 2537 1570 6
2570 1513 2626 1571 δὲ
2650 1515 2749 1595 ἔφη
2778 1536 2791 1550 ⁸
2822 1522 3084 1581 Φαῦστος·
3117 1517 3172 1573 τί
3204 1517 3262 1573 δὲ
3301 1520 3416 1581 τοῖς
3451 1517 3706 1593 διδύμοις

2056 1606 2217 1667 υἱοῖς·
2273 1606 2301 1660 6
2352 1602 2408 1659 δὲ
2453 1605 2794 1682 ἀπεκρίνατο·
2839 1612 3139 1669 Φαυστῖνος
3170 1609 3260 1663 καὶ
3292 1610 3705 1671 Φςιιυοτινιανός⁹

2054 1694 2107 1748 τί
2140 1691 2195 1747 δὲ
2225 1698 2302 1766 τῷ
2330 1694 2495 1768 τρίτῳ
2525 1695 2644 1766 oh}.-
2671 1696 2697 1749 6
2732 1692 2810 1762 δὲ,
2845 1692 3102 1769 Κλήμης,
3149 1697 3282 1752 εἷπε.
3316 1698 3376 1751 Τί
3409 1695 3466 1752 δὲ
3496 1698 3705 1752 τούτων

302 1795 474 1850 tertio
517 1794 676 1862 ﬁlio;
715 1798 775 1849 at
812 1793 930 1859 ille,
973 1791 1260 1858 Clemens,
1303 1788 1449 1841 dixit
1485 1803 1499 1854 ;
1541 1784 1792 1852 denique
1830 1797 1945 1852 quo

2067 1781 2226 1879 μητρὶ
2258 1777 2476 1879 βνσμρι·
2537 1780 2800 1838 Ματθιδία
2856 1787 2922 1853 ³9,
2972 1785 3155 1863 φησίν.
3204 1787 3329 1841 Ὑπὸ
3371 1786 3709 1860 συμπαθείας

303 1884 541 1940 nomine
567 1887 870 1938 vocaretur
901 1896 1102 1935 eorum
1137 1879 1359 1944 mater;
1393 1878 1449 1930 et
1477 1874 1579 1938 ait,
1611 1870 1938 1927 Matthidia.

302 1974 416 2043 Ego
448 1972 627 2044 igitur
681 1989 749 2027 ex
794 1969 1169 2025 miseratione
1210 1964 1653 2036 collacrymans,
1704 1958 1953 2015 dimissa

301 2062 494 2131 turba,
523 2061 655 2116 veni
689 2060 757 2115 ad
784 2076 907 2127 vos,
958 2062 1023 2112 ut
1069 2059 1202 2128 post
1250 2053 1364 2109 cibi
1414 2065 1789 2108 communem
1821 2062 1949 2118 per-

300 2149 624 2222 ceptionem
675 2150 794 2205 haec
842 2147 1145 2203 vobiscum
1194 2141 1725 2199 communicarem.
1776 2136 1952 2191 Porro

299 2244 431 2295 ante
457 2239 650 2294 cibum
701 2252 959 2303 narrare,
1014 2238 1409 2305 opportunum
1460 2245 1577 2284 non
1608 2224 1848 2290 censui;
1882 2240 1953 2279 ne

298 2329 443 2384 forte
473 2327 669 2384 dolore
698 2322 1155 2397 victi,baptismi
1180 2321 1336 2376 diem
1368 2321 1428 2373 in
1450 2317 1613 2373 luctu
1640 2312 1951 2378 duceretis,

302 2417 535 2487 quando
565 2416 743 2471 etiam
775 2413 967 2485 angeli
999 2412 1320 2467 efferuntur
1342 2406 1564 2462 laetitia.
1598 2404 1729 2460 Haec
1753 2402 1955 2457 Petrus

303 2521 439 2561 cum
476 2505 708 2573 diceret,
742 2519 946 2558 omnes
989 2517 1106 2555 una
1136 2514 1271 2555 cum
1306 2501 1493 2552 matre
1536 2491 1811 2565 lacrymis
1850 2505 1957 2544 nos

306 2594 682 2649 dedidimus.
736 2594 891 2657 Quos
949 2588 1047 2645 ille
1104 2588 1502 2660 lacrymantes
1551 2583 1795 2651 videns,
1845 2578 1955 2633 ait:

306 2682 473 2737 Nunc
496 2680 906 2752 unusquisque
932 2681 1213 2744 vestrum,
1240 2692 1342 2747 pro
1356 2673 1565 2728 timore
1595 2686 1733 2741 erga
1754 2672 1957 2734 Deum,

307 2770 533 2827 fortiter
554 2787 681 2841 quae
711 2770 1034 2823 memorata
1065 2768 1205 2822 sunt
1234 2764 1399 2819 ferat.
1433 2762 1634 2831 Neque
1665 2758 1822 2815 enim
1855 2756 1960 2811 ho-

310 2858 403 2914 die
444 2857 603 2913 vobis
646 2855 868 2912 interiit
908 2859 1093 2926 pater,
1138 2852 1238 2908 sed
1278 2852 1402 2922 jam
1443 2848 1606 2920 olim,
1648 2847 1800 2902 sicut
1838 2861 1958 2912 vos,

311 2947 646 3017 conjectura
674 2948 827 3001 recte
857 2944 1030 3011 facta,
1066 2940 1320 2997 dixistis.

380 3035 626 3092 CXVIII.
671 3035 791 3089 Ista
834 3037 1001 3088 Petro
1059 3030 1364 3101 loquente,
1419 3030 1609 3083 mater
1649 3026 1795 3081 ferre
1844 3038 1961 3078 non

307 3123 532 3192 valens,
577 3140 790 3195 magno
841 3121 1096 3178 clamore
1126 3120 1312 3175 edito:
1372 3117 1477 3172 Hei
1525 3114 1693 3185 mihi,
1753 3130 1785 3168 ο
1834 3112 1958 3178 vir;

315 3216 604 3285 quantum
636 3228 744 3267 nos
774 3209 1046 3283 diligens,
1080 3210 1204 3280 ipse
1233 3206 1470 3277 quidem
1503 3204 1651 3259 mori
1680 3200 1953 3269 voluisti;
1987 3181 2030 3249 C

309 3319 419 3357 nos
449 3318 583 3357 vero
635 3301 905 3369 vivimus,
938 3303 995 3353 et
1041 3296 1233 3353 lucem
1279 3294 1618 3367 aspicimus,
1668 3296 1726 3347 et
1768 3289 1960 3346 adhuc

308 3390 580 3464 capimus
611 3389 832 3445 cibum.
865 3387 1139 3444 Nondum
1172 3385 1281 3441 hoc
1324 3401 1442 3439 uno
1494 3381 1714 3453 ejulatu
1771 3379 1957 3447 ﬁnito,

256 3554 257 3559 η
313 3496 447 3536 ecce
502 3494 678 3535 senex
736 3476 1092 3549 ingreditur;
1153 3479 1208 3530 et
1251 3472 1428 3528 simul
1463 3476 1636 3542 atque
1684 3469 1958 3525 clamoris

310 3584 553 3625 causam
570 3566 853 3623 sciscitari
875 3565 1068 3632 vellet,
1086 3563 1405 3634 respiciens
1436 3561 1506 3615 ad
1531 3574 1799 3614 uxorem:
1823 3555 1955 3611 Hei!

310 3657 533 3729 inquit;
563 3656 841 3727 quidnam
873 3655 981 3709 hoc
1012 3657 1138 3709 est?
1175 3653 1360 3717 Quam
1407 3648 1613 3705 video?
1670 3646 1959 3702 Accedens

312 3762 446 3801 vero
476 3750 534 3800 et
564 3744 901 3817 diligentius
941 3740 1255 3814 aspiciens,
1304 3756 1369 3795 ac
1396 3737 1580 3803 visus,
1624 3735 1959 3805 complexus

315 3838 419 3889 est.
481 3835 669 3889 Ambo
714 3840 907 3888 autem
954 3847 1075 3903 prae
1122 3828 1337 3902 gaudio
1392 3825 1694 3897 repentino
1735 3824 1959 3878 defece-

314 3929 453 3978 runt
480 3922 807 3978 exclamare
838 3919 974 3989 nisi,
1015 3923 1073 3974 et
1111 3917 1257 3973 alter
1297 3914 1462 3971 alteri
1502 3912 1665 3985 loqui
1715 3911 1954 3983 cupien-

313 4017 413 4077 tes,
463 4026 664 4067 vocem
722 4009 990 4064 emittere
1024 4022 1137 4062 non
1196 4008 1531 4078 potuerunt,
1590 4017 1697 4057 nec
1752 4001 1823 4055 ob
1864 4000 1954 4055 in-

310 4098 595 4170 expletam
646 4098 909 4152 latitiam
967 4095 1281 4166 reprimere
1328 4110 1409 4149 se.
1470 4090 1768 4162 Multoque
1828 4093 1958 4161 post

310 4191 498 4242 mater
527 4187 599 4241 ad
632 4203 797 4242 eum:
830 4185 1025 4241 Habeo
1048 4188 1125 4250 te,
1160 4184 1391 4248 Fauste,
1424 4180 1583 4237 omni
1615 4180 1786 4235 modo
1819 4196 1954 4234 sua-

305 4274 638 4330 vissimum.
674 4276 743 4330 Et
789 4290 905 4346 qua
956 4272 1178 4327 ratione
1213 4271 1376 4338 vivis,
1428 4271 1499 4325 de
1549 4269 1718 4339 cujus
1772 4272 1955 4323 morte

306 4363 474 4437 paulo
507 4368 637 4419 ante
658 4360 1027 4419 audivimus?
1060 4360 1341 4416 Caeterum
1373 4356 1433 4413 hi
1465 4362 1604 4413 sunt
1630 4356 1757 4425 ﬁlii,
1802 4357 1951 4411 Fau-

306 4452 495 4507 stinus
526 4460 578 4507 et
608 4450 1040 4521 Faustinianus,
1075 4464 1141 4504 ac
1171 4450 1473 4517 exoptatus
1504 4445 1788 4501 Clemens.
1818 4446 1950 4509 Quae

2060 1869 2149 1926 οὖν
2185 1870 2289 1947 ἐγὼ
2322 1869 2614 1947 σύνδακρυς
2640 1872 2947 1947 γενόμενος,
2980 1872 3257 1938 ἀπολύσας
3304 1876 3430 1937 τοὺς
3473 1875 3707 1951 ὄχλους,

2058 1957 2229 2028 ἦλθον
2263 1960 2397 2032 πρὸς
2433 1960 2595 2032 ὑμᾶς,
2622 1957 2715 2015 τίνα
2758 1962 2890 2034 μετᾶ
2938 1963 3037 2031 τὴν
3066 1967 3173 2017 τῶν
3206 1962 3392 2019 ἄλλων
3423 1968 3469 2002 ἰθ
3510 1986 3708 2019 κοινω-

2058 2048 2170 2103 νίαν
2199 2053 2367 2103 ταῦτα
2412 2050 2836 2124 προσανάθωμαι
2889 2051 3037 2123 ὑμῖν.
3089 2052 3201 2127 Πρὸ
3242 2050 3299 2107 δὲ
3326 2057 3433 2108 τῶν
3483 2051 3631 2107 ἁλῶν
3665 2056 3707 2091 δι

2063 2136 2228 2191 εἰπεῖν
2264 2137 2390 2210 ὑμῖν
2448 2137 2511 2192 οὐ
2562 2140 2607 2174 ⁴²
2657 2135 2772 2193 δέον
2824 2135 3031 2215 ἔκρινα,
3086 2142 3159 2214 μή
3206 2162 3323 2203 πως
3372 2142 3475 2197 ὑπὸ
3525 2140 3708 2213 λύπης

2060 2224 2389 2299 νικηθέντες,
2422 2225 2473 2281 ἐν
2500 2231 2568 2300 τῇ
2598 2231 2695 2282 τοῦ
2748 2228 3118 2303 βαπτίσματος
3166 2230 3348 2304 ἡμέρᾳ
3395 2233 3713 2293 πενθοῦντες

2065 2312 2432 2387 διατελέσητε,
2476 2314 2640 2370 ὁπότε
2685 2316 2775 2370 καὶ
2824 2316 3051 2392 ἄγγελοι
3105 2318 3381 2396 χαίρουσι.
3420 2324 3596 2374 Ταῦια
3624 2324 3721 2375 τοῦ

2067 2402 2272 2475 Πέτρου
2328 2402 2606 2480 λέγοντος,
2667 2403 2999 2481 ἐδακρύομεν
3075 2408 3128 2462 οἱ
3187 2407 3380 2471 πάντες
3440 2411 3574 2482 μετά
3622 2414 3725 2478 τῆς

2071 2492 2301 2567 μητρός.
2335 2494 2391 2548 '0
2424 2491 2481 2548 δὲ
2513 2492 2842 2567 δακρύοντας
2872 2498 3022 2569 ἡμᾶς
3054 2494 3206 2566 ἰδὼν,
3246 2494 3347 2576 ἔφη
3377 2519 3389 2531 ·
3440 2502 3549 2552 Νῦν
3600 2493 3730 2551 ’ἐκα-

2068 2601 2193 2643 στος
2227 2581 2378 2654 ὑμῶν
2408 2578 2562 2660 φόϐῳ
2606 2581 2686 2655 τῷ
2732 2583 2871 2659 πρὸς
2921 2586 3012 2639 τὸν
3040 2585 3165 2643 Θεὸν
3208 2586 3472 2660 γενναίως
3521 2585 3730 2663 φερέτω

2066 2668 2134 2724 τὰ
2164 2670 2424 2746 εἰρημένα
2454 2675 2522 2727 ⁴³.
2555 2670 2627 2725 Οὐ
2665 2672 2768 2747 γὰρ
2803 2669 2867 2741 δὴ
2902 2674 3141 2750 σήμερόν
3194 2674 3320 2747 ὑμῖν
3375 2672 3723 2743 ἐτελεύτησεν

2070 2759 2097 2813 6
2128 2760 2328 2835 πατὴρ,
2362 2758 2509 2815 ἀλλὰ
2552 2760 2641 2815 καὶ
2690 2756 2941 2834 ἔκπαλαι,
2991 2761 3066 2825 ὠς
3116 2762 3269 2837 ὑμεῖς
3298 2763 3550 2839 εἰρήκατε
3593 2784 3719 2817 στο-

2070 2848 2369 2922 χαζόμενοι
2402 2852 2469 2908 “.

2142 3029 2379 3084 CXVIII.
2427 3031 2603 3082 Ταῦτα
2650 3031 2747 3083 τοῦ
2798 3028 3001 3105 Πέτρου
3040 3030 3305 3103 εἰπόντος,
3339 3032 3374 3099 ἡ
3413 3032 3604 3107 μήτηρ
3640 3032 3717 3104 μή

2073 3116 2327 3193 φέρουσα,
2364 3116 2498 3194 μέγα
2542 3117 2826 3193 ἀνέκραγεν
2878 3121 2940 3155 “‘-
2978 3118 3163 3192 Οῗμοι,
3216 3120 3361 3196 ἄνερ,
3393 3122 3437 3155 ⁸⁸
3487 3120 3561 3182 ὡς
3596 3120 3721 3195 ἀγα-

2068 3209 2184 3260 πῶν
2232 3207 2402 3278 ἡμᾶς,
2459 3205 2631 3279 κρίσει
2672 3209 2717 3243 ‘7
2769 3208 2862 3281 μὲν
2918 3207 3076 3271 αὐτὸς
3124 3206 3499 3281 ἐτελεύτησας,
3550 3211 3717 3280 ἡμεῖς

2070 3291 2127 3349 δέ
2168 3299 2361 3363 ζῶντες
2390 3295 2452 3349 τὸ
2482 3299 2597 3374 φῶς
2631 3296 2866 3371 ὁρῶμεν,
2898 3298 2987 3352 καὶ
3033 3305 3245 3376 τροφῆς
3295 3301 3337 3335 ’⁸⁸
3384 3296 3503 3372 ἄρτι
3553 3318 3718 3370 μετα-

2070 3378 2445 3457 λαμϐάνομεν.
2478 3380 2641 3438 Οὔπω
2673 3387 2716 3421 ⁴⁹
2744 3391 2846 3453 τῆς
2878 3391 3005 3459 μιᾶς
3034 3385 3236 3457 ταύτης
3267 3385 3544 3461 ὀλολυγῆς
3576 3407 3714 3440 παυ-

2068 3473 2329 3544 σαμένης,
2381 3469 2497 3526 ἰδοὺ
2545 3472 2634 3527 καὶ
2685 3474 2714 3528 6
2760 3474 2931 3549 γέρων
2977 3473 3166 3548 εἰσῄει·
3199 3475 3288 3529 καὶ
3332 3476 3445 3547 ἅμα
3473 3473 3552 3547 τῷ
3588 3474 3715 3549 βού-

2070 3558 2253 3614 λεσθαι
2300 3559 2457 3615 αὐτὸν
2505 3567 2606 3631 τῆς
2656 3569 2895 3638 κραυγῆς
2942 3563 3042 3631 τήν
3094 3562 3267 3618 αἶ’τίαν
3316 3564 3717 3633 πυνθάνεσθαι,

2067 3648 2143 3709 είς
2199 3649 2297 3717 τήν
2355 3654 2583 3725 γυναῖκα
2639 3646 2918 3725 ἐμϐλέψας
2978 3650 3101 3730 ἔφη’
3162 3650 3351 3726 Οἷ¹μοι,
3399 3651 3451 3706 τί
3497 3651 3721 3707 datst“

2063 3741 2225 3792 τοῦτο
2257 3738 2391 3793 εἶναι
2425 3757 2437 3809 ;
2467 3738 2595 3793 Τίνα
2624 3740 2736 3815 ὁρῶ
2769 3758 2781 3809 ;
2817 3740 3142 3816 Προσελθὼν
3176 3739 3233 3795 δὲ
3278 3741 3367 3795 καὶ
3406 3736 3719 3817 ἀκριϐέστε-

2068 3846 2159 3901 ρον
2206 3824 2393 3881 ἐνιδὼν
2430 3829 2495 3897 εί,
2546 3826 2634 3882 καὶ
2685 3829 2897 3904 ὁραθείς
2945 3829 3353 3903 περιεπλέκετο.
3402 3829 3465 3884 Οἱ
3503 3827 3561 3884 δὲ
3614 3830 3719 3884 ὑπὸ

2066 3921 2240 3991 χαρᾶς
2270 3913 2543 3993 αἰφνιδίου
2573 3914 2865 3995 διεφώνουν
2894 3917 3216 3996 ἀμφότεροι,
3248 3918 3337 3973 καὶ
3388 3916 3575 3973 λαλεῖν
3618 3917 3720 3972 ἀλ-

2067 4001 2267 4074 λήλοις
2302 4002 2653 4079 βουλόμενοι,
2683 4004 2881 4077 ἀφασίᾳ
2913 4006 3261 4081 συσχεθέντες
3311 4006 3371 4061 ἐκ
3396 4012 3500 4074 τῆς
3537 4006 3719 4077 ἀπλή-

2065 4112 2192 4146 στου
2249 4099 2422 4167 χαρᾶς
2468 4091 2681 4169 ἐπέχειν
2740 4096 2786 4129 ⁵³
2839 4094 3060 4157 ἑαυτοὺς
3119 4094 3219 4150 ούκ
3268 4092 3557 4165 ἠδύναντο.
3616 4095 3714 4149 Καὶ

2069 4181 2201 4254 μετά
2230 4183 2275 4218 ⁸³
2317 4180 2462 4237 πολὺ
2505 4184 2549 4229 ει
2596 4183 2731 4259 πρὸς
2779 4182 2938 4239 αὐτὸν
2985 4186 3020 4253 ἡ
3078 4186 3263 4258 μήτηρ
3313 4186 3376 4221 “-
3427 4190 3585 4259 ’Έχω
3634 4205 3714 4254 σε,

2064 4274 2296 4339 Φαῦστε,
2333 4270 2425 4325 τὸν
2482 4272 2617 4325 κατὰ
2668 4271 2840 4327 πάντα
2897 4275 2941 4310 ⁵⁵
2997 4272 3375 4347 γλυκύτατον.
3438 4277 3565 4334 Πῶς
3614 4274 3716 4349 ἄρα

2065 4362 2178 4431 ζῇς,
2226 4359 2282 4413 ’ὸν
2335 4358 2411 4421 ὠς
2458 4360 2721 4415 τεθνεῶτα
2776 4367 2957 4437 μικρῷ
2998 4365 3041 4398 ⁵⁷
3087 4362 3315 4438 πρόσθεν
3357 4360 3716 4434 ἠκούσαμεν;

2062 4446 2213 4515 Πλὴν
2265 4447 2413 4501 οὗτοί
2463 4447 2592 4502 εἰσιν
2623 4450 2667 4485 ⁵⁸
2697 4450 2749 4503 οἱ
2798 4450 2942 4522 υἱοὶ,
2992 4456 3290 4514 Φαυστῖνος
3338 4451 3427 4505 καὶ
3477 4456 3716 4505 Φαυστι-

305 4556 438 4596 cum
496 4540 759 4607 dixisset,
818 4556 925 4595 nos
984 4548 1095 4593 tres
1150 4537 1209 4590 in
1258 4535 1446 4606 ipsum
1505 4534 1951 4605 incumbentes,

2067 4536 2262 4609 νιανὸς,
2311 4536 2398 4591 καὶ
2452 4540 2495 4575 ⁵9
2544 4538 2571 4591 6
2616 4538 2869 4603 ποθεινὸς
2920 4538 3182 4614 Κλήμης,
3223 4544 3397 4595 Ταῦτα
3428 4538 3715 4613 εἰπούσης,

304 4645 555 4701 eumque
596 4626 937 4694 deosculati,
987 4626 1238 4682 formam
1286 4624 1443 4679 illius
1494 4624 1741 4679 obscure
1770 4639 1950 4693 agno-

299 4735 513 4774 νιωιιε.

368 4897 549 4952 CXIX.
582 4895 713 4953 Haec
742 4908 877 4952 cum
906 4894 1124 4949 videret
1163 4891 1405 4947 Petrus:
1452 4891 1536 4946 Tu
1582 4906 1644 4947 es
1678 4892 1947 4963 Faustus,

294 4983 510 5056 inquit,
560 4984 740 5057 hujus
787 4983 896 5051 vir,
948 4982 1192 5054 ejusque
1238 4979 1556 5035 liberorum
1605 4981 1812 5051 pater?
1848 4982 1951 5040 Ille

2058 4628 2223 4699 ἡμεῖς
2255 4626 2307 4679 οἱ
2353 4631 2500 4702 τρεῖς
2550 4628 2947 4700 προσπεσόντες
2999 4628 3165 4703 αὐτῷ,
3210 4630 3301 4684 καὶ
3347 4628 3715 4706 καταφιλοῦν-

2057 4735 2167 4784 τες,
2196 4715 2295 4783 τὴν
2351 4713 2558 4770 ἐκείνου
2619 4717 2833 4794 μορφὴν
2895 4714 3154 4795 ἀμυδρῶς
3204 4739 3325 4781 πως
3369 4717 3714 4791 καταμανθά-

2057 4824 2216 4841 mm...
2244 4806 2290 4841 so

2057 4824 2115 4859 νο
2124 4826 2216 4861 μεν
2244 4824 2311 4861 W.

2166 4826 2216 4859 εν
2244 4826 2311 4861 νν.

2124 4826 2306 4950 ἓΧΙΧ.
2336 4894 2407 4947 ’Ἀ
2449 4891 2538 4948 καὶ
2585 4892 2803 4968 βλέπων
2863 4896 2892 4949 6
2950 4894 3175 4973 Πέτρος*
3238 4895 3315 4950 Σὺ
3360 4898 3406 4934 ⁸1
3462 4895 3512 4950 εί
3560 4898 3709 4950 Φαῦ-

2059 5001 2200 5054 στος,
2231 4984 2278 5018 ⁶²
2310 4980 2476 5055 εἶπεν,
2509 4983 2539 5037 6
2579 4982 2779 5054 ταύτης
2828 4985 2965 5061 ἅνὴρ
3006 4986 3098 5040 καὶ
3134 4988 3241 5041 τῶν
3287 4984 3457 5055 αὐτῆς
3497 4981 3708 5040 παίδων

1641 5132 1881 5191 VARI/E
1933 5136 2339 5193 LECTIONES.

363 5269 409 5303 3‘
439 5268 711 5346 deestdq
760 5270 838 5346 al.
871 5270 932 5346 35_
961 5267 1035 5346 al.
1090 5262 1255 5346 μέχρι
1299 5259 1737 5346 16665690.}6-
1754 5268 1835 5346 al.
1880 5266 2118 5346 συνεῖδον
2163 5266 2401 5346 μὶν-δτι
2455 5269 2512 5346 6v
2539 5265 2717 5346 Δἔλεγε

294 5290 409 5392 δὶυτ
439 5290 711 5359 geest,1t}
760 5290 838 5354 ξι,
871 5290 932 5353 ου’
1090 5290 1255 5340 μεχρι
1299 5290 1626 5346 τοιηοευρο.
1677 5290 1721 5303 ’δν
1754 5290 1826 5325 a1.
1880 5290 2118 5324 συνειοον
2173 5290 2266 5341 μεν
2319 5290 2401 5322 οτι
2456 5290 2512 5324 ον
2561 5290 2717 5378 εΛεγε
2761 5290 3008 5328 τευναναι
3053 5290 3280 5350 γέροντα

297 5381 351 5418 ,Γ
400 5359 467 5418 τα
511 5350 1061 5418 καθωυμριςΑαυτῳ-1
1108 5339 1167 5418 ³⁸.
1204 5338 1468 5418 deestlin
1518 5338 1673 5418 al.._39
1793 5337 1851 5394 δὲ
1880 5335 2003 5418 ἔφη·
2036 5344 2206 5418 Ματθ.
2257 5339 2623 5418 ωριηὰλῶν.
2654 5347 2703 5418 -.ί
2755 5346 2830 5400 al.
2878 5349 2975 5400 τοῦ
3024 5351 3132 5401 τῶν
3171 5343 3317 5399 ἀλῶν

2761 5271 3008 5350 τεθνάναι
3053 5273 3280 5350 γέροντα
3322 5268 3509 5350 αὑτόςζ
3556 5272 3599 5350 3:
3628 5271 3709 5326 al.

3354 5335 3705 5414 μεταλαϐεῖν.

292 5412 338 5447 ⁴²
387 5411 462 5467 al.
489 5409 589 5463 οὐκ
614 5404 958 5493 ἠβουλήθην.
995 5404 1077 5492 "3.
1118 5408 1193 5464 al.
1254 5404 1537 5509 λεχθέντα.
1598 5410 1644 5444 ’⁸⁸
1693 5410 1766 5467 al.
1904 5404 2250 5485 ὁλάζόμενοι.
2308 5414 2352 5448 ‘5
2414 5412 2595 5487 βοῶσα
2652 5410 2776 5491 ἔφη.
2810 5418 2854 5453 ‘5
2884 5419 3045 5475 deest
3092 5419 3151 5473 in
3210 5417 3282 5473 al.
3341 5404 3385 5450 ἡ
3435 5415 3601 5470 deest
3643 5416 3705 5469 in

292 5482 367 5539 al.
399 5484 443 5517 ‘3
473 5483 634 5539 deest
663 5500 721 5538 1n
754 5484 829 5538 81.
862 5485 907 5519 ⁴⁹
951 5482 1025 5538 al.
1064 5496 1238 5536 inser.
1282 5475 1356 5534 δε.
1389 5480 1433 5514 ⁵ο
1464 5479 1539 5534 al.
1572 5478 1743 5540 θέλοι.
1778 5431 1931 5540 δίσέῚ.
1966 5482 2117 5539 ῗδών.
2151 5487 2195 5520 ⁵2
2225 5483 2297 5539 al.
2330 5487 2565 5540 κρατεῖν.
2594 5486 2638 5521 ⁵³
2688 5491 2763 5540 81.
2800 5490 2912 5540 μετ’
2945 5488 3028 5540 οὐ.
3061 5491 3107 5525 δι
3133 5490 3297 5540 deest
3342 5487 3402 5540 in
3436 5486 3512 5540 al.
3548 5486 3591 5520 ⁸⁸
3620 5484 3700 5540 al.

291 5482 367 5539 al.
399 5484 443 5517 ‘3
473 5475 721 5539 deest-in
754 5475 830 5538 a1;
862 5475 907 5519 "5
951 5482 1025 5538 al.
1064 5481 1238 5536 inser.
1282 5475 1361 5534 δέῖ
1389 5480 1433 5514 ⁵ο
1464 5479 1539 5534 al.
1572 5478 1743 5540 θέλοι,
1778 5486 1820 5520 δι

1855 5482 1931 5541 al.
1966 5482 2117 5559 ἰδών.
2151 5487 2199 5559 δῖ
2225 5482 2565 5559 81ηκρᾴτεῖν.
2594 5486 2638 5521 ⁵³
2688 5482 2763 5543 al.

2799 5490 2912 5559 μετ’
2945 5488 3028 5545 οὐ.
3061 5491 3107 5525 5‘
3133 5490 3297 5544 deest
3342 5487 3402 5541 in
3436 5486 3512 5559 al.
3548 5486 3591 5520 ⁸⁵
3620 5484 3700 5559 al.

290 5553 423 5637 adii.
456 5550 581 5703 ἕδη.
616 5555 659 5589 ⁵⁸
689 5554 764 5645 al.
797 5570 1052 5645 praepon.
1094 5570 1208 5623 μοι.
1241 5550 1297 5633 ⁵⁷,
1316 5550 1389 5605 81.
1412 5551 1710 5621 τεθνηκότα
1743 5559 1924 5631 μικρῷ
1952 5553 2145 5630 τάχιον
2175 5555 2266 5625 ἡκ.
2297 5556 2341 5591 ⁸⁸
2368 5550 2445 5612 al.
2479 5557 2659 5628 ἡμῶν.
2693 5560 2737 5596 ⁵9
2766 5550 2929 5618 deest
2955 5560 3017 5618 in
3049 5561 3123 5618 al.
3146 5562 3191 5597 ⁵ο
3217 5557 3510 5632 κατεμανθ.
3540 5559 3585 5596 δι
3617 5556 3696 5614 al.

290 5644 454 5681 ταυτα
526 5668 539 5681 .
573 5625 601 5679 6
631 5630 696 5683 Π.
724 5643 849 5703 εφη*
885 5632 982 5682 Συ.
1015 5626 1060 5660 ⁶²
1089 5624 1254 5679 deest
1283 5639 1344 5678 In
1373 5621 1451 5679 al.

286 5626 454 5681 ταῦτα
573 5625 601 5679 ὁ
631 5630 696 5683 II.
724 5621 849 5703 ἔφή·
885 5621 982 5682 Σύ.
1015 5626 1060 5660 ⁶²
1089 5621 1254 5679 deest
1283 5622 1344 5678 in
1373 5621 1451 5679 al.
