4014 6202
458 414 576 472 559

1285 408 1350 467 S.
1396 403 1841 467 CLEMENTIS
1886 403 1909 462 Ι
1956 399 2145 461 ROM.
2194 400 2423 462 PONT.
2473 405 2735 468 OPERA
2780 408 3044 469 DUBIA.
3699 422 3794 482 560

456 548 720 609 sectatus,
753 557 867 597 non
900 540 1130 595 deserit.
1188 538 1430 604 Quando
1461 553 1598 609 ergo
1628 536 1744 591 illic
1783 534 2021 600 erimus,
2056 533 2102 587 si

2233 530 2377 585 Επὰν
2411 536 2454 569 ⁸⁵
2483 533 2573 590 οὖν
2606 536 2716 591 ἐκεῖ
2744 539 3046 612 γενώμεθα,
3080 537 3163 592 ἐάν
3205 558 3267 613 γε
3314 537 3673 616 καταλαϐωμεν
3720 549 3793 604 αὖ·

458 648 558 689 eos
614 631 1039 696 nanciscamur,
1103 644 1299 683 coram
1356 643 1422 682 eo
1482 626 1822 697 disceptatio
1865 623 1980 679 fiet.
2042 622 2111 676 Et

456 728 763 794 postquam
796 719 866 775 de
890 718 1094 773 multis
1129 716 1536 785 disseruimus,
1584 718 1816 787 propter
1844 710 2108 783 recogni-

457 810 674 865 tionem
717 808 927 880 gaudio
984 805 1205 878 repleti,
1259 806 1487 876 Deoque
1547 819 1818 874 magnam
1868 801 2108 869 gratiam

455 898 764 964 habentes,
820 899 987 952 nocte
1031 893 1498 966 superveniente,
1552 893 1622 947 ad
1682 906 1954 947 somnum
2003 904 2109 944 nos

460 986 838 1044 contulimus.

525 1075 745 1131 CXXII.
795 1075 1009 1129 Exorto
1058 1078 1246 1127 autem
1292 1087 1485 1140 mane,
1543 1074 1705 1141 pater
1750 1085 1886 1124 cum
1927 1070 2111 1123 matre

450 1165 760 1236 tribusque
792 1162 925 1218 ﬁliis
949 1162 1249 1233 ingressus
1282 1160 1343 1216 in
1368 1161 1558 1216 locum
1590 1159 1692 1214 ubi
1721 1161 1847 1213 erat
1883 1155 2107 1224 Petrus,

455 1269 586 1310 cum
634 1252 989 1319 salutasset,
1047 1250 1223 1317 sedit;
1272 1249 1484 1306 deinde
1536 1264 1643 1304 nos
1701 1262 1952 1318 quoque,
2010 1245 2110 1301 illo

455 1343 717 1412 iubente.
758 1341 1108 1411 Patremque
1139 1339 1386 1395 intuitus
1415 1341 1652 1395 Petrus:
1686 1335 1989 1407 Percupio,
2022 1333 2109 1388 in-

457 1431 600 1502 quit,
635 1434 691 1486 te
715 1430 870 1487 idem
898 1430 1112 1485 sentire
1148 1429 1299 1500 quod
1329 1443 1471 1483 uxor
1501 1442 1568 1482 ac
1597 1424 1798 1494 liberi;
1839 1427 1902 1479 ut
1932 1427 1988 1479 et
2019 1422 2112 1478 hic

459 1536 590 1575 cum
616 1520 699 1575 eis
730 1518 1018 1587 convivas,
1077 1521 1134 1575 et
1164 1516 1285 1573 illic
1334 1520 1463 1588 post
1521 1515 1729 1570 animae
1789 1531 1823 1568 a
1871 1527 2113 1584 corpore

456 1608 931 1680 disjunctionem,
989 1623 1110 1662 una
1149 1621 1284 1662 cum
1316 1604 1531 1661 eisdem
1574 1604 1631 1659 in
1682 1602 1881 1659 laetitia
1911 1602 2107 1671 degas.

454 1703 541 1753 An
570 1714 684 1753 non
717 1697 875 1753 enim
908 1695 1160 1751 maxime
1187 1698 1242 1749 te
1271 1698 1440 1764 atque
1468 1692 1602 1747 illos
1634 1692 2025 1756 contristaret,
2060 1690 2111 1745 si

456 1804 572 1844 una
602 1802 719 1842 non
741 1786 987 1843 essetis?
1009 1784 1237 1855 Excepit
1257 1789 1419 1853 pater
1447 1824 1459 1836 .
1486 1781 1737 1838 Omnino
1770 1797 1929 1837 sane.
1962 1783 2109 1834 Tum

2216 617 2368 691 τοὺς,
2402 623 2436 691 ἡ
2495 625 2725 694 ζήτησις
2772 624 2852 679 ἐπ’
2902 625 3108 681 ἐκείνου
3149 628 3422 701 γενήσεται
3450 630 3513 686 9°.
3563 631 3649 685 Kal
3677 634 3796 706 ὁμῶς

2219 706 2403 764 πολλὰ
2454 708 2854 789 διαλεχθέντες,
2912 714 3003 769 καὶ
3050 714 3137 768 ἐπὶ
3182 716 3262 786 τῷ
3311 717 3677 793 ἆναγνωρισμῷ
3714 744 3797 797 χα-

2219 802 2313 872 ρᾶς
2347 802 2389 835 9⁷
2418 798 2825 876 πληρωθέντες,
2855 802 2943 858 καὶ
2977 808 3123 875 Θετῷ
3150 802 3361 873 πολλὴν
3393 788 3543 882 χάριν
3572 788 3612 846 θέ
3639 788 3800 883 δμολο·

2217 891 2437 961 γοῦντες
2467 893 2532 958 99,
2583 889 2806 969 ἑσπέρας
2853 887 3292 964 καταλαϐούσης,
3343 894 3417 956 εἰς
3480 895 3624 951 ὕπνον
3677 900 3800 976 ἐτρά-

2218 996 2291 1045 πη
2305 998 2399 1049 μεν
2410 1022 2423 1035 .

2289 1072 2500 1124 CXXII.
2570 1073 2811 1146 ’Όρθρου
2856 1067 2913 1125 δὲ
2957 1068 3272 1146 γενομένου,
3322 1071 3548 1149 ὁπατῆρ
3586 1076 3700 1147 μετὰ
3721 1084 3798 1147 τῆς

2223 1157 2428 1229 μητρὸς
2457 1160 2524 1194 ¹⁰⁰
2553 1158 2643 1213 καὶ
2673 1162 2778 1214 τῶν
2809 1164 2974 1236 τριῶν
3007 1160 3137 1213 υἱῶν
3171 1158 3421 1224 εἰσελθὼν
3449 1160 3562 1217 ἔνθα
3589 1164 3613 1218 6
3640 1166 3798 1241 Πέτρος

2217 1245 2307 1316 ἦν,
2345 1250 2361 1283 ί
2401 1247 2490 1300 καὶ
2523 1248 2983 1325 προσαγορεύσας,
3016 1247 3274 1319 ἐκαθέσθη
3295 1269 3307 1281 ·
3341 1245 3514 1305 ἔπειτα
3540 1254 3620 1306 καὶ
3653 1256 3794 1328 ἡμεῖς,

2218 1334 2383 1389 αὐτοῦ
2408 1334 2784 1400 κελεύσαντος.
2816 1339 2916 1392 Καὶ
2938 1339 2966 1393 6
2998 1338 3203 1413 Πὲτρος
3250 1338 3340 1394 τὸν
3390 1340 3580 1415 πατέρα
3606 1344 3625 1377 ²
3665 1362 3795 1417 προσ-

2219 1418 2426 1497 ϐλέψας
2451 1442 2464 1456 °
2501 1422 2729 1480 Σπεύδω
2754 1447 2832 1496 σε,
2888 1423 3015 1505 ἔφη,
3064 1426 3346 1505 ὁμόφρονα
3382 1427 3603 1503 γενέσθαι
3630 1431 3798 1505 γυναικῖ

2216 1512 2306 1567 καὶ
2336 1513 2564 1582 τέκνοις,
2597 1512 2746 1578 ὅπως
2787 1513 2971 1579 αὐτοῖς
3013 1515 3102 1571 καὶ
3151 1515 3367 1571 ἐνταυϐα
3414 1515 3696 1590 ὁμοδίαιτος
3732 1519 3799 1594 ᾖς,

2218 1600 2373 1656 κάκεῖ
2424 1602 2557 1675 μετὰ
2594 1604 2687 1657 τὸν
2741 1604 2845 1658 ἀπὸ
2892 1608 2991 1658 τοῦ
3034 1605 3290 1677 σώματος
3334 1611 3431 1674 τῆς
3473 1608 3639 1680 ψοχῆς
3666 1626 3803 1681 χωρι-

2219 1691 2382 1763 σμὸν,
2430 1692 2642 1745 συνὼν³
2692 1691 2744 1746 ἐν
2793 1691 3094 1771 εὐφροσύνῃ
3163 1690 3371 1769 διάγῃς.
3420 1695 3487 1749 Ἦ
3529 1696 3620 1770 γὰρ
3664 1695 3721 1749 οὐ
3757 1697 3806 1749 τὰ

2223 1780 2452 1854 μέγιστά
2483 1781 2539 1834 σέ
2568 1802 2628 1835 τε
2658 1780 2820 1837 λυπεῖ
2846 1782 2936 1836 καὶ
2968 1782 3162 1844 αὐτοὺς
3210 1782 3274 1837 τὸ
3309 1784 3381 1855 μὴ
3430 1782 3676 1854 ἀλλήλοις
3716 1806 3807 1838 συν-

455 1878 699 1933 Petrus:
734 1875 791 1930 Si
824 1890 982 1946 ergo,
1032 1872 1127 1928 hic
1157 1872 1403 1927 invicem
1452 1878 1749 1942 separatos
1799 1885 1927 1925 esse
1985 1884 2110 1923 mo-

2232 1874 2353 1923 εἶναι
2380 1888 2393 1938 ;
2428 1869 2523 1923 Καὶ
2556 1870 2584 1924 6
2616 1872 2797 1946 πατὴρ
2828 1874 2850 1907 ⁴
2876 1867 2999 1949 ἔφη·
3035 1870 3132 1926 Καὶ
3174 1871 3309 1925 πάνυ
3341 1893 3421 1947 γε.
3453 1872 3545 1927 Καὶ
3573 1873 3597 1925 6
3627 1871 3807 1947 Πέτροςσ

456 1966 627 2022 lestia
656 1963 993 2031 afﬁcit;hoc
1022 1962 1120 2017 ubi
1140 1965 1522 2031 postmortem
1552 1959 1721 2031 plane
1753 1958 1865 2026 fiet,
1892 1961 2114 2029 quanto

458 2056 645 2126 magis
687 2052 996 2108 molestum
1036 2050 1141 2105 erit
1183 2057 1236 2105 te
1285 2048 1547 2119 quidem,
1600 2050 1702 2120 qui
1751 2047 1836 2102 vir
1881 2046 2115 2116 sapiens

460 2158 543 2213 es,
575 2142 796 2196 ratione
824 2146 934 2195 tute
964 2139 1255 2210 opinionis
1286 2138 1542 2210 disjungi
1571 2154 1605 2193 a
1631 2137 1750 2191 tuis
1775 2153 1788 2204 ;
1824 2135 1952 2192 illos
1983 2152 2116 2191 vero

463 2232 649 2286 multo
682 2230 865 2303 magis
894 2228 1105 2296 dolere,
1134 2228 1286 2299 quod
1317 2228 1505 2283 sciant
1527 2234 1579 2282 te
1608 2226 1721 2281 alia
1744 2224 2114 2295 sentientem,

462 2324 746 2376 aeternum
790 2317 1136 2390 supplicium
1167 2318 1241 2374 ob
1278 2316 1399 2372 veri
1431 2317 1721 2389 dogmatis
1753 2315 2117 2385 negationem

464 2423 700 2463 manere
718 2410 742 2463 Ρ

533 2496 767 2553 CXXIII.
802 2495 898 2550 7Et
929 2498 1091 2566 pater
1120 2494 1302 2550 dixit:
1338 2496 1407 2548 At
1440 2509 1558 2550 non
1591 2493 1673 2549 ita
1704 2495 1815 2561 est,
1848 2509 1879 2547 o
1914 2491 2120 2559 amice,

461 2589 525 2643 ut
554 2586 704 2657 apud
731 2583 945 2641 inferos
974 2584 1179 2640 animas
1209 2584 1561 2656 puniantur;
1615 2597 1891 2653 quoniam
1922 2580 2122 2635 anima

464 2674 641 2732 simul
671 2678 846 2746 atque
876 2691 910 2728 a
938 2689 1177 2746 corpore
1218 2671 1482 2739 discedit,
1534 2671 1589 2725 in
1634 2686 1822 2726 aerem
1855 2668 2120 2726 dissolvi-

470 2772 580 2821 tur.
616 2763 852 2835 Excepit
880 2763 1114 2819 Petrus:
1148 2762 1350 2833 Itaque
1397 2776 1583 2831 usque
1622 2761 1762 2815 dum
1798 2760 1902 2816 hac
1942 2760 2013 2814 de
2062 2774 2123 2813 re

468 2854 577 2909 tibi
604 2852 1080 2923 persuadeamus,
1112 2850 1399 2923 responde
1449 2848 1622 2906 mihi:
1669 2864 1863 2905 nonne
1906 2848 2009 2904 tibi
2046 2846 2126 2902 vi-

472 2943 658 3013 detur,
707 2945 763 2996 te
801 2942 1036 3012 quidem
1085 2939 1183 3011 qui
1233 2940 1458 2995 futuras
1489 2955 1686 3010 poenas
1746 2955 1861 2993 non
1912 2938 2122 3004 credis,

474 3046 844 3102 nequaquam
874 3030 1107 3097 dolere;
1144 3028 1275 3084 illos
1314 3044 1467 3095 vero,
1511 3028 1607 3097 qui
1648 3043 1990 3097 persuasum
2021 3027 2123 3082 ha-

477 3119 613 3175 bent
644 3135 758 3173 non
792 3133 1029 3190 parvam
1059 3124 1110 3172 te
1128 3131 1359 3171 manere
1382 3114 1791 3181 calamitatem,
1814 3114 2124 3183 plurimum

476 3207 647 3279 angi?
676 3207 823 3263 Tum
854 3211 1046 3278 pater:
1105 3205 1273 3261 Recte
1321 3203 1486 3260 dicis.
1531 3203 1734 3258 Petrus
1789 3208 2021 3258 autem:
2058 3204 2126 3257 Et

476 3312 656 3368 quare
685 3296 938 3351 maximo
987 3295 1058 3350 de
1084 3297 1141 3350 te
1191 3309 1435 3349 mmrore
1478 3308 1593 3348 non
1651 3308 1750 3347 eos
1799 3290 2122 3348 liberabis?
2154 3270 2196 3338 (ἶ

473 3386 609 3441 fidei
641 3388 998 3453 assentiens;
1060 3399 1175 3439 non
1229 3384 1445 3454 pudore
1481 3382 1740 3451 inquam,
1794 3382 1894 3437 sed
1938 3382 2123 3454 aequi-

474 3480 617 3543 tate;
649 3476 720 3531 de
765 3474 837 3530 iis
869 3490 989 3544 quea
1022 3473 1128 3529 tibi
1180 3490 1213 3528 a
1252 3488 1346 3527 me
1392 3472 1666 3527 dicuntur
1722 3471 2037 3541 audiendo,
2066 3475 2124 3529 et

464 3564 783 3634 judicando
815 3572 1009 3618 utrum
1042 3578 1108 3619 ea
1138 3562 1219 3617 ita
1251 3577 1430 3618 necne
1463 3561 1725 3616 habeant.
1764 3563 1837 3615 Ac
1891 3561 1935 3615 si
1995 3562 2122 3633 qui-

470 3655 599 3709 dem
631 3654 711 3708 ita
747 3657 854 3721 est,
889 3656 951 3707 ut
988 3651 1263 3718 dicimus;
1298 3655 1355 3706 et
1407 3650 1502 3706 hic
1557 3666 1668 3705 una
1718 3666 1850 3706 cum
1902 3650 2121 3706 charis-

472 3743 635 3798 simis
691 3741 1103 3807 delectaberis,
1154 3745 1209 3796 et
1252 3739 1371 3794 illic
1416 3755 1549 3794 cum
1600 3740 1821 3795 eisdem
1868 3740 2123 3809 requiem

474 3832 868 3903 consequeris.
902 3830 1063 3896 Quod
1120 3830 1170 3884 si
1216 3829 1275 3883 in
1306 3828 1616 3883 verborum
1674 3832 1910 3883 tuorum
1942 3828 2123 3885 disce-

474 3921 732 3991 ptatione
751 3918 1098 3985 ostenderis,
1130 3933 1257 3989 qua
1289 3934 1323 3972 a
1352 3917 1521 3973 nobis
1552 3916 1875 3972 afferuntur
1917 3918 2123 3973 falsam

476 4026 600 4066 esse
631 4007 918 4079 fabulam;
951 4008 1126 4063 etiam
1176 4007 1304 4062 illos
1350 4006 1505 4061 idem
1561 4010 1753 4063 tecum
1812 4007 2125 4063 sentientes

477 4096 743 4166 accipies,
774 4095 974 4166 sicque
1004 4094 1240 4164 pulchre
1291 4093 1487 4149 facies.
1551 4094 1620 4149 Ut
1650 4094 1803 4150 enim
1836 4112 1980 4151 vana
2021 4112 2124 4167 spe

476 4185 646 4241 inniti
665 4184 949 4240 desistant
966 4183 1199 4253 efﬁcies,
1214 4198 1429 4254 eosque
1449 4181 1663 4239 falsaru
1675 4200 1727 4240 m
1758 4200 1886 4239 reru
1897 4201 1951 4241 m
1966 4189 2121 4241 metu

477 4272 773 4329 liberabis.

546 4362 781 4419 CXXIV.
813 4364 882 4418 Et
912 4366 1101 4435 pater:
1153 4360 1339 4418 Multa
1371 4361 1512 4416 mihi
1540 4361 1756 4418 videris
1798 4363 1988 4419 dicere
2031 4381 2121 4419 ra-

473 4451 622 4508 tioni
648 4457 1057 4508 consentanea.
1100 4456 1180 4506 Ac
1212 4451 1447 4507 Petrus:
1489 4451 1636 4516 Quid
1679 4468 1815 4522 ergo
1858 4452 2118 4525 impedit,

475 4546 688 4599 nostra?
721 4549 773 4597 te
812 4540 948 4596 fidei
976 4539 1289 4596 assentiri?
1336 4540 1461 4595 Non
1494 4541 1649 4595 enim
1685 4542 1937 4613 nogotiis
1968 4559 2118 4597 mer-

2227 1957 2290 2012 Εἰ
2324 1956 2414 2011 οὖν
2448 1957 2672 2022 ἐνταῦθα
2699 1960 2761 2014 τὸ
2801 1958 3067 2031 ἀλλήλων
3116 1960 3449 2037 κεχωρίσθαι
3494 1959 3660 2029 λυπεῖ,
3710 1963 3812 2033 μετᾶ

2229 2048 2450 2110 θάνατον
2500 2049 2715 2111 πάντως
2745 2052 2766 2085 δ
2810 2049 3116 2125 γενόμενον,
3172 2050 3327 2122 πόσῳ
3372 2070 3433 2125 γε
3480 2049 3667 2123 μᾶλλον
3694 2048 3809 2104 Glu-

2226 2138 2414 2206 πήσει,
2445 2137 2503 2191 σὲ
2536 2138 2629 2210 μὲν
2660 2134 2827 2213 ἄνδρα
2857 2136 3046 2216 σοφὸν,
3078 2134 3233 2206 ὄντα,
3263 2143 3341 2211 τῷ
3368 2146 3465 2208 τῆς
3493 2139 3697 2213 γνώμης
3738 2160 3811 2194 σου

2227 2223 2383 2299 λόγῳ
2411 2230 2671 2282 τῶν.σιῖ›ν
2717 2227 3079 2303 κεχωρίσθαι,
3127 2227 3328 2291 αὐτοὺς
3379 2224 3435 2282 δὲ
3479 2226 3609 2283 πολὺ
3640 2226 3810 2301 μᾶλλον

2229 2311 2536 2387 ὀδυνᾶσθαι,
2566 2319 2644 2387 τῷ
2675 2313 2893 2387 εἰδέναι,
2927 2316 3011 2373 ὅτι
3064 2338 3120 2372 σε
3152 2315 3302 2372 ἄλλα
3331 2321 3610 2395 φρονοῦντα
3635 2317 3812 2378 αἰώνιος

2235 2403 2377 2477 μένει
2410 2402 2656 2477 κόλασις,
2692 2403 2860 2480 ῥητοῦ
2891 2402 3161 2483 δόγματος
3193 2405 3486 2482 ἀποφάσεις

2302 2492 2537 2547 CXXIII.
2571 2492 2670 2546 Καὶ
2703 2494 2732 2547 6
2758 2494 2937 2568 πατὴρ
2968 2492 3091 2572 ἔφη’
3126 2492 3286 2552 Ἀλλ’
3316 2494 3413 2550 οὐκ
3450 2492 3600 2563 ἔστιν,
3642 2494 3681 2548 ὦ
3718 2492 3814 2570 φίλ-

2228 2600 2373 2648 τατε,
2406 2580 2469 2634 τὸ
2500 2579 2551 2635 ἐν
2594 2576 2726 2651 ᾅδου
2756 2583 2939 2658 ψυχάς
2968 2586 2988 2620 ⁸
3027 2585 3377 2653 κολάζεσθιι,
3426 2583 3581 2652 αὐτῆς
3622 2582 3721 2655 ’ἁμα
3758 2586 3817 2651 τῷ

2232 2668 2526 2738 ἀποστῆναι
2573 2674 2670 2724 τοῦ
2723 2671 2997 2744 σώματος,
3049 2672 3126 2735 εἷς
3176 2672 3309 2749 ἀέρα
3364 2672 3635 2745 λυομένης*
3678 2670 3817 2724 Καὶὸ

2235 2752 2437 2833 Πέτρυς
2486 2754 2586 2836 ἔφή
2615 2778 2627 2792 ⁸
2681 2760 2890 2835 Μέχρις
2941 2758 3031 2814 οὖν
3083 2759 3174 2815 ὅτε
3221 2760 3344 2837 περὶ
3389 2760 3572 2817 τούτου
3612 2757 3819 2829 πείσομεν

2234 2867 2314 2913 σε,
2345 2846 2631 2922 ἀπόκριναί
2667 2868 2798 2921 μοι·
2832 2850 2893 2903 ού
2945 2846 3095 2904 δοκεῖ
3125 2870 3233 2921 σοι,
3285 2851 3343 2904 σὲ
3392 2849 3481 2923 μὶν
3536 2852 3599 2921 τῇ
3642 2847 3817 2902 κολάσει

2237 2932 2621 2991 διαπιστοῦντα
2654 2938 2729 3010 μὴ
2771 2940 2791 2975 θ
2822 2935 3126 3009 λυπεῖσθαι,
3162 2938 3402 2999 ὕκείνους
3433 2936 3486 2993 δὲ
3516 2941 3557 2975 ίο
3598 2937 3704 3010 περὶ
3748 2938 3819 2988 σοῦ

2235 3027 2650 3098 πεπεισμένους,
2703 3027 2778 3089 ὡς
2826 3027 2927 3102 ἄρα
2975 3026 3037 3081 οὐ
3091 3028 3288 3103 μικρὰν
3340 3024 3481 3103 ἔχεις
3529 3027 3752 3100 ἀνάγκην,
3780 3023 3822 3077 ἐκ

2235 3119 2493 3189 περισσοῦ
2543 3116 2818 3185 ἀνιᾶσθαι;
2873 3115 2969 3170 Καὶ
3017 3117 3045 3171 6
3110 3119 3329 3192 πατήρτ
3403 3115 3713 3174 Ἀκολούθως

2235 3224 2372 3278 γεις.
2407 3203 2509 3259 Καὶ
2541 3205 2568 3259 6
2600 3203 2802 3278 Πέτρος
2825 3225 2837 3237 ’
2875 3206 2971 3259 Διά
3002 3206 3053 3259 τί
3084 3203 3141 3260 δὲ
3170 3204 3368 3267 αὐτοὺς
3418 3204 3512 3259 οὐκ
3550 3200 3819 3271 ἀπαλλάξεις

2238 3291 2498 3367 μεγίστης
2546 3293 2669 3367 περὶ
2718 3297 2814 3349 σοῦ
2874 3293 3093 3364 λύπης;
3160 3298 3231 3368 τῇ
3301 3294 3471 3349 πίστει
3535 3291 3818 3363 συνθέμενος,

2232 3381 2293 3436 ού
2346 3379 2591 3455 δυσωπίᾳ
2646 3381 2815 3458 λέγω,
2866 3380 2991 3438 ἀλλ’
3040 3382 3443 3459 εὐγνωμοσύνῃ,
3490 3382 3603 3457 περὶ
3644 3382 3732 3433 τῶν
3760 3377 3821 3430 ὑπ’

2233 3469 2368 3545 ἐμοῦ
2417 3469 2729 3547 λεγομένων
2772 3493 2856 3527 σοι
2918 3472 3149 3540 ἀκούων,
3199 3474 3293 3528 καὶ
3336 3472 3530 3548 κρίνων
3595 3469 3636 3524 εἰ
3694 3470 3823 3521 ταῦτα

2234 3560 2405 3623 οῦτως
2456 3558 2571 3637 ἔχει
2620 3562 2656 3631 ἢ
2708 3559 2790 3620 οῦ.
2852 3562 2954 3620 Καὶ
3000 3562 3045 3616 εἶ
3099 3562 3191 3635 μὲν
3248 3562 3423 3623 οὕτως
3455 3559 3562 3636 ἔχει
3591 3559 3658 3619 ὡς
3699 3554 3819 3628 λέγῡ·

2237 3672 2353 3723 μεν,
2403 3651 2492 3704 καὶ
2550 3647 2657 3705 ὦδε
2704 3649 3126 3713 συναπολαύσεις
3175 3655 3297 3714 τοῖς
3340 3648 3649 3730 λφιλτάτοις,
3707 3645 3825 3699 κάκεῖ

2233 3737 2632 3809 συναναπαύση.
2684 3738 2751 3793 Ei’
2800 3736 2857 3794 δὲ
2903 3739 2956 3794 ἐν
3000 3743 3069 3813 τῇ
3117 3744 3226 3795 τῶν
3288 3739 3469 3815 λόγων
3500 3742 3541 3776 ίί
3570 3734 3654 3791 σοῦ
3681 3732 3819 3805 σκέψει

2234 3828 2404 3901 δείξῃς
2452 3827 2517 3882 τὰ
2568 3828 2650 3905 ὑρ’
2692 3830 2851 3901 ἡμῶν
2902 3828 3171 3903 λεγόμενα
3219 3827 3399 3903 ψευδῆ
3443 3849 3554 3882 τινα
3602 3826 3743 3899 μῦθον
3766 3820 3820 3875 εἶ-

2230 3938 2331 3986 νιι,
2380 3917 2470 3971 καὶ
2522 3918 2922 3992 ὁμογνώμονάς
2972 3938 3067 3972 σου
3117 3913 3316 3981 λάϐοις
3370 3916 3577 3985 αὐτοῦς,
3614 3911 3826 3969 καὶοῦτω

2230 4005 2415 4068 καλῶς
2463 4008 2711 4077 ποιήσεις
2747 4008 2789 4042 ¹²
2815 4025 2827 4038 ·
2877 4010 2975 4062 τοῦ
3022 4027 3081 4061 τε
3129 4006 3231 4083 γὰρ
3265 4010 3447 4068 κεναῖς
3476 4003 3639 4060 ἐλπίσι
3668 3995 3828 4071 ἐπερεί-

2233 4093 2413 4149 δεσθαι
2464 4094 2707 4165 παύσεις,
2757 4096 2846 4151 καὶ
2895 4090 3052 4175 φόϐῳ
3086 4100 3131 4134 ¹³
3168 4094 3369 4159 αὐτοὺς
3400 4091 3600 4170 ψευδῶν
3630 4086 3822 4145 ἀπαλλα-

2233 4184 2336 4255 ξεις
2372 4189 2437 4242 ιι.

2303 4365 2530 4421 CXXIV.
2567 4364 2667 4420 Καὶ
2699 4363 2726 4417 ὁ
2758 4363 2939 4439 πατὴρ
2964 4381 2977 4395 ο
3010 4362 3206 4420 Πολλᾶ
3255 4362 3419 4442 φαίνῃ
3451 4365 3496 4401 1⁵
3544 4380 3627 4435 μοι
3671 4354 3823 4428 εῧλογι

2233 4453 2431 4528 λέγων.
2467 4453 2563 4507 Καὶ
2613 4454 2641 4507 6
2691 4454 2893 4527 Πέτρος
2925 4456 2989 4492 ¹⁶’
3040 4454 3101 4508 Τί
3149 4453 3240 4509 οὗν
3278 4454 3389 4509 ἐστι
3420 4453 3483 4508 τὸ
3509 4448 3701 4506 κωλύον
3730 4465 3818 4499 συν-

2232 4542 2410 4607 θέσθαι
2464 4563 2521 4596 σε
2565 4546 2633 4616 τῇ
2685 4542 2927 4616 ἡμετέρᾳ
2971 4543 3197 4613 πίστει;
3244 4538 3385 4598 Οὔτε
3427 4541 3525 4616 γὰρ
3586 4531 3819 4613 ἀσχολίαις

473 4637 707 4703 caturaz,
741 4631 1037 4687 actionum
1068 4628 1454 4701 publicarum,
1487 4629 1873 4699 agriculturae,
1903 4629 2117 4687 sollici-

2232 4631 2576 4709 ἀγορασμῶν,
2610 4628 2733 4686 οὔτε
2762 4631 3029 4707 πράξεων,
3063 4629 3186 4687 οὕτε
3228 4635 3537 4708 γεωργιῶν,
3592 4627 3647 4682 ού
3694 4643 3818 4702 φρον-

469 4720 1008 4789 tudinum;borum
1043 4718 1203 4775 nullo
1252 4719 1547 4775 retineris:
1586 4727 1745 4789 potes
1792 4725 1983 4776 autem
2027 4723 2117 4777 in-

470 4809 743 4880 telligere,
776 4807 925 4863 nihil
953 4824 1154 4864 eorum
1186 4824 1313 4879 quae
1345 4814 1503 4873 sunt,
1532 4808 1791 4876 fortuito,
1827 4811 1990 4880 quasi
2026 4828 2117 4867 ne-

472 4914 767 4969 quaquam
805 4897 1013 4953 existat
1060 4896 1441 4969 providentia,
1485 4896 1733 4952 evenire.
1775 4900 1952 4968 Cujus
1992 4902 2117 4971 qui-

470 4988 601 5044 dem
634 4988 715 5043 rei
770 4988 1183 5043 documentum
1234 4986 1805 5051 manifestissimum,
1845 5004 1971 5058 quae
2011 4990 2117 5045 tibi

469 5075 779 5147 liberisque
811 5077 927 5132 tuis
958 5090 1025 5132 ac
1048 5075 1206 5129 uxori
1229 5074 1585 5130 acciderunt.
1617 5075 1765 5129 Nam
1797 5077 1848 5131 si
1874 5078 2029 5148 apud
2063 5085 2116 5134 te

2222 4719 2411 4789 τίδων,
2466 4718 2638 4776 οὐδενὶ
2679 4719 2884 4776 τούτων
2932 4721 3174 4797 κατέχῃο
3230 4718 3453 4776 δύνασαι
3504 4716 3559 4774 δὶ
3609 4720 3730 4771 νοεῖν
3766 4709 3818 4770 ὡς

2225 4811 2323 4865 οὐκ
2372 4810 2689 4884 αὐτομάτως
2740 4809 2951 4886 ἐγένετό
2998 4832 3049 4865 τι
3096 4814 3205 4866 τῶν
3238 4805 3435 4880 ὅντων,
3486 4809 3568 4863 οἶα
3611 4801 3819 4879 προνοίας

2225 4898 2324 4954 ούκ
2371 4896 2555 4965 οὔσης.
2607 4899 2707 4953 Καὶ
2756 4898 2952 4955 τούτου
3005 4897 3207 4975 δεῖγμα
3257 4900 3604 4978 σαφέστατον,
3644 4893 3704 4949 τὰ
3728 4887 3821 4961 περὶ

2225 4989 2281 5043 σε
2309 4988 2399 5042 καὶ
2440 4988 2507 5042 τὰ
2560 4987 2623 5041 σὰ
2671 4988 2829 5043 τέκνα
2874 4988 2964 5043 καὶ
3010 4990 3110 5058 τήν
3154 4975 3384 5065 γυναῖκα
3426 4984 3746 5063 γεγενημένα·
3773 4975 3819 5032 Εἷ

2222 5078 2323 5153 γὰρ
2373 5077 2518 5152 παρὰ
2566 5076 2650 5131 σοὶ
2700 5076 2850 5140 ὅντες
2892 5075 2983 5132 καί
3032 5077 3108 5141 εἷς
3140 5064 3297 5152 δεῦρο
3330 5076 3642 5153 ἐτύγχανον,
3670 5064 3819 5126 οὐκᾶν

1816 5246 2055 5303 VARI/E
2113 5248 2521 5305 LECTIONES.

540 5370 584 5405 9⁵
630 5369 705 5425 al.
760 5367 869 5453 6).an
906 5369 975 5453 9θῖ
1006 5367 1079 5451 al:
1140 5367 1412 5453 YEVéO’QZtg
1442 5363 1681 5453 δύναται.
1733 5370 1776 5453 97
1826 5370 1899 5453 al.
1950 5368 2298 5453 πλησθέντες.
2346 5373 2388 5408 9⁸
2437 5371 2511 5427 al.
2540 5369 3072 5453 εὐχαριστήσαντες,
3109 5372 3371 5453 λὲσπέρας..
3431 5373 3475 5408 ⁹⁹
3528 5369 3600 5427 al.
3653 5359 3816 5453 651,010:

465 5442 744 5525 γήσαῖτειῇ
803 5441 869 5525 ¹ίξ⁰
927 5439 1000 5525 8;]-
1056 5434 1233 5525 ED'S‘GP-
1294 5439 1477 5525 ἡιῇὦξι.
1541 5443 1557 5476 ¹
1614 5442 1797 5525 dee‘s‘t‘
1831 5442 1890 5525 in
1948 5443 2021 5499 al.
2054 5434 2218 5525 é‘al;
2253 5447 2332 5515 τῷ
2389 5440 2572 5525 πατρί.
2601 5434 2741 5525 ξ’ἶὶί.
2793 5434 3017 5499 συνόντα
3061 5434 3279 5525 ’ᾇλυπον
3336 5441 3566 5525 ἔσεσθαι,
3620 5448 3639 5483 ¹ο
3686 5434 3817 5491 Vde/BSt

465 5507 659 5587 i'n'al.
719 5514 740 5547 ⁸
796 5512 879 5587 al._
934 5507 1288 5587 ὀφειλόμενον
1341 5507 1466 5587 ὑμῖν
1533 5512 1647 5587 μετ’
1702 5509 1968 5587 ἀλλήλων
2033 5515 2106 5585 μὴ
2169 5507 2324 5581 εἶναι,
2384 5507 2555 5587 πόσίμ.
2598 5517 2966 5587 θλᾶιηνὶηεϐιι.
3028 5514 3493 5587 06.7Clement.,
3551 5512 3692 5587 born.
3744 5520 3816 5569 XV.

465 5602 515 5658 c_.
551 5585 602 5651 1,
638 5589 742 5658 etc.
777 5592 796 5626 8
831 5582 904 5658 al.
946 5581 1152 5658 ψυχήν.
1188 5584 1208 5617 ⁹
1239 5583 1314 5658 al.
1359 5581 1684 5658 ἀπιστοῦντα
1722 5581 1844 5658 τῂν
1870 5581 2104 5658 κόλασιν
2138 5588 2237 5658 μή.

2292 5578 2337 5623 ίδ
2384 5587 2439 5643 al
2484 5578 2679 5649 αὐτοὺς
2726 5584 2783 5641 δὲ
2829 5588 3240 5661 πεπεισμένους,
3286 5578 3521 5661 ἀνάγκὴν
3573 5578 3700 5657 ἔχειν
3744 5593 3815 5653 πεί

2292 5659 2300 5677 ν
2534 5657 2545 5677 a
2591 5657 2641 5678 ,ι
2743 5659 2756 5678 ρ
2933 5659 2945 5678 1
3084 5658 3095 5678 ι
3338 5655 3382 5678 n
3492 5656 3554 5678 \,_
3620 5649 3697 5678 -..Α
3736 5666 3811 5678 -..τι

464 5654 515 5723 pi
550 5641 644 5740 σοῦ
690 5641 987 5740 ᾁνιᾶρθαιῖἓ
1008 5641 1061 5691 ίῗ
1082 5641 1244 5740 deest
1283 5653 1352 5740 in.
1388 5655 1463 5737 al.
1517 5656 1560 5740 ξε
1590 5655 1667 5740 ἧι.
1700 5641 1892 5740 ὀὕτως
1940 5641 2448 5740 καλῶς’ποιήσεις,
2488 5641 2688 5721 αὐτοὺς
2736 5641 3260 5736 ὁμογνωμονάςσοι
3308 5641 3575 5737 είλῆφίῖος,
3603 5641 3699 5709 ’καὶ
3736 5641 3811 5701 τοῦ

463 5718 664 5787 κεναῖς.
701 5728 745 5763 1³
774 5726 850 5783 al.
881 5718 1089 5803 φόϐων.
1123 5727 1168 5762 ³⁵
1198 5725 1362 5782 deest
1390 5726 1450 5783 in
1481 5725 1555 5781 al.
1590 5727 1634 5762 ¹⁶
1664 5726 1738 5783 al.
1773 5726 1970 5805 φαίνει.
2005 5729 2049 5765 ¹⁶
2079 5728 2154 5785 al.
2189 5718 2322 5788 add.
