4014 6202
181 316 266 376 561

862 304 1396 368 CLEMENTINA.
1428 339 1509 351 -—
1536 305 1881 368 EPITOME
1929 308 2031 369 DF.
2077 309 2348 373 GESTIS
2392 314 2456 374 S.
2508 313 2765 375 PETRI.

3393 314 3512 375 562

175 446 243 501 τὸν
268 448 346 510 τῆς
384 431 632 499 εὐσεϐείας
674 434 840 511 Λόγον
890 434 1157 509 ἐδέξαντο,
1207 435 1306 491 οὐκ
1350 434 1410 491 ἂν
1458 436 1748 513 ἐπιγνῶναι

1869 438 2173 513 hucusque
2216 444 2589 514 mansissent,
2651 462 2765 501 non
2822 444 3221 517 suscepissent
3266 446 3508 504 verbum

176 536 250 601 τὴν
271 531 493 600 ἀλήθειαν
528 524 897 597 ἠδυνήθησαν.
950 528 1047 580 Διὰ
1090 530 1252 581 τοῦτο
1308 526 1441 599 μετᾶ
1478 533 1578 595 τῆς
1625 525 1755 580 ἀπο-

175 622 352 694 δημίας,
396 616 473 672 καὶ
512 618 761 690 ναυάγιον
807 617 1166 689 ᾡκονομήθη,
1206 614 1295 670 καὶ
1340 620 1540 689 πικροῦ
1594 615 1752 669 θανά-

172 733 245 767 του
284 710 512 764 ὑπόνοια·
561 705 787 780 προσέτι
838 703 896 759 δὲ
940 705 1030 759 καὶ
1080 707 1115 774 ἡ
1167 704 1290 775 περὶ
1336 706 1405 759 τὸ.
1454 702 1754 774 Ἑλληνικὰ

170 799 329 857 τούτων
358 792 684 865 ἅσκησις,’ίν’
733 794 808 856 ὡς
859 793 1120 868 πρότερον
1172 793 1305 848 αὐτὰ
1355 790 1750 863 παιδευθέντες,

172 890 256 945 εἶτα
282 880 644 961 μεταϐαλόντες
688 883 825 958 πρὸς
870 884 970 952 τὴν
1021 877 1314 948 εὐσέϐειαν,
1350 880 1566 937 δυνατοὶ
1619 880 1749 936 ὦσιν

170 978 355 1049 ἑτοίμως
407 972 531 1027 αὐτὰ
580 972 670 1027 καὶ
734 973 868 1046 μετὰ
941 969 1163 1035 πολλῆς
1222 973 1592 1041 ἆνασκευάζειν
1651 977 1750 1039 τῆς

169 1065 380 1125 εὐκολίας·
432 1061 517 1117 καὶ
576 1060 611 1115 ἃ
666 1066 846 1123 κακῶς
901 1066 1198 1132 τηνικαῦτα
1256 1063 1392 1116 κατὰ
1444 1068 1543 1130 τῆς
1602 1058 1751 1115 εὐσε-

170 1152 280 1216 ϐείας
306 1147 727 1226 προυϐάλλοντο,
773 1151 989 1213 τούτοις
1036 1150 1223 1213 καλῶς
1273 1150 1405 1224 ὑπὲρ
1452 1148 1619 1218 αὐτῆς
1658 1147 1747 1203 καὶ

168 1245 205 1300 ἓν
244 1240 387 1318 καιρῷ
437 1246 511 1313 τῷ
568 1242 903 1315 προσήκοντι
961 1242 1289 1317 χρήσαιντο.
1351 1235 1485 1313 Εἴσῃ
1544 1235 1601 1293 δὲ
1656 1238 1746 1293 καὶ

164 1333 285 1394 αὐτὸς
327 1335 490 1409 σαφῶς
535 1329 644 1385 ἀπό
690 1350 752 1407 γε
795 1334 893 1385 τοῦ
943 1334 1154 1402 μακροῦ
1200 1328 1397 1384 τούτου
1455 1328 1749 1403 ἀναγνωρι-

163 1426 285 1493 σμοῦ,
332 1420 411 1474 καὶ
462 1420 537 1473 ὦν
602 1417 796 1492 μεταξὺ
851 1421 1033 1496 σαφῶς
1083 1421 1126 1456 ¹⁷
1176 1419 1212 1487 ἡ
1263 1416 1496 1490 Πρόνοια
1535 1415 1657 1490 περὶ
1692 1415 1749 1471 σὲ

160 1510 470 1582 ᾠκονόμησεν,
521 1508 600 1570 ὡς
643 1509 746 1585 ἄρα
791 1504 945 1563 οὐδὲν
990 1510 1100 1562 τῶν
1156 1508 1459 1583 γινομένων
1509 1504 1747 1577 αὐτομά-

154 1619 236 1659 τως
262 1597 409 1659 οὕτως
437 1596 524 1652 καὶ
560 1597 679 1667 εἰκῆ
710 1595 913 1672 γίνεται
939 1614 951 1629 ’
986 1594 1114 1651 ἀλλ’
1167 1594 1342 1661 ἐκείνη
1385 1594 1524 1649 ἐστὶν
1627 1593 1745 1672 ἐφε-

156 1691 297 1740 στῶσα
331 1685 409 1739 καὶ
453 1683 583 1740 τόδε
643 1686 707 1740 τὸ
749 1690 852 1739 πᾶν
902 1688 1271 1761 συγκρατοῢσα
1332 1681 1593 1754 διηνεκῶς
1656 1680 1746 1737 καὶ

152 1774 486 1849 συνέχουσαβί
535 1773 629 1829 καὶ
676 1773 743 1829 τὰ
789 1771 977 1829 πολλὰ
1018 1775 1119 1843 τὴν
1168 1769 1403 1828 διάνοιαν
1443 1766 1747 1847 ὑπερϐαίνει

152 1866 224 1931 τὴν
246 1866 276 1931 ἡ
286 1866 506 1939 μετέραν.

208 1954 378 2010 CXXV.
425 1952 576 2008 Ἐπεὶ
621 1950 829 2007 τούτων
879 1950 1108 2021 ἤκουσεν
1144 1953 1171 2006 ὁ
1202 1952 1403 2027 πατὴρ,
1447 1952 1539 2005 τὸν
1586 1947 1749 2026 λόγον

156 2037 407 2111 ἀναλαϐὼν,
448 2043 540 2109 Μὴ
592 2040 802 2114 νόμιζε,
856 2038 1058 2115 εἴρηκε,
1107 2041 1260 2117 κύριέ
1311 2062 1419 2113 μου
1452 2040 1639 2115 Πέτρε,
1674 2037 1750 2100 ὠς

154 2128 289 2201 πάντη
321 2152 416 2204 μου
441 2128 772 2208 διαπέφευγε
797 2130 891 2185 τὸν
918 2134 1066 2200 νοῦν,
1100 2133 1135 2199 ἡ
1185 2128 1310 2205 περὶ
1358 2134 1454 2184 τοῦ
1505 2129 1607 2184 ὑπὸ
1655 2132 1752 2183 σοῦ

154 2221 504 2294 κηρυττομένου
560 2219 733 2295 λόγου
778 2217 1006 2293 δύναμις
1034 2238 1047 2252 ·
1098 2218 1245 2275 ἀλλά
1290 2220 1379 2274 καὶ
1426 2223 1523 2274 τοῦ
1561 2215 1754 2279 παιδὸς

154 2308 420 2381 Κλήμεντος
448 2307 641 2364 πολλά
672 2307 741 2363 δι’
772 2307 911 2379 ὅλης
943 2310 1135 2370 νυκτὸς
1177 2306 1503 2382 ὁμιλοῦντός
1551 2328 1645 2377 μοι
1689 2309 1752 2380 ¹⁸,

156 2397 259 2451 ὥστε
284 2397 547 2453 συνθέσθαι
596 2402 719 2460 τοῖς
765 2396 869 2452 ὑπὸ
918 2401 1015 2452 σοῢ
1064 2395 1410 2472 λεγομένοις,
1455 2395 1544 2451 καὶ
1584 2395 1757 2451 πάντα

152 2484 309 2559 τρόπον
339 2486 409 2548 εἷς
436 2492 602 2542 τοῦτο
639 2485 941 2562 ἐνάγοντοςε
969 2486 1029 2541 Τί
1071 2483 1179 2560 δαὶ,
1233 2486 1369 2560 πρὸς
1416 2485 1573 2541 αὐτὸν
1622 2482 1754 2561 ἔφην

154 2572 249 2647 ἐγὼ,
294 2572 497 2630 δύναταί
546 2596 632 2637 τις
682 2573 1026 2631 ἐντέλλεσθαί
1074 2596 1127 2630 τι
1172 2574 1503 2651 καινότερον,
1554 2577 1680 2649 παρ’
1728 2576 1757 2630 ὃ

154 2662 365 2739 πρότερον
423 2666 475 2719 οἱ
536 2665 760 2741 ἀρχαῖοι
821 2664 1127 2741 παρῄνεσαν
1181 2684 1196 2736 ;
1256 2665 1512 2727 Κάκεῖνος
1578 2665 1760 2740 ἠρέμα

149 2752 352 2826 γελάσας·
401 2752 602 2823 Πολλή
660 2752 910 2832 διαφορὰ,
962 2753 1151 2831 πάτερ,
1203 2755 1349 2826 εἶπε,
1406 2753 1599 2828 μεταξῦ
1649 2758 1756 2808 τῶν

150 2848 225 2910 τῆς
263 2838 555 2906 θεοσεϐείας
615 2841 794 2919 λόγων
854 2842 945 2898 καὶ
997 2851 1098 2913 τῆς
1158 2841 1507 2922 φιλοσοφίας.
1562 2849 1615 2897 Ὀ
1654 2844 1758 2920 γὰρ

147 2938 226 2997 τῆς
252 2931 492 3002 ἀληθείας
529 2931 703 3007 λόγος
742 2932 843 3001 τὴν
894 2931 954 2987 ἐκ
996 2932 1329 3010 προφητείας
1370 2928 1486 3007 ἔχει
1540 2927 1757 3007 βεϐαίαν

150 3017 396 3091 ἀπόδειξιν·
431 3023 458 3077 ὁ
490 3020 554 3076 δὲ
581 3028 682 3091 τῆς
714 3020 1040 3099 φιλοσοφίας
1080 3021 1188 3076 ἀπὸ
1237 3022 1531 3085 συνθέσεως
1581 3020 1758 3097 λόγων

146 3109 215 3163 καὶ
241 3115 557 3186 στοχασμῶν
592 3107 743 3165 δοκεῖ
778 3110 1117 3186 παριστάνειν
1140 3110 1235 3173 τὰς
1290 3108 1610 3181 ἀποδείξεις.
1659 3109 1759 3165 Καὶ

1864 528 2115 600 pietatis,
2138 531 2442 587 veritatem
2473 551 2586 588 non
2618 533 2945 605 potuissent
2978 551 3313 606 agnoscere.
3369 536 3511 592 Pro-

1862 621 1990 688 pter
2020 618 2150 685 hoc,
2182 636 2313 674 cum
2347 622 2813 694 peregrinatione
2856 623 3227 695 naufragium
3276 641 3511 697 quoque

1862 706 2159 777 provisum
2192 713 2297 777 est,
2350 726 2416 764 ac
2448 710 2650 765 mortis
2680 711 2900 766 acerbae
2930 712 3224 782 suspicio:
3278 718 3511 783 praeter-

1860 811 2045 866 eaque
2093 812 2295 852 eorum
2347 798 2405 853 in
2439 800 2652 854 Gracis
2688 800 3013 871 disciplinis
3043 802 3411 870 exercitatio;
3446 806 3510 857 ut

1861 884 1961 956 qui
1994 884 2124 940 illas
2154 886 2317 958 prius
2347 887 2554 959 edocti,
2587 893 2643 943 et
2674 893 2874 961 postea
2904 889 2974 944 ad
3026 906 3219 945 veram
3278 890 3508 962 religio-

1861 990 1993 1028 nem
2023 976 2285 1030 conversi
2329 976 2596 1047 fuissent,
2656 976 2920 1050 expedite
2980 994 3311 1050 magnaque
3368 995 3505 1034 cum

1861 1062 2136 1120 facilitate
2164 1070 2405 1137 possent
2452 1066 2688 1121 easdem
2746 1067 3080 1134 confutare;
3114 1070 3170 1121 et
3199 1084 3344 1138 quas
3400 1067 3507 1122 ali-

1861 1153 2095 1222 quando
2150 1153 2300 1209 male
2356 1160 2559 1210 contra
2616 1155 2957 1227 religionem
3014 1156 3365 1226 objecerant,
3417 1155 3509 1212 his

1861 1241 2008 1297 bene
2037 1248 2093 1298 et
2123 1246 2382 1315 tempore
2415 1244 2782 1300 convenienti
2815 1261 2917 1317 pro
2948 1244 3225 1317 religione
3278 1250 3509 1300 uteren-

1856 1332 1971 1385 tur.
2005 1331 2091 1386 Tu
2124 1348 2359 1404 quoque
2389 1350 2458 1388 ex
2486 1334 2596 1388 hac
2626 1338 2758 1405 post
2784 1332 3031 1405 longum
3081 1338 3315 1405 tempus
3347 1350 3505 1389 reco-

1856 1419 2136 1491 gnitione,
2169 1426 2228 1476 et
2286 1422 2359 1478 iis
2408 1439 2535 1494 quae
2592 1422 2827 1478 interim
2886 1427 3084 1495 aperte
3137 1422 3509 1479 Providentia

1856 1509 2011 1565 circa
2037 1513 2096 1565 te
2155 1511 2489 1579 constituit,
2542 1512 2851 1568 manifeste
2884 1511 3199 1585 intelliges,
3231 1512 3354 1566 nihi
3411 1529 3507 1568 eo-

1857 1614 1990 1653 rum
2023 1614 2154 1670 quaa
2184 1599 2357 1671 ﬁunt,
2392 1617 2529 1657 casu
2557 1601 2639 1656 ita
2658 1606 2716 1657 et
2745 1605 2964 1658 temere
2995 1600 3141 1671 ﬁeri,
3176 1602 3275 1656 sed
3318 1601 3509 1656 Provi-

1858 1686 2116 1743 dentiam
2151 1704 2421 1759 praaesse,
2455 1707 2522 1745 ac
2548 1706 2779 1761 semper
2808 1690 3107 1745 continere
3146 1690 3316 1761 aique
3377 1706 3509 1746 con-

1855 1790 2086 1832 servare
2116 1776 2267 1833 hanc
2290 1777 2752 1846 universitatem,
2799 1777 2936 1835 licet
2990 1779 3178 1834 multa
3233 1782 3511 1851 superent

1857 1868 2114 1920 mentem
2146 1870 2429 1921 nostram.

1929 1953 2129 2009 CXXV.
2165 1955 2479 2026 Postquam
2513 1955 2632 2010 hac
2663 1956 2887 2011 audivit
2933 1960 3117 2028 pater,
3176 1973 3504 2013 sermonem

1858 2059 2205 2100 resumens:
2236 2048 2321 2099 Ne
2351 2044 2671 2114 arbitreris,
2698 2044 2908 2115 inquit,
2945 2044 3177 2100 domine
3205 2045 3284 2101 mi
3318 2046 3502 2117 Petre,

1862 2131 2101 2187 omnino
2133 2148 2201 2187 ex
2232 2136 2427 2188 mente
2458 2150 2587 2189 mea
2613 2133 2731 2189 vim
2760 2134 3034 2189 doctrinae
3066 2138 3173 2189 ate
3206 2135 3508 2205 predicatae

1862 2220 2182 2276 excidisse:
2213 2222 2312 2276 sed
2347 2238 2481 2277 cum
2505 2221 2771 2279 Clemens
2804 2221 2961 2278 ﬁlius
2988 2221 3238 2277 multum
3273 2239 3375 2293 per
3420 2226 3509 2278 to-

1863 2313 1986 2365 tam
2014 2314 2242 2365 noctem
2274 2327 2505 2367 mecum
2560 2310 3012 2383 colloqueretur,
3045 2316 3110 2367 ut
3141 2328 3174 2367 a
3222 2317 3279 2366 te
3335 2311 3510 2367 dictis

1866 2397 2235 2466 assentirem,
2290 2399 2570 2472 omnique
2654 2400 2829 2456 modo
2888 2401 2961 2455 ad
3028 2399 3086 2455 id
3143 2399 3508 2472 impelleret:

1868 2488 1914 2523 ¹⁹
1943 2486 2091 2552 Quid
2123 2504 2280 2555 vero,
2313 2488 2428 2543 dixi
2454 2504 2559 2561 ego
2588 2489 2659 2543 ad
2720 2488 2938 2561 ipsum,
2990 2493 3257 2561 potestne
3300 2489 3515 2560 aliquis

1868 2576 2178 2649 praecipere
2201 2577 2501 2649 quidpiam
2537 2594 2775 2647 novum,
2808 2582 3017 2650 praeter
3046 2577 3102 2633 id
3147 2578 3297 2649 quod
3346 2584 3518 2634 antea

1868 2670 2089 2722 veteres
2174 2666 2579 2722 monuerunt?
2660 2671 2734 2721 At
2802 2666 2899 2722 ille
2947 2671 3261 2739 postquam
3310 2666 3517 2722 leniter

1870 2755 2000 2811 risit
2030 2772 2043 2811 :
2081 2756 2381 2829 Magnum,
2406 2756 2619 2827 inquit,
2651 2755 2965 2811 discrimen
2998 2760 3108 2827 est,
3141 2760 3325 2827 pater,
3366 2756 3518 2811 inter

1869 2844 2169 2917 religionis
2195 2861 2517 2915 sermones,
2550 2862 2616 2900 ac
2649 2844 3058 2917 philosophiae.
3111 2846 3313 2901 Sermo
3349 2862 3515 2900 nam-

1870 2948 1984 3004 que
2013 2933 2297 3001 veritatis,
2328 2949 2398 2989 ex
2418 2933 2726 3006 prophetia
2756 2935 2989 2991 ﬁrmam
3012 2934 3235 2990 obtinet
3276 2936 3517 2990 demon-

1868 3022 2221 3091 trationem;
2307 3022 2687 3095 philosophiae
2770 3040 2925 3093 vero,
2982 3039 3052 3079 ex
3097 3023 3517 3096 compositione

1869 3112 2178 3167 verborum
2210 3115 2268 3166 et
2297 3114 2764 3183 conjecturarum
2794 3113 3026 3168 videtur
3063 3111 3518 3168 demonstratio-

147 3198 269 3269 ὁμῶς
293 3206 453 3255 ταῦτα
484 3198 684 3268 εἰπὼν,
716 3196 1007 3274 δείγματος
1056 3200 1218 3276 χάριν
1263 3199 1355 3255 τόν
1400 3201 1523 3276 περί
1568 3199 1756 3278 φιλαν-

1879 3217 1981 3256 nes
2012 3202 2234 3257 afferre.
2253 3200 2473 3272 Hisque
2493 3201 3168 3274 dictis,exempligratia,
3191 3200 3517 3257 doctrinam

148 3288 349 3360 θρωπίας
377 3288 547 3366 λόγον
583 3288 809 3360 ἐξέθετο,
842 3289 900 3344 ’ὀν
934 3288 995 3343 οὐ
1026 3287 1227 3361 πολλῷ
1257 3288 1519 3367 πρότερον
1548 3289 1693 3361 αὖτῷ
1711 3291 1755 3326 ²¹

149 3375 392 3452 ὑφηγήσω,
423 3379 499 3440 ὡς
536 3374 872 3440 ἀδικώτατός
932 3399 1024 3451 μοι
1082 3376 1295 3450 μᾶλλον
1363 3376 1625 3457 ἐφαίνετο,
1670 3378 1761 3434 καὶ

143 3466 192 3519 τὸ
234 3472 359 3540 πῶς,
417 3466 556 3543 ἐρῶ.
618 3466 837 3522 Δίκαιον
893 3463 1115 3544 ἔφασκεν
1172 3467 1345 3540 εἶναι,
1403 3468 1492 3522 καὶ
1546 3469 1627 3541 τῴ
1672 3468 1762 3523 τό·

142 3573 293 3609 πτοντι
336 3556 499 3612 αὐτοῦ
540 3556 644 3625 τήν
696 3554 938 3632 σιαγόνα,
988 3555 1333 3632 παρατιθέναι
1384 3558 1472 3612 καὶ
1518 3559 1617 3626 τὴν
1665 3555 1761 3611 ἄλ-

142 3639 346 3711 λην·καὶ
392 3650 473 3718 τῷ
524 3642 738 3721 αἴροντι
787 3644 951 3699 αὐτοῦ
1000 3646 1063 3699 τὸ
1108 3645 1363 3717 ἱμάτιον,
1413 3644 1760 3723 προσδιδόναι

140 3732 209 3783 καὶ
232 3735 312 3788 τὸν
342 3740 563 3810 χιτῶνα
587 3738 652 3807 ²²,
701 3732 1057 3810 ἀγγαρεύοντι
1112 3731 1169 3789 δὲ
1218 3737 1264 3771 ³³
1316 3733 1499 3808 μίλιον
1527 3733 1609 3805 ἓν,
1640 3756 1760 3790 συν-

138 3818 433 3898 απέρχεσθαι
460 3822 585 3879 δύο·
619 3822 709 3877 καὶ
739 3822 838 3877 ὅσοι
863 3826 1107 3880 τοιαῦτα.

194 4001 408 4057 CXXVI.
469 4001 578 4056 Καὶ
631 4001 659 4055 ὁ
713 4001 917 4076 Πέτρος
969 3999 1310 4077 ἀπεκρίνατο·
1373 4001 1529 4058 Ἀλλ’
1574 4001 1763 4076 ἐνόμι-

136 4107 211 4150 σας
266 4087 464 4145 ἄδικον·
530 4089 711 4144 καίτοι
770 4091 890 4132 ²⁴-²⁵
934 4109 996 4166 γε
1043 4086 1381 4145 δικαιότατόν
1424 4089 1555 4149 ἐστι.
1588 4094 1634 4129 ³⁸
1663 4090 1763 4146 Καὶ

139 4173 180 4230 εἷ’
200 4198 274 4232 σοι
311 4178 470 4257 φίλον
528 4176 695 4250 ἐστὶν,
746 4179 995 4234 ἄκουσον.
1047 4177 1147 4232 Καὶ
1196 4179 1256 4241 ’ὸς
1300 4178 1423 4256 ἔφη’
1472 4181 1617 4234 Πάνυ
1670 4201 1762 4253 μοι

136 4264 289 4341 εἷλον.
320 4268 423 4324 Καὶ
456 4270 487 4323 ὁ
520 4267 749 4343 Πέτροςο
788 4266 862 4321 Οὐ
909 4264 1059 4321 δοκεῖ
1111 4288 1216 4337 σοι,
1268 4264 1362 4321 δύο
1418 4267 1628 4343 ἐχθρῶν
1667 4270 1762 4344 βα-

138 4355 304 4410 σιλέων
336 4356 506 4413 ὄντων
544 4355 633 4412 καὶ
666 4353 998 4431 διῃρημένας
1046 4356 1141 4417 τὰς
1189 4356 1376 4432 χώρας
1425 4356 1684 4432 ἐχόντων,
1719 4355 1772 4412 ei’

130 4464 202 4505 τις
232 4444 285 4500 ἐκ
310 4451 414 4502 τῶν
444 4450 551 4501 τοῦ
582 4446 695 4507 ἑνὸς
730 4444 982 4515 ὑπηκόων
1018 4444 1070 4499 ἐν
1109 4449 1178 4518 τῇ
1231 4450 1327 4500 τοῦ
1377 4446 1560 4520 ἑτέρου
1606 4448 1765 4522 χώρᾳ

1870 3289 1941 3345 de
1972 3289 2341 3345 humanitate
2375 3288 2520 3345 mihi
2570 3291 2862 3361 exposuit,
2922 3306 3103 3363 quam
3161 3289 3334 3362 paulo
3384 3294 3518 3345 ante

1868 3379 1921 3435 ei
1950 3379 2426 3448 enarraveras”;
2461 3396 2589 3450 quae
2622 3379 2765 3435 mihi
2800 3380 3053 3452 profecto
3104 3381 3359 3434 maxime
3405 3377 3516 3433 ini-

1870 3484 1986 3541 qua
2040 3468 2364 3523 videbatur.
2431 3468 2497 3523 Et
2544 3485 2659 3539 quo
2718 3470 2911 3536 modo,
2984 3469 3199 3525 dicam.
3264 3470 3516 3540 Equum

1871 3557 2064 3614 aiebat
2118 3573 2247 3612 esse
2298 3561 2354 3612 et
2402 3556 2454 3612 ei
2508 3558 2609 3628 qui
2668 3558 2965 3613 maxillam
3014 3563 3177 3613 tuam
3245 3556 3514 3629 percutit,

1871 3645 2113 3702 alteram
2147 3662 2381 3718 quoque
2437 3663 2761 3718 opponere;
2814 3651 2871 3701 et
2899 3646 2950 3702 ei
2998 3648 3100 3718 qui
3131 3647 3319 3702 aufert
3345 3650 3513 3701 tuum

1870 3735 2139 3807 pallium,
2169 3736 2399 3791 tradere
2446 3735 2622 3791 etiam
2678 3735 2979 3805 tunicam;
3010 3740 3069 3792 et
3108 3752 3242 3791 cum
3290 3751 3355 3790 eo
3413 3732 3516 3806 qui

1870 3826 1942 3881 ad
1960 3824 2234 3880 milliaria
2249 3841 2433 3879 unum
2447 3825 2650 3897 adigit,
2665 3826 2895 3897 perduc
2910 3824 3181 3881 milliaria
3202 3823 3512 3897 proﬁcisci,

1870 3918 1928 3970 et
1947 3913 2062 3970 alia
2091 3912 2309 3970 similia
2340 3913 2433 3986 (a).

1942 4002 2180 4059 CXXVI.
2241 4002 2563 4073 Respondit
2622 4002 2864 4058 Petrus:
2919 4002 3097 4073 Atqui
3154 4002 3264 4057 hoc
3317 4000 3514 4058 existi-

1873 4091 2046 4147 masti
2095 4090 2404 4163 iniquum:
2459 4106 2797 4161 quanquam
2848 4091 3255 4163 equissimum
3294 4096 3401 4146 est.
3434 4095 3517 4145 Ac

1872 4179 2136 4251 silubet,
2197 4180 2355 4235 audi.
2420 4178 2521 4235 Ille
2570 4179 2751 4235 dixit:
2816 4180 3062 4236 Prorsus
3118 4179 3301 4235 lubet.
3364 4180 3516 4235 Tum

1877 4273 2118 4325 Petrus:
2153 4273 2301 4323 Num
2344 4266 2450 4322 tibi
2479 4268 2726 4338 videtur,
2760 4284 2893 4324 cum
2933 4268 3048 4324 duo
3105 4285 3269 4341 reges
3320 4268 3517 4323 hostes

1872 4358 2144 4425 existant,
2179 4361 2237 4412 et
2266 4357 2481 4414 divisas
2514 4356 2778 4429 regiones
2835 4361 3091 4423 teneant,
3124 4356 3174 4412 si
3223 4356 3516 4429 quispiam

1873 4462 1943 4502 ex
1971 4445 2042 4500 iis
2074 4445 2172 4517 qui
2207 4444 2371 4500 alteri
2402 4446 2649 4516 subjecti
2682 4450 2843 4511 sunt,
2872 4445 2930 4500 in
2990 4446 3230 4501 alterius
3283 4446 3518 4518 regione

135 4536 407 4608 φωραθείη,
440 4535 540 4590 καὶ
571 4533 660 4589 διὰ
698 4538 861 4589 τοῦτο
902 4532 1125 4598 θάνατον
1169 4533 1381 4611 ὀφείλοι
1424 4537 1489 4604 ²’⁷,
1536 4535 1622 4590 ἐὰν
1670 4535 1756 4611 ῥα-

1872 4536 1948 4590 sit
1995 4533 2417 4607 deprehensus,
2476 4534 2722 4606 ideoque
2778 4538 3023 4590 mortem
3079 4538 3407 4602 mereatur;
3459 4536 3519 4590 at

132 4622 333 4695 πίσματι
380 4625 473 4679 καὶ
532 4624 607 4696 μὴ
657 4621 868 4694 θανάτῳ
913 4628 1013 4691 τῆς
1063 4622 1331 4699 τιμωρίας
1380 4622 1649 4695 ἀπολυθῇ,
1701 4623 1762 4678 οὐ

135 4710 347 4785 ϐαίνεται
380 4713 408 4767 ὁ
450 4710 734 4773 ἀπολύσας
782 4708 1167 4788 φιλάνθρωπος
1222 4710 1354 4765 εἶναι
1384 4732 1408 4779 ,ο
1438 4711 1535 4766 Καὶ
1584 4713 1612 4767 ὁ
1660 4732 1763 4766 πα-

130 4802 219 4876 τὴρ
272 4800 395 4879 ἔφη·
450 4801 555 4856 Καὶ
610 4800 771 4857 πάνυ.
821 4799 923 4856 Καὶ
986 4798 1015 4852 ὁ
1073 4799 1297 4874 Πέτρος*
1357 4800 1418 4854 Τί
1474 4798 1561 4854 δαὶ
1610 4803 1675 4870 9⁸,
1720 4800 1765 4856 εἰ

132 4890 207 4942 καὶ
236 4888 369 4945 ἴδιόν
400 4912 454 4945 τι
486 4889 638 4952 τινὸς
669 4888 829 4951 αὐτὸς
860 4888 1017 4949 οὗτος
1048 4886 1315 4966 ἀφέληται
1362 4888 1397 4958 ἢ
1449 4884 1764 4966 ἀλλότριον,

130 4979 206 5033 καὶ
235 4983 278 5017 ³ο
307 4979 395 5035 ἐπὶ
424 4978 611 5051 τούτῳ
640 4980 687 5017 ³ο
732 4974 1069 5055 συλληφθεὶς
1116 4974 1172 5031 ἓν
1215 4980 1258 5014 ³¹
1289 4977 1324 5046 ἢ
1373 4974 1655 5033 διπλάσιον
1691 4975 1768 5050 δῷ

128 5068 508 5145 τετραπλάσιον
541 5069 655 5141 (15)
691 5064 948 5146 ὀφείλων,
980 5064 1069 5121 καὶ
1099 5064 1164 5121 τὸ
1212 5071 1387 5131 θανεῖν
1438 5065 1512 5129 ὡς
1562 5066 1615 5122 ἐν
1653 5072 1770 5129 τοῖς

194 5170 265 5241 (a)
292 5176 433 5227 an.
465 5185 547 5236 v1,
575 5168 682 5237 29;
718 5165 925 5225 Matth.
954 5181 1011 5235 ν,
1040 5165 1129 5221 39.

1874 4623 2137 4694 colapho,
2169 4641 2285 4678 non
2317 4627 2513 4678 autem
2561 4624 2748 4696 capite
2806 4625 3049 4697 punitus
3104 4640 3336 4697 pcenam
3386 4639 3515 4678 eva-

1874 4713 2005 4781 dat;
2058 4728 2199 4767 num
2231 4712 2459 4768 videtur
2505 4711 2799 4768 humanus
2848 4730 2977 4770 esse
3027 4715 3129 4786 qui
3159 4713 3386 4769 veniam
3418 4712 3515 4766 de-

1876 4801 2016 4857 dit?
2072 4802 2142 4856 Et
2188 4805 2353 4873 pater
2398 4801 2510 4856 ait:
2570 4801 2922 4858 Admodum.
2975 4803 3061 4857 Ad
3093 4802 3215 4858 hac
3271 4804 3514 4867 Petrus;

1875 4891 2022 4955 Quid
2059 4905 2212 4955 vero,
2246 4888 2295 4945 si
2327 4888 2376 4944 is
2408 4889 2532 4961 ipse
2578 4889 2753 4945 etiam
2802 4890 3021 4963 aliquid
3055 4890 3358 4963 proprium
3389 4888 3518 4946 cui-

1876 4979 2034 5050 piam
2064 4977 2153 5034 vel
2212 4977 2469 5033 alienum
2529 4979 2869 5048 auferat;et
2897 4979 2958 5035 in
3014 4995 3079 5035 eo
3135 4978 3515 5051 comprehen-

1878 5085 2003 5137 sus,
2064 5066 2347 5139 simplum
2403 5070 2505 5123 aut
2560 5067 2805 5141 duplum
2852 5069 2969 5139 det,
3017 5084 3152 5125 cum
3205 5067 3518 5141 quadrupli

1470 5255 1709 5311 VARI/E
1748 5252 2158 5312 LECTIONES.

199 5349 240 5421 f7
386 5346 595 5421 σοφῶς.
647 5342 830 5421 “nali
869 5341 1204 5421 poo._“2_l._
1232 5345 1353 5421 ﬂeo.
1402 5360 1460 5421 Ξ,
1494 5344 1593 5421 ⁸48.
1624 5345 1690 5421 _’°_
1732 5343 1771 5400 l.
1823 5359 1988 5421 pug).
2021 5343 2141 5421 _93,_
2180 5346 2289 5421 etc.
2334 5343 2376 5377 ²¹
2412 5341 2500 5421 Aa].
2526 5339 2713 5421 ’ὅνπερ
2769 5341 2934 5421 αῷτλῴ.
2970 5345 3034 5421 ξ²
3082 5339 3519 5421 ξιὶῃποοδιδᾼόναι

135 5416 215 5471 καὶ
240 5418 304 5473 τὸ
330 5407 673 5494 ᾠμοέρό-ριον.
704 5416 750 5452 ³³
779 5407 964 5471 81.’τε.
998 5414 1125 5457 ²⁴-²⁸
1155 5413 1232 5471 8.1.
1262 5414 1367 5471 ὃτι.
1401 5407 1454 5451 2⁸
1477 5416 1639 5471 deest
1676 5416 1733 5470 in
1790 5414 1862 5470 al.
1899 5416 1944 5449 ²⁷
1986 5414 2059 5469 al.
2118 5407 2375 5491 όφείλων.
2412 5415 2456 5449 ³⁸
2492 5413 2567 5470 al.
2618 5407 2740 5490 ἔφη·
2769 5413 2824 5469 τί
2854 5407 2932 5471 δέ.
2968 5416 3013 5451 ²⁹
3050 5415 3125 5472 al.
3159 5415 3192 5484 ἢ
3225 5414 3331 5471 καί.
3369 5416 3414 5451 ³ο
3443 5414 3519 5471 al.

1497 5564 1879 5622 VARIORUM
1909 5565 2140 5622 NOT/E.

198 5660 305 5735 (15)
330 5653 755 5735 Τετραπλάσιον.
788 5656 963 5715 Poena
990 5654 1301 5729 quadrupli
1330 5655 1389 5713 in
1422 5656 1575 5712 furto
1599 5655 1860 5713 sancitur
1887 5655 2117 5728 legibus
2148 5653 2437 5727 plurimis.
2470 5653 2600 5709 Co'r.

135 5435 215 5471 και
240 5435 304 5473 το
330 5435 633 5543 ωμοφοὲὶιοε

132 5494 304 5550 τοῦτο.
335 5492 379 5527 ³¹
413 5490 492 5547 al.
552 5490 633 5545 ἀν.
