4014 6202
287 254 405 315 563
1119 248 1183 308 S.
1231 222 1674 311 CLEMENTIS
1719 246 1743 307 Ι
1790 244 1980 306 ROM.
2025 243 2255 305 PONT.
2303 241 2564 305 OPERA
2606 240 2873 304 DUBIA.
3587 244 3723 305 564

290 384 368 441 sit
396 382 662 451 debitor;
691 381 1051 453 insuperque
1082 381 1312 449 mortis,
1354 380 1454 452 qui
1506 384 1714 452 nempe
1747 378 1805 434 in
1838 380 1939 434 ad-
1971 437 1973 444 ,

2089 379 2153 430 οῦ
2196 373 2438 429 ἐναντίου
2489 372 2655 436 ἁλοὺς
2702 371 2875 448 ὅροιςο
2930 372 2991 428 οὐ
3042 370 3194 428 δοκεῖ
3221 393 3304 429 σοι
3346 372 3428 429 ὅτι
3463 375 3491 430 ὁ
3521 370 3725 430 λαϐὼν

289 471 529 528 versarii
588 469 807 525 ﬁnibus
865 474 1071 542 captus
1115 470 1229 538 sit;
1276 486 1467 526 nonne
1525 469 1633 525 tibi
1690 469 1942 537 videtur,

2089 463 2115 519 ὅ
2148 461 2436 519 διπλάσιον
2468 462 2556 518 καὶ
2589 465 2817 518 θανάσου
2848 461 3004 518 αὐτὸν
3060 460 3359 531 ἀπολύσας,
3404 463 3731 543 φιλάνθρω-

291 562 617 618 humanum
647 576 776 615 esse
807 575 942 615 eum
990 559 1091 631 qui
1131 559 1377 631 duplum
1410 558 1651 631 accepit,
1686 564 1744 615 et
1780 574 1944 613 mor-

2086 574 2156 616 τος
2185 551 2465 630 τυγχάνει.
2526 552 2624 607 Καὶ
2685 554 2712 607 ὁ
2770 552 2950 629 πατὴρ
3004 553 3051 588 ³³
3100 551 3441 625 ἀπεκρίνατο·
3495 558 3600 608 Νῦν
3646 576 3731 628 με

292 655 412 706 tem
444 648 672 704 remisit
698 648 725 703 ‘I
757 650 826 704 Et
851 652 1017 720 pater
1046 649 1348 720 respondit
1379 665 1392 702 :
1424 649 1469 682 ³³
1493 651 1661 704 Nunc
1710 663 1947 719 persua-

2086 644 2315 703 τέπειιιας
2366 640 2449 697 ὅτι
2510 642 2563 695 οἱ
2619 638 2932 703 ἀδικοῦντες
2987 640 3141 696 αὐτοὶ
3189 638 3516 697 ἀδικοῦνται·
3570 644 3623 699 οἷ
3659 641 3729 698 δὲ

295 738 424 797 sisti
476 737 646 806 mihi,
725 753 825 793 eos
878 736 978 810 qui
1028 738 1307 808 injuriam
1367 736 1610 808 faciunt,
1666 736 1943 807 injuriam

2086 729 2430 803 δικοόμενοι,
2492 728 2704 805 μᾶλλον
2759 728 3199 785 πλεονεκτοῦσι.
3253 732 3356 788 Καὶ
3407 728 3498 785 διὰ
3553 730 3728 789 τοῦτο

298 827 450 900 pati;
509 843 608 882 eos
656 830 852 882 autem
912 826 1013 899 qui
1070 826 1290 898 injuria
1342 826 1701 893 afficiuntur,
1753 825 1948 897 potius

2087 819 2148 874 πὶ
2179 818 2346 875 πλέον
2397 815 2730 874 ἀδικώτατόν
2793 839 2888 892 μοι
2935 818 3175 896 φαίνεται
3203 818 3523 893 γινόμενον·
3557 821 3640 877 ὅτι
3678 824 3735 859 ³⁵

296 914 573 986 injuriam
607 914 813 971 facere.
873 914 1153 979 Quocirca
1190 914 1468 986 amplius,
1522 913 1669 969 mihi
1697 912 1949 985 iniquis-

2086 909 2116 962 υἱ
2151 908 2242 980 μὶν
2296 905 2577 969 δοκοῦντες
2629 905 2863 980 ἀδικεῖν,
2916 906 3137 970 ἑαυτοὺς
3186 903 3428 980 ἔϐλαψαν
3478 910 3725 985 μᾶλλον,

300 1005 521 1061 simum
548 1008 790 1076 apparet
820 1004 879 1059 id
937 1004 1135 1077 ipsum
1192 1004 1348 1075 quod
1405 1003 1509 1060 ﬁt:
1572 1001 1852 1074 quoniam
1908 1000 1951 1055 ii

2086 994 2279 1065 τολλήν
2314 994 2373 1052 δὲ
2399 1002 2516 1060 τοῖς
2549 993 2885 1068 ἀδικηθεῖσιν
2918 994 3235 1073 ἐπορίσαντο
3287 998 3386 1067 τήν
3427 997 3725 1077 ὠφέλειαν

303 1092 542 1165 quidem
575 1093 675 1163 qui
700 1092 973 1147 videntur
1004 1092 1264 1147 conferre
1294 1091 1593 1162 injuriam,
1638 1090 1751 1147 sibi
1806 1090 1954 1162 ipsis

2086 1088 2117 1141 ιὶ
2147 1088 2191 1123 ³⁸
2222 1083 2280 1141 δὲ
2309 1083 2592 1149 δοκοῦντες
2638 1083 2961 1154 ἀδικεῖσθαι,
2999 1084 3153 1140 αὐτοὶ
3182 1087 3227 1123 ³⁸
3259 1084 3472 1160 μᾶλλον
3504 1086 3732 1145 ἀδικοῦ-

306 1182 500 1253 potius
533 1185 877 1253 nocuerunt,
911 1186 967 1237 et
998 1180 1244 1236 multam
1286 1180 1359 1235 iis
1408 1179 1508 1250 qui
1556 1178 1773 1251 injuria
1818 1178 1954 1234 ati'e-

2086 1196 2170 1230 πινο
2218 1173 2300 1230 ὅτι
2340 1174 2518 1230 καίτοι
2574 1172 2805 1230 πλεῖστα
2860 1175 2986 1251 παρ’
3048 1174 3262 1230 ἐκείνων
3322 1174 3726 1254 ὠφεληθέντες,

310 1269 385 1324 cti
420 1273 557 1325 sunt
590 1274 872 1341 pararunt
925 1269 1277 1325 utilitatem:
1340 1268 1442 1341 qui
1496 1285 1633 1324 vero
1689 1267 1956 1323 videntur

2086 1269 2182 1327 τοῖς
2239 1263 2453 1337 ὁμοίοις
2504 1263 2699 1327 αὐτοὺς
2746 1263 2846 1319 οὐκ
2903 1258 3242 1337 ἀμείϐονται.
3297 1265 3397 1320 Καὶ
3446 1267 3475 1320 6
3518 1268 3730 1344 Πέτρος

310 1358 589 1429 injuriam
649 1359 958 1426 sustinere,
1025 1358 1139 1431 ipsi
1187 1375 1316 1414 eam
1374 1357 1568 1430 potius
1644 1356 1956 1423 inferunt;

2087 1352 2221 1412 Αλλ’
2253 1352 2314 1409 οὗ
2346 1352 2490 1431 παρά
2518 1355 2616 1423 τήν
2648 1357 2754 1409 τῶν
2804 1352 3233 1430 ἐπηρεαζόντων,
3263 1352 3412 1411 ἀλλά
3447 1357 3595 1429 παρᾶ
3621 1358 3727 1426 τὴν

314 1447 454 1519 quia
502 1447 634 1503 licet
684 1446 1009 1520 plurimum
1067 1446 1297 1503 abillis
1344 1445 1636 1502 commodi
1691 1444 1956 1512 tulerint,

2086 1446 2177 1498 τῶν
2212 1439 2527 1518 δεχομένων
2555 1446 2723 1497 ταῦτα
2748 1440 2950 1517 γίνεται
2983 1442 3229 1517 γνώμην.

313 1552 413 1591 eos
444 1536 569 1608 pari
601 1536 788 1608 gratia
817 1554 931 1592 non
966 1540 1359 1593 renumerant.
1392 1536 1464 1592 Et
1492 1539 1742 1591 Petrus:
1766 1533 1984 1591 Verum
2014 1532 2138 1590 haec
2169 1549 2286 1589 non
2334 1536 2539 1589 contra
2576 1531 3005 1600 infestantium,
3038 1533 3143 1588 sed
3188 1536 3389 1592 contra
3418 1533 3729 1593 infestato-

206 1616 209 1617 ν
315 1641 446 1680 rum
477 1624 791 1681 volutatem
822 1626 1189 1698 contingunt.

391 1713 651 1769 CXXVII.
684 1715 845 1770 Tunc
879 1718 1042 1786 pater
1072 1714 1309 1770 laudata
1339 1730 1407 1770 ea
1454 1713 1735 1782 oratione,
1768 1712 1851 1769 ait
1894 1713 1965 1768 ad

2148 1710 2411 1767 CXXVII.
2470 1708 2569 1764 Kal
2625 1710 2654 1766 6
2709 1710 2891 1785 πατὴρ
2948 1706 3229 1773 ἐπαινέσας
3287 1711 3356 1766 τὰ
3414 1709 3683 1787 εἰρημένα
3716 1759 3736 1785 ,

320 1806 594 1859 Petrum:
632 1803 765 1869 Sed,
799 1804 1035 1859 domine
1085 1804 1187 1865 mi.
1241 1804 1399 1859 hunc
1457 1818 1689 1875 quoque
1745 1819 1965 1858 sermo-

2086 1798 2215 1875 πρὸς
2272 1799 2363 1854 τὸν
2424 1798 2624 1873 Πέτρον
2675 1798 2858 1878 φησίν·
2917 1797 3112 1869 ’Δλλ’,
3161 1799 3206 1854 ὧ
3248 1798 3401 1874 κόριὲ
3453 1821 3594 1875 μου,
3638 1800 3738 1855 καὶ

323 1908 457 1946 nem
490 1890 633 1945 mihi
667 1892 918 1948 declara.
950 1892 1189 1948 Memini
1214 1891 1371 1947 enim
1404 1890 1764 1948 Clementem
1824 1890 1967 1946 mihi

2086 1888 2265 1945 τοῦτόν
2302 1909 2396 1962 μοι
2424 1888 2516 1943 τὸν
2550 1886 2712 1965 λόγον
2764 1889 3078 1966 σαφήνισον.
3112 1887 3410 1962 Μέμνημαι
3448 1890 3551 1965 γὰρ
3586 1889 3742 1964 εἰρη-

325 1980 535 2050 dicere,
570 1997 676 2036 nos
704 1982 954 2052 injurias
987 1986 1045 2036 et
1076 1980 1441 2049 al‘ﬂictiones,
1473 1981 1544 2037 ad
1596 1985 1969 2053 peccatorum

2086 1977 2240 2039 κότος
2275 1999 2367 2051 μοι
2398 1975 2739 2050 Κλήμεντος,
2774 1975 2854 2032 δτι
2896 1977 2962 2032 τὰ
3008 1974 3321 2051 ἀδικήματα
3366 1975 3459 2032 καὶ
3487 1978 3555 2033 τὰ
3584 1979 3739 2048 πάθη

325 2070 733 2126 remissionem
766 2071 904 2142 pati.
938 2071 1009 2126 Et
1046 2071 1291 2126 Petrus:
1331 2070 1502 2125 Recte
1568 2069 1765 2139 habet,
1800 2074 1973 2142 atque

324 2159 409 2214 ita
456 2164 564 2215 est.
628 2160 766 2223 Quae
806 2160 962 2215 enim
1021 2159 1292 2215 homines
1350 2158 1745 2232 possidemus,
1804 2158 1974 2231 plura

322 2252 604 2321 appetes;
665 2249 786 2305 sive
840 2253 1051 2315 vestes,
1113 2249 1378 2320 inquam,
1442 2248 1560 2304 sive
1607 2264 1791 2317 escas,
1854 2247 1974 2304 sive

322 2338 611 2410 potiones,
655 2337 773 2393 sive
815 2338 929 2393 alia
986 2338 1316 2410 quaepiam;
1352 2354 1468 2393 non
1527 2342 1679 2393 recte
1734 2337 1972 2393 omnino

317 2426 619 2495 facientes,
644 2426 1015 2499 possidemus
1041 2444 1055 2494 ;
1078 2427 1216 2497 quia
1237 2425 1383 2482 nihil
1414 2425 1627 2482 habere
1668 2426 1972 2499 debemus,

318 2515 403 2570 uti
432 2515 605 2588 paulo
654 2519 790 2570 ante
842 2515 1007 2571 vobis
1066 2516 1207 2571 dixi.
1268 2519 1417 2571 Nam
1476 2515 1526 2571 si
1585 2515 1644 2570 in
1696 2516 1973 2572 omnibus

314 2604 717 2675 possessiones
745 2603 936 2659 solent
966 2603 1040 2659 iis
1071 2604 1172 2675 qui
1203 2603 1504 2675 possident
1533 2603 1841 2660 conciliare
1873 2605 1970 2660 de-

312 2693 452 2749 licta
482 2711 495 2759 ;
529 2709 733 2748 earum
764 2709 1119 2765 quocunque
1151 2693 1323 2748 modo
1364 2691 1631 2765 privatio,
1677 2693 1970 2765 ademptio

312 2786 402 2838 est
432 2781 798 2837 delictorum.
834 2783 985 2838 Dixit
1032 2786 1235 2854 pater:
1284 2783 1458 2839 Recte
1514 2782 1710 2839 habet.
1762 2788 1971 2840 Petrus

312 2887 487 2927 vero:
535 2871 894 2928 Justissime.
976 2870 1460 2944 Quandoquidem
1544 2872 1700 2928 enim
1766 2889 1968 2928 eorum

318 2958 417 3031 qui
452 2959 754 3016 salvantur
783 2966 890 3028 est,
924 2966 989 3015 ut
1044 2960 1182 3025 dixi.
1241 2961 1387 3017 nihil
1455 2961 1706 3031 habere;
1768 2962 1971 3018 multis

322 3051 519 3106 autem
572 3049 767 3105 multae
826 3054 1148 3122 suppetunt
1204 3051 1637 3123 possessiones;
1670 3068 1738 3107 ea
1795 3068 1970 3107 causa

320 3154 425 3210 per
454 3138 726 3193 eximiam
762 3138 861 3194 Dei
892 3139 1320 3195 humanitatem
1353 3140 1763 3212 castigationes
1794 3142 1971 3196 indu-

322 3232 536 3283 cuntur
566 3227 659 3294 iis,
693 3227 792 3300 qui
836 3230 1160 3284 secundum
1203 3229 1302 3284 Dei
1334 3227 1691 3285 voluntatem
1722 3246 1837 3285 non
1885 3230 1968 3285 vi-

2080 2067 2216 2144 πρὸς
2249 2065 2431 2145 ἄφεσιν
2464 2064 2744 2142 ἁμαρτιῶν
2794 2066 3102 2141 πάσχομεν.
3150 2066 3250 2123 Καὶ
3291 2067 3319 2121 6
3360 2066 3587 2142 Πέτρος⁶
3620 2069 3745 2143 Ὀρ-

2084 2156 2190 2218 θῶς
2237 2152 2386 2231 ἔχει,
2430 2152 2521 2209 καί
2570 2152 2744 2217 οὕτως
2793 2152 2955 2210 ἐστίν.
2996 2155 3063 2209 Ἀ
3111 2152 3212 2231 γὰρ
3265 2152 3540 2231 ἅνθρωπόι
3592 2157 3741 2211 κτώ-

2087 2245 2240 2319 μεθα,
2279 2248 2376 2299 τοῦ
2433 2240 2689 2305 πλείονος
2745 2241 3043 2321 ἐφιέμενοι,
3104 2239 3211 2297 εἷίτε
3267 2242 3458 2316 ἱμάτια
3490 2288 3505 2315 ,
3563 2243 3739 2321 φημὶ,

2083 2331 2190 2388 εἷ’τε
2225 2332 2509 2409 βρώματα,
2543 2329 2649 2386 εἷίτε
2695 2332 2858 2402 ποτὰ,
2910 2329 3017 2386 εἷ’τε
3064 2326 3209 2386 ἄλλα
3254 2331 3399 2402 τινὰ,
3448 2331 3509 2387 οὗ
3550 2332 3744 2396 καλῶς

2080 2424 2299 2485 πάντως
2327 2425 2608 2484 ποιοῦντες
2654 2421 2931 2495 κτώμεθα,
2984 2417 3162 2475 διὰτὸ
3208 2417 3315 2474 δεῖν
3361 2418 3532 2491 μηδὲν
3564 2416 3739 2497 ἔχειν,

2084 2510 2158 2573 ὡς
2218 2514 2397 2584 μικρῷ
2451 2509 2680 2586 πρόσθεν
2743 2510 2870 2584 ὑμῖν
2932 2508 3163 2586 εἴρηκα.
3223 2507 3286 2564 Ei
3342 2510 3442 2586 γὰρ
3498 2507 3548 2564 ἐν
3607 2515 3747 2563 πᾶσι

2079 2599 2148 2656 τὰ
2191 2602 2445 2672 κτήματα
2492 2598 2763 2674 προξενεῖν
2810 2597 2951 2654 οἶδεν
3002 2594 3221 2673 ἔχουσιν
3270 2598 3659 2673 ἁμαρτήματα,
3705 2600 3745 2667 ἡ

2080 2687 2287 2744 τούτων
2337 2691 2381 2725 ³⁷
2427 2687 2575 2750 ὅπως
2625 2687 2758 2743 ποτὶ
2803 2688 3053 2764 στέρησις
3101 2688 3380 2763 ἁμαρτιῶν
3414 2686 3553 2742 ἐστιν
3584 2686 3751 2766 ἀφαί-

2083 2798 2261 2855 ρεσις.
2324 2777 2426 2835 Καὶ
2470 2779 2498 2833 6
2555 2778 2737 2853 πατὴρ
2790 2775 2892 2856 ἔφη
2928 2795 2941 2807 ·
3003 2775 3353 2840 Ἀκολοόθως
3411 2773 3526 2852 ἕχει
3563 2820 3576 2834 .
3638 2777 3746 2833 Kal

2081 2869 2110 2922 6
2166 2868 2371 2942 Πέτρος
2403 2885 2417 2899 ·
2476 2866 2578 2922 Καὶ
2637 2864 2970 2922 δικαιότατα.
3030 2865 3180 2921 Ἐπεὶ
3236 2866 3339 2942 γὰρ
3392 2869 3500 2921 τῶν
3557 2871 3739 2936 σωζο-

2086 2956 2256 3029 μένων
2319 2955 2481 3027 ἐστὶν,
2539 2954 2614 3017 ὡς
2676 2952 2830 3033 ἔφην,
2889 2953 2952 3008 τὸ
2986 2951 3156 3028 μηδὲν
3209 2950 3353 3031 ἔχειν
3398 2956 3465 3027 ⁸³,
3500 2954 3744 3031 ὑπάρχει

2081 3042 2137 3100 δὲ
2168 3044 2403 3108 πολλοῖς
2434 3045 2709 3117 κτήματα,
2739 3042 2935 3099 τούτου
2977 3042 3137 3119 χάριν
3185 3042 3235 3115 ἐξ
3278 3038 3743 3120 ὑπερϐαλλούσης

2085 3138 2219 3190 Θεοῦ
2275 3132 2688 3211 φιλανθρωπίας
2748 3131 3035 3209 ἐπάγονται
3091 3129 3332 3187 παιδεῖαι
3386 3137 3507 3195 τοῖς
3568 3133 3647 3207 μῆ
3697 3136 3750 3171 ³⁸

2081 3223 2218 3279 κατὰ
2243 3245 2307 3279 το
2340 3220 2532 3279 δοκοῦν
2564 3227 2680 3294 Θεῷ
2708 3219 3184 3295 πολιτευομένοις,
3217 3221 3303 3275 ἶνα
3335 3218 3425 3276 διὰ
3458 3221 3523 3277 τὸ
3552 3227 3748 3286 ποσῶς

315 3322 462 3374 vunt
486 3335 498 3385 ;
536 3322 598 3372 ut
617 3299 849 3390 propter
865 3317 1226 3390 aliquantam
1245 3334 1382 3390 erga
1398 3317 1580 3373 Deum
1599 3318 1970 3386 charitatem,

2086 3311 2338 3392 φιλόθεον
2388 3310 2757 3385 προσκαίρους
2810 3310 3171 3383 ὑπομένοντες
3216 3309 3487 3386 τιμωρίας
3516 3314 3585 3378 ¹⁰,
3611 3310 3747 3365 alm-

318 3407 673 3478 temporaria
716 3406 1005 3480 supplicia
1059 3408 1433 3479 perferentes,
1493 3408 1726 3463 aeternis
1785 3408 1973 3480 pmnis

317 3497 665 3552 eximantur.
716 3497 864 3551 Tum
899 3500 1099 3567 pater:
1134 3496 1281 3561 Quid
1345 3494 1544 3565 enim;
1578 3512 1769 3552 nonne
1828 3497 1975 3553 mul-

315 3589 406 3641 tos
433 3584 649 3657 impios
707 3584 978 3640 videmus
1040 3600 1328 3657 pauperes
1358 3583 1493 3639 ?An
1551 3588 1859 3657 propterea
1918 3589 1974 3641 et

316 3673 447 3729 illos
507 3673 768 3728 dicemus
827 3673 887 3727 in
936 3678 1098 3745 parte
1151 3688 1352 3728 eorum
1384 3689 1512 3728 esse
1570 3672 1671 3744 qui
1722 3674 1973 3730 salutem

319 3763 763 3833 consequutur?
820 3763 888 3817 Et
960 3763 1208 3817 Petrus:
1271 3766 1656 3834 Nequaquam
1712 3763 1972 3819 omnino.

321 3851 447 3906 Non
478 3851 633 3906 enim
667 3851 967 3923 probanda
995 3855 1083 3907 est
1102 3850 1317 3922 inopia,
1351 3867 1478 3923 quae
1500 3851 1721 3922 appetit
1749 3868 1817 3907 ea
1844 3868 1973 3924 quas

325 3956 439 3994 non
471 3940 662 3994 decet:
698 3940 836 4011 quia
867 3944 923 3994 et
955 3939 1236 3995 Dominus
1264 3944 1461 3995 noster
1487 3939 1661 3995 Jesus
1683 3940 1972 4010 Christus,

326 4027 509 4083 Filius
541 4028 639 4082 Dei
670 4028 802 4095 vivi,
836 4028 1036 4084 beatos
1094 4027 1415 4101 praadicans
1455 4044 1759 4101 pauperes,
1797 4031 1975 4097 Beati,

325 4115 538 4186 inquit,
595 4133 863 4188 pauperes
936 4118 1181 4188 spiritu:
1253 4118 1519 4187 quoniam
1594 4119 1841 4190 ipsorum
1895 4127 1977 4175 est

325 4221 561 4273 regnum
580 4205 840 4261 caelorum
888 4206 984 4277 (α).
1026 4206 1176 4260 Tum
1209 4210 1369 4277 pater
1402 4223 1415 4261 :
1448 4205 1595 4262 Vere
1626 4224 1867 4279 prorsus
1892 4225 1977 4265 se-

328 4294 588 4349 cundum
647 4294 1003 4366 propositam
1036 4295 1419 4365 quaestionem
1450 4311 1543 4351 res
1568 4294 1795 4352 videtur
1826 4302 1977 4352 recte

327 4382 578 4438 habere:
615 4388 971 4456 quapropter
1004 4383 1061 4438 in
1084 4383 1278 4439 animo
1314 4383 1495 4440 habeo
1539 4388 1723 4440 totam
1773 4386 1977 4442 ordine

328 4472 531 4526 audire
563 4472 914 4527 doctrinam.

398 4560 682 4616 CXXVIII.
734 4561 802 4615 Et
858 4561 1106 4615 Petrus:
1143 4561 1341 4632 Itaque
1392 4561 1666 4633 deinceps
1715 4562 1974 4618 studenti

2081 3401 2210 3457 νίων
2238 3398 2601 3476 ἀπαλλαγῶσι
2633 3398 2931 3456 κολάσεων.
2983 3400 3083 3453 Καὶ
3132 3398 3161 3453 6
3208 3401 3412 3475 πατήρ’
3445 3398 3507 3454 Τί
3554 3402 3598 3437 ⁴¹
3633 3397 3745 3455 δαίο

2083 3490 2147 3547 οὔ
2193 3492 2238 3528 ⁴²
2290 3488 2537 3551 πολλοὺς
2584 3482 2795 3551 ἀσεϐεῖς
2842 3489 3056 3561 ὁρῶμεν
3102 3508 3339 3558 πενητας
3372 3508 3389 3556 ς
3419 3487 3551 3543 Εἶτα
3595 3488 3748 3562 παρὰ

2081 3584 2242 3635 τοῦτο
2273 3578 2363 3634 καὶ
2403 3576 2600 3640 αὐτοὺς
2648 3577 2748 3645 τῆς
2788 3580 2895 3631 τῶν
2949 3577 3275 3650 σωζομένων
3331 3576 3464 3632 εἶναι
3518 3575 3745 3655 μερίδος

2084 3670 2330 3747 φήσομεν
2364 3686 2377 3737 ;
2410 3666 2499 3722 καὶ
2533 3666 2561 3720 ὁ
2594 3669 2640 3704 ⁸³
2682 3666 2907 3743 Πέτρος·
2960 3664 3034 3720 Οὗ
3081 3663 3321 3728 πάντως.
3362 3664 3434 3720 Οὖ
3466 3666 3571 3742 γὰρ
3604 3668 3747 3722 ἀπο-

2085 3755 2246 3825 δεκτὴ
2305 3759 2339 3826 ἡ
2392 3753 2571 3826 πενία,
2631 3756 2703 3811 ὧν
2764 3756 2840 3829 μὴ
2902 3760 3173 3829 προσῆκεν
3237 3753 3562 3831 ὀρεγομένη·
3624 3755 3745 3810 ἐπεὶ

2086 3848 2134 3885 ⁴⁴
2159 3846 2250 3901 καὶ
2280 3846 2308 3900 6
2341 3844 2541 3923 Κύριος
2575 3845 2734 3918 ἡμῶν
2768 3844 2979 3914 Ἰησοῦς
3000 3842 3227 3920 Χριστὸς
3264 3844 3292 3898 6
3323 3842 3449 3905 Υἱὸς
3475 3846 3574 3898 τοῦ
3607 3848 3749 3914 ζῶν-

2082 3956 2178 3997 τος
2219 3937 2373 4005 Θεοῦ,
2425 3932 2735 4010 μακαρίζων
2783 3934 2830 3971 ⁴⁵
2875 3931 3002 3994 τοὺς
3050 3930 3333 4007 πτωχούς.
3383 3934 3653 4008 Μακάριοι
3687 3934 3745 3987 οἱ

2084 4022 2353 4099 πτωχοὶ,
2412 4016 2514 4100 ἔφη
2552 4064 2565 4090 ,
2614 4025 2695 4094 τῷ
2751 4019 3067 4094 πνεύματι·
3128 4019 3211 4076 ὅτι
3269 4020 3440 4075 αὐτῶν
3502 4020 3644 4076 ἐστιν
3701 4024 3743 4093 ἠ

2090 4110 2339 4189 βασιλεία
2413 4116 2516 4166 τῶν
2596 4109 2879 4187 οὐρανῶν.
2938 4108 3038 4164 Καὶ
3108 4110 3136 4164 6
3194 4111 3376 4186 πατήρ
3411 4131 3423 4145 ·
3485 4107 3745 4182 ’Δληθῶς

2084 4201 2225 4256 πάνυ
2281 4201 2417 4255 κατὰ
2465 4201 2566 4270 τὴν
2628 4199 2877 4255 ὑπόθεσιν
2936 4197 3111 4275 ὀρθῶς
3158 4194 3303 4274 ἔχειν
3351 4196 3419 4252 τὰ
3447 4200 3746 4275 πράγματα

2086 4288 2348 4369 φαίνεται·
2384 4286 2467 4344 διὸ
2497 4289 2589 4343 καὶ
2617 4286 2984 4365 προαιρέσεως
3018 4288 3138 4329 ⁴⁶ο⁴⁷
3166 4284 3282 4362 ἔχω
3310 4288 3379 4361 τῇ
3430 4287 3575 4358 τάξει
3612 4308 3749 4342 παν-

2084 4380 2175 4442 τὸς
2205 4378 2497 4434 ἐπακοῦσαι
2524 4380 2623 4433 τοῦ
2654 4375 2847 4452 λόγου.

2156 4559 2444 4617 CXXVIII.
2469 4555 2569 4612 Kal
2593 4556 2620 4610 6
2644 4555 2866 4631 Πέτρος’
2892 4552 3095 4608 Οὐκοῦν
3116 4556 3212 4608 τοῦ
3237 4551 3437 4609 λοιποῦ
3458 4550 3748 4610 σπεύδοντί

324 4649 430 4705 tibi
465 4650 685 4705 discere
712 4667 836 4721 quas
869 4650 941 4705 ad
971 4654 1231 4705 nostram
1259 4649 1433 4705 ﬁdem
1468 4651 1779 4722 pertinent,
1826 4651 1973 4707 hanc

2087 4669 2171 4703 σοι
2200 4648 2267 4703 τὰ
2289 4647 2425 4702 κατά
2452 4647 2551 4716 τὴν
2583 4644 2851 4718 ἡμετέραν
2898 4642 3079 4697 πίστιν
3113 4643 3297 4715 μαθεῖν
3344 4643 3407 4716 ιθ,
3440 4644 3653 4717 προῖών
3686 4664 3747 4699 τε

324 4739 651 4794 doctrinam
702 4738 1036 4811 explicabo;
1067 4739 1138 4795 ab
1190 4738 1315 4810 ipso
1379 4739 1636 4811 primum
1686 4740 1973 4811 incipiens

2086 4737 2174 4793 τὸν
2211 4731 2374 4813 λόγον
2410 4735 2708 4807 ἐκθήσομαι
2757 4732 2847 4787 ἀπ’
2880 4730 3044 4787 αὐτοῦ
3090 4734 3135 4768 ⁴⁰
3161 4735 3377 4807 πρῶτον
3425 4731 3744 4809 ἀρχόμενος

329 4832 481 4895 Deo;
532 4832 590 4883 et
641 4829 977 4893 ostendens,
1010 4829 1206 4899 ipsum
1240 4826 1434 4884 solum
1485 4827 1799 4885 dicendum
1849 4846 1977 4885 esse

325 4915 532 4985 Deum,
565 4915 710 4973 alios
741 4933 873 4973 vero
913 4934 1018 4973 nec
1050 4916 1347 4984 dicendos,
1376 4933 1481 4973 nec
1513 4918 1934 4974 existimandos
1960 4936 1974 4989 ;

398 5040 472 5111 (α)
504 5040 706 5103 Matth.
736 5059 788 5112 ν,
816 5043 871 5098 3.

2082 4829 2179 4881 τοῦ
2210 4829 2364 4882 Θεοῦ⁶
2398 4825 2486 4879 καὶ
2519 4821 2722 4885 δεικνὺς
2755 4819 2912 4877 αὐτὸν
2945 4818 3108 4894 μόνον
3141 4816 3252 4875 δεῖν
3285 4822 3331 4857 ⁸ο
3368 4819 3548 4897 λέγειν
3584 4821 3744 4890 Θεὸν,

2086 4914 2300 4993 ἐτέρους
2355 4911 2412 4970 δὲ
2473 4915 2612 4988 μήτε
2668 4911 2846 4988 λέγειν
2910 4910 3049 4985 μήτε
3102 4908 3369 4984 νομίζειν,
3419 4909 3508 4965 καὶ
3564 4910 3651 4965 ὅτι
3695 4914 3743 4949 σί

1673 5166 1919 5224 νΑΒΙιΕ
1984 5165 2401 5226 LECTIONES.

393 5289 440 5324 3’
471 5288 547 5345 al.
578 5289 756 5365 inser.
790 5290 926 5365 πρρς
951 5291 1221 5365 talitatis
1252 5291 1729 5365 Clement.,phom.
1761 5309 1852 5364 xv,
1885 5310 1935 5349 c.
1967 5293 2023 5362 8,
2055 5292 2250 5365 etc._3f
2268 5289 2377 5365 Δ81,Δ
2404 5285 2482 5365 ἔτι
2534 5281 2747 5365 μαλλον
2793 5278 3128 5365 ἀδικώτατον
3172 5279 3319 5365 ὅλων

3412 5281 3737 5363 οιιφαίνεται

393 5304 439 5324 δι
471 5304 547 5375 a}.
578 5306 756 5375 mser.
790 5304 926 5365 προς
955 5304 1141 5345 ταυτα.
1175 5304 1221 5328 ³⁸
1252 5304 1537 5364 alcmena,
1570 5304 1729 5349 nom.
1761 5309 1852 5364 xv,
1885 5310 1935 5349 c.
1967 5304 2023 5362 ὅ,
2055 5304 2167 5349 etc.
2202 5304 2250 5328 δ’
2277 5304 2355 5348 al.
2404 5304 2482 5344 ετι
2534 5304 2747 5371 μοιΑΛον
2793 5304 3128 5368 αοικωτατον
3172 5304 3319 5339 οΑων
3339 5304 3464 5391 ⁸³μοι
3493 5304 3735 5363 φαινεται

318 5360 382 5415 τὸ
410 5378 661 5439 πραγ-μας
700 5361 804 5418 δτι.
839 5357 1213 5439 sunmus
1238 5366 1358 5439 τοῖς
1389 5360 1675 5439 ἑλομένοις
1706 5367 2108 5439 συγχωροῦσιν·
2143 5362 2196 5418 οἱ
2227 5358 2380 5439 Sé.}°
2411 5362 2661 5439 qu8t_ln
2694 5357 2771 5439 al.
2802 5356 2952 5439 °7_al.
2989 5372 3180 5439 _1nse_r.
3232 5352 3308 5439 δέ.
3358 5423 3405 5439 Μ
3433 5352 3735 5439 81..ε;ιηδςνῖ

327 5423 495 5505 μηδέν
536 5423 829 5525 ῗὶπάρχξιν.
880 5436 925 5471 ³9
973 5433 1047 5490 al.
1095 5431 1401 5508 εἴλικρινῶς
1429 5478 1441 5490 .
1490 5423 1538 5471 λθ
1586 5423 1671 5492 al,
1716 5423 2058 5511 πρ’όᾶκάίρων
2101 5437 2421 5508 τιμωριῶν.
2466 5433 2509 5468 ⁴¹
2557 5432 2771 5487 desunt
2842 5428 2902 5484 in
2952 5425 3037 5484 al.
3094 5428 3143 5465 ⁴¹
3200 5427 3255 5485 al
3283 5469 3297 5485 .
3354 5423 3412 5482 δέ
3447 5469 3461 5483 .
3523 5423 3572 5465 ⁸³
3608 5423 3683 5485 ’81
3714 5472 3728 5485 .

413 5505 458 5525 Α*
559 5509 586 5519 ~
880 5504 895 5523 ἰ
980 5503 1005 5522 1‘
1186 5508 1213 5519 ’-
1385 5510 1411 5525 ν
1498 5506 1509 5525 Ι
1683 5505 1697 5525 9
1745 5506 1755 5525 1
1936 5506 1949 5525 \
2012 5507 2026 5525 ι
2068 5506 2107 5525 ιι
2146 5506 2190 5525 ,I
2306 5516 2312 5525 .
2348 5506 2361 5525 I
2446 5505 2489 5525 ιι
2523 5506 2679 5525 Δ---ι
2710 5501 2765 5525 2..
2804 5499 2851 5525 ..1
2927 5499 2971 5525 μ
2998 5500 3043 5525 ΔἿ
3090 5499 3141 5525 ..Ι
3225 5496 3484 5525 ι-.--.1--..η
3559 5500 3604 5525 ιι
3652 5499 3703 5525 ,Ι

322 5496 469 5579 ποιρά
495 5496 664 5559 τοῦτο’
686 5496 775 5559 οῦν
803 5504 896 5579 καὶ
948 5503 1099 5579 οὗτοι
1147 5496 1253 5579 τῶν
1300 5506 1621 5579 σωζομένων
1654 5496 1783 5579 εἰσίν
1804 5525 1832 5579 ν;
1863 5496 2031 5579 καὶλὸ
2064 5506 2109 5541 ⁴⁸
2139 5496 2413 5579 θίΙηπΛήν.
2445 5505 2682 5579 {deest
2710 5501 2771 5579 i_n
2802 5499 2875 5557 a1.
2927 5499 3043 5544 “J7
3088 5499 3165 5559 al.
3224 5496 3512 5575 ἐγενόμην.
3558 5500 3604 5540 ⁸⁸
3650 5499 3726 5559 al.

326 5571 624 5653 ὀφείλοντι,
654 5581 722 5652 τῇ
754 5575 916 5651 τάξει.
947 5578 993 5614 ⁴⁹
1020 5578 1183 5635 deest
1209 5576 1269 5634 in
1298 5576 1374 5635 al.
1396 5571 1549 5635 "il-al.
1582 5576 1665 5634 δτι
1695 5571 1851 5634 αὐτόν
1888 5599 1946 5653 μ.
1976 5574 2075 5635 δεῖ.
2110 5578 2154 5615 ⁶¹
2187 5576 2262 5636 al.
2295 5571 2385 5633 καὶ
2411 5577 2572 5631 τοῦτο
2604 5571 2793 5629 εἰπών.
