4014 6202
214 425 329 486 565

970 413 1496 477 CLEMENTINA.
1532 444 1612 459 —-
1643 412 1993 474 EPITOME
2040 414 2140 475 DE
2187 417 2461 481 GESTIS
2506 422 2570 483 S.
2617 423 2873 485 PETRI.

3506 423 3625 484 566

213 556 358 631 παρά
403 556 566 607 τοῦτο
615 552 813 616 ποιῶν,
863 546 1058 602 αἰώνια
1095 545 1510 615 κολασθήσεται,
1546 542 1618 604 ὡς
1667 541 1741 605 εἷς
1775 541 1864 597 αύ-

1980 546 2394 622 hominemque
2443 553 2543 624 qui
2592 554 2760 610 aliter
2810 555 3026 626 fecerit,
3076 558 3287 610 aeterno
3333 554 3619 626 supplicio

210 646 300 700 τὸν
333 647 442 697 τῶν
476 640 622 696 ὅλων
671 632 938 707 ἀσεϐήσας
982 635 1129 691 Θεόν.
1182 632 1281 689 Καὶ
1326 636 1487 688 τοῦτο
1539 630 1724 702 εἰπὼν,
1774 630 1863 686 καὶ

210 737 326 793 τοῖς
360 731 465 785 ὑπὸ
514 730 698 783 παθῶν
752 724 1135 801 όχλουμένοις,
1187 724 1276 778 καὶ
1327 726 1565 790 νοσοῦσι,
1611 720 1699 775 καὶ
1748 717 1863 774 δαι-

216 825 423 895 μονῶσι
473 819 567 880 τὰς
618 821 807 893 χεῖρας
854 813 1073 885 ἐπιθεὶς,
1124 811 1212 866 οιαὶ
1257 810 1484 873 τούτους
1532 808 1668 883 εὑχῇ
1708 811 1861 885 θερα-

210 909 433 975 πεύσας,
490 910 590 976 τὴν
654 902 949 971 ἐκκλησίαυ
1008 900 1291 958 διέλυσεν.
1341 899 1456 954 Εἶθ’
1524 897 1695 954 οὕτως
1754 896 1861 951 εἷσ-

214 998 352 1055 ελὼν
395 997 486 1053 καὶ
535 1000 642 1051 τῶν
691 994 930 1064 συνήθων
972 993 1018 1028 ⁸⁵
1068 988 1213 1045 ἁλῶν
1271 982 1630 1064 μεταλαϐὼν,
1680 984 1860 1041 ὕπνω-

211 1109 315 1144 σεν.

280 1177 513 1233 CXXIX.
547 1172 787 1249 ’Ὀρθρου
830 1168 887 1225 δὲ
934 1171 981 1207 ⁵⁵
1014 1158 1178 1223 πάλιν
1228 1167 1256 1222 6
1298 1166 1500 1239 Πέτρος
1548 1164 1723 1236 ἐξιὼν,
1773 1162 1860 1218 καὶ

214 1266 298 1321 ἐπὶ
329 1268 375 1302 ⁸⁸
403 1262 496 1317 τόν
530 1262 733 1332 συνήθη
786 1256 1129 1334 διαλέγεσθαι
1176 1256 1341 1312 τόπον
1392 1258 1435 1293 ⁸⁸
1465 1254 1613 1325 στάς,
1647 1254 1737 1307 ἅτε
1771 1250 1860 1307 καὶ

210 1354 437 1410 πολλῶν
473 1347 995 1425 συνδεδραμηκότων
1028 1342 1239 1421 ὄχλων,
1284 1344 1395 1418 ἅμα
1425 1346 1467 1380 ⁸⁷
1512 1348 1592 1415 τῷ
1636 1339 1857 1415 μέλλειν

212 1442 553 1517 διαλέγεσθαι
613 1439 807 1511 αὐτὸν,
855 1435 1022 1511 εἰσῄει
1069 1455 1151 1497 τις
1209 1438 1317 1488 τῶν
1376 1430 1539 1485 αὑτοῦ
1597 1426 1858 1485 διακόνων

210 1532 411 1607 λέγων·
458 1528 644 1602 Σίμων
691 1527 798 1582 ἀπὸ
845 1522 1184 1600 Ἀντιοχείας
1229 1518 1597 1589 εἰσεληλυθώς
1646 1519 1734 1573 ἀπ’
1765 1517 1860 1572 αύ-

205 1629 307 1692 τῆς
340 1619 589 1695 ἑσπέρας,
627 1616 810 1691 μαθὼν
864 1611 1239 1688 ὑποσχόμενόν
1277 1631 1335 1665 σε
1379 1610 1472 1665 τὸν
1502 1608 1624 1683 περὶ
1660 1627 1860 1683 μοναρ-

207 1710 335 1787 χίας
368 1708 637 1764 ποιεῖσθαι
683 1704 874 1780 λόγον,
925 1700 1148 1775 ἕτοιμός
1182 1698 1291 1754 ἐστι
1336 1698 1471 1787 μετά
1495 1718 1559 1787 γε
1586 1700 1683 1751 τοῦ
1714 1697 1859 1787 ἶΕπιι-

204 1782 460 1875 ξουρείου
483 1792 865 1869 Ἀθηνοδώρου
892 1789 1271 1866 διαλεγομένῳ
1293 1807 1375 1842 σοι
1399 1783 1667 1857 ἐπελθεῖν,
1701 1785 1775 1875 ᾡς
1798 1782 1856 1839 ἂν

207 1872 341 1944 πᾶσι
372 1890 416 1923 ⁵⁸
444 1890 561 1947 τοῖς
596 1884 698 1939 ὑπὸ
724 1886 821 1937 σοῦ
855 1878 977 1955 περὶ
1030 1876 1329 1952 μοναρχίας
1362 1872 1855 1951 ὑπαγορευομένοις
1888 1911 1937 1976 Β

210 1974 456 2049 δημοσίᾳ
486 1972 673 2047 παρὼν
702 1970 861 2033 αὐτὸς
894 1965 1169 2042 ἀντιλέγοι
1200 1967 1264 2021 ‘9.

279 2158 481 2211 CXXX.
531 2153 709 2206 Ταῦτα
747 2150 843 2201 τοῦ
902 2141 1148 2201 διακόνου
1198 2139 1477 2217 λέγοντος,
1529 2136 1647 2195 ἰδοὺ
1696 2139 1785 2194 καὶ
1830 2141 1859 2195 6

208 2242 397 2315 Σίμων
458 2239 549 2293 σὺν
612 2231 979 2308 Ἀθηνοδώρῳ
1036 2230 1124 2285 καί
1179 2250 1317 2285 τισιν
1373 2226 1568 2291 ἄλλοις
1623 2226 1858 2303 ἑταίροις

205 2330 398 2402 εἰσῄει·
431 2327 522 2381 καὶ
554 2325 660 2400 πρὸ
690 2328 787 2380 τοῦ
816 2344 868 2378 τι
900 2322 991 2377 τὸν
1026 2321 1227 2393 Πέτρον
1271 2316 1417 2379 ὅλως
1466 2315 1658 2385 εἰπεῖν,
1702 2316 1860 2378 αὐτὸς

206 2413 530 2494 προλαϐών.
591 2416 856 2487 Ἔμαθον,
915 2408 1097 2494 φησὶν,
1159 2406 1240 2463 ὅτι
1298 2406 1428 2483 χθὲς
1487 2405 1860 2494 ὑπέσχουτῷ

207 2491 442 2578 Φαύστῳ
470 2501 609 2559 κατά
644 2503 742 2571 τὴν
794 2501 1032 2574 σήμερον
1085 2493 1252 2569 δεῖξαι
1290 2499 1359 2569 τῇ
1390 2494 1531 2565 τάξει
1570 2494 1661 2549 τὸν
1691 2491 1857 2569 λόγον

206 2594 561 2667 ποιούμενος
622 2590 714 2646 καὶ
772 2588 863 2644 ἀπ’
920 2586 1084 2642 αὑτοῦ
1140 2588 1356 2661 πρῶτον
1404 2583 1712 2659 ἀρχόμενος
1764 2587 1860 2637 τοῦ

206 2690 317 2741 τῶν
348 2682 495 2738 ὅλων
530 2679 819 2735 Δεσπότου’
854 2676 937 2732 ὅτι
981 2675 1138 2730 αὑτὸν
1173 2671 1254 2728 δεῖ
1301 2672 1464 2746 μόνον
1496 2670 1673 2747 λέγειν
1707 2672 1860 2741 Θεὸν,

210 2771 419 2833 ἄλλους
475 2772 522 2807 ⁶⁰
572 2768 629 2823 δὲ
689 2769 828 2841 μήτε
885 2764 1086 2839 λέγειν,
1151 2764 1289 2836 μήτε
1334 2758 1597 2835 νομίζειν·
1649 2758 1737 2814 καὶ
1777 2758 1861 2813 ὅτι

212 2863 241 2916 6
273 2860 423 2935 παρά
468 2863 631 2914 τοῦτο
678 2858 877 2923 ποιῶν,
928 2850 1144 2907 αἰωνίαν
1196 2851 1370 2929 ὑφέξει
1420 2850 1519 2918 τὴν
1566 2848 1857 2923 τιμωρίαν”

210 2948 322 3022 πρὸ
357 2932 593 3001 πάντων
650 2942 740 2999 οὖν
811 2939 1030 3009 ἀληθῶς
1091 2932 1553 3014 καταπέπληγμαί
1608 2957 1703 2991 σου
1762 2936 1861 3005 τὴν

214 3037 501 3104 ὑπόνοιαν,
532 3033 615 3088 ὅτι
644 3031 881 3102 ἤλπισας
934 3033 1249 3103 μεταπεῖσαι
1280 3024 1447 3102 ἄνδρα
1495 3025 1658 3104 σοφὸν
1697 3024 1863 3096 οὕτω,

214 3125 310 3181 καὶ
340 3129 510 3180 ταῦτα
558 3117 888 3197 ηρεσϐύτην.
938 3117 1095 3174 Ἀλλ’
1145 3116 1244 3171 οὐκ
1289 3115 1533 3190 ἐπιτεύξῃ
1568 3118 1676 3171 τῶν
1710 3114 1865 3171 ἐλπί-

215 3211 323 3269 δων
356 3213 447 3268 καὶ
476 3216 573 3267 τοῦ
624 3210 755 3281 Θελή
770 3229 959 3283 ματος,
1002 3209 1093 3262 ἅτε
1131 3205 1397 3282 παρόντος
1428 3204 1584 3278 ἐμοῦ,
1617 3202 1704 3259 καὶ
1735 3203 1860 3266 τοὺς

211 3300 429 3378 ψευδεῖς
475 3323 569 3356 σου
620 3270 1000 3375 διελέγχοντος
1050 3270 1273 3371 λόγούς.
1326 3270 1485 3356 Ἴσως
1531 3270 1632 3369 γάρ
1682 3292 1741 3348 ἃν
1772 3293 1860 3348 καὶ
1894 3270 1937 3339 C

210 3392 464 3462 ἠπάτητο
519 3391 592 3462 μή
644 3388 907 3465 παρόντος
957 3386 1111 3459 ἐμοῦ.
1171 3381 1397 3454 ἰδιώτης
1446 3381 1519 3437 ὣν
1568 3386 1674 3437 τῶν
1720 3382 1865 3458 παρά

211 3477 500 3541 Ἰουδαίοις
561 3476 802 3550 δημοσίᾳ
857 3472 1284 3546 πεπιστωμένων
1350 3466 1587 3547 βίϐλων.
1638 3471 1715 3527 Τά
1770 3475 1862 3525 νῦν

213 3568 269 3625 δε
298 3569 429 3630 τοὺς
460 3565 709 3629 πολλοὺς
760 3566 1135 3640 ὑπερθήσομαι
1168 3560 1387 3638 λόγους,
1414 3558 1505 3615 *ίνα
1545 3560 1732 3625 θᾶττόν
1768 3580 1865 3615 σου

209 3661 310 3727 τήν
358 3652 656 3731 ὑπόσχεσιν
705 3654 940 3718 ἀσθενῶς
990 3650 1217 3727 ἔχουσαν
1269 3648 1549 3721 διελέγξω.
1584 3651 1720 3726 Λέγε
1746 3670 1865 3704 τοι-

211 3752 415 3826 γαροῦν
447 3746 477 3801 ’ὀ
514 3742 777 3819 ὑπέσχου.
812 3742 877 3800 Εἰ
929 3739 987 3797 δὲ
1029 3741 1123 3796 τὸν
1153 3739 1379 3815 ἔλεγχον
1409 3737 1751 3812 αἰδούμενος,
1787 3738 1867 3816 ἐφ’

214 3840 377 3909 ἡμῶν
411 3833 583 3889 αὑτῶν
628 3834 727 3901 τὴν
780 3829 1071 3905 ὑπόσχεσιν
1110 3826 1319 3891 ἐθέλοις
1363 3827 1711 3904 παραλιπεῖν,
1743 3827 1869 3883 αύτ-

217 3926 391 4000 ἀρχης
447 3922 538 3976 καὶ
596 3919 768 3981 οὕτως
825 3914 1097 3988 ἀπόδειξις
1140 3915 1221 3972 ὅτι
1279 3914 1449 3991 ψευδῆ
1503 3917 1570 3971 τὰ
1628 3916 1870 3991 ὑπεσχη-

221 4013 384 4086 μένα,
447 4016 564 4075 καθ’
621 4009 705 4064 δτι
759 4007 846 4063 ἐπὶ
897 4011 1004 4062 τῶν
1060 4007 1155 4068 τὰς
1194 4007 1405 4084 Γραφάς
1447 4002 1668 4061 εἰδότων
1702 4004 1869 4059 εἰπεῖν

214 4100 318 4155 οὑκ
376 4096 713 4171 ἐτόλμησας.
775 4094 871 4150 Καὶ
903 4098 992 4149 νῦν
1053 4091 1111 4148 δὲ
1161 4092 1213 4147 τί
1264 4094 1537 4167 περιμένω
1570 4114 1627 4147 σε
1669 4092 1869 4166 λέγειν,

217 4190 479 4265 μέγιστον
539 4185 683 4261 ἔχων
746 4186 991 4259 μάρτυρα
1046 4190 1148 4252 τῆς
1208 4183 1553 4259 ὑποσχέσεώς
1615 4204 1732 4252 σου,
1778 4183 1871 4237 τὸν

211 4277 448 4352 γέροντα
470 4273 685 4331 τουτονί
718 4293 732 4344 ;
766 4276 953 4330 Ταῦτα
1004 4270 1194 4341 εἰπὼν,
1239 4272 1328 4326 καὶ
1374 4276 1454 4343 τῷ
1502 4272 1664 4346 πατρὶ
1711 4291 1874 4348 προσ-

210 4362 447 4439 ϐλέψας,
510 4364 690 4441 φησίν·
753 4361 888 4418 Εἰπέ
948 4382 1043 4435 μοι
1101 4358 1305 4436 ἀνδρῶν
1359 4361 1602 4414 ἁπάντων
1648 4359 1675 4412 ὁ
1722 4380 1873 4432 τιμι-

212 4457 450 4525 ώτατος,
513 4453 641 4529 οὐχὶ
698 4450 854 4513 υῦτος
913 4449 1180 4525 ὑπέσχετό
1238 4470 1322 4504 σοι
1382 4445 1548 4519 δεῖξαι
1596 4450 1873 4521 σήμερον,

213 4544 307 4599 δτι
361 4542 437 4604 εἶς
499 4540 607 4596 ἐστὶ
664 4541 813 4611 Θεὸς,
872 4538 961 4594 καὶ
1020 4538 1082 4594 ού
1140 4539 1252 4614 χρὴ
1301 4534 1484 4613 ἕτερόν
1531 4557 1651 4591 τινα
1697 4534 1873 4611 λέγειν

1975 639 2362 709 puniendum,
2398 647 2461 697 ut
2510 643 2607 713 qui
2640 643 2699 698 in
2750 644 2946 715 ipsum
3002 643 3405 700 universorum
3437 648 3616 698 Deum

1974 725 2193 797 impius
2224 729 2526 784 exstiterit.
2562 734 2750 802 Atque
2778 731 2885 786 hoc
2918 732 3095 797 dicto,
3140 748 3391 803 cumque
3420 732 3617 802 aliqua

1974 818 2349 888 perpessione
2373 818 3138 893 infestatis,zegrotantibus,
3164 826 3221 878 et
3241 823 3615 878 daemoniacis

1976 904 2354 975 imposuisset
2386 925 2617 977 manus,
2643 926 2709 964 ac
2739 926 2837 965 eos
2858 915 3120 966 curasset
3173 928 3360 982 prece,
3394 910 3618 967 concio-

1973 1008 2106 1048 nem
2139 994 2382 1050 dimisit.
2433 997 2651 1052 Deinde
2700 997 2780 1053 ita
2818 998 3139 1070 ingressus,
3190 1003 3246 1055 et
3283 998 3453 1056 solito
3484 998 3612 1054 cibo

1972 1086 2260 1153 percepto,
2293 1100 2354 1139 se
2383 1101 2589 1141 somno
2617 1086 2793 1145 dedit.

2042 1171 2280 1227 CXXIX.
2312 1174 2357 1207 ⁸³
2396 1174 2563 1230 Mane
2612 1192 2746 1232 vero
2796 1176 3009 1232 iterum
3050 1192 3321 1249 egressus
3364 1180 3611 1243 Petrus;

1972 1276 2105 1315 cum
2139 1261 2396 1317 stetisset
2426 1262 2484 1317 in
2516 1262 2641 1319 loco
2672 1263 2731 1318 in
2764 1281 2879 1336 quo
2910 1264 3195 1321 disserere
3244 1263 3488 1333 solebat,
3521 1263 3615 1317 in-

1970 1364 2229 1420 gensque
2261 1350 2568 1406 hominum
2615 1352 2930 1408 multitudo
2975 1353 3403 1419 concurrisset;
3437 1351 3614 1407 simul

1968 1453 2034 1491 ac
2064 1437 2188 1508 ipse
2243 1443 2397 1494 esset
2439 1440 2761 1509 locuturus,
2812 1441 3070 1497 introivit
3116 1442 3357 1513 quidam
3386 1458 3455 1495 ex
3486 1442 3614 1511 ejus

1970 1526 2252 1593 diaconis,
2285 1528 2485 1584 dicens
2512 1547 2523 1585 :
2556 1530 2758 1585 Simon
2785 1532 2856 1586 ab
2888 1530 3346 1601 Antiochiaipso
3377 1545 3616 1600 vespere

1970 1615 2296 1688 ingressus,
2329 1618 2574 1674 audiens
2606 1623 2662 1674 te
2686 1618 3024 1690 promisisse
3051 1619 3120 1674 de
3142 1618 3610 1688 monarchia,seu

1970 1704 2298 1777 principatu
2353 1706 2549 1772 unius,
2609 1708 2782 1763 verba
2829 1723 2957 1763 esse
3012 1710 3326 1778 facturum,
3372 1713 3611 1779 paratus

1967 1798 2059 1850 est
2117 1812 2236 1851 una
2291 1812 2425 1851 cum
2481 1796 2849 1852 Athenodoro
2903 1795 3203 1868 Epicureo,
3260 1796 3367 1851 tibi
3426 1796 3610 1851 disse-

1968 1884 2119 1939 renti
2161 1884 2541 1949 intervenire;
2596 1888 2661 1941 ut
2718 1889 2928 1940 cuncta
2980 1902 3105 1957 quas
3163 1902 3197 1940 a
3252 1888 3309 1939 te
3364 1884 3435 1939 de
3480 1900 3611 1939 mo-

1969 1972 2209 2028 narchia
2237 1973 2757 2041 denuntiabantur,
2792 1972 3021 2045 publice
3052 1973 3176 2044 ipse
3215 1989 3470 2045 praesens
3500 1971 3611 2027 im-

1968 2065 2207 2133 pugnet.

2042 2148 2246 2204 CXXX.
2282 2149 2410 2203 Haec
2443 2149 2669 2205 dicente
2702 2149 3119 2213 diacono,ecce
3149 2153 3205 2205 et
3237 2149 3439 2205 Simon
3471 2165 3607 2204 cum

1970 2237 2333 2293 Athenodoro
2382 2236 2623 2309 aliisque
2673 2237 2972 2293 nonnullis
3021 2237 3320 2293 sodalibus
3358 2237 3614 2309 ingredi-

1970 2329 2108 2381 tur:
2143 2330 2198 2382 et
2227 2331 2360 2382 ante
2388 2344 2559 2397 quam
2612 2327 2817 2382 Petrus
2874 2326 3094 2398 aliquid
3145 2326 3382 2382 omnino
3413 2326 3615 2397 loque-

1969 2420 2150 2483 retur,
2180 2416 2306 2487 ipse
2358 2415 2724 2488 anticipans:
2784 2415 3071 2487 Comperi,
3129 2415 3340 2486 inquit,
3390 2420 3445 2470 te
3488 2415 3614 2471 heri

1970 2503 2292 2577 pollicitum
2316 2521 2444 2560 esse
2469 2506 2698 2575 Fausto,
2727 2505 2880 2576 quod
2906 2504 3078 2559 hodie
3099 2503 3298 2559 habito
3322 2520 3617 2575 sermone,

1970 2593 2171 2648 ordine
2201 2609 2361 2649 esses
2392 2598 2758 2662 ostensurus,
2782 2592 3156 2665 primumque
3182 2592 3508 2665 incipiendo
3542 2594 3613 2649 ab

1969 2682 2098 2754 ipso
2128 2682 2534 2738 universorum
2566 2682 2851 2752 Domino;
2892 2698 3028 2738 eum
3078 2681 3269 2737 solum
3301 2681 3614 2737 dicendum

1971 2786 2099 2826 esse
2133 2772 2332 2839 Deum,
2364 2770 2510 2827 alios
2538 2787 2671 2826 vero
2713 2785 2901 2842 neque
2949 2770 3227 2826 dicendos
3275 2786 3462 2841 neque
3492 2770 3617 2825 exi-

1972 2859 2335 2926 stimandos;
2370 2860 2588 2931 quique
2630 2863 2834 2915 contra
2878 2859 3098 2929 fecerit,
3146 2862 3389 2914 mternas
3416 2876 3619 2931 pmnas

1973 2948 2270 3003 daturum.
2322 2950 2469 3004 Ante
2516 2948 2714 3005 omnia
2762 2964 2897 3022 ergo
2947 2964 3079 3004 vere
3131 2947 3425 3003 insaniam
3452 2950 3618 3004 tuam

1972 3036 2293 3094 demiratus
2325 3054 2479 3103 sum,
2530 3038 2683 3108 quod
2742 3037 2990 3109 sperasti
3040 3044 3098 3091 te
3153 3052 3323 3108 posse
3352 3035 3413 3091 in
3442 3035 3619 3093 aliam

1975 3124 2325 3180 sententiam
2382 3125 2669 3181 adducere
2712 3124 2903 3179 virum
2956 3124 3098 3181 adeo
3156 3123 3497 3195 sapientem,
3548 3124 3620 3179 ad

1975 3213 2097 3269 haec
2129 3230 2348 3269 senem.
2382 3218 2455 3268 At
2484 3230 2618 3285 spes
2649 3230 2716 3268 ac
2745 3212 3101 3268 voluntatem
3143 3229 3259 3267 non
3290 3211 3619 3281 obtinebis;

1975 3306 2174 3374 utpote
2206 3306 2488 3374 praesente
2535 3318 2650 3372 me,
2699 3306 2950 3373 tuosque
2996 3301 3170 3357 falsos
3202 3317 3502 3356 sermones
3533 3318 3621 3357 re-

1975 3391 2309 3463 darguente.
2346 3391 2571 3446 Etenim
2605 3392 2748 3446 forte
2779 3407 2872 3445 me
2902 3391 3143 3446 absente
3171 3391 3445 3461 deceptus
3477 3390 3621 3445 fuis-

1975 3484 2063 3535 set
2093 3496 2225 3535 cum
2260 3479 2567 3552 imperitus
2599 3480 2676 3535 sit
2715 3479 2999 3534 librorum
3026 3478 3128 3550 qui
3173 3478 3390 3534 Judaeis
3426 3477 3621 3549 palam

1975 3573 2115 3625 sunt
2144 3568 2364 3624 traditi.
2399 3569 2563 3624 Nunc
2608 3574 2802 3624 autem
2854 3566 3040 3623 multa
3084 3568 3260 3624 verba
3291 3568 3617 3638 praeteribo,

1976 3662 2041 3714 ut
2061 3657 2236 3713 citius
2266 3657 2713 3727 promissionem
2732 3661 2892 3713 tuam
2912 3656 3205 3711 infirmam
3227 3672 3356 3713 esse
3386 3656 3621 3711 convin-

1977 3764 2126 3803 cam.
2167 3747 2263 3803 Dic
2292 3745 2472 3819 igitur
2492 3747 2645 3818 quod
2670 3744 2963 3817 pollicitus
2986 3762 3069 3801 es.
3096 3744 3195 3800 Sin
3225 3749 3419 3800 autem
3442 3760 3631 3815 repre-

1978 3835 2323 3893 hensionem
2356 3836 2597 3904 veritus,
2642 3851 2838 3889 coram
2881 3834 3049 3889 nobis
3079 3833 3221 3889 velis
3272 3834 3630 3904 promissum

1980 3925 2284 3993 omittere;
2318 3924 2491 3979 etiam
2536 3924 2620 3979 sic
2668 3922 2965 3979 sufﬁciens
3007 3923 3117 3977 erit
3168 3922 3451 3993 probatio,
3485 3920 3633 3976 falsa

1980 4031 2108 4071 esse
2133 4031 2260 4086 quea
2294 4012 2635 4085 promisisti,
2688 4010 3166 4082 quandoquidem
3213 4027 3409 4066 coram
3443 4009 3632 4064 homi-

1981 4103 2155 4159 nibus
2183 4102 2517 4174 Scripturas
2548 4100 2899 4156 callentibus
2930 4117 3045 4155 non
3078 4117 3259 4155 ausus
3305 4099 3387 4155 sis
3417 4099 3631 4154 dicere.

1982 4192 2049 4246 Et
2099 4208 2233 4246 vero
2274 4192 2400 4260 jam
2459 4207 2562 4245 cur
2618 4192 2888 4259 exspecto
2946 4192 3010 4243 ut
3066 4188 3250 4252 dicas,
3307 4186 3405 4258 qui
3451 4186 3633 4242 maxi-

1984 4296 2146 4336 mum
2168 4279 2351 4334 habeo
2375 4278 2813 4350 pollicitationis
2836 4282 2945 4331 tuae
2968 4276 3373 4344 testem,hunc
3396 4275 3636 4331 senem?

1984 4369 2120 4423 Post
2149 4368 2270 4422 haec
2318 4368 2493 4422 verba
2539 4383 2672 4422 cum
2731 4370 2953 4437 patrem
3011 4366 3351 4437 aspexisset,
3384 4364 3497 4420 ait:
3534 4364 3635 4419 Dic

1986 4456 2155 4522 mihi,
2204 4456 2465 4512 virorum
2526 4454 3034 4527 prastantissime,
3095 4469 3286 4509 nonne
3362 4454 3471 4508 iste
3531 4451 3637 4506 tibi

1985 4544 2281 4617 pollicitus
2312 4549 2400 4600 est
2442 4548 2817 4599 ostensurum
2864 4559 2926 4598 se
2973 4540 3165 4609 hodie,
3224 4558 3407 4596 unum
3451 4541 3634 4595 Deum

213 4634 254 4702 ἢ
309 4630 552 4705 νομίζειν
599 4630 761 4699 Θεὸν,
808 4628 836 4683 6
887 4625 945 4684 δὲ
992 4627 1140 4703 παρά
1182 4630 1351 4681 ταῦτα
1395 4629 1567 4680 ποιῶν
1618 4623 1864 4680 ἀθάνατοι

1983 4650 2132 4701 esse,
2166 4650 2269 4688 nec
2301 4632 2482 4688 alium
2531 4632 2842 4688 dicendum
2892 4635 2993 4686 aut
3040 4630 3376 4685 habendum
3408 4630 3591 4684 Deum
3620 4652 3635 4693 ;

216 4720 690 4797 εἰσι-πραχθήσεται
718 4714 989 4794 τιμωρίαν
1024 4734 1038 4787 ;

297 4899 525 4955 CXXXI.
558 4896 657 4951 Καὶ
704 4896 731 4951 6
779 4895 959 4967 πατὴρ
1009 4889 1133 4972 ἔφη·
1175 4890 1371 4955 Καλῶς
1419 4890 1479 4946 ἃν
1524 4892 1623 4959 τήν
1685 4912 1883 4969 μαρτυ-

217 4988 345 5061 ρίαν
381 4990 507 5062 παρ’
540 4984 676 5059 ἐμοῦ
708 4984 958 5057 ἀπῄτεις,
992 4983 1036 5037 ὦ
1060 4982 1268 5054 Σίμων,
1299 4980 1343 5036 εί
1370 4980 1630 5057 πρότερον
1662 4981 1880 5055 ἠρνεῖτο

214 5076 457 5151 Πέτρος·
516 5079 603 5129 νῦν
662 5070 719 5128 δὲ
777 5071 875 5127 οὐκ
934 5069 1327 5143 αἷδεσθήσομαι
1378 5068 1573 5146 λέγειν,
1606 5067 1750 5124 ἃδεῖ
1797 5068 1882 5125 λέ-

213 5184 362 5242 γειν’
397 5162 549 5238 οἶμαί
582 5183 639 5218 σε
688 5162 858 5237 ὀργῆς
908 5158 1294 5233 πεπλησμένον
1346 5156 1702 5233 διαλεχθῆναι
1754 5158 1880 5235 βού-

218 5253 439 5312 λεσθαι.
471 5256 641 5309 Τοῦτο
675 5248 733 5307 δὲ
763 5247 889 5305 οὕτε
931 5270 1014 5305 σοι
1066 5250 1330 5324 προσήκει
1370 5253 1568 5320 ποιεῖν,
1603 5248 1714 5302 οὗθ’
1744 5250 1879 5321 ἡμῖν

223 5342 411 5405 οὕτως
442 5337 641 5418 ἔχοντα
689 5338 1000 5411 ὑπακούειν,
1047 5334 1129 5393 ὅτι
1167 5335 1349 5413 μάχην
1396 5334 1536 5392 ἔστιν
1578 5336 1881 5410 ἱστορῆσαι,

1989 4722 2061 4777 ab
2093 4736 2159 4775 eo
2191 4724 2388 4776 autem
2421 4719 2519 4791 qui
2566 4718 2733 4774 aliter
2781 4716 2999 4787 fecerit,
3052 4713 3383 4771 immortale
3414 4712 3636 4785 suppli-

1990 4809 2147 4866 cium
2178 4812 2446 4864 exactum
2476 4807 2546 4862 iri
2567 4807 2596 4861 ‘I

2060 4897 2290 4953 CXXXI.
2337 4894 2657 4967 Respondit
2704 4899 2904 4967 pater:
2957 4894 3128 4949 Recte
3175 4908 3209 4947 a
3253 4886 3345 4948 me
3371 4891 3636 4947 testimo-

1991 4985 2157 5041 nium
2190 4984 2539 5057 postulares,
2571 5000 2603 5039 o
2633 4982 2859 5050 Simon,
2885 4982 2933 5037 si
2955 4986 3125 5037 antea
3154 4981 3359 5036 Petrus
3382 4978 3641 5051 negavis-

1991 5080 2114 5143 set;
2148 5089 2305 5129 nunc
2335 5077 2531 5128 autem
2560 5088 2676 5126 non
2724 5070 2933 5126 verebo
2991 5070 3182 5124 dicere
3239 5084 3363 5139 quae
3396 5068 3642 5122 dicenda

1991 5166 2128 5219 sunt
2155 5179 2167 5218 :
2202 5161 2452 5217 arbitror
2479 5164 2535 5216 te
2565 5160 2652 5215 ira
2682 5158 2967 5230 repletum
2999 5157 3142 5212 velle
3181 5156 3639 5229 disputationem

1991 5251 2309 5321 suscipere.
2341 5249 2458 5305 Hoc
2491 5265 2660 5321 porro
2693 5262 2882 5319 neque
2912 5251 2969 5302 te
2997 5246 3183 5301 facere
3232 5245 3414 5309 decet,
3455 5258 3641 5314 neque

1993 5344 2221 5412 oportet
2251 5342 2317 5394 ut
2347 5354 2454 5395 nos
2484 5338 2568 5393 sic
2598 5336 2871 5393 affectum
2898 5334 3209 5391 audiamus
3238 5350 3251 5401 ;
3283 5330 3558 5404 quoniam
3580 5329 3640 5385 id

1591 5463 1835 5519 VARle
1873 5464 2279 5522 LECTIONES.

309 5594 359 5631 ⁸³
387 5592 463 5649 al.
494 5589 585 5647 καὶ
615 5575 1040 5665 εύξάμινοςῄιῷ
1070 5583 1646 5665 ἰασάμενοςῂάπέλυσε
1674 5586 1824 5665 Δτοὺς
1846 5581 2067 5665 ,ὄχλους
2094 5584 2183 5641 καί
2224 5585 2325 5665 εἶθ’
2356 5583 2551 5665 οὕτως·
2580 5581 2778 5665 εἲςιῲν,
2828 5586 2957 5665 τῶν.
2987 5582 3248 5652 συνήθων.
3281 5580 3324 5614 ⁵⁸
3353 5576 3641 5665 (Ῑίςξζηεξηι.ζ

391 5645 754 5665 --ηγ..
887 5645 920 5659 -ι
1174 5645 1210 5672 ,.
1346 5645 1379 5657 -ν
1812 5645 2064 5663 -η-
2224 5645 2302 5670 ,ν
2516 5645 2776 5669 κ,ι
3104 5645 3113 5652 ν
3455 5645 3477 5664 η
3627 5647 3642 5667 κ

236 5666 407 5723 hom.
442 5682 561 5733 XVI,
590 5681 640 5736 (ξ.
676 5666 728 5736 1,
760 5667 869 5736 etc.
901 5662 947 5698 “
977 5664 1141 5736 deest
1167 5660 1336 5736 _1n_al_.
1369 5662 1413 5697 ⁵⁵
1442 5660 1518 5716 al.
1548 5659 1639 5736 xui
1672 5657 1991 5736 ἐπιστάς-⁸⁸
2021 5661 2183 5736 deest
2220 5676 2279 5715 1n
2321 5659 2470 5736 al._‘7
2501 5657 2579 5736 al.
2627 5652 2810 5736 6x131
2831 5652 3003 5709 πολὺν
3055 5670 3353 5707 συνεστωτα
3403 5647 3507 5703 εἶοε
3554 5669 3641 5703 και

243 5738 385 5810 ἅμα.
417 5736 463 5774 ⁵⁸
495 5724 569 5795 αΪ.
606 5724 846 5812 δημοσίᾳ
874 5736 1025 5792 πᾶσι.
1057 5734 1102 5770 ⁸ο
1129 5732 1203 5791 al.
1239 5730 1372 5807 ὑπὶρ
1401 5729 1705 5807 μοναρχίας
1737 5728 2057 5807 λεγομένοις
2089 5726 2292 5805 λόγοις·
2323 5732 2508 5786 ταῦτα.
2537 5729 2582 5765 ⁸ο
2612 5724 2906 5786 αΙΪᾶλλον.
