4014 6202
266 311 385 373 567

1094 311 1160 372 S.
1205 310 1645 374 CLEMENTIS
1689 311 1715 372 Ι
1761 306 1951 373 ROM.
1996 309 2231 373 PONT.
2280 314 2541 377 OPERA
2584 316 2850 379 DUBIA.

3551 321 3684 381 868

262 459 520 516 pugnam
550 442 745 498 videre
770 446 879 509 est,
910 445 967 498 et
997 459 1111 498 non
1144 444 1216 498 ad
1247 443 1546 500 veritatem
1572 443 1904 515 juvari.Sed

2020 441 2108 496 καὶ
2158 442 2222 497 ού
2273 446 2410 521 πρὸς
2486 445 2743 518 ἀλήθειαν
2794 444 3155 525 ὠφελεῖσθαι.
3199 446 3355 504 Ἀλλ’
3419 449 3681 526 ἑκάτερος

261 536 505 602 uterque
525 538 783 586 vestrum
807 532 1019 602 dogma
1039 549 1213 587 suum
1244 536 1495 604 exponat
1522 550 1536 599 ;
1560 537 1618 588 et
1638 532 1709 587 ad
1726 532 1909 587 alium

254 619 536 691 judicem,
568 618 745 673 verba
764 618 1130 689 habeantur;
1164 618 1365 690 sicque
1390 635 1632 691 prorsus
1656 618 1909 674 invenie-

259 713 358 764 tur
406 706 795 763 dubitationis
843 723 1048 779 expers
1119 710 1353 765 veritas.
1415 707 1635 763 Placuit
1683 707 1910 764 Simoni

262 798 466 866 oratio,
499 813 679 867 seque
709 813 777 851 ex
819 812 887 851 ea
916 797 1210 852 facturum
1260 797 1549 868 promisit.
1598 797 1909 852 Verumta-

263 903 417 954 men,
448 884 642 957 inquit
701 886 931 955 Fausto,
993 886 1170 941 timeo
1231 902 1304 941 ne
1346 887 1474 957 jam
1531 885 1685 942 Petri
1719 884 1910 942 verbis

262 979 603 1047 occupatus,
636 990 751 1029 non
782 974 865 1030 sis
894 974 1012 1030 veri
1044 975 1347 1031 studiosus
1369 975 1569 1047 judex.

332 1163 592 1221 CXXXII.
622 1164 689 1218 Et
719 1168 882 1234 pater
902 1161 1199 1235 respondit
1224 1177 1236 1218 :
1264 1161 1347 1218 Ne
1369 1177 1462 1219 me
1487 1177 1662 1235 cogas
1692 1165 1913 1219 temere

263 1269 329 1309 ac
357 1252 577 1307 indicta
622 1268 801 1307 causa
844 1251 948 1307 tibi
1007 1250 1303 1317 assentiri,
1337 1254 1404 1306 ut
1442 1251 1625 1324 judex
1652 1250 1913 1308 veritatis

265 1358 471 1396 amans
497 1341 715 1397 videar.
746 1341 893 1396 Nam
915 1340 964 1396 si
986 1357 1119 1397 vera
1141 1340 1344 1396 audire
1373 1340 1561 1412 cupis,
1585 1345 1688 1396 tua
1717 1341 1914 1413 potius

264 1428 555 1486 sententia
584 1432 1021 1500 praeoccupatus
1043 1443 1198 1482 sum.
1221 1430 1303 1481 Ac
1326 1426 1527 1483 Simon
1560 1444 1573 1483 :
1595 1428 1718 1492 Quo
1740 1428 1913 1484 modo

266 1535 328 1574 es
342 1520 798 1590 praeoccupatus,
821 1516 918 1587 qui
940 1516 1131 1571 nescis
1145 1515 1282 1587 quid
1306 1515 1554 1571 sentiam
1577 1514 1606 1570 ?
1627 1519 1699 1570 At
1715 1522 1909 1587 pater:

267 1606 457 1662 Facile
484 1610 575 1662 est
598 1605 741 1661 illud
774 1621 1121 1677 cognoscere
1145 1621 1158 1658 :
1188 1608 1242 1660 et
1264 1622 1518 1677 quonam
1544 1609 1734 1677 pacto,
1754 1606 1912 1662 audi.

267 1695 567 1751 Pollicitus
598 1711 683 1762 es,
716 1711 749 1749 a
778 1698 834 1750 te
886 1693 1017 1749 falsi
1050 1694 1374 1749 convictum
1424 1693 1495 1748 iri
1530 1697 1789 1761 Petrum,
1817 1695 1915 1765 qui

2021 530 2173 604 ὑμῶν
2200 533 2264 588 τὸ
2292 533 2485 589 ἑαυτοῦ
2534 533 2712 612 δόγμα
2756 535 3011 609 ἐκθέσθω,
3060 536 3150 591 καὶ
3200 537 3286 615 ὑφ’
3334 538 3503 614 ἑτέρῳ
3543 539 3673 615 κρί-

2017 641 2162 675 νοντι
2192 620 2319 684 τοὺς
2371 622 2572 699 λόγους
2618 622 2823 680 δοτέον·
2853 626 2945 680 καὶ
2986 625 3127 681 οὕτω
3171 627 3385 688 πάντως
3438 626 3681 705 ἀναμφί-

2021 707 2187 784 λογον
2244 710 2481 783 τάληθὲς
2538 712 2917 789 εὑρεθήσεται.
2967 719 3163 791 ’Ήρεσε
3210 714 3291 788 τῷ
3344 714 3556 789 Σίμωνι
3606 719 3679 773 τὸ

2022 796 2257 874 λεχθὲν,
2306 801 2396 855 καὶ
2442 804 2690 873 ποιήσειν
2743 800 3008 879 ὑπέσχετο
3071 803 3206 860 κατό⁵
3252 809 3419 860 ταῦτα
3448 849 3461 863 .
3512 805 3677 877 Πλὴν

2020 883 2165 942 ἀλλὰ
2196 884 2433 959 δέδοικα,
2464 890 2543 961 τῷ
2573 889 2805 964 Φαύστῳ
2834 887 2959 969 ἔφη,
2988 894 3062 965 μή
3097 914 3214 956 πως
3243 892 3353 963 ἤδη
3386 914 3681 970 προκατει-

2022 973 2312 1050 λημμένος
2369 983 2487 1041 τοῖς
2536 977 2744 1059 Πέτρου
2792 978 3007 1055 λόγοις,
3058 980 3121 1037 ού
3169 979 3488 1060 φιλαλήθης
3544 983 3679 1062 γένῃ

2021 1067 2233 1139 κριτής.

2091 1158 2339 1212 CXXXII.
2372 1155 2471 1210 Kal
2522 1157 2552 1212 6
2593 1157 2773 1233 πατὴρ
2825 1154 3166 1235 ἀπεκρίνατο·
3221 1161 3311 1228 Μὴ
3368 1180 3435 1233 με
3483 1158 3675 1235 βιάζου

2022 1242 2254 1319 ἀκρίτως
2293 1245 2570 1310 συνθέσθαι
2622 1267 2730 1317 σοι,
2775 1245 2852 1310 ὡς
2890 1246 2951 1303 ἂν
2985 1244 3124 1319 δόξω
3169 1246 3489 1325 φιλαλήθης
3536 1249 3676 1306 εἶναι

2020 1334 2235 1406 κριτής.
2276 1334 2339 1388 Εἰ
2370 1335 2474 1411 γὰρ
2502 1332 2717 1407 τάληθῆ
2772 1335 2960 1413 βούλει
3007 1338 3218 1410 μαθεῖν,
3249 1341 3329 1410 τῷ
3366 1343 3443 1410 σῷ
3469 1341 3677 1417 φρονή-

2027 1441 2156 1494 ματι
2192 1421 2573 1497 προείλημμαι
2625 1422 2858 1497 μᾶλλον.
2906 1423 3006 1481 Καὶ
3058 1425 3087 1480 6
3128 1426 3335 1498 Σίμων·
3377 1432 3507 1490 Πῶς
3534 1448 3675 1502 προ-

2024 1508 2269 1584 είληψαι,
2318 1511 2422 1566 οὐκ
2464 1509 2623 1576 εἰδὼς
2672 1513 2703 1568 ὃ
2742 1516 2927 1592 φρονῶ
2959 1532 2974 1584 ;
3006 1512 3105 1569 Καὶ
3156 1515 3185 1569 6
3231 1517 3454 1592 πατήρ·
3504 1521 3677 1572 Τοῦτο

2026 1595 2208 1674 ῥᾴδιόν
2266 1598 2404 1655 ἐστιν
2462 1598 2697 1657 εἰδέναι·
2749 1600 2840 1657 καί
2894 1606 3035 1673 πῶς,
3089 1599 3336 1659 ἄκουσον·
3397 1603 3672 1681 Ἐλέγξειν

2027 1687 2265 1763 ὑπέσχου
2295 1687 2385 1744 τὸν
2415 1690 2617 1767 Πέτρον
2643 1686 2738 1746 ἕνα
2784 1690 2911 1748 Θεὸν
2961 1691 3189 1768 λέγοντα
3227 1695 3384 1764 εἶναι,
3426 1693 3509 1751 ὅτι
3542 1696 3677 1769 ψεύ-

268 1801 453 1840 unum
476 1800 603 1839 esse
626 1788 805 1839 Deum
824 1789 1046 1839 asserat
1069 1799 1082 1850 ;
1110 1787 1380 1839 caeterum
1404 1782 1503 1855 qui
1526 1783 1815 1855 promittit
1836 1799 1906 1838 re-

2029 1773 2196 1832 δεται.
2233 1777 2301 1875 ,Ὀ
2333 1774 2391 1833 δὲ
2437 1779 2528 1875 τόν
2556 1775 2669 1875 ⁵ἕνα
2718 1777 2951 1875 λέγοντα
2997 1780 3211 1857 ἐλέγξαι
3260 1782 3677 1861 ἐπαγγελλόμε-

266 1872 711 1944 prehensionem
738 1871 1054 1927 asserentis
1074 1887 1258 1926 unum
1274 1876 1477 1938 Deum,
1498 1871 1667 1943 plane
1681 1871 1920 1928 manife-

268 1966 427 2018 stum
457 1966 545 2016 est
572 1960 724 2031 quod
754 1959 826 2025 is,
859 1976 992 2015 vera
1013 1959 1275 2030 loquens,
1301 1976 1416 2015 non
1442 1959 1595 2015 idem
1628 1960 1914 2017 affirmet:

269 2050 318 2107 si
350 2050 505 2105 enim
536 2049 688 2104 idem
718 2049 859 2104 dicit
906 2065 1038 2103 cum
1069 2065 1135 2104 eo
1178 2047 1278 2120 qui
1331 2048 1611 2104 ementita
1633 2048 1917 2121 loquitur,

269 2143 327 2194 et
355 2139 477 2211 ipse
501 2139 755 2209 profecto
783 2141 870 2193 est
886 2138 1135 2192 mendax
1159 2153 1172 2206 ;
1192 2136 1242 2192 si
1257 2152 1392 2193 vero
1415 2136 1708 2193 contraria
1728 2138 1919 2194 dicere

270 2244 334 2284 se
363 2226 638 2298 ostendit,
697 2242 765 2282 ex
796 2227 1038 2282 adverso
1096 2242 1236 2281 sane
1276 2242 1450 2282 verus
1505 2230 1616 2281 est.
1646 2230 1773 2281 Non
1806 2226 1919 2283 alia

270 2334 405 2387 ergo
434 2317 657 2373 ratione
686 2315 1121 2388 praedicatorem
1148 2315 1325 2370 unius
1371 2315 1473 2371 Dei
1503 2331 1630 2372 esse
1672 2317 1919 2372 menda-

266 2422 393 2462 cem
426 2404 792 2477 pronuntias,
821 2404 933 2460 nisi
968 2403 1107 2475 quia
1126 2404 1343 2460 multos
1373 2403 1512 2459 deos
1533 2420 1661 2460 esse
1691 2420 1914 2460 censes.

262 2495 441 2566 Atqui
473 2493 691 2549 multos
720 2510 849 2549 esse
883 2494 1023 2548 deos
1044 2509 1149 2566 ego
1180 2508 1409 2565 quoque
1432 2492 1543 2548 aio.
1576 2493 1791 2549 Eadem
1815 2494 1920 2566 igi-

262 2588 360 2640 tur
384 2588 578 2640 tecum
609 2583 877 2639 doctrina
905 2587 1039 2638 ante
1060 2581 1548 2654 disceptationem
1594 2587 1915 2655 occupatus

261 2690 395 2731 sum
421 2692 434 2730 :
461 2677 519 2729 et
545 2676 849 2743 propterea
868 2670 1202 2727 nullatenus
1228 2674 1454 2743 Oportet
1474 2675 1530 2726 te
1554 2674 1812 2727 metuere
1843 2672 1916 2727 de

260 2779 375 2831 me,
409 2763 511 2819 sed
544 2762 773 2817 Petrum
815 2760 1047 2832 potius:
1099 2760 1420 2816 etiamnum
1465 2759 1682 2832 quippe
1713 2763 1915 2816 contra

260 2856 437 2924 atque
468 2849 566 2906 ille
595 2849 802 2906 sentio.
834 2852 975 2904 Post
1017 2852 1269 2904 vestram
1309 2853 1507 2905 autem
1556 2848 1914 2920 disputatio-

261 2956 418 3009 nem,
450 2955 619 3011 spero
651 2939 769 2996 fore
798 2942 865 2994 ut
908 2937 1027 2994 veri
1058 2937 1360 2993 studiosus
1396 2938 1602 3009 judex,
1635 2938 1795 2993 omni
1818 2938 1914 2995 de-

258 3031 451 3102 posita
498 3027 932 3100 anticipatione,
982 3025 1315 3099 praevalenti
1363 3042 1758 3084 consensurus
1796 3027 1909 3083 sim

2027 1886 2143 1933 νος,
2174 1865 2389 1929 πάντως
2420 1864 2652 1939 εὔδηλον
2698 1870 2775 1932 ὡς
2807 1869 3005 1933 ἐκεῖνος
3035 1870 3338 1941 ἀληθεύων,
3364 1872 3428 1928 ού
3451 1874 3513 1929 τὸ
3543 1874 3676 1930 αὐτὸ

2028 1950 2200 2028 λέγει·
2233 1953 2279 2008 εί
2307 1954 2407 2031 γὰρ
2437 1960 2517 2028 τῷ
2564 1954 3025 2033 καταψευδομένῳ
3070 1960 3134 2015 τὸ
3183 1960 3314 2016 αὐτὸ
3365 1959 3534 2037 λέγει,
3581 1962 3673 2017 καὶ

2026 2041 2187 2106 αὐτὸς
2234 2045 2278 2082 ⁸¹
2330 2042 2432 2120 ἄρα
2480 2043 2749 2119 ψεύδεται·
2786 2046 2832 2101 εί
2882 2044 2939 2102 δὲ
2984 2046 3053 2103 τὰ
3081 2046 3289 2103 ἐναντία
3318 2046 3498 2124 λέγων
3533 2050 3673 2105 ἀπο-

2028 2128 2313 2205 δείκνυσιν,
2371 2134 2620 2209 ἅντικρυς
2672 2132 2957 2205 ἀληθεύει.
3016 2136 3127 2192 Ούκ
3182 2134 3373 2201 ἄλλως
3430 2137 3524 2193 οὖν
3576 2139 3670 2195 τὸν

2024 2216 2116 2275 ἕνα
2161 2223 2288 2277 Θεὸν
2340 2220 2474 2278 εἶναι
2524 2220 2755 2298 λέγοντα
2800 2224 3036 2299 ψεύστην
3082 2223 3281 2302 λέγεις,
3331 2225 3377 2281 εἷ
3413 2228 3487 2301 μὴ
3536 2230 3585 2265 ⁶²
3609 2228 3673 2285 ’ἂν

2025 2307 2107 2365 ὅτι
2151 2308 2398 2374 πολλοὺς
2437 2310 2598 2375 αὐτὸς
2643 2309 2884 2384 δοξάζεις
2933 2315 3109 2379 θεούς·
3143 2315 3297 2379 θεοὺς
3326 2314 3385 2371 δὲ
3420 2315 3671 2381 πολλοὺς

2026 2400 2161 2454 εἷναι
2190 2398 2280 2454 καὶ
2312 2399 2418 2477 ἐγώ
2444 2419 2611 2477 φημι·
2640 2406 2719 2475 τῷ
2768 2401 2913 2475 αύτῷ
2952 2401 3043 2459 οὖν
3090 2424 3178 2459 σοι
3222 2404 3331 2480 πρὸ
3366 2412 3471 2475 τῆς
3504 2410 3673 2478 ζητή-

2022 2508 2158 2551 σεως
2202 2488 2357 2564 λόγῳ
2400 2489 2550 2567 κὶγὼ
2599 2491 3087 2567 προκατείλημμαι
3121 2511 3135 2526 ·
3183 2493 3275 2549 καὶ
3318 2494 3455 2550 κατὰ
3509 2501 3669 2552 τοῦτο

2021 2576 2147 2654 περὶ
2191 2575 2331 2651 ἐμοῦ
2379 2598 2436 2634 σε
2480 2579 2544 2635 τὸ
2590 2578 2840 2655 παράπαν
2892 2580 2953 2636 οὐ
2995 2577 3292 2638 δεδοικέναι
3338 2584 3475 2659 χρὴ,
3525 2583 3671 2640 ἀλλὰ

2022 2664 2223 2742 Πέτρον
2279 2664 2530 2739 μᾶλλον·
2577 2669 2834 2745 τυγχάνω
2880 2671 2983 2747 γὰρ
3031 2670 3180 2744 αύτῷ
3221 2670 3312 2726 καὶ
3356 2669 3436 2728 En
3489 2673 3555 2728 τὰ
3593 2672 3673 2730 ἐν⁸

2022 2754 2174 2810 αντία
2202 2760 2429 2833 φρονῶν.
2465 2756 2613 2812 Μετὰ
2641 2755 2699 2812 δὲ
2740 2759 2841 2828 τὴν
2872 2758 3133 2833 ὑμετέραν
3168 2761 3415 2833 ζήτησιν,
3458 2759 3666 2832 ἐλπίζω

2021 2841 2339 2919 φιλαλήθης
2371 2842 2444 2899 ὢν
2471 2845 2686 2921 κριτὴς,
2717 2852 2889 2903 πᾶσαν
2923 2845 3331 2922 ἀποδυσάμενος
3357 2848 3662 2926 πρόληψιν,

2016 2935 2095 3003 τῷ
2126 2930 2498 3017 ἐπικρατοῦντι
2547 2935 2823 2991 συνθέσθαι
2872 2934 3066 3013 λόγῳ.
3114 2942 3292 2993 Ταῦτα
3316 2943 3416 2994 τοῦ
3460 2941 3665 3017 πατρὸς

2019 3015 2288 3094 εἰπόντος,
2320 3022 2503 3099 ἡρέμα
2536 3024 2639 3101 βοή
2669 3046 2753 3089 τις
2783 3024 2999 3082 ἐπαίνου
3052 3026 3112 3083 ἐκ
3155 3031 3263 3083 τῶν
3314 3026 3505 3105 ὅχλων
3550 3015 3665 3107 ἐγέ-

260 3117 529 3174 orationi.
560 3120 694 3172 Haec
741 3132 877 3172 cum
924 3120 1087 3188 pater
1135 3115 1396 3187 dixisset,
1437 3115 1655 3171 sensim
1687 3115 1906 3171 clamor

2020 3130 2158 3181 νετο,
2190 3108 2279 3168 ἐπὶ
2305 3110 2385 3186 τῷ
2416 3111 2590 3177 οὕτως
2616 3113 2708 3171 τὸν
2736 3114 2941 3194 πατέρα
2965 3112 3346 3193 διαλεχθῆναι.

261 3206 501 3279 quidam
532 3204 887 3261 laudationis
915 3175 949 3260 θ.
979 3204 1197 3277 populo
1228 3175 1462 3261 exortus
1490 3207 1599 3276 est,
1625 3204 1905 3277 quoniam
1936 3175 1981 3244 α

259 3294 341 3351 ita
370 3298 534 3365 pater
556 3298 713 3349 esset
736 3293 989 3349 locutus.

329 3383 604 3440 CXXXIII.
640 3387 815 3438 Porro
847 3384 1051 3438 Petrus
1090 3397 1258 3437 suam
1305 3382 1377 3438 de
1407 3382 1524 3438 Deo
1553 3381 1904 3439 sententiam

258 3471 526 3546 exposuit
549 3490 562 3529 :
588 3473 633 3507 ⁸³
650 3471 934 3544 pluraque
950 3471 1020 3527 de
1037 3470 1379 3527 monarchia
1395 3471 1753 3543 prolocutus,
1769 3489 1901 3528 cum

259 3562 533 3636 lacrymis
565 3578 744 3617 manu
777 3560 1077 3617 advocavit
1105 3558 1542 3615 multitudinem
1568 3578 1582 3628 ;
1614 3578 1726 3632 qua
1747 3576 1904 3617 acce-

257 3652 447 3718 dente,
481 3656 606 3705 tum
640 3666 852 3705 manus
885 3648 1190 3721 imposuit,
1223 3652 1349 3704 tum
1381 3664 1484 3720 pro
1532 3648 1605 3704 iis
1634 3653 1903 3721 precatus

257 3744 383 3796 est:
416 3739 747 3810 pariterque
803 3752 1007 3792 omnes
1053 3737 1168 3792 Deo
1210 3737 1638 3794 benediximus.
1669 3738 1716 3773 “
1747 3738 1903 3793 Intro

258 3833 453 3885 autem
472 3828 643 3883 irruit
663 3826 898 3898 aliquis,
923 3826 1147 3882 Simoni
1198 3826 1398 3883 dicens
1425 3827 1681 3899 :Appion
1700 3826 1904 3883 Plisto-

258 3918 419 3973 nices
440 3915 931 3971 cumAnnubione
959 3916 1130 3970 modo
1150 3914 1307 3971 venit
1325 3915 1654 3971 Antiochia.
1678 3915 1902 3980 Quibus

258 4006 495 4076 auditis,
529 4005 729 4060 Simon
759 4003 877 4059 exit
924 4003 1145 4071 statim,
1187 4003 1356 4074 quasi
1402 4004 1707 4075 praedictos
1736 4019 1899 4060 exce-

258 4097 488 4165 pturus.
524 4096 692 4147 Pater
718 4107 851 4147 vero
900 4092 1180 4148 accedens
1210 4092 1281 4147 ad
1335 4092 1609 4148 Petrum:
1641 4093 1701 4149 Si
1732 4093 1899 4165 mihi,

255 4182 469 4252 inquit,
504 4181 795 4247 concedis,
826 4180 1060 4235 domine
1091 4180 1209 4249 mi;
1241 4183 1298 4237 et
1322 4196 1427 4254 ego
1467 4198 1601 4237 cum
1631 4198 1696 4238 eo
1727 4182 1900 4255 proﬁ-

255 4272 460 4341 ciscar,
494 4275 559 4326 ut
587 4270 834 4326 salutem
856 4270 1178 4341 Appionem
1201 4274 1257 4325 et
1277 4270 1705 4339 Annubionem,
1739 4287 1901 4329 meos

255 4376 288 4415 a
318 4360 507 4431 prima
537 4363 701 4414 etate
720 4358 960 4414 amicos.
984 4358 1211 4413 Etenim
1235 4359 1381 4414 forte
1410 4359 1747 4415 Annubioni
1770 4377 1899 4431 per-

256 4448 511 4504 suadebo
545 4452 607 4503 ut
637 4464 771 4503 cum
818 4446 1110 4503 Clemente
1157 4447 1414 4519 disputet
1462 4450 1531 4503 de
1577 4449 1796 4521 genesi.
1830 4449 1899 4504 Et

2083 3380 2365 3439 CXXXIII.
2396 3378 2497 3436 Kal
2546 3379 2701 3455 ὅμως
2750 3382 2779 3437 6
2809 3383 3012 3458 Πέτρος
3048 3383 3112 3439 τὸ
3141 3382 3332 3439 ἑαυτοῦ
3375 3384 3499 3459 περὶ
3530 3390 3664 3442 Θεοῦ

2012 3466 2216 3540 ἐξέθετο
2273 3468 2548 3548 φρόνημα·
2608 3468 2699 3525 καὶ
2756 3469 2944 3528 πολλὰ
2999 3471 3123 3549 περὶ
3195 3473 3497 3550 μοναρχίας
3551 3472 3667 3529 δια-

2013 3555 2260 3634 λεχθεὶς,
2308 3558 2443 3633 μετὰ
2494 3555 2739 3634 δακρύων
2781 3564 2852 3635 τῇ
2897 3560 3046 3637 χειρὶ
3094 3562 3489 3637 προσεκαλεῖτο
3529 3564 3660 3627 τοὺς

2011 3641 2243 3722 ὄχλους·
2285 3649 2368 3711 οἷς
2414 3646 2800 3724 προσελθοῦσι,
2846 3650 2941 3712 τὰς
2969 3652 3160 3726 χεῖράς
3204 3672 3264 3707 τε
3289 3650 3539 3725 ἐπετίθει,
3569 3654 3662 3708 καὶ

2015 3735 2146 3811 ὑπὲρ
2197 3736 2369 3791 αὐτῶν
2416 3736 2641 3814 ηὔχετο.
2707 3738 2798 3793 καὶ
2846 3739 2987 3813 ὁμοῦ
3042 3739 3238 3803 πάντες
3285 3739 3662 3815 εύλογήσαμεν

2010 3824 2101 3879 τὸν
2133 3824 2285 3883 Θεόν.
2335 3822 2721 3900 Ὑπεισέδραμε
2768 3823 2826 3882 δέ
2872 3848 2958 3891 τις
3014 3825 3190 3904 λέγων
3224 3830 3363 3905 πρὸς
3408 3829 3655 3903 Σίμωνα·

2010 3911 2254 3970 Ἀππίων
2314 3914 2342 3969 ὁ
2399 3911 2788 3986 Πλειστονίκης
2861 3915 2954 3971 σὺν
3011 3919 3058 3954 ⁸⁵
3113 3913 3470 3973 Ἀννουϐίωνι
3527 3920 3658 3989 ἧκεν

2011 4001 2209 4078 ἀρτίως
2236 4002 2342 4059 ἀπὸ
2371 4002 2731 4079 Ἀντιοχείας.
2764 4002 2863 4061 Kal
2908 4003 3077 4061 ταῦτα
3114 4004 3348 4070 ἀκούσας
3380 4009 3408 4063 ὁ
3442 4008 3654 4082 Σίμων,

2010 4087 2199 4162 ἔξεισιν
2245 4090 2442 4157 εὐθέως
2484 4095 2530 4130 ⁸⁸
2578 4092 2653 4157 ὡς
2696 4092 2825 4156 τοὺς
2868 4093 3186 4170 εῐρημένους
3238 4093 3652 4170 ὑποδεξάμενος.

2009 4181 2070 4238 Ὀ
2110 4177 2170 4237 δέ
2195 4183 2376 4258 πατὴρ
2404 4184 2449 4220 ⁸⁷
2476 4181 2795 4258 προσελθὼν
2833 4187 2914 4256 τῷ
2962 4184 3174 4259 Πέτρῳ·
3208 4183 3280 4240 El’
3323 4207 3418 4260 μοι
3447 4186 3658 4261 ἐπιτρέ-

2008 4289 2152 4340 πεις,
2209 4265 2335 4348 ἔφη,
2391 4269 2545 4347 κύριέ
2604 4292 2742 4345 μου,
2789 4270 3095 4349 πορεύομαι
3151 4273 3301 4350 κάγὼ
3361 4274 3453 4329 σὺν
3508 4274 3658 4349 αὖτῷ

2006 4357 2462 4435 προσαγορεύσων
2509 4357 2793 4417 Ἀππίωνά
2846 4381 2905 4417 τε
2979 4360 3071 4416 καὶ
3128 4357 3493 4419 Ἀννουϐίωνα
3526 4408 3541 4435 ,
3596 4364 3659 4421 ἐκ

2006 4445 2233 4521 πρώτης
2262 4443 2485 4515 ἡλικίας
2511 4445 2708 4525 φίλους
2743 4468 2846 4519 μου
2874 4449 2919 4484 ⁸⁸
2960 4449 3310 4523 γενομένους.
3341 4452 3515 4527 Τυχόν
3547 4450 3655 4529 γὰρ

253 4538 496 4593 Petrus:
531 4536 814 4602 Concedo,
848 4535 1078 4607 inquit;
1128 4535 1301 4592 laudo
1332 4536 1528 4605 etiam,
1564 4538 1716 4609 quod
1747 4537 1897 4593 ami-

2020 4535 2093 4589 ιαὶ
2134 4529 2498 4590 Ἀννουϐίωνα
2542 4534 2712 4590 πείσω
2769 4535 3051 4609 Κλήμεντι
3112 4535 3471 4614 διαλεχθῆναι
3526 4542 3656 4618 περὶ

254 4643 454 4682 corum
489 4630 682 4698 partes
712 4629 767 4680 et
795 4624 985 4679 officia
1012 4623 1278 4696 impleas.
1310 4626 1726 4681 Verumtamen
1750 4626 1894 4682 mihi

252 4716 466 4787 cogita,
498 4730 610 4787 quo
642 4714 812 4769 modo
839 4713 1163 4769 secundum
1197 4713 1293 4770 Dei
1331 4714 1753 4786 providentiam
1785 4733 1894 4772 un-

253 4804 424 4873 dique
453 4808 803 4859 concurrant
822 4819 949 4874 quze
972 4803 1043 4858 ad
1063 4802 1228 4874 plene
1252 4803 1576 4860 faciendam
1598 4805 1702 4859 tibi
1720 4804 1895 4862 ﬁdem

251 4893 566 4965 pertinent,
598 4896 798 4965 aptum
830 4891 1189 4963 perﬁcientia
1234 4897 1604 4948 concentum.
1645 4893 1761 4949 Hoc
1791 4911 1894 4951 au-

251 4985 369 5036 tem
399 4980 515 5036 dixi
549 4986 784 5053 propter
830 4979 1193 5036 Annubionis
1232 4981 1569 5050 adventum,
1603 4982 1709 5038 tibi
1757 4999 1893 5039 cum

252 5087 397 5125 usus
426 5070 536 5125 fuit
567 5069 980 5139 obtingentem.
1016 5070 1081 5125 Et
1109 5074 1309 5141 pater:
1342 5070 1507 5140 Vere,
1542 5070 1754 5144 inquit,
1787 5089 1892 5146 ego

252 5175 479 5231 quoque
509 5159 803 5231 conspicio
834 5159 892 5213 id
918 5158 1000 5214 ita
1024 5158 1257 5216 habere.

321 5248 597 5304 CXXXIV.
631 5252 819 5319 Atque
848 5252 980 5320 post
1008 5246 1130 5303 haec
1159 5248 1336 5315 dicta,
1375 5251 1673 5321 protectus
1702 5253 1790 5307 est
1818 5251 1890 5307 ad

248 5338 567 5394 Simonem.
600 5336 852 5393 Inventis
894 5339 1092 5393 autem
1128 5336 1392 5408 Appione
1420 5340 1477 5394 et
1520 5339 1888 5410 Annubione,

2004 4624 2283 4698 γενέσεως.
2321 4622 2419 4678 Καὶ
2466 4623 2495 4678 6
2545 4624 2769 4701 Πέτρος·
2801 4624 3126 4702 Ἐπιτρέπω,
3169 4623 3292 4706 ἔφη,
3325 4630 3414 4683 καὶ
3446 4629 3654 4686 ἐπαινῶ

2000 4712 2069 4767 τὰ
2114 4709 2287 4790 φίλων
2328 4733 2386 4767 σε
2431 4710 2747 4787 πληροῦντα
2797 4712 2961 4789 μέρη.
3016 4714 3171 4785 Πλὴν
3220 4716 3384 4772 ἐννόει
3434 4739 3530 4793 μοι
3578 4720 3659 4782 ὡς

2001 4800 2138 4856 κατά
2178 4800 2439 4877 πρόνοιαν
2483 4804 2617 4857 Θεοῦ
2663 4802 2999 4878 πανταχόθεν
3054 4804 3333 4880 συντρέχει
3376 4805 3463 4876 τὰ,
3513 4806 3655 4883 πρὸς

2000 4890 2101 4959 τήν
2151 4891 2248 4960 σὴν
2300 4888 2721 4969 πληροφορίαν,
2770 4890 2970 4948 οἶκείαν
3014 4890 3381 4950 ἀποτελοῦντα
3425 4896 3526 4965 τήν
3555 4896 3656 4974 ἆρ-

2006 4977 2217 5053 μονίαν.
2246 4982 2415 5035 Τοῦτο
2465 4977 2523 5035 δὶ
2570 4978 2718 5035 εἶπον
2751 4978 2841 5036 διὰ
2880 4981 2979 5050 τήν
3011 4976 3406 5046 ’Δννουϐίωνος
3443 4984 3657 5061 ’χρησί-

2006 5088 2122 5141 μως
2152 5088 2239 5124 σοι
2260 5069 2558 5145 γενομένην
2582 5066 2876 5143 ἐπιδημίαν
2894 5069 3072 5127 QKG;
3093 5072 3122 5126 ὁ
3150 5073 3353 5149 πατήρ,
3378 5072 3656 5148 ulmeam,

2001 5155 2126 5237 ἔφη,
2158 5157 2307 5235 κάγὼ
2338 5162 2548 5231 συνορῶ
2574 5162 2736 5214 τοῦτο
2767 5156 2970 5215 ούτωσὶ
3004 5155 3157 5235 ἔχον.

2070 5246 2359 5305 CXXXIV.
2409 5244 2508 5302 Kal
2556 5242 2725 5302 ταῦτα
2783 5245 2972 5319 εἲπὼν,
3030 5246 3297 5325 ἐπορεύθη
3356 5249 3496 5328 πρὸς
3552 5250 3649 5307 Σῑ..

2002 5356 2176 5411 μωνα.
2236 5335 2334 5390 Kal
2365 5335 2535 5411 εύρὼν
2575 5334 2862 5393 ’Δππίωνά
2886 5356 2948 5394 τε
2991 5336 3082 5393 καὶ
3113 5333 3511 5415 Ἀννουϐίωνα,
3556 5342 3649 5397 καὶ

1589 5463 1832 5520 νΑΡιΙιΕ
1868 5461 2283 5521 LECTIONES.

312 5562 355 5598 οι
389 5562 557 5633 deest
578 5559 639 5633 in
669 5559 745 5633 a1.
775 5561 820 5596 ⁸³
849 5559 923 5616 al.
951 5558 1036 5633 p.75
1067 5577 1155 5633 re.
1175 5559 1220 5596 ⁸³
1249 5558 1532 5633 ςιεῖηθηιη
1564 5561 1725 5618 hom.
1754 5579 1864 5633 xvr,
1896 5561 2071 5633 0.21.
2101 5562 2149 5598 ⁶⁴
2176 5565 2327 5633 Rea,
2360 5559 2401 5618 l.
2430 5577 2487 5633 x,
2520 5576 2570 5619 ο.
2590 5561 2681 5633 32,
2708 5564 2820 5620 eto.
2842 5560 2889 5600 ⁸⁸
2918 5559 2997 5622 al.
3032 5555 3375 5623 ⁹Δνου6ίωνι.
3407 5565 3453 5604 ⁸⁸
3481 5566 3647 5625 deest

239 5632 301 5689 in
332 5633 405 5691 al.
437 5632 480 5669 ⁸⁷
510 5632 586 5691 al.
617 5630 849 5694 ἀκούσας
879 5628 971 5686 καί
997 5628 1206 5707 χαρείς.
1241 5631 1285 5668 ⁸⁸
1314 5631 1390 5688 al.
1426 5628 1540 5706 μοι.
1572 5633 1618 5670 ⁶⁹
1648 5632 1725 5691 al.
1758 5628 2068 5708 ἐπιτυχίαν.
