4014 6202
365 299 482 360 569

1112 297 1649 362 CLEMENTINA.
1677 330 1757 343 -
1784 294 2134 358 EPITOME
2178 244 2280 358 nu
2326 296 2598 359 GESTIS
2642 294 2709 359 s.
2756 292 3014 357 parm.

3654 296 3775 359 570

362 428 796 507 προσαγορεύσας
828 429 1027 493 αὐτοὺς
1073 429 1350 500 ἐκαθέσθη.
1397 430 1454 483 Ὀ
1505 427 1562 484 δὲ
1609 427 1796 502 Σίμων
1839 426 1995 482 ἀκού-

2121 444 2187 483 ac
2218 428 2509 497 salutatis,
2543 429 3041 485 consedit.Simon
3063 445 3197 485 vero
3221 429 3465 485 audiens
3483 430 3771 502 quosdam

361 542 452 582 σας
488 517 847 592 ἐπιδημήσειν
879 521 1029 581 τινὰς
1071 520 1131 575 ἐκ
1180 526 1503 594 πηοσταγῆς
1554 515 1843 595 βασιλικῆς
1894 515 2012 571 ἐπι-

366 614 658 679 ζητοῦντας
715 609 896 677 αὐτὸν,
947 609 1037 663 καὶ
1096 607 1394 686 φάσκοντας
1450 610 1567 663 καθ’
1645 606 1726 662 δτι
1805 609 2007 681 Καῖσαρ

363 696 607 759 πολλοὺς
661 696 867 771 μάγους
915 696 1145 767 ἀνελὼν,
1187 697 1300 751 εἶτα
1363 696 1452 750 καὶ
1498 695 1565 750 τὰ
1605 696 1742 751 κατὰ
1786 693 2010 767 Σίμωνα

358 787 663 861 πυθόμενος
693 789 758 857 7°,
813 786 889 848 εἷς
942 786 1259 857 ἐπιζήτησιν
1311 784 1474 840 αὐτοῦ
1523 784 1808 859 πέμψειεν,
1857 782 2007 845 ὅπως

354 874 444 931 καὶ
495 874 656 929 αὑτὸν
686 878 727 911 τί
778 874 983 947 ὁμοίως
1031 873 1263 949 κολάσῃ,
1309 872 1449 949 πρὸς
1495 868 1860 929 ’Δννουϐίωνα
1916 870 2006 927 καὶ

354 963 637 1019 Ἀππίωνα
658 961 759 1042 ἔφη
789 981 802 993 °
857 966 1099 1018 Φαῦστον
1150 963 1286 1035 πρὸς
1332 964 1483 1036 ἡμᾶς
1536 960 1782 1032 ἐλθόντα,
1845 981 2005 1035 μετα-

352 1058 509 1129 οχεῖν
538 1050 685 1106 ἁλῶν
715 1054 979 1124 ποιήσατε
1007 1051 1099 1107 σὺν
1130 1053 1266 1125 ἡμῖν
1295 1056 1311 1081 ⁶
1342 1050 1452 1128 ἐγὼ
1483 1050 1542 1107 δὲ
1588 1050 1756 1127 μύρον
1811 1071 1862 1105 τι
1908 1070 2005 1105 κα-

354 1140 667 1196 τασκευάσω
697 1144 763 1212 ⁷³,
806 1139 899 1196 ’ἱνα
942 1138 1228 1212 δειπνήσας
1274 1138 1363 1196 καὶ
1394 1142 1439 1179 ⁷³
1485 1138 1874 1215 ἀλειψάμενος,
1902 1140 2002 1210 τὴν

356 1228 494 1305 ἐμὴν
527 1236 656 1285 πᾶσι
691 1227 817 1305 δόξῃ
848 1228 992 1307 ἔχειν
1028 1230 1264 1309 μορφήν.

422 1426 680 1483 CXXXV.
730 1426 828 1480 Καὶ
879 1429 976 1480 τοῦ
1021 1424 1275 1499 Σίμωνος
1328 1428 1496 1481 ταῦτα
1552 1422 1815 1496 εῗπόντος,
1868 1426 2006 1485 ’Λπ-

349 1515 493 1569 πίων
542 1514 631 1569 καὶ
676 1509 1004 1572 Ἀννουϐίων
1056 1515 1183 1594 φασὶ
1230 1514 1366 1591 πρὸς
1414 1513 1573 1569 αὐτόν
1602 1535 1615 1548 ·
1672 1515 1774 1573 Καὶ
1818 1514 1871 1570 τί
1902 1512 2005 1587 ἄρα

350 1625 437 1659 σοι
467 1601 658 1681 κέρδος
693 1604 798 1659 άπὸ
826 1611 927 1675 τῆς
962 1611 1218 1680 μηχανῆς
1250 1602 1394 1659 ἔσται
1428 1603 1666 1674 ταύτης;
1701 1605 1803 1662 Καὶ
1836 1606 1864 1659 6
1917 1604 2006 1659 Σί-

347 1715 468 1765 μων
503 1691 601 1770 ἔφη
631 1714 643 1727 ο
676 1698 900 1768 Πρῶτον
938 1693 1031 1766 μὲν
1062 1691 1429 1755 συλλαλόντες
1460 1692 1617 1748 αὐτὸν
1668 1694 1720 1748 οἱ
1775 1693 1872 1766 ἐμὲ
1914 1698 2005 1763 ζη-

2112 518 2284 588 jussu
2319 517 2477 589 regio
2528 519 2964 585 adventaturos,
3016 518 3114 590 qui
3172 518 3366 590 ipsum
3422 525 3769 592 quaererent,

2120 607 2337 678 quique
2382 606 2657 674 dicerent,
2710 607 2994 663 Caesarem
3046 608 3248 663 multis
3298 608 3484 681 magis
3534 610 3768 665 interfe-

2119 694 2248 765 ctis,
2282 695 2493 751 deinde
2523 701 2579 750 et
2606 696 2678 751 de
2705 696 2939 751 Simone
2970 697 3273 752 certiorem
3308 698 3549 766 factum,
3582 699 3653 753 ad
3686 698 3772 754 in-

2117 783 2561 855 vestigationem
2586 783 3013 851 illiusmisisse,
3040 792 3103 839 ut
3120 784 3179 840 in
3194 784 3358 840 illum
3383 787 3559 843 etiam
3583 788 3769 844 anim-

2118 872 2419 941 advertat;
2488 873 2559 928 ad
2616 873 3023 929 Annubionem
3088 878 3143 928 et
3218 876 3542 947 Appionem
3598 876 3765 933 infit:

2120 960 2421 1029 Faustum,
2456 962 2556 1034 qui
2586 962 2653 1018 ad
2691 978 2796 1017 nos
2828 963 3004 1029 venit,
3039 961 3207 1017 facite
3235 964 3431 1019 cibum
3462 965 3767 1022 nobiscum

2116 1065 2386 1118 sumere;
2437 1066 2542 1122 ego
2590 1054 2787 1107 autem
2836 1055 3205 1123 unguentum
3252 1053 3548 1124 quoddam
3588 1055 3767 1109 conﬁ-

2115 1138 2289 1205 ciam,
2322 1144 2386 1193 ut
2416 1144 2679 1196 coenatus
2708 1144 2766 1195 et
2795 1156 3128 1212 perungens
3168 1157 3251 1209 se,
3299 1141 3525 1198 cunctis
3556 1142 3768 1201 habere

2114 1227 2362 1284 formam
2394 1245 2587 1285 meam
2618 1228 2902 1285 videatur.

2184 1423 2439 1481 CXXXV.
2487 1427 2745 1497 Cumque
2797 1425 2918 1481 hac
2974 1425 3176 1482 Simon
3234 1426 3495 1496 dixisset,
3539 1427 3769 1500 Appion

2113 1518 2171 1571 et
2198 1516 2509 1571 Annubion
2541 1516 2704 1573 aiunt
2738 1518 2809 1572 ad
2851 1515 3060 1573 illum:
3098 1521 3164 1572 Et
3210 1518 3506 1587 quodnam
3537 1518 3642 1573 tibi
3673 1516 3769 1573 lu-

2113 1621 2277 1660 crum
2300 1621 2370 1660 ex
2390 1604 2498 1660 bac
2521 1606 2954 1661 machinatione
2976 1605 3241 1661 adveniet
3260 1607 3281 1640 ⁹
3300 1606 3326 1661 ?
3345 1606 3665 1679 Respondit
3687 1607 3771 1664 Si-

2113 1709 2288 1748 mon:
2346 1694 2535 1749 Primo
2584 1695 2822 1766 quidem
2876 1694 3297 1766 comprehenso
3355 1694 3475 1760 illo,
3527 1696 3626 1767 qui
3675 1713 3770 1752 me

340 1787 590 1849 τοῦντες,
644 1782 943 1837 παύσονται
1001 1790 1102 1853 τῆς
1158 1783 1274 1836 κατ’
1326 1782 1463 1856 ἐμοῦ
1514 1784 1814 1854 ζητήσεως.
1849 1783 1909 1837 Ei.
1944 1781 1995 1839 δὶ

2112 1787 2382 1854 quaerunt
2410 1783 2694 1839 desistent
2734 1785 2806 1839 ab
2852 1784 3226 1855 indagatione
3277 1789 3480 1840 contra
3512 1801 3603 1840 me
3635 1802 3767 1842 sus-

338 1870 431 1925 καὶ
466 1872 568 1926 ὑπὸ
604 1872 900 1947 βασιλικῆς
953 1870 1144 1948 χειρός
1193 1871 1520 1948 ἀναιρεθείη,
1576 1872 1825 1948 μέγιστον
1877 1873 2003 1927 πέν-

343 1971 439 2023 θος
469 1958 672 2032 ἕξουσιν
708 1962 759 2015 οἱ
785 1960 982 2015 τούτου
1013 1959 1225 2032 παῖδες,
1258 1960 1311 2016 o'i
1338 1982 1479 2024 τινες
1530 1960 1625 2034 ἐμὲ
1675 1960 2008 2017 καταλιπόν-

342 2070 453 2110 τες.
523 2049 711 2123 Πέτρῳ
778 2052 1313 2130 προσπεφοιτήκασιν
1357 2054 1422 2108 7‘.
1492 2050 1737 2105 Ἀππίων
1806 2049 1863 2106 δὲ
1914 2036 2005 2107 καἶ

344 2135 678 2194 Ἀννουϐίων
708 2144 819 2194 κατ’
859 2137 998 2194 ἰδίαν
1045 2138 1219 2195 πάκτα
1249 2143 1329 2211 τῷ
1377 2137 1610 2211 Φαύστῳ
1660 2137 2004 2217 διασαφοῦσι,

349 2228 439 2283 καὶ
471 2229 571 2296 τὴν
603 2223 903 2298 ἐπιϐουλὴν
933 2228 1213 2307 φράζουσι.
1244 2228 1344 2284 Καὶ
1378 2229 1406 2283 6
1439 2233 1684 2291 Φαῦστος
1734 2228 1832 2284 οὐκ
1860 2230 2000 2301 άλη-

349 2318 458 2379 θεῖς
512 2317 645 2372 εἶναι
692 2318 822 2381 τοὺς
870 2318 1070 2394 λόγους
1099 2317 1327 2392 νομίσας
1383 2315 1769 2390 συνδειπνήσας
1796 2323 1875 2391 τῷ
1905 2319 2001 2375 Σί-

356 2428 495 2480 μωνι
532 2408 667 2479 μετά
712 2428 773 2484 γε
818 2411 925 2462 τῶν
970 2407 1197 2483 ἑταίρων
1240 2406 1549 2469 Ἀππίωνός
1576 2428 1635 2462 τε
1663 2407 1752 2462 καί
1782 2409 2002 2463 ’Δννου-

351 2490 575 2567 ϐίωνος,
610 2495 671 2551 ἐκ
721 2496 910 2571 χειρὸς
956 2500 1053 2552 τοῦ
1102 2494 1356 2569 Σίμωνος
1408 2490 1673 2569 λαμϐάνει
1711 2496 1774 2551 τὸ
1806 2495 1999 2573 μύρον,

347 2584 435 2638 καὶ
468 2585 530 2639 τὸ
562 2582 701 2639 ἴδιον
752 2582 1114 2659 ἀλειψάμενος
1161 2583 1477 2657 πρόσωπον,
1534 2585 1630 2654 τήν
1681 2589 1780 2640 τοῦ
1820 2585 2002 2659 Σίμω-

345 2694 437 2735 νος
470 2676 517 2709 ⁷⁵
548 2672 704 2735 εὐθὺς
739 2670 903 2728 ὑπέδυ
956 2676 1192 2753 μορφήν.
1240 2671 1395 2743 Πλὴν
1423 2672 1475 2729 ἐν
1509 2671 1642 2748 μέσῃ
1667 2696 1728 2750 γε
1754 2678 1823 2749 τῇ
1854 2675 2000 2733 νυκτὶ

349 2758 635 2825 διαναστὰς
694 2763 723 2817 6
773 2761 987 2837 Σίμων,
1034 2763 1133 2832 τήν
1184 2761 1271 2819 ἐπὶ
1328 2769 1429 2833 τῆς
1496 2760 1760 2827 Ἰουδαίας
1823 2765 1998 2844 φυγὴν

349 2849 611 2907 ἐποιεῖτο.

418 2976 702 3030 CXXXVI.
734 2979 922 3047 Ἡμεῖς
954 2971 1011 3030 δέ
1043 2994 1106 3050 γε
1144 2974 1197 3029 οἷ
1246 2978 1328 3048 τῷ
1375 2974 1565 3053 Πέτρῳ
1610 2975 1880 3051 συνόντες,
1932 2975 2003 3034 δι’

356 3061 496 3133 ὅλης
525 3063 717 3125 νυκτὸς
749 3061 1025 3135 ἀλλήλοις
1054 3066 1098 3101 ⁷⁵
1129 3060 1524 3137 διομιλοῦντες,
1559 3060 1661 3121 ὑπό
1695 3087 1754 3120 τε
1797 3065 2000 3139 ἡδονῆς

2117 1876 2301 1942 cepta.
2335 1873 2497 1945 Quod
2530 1872 2579 1928 si
2623 1872 2800 1927 etiam
2834 1889 2868 1927 a
2898 1889 3074 1928 manu
3108 1872 3265 1945 regia
3315 1873 3540 1929 occisus
3573 1874 3765 1942 fuerit,

2118 1961 2440 2016 maximum
2472 1960 2694 2017 luctum
2727 1961 3027 2017 habebunt
3055 1963 3181 2033 ejus
3211 1961 3396 2030 liberi,
3416 1963 3515 2033 qui
3548 1979 3640 2018 me
3670 1964 3768 2019 de-

2115 2048 2315 2105 relicto
2346 2050 2415 2104 ad
2451 2050 2686 2105 Petrum
2734 2067 2795 2105 se
2842 2050 3237 2106 contulerunt.
3274 2052 3498 2122 Appion
3546 2068 3680 2108 vero
3710 2057 3769 2109 et

2113 2138 2423 2193 Annubion
2442 2138 2713 2210 privatim
2725 2139 2924 2195 omnia
2946 2140 3156 2195 Fausto
3180 2140 3471 2212 aperiunt,
3496 2139 3767 2197 insidias-

2114 2243 2225 2299 que
2257 2233 2737 2284 commemorant.
2796 2229 2865 2283 Et
2909 2230 3159 2285 Faustus
3218 2246 3352 2284 vera
3404 2246 3520 2284 non
3542 2246 3670 2285 esse
3699 2247 3767 2287 ea

2111 2317 2288 2372 verba
2319 2316 2657 2387 arbitratus,
2692 2323 2954 2374 coenatus
2984 2335 3117 2373 cum
3150 2319 3385 2374 Simone
3415 2322 3473 2374 et
3502 2335 3636 2374 cum
3668 2336 3761 2376 so-

2112 2403 2344 2461 dalibus
2372 2407 2633 2478 Appione
2663 2411 2719 2462 et
2774 2407 3134 2475 Annubione,
3182 2412 3548 2480 unguentum
3578 2409 3765 2464 sumit

2112 2510 2181 2550 ex
2208 2494 2459 2551 Simonis
2493 2512 2710 2562 manu;
2744 2513 2810 2551 ac
2840 2512 3111 2569 unguens
3142 2497 3349 2553 faciem
3383 2514 3572 2568 suam,
3606 2497 3759 2554 illico

2112 2583 2306 2639 induit
2336 2584 2581 2640 formam
2614 2585 2890 2640 Simonis.
2923 2587 2994 2640 At
3024 2585 3215 2641 media
3245 2590 3410 2642 nocte
3436 2602 3758 2658 exsurgens

2110 2672 2335 2743 Simon,
2365 2672 2424 2729 in
2452 2674 2717 2730 Judaeam
2750 2675 2889 2747 fuga
2916 2690 2979 2731 se
3008 2674 3285 2746 abripuit.

2183 2977 2466 3035 CXXXVI.
2526 2978 2702 3034 Porro
2760 2994 2887 3044 nos,
2947 2978 3048 3051 qui
3106 2994 3239 3033 cum
3290 2977 3456 3034 Petro
3504 2994 3757 3047 eramus,

2113 3084 2215 3141 per
2244 3071 2426 3123 totam
2465 3071 2693 3123 noctem
2742 3074 2948 3124 mutuo
2996 3066 3409 3139 colloquentes,
3454 3084 3569 3140 prae
3599 3068 3761 3123 volu-

351 3152 441 3208 καὶ
494 3159 669 3229 χαρᾶς
718 3157 825 3208 τῶν
874 3152 1207 3229 λεγομένων,
1251 3155 1511 3232 νήφοντες
1559 3150 1995 3233 διενυκτερεύσα-

2110 3161 2266 3230 ptate
2295 3173 2360 3212 ac
2390 3156 2591 3213 laatitia
2620 3174 2688 3213 ex
2731 3156 2803 3212 iis
2833 3174 2961 3229 quas
3006 3157 3350 3213 dicebantur
3378 3160 3522 3225 orta,
3553 3156 3758 3229 vigiles

345 3262 463 3313 μεν.
496 3238 638 3312 ’Ήδη
672 3238 730 3297 δέ
755 3263 873 3305 πως
911 3249 1015 3313 τῆς
1060 3242 1249 3304 νυκτὸς
1294 3241 1763 3318 ὑπαυγαζομένης,
1815 3246 1844 3300 6
1893 3248 1996 3302 Πέ-

333 3350 466 3407 τρος
499 3325 778 3405 ἐμϐλέψας
809 3330 934 3406 ἐμοὶ
965 3331 1053 3387 καὶ
1082 3337 1201 3394 τοῖς
1229 3329 1506 3410 ἀδελφοῖς,
1536 3330 1636 3411 ἔφη
1664 3352 1677 3367 ⁶
1733 3340 1996 3413 Λιαπορῶ

326 3419 381 3474 τί
416 3421 521 3495 ἄρα
551 3440 615 3494 γε
646 3424 725 3493 τῷ
758 3420 1006 3496 ὑμετέρῳ
1054 3421 1218 3497 πατρὶ
1261 3420 1450 3497 γέγονε
1478 3423 1541 3478 ⁷⁷.
1594 3421 1690 3477 Καὶ
1732 3422 1983 3500 λέγοντος

326 3512 522 3581 ταῦτα,
580 3506 697 3564 ἰδοὺ
740 3510 829 3565 καὶ
883 3512 911 3565 6
959 3510 1139 3586 πατὴρ
1190 3510 1311 3582 ἧκε,
1350 3508 1441 3565 τὸν
1473 3509 1672 3587 Πέτρον
1704 3514 1837 3586 ἡμῖν
1870 3514 1994 3590 περὶ

329 3598 503 3652 αύτοῦ
554 3594 944 3674 διαλεγόμενον
1010 3597 1118 3670 ἤδη
1167 3594 1526 3655 καταλαϐών·
1583 3601 1892 3674 ἀθυμοῦντά
1934 3624 1995 3659 τε

333 3684 493 3755 ἷδὼν,
525 3687 615 3742 καὶ
646 3688 1111 3763 προσαγορεύσας,
1163 3686 1542 3765 ἀπελογήσατο
1593 3686 1664 3744 δι’
1710 3692 1771 3745 ἣν
1817 3688 1991 3748 αἶτίαν

330 3774 437 3849 ἔξω
467 3776 820 3851 κεκοίμηται.
850 3778 1037 3852 Ἡμεῖς
1068 3775 1126 3832 δὲ
1155 3772 1521 3851 ἐμϐλέποντες
1570 3777 1719 3852 αύτῷ
1776 3778 1992 3853 ἐξεστή-

328 3885 543 3937 κειμεν,
576 3866 640 3919 τὸ
672 3863 812 3927 εἶδος
842 3866 1096 3939 Σίμωνος
1128 3867 1374 3940 ὁρῶνεες,
1408 3873 1590 3944 φωνῆς
1638 3864 1696 3922 δὲ
1738 3872 1837 3923 τοῦ
1884 3890 1988 3924 πα-

329 3954 463 4028 τρὸς
519 3956 681 4026 ἡμῶν
732 3954 1019 4017 ἀκούοντες
1075 3954 1346 4012 Φαύστου.
1397 3956 1495 4010 Καὶ
1546 3953 1613 4024 δή
1682 3956 1987 4035 φευγόντων

331 4044 494 4114 ἡμῶν
528 4042 707 4115 αὐτὸν,
760 4045 788 4099 6
837 4045 1016 4119 πατὴρ
1072 4042 1441 4115 ἐξεπέπληκτο
1470 4047 1536 4103 ⁷⁸.
1583 4045 1768 4109 Μόνος
1793 4044 1851 4102 δὲ
1880 4050 1988 4104 Πέ-

327 4152 459 4205 τρος
503 4134 601 4201 τὴν
658 4134 795 4187 κατᾶ
853 4133 1008 4211 φύσιν
1068 4133 1235 4189 αὐτοῦ
1297 4135 1513 4212 μορφήν
1570 4134 1793 4211 ἐνορῶν,
1852 4138 1989 4214 πρὸς

328 4222 481 4293 ἡμᾶς
512 4216 613 4300 ἔφη
642 4241 653 4255 ⁸
705 4222 863 4285 Τίνος
912 4220 1087 4278 ’ἕνεκεν
1133 4224 1225 4279 τὸν
1260 4222 1518 4299 ὑμέτερον
1550 4223 1851 4289 ἀπωθεῖσθε
1878 4248 1987 4282 πα-

325 4311 455 4384 τέρα
502 4311 592 4365 καὶ
640 4311 1071 4389 ἀποστρέφεσθες
1112 4314 1300 4385 Ἡμεῖς
1364 4310 1421 4368 δὲ
1483 4314 1619 4389 πρὸς
1667 4314 1827 4369 αὐτὸν
1896 4316 1986 4372 καὶ

326 4400 361 4468 ἡ
406 4401 633 4475 μήτηρο
691 4401 809 4455 ’Ότι
862 4399 1050 4473 Σίμων
1100 4401 1237 4473 ἡμῖν
1285 4398 1443 4463 οὗτος
1492 4401 1755 4478 φαίνεται,
1798 4406 1983 4481 φωνήν

327 4485 472 4562 ἔχων
495 4494 593 4543 τοῦ
626 4488 895 4565 ἡμετέρνυ
926 4488 1157 4565 πατρός.
1190 4490 1290 4544 Καὶ
1383 4490 1606 4565 Πέτρος·
1657 4488 1754 4560 Οὔ,
1803 4492 1981 4571 φησίν·

327 4575 457 4649 ύμῖν
514 4578 609 4651 μὲν
660 4581 697 4647 ἡ
748 4578 1058 4653 ἁμάγευτος
1102 4577 1268 4634 αὐτοῦ
1329 4570 1482 4657 φωνὴ
1531 4570 1823 4656 γνώριμός
1873 4580 1981 4639 ἐστι

330 4665 471 4739 μόνη
502 4686 515 4698 ·
575 4666 713 4740 ἐμοῦ
761 4664 820 4722 δὶ
862 4672 978 4730 τοῖς
1034 4666 1363 4742 ἀμαγεύτοις
1423 4666 1754 4746 ὀφθαλμοῖς,
1800 4670 1890 4726 καὶ
1918 4672 1981 4727 τὸ

329 4752 473 4817 εἶδος
522 4756 712 4811 ὁποῖόν
759 4755 871 4812 ἐστι
918 4762 1211 4830 καθορᾶται
1248 4777 1262 4793 ο
1312 4755 1425 4813 ἐπεὶ
1471 4759 1546 4831 μὴ
1604 4757 1793 4831 Σίμων
1840 4760 1981 4817 ἐστὶν

326 4842 509 4917 οὗτος,
541 4843 690 4901 ἀλλὰ
720 4848 966 4908 Φαῦστος
998 4845 1027 4901 6
1059 4845 1321 4923 ὑμέτερος
1371 4841 1542 4910 ὅντως
1596 4850 1799 4925 πατήρ.
1848 4850 1980 4907 Τότε

325 4931 394 5002 δὴ
446 4928 872 5009 προσεμϐλὲψας
921 4935 1010 4990 καὶ
1060 4939 1141 5007 τῷ
1187 4934 1349 5011 πατρὶ
1400 4934 1583 5011 λέγει·
1632 4937 1702 4992 Τὸ
1749 4938 1976 5014 γνήσιόν

322 5044 419 5077 σου
452 5021 598 5086 εἶδος
630 5022 817 5086 αὐτοῖς
849 5023 911 5079 ού
942 5022 1207 5102 φαίνεται,
1240 5023 1386 5081 ἀλλᾶ
1415 5024 1671 5099 Σίμωνος
1704 5030 1803 5083 τοῦ
1850 5028 1978 5084 ἀσε-

321 5106 588 5168 ϐεστάτου
618 5113 706 5168 καὶ
729 5114 866 5188 ἡμῖν
897 5111 1173 5190 ἐχθίστου.

393 5237 696 5293 CXXXVII.
726 5239 902 5291 Ταῦτα
926 5239 1025 5291 τοῦ
1053 5234 1260 5313 Πέτρου
1286 5231 1705 5311 διαλεγομένου,
1730 5233 1973 5311 ἐπεισῄει

2107 3244 2597 3317 pernoctavimus.
2626 3245 2657 3301 J
2666 3262 2759 3300 am
2788 3261 2921 3300 vero
2954 3244 3053 3300 ubi
3088 3244 3395 3300 sublucere
3426 3245 3617 3317 coepit,
3654 3246 3754 3301 Pe-

2104 3338 2234 3390 trus
2263 3350 2358 3391 me
2404 3339 2463 3390 et
2507 3333 2715 3390 fratres
2762 3334 3021 3403 intuens,
3073 3334 3189 3390 ait:
3231 3334 3436 3390 Nescio
3468 3335 3750 3405 quidnam

2105 3423 2254 3495 patri
2286 3427 2478 3479 vestro
2527 3422 2855 3495 contigerit.
2906 3422 3170 3495 Cumque
3208 3422 3327 3478 haec
3357 3423 3592 3490 diceret,
3624 3440 3755 3480 ecce

2105 3516 2269 3583 pater
2296 3511 2550 3579 advenit,
2575 3512 2807 3567 Petrum
2834 3512 3001 3567 nobis
3020 3514 3091 3568 de
3120 3511 3391 3583 ipsojam
3419 3512 3755 3583 loquentem

2102 3605 2311 3655 nactus
2336 3617 2348 3655 :
2373 3617 2548 3672 quem
2571 3617 2705 3656 cum
2728 3600 2947 3655 videret
2969 3600 3207 3656 anxium
3224 3605 3397 3672 atque
3421 3599 3752 3674 salutasset,

2100 3688 2384 3745 rationem
2416 3694 2473 3746 et
2497 3706 2736 3746 causam
2761 3690 3011 3745 reddidit
3032 3706 3133 3745 cur
3155 3694 3551 3761 pernoctasset
3570 3690 3749 3747 foras.

2098 3782 2216 3834 Nos
2246 3784 2443 3835 autem
2474 3778 2849 3850 respicientes
2878 3796 3035 3845 eum,
3066 3777 3501 3850 obstupuimus,
3536 3778 3636 3850 qui
3667 3779 3756 3833 Si-

2099 3868 2292 3923 monis
2323 3868 2576 3940 speciem
2605 3868 2958 3935 videremus,
3007 3872 3065 3923 at
3092 3884 3291 3924 vocem
3345 3866 3529 3940 patris
3560 3869 3753 3924 nostri

2099 3956 2297 4013 Fausti
2328 3958 2685 4013 audiremus.
2719 3958 2979 4028 Cumque
3027 3956 3361 4029 fugeremus
3392 3972 3549 4022 eum,
3581 3961 3746 4028 pater

2097 4045 2294 4101 animo
2324 4045 2629 4117 perculsus
2650 4050 2754 4101 est.
2782 4046 3065 4102 Caeterum
3090 4046 3317 4114 Petrus,
3350 4046 3452 4117 qui
3473 4063 3629 4101 unus
3646 4063 3745 4102 na-

2095 4134 2346 4191 turalem
2378 4136 2505 4206 ejus
2537 4134 2784 4190 formam
2831 4135 3123 4203 cernebat,
3174 4133 3253 4190 ait
3282 4135 3354 4191 ad
3383 4150 3525 4189 nos:
3561 4136 3748 4200 Quare

2095 4228 2319 4295 patrem
2349 4229 2605 4280 vestrum
2640 4223 2924 4296 repellitis
2951 4228 3008 4280 et
3038 4223 3383 4279 aversamini
3405 4222 3434 4279 7
3466 4223 3582 4279 Nos
3612 4240 3744 4279 vero

2094 4317 2153 4369 et
2182 4318 2368 4368 mater
2393 4314 2463 4369 ad
2495 4329 2628 4368 eum
2655 4328 2668 4367 :
2704 4313 2988 4379 Quoniam
3019 4312 3117 4367 ille
3148 4312 3317 4368 nobis
3355 4312 3583 4368 videtur
3617 4329 3745 4369 esse

2093 4401 2317 4471 Simon,
2348 4417 2546 4457 vocem
2577 4401 2801 4457 habens
2840 4400 3023 4472 patris
3071 4400 3278 4456 nostri.
3312 4401 3463 4456 Tum
3494 4402 3700 4458 Petrus
3728 4418 3740 4457 :

2093 4494 2495 4563 Nequaquam,
2529 4489 2759 4561 inquit:
2792 4490 2951 4545 vobis
2994 4490 3232 4562 quidem
3263 4506 3371 4545 vox
3402 4489 3584 4559 illius,
3617 4507 3741 4563 qua

2094 4580 2298 4652 magiae
2328 4579 2444 4635 vim
2476 4596 2590 4634 non
2621 4580 2825 4649 sensit,
2858 4584 2996 4635 nota
3040 4584 3131 4635 est
3160 4579 3285 4635 sola
3313 4596 3327 4646 ;
3371 4579 3516 4634 meis
3545 4585 3741 4635 autem

2091 4685 2205 4724 non
2238 4668 2539 4724 fascinatis
2568 4667 2753 4723 oculis
2785 4669 2962 4723 etiam
2994 4668 3236 4740 effigies,
3280 4666 3515 4739 qualem
3546 4667 3740 4734 habet,

2089 4758 2487 4830 conspicitur;
2540 4757 3018 4829 quandoquidem
3069 4756 3181 4812 iste
3230 4772 3345 4811 non
3397 4762 3487 4811 est
3516 4756 3740 4823 Simon,

2087 4848 2188 4904 sed
2220 4848 2493 4918 Faustus,
2522 4861 2655 4902 vere
2678 4850 2841 4918 pater
2869 4850 3083 4903 vester.
3115 4846 3393 4917 Tuncque
3414 4845 3485 4901 ad
3516 4848 3741 4917 patrem

2087 4936 2427 5009 respiciens,
2461 4935 2579 4992 ait:
2612 4934 2904 4990 Germana
2931 4933 3157 5007 species
3191 4938 3295 4990 tua
3323 4934 3469 5006 ipsis
3500 4950 3616 4990 non
3647 4951 3745 5005 ap-

2085 5029 2269 5098 paret,
2301 5040 2506 5081 verum
2555 5022 2813 5081 Simonis
2861 5022 3201 5097 impiissimi
3252 5040 3318 5079 ac
3348 5023 3517 5080 nobis
3546 5022 3741 5080 inimi-

2085 5113 2310 5171 cissimi

2155 5236 2476 5297 CXXXVII.
2510 5238 2595 5294 Ita
2624 5239 2794 5293 Petro
2826 5238 3120 5310 loquente,
3152 5237 3458 5310 ingressus
3488 5240 3577 5294 est
3605 5234 3739 5308 qui-

1673 5370 1923 5427 VARUE
1960 5372 2373 5431 LECTIONES.

388 5470 443 5544 7°_
471 5467 547 5523 al.
586 5465 794 5544 putaui»:
827 5468 869 5504 τί
902 5465 1204 5544 alimenti
1232 5465 1361 5530 τοὺς
1386 5466 1689 5544 πρὸναύτοῦ
1720 5468 1952 5544 μάγους.
1986 5471 2040 5544 7'_
2059 5470 2135 5528 al.
2168 5468 2594 5544 σκευάσωηπρΙ.
2616 5461 2917 5544 dvalaﬁu‘uv
2933 5466 2996 5522 τὸ
3028 5464 3394 5544 ἴδιονῇχρίσας
3418 5465 3737 5544 πρόσωπον·

313 5535 1012 5617 ποικπρὸᾳφυγρντεςσῷ
1041 5538 1239 5617 Πέτρῳ⁵
1260 5535 1596 5617 συνεργοῦσι.
1629 5542 1674 5617 ⁷-⁵
1702 5535 1866 5617 deest
1902 5542 1961 5598 in
1992 5542 2067 5600 al.
2100 5544 2145 5580 ⁷⁸
2173 5543 2248 5599 al.
2300 5537 2637 5611 ἐπαλλήλως
2684 5538 3101 5613 πυνθανόμενοι.
3151 5535 3302 5597 ⁷⁷ᾞ1.
3339 5535 3503 5610 εδοξὶ.
3558 5540 3602 5574 ⁷⁸
3653 5540 3731 5598 al-

320 5560 362 5576 "
393 5560 471 5598 al.
505 5560 907 5671 προσφυὶοντες
934 5560 1012 5611 τῳ
1042 5560 1230 5626 ρετρῳ
1260 5560 1596 5630 συνεργοῦσι.
1635 5560 1674 5578 ’³
1702 5560 1866 5627 ρθθεῑ
1902 5560 1961 5598 111
1992 5560 2017 5600 8

311 5614 452 5674 add.
485 5609 573 5669 ἐπὶ
600 5612 665 5669 τὸ
695 5632 728 5667 ο
764 5630 873 5675 τως
901 5610 1123 5683 ἀπηνως
1154 5610 1244 5667 καὶ
1276 5611 1571 5689 ἐχθρωοως
1598 5610 1746 5685 αύτῳ
1775 5618 2017 5689 χρῆσθα.
