4014 6202
146 304 259 367 571

976 321 1042 381 S.
1090 322 1532 387 CLEMENTIS
1576 327 1602 387 Ι
1647 326 1837 389 HOM.
1884 329 2113 390 PONT.
2160 329 2422 391 OPERA
2468 330 2731 394 DUBIA.

3433 338 3553 397 572

147 437 281 493 dam
305 455 373 494 ex
396 439 466 497 iis
489 442 586 513 qui
604 453 1787 525 praecesserant,Antiochiaveniens,dixit-

1907 478 1988 519 τις
2006 461 2112 512 τῶν
2133 456 2381 534 προόδων
2413 459 2518 515 ἀπὸ
2540 466 2639 530 τῆς
2664 460 3000 538 Ἀντιοχείας
3027 460 3333 538 ἐληλυθὼς,
3350 467 3551 543 Λέγων·

143 542 295 597 que:
329 533 460 586 Haec
490 532 637 587 scire
682 539 738 591 te
784 538 935 606 volo,
987 542 1222 599 domine
1254 545 1333 599 mi
1375 546 1556 603 Petre.
1590 548 1791 603 Simon

142 631 274 707 cum
305 624 460 674 esset
492 622 827 694 Antiochia,
864 630 1091 699 publice
1123 637 1310 691 multa
1344 640 1680 707 portentosa
1711 638 1792 692 fa-

141 703 498 797 cienstnihil
533 711 688 768 aliud
723 732 955 788 operam
1009 724 1205 792 dabat,
1239 703 1414 797 quam
1450 732 1512 783 ut
1542 732 1597 782 te
1627 727 1793 783 odio-

142 809 275 888 sum
292 794 406 852 illis
429 798 713 871 redderet,
729 822 897 875 quem
916 826 1195 883 magnum
1213 794 1553 872 nominabat
1573 823 1628 870 et
1649 833 1790 888 prm-

142 882 529 976 stigiatorem,
560 894 617 945 et
648 895 801 949 caede
826 897 1009 954 multa
1028 882 1319 972 pollutum
1344 920 1357 960 :
1383 909 1619 976 propter
1636 882 1790 976 quod

143 972 287 1027 adeo
318 972 448 1030 illos
480 978 758 1037 adversus
789 988 845 1038 te
876 985 1141 1061 irritavit,
1172 996 1236 1046 ut
1264 972 1467 1048 omnes
1492 972 1789 1049 illius—loci

139 1066 346 1116 aveant
376 1064 533 1135 ipsas
566 1084 769 1126 carnes
803 1077 931 1130 tuas
963 1076 1145 1134 ferino
1190 1096 1348 1136 more
1379 1081 1683 1153 deglutire.
1720 1086 1794 1136 At

136 1166 264 1219 nos,
300 1153 547 1209 multum
581 1163 781 1215 contra
828 1167 884 1216 te
926 1165 1171 1222 fremere
1227 1169 1519 1226 civitatem
1570 1169 1787 1239 intuiti,

136 1238 407 1329 venimus
441 1248 503 1298 ut
532 1247 937 1308 nuntiare-mus
968 1254 1094 1309 tibi.
1130 1257 1239 1312 Sed
1264 1264 1321 1313 et
1350 1258 1588 1329 quidam
1616 1260 1789 1318 homo

136 1327 334 1399 regius
365 1348 398 1385 a
427 1333 648 1391 Caesare
679 1342 972 1408 quaerendi
1016 1345 1270 1402 Simonis
1318 1327 1509 1419 gratia
1548 1350 1617 1404 ad
1651 1367 1789 1420 pro-

138 1416 342 1471 vinciae
375 1422 678 1490 praesidem
730 1429 968 1501 missus,
1019 1434 1262 1491 audiens
1314 1436 1479 1492 illum
1525 1438 1662 1510 fuga
1690 1441 1789 1494 Ju-

145 1504 329 1598 daiam
361 1508 655 1583 petivisse,
689 1514 813 1586 ipse
845 1535 1085 1591 quoque
1122 1525 1191 1579 ad
1225 1542 1361 1580 eum
1410 1529 1788 1598 quaerendum

141 1592 307 1661 abiit,
341 1600 405 1651 ut
434 1615 501 1653 ex
532 1600 773 1659 Caesaris
804 1615 1086 1681 praecepto
1115 1629 1315 1683 poenas
1346 1592 1512 1672 de-eo
1544 1616 1751 1688 capiat.

208 1772 547 1833 CXXXVIII.
584 1779 806 1843 Quibus
859 1785 1094 1855 auditis,
1146 1793 1351 1846 Petrus
1383 1792 1454 1847 ad
1505 1794 1787 1850 Faustum

132 1866 357 1932 patrem
388 1864 501 1920 ait:
538 1869 667 1939 Ipse
695 1872 936 1929 auribus
958 1876 1076 1932 tuis
1099 1878 1315 1935 audisti
1338 1897 1406 1935 ex
1427 1881 1498 1936 iis
1523 1884 1621 1953 qui
1646 1900 1779 1939 cum

1907 544 2116 603 Εἰδέναι
2150 568 2207 601 σε
2235 546 2399 619 θέλω,
2430 548 2582 623 κύριὲ
2616 571 2719 622 μου
2779 552 2968 624 Πέτρε,
3018 551 3099 606 ὅτι
3147 557 3332 625 Σίμων
3380 554 3431 609 ἐν
3480 559 3553 629 τῇ

1903 636 2212 712 Ἀντιοχείᾳ
2280 637 2369 691 ’ὀτε
2438 638 2675 714 ὑπῆρχε,
2746 636 2984 711 δημοσίᾳ
3048 639 3235 697 πολλά
3300 642 3555 715 τεράστια

1900 728 2100 792 ποιῶν,
2164 722 2318 779 οὐδὲν
2380 722 2519 781 ἄλλο
2579 724 2893 797 σπουδαζων
2947 731 3036 799 ἦν,
3093 730 3129 798 ἢ
3189 730 3246 785 σὲ
3318 734 3546 805 μισητὸν

1901 811 2084 875 αὐτοῖς
2116 817 2473 884 κπταστῆσαι,
2513 813 2685 891 μάγον
2735 837 2793 871 τε
2842 816 3149 891 ὀνομάζων,
3201 820 3290 873 καὶ
3348 820 3548 894 γόητα,

1898 902 1988 955 καὶ
2043 902 2326 981 μιαιφόνον
2356 922 2367 933 ·
2421 902 2501 981 ἐφ’
2551 905 2596 976 ᾦ
2649 905 2737 960 καὶ
2784 910 3041 961 τοσοῦτον
3088 906 3282 969 αὐτοὺς
3332 908 3549 984 ἠρέθισε

1898 989 2031 1044 κατά
2061 996 2176 1061 σοῦ,
2218 991 2295 1054 ὡς
2325 990 2614 1068 γλίχεσθαι
2642 993 2771 1056 τοὺς
2803 993 2912 1050 ἐκεῖ
2940 995 3165 1064 πάντας,
3194 1001 3302 1052 τῶν
3336 1004 3543 1073 σαρκῶν

1898 1077 2071 1133 αὐτῶν
2133 1076 2422 1155 θηριωδῶς
2480 1082 2873 1158 ἀπογεύσασθαί
2921 1105 3035 1138 σου·
3088 1086 3278 1158 Ἡμεῖς
3318 1083 3374 1141 δὲ
3401 1087 3546 1143 πολὺ

1898 1168 2033 1222 κατὰ
2084 1172 2178 1222 σοῦ
2229 1169 2536 1245 βρύχουσαν
2582 1172 2681 1240 τήν
2725 1170 2887 1227 πόλιν
2934 1171 3254 1249 ἑωρακότες,
3302 1174 3549 1249 ἤλθομεν

1900 1255 2222 1331 ἀπαγγεῖλαί
2271 1279 2377 1315 σοι.
2429 1257 2606 1314 Ἀλλὰ
2653 1260 2743 1315 καὶ
2797 1261 2900 1316 ὑπὸ
2950 1262 3213 1339 Καίσαρος
3281 1265 3547 1343 πεμφθείς

1896 1365 1980 1406 τις
2017 1343 2299 1418 βασιλικὸς
2347 1347 2483 1423 πρὸς
2532 1350 2622 1403 τὸν
2670 1350 2769 1419 τῆς
2816 1349 3080 1427 ἐπαρχίας
3113 1351 3435 1428 ἡγούμενον,
3466 1354 3546 1417 εἷς

1897 1432 2225 1505 ἀναζήτησιν
2286 1435 2560 1510 Σίμωνος,
2624 1440 2809 1511 μαθὼν
2869 1440 2950 1494 δτι
3010 1441 3182 1519 φυγὰς
3256 1441 3331 1504 εἰς
3405 1444 3545 1498 Ἰου-

1899 1518 2048 1576 δαίαν
2095 1520 2295 1599 ᾤχετο,
2346 1524 2436 1579 καὶ
2486 1524 2645 1588 αὐτὸς
2690 1527 2826 1582 κατᾶ
2880 1518 3102 1599 ζήτησιν
3150 1528 3312 1584 αὐτοῦ
3361 1531 3545 1601 ἀπῆλ-

1898 1612 2002 1680 θεν,
2050 1608 2142 1666 *ίνα
2187 1614 2324 1668 κατὰ
2365 1614 2463 1683 τὴν
2514 1614 2801 1690 πρόσταξιν
2852 1618 3117 1695 Καίσαρος
3155 1620 3545 1692 τιμωρήσηται

1899 1700 2075 1756 αὐτόν.

1971 1792 2303 1848 CXXXVIII.
2352 1795 2527 1848 Ταῦτα
2571 1792 2803 1856 ἀκούσας
2852 1794 2983 1872 φησὶ
3032 1796 3168 1871 πρὸς
3215 1797 3305 1852 τὸν
3338 1798 3543 1871 πατέρα

1897 1882 2141 1933 Φαῦστον
2173 1879 2201 1934 6
2234 1878 2454 1954 Πέτρος·
2487 1880 2661 1944 Αὐτὸς
2693 1880 2850 1946 ῗδίοις
2876 1886 2922 1920 ⁷9
2972 1884 3102 1939 ὠσὶν
3143 1884 3381 1956 ἀκήκοας
3428 1891 3536 1941 τῶν

133 1953 569 2020 praecessissent
596 1968 880 2017 venerunt
924 1966 1250 2035 Antiochia,
1283 1971 1781 2041 quemadmodum

1901 1965 2141 2044 προόδων
2192 1969 2296 2023 ἀπὸ
2342 1970 2680 2047 Ἀντιυχείας
2721 1970 3151 2043 εἰσεληλυθότων
3180 1953 3243 2047 εί),
3292 1975 3367 2036 ὡς
3428 1974 3540 2029 ἐκεῖ

133 2038 335 2095 Simon
366 2041 486 2099 illic
517 2048 745 2117 positus
777 2051 1213 2112 multitudinem
1256 2038 1537 2115 adversus
1567 2077 1661 2116 me
1687 2078 1782 2117 ve-

1892 2058 2133 2133 γεγονὼς
2181 2058 2208 2111 ὁ
2264 2057 2477 2131 Σίμων,
2528 2060 2771 2137 ἰσχυρῶς
2816 2060 2945 2124 τοὺς
2996 2061 3204 2138 ὄχλους
3256 2064 3538 2139 παρώξυνε

134 2126 437 2228 hementer
467 2136 804 2207 ooncitarit;
838 2142 1102 2214 planum,
1133 2150 1188 2200 et
1218 2148 1371 2203 caede
1394 2148 1782 2220 pollutum,ad

1901 2148 2009 2201 κατ’
2038 2146 2192 2219 ἐμοῦ.
2234 2146 2439 2203 πλάνον
2471 2170 2531 2203 τε
2559 2149 2648 2203 καὶ
2685 2150 2966 2228 μιαιφόνον
3004 2152 3139 2226 πρὸς
3191 2150 3248 2207 δὲ
3297 2152 3388 2206 καὶ
3431 2153 3535 2225 μά-

133 2215 255 2272 haac
277 2235 556 2292 magnum
580 2242 645 2280 ac
669 2230 1169 2302 praestigiatorem,
1198 2215 1427 2307 aliaque
1444 2215 1785 2308 hujusmodi

134 2323 508 2401 nuncupans.
558 2315 741 2387 Igitur
788 2336 943 2375 nunc
1004 2322 1176 2378 facito
1225 2326 1447 2393 statim,
1480 2329 1632 2399 quod
1680 2344 1785 2401 ego

126 2398 399 2489 praecipio
438 2401 576 2458 tibi:
613 2410 686 2472 et,
721 2406 919 2464 relicto
968 2410 1263 2469 Clemente
1307 2416 1463 2486 apud
1513 2432 1627 2485 me,
1661 2398 1788 2489 ipse

131 2488 387 2556 praecede
418 2490 489 2544 ad
536 2493 957 2553 Antiochenam
1009 2501 1237 2572 urbem,
1290 2520 1406 2558 una
1445 2522 1577 2561 cum
1610 2488 1786 2562 uxore

132 2573 458 2650 Matthidia,
491 2585 666 2652 atque
698 2584 973 2642 Faustino
1016 2594 1071 2643 et
1120 2590 1498 2650 Faustiniano
1549 2594 1784 2652 liberis:

135 2670 307 2720 erunt
335 2668 511 2723 etiam
544 2675 737 2728 tecum
770 2673 868 2728 alii
919 2677 1181 2748 quidam,
1215 2681 1315 2752 qui
1361 2698 1550 2738 meam
1580 2682 1787 2739 volun-

131 2754 311 2809 tatem
344 2760 613 2825 poterunt
661 2764 897 2834 exsequi
926 2782 939 2820 :
992 2782 1125 2822 cum
1160 2767 1250 2824 his
1301 2770 1620 2827 Antiochia:
1652 2789 1788 2828 con-

134 2839 370 2911 sistens,
428 2846 570 2901 dum
627 2848 875 2907 formam
934 2854 1191 2912 Simonis
1238 2859 1365 2929 jam
1423 2860 1787 2934 circumfers,

134 2928 328 3001 palam
362 2936 610 3004 praedica
638 2941 1060 3010 paenitentiam.

205 3108 496 3169 CXXXIX.
530 3114 646 3171 Ista
675 3132 810 3174 cum
854 3119 1062 3178 Petrus
1093 3123 1355 3194 dixisset,
1408 3125 1659 3183 Faustus
1688 3127 1787 3199 qui

1894 2255 1990 2311 γον
2023 2235 2113 2290 καὶ
2169 2234 2362 2311 γόητα,
2414 2238 2503 2292 καὶ
2552 2236 2618 2292 τὰ
2664 2242 2885 2293 τοιαῦτα
2930 2239 3133 2297 καλῶν.
3182 2245 3287 2295 Νῦν
3338 2238 3427 2294 οῦν
3460 2240 3539 2311 ἐξ·

1894 2330 2060 2393 αυτῆς
2084 2323 2316 2395 ποίησον
2349 2326 2377 2380 6
2409 2324 2520 2401 ἐγώ
2550 2347 2634 2381 σοι
2668 2325 2991 2401 ἐντέλλομαι
3015 2332 3030 2357 ⁶
3092 2329 3182 2383 καὶ
3228 2328 3543 2385 καταλιπων

1896 2411 2186 2486 Κλήμεντα
2212 2420 2336 2491 παρ’
2367 2414 2511 2488 ἐμοὶ.
2546 2411 2840 2490 προλαϐὼν
2870 2417 3031 2480 αὑτὸς
3070 2418 3145 2480 εἷς
3192 2420 3292 2488 τὴν
3343 2420 3549 2475 Ἀντιο-

1895 2500 2039 2578 ’χέων
2097 2503 2234 2557 κατὰ
2258 2504 2298 2539 ⁸¹
2360 2506 2458 2573 τῆς
2513 2505 2764 2581 γυναικὸς
2808 2504 3122 2575 Ματθιδίας,
3168 2505 3246 2562 ἔτι
3294 2508 3352 2562 οὲ
3401 2513 3548 2563 Φαυ-

1897 2590 2079 2646 στίνου
2108 2591 2198 2647 καὶ
2232 2598 2624 2648 Φαυστινιανοῦ
2654 2598 2760 2650 τῶν
2797 2595 2925 2651 υἱῶν
2956 2612 2967 2628 ·
3016 2597 3328 2659 συνέσοντας
3360 2594 3415 2651 δέ
3462 2617 3548 2651 σοι

1895 2678 1983 2734 καὶ
2026 2677 2189 2735 ἄλλοι
2218 2681 2383 2753 τινες,
2415 2678 2468 2736 ο²ί
2495 2703 2635 2745 τινες
2686 2680 2901 2739 δυνατοὶ
2952 2682 3160 2740 ἔσονται
3209 2682 3546 2760 ὑπδυργῆσαί

1900 2789 2005 2842 μου
2036 2769 2081 2805 ⁸³
2125 2773 2204 2842 τῷ
2257 2768 2612 2846 βουλήματι·
2668 2773 2802 2845 μετὰ
2855 2773 3061 2829 τοότων
3115 2774 3166 2829 ἐν
3215 2779 3284 2849 τῇ
3346 2776 3545 2831 Ἀντιο-

1896 2854 2025 2932 χείᾳ
2052 2858 2096 2894 ⁸³
2137 2857 2449 2934 γενόμενος,
2502 2857 2553 2914 ἐν
2599 2857 2712 2933 ὅσῳ
2752 2861 2851 2929 τήν
2900 2863 3115 2940 μορφὴν
3163 2858 3241 2917 ἔτι
3287 2862 3542 2936 Σίμωνος

1895 2946 2225 3024 περιφέρεις,
2315 2944 2559 3022 δημοσίᾳ
2635 2950 2866 3025 κήρυξον
2937 2952 3036 3021 τὴν
3096 2952 3318 3007 σεαυτοῦ
3380 2954 3543 3026 μετά-

1894 3055 2069 3091 νοιαν.

1970 3126 2248 3182 CXXXIX.
2298 3130 2473 3182 Ταῦτα
2518 3131 2614 3182 τοῦ
2655 3127 2859 3206 Πέτρου
2907 3129 3175 3205 εἰπόντος,
3211 3129 3331 3205 ὀξὺς
3364 3129 3435 3186 ὥν
3470 3130 3546 3193 εἷς

134 3199 348 3297 mentis
381 3204 651 3261 acumine
672 3206 925 3278 pollebat
950 3226 962 3265 :
987 3211 1153 3280 Novi,
1183 3213 1397 3286 inquit,
1422 3216 1658 3272 domine
1682 3216 1782 3288 mi,

1901 3212 1957 3268 τὸ
1988 3220 2181 3283 νοῆσαι
2217 3219 2485 3279 Φαῦστος·
2520 3214 2672 3287 Οἶδα,
2706 3199 2833 3297 ἔφη,
2857 3218 3009 3295 κύριέ
3043 3199 3173 3293 μου,
3203 3199 3266 3275 τί.
3291 3218 3543 3296 βούλεται

134 3288 271 3358 quid
306 3290 427 3346 hac
457 3292 566 3348 sibi
599 3295 778 3351 velint
808 3300 1017 3369 verba;
1054 3319 1234 3374 quare
1266 3320 1336 3359 ne
1370 3303 1607 3361 labora:
1642 3306 1787 3361 mihi

134 3376 291 3434 enim
323 3394 474 3435 curaa
504 3383 632 3451 erit,
665 3387 899 3455 quando
941 3388 1059 3445 illic
1108 3392 1269 3447 fuero
1300 3392 1588 3464 imperata
1617 3396 1787 3466 perﬁ-

136 3481 282 3522 cere.
316 3469 517 3541 Itaque
546 3478 718 3528 noctu
769 3491 900 3532 cum
953 3478 1047 3546 iis,
1079 3497 1229 3551 quos
1278 3481 1483 3538 Petrus
1506 3484 1788 3554 jusserat,

136 3553 437 3626 digressus
468 3559 540 3614 ab
573 3562 714 3618 urbe
745 3569 926 3636 pater,
974 3568 1367 3638 Antiochiam,
1399 3553 1789 3643 propinquam

135 3643 451 3713 civitatem,
485 3651 655 3707 venit.
690 3652 981 3726 Stansque
1029 3657 1089 3712 in
1126 3659 1316 3715 medio
1353 3660 1494 3726 foro,
1529 3662 1676 3717 dixit
1718 3663 1790 3718 ad

136 3732 612 3822 multitudinem:
646 3741 763 3814 Ego
810 3744 1031 3814 Simon,
1066 3762 1171 3818 ego
1219 3753 1276 3804 et
1318 3749 1483 3805 vobis
1525 3767 1789 3822 pronun-

134 3821 237 3891 tio,
269 3826 327 3878 et
359 3825 543 3881 fateor
574 3844 665 3884 me
721 3831 917 3904 inique
966 3836 1275 3892 mentitum
1329 3853 1457 3893 esse
1510 3821 1791 3895 adversus

134 3909 391 3968 Petrum.
420 3914 544 3971 Non
576 3922 665 3972 est
693 3918 997 3991 irnpostor,
1043 3941 1159 3979 non
1204 3926 1640 3998 sanguinarius,
1675 3945 1789 3984 non

135 4002 543 4073 praestigiator,
577 4023 765 4078 neque
787 4009 979 4063 afﬁnis
1000 4012 1099 4067 ulli
1129 4030 1330 4069 eorum
1354 4015 1639 4072 scelerum
1663 4034 1790 4088 quas

136 4087 451 4160 aliquando
482 4093 553 4147 de
582 4110 647 4149 eo
682 4098 1006 4166 praedicavi.
1053 4101 1341 4173 Deprecor
1370 4121 1471 4159 vos
1508 4122 1613 4176 ego
1644 4087 1789 4178 ipse.

136 4177 235 4247 qui
270 4193 447 4234 causa
493 4182 608 4236 odii
661 4200 797 4255 erga
848 4186 1015 4243 illum
1062 4192 1238 4246 vestri
1289 4192 1504 4264 exstiti,
1546 4194 1793 4250 desinite

135 4265 267 4321 odio
317 4266 484 4324 illum
544 4274 839 4345 prosequi.
897 4276 1041 4332 Nam
1096 4278 1197 4334 Dei
1260 4279 1365 4335 lilii
1426 4282 1526 4353 qui
1558 4288 1793 4354 propter

136 4355 341 4409 mundi
377 4356 625 4415 salutem
648 4362 823 4429 venit,
849 4364 958 4420 iste
982 4370 1070 4421 est
1094 4383 1264 4423 verus
1288 4370 1611 4440 apostolus.
1647 4372 1795 4435 Quo-

135 4442 287 4498 circa
318 4450 375 4500 et
403 4446 527 4519 ipse
583 4464 687 4520 ego
719 4453 882 4509 vobis
935 4455 1302 4513 consiliarius
1360 4458 1420 4513 in
1453 4475 1512 4515 re
1558 4476 1685 4531 quas
1717 4461 1790 4516 ad

1896 3302 1963 3357 τὰ
2020 3302 2239 3378 ῥήματα
2292 3308 2477 3360 ταῦτα.
2539 3306 2632 3361 Διὸ
2686 3308 2761 3380 μὴ
2812 3306 2999 3381 κάμνε·
3037 3306 3264 3382 μελήσει
3314 3308 3414 3385 γάρ
3450 3331 3542 3382 μοι

1900 3389 2070 3447 ἐκεῖσε
2097 3393 2382 3467 γενομένῳ
2411 3395 2458 3431 ⁸⁸
2489 3390 2790 3450 διατελέσαι
2819 3396 2881 3451 τὸ
2911 3398 3403 3473 προσταττόμενον.
3446 3398 3544 3452 Καὶ

1901 3477 1969 3548 δὴ
2000 3480 2067 3535 τὰ
2094 3483 2139 3517 ⁸⁵
2170 3482 2273 3536 ὑπὸ
2302 3481 2463 3537 νύκτα
2494 3485 2523 3538 ὁ
2555 3485 2734 3560 πατὴρ
2770 3487 2887 3558 μεθ’
2917 3487 2990 3540 ὢν
3042 3485 3287 3542 ἐκέλευσε
3346 3488 3544 3562 Πέτρος

1896 3576 2000 3638 τῆς
2031 3568 2249 3633 πόλεως
2281 3569 2602 3645 ἐξορμήσας,
2635 3572 2722 3629 ἐπὶ
2768 3575 2867 3642 τήν
2918 3573 3155 3645 πλησίον
3205 3575 3542 3652 Ἀντίοχείαν

1898 3658 2055 3727 ἦλθε.
2088 3658 2187 3713 Καὶ
2237 3659 2361 3721 στὰς
2408 3658 2460 3714 ἐν
2522 3662 2671 3734 μέσῳ
2717 3669 2818 3732 τῆς
2848 3662 3065 3740 ἀγορᾶς,
3101 3661 3286 3738 εἷ’ρηκε
3316 3667 3449 3740 πρὸς
3478 3666 3541 3720 τὸ

1899 3745 2112 3815 πλῆθος
2138 3764 2151 3779 ·
2200 3748 2343 3823 Ἐγὼ
2389 3747 2600 3823 Σίμων,
2651 3749 2755 3826 ἐγὼ
2793 3756 2961 3807 ταῦτα
2983 3753 3108 3825 ὑμῖν
3141 3753 3421 3830 κηρύσσω,
3449 3754 3539 3809 καὶ

1900 3834 2165 3911 ὁμολογῶ
2221 3836 2423 3900 ἀδίκως
2475 3839 2899 3913 καταψεύσασθαι
2960 3841 3186 3918 Πέτρου,
3247 3843 3356 3897 Οὐκ
3427 3840 3537 3898 ἔστι

1898 3923 2124 3995 πλάνος,
2158 3925 2219 3980 οὐ
2277 3926 2586 4005 μιαιφόνος,
2638 3927 2700 3983 οὐ
2746 3929 2884 4005 γόης
2916 3928 3045 3985 οὐδὲ
3074 3931 3172 3987 ὃσα
3200 3932 3331 3986 ποτὶ
3362 3932 3541 4009 φαῦλα

1899 4014 2022 4089 περὶ
2075 4013 2239 4069 αὐτοῦ
2284 4013 2491 4092 ἓλεγον.
2541 4016 2743 4091 Δέομαι
2792 4019 2944 4092 ὑμῶν
2987 4019 3091 4096 ἐγὼ
3138 4019 3317 4093 αὐτὸς,
3371 4023 3399 4076 ὁ
3444 4026 3546 4076 τοῦ

1899 4104 2037 4177 πρὸς
2071 4103 2208 4177 ὑμᾶς
2241 4104 2432 4178 μίσους
2463 4103 2642 4161 αἶίτιοσ
2685 4106 2829 4179 αύτῷ
2876 4109 3135 4185 γεγονὼς,
3183 4108 3449 4165 παύσασθε
3501 4111 3546 4147 ⁸⁸

1904 4196 2189 4265 μισοῦντες
2256 4192 2434 4251 αὐτόν.
2493 4199 2597 4249 Τοῦ
2649 4197 2749 4272 γὰρ
2815 4196 2952 4273 πρὸς
3009 4198 3278 4271 σωτηρίαν
3336 4198 3546 4271 κόσμου

1902 4278 2252 4357 ἐπιφανέντος
2290 4283 2415 4337 Υἱοῦ
2446 4287 2542 4338 τοῦ
2569 4289 2701 4339 Θεοῦ
2747 4283 2987 4359 ἀψευδής
3037 4285 3200 4358 ἐστιν,
3233 4288 3390 4350 οὗτος
3418 4288 3550 4344 ἀπό-

1902 4368 2124 4432 στολος.
2168 4372 2259 4426 Διὸ
2281 4370 2370 4426 καὶ
2401 4371 2559 4435 αὐτὸς
2584 4372 2692 4449 ἐγὼ
2724 4370 3038 4447 σύμϐουλος
3072 4376 3197 4450 ὑμῖν
3229 4378 3297 4431 τά
3322 4398 3382 4453 γε
3411 4378 3547 4451 πρὸς

1900 4456 2175 4534 σωτηρίαν
2243 4461 2341 4529 τὴν
2403 4460 2659 4538 ὑμετέραν
2718 4462 3065 4537 καθίσταμαι.
3128 4464 3226 4519 Καὶ
3301 4470 3547 4541 παραινῶ

136 4532 385 4590 salutem
416 4540 668 4593 vestram
702 4542 952 4611 pertinet
998 4545 1236 4613 efﬁcior,
1288 4563 1612 4620 moneoque
1645 4553 1709 4605 ut
1737 4550 1787 4605 ei

1901 4547 2177 4611 πείθεσθαι
2206 4548 2404 4621 τούτῷ,
2437 4550 2527 4605 καὶ
2557 4551 2824 4606 πιστεύειν
2870 4556 2951 4625 τῷ
2996 4552 3085 4607 ὑπ’
3134 4553 3298 4609 αὑτοῦ
3341 4575 3545 4631 κηρυσ-

134 4620 311 4678 ﬁdem
343 4623 627 4694 habeatis,
660 4628 893 4701 Deoque
929 4648 1103 4704 quem
1154 4637 1465 4691 annuntiat
1493 4638 1742 4694 credatis
1769 4655 1782 4694 :

134 4710 353 4784 alioqui
386 4719 502 4770 tota
531 4723 722 4773 vestra
752 4719 955 4776 civitas
1006 4722 1273 4780 funditus
1304 4724 1534 4797 peribit,
1588 4743 1655 4782 ac
1683 4744 1787 4783 vos

132 4815 267 4855 cum
300 4800 419 4857 illa.
453 4805 632 4876 Cujus
681 4812 875 4863 autem
925 4810 1112 4881 gratia
1142 4812 1263 4867 haec
1312 4813 1578 4884 dixerim,
1610 4815 1786 4873 etiam

133 4888 191 4944 id
222 4906 323 4946 vos
355 4894 504 4948 scire
552 4894 701 4951 volo.
759 4897 875 4953 Hoc
923 4899 1081 4954 enim
1129 4904 1297 4957 nocte
1342 4902 1532 4975 angeli
1564 4904 1664 4960 Dei
1696 4921 1789 4960 me

132 4977 382 5050 impium
413 4982 665 5053 graviter
693 4984 1062 5058 ﬂagellarunt
1081 4990 1235 5062 quod
1258 4990 1516 5049 veritatis
1538 4994 1787 5064 praeconi

138 5084 327 5125 essem
360 5070 655 5129 inimicus.
690 5074 898 5131 Hortor
918 5076 1135 5150 itaque,
1170 5096 1241 5135 ne
1263 5080 1492 5136 etiamsi
1524 5084 1648 5153 ipse
1677 5083 1789 5139 alio

135 5159 397 5230 tempore
444 5161 681 5219 veniens
738 5168 1035 5221 tentavero
1084 5173 1286 5223 contra
1337 5173 1578 5226 Petrum
1606 5170 1789 5242 loqui,

138 5246 436 5321 recipiatis
465 5265 558 5306 me
591 5267 655 5308 ac
704 5253 976 5311 audiatis.
1017 5255 1195 5313 Vobis
1245 5258 1462 5331 quippe
1494 5260 1790 5333 conﬁteor,

1895 4635 2112 4710 σομένῳ
2161 4642 2315 4709 Θεῷ·
2368 4636 2482 4694 ἐπεὶ
2532 4645 2678 4695 πᾶσα
2725 4641 2873 4715 ὑμῶν
2919 4644 2953 4712 ἡ
3002 4640 3164 4706 πόλις
3202 4641 3371 4721 ἄρδην
3414 4646 3547 4701 ἀπο-

1895 4725 2091 4798 λεῖται,
2136 4726 2226 4782 καὶ
2280 4727 2434 4800 ὑμεῖς
2483 4726 2575 4783 σὺν
2618 4727 2776 4803 αὐτῇ.
2823 4732 2985 4787 ’Ὀτου
3035 4729 3094 4786 δὲ
3143 4734 3303 4809 χάριν
3351 4731 3545 4810 εἶ’ρηκα

1892 4813 2078 4885 τοῦτα,
2126 4816 2217 4871 καὶ
2264 4820 2428 4872 τοῦτο
2488 4816 2625 4891 ὑμᾶς
2676 4815 2868 4874 εἰδέναι
2899 4819 3195 4894 βούλομαι.
3225 4821 3410 4897 Ταύτῇ
3439 4823 3542 4899 γὰρ

1894 4908 1963 4978 τῇ
2003 4904 2154 4959 νυκτὶ
2215 4901 2444 4981 ἄγγελοί
2500 4927 2565 4979 με
2590 4908 2635 4943 ⁸⁷
2683 4911 2816 4963 Θεοῦ
2860 4908 2950 4964 τὸν
3010 4904 3199 4984 ἀσεϐῆ,
3240 4911 3316 4973 ὡς
3344 4910 3540 4987 ἐχθρὸν

1898 4992 2025 5047 ὄντα
2077 4999 2156 5066 τῷ
2202 5001 2301 5063 τῆς
2355 4993 2609 5065 ἀληθείας
2652 4998 2871 5069 κήρυκι,
2940 4994 3128 5061 δεινῶς
3193 4999 3542 5075 ἐμαστίγουν.

1898 5081 2209 5158 Παρακαλῶ
2242 5082 2338 5138 οὖν
2379 5081 2512 5157 μηδ’
2538 5082 2597 5139 ἂν
2631 5084 2789 5147 αὐτὸς
2823 5084 2931 5160 ἐγὼ
2964 5084 3165 5143 ἄλλοτε
3189 5086 3360 5152 ἐλθὼν
3409 5090 3548 5144 κατὰ

1900 5171 2106 5248 Πέτρου
2158 5171 2424 5248 ἐπιχειρῶ
2473 5170 2677 5248 λέγειν,
2727 5172 3057 5246 ἀποδέξησθέ
3125 5197 3193 5249 με
3240 5177 3543 5251 Ἐξομολο-

1899 5264 2105 5337 γοῦμαι
2136 5262 2240 5338 γὰρ
2276 5262 2423 5336 ὑμῖν,
2475 5259 2553 5324 ὡς
2599 5261 2707 5339 ἐγὼ
2760 5262 2954 5340 μάγος,
3016 5262 3121 5342 ἑγὼ
3168 5263 3395 5340 πλάνος,
3441 5266 3548 5344 ἐγὼ

1483 5429 1726 5491 VARUE
1761 5432 2173 5493 LEGTIONES.

204 5563 256 5656 7‘:
284 5563 357 5619 8-1.
392 5562 631 5656 οξκείοις.
656 5567 711 5656 ff
739 5567 814 5656 al.
841 5564 1217 5656 εἐξεληλυθότων.
1249 5571 1332 5656 δι,
1358 5570 1898 5656 συνε-ληλυθιότωνηθ1
1922 5576 2033 5651 leg.
2062 5576 2215 5651 μετά.
2238 5575 2314 5634 al.
2351 5574 2528 5634 inser.
2562 5574 2672 5633 καί.
2703 5576 2749 5613 ⁸¹
2778 5576 2851 5634 al.
2890 5597 3004 5650 μοι.
3036 5578 3080 5615 ⁸³
3105 5580 3180 5637 al.
3213 5579 3530 5656 ἀντιοχέων.

132 5633 179 5669 ⁸⁸
208 5635 282 5695 al.
314 5637 621 5710 γενόμενον.
654 5639 699 5676 ⁸⁸
727 5640 803 5698 al.
837 5633 991 5712 δῆτα.
1022 5642 1067 5679 ⁸⁸
1096 5640 1415 5703 παύσασθαι.
1447 5646 1491 5681 ⁸⁷
1522 5633 1685 5705 deest
1713 5648 1772 5705 in
1804 5647 1879 5707 al.

3982 5088 3997 5137 ί

3984 5164 4014 5215 ἴ.

3988 5216 4001 5257 ι

3890 5224 4014 6142 «fj
