4014 6202
495 328 576 388 73
1206 329 1743 393 CLEMENTINA.
1770 364 1849 378 -
1877 328 2229 395 EPITOME
2272 331 2374 392 DE
2419 330 2696 395 GESTIS
2742 333 2808 396 S.
2854 333 3113 395 PETRI.

3745 334 3863 394 574

452 458 591 536 γόης
617 477 629 489 ⁸
665 457 811 515 ἀλλᾶ
846 463 1112 533 μετανοεῖ),
1147 457 1315 532 ἔξεστι
1343 462 1444 537 γὰρ
1468 457 1604 524 ’ίσως
1638 459 1889 535 μετανοίᾳ
1921 482 2014 536 μοι
2042 461 2107 517 τά

2222 478 2328 534 ego
2360 480 2491 519 sum
2524 480 2751 537 magus,
2786 482 2891 539 ego
2941 465 3247 539 impostor,
3281 480 3386 538 ego
3435 463 3863 537 praestigiator;

452 553 635 611 κακῶς
667 549 1026 625 πεπραγμένα
1056 553 1120 587 ⁸⁷·
1154 571 1246 624 μοι
1280 553 1727 627 συγχωρηθῆναι,

525 726 675 781 CXL.
708 727 884 779 Ταῦτα
910 723 1077 780 εἰπὼν
1110 726 1139 780 6
1170 727 1350 803 πατὴρ
1384 724 1629 800 δημοσιᾳ
1655 726 1691 797 ἢ
1725 726 1798 791 ὡς
1830 725 1889 783 ἐκ
1935 747 2102 803 προσ-

453 813 612 867 ώπου
640 817 737 867 τοῦ
771 814 1045 887 Σίμωνος,
1085 814 1175 870 καί
1207 814 1404 892 Πέτρον
1439 814 1739 893 εὐλογήσας
1787 817 1886 886 τὴν
1937 821 2105 872 πᾶσαν

450 901 789 978 Ἀντιοχέων
822 903 984 958 πόλιν
1015 903 1094 967 εἷς
1122 905 1212 961 τὸν
1247 904 1446 960 ἐκείνου
1477 905 1640 960 πόθον
1692 904 1967 979 μετέθηκε,
2015 906 2105 961 καὶ

448 990 649 1053 πάντες
698 990 980 1065 ἐπιθυμεῖν
1039 994 1202 1049 αὐτοῦ
1252 991 1439 1057 δεινῶς
1488 989 1694 1071 ἔλεγον·
1746 990 1877 1049 ἔνιοι
1927 992 1984 1050 δὲ
2014 994 2103 1050 καὶ

449 1078 883 1155 χαλεπαίνοντες
914 1082 1058 1155 αὑτῷ
1086 1081 1220 1158 ᾖσαν
1254 1081 1437 1157 δῆθεν,
1469 1083 1556 1139 οἶά
1594 1104 1693 1159 περ
1726 1083 1872 1158 αὐτῷ
1917 1083 2103 1159 ἐκείνῳ

451 1169 671 1243 Σίμωνι
702 1164 838 1239 ὄντι,
874 1168 962 1226 διὰ
990 1172 1052 1226 τὸ
1085 1167 1431 1248 ὑπερϐάλλον
1460 1179 1562 1243 τῆς
1587 1173 1711 1248 περὶ
1756 1173 1849 1229 τὸν
1901 1172 2102 1250 Πέτρον

451 1265 727 1335 στοργῆς·
779 1260 868 1314 καὶ
918 1266 1109 1337 χεῖρας
1154 1257 1432 1316 ἐπιϐαλεῖν
1487 1261 1825 1338 ἐπεχείρουν.
1898 1262 1997 1318 Καὶ
2046 1262 2107 1326 ὃς

453 1349 538 1422 μὴ
579 1350 707 1424 παρ’
758 1350 933 1404 αὐτῶν
989 1352 1245 1426 ἀναιρεθῇ
1298 1348 1582 1421 δεδοικὼς,
1649 1351 1870 1424 ἐξαυτῆς
1933 1352 2109 1417 ἐλθεῖν

450 1438 675 1511 πέμψας
724 1438 877 1509 ἠξίου
922 1438 1016 1493 τὸν
1074 1438 1293 1516 Πέτρον,
1345 1440 1495 1503 ὅπως
1546 1441 1703 1496 αὐτὸν
1737 1437 2109 1515 ἐπικαταλάϐῃ

456 1531 653 1597 ζῶντα,
684 1526 773 1581 καὶ
804 1526 1120 1603 ἆκμαζούσῃ
1149 1533 1227 1601 τῷ
1255 1529 1392 1606 πρὸς
1422 1529 1580 1585 αὐτὸν
1630 1529 1784 1604 πόθῳ
1828 1535 1897 1605 τῇ
1946 1529 2108 1587 πόλει

453 1614 723 1691 εὐκαίρως
777 1615 1028 1691 ἐπιφανῇ·
1080 1617 1284 1693 Πέτρος
1343 1616 1402 1673 δὲ
1440 1617 1647 1674 τούτων
1707 1618 1940 1682 ἀκούσας
1970 1619 2107 1694 πρὸς

448 1704 516 1759 τὸ
568 1702 944 1775 ἐκκλησιάζειν
992 1704 1282 1770 πλείστους
1332 1708 1542 1784 ἀγαγὼν
1587 1711 1654 1781 ⁸⁸,
1714 1708 2004 1765 ἐπίσκοπόν
2050 1730 2110 1765 τε

450 1796 795 1864 καταστήσας
844 1794 933 1850 καὶ
994 1794 1281 1869 ἰασάμενος
1348 1795 1594 1861 πολλοὺς
1655 1797 1744 1853 καὶ
1823 1798 2105 1874 βαπτίσας,
2140 1835 2188 1901 Β

461 1882 476 1901 ε
551 1882 560 1900 .
707 1881 721 1901 ,
876 1883 887 1901 ν
1118 1890 1139 1900 -
1235 1889 1262 1899 η.
1333 1893 1343 1901 .
1437 1883 1461 1901 εκ
1558 1885 1569 1901 .
1682 1885 1696 1901 .
1749 1886 1764 1901 ι
1860 1888 1873 1901 .
2004 1886 2024 1901 ς

450 1882 669 1957 ἡμέρας
704 1881 983 1956 ἐπιμείνας
1020 1890 1167 1958 τρεῖς
1198 1889 1265 1959 τῇ
1317 1883 1627 1960 Λαοδικείᾳ,
1678 1885 1767 1943 ἐπὶ
1814 1888 1913 1957 τήν
1959 1886 2108 1959 πλη-

452 1970 570 2025 σίον
593 1972 855 2048 ὁρμήσειν
890 1973 1226 2049 Ἀντιόχειαν
1260 1972 1502 2030 ἔσπευσε.

529 2063 704 2118 CXLI.
738 2063 837 2116 Καὶ
886 2058 952 2131 δὴ
1001 2064 1101 2132 τὴν
1160 2061 1323 2118 πόλιν
1371 2059 1764 2138 καταλαϐόντα,
1802 2065 1866 2120 τὸ
1895 2062 2112 2135 πλῆθος

454 2147 765 2225 συνδραμὸν
798 2149 936 2205 ἅπαν
970 2151 1103 2225 μετά
1128 2158 1303 2228 χαρᾶς
1336 2150 1645 2225 ὑπεδέξατο,
1696 2154 1771 2216 ὡς
1818 2160 1921 2223 τῆς
1967 2151 2109 2224 ἀλη-

456 2240 607 2304 θείας
660 2242 872 2316 κήρυκα
921 2240 1015 2296 καὶ
1063 2240 1390 2298 ἀπόστολον.
1442 2240 1880 2318 Προσευξάμενος
1934 2240 1991 2297 δὲ
2018 2242 2108 2297 καὶ

455 2334 650 2405 χεῖρας
727 2330 908 2392 αὐτοῖς
956 2330 1177 2399 ἐπιθεὶς,
1225 2330 1428 2394 πάντας
1481 2332 1608 2394 τοὺς
1652 2336 1831 2395 κακῶς
1880 2328 2109 2407 ἔχοντας

454 2416 829 2491 ἐθεράπευσεν,
877 2416 971 2475 ἕνα
1016 2440 1075 2474 τε
1123 2419 1251 2475 Θεὸν
1307 2419 1359 2475 ἐν
1408 2419 1582 2496 τρισὶν
1636 2418 1983 2476 ὁποστάσεσιν
2018 2419 2110 2475 εὐ-

452 2506 908 2581 αγγελισάμενος,
962 2508 1050 2563 καθ
1098 2507 1287 2564 πολλὰ
1338 2505 1554 2582 διδάξας
1600 2508 1795 2572 αὐτοὺς
1842 2509 1966 2585 περὶ
2014 2531 2109 2583 μο-

452 2594 705 2672 ναρχίας.
740 2598 871 2651 Εἶτα
900 2596 1037 2672 πρὸς
1084 2598 1183 2667 τήν
1214 2597 1381 2668 ξενίαν
1434 2597 1722 2672 ἀπῄειμεν.
1778 2597 1944 2661 Γνοὺς
1994 2597 2051 2655 δὲ
2079 2600 2108 2655 6

453 2684 632 2760 γέρων
662 2684 744 2740 ὅτι
781 2687 982 2762 Πέτρος
1029 2693 1233 2760 παρῆν,
1292 2684 1680 2764 προσδραμὼν,
1733 2687 1918 2744 ἑαυτόν
1945 2709 2005 2744 τε
2039 2692 2108 2763 τῇ

456 2778 533 2849 γῆ
581 2770 1071 2850 προσκαταϐαλὼν,
1127 2776 1197 2830 τὰ
1260 2775 1465 2832 ἐκείνου
1529 2776 1902 2848 κατησπάζετο
1951 2777 2107 2854 ἴχνη,

455 2863 622 2936 ἀξιων
665 2868 746 2937 τῷ
798 2862 927 2937 θείῳ
984 2863 1339 2934 τελειωθῆναι
1421 2865 1774 2942 βαπτίσματι,
1846 2864 1985 2923 ὣστε
2046 2868 2109 2924 τὸ

457 2950 691 3028 ἀρχαῖόν
739 2973 800 3008 τε
836 2955 935 3021 τῆς
984 2956 1172 3029 ψυχῆς
1218 2952 1425 3017 κάλλος
1468 2956 1558 3011 καὶ
1606 2957 1706 3026 τὴν
1769 2957 1986 3035 μορφὴν
2011 2960 2109 3014 τοῦ

461 3044 718 3114 σώματος
750 3038 1046 3098 ἀπολαϐεῖν
1077 3041 1165 3099 διὰ
1192 3048 1290 3099 τοῦ
1325 3044 1719 3121 βαπτίσματος,
1765 3046 1856 3101 καὶ
1907 3068 2107 3103 κοινω-

453 3131 546 3192 νὸς
576 3129 682 3185 τῶν
716 3131 1000 3207 ἀχράντων
1031 3134 1277 3208 γενέσθαι
1327 3138 1429 3189 τοῦ
1478 3138 1712 3209 Χριστοῦ
1763 3136 2100 3212 μυστηρίων.

2213 553 2315 608 sed
2352 552 2589 622 poenitet
2618 570 2733 622 me,
2786 563 2842 611 et
2885 554 3153 612 fortassis
3202 572 3306 627 per
3354 554 3756 626 paenitentiam
3796 571 3863 611 ea

2214 657 2342 713 quae
2374 641 2637 713 improbe
2669 644 2826 715 gessi
2857 643 3003 698 mihi
3035 648 3284 716 possunt
3308 642 3647 699 condonari.

2286 730 2435 786 CXL.
2467 731 2599 786 Haec
2629 747 2765 786 cum
2805 736 2968 803 pater
2998 732 3247 803 publice,
3281 732 3449 805 quasi
3498 748 3568 787 ex
3613 747 3867 803 persona

2214 817 2477 875 Simonis
2508 819 2767 887 dixisset,
2803 824 2861 877 et
2889 819 3124 877 Petrum
3173 820 3493 892 laudasset,
3529 821 3866 876 universam

2213 908 2721 964 Antiochiensium
2756 909 3048 965 civitatem
3080 910 3152 965 ad
3184 909 3343 966 illius
3374 910 3728 965 desiderium
3752 913 3866 963 tra-

2216 996 2405 1062 duxit,
2429 997 2742 1069 cunctique
2774 1014 2836 1053 se
2867 1014 2996 1052 eum
3026 997 3395 1054 vehementer
3415 1006 3681 1069 exoptare
3703 1013 3860 1053 asse-

2218 1085 2425 1141 rebant
2451 1102 2464 1141 :
2498 1085 2763 1141 nonnulli
2788 1102 2921 1141 vero
2944 1087 3117 1142 etiam
3143 1086 3313 1159 patri,
3341 1092 3622 1159 tanquam
3653 1086 3704 1142 is
3734 1087 3858 1158 ipse

2217 1178 2372 1230 esset
2421 1174 2644 1243 Simon,
2705 1176 3149 1242 succensebant,
3207 1180 3439 1248 propter
3492 1175 3854 1231 nimietatem

2216 1264 2435 1320 amoris
2456 1280 2593 1337 erga
2614 1268 2873 1333 Petrum,
2900 1269 2956 1321 et
2986 1281 3199 1321 manus
3218 1264 3455 1337 injicere
3477 1265 3861 1320 conabantur.

2215 1356 2288 1408 At
2318 1352 2415 1409 ille
2439 1354 2660 1409 veritus
2692 1370 2765 1409 ne
2795 1354 2866 1409 ab
2898 1353 3043 1425 ipsis
3084 1353 3526 1424 interﬁceretur,
3558 1369 3659 1425 per
3704 1352 3862 1426 lega-

2216 1446 2345 1499 tum
2380 1441 2696 1514 postulavit
2728 1459 2761 1497 a
2794 1443 2982 1513 Petro,
3006 1443 3282 1499 continuo
3306 1447 3370 1498 ut
3391 1442 3629 1509 veniret,
3664 1458 3778 1514 quo
3803 1459 3866 1498 se

2218 1532 2654 1587 nancisceretur
2680 1531 2900 1599 vivum,
2935 1536 2992 1587 et
3020 1531 3079 1586 in
3123 1532 3327 1587 urbem
3376 1531 3662 1587 desiderio
3706 1530 3863 1586 illius

2218 1624 2564 1692 ﬂagrantem
2605 1625 2932 1692 opportune
2979 1621 3337 1676 adventaret.
3369 1621 3591 1686 Quibus
3622 1621 3862 1687 auditis,

2218 1708 2424 1765 Petrus
2454 1708 2742 1781 plurimos
2774 1710 2845 1765 ad
2877 1710 3171 1782 agendum
3225 1713 3577 1765 conventum
3622 1709 3866 1765 adduxit

2219 1802 2277 1855 et
2304 1798 2644 1870 episcopum
2677 1798 3003 1869 constituit,
3028 1797 3246 1854 multos
3277 1798 3500 1854 curavit
3530 1802 3705 1869 atque
3724 1798 3866 1870 bap-

2217 1886 2771 1958 tizavit,triduoque
2808 1888 3095 1943 Laodicea:
3128 1891 3404 1959 praeterea
3443 1892 3865 1955 commoratus,

2218 1974 2588 2032 Antiochiam
2625 1975 3015 2048 propinquam
3048 1976 3343 2032 civitatem
3366 1975 3525 2032 adire
3551 1976 3865 2032 festinavit.

2287 2065 2470 2122 CXLI.
2502 2066 2573 2120 Et
2621 2065 2858 2137 quidem
2910 2081 3043 2121 cum
3092 2065 3163 2121 ad
3214 2066 3421 2121 urbem
3476 2064 3858 2137 pervenisset,

2217 2153 2529 2210 universus
2574 2155 2827 2227 populus
2875 2169 3357 2223 accurrens,cum
3408 2153 3619 2226 gaudio
3666 2153 3861 2225 ipsum

2218 2243 2462 2314 excepit,
2496 2247 2776 2314 tanquam
2800 2242 3060 2298 veritatis
3081 2258 3405 2315 praconem
3427 2248 3483 2298 et
3508 2241 3861 2315 apostolum.

2219 2332 2495 2389 Precibus
2526 2336 2724 2389 autem
2755 2332 2924 2399 fusis,
2956 2338 3013 2387 et
3043 2332 3319 2388 manibus
3348 2349 3525 2403 super
3566 2348 3665 2387 eos
3702 2332 3862 2403 posi-

2218 2421 2315 2487 tis,
2346 2421 2635 2478 universis
2666 2420 2818 2477 male
2850 2421 3208 2477 habentibus
3240 2419 3439 2476 attulit
3469 2420 3819 2476 medicinam
3847 2437 3863 2485 ;

2219 2510 2358 2568 item
2391 2527 2577 2568 unum
2611 2511 2794 2567 Deum
2827 2511 2886 2566 in
2918 2511 3109 2566 tribus
3152 2510 3420 2583 personis
3472 2508 3863 2580 annuntiavit,

2218 2600 2606 2673 pluribusque
2635 2617 2734 2657 eos
2779 2600 2850 2656 de
2894 2599 3071 2656 unius
3104 2599 3368 2655 numinis
3401 2598 3727 2672 principatu
3760 2600 3863 2655 do-

2219 2690 2358 2746 cuit.
2390 2690 2607 2745 Deinde
2638 2690 2709 2745 ad
2739 2689 3062 2761 hospitium
3094 2706 3201 2746 nos
3241 2690 3587 2763 recepimus.
3644 2685 3863 2745 Intelli~

2218 2796 2362 2853 gens
2392 2783 2588 2834 autem
2619 2795 2796 2835 senex
2833 2780 3069 2837 Petrum
3123 2781 3351 2847 adesse,
3382 2779 3650 2851 accurrit,
3683 2795 3861 2851 seque

2220 2866 2499 2940 dejiciens
2529 2867 2591 2923 in
2638 2871 2880 2940 terram,
2913 2868 3073 2925 illius
3117 2869 3293 2943 pedes
3343 2866 3857 2941 complectebatur,

2218 2973 2434 3029 rogans
2463 2961 2529 3011 ut
2575 2956 2771 3013 divino
2802 2957 3156 3030 baptismate
3186 2960 3720 3024 cunsummaretur,
3747 2973 3862 3031 quo

2220 3046 2523 3118 antiquam
2555 3045 2766 3102 animae
2797 3046 3320 3117 pulchritudinem,
3351 3051 3408 3103 et
3454 3048 3703 3102 formam
3734 3063 3860 3102 cor-

2222 3134 2379 3208 poris
2410 3134 2690 3207 reciperet
2720 3152 2823 3207 per
2854 3136 3235 3208 baptismum,
3261 3137 3538 3208 fieretque
3570 3135 3859 3207 particeps

452 3219 555 3275 Καὶ
606 3221 634 3275 6
668 3204 868 3297 Πέτρος
898 3204 1221 3298 κατηχήσας
1269 3222 1448 3293 αὐτὸν,
1509 3204 1860 3301 εἰρηκώςντε
1915 3204 2103 3282 πολλὰ

2222 3204 2693 3280 intemeratorum
2712 3204 3381 3297 Dhristiimysteriorum.
3403 3204 3473 3280 Et
3489 3204 3714 3288 Petrus,
3738 3204 3862 3279 tra-

451 3309 575 3384 περῖ
626 3310 918 3385 σωτηρίας,
972 3309 1059 3365 ἐπὶ
1106 3311 1253 3367 τέλει
1305 3309 1363 3366 δὲ
1402 3311 1491 3366 καὶ
1538 3316 1699 3368 τοῦτο
1748 3312 1939 3382 εἰπὼν,
1970 3315 2046 3377 ὡς
2074 3315 2102 3370 6

2222 3313 2334 3369 dita
2372 3314 2423 3369 ei
2453 3313 2767 3369 Chistianas
2799 3313 3096 3386 religionis
3119 3314 3405 3380 doctrina,
3438 3313 3752 3384 multisque
3784 3314 3855 3368 de

446 3396 648 3469 Κύριος
696 3399 854 3472 ἡμῶν
906 3401 1118 3470 Ἰησοῦς
1150 3400 1379 3477 Χριστὸς
1433 3402 1461 3455 6
1504 3401 1631 3463 Υἱὸς
1680 3406 1778 3456 τοῦ
1808 3407 1942 3459 Θεοῦ
1984 3409 2101 3467 τοῖς

2222 3402 2403 3459 salute
2430 3402 2693 3475 prolatis,
2726 3404 2965 3458 tandem
2996 3402 3105 3458 hoc
3145 3402 3370 3458 addidit
3398 3402 3711 3458 Dominum
3743 3419 3853 3458 no-

450 3488 723 3560 μαθηταῖς
773 3486 1194 3562 ἐντελλόμενος⁶
1262 3490 1320 3543 Ὀ
1386 3489 1693 3562 πιστεύσας,
1725 3493 1790 3563 ⁸9,
1840 3487 1967 3569 ἔφη,
2010 3491 2100 3547 καὶ

2222 3496 2402 3547 atrum
2451 3492 2658 3547 Jesum
2706 3491 3003 3547 Christum
3054 3491 3266 3547 Filium
3307 3491 3429 3561 Dei,
3462 3491 3521 3544 in
3563 3490 3854 3546 mandatis

450 3576 790 3651 βαπτισθεὶς,
852 3578 1192 3649 σωθήσεται·
1240 3577 1369 3632 καί⁶
1424 3577 1570 3634 Κατὰ
1621 3580 1721 3648 τὴν
1779 3579 1956 3635 πίστιν
2004 3602 2100 3637 σου

2222 3580 2282 3636 id
2314 3580 2636 3651 discipulos
2664 3580 2883 3636 dixisse
2916 3598 2929 3638 :
2979 3582 3087 3650 Qui
3126 3580 3436 3643 crediderit,
3469 3583 3523 3634 et
3552 3580 3858 3651 baptizatus

444 3666 734 3739 γενηθήτω
766 3687 849 3720 σοι
881 3666 955 3729 ὡς
986 3662 1181 3730 θέλεις.
1217 3666 1451 3743 Επείπερ
1484 3668 1511 3723 6
1540 3668 1728 3744 καιρὸς
1760 3669 1896 3744 πρὸς
1945 3668 2097 3726 ἐσπέ-

2222 3671 2398 3735 ἣιενὶι,
2424 3670 2609 3725 salvus
2638 3671 2747 3725 erit
2776 3669 2859 3733 9°;
2889 3674 2946 3725 et
3014 3669 3355 3725 :Secundum
3384 3669 3543 3740 ﬁdem
3576 3676 3728 3724 tuam
3755 3667 3861 3737 ﬁat

447 3772 543 3826 ραν
574 3754 665 3822 ἦν,
705 3760 913 3833 τροφῆς
948 3749 1350 3828 μεταλαϐόντας
1381 3759 1518 3829 ⁹⁰-⁹³,
1562 3758 1696 3831 μετὰ
1739 3758 1839 3827 τὴν
1890 3760 2095 3831 συνήθη

2222 3759 2315 3815 tibi
2340 3760 2481 3815 sicut
2506 3760 2587 3816 vis
2608 3759 2674 3814 θί.
2708 3761 2970 3831 Cumque
3003 3764 3237 3831 tempus
3260 3760 3331 3813 ad
3355 3774 3655 3829 vesperam
3688 3756 3856 3813 incli-

447 3840 641 3917 εὐχὴν,
670 3842 700 3897 6
730 3842 894 3906 ὕπνος
924 3846 969 3881 ⁸⁸
999 3839 1294 3919 ἐλάμϐανε.

2222 3853 2394 3917 aaret,
2423 3848 2622 3903 cibum
2654 3848 3065 3920 sumpsimus;
3104 3852 3161 3904 et
3204 3852 3336 3920 post
3380 3846 3609 3903 solitam
3652 3862 3851 3919 preca-

2204 3937 2447 4007 tionem,
2481 3954 2726 3993 somnus
2757 3954 2864 3994 nos
2894 3938 3217 4010 occupavit.

519 4022 728 4078 CXLII.
764 4024 841 4094 Γῇ
874 4017 932 4076 δὲ
961 4020 1186 4096 ἐπιούσῃ
1239 4020 1605 4098 ὀρθριαίτερον
1655 4021 1821 4080 πάλιν
1867 4023 2097 4089 ἀναστὰς

2277 4026 2485 4082 CXLII.
2526 4026 2803 4097 Sequenti
2826 4043 2958 4081 vero
2981 4025 3073 4082 die
3093 4026 3301 4081 Petrus
3322 4025 3532 4082 iterum
3553 4025 3843 4081 maturius

444 4109 473 4163 6
507 4109 732 4183 Πέτρος,
762 4110 851 4165 καὶ
899 4109 1351 4185 προσευξάμενος,
1407 4111 1785 4185 μετακαλεῖται
1835 4112 1926 4169 σὺν
1956 4117 2092 4189 ἡμῖν

2222 4132 2472 4188 surgens,
2524 4120 2835 4186 postquam
2892 4115 3096 4185 oravit,
3128 4119 3351 4187 patrem
3397 4119 3454 4170 et
3497 4131 3601 4170 nos
3650 4131 3841 4170 accer-

440 4198 536 4253 τὸν
567 4201 793 4276 πατέρα,
823 4200 951 4255 καὶ·
987 4203 1262 4275 Σήμερον,
1297 4202 1341 4256 ὧ
1370 4198 1619 4279 ἀδελφοὶ,
1653 4200 1826 4277 λέγει,
1878 4203 2087 4280 μεγάλη

2222 4204 2373 4272 sivit;
2406 4208 2494 4261 et:
2518 4203 2720 4270 Hodie,
2754 4203 2964 4275 inquit,
2994 4204 3222 4271 fratres,
3245 4220 3527 4276 magnum
3560 4205 3842 4275 gaudium

441 4290 590 4365 χαρὰ
614 4287 817 4365 γίνεται
866 4287 918 4344 ἐν
967 4293 1045 4362 τῷ
1092 4288 1321 4365 οὐρανῷ,
1366 4289 1453 4345 ἐπὶ
1494 4294 1563 4365 τῇ
1613 4288 1940 4368 θεοδωρήτῷ
1969 4293 2092 4349 ἀνα-

2222 4293 2420 4348 »ιιὶοῐυτ
2447 4292 2507 4347 in
2538 4290 2676 4347 coelo
2708 4292 2776 4359 9",
2807 4296 3045 4364 propter
3086 4291 3347 4346 divinum
3392 4309 3608 4348 munus
3639 4309 3840 4349 renas-

440 4380 688 4452 γεννήσει
715 4383 813 4433 τοῦ
842 4376 1014 4433 καλοῦ
1070 4378 1327 4451 γέροντος
1378 4380 1647 4437 Φαύστου.
1692 4380 1791 4436 Καί
1838 4381 2090 4457 παραλα-

2222 4381 2400 4437 :entiaa
2429 4380 2567 4436 boni
2599 4379 2755 4436 senis
2782 4380 3003 4436 Fausti.
3036 4382 3298 4452 Cumque
3341 4398 3447 4436 nos
3479 4382 3838 4453 assumpsis-

440 4461 553 4520 ϐὼν
582 4468 732 4539 ἡμᾶς
763 4466 1007 4540 ἐξῄειμεν
1038 4469 1173 4523 κατᾶ
1196 4467 1466 4543 ῃνατολὰς
1493 4475 1596 4539 τῆς
1624 4467 1863 4542 πόλεως,
1894 4468 2019 4534 ἔνθα
2044 4474 2089 4509 9⁸

2222 4474 2305 4536 ςεῐ,
2339 4468 2557 4542 egressi
2589 4486 2796 4524 sumus
2840 4470 2912 4525 ad
2943 4468 3071 4525 loca
3100 4469 3407 4526 orientalis
3436 4470 3709 4536 civitatis,
3740 4470 3842 4526 ubi

434 4557 504 4626 ἦν
533 4554 702 4611 ὕδατα
728 4555 915 4612 πολλά
940 4578 1000 4612 τε
1028 4557 1118 4613 καὶ
1148 4559 1375 4632 καθαρὰ,
1408 4558 1499 4612 καὶ
1535 4557 1696 4633 μόνον
1748 4558 1842 4614 τὸν
1887 4561 2094 4637 πατέρα

2222 4557 2398 4613 nultze
2451 4562 2621 4613 erant
2677 4574 2844 4630 aquae
2897 4574 2963 4613 ac
3021 4574 3216 4630 puras:
3267 4558 3578 4630 solumque
3617 4563 3841 4631 patrem

440 4640 628 4700 λαϐὼν
684 4643 812 4717 ἰδίᾳ,
862 4647 1182 4722 κατηχήσας
1231 4667 1291 4702 τε
1336 4645 1524 4703 πολλὰ
1568 4648 1659 4702 καὶ
1688 4644 1900 4718 διδάξας
1929 4648 2088 4705 αὐτὸν

2222 4663 2467 4703 ieorsum
2498 4663 2761 4712 sumens,
2782 4646 3101 4718 multisque
3126 4647 3463 4717 instituens,
3490 4648 3845 4718 tradensque

437 4736 508 4789 τὰ
554 4733 685 4810 πεφὶ
736 4738 870 4791 Θεοῦ
921 4734 1011 4790 καὶ
1048 4741 1151 4805 τῆς
1194 4734 1283 4791 διὰ
1330 4737 1524 4811 σαρκὸς
1568 4736 1734 4792 αὐτοῦ
1770 4737 1908 4813 πρὸς
1940 4740 2091 4811 ἡμᾶς

2224 4735 2287 4790 lli
2320 4735 2647 4792 doctrinam
2678 4736 2749 4791 de
2782 4740 2894 4791 Deo
2927 4736 3173 4807 ejusque
3206 4736 3265 4790 in
3298 4752 3471 4792 carne
3504 4736 3576 4791 ad
3608 4752 3714 4790 nos
3744 4735 3846 4790 ad-

440 4821 758 4897 ἐπιδημίας,
791 4818 1073 4880 ἐϐάπτισεν
1102 4823 1260 4879 αὐτὸν
1302 4824 1378 4888 είς
1418 4826 1479 4880 τὸ
1508 4820 1684 4899 ὄνομα
1710 4830 1807 4881 τοῦ
1856 4828 2088 4904 Πατρὸς,

2222 4828 2398 4889 rentu,
2429 4822 2746 4895 baptizavit
2776 4839 2909 4878 eum
2941 4823 3001 4877 in
3035 4823 3270 4878 nomine
3295 4823 3505 4889 Patris,
3529 4827 3587 4878 et
3608 4821 3758 4888 Filii,
3791 4826 3850 4878 et

437 4913 657 4970 καὶτοῦ
712 4914 859 4987 Υἱοῦ,
910 4914 1135 4969 καὶτοῦ
1184 4913 1335 4991 ἁγίου
1386 4914 1737 4989 Πνεύματος’
1788 4915 1878 4970 καὶ
1927 4912 2086 4992 ἄρτον

2222 4913 2447 4985 Spiritus
2480 4911 2665 4968 sancti
2692 4928 2704 4967 :
2738 4927 2992 4983 cumque
3025 4928 3231 4983 panem
3266 4912 3605 4984 accepisset,
3630 4911 3847 4984 gratias

438 4997 650 5072 λαϐὼν,
702 5002 1100 5080 εὐχαριστήσας
1145 5023 1204 5059 τε
1242 5002 1332 5059 καὶ
1377 5002 1701 5078 εὐλογήσας,
1750 5007 1858 5058 τῶν
1924 5004 2086 5082 ἱερῶν

2222 5002 2416 5075 :gisset
2445 5017 2510 5057 ac
2544 4998 2957 5060 benedixisset.
2980 5016 3148 5055 saera
3176 5000 3290 5071 ipsi
3320 5000 3601 5072 mysteria
3630 4999 3844 5070 imper-

432 5090 586 5162 αὐτῷ
632 5095 882 5145 κοινωνεῖ
940 5088 1276 5167 μυστηρίων.
1336 5089 1436 5145 Καὶ
1491 5090 1632 5162 ἦμεν
1691 5091 1833 5164 ὁμοῦ
1897 5091 2089 5154 πάντες

2224 5090 2347 5146 ivit.
2381 5091 2450 5146 Et
2478 5105 2714 5145 eramus
2746 5088 2967 5161 pariter
2986 5088 3179 5143 cuncti
3208 5087 3269 5142 in
3291 5088 3539 5144 Domino
3571 5092 3745 5144 noctu
3778 5103 3845 5142 ac

433 5176 844 5255 ἀγαλλιώλενοι
885 5178 937 5235 ἐν
982 5178 1167 5256 Κυρίῳ
1221 5177 1388 5234 νύκτα
1432 5178 1493 5233 τέ
1537 5178 1630 5233 καὶ
1685 5178 1802 5252 μεθ’
1850 5178 2083 5256 ἡμέραν,

2222 5178 2451 5236 nterdiu
2481 5176 2865 5243 exsultantes,
2879 5179 3007 5232 tum
3037 5176 3108 5232 de
3124 5175 3308 5248 patris
3322 5175 3694 5249 perdivinum
3716 5173 3845 5247 Spi-

433 5267 524 5326 ἐπί
550 5289 612 5325 τε
656 5271 726 5343 τῇ
773 5271 872 5325 τοῦ
900 5268 1105 5343 πατρὸς
1136 5264 1225 5324 διὰ
1251 5268 1297 5305 ⁸⁸
1322 5270 1419 5323 τοῦ
1448 5264 1596 5322 θείου
1621 5265 1931 5341 πνεύματος
1958 5265 2085 5322 ἀνα-

2222 5268 2373 5325 itum
2406 5267 2734 5325 instaurata
2764 5264 3084 5335 nativitate,
3116 5269 3243 5322 tum
3275 5266 3347 5322 de
3380 5265 3679 5322 auditione
3714 5280 3844 5321 ora-

506 5385 590 5460 (a)
615 5384 792 5443 Maro.
823 5400 938 5457 ιη,
973 5385 1060 5442 16.
1093 5383 1169 5457 (b)
1200 5383 1407 5442 Matth.
1438 5399 1518 5455 Ix,
1547 5382 1639 5441 29.
1670 5382 1742 5459 (ο)
1770 5387 1908 5440 Luc.
1941 5400 2034 5451 xv,
2061 5385 2118 5441 '7.

1792 5498 2034 5556 VARUE
2068 5494 2475 5557 LECI‘IONES.

433 5672 480 5708 κ
507 5598 769 5730 (isset
796 5598 858 5657 in
887 5598 963 5658 al.
996 5599 1040 5636 ⁸⁸
1077 5598 1155 5656 al.
1203 5597 1543 5675 συναγαγών.
1574 5598 1620 5635 ⁸⁸
1643 5598 1808 5656 deest
1850 5599 1912 5655 in
1958 5597 2035 5655 al.
2065 5598 2107 5636 ⁹⁰

2222 5596 2297 5656 al.
2350 5590 2765 5669 μεταλαϐόντες.
2799 5594 2845 5631 ⁹⁴
2874 5593 2950 5653 al.
2983 5594 3161 5653 inser.
3212 5593 3383 5670 ἡμᾶς.
3413 5593 3459 5632 ⁸⁸
3477 5592 3643 5652 deest
3668 5593 3729 5651 in
3760 5592 3837 5657 al.
