4014 6202
39 225 157 286 575

866 228 931 289 S.
978 227 1421 291 CLEMENTIS
1464 230 1489 290 Ι
1534 227 1724 291 BOM.
1773 229 2007 290 PONT.
2054 229 2317 290 OPERA
2358 227 2627 290 DUBIA.

3324 223 3442 285 5'76

39 358 308 415 culorum
370 359 541 415 Petri.
601 361 747 416 Cum
788 359 966 432 igitur
1004 376 1107 431 per
1158 361 1395 432 aliquod
1450 366 1684 431 tempus

1815 362 2065 435 γεννήσει,
2110 359 2200 414 καὶ
2245 363 2315 432 τῇ
2365 358 2614 433 ἀκροάσει
2657 361 2765 412 τῶν
2806 356 3011 432 Πέτρου
3043 355 3270 431 λόγξων,
3304 354 3446 429 Χρό-

45 464 163 502 una
194 464 520 519 ageremus,
557 448 833 503 omnibus
866 455 1183 520 patuerunt
1228 467 1320 505 res
1371 454 1603 519 nostrae,
1636 453 1693 505 et

44 536 105 590 in
141 536 402 591 omnium
438 553 535 591 ore
568 537 967 605 versabamur,
993 539 1305 609 cunctique
1331 539 1695 593 mirabantur

46 625 116 679 de
160 624 444 679 universis
495 642 619 695 quae
669 626 1030 697 contigerant
1086 628 1272 697 nobis,
1308 626 1525 699 Deique
1557 643 1694 697 erga

20 730 153 768 .nos
187 712 597 784 patrocinium,
630 714 686 768 in
738 721 937 770 nostra
988 715 1402 788 recognitione,
1437 715 1691 772 celebra-

43 802 204 857 bant.

110 889 348 945 CXLIII.
385 892 558 945 Fama
594 891 772 964 igitur
820 909 1264 964 quoquoversus
1316 897 1690 966 pervagante,

37 979 357 1035 Antiochiaa
393 997 606 1052 praeses
638 984 848 1036 cuncta
880 998 1006 1051 quae
1038 982 1185 1053 patri
1238 987 1293 1037 et
1326 983 1498 1038 matri
1538 981 1690 1038 acci-

41 1067 245 1122 derant
277 1069 619 1137 resciscens,
646 1071 919 1141 quodque
937 1071 1006 1125 ad
1031 1073 1318 1126 Caesarem
1345 1071 1692 1142 cognatione

42 1156 378 1223 attinerent,
412 1158 481 1212 de
532 1158 623 1213 his
656 1160 834 1214 refert
877 1159 947 1214 ad
977 1159 1297 1216 Tiberium.
1329 1159 1553 1223 Quibus
1587 1176 1688 1215 au-

40 1245 203 1315 ditis,
236 1245 554 1315 imperator
593 1247 767 1317 jubet
806 1263 906 1303 eos
955 1249 1395 1320 quamprimum
1449 1250 1691 1304 Romam

46 1334 199 1389 mitti
236 1350 247 1387 :
282 1336 435 1406 quod
471 1340 527 1389 et
555 1336 772 1390 factum
823 1341 950 1392 est:
988 1336 1236 1408 illosque
1295 1354 1507 1409 magno
1558 1354 1691 1392 cum

51 1423 271 1478 honore
298 1439 364 1477 ac
395 1424 670 1479 satellitio
702 1442 915 1496 praeses
945 1441 1013 1479 ex
1036 1426 1339 1482 Antiochia
1383 1426 1563 1480 mittit
1622 1425 1693 1481 ad

49 1512 348 1567 Tiberium
380 1514 682 1568 Czesarem.
718 1514 972 1569 Intuitus
1000 1520 1194 1570 autem
1240 1520 1428 1571 Caesar
1470 1520 1694 1587 patrem

47 1606 105 1655 et
135 1606 403 1669 matrem,
438 1603 767 1674 agnitisque
799 1603 905 1670 eis,
939 1621 1114 1676 super
1145 1622 1205 1659 re
1238 1605 1560 1676 obstupuit,
1593 1621 1693 1676 pa-

1800 468 1889 502 νον
1935 449 2025 503 οῦν
2070 449 2191 502 τινὰ
2241 448 2328 502 ἐπὶ
2375 448 2435 501 τὸ
2502 445 2629 501 αὐτὸ
2661 445 3031 521 διαγαγόντων
3080 447 3259 519 ἡμῶν,
3317 450 3448 497 πᾶσι

1801 531 1945 605 δῆλα
1993 537 2221 605 κατέστη
2270 537 2337 591 τὰ
2383 538 2496 590 καθ’
2546 538 2693 607 ἡμᾶς
2723 555 2735 567 °
2786 531 2878 588 καί
2927 532 2979 588 έν
3030 539 3150 595 τοῖς
3201 535 3448 588 ἁπάντων

1800 626 1938 699 ἦμεν
1990 626 2238 699 στόμασι,
2289 624 2378 680 καὶ
2423 627 2614 686 πάντες
2665 622 2961 695 ἐθαύμαζον
3014 622 3102 677 ἐπὶ
3150 627 3280 676 πᾶσι
3335 626 3451 683 τοῖς

1802 710 2202 787 συμϐεϐηκόσιν
2244 716 2399 787 ἡμῖν,
2430 712 2517 769 καὶ
2547 714 2647 782 τὴν
2676 717 2774 768 τοῦ
2819 716 2952 768 Θεοῦ
3000 712 3075 773 εἱς
3120 713 3267 784 ἡμᾶς
3320 712 3452 787 βοή-

1802 814 1967 875 θειαν,
2002 803 2089 859 ἐπὶ
2119 802 2198 876 τῷ
2230 804 2626 879 ἀναγνωρισμῷ
2654 805 2814 875 ἡμῶν
2849 799 3201 875 ἐμεγάλυνον.

1871 895 2100 950 CXLIII.
2160 898 2268 961 Τῆς
2323 894 2515 969 φήμης
2568 888 2660 945 οῦν
2712 889 3018 965 πανταχόσε
3050 886 3391 957 διαθεούσης,
3424 889 3453 942 ὁ

1799 988 1901 1051 τῆς
1963 979 2289 1056 ’Δντιοχέων
2342 981 2568 1055 ἡγεμὼν
2620 981 2793 1034 πάντα
2842 980 2907 1033 τὰ
2954 972 3340 1051 συμϐεϐηκότα
3369 976 3454 1031 ἐπί

1801 1091 1861 1125 τε
1913 1068 1995 1144 τῷ
2047 1070 2211 1146 πατρὶ
2264 1070 2355 1124 καὶ
2406 1069 2574 1145 μητρὶ
2620 1067 2802 1145 γνοὺς,
2834 1066 2923 1121 καὶ
2951 1066 3035 1122 ὅτι
3066 1066 3291 1135 Καίσαρι
3322 1068 3455 1121 κατὰ

1801 1160 1957 1235 γένος
1985 1160 2381 1235 προσήκουσιν,
2422 1157 2671 1233 ἀναφέρει
2710 1160 2878 1211 ταῦτα
2923 1160 3003 1227 τῷ
3047 1150 3279 1229 Τιϐερίῳ
3322 1156 3452 1228 (16).

1804 1246 1901 1304 Καὶ
1948 1249 1976 1304 ὁ
2029 1245 2283 1323 βασιλεὺς
2334 1246 2583 1318 ἀκούσας,
2640 1243 2849 1301 κελεύει
2897 1244 2963 1299 τὸ
3010 1245 3182 1319 τάχος
3215 1242 3450 1315 ἀναπεμ-

1803 1340 2001 1416 φθῆναι
2032 1336 2228 1398 αὐτοὺς
2277 1335 2353 1398 εἲς
2402 1336 2664 1408 ⁶Ρώμην⁶
2714 1333 2744 1388 ὅ
2794 1334 2882 1389 καὶ
2926 1332 3149 1408 γέγονε·
3198 1332 3289 1387 καὶ
3325 1331 3457 1404 μετὰ

1802 1423 2022 1494 πολλῆς
2074 1427 2239 1497 τιμῆς
2285 1425 2374 1479 καὶ
2422 1421 2745 1501 δορυφορίας,
2805 1424 2833 1477 ὁ
2879 1422 3100 1498 ἡγεμὼν
3156 1422 3205 1493 ἐξ
3252 1422 3458 1477 Ἀντιο-

1803 1513 1957 1589 χείας
1997 1514 2135 1589 πρὸς
2162 1513 2253 1567 τὸν
2295 1512 2533 1588 Καίσαρα
2563 1507 2814 1588 Τιϐέριον
2870 1511 3063 1572 αὐτοὺς
3108 1508 3453 1565 ἀποστέλλει.

1804 1602 2140 1676 Θεασάμενος
2173 1600 2230 1657 δὲ
2255 1602 2283 1655 ὁ
2314 1606 2522 1677 Καῖσαρ
2552 1595 2645 1655 τόν
2678 1622 2736 1655 τε
2783 1600 3009 1677 πατέρα.
3058 1597 3147 1654 καὶ
3196 1600 3295 1667 τὴν
3350 1620 3458 1670 μη-

46 1691 271 1761 trisque
304 1691 581 1746 cervicem
618 1692 977 1764 complexus,
1011 1694 1223 1749 acriter
1254 1694 1426 1749 ﬂevit.
1459 1692 1694 1750 Cohibi-

1815 1692 1952 1766 τέρα,
2019 1691 2108 1746 καὶ
2176 1690 2426 1767 ἐπιγνοὺς
2476 1689 2694 1757 αὐτοὺς,
2747 1689 2927 1759 ἐξέστη
2982 1688 3069 1743 ἐπὶ
3115 1686 3312 1760 τούτῶ.
3360 1688 3457 1742 Καὶ

1976 1780 1987 1799 κ
2129 1779 2142 1799 9
2219 1784 2247 1795 ~
2334 1784 2362 1793 ⁸·-
2591 1776 2633 1799 ΙἻ
2755 1780 2780 1799 n
2903 1782 2926 1793 θ
3022 1773 3046 1797 ν
3083 1776 3103 1799 Ἴ
3144 1798 3147 1799 ,
3190 1798 3229 1799 ,,
3304 1779 3415 1799 »πᾉ.

44 1784 105 1834 to
136 1785 330 1834 autem
361 1779 546 1847 luctu,
580 1783 652 1835 ad
692 1787 961 1837 senatum
1013 1782 1329 1853 respicens,
1364 1784 1446 1837 ait
1480 1799 1491 1837 :
1543 1784 1694 1837 Gau-

49 1869 177 1923 dete
210 1885 460 1935 mecum,
495 1886 719 1941 omnes,
754 1874 810 1925 et
836 1887 1145 1926 commune
1178 1872 1393 1926 festum
1428 1886 1695 1942 agamus,

48 1957 444 2012 inventionem
481 1959 677 2013 Fausti
708 1963 765 2013 et
798 1960 1152 2015 Matthidiaa:
1188 1961 1341 2031 quod
1375 1975 1509 2014 cum
1543 1975 1697 2013 mor-

52 2046 139 2101 tui
185 2050 535 2117 putarentur
562 2047 911 2119 revixerunt,
946 2065 1197 2120 cumque
1248 2048 1575 2119 periissent,
1610 2064 1697 2102 re-

54 2134 202 2206 perti
234 2138 392 2189 sunt.
418 2135 627 2191 Postea
660 2141 717 2190 et
760 2153 895 2192 cum
946 2137 1017 2191 iis
1069 2136 1361 2208 epulatus,
1399 2136 1699 2207 multaque

55 2224 305 2296 pecunia
354 2224 590 2295 tradita,
625 2224 983 2297 insuperque
1034 2226 1193 2298 ipsos
1235 2227 1303 2281 ad
1348 2224 1698 2281 famulatum

52 2313 238 2369 servis
269 2330 491 2385 augens
524 2331 588 2369 ac
612 2314 860 2384 ancillis,
896 2315 1151 2387 plurimo
1179 2316 1456 2371 comitatu
1506 2317 1563 2369 et
1592 2313 1700 2368 ho-

55 2419 195 2459 nore
227 2403 637 2458 circumdedit.
672 2404 780 2469 Qui
811 2405 984 2460 etiam
1020 2422 1134 2460 non
1187 2406 1392 2477 exiguo
1437 2408 1699 2475 tempore

56 2491 253 2547 Romae
285 2496 512 2546 aetatem
546 2498 789 2564 egerunt
818 2511 830 2561 ;
865 2493 956 2564 pie
987 2494 1227 2566 quidem
1260 2495 1539 2560 viventes,
1572 2508 1701 2547 sua-

59 2596 172 2651 que
227 2586 532 2652 erogantes
592 2582 967 2652 pauperibus,
1018 2588 1072 2637 et
1128 2583 1447 2639 consectati
1496 2598 1699 2637 omnes

57 2668 203 2725 alias
232 2670 517 2737 virtutes;
551 2672 732 2726 donec
780 2671 839 2725 in
890 2676 1187 2727 senectute
1222 2673 1394 2737 bona,
1428 2671 1512 2726 eis
1571 2687 1699 2741 quas

57 2757 155 2813 hic
186 2762 323 2813 sunt
350 2757 591 2827 relictis,
620 2760 835 2816 Christi
876 2777 1121 2833 regnum
1172 2746 1469 2817 consecuti
1520 2764 1697 2829 sunt;

59 2846 354 2918 exemplar
383 2847 509 2902 vitae
541 2865 607 2903 ac
639 2848 937 2920 specimen
970 2851 1037 2905 ad
1079 2850 1351 2905 virtutem
1386 2848 1699 2905 accuratise

63 2936 306 3002 simum,
340 2952 506 2991 suam
534 2936 712 2992 vitam
744 2941 1017 2993 Romanae
1050 2938 1379 3010 reipublicae
1410 2937 1628 3010 largiti.

1806 1780 2033 1859 περιφὺς
2085 1779 2251 1835 αὐτοῦ
2295 1784 2375 1851 τῷ
2424 1776 2721 1854 τραχήλῳ,
2755 1780 2970 1853 θερμῶς
3021 1773 3250 1833 ἔκλαιεν.
3304 1779 3453 1831 Ἐπι-

1807 1871 1954 1945 σχὼν
1990 1868 2046 1924 δὲ
2075 1874 2169 1924 τοῦ
2199 1869 2447 1937 πένθους,
2480 1869 2616 1943 πρὸς
2647 1868 2746 1936 τὴν
2776 1866 3083 1942 σύγκλητον
3114 1860 3447 1940 ἀποϐλέψας·

1809 1958 2139 2035 Συγχάρητέ
2190 1980 2304 2031 μοι,
2356 1954 2481 2035 ἔφη,
2513 1958 2708 2018 πάντες
2737 1956 2827 2010 καὶ
2856 1957 3045 2024 κοινὴν
3075 1957 3265 2030 έορτήν
3298 1975 3453 2024 ποιη-

1808 2048 2048 2121 σώμεθυ,
2091 2048 2190 2115 τὴν
2241 2046 2510 2123 ἀνεύρεσιν
2562 2045 2811 2100 Φαύστου
2856 2046 2945 2099 καὶ
2996 2042 3315 2116 Ματθιδίας,
3372 2043 3451 2099 ὅτι

1807 2137 1985 2212 νεκροὶ
2016 2135 2365 2209 νομιζόμενοι
2396 2134 2709 2205 ἀνέστησαν,
2736 2134 2826 2189 καὶ
2858 2132 3209 2195 ἀπολωλότες
3233 2134 3453 2207 εὑρέθη-

1808 2247 1924 2282 σαν.
1950 2227 2079 2281 Εἶτα
2097 2224 2186 2280 καὶ
2210 2224 2512 2300 εὐωχηθεὶς
2542 2225 2656 2298 μετ’
2681 2224 2854 2279 αὐτῶν
2878 2223 2968 2278 καὶ
2990 2225 3255 2299 χρήματα
3273 2220 3459 2277 πολλὰ

1807 2315 2158 2389 χρησάμενος
2190 2316 2254 2385 9⁷,
2298 2311 2374 2368 ἔτι
2425 2310 2483 2367 δὲ
2528 2312 2618 2367 καὶ
2668 2310 2867 2374 παῖδας
2913 2312 3002 2367 καὶ
3050 2309 3338 2374 παιδίσκας
3382 2311 3457 2372 εἷς

1810 2402 2102 2476 ὑπηρεσίαν
2136 2402 2320 2464 αὐτοῖς
2353 2399 2624 2473 δεδωκὼς,
2667 2400 2921 2474 θεραπείᾳ
2948 2399 3176 2475 πλείστῃ
3204 2400 3293 2456 καὶ
3323 2403 3459 2474 τιμῇ

1807 2487 2149 2569 περιέϐαλεν.
2202 2489 2265 2545 Ο“ί
2309 2490 2398 2546 καί
2447 2490 2647 2567 χρόνον
2705 2487 2767 2545 οῦ
2814 2512 2866 2545 τι
2925 2489 3132 2565 βραχὺν
3184 2489 3234 2544 έν
3276 2490 3463 2562 Ῥώμῃ

1809 2579 2017 2658 διῆγον,
2048 2577 2280 2643 εὐσεϐῶς
2327 2581 2421 2654 μὲν
2458 2582 2721 2656 βιοῦντες,
2770 2579 2859 2634 καὶ
2910 2579 3101 2649 πένησι
3146 2579 3213 2633 τὰ
3260 2578 3458 2633 ἑαυτῶν

1808 2676 2176 2748 χορηγοῦντες
2211 2672 2276 2739 ⁸⁸,
2309 2670 2398 2725 καὶ
2428 2675 2598 2724 πᾶσαν
2652 2666 2829 2735 ἄλλην
2882 2668 3078 2744 ἀρετὴν
3134 2667 3463 2743 μετερχόμε-

1808 2781 1916 2833 νοι,
1944 2756 2051 2822 ἕως
2084 2759 2137 2815 έν
2164 2760 2325 2836 γήρει
2352 2757 2507 2830 καλῷ
2533 2759 2600 2812 τὰ
2631 2756 2854 2813 ἐνταῦθα
2883 2755 3160 2827 λιπόντες,
3198 2756 3297 2824 τήν
3330 2757 3461 2831 Χρι-

1811 2853 1939 2904 στοῦ
1972 2848 2247 2925 βασιλείαν
2281 2845 2611 2919 ἠλλάξαντο.
2645 2847 2952 2923 ἀρχέτυπον
2991 2844 3113 2923 βίου
3150 2846 3241 2900 καὶ
3289 2845 3461 2920 παρά-

1813 2935 2014 3013 δειγμα
2057 2938 2193 3013 πρὸς
2242 2937 2437 3013 ἀρετὴν
2492 2932 2899 3012 ἀκριϐέστατον,
2949 2936 3041 2990 τὸν
3088 2935 3289 2989 ἑαυτῶν
3344 2933 3459 3009 βίον

1813 3031 1882 3102 τῇ
1913 3025 2199 3099 Ῥωμαίων
2229 3025 2642 3101 παρασχόμενοι
2674 3024 2945 3095 πολιτείᾳ.

136 3112 364 3171 CXLIV.
423 3115 707 3171 Caeterum
767 3131 874 3187 ego
921 3116 1188 3172 Clemens
1246 3133 1379 3172 cum
1428 3115 1701 3173 fratribus

1859 3091 2112 3174 [CXL-IV.
2151 3091 2452 3192 'Eydi'pév"
2470 3091 2556 3169 τοι
2606 3111 2849 3187 Κλήμης
2904 3091 3036 3185 μετὰ
3070 3115 3179 3168 τῶν
3215 3107 3461 3183 ἀδελφῶν

68 3202 259 3259 adhuc
300 3205 455 3275 apud
490 3205 720 3259 Petrum
752 3205 1047 3260 doctorem
1083 3205 1293 3272 mansi,
1323 3206 1423 3277 qui
1455 3221 1708 3278 evange-

62 3291 187 3347 licae
235 3291 632 3363 praedicationi
678 3293 1007 3361 insistebat,
1047 3299 1104 3350 et
1154 3296 1486 3366 complures
1534 3294 1708 3350 variis

62 3379 285 3436 morbis
316 3398 381 3436 ac
415 3381 891 3453 perpessionibus
922 3384 1187 3438 curabat.
1220 3383 1439 3438 Deinde
1468 3382 1568 3439 ille
1612 3400 1709 3438 ur-

60 3469 234 3525 bibus
265 3470 611 3543 peragratis,
646 3472 891 3526 Romam
925 3488 1155 3543 quoque
1206 3472 1503 3542 pervenit;
1536 3476 1713 3543 atque

60 3558 133 3615 iis
165 3559 264 3630 qui
314 3560 740 3615 concurrebant
771 3561 1011 3615 verbum
1046 3560 1280 3632 pietatis
1320 3560 1710 3631 annuntiavit,

70 3648 406 3719 multosque
437 3665 538 3720 per
568 3650 931 3721 baptismum
964 3651 1210 3705 adduxit
1240 3652 1311 3705 ad
1344 3649 1557 3707 Christi
1590 3649 1717 3705 reli-

71 3737 326 3809 gionem,
360 3743 479 3793 tam
509 3738 663 3794 viros
695 3756 872 3809 quam
898 3739 1172 3795 mulieres
1197 3757 1210 3807 ;
1241 3740 1383 3795 adeo
1416 3744 1480 3794 ut
1510 3745 1566 3795 et
1587 3740 1715 3794 bre-

65 3826 121 3882 vi
151 3831 414 3899 tempore
446 3827 731 3882 nobilium
764 3826 1078 3884 mulierum
1140 3828 1508 3896 clarissimis,
1544 3845 1716 3901 quas-

72 3931 184 3987 que
209 3916 396 3971 solent
418 3921 722 3972 matronas
744 3933 1107 3989 nuncupare,
1137 3918 1561 3989 propemodum
1587 3918 1716 3973 uni-

71 4004 258 4061 versis
287 4006 647 4077 persuaserit
675 4007 747 4061 ad
780 4011 1047 4061 sanctum
1070 4007 1364 4078 baptisma
1384 4008 1716 4080 confugere,

77 4109 143 4149 ac
174 4098 286 4149 Deo
317 4094 570 4150 credere.

150 4182 353 4237 CXLV.
389 4184 563 4238 Porro
597 4200 730 4238 cum
762 4183 1017 4255 ipsijam
1048 4184 1164 4239 vita
1189 4183 1569 4255 relinquenda
1592 4183 1719 4255 fuit,

79 4275 136 4328 et
167 4272 654 4343 proficiscendum
687 4273 760 4327 ad
806 4274 1156 4344 magistrum
1187 4273 1505 4339 Christum,
1538 4274 1722 4329 Evan-

78 4361 215 4433 gelii
261 4378 434 4417 cursu
486 4367 893 4417 consummato
924 4375 948 4399 τι
996 4362 1072 4431 (id
1125 4361 1339 4434 quippe
1390 4366 1593 4417 notum
1639 4363 1724 4418 illi

1817 3203 1895 3261 ἔτι
1924 3203 2070 3281 παρᾶ
2103 3209 2184 3277 τῷ
2214 3201 2526 3277 διδασκάλῳ
2575 3201 2766 3279 Πέτρῳ
2819 3203 3167 3276 μεμενηκὼς,
3215 3199 3466 3277 ἐχομένῳ

1815 3316 1874 3351 τε
1901 3298 1998 3350 τοῦ
2027 3292 2403 3371 κηρύγματος,
2461 3292 2553 3347 καὶ
2610 3291 2860 3354 πολλοὺς
2909 3290 2962 3346 ἐν
2994 3289 3262 3346 ποικίλων
3291 3289 3463 3343 νόσων

1816 3382 1905 3440 καὶ
1938 3384 2121 3438 παθῶν
2154 3382 2395 3455 ἰωμένῳ·
2430 3381 2579 3437 Ἐπεῖ
2608 3381 2704 3445 τὰς
2748 3378 2941 3444 πόλεις
2976 3379 3179 3441 ἐκεῖνος
3224 3372 3464 3452 ἀμείϐων

1822 3472 2014 3552 ἔφθασε
2071 3470 2162 3526 καί
2219 3471 2295 3533 είς
2349 3470 2588 3544 Ῥώμην,
2645 3471 2736 3525 καὶ
2792 3476 2909 3532 τοῖς
2968 3467 3205 3524 συνιοῦσί
3247 3468 3337 3522 τὸν
3367 3473 3466 3535 τῆς

1823 3557 2093 3623 εὐσεϐείας
2143 3558 2311 3635 λόγον
2354 3557 2636 3635 διήγγειλε
2673 3562 2737 3631 ’9,
2786 3560 2878 3614 καὶ
2918 3555 3165 3619 πολλοὺς
3209 3560 3287 3628 τῷ
3320 3555 3468 3630 μέρει

1823 3654 2059 3725 Χριστοῦ
2107 3651 2428 3726 προσήγαγε
2478 3646 2568 3703 διὰ
2604 3652 2701 3703 τοῦ
2762 3646 3152 3724 βαπτίσματος,
3187 3641 3383 3721 ἄνδρας
3412 3664 3471 3699 τε

1824 3739 1913 3796 καὶ
1964 3744 2242 3816 γυναῖκας,
2287 3738 2361 3800 ὡς
2409 3737 2498 3792 καὶ
2541 3742 2650 3792 τῶν
2701 3737 2923 3815 εὐγενῶν
2962 3740 3224 3812 γυναικῶν
3257 3736 3351 3797 τὰς
3381 3754 3472 3788 πε-

1828 3829 2225 3907 ριφανεστέρας,
2276 3827 2365 3881 καὶ
2416 3827 2478 3889 ἃς
2525 3827 2554 3881 ὁ
2599 3826 2762 3903 λόγος
2816 3826 3100 3901 ματρώνας
3143 3822 3259 3879 οἶδε
3285 3822 3469 3879 καλεῖν

1827 3920 1963 3994 (1⁸7),
1996 3917 2044 3973 ἐν
2081 3915 2261 3992 ὀλίγῳ
2290 3916 2479 3992 χρόνῳ
2522 3919 2720 3993 μικροῦ
2752 3913 2860 3970 δεῖν
2891 3916 3064 3977 πάσας
3103 3910 3470 3990 προσδραμεῖν

1828 4012 2012 4064 πεῖσαι
2038 4011 2118 4079 τῷ
2146 4004 2283 4082 ἀγίῳ
2318 4002 2672 4082 βαπτίσματι,
2703 4001 2793 4060 καί
2821 4007 3098 4059 πιστεῦσαι
3121 4006 3259 4074 Θεῷ.

1903 4186 2107 4241 CXLV.
2139 4181 2381 4256 Ἔμελλε
2411 4179 2469 4237 δὲ
2495 4180 2584 4237 καὶ
2618 4180 2778 4244 αὐτὸς
2817 4178 2924 4252 ἤδη
2963 4181 3055 4235 τὸν
3105 4177 3223 4255 βίον
3274 4176 3476 4233 ἀπολε-

1832 4278 1974 4345 πεῖν,
2027 4272 2114 4327 καὶ
2164 4272 2301 4345 πρὸς
2349 4272 2441 4326 τὸν
2495 4268 2820 4326 διδάσκαλον
2868 4267 3180 4342 έπδημῆσαι
3229 4265 3475 4342 Χριστὸν,

1831 4364 1923 4418 τὸν
1979 4365 2077 4416 τοῦ
2128 4359 2465 4436 Εὐαγγελίου
2524 4357 2728 4435 δρόμον
2796 4357 3110 4419 τετελεκώς*
3190 4356 3304 4412 ἐπεί
3377 4370 3479 4430 περ

78 4456 222 4517 erat,
256 4452 528 4523 quodque
560 4451 685 4524 ipse
714 4451 888 4508 etiam
917 4453 988 4507 ad
1031 4468 1286 4517 crucem,
1321 4455 1387 4506 ut
1434 4466 1567 4507 cum
1602 4452 1691 4508 Ma

1833 4448 2068 4527 ἔγνωστο
2111 4449 2290 4523 τούτῷ
2322 4451 2390 4487 ¹⁰⁰
2436 4448 2526 4504 καὶ
2574 4446 2657 4503 ὅτι
2708 4452 2921 4524 σταυρῷ
2973 4445 3165 4521 μέλλει
3204 4445 3295 4502 καὶ
3325 4445 3480 4506 οὗτος

77 4540 259 4613 gistro
290 4541 623 4612 passionem
657 4546 714 4596 et
743 4540 988 4613 gloriam
1031 4557 1405 4596 communem
1458 4540 1719 4610 haberet,

75 4629 447 4685 damnandus
477 4631 652 4701 esset)
679 4648 691 4699 ;
727 4647 844 4685 una
874 4630 1244 4702 congregatis
1274 4628 1503 4685 cunctis
1536 4630 1725 4685 fratri~

74 4717 209 4787 bus,
244 4718 609 4791 apprehensa
640 4736 819 4775 manu
854 4735 1002 4787 mea,
1037 4722 1201 4774 stans
1232 4718 1292 4773 in
1342 4717 1538 4774 media
1583 4735 1723 4774 con-

148 4816 225 4889 (a)
258 4817 305 4872 II
335 4816 485 4872 Tim.
521 4834 593 4887 IV,
626 4821 675 4872 Ἰ.

1832 4544 2245 4615 κατακριθῆναι,
2290 4534 2375 4593 l'va
2417 4541 2496 4609 τῷ
2546 4534 2859 4609 διδασκάλῳ
2904 4536 2993 4591 καὶ
3032 4535 3235 4600 πάθους
3282 4555 3479 4589 κοινω-

1829 4628 1968 4701 νήσῃ
2010 4627 2100 4681 καὶ
2150 4623 2311 4698 δόξης
2342 4647 2356 4659 ·
2404 4631 2503 4700 μιᾷ
2548 4626 3022 4703 συνηθροισμένων
3072 4629 3178 4680 τῶν
3230 4620 3480 4701 ἀδελφῶν

1832 4717 2067 4786 πάντων,
2098 4722 2200 4786 τῆς
2231 4714 2417 4792 χειρός
2450 4737 2555 4791 μου
2586 4711 2917 4791 λαϐόμενος,
2949 4713 3074 4778 στὰς
3130 4713 3182 4770 έν
3234 4712 3368 4787 μέσῃ
3411 4715 3481 4785 τῇ

1433 4895 1675 4953 VARI/E
1712 4894 2124 4951 LECTIONES.

153 4995 197 5032 ’7
230 4993 306 5051 al.
339 4991 724 5070 χαρισάμενος.
757 4994 801 5030 9⁸
834 4992 909 5051 al.
944 4991 1430 5067 έπιχορηγοῦντες.
1464 4994 1508 5029 ⁹⁹
1537 4992 1610 5049 al.
1645 4988 1963 5067 διήγγελλε.
1998 4992 2066 5029 ¹⁰⁰
2095 4990 2169 5048 al.
2199 4993 2382 5048 τοῦτο.

1452 5107 1836 5165 VARIORUM
1875 5107 2105 5164 NOTIE.

154 5202 534 5284 (16)Τιϐερίῳἴ
560 5207 741 5264 Aliter
769 5207 1158 5284 Nicephorus,
1172 5208 1321 5284 _Hz'§t.
1354 5207 1507 5284 each,
1541 5206 1640 5284 lib.
1659 5222 1729 5284 ii,

84 5277 212 5361 cap.
234 5277 335 5353 35.
367 5277 628 5361 A'cujus
646 5277 1543 5361 sententia‘discedit.Frecult‘us
1573 5282 1621 5361 ιι
1658 5277 1731 5345 ΙΙ,

81 5349 185 5409 lib‘.
210 5349 253 5409 ιι
307 5370 433 5425 cap.
476 5349 555 5408 l0.
592 5355 691 5407 Est
713 5357 909 5406 autem
932 5351 1239 5421 Nicephori
1263 5351 1575 5418 sententia,
1608 5349 1731 5405 haec

88 5425 198 5480 sub
229 5400 453 5480 l‘ierone
483 5423 818 5480 contigisse.
852 5426 982 5477 Co'r.

88 5425 198 5483 sub
229 5425 453 5480 Nerone
483 5425 818 5495 contigisse.
852 5426 982 5477 Co'r.

92 5570 127 5577 Δ
158 5495 493 5577 Καὶῃᾷς
542 5495 569 5548 ὁ
623 5492 792 5577 λόγος
841 5492 1126 5575 ματρῴνας
1173 5488 1287 5545 οἶδε
1331 5489 1732 5577 κοιλιεῖνλῐλθεὶίι

87 5562 364 5626 Barthius
395 5568 499 5625 lib.
529 5584 684 5624 xxxu
707 5562 1171 5624 'Advérsa'riorum
1206 5580 1332 5636 cap.
1384 5565 1488 5620 14ε
1536 5562 1597 5623 ἃς
1640 5562 1731 5617 καὶ

1845 5205 2128 5290 ματρῴνας
2182 5203 2211 5260 ὁ
2270 5200 2434 5279 λόγος
2465 5200 2581 5290 οἶδε
2610 5201 2794 5259 καλεῖν
2820 5220 2998 5287 parva
3026 5203 3262 5290 quidem
3284 5207 3482 5290 trans-

1840 5276 2148 5361 positione,
2182 5276 2384 5333 verum
2416 5276 3040 5359 minimenecessaria.
3062 5276 3167 5332 Per
3182 5279 3481 5359 matronas

1840 5348 2253 5406 intelliguntur
2273 5349 2527 5405 honestae
2550 5348 3063 5406 femnnm.houesto
3088 5347 3385 5406 nobilique
3405 5347 3485 5404 Io-

1839 5349 2253 5432 intelliguntur
2273 5349 2527 5405 honestae
2550 5349 3063 5414 feminm,houesto
3088 5349 3385 5437 nobilique
3405 5349 3475 5404 lo-

1840 5436 1906 5475 co
1938 5426 2086 5475 natae
2115 5437 2127 5487 ;
2162 5420 2387 5476 discere
2416 5424 2507 5477 est
2534 5437 2603 5476 ex
2633 5421 2892 5476 Cedreno
2921 5424 2977 5475 et
3023 5421 3235 5474 Serv10.
3300 5423 3373 5472 Eo
3411 5421 3475 5488 τή

1839 5494 1945 5545 τῶν
1980 5490 2382 5547 Ματοωναλίων
2430 5496 2790 5547 memoratur
2831 5509 2865 5547 a
2910 5490 3221 5547 Plutarcho
3267 5489 3327 5545 in
3376 5437 3475 5547 ἷζο-

1838 5494 1945 5545 τῶν
1980 5497 2098 5546 Ματ
2137 5490 2382 5546 ωναλιων
2430 5496 2790 5550 memoratur
2831 5509 2865 5549 a
2910 5490 3221 5549 Plutarcho
3267 5490 3327 5545 in
3376 5490 3476 5549 Ro-

1839 5564 1984 5621 muli
2016 5510 2169 5620 γίἐρα.
2205 5564 2287 5619 ID.
