4014 6202
333 413 437 472 577

1063 400 1597 463 CLEMENTINA.
1635 398 2089 460 —EPITOME
2135 401 2236 460 DE
2282 404 2557 467 GESTIS
2603 408 2670 468 S.
2717 408 2974 468 PETRI.

3608 412 3727 474 5'78

330 536 588 610 ἐκκλησίᾳ·
649 534 943 591 Ἀκούσατέ
998 554 1126 606 μου,
1181 531 1307 610 ἔφη,
1369 533 1526 587 τέκνα
1573 530 1662 586 καὶ
1713 527 1962 608 ἀδελφοίυ

2107 531 2246 590 :inne
2275 539 2329 591 et
2360 537 2603 594 ecclesia
2634 555 2646 592 :
2684 540 2894 595 Audite
2927 541 3371 612 me,inquit,ﬁ1ii
3402 549 3458 598 et
3488 544 3728 603 fratres:

327 634 414 685 τοῦ
447 627 533 702 μὶν
566 626 703 698 ἐμοῦ
734 623 949 699 δρόμου
997 623 1060 677 τὸ
1107 620 1267 683 τέλος
1319 620 1492 697 ἐγγύςο
1541 624 1705 675 τοῦτο
1749 619 1972 695 γὰρκαὶ

327 716 426 788 ἤδη
489 737 581 789 μοι
631 712 914 789 ἔγνωσται’
975 709 1268 784 Κλήμεντα
1326 707 1384 764 δὲ
1442 706 1634 764 τοῦτον
1679 707 1974 763 ἐπίσκοπον

330 808 453 878 ὑμῖν
480 807 780 879 χειροτονῶ
808 802 1070 874 σήμερον,
1103 799 1148 870 ᾧ
1177 798 1267 852 καὶ
1313 799 1414 866 τήν
1466 797 1604 870 ἐμὴν
1633 801 1742 851 τῶν
1791 796 1975 870 λόγων

328 895 605 951 ἐπίστευσα
636 894 705 948 ¹.³
735 887 1018 965 καθέδραν,
1051 887 1126 948 ὡς
1156 887 1413 963 ἀπαρχῆς
1449 909 1543 960 μοι
1573 886 1662 942 καὶ
1699 886 1866 962 μέχρι
1889 890 1980 940 νῦν

330 979 710 1039 συνοδεύσαντα
744 1024 758 1048 ,
815 977 904 1032 καὶ
966 976 1108 1031 οὕτω
1156 981 1340 1031 πασῶν
1414 998 1519 1050 μου
1575 979 1682 1030 τῶν
1742 974 1978 1048 ὁμιλιῶν

332 1069 708 1141 ἐπακούσαντα,
762 1068 821 1130 ὃς
872 1065 923 1122 ἐν
974 1065 1105 1122 πᾶσί
1155 1086 1248 1139 μοι
1278 1069 1384 1121 τῶν
1436 1069 1755 1139 πειρασμῶν
1787 1083 1980 1119 κοινω-

329 1165 512 1233 νήσας,
569 1162 638 1233 τῇ
713 1156 894 1212 πίστει
971 1160 1388 1232 προσκαρτερῶν
1447 1154 1640 1225 εὑρέθη
1682 1175 1694 1189 ο
1755 1154 1812 1209 ’ὸν
1873 1151 1982 1227 ἐγὼ

332 1244 678 1327 ἀκριϐέστατα
723 1245 936 1301 πάντων
989 1241 1111 1298 οἴδα
1159 1237 1386 1313 θεοσεϐῆ
1431 1243 1521 1298 καὶ
1566 1242 1980 1321 φιλάνθρωπον,

333 1338 478 1416 ἁγνόν
527 1357 589 1392 τε
633 1334 725 1391 καί
773 1336 1046 1413 σώφρονα,
1079 1332 1300 1410 ἀγαθὸν,
1334 1329 1570 1402 δίκαιον,
1606 1331 1980 1408 μακρόθυμον,

327 1430 407 1485 καὶ
436 1425 702 1503 γενναίως
753 1421 936 1479 εἰδότα
990 1422 1169 1501 φέρειν
1221 1422 1318 1484 τὰς
1366 1420 1519 1476 ἐνίων
1549 1425 1658 1476 τῶν
1705 1440 1983 1496 κατηχου-

333 1517 494 1592 μένων
533 1512 876 1591 ἀχαριστίας.
909 1509 1004 1568 Διὸ
1053 1511 1198 1584 αὐτῷ
1243 1508 1579 1584 μεταδίδωμι
1610 1512 1708 1578 τῆς
1741 1508 1980 1580 ἐξουσίας

327 1610 415 1662 τοῦ
445 1603 665 1678 δεσμεῖν
695 1624 754 1659 τε
781 1602 872 1658 καὶ
905 1601 1074 1657 λύειν.
1111 1602 1273 1671 Δήσει
1305 1601 1409 1675 γὰρ
1439 1601 1469 1654 ὃ
1501 1597 1584 1654 δεῖ
1621 1596 1861 1670 δεθῆναι,
1887 1598 1978 1653 καὶ

332 1695 469 1751 λύσει
502 1694 725 1754 πάντως
755 1693 786 1747 ’ὀ
830 1689 913 1746 δεῖ
945 1691 1196 1759 λυθῆναι,
1245 1689 1322 1750 ὡς
1361 1687 1452 1742 τὸν
1502 1690 1601 1756 τῆς
1647 1685 1977 1755 Ἐκκλησίας

328 1783 517 1839 κανόνα
576 1781 760 1842 καλῶς
821 1777 1001 1841 εἰδώς.
1060 1775 1238 1833 Δύτοῦ
1298 1774 1390 1832 οὖν
1442 1777 1722 1846 ἀκυύσατε,
1773 1771 1974 1838 εἰδότες

2088 637 2296 680 cursus
2328 625 2565 698 quidem
2597 627 2708 682 mei
2743 628 2875 683 finis
2907 645 3082 700 prope
3112 640 3200 685 est
3222 649 3234 686 :
3256 633 3316 686 Id
3347 633 3501 689 enim
3533 637 3731 706 etjam

2089 710 2232 766 mihi
2265 718 2353 768 est
2389 715 2687 786 cognitum
2722 733 2734 770 :
2769 715 3120 773 Clementem
3153 725 3348 776 autem
3399 722 3574 796 hunc,
3609 727 3730 798 epi-

2089 815 2331 872 scopum
2364 803 2526 858 vobis
2543 803 2713 858 hodie
2742 805 3073 870 ordino;cui
3107 811 3164 861 et
3183 824 3370 864 meam
3391 815 3730 870 sermonum

2090 889 2428 945 cathedram
2483 893 2653 946 credo
2697 908 2710 958 ;
2762 893 3038 961 quoniam
3088 894 3160 948 ab
3209 894 3378 951 initio
3429 897 3732 972 hucusque

2090 994 2286 1034 comes
2333 979 2477 1034 mihi
2510 979 2638 1046 fuit,
2672 978 2866 1050 sicque
2920 997 3122 1036 omnes
3162 984 3382 1039 audivit
3427 989 3735 1046 conciones

2093 1083 2291 1136 meas;
2327 1067 2424 1138 qui
2474 1068 2533 1122 in
2584 1069 2860 1123 omnibus
2908 1070 3200 1142 particeps
3247 1075 3637 1133 tentationum
3687 1084 3745 1134 et

2094 1156 2588 1228 periclitationum
2622 1173 2888 1212 mearum
2922 1159 3195 1225 factus,in
3233 1161 3346 1217 ﬁde
3377 1180 3744 1234 perseverare

2092 1246 2364 1308 inventus
2394 1250 2520 1315 est;
2555 1262 2731 1318 quem
2781 1263 2887 1319 ego
2919 1249 3184 1304 omnium
3234 1252 3560 1311 certissime
3609 1257 3743 1313 novi
3803 1297 3806 1300 -

2091 1349 2220 1390 esse
2251 1335 2349 1390 Dei
2380 1334 2687 1401 cultorem,
2719 1339 2776 1390 et
2805 1335 3111 1392 hominum
3145 1344 3461 1410 amantem,
3487 1348 3742 1415 castum,

2092 1439 2158 1480 ac
2207 1427 2651 1496 temperantem,
2699 1424 2944 1489 bonum,
2989 1427 3245 1496 justum,
3298 1431 3636 1500 patientem,
3685 1438 3744 1491 et

2088 1512 2377 1568 valentem
2432 1513 2658 1568 fortiter
2687 1513 2834 1569 ferre
2861 1513 3093 1586 ingrata
3142 1517 3399 1574 facinora
3429 1522 3742 1579 nonnullo-

2088 1619 2220 1657 rum
2268 1601 2371 1674 qui
2419 1601 2752 1657 Christiana
2821 1603 3169 1660 imbuuntur
3219 1608 3502 1665 doctrina.
3555 1611 3744 1674 Quare

2086 1692 2168 1770 illi
2204 1693 2372 1746 trado
2403 1696 2756 1762 potestatem
2791 1690 3009 1762 ligandi
3044 1699 3099 1748 et
3151 1695 3413 1752 solvendi
3445 1715 3487 1755 ι.
3521 1699 3749 1772 Ligabit

2085 1781 2244 1844 enim
2276 1781 2431 1851 quod
2483 1780 2654 1851 ligari
2692 1787 2938 1850 oportet,
2992 1789 3047 1836 et
3097 1783 3278 1839 solvet
3308 1788 3545 1844 omnino
3599 1793 3752 1862 quod

332 1873 406 1929 ὅτι
437 1874 464 1927 6
493 1871 590 1927 τὸν
643 1867 898 1940 ἀληθείας
946 1867 1415 1942 προκαθεζόμενον
1469 1865 1680 1934 λυπῶν,
1731 1865 1807 1927 είς
1840 1871 1970 1938 Χρι-

2107 1870 2239 1925 solvi
2305 1869 2508 1934 debet;
2545 1874 2606 1923 ut
2636 1870 2735 1938 qui
2769 1868 3038 1924 Ecclesia:
3085 1887 3365 1928 canonem
3399 1893 3464 1930 ac
3494 1878 3759 1949 regulam

335 1963 448 2018 στὸν
479 1957 801 2036 ἁμαρτάνει,
827 1957 917 2013 καὶ
946 1957 1038 2011 τὸν
1085 1956 1290 2031 πατέρα
1335 1959 1440 2009 τῶν
1487 1955 1633 2010 ὅλων
1666 1954 1978 2030 παροργίζει

335 2051 475 2107 Θεόν·
534 2046 600 2103 οὗ
651 2045 845 2110 ε’ίνεκεν
900 2045 963 2100 οὐ
1012 2047 1250 2116 ζήσεται.
1297 2045 1396 2100 Καὶ
1440 2044 1596 2099 αὐτὸν
1648 2042 1738 2098 οὖν
1787 2041 1870 2098 δεῖ
1897 2043 1986 2097 τὸν

335 2136 798 2216 προκαθεζόμενον
829 2178 844 2205 ,
900 2135 1090 2212 ἱατροῦ
1145 2133 1310 2189 τόπον
1372 2132 1612 2209 ἐπέχειν,
1675 2133 1738 2188 ού
1794 2132 1989 2210 θηρίου

339 2228 545 2304 ἀλόγου
579 2225 774 2300 θυμόν.

405 2498 645 2553 CLXVI.
675 2490 850 2548 Ταῦτα
879 2490 1043 2546 αὐτοῦ
1085 2487 1367 2565 λέγοντος,
1409 2487 1514 2565 ἐγὼ
1539 2485 1778 2562 Κλήμης
1817 2491 1992 2544 πεσὼν

342 2584 424 2639 ἐπὶ
452 2591 588 2660 γῆς,
629 2581 803 2643 πολὺς
849 2581 916 2651 ἦν
948 2584 1044 2635 τοῦ
1081 2576 1410 2634 διδασκάλου
1461 2573 1737 2650 δεόμενος,
1784 2577 1873 2634 καί
1904 2580 1994 2634 τὸν

342 2673 530 2744 θρόνον
585 2672 658 2734 ὡς
718 2668 954 2743 μάλιστα
1008 2667 1440 2744 παραιτούμενος
1475 2709 1488 2723 .
1551 2666 1711 2722 Ἀλλ’
1768 2668 1796 2721 6
1855 2674 1997 2732 θεῖος

341 2759 671 2822 ἀπόστολος·
719 2765 848 2832 Περι
897 2758 1094 2813 τούτου
1141 2779 1207 2830 με
1257 2758 1332 2830 μή
1383 2755 1554 2829 ἀξίου,
1605 2757 1796 2824 εἰπὼν,
1837 2756 1998 2834 ἆγᾶρ
2039 2761 2042 2764 ”

343 2853 370 2906 6
400 2852 531 2913 Θεὸς
572 2849 826 2926 βούλεται
855 2851 895 2919 ⁴,
927 2849 1010 2903 τίς
1039 2847 1220 2909 ἱκανὸς
1268 2846 1566 2922 ἀνθρώπων
1610 2843 1948 2901 διασκεδάσαι
1986 2866 1999 2916 ;

345 2942 457 2994 Ἔτι
491 2939 636 3015 πρὸς
662 2939 725 2992 τὸ
773 2944 988 3006 πλῆθος
1023 2933 1170 2990 ἰδών
1203 2935 1302 2989 Καὶ
1357 2935 1532 3008 ὑμεῖς,
1580 2933 1704 3012 ἔφη,
1739 2935 2001 3011 ἀγαπητοὶ

346 3027 602 3107 ἀδελφοὶ,
633 3028 732 3096 τὴν
789 3023 1154 3104 ὀφειλομένην
1185 3024 1260 3087 ὡς
1298 3024 1460 3098 πατρὶ
1491 3025 1657 3097 τιμὴν
1705 3026 1792 3079 καὶ
1826 3024 2002 3080 εὐπεί-

349 3121 484 3173 θειαν
561 3113 650 3171 διὰ
724 3116 922 3176 παντὸς
978 3111 1297 3169 ἀποδιδόναι
1360 3119 1440 3184 τῷ
1497 3114 1646 3185 ὑμῶν
1705 3114 1866 3188 πατρὶ
1927 3115 2001 3187 μὴ

353 3204 642 3261 ἐλλίποιτε
672 3207 711 3241 δ’
772 3203 917 3259 οὕτω
974 3203 1078 3279 γὰρ
1132 3202 1222 3257 καὶ
1282 3202 1436 3274 ὑμεῖς
1493 3201 1871 3274 ποιμαίνεσθαι
1915 3223 2006 3257 κα-

2096 1959 2274 2031 probe
2304 1962 2636 2028 cognoscat.
2665 1958 2863 2028 Ipsum
2898 1975 3034 2030 ergo
3067 1961 3301 2029 audite;
3338 1966 3754 2034 scientes,eum

2098 2048 2198 2120 qui
2228 2047 2488 2102 veritatis
2521 2046 2753 2118 praesidi
2798 2047 3123 2103 molestiam
3177 2051 3428 2119 exhibet,
3460 2054 3518 2110 in
3552 2056 3752 2113 Chris-

2098 2142 2224 2193 tum
2255 2140 2578 2208 peccare,et
2611 2137 2789 2191 Deum
2823 2136 3228 2194 universorum
3249 2147 3470 2212 patrem
3505 2144 3749 2202 incitare

2101 2227 2172 2281 ad
2210 2225 2751 2296 iram;quapropter
2782 2241 2893 2279 non
2922 2243 3050 2282 esse
3081 2227 3526 2303 victurum.Ipse
3550 2234 3752 2307 itaque

2103 2330 2318 2387 praeses
2371 2314 2544 2369 debet
2600 2314 2812 2368 medici
2843 2313 3035 2370 locum
3070 2317 3348 2386 obtinere,
3383 2337 3497 2377 non
3552 2323 3750 2380 bestiae

2103 2404 2328 2460 ratione
2355 2402 2608 2458 carentis
2641 2403 2916 2459 furorem.

2177 2495 2406 2548 CXLVI.
2440 2492 2570 2548 Haec
2618 2508 2685 2547 eo
2719 2493 2968 2560 dicente,
2998 2511 3103 2567 ego
3148 2495 3418 2554 Clemens
3450 2501 3760 2572 procidens

2108 2582 2166 2638 in
2217 2587 2455 2652 terram,
2487 2580 2710 2638 multus
2759 2598 2914 2637 eram
2951 2582 3009 2636 in
3056 2587 3274 2641 orando
3327 2589 3580 2659 doctore,
3612 2596 3668 2646 et
3697 2591 3758 2648 in

2110 2672 2247 2727 sede
2278 2687 2454 2742 quam
2502 2671 2751 2726 maxime
2783 2672 3166 2742 deprecanda.
3199 2675 3304 2730 Sed
3355 2676 3587 2735 divinus
3618 2697 3756 2752 apo-

2111 2760 2299 2816 stolus
2333 2776 2344 2813 :
2379 2758 2502 2814 Noli
2557 2776 2669 2826 me,
2703 2759 2866 2827 dixit,
2901 2761 2971 2815 de
3021 2760 3129 2816 hoc
3161 2780 3362 2835 rogare
3394 2784 3407 2820 :
3444 2784 3566 2838 qua;
3598 2770 3756 2825 enim

2117 2852 2266 2906 Deus
2296 2847 2579 2919 vult,quis
2611 2848 2915 2904 hominum
2949 2849 3234 2922 dissipare
3270 2855 3523 2924 poterit?
3555 2861 3759 2913 Postea

2113 2939 2183 2994 ad
2219 2938 2655 2993 multitudinem
2692 2938 3046 3010 respiciens:
3083 2939 3148 2994 Et
3176 2958 3297 3008 vos,
3332 2944 3760 3015 inquit,fratres

2115 3026 2734 3092 charissimi,debitum
2773 3031 2834 3080 ut
2853 3027 3000 3097 patri
3033 3027 3310 3085 honorem
3330 3036 3388 3087 et
3410 3034 3762 3106 obsequium

2116 3133 2219 3188 per
2264 3115 2461 3170 omnia
2506 3115 2725 3169 deferre
2775 3117 2929 3169 Patri
2976 3120 3168 3172 vestro
3219 3136 3291 3174 ne
3335 3121 3630 3179 desinite:
3681 3124 3766 3180 ita

2119 3204 2333 3278 quippe
2356 3209 2412 3260 et
2440 3203 2601 3258 vobis
2633 3209 2786 3259 recte
2807 3205 2927 3276 regi
2951 3222 3052 3260 seu
3073 3207 3235 3279 pasci
3255 3211 3572 3283 continget;
3589 3217 3763 3284 atque

356 3295 464 3358 λῶς
495 3294 670 3366 ἕξετε,
701 3293 791 3348 καὶ
823 3293 1035 3366 ποιμὴν
1079 3293 1233 3354 οὗτος
1263 3289 1430 3359 ἔσται,
1461 3291 1552 3345 καὶ
1601 3289 1663 3346 οὐ
1717 3293 1985 3364 μισθωτὸς

2122 3295 2232 3350 iste
2263 3294 2374 3348 erit
2404 3295 2623 3364 pastor,
2656 3308 2770 3346 non
2805 3269 3552 3369 mercenarius,curam€ue
3572 3269 3767 3374 gregis

353 3390 446 3439 τοῦ
502 3382 771 3456 ποιμνίου
829 3378 1261 3454 ἐπιμελούμενος
1305 3423 1319 3436 .
1360 3381 1574 3434 Ἔσεσθε
1609 3410 1611 3412 ·
1647 3380 1749 3456 γὰρ
1810 3377 1991 3436 εἰδότε.

2123 3383 2425 3455 suscipiet.
2475 3381 2621 3437 Nam
2654 3381 2858 3437 scitote
2884 3399 3017 3438 eum
3053 3385 3154 3456 qui
3204 3388 3421 3457 pastori
3471 3405 3536 3443 ac
3579 3391 3767 3464 magi-

355 3474 424 3535 ὡς
455 3475 484 3528 6
517 3473 615 3527 τὸν
667 3469 906 3544 ποιμένα
957 3491 1016 3526 τε
1071 3469 1162 3524 καὶ
1221 3465 1544 3523 διδάσκαλον
1599 3467 1651 3522 ἐν
1710 3473 1826 3530 τοῖς
1880 3489 1991 3524 κατ‹

2124 3477 2243 3528 stro
2294 3469 2590 3541 negotium
2623 3469 2680 3524 in
2733 3471 2906 3525 rebus
2937 3488 3063 3543 quae
3115 3474 3184 3528 ad
3237 3475 3420 3530 Deum
3477 3478 3771 3548 pertinent

350 3565 476 3618 Θεὸν
510 3562 729 3632 λυπῶν,
758 3561 820 3615 τὸ
868 3558 964 3615 τοῦ
1013 3556 1144 3615 Θεοῦ
1175 3562 1383 3630 πνεῦμα
1423 3562 1607 3626 λυπεῖ,
1639 3557 1700 3612 οὗ
1731 3559 1828 3626 τὴν
1860 3558 1986 3612 καθέ

2125 3559 2379 3625 facessit,
2420 3558 2514 3614 Dei
2563 3558 2867 3630 Spiritum,
2901 3561 3070 3632 cujus
3121 3563 3211 3617 hic
3242 3564 3437 3618 sedem
3471 3570 3526 3619 et
3575 3565 3768 3622 locum

351 3650 478 3728 δραν
513 3649 678 3712 οὗτος
701 3650 791 3704 καὶ
823 3650 912 3704 τὸν
942 3649 1111 3703 τόπον
1141 3647 1346 3723 ἐπέχειο
1380 3650 1469 3701 καὶ
1501 3647 1530 3700 6
1558 3645 1685 3707 τοὺς
1723 3644 1885 3700 αὐτοῦ
1917 3645 1982 3701 λό

2125 3649 2366 3714 obtinet,
2417 3647 2762 3703 contristare
2793 3666 2805 3704 :
2840 3665 3092 3721 eumque
3133 3651 3233 3722 qui
3265 3669 3563 3709 sermones
3608 3654 3770 3711 illius

349 3762 480 3817 γους
536 3739 765 3810 ἀθετῶν,
822 3738 1050 3814 Χριστὸν
1100 3737 1298 3803 ἀθετεῖ,
1346 3734 1436 3790 καὶ
1485 3731 1803 3811 παραϐάτης
1841 3736 1991 3808 νόμοι

2127 3737 2368 3810 spernit,
2387 3735 2682 3791 Christum
2715 3743 3080 3808 spernere,et
3105 3738 3250 3812 legis
3280 3745 3774 3814 transgressorem

351 3830 685 3904 εύρίτκεται.
719 3828 832 3904 Πρὸ
863 3828 1077 3881 πάντων
1105 3823 1162 3880 δὲ
1189 3826 1256 3880 τὰ
1283 3831 1384 3894 τῆς
1413 3823 1646 3886 πίστεως
1681 3825 1807 3898 ὑμῖν
1853 3824 1986 3900 ὑγιῶ

2125 3825 2371 3882 inveniri
2399 3825 2445 3879 δ.
2478 3826 2624 3880 Ante
2655 3826 2849 3880 omnia
2881 3843 3014 3882 vero
3046 3828 3191 3884 ﬁdes
3226 3829 3284 3884 in
3321 3831 3485 3886 vobis
3525 3849 3670 3888 sana
3699 3833 3776 3888 sit

2127 3933 2194 3972 ac
2225 3915 2416 3981 ﬁrma,
2464 3913 2624 3968 nullo
2658 3913 2913 3985 periculo
2964 3916 3294 3986 fluctuans;
3328 3919 3536 3976 deinde
3567 3925 3623 3976 et
3651 3921 3773 3976 vita

2127 4009 2320 4061 vestra
2369 4020 2514 4075 pura
2543 4007 2646 4058 aut
2693 4003 2786 4069 sit,
2822 4009 2921 4058 aut
2971 4005 3296 4074 efﬁciatur;
3330 4009 3774 4082 przesertimque

2130 4093 2422 4150 excolatur
2451 4092 2708 4163 corporis
2741 4094 3322 4161 sanctimonia;nemo
3353 4098 3509 4152 enim
3551 4099 3773 4170 absque

2132 4199 2200 4239 ea
2229 4181 2539 4238 Dominum
2588 4181 2822 4235 videbit.
2858 4186 2973 4236 Pax
3003 4187 3058 4238 et
3090 4184 3254 4255 quies
3296 4184 3450 4241 inter
3479 4204 3582 4243 vos
3612 4187 3776 4242 omni

2134 4272 2306 4328 modo
2341 4271 2794 4335 teneatur.0uod
2831 4271 2876 4324 si
2914 4273 3056 4326 forte
3089 4273 3432 4330 scandalum
3452 4281 3507 4330 et
3537 4275 3781 4332 offensio

2134 4361 2287 4415 inter
2315 4376 2414 4414 vos
2465 4358 2756 4424 acciderit,
2791 4358 2874 4414 sol
2913 4361 2988 4414 ita
3018 4361 3236 4416 affectis
3287 4363 3451 4418 vobis
3483 4381 3599 4420 non
3629 4365 3779 4420 occi-

357 3919 642 3994 ἐχέτωσαν
691 3917 782 3972 καὶ
836 3910 1092 3991 βεϐαίως,
1142 3911 1377 3986 κινδύνῳ
1429 3909 1616 3986 μηδενὶ
1658 3911 2017 3986 σαλευόμενα⁶

352 4005 548 4063 ἔπειτα
570 4004 662 4060 καὶ
694 4005 722 4058 6
758 4003 876 4080 βίος
911 4004 1062 4076 ὑμῶν
1109 4001 1342 4078 καθαρὸς
1393 3995 1551 4071 ἔστω,
1582 4000 1617 4069 ἢ
1658 4001 2014 4077 καθαιρέσθω·

351 4097 444 4152 καὶ
477 4094 920 4171 προηγουμένως
952 4093 980 4146 6
1007 4095 1106 4146 τοῦ
1157 4091 1411 4164 σώματος
1461 4090 1734 4164 ἁγιασμὸς
1779 4088 2018 4145 σπουδα-

363 4181 751 4255 ζέσθωὊύδεῖς
781 4185 884 4257 γὰρ
913 4179 1110 4236 τούτου
1141 4179 1340 4255 χωρὶς,
1369 4179 1461 4234 τὸν
1491 4177 1687 4253 Κύριον
1719 4174 1927 4253 ὄψεται.
1950 4180 2020 4236 Τὸ

360 4272 638 4349 εἰρηνικόν
667 4291 728 4327 τε
757 4272 846 4326 καὶ
876 4270 1084 4345 ἥμερον
1135 4267 1411 4339 ἀλλήλοις
1459 4268 1618 4322 παντὶ
1656 4268 1845 4343 τρόπῳ
1875 4290 2024 4347 περι-

363 4363 629 4419 ποιείσθω
658 4363 745 4419 ⁶.⁹.
780 4359 842 4414 Εἰ
884 4356 942 4414 δὲ
970 4357 1059 4414 καὶ
1091 4352 1330 4430 συμϐαίη
1365 4357 1498 4412 ποτὶ
1526 4355 1792 4427 ἀλλήλων
1830 4357 2025 4431 μεταξὺ

369 4450 696 4518 σκάνδαλον,
733 4450 809 4523 μή
841 4445 1107 4504 ἐπιδυέτω
1155 4447 1280 4520 ὑμῖν
1324 4448 1352 4500 6
1399 4445 1562 4516 ἥλιος
1608 4446 1783 4510 οὕτως
1815 4444 1991 4523 ἔχουσι

2139 4450 2239 4504 dat
2267 4484 2306 4510 ο.
2340 4446 2612 4502 Judicare
2643 4447 2714 4501 de
2743 4448 3002 4518 proximo
3034 4454 3289 4506 cavetote
3321 4468 3334 4505 :
3368 4452 3426 4506 id
3459 4453 3508 4508 si
3538 4452 3778 4525 quidem

366 4547 473 4596 Τοῦ
526 4545 571 4577 ¹⁰
623 4539 820 4615 κρίνειν
878 4539 970 4592 τὸν
1025 4535 1260 4608 πλησίον
1323 4530 1657 4599 εὐλαϐεῖσθεο
1711 4537 1991 4610 φαρισαϊκὸ

2141 4537 2566 4592 Pharisaeorum
2597 4539 2704 4602 est,
2738 4540 2796 4590 et
2837 4536 3146 4592 obnoxium
3173 4539 3398 4609 judicio
3428 4551 3474 4595 d.
3509 4542 3782 4613 Hospita-

370 4633 478 4707 γὰρ
526 4626 714 4698 τοῦτο,
765 4626 854 4682 καὶ
903 4625 1131 4700 κρίσεως
1178 4621 1393 4700 ἔνοχον.
1437 4629 1547 4693 Τῆς
1597 4622 1902 4702 φιλοξενίας
1940 4646 1991 4680 κε

2142 4625 2322 4680 litatis
2368 4631 2415 4678 el
2453 4623 2867 4678 beneﬁcientiaa
2916 4640 2986 4678 ne.
3027 4625 3493 4684 obliviscamini:
3530 4628 3638 4683 hoc
3691 4629 3784 4683 est

374 4717 601 4780 εύποΐας
666 4718 741 4790 μὴ
803 4715 1239 4770 ἐπιλανθάνεσθε
1299 4717 1462 4768 τοῦτο
1518 4713 1620 4788 γάρ
1678 4712 1874 4782 ἐντολὴ
1934 4735 1991 4769 το

2140 4714 2294 4770 enim
2330 4713 2633 4784 praeceptio
2680 4711 2853 4784 primi
2899 4714 3159 4784 Magistri
3189 4733 3254 4770 ac
3302 4715 3612 4772 Salvatoris
3659 4715 3784 4771 Dei.

373 4809 602 4881 πρώτου
649 4803 989 4860 Διδασκάλου
1035 4803 1124 4858 καὶ
1161 4808 1421 4877 Σωτῆρος
1459 4803 1500 4837 ¹¹
1533 4805 1687 4858 Θεοῦ.
1720 4807 1844 4864 Τοῖς
1877 4823 1982 4858 πτα

2148 4804 2224 4859 lis
2255 4803 2353 4874 qui
2402 4801 2703 4856 offendunt
2733 4808 2971 4873 peccata
3017 4805 3338 4860 condonate
3372 4823 3385 4860 :
3420 4805 3504 4860 sic
3535 4821 3792 4875 namque

376 4918 496 4951 ουσι
558 4899 893 4971 συγχωρεῖτε
943 4893 1010 4948 τὰ
1086 4892 1454 4967 ἁμαρτήματα
1489 4907 1502 4920 ·
1564 4888 1706 4944 οὕτω
1771 4891 1875 4968 γὰρ
1945 4913 1991 4947 κε

2147 4897 2203 4949 et
2232 4892 2341 4964 ipsi
2375 4890 2501 4947 sine
2533 4891 2646 4946 ﬁne
2697 4891 2905 4946 dicetis
2937 4891 3082 4947 illud
3115 4909 3128 4947 :
3164 4894 3383 4949 Dimitte
3426 4894 3584 4950 nobis
3611 4893 3794 4949 debita

378 4983 535 5040 αύτοῖ
585 4983 874 5044 ἀπαύστως
927 4984 1047 5038 ¹².¹³
1091 4979 1260 5054 ἐρεῖτε
1301 4979 1384 5034 τό’
1417 4981 1582 5056 ’Ἀφες
1628 4980 1762 5051 ἡμῖν
1797 4980 1863 5034 τὰ
1893 4979 1991 5059 ὀφε

2145 4984 2337 5038 nostra
2366 4986 2405 5035 '.
2437 4981 2591 5035 Inter
2621 4981 2895 5045 trutinas,
2931 4997 3256 5050 mensuras,
3292 4983 3568 5052 pondera,
3602 4997 3673 5036 ne
3703 4979 3792 5037 vel

380 5073 609 5146 λήματα
637 5075 822 5145 ἡμῶν.
856 5072 1017 5148 Ζυγὰ,
1055 5069 1244 5142 μέτρα,
1289 5068 1378 5122 καὶ
1424 5067 1676 5141 σταθμία,
1734 5066 1874 5141 μηδὲ
1900 5069 1956 5124 ἓν

2149 5087 2333 5127 unum
2367 5069 2563 5124 minus
2611 5085 2846 5139 aequum
2878 5074 3079 5125 exstet.
3109 5071 3193 5125 Ad
3229 5071 3385 5126 hunc
3415 5071 3629 5144 quippe
3670 5087 3794 5125 mo-

383 5159 572 5217 ἄδικον
597 5159 755 5216 ἔστω.
791 5159 949 5217 Οὕτω
1001 5157 1106 5235 γὰρ
1159 5160 1203 5197 1⁵
1233 5155 1609 5230 εὐνομουμένη
1658 5154 1843 5231 πόλις,
1875 5159 1910 5228 ἡ
1941 5180 1991 5214 τε

2153 5161 2296 5216 dum
2328 5159 2529 5214 civitas
2549 5156 2842 5230 praeclaris
2869 5157 3098 5230 legibus
3120 5158 3579 5232 gubernata,erit
3603 5158 3799 5214 catho-

456 5279 538 5352 (a)
569 5277 776 5334 Matth.
807 5294 922 5346 XVI,
957 5277 1045 5334 19.
1122 5277 1198 5348 (b)
1230 5276 1367 5332 Luc.
1398 5292 1455 5345 x,
1490 5275 1576 5331 16.
1655 5275 1722 5348 (c)
1752 5275 1944 5349 Ephes
1974 5294 1991 5332 ι

2107 5277 2171 5332 56.
2248 5275 2326 5348 (ἀ)
2359 5274 2557 5331 Matth.
2595 5289 2692 5342 vn,
2725 5273 2777 5330 1.
2857 5274 2928 5346 (e)
2962 5275 3163 5331 Matth.
3194 5293 3272 5344 vx,
3306 5276 3391 5330 12.

1747 5417 1991 5474 νΑΗΙίΕ
2029 5417 2328 5474 LECTION
2337 5417 2438 5472 ES.

466 5519 542 5560 ¹-³
597 5519 671 5575 al.
732 5516 990 5593 πιστεύω.
1022 5517 1168 5593 ‘_al.
1234 5511 1607 5593 βεϐούλευται.
1642 5515 1785 5593 “al.”
1827 5512 2155 5593 ἐλλείποιτε.
2215 5517 2294 5593 ⁸-⁸.
2338 5513 2413 5570 al.
2473 5515 2862 5593 περιποιεῖσβεε
2926 5515 2994 5593 ‘°_
3027 5516 3100 5570 al.
3160 5517 3345 5593 τόκ11
3392 5518 3479 5593 _al.
3540 5534 3798 5593 praepon.

392 5590 574 5660 ἡμῶν.
635 5593 765 5663 ξθ-ίθ
795 5591 872 5647 al.
906 5581 1243 5651 ἀπταίστως.’
1268 5592 1311 5626 ¹⁴
1347 5589 1423 5646 al.
1456 5589 1658 5663 inser._
1687 5587 1835 5658 ὑμῖν.
1886 5588 1930 5624 ¹⁵
1962 5586 2368 5663 -ῐξῦνομουμένη
2392 5581 2606 5663 ’πόλις
2659 5583 2790 5663 [1αέ
2827 5581 3134 5663 ἀνθρῴποις
3185 5589 3307 5651 τοῖς
3357 5581 3798 5663 εὐνομουμένοις,

393 5653 738 5791 Ιίίῗὲιωεὸὲξ.
773 5680 848 5731 ιν,
881 5679 1008 5736 cap.
1039 5663 1129 5734 72,
1163 5679 1268 5735 pro
1298 5678 1414 5734 quo
1444 5665 1614 5718 vetus
1642 5653 1930 5732 interpres
1960 5653 2245 5733 Mart'yris'
2261 5653 2492 5732 legebat
2518 5653 3100 5730 εὐνοουμένοις.Ἀρτιά
3135 5664 3398 5734 homines,
3431 5653 3648 5735 in‘quft,
3676 5653 3801 5720 seni.

388 5749 454 5790 sa
513 5749 558 5790 δ.
706 5778 719 5791 .
2265 5770 2272 5773 -
