4014 6202
281 394 402 455 579

1108 389 1172 450 S.
1222 384 1665 449 CLEMENTIS
1710 384 1734 445 Ι
1782 382 1973 445 ιιΟΜ.
2017 382 2247 442 ΡΟΝΤ.
2296 381 2557 442 ΟΡΕΡιΑ
2597 382 2863 443 DUBIA.

3565 385 3680 449 580

276 524 388 581 lica
423 524 527 581 Dei
590 522 849 579 Ecclesia
919 520 1025 584 Qui
1076 520 1311 592 negotia
1360 518 1629 591 quasdam
1678 517 1831 572 inter
1877 532 1938 572 se

2059 517 2185 569 Θεοῦ
2235 506 2380 567 ἔσται
2424 510 2690 581 καθολική
2742 510 3075 582 Ἐκκλησία.
3132 513 3195 566 Οἱ
3245 511 3532 587 πράγματα
3577 535 3687 569 τινα

284 614 525 680 habent,
557 613 711 683 apud
766 610 1036 666 Ecclesiae
1067 611 1438 681 presbyteros
1472 606 1856 677 judicentur;
1888 606 1946 660 et

282 701 438 773 quod
472 700 693 755 bonum
729 702 818 753 est
849 693 1724 767 contemplati,reconcilientur
1760 707 1772 745 :
1808 706 1946 747 neve

285 790 355 846 ad
390 786 711 844 tribunalia
755 786 967 842 fratres
1014 784 1329 851 trahitote;
1354 782 1614 854 judicari
1665 780 1822 836 enim
1873 779 1944 835 ab

284 878 580 935 extraneis
614 894 679 932 ac
709 874 1045 945 ethnicis,id
1078 890 1210 929 vero
1240 871 1568 928 inﬁdelium
1601 874 1723 937 est;
1756 885 1947 940 quan-

298 968 615 1038 doquidem
661 968 738 1034 et,
766 964 995 1035 Angelos
1034 962 1409 1035 judicabimus
1435 975 1478 1031 ι,
1511 958 1795 1031 scriptum
1837 960 1945 1013 est.

309 1058 497 1129 Super
550 1054 768 1119 omnia,
801 1058 857 1109 et
908 1056 1040 1108 ante
1066 1051 1264 1107 omnia
1301 1054 1596 1122 pastorem
1646 1047 1728 1102 ita
1758 1046 1947 1101 intue-

308 1146 477 1213 mini,
512 1148 576 1200 ut
619 1160 713 1199 me
742 1147 1000 1210 Petrum,
1051 1140 1151 1213 qui
1182 1157 1215 1195 a
1265 1141 1375 1195 Deo
1405 1137 1624 1194 electus
1654 1139 1745 1193 est
1784 1133 1951 1191 vobis

307 1235 368 1292 in
400 1233 772 1306 magistrum.

379 1323 638 1380 CXLVII.
672 1323 759 1378 Ita
787 1338 922 1377 cum
965 1321 1309 1393 perorasset,
1342 1320 1400 1374 et
1430 1332 1625 1373 coram
1675 1312 1949 1371 omnibus

303 1430 518 1469 manus
568 1411 713 1467 mihi
747 1409 1145 1483 imposuisset,
1177 1409 1235 1462 in
1286 1423 1396 1463 sua
1425 1405 1703 1461 cathedra
1750 1404 1952 1459 sedere

303 1503 438 1557 fecit
471 1520 483 1557 :
518 1516 769 1571 cumque
819 1499 1125 1566 sedissem,
1171 1496 1282 1552 hoc
1333 1494 1475 1551 mihi
1508 1493 1705 1550 statim
1753 1492 1945 1548 dixit:

304 1580 417 1646 Oro
448 1594 505 1645 te
533 1605 727 1645 coram
758 1587 1034 1644 omnibus
1065 1586 1164 1658 qui
1198 1586 1436 1651 adsunt,
1472 1582 1617 1638 meis
1646 1581 1947 1644 fratribus,

308 1685 371 1735 ut
403 1679 636 1750 quando
669 1694 737 1733 ex
768 1676 875 1732 hac
905 1676 1024 1731 vita
1067 1675 1413 1748 migravero,
1449 1669 1948 1745 quemadmodum

306 1768 407 1824 Dei
439 1767 667 1823 censuit
696 1763 1294 1837 providentia,omnia
1322 1762 1559 1817 domino
1588 1758 1801 1817 Jacobo
1832 1758 1948 1813 fra-

306 1857 379 1911 tri
412 1855 643 1912 Domini
694 1854 807 1909 mei
836 1852 1269 1924 compendiario
1319 1851 1618 1907 describas
1647 1853 1704 1905 et
1726 1848 1945 1917 mittas,

305 1945 480 2001 etiam
516 1959 702 2015 usque
733 1944 804 1998 ad
838 1941 1098 2013 pueritiaa
1142 1945 1255 1995 tuae
1287 1939 1553 2008 consilia,
1581 1943 1637 1993 et
1667 1936 1946 2010 quemad-

306 2034 546 2089 modum
564 2033 638 2087 ab
668 2032 835 2087 initio
866 2032 937 2086 ad
970 2031 1079 2085 hoc
1112 2046 1296 2100 usque
1325 2033 1559 2100 tempus
1582 2042 1811 2082 mecum
1839 2025 1950 2081 iter

305 2123 529 2191 feceris,
562 2121 807 2177 audiens
847 2135 1146 2175 sermones
1175 2122 1234 2173 et
1263 2122 1426 2173 actus
1457 2134 1491 2172 a
1523 2132 1614 2171 me
1670 2113 1948 2187 praedica-

302 2215 393 2267 tos
422 2230 435 2269 :
474 2211 680 2267 deinde
710 2210 770 2264 in
800 2209 936 2274 ﬁne,
954 2213 1011 2264 et
1043 2208 1250 2263 mortis
1281 2222 1421 2261 mea:
1453 2208 1786 2271 causam,ut
1814 2206 1949 2258 ante

303 2300 444 2365 dixi,
475 2298 732 2354 indicare
779 2315 852 2353 ne
881 2297 1141 2353 omittas.
1175 2296 1302 2352 Non
1333 2296 1490 2350 enim
1530 2293 1639 2350 hoc
1685 2292 1735 2348 ei
1769 2290 1948 2347 mole-

302 2387 475 2444 stiam
508 2387 763 2455 creabit;
797 2390 863 2442 ut
891 2386 992 2457 qui
1022 2389 1180 2441 certo
1211 2384 1374 2451 sciat,
1410 2401 1503 2439 me
1527 2382 1682 2455 quod
1711 2380 1947 2437 omnino

304 2478 427 2550 pati
458 2478 763 2542 debebam,
793 2476 883 2548 pie
914 2473 1593 2531 reddidisse.Maximum
1625 2475 1821 2528 autem
1853 2488 1947 2527 so-

302 2566 514 2624 latium
548 2564 1043 2635 habebit,quando
1074 2564 1416 2635 discet,post
1445 2579 1689 2633 me,non
1722 2561 1946 2617 homini

301 2655 571 2728 imperito
588 2672 653 2710 ac
683 2653 947 2710 vitalium
978 2654 1287 2709 verborum
1310 2652 1642 2725 ignaro,sed
1676 2650 1950 2707 Ecclesia;

301 2760 584 2801 canonem
632 2742 900 2799 omnium
932 2741 1184 2798 maxime
1214 2740 1439 2811 scienti,
1481 2740 1818 2796 cathedram
1849 2740 1947 2795 do-

301 2832 477 2889 ctoris
524 2833 803 2888 creditam
854 2831 1057 2887 fuisse.
1109 2830 1389 2895 Quocirca
1436 2846 1562 2902 ego,
1596 2830 1832 2885 domine
1864 2830 1943 2884 mi

299 2922 673 2990 Jacobe,cum
704 2919 983 2993 magister
1010 2924 1218 2975 Petrus
1247 2919 1369 2975 haec
1401 2918 1545 2974 mihi
1578 2920 1943 2991 praeceperit;

303 3012 459 3083 quod
507 3011 743 3081 justum
795 3014 902 3078 est,
936 3009 1225 3080 complere
1272 3025 1389 3064 non
1437 3008 1655 3063 veritus
1701 3024 1856 3079 sum,
1888 3010 1947 3063 et

304 3098 473 3170 quasi
518 3098 579 3153 in
628 3098 973 3170 compendio
1020 3096 1127 3153 tibi
1174 3101 1383 3153 cuncta
1430 3100 1568 3152 nota
1612 3096 1817 3167 facere,
1862 3095 1946 3150 ita

300 3186 584 3259 inscripto
614 3186 806 3259 operis
837 3191 1183 3259 argumento
1218 3204 1232 3242 :
1268 3187 1580 3257 Clementis,
1611 3186 1765 3241 Petri
1786 3199 1943 3257 pere-

295 3279 676 3348 grinationum
705 3285 755 3332 et
783 3276 1245 3348 praedicationum
1275 3277 1546 3347 Epitome.

369 3366 651 3422 CXLVIII.
684 3369 815 3420 Haec
862 3365 1061 3436 itaque
1090 3369 1179 3420 est
1208 3364 1378 3437 plena
1427 3363 1681 3420 scelestis
1719 3362 1940 3436 gratias,

300 3454 449 3509 Petri
481 3453 877 3526 apostolorum
912 3453 1192 3526 principis
1225 3451 1759 3525 peregrinationum
1810 3468 1945 3507 nar-

300 3543 604 3615 ratio,quaa
636 3542 812 3599 simul
843 3547 901 3598 et
932 3542 1425 3613 compendiariam
1459 3543 1587 3613 ejus
1616 3541 1943 3598 doctrinam

303 3632 662 3700 continet;et
689 3632 886 3704 magni
918 3631 1366 3702 admirandique
1394 3629 1708 3687 Clementis
1736 3630 1944 3699 vitam,

296 3720 453 3776 velut
481 3721 541 3777 in
572 3721 773 3776 tabula
802 3721 1062 3776 oratione
1100 3719 1406 3789 exprimit;
1440 3720 1943 3792 quemadmodum

294 3810 424 3881 ipse
454 3811 524 3866 ad
572 3811 853 3866 Iacobum
884 3810 1121 3865 fratrem
1155 3809 1381 3863 Domini
1430 3809 1692 3865 scribens
1721 3808 1943 3865 indica-

294 3898 589 3954 vit.Porro
620 3899 918 3953 ardentem
949 3897 1259 3953 Clementis
1292 3914 1429 3970 erga
1452 3898 1633 3954 Deum
1658 3914 1941 3967 amorem,

295 3991 351 4042 et
382 4004 662 4059 magnum
693 3986 862 4042 illum
893 4003 996 4058 pro
1032 3986 1247 4058 pietate
1274 3986 1787 4053 zelum,declarare
1817 4003 1943 4058 pos-

294 4080 434 4130 sunt
463 4092 532 4131 ea
561 4093 688 4148 quae
720 4075 875 4131 dicta
904 4078 1063 4141 sunt,
1098 4075 1421 4147 praesertim
1456 4078 1650 4131 autem
1694 4074 1943 4131 manife-

293 4164 477 4221 stabit
492 4165 758 4220 omnium
774 4163 1142 4237 apertissime
1162 4164 1286 4236 ipse
1311 4180 1415 4237 per
1434 4164 1781 4234 martyrium
1805 4163 1942 4220 ﬁnis

292 4253 445 4309 vitae.

368 4341 600 4397 CXLIX.
634 4342 865 4398 Tertius
919 4341 1076 4397 enim
1109 4345 1241 4414 post
1283 4358 1565 4414 magnum
1598 4344 1831 4398 Petrum
1881 4340 1943 4396 in

293 4430 517 4488 excelso
548 4431 819 4486 Romana:
851 4430 1118 4487 Ecclesiae
1150 4431 1357 4487 throno
1388 4430 1943 4503 sedens,ipsumque

288 4519 524 4576 virtutis
555 4525 846 4575 certamen
886 4520 1234 4592 suscipiens,
1270 4519 1535 4592 magistri
1564 4519 1830 4592 vestigiis
1860 4520 1945 4575 in-

289 4610 555 4680 sistebat,
601 4608 1105 4681 apostolicamque
1157 4608 1486 4665 doctrinam
1534 4608 1660 4682 ipse
1708 4624 1941 4681 quoque

360 4716 439 4789 (a)
471 4717 493 4775 I
525 4719 675 4787 Cor.,
709 4733 785 4787 v1,
819 4717 872 4772 3.

2060 603 2174 676 μετ’
2202 598 2469 672 ἀλλήλων
2499 600 2739 677 ἔχοντες,
2773 600 2861 655 έπὶ
2908 604 3014 656 τῶν
3061 608 3161 670 τῆς
3210 598 3528 671 Ἐκκλησίας
3567 624 3686 678 πρε-

2056 684 2325 766 σϐυτέρων
2354 688 2734 766 κρινέσθωσαν,
2764 689 2854 744 καὶ
2901 689 2962 743 τὸ
3009 688 3177 745 καλὸν
3228 694 3473 751 νοοῦντες
3513 686 3691 763 συμϐι-

2056 774 2398 848 ϐαζέσθωσαν
2431 796 2445 811 ’
2499 776 2589 833 καὶ
2669 778 2744 851 μὴ
2820 773 3008 833 ⁴ἕλκετε
3066 777 3140 839 εἰς
3201 774 3523 853 δικαστήρια
3575 779 3691 844 τοὺς

2055 864 2345 946 ἀδελφούς.
2406 866 2674 922 ’Δπίστων
2733 864 2837 943 γὰρ
2885 870 3070 937 τοῦτο,
3115 871 3237 929 τοῖς
3272 865 3373 940 ἔξω
3421 867 3690 942 κρίνεσθαι.

2055 957 2203 1013 Ἐπεὶ
2260 956 2389 1027 καὶ,
2440 954 2733 1032 Ἀγγέλὸυς
2788 960 3120 1032 κρινοῦμεν,
3185 956 3481 1032 γέγραπται
3516 1000 3529 1014 .
3597 959 3690 1013 Επὶ

2055 1051 2186 1101 πᾶσι
2230 1043 2321 1100 καὶ
2363 1044 2470 1120 πρὸ
2516 1043 2752 1118 πάντων,
2797 1043 2972 1107 οὕτως
3022 1043 3137 1101 ἐστὶ
3197 1045 3289 1099 τὸν
3328 1043 3556 1119 ποιμένα
3585 1050 3691 1088 ¹⁶-¹”¹

2059 1134 2311 1209 ὁρῶντες,
2342 1133 2418 1196 ὡς
2450 1132 2547 1207 ἐμὲ
2576 1134 2800 1210 Πέτρον,
2832 1134 2921 1190 τὸν
2956 1134 3059 1189 ὑπὸ
3092 1138 3231 1191 Θεοῦ
3261 1133 3691 1211 προχειρισθέντα

2061 1222 2186 1298 ὑμῖν
2214 1222 2292 1286 εἰς
2324 1220 2669 1279 διδάσκαλον.

2129 1315 2380 1370 CXLVII.
2430 1316 2605 1367 Ταῦτα
2662 1310 2851 1386 εἰπὼν,
2911 1312 3003 1367 καὶ
3052 1310 3140 1368 ἐπὶ
3201 1313 3417 1366 πάντων
3477 1333 3565 1387 μοι
3605 1314 3692 1378 τὰς

2058 1407 2249 1479 χεῖρας
2297 1401 2520 1474 ἐπιθεὶς,
2572 1399 2648 1463 εἷς
2696 1402 2793 1471 τὴν
2844 1400 3010 1457 αὐτοῦ
3043 1423 3111 1476 με
3156 1398 3423 1477 καθέδραν
3455 1405 3696 1473 καθεσθῆ-

2057 1512 2145 1546 ναι
2176 1490 2441 1562 πεποίηκε
2474 1511 2487 1525 ο
2517 1488 2825 1546 καθεσθέντι
2873 1488 2931 1546 δὲ
2967 1534 2981 1561 ,
3014 1490 3176 1547 τοῦτό
3216 1491 3311 1565 μοί
3344 1489 3535 1553 εὐθέως
3581 1491 3690 1569 ἔφη·

2058 1579 2221 1651 Ἀξιῶ
2252 1602 2310 1635 σε
2340 1579 2426 1636 ἐπὶ
2456 1578 2668 1635 πάντων
2704 1600 2808 1654 μου
2837 1584 2945 1635 τῶν
2993 1579 3393 1655 συμπαρόντων
3444 1578 3692 1657 ἀδελφῶν,

2059 1668 2295 1740 ὁπηνίκα
2340 1672 2438 1724 τοῦ
2486 1668 2709 1724 ἐνταῦθα
2760 1672 3007 1742 μεταστῶ
3061 1668 3211 1744 βίου,
3244 1669 3321 1732 ὡς
3370 1671 3405 1739 ἡ
3440 1673 3530 1724 τοῦ
3575 1673 3693 1727 Θεοῦ

2056 1756 2272 1835 κέκρικε
2310 1758 2559 1834 πρόνοια,
2592 1759 2864 1830 πάντατῷ
2894 1758 3076 1831 Κυρίῳ
3108 1752 3358 1831 Ἰακώϐῳ
3388 1764 3465 1831 τῷ
3495 1757 3693 1838 ἀδελφῷ

2055 1852 2152 1903 τοῦ
2186 1846 2385 1923 Κυρίου
2437 1869 2563 1921 μου,
2596 1846 2646 1902 ἐν
2696 1846 2934 1921 ἐπιτομῇ
2976 1846 3431 1923 ἀναγραψάμενον
3481 1844 3691 1922 διαπέμ-

2057 1939 2175 2011 ψαι,
2237 1936 2401 2012 μέχρι
2458 1935 2547 1991 καὶ
2602 1940 2712 1991 τῶν
2772 1935 2832 1991 ἐκ
2887 1933 3079 1998 παιδός
3125 1957 3227 1991 σου
3278 1935 3579 2012 λογισμῶν,
3612 1937 3693 1992 καὶ

2058 2025 2133 2087 ὡς
2167 2025 2257 2079 ἀπ’
2300 2025 2478 2101 ἀρχῆς
2513 2024 2677 2100 μέχρι
2726 2029 2816 2079 νῦν
2871 2046 2965 2098 μοι
3016 2023 3380 2095 συνώδευσας,
3434 2025 3689 2080 ἐπακούων

2054 2116 2164 2168 τῶν
2191 2113 2327 2168 κατά
2354 2111 2517 2167 πόλιν
2565 2113 2652 2168 ὑπ’
2702 2112 2837 2187 ἐμοῦ
2869 2113 3259 2189 κηρυχθέντων
3316 2111 3493 2191 λόγων
3532 2136 3586 2170 τε
3611 2113 3690 2169 καὶ

2056 2203 2319 2275 προίξεων⁸
2354 2198 2537 2257 ἔπειτα
2565 2202 2701 2279 πρὸς
2732 2206 2811 2275 τῷ
2838 2199 2985 2257 τέλει
3016 2202 3105 2258 καὶ
3132 2204 3237 2272 τήν
3276 2207 3375 2258 τοῦ
3407 2204 3623 2258 θανάτου
3653 2204 3690 2241 ¹⁸

2061 2313 2166 2365 μου
2196 2291 2487 2369 πρόφασιν,
2532 2291 2607 2354 ὡς
2655 2296 2937 2368 προεῖπον,
2981 2288 3232 2364 δηλῶσαι
3267 2292 3344 2366 μὴ
3376 2289 3687 2369 παραλίπῃς,

2056 2380 2129 2436 Οὐ
2186 2382 2290 2457 γὰρ
2348 2381 2506 2436 αὐτὸν
2561 2378 2795 2451 λυπήσει
2851 2386 3035 2451 τοῦτο,
3092 2378 3279 2437 εἰδότα
3333 2386 3512 2460 σαφῶς
3559 2380 3689 2436 δτιθ

2055 2471 2270 2532 πάντως
2316 2467 2423 2525 ἔδει
2476 2490 2543 2543 με
2589 2471 2801 2539 παθεῖν,
2851 2465 3086 2532 εὐσεϐῶς
3134 2467 3490 2525 ἀποδέδωκα.
3542 2471 3692 2547 Μεγί-

2056 2579 2189 2629 στης
2238 2557 2295 2615 δὲ
2345 2557 2689 2634 παραμυθίας
2733 2558 2972 2629 τεύξεται
3022 2559 3209 2633 μαθὼν
3243 2604 3257 2629 ,
3318 2559 3401 2615 δτι
3459 2561 3566 2633 μετ’
3610 2559 3693 2632 ἐμὲ

2056 2648 2155 2704 οὐκ
2182 2648 2399 2721 ἀμαθὴς
2430 2647 2567 2718 ἀνὴρ
2616 2646 2705 2703 καί
2758 2648 3060 2717 ζωοποιοὺς
3093 2648 3305 2726 ἀγνοῶν
3340 2644 3558 2724 λόγους,
3590 2650 3691 2703 Ἐκ-

2053 2737 2282 2808 κλησίας
2310 2733 2367 2791 δὲ
2395 2735 2592 2792 κανόνα
2636 2733 2792 2799 εἷδὼς
2845 2735 3099 2810 μάλιστα,
3148 2738 3253 2806 τήν
3300 2742 3398 2793 τοῦ
3438 2734 3690 2791 διδάσκον-

2052 2847 2145 2888 τος
2216 2824 2499 2895 ἐπιστεύθη
2574 2822 2882 2902 καθέδραν.
2942 2829 3097 2890 Ὅθεν
3165 2824 3280 2902 ἐγὼ
3314 2870 3328 2896 ,
3378 2824 3527 2902 κύριέ
3597 2844 3689 2899 μου

2054 2910 2297 2989 Ἰάκωϐε,
2344 2919 2441 2971 τοῦ
2491 2912 2818 2970 διδασκάλου
2863 2916 3067 2990 Πέτρου
3113 2915 3287 2970 ταῦτά
3339 2937 3431 2989 μοι
3477 2914 3685 2985 ἐπισκή-

2055 3007 2276 3079 ψαντος,
2330 3003 2429 3059 οὐκ
2475 3002 2696 3075 ὤκνησα
2738 3004 2802 3059 τὸ
2847 3002 3130 3068 κελευσθὲν
3192 3002 3564 3080 ἑκπληρῶσαι,
3609 3002 3688 3059 καὶ

2055 3094 2131 3157 ὡς
2166 3098 2207 3138 ‘9
2251 3092 2488 3168 ἐπιτομῇ
2538 3114 2620 3147 σοι
2666 3093 2839 3148 πάντα
2883 3095 3136 3170 γνώριμα
3180 3100 3531 3165 καταστῆσαι,
3579 3092 3686 3148 ἐπι-

2053 3182 2265 3257 γράψας
2315 3181 2416 3249 τὴν
2475 3178 2718 3235 ὑπόθεσιν
2776 3179 2940 3234 οὕτω·
3002 3178 3298 3254 Κλήμετος
3358 3186 3463 3236 τῶν
3500 3182 3685 3254 Πέτρου

2291 3273 2319 3285 συ

1972 3258 2015 3325 C
2053 3267 2359 3343 ἐπιδημιῶν
2394 3271 2440 3306 ²⁰
2466 3268 2558 3325 καὶ
2587 3267 2955 3345 κηρυγμάτων
2988 3272 3290 3343 Ἐπιτομή.

2124 3360 2405 3418 CXLVIII.
2438 3357 2583 3429 Αὕτη
2613 3358 2706 3431 μὲν
2735 3356 2826 3414 οῦν
2861 3361 2907 3397 ³³
2938 3359 2973 3428 ἡ
2996 3356 3224 3435 πλήρης
3257 3365 3360 3428 τῆς
3392 3359 3584 3422 ἄνωθεν
3605 3359 3693 3435 χά·

2054 3468 2222 3525 ριτος,
2261 3451 2358 3502 τοῦ
2408 3446 2708 3525 κορυφαίου
2750 3450 2857 3503 τῶν
2905 3444 3223 3501 ἀποστόλων
3281 3447 3487 3524 Πέτρου
3517 3444 3689 3516 έπιδη-

2057 3541 2194 3610 μιῶν
2229 3533 2504 3611 διήγησις,
2560 3534 2819 3609 ἐπίτομόν
2868 3556 2927 3590 τε
2972 3535 3115 3608 ὁμοῦ
3158 3532 3512 3592 διδασκαλίαν
3547 3535 3689 3591 αὐτοῦ

2053 3622 2272 3702 ἔχουσα,
2304 3626 2393 3680 καὶ
2420 3622 2512 3680 τὸν
2542 3628 2639 3680 τοῦ
2684 3623 2928 3700 μεγάλου
2971 3624 3061 3679 καὶ
3113 3626 3423 3698 θαυμασίου
3454 3625 3685 3699 Κλήμεν-

2049 3736 2142 3777 τος
2176 3715 2314 3789 βίον,
2349 3712 2586 3790 καθάπερ
2618 3712 2669 3768 ἐν
2718 3713 2905 3769 πίνακι
2945 3711 3024 3786 τῷ
3060 3711 3210 3789 λόγῳ
3244 3712 3591 3784 διατυποῦσα,
3621 3712 3685 3775 ὡς

2053 3804 2212 3867 αὐτὸς
2253 3804 2412 3867 οὗτος
2461 3797 2706 3876 Ἰακώϐῳ
2750 3808 2829 3875 τῷ
2876 3799 3193 3881 ἀδελφοθέῳ
3238 3805 3486 3882 γράφων,
3536 3804 3684 3879 ἐγνώ-

2054 3913 2187 3970 ρισε.
2230 3893 2328 3948 Τὸν
2378 3891 2472 3966 μέν
2521 3913 2608 3947 τοι
2660 3889 2918 3967 διάπυρον
2969 3891 3134 3947 αὐτοῦ
3178 3894 3319 3967 πρὸς
3350 3895 3475 3950 Θεὸν
3506 3891 3684 3967 ἔρωτα,

2052 3982 2140 4039 καὶ
2166 3982 2257 4038 τὸν
2284 3980 2456 4038 πολὺν
2491 3980 2689 4037 ἐκεῖνον
2720 3981 2852 4056 ὑπὲρ
2880 3988 2979 4052 τῆς
3009 3976 3280 4046 εὐσεϐείας
3323 3981 3508 4054 ζῆλον,
3541 3980 3681 4037 ἱκανὰ

2056 4072 2148 4146 μὲν
2201 4073 2248 4108 ²²
2305 4071 2373 4126 τὰ
2428 4070 2660 4147 ῥηθέντα
2714 4067 2983 4143 δηλῶσαι,
3047 4068 3289 4142 δηλώσει
3350 4070 3408 4128 δὲ
3465 4071 3681 4145 μάλιστα

2051 4159 2264 4216 πάντων
2298 4158 2596 4239 σαφέστατα
2624 4159 2715 4216 καὶ
2747 4159 2877 4216 αὐτὸ
2924 4161 2987 4216 τὸ
3038 4157 3128 4215 διά
3180 4160 3481 4238 μαρτυρίου
3515 4159 3680 4221 τέλος.

2122 4340 2339 4396 CXLIX.
2371 4336 2564 4414 Τρίτος
2595 4339 2640 4374 ³³
2672 4338 2786 4412 (18)
2814 4336 2915 4414 γάρ
2969 4338 3102 4411 μετά
3147 4336 3353 4415 Πέτρον
3400 4337 3489 4393 τὸν
3532 4335 3677 4412 μέγαν

2049 4428 2141 4483 τὸν
2194 4424 2405 4501 ὑψηλὸν
2456 4433 2558 4496 τῆς
2600 4426 2885 4500 Ῥωμαίων
2935 4425 3260 4497 Ἐκκλησίας
3309 4427 3495 4502 θρόνον
3541 4424 3678 4481 καθί-

2053 4537 2171 4589 σας,
2199 4515 2289 4571 καὶ
2340 4516 2535 4591 ἀρετῆς
2568 4512 2732 4580 ἆθλον
2783 4514 2941 4571 αὐτὸν
2995 4514 3307 4590 δεξάμενος,
3361 4514 3534 4572 εἷ’πετο
3579 4512 3681 4569 κατ’

2052 4601 2212 4684 ἴχνος
2269 4609 2350 4679 τῷ
2399 4602 2733 4679 διδασκάλῳ,
2791 4605 2882 4661 καὶ
2932 4604 3302 4677 ἀποστολικὴν
3351 4603 3679 4662 διδασκαλίαν

1642 4795 1879 4853 VARIIE
1917 4793 2332 4853 LECTIONES.

365 4892 488 4935 *τί-³⁷
514 4892 587 4949 al.
641 4893 819 4949 inser.
868 4892 1038 4965 ὑμῶν.
1089 4896 1134 4937 ίε
1167 4894 1348 4965 deest
1399 4891 1460 4965 in
1509 4892 1588 4965 al.
1618 4895 1662 4933 *9
1710 4892 1783 4949 a1.
1826 4893 2005 4965 inser.
2048 4890 2123 4965 ἐνΣ
2158 4891 2205 4965 2⁸
2253 4892 2414 4947 deest
2456 4890 2516 4946 in
2567 4907 2713 4965 mss.
2767 4891 2812 4965 ξι
2846 4886 2993 4960 Αὕτη
3048 4886 3270 4965 “erat.
3304 4890 3368 4947 In
3400 4905 3512 4946 uno
3541 4892 3678 4965 vete-

294 4981 427 5040 rum
453 4966 719 5022 codicum
750 4957 1108 5039 przsp'onitur
1136 4964 1367 5036 titulus,
1400 4961 1712 5040 Μαρτύριον
1743 4966 1840 5018 τοῦ
1872 4962 2031 5039 ἁγίου
2061 4960 2399 5035 Κλήμεντος.
2429 4966 2559 5019 Co'r.
2588 4963 2635 4998 ²²
2664 4962 2738 5020 al.
2772 4963 2947 5021 inser.
2983 4957 3100 5019 καί.
3131 4963 3176 4998 ³³
3214 4962 3289 5021 al.
3339 4965 3567 5038 πρῶτος.
3609 4957 3677 5016 al.

1673 5114 2051 5173 VARIORUM
2089 5114 2321 5172 NOTIE.

295 5032 565 5112 δεύτερος.

364 5205 493 5280 (18)-
523 5201 733 5280 Τρίτος.
768 5205 930 5280 Infra
951 5204 1154 5261 Latine
1182 5203 1365 5280 habes
1397 5203 1572 5280 etiam
1607 5204 1945 5280 Passionem

294 5275 397 5332 seu
426 5275 622 5332 Vitam
653 5277 1126 5348 Clementis,post
1157 5275 1655 5349 pseudo-Abdiam
1685 5283 1743 5332 et
1789 5277 1945 5349 apud

294 5349 698 5404 Monbritium.
751 5347 1102 5404 Memora’tur
1130 5353 1325 5403 autem
1360 5347 1700 5420 arGregorio
1750 5347 1942 5404 Turo-

298 5419 487 5487 nensi,
540 5422 933 5477 Miraculorum
964 5420 1064 5474 lib.
1118 5437 1159 5485 1,
1207 5436 1334 5489 cap.
1386 5419 1474 5486 35,
1508 5426 1567 5475 et
1616 5422 1946 5490 excerpitur

298 5508 400 5562 per
430 5491 781 5563 Frecult‘um,
816 5498 958 5548 tom.
992 5492 1060 5558 Il,
1097 5490 1196 5545 lib.
1220 5507 1291 5563 II,
1327 5491 1623 5559 cap.10,ac
1654 5508 1757 5563 per
1787 5509 1943 5548 mar-

297 5561 905 5645 tyrologosJoannem
937 5579 1170 5645 quoque
1201 5561 1513 5645 diacon‘um
1546 5561 1758 5645 saec—uio
1785 5580 1945 5645 nunc

295 5631 607 5716 scripsi-sse
653 5641 818 5716 gesta
840 5631 1172 5716 Clementis
1191 5649 1351 5716 papaa
1399 5631 1653 5716 legimus
1684 5635 1745 5691 in
1784 5635 1946 5708 Sige-

298 5705 567 5776 berto,De
590 5705 950 5779 scfiptorilms
977 5705 1359 5766 ecclesiastici:
1388 5721 1515 5778 cap.
1548 5705 1675 5780 107,
1693 5705 1948 5781 eumque

2057 5204 2273 5260 librum
2325 5203 2491 5259 aiunt
2519 5206 2743 5260 exstare
2774 5202 2833 5258 in
2864 5202 3167 5259 Casinensi
3215 5200 3581 5258 Bibliotheca.
3611 5196 3682 5252 De

2057 5279 2251 5348 Graeco
2282 5275 2592 5348 Martyrio,
2623 5276 2852 5348 venisse
2881 5276 2951 5348 in
2976 5291 3187 5330 manus
3221 5272 3523 5348 Nicephori
3561 5267 3679 5325 Cale

2055 5347 2176 5430 listi
2211 5346 2481 5430 colligere
2509 5351 2698 5430 estex
2727 5346 2888 5430 illius
2918 5346 3019 5430 lib.
3055 5364 3141 5430 ιιι,
3174 5363 3303 5430 cap.
3329 5346 3678 5430 18.9ae’terurn

2053 5418 2149 5475 hic
2198 5410 2406 5492 notari;
2449 5419 2619 5492 debet
2675 5418 2895 5492 triplex
2958 5410 3137 5492 lectio
3178 5410 3369 5492 τρίτος
3426 5410 3676 5492 δεύτερος,

2052 5489 2609 5566 npt‘b-coc,__originem
2657 5487 2875 5566 ducens
2907 5506 2940 5566 ε
2982 5487 3227 5566 diversis
3279 5487 3675 5566 exscriptorum

2055 5556 2381 5629 sententiis,
2416 5556 2561 5631 quas
2592 5561 2763 5618 retuli
2793 5563 2867 5619 ad
2900 5560 3183 5619 Constitut.
3218 5560 3439 5634 apastol.
3472 5556 3674 5618 lib.vu,

2055 5650 2182 5689 can.
2220 5634 2310 5689 46.
2340 5636 2469 5689 Co'r.

2055 5650 2182 5707 cap.
2220 5636 2310 5689 46.
2340 5636 2469 5691 Cor.
