4014 6202
348 330 465 391 581

1115 324 1653 387 CLEMENTINA.
1684 357 1761 370 —
1792 325 2138 386 EPITOME
2182 325 2284 386 DE
2329 328 2599 391 GESTIS
2652 332 2716 393 S.
2764 333 3023 394 PETRI.

3659 339 3781 401 582

352 460 439 515 καὶ
498 458 657 521 αὐτὸς
716 455 1081 530 ἐπεδείκνυτο,
1137 456 1227 512 καὶ
1281 462 1398 519 τοῖς
1458 456 1676 530 ὁμοίοις
1737 454 2007 528 διέλαμπε

2141 458 2491 529 praeferebat,
2522 466 2578 517 et
2609 463 2904 520 similibus
2954 466 3215 524 moribus
3262 471 3574 543 elfulgebat
3608 491 3619 529 :
3656 493 3772 531 non

353 549 605 624 τρόποις,
657 546 719 601 οὐ
770 551 1114 623 Χριστιανοῖς
1165 545 1328 619 μόνον
1385 544 1707 621 εὐαρεστῶν,
1757 545 1902 600 ἀλλὰ
1942 542 2008 613 δὴ

354 639 444 693 καὶ
498 634 790 699 Ἰοαδαίοις
839 636 927 690 καὶ
976 635 1160 697 αὐτοῖς
1213 633 1477 705 Ἕλλησι,
1527 634 1615 689 καὶ
1664 640 1793 689 πᾶσι
1841 632 2015 689 πάντα

356 727 675 803 γινόμενος,
703 724 796 779 ’ίνα
818 724 946 787 τοὺς
986 722 1186 786 πάντας
1203 723 1294 779 καὶ
1326 723 1470 778 οὕτω
1502 726 1623 767 ²⁴-²⁸
1643 720 1894 799 κερδαίνῃ,
1924 723 2015 778 καὶ

354 822 437 889 τῷ
496 820 712 892 Χριστῷ
766 815 1105 890 παραστήσῃ,
1172 814 1263 868 καὶ
1318 810 1556 887 συνδήσῃ
1628 816 1699 886 τῇ
1749 806 2013 882 εὐσεϐείᾳ.

355 910 545 965 Ὅπως
592 901 649 959 δὲ
701 905 777 977 μὴ
831 902 969 977 ψιλὴ
1024 902 1187 975 μόνον
1239 900 1518 975 ὑπόληψις
1570 902 1703 956 εἶναι
1755 898 1889 973 δοκῇ
1951 898 2019 954 τὰ

360 993 618 1071 παρόντα,
669 991 757 1047 καὶ
800 992 895 1053 τὰς
947 990 1121 1052 αἰτίας
1171 989 1423 1066 ἐροῦμεν.
1479 987 1721 1061 Ἕλλησι
1770 989 1863 1061 μὲν
1913 989 2018 1064 γὰρ

362 1083 451 1140 διὰ
498 1086 655 1137 τοῦτο
702 1080 1021 1154 τιμώμενος
1068 1079 1156 1150 ἦν,
1203 1078 1292 1133 καὶ
1323 1075 1499 1148 ἡδέως
1547 1077 1692 1149 αὐτῷ
1720 1082 2014 1153 προσεῖχον

363 1175 581 1244 ἐκεῖνοι,
616 1166 699 1225 ὅτι
735 1171 810 1243 μὴ
843 1166 1272 1245 λοιδορούμενος
1308 1166 1517 1235 αὐτοῖς,
1571 1164 1712 1240 μηδὲ
1754 1166 2018 1240 ἀποστρε-

372 1263 631 1341 φόμενος,
683 1256 809 1315 ἀλλ’
856 1256 1035 1332 ὥσπερ
1084 1255 1551 1331 ἀπολογούμενος,
1580 1256 1668 1310 καὶ
1726 1254 2019 1331 μαρτυρίας

360 1352 624 1414 πάντοθεν
676 1346 929 1424 παράγων
981 1347 1086 1401 ἀπὸ
1135 1350 1242 1401 τῶν
1291 1346 1417 1419 παρ’
1465 1344 1653 1406 αὐτοῖς
1696 1341 1930 1418 βιϐλίων
1962 1364 2022 1398 τε

359 1442 453 1497 καὶ
511 1443 751 1518 γραφῶν,
812 1434 1013 1491 ἐδείκνυ
1071 1431 1273 1513 σαφῶς,
1328 1434 1448 1498 ὃθεν
1504 1454 1565 1489 τε
1609 1432 1661 1487 οὶ
1712 1433 1799 1486 ὑπ’
1843 1432 2018 1486 αὐτῶν

362 1530 720 1603 νομιζόμενοι
755 1524 867 1581 θεοὶ
920 1522 1226 1601 ὣρμηνται,
1279 1523 1367 1577 καὶ
1401 1520 1539 1577 ὅπου
1575 1521 1947 1597 γεγέννηνται,
1992 1520 2024 1574 ἃ

362 1642 423 1675 τε
469 1618 742 1693 πράξειαν,
793 1614 883 1669 καὶ
930 1613 1005 1675 εἷς
1058 1615 1170 1668 οἷον
1234 1609 1443 1667 ἔλθοιεν
1493 1608 1675 1679 τέλος,
1733 1610 1823 1665 καὶ
1872 1608 2021 1671 ὅπως

361 1708 458 1764 τὸν
499 1708 610 1782 βίον
645 1704 849 1766 ἀθλίως
883 1704 1266 1778 κατέστρεψαν.
1301 1701 1433 1758 Εἶτα
1481 1698 1570 1755 καί
1619 1700 1695 1761 ὡς
1741 1698 1840 1754 οὐκ
1888 1699 2020 1751 ἀπο-

363 1798 673 1853 κέκλεισται
741 1794 925 1854 αὐτοῖς
978 1791 1124 1868 παρᾶ
1166 1795 1263 1845 τοῦ
1312 1794 1446 1845 Θεοῦ
1498 1792 1533 1859 ἡ
1580 1792 1680 1859 τῆς
1740 1788 2023 1880 μετανοίας

367 1884 517 1951 ὁδὸς,
559 1882 683 1939 οὐδέ
730 1883 1033 1937 παντάπασι
1081 1887 1181 1949 τῆς
1230 1899 1501 1953 σωτηριας
1552 1878 1796 1949 ἐξέπεσον
1824 1896 1837 1910 ⁸
1889 1874 1994 1930 ἀλλ

365 1976 413 2031 εἷ
462 1974 552 2029 καὶ
607 1972 768 2047 μόννν
822 1969 1238 2047 ἐπιστρέψαντας
1287 1966 1414 2040 ἴδοι,
1466 1968 1555 2023 καὶ
1607 1975 1705 2037 τῆς
1751 1966 2014 2042 προτέρας

365 2062 669 2134 ἀπωλείας,
719 2060 809 2117 καὶ
857 2067 959 2131 τῆς
1010 2060 1220 2129 ἀπάτης
1266 2058 1703 2133 ἀποσχομένους,
1751 2054 1840 2111 καί
1887 2076 2015 2130 συγ-

363 2155 634 2229 γνώσεται
681 2151 865 2212 αὖτοῖς
913 2148 1337 2234 φιλανθρώπως,
1386 2147 1476 2201 καὶ
1525 2150 1817 2222 προσηνῶς
1888 2145 2019 2199 ὑπο-

366 2240 592 2314 δέξεται,
623 2240 712 2296 καὶ
748 2236 1021 2316 βασιλείαν
1069 2233 1310 2311 οὐρανῶν
1354 2235 1651 2310 ἑτοιμάσει,
1683 2234 1772 2290 καὶ
1799 2233 2019 2311 ἀγαθῶν

367 2332 583 2403 ἀξιώσει
611 2334 718 2385 τῶν
749 2327 1097 2404 ἀπορρήτων.

437 2442 545 2497 CL.
580 2435 858 2498 Ἰουδαίοις
876 2435 933 2491 δὲ
952 2433 1113 2491 πάλιν
1140 2433 1370 2490 ἐντεῦθεν
1393 2431 1567 2488 ἐδόκει
1590 2430 2019 2508 χαρίζεσθαι,δτι

362 2551 423 2584 τε
454 2527 648 2607 φίλους
676 2530 773 2582 τοῦ
806 2530 940 2581 Θεοῦ
968 2523 1095 2586 τοὺς
1129 2522 1343 2578 ἐκείνων
1383 2521 1617 2599 πατέρας
1674 2522 1930 2599 ὑπέφαινε
1954 2523 2019 2592 9°,

364 2617 457 2672 καὶ
492 2616 572 2671 ὅτι
623 2617 712 2669 τὸν
759 2614 885 2690 παρ’
934 2612 1117 2674 αὐτοῖς
1160 2610 1330 2684 νόμον
1380 2610 1523 2687 ἱερόν
1580 2630 1639 2665 τε
1666 2608 1898 2686 παρίστη
1933 2609 2022 2664 καὶ

370 2708 536 2777 θεῖον,
566 2705 656 2759 καὶ
683 2703 804 2758 οὒτε
833 2701 991 2757 αὐτὸν
1018 2702 1407 2770 παυθήσεσθαι,
1440 2699 1562 2754 οὔτε
1590 2700 1690 2768 τὴν
1742 2697 2020 2754 πολιτείαν

375 2793 853 2867 μετατεθήσεσθαι,
927 2788 1074 2845 ἀλλὰ
1136 2787 1342 2863 κλῆρον
1411 2788 1597 2851 αὐτοῖς
1659 2786 1865 2843 ἔσεσθαι
1922 2788 2022 2856 τήν

372 2882 733 2952 Παλαιστίνην
796 2878 1042 2951 διηνεκῆ,
1075 2875 1129 2933 ei’
1166 2900 1226 2954 γε
1266 2878 1359 2933 τὸν
1391 2880 1434 2914 ³⁷
1476 2882 1721 2932 τοιοῦτον
1751 2875 1841 2932 καὶ
1873 2876 2024 2932 αὐτοὶ

369 2972 543 3044 νόμον
593 2972 924 3045 τηρήσουσιν
952 2988 964 3001 ·
1026 2965 1163 3022 ὥστε
1200 2968 1449 3041 γενέσθαι
1480 2966 1636 3022 αὐτὸν
1668 2967 1873 3043 πατέρα
1898 2987 2023 3021 τοσ-

375 3062 555 3117 ούτων
604 3059 859 3134 ἐκγόνων,
912 3058 987 3120 ὡς
1044 3058 1399 3134 παρισοῦσθαι
1462 3057 1525 3110 τὸ
1577 3054 1789 3125 πλῆθος
1854 3055 2026 3110 αὐτῶν

368 3156 450 3223 τῷ
497 3148 701 3220 πλήθει
748 3154 854 3203 τῶν
906 3144 1134 3224 ἄστρων,
1192 3147 1282 3201 καὶ
1341 3145 1392 3200 ἐν
1425 3150 1504 3217 τῷ
1561 3147 1827 3220 σπέρματι
1861 3144 2025 3199 αὐτοῦ

2123 547 2472 603 Christianis
2506 551 2787 606 duntaxat
2818 553 3073 625 placens,
3104 573 3302 612 verum
3343 560 3518 616 etiam
3550 564 3774 619 Judaeis

2124 653 2189 691 ac
2220 637 2366 708 ipsis
2396 638 2733 711 gentilibus,
2768 647 2824 695 et
2849 643 3122 699 omnibus
3154 648 3352 702 omnia
3382 650 3589 719 factus,
3624 656 3688 706 ut
3713 656 3775 708 et

2127 724 2210 780 sic
2242 742 2448 781 omnes
2471 726 2838 785 lucrifaceret
2866 731 2967 803 (α),
3002 733 3346 805 Christoque
3397 744 3776 808 praesentaret

2128 831 2194 869 ac
2224 831 2370 869 verae
2416 815 2684 888 religioni
2732 825 3115 877 connecteret.
3152 823 3226 878 Ut
3272 830 3464 881 autem
3516 828 3632 884 ista
3662 846 3779 885 non

2126 902 2438 959 videantur
2468 921 2593 960 esse
2616 907 2772 962 nuda
2802 913 3031 963 tantum
3058 911 3335 983 suspicio,
3365 916 3541 971 etiam
3573 933 3782 974 causas

2131 992 2419 1047 dicemus.
2452 994 2720 1051 Ethnicis
2751 996 2905 1051 enim
2958 998 3087 1053 ideo
3138 1002 3497 1058 venerationi
3546 1011 3687 1073 erat,
3720 1023 3787 1063 ac

2129 1079 2190 1135 in
2223 1097 2356 1135 eum
2386 1086 2642 1137 mentem
2670 1083 3018 1140 libenterilli
3039 1087 3487 1161 intendenbant;
3510 1094 3785 1162 quoniam

2132 1186 2247 1224 non
2300 1186 2399 1225 eos
2446 1172 2725 1227 codviciis
2772 1172 3087 1241 insectans,
3141 1194 3245 1232 nec
3297 1185 3635 1249 aversatus;
3680 1184 3786 1239 sed

2131 1258 2297 1327 quasi
2332 1259 2619 1315 rationem
2654 1262 2925 1334 reddens,
2958 1269 3015 1317 et
3046 1266 3306 1336 undique
3352 1272 3689 1326 testimonia
3718 1290 3787 1329 ex

2131 1362 2335 1401 eorum
2367 1347 2531 1404 libris
2559 1366 2625 1404 ac
2655 1349 2882 1421 scriptis
2905 1353 3222 1423 adducens,
3244 1355 3397 1411 clare
3419 1360 3783 1433 ostendebat,

2131 1435 2286 1490 unde
2320 1440 2375 1490 et
2397 1437 2754 1508 prodiissent
2785 1441 2883 1511 qui
2904 1441 2975 1496 ab
3014 1442 3131 1498 illis
3162 1450 3445 1515 putantur
3466 1448 3571 1517 dii,
3601 1454 3658 1503 et
3686 1450 3787 1505 ubi

2133 1524 2251 1578 nati
2285 1524 2557 1595 fuissent,
2583 1544 2708 1599 quae
2739 1530 3082 1600 gessissent,
3102 1550 3272 1602 quem
3298 1534 3643 1592 habuissent
3674 1539 3792 1593 exi-

2134 1617 2282 1677 tum,
2317 1618 2497 1685 utque
2543 1616 2755 1671 misere
2788 1619 2960 1673 vitam
3015 1621 3371 1678 amisissent.
3406 1625 3625 1681 Deinde
3672 1645 3788 1683 non

2133 1701 2217 1755 eis
2250 1719 2281 1756 a
2316 1703 2431 1757 Deo
2475 1704 2846 1760 interclusam
2882 1724 3005 1763 esse
3057 1711 3407 1780 pcenitentize
3456 1715 3648 1783 viam;
3684 1733 3788 1772 nec

2060 1836 2103 1899 Β
2134 1790 2491 1846 omnimodis
2522 1793 2707 1849 salute
2738 1796 3060 1865 excidisse;
3095 1800 3192 1853 sed
3228 1801 3273 1853 si
3310 1800 3395 1856 vel
3428 1802 3616 1858 solum
3654 1804 3787 1860 illos

2132 1878 2348 1899 ,μη-ι
2401 1880 2519 1899 μ,
2570 1898 2581 1899 ί
2656 1886 2690 1899 ν,
3589 1893 3609 1899 _
3733 1894 3746 1899 _

2132 1878 2352 1933 videret
2401 1880 2611 1947 redire,
2643 1886 2699 1937 et
2746 1900 2779 1937 a
2811 1884 3054 1954 pristina
3104 1888 3427 1958 perditione
3475 1908 3541 1946 ac
3583 1893 3788 1950 fraude

2127 1968 2416 2034 recedere,
2446 1970 2675 2026 veniam
2724 1972 2867 2043 ipsis
2899 1975 3173 2030 daturum
3208 1977 3562 2045 humaniter,
3595 1986 3652 2037 et
3682 1982 3782 2037 be-

2126 2055 2302 2127 nigne
2351 2064 2787 2129 suscepturum,
2823 2079 2888 2117 ac
2942 2068 3282 2134 paraturum
3316 2084 3559 2140 regnum
3610 2070 3779 2127 coelo-

2128 2161 2282 2215 rum,
2314 2145 2604 2219 bonisque
2635 2149 2991 2207 donaturum
3026 2153 3445 2212 ineﬂ‘abilibus.

2198 2431 2305 2487 CL.
2337 2431 2558 2488 Judaeis
2590 2452 2823 2491 rursum
2857 2438 2993 2493 inde
3045 2444 3278 2511 gratum
3330 2442 3517 2498 facere
3548 2444 3783 2500 videba-

2132 2524 2249 2587 tur,
2285 2522 2441 2593 quod
2465 2527 2657 2593 patres
2680 2540 2879 2580 eorum
2910 2527 3005 2583 Dei
3040 2529 3260 2584 amicos
3305 2531 3484 2587 fuisse
3512 2534 3783 2589 ostende-

2134 2614 2241 2675 ret,
2274 2612 2539 2681 quodque
2571 2611 2757 2685 legem
2790 2631 2993 2670 eorum
3028 2635 3253 2673 sacram
3297 2637 3423 2675 esse
3456 2622 3685 2677 doceret
3716 2638 3783 2678 ac

2134 2698 2428 2765 divinam;
2461 2717 2565 2755 nec
2594 2718 2722 2757 eam
2757 2704 3104 2773 desituram,
3132 2723 3234 2762 nec
3265 2725 3466 2763 eorum
3498 2710 3785 2782 populum

2133 2787 2486 2843 translatum
2509 2789 2601 2859 iri,
2626 2793 2727 2847 sed
2762 2792 3132 2850 Palaestinam
3156 2796 3277 2852 fore
3304 2796 3420 2853 illis
3442 2805 3785 2871 perpetuam

2135 2875 2556 2942 hereditatem,
2581 2879 2629 2934 si
2664 2879 2837 2935 talem
2870 2880 3055 2954 legem
3090 2890 3383 2940 servarent
3414 2902 3428 2942 :
3455 2902 3583 2943 esse
3605 2888 3787 2943 Abra-

2135 2964 2379 3020 hamum
2409 2973 2632 3038 patrem
2668 2973 2751 3023 tot
2786 2976 3176 3041 posterorum,
3204 2979 3263 3028 nt
3288 2992 3488 3031 eorum
3522 2976 3792 3032 multitu-

2137 3054 2208 3108 do
2242 3053 2543 3109 stellarum
2575 3056 3011 3115 multitudinem
3038 3062 3339 3131 adaequet;
3373 3068 3429 3118 et
3452 3063 3509 3118 in
3544 3066 3671 3135 ejus
3700 3081 3790 3120 se-

2139 3142 2297 3196 mine
2329 3159 2531 3198 omnes
2561 3154 2760 3216 gentes
2794 3146 3189 3204 haereditatem
3224 3152 3485 3223 accipere
3520 3154 3632 3224 (b);
3671 3170 3798 3207 rur-

385 3204 393 3205 κ
423 3204 435 3223 ι
603 3204 612 3220 ι
1006 3204 1015 3224 ι
1120 3204 1134 3219 π
1477 3204 1487 3217 .
1664 3204 1673 3220 .
1703 3204 1713 3219 .

369 3234 828 3313 κληροδοτεῖσθαι
860 3235 1033 3289 πάντα
1061 3234 1127 3289 τα
1156 3231 1280 3304 ἔθνη
1300 3253 1313 3267 °
1346 3233 1434 3288 καὶ
1467 3231 1498 3287 ὅ
1522 3233 1659 3310 πρὸς
1716 3234 1807 3289 τὸν
1858 3228 2024 3287 Δαϐὶδ

2143 3247 2365 3300 susque
2396 3232 2547 3302 quod
2561 3204 2644 3287 ad
2671 3232 2943 3290 Davidem
2968 3236 3189 3292 dictum
3224 3204 3643 3310 camille/"ritate

374 3328 521 3383 εἶπεν
583 3324 774 3390 αὖθις·
833 3326 928 3380 Ἐκ
970 3328 1182 3395 καρποῦ
1232 3330 1333 3392 τῆς
1376 3321 1588 3384 κοιλίας
1642 3343 1737 3378 σου
1791 3323 2032 3395 θήσομαι

374 3418 460 3472 ἐπὶ
493 3414 593 3471 τοῦ
623 3415 820 3491 θρόνου
852 3435 948 3469 σου
975 3433 989 3449 ⁶
1023 3413 1112 3468 καὶ
1145 3410 1233 3467 διὰ
1280 3411 1502 3466 Ἡσαλιου
1554 3410 1738 3483 πάλιν,
1789 3410 1871 3465 ὅτι
1902 3429 1912 3442 ’
1968 3411 2034 3466 Ἡ

378 3505 649 3581 Παρθένο)
738 3503 788 3557 ἐν
870 3502 1061 3578 γαστρὶ
1150 3501 1404 3574 λήψεται,
1480 3501 1569 3554 καὶ
1625 3499 1831 3570 τέξεται
1894 3500 2032 3568 υἱὸν,

375 3595 464 3649 καὶ
544 3594 837 3648 καλέσουσι
910 3592 974 3647 τὸ
1053 3590 1228 3663 ὄνομα
1294 3588 1458 3644 αὐτοῦ
1532 3586 1912 3662 Ἐμμανουήλ.
1971 3587 2035 3643 Εἰ

374 3682 556 3738 τοίνυν
594 3683 669 3755 μὴ
703 3682 993 3750 ἀθετοῦσιν,
1026 3679 1172 3735 ἀλλά
1200 3678 1376 3734 πίστει
1410 3675 1817 3754 παραδέχονται
1847 3682 2033 3747 ταῦτα,

379 3780 479 3841 τῆς
508 3772 777 3846 προτέρας
838 3769 1032 3831 αὐτοὺς
1080 3773 1177 3823 τοῦ
1208 3773 1341 3824 Θεοῦ
1372 3766 1627 3843 προνοίας
1663 3769 1737 3840 μὴ
1773 3766 2036 3834 ἐκπεσεῖν,

383 3860 512 3916 ἀλλ’
544 3860 891 3938 ἀναφαίρετον
935 3857 1109 3931 μένειν
1138 3859 1264 3932 παρ’
1294 3856 1477 3919 αὐτοῖς
1520 3858 1620 3927 τήν
1668 3855 2035 3925 Παλαιστίνην

392 3944 743 4005 διεϐεϐαίουί
790 3945 1066 4017 ’Έλληνας
1118 3946 1210 4019 μὲν
1256 3948 1371 3987 ²⁸-³¹
1424 3943 1567 4000 οὕτω
1611 3944 1698 3999 καὶ
1743 3942 2037 4006 Ἰουδαίους

390 4039 580 4109 νεξιῶς
612 4036 739 4114 ἄγαν
771 4036 859 4091 καὶ
894 4035 1110 4098 οἰκείως
1161 4035 1442 4110 ὑπήρχετο
1492 4035 1626 4107 (49),
1677 4033 2040 4109 χαριζόμενός

386 4149 445 4183 τε
477 4127 661 4189 αὐτοῖς
693 4128 854 4200 ὁμοῦ,
886 4124 975 4180 καὶ
1013 4126 1190 4199 ἠρέμα
1220 4124 1354 4200 πρὸς
1382 4124 1481 4193 τήν
1527 4118 1793 4178 εὐσέϐειαν
1849 4122 2045 4199 ἐπαγό-
2088 4116 2091 4120 ί

393 4238 596 4362 μεέίῗί.
641 4303 951 4376 Χριστιανοὶ
985 4299 1041 4356 δὲ
1066 4300 1251 4357 πολλὰ
1280 4303 1327 4337 ³9
1356 4299 1447 4355 καὶ
1489 4297 1633 4355 ἄλλα
1661 4307 1762 4370 τῆς
1808 4304 1905 4355 τοῦ
1955 4301 2042 4354 ἆν-

389 4392 521 4465 δρὸς
551 4392 675 4470 περὶ
706 4390 899 4453 αὐτοὺς
925 4388 1253 4463 κηδεμονίας
1285 4387 1551 4463 δείγματα
1582 4389 1753 4465 εἶχον.
1796 4387 2044 4444 Μάλιστα

390 4481 451 4538 δὲ
498 4485 596 4551 τὴν
658 4480 901 4536 εὐποιίαν
954 4481 1069 4541 οἶος
1102 4478 1326 4546 ἐκεῖνος,
1361 4477 1555 4545 πένησι
1591 4478 1929 4554 θησαυρίζων
1960 4478 2041 4533 ἀεὶ

2144 3323 2244 3375 tris
2274 3322 2361 3374 tui
2383 3336 2589 3389 ponam
2614 3339 2778 3393 super
2805 3325 2983 3380 sedem
3007 3334 3157 3381 tuam
3178 3327 3252 3398 (ο)
3278 3345 3290 3382 :
3320 3331 3378 3383 et
3408 3329 3619 3384 iterum
3640 3329 3793 3398 quod

2146 3425 2248 3480 per
2281 3409 2485 3464 Isaiam
2524 3426 2537 3465 :
2577 3413 2733 3482 Virgo
2784 3415 2842 3467 in
2891 3418 3049 3469 utero
3100 3418 3388 3487 concipiet,
3422 3422 3473 3471 et
3508 3419 3697 3487 pariet
3728 3419 3794 3487 ﬁ-

2146 3498 2304 3565 lium,
2340 3508 2393 3553 et
2424 3501 2687 3555 vocabunt
2708 3518 2901 3556 nomen
2926 3505 3062 3573 ejus,
3088 3505 3417 3559 Emmanuel
3443 3506 3539 3575 (ά).
3568 3506 3625 3560 Si
3659 3522 3795 3577 ergo

2146 3586 2267 3641 haec
2320 3604 2430 3642 non
2485 3589 2808 3658 reiiceient,
2853 3592 2949 3645 sed
3003 3593 3114 3647 {ide
3162 3596 3630 3664 comprobarent,
3681 3611 3796 3649 non

2147 3692 2245 3731 eos
2277 3677 2524 3747 pristina
2556 3678 2655 3733 Dei
2688 3680 3048 3750 providentia
3092 3682 3379 3738 carituros
3407 3700 3421 3750 ;
3452 3700 3653 3737 verum
3686 3683 3797 3738 Pa-

2144 3763 2438 3819 laestinam
2470 3766 2623 3837 apud
2644 3766 2771 3822 illos
2792 3767 3061 3823 stabilem
3082 3786 3423 3826 mansuram
3446 3772 3797 3826 afﬁrmabat.

2146 3856 2373 3909 Graecos
2395 3855 2628 3924 quidem
2662 3856 2771 3912 hoc
2795 3859 2991 3924 modo,
3016 3864 3072 3913 et
3100 3859 3331 3915 Judaeos
3364 3859 3528 3916 valde
3553 3862 3803 3917 solerter

2149 3947 2206 3998 et
2235 3946 2606 4001 accomodate
2630 3945 2979 4015 subjiciebat
3004 3965 3017 4015 ;
3054 3964 3152 4003 eos
3180 3948 3355 4003 simul
3386 3954 3441 4004 et
3471 3951 3800 4020 demerens,

2149 4036 2205 4086 et
2236 4033 2458 4089 sensim
2492 4035 2563 4089 ad
2595 4051 2791 4089 veram
2828 4035 3166 4108 religionem
3198 4038 3516 4095 adducens.

2222 4299 2358 4354 CLI.
2392 4299 2703 4355 Christiani
2734 4318 2864 4356 vero
2894 4302 3079 4356 multa
3111 4307 3167 4357 et
3197 4302 3311 4358 alia
3332 4321 3485 4360 curae
3503 4304 3612 4359 viri
3644 4304 3803 4361 illius

2154 4405 2290 4460 erga
2318 4389 2476 4460 ipsos
2511 4389 2853 4444 documenta
2883 4390 3194 4448 habebant.
3221 4392 3546 4449 Praesertim
3579 4410 3712 4449 vero
3744 4394 3804 4450 in

2150 4477 2533 4532 beneﬁcentia
2565 4486 2819 4549 quantus
2842 4478 2938 4532 ille
2970 4479 3113 4533 fuit!
3147 4480 3253 4543 Qui
3278 4482 3637 4554 pauperibus
3658 4499 3805 4537 sem-

383 4576 510 4633 ταῖς
571 4569 860 4648 ἀσφαλέσιν
910 4568 1235 4640 ἀπαθηκαις,
1286 4568 1377 4621 καὶ
1424 4571 1532 4621 τῶν
1582 4562 2025 4622 ἐπιϐουλευόντωε

2156 4584 2256 4639 per
2286 4565 2592 4621 thesauros
2624 4573 2950 4622 asservaret
2984 4569 3040 4621 in
3075 4569 3213 4624 tutis
3255 4571 3622 4642 repositoriis
3651 4587 3805 4641 quee-

386 4660 806 4735 ἷσχυροτέραιςί
841 4658 976 4719 Τούς
1008 4677 1065 4711 τε
1093 4656 1193 4731 γὰρ
1234 4654 1284 4710 ἐν
1336 4656 1542 4728 ἑκάστῳ
1605 4658 1752 4731 μέρει
1803 4659 1901 4725 τῆς
1950 4656 2047 4711 πό·

387 4750 534 4810 λεως
587 4745 783 4809 ἐνδεεῖς
833 4746 1311 4822 ἀπογραψάμενος,
1360 4749 1467 4799 τῶν
1523 4743 1821 4821 ἀναγκαίων
1863 4744 2045 4807 αὐτοῖς

383 4838 511 4901 καθ’
541 4835 769 4905 ἑκάστην
803 4836 1012 4907 ἡμέραν
1042 4833 1280 4889 ἐποιεῖτο
1308 4833 1407 4902 την
1441 4832 1714 4908 χορηγίαν
1742 4855 1754 4867 ·
1804 4833 1893 4887 καὶ
1927 4832 2044 4888 ὅσοι

382 4926 519 5000 παρ’
552 4922 699 4996 αὗτῷ
727 4922 892 4978 πάλιν
924 4926 1021 4977 τοῦ
1049 4920 1193 4977 θείου
1241 4922 1590 4992 κατηξιοῦντο
1648 4921 2044 4997 βαπτίσματος,

387 5011 682 5086 δημοσίων
714 5010 909 5075 αὐτοὺς
944 5010 1145 5067 ἀπέλυε
1166 5009 1366 5089 φόρων,
1389 5010 1479 5065 καὶ
1508 5007 1749 5080 παντελῆ
1784 5016 2043 5087 παρεῖχεν

2156 4672 2265 4725 que
2296 4658 2459 4710 erant
2490 4655 2935 4711 insidiatoribus
2964 4657 3218 4713 fortiora.
3245 4663 3468 4729 Egenos
3498 4658 3651 4713 enim
3683 4658 3805 4714 sin-

2156 4744 2425 4818 gularum
2460 4744 2621 4799 urbis
2653 4744 2904 4816 partium
2939 4745 2994 4799 in
3048 4746 3277 4801 tabulas
3309 4748 3582 4817 referens,
3616 4747 3805 4817 quoti-

2157 4834 2250 4888 die
2280 4831 2397 4887 illis
2420 4832 2833 4903 suppeditabat
2856 4849 2980 4904 quaa
3008 4840 3171 4890 erant
3194 4834 3810 4892 necessariaziterum-

2157 4939 2265 4993 que
2296 4924 2579 4992 quotquot
2608 4921 2681 4976 ab
2711 4938 2777 4977 eo
2820 4922 3051 4978 fuerant
3082 4923 3275 4979 divino
3320 4924 3673 4995 baptismate
3703 4926 3806 4980 do-

2156 5012 2299 5079 nati,
2332 5026 2429 5065 eos
2461 5026 2494 5064 α
2523 5007 2773 5081 publicis
2811 5009 3096 5067 liberabat
3130 5012 3381 5079 tributis,
3414 5016 3471 5068 et
3518 5013 3805 5088 integram

467 5141 546 5213 (a)
578 5141 600 5196 Ι
630 5140 759 5198 Cor.
792 5157 869 5196 ιχ.
905 5139 981 5213 (b)
1011 5142 1153 5195 Gen.
1181 5154 1320 5205 χχιι,
1353 5138 1442 5210 17,
1476 5138 1560 5193 18.
1594 5137 1671 5210 (ο)
1698 5137 1852 5194 Psal.
1886 5154 2025 5194 om

2143 5136 2194 5206 4,
2227 5135 2303 5209 (d)
2336 5136 2428 5190 [sa
2456 5151 2553 5203 vn,
2586 5135 2674 5191 14.

1747 5261 1837 5317 VA
1846 5262 1985 5318 RI/E
2048 5261 2453 5320 LECTIONES.

470 5363 598 5406 "-23
631 5364 705 5420 al.
739 5361 917 5425 οὗτος.
952 5362 997 5398 ³⁸
1026 5360 1098 5417 al.
1130 5357 1408 5437 ἀπέφαινε.
1442 5360 1485 5394 ²⁷
1515 5358 1588 5415 al.
1621 5358 1758 5435 πρὸς
1789 5354 2058 5434 Ἀϐραάμ.
2094 5361 2206 5400 ⁹³-³¹
2250 5358 2324 5413 al.
2359 5357 2535 5413 inser.
2569 5355 2680 5409 οὗν.
2713 5358 2759 5392 ⁸³
2800 5358 2871 5414 al.
2908 5359 3084 5417 inscr.
3124 5359 3236 5432 μέν.

1785 5486 2165 5543 VARIORUM
2207 5482 2442 5541 NOTAE.

470 5589 487 5660 (
527 5588 584 5659 9)
611 5587 939 5661 ξΥπήρχετο.
970 5584 1275 5657 Signiﬁcat
1308 5581 1635 5657 ὑπέρχεσθαι
1663 5603 1806 5655 τινα,
1836 5584 1897 5641 in
1930 5583 2183 5655 alicujus
2214 5585 2469 5638 mentem
2502 5580 2720 5650 subire,
2753 5596 3008 5655 eumque
3038 5583 3316 5655 obsequio
3347 5598 3553 5655 capere
3601 5600 3668 5640 ac
3693 5585 3809 5643 sibi

384 5659 711 5716 deVincire.
742 5659 873 5716 om.
