4014 6202
340 349 459 410 587

1162 349 1224 409 s.
1273 350 1719 411 CLEMENTIS
1765 351 1787 411 ι
1836 348 2023 410 BOM.
2069 320 2299 413 pori'r.
2348 353 2609 416 OPERA
2654 356 2920 420 DUBIA.

3576 59 4014 195 “1-.-

3624 366 3748 430 588

340 516 510 555 aures
542 499 789 569 surdas;
842 499 979 569 quia
1025 499 1133 555 hoc
1164 501 1338 555 etiam
1398 501 1621 556 dictum
1651 506 1821 557 tuum
1871 504 1971 557 est.

2096 482 2185 535 καὶ
2213 484 2281 537 rd
2310 482 2421 539 ὦτα
2452 483 2737 559 διάνοιξον,
2764 489 2845 544 ὅτι
2879 490 2969 543 σὸν
3019 489 3107 545 καί
3137 494 3297 548 τοῦτο
3342 495 3406 549 τὸ
3448 494 3624 571 ῥῆμα,
3654 498 3742 553 τό·

340 591 687 658 Quaecunque
740 590 1033 659 petieritis,
1101 590 1395 653 credentes.
1469 594 1750 662 accipietis
1780 592 1864 645 “z
1933 592 1990 644 et

340 677 461 732 haec
492 681 596 731 tua
620 678 931 749 promissio
956 680 1331 750 permanetin
1363 684 1666 735 aeternum.
1691 680 1807 736 Ista
1831 686 1986 750 post-

340 782 521 837 quam
551 767 737 821 oravit
765 767 1118 839 patriarcha,
1151 773 1209 823 et
1248 768 1348 840 qui
1400 769 1644 824 aderant
1674 768 1988 839 responde-

337 859 514 910 runt:
548 862 757 922 Amen,
802 856 958 911 illico
1011 856 1311 913 oculorum
1378 858 1731 930 auriumque
1779 856 1987 912 vitium

337 944 674 1001 discussum
707 948 814 1001 est.
846 948 925 1000 Ac
947 946 1245 1002 Sisinnius
1276 947 1445 1017 quasi
1478 964 1547 1002 ex
1567 962 1773 1002 somno
1795 962 1991 1017 exper-

337 1034 621 1105 gefactus,
644 1035 1000 1107 beatumque
1030 1035 1384 1091 Clementem
1426 1052 1559 1090 cum
1602 1050 1779 1090 uxore
1827 1038 1986 1091 stan-

335 1125 454 1177 tem
476 1139 740 1191 cernens,
757 1121 967 1179 malam
992 1124 1212 1179 stultus
1237 1129 1436 1179 sancto
1455 1124 1985 1180 remunerationem

338 1208 515 1276 dedit,
548 1211 938 1281 praacepitque
969 1211 1205 1266 famulis
1251 1216 1314 1265 ut
1363 1212 1561 1266 statim
1592 1210 1984 1283 patriarcham

334 1298 911 1369 comprehenderent,
949 1316 1062 1372 quo
1093 1317 1293 1372 poenas
1324 1300 1577 1357 laesionis
1598 1302 1781 1356 daret.
1814 1300 1983 1354 Arbi-

333 1386 598 1442 trabatur
625 1386 779 1442 enim
797 1388 1123 1460 prestigias
1146 1390 1433 1460 quasdam
1468 1404 1595 1444 esse
1621 1407 1633 1455 ;
1669 1390 1822 1459 quod
1849 1404 1984 1443 eum

331 1475 497 1546 prius
527 1475 827 1532 oculorum
860 1477 1210 1548 auriumque
1242 1494 1352 1532 usu
1402 1477 1635 1549 privari,
1670 1482 1985 1548 posteaque

332 1564 590 1636 aspicere
612 1570 667 1620 et
700 1566 901 1621 audire
923 1565 1171 1621 iecisset.

402 1654 634 1710 CLVIII.
670 1654 854 1726 Igitur
878 1655 1028 1709 servi
1061 1656 1323 1711 studiose
1362 1656 1601 1726 exsequi
1633 1657 1703 1710 de
1725 1655 1822 1711 illo
1854 1672 1980 1728 quae

329 1743 615 1814 imperata
634 1743 867 1799 fuerant
897 1744 1269 1799 nitebantur:
1295 1761 1411 1799 non
1440 1744 1984 1800 animadvertebant

2098 573 2267 648 Ἀπερ
2327 575 2371 609 ⁸³
2430 574 2488 629 ἂν
2564 575 2825 648 αἰτήσητε
2894 580 3256 654 πιστεύοντες,
3320 583 3581 658 λήψεσθε·
3652 588 3746 641 καὶ

2097 660 2231 731 αὐτή
2266 682 2360 717 σου
2390 665 2425 733 ἡ
2458 663 2755 741 ἐπαγγελία
2786 665 3024 742 διαμένει
3072 669 3150 734 εἷς
3198 672 3287 727 τὸν
3347 673 3537 732 αἰῶνα.
3569 680 3751 731 Ταῦτα

2094 754 2193 804 τοῦ
2231 753 2573 829 πατριάρχου
2629 757 3086 832 προσευξαμένου,
3132 759 3222 815 καί
3277 765 3386 816 τῶν
3460 764 3747 841 παρόντων

2094 840 2156 893 τὸ
2215 840 2360 913 ἀμὴν
2420 842 2767 917 ἐπειπόντων,
2802 846 2997 909 εὐθέως
3052 850 3087 918 ἡ
3145 853 3253 904 τῶν
3315 849 3615 929 ὀφθαλμῶν
3657 855 3751 909 καὶ

2093 933 2200 982 τῶν
2251 927 2404 985 ὤτων
2456 934 2704 1009 πήρωσις
2734 931 3016 991 διελέλυτο
3048 940 3113 996 ⁴⁸.
3146 940 3251 994 Καὶ
3283 940 3311 994 ὁ
3344 927 3615 1004 Σισίννιος
3649 965 3749 998 κα-

2095 1019 2260 1088 θάπερ
2314 1019 2362 1093 ἐξ
2416 1020 2582 1077 ὕπνου
2640 1020 2947 1098 διαναστὰς,
2978 1027 3069 1081 καὶ
3125 1029 3216 1082 τὸν
3275 1028 3537 1106 μακάριον
3588 1031 3753 1103 Κλή-

2099 1128 2258 1179 μεντα
2292 1110 2426 1182 μετά
2474 1118 2576 1180 τῆς
2623 1114 2880 1187 γυναικὸς
2912 1114 3116 1171 ἐστῶτα
3147 1114 3302 1189 ἰδὼν,
3334 1121 3500 1183 κακὰς
3527 1121 3555 1175 ὁ
3583 1120 3754 1192 ἀνόη-

2090 1217 2183 1258 τος
2214 1202 2294 1269 τῷ
2325 1199 2465 1274 ἁγίῳ
2489 1200 2719 1277 χάριτας
2747 1201 3025 1261 ἀπεδίδου.
3060 1204 3161 1261 Καὶ
3200 1214 3492 1284 κατασχεῖν
3549 1209 3751 1273 εὐθέως

2092 1286 2182 1339 τὸν
2214 1289 2559 1364 πατριάρχην
2588 1295 2705 1352 τοῖς
2734 1290 2969 1355 οἰκέταις
2999 1293 3411 1370 παρεκελεύετο,
3436 1302 3532 1352 τοῦ
3594 1295 3750 1362 δίκας

2094 1373 2352 1451 ὑποσχεῖν
2385 1377 2544 1432 αὐτὸν
2574 1382 2673 1449 τῆς
2705 1382 3030 1456 πηρώσεως.
3060 1385 3216 1463 ’ῼετο
3269 1386 3372 1461 γάρ
3426 1408 3550 1442 τινα
3608 1409 3747 1463 γοη-

2090 1463 2233 1517 τείαν
2270 1465 2426 1537 εἶναι,
2459 1466 2543 1520 ὅτι
2590 1469 2679 1522 καὶ
2736 1477 3059 1544 πηρωθῆναι
3114 1472 3378 1549 πρότερον
3436 1475 3622 1547 αὐτὸν,
3653 1477 3747 1531 καὶ

2091 1548 2406 1627 ἀναϐλέψαι,
2439 1556 2527 1609 καὶ
2559 1556 2779 1611 ἀκοῦσαι
2811 1558 2977 1613 πάλιν
3015 1548 3289 1631 ἐποίησεν.

2161 1643 2399 1701 CLVIII.
2431 1645 2493 1698 Οἱ
2528 1646 2620 1717 μὲν
2654 1646 2744 1700 οὖν
2777 1646 2978 1703 οἰκέται
3033 1647 3341 1715 σπουδαίως
3395 1655 3463 1710 τὰ
3517 1676 3751 1731 προσ-τε-

2088 1732 2331 1807 ταγμένα
2389 1741 2566 1789 ποιεῖν
2620 1737 2664 1773 ιδ
2720 1735 2880 1792 αὐτόν
2952 1737 3266 1816 ἐπειρῶντο⁸
3328 1739 3618 1808 ἐλάνθανον
3691 1743 3750 1801 δὲ

331 1836 521 1887 autem
551 1834 705 1904 quod
729 1834 1059 1905 adjacentia
1088 1850 1227 1889 saxa
1254 1838 1311 1888 et
1340 1833 1500 1905 ligna
1524 1837 1849 1907 tangerent,
1883 1851 1971 1889 ea-

2092 1818 2193 1896 ἅρα
2247 1826 2351 1919 τῶν
2412 1824 2822 1899 παρακειμένων
2879 1825 3067 1899 λίθων,
3120 1829 3210 1883 καὶ
3265 1831 3439 1901 ξύλων
3497 1834 3746 1908 ἁπτόμε-

329 1937 443 1992 que
486 1921 784 1977 traherent
815 1939 879 1977 ac
912 1922 1185 1993 ligarent,
1220 1927 1391 1991 atque
1422 1922 1537 1977 huc
1592 1922 1849 1995 illucque
1887 1923 1977 1978 in-

326 2026 467 2063 sane
498 2010 1023 2065 circumducerent.
1072 2010 1247 2065 Porro
1278 2010 1335 2063 id
1376 2010 1553 2065 etiam
1593 2011 1846 2066 Sisinnio
1894 2012 1976 2067 vi-

326 2099 595 2164 debatur,
615 2115 681 2154 ac
712 2100 835 2170 ipse
868 2116 1097 2171 quoque
1118 2099 1492 2155 existimabat
1520 2100 1913 2170 patriarcbam
1946 2118 1980 2155 a

324 2187 566 2243 famulis
597 2188 857 2242 vinctum
890 2189 1092 2243 teneri.
1124 2193 1180 2244 Is
1212 2194 1409 2244 tamen
1451 2188 1599 2243 nihil
1631 2190 1702 2243 ab
1758 2189 1977 2261 iniquis

322 2274 441 2331 illis
474 2277 748 2331 manibus
771 2277 1123 2349 patiebatur,
1148 2294 1253 2333 nec
1283 2276 1466 2333 levem
1498 2277 1814 2333 tactionem
1846 2295 1975 2350 per-

324 2364 537 2436 ferens,
574 2382 677 2421 nec
709 2365 918 2421 mediis
948 2365 1007 2420 in
1042 2366 1210 2422 malis
1242 2366 1515 2437 agitatus.
1549 2371 1872 2438 Posteaque
1904 2367 1975 2422 ad

324 2453 493 2509 illum
524 2454 857 2510 dementem
888 2454 1237 2526 respiciens:
1260 2456 1462 2523 Corde,
1496 2456 1711 2527 inquit,
1732 2455 1977 2511 indura-

323 2546 422 2598 tus
466 2560 549 2611 es,
595 2545 680 2599 sic
732 2560 873 2599 saxa
903 2548 961 2599 et
1006 2543 1167 2616 ligna
1197 2560 1457 2610 movens,
1489 2548 1789 2616 totamque
1819 2545 1876 2599 in
1910 2562 1978 2601 ea

323 2634 475 2689 iram
508 2633 858 2700 immittens,
904 2650 1030 2704 qua:
1063 2633 1237 2705 paulo
1261 2638 1396 2690 ante
1435 2633 1787 2700 honorabas,
1819 2638 1875 2689 et
1914 2639 1979 2689 ut

323 2723 464 2777 deos
493 2720 743 2778 colebas.
804 2721 907 2776 Ille
962 2738 1097 2777 vero
1125 2739 1137 2777 :
1173 2722 1283 2776 Sed
1317 2738 1423 2794 ego
1454 2726 1531 2791 te,
1564 2721 1776 2793 inquit,
1827 2723 1978 2779 male

322 2812 564 2882 perdam
592 2828 605 2877 ;
640 2811 783 2866 adeo
815 2815 879 2865 ut
900 2810 1071 2865 multi
1106 2810 1557 2882 praestigiatores
1589 2810 1724 2865 hinc
1750 2817 1979 2868 mutent

334 2905 589 2955 mentem
623 2916 689 2955 ac
720 2899 1391 2972 resipiscant,iidemque
1414 2900 1733 2972 plurimum
1756 2900 1980 2958 lucren-

331 2993 430 3045 tur
458 3004 561 3062 per
588 3005 715 3061 quae
746 2993 809 3044 tu
841 2988 1078 3061 patieris
1108 2989 1477 3063 gravissima.

397 3168 575 3224 CLIX.
608 3168 738 3223 Haec
776 3167 875 3223 ille
923 3168 1181 3240 quidem,
1220 3167 1482 3239 inflatus,
1527 3170 1681 3240 apud
1729 3185 1826 3225 eos
1870 3170 1971 3241 qui

324 3257 583 3325 aderant,
618 3257 965 3329 proferebat,
998 3261 1054 3313 et
1100 3257 1358 3330 glorians
1405 3257 1795 3329 patriarcbam
1844 3259 1970 3315 vin-

323 3345 469 3402 culis
496 3346 840 3417 subjecisse.
873 3350 940 3401 At
961 3346 1070 3401 iste
1088 3363 1192 3401 nec
1222 3346 1306 3401 sic
1336 3363 1471 3401 eum
1512 3351 1813 3402 aversatus
1856 3352 1971 3417 est;

321 3437 423 3491 sed
444 3435 750 3491 benedicta
779 3436 1026 3506 conjuge
1049 3434 1228 3505 illius,
1261 3440 1317 3491 et
1347 3435 1405 3490 in
1437 3436 1620 3491 bonas
1644 3435 1776 3491 illas
1807 3437 1973 3493 obse-

323 3529 684 3597 quentesque
702 3542 874 3579 aures
894 3529 1175 3596 tanquam
1208 3524 1267 3579 in
1288 3540 1495 3595 agrum
1518 3527 1833 3596 quemdam
1858 3531 1974 3582 ter-

323 3631 400 3670 ra}
426 3614 726 3687 profundaa
750 3630 814 3668 ac
838 3613 1119 3685 pinguem
1143 3613 1417 3669 demissis
1441 3613 1720 3669 uberibus
1741 3616 1975 3687 pietatis

322 3703 669 3767 seminibus,
699 3702 1004 3767 abscessit,
1025 3702 1076 3757 ei
1102 3702 1441 3774 praecipiens
1465 3706 1632 3758 antea
1663 3720 1731 3759 ne
1754 3704 1974 3775 precari

324 3793 652 3862 desisteret,
684 3792 873 3863 quoad
917 3791 1108 3846 virum
1142 3792 1212 3846 ad
1262 3791 1523 3846 veritatis
1583 3793 1974 3864 cognitionem

331 3881 694 3936 adduxisset.
729 3881 874 3936 Cum
907 3897 1042 3952 ergo
1071 3880 1386 3935 ferventius
1418 3881 1488 3935 ad
1520 3881 1843 3937 orationem
1884 3882 1973 3937 in-

324 3971 623 4025 cumberet
651 3970 973 4037 Theodora,
1013 3973 1253 4041 apparet
1292 3968 1375 4023 illi
1404 3969 1475 4023 ad
1508 3985 1810 4041 vesperam
1842 3972 1971 4042 qui-

323 4058 459 4112 dam
490 4058 579 4111 vir
632 4057 1003 4126 venerabilis,
1038 4062 1095 4113 et
1136 4057 1363 4128 capillis
1410 4057 1572 4112 canis
1607 4076 1619 4124 ;
1671 4058 1974 4114 videbatur

322 4152 517 4201 autem
550 4162 677 4202 esse
710 4147 935 4218 primus
966 4146 1389 4217 discipulorum
1433 4147 1662 4214 Petrus,
1705 4147 1969 4215 Magistri

318 4235 543 4292 calidus
565 4241 789 4291 amator
810 4253 823 4303 ;
843 4241 898 4290 et
927 4236 1009 4291 ait
1024 4236 1095 4291 ad
1117 4252 1278 4291 eam:
1316 4240 1558 4308 Propter
1576 4240 1651 4304 te,
1676 4254 1708 4291 o
1734 4236 1965 4307 mulier,

314 4341 494 4380 sanus
522 4326 634 4381 erit
661 4325 959 4380 Sisinnius
985 4343 997 4392 ;
1034 4329 1097 4379 ut
1117 4330 1175 4381 et
1204 4325 1311 4389 vir,
1357 4326 1682 4381 secundum
1726 4326 1962 4383 fratrem

314 4431 508 4469 meum
537 4414 808 4482 Paulum,
837 4418 1078 4469 sanctus
1109 4413 1397 4469 efficiatur
1427 4431 1529 4486 per
1558 4414 1865 4471 mulierem
1882 4416 1952 4472 ⁸⁸.

308 4503 532 4568 Quibus
561 4504 799 4575 quidem
832 4503 1024 4571 dictis,
1060 4502 1157 4558 ille
1180 4503 1341 4559 abiit.

374 4684 531 4740 CLX.
586 4683 883 4739 Sisinnius
907 4700 1037 4738 vero
1097 4683 1295 4737 statim
1336 4686 1392 4738 et
1420 4682 1589 4753 quasi
1620 4699 1688 4737 ex
1720 4700 1955 4756 compa-

303 4775 391 4827 cto
412 4772 715 4828 Theodora
735 4773 1013 4828 arcessita
1039 4790 1051 4839 ;
1085 4778 1208 4827 erat
1230 4775 1426 4827 autem
1468 4772 1669 4843 utique
1692 4772 1785 4827 hic
1819 4774 1952 4829 finis

300 4861 540 4916 visionis
605 4879 731 4933 quae
795 4861 906 4933 ipsi
983 4865 1375 4933 apparuerat;
1440 4862 1595 4932 apud
1644 4877 1772 4916 eam
1795 4878 1949 4917 amo-

300 4949 402 5017 ris,
435 4951 546 5005 cibi
582 4950 933 5015 communis,
963 4950 1283 5019 convictus,
1333 4966 1398 5004 ac
1456 4949 1693 5021 reliquae
1753 4950 1945 5007 omnis

298 5040 731 5095 communionis
783 5041 921 5095 facit
988 5040 1366 5103 mentionem,
1425 5055 1743 5110 eorumque
1819 5057 1943 5095 om-

298 5130 461 5183 nium
534 5145 711 5183 unam
788 5128 1036 5199 gratiam
1097 5128 1301 5200 poscit,
1364 5129 1790 5200 conjugemque
1849 5147 1939 5185 ro-

289 5223 390 5288 gat
436 5222 494 5273 et
565 5218 900 5273 obtestatur
950 5222 1015 5272 ut
1068 5218 1252 5273 Deum
1324 5222 1466 5288 oret,
1534 5235 1646 5288 quo
1691 5218 1803 5289 ipsi
1850 5220 1937 5274 di-

289 5305 599 5362 mittantur
631 5324 759 5378 qum
791 5306 1069 5379 peccavit,
1117 5307 1442 5379 salutisque
1490 5307 1645 5363 viam
1691 5307 1932 5363 demon-

2087 1932 2194 1973 νοι,
2226 1910 2315 1965 καί
2349 1911 2598 1989 σύροντες
2631 1914 2784 1987 αὐτὰ,
2814 1916 2904 1970 καὶ
2947 1914 3291 1990 δεσμοῦντες,
3322 1921 3413 1975 καὶ
3461 1920 3595 1997 τῇδε
3643 1926 3745 1979 κά-

2086 2006 2231 2055 κεῖσε
2266 2007 2505 2074 μανικῶς
2536 2006 2911 2079 περιάγοντες.
2936 2011 3105 2062 Τοῦτο
3137 2005 3194 2063 δὲ
3231 2010 3321 2063 καὶ
3370 2016 3452 2084 τῷ
3486 2013 3745 2087 Σισιννίῳ

2089 2086 2283 2163 ἐδόκει,
2327 2090 2417 2144 καὶ
2473 2088 2756 2165 δεσμώτην
2818 2094 2918 2149 ὑπὸ
2973 2100 3081 2151 τῶν
3139 2097 3362 2153 οἰκετῶν
3420 2086 3745 2178 γεγενῆσθαι

2086 2179 2174 2232 τὸν
2207 2181 2551 2256 πατριάρχην
2584 2183 2673 2236 καὶ
2723 2182 2881 2246 αὐτὸς
2926 2181 3089 2256 ᾤετο.
3132 2187 3367 2250 Ἐκεῖνος
3411 2189 3470 2245 δὲ
3524 2191 3743 2261 ἀπαθής

2087 2267 2192 2322 ἀπὸ
2222 2272 2326 2322 τῶν
2361 2268 2557 2324 ἀδίκων
2591 2270 2807 2326 ἐκείνων
2842 2272 3086 2350 ἐτηρεῖτο
3110 2281 3336 2352 χειρῶν,
3370 2275 3497 2333 οὐδὲ
3537 2281 3738 2354 μικρὰν

2088 2358 2228 2447 ἀφὴν
2277 2357 2584 2432 ὑπομένων,
2639 2358 2763 2415 οὐδὲ
2816 2362 2867 2416 ἐν
2917 2363 3102 2435 μέσοις
3150 2370 3270 2428 τοῖς
3333 2363 3532 2430 δεινοῖς
3581 2371 3742 2447 θορυ-

2087 2440 2376 2519 ϐούμενος,
2408 2447 2520 2502 εἶτα
2577 2449 2666 2503 καὶ
2715 2450 2853 2526 πρὸς
2897 2451 2988 2507 τὸν
3035 2452 3265 2524 ἀνόητον
3324 2454 3529 2511 ἐκεῖνον
3579 2440 3739 2513 ἰδώνο

2088 2536 2424 2612 Πεπώρωσαι
2454 2538 2553 2605 τήν
2594 2536 2844 2615 καρδίαν,
2874 2535 2998 2619 ἔφη,
3026 2541 3215 2605 λίθους
3272 2544 3414 2600 οὕτω
3462 2548 3555 2601 καί
3602 2547 3743 2619 ξύλα

2085 2630 2275 2692 κινῶν,
2322 2625 2411 2680 καὶ
2469 2624 2606 2697 ὅλην
2663 2630 2787 2683 κπτ’
2844 2628 3017 2684 αὐτῶν
3070 2630 3246 2709 ἀφιεὶς
3304 2634 3402 2703 τὴν
3468 2634 3664 2712 ὀργὴν,
3709 2636 3747 2691 ’ἀ

2092 2718 2269 2790 μικρῷ
2313 2714 2537 2791 πρόσθεν
2582 2715 2792 2790 ἐτίμας,
2824 2719 2913 2773 καὶ
2965 2719 3040 2782 ὡς
3102 2720 3256 2783 θεοὺς
3315 2721 3653 2798 ἐθεράπευες.
3686 2732 3752 2780 Ὀ

2089 2800 2165 2857 δέ·
2214 2801 2366 2859 Ἀλλ’
2412 2802 2520 2877 ἐγώ
2560 2826 2616 2859 σε
2661 2811 2839 2869 κακῶς
2905 2806 3118 2880 ἀπολῶ,
3169 2810 3353 2886 φησὶν,
3411 2813 3487 2876 ὡς
3536 2814 3627 2868 καὶ
3678 2837 3757 2887 με

2084 2886 2342 2947 ταϐαλεῖν
2372 2891 2619 2956 πολλοὺς
2645 2899 2752 2950 τῶν
2784 2898 2997 2971 γοήτων
3030 2896 3266 2963 ἐντεῦθεν
3316 2902 3405 2955 καὶ
3454 2886 3751 2979 σωφρονῆ-

2089 3003 2194 3053 σαι,
2229 2982 2315 3059 ἀφ’
2347 2983 2422 3036 ὧν
2452 2982 2610 3046 αὐτὸς
2650 2986 2718 3039 τὰ
2765 2981 2969 3061 ἔσχατα
3006 2987 3185 3063 πείσῃ,
3215 2989 3283 3043 τὰ
3330 2990 3551 3067 μαγάλα
3598 2992 3752 3048 ἐκεί-

2086 3093 2212 3133 νους
2241 3068 2619 3143 κερδάναντας.

2158 3162 2339 3218 CLIX.
2372 3165 2545 3216 Ταῦτα
2577 3164 2604 3217 ὁ
2638 3164 2732 3236 μὶν
2774 3166 3092 3242 φυσώμενος
3126 3168 3229 3223 ὑπὸ
3284 3173 3394 3224 τῶν
3452 3170 3746 3245 παρόντων

2085 3245 2258 3324 ἔλεγε,
2299 3250 2389 3304 καὶ
2432 3250 2639 3326 αὐχῶν,
2672 3252 2754 3307 ὅτι
2795 3256 2885 3308 καὶ
2934 3253 3158 3330 δεσμοῖς
3208 3253 3581 3328 ὑποϐέϐληκεν
3638 3261 3745 3316 τὸν

2083 3338 2450 3414 πατριάρχην.
2485 3341 2541 3394 Ὁ
2603 3338 2678 3413 δὲ,
2714 3340 2838 3397 οὐδὲ
2896 3343 3067 3407 οὕτως
3128 3346 3288 3401 αὐτὸν
3348 3348 3741 3426 ἀπεστρέφετο,

2084 3426 2229 3482 ἀλλά
2254 3429 2353 3497 τήν
2388 3427 2591 3483 ἐκείνου
2624 3429 2847 3508 σύζυγον
2881 3432 3200 3509 εὐλογήσας,
3232 3436 3323 3490 καὶ
3354 3436 3430 3499 εἷς
3484 3436 3582 3499 τὰς
3641 3438 3741 3493 εὖ·

2083 3518 2373 3592 γνώμονας
2456 3516 2655 3582 ἐκείνας
2737 3521 2827 3576 καὶ
2911 3526 3248 3587 καταπειθεῖς
3304 3526 3491 3595 ἀκοὰς,
3546 3525 3741 3604 ὥσπερ

2085 3606 2159 3667 εἷς
2222 3605 2502 3682 βαθύγειόν
2587 3630 2704 3663 τινα
2775 3611 2865 3665 καί
2928 3608 3161 3688 λιπαρὰν
3221 3611 3452 3689 ἄρουραν
3520 3612 3742 3690 δαψιλῆ

2084 3694 2363 3770 σπέρματα
2415 3698 2513 3765 τῆς
2569 3692 2837 3760 εὐσεϐείας
2885 3696 3207 3757 καταϐαλὼν
3259 3705 3323 3739 ⁴’⁴’·
3384 3699 3584 3779 ᾤχετο,
3652 3707 3741 3778 μή

2084 3785 2277 3839 ἀνεῖναι
2334 3787 2782 3861 προσευχομένην
2842 3788 3105 3866 πρότερον
3167 3790 3563 3865 ἐντειλάμενος,
3620 3791 3743 3857 ἓως

2084 3873 2170 3927 καὶ
2199 3875 2288 3928 τὸν
2323 3871 2490 3950 ἄνδρα
2520 3874 2597 3937 εἷς
2639 3874 2925 3952 ἐπίγνωσιν
2983 3885 3083 3948 τῆς
3141 3878 3400 3951 ἀληθείας
3452 3902 3739 3959 χειραγω-

2079 3964 2283 4037 γήσειε.
2326 3967 2401 4037 Τῇ
2462 3962 2603 4038 εὐχῇ
2644 3964 2824 4019 τοίνυν
2872 3967 3198 4045 θερμότερον
3248 3972 3615 4045 προσκειμένῃ
3668 3977 3742 4048 τῇ

2080 4049 2353 4125 Θεοδώρᾳ,
2386 4050 2721 4129 ἐπιφαίνεταί
2752 4075 2837 4116 τις
2869 4054 3007 4129 αὐτῇ
3050 4057 3187 4132 πρὸς
3243 4056 3470 4134 ἑσπέραν
3530 4056 3743 4115 αἰδέσι-

2082 4161 2181 4211 μος
2213 4140 2349 4216 ἀνὴρ
2378 4140 2467 4195 καὶ
2498 4140 2698 4197 πολιὸσ
2726 4143 2823 4212 τὴν
2855 4149 3042 4219 τρῖχαο
3077 4144 3232 4217 ἐῴκει
3280 4144 3338 4201 δὲ
3386 4145 3491 4223 ἄρα
3520 4148 3549 4201 ὁ
3579 4154 3742 4223 πρῶ-

2073 4252 2165 4292 τος
2196 4235 2302 4285 τῶν
2333 4234 2588 4304 μαθητῶν
2622 4231 2750 4286 εἶναι
2784 4231 3012 4305 Πέτρος,
3042 4234 3070 4287 ὁ
3100 4238 3197 4289 τοῦ
3224 4233 3565 4291 Διδασκαλου
3601 4238 3735 4313 θερ-

2078 4320 2177 4391 μὸς
2208 4318 2455 4396 ἐραστής⁶
2489 4320 2578 4375 καὶ
2610 4342 2740 4393 φησι
2798 4321 2933 4395 πρὸς
2989 4321 3178 4394 αὑτήν
3213 4326 3317 4379 Διά
3347 4324 3425 4398 σὲ,
3466 4322 3511 4378 ὦ
3540 4324 3730 4401 γύναι,

2074 4408 2236 4482 ὑγιὴς
2287 4407 2431 4462 ἔσται
2492 4410 2780 4484 Σισίννιος,
2815 4409 2963 4473 ὅπως
3020 4411 3077 4465 ἂν
3135 4413 3226 4467 καὶ
3270 4414 3426 4490 ἀνὴρ,
3461 4414 3596 4468 κατὰ
3622 4416 3729 4470 τὸν

2070 4494 2301 4573 ἀδελφόν
2361 4519 2467 4571 μου
2523 4497 2762 4568 Παῦλον,
2794 4499 3022 4576 ἀγιασθῇ
3083 4497 3173 4556 διὰ
3226 4503 3327 4571 τήν
3383 4508 3633 4577 γυναῖκα.
3666 4509 3729 4557 Ὁ

1987 4596 2035 4661 D
2070 4587 2162 4660 μὲν
2199 4585 2312 4657 οὖν,
2343 4592 2509 4642 ταῦτα
2540 4588 2727 4661 εἰπὼν,
2763 4587 3028 4659 ἀπῆλθεν.

2135 4678 2289 4735 CLX.
2321 4678 2377 4731 Ὁ
2405 4677 2673 4740 Σισίννιος
2706 4675 2763 4732 δὲ
2793 4677 2986 4733 αὐτίκα
3032 4679 3121 4733 καὶ
3168 4677 3349 4756 ὥσπερ
3402 4679 3464 4735 ἐκ
3520 4684 3727 4753 συνθή-

2068 4786 2232 4839 ματος
2264 4766 2361 4833 τήν
2394 4763 2675 4843 Θεοδώραν
2703 4764 2957 4830 καλέσας’
3110 4765 3169 4822 δὲ
3199 4767 3300 4845 ἄρα
3327 4773 3488 4824 τοῦτο
3540 4773 3723 4844 πέρας

2057 4863 2156 4925 τῆς
2189 4855 2441 4933 φανείσης
2474 4855 2608 4929 αὐτῇ
2640 4859 2684 4893 ⁴⁸
2716 4851 2939 4931 ὅψεως)
2964 4861 3062 4911 τοῦ
3109 4857 3281 4911 πόθου
3310 4878 3370 4912 τε
3402 4858 3571 4927 αὐτὴν
3623 4860 3724 4913 καὶ

2054 4951 2163 5001 τῶν
2212 4949 2405 4999 κοινῶν
2466 4943 2634 5014 ἁλῶν,
2666 4945 2757 5000 καὶ
2813 4953 2912 5016 τῆς
2973 4944 3171 5018 ἐστίας,
3210 4947 3299 5001 καὶ
3356 4954 3459 5017 τῆς
3512 4946 3723 5018 λοιπῆς

2056 5037 2267 5104 ἀπάσης
2314 5034 2593 5096 κοινωνίας
2642 5034 3062 5108 ἀναμιμνήσκει,
3112 5034 3202 5089 καὶ
3250 5036 3465 5090 πάντων
3530 5036 3717 5091 αὐτῶν

2056 5126 2178 5199 μίαν
2239 5125 2452 5178 ἀπαιτεῖ
2505 5127 2686 5199 χάριν,
2748 5125 2837 5178 καὶ
2895 5121 3119 5200 λιπαρεῖ
3170 5126 3272 5194 τὴν
3337 5128 3568 5201 γυναῖκα
3614 5126 3716 5179 καὶ

2050 5214 2293 5285 ἱκετεύει,
2326 5211 2463 5267 ὥστε
2494 5210 2748 5283 δεηθῆναι
2795 5216 2893 5267 τοῦ
2942 5216 3075 5267 Θεοῦ
3107 5212 3317 5290 ἀφεῖναί
3344 5234 3401 5268 τε
3430 5214 3497 5268 τὰ
3528 5216 3716 5287 ἡμαρ-

2044 5303 2274 5379 τημένα,
2306 5303 2394 5357 καὶ
2423 5303 2520 5371 τὴν
2555 5298 2678 5357 ὁδὸν
2710 5302 2857 5374 αύτῷ
2909 5299 3182 5373 ὑποδεῖξαι
3238 5309 3341 5373 τῆς
3395 5303 3707 5377 σωτηρίας,

1639 5476 1881 5533 νΑΗῐίΕ
1928 5476 2338 5534 LECTIONES.

775 5629 821 5666 ⁸*
869 5628 1101 5700 Matth.,
1146 5644 1266 5700 xxx,
1318 5630 1411 5685 22.

754 5702 801 5740 ⁴⁰
829 5699 903 5761 al.
925 5699 1116 5777 αὐτῆς.

338 5630 385 5666 ⁸³
440 5627 516 5685 al.
587 5628 699 5685 καί.

266 5700 397 5759 Cor.
419 5716 519 5771 vn,
560 5702 649 5759 14.

1516 5630 1563 5665 ⁴⁵
1609 5628 1685 5688 al.
1734 5625 2052 5687 διαλέλυτο.

2156 5630 2203 5665 ⁴⁶
2248 5628 2324 5689 al-
2386 5628 2566 5687 inBel‘.
2627 5626 2705 5691 εἷς
2778 5629 2821 5665 ⁴⁷
2879 5628 2955 5685 al.
3006 5644 3264 5703 prepon.
3303 5626 3511 5688 ἀπιών.
3588 5628 3700 5695 "1
