4014 6202
237 410 363 471 589

992 413 1527 479 CLEMENTINA.
1556 451 1633 462 ——
1664 416 2010 479 EPITOME
2058 417 2158 478 DE
2206 420 2479 482 GESTIS
2526 422 2590 483 S.
2641 421 2901 485 PETRI.

3530 424 3652 485 590

237 543 372 598 Εἶτα
427 544 729 621 κατήγορος
784 544 940 607 αὐτὸς
998 547 1189 602 ἑαυτοῦ
1245 547 1497 623 γίνεται,
1555 550 1642 604 καὶ
1716 551 1878 603 πάντα

2002 554 2162 607 stret.
2197 556 2404 609 Postea
2432 554 2556 625 ipse
2586 557 2677 610 sui
2730 560 3035 612 accusator
3080 556 3355 625 efﬁcitur,
3407 561 3647 614 cuncta-

234 640 463 704 ποιῆσαι
497 632 564 688 δι’
595 635 761 704 αὐτὴν
789 636 877 690 καὶ
908 644 1094 701 παθεῖν
1130 636 1481 713 ἀπαγγέλλει.

308 816 491 872 CLXI.
523 816 662 890 Ἐγὼ
692 815 794 892 γάρ
845 814 1234 887 ἐζηλοτύπουν,
1286 818 1469 895 φησὶν,
1505 817 1591 873 ἐπὶ
1642 817 1747 890 σοὶ,
1778 816 1883 887 ὅτι,

231 902 325 956 τὸν
378 902 607 978 σύζυγον
660 902 757 976 ἐμὲ
803 910 1131 981 περιορῶσα,
1183 907 1328 982 παρὰ
1373 908 1464 961 τὸν
1510 907 1655 977 ξένον
1694 911 1883 962 τοῦτον

230 989 469 1069 ἐφοίτας,
499 993 561 1047 τὸ
596 997 692 1047 τοῦ
741 993 1083 1071 πατριάρχου
1125 996 1377 1069 προσθεὶς
1408 991 1597 1068 ὄνομα·
1630 996 1719 1049 καὶ
1757 995 1883 1056 τοὺς

226 1088 329 1150 τῆς
361 1080 572 1159 φύσεως
603 1077 887 1157 θορύϐους,
938 1084 1026 1138 καὶ
1076 1084 1171 1145 τάς
1201 1083 1260 1138 ἐκ
1304 1092 1405 1154 τῆς
1441 1084 1609 1155 ζάλης
1642 1087 1686 1121 ⁸ο
1722 1104 1884 1158 ταρα-

229 1169 334 1245 χὰς
407 1168 468 1224 οὐ
528 1171 702 1248 φέρων
739 1215 752 1241 ,
812 1171 1153 1247 ἠναγκάσθην
1218 1174 1352 1248 πρὸς
1418 1175 1517 1242 τὴν
1592 1172 1881 1243 ἐκκλησίαν

228 1258 490 1313 ἀπιοῦσαν
523 1259 841 1337 ἐπιφυλάξαι
894 1282 971 1334 σε,
1002 1261 1090 1315 καὶ
1138 1258 1268 1315 ἰδεῖν
1312 1263 1380 1316 τὰ
1407 1259 1730 1335 τελούμενα.
1762 1262 1885 1316 Εἰσ-

228 1345 404 1410 ελθὼν
448 1349 630 1403 τοίνυν
681 1348 769 1403 καὶ
819 1349 978 1412 αὐτὸς
1026 1350 1250 1405 κατόπιν
1292 1351 1369 1413 εἷς
1421 1352 1511 1406 τὸν
1561 1352 1682 1407 ναὸν
1717 1398 1731 1423 ,
1792 1352 1883 1406 καὶ

228 1436 537 1512 περιέργοις
570 1437 876 1515 ὀφθαλμοῖς
906 1440 971 1493 τὰ
1002 1440 1104 1495 ὑπὸ
1136 1444 1233 1495 τοῦ
1263 1442 1606 1517 πατριάρχου
1629 1440 1885 1516 γινόμενα

231 1531 451 1599 θεωρῶν
490 1570 505 1595 ,
554 1524 692 1597 ὅλην
741 1549 801 1582 τε
847 1528 993 1601 αὐτῴ
1036 1530 1135 1598 τὴν
1187 1530 1353 1600 ἀκοὴν
1402 1528 1683 1585 διανιστῶν
1721 1578 1736 1603 ,
1793 1529 1881 1584 καὶ

226 1613 503 1692 ἀκροατής
535 1616 807 1671 εἶναιτῶν
858 1616 1164 1693 λεγομένων
1217 1617 1435 1691 ἐθέλων,
1484 1619 1576 1681 τὰς
1632 1614 1780 1693 ὄψεις
1825 1641 1883 1674 τε

226 1705 370 1776 ὁμοῦ
402 1706 494 1759 καὶ
523 1707 592 1759 τὰ
620 1706 734 1761 ὦτα
763 1711 1068 1781 πηροῦμαι.
1101 1707 1161 1761 Εἰ
1205 1708 1295 1762 καὶ
1340 1707 1503 1764 πάλιν
1538 1708 1758 1779 ἐκεῖνος,
1791 1710 1882 1764 ἅτε

227 1798 363 1848 Θεοῦ
400 1796 650 1868 μιμητὴς
682 1794 778 1867 ὢν,
831 1791 1129 1871 ἀναϐλέψαι
1178 1818 1235 1851 τε
1273 1797 1362 1851 καὶ
1396 1798 1616 1852 ἅκοῦσαι
1648 1798 1878 1869 πεποίη-

224 1903 303 1937 κε·
335 1882 448 1959 ἐγὼ
482 1882 539 1938 δὲ
586 1884 789 1960 ἀγαθοῦ
835 1884 1096 1940 τοσούτου
1145 1887 1560 1959 ἀμνημονήσας,
1611 1886 1671 1942 οὐ
1715 1888 1878 1960 μόνον
1909 1926 1958 1992 Β

268 1973 281 1991 ⁷
365 1972 380 1991 θ
442 1970 493 1992 '1‘
645 1977 684 1992 ιι
779 1977 790 1992 Ι
1048 1974 1061 1992 9
1109 1980 1135 1989 -ι
1238 1983 1265 1992 ~
1388 1975 1401 1992 9
1580 1976 1591 1992 Ι
1746 1975 1790 1992 9‘
1810 1975 1828 1992 κ
1858 1978 1871 1992 \

225 1973 327 2026 οὐκ
356 1970 615 2028 ἀπέδωκα
644 1977 686 2012 δι
719 1977 951 2051 χάριτας
1004 1974 1149 2047 αὐτῷ
1198 1983 1300 2045 τῆς
1353 1975 1687 2052 εὐεργεσίας,
1735 1975 1881 2032 ἀλλὰ

224 2062 314 2115 καὶ
345 2061 622 2139 τερατείαν
652 2064 680 2117 6
706 2066 930 2135 μάταιος
960 2064 1023 2118 τὸ
1045 2066 1223 2136 Θαῦμα
1253 2064 1439 2137 εἰπὼν,
1466 2066 1879 2141 τιμωρήσασθαί

222 2171 283 2204 τε
313 2150 475 2205 αὐτὸν
510 2150 848 2227 ἐπεχείρουν,
884 2152 983 2223 ὅση
1021 2175 1111 2226 μοι
1146 2150 1394 2227 δύναμις,
1427 2155 1515 2208 καὶ
1564 2161 1877 2231 κατασχεῖν,

228 2239 406 2312 οἶμοι,
438 2240 527 2293 καὶ
560 2239 781 2313 δεσμοῖς
810 2236 1123 2316 περιϐαλεῖν
1179 2240 1425 2297 ἐκέλευον
1475 2247 1593 2305 τοῖς
1624 2242 1876 2305 οἰκέταις·

228 2327 455 2389 ἐκείνοις
486 2327 564 2402 δὲ,
597 2328 843 2406 κατέχειν
870 2351 928 2385 τε
958 2331 1117 2385 αὐτὸν
1147 2330 1429 2405 νομίζουσι
1456 2332 1546 2386 καὶ
1600 2333 1674 2395 εἷς
1708 2331 1881 2407 δεσμὰ

228 2417 429 2493 φέρειν,
464 2415 600 2487 ξύλα
628 2418 694 2487 ἦν
745 2418 797 2473 ἐν
846 2420 1003 2494 χερσὶ
1056 2414 1220 2493 μόνον
1270 2420 1359 2475 καὶ
1392 2420 1556 2477 λίθοι.
1598 2423 1773 2477 Τοῦτο
1824 2419 1881 2476 δὲ

226 2504 315 2558 καὶ
350 2504 499 2577 αὐτῷ
530 2527 624 2578 μοι
656 2504 851 2578 ἐδόκει,
883 2509 973 2562 καὶ
1019 2510 1108 2563 οἶα
1153 2509 1240 2563 ὑπ’
1287 2508 1460 2564 αὐτῶν
1510 2512 1879 2587 κατεχομένου

221 2598 323 2647 τοῦ
382 2596 747 2672 πατριάρχου,
808 2596 1033 2659 ἀπειλάς
1066 2597 1171 2673 ἐγὼ
1206 2596 1597 2675 χαλεπωτέρας
1647 2599 1872 2674 ἐπῆγον.

226 2684 325 2736 Διὰ
346 2687 510 2739 τοῦτο
542 2682 731 2758 δέομαι
764 2687 792 2739 6
824 2687 913 2741 σὸς
964 2686 1122 2763 άνήρ,
1163 2686 1253 2741 καί
1296 2687 1497 2758 ταύτην
1525 2688 1669 2764 παρὰ
1696 2710 1879 2765 γυναι-

222 2772 319 2834 κὸς
351 2772 491 2846 ἐμῆς
522 2773 655 2829 αίτῶ
688 2776 848 2852 χάριν
882 2777 948 2847 ³²,
985 2774 1122 2831 ὥστε
1168 2781 1361 2853 πρῶτα
1412 2778 1506 2850 μὲν
1558 2777 1754 2850 εὐμενῆ
1789 2800 1879 2854 γει

224 2860 409 2915 νέσθαι
438 2863 596 2917 ³³τὸν
647 2865 797 2934 Θεὸν,
849 2863 1033 2920 ἔπειτα
1080 2862 1157 2938 δὲ,
1188 2866 1278 2920 καὶ
1324 2865 1480 2921 αὐτὸν
1515 2864 1878 2943 διαλλαγῆναι

224 2950 321 3004 τὸν
357 2952 702 3028 πατριάρχην
714 2999 725 3010 .

301 3042 517 3098 CLXII.
549 3041 764 3097 Τούτων
806 3043 1075 3099 ἀκούσατα
1121 3042 1394 3120 Θεοδώρα,
1443 3046 1578 3120 πρὸς
1608 3045 1699 3100 τὸν
1731 3044 1877 3101 ὅσιον

221 3127 383 3190 εὐθὺς
412 3128 733 3207 ἀφικνεῖται,
785 3132 875 3186 καὶ
925 3131 1021 3187 ὅσα
1070 3153 1129 3187 τε
1160 3130 1291 3203 ἴδοι,
1337 3133 1426 3188 καὶ
1473 3134 1571 3189 ὅσα
1599 3135 1744 3209 παρά
1776 3140 1875 3189 τοῦ

220 3216 416 3295 ἀνδρὸς
478 3218 742 3293 ἀκούσειε,
793 3221 958 3277 πάλιν
1007 3220 1343 3297 ἀπαγγέλλει
1401 3224 1575 3278 πάντα
1629 3229 1709 3295 τῷ
1764 3244 1869 3278 πα-

215 3293 482 3383 τριάρχῃ.
513 3311 569 3362 Ὁ
600 3307 657 3364 δὲ
691 3312 766 3383 μή
803 3310 1083 3384 μελλήσας
1113 3293 1302 3385 μηδὲν,
1334 3311 1526 3367 αὐτίκα
1560 3293 1707 3386 μάλα
1736 3314 1871 3389 πρὸς
1906 3293 1947 3359 C

218 3397 311 3451 τὸν
368 3398 635 3453 Σισίννιον
684 3399 1056 3475 παραγίνεται·
1098 3401 1188 3455 καὶ
1238 3400 1345 3477 οὐχ
1392 3402 1468 3464 ὡς
1506 3403 1569 3457 τὸ
1617 3402 1881 3479 πρότερον

227 3485 375 3558 αὐτῷ
407 3485 737 3563 ἐντυγχάνει,
770 3487 915 3545 ἀλλὰ
966 3490 1082 3563 μεθ’
1113 3488 1246 3559 ὅσης
1276 3490 1479 3553 ἐκεῖνος
1506 3496 1586 3563 τῷ
1617 3493 1879 3568 πατριάρ-

226 3595 304 3650 χῃ
349 3571 658 3650 προσέϐαλε
703 3576 827 3633 τότε
872 3584 974 3647 τῆς
1035 3578 1387 3654 ἀγριότητος,
1443 3581 1576 3653 μετὰ
1624 3579 1879 3644 πλείονος

226 3664 391 3719 αὐτὸν
420 3670 511 3719 νῦν
540 3673 641 3736 τῆς
667 3674 835 3739 τιμῆς
887 3664 1231 3744 ὑποδέχεται.
1268 3668 1490 3745 Ἀθρόαν
1522 3669 1702 3724 τοίνυν
1737 3669 1879 3725 οὕτω

224 3758 318 3807 καί
349 3752 570 3823 πολλὴν
615 3757 714 3825 τὴν
769 3752 1078 3829 μεταϐολὴν
1129 3758 1156 3810 ὁ
1192 3761 1354 3833 μέγας
1408 3755 1557 3828 ἰδὼν,
1590 3756 1793 3833 λόγους
1822 3781 1881 3815 τε

223 3843 353 3918 περὶ
403 3850 502 3912 τῆς
551 3840 817 3908 εὐσεϐείας
868 3843 1053 3916 δεξιῶς
1099 3847 1231 3921 ἄγαν
1274 3846 1419 3919 αὐτῷ
1470 3848 1748 3921 ὑποτείνει,
1789 3849 1878 3903 καὶ

222 3930 360 3987 ελον
395 3933 738 3989 ὑποποιεῖται
767 3936 859 3989 τὸν
894 3932 1077 4011 ἄνδρα.
1115 3935 1212 3990 Καὶ
1244 3936 1529 3998 πιστεύσας
1562 3937 1667 3992 ἀπὸ
1693 3941 1879 4014 ψυχῆς

221 4022 251 4075 6
305 4021 573 4085 Σισίννιος
628 4028 707 4096 τῷ
753 4028 893 4096 Θεῷ,
940 4022 1120 4099 ἥψατο
1167 4029 1273 4080 τῶν
1326 4026 1603 4102 μακαρίων
1656 4026 1874 4081 ἐκείνων

216 4116 324 4165 τοῦ
374 4114 719 4189 πατριάρχου
775 4110 980 4185 ποδῶν,
1038 4114 1126 4168 καὶ
1180 4118 1405 4169 τοιαῦτα
1456 4116 1591 4188 μετὰ
1630 4112 1874 4192 δακρύων

297 4291 539 4348 CLXIII.
572 4290 896 4368 Εὐχαριστῶ
918 4313 999 4347 σοι
1022 4297 1101 4365 τῷ
1132 4292 1330 4364 ἀληθεῖ
1359 4294 1448 4347 καὶ
1482 4288 1630 4367 μόνῳ
1661 4298 1878 4367 Θεῷ,τῷ

223 4377 317 4433 διὰ
343 4379 505 4434 τοῦτό
542 4402 635 4453 μοι
664 4381 792 4443 τοὺς
827 4380 1147 4459 ὀφθαλμοὺς
1185 4382 1537 4456 πεπηρωκότι
1567 4387 1663 4436 τοῦ
1690 4384 1877 4456 σώμα-

218 4489 341 4539 τος,
377 4468 527 4532 ὅπως
555 4470 682 4532 τοὺς
713 4477 811 4540 τῆς
840 4474 1025 4547 ψυχῆς
1073 4468 1453 4546 διανοίξῃς,καὶ
1486 4466 1774 4545 διαϐλέψαι
1812 4493 1878 4546 με

222 4560 635 4635 παρασκευάσῃς
678 4561 814 4635 πρὸς
862 4561 959 4628 τήν
1003 4558 1282 4630 ἀλήθειαν·
1336 4558 1424 4614 διὰ
1472 4565 1632 4615 τοῦτο
1684 4558 1740 4615 δὲ
1786 4562 1874 4615 καὶ

1996 658 2109 711 que
2143 658 2205 697 se
2234 647 2469 714 propter
2496 644 2662 699 illam
2706 646 2913 702 fecisse
2949 662 3012 701 ac
3044 645 3355 717 pertulisse
3386 662 3642 703 comme-

1998 736 2204 785 morat.

2065 820 2251 875 CLXI.
2285 821 2433 893 Ergo
2473 822 2651 889 enim,
2698 822 2908 894 inquit,
2961 822 3247 895 zelotypia
3292 824 3377 878 tui
3427 825 3639 880 ductus

1995 924 2149 975 sum,
2185 910 2337 980 quod
2370 927 2463 965 me
2493 912 2740 982 conjuge
2770 910 3131 982 neglecto,ad
3164 912 3453 983 hospitem
3485 912 3641 968 hunc

1995 997 2425 1067 adventares,et
2455 999 2679 1054 addidit
2709 1016 2920 1055 nomen
2952 1000 3293 1071 patriarchas
3320 1026 3335 1067 ;
3385 1006 3641 1057 natura:-

1995 1102 2109 1157 que
2139 1087 2605 1159 perturbationes
2638 1106 2703 1143 ac
2734 1105 2804 1143 ex
2834 1089 3210 1145 fluctuatione
3239 1094 3395 1145 ortos
3426 1090 3645 1146 tumul-

1994 1178 2091 1229 tus
2121 1191 2235 1230 non
2269 1176 2481 1243 ferens,
2515 1182 2750 1232 coactus
2782 1194 2915 1232 sum
2947 1181 3003 1231 te
3053 1194 3187 1233 cum
3236 1179 3305 1233 ad
3339 1178 3644 1235 ecclesiam

1994 1262 2108 1318 ires
2140 1265 2650 1337 observare,atque
2679 1266 2873 1321 videre
2903 1283 3033 1338 quae
3062 1268 3643 1341 agebantur.Ingres-

1993 1368 2096 1407 sus
2130 1369 2265 1425 ergo
2295 1358 2352 1408 et
2382 1354 2507 1425 ipse
2538 1359 2638 1426 pot
2668 1358 2721 1410 te
2770 1355 2827 1409 in
2862 1356 3169 1427 templum,
3209 1356 3511 1428 oculisque
3543 1374 3644 1413 cu-

1994 1440 2165 1497 riosis
2196 1460 2323 1514 quas
2347 1461 2380 1498 a
2408 1443 2743 1515 patriarcha
2772 1446 3127 1516 gerebantur
3156 1446 3645 1518 aspiciens,eique

1992 1534 2147 1587 totas
2179 1547 2351 1587 aures
2395 1533 2680 1605 arrigens,
2725 1548 2929 1588 eorum
2977 1550 3104 1604 quae
3154 1534 3498 1589 dicebantur
3540 1552 3643 1589 cu-

1993 1619 2160 1691 piens
2190 1637 2319 1676 esse
2361 1621 2612 1693 auditor,
2674 1620 2858 1677 oculis
2909 1623 3128 1693 pariter
3174 1626 3349 1693 atque
3397 1623 3642 1679 auribus

1992 1713 2198 1781 captus
2227 1727 2378 1765 sum.
2412 1710 2480 1765 Et
2509 1709 2645 1766 licet
2675 1710 2773 1765 ille
2811 1710 3047 1781 iterum,
3080 1715 3283 1783 utpote
3319 1712 3413 1767 Dei
3444 1712 3639 1768 imita-

1993 1803 2101 1867 tor,
2134 1816 2227 1854 me
2259 1815 2493 1855 cernere
2523 1816 2588 1854 ac
2617 1801 2819 1855 audire
2852 1800 3087 1867 fecerit;
3122 1816 3228 1871 ego
3255 1804 3453 1857 tamen
3482 1801 3635 1856 tanti

1990 1886 2251 1944 beneficii
2279 1889 2731 1957 immemor,non
2762 1888 2953 1944 solum
2985 1894 3181 1961 grates
3212 1889 3324 1961 ipsi
3355 1890 3429 1946 ob
3461 1890 3641 1946 bene-

1988 1976 2283 2033 ﬁcentiam
2332 1995 2445 2035 non
2477 1977 2727 2050 persolvi
2759 1979 2860 2035 sed
2893 1982 2949 2034 et
2980 1978 3250 2046 stolidus,
3284 1996 3421 2035 cum
3454 1980 3638 2035 mira-

1990 2064 2186 2121 culum
2218 2067 2470 2122 dicerem
2502 2083 2630 2122 esse
2652 2067 2995 2139 prmstigias,
3028 2084 3161 2122 eum
3186 2067 3476 2140 supplicio
3504 2067 3637 2122 affi-

1989 2170 2135 2224 cere,
2170 2161 2455 2227 quantum
2490 2157 2671 2226 potui,
2704 2161 2950 2210 conatus
2982 2156 3413 2227 sum,jussique
3443 2157 3635 2211 famu-

1988 2242 2082 2313 lis,
2116 2244 2208 2299 hei
2240 2245 2420 2299 mihi!
2482 2250 2545 2299 ut
2592 2245 2867 2299 eumdem
2916 2244 3232 2300 retinerent
3277 2263 3343 2300 ac
3390 2245 3638 2301 vinculis

1990 2338 2300 2389 onerarent
2326 2359 2339 2400 ;
2370 2334 2486 2389 illis
2515 2349 2647 2389 vero
2678 2334 2779 2405 qui
2811 2338 3008 2388 tenere
3034 2333 3202 2388 illum
3233 2338 3289 2389 et
3318 2334 3375 2388 in
3408 2333 3639 2391 vincula

1991 2422 2199 2477 ducere
2229 2422 2537 2495 putabant,
2562 2421 2721 2495 ligna
2744 2423 3028 2477 duntaxat
3053 2427 3110 2478 et
3137 2422 3361 2495 lapides
3382 2428 3547 2479 erant
3576 2424 3637 2479 in

1991 2510 2267 2565 manibus
2302 2526 2313 2563 :
2350 2510 2406 2565 id
2440 2510 2593 2581 quod
2618 2509 2761 2564 mihi
2791 2510 2967 2565 etiam
2998 2510 3303 2565 videbatur
3333 2528 3347 2579 ;
3382 2515 3438 2565 et
3468 2511 3641 2582 quasi

1991 2600 2063 2654 ab
2094 2601 2179 2656 eis
2228 2600 2560 2672 patriarcha
2607 2601 2983 2666 detineretur,
3024 2600 3218 2656 minas
3258 2599 3637 2672 gravissimas

1990 2706 2095 2761 ego
2118 2690 2434 2761 jactabam.
2470 2690 2751 2755 Quocirca
2789 2705 3012 2761 precor,
3060 2688 3148 2743 vir
3176 2694 3337 2758 tuus,
3370 2688 3640 2762 hancque

1991 2779 2064 2834 ab
2098 2795 2271 2834 uxore
2302 2795 2432 2834 mea
2460 2778 2710 2851 gratiam
2729 2785 2859 2849 peto
2886 2783 2950 2833 ut
2970 2779 3157 2849 primo
3183 2778 3422 2850 quidem
3453 2783 3638 2834 Deum

1993 2866 2136 2921 mihi
2169 2868 2488 2939 propitium
2519 2867 2976 2935 et‘licias,dcinde
2997 2884 3127 2922 vero
3152 2872 3208 2922 et
3239 2883 3329 2923 me
3352 2867 3631 2923 concilies

1990 2956 2357 3028 patriarchae.

2061 3045 2262 3100 CLXII.
2295 3046 2398 3102 His
2425 3045 2664 3115 auditis,
2684 3046 2987 3101 Theodore
3008 3046 3078 3100 ad
3112 3050 3379 3101 sanctum
3413 3045 3642 3101 confes-

1989 3134 2092 3188 tim
2130 3135 2306 3200 venit,
2340 3138 2667 3206 cunctaque
2718 3152 2842 3204 quae
2891 3135 3153 3202 vidisset,
3204 3139 3262 3189 et
3289 3151 3416 3206 quae
3446 3152 3478 3189 a
3517 3135 3639 3189 viro

1990 3222 2535 3293 audiisset,rursum
2568 3223 2909 3295 patriarchae
2932 3222 3295 3291 nuntiat.llle
3324 3223 3469 3279 nihil
3500 3239 3642 3279 cun-

1990 3313 2490 3381 ctatus,citissime
2519 3314 2590 3368 ad
2611 3312 2935 3368 Sisinnium
2967 3311 3356 3384 proﬁciscitur
3387 3329 3400 3366 :
3434 3317 3491 3367 et
3520 3329 3638 3367 non

1992 3405 2056 3457 ut
2085 3407 2255 3457 antea
2285 3418 2419 3457 eum
2451 3402 2690 3467 invenit,
2723 3402 2825 3457 sed
2866 3418 3000 3456 cum
3033 3405 3253 3472 quanta
3284 3400 3382 3456 ille
3431 3401 3635 3456 feroci-

1988 3494 2107 3546 tate
2136 3491 2529 3563 patriarcham
2562 3495 2702 3545 tunc
2733 3491 2970 3545 adortus
3013 3490 3197 3545 fuerat
3239 3506 3373 3544 cum
3417 3491 3637 3560 majore

1989 3579 2209 3635 honore
2241 3596 2397 3635 nunc
2426 3596 2562 3634 eum
2594 3579 2827 3651 excipit.
2862 3579 3017 3633 Adeo
3062 3578 3244 3649 igitur
3296 3578 3550 3633 subitam
3583 3586 3639 3633 et

1991 3685 2265 3741 magnam
2300 3669 2685 3723 mutationem
2715 3668 2803 3723 vir
2832 3684 3081 3740 magnus
3112 3683 3378 3737 cernens,
3412 3683 3635 3723 sermo-

1990 3775 2092 3813 nes
2117 3758 2187 3813 de
2209 3758 2424 3829 pietate
2447 3757 2766 3812 admodum
2797 3756 2940 3811 scite
2962 3755 3014 3811 ei
3044 3755 3638 3829 suggerit,totumque

1988 3846 2098 3902 sibi
2127 3850 2426 3917 comparat
2454 3844 2776 3901 hominem.
2826 3850 3086 3917 Cumque
3123 3862 3194 3900 ex
3223 3845 3419 3901 animo
3451 3846 3641 3901 Sisin-

1988 3936 2123 3991 nius
2157 3936 2267 3990 Deo
2300 3933 2663 4001 credidisset,
2688 3933 2878 4006 tetigit
2900 3934 3101 3990 beatos
3132 3933 3263 3991 illas
3295 3934 3637 4007 patriarchas

1987 4025 2185 4096 pedes,
2210 4023 2449 4095 haecque
2479 4039 2614 4078 cum
2647 4022 2921 4095 lacrymis
2952 4023 3291 4095 prolocutus
3321 4028 3410 4080 est
3440 4040 3453 4081 :

2055 4293 2291 4349 CLXIII.
2323 4290 2552 4347 Gratias
2603 4308 2710 4365 ago
2756 4291 2863 4347 tibi
2909 4308 3040 4347 vero
3089 4308 3155 4347 ac
3187 4291 3294 4347 soli
3346 4292 3483 4360 Deo,
3535 4293 3636 4364 qui

1985 4383 2114 4438 ideo
2147 4381 2293 4436 mihi
2324 4380 2525 4437 oculos
2547 4382 2807 4453 corporis
2837 4382 3229 4449 excaecasti,ut
3251 4398 3350 4437 eos
3382 4382 3483 4452 qui
3514 4382 3637 4436 ani-

1986 4488 2096 4527 mae
2126 4474 2265 4527 sunt
2294 4470 2569 4542 aperires,
2605 4487 2815 4542 meque
2840 4472 3059 4526 faceres
3095 4470 3353 4542 aspicere
3384 4472 3456 4525 ad
3487 4472 3635 4526 veri—

1984 4565 2165 4616 tatem
2191 4578 2204 4628 ;
2238 4559 2485 4630 ideoque
2506 4560 2684 4615 etiam
2716 4560 2948 4615 aurium
2978 4560 3097 4614 vim
3128 4558 3637 4631 compressisti,ut

219 4652 334 4701 τῶν
371 4646 526 4702 ὤτων
554 4650 652 4717 τὴν
696 4648 959 4725 ἐνέργειαν
1009 4643 1386 4720 ἀποσϐέσαντι,
1437 4648 1586 4712 ὅπως
1636 4649 1876 4728 νηφούοῃ

1994 4654 2181 4705 mente
2211 4648 2371 4721 vigili
2396 4649 2657 4721 nihilque
2684 4649 2917 4721 penitus
2937 4664 3138 4703 eorum
3162 4666 3287 4720 quae
3310 4652 3468 4703 extra
3493 4652 3635 4704 sunt

222 4733 460 4811 διανοίᾳ,
491 4738 581 4792 καὶ
626 4736 859 4811 μηδενὸς
905 4742 1011 4792 τῶν
1062 4735 1257 4808 ἔξωθεν
1304 4738 1450 4801 ὅλως
1498 4738 1875 4813 αἰσθανομένῃ,

216 4825 282 4880 τὸ
313 4829 417 4896 τῆς
466 4823 736 4889 εὐσεϐείας
787 4825 1131 4900 ὑποδέξωμαι
1164 4830 1438 4903 κήρυγμα.
1487 4832 1591 4882 Νῦν
1623 4826 1679 4882 δὲ
1708 4828 1873 4897 αὐτὴν

220 4917 321 4985 τήν
352 4914 610 4986 ἀλήθειαν
644 4916 911 4990 ἐμυήθην,
942 4918 1031 4971 καὶ
1059 4911 1296 4993 ἀκριϐῶς
1326 4917 1392 4971 τά
1435 4922 1544 4971 τῶν
1593 4915 1875 4987 Ἑλλήνων

219 5000 711 5079 διέγνων,ἆπάτην
745 5001 873 5060 ὄντα
924 5006 1083 5078 μόνον
1140 5004 1230 5058 καί
1276 5005 1546 5081 τερατείαν
1594 5005 1874 5064 ἀπίθανον.

216 5093 349 5146 Ἐπὶ
397 5095 611 5156 τούτοις
662 5092 957 5171 φαιδρότης
1009 5093 1135 5169 ἔσχε
1185 5094 1275 5147 καὶ
1332 5092 1505 5163 ἡδονὴ
1556 5095 1643 5148 τὸν
1704 5097 1875 5162 οἷκον,

216 5182 311 5234 καὶ
369 5187 449 5254 τῷ
507 5182 723 5258 Χριστῷ
780 5185 971 5244 πάντες
1028 5182 1352 5237 ἐπίστευσαν.
1415 5186 1527 5239 Τοῦ
1577 5183 1762 5260 πάσχα
1820 5182 1878 5239 δὲ

218 5268 335 5340 ἤδη
394 5270 735 5345 ἐνισταμένου
771 5316 784 5341 ,
844 5267 1196 5327 ἐϐαπτίσαντο
1260 5273 1391 5345 μετὰ
1453 5276 1549 5326 τοῦ
1609 5273 1876 5327 Σισιννίου

216 5359 415 5422 πάντες
448 5363 670 5436 πατέρες
701 5363 842 5435 ὁμοῦ
887 5361 974 5416 καὶ
1029 5360 1257 5437 μητέρες
1309 5361 1398 5415 καὶ
1440 5358 1646 5430 παῖδες,
1690 5362 1767 5424 εἱς
1800 5361 1875 5416 εἶ’-

208 5470 339 5503 κοσι
371 5450 461 5505 καὶ
491 5456 636 5526 τρεῖς
670 5450 757 5505 ἐπὶ
786 5456 902 5512 τοῖς
932 5449 1302 5526 τετρακοσίοις
1333 5446 1503 5512 ὄντες.
1534 5454 1702 5504 Τοῦτο
1734 5448 1872 5505 πολ-

1986 4738 2294 4805 sentiente,
2327 4754 2471 4793 verae
2505 4738 2801 4809 religionis
2846 4737 3203 4809 susciperem
3268 4736 3633 4808 praedicatio-

1988 4845 2140 4884 nem.
2177 4827 2343 4881 Nunc
2373 4843 2507 4881 vero
2540 4826 2831 4899 mysteriis
2870 4825 3130 4881 veritatis
3159 4825 3427 4881 initiatus
3475 4842 3630 4891 sum,

1987 4923 2258 4988 certoque
2289 4915 2495 4987 agnovi
2541 4914 2849 4987 gentilium
2900 4931 3065 4970 sacra
3104 4915 3368 4969 fraudem
3400 4918 3631 4969 tantum

1986 5024 2115 5061 esse
2146 5023 2211 5061 ac
2240 5002 2641 5060 incredibilem
2683 5004 3017 5060 vanitatem.
3070 5004 3308 5075 Propter
3336 5004 3450 5058 ista
3480 5004 3635 5057 hila-

1988 5095 2130 5150 ritas
2160 5099 2217 5149 et
2243 5093 2443 5148 laztitia
2472 5094 2709 5147 domum
2734 5093 3381 5164 occupavit,omnesque
3404 5093 3631 5148 Christo

1987 5184 2378 5239 crediderbnt.
2412 5182 2691 5237 Paschate
2720 5199 2852 5236 vero
2891 5184 3015 5251 jam
3048 5182 3305 5247 ineunte,
3354 5181 3632 5252 baptizati

1987 5292 2098 5329 sun
2130 5289 2264 5327 cum
2295 5270 2554 5326 Sisinnio
2585 5288 2788 5326 omnes
2820 5276 3013 5341 patres
3047 5271 3224 5325 simul
3254 5275 3312 5325 et
3336 5276 3551 5324 matres
3576 5274 3632 5323 et

1986 5362 2177 5430 liberi,
2209 5363 2279 5414 ad
2313 5366 2429 5414 tres
2460 5364 2516 5414 et
2549 5359 2755 5431 viginti
2789 5377 2967 5431 supra
2998 5360 3477 5431 quadringentos.
3513 5357 3630 5412 Hoc

1986 5450 2221 5508 attraxit
2253 5447 2468 5504 multos
2498 5464 2565 5504 ex
2586 5448 3024 5519 illustrioribus,
3049 5449 3149 5518 qui
3180 5448 3413 5519 magnis
3442 5447 3631 5502 hono-

1574 5620 1817 5677 VARI/E
1858 5619 2270 5677 LEC'I‘IONES.

282 5753 330 5792 ⁵ο
360 5751 437 5809 al.
469 5753 565 5805 τοῦ
600 5748 789 5823 ζήλου.
868 5750 910 5785 ⁶¹
945 5749 1017 5805 al.
1048 5743 1388 5806 ἀποδέδωκα.
1461 5747 1507 5782 ⁸²
1538 5745 1614 5803 al.
1650 5747 1788 5809 add.
1816 5746 1916 5817 τήν
1951 5745 2188 5819 ἐμαυτοῦ
2219 5739 2511 5819 σωτηρίαν.
2591 5742 2633 5776 ⁵³
2665 5741 2738 5799 al.
2771 5741 2947 5797 inser.
2986 5759 3099 5812 μοι.
