4014 6202
450 399 567 458 591

1283 398 1350 459 S.
1396 398 1839 459 CLEMENTIS
1885 398 1908 458 Ι
1953 397 2141 457 BOM.
2187 394 2419 456 PONT.
2465 397 2726 457 OPERA
2769 393 3027 457 DUBIA.

454 529 623 584 ribus
675 528 1115 601 praepollebant,
1187 528 1520 602 quibusque
1551 530 1870 603 imperator
1918 530 2099 585 Nerva

2216 524 2344 587 λοίις
2378 525 2711 581 ἐπεσπάσατο
2758 530 2865 582 τῶν
2916 520 3357 605 ἐπιφανεστέρων,
3403 520 3507 581 ὅσοι
3539 542 3593 580 τε
3637 522 3780 604 μακρᾷ

454 616 663 672 amicis
703 618 957 673 maxime
986 623 1044 674 et
1084 618 1435 675 consiliariis
1464 620 1772 687 utebatur;
1806 622 1979 690 atque
2009 618 2103 690 pio

452 705 639 762 cultui
670 722 875 762 omnes
906 708 1133 763 assensi
1165 712 1321 762 sunt.

527 883 758 939 CLXIV.
825 883 959 948 Ουεε
1009 900 1144 940 cum
1188 884 1409 940 videret
1469 886 1762 956 pessimus
1813 902 1914 956 per
1959 884 2105 940 illud

456 976 695 1047 tempus
724 989 921 1029 comes
941 973 1268 1029 ofﬁciorum
1290 973 1533 1029 Publius
1553 974 1966 1046 Tarquitianus
1988 991 2108 1030 mo-

458 1062 604 1119 leste
659 1061 815 1131 tulif,
848 1066 905 1118 et
956 1062 1155 1134 gravia
1186 1063 1557 1133 existimavit,
1609 1061 2104 1134 consideransque

459 1166 577 1223 qno
600 1152 773 1207 modo
798 1150 1072 1223 pietatem
1093 1149 1342 1206 ulterius
1364 1152 1829 1223 progredientem
1860 1151 2107 1223 compri-

461 1244 668 1308 meret,
721 1240 919 1312 ipsum
952 1240 1141 1311 primo
1189 1239 1546 1295 Clementem
1587 1244 1869 1313 tanquam
1901 1256 2103 1296 eorum

461 1344 588 1400 qua
619 1329 837 1384 tiebant
869 1328 1122 1384 maxime
1154 1332 1448 1384 auctorem
1480 1330 1685 1384 statuit
1714 1345 1744 1385 e
1776 1329 1965 1385 medio
1994 1329 2103 1384 tol-

460 1416 579 1473 lere
613 1435 626 1473 :
660 1422 716 1473 et
733 1416 1102 1490 singularum
1126 1416 1296 1473 Urbis
1322 1418 1627 1490 regionum
1651 1418 1935 1489 praefectis
1966 1434 2103 1473 con-

455 1509 699 1573 vocatis,
730 1506 920 1579 iisque
941 1506 1190 1577 pecunia
1209 1506 1871 1578 corruptis,seditionem
1903 1508 2106 1562 adver-

462 1611 568 1650 sus
595 1593 953 1651 Clementem
986 1592 1070 1648 uti
1114 1600 1413 1650 moverent
1456 1594 1539 1650 eis
1570 1594 1890 1667 proposuit,
1925 1600 2105 1666 utque

460 1681 620 1739 illius
650 1682 1136 1739 existimationem
1166 1682 1514 1757 impeterent
1563 1683 1828 1739 hortatus
1859 1688 1966 1754 est,
1998 1700 2105 1739 cu-

458 1771 626 1844 piens
659 1788 917 1827 amorem
950 1770 1121 1826 Urbis
1164 1787 1301 1843 erga
1329 1788 1464 1827 eum
1496 1789 1597 1844 per
1625 1771 1734 1827 hoc
1766 1771 2100 1841 dissolvere,

455 1860 873 1932 hominemque
905 1859 1145 1915 reddere
1174 1859 1406 1917 insidiis
1436 1860 1663 1917 facilem
1693 1865 1867 1933 atque
1898 1877 2105 1933 oppor-

456 1954 691 2004 tunum.

524 2038 731 2096 CLXV.
773 2040 1186 2112 Conspirantes
1211 2055 1346 2112 ergo
1398 2040 1676 2096 adversus
1708 2056 1842 2096 eum
1891 2040 2106 2111 impro-

452 2126 685 2184 bissimi
716 2127 801 2183 illi
832 2128 1005 2196 cives,
1041 2129 1197 2185 mala
1226 2145 1291 2184 ac
1323 2129 1566 2197 toeda,ut
1596 2129 1706 2201 ipsi
1736 2129 2103 2184 arbitraban-

452 2219 571 2284 tur,
596 2216 666 2270 ds
694 2214 795 2271 illo
827 2216 1499 2288 diffundunt,multaque
1518 2217 1804 2288 objiciunt
1832 2217 2101 2285 crimina;

452 2304 780 2377 prestigias
810 2307 861 2361 ei
892 2306 1241 2373 attribuunt,
1297 2311 1353 2362 et
1382 2306 1680 2378 religionis
1712 2323 1913 2362 eorum
1944 2322 2102 2362 ever-

453 2393 938 2466 sionem,aliaque
958 2395 1211 2467 plurima
1234 2412 1248 2462 ;
1282 2398 1457 2466 atque
1477 2394 1681 2450 dicunt
1702 2396 1773 2451 ab
1798 2396 1924 2467 ipso
1947 2395 2101 2450 afﬁci

453 2482 821 2538 contumeliis
852 2488 908 2539 et
928 2482 1172 2539 lacerari
1202 2483 1421 2555 patrios
1453 2484 1591 2539 deos
1628 2501 1641 2538 :
1677 2488 1738 2540 ut
1768 2483 1867 2556 qui
1900 2484 2099 2539 Jovem

453 2572 720 2627 omnium
751 2572 996 2628 deorum
1049 2573 1393 2643 maximum,
1436 2589 1624 2644 neque
1655 2573 1828 2628 deum
1859 2590 2101 2645 prorsus

454 2661 819 2730 nominaret;
853 2660 1159 2717 Herculem
1191 2678 1324 2717 vero
1364 2660 1651 2717 Alcmenae
1682 2661 1868 2717 ﬁlium
1902 2663 2099 2734 (quem

454 2749 540 2805 illi
571 2766 746 2805 suum
770 2755 1231 2806 conservatorem
1259 2752 1442 2823 aiunt)
1461 2751 1759 2823 impurum
1783 2752 2099 2822 quemdam

458 2838 780 2893 daemonem
828 2844 885 2893 et
932 2839 1248 2895 scelestum
1281 2844 1515 2895 vocaret
1551 2858 1564 2908 ;
1598 2839 2009 2895 charissimam
2043 2847 2102 2896 et

454 2927 867 2983 suavissimam
898 2932 1204 2993 Venerem,
1244 2929 1611 2983 meretricem
1644 2929 1982 2996 induceret;
2012 2933 2100 2985 at-

452 3033 566 3087 que
596 3017 877 3088 optimam
888 3016 1293 3088 jaculatricem
1315 3017 1583 3085 Dianam,
1608 3018 1928 3089 sapientem
1952 3019 2097 3074 Mer-

453 3106 683 3161 curium
714 3106 888 3162 deum
920 3106 1228 3174 sermonis,
1252 3105 1599 3163 bellicosum
1630 3108 2099 3176 Martem,Satur-

451 3210 713 3266 numque
760 3193 981 3266 ipsum,
1024 3211 1092 3249 ex
1139 3211 1305 3267 aaquo
1350 3211 1555 3250 omnes
1584 3194 1895 3250 infamaret
1922 3198 2097 3266 atque

2210 619 2280 688 τῇ
2312 612 2437 688 δόξῃ
2469 613 2779 691 διὲπρεπον,
2809 616 2899 670 καὶ
2930 616 3008 675 οἷς
3040 614 3069 667 6
3103 609 3352 687 βασιλεὺς
3394 612 3604 687 Νεροΰας
3630 614 3779 693 φίλοις

2216 702 2452 776 μάλιστα
2504 703 2594 757 καὶ
2654 697 2991 776 συμϐούλοις
3045 702 3285 777 ἐχρῆτο·
3336 700 3418 756 καί
3585 700 3781 780 εὐσεϐείᾳ

2210 793 2401 855 πάντες
2435 791 2726 848 συνέθεντο.

2283 883 2496 939 CLXIV
2524 926 2536 939 .
2587 885 2761 935 Ταῦτα
2815 880 2956 956 ὁρῶν
3002 881 3031 935 6
3085 878 3446 956 πονηρότατος
3499 880 3601 934 κατ’
3649 880 3782 938 ἐκεῖνο

2211 975 2402 1045 καιροῦ
2432 974 2537 1024 τῶν
2590 969 2857 1048 όφφικίων
2904 968 3085 1043 κόμης
3135 971 3248 1041 (21)
3276 966 3538 1030 Πούπλιος
3563 973 3783 1045 Τουρκου-

2210 1059 2393 1121 τιανὸς
2426 1061 2559 1133 (22),
2602 1056 2967 1134 ἐδυσχέραινε,
2999 1058 3088 1112 καὶ
3121 1055 3265 1112 δεινὰ
3295 1056 3474 1112 ἐποίει’
3504 1056 3583 1111 καὶ
3612 1063 3781 1115 σκοπῶν

2213 1147 2361 1210 ὅπως
2412 1147 2470 1202 ἂν
2522 1147 2719 1224 ἐπίσχῃ
2765 1146 3066 1223 περαιτέρω
3112 1140 3495 1222 προϐαίνουσαν
3537 1147 3624 1215 τὴν
3667 1145 3785 1202 εὐπί-

2214 1232 2383 1307 ϐειαν,
2429 1230 2584 1292 αὐτὸν
2635 1234 2771 1312 ἔγνω
2817 1240 3033 1311 πρῶτον
3088 1234 3148 1291 ἐκ
3189 1232 3371 1290 ποδῶν
3415 1240 3619 1304 ποιῆσαι
3655 1237 3783 1291 ιίτὸν

2214 1324 2536 1397 Κλήμεντα,
2586 1327 2673 1380 οἷα
2717 1329 2823 1380 τῶν
2883 1324 3166 1400 παρόντων
3225 1322 3532 1378 αἰτιώτατον
3578 1324 3617 1360 ⁵³
3662 1321 3783 1377 αὐτὸν

2212 1410 2359 1470 ὄντα·
2390 1416 2480 1469 καὶ
2506 1416 2633 1477 τοὺς
2682 1414 2905 1469 ἑκάστου
2959 1413 3154 1489 μέρους
3205 1419 3306 1481 τῆς
3331 1411 3538 1473 πόλεως
3564 1416 3787 1488 προεστῶ-

2210 1525 2305 1566 τας
2349 1502 2835 1580 συγκαλεσάμενος⁷
2892 1503 2982 1557 καὶ
3038 1504 3323 1577 χρήμασιν
3373 1500 3555 1562 αὐτοὺς
3604 1497 3789 1578 διαφθείο

2214 1613 2330 1668 ρας,
2360 1593 2539 1647 στάσιν
2588 1594 2709 1647 τινὰ
2747 1598 2960 1661 κινῆσαι
3002 1592 3141 1645 κατὰ
3183 1595 3283 1645 τοῦ
3312 1588 3609 1662 Κλήμεντος
3643 1589 3788 1650 αὐτοῖς

2214 1682 2472 1755 ὑπετίθει,
2505 1681 2594 1736 καὶ
2626 1676 2902 1736 διαϐαλεῖν
2951 1678 3117 1735 αὐτοῦ
3159 1680 3259 1748 τὴν
3301 1676 3559 1751 ὑπόληψιν
3582 1679 3789 1753 προετρέ-

2219 1792 2362 1825 ιτετο·
2393 1771 2559 1845 ταύτῃ
2582 1771 2879 1827 καταλῦσαι
2909 1770 2972 1824 τὸ
3002 1769 3137 1843 πρὸς
3169 1767 3326 1823 αὐτὸν
3355 1774 3453 1837 τῆς
3479 1764 3671 1829 πόλεως
3694 1765 3789 1844 φίλι

2135 1900 2181 1965 Β
2208 1880 2335 1965 ῑρρν
2371 1858 2726 1965 βουλόμενος,
2757 1859 2847 1915 καὶ
2900 1858 3037 1935 πρὸς
3068 1851 3370 1928 ἐπιϐουλὴν
3410 1855 3696 1933 εὐχείρωτον
3719 1856 3788 1946 τὸν

2214 1944 2380 2023 ἄνδρα
2407 1948 2825 2022 παρασκευάσαι.

2282 2037 2483 2093 CLXV.
2544 2035 2837 2097 Συστάντες
2893 2032 2984 2090 οὖν
3035 2033 3117 2090 ἐπ’
3162 2034 3324 2090 αὐτὸν
3390 2036 3441 2089 οἳ
3490 2032 3791 2109 πονηρότατοι

2210 2129 2319 2179 τῶν
2346 2122 2589 2180 πολιτῶν
2624 2124 2840 2197 ἐκεῖνοι,
2886 2124 3089 2200 ψόγους
3136 2145 3197 2179 τε
3226 2125 3306 2186 ὡς
3355 2122 3501 2179 αὐτοὶ
3528 2121 3693 2196 ᾤοντο,
3718 2141 3791 2176 κα-

2208 2215 2495 2290 ταχέουσιν
2530 2213 2694 2269 αὐτοῦ
2725 2214 3024 2290 πονηροὺς,
3056 2213 3145 2268 καὶ
3194 2211 3413 2275 πολλὰς
3460 2211 3682 2288 ἐπάγουσι
3719 2210 3791 2271 τὰς

2210 2303 2405 2376 αἰτίας,
2439 2303 2691 2378 γοητείαν
2734 2302 2883 2375 αὐτῷ
2930 2304 3342 2377 περιάπτοντες,
3387 2301 3473 2357 καὶ
3499 2308 3587 2371 τῆς
3621 2299 3791 2355 ἐκείνων

2209 2394 2495 2467 θρησκείας
2551 2393 2855 2469 ἀνατροπὴν
2893 2439 2906 2465 ,
2968 2390 3113 2446 ἄλλα
3162 2414 3221 2447 τε
3284 2390 3501 2464 πολλὰ,
3554 2384 3801 2466 ἐξυϐρίζειν.

2209 2482 2366 2536 αὐτὸν
2425 2481 2672 2557 λέγοντες
2719 2482 2807 2536 καὶ
2853 2482 2982 2543 τοὺς
3029 2482 3322 2554 πατρῴους
3370 2478 3617 2555 διασύρειν
3656 2470 3793 2538 θεοῦςο

2206 2572 2296 2626 τὸν
2360 2572 2453 2645 μὲν
2514 2572 2761 2625 ἁπάντων
2816 2572 2948 2626 θεῶν
3006 2572 3051 2607 ⁵⁸
3102 2569 3359 2645 μέγιστον
3406 2569 3515 2637 Δία,
3563 2564 3682 2642 μηδὲ
3706 2566 3797 2620 θεὸν

2209 2658 2396 2722 ἁπλῶς
2432 2659 2785 2733 ὀνομάζονται
2839 2657 3107 2735 Ἡρακλέα
3150 2656 3209 2714 δὲ
3256 2660 3351 2714 τὸν
3401 2656 3707 2729 ’Δλκμήνης,
3748 2654 3795 2737 ὃν

2208 2749 2423 2805 ἐκείνων
2472 2748 2597 2827 φασί
2648 2751 2867 2824 σωτῆρα
2916 2751 3061 2823 (23),
3110 2748 3283 2823 ἐναγῆ
3326 2768 3441 2802 τινα
3486 2744 3691 2819 δαίμονα
3727 2743 3797 2797 καὶ

2212 2839 2403 2915 μιαρὸν
2436 2836 2835 2893 ἀποκαλοῦντον
2868 2838 3076 2914 πόρνην
3106 2858 3164 2893 τε
3191 2839 3297 2907 τὴν
3330 2837 3492 2916 φίλην
3525 2831 3797 2912 Ἀφροδίτην

2209 2928 2505 3004 εἴσάγοντα,
2562 2927 2652 2981 καὶ
2686 2928 2784 2997 τήν
2831 2921 3101 2997 ἑκηϐόλον
3132 2930 3418 3003 Ἄρτεμιν,
3444 2924 3528 2980 καὶ
3557 2923 3640 2978 τὸν
3668 2921 3795 2998 σοφὸν

2206 3018 2412 3091 Ἑρμῆν
2440 3016 2532 3071 τὸν
2558 3020 2655 3071 τοῦ
2687 3014 2859 3091 λόγου
2902 3015 3043 3085 θεὸν,
3090 3015 3181 3070 τὸν
3225 3013 3527 3088 πολεμικόν
3571 3009 3791 3085 τεἈρεα,

2205 3105 2293 3160 καὶ
2324 3106 2415 3160 τὸν
2447 3105 2648 3182 Κρόνον
2698 3104 2876 3178 αὐτὸν,
2929 3103 3123 3175 ἐπίσης
3178 3103 3595 3182 βλασφημοῦντα
3633 3098 3795 3158 πάνοας

2204 3195 2294 3250 καὶ
2326 3190 2713 3266 διαϐάλλοντα,
2763 3194 2853 3248 καὶ
2894 3194 2964 3248 τὰ
3007 3195 3201 3265 τεμένη
3233 3193 3444 3249 τούτων
3474 3187 3691 3249 καὶτοὺς
3718 3187 3798 3262 βω-

450 3283 863 3338 criminaretur
893 3301 997 3339 nec
1028 3300 1143 3340 non
1191 3283 1403 3339 horum
1451 3284 1584 3339 fana
1629 3287 1686 3338 et
1714 3300 1844 3338 aras
1876 3288 2093 3339 everte-

2211 3283 2345 3357 μοὺς
2368 3263 2821 3362 καταστρέφοντα,
2872 3263 3179 3361 Κεφάλαιον
3222 3286 3325 3338 τοῦ
3374 3280 3559 3355 λόγου,
3584 3281 3643 3333 Ἦ
3670 3275 3797 3341 θυσά-

448 3374 558 3426 ret.
591 3372 675 3426 Ad
709 3388 1025 3441 summam,
1060 3372 1296 3428 aiebant
1328 3388 1340 3426 :
1369 3371 1472 3427 Vel
1501 3371 1615 3427 diis
1645 3372 1953 3440 sacrificet,
1994 3378 2098 3428 aut

445 3462 567 3516 vita
597 3461 799 3516 statim
832 3461 1107 3533 privetur.
1148 3466 1335 3532 Atque
1378 3460 1464 3515 illi
1513 3460 1773 3532 quidem,
1804 3461 1943 3516 talia
1972 3479 2097 3518 mo-

444 3554 672 3618 ventes,
706 3550 982 3621 petebant
1014 3556 1078 3605 ut
1106 3550 1217 3605 sibi
1248 3551 1319 3605 ad
1353 3554 1601 3605 mortem
1636 3551 1964 3605 traderetur
1994 3567 2094 3622 pa-

444 3637 720 3694 triarcha.
745 3637 830 3693 0b
852 3655 979 3711 quae
1008 3639 1469 3711 indignabantur
1487 3640 1822 3711 quicunque
1852 3639 2096 3711 pecunia

445 3726 710 3783 venalem
745 3728 1163 3783 conscientiam
1195 3745 1311 3782 non
1346 3727 1748 3796 exhibuerant,
1777 3728 2095 3800 loqueban-

446 3820 661 3888 turque
691 3818 763 3871 ad
796 3816 1080 3889 populum
1110 3816 1317 3883 libere,
1349 3817 1605 3873 dicentes
1642 3835 1653 3872 :
1688 3818 1836 3881 Quid
1887 3817 2027 3872 mali
2059 3834 2094 3872 ιι

444 3906 779 3977 patriarcha
808 3910 1039 3977 gestum
1070 3912 1159 3961 est
1178 3906 1205 3960 ?
1236 3906 1353 3962 imo
1373 3923 1506 3962 vero
1537 3923 1663 3977 quae
1681 3907 1963 3962 beneﬁcia
1991 3923 2094 3978 per

446 4010 581 4048 eum
625 3994 827 4050 civitas
873 4012 989 4051 non
1034 3999 1123 4050 est
1171 4000 1483 4051 consecuta
1514 3995 1542 4049 τί
1584 3995 1917 4068 Deindeque
1966 3997 2091 4052 sin-

445 4081 587 4153 gula
615 4100 741 4155 quae
772 4083 1119 4139 mirabiliter
1147 4084 1221 4139 ab
1269 4101 1335 4140 eo
1386 4085 1535 4139 facta
1564 4084 1797 4140 fuerant
1827 4102 2091 4142 recense-

2203 3396 2282 3429 τω
2309 3379 2427 3435 τοῖς
2459 3379 2620 3447 θεοῖς,
2674 3370 2880 3448 ἔλεγον,
2913 3374 2946 3441 ἢ
2974 3379 3075 3441 τῆς
3123 3376 3270 3441 ζωῆς
3302 3372 3366 3426 τὸ
3415 3369 3575 3445 τάχος
3602 3363 3799 3421 ἀπαλλα-

2202 3464 2377 3539 γήτω.
2411 3463 2472 3516 Οἱ
2507 3463 2599 3534 μὲν
2651 3460 2764 3534 οὗν,
2812 3465 3035 3516 τοιαῦτα
3081 3465 3381 3530 κινοῦντες,
3416 3457 3619 3515 ἔκδοτον
3653 3453 3797 3524 ἠξίουν

2201 3553 2293 3606 τὸν
2325 3552 2669 3628 πατριάρχην
2720 3550 2807 3606 ἐπὶ
2850 3552 3062 3623 θανάτῳ
3118 3545 3331 3605 λαϐεῖν.
3384 3550 3495 3627 Ἐφ’
3542 3548 3615 3619 οἷς
3642 3541 3797 3618 ἠγανά·

2204 3662 2361 3695 κτουν
2390 3642 2584 3702 πάντες
2615 3639 2729 3695 ὅσοι
2767 3641 2841 3713 μὴ
2874 3640 3179 3716 χρημάτων
3216 3638 3381 3694 ὥνιον
3412 3638 3508 3707 τήν
3549 3630 3799 3701 συνείδησιν

2202 3729 2569 3803 προετίθεσαν,
2616 3729 2705 3784 καὶ
2754 3727 2955 3804 λόγους
3004 3729 3139 3804 πρὸς
3182 3728 3280 3782 τὸν
3323 3726 3497 3800 δῆμον
3537 3720 3796 3797 ἐλέὥρους

2203 3819 2511 3873 ἐποιοῦντο*
2537 3818 2597 3873 Τί
2626 3823 2706 3890 τῷ
2734 3817 3048 3893 πατριάρχῃ
3076 3817 3240 3872 κακὸν
3274 3813 3797 3893 εἷ’ργασται,λέγοντες’

2206 3908 2418 3982 μᾶλλον
2454 3905 2511 3962 δὲ
2539 3906 2710 3962 ποίων
2737 3905 2844 3981 οὐχ
2873 3907 2908 3975 ἡ
2940 3904 3106 3968 πόλις
3135 3907 3266 3980 παρ’
3295 3904 3444 3978 αὐτῷ
3464 3903 3682 3981 χαρίτων
3702 3896 3800 3952 ἀπὲρ

2203 3996 2434 4066 λαυσεν;
2470 3998 2600 4051 Εἶτα
2629 3996 2717 4051 καὶ
2756 3995 2891 4050 αὐτὰ
2929 3991 3128 4049 ἕκαστα
3171 3998 3286 4049 τῶν
3334 3996 3421 4050 ὑπ’
3467 3992 3620 4049 αὐτοῦ
3660 4006 3799 4063 παρα·

2200 4084 2368 4159 δόξως
2441 4084 2817 4161 γεγενημένων
2895 4084 3311 4159 ἀπηριθμοῢντο
3342 4130 3357 4157 ,
3416 4082 3504 4139 καὶ
3572 4079 3799 4155 μάρτυρας

446 4171 676 4241 bant,et
707 4190 908 4229 eorum
940 4190 1067 4244 quae
1090 4174 1494 4229 memorabant
1521 4173 1680 4244 ipsos
1712 4176 2091 4231 assumebant

2209 4174 2390 4237 αὐτοὺς
2424 4174 2704 4230 ἐποιοῦντο
2728 4178 2835 4229 τῶν
2866 4172 3202 4249 λεγομὲνων.

438 4264 639 4317 testes.

508 4350 737 4406 CLXVI.
768 4352 1091 4407 Mamertus
1142 4356 1340 4407 autem
1372 4351 1511 4406 Urbi
1566 4353 1891 4423 praefectus,
1943 4355 2085 4411 adeo

434 4438 723 4496 seditione
752 4440 1035 4511 agitatam
1060 4440 1355 4496 civitatem
1386 4441 1583 4496 videre
1612 4458 1727 4497 non
1759 4442 2084 4509 sustinens,

2268 4354 2500 4412 CXLVI.
2551 4356 2947 4429 Μαρμεντῖνος·
3000 4348 3059 4406 δὲ
3105 4351 3135 4405 6
3175 4354 3277 4421 τῆς
3323 4346 3540 4412 πόλεως
3578 4342 3798 4418 ἔπαρχος,

2199 4445 2273 4515 μὴ
2309 4442 2482 4520 φέρων
2517 4442 2605 4496 ἐπὶ
2626 4440 2770 4496 πολὺ
2796 4441 3179 4509 στασιάζουσαν
3209 4440 3360 4496 οὕτω
3378 4442 3478 4508 τὴν
3508 4435 3653 4493 πόλιν
3673 4432 3795 4506 ὁρᾷν,

433 4528 505 4583 ad
538 4528 659 4583 haec
688 4545 833 4584 verte
870 4528 1176 4600 religionis
1205 4528 1566 4584 incremento
1596 4528 1886 4600 invidens,
1919 4532 1990 4586 ad
2022 4549 2084 4588 se

2209 4530 2384 4594 ἱλλως
2413 4552 2471 4587 τε
2499 4530 2592 4586 καί
2636 4534 2705 4605 τῇ
2755 4537 2856 4599 τῆς
2906 4524 3175 4592 εὐσεϐείας
3227 4526 3471 4587 ἐπιδόσει
3519 4521 3795 4605 βασκαίνων,

432 4616 678 4675 arcessit
707 4618 944 4674 beatum
967 4621 1348 4689 Clementem,
1378 4617 1683 4689 verbisque
1704 4623 1823 4674 tam
1856 4634 2092 4692 genero-

2209 4623 2321 4697 Ξίγει
2349 4621 2442 4677 τὸν
2484 4620 2744 4696 μακάρων
2774 4617 3067 4693 Κλήμεντα
3112 4618 3249 4694 πρὸς
3280 4620 3489 4690 ἑαυτὸν,
3533 4614 3617 4672 καὶ
3644 4610 3800 4686 λόγοις

1790 4789 2025 4847 VARIIE
2066 4792 2480 4851 LECTIONES.

498 4913 544 4947 ³⁸
571 4912 646 4968 al.
689 4913 852 4969 deest
884 4913 940 4968 in
974 4911 1049 4969 al.
1127 4914 1171 4948 ⁸⁸
1202 4912 1275 4969 a1.
1312 4913 1474 4969 deest
1502 4911 1561 4968 in
1594 4913 1669 4968 al.
1746 4914 1790 4948 ⁸⁵
1821 4914 1894 4970 al.
1929 4914 2082 4974 Θεόν.

1808 5084 2190 5145 VARIORUM
2230 5086 2466 5144 NOT/E.

494 5224 605 5297 (21)
646 5226 760 5276 Τῶν
812 5222 1078 5300 όφφικίων
1126 5223 1324 5300 κόμηςΔ
1355 5224 1608 5280 Historia
1655 5224 1914 5300 Latina,__
1950 5229 2060 5300 Co-

415 5314 532 5352 mes
558 5297 867 5367 sacrarum,
898 5297 1107 5368 nempe
1136 5298 1222 5352 lar
1265 5297 1535 5365 itionum,
1571 5313 1694 5368 qua:
1726 5302 1813 5353 est
1842 5297 1958 5353 alia
1983 5299 2064 5355 di-

416 5371 629 5423 gnitas.
680 5368 771 5422 Sic
817 5368 876 5422 in
918 5368 1161 5423 concilio
1219 5314 1507 5423 ἔοι]εεὶηο
1560 5375 1918 5423 memoratur
1961 5371 2061 5423 Jo-

416 5371 629 5433 gnitas.
680 5368 771 5440 Sic
817 5368 876 5422 in
918 5368 1161 5423 concilio
1219 5368 1507 5440 Ephesino
1560 5375 1918 5440 memoratur
1961 5371 2061 5427 Jo-

412 5440 640 5516 ha‘nnes
668 5438 848 5516 κόμης
895 5444 1003 5491 τῶν
1035 5438 1281 5516 σααριῖξνί
1319 5438 1506 5516 Ιςόμης
1546 5442 1651 5516 τιῖέν
1682 5438 2058 5516 (λείων-λαργιέ

408 5512 645 5564 τιώνων.
674 5509 783 5565 Lex
813 5516 1006 5567 autem
1032 5509 1144 5568 30.
1165 5513 1271 5566 Tn.
1323 5509 1697 5581 de‘metallis,
1721 5516 1809 5566 est
1836 5509 2056 5569 δυΙὶάηὶ

407 5581 661 5655 Augusti
691 5583 763 5637 ad
798 5582 1074 5655 Ruﬁnum
1106 5584 1375 5655 comitem
1407 5583 1886 5639 Ot‘ﬁciorum.Sed
1914 5590 2058 5641 tem-

408 5653 773 5780 porgﬁgrva
807 5654 1179 5728 Imperatoris
1211 5653 1357 5712 nulli
1385 5658 1552 5711 erant
1581 5654 1823 5711 comites
1853 5656 2056 5729 hujus-

408 5741 505 5780 mo
551 5740 592 5780 1.
660 5740 749 5780 o'r.

408 5740 592 5784 ωοαι.
618 5740 749 5783 υοτ.

2244 5226 2980 5313 ρῇέίίῐθτητορκουτιανός
3011 5226 3506 5313 θῑῄτουρκιιτιανός.
3540 5221 3722 5313 Latin?
3736 5213 3788 5313 in

2170 5286 2529 5383 ἐειἘᾷίιίρηθ
2562 5286 2891 5383 Tametsi“:
2922 5286 3023 5373 Pi‘o
3061 5286 3377 5383 Τανφίιίξξυδ
3400 5286 3523 5383 »κίε
3543 5286 3787 5383 mli-.9

2172 5372 2373 5429 Vionis
2412 5368 2719 5428 Herovallii
2752 5368 3081 5444 Torquatus;
3117 5368 3187 5429 ut
3227 5373 3308 5427 sit
3356 5371 3447 5428 vel
3477 5368 3785 5439 Torquatis-

2170 5461 2301 5500 nus.
2338 5444 2420 5499 vel
2454 5444 2891 5515 Tarquitianus.
2931 5445 3011 5500 In.

2240 5516 2350 5587 (23)
2385 5506 2615 5588 Σωτῆρᾶ
2666 5516 2947 5572 Similiter
2993 5516 3152 5588 apud
3186 5506 3784 5588 _Theodoritum,_‘8{{-

2165 5572 2414 5643 memorie
2450 5586 2516 5642 de
2534 5572 2897 5662 'marlyrilgus
2925 5604 2943 5641 :
2972 5572 3233 5662 Ἠρακλέα
3260 5592 3489 5659 σωτῆρα
3518 5582 3605 5637 καὶ
3623 5572 3783 5644 ’ἀλεεί-

2165 5677 2326 5712 κακον
2360 5656 2782 5735 προσηγόρευον.
2809 5658 2890 5715 ID.
