4014 6202
284 373 405 451 698

1039 370 1571 437 CLEMENTINA.
1600 402 1678 417 —
1706 366 2058 432 EPI'I‘OME
2103 370 2205 431 DE
2248 370 2520 436 GESTIS
2567 373 2633 436 S.
2680 370 2944 445 PETRI.

3573 374 3694 439 594

278 510 379 578 τὴν
436 504 684 583 γενναίαν
733 503 877 569 οὕτω
925 506 1112 583 ψυχὴν
1186 502 1436 563 κλέπτειν
1504 503 1795 579 ἐπεχείρει,
1848 503 1920 571 Ἐξ

2050 521 2184 561 sum
2218 506 2482 563 animum
2515 513 2760 564 conatur
2788 506 2987 565 fallere
3016 523 3082 566 ac
3112 507 3421 575 abducere,
3446 507 3649 566 dicens
3672 524 3691 575 ιλ

280 598 557 673 εὐγενοῦς,
609 596 812 672 λέγων,
860 592 1248 673 προελήλυθας
1301 594 1474 671 ῥίζης·
1519 599 1680 649 τοῦτο
1753 600 1860 655 πᾶς
1912 593 1939 646 6

282 691 393 743 τῶν
426 687 713 760 Ῥωμαίων
742 707 828 742 σοι
884 690 1145 761 μαρτυρεῖ
1192 682 1388 758 δῆμος,
1421 682 1549 739 ἀλλ’
1595 682 1937 759 ἀνθρωπίνην

279 776 373 833 καὶ
403 775 566 838 αὐτὸς
599 774 811 845 πλάνην
847 773 1102 846 ὑπέστης,
1133 774 1222 828 καὶ
1256 771 1344 828 διὰ
1370 777 1531 828 τοῦτο
1565 770 1689 827 οὐδὲ
1730 776 1935 841 σιωπᾷν

280 869 321 936 ἠ
382 864 547 927 πόλις
598 864 870 940 ἀνέχεται.
906 863 1045 918 Φασὶ
1090 862 1190 939 γὰρ
1242 864 1300 917 σὲ
1348 863 1654 937 καινοτέραν
1707 861 1937 935 εἰσάγειν

280 953 598 1030 θρησκείαν,
630 954 720 1007 καί
747 972 869 1007 τινα
898 953 1045 1024 παρὰ
1066 951 1193 1014 τοὺς
1223 952 1507 1025 πατρῴους
1540 950 1691 1012 θεοὺς
1739 947 1935 1025 κηρύσ-

283 1064 396 1105 σειν
425 1043 677 1120 Χριστόν.
711 1045 866 1106 Ὅθεν
918 1036 1208 1105 ἀποθέσθαι
1258 1061 1316 1095 σε
1360 1042 1472 1115 χρὴ
1526 1041 1623 1109 τήν
1676 1039 1930 1115 περιττὴν

276 1132 485 1203 ταύτην
519 1128 961 1204 δεισιδαιμονίαν,
991 1129 1081 1185 καὶ
1117 1129 1315 1203 μόνους
1347 1126 1611 1183 αἰδεῖσθαι
1639 1126 1728 1183 καὶ
1766 1132 1929 1200 τιμᾷν

274 1221 405 1285 τοὺς
436 1223 687 1292 συνήθεις
718 1224 786 1294 τῇ
818 1218 977 1274 πόλει
1005 1217 1295 1281 θεούς.Καί
1318 1219 1345 1273 6
1370 1214 1930 1294 πατριάρχηςοΕύχο-

273 1333 380 1385 μαι
411 1311 509 1379 τήν
542 1309 641 1379 σὴν
674 1308 1023 1386 στερρότητα,
1056 1306 1182 1383 ἔφη,
1221 1305 1539 1381 μεταδοῦναί
1590 1328 1682 1380 μοι
1735 1306 1925 1381 λόγου,

272 1400 366 1455 καὶ
396 1405 659 1476 προσχεῖν
690 1421 793 1471 μου
811 1403 930 1461 ταῖς
954 1395 1484 1472 ἀποκρίσεσιν,ἀλλὰ
1508 1398 1583 1470 μή
1607 1396 1781 1457 οὕτως
1801 1395 1928 1451 ἁλό-

271 1510 361 1565 γῳ
393 1488 575 1544 στάσει
601 1490 691 1544 καὶ
725 1486 972 1560 ματαίοις
1003 1483 1222 1541 ἕπεσθαι
1252 1480 1528 1561 θορύϐοις.
1550 1481 1685 1539 Οὐδὲ
1712 1484 1812 1559 γὰρ
1846 1481 1927 1538 δεῖ

271 1577 518 1641 στάσεως
547 1573 673 1633 οὐδὲ
701 1570 1123 1652 θορύϐων,οπου
1145 1573 1412 1643 σκοπῆσαί
1440 1594 1499 1629 τε
1527 1574 1651 1648 περὶ
1678 1575 1777 1641 τῆς
1812 1572 1927 1627 ἑαυ-

269 1672 372 1721 τοῦ
404 1665 677 1742 σωτηρίας
707 1664 835 1735 τινὶ,
866 1664 955 1719 καὶ
987 1664 1111 1740 περὶ
1142 1667 1277 1718 Θεοῦ
1304 1660 1660 1738 διαλεχθῆναι
1705 1661 1922 1738 πρόκει-

263 1776 383 1812 ται.
416 1757 473 1809 ’0
492 1752 732 1830 ἔπαρχος
760 1754 937 1809 τοίνυν
968 1752 1032 1807 τὸ
1060 1756 1159 1807 ταύ
1189 1749 1381 1828 ἀνδρὸς
1412 1756 1652 1827 γενναῖον
1681 1751 1769 1806 καὶ
1802 1750 1922 1805 στά-

267 1865 437 1918 σιμον
471 1843 524 1916 ἐξ
552 1843 726 1899 αὐτῶν
763 1841 916 1907 εὐθὺς
942 1846 1050 1897 τῶν
1093 1840 1401 1916 προοιμίων
1445 1842 1795 1913 καταμαθὼν,
1830 1838 1918 1895 καὶ
1949 1875 1999 1942 Β

270 1934 447 1991 εἰπεῖν
468 1954 530 1990 τε
557 1932 717 1997 αὐτὸς
748 1931 837 1987 καὶ
867 1932 1090 1987 ἀκοῦσαι
1130 1931 1257 2006 παρ’
1286 1929 1490 1986 ἐκείνου
1534 1928 1697 1984 πάλιν
1756 1928 1918 2000 ὀκνή-

267 2043 393 2093 σας,
424 2022 515 2077 καὶ
556 2016 1001 2093 ἀναϐαλλόμενος
1052 2021 1150 2090 τὴν
1200 2017 1455 2089 διάλεξιν.
1498 2022 1745 2094 Τραϊανῷ
1794 2018 1918 2095 περὶ

267 2112 440 2168 αὐτοῦ
466 2116 546 2184 τῷ
575 2111 932 2188 αὐτοκράτορι
963 2110 1230 2188 ἀναφέρει.
1264 2109 1367 2166 Καὶ
1398 2110 1426 2163 6
1470 2107 1723 2185 βασιλεὺς
1773 2108 1919 2181 αὐτῷ

270 2201 447 2266 οὕτως
490 2199 697 2257 ἐπιλύει
746 2201 811 2255 τὰ
856 2200 1228 2276 γεγραμμένα,
1257 2200 1332 2261 ὡς
1364 2198 1399 2268 ἢ
1432 2200 1584 2254 θῦσαι
1631 2198 1721 2252 τὸν
1770 2196 1920 2267 Κλή-

273 2311 443 2363 μεντα
488 2294 605 2352 τοῖς
655 2290 930 2363 πατρῴοις
975 2290 1140 2360 θεοῖς,
1248 2282 1413 2364 πέραν
1453 2292 1550 2343 τοῦ
1593 2287 1799 2342 Πόντου
1843 2286 1918 2348 εἴς

267 2374 479 2455 ἔρημόν
536 2400 658 2434 τινα
706 2376 868 2434 πόλιν
918 2382 1025 2434 τῶν
1072 2381 1141 2452 τῇ
1188 2381 1430 2454 Χερσῶνι
1483 2377 1917 2453 παρακειμένων,

240 2482 245 2485 ’
271 2468 381 2524 ἀπὸ
408 2474 509 2537 τῆς
540 2468 762 2541 Ῥώμης
792 2463 955 2540 ἀϊδίῳ
988 2470 1129 2546 φυγῇ
1161 2464 1442 2536 ἐλαθῆναι.

340 2646 600 2704 CLXVII.
630 2649 737 2714 Τῆς
766 2644 1088 2723 ἀποφάσεως
1120 2646 1210 2700 οὖν
1235 2645 1437 2715 ταύτης
1480 2638 1917 2714 καταλαϐούσης,

268 2735 557 2792 ἐσκέπτετο
589 2740 959 2810 Μαρμεντῖνος
988 2734 1156 2798 ὅσεως
1188 2734 1247 2789 ἂν
1282 2734 1360 2808 μή
1392 2735 1421 2789 6
1456 2733 1695 2806 Κλήμης
1724 2731 1919 2802 ἕληται

268 2826 372 2894 τήν
387 2824 674 2901 ὑπερορίαν
686 2867 699 2891 ,
715 2823 839 2880 ἀλλ’
851 2824 998 2896 αὐτῷ
1015 2822 1227 2897 μᾶλλον
1244 2824 1332 2879 καὶ
1345 2822 1424 2896 τῷ
1440 2822 1654 2898 βασιλεῖ
1671 2822 1915 2892 πεισθείη

267 2913 360 2969 καὶ
402 2912 622 2973 θύσειεν.
656 2910 792 2968 Οὐδὲ
838 2913 943 2988 γὰρ
972 2909 1128 2991 ἔφερε
1167 2911 1502 2983 τηλικαύτην
1553 2910 1745 2987 ἀνδρὸς
1795 2913 1916 2987 ἀρε-

266 3001 370 3069 τὴν
429 3000 823 3074 ζημιούμενος.
855 3005 943 3071 Τῷ
1000 2997 1057 3055 δὲ
1101 3004 1359 3056 τοσοῦτον
1410 2998 1675 3073 ἐμέλησεν
1706 3002 1748 3035 ⁵⁷
1777 2998 1920 3054 ἐκεί-

268 3111 390 3151 νοις
420 3095 729 3158 πεισθῆναι,
762 3089 797 3158 ἢ
829 3090 873 3125 ⁵⁸
915 3085 1240 3164 δυσχερᾶναι
1284 3087 1422 3164 πρὸς
1468 3088 1566 3156 τὴν
1612 3085 1916 3162 ὑπερορίαν,

268 3177 387 3251 ὅσῳ
433 3178 524 3233 καὶ
571 3176 730 3233 αὐτὸν
785 3174 1081 3247 ἐσπούδαζε
1133 3179 1267 3253 πρὸς
1324 3178 1424 3245 τὴν
1492 3171 1761 3231 εὐσέϐειαν
1824 3176 1916 3231 τὸν

2050 597 2129 652 Ex
2161 597 2341 652 nobili
2373 598 2552 669 stirpe
2582 604 2745 655 ortus
2777 615 2838 655 es
2864 618 2877 655 :
2909 599 3019 655 hoc
3050 600 3121 655 de
3140 602 3199 656 te
3228 598 3502 672 perhibet
3531 600 3693 657 testi-

2048 687 2312 741 monium
2341 687 2533 741 omnis
2559 686 2811 759 populus
2842 689 3163 757 Romanus,
3218 690 3319 745 sed
3354 693 3410 745 et
3458 689 3583 763 ipse
3626 688 3687 746 in

2046 773 2372 832 humanum
2421 794 2674 833 errorem
2725 778 3049 845 incurristi,
3100 784 3277 850 atque
3323 779 3452 835 ideo
3499 794 3687 852 neque

2046 865 2194 921 Urbs
2223 870 2411 922 tacere
2447 871 2659 938 potest.
2695 866 2873 922 Aiunt
2903 867 3059 922 enim
3092 872 3148 923 te
3175 885 3382 923 novam
3410 869 3688 925 inducere

2044 954 2405 1028 religionem,
2430 960 2486 1010 et
2505 958 2706 1011 contra
2736 956 2873 1011 deos
2896 954 3115 1026 patrios
3146 954 3464 1027 praadicare
3480 972 3683 1027 quem-

2041 1044 2524 1101 dam.Christum.
2545 1044 3039 1123 Quareoportette
3053 1044 3302 1115 abjicere
3321 1044 3681 1117 superﬂuam

2022 1132 2191 1189 hanc
2222 1135 2718 1207 superstitionem,
2751 1134 3006 1205 deosque
3044 1136 3276 1189 tantum
3336 1133 3579 1190 revereri
3627 1140 3681 1190 et

2038 1223 2222 1280 colere
2253 1241 2401 1296 quos
2430 1224 2634 1280 civitas
2663 1222 2828 1279 solet.
2861 1224 2941 1278 Ad
2977 1222 3099 1278 haec
3132 1222 3502 1295 patriarcha:
3542 1221 3677 1289 Oro,

2037 1313 2247 1385 inquit,
2279 1318 2441 1369 tuam
2472 1313 2815 1385 gravitatem
2844 1315 2902 1368 et
2948 1312 3363 1377 constantiam,
3418 1315 3484 1366 ut
3533 1310 3678 1366 mihi

2036 1404 2321 1459 concedas
2349 1404 2523 1458 verba
2552 1403 2758 1469 facere,
2792 1418 2857 1457 ac
2892 1403 3039 1457 meis
3070 1401 3552 1473 responsionibus
3586 1406 3677 1457 at-

2032 1492 2239 1549 tendas
2265 1510 2278 1559 ;
2311 1509 2425 1547 non
2449 1496 2641 1548 autem
2665 1492 2808 1547 adeo
2830 1491 3056 1548 ratione
3074 1491 3414 1547 destitutam
3439 1488 3675 1547 seditio-

2035 1596 2189 1647 nem,
2222 1580 2630 1652 tumultusque
2658 1597 2837 1637 vanos
2868 1579 3240 1636 consecteris.
3274 1580 3469 1652 Neque
3517 1579 3675 1635 enim

2032 1684 2178 1740 opus
2208 1674 2298 1724 est
2327 1669 2609 1726 seditione
2637 1686 2704 1727 ac
2732 1668 3106 1741 tumultibus,
3141 1669 3238 1724 ubi
3260 1668 3513 1741 cuipiam
3536 1684 3675 1741 pro-

2029 1758 2288 1830 positum
2321 1764 2407 1814 est
2428 1760 2500 1814 de
2531 1758 2721 1815 salute
2743 1776 2849 1815 sua
2876 1758 3245 1815 considerare
3265 1762 3440 1830 atque
3464 1759 3536 1814 de
3557 1763 3671 1815 Deo

2030 1847 2337 1904 disserere.
2371 1848 2553 1920 Igitur
2581 1849 2907 1921 praefectus,
2941 1852 3239 1920 comperta
3270 1864 3339 1903 ex
3369 1847 3497 1919 ipso
3547 1852 3673 1905 sta-

2029 1937 2135 1993 tim
2165 1938 2398 1994 exordio
2428 1938 2760 1993 constantia
2784 1937 2891 1993 viri
2921 1941 2979 1993 et
3008 1937 3368 2006 fortitudine,
3409 1936 3667 1995 veritus-

2029 2043 2142 2099 que
2172 2031 2297 2083 tum
2324 2028 2449 2099 ipse
2478 2028 2691 2093 dicere,
2740 2030 2866 2082 tum
2899 2030 2955 2081 et
3002 2027 3073 2082 ab
3104 2043 3169 2082 eo
3220 2026 3443 2095 audire,
3494 2030 3671 2098 atque

2027 2116 2472 2173 collocutionem
2502 2116 2851 2181 detrectans,
2903 2116 2975 2171 ad
3004 2116 3320 2187 Trajanum
3362 2115 3674 2187 imperato-

2030 2224 2151 2263 rem
2182 2207 2254 2262 de
2282 2205 2382 2261 illo
2413 2205 2607 2261 refert.
2640 2208 2708 2260 Et
2736 2204 3054 2276 imperator
3082 2204 3154 2259 ad
3196 2204 3377 2260 istum
3428 2204 3670 2261 modum

2028 2313 2097 2353 ea
2127 2313 2253 2367 quae
2285 2295 2505 2366 scripta
2533 2297 2701 2349 erant
2729 2292 2987 2348 dirimit:
3018 2296 3084 2348 ut
3111 2292 3380 2349 Clemens
3412 2296 3513 2347 aut
3558 2292 3673 2349 diis

2029 2385 2232 2459 patriis
2264 2384 2572 2453 sacriﬁcet,
2608 2386 2710 2438 aut
2740 2386 2902 2437 trans
2949 2385 3202 2437 Pontum
3262 2380 3324 2436 in
3375 2382 3673 2439 desertum

2028 2474 2263 2545 aliquod
2299 2472 2579 2545 oppidum
2625 2487 2827 2527 eorum
2878 2486 3008 2542 quas
3054 2470 3332 2527 Chersoni
3383 2470 3672 2544 adjacent,

2030 2564 2214 2620 Roma
2244 2566 2524 2635 perpetuo
2546 2560 2749 2617 exsilio
2780 2560 3099 2633 ablegetur.

2104 2831 2358 2888 CLXVII.
2392 2831 2510 2887 Hac
2540 2830 2738 2901 itaque
2769 2827 3062 2885 sententia
3091 2831 3349 2899 accepta,
3378 2826 3675 2901 cogitabat

2029 2921 2410 2979 Mamertinus
2443 2937 2557 2991 quo
2588 2920 2761 2974 modo
2790 2918 3053 2974 Clemens
3085 2934 3200 2973 non
3232 2917 3473 2989 eligeret
3521 2916 3672 2975 exsi-

2028 3011 2200 3077 lium,
2228 3011 2330 3067 sed
2363 3010 2558 3082 potius
2588 3013 2818 3081 pareret
2844 3007 2957 3080 ipsi
2987 3023 3053 3064 ac
3102 3007 3463 3080 imperatori,
3495 3012 3670 3079 atque

2030 3099 2382 3155 immolaret.
2416 3099 2542 3155 Non
2572 3098 2728 3154 enim
2760 3097 3090 3153 sustinebat
3117 3097 3332 3168 privari
3371 3100 3535 3152 tanta
3562 3096 3671 3153 viri

2028 3189 2262 3245 virtute.
2299 3188 2471 3244 Porro
2500 3187 2780 3244 Clementi
2803 3187 2946 3242 adeo
2968 3201 3118 3241 cura
3143 3186 3252 3242 fuit
3272 3186 3672 3259 obtemperare

260 3266 508 3343 ἔπαρχον
562 3265 974 3322 ἐπισπάσασθαι.
1015 3266 1257 3336 Τοσαύτη
1301 3267 1402 3341 γάρ
1448 3286 1529 3327 τις
1577 3266 1772 3330 ἄνωθεν
1824 3266 1915 3319 τὸν

2033 3277 2148 3335 illis
2179 3281 2279 3333 aut
2310 3277 2550 3333 moleste
2579 3277 2729 3332 ferre
2766 3275 3202 3347 relegationem,
3258 3277 3325 3330 ut
3374 3246 3551 3331 etiam
3599 3276 3671 3331 ad

264 3356 569 3429 Κλήμεντα
633 3354 951 3431 περιίπτατο
1029 3357 1211 3431 χάρις,
1262 3355 1354 3410 καὶ
1409 3354 1582 3416 οὕτως
1622 3356 1656 3425 ἡ
1716 3353 1915 3408 ἐκείνου

262 3444 491 3520 γλῶττα
518 3443 714 3520 κηρίου
744 3445 944 3505 παντὸς
972 3444 1064 3500 καὶ
1107 3444 1330 3517 μέλιτος
1379 3442 1711 3519 γλυκύτερον
1764 3440 1913 3498 ἔστα-

260 3540 373 3607 ζεν,
407 3533 482 3596 ὡς
513 3533 603 3589 καὶ
638 3533 795 3589 αὐτὸν
826 3531 992 3608 ἔρωτι
1022 3535 1208 3609 θερμῷ
1252 3538 1348 3587 τοῦ
1397 3530 1592 3608 ἀνδρὸς
1643 3531 1917 3610 ληφθέντα

262 3624 358 3679 τὸν
392 3628 790 3696 Μαρμεντῖνον,
820 3619 1007 3677 πολλά
1059 3643 1119 3676 τε
1145 3626 1214 3696 τῇ
1245 3619 1530 3694 ἀποδημίᾳ
1561 3621 1914 3693 ἐπιστενάξαι,

260 3713 355 3767 καὶ
386 3709 590 3787 δάκρυα
616 3716 695 3783 τῷ
723 3712 1038 3787 πατριάρχῃ
1067 3706 1373 3781 ἐπιϐαλεῖν,
1405 3712 1461 3765 '0
1493 3711 1641 3781 Θεὸς,
1677 3709 1913 3780 εἰπόντα,

261 3802 313 3873 ᾧ
344 3800 407 3854 σὺ
438 3800 748 3875 εἰλικρινῶς
780 3797 1078 3873 λατρεύεις,
1113 3798 1274 3861 αὐτός
1322 3820 1407 3853 σοι
1460 3799 1663 3875 βοηθὸς
1711 3798 1798 3853 ἐπὶ
1844 3802 1912 3872 τῇ

265 3894 525 3967 συμφοοᾷ
570 3888 896 3964 παρασταίη·
949 3888 1038 3943 καὶ
1089 3888 1279 3943 αὐτίκα
1333 3887 1530 3943 πλοῖον
1586 3886 1912 3964 εὐτρεπίσαι,

267 3977 467 4055 διαρκῆ
497 3996 557 4032 τε
582 3977 731 4049 αὐτῷ
759 3978 827 4033 τὰ
854 3978 988 4052 πρὸς
1015 3977 1114 4044 τὴν
1155 3975 1343 4053 χρείαν
1396 3972 1655 4047 ἐνθέσθαι,
1688 3976 1777 4031 καὶ
1829 3972 1914 4030 δε-

266 4068 560 4140 ξιώσασθαι
591 4065 774 4138 αὐτὸν,
806 4065 895 4121 καὶ
926 4060 1263 4141 περιϐαλεῖν,
1294 4064 1382 4120 καὶ
1415 4064 1558 4119 οὕτω
1623 4063 1758 4137 μετᾶ
1810 4069 1918 4118 τῶν

266 4155 659 4233 προσηκόντων
714 4156 1011 4229 ἀσπασμῶν
1072 4153 1361 4212 ἀπολῦσαι.
1394 4152 1607 4209 Πολλοὶ
1657 4152 1715 4208 δὲ
1771 4154 1917 4225 αὐτῷ

266 4247 358 4301 καὶ
387 4250 495 4299 τῶν
523 4239 770 4300 εὐλαϐὣν
796 4242 1202 4314 ἠκολούθησαν·
1244 4243 1332 4298 καὶ
1363 4244 1438 4305 εἷς
1464 4244 1565 4311 τὴν
1626 4241 1914 4320 ὑπερορίαν

268 4333 580 4410 γενόμενοι,
638 4328 1145 4406 καταλαμϐάνουσιν
1204 4332 1255 4386 ἐν
1303 4336 1372 4407 τῇ
1426 4337 1533 4387 τῶν
1614 4333 1914 4407 μαρμάρων

270 4421 512 4494 λατομίᾳ
540 4422 913 4496 Χριστιανοὺς,
945 4422 1068 4498 περί
1106 4442 1210 4475 που
1257 4420 1384 4482 τοὺς
1434 4420 1654 4496 χιλίους
1687 4424 1732 4458 ⁸9
1761 4422 1794 4490 ἢ
1826 4421 1916 4475 καὶ

268 4510 546 4582 πλείονας,
580 4509 753 4565 πολὺν
786 4508 875 4566 διὰ
897 4512 996 4580 τήν
1031 4505 1301 4566 εὐσέϐειαν
1350 4510 1460 4565 ἐκεῖ
1513 4509 1708 4586 χρόνον
1761 4531 1914 4565 κατε-

2026 3367 2303 3439 pietatem
2363 3366 2695 3437 praefectum
2752 3364 3045 3419 attrahere
3101 3363 3403 3419 niteretur.
3483 3364 3674 3420 Tanta

2027 3456 2243 3528 quippe
2274 3455 2555 3510 divinitus
2604 3452 2961 3509 Clementem
3007 3453 3198 3525 gratia
3242 3452 3669 3520 circumdabat,

2026 3545 2227 3615 sicque
2255 3542 2415 3598 illius
2445 3542 2649 3615 lingua
2677 3542 2836 3597 omni
2868 3541 2995 3596 favo
3014 3557 3080 3596 ac
3104 3540 3276 3596 melle
3295 3539 3526 3596 dulcius
3547 3538 3672 3596 stil~

2025 3632 2203 3699 labat,
2254 3637 2320 3687 ut
2352 3631 2477 3703 ipse
2517 3646 2749 3701 quoque
2777 3629 2887 3683 viri
2943 3628 3159 3685 fervido
3218 3645 3416 3685 amore
3461 3633 3669 3701 captus

2026 3717 2763 3791 Mamertinus,plurimum
2786 3733 2854 3773 ex
2868 3718 2996 3787 ejus
3008 3716 3269 3773 discessu
3291 3715 3667 3789 ingemuerit,

2026 3810 2431 3882 lacrymasque
2479 3806 2701 3862 dederit
2759 3805 3124 3878 patriarchae,
3177 3804 3414 3861 dicens:
3492 3809 3668 3872 Deus,

2025 3913 2201 3969 quem
2232 3902 2295 3953 tu
2327 3896 2552 3952 sincere
2582 3893 2744 3961 colis,
2778 3894 2905 3966 ipse
2932 3893 3041 3949 tibi
3072 3893 3382 3950 auxiliator
3405 3893 3463 3949 in
3514 3892 3667 3949 cala-

2027 3987 2231 4042 mitate
2262 3986 2534 4053 assistat;
2569 3984 2883 4054 statimque
2916 3982 3208 4054 navigium
3225 3982 3534 4055 paraverit,
3557 3981 3669 4038 im-

2026 4076 2233 4148 positis
2263 4074 2313 4131 ei
2339 4091 2464 4147 quas
2489 4074 2561 4130 ad
2586 4089 2759 4129 usum
2788 4072 3159 4128 sufﬁciebant
3184 4090 3198 4141 ;
3224 4071 3510 4143 illumque
3532 4071 3668 4127 dex-

2024 4170 2150 4221 tera
2179 4162 2567 4237 prehenderit,
2593 4163 2733 4217 item
2759 4160 3095 4234 complexus
3114 4161 3208 4231 sit,
3233 4165 3410 4232 atque
3430 4160 3512 4217 ita
3533 4176 3670 4216 cum

2025 4252 2479 4310 salutationibus
2511 4250 2785 4323 congruis
2815 4249 3126 4306 dimiserit.
3157 4247 3324 4303 Multi
3355 4252 3555 4304 autem
3601 4262 3672 4304 ex

2027 4342 2140 4414 piis
2172 4340 2355 4397 secuti
2387 4344 2532 4397 sunt
2559 4356 2693 4395 eum
2719 4355 2732 4394 :
2765 4344 2824 4395 et
2842 4338 3242 4411 pervenientes
3262 4339 3330 4394 ad
3356 4337 3551 4393 locum
3572 4353 3670 4394 ex-

2026 4431 2164 4497 silii,
2196 4429 2491 4502 reperiunt
2522 4429 2580 4483 in
2613 4428 2923 4484 marmoris
2954 4426 3283 4501 lapidicinis
3307 4425 3671 4483 Christianos

2026 4520 2257 4577 circiter
2287 4517 2466 4587 mille,
2499 4517 2586 4573 vel
2619 4521 2675 4574 et
2704 4517 2941 4589 plures;
2984 4516 3085 4590 qui
3108 4517 3235 4587 jam
3268 4516 3366 4572 diu
3390 4515 3509 4571 illic
3532 4532 3671 4588 pro-

266 4600 567 4676 χομένους.
620 4599 683 4652 Οἳ
737 4598 827 4653 καὶ
888 4598 1011 4674 περὶ
1072 4603 1168 4653 τοῦ
1236 4600 1578 4675 πατριάρχου
1651 4598 1913 4675 πρότερον

2033 4615 2367 4683 pterverum
2391 4606 2617 4664 cultum
2640 4606 3073 4663 detinebantur.
3092 4606 3159 4661 Hi
3179 4622 3313 4662 cum
3336 4606 3408 4660 de
3428 4605 3673 4678 patriar-

268 4688 618 4760 ἀκούσαντες,
676 4688 764 4743 καὶ
823 4687 905 4743 ὅτι
948 4695 1048 4757 τῆς
1113 4685 1331 4749 πόλεως
1400 4685 1706 4760 ἆπελαθεις,
1756 4689 1915 4764 ὑπερ-

264 4778 442 4855 όριος,
474 4777 615 4854 πρὸς
675 4775 911 4839 ἐκείνους
964 4777 1053 4831 καὶ
1110 4775 1271 4838 αὐτὸς
1328 4777 1533 4852 ἄγεται,
1576 4777 1917 4851 παραμυθίαν

263 4873 431 4952 ἔσχον
461 4874 526 4930 οὐ
552 4876 652 4943 τὴν
681 4878 952 4951 τυχοῦσαν
983 4875 1082 4943 τὴν
1116 4872 1322 4929 ἐκείνου
1355 4871 1513 4945 έπιδη
1526 4874 1671 4948 μίαν.

339 4965 626 5024 CLXVIII.
663 4968 787 5019 Ὅτε
816 4968 945 5039 γοῦν
977 4964 1112 5037 πρὸς
1144 4963 1338 5025 αὐτοὺς
1388 4959 1783 5037 κατελάμϐανε,
1819 4970 1917 5019 τοῦ

264 5057 375 5109 τῶν
409 5058 612 5128 χειρῶν
664 5051 822 5129 ἔργου
869 5051 1123 5130 ἀφέμενοι
1172 5051 1262 5106 καὶ
1309 5052 1485 5125 τούτῳ
1529 5053 1915 5129 προσελθόντες

270 5144 407 5215 μετά
435 5140 703 5218 δακρύων,
724 5141 814 5196 καὶ
844 5146 949 5196 τῶν
982 5141 1151 5214 ἁγίων
1184 5140 1382 5195 ἐκείνου
1412 5138 1593 5195 ποδῶν
1627 5141 1915 5215 ἁψάμενοι,

264 5232 355 5287 καὶ
401 5230 499 5293 τὰς
546 5232 783 5307 καθαρὰς
830 5230 1282 5304 περιπτυξάμενοι
1338 5236 1551 5306 χεῖρας,
1601 5231 1695 5292 τὰς
1760 5253 1917 5286 κατα-

264 5314 541 5384 λαϐούσας
572 5318 765 5383 αὐτοὺς
796 5316 1142 5374 ἀνεκλαίοντο
1183 5320 1485 5395 συμφορὰς,
1516 5320 1615 5388 τὴν
1662 5326 1762 5389 τῆς
1813 5341 1915 5375 πα-

262 5407 452 5485 τρίδος
515 5403 807 5478 ἔκπτωσιν,
862 5409 961 5478 τήν
1016 5404 1210 5486 ἄφιλον
1266 5407 1353 5463 ἐπὶ
1408 5407 1561 5480 ξένης
1620 5406 1917 5486 διαγωγὴν,

2026 4700 2137 4756 cha
2166 4699 2331 4771 prius
2364 4698 2708 4763 audiissent,
2742 4696 2894 4768 quod
2927 4700 2984 4751 et
3012 4695 3139 4767 ipse
3169 4695 3242 4750 ab
3268 4695 3419 4753 Urbe
3458 4693 3668 4767 pulsus

2026 4788 2190 4845 exsul
2223 4788 2295 4843 ad
2324 4804 2424 4844 eos
2453 4786 2786 4854 duceretur,
2818 4783 3095 4841 solatium
3116 4801 3233 4840 non
3250 4784 3487 4855 vulgare
3508 4799 3670 4855 cepe-

2027 4881 2165 4935 runt
2194 4894 2261 4932 ex
2288 4877 2420 4946 ejus
2451 4876 2723 4931 adventu.

2100 4965 2390 5023 CLXVIII.
2427 4970 2627 5036 Itaque
2656 4981 2789 5019 cum
2822 4964 2892 5018 ad
2953 4962 3084 5019 illos
3147 4961 3325 5028 venit,
3373 4962 3446 5017 ab
3496 4977 3670 5035 opere

2030 5072 2312 5111 manuum
2340 5056 2665 5119 cessarunt,
2699 5056 2757 5106 et
2775 5052 2846 5107 ad
2878 5068 3011 5107 eum
3036 5067 3168 5106 eum
3188 5049 3463 5123 lacrymis
3485 5066 3672 5106 acces-

2029 5150 2271 5212 serunt;
2303 5144 2593 5213 tactisque
2622 5141 2843 5197 sanctis
2892 5142 3017 5210 ejus
3067 5140 3334 5212 pedibus,
3393 5143 3450 5194 et
3495 5155 3672 5210 puras

2029 5251 2240 5289 manus
2279 5230 2598 5288 deosculati
2625 5230 2986 5285 calamitates
3014 5230 3173 5301 ipsos
3205 5227 3538 5300 complexae
3568 5228 3671 5283 de-

2030 5324 2261 5389 ﬂerunt,
2286 5320 2483 5394 patriae
2505 5318 2906 5386 amissionem,
2930 5318 3233 5374 insuavem
3255 5318 3312 5373 in
3339 5315 3527 5372 alieno
3549 5314 3671 5372 solo

2028 5412 2230 5483 vitam,
2263 5426 2459 5466 rerum
2488 5407 2953 5466 necessariarum
3002 5406 3351 5480 penuriam;
3397 5404 3673 5479 quodque

1615 5581 1852 5638 VARle
1908 5582 2321 5643 LECTIONES.

330 5715 381 5754 ⁸⁷
412 5713 487 5773 al.
521 5710 845 5789 ἐμέλλησεν.
922 5714 966 5752 ³⁸
994 5712 1071 5772 al.
1100 5711 1135 5783 ἢ
1165 5710 1273 5769 καί.
1306 5714 1351 5749 ⁸9
1380 5712 1454 5770 al.
1488 5710 1821 5790 δισχιλίους.
