4014 6202
414 352 531 415 595

1239 352 1308 415 S.
1352 349 1795 415 CLEMENTIS
1841 349 1867 413 Ι
1911 350 2104 415 ROM.
2146 347 2382 413 PONT.
2427 348 2690 413 OPERA
2730 349 2993 416 DUBIA.

3664 358 3777 423 596‘

416 485 682 543 omnium
709 486 836 541 erat
863 480 1304 557 gravissimum,
1343 502 1505 558 aquzs
1549 484 1737 557 ipsius
1789 484 2058 558 indigen—

2202 484 2280 537 ὢν
2321 479 2623 557 ἀναγκαίων
2683 481 2783 550 τῆν
2830 477 3075 559 ἀπορίαν,
3106 478 3213 556 καὶ,
3245 481 3275 538 6
3302 476 3505 540 πάντων
3563 484 3766 565 βαρύτα-

417 574 583 630 tiam.
614 574 671 628 Si
699 574 831 647 quis
855 573 1032 641 enim,
1076 574 1330 645 aiebant,
1362 592 1467 647 per
1495 579 1681 631 totum
1712 576 1868 631 diem
1891 591 2063 648 opere

420 679 703 719 manuum
731 668 790 719 et
819 662 1016 719 labore
1061 670 1410 733 maceratus,
1467 682 1632 737 aqum
1680 669 1906 736 guttam
1953 664 2065 720 exi-

420 769 599 826 gnam
631 768 862 808 sumere
888 751 1158 821 voluerit,
1180 770 1294 825 quo
1317 754 1613 809 miseriam
1638 769 1707 808 ex
1728 753 2066 825 fatigatione

421 844 608 899 ortam
640 841 936 911 sublevet;
970 842 1020 897 is
1050 859 1165 898 non
1197 842 1393 898 minus
1424 859 1602 914 quam
1631 859 1818 913 usque
1849 843 1919 897 ad
1947 847 2064 897 sta-

423 930 519 987 dia
550 930 811 1003 quinque
841 936 898 985 et
927 932 1314 1004 quadraginta
1340 932 1655 1004 profectus,
1687 948 1901 1003 aquam
1935 947 2065 1002 por-

426 1021 654 1077 taverit.
688 1019 771 1075 Ob
804 1021 926 1074 haec
956 1020 1289 1091 patriarcha
1312 1021 1602 1093 particeps
1625 1037 1825 1075 eorum
1849 1019 2068 1075 doloris

427 1128 494 1167 ac
523 1110 916 1181 lacrymarum
950 1110 1159 1179 factus,
1195 1109 1328 1165 dein
1353 1114 1409 1164 et
1442 1115 1551 1165 Deo
1583 1110 1786 1181 gratiis
1815 1109 1983 1175 actis,
2015 1113 2072 1164 et

427 1198 791 1256 sufﬁcienter
821 1198 1047 1254 animos
1100 1197 1337 1253 illorum
1383 1199 1757 1254 consolatus:
1795 1199 1920 1254 Non
1968 1200 2070 1263 ita,

426 1288 644 1359 inquit,
676 1292 890 1342 temere
920 1292 978 1341 et
1008 1287 1133 1342 sine
1164 1304 1341 1341 causa
1372 1288 1485 1343 huc
1520 1304 1610 1343 me
1636 1289 1785 1343 Deus
1806 1287 2074 1359 permisit

432 1375 672 1448 expelli;
707 1376 809 1431 sed
842 1380 907 1431 ut
936 1380 993 1431 et
1022 1376 1216 1431 socius
1248 1376 1360 1430 sim
1390 1380 1715 1431 vestrarum
1745 1376 2071 1448 perpessio-

428 1482 593 1533 num,
626 1468 683 1521 et
720 1464 1015 1535 patientiae
1066 1464 1317 1521 maxime
1368 1482 1435 1519 ac
1482 1465 1844 1521 tolerationis
1891 1466 2075 1522 docu-

434 1558 722 1611 mentum.

507 1734 741 1791 CLXIX.
794 1733 1000 1789 Postea
1044 1749 1176 1789 vero
1227 1735 1298 1789 ad
1349 1750 1547 1805 preces
1596 1733 1968 1801 convertitur,
2023 1738 2081 1790 et

2169 592 2260 626 τον
2293 572 2382 643 ἦν,
2414 573 2515 641 τήν
2544 572 2708 627 αὐτοῦ
2737 577 2836 627 τοῦ
2866 569 3060 634 ὕδατος
3092 565 3310 631 ἔνδειαν.
3334 574 3394 629 Εἰ
3424 577 3520 653 γάρ
3548 598 3624 639 τις
3652 577 3763 650 ὅλην

2170 662 2270 730 τήν
2303 662 2511 737 ἡμέραν
2541 665 2610 735 τῇ
2641 666 2745 715 τῶν
2779 666 2980 738 χειρῶν
3035 662 3276 738 ἐργασίᾳ,
3307 665 3394 719 καὶ
3448 670 3522 737 τῷ
3571 670 3767 742 καμάτῳ

2174 753 2579 826 προστετηκὼς,
2613 750 2829 826 ἔλεγον,
2861 748 3061 813 ὕδατος
3105 753 3358 828 βραχεῖάν
3414 775 3528 809 τινα
3574 757 3768 833 σταγόνα

2176 835 2363 893 λαϐεῖν
2402 838 2725 911 ἐθελήσειεν,
2760 839 2898 894 ὥστε
2941 841 3041 909 τήν
3093 841 3152 896 ἐκ
3197 846 3293 896 τοῦ
3339 842 3502 897 κόπου
3547 844 3768 919 ἀναψύξαι

2173 928 2570 1004 ταλαιπωρίαν,
2605 928 2704 983 οὐκ
2734 925 2956 984 ἔλαττον
2989 930 3016 983 6
3046 935 3291 992 τοιοῦτος
3323 932 3357 1000 ἢ
3390 929 3618 994 σταδίους
3644 935 3769 989 πέντε

2175 1018 2264 1071 καὶ
2321 1017 2717 1094 τεσσαράκοντα
2769 1017 3051 1095 προελθὼν
3134 1019 3218 1089 ἂν,
3278 1017 3421 1096 ὕδωρ
3500 1020 3768 1095 κομίσαιτο.

2179 1108 2321 1180 Πρὸς
2369 1112 2537 1161 ταῦτα
2586 1105 2925 1181 συναλγήσας
2979 1129 3038 1162 τε
3067 1106 3249 1170 αὐτοῖς
3281 1110 3308 1162 6
3338 1111 3661 1186 πατριάρχης
3699 1112 3769 1167 καὶ

2180 1193 2565 1266 συνδακρύσας,
2600 1195 2712 1250 εἶτα
2741 1196 2829 1250 καὶ
2860 1200 2938 1267 τῷ
2969 1201 3084 1267 Θεῷ
3126 1196 3535 1271 εὐχαριστήσας,
3563 1200 3641 1254 καὶ
3677 1202 3771 1255 ἱκα-

2179 1288 2287 1346 νῶς
2326 1285 2420 1345 τὰς
2454 1285 2668 1339 ἐκείνων
2701 1285 2880 1361 ψυχάς
2913 1284 3466 1360 παραμυθησάμενος,
3488 1286 3595 1363 Οὐχ
3620 1286 3774 1350 ἁπλῶς

2183 1374 2327 1428 οὕτω
2383 1374 2472 1427 καὶ
2530 1373 2767 1450 ἀλόγως,
2821 1374 2989 1445 εἶπεν,
3024 1374 3247 1429 ἐνταῦθά
3305 1396 3371 1448 με
3417 1377 3444 1430 6
3485 1376 3603 1437 Θεὸς
3656 1399 3772 1433 συνε-

2183 1463 2436 1538 χώρησεν
2486 1458 2840 1534 έκϐληθῆναι,
2893 1461 3017 1517 ἀλλ’
3066 1461 3205 1518 ὥστε
3246 1464 3335 1518 καὶ
3380 1465 3620 1520 κοινωνὸν
3673 1466 3771 1538 ὑμῖν

2182 1550 2421 1628 γενέσθαι
2452 1556 2559 1606 τῶν
2593 1550 2953 1625 παθημάτων,
2977 1552 3067 1606 καὶ
3110 1551 3393 1626 ὑπομονῆς
3450 1552 3662 1626 μάλιστα
3707 1555 3776 1609 καὶ

2186 1640 2467 1717 καρτερίας
2501 1640 2775 1705 ὑπόθεσιν.

2257 1732 2489 1788 CLXIX.
2522 1732 2746 1784 Ἔπειτα
2782 1732 2963 1803 μέντοι
2994 1730 3083 1785 καὶ
3117 1730 3194 1794 εἶς
3227 1731 3397 1806 εὐχὴν
3440 1732 3683 1807 τρέπεται,
3708 1732 3778 1787 καὶ

438 1841 575 1879 cum
598 1823 682 1878 eis
712 1826 839 1877 orat
867 1827 1076 1889 Deum,
1107 1825 1171 1877 ut
1203 1822 1328 1878 suis
1377 1823 1810 1879 confessoribus
1864 1824 2078 1879 fontem

2202 1818 2357 1873 Ξεῖται
2381 1818 2472 1873 σὺν
2505 1818 2688 1881 αὐτοῖς
2704 1824 2801 1874 τοῦ
2817 1824 2971 1887 Θεοῦ,
2985 1819 3123 1875 ὥστε
3140 1826 3260 1883 τοῖς
3279 1820 3438 1875 αὐτοῦ
3462 1820 3781 1897 ὁμολογηταῖς

2323 1910 2336 1924 \
2412 1906 2437 1924 ΡΙ
2448 1905 2471 1924 δ
2636 1905 2660 1924 ἢ
2784 1911 2829 1924 ενι
3012 1908 3025 1924 \
3069 1910 3082 1924 Ι
3250 1911 3260 1924 1
3273 1909 3293 1924 ι
3445 1909 3454 1924 1
3611 1910 3623 1924 Ὁ
3682 1909 3693 1924 9
3745 1912 3755 1924 ο

439 1929 603 1984 aqua:
635 1911 859 1982 aperiat
886 1928 899 1967 :
934 1910 1149 1982 quippe
1179 1909 1470 1982 percussit
1494 1914 1717 1981 petram
1742 1910 1802 1965 in
1829 1911 2077 1977 deserto,

439 2004 497 2056 et
539 2000 835 2055 fluxerunt
892 2016 1060 2071 aquae
1114 1999 1180 2066 ⁵ο,
1238 1999 1364 2071 ipse
1408 1998 1587 2053 etiam
1648 1998 1731 2053 eis
1789 1999 2083 2071 copiosam

442 2106 657 2161 aquam
673 2089 1163 2161 suppeditatJam
1187 2087 1344 2143 enim
1367 2088 1643 2143 omnibus
1666 2087 2084 2159 precationiin-

445 2178 814 2246 sistentibus,
843 2176 1177 2250 patriarcha
1231 2177 1347 2233 huc
1378 2193 1527 2248 aque
1559 2176 1697 2232 illuc
1746 2175 2087 2249 respiciens,

446 2285 668 2342 agnum
699 2268 859 2323 videt
889 2267 990 2338 qui
1015 2267 1283 2322 dextrum
1315 2266 1523 2337 pedem
1557 2263 1878 2333 attollebat,
1907 2282 2092 2337 eoque

453 2358 620 2430 quasi
655 2357 1004 2413 ostendebat
1046 2356 1379 2426 subjectum
1411 2355 1636 2411 solum:
1665 2372 1699 2409 a
1728 2354 1889 2410 nullo
1936 2355 2093 2411 enim

454 2448 568 2509 alio
605 2463 795 2519 agnus
823 2446 986 2501 visus
1008 2450 1119 2501 est.
1144 2449 1288 2499 Tum
1312 2444 1645 2516 patriarcha
1665 2444 1942 2515 conjectis
1965 2461 2097 2499 ocu-

453 2537 549 2607 lis,
582 2537 654 2592 ad
685 2534 877 2591 locum
912 2538 1306 2590 monstratum
1340 2549 1472 2587 cum
1505 2532 1577 2588 iis
1603 2533 1704 2603 qui
1736 2533 1979 2589 aderant
2002 2550 2095 2588 ac-

454 2626 628 2694 cedit,
660 2629 718 2680 et
739 2625 823 2680 ait
847 2641 860 2678 :
888 2624 950 2680 In
983 2622 1221 2679 nomine
1242 2622 1476 2678 Domini
1500 2621 1682 2677 nostri
1702 2620 1839 2677 Jesu
1859 2621 2094 2690 Christi,

452 2714 548 2770 hic
582 2712 748 2781 mihi,
779 2712 911 2781 filii,
941 2712 1138 2768 fodite.
1164 2711 1424 2783 Cumque
1444 2714 1570 2765 tum
1596 2709 1793 2783 ipsum
1816 2710 2010 2766 locum
2035 2710 2096 2765 in

454 2820 572 2877 quo
605 2819 793 2875 agnus
826 2802 1042 2869 stabat,
1075 2806 1201 2856 tum
1226 2799 1505 2871 quidquid
1535 2799 1755 2855 circum
1778 2803 1901 2854 erat
1920 2799 2096 2856 fodis-

451 2895 601 2954 sent,
656 2890 1008 2962 patriarcha,
1057 2894 1293 2961 sumpto
1338 2887 1590 2959 sarculo,
1660 2887 1855 2944 locum
1921 2905 2095 2960 quem

450 2997 643 3054 agnus
667 2979 1032 3049 ostendebat,
1051 2978 1163 3034 levi
1184 2982 1241 3034 et
1259 2977 1329 3033 ad
1345 2977 1709 3049 superficiem
1729 2976 1847 3032 ictu
1867 2976 2093 3049 pulsat;

452 3069 879 3139 confestimque
908 3072 1061 3122 terra
1094 3066 1308 3122 emittit
1335 3065 1642 3136 limpidam
1676 3082 1888 3137 aquam
1941 3070 1998 3121 et
2024 3066 2095 3121 ad

450 3158 773 3214 bibendum
805 3172 1062 3222 suavem,
1093 3162 1267 3226 atque
1296 3171 1363 3210 ea
1392 3171 1527 3209 cum
1550 3154 1770 3226 impetu
1793 3155 2097 3210 eti'usaﬂu-

451 3265 586 3303 men
616 3245 985 3319 repentinum
1009 3244 1205 3300 efﬁcit.
1232 3243 1524 3299 Universis
1546 3259 1702 3315 ergo,
1721 3260 1883 3315 aquae
1915 3260 2093 3299 causa
2123 3230 2165 3297 C

453 3336 869 3410 gaudentibus,
917 3333 1252 3406 patriarcha
1299 3332 1479 3389 dixit:
1529 3334 1803 3389 Fluminis
1864 3334 2097 3405 impetus

456 3426 709 3499 laetiﬁcat
738 3426 1026 3480 civitatem
1055 3423 1153 3479 Dei
1170 3424 1314 3477 53-“.

527 3694 737 3752 CLXX.
777 3694 924 3749 Hinc
954 3696 1079 3748 tota
1109 3693 1179 3747 ad
1211 3708 1346 3747 eum
1390 3691 1718 3746 conﬂuebat
1762 3691 1989 3760 civitas,
2045 3696 2101 3749 et

456 3782 741 3857 spiritalis
774 3782 934 3838 illius
964 3781 1238 3836 doctrinm
1267 3780 1574 3836 dulcedine
1596 3780 1664 3835 ad
1694 3796 1891 3836 veram
1924 3782 2100 3837 ﬁdem

454 3876 698 3928 cunctos
728 3870 1101 3942 impellebat;
1146 3874 1212 3924 ut
1239 3874 1295 3925 et
1334 3868 1788 3940 multiquotidie
1832 3869 2097 3941 baptiza-

454 3970 656 4016 renlur
685 3974 1087 4028 numerusque
1127 3958 1198 4012 ad
1231 3956 1583 4029 quingentos
1640 3958 1985 4029 pervenerit,
2032 3976 2098 4014 ac

451 4066 591 4104 vera
621 4047 825 4119 religio
856 4048 915 4101 in
947 4046 1070 4101 dies
1102 4050 1331 4117 caperet
1352 4047 1805 4102 incrementum.
1826 4046 2099 4103 Nondum

458 4139 715 4210 profecto
747 4152 939 4192 annus
968 4135 1027 4188 in
1058 4134 1260 4190 exsilio
1291 4139 1413 4190 erat
1444 4151 1721 4191 emensus
1750 4152 1816 4190 ac
1837 4136 2099 4207 praeteri-

462 4233 581 4294 tus,
617 4230 673 4281 et
702 4224 1065 4280 aediﬁcantur
1095 4223 1353 4296 quidem,
1387 4224 1458 4279 ab
1490 4223 1562 4279 iis
1596 4224 2097 4295 quicrediderant,

456 4315 722 4372 Ecclesiae
744 4330 989 4369 numero
1015 4314 1276 4385 quinque
1297 4317 1353 4368 et
1374 4314 1765 4385 septuaginta,
1780 4313 2100 4369 idolorum-

459 4419 571 4476 que
595 4404 730 4458 fana
747 4408 804 4457 et
823 4401 1042 4473 templa
1063 4405 1437 4469 evertuntur;
1457 4401 1647 4472 iisque
1667 4401 1888 4456 adsitos
1916 4401 2099 4470 lucos,

458 4492 713 4549 multum
744 4496 908 4545 terra;
932 4495 1305 4561 occupantes,
1328 4489 1483 4561 ignis
1503 4490 1968 4561 depascit,atque
1982 4491 2102 4546 uni-

456 4598 629 4639 versa
657 4580 1046 4654 prosternitur
1077 4580 1409 4635 daemonum
1442 4579 1691 4634 insania.

530 4759 765 4817 CLXXI.
800 4759 962 4815 Tunc
1001 4773 1136 4830 ergo
1185 4755 1508 4813 invidiosus
1559 4760 1616 4811 et
1663 4755 1856 4827 gravis
1903 4772 2104 4813 rumor

458 4852 532 4906 ad
552 4848 923 4921 imperatoris
954 4864 1125 4903 aures
1157 4845 1437 4917 pervenit,
1471 4846 1725 4901 referens
1747 4845 2102 4902 Christiano-

456 4957 588 4996 rum
618 4944 833 4993 sectam
864 4938 923 4991 in
955 4937 1237 5007 majorem
1272 4934 1711 4990 multitudinem
1743 4950 2021 4999 crescere,
2045 4939 2101 4990 et

454 5026 706 5100 singulis
738 5026 944 5081 diebus
976 5025 1195 5097 augeri.
1219 5025 1399 5088 Quam
1426 5024 1498 5079 ob
1516 5040 1754 5078 causam
1772 5022 1867 5078 ille
1897 5025 2096 5079 statim

452 5117 829 5174 Auﬁdianum
863 5114 1167 5186 praesidem
1204 5113 1402 5180 mittit,
1434 5113 1533 5185 qui
1567 5130 1682 5167 non
1732 5112 1925 5168 solum
1982 5130 2095 5168 non

451 5205 699 5263 ulterius
731 5203 1001 5276 progredi
1033 5208 1251 5258 sectam
1284 5202 1519 5267 sineret,
1543 5218 1743 5257 verum
1776 5206 1833 5257 et
1852 5202 1978 5273 jam
2001 5220 2096 5258 ca-

448 5302 582 5369 ptos
616 5295 941 5361 reduceret,
976 5296 1359 5362 avocaretque
1390 5308 1422 5347 a
1452 5292 1685 5362 pietate.
1730 5290 1834 5346 Hic
1895 5291 2096 5362 itaque

448 5390 764 5459 postquam
795 5382 1147 5439 Chersonem
1197 5380 1371 5448 venit,
1421 5380 1895 5451 Christianosque
1937 5397 2094 5435 com-

2190 1910 2376 1983 πηγὴν
2410 1905 2601 1969 ὕδατος
2632 1905 2909 1981 διανοῖξαι·
2938 1908 3029 1964 καὶ
3062 1910 3090 1962 6
3121 1909 3360 1980 πατάξας
3396 1909 3578 1985 πέτραν
3608 1910 3651 1964 ἐν
3679 1909 3780 1986 ἐρή-

2197 2019 2304 2070 μῳ,
2349 1996 2438 2051 καὶ
2488 1996 2751 2073 ἐρρύησαν
2805 1995 2993 2066 ὕδατα,
3048 1997 3208 2061 αὐτὸς
3260 1998 3480 2076 ἄφθονον
3520 1999 3599 2054 καὶ
3634 1998 3779 2059 αὐτοῖς

2193 2090 2291 2140 τοῦ
2321 2082 2515 2148 ὕδατος
2545 2085 2774 2161 παρέχει
2820 2087 2918 2155 τὴν
2970 2086 3264 2164 χορηγίαν.
3298 2084 3433 2157 Ἤδη
3479 2089 3572 2164 γὰρ
3608 2089 3781 2143 πάντων

2195 2180 2263 2250 τῇ
2324 2175 2461 2251 εὐχῇ
2522 2177 2949 2249 προσκειμένων,
2983 2178 3011 2231 6
3051 2178 3401 2254 πατριάρχης
3452 2175 3573 2252 τῇδε
3615 2177 3788 2232 κάκεῖσε

2197 2260 2691 2340 περιϐλεψάμενος,
2716 2265 2885 2339 ἀμνόν
2918 2287 3038 2321 τινα
3077 2267 3200 2343 ὁρᾷ,
3234 2270 3302 2339 θί,
3332 2268 3421 2322 τὸν
3453 2264 3604 2338 δεξιὸν
3632 2287 3789 2340 μετεω-

2203 2355 2421 2431 ρίζοντα
2449 2352 2609 2421 πόδα,
2642 2356 2732 2409 καὶ
2767 2354 2946 2431 ὥσπερ
2980 2355 3165 2428 ἐκείνῳ
3200 2353 3571 2412 ὑποδεικνύντα
3604 2356 3659 2410 τὸ
3685 2357 3789 2410 ὑπο-

2202 2444 2445 2515 κείμενον
2480 2440 2693 2521 ἔδαφος·
2730 2441 2907 2499 οὐδενὶ
2951 2446 3055 2519 γὰρ
3087 2445 3115 2499 6
3148 2444 3323 2517 ἀμνὸς
3367 2446 3470 2499 τῶν
3517 2443 3677 2499 ἄλλων
3723 2464 3790 2497 τε-

2205 2531 2382 2595 θέατο.
2407 2532 2512 2587 Καὶ
2546 2527 2841 2604 συμϐαλὼν
2868 2533 2967 2601 τῆν
3000 2530 3122 2606 ὄψιν
3157 2533 3185 2586 ὁ
3222 2534 3576 2609 πατριάρχης,
3602 2536 3668 2603 τῷ
3693 2532 3793 2586 ὑπο-

2206 2617 2473 2696 δειχθέντι
2530 2620 2683 2693 τόπῳ
2740 2621 2874 2693 μετά
2927 2626 3032 2676 τῶν
3088 2620 3374 2698 παρόντων
3428 2620 3689 2699 ἐφίσταται,
3724 2618 3792 2673 καί

2205 2730 2385 2787 φησιν.
2420 2710 2504 2764 Ἐν
2538 2708 2766 2783 ὀνόματι
2802 2714 2897 2765 τοῦ
2939 2710 3140 2786 Κυρίου
3179 2713 3217 2780 ἡ
3230 2716 3342 2784 μῶν
3375 2712 3542 2781 Ἰησοῦ
3583 2712 3789 2785 Χριστοῦ,

2205 2797 2431 2862 ἐνταῦθά
2484 2820 2598 2872 μοι,
2630 2798 2804 2869 τέκνα,
2835 2798 3074 2875 ὀρύξατε.
3108 2799 3215 2856 Καὶ
3264 2797 3448 2869 ἐπειδή
3492 2798 3631 2853 αὐτόν
3671 2817 3720 2851 τε
3754 2798 3789 2831 ⁶²

2204 2889 2293 2942 τὸν
2328 2886 2517 2956 τόπον,
2552 2888 2631 2963 εἷς¹
2657 2888 2714 2943 ὃν
2748 2889 2776 2941 ὁ
2822 2889 2990 2961 ἀμνὸς
3031 2887 3247 2962 ἵστατο,
3278 2890 3367 2943 καὶ
3412 2889 3471 2943 τὸ
3511 2885 3677 2959 κύκλῳ
3707 2892 3785 2939 πᾶν

2204 2980 2582 3052 περιέσκαψαν,
2637 2972 2820 3031 λαϐὼν
2872 2982 3122 3055 σκαφεῖον
3173 2979 3204 3033 6
3254 2973 3604 3054 πατριάρχης,
3640 2973 3788 3048 κρούει

2202 3066 2292 3120 τὸν
2339 3065 2504 3120 τόπον
2554 3064 2675 3129 ἔνθα
2722 3068 2749 3120 ὁ
2793 3065 2963 3140 ἀμνὸς
3015 3064 3324 3139 ὑπεδείκνυ,
3372 3066 3551 3143 κούφῳ
3591 3064 3684 3120 τινὶ
3720 3061 3790 3117 καὶ

2209 3156 2467 3231 μετεώρῳ
2496 3159 2574 3226 τῷ
2600 3153 2889 3229 κρούματι’
2922 3154 3011 3209 καὶ
3060 3163 3409 3232 παραχρῆμα
3453 3152 3628 3215 διειδὲς
3676 3149 3790 3225 ὕδωρ

2203 3247 2239 3314 ἡ
2273 3251 2344 3319 γῆ
2378 3244 2466 3298 καὶ
2514 3241 2619 3312 ἡδὺ
2666 3249 2807 3298 πιεῖν
2844 3241 3164 3299 ’ἀναδίδωσιο
3214 3246 3306 3301 καὶ
3352 3249 3527 3315 τοῦτο,
3556 3242 3635 3299 σὺν
3677 3243 3793 3317 ὁρμῇ

2207 3333 2455 3409 ἐκχυθὲν,
2486 3333 2732 3406 ποταμὸν
2780 3333 2971 3409 ἀθρόον
3023 3339 3189 3389 ποιεῖ.
3228 3335 3449 3389 Πάντων
3495 3331 3579 3388 οὖν
3616 3329 3793 3407 χαιρόν-

2204 3444 2311 3477 των
2362 3422 2450 3476 ὲπὶ
2502 3427 2581 3494 τῷ
2629 3418 2803 3493 ὕδατι,
2848 3423 2876 3476 6
2923 3422 3297 3500 πατριάρχης,
3344 3428 3447 3479 Τοῦ
3494 3424 3711 3495 ποταμοῦ
3746 3417 3797 3472 τὰ

2208 3514 2508 3589 ὁρμήματα
2612 3511 2953 3589 εὐφραίνουσι
3053 3514 3152 3582 τὴν
3261 3512 3424 3568 πόλιν
3516 3515 3605 3567 τοῦ
3675 3511 3793 3575 Θεοῦ,

2208 3597 2391 3675 ἔλεγεν
2403 3644 2414 3657 .

2279 3690 2767 3745 ΟΕΧΧ.Ἐντεῦθεν
2800 3692 2835 3758 ἡ
2869 3687 3034 3750 πόλις
3053 3689 3177 3765 περὶ
3208 3689 3369 3745 αὐτὸν
3398 3694 3533 3745 πᾶσα
3551 3685 3793 3761 συνέρρεον,

2209 3778 2298 3832 καὶ
2326 3781 2394 3851 τῇ
2422 3785 2520 3848 οῆς
2553 3786 2926 3851 πνευματικῆς
2958 3778 3167 3849 ἐκείνης
3188 3776 3532 3840 διδασκαλίας
3553 3775 3797 3853 γλυκύτητι

2209 3869 2344 3942 πρὸς
2372 3868 2471 3935 τήν
2502 3864 2680 3937 ἀληθῆ
2727 3867 2906 3921 πίστιν
2938 3866 3140 3929 πάντας
3184 3867 3443 3943 ἐπήγετο,
3475 3868 3543 3928 ὡς
3580 3864 3655 3919 καί
3696 3859 3800 3915 πολ-

2210 3954 2340 4017 λοὺς
2373 3953 2490 4009 ὅσαι
2522 3956 2725 4028 ἡμέραι
2760 3955 3125 4031 βαπτίζεσθαι,
3161 3956 3239 4019 είς
3271 3954 3631 4015 πεντακοσίους
3656 3971 3707 4005 τε
3727 3949 3795 4003 τὸν

2209 4044 2435 4117 ἀριθμὸν
2480 4038 2763 4116 ἀναϐῆναι,
2814 4044 2903 4098 καὶ
2960 4046 3060 4114 τὴν
3134 4041 3405 4101 εὐσέϐειαν
3470 4046 3577 4100 καθ’
3621 4041 3798 4107 ἑκάστην

2208 4130 2529 4189 ἐπιδιδόναι.
2565 4130 2728 4187 Οὔπω
2756 4132 2934 4187 τοίνυν
2967 4132 3204 4196 ἐνιαυτὸς
3256 4136 3355 4204 τῆν
3404 4132 3661 4209 ὑπερορίαν
3701 4125 3795 4200 ἐμὲ·

2206 4244 2341 4299 τρει,
2391 4222 2481 4277 καὶ
2532 4220 2948 4295 οἷκοδομοῦνται
3004 4223 3098 4295 μὲν
3155 4224 3257 4278 ὑπὸ
3306 4228 3413 4278 τῶν
3462 4218 3793 4277 πιστευσάντων

2210 4308 2496 4382 ἐκκλησίαι
2526 4311 2615 4365 τὸν
2648 4310 2878 4386 ἀριθμὸν
2910 4312 3068 4366 πέντε
3094 4313 3183 4366 καὶ
3231 4309 3617 4386 ἐϐδομήκοντα,
3642 4305 3795 4379 τεμένη

2210 4421 2267 4453 τε
2297 4398 2543 4455 εὶδώλων
2607 4400 2696 4454 καὶ
2751 4400 2871 4454 ναοὶ
2926 4403 3329 4475 καθαιροῦνται,
3356 4402 3445 4457 καὶ
3473 4401 3554 4473 ,τὰ
3602 4413 3796 4471 παραπε-

2212 4489 2418 4566 φυκότα
2475 4489 2691 4550 τούτοις
2753 4487 2921 4561 ἄλση,
2955 4489 3043 4544 ἐπὶ
3085 4489 3230 4544 πολὺ
3268 4494 3370 4567 γῆς
3398 4486 3727 4561 διικνούμενα,
3751 4482 3796 4534 τὸ

2209 4582 2315 4654 πῦρ
2364 4579 2739 4651 κατανέμεται,
2792 4578 2883 4633 καὶ
2929 4585 3072 4633 πᾶσα
3112 4584 3221 4633 τῶν
3263 4578 3532 4653 δαιμόνων
3574 4569 3799 4632 καταϐαλ-

2214 4667 2361 4723 λεται
2392 4671 2426 4736 ἡ
2464 4667 2646 4739 μανία.

2281 4759 2826 4827 ΟΕΧΧΙἽηνικαῦτα
2856 4755 2945 4812 οὖν
2975 4756 3264 4836 ἐπίφθονός
3286 4780 3345 4814 τε
3373 4758 3459 4813 ταὶ
3478 4758 3651 4833 βαρεῖα
3672 4752 3792 4829 φήμη

2209 4846 2304 4908 τὰς
2333 4851 2429 4901 τοῦ
2467 4843 2735 4921 βασιλέως
2767 4846 2931 4909 ἀκοὰς
2966 4846 3278 4925 ὑποτρέχει,
3314 4844 3580 4904 ἐπιδοῦναι
3617 4841 3676 4897 τὰ
3700 4845 3798 4912 Χρι-

2208 4940 2435 4989 στιανῶν
2469 4936 2545 4996 εἷς
2574 4934 2786 5005 πλῆθος
2820 4936 3051 5011 ἀριθμοῦ
3080 4936 3445 5010 κρεῖττον,καί
3474 4935 3584 4999 καθ’
3613 4931 3793 4993 ἑκάστην

2207 5020 2451 5093 αὔξεσθαι
2479 5026 2577 5093 τὴν
2610 5025 2819 5099 ἡμέραν
2856 5022 3200 5082 διδάσκουσα.
3233 5026 3349 5103 Ἐφ’
3379 5026 3423 5097 ᾦ
3455 5021 3517 5093 δὴ
3556 5021 3635 5076 καὶ
3663 5016 3796 5089 Αὐφι-

2208 5110 2384 5167 διανὸν
2413 5113 2605 5168 αὐτίκα
2632 5115 2723 5168 τὸν
2754 5114 3001 5188 ἡγεμόνα
3033 5115 3236 5177 ἐκεῖνος
3267 5115 3544 5189 ἐκπέμπει,
3577 5109 3693 5166 ὥστε
3735 5102 3791 5175 μή

2210 5202 2372 5275 μόνον
2420 5201 2560 5275 μηδὲ
2606 5198 2906 5279 περαιτέρω
2954 5203 3238 5281 προελθεῖν
3291 5204 3425 5259 αὐτά
3470 5203 3791 5276 συγχωρῆσαι,

2204 5289 2351 5345 ἀλλά
2378 5292 2468 5346 καὶ
2498 5291 2625 5353 τοὺς
2656 5289 2764 5362 ἤδη
2799 5295 3155 5369 χειρωθέντας
3188 5293 3548 5369 ἐπαναγαγεῖν,
3576 5288 3654 5345 καὶ
3685 5284 3789 5339 ἀπο-

2206 5387 2399 5451 στῆσαι
2432 5384 2527 5451 τῆς
2562 5377 2852 5444 εὐσεϐείας.
2889 5383 3057 5444 Οὗτος
3086 5384 3280 5455 τοίνυν,
3312 5385 3411 5453 την
3459 5382 3687 5454 Χερσῶνα
3716 5390 3787 5425 κα·

1814 5552 2051 5608 VARl/E
2092 5553 2503 5609 LECTIONES.

521 5691 565 5727 (⁵ο
594 5690 767 5747 Num.
799 5706 890 5761 xx,
923 5689 977 5743 6.
1010 5685 1160 5744 Psal.
1194 5703 1402 5759 Lxxxu,
1433 5687 1520 5744 20.

1599 5686 1641 5722 σί
1675 5685 1751 5742 al.
1784 5685 1961 5744 inser'
1998 5683 2221 5745 ἑστῶτα.

2298 5688 2344 5725 ⁶²
2373 5689 2536 5747 deest
2565 5688 2625 5746 in
2654 5687 2735 5746 al.
2811 5688 2855 5724 ⁸³
2880 5689 2926 5725 ⁸⁸
2953 5685 3108 5746 Psal'
3140 5704 3265 5756 XLV,
3292 5687 3347 5743 5.
