4014 6202
245 397 375 468 89⁸1

1013 404 1544 472 CLEMENTINA.
1576 437 1655 453 —-
1682 395 2030 468 EPITOME
2074 398 2178 464 DE
2221 398 2494 464 GESTIS
2538 395 2604 462 S.
2651 393 2914 461 PETRI.

3546 391 3667 456 598
3730 374 3731 377 ‘

246 528 535 607 ταλαϐὼν,
565 535 657 592 καὶ
684 533 930 601 πολλοὺς
958 542 1066 595 τῶν
1096 543 1429 618 Χριστιανῶν
1456 539 1692 603 πολλαῖς
1745 539 1899 617 βασά-

2020 553 2217 627 plures
2249 551 2555 609 tormentis
2610 550 2814 606 multis
2867 566 2933 605 ac
2963 543 3139 605 variis
3174 546 3383 618 affecit,
3432 546 3667 618 quando

245 647 367 688 νοις
395 627 487 682 καὶ
518 625 797 690 ποικίλαις
828 623 1142 703 ὑποϐαλὼν,
1180 630 1294 685 ἐπεὶ
1322 632 1526 694 πάντας
1654 629 1901 707 προθέσει

249 716 529 792 μάρτυρας
559 718 952 793 γεγενημένους
982 719 1145 795 ἑώρα,
1177 722 1265 774 καὶ
1294 722 1431 797 πρὸς
1476 720 1700 796 μυρίους
1743 739 1904 794 παρε-

244 807 648 879 σκευασμένους
678 807 957 877 θανάτους,
1003 808 1055 863 τί
1098 814 1246 864 ποιεῖ
1276 830 1289 880 ;
1323 812 1616 886 Ἀπέχεται
1673 810 1766 884 μὲν
1806 813 1902 863 τοῦ

240 892 361 966 πλή
373 893 793 969 θους,δεδοικὼς
819 898 895 969 μὴ
923 896 1011 952 καὶ
1028 898 1134 953 ἀπὸ
1152 904 1249 954 τοῦ
1267 897 1459 961 τέλους
1627 898 1900 976 μάρτυρας

242 982 506 1048 πλείονας
533 984 858 1061 ἐργάσηται·
905 988 996 1042 τὸν
1041 985 1213 1043 αἴτιον
1242 987 1300 1044 δὲ
1333 989 1495 1063 μόνον
1535 987 1778 1059 κολάζει,
1810 989 1898 1044 καὶ

242 1074 423 1129 πάντα
470 1074 641 1149 θυμὸν
688 1076 825 1130 κατά
868 1082 969 1146 τῆς
1022 1076 1283 1154 μακαρίας
1331 1078 1538 1147 ἐκείνης
1593 1083 1690 1133 τοῦ
1746 1076 1895 1149 Κλή-

246 1184 445 1237 μεντος
494 1163 687 1241 ἀφίησι
732 1172 998 1242 κεφαλῆς.
1050 1164 1271 1236 Ἐπειδὴ
1318 1165 1375 1222 δὲ
1420 1168 1591 1222 πάντα
1638 1171 1702 1235 ἦν
1753 1167 1900 1239 αὐτῷ

239 1258 442 1331 κοῦφα,
492 1254 582 1308 καί
630 1253 707 1316 είς
757 1251 907 1309 οὐδὲν
960 1256 1301 1331 λογιζόμενα,
1353 1257 1440 1311 καὶ
1487 1257 1575 1334 ἀφ’
1624 1258 1697 1311 ὧν
1738 1257 1895 1311 αὐτὸν

243 1339 454 1417 ἔπασχε
502 1340 714 1415 μᾶλλον
764 1340 994 1398 πλείονα
1037 1350 1155 1408 τοῖς
1205 1342 1401 1408 ἄλλοις
1453 1346 1747 1422 παρείχετο
1796 1347 1895 1414 τήν

242 1429 569 1509 ἀσφάλειαν,
613 1432 878 1505 σύντομον
924 1431 1251 1511 ἀπαλλαγὴν
1301 1434 1447 1507 αὐτῷ
1493 1440 1590 1489 τοῦ
1643 1435 1762 1510 βίου
1810 1434 1897 1489 καί

238 1525 473 1595 ταχεῖαν
525 1520 847 1594 ἐπινοεῖται,
897 1522 988 1577 καὶ
1036 1522 1113 1585 εἰς
1168 1522 1335 1597 μέσην
1381 1525 1473 1579 τὸν
1520 1526 1763 1599 μάρτυρα
1798 1525 1896 1592 τὴν

242 1607 520 1674 θάλασσαν
572 1609 807 1695 ᾆγαγὼν,
857 1611 946 1666 καὶ
996 1610 1231 1689 ἄγκυραν
1282 1611 1507 1689 σιδηρᾶν
1558 1617 1657 1668 τοῦ
1684 1615 1896 1689 τραχή-

242 1698 348 1754 λου
383 1697 636 1773 ὲκδήσας,
667 1700 885 1771 καθίησι
930 1705 1011 1774 τῷ
1057 1703 1223 1778 βυθῷ,
1269 1700 1418 1766 ὅπως
1472 1700 1612 1776 μηδὲ
1642 1701 1895 1777 λείψανον

240 1787 473 1861 ἐκείνου,
507 1790 693 1867 φησὶν,
727 1787 1083 1868 ὑπολειφθείη
1115 1797 1475 1866 Χριστιανοῖς.

2014 660 2218 700 omnes
2243 641 2540 715 proposito
2571 644 2626 696 et
2654 640 2978 695 intentione
3024 641 3311 709 martyres
3367 635 3551 692 fuisse
3578 635 3666 691 vi-

2012 732 2118 799 dit,
2151 736 2500 804 paratosque
2530 745 2656 784 esse
2688 728 2756 782 ad
2788 726 2948 781 mille
2991 731 3228 791 mortes,
3291 726 3431 797 quid
3480 725 3667 780 facit?

2010 822 2281 877 Abstinet
2310 818 2549 891 quidem
2581 817 2866 889 apopulo,
2886 816 3105 871 veritus
3139 830 3211 869 ne
3241 815 3417 869 etiam
3446 830 3513 870 ex
3544 812 3662 885 pri-

2011 910 2274 965 moribus
2304 908 2523 963 multos
2556 908 2769 962 faceret
2800 910 3125 976 martyres:
3163 902 3357 959 solum
3391 919 3525 959 vero
3557 920 3661 959 au-

2010 1003 2228 1055 ctorem
2279 997 2568 1071 reprimit,
2609 1011 2961 1066 omnemque
2993 994 3249 1049 furorem
3281 992 3548 1047 immittit
3600 992 3659 1047 in

2008 1089 2245 1144 beatum
2298 1087 2441 1142 illud
2502 1085 2816 1141 Clementis
2865 1087 3059 1155 caput.
3117 1087 3295 1138 Porro
3338 1098 3473 1136 cum
3521 1080 3661 1136 huic

2010 1177 2170 1233 omni
2200 1180 2397 1231 essent
2424 1174 2571 1230 levia
2600 1177 2657 1229 et
2686 1172 2909 1229 nullius
2940 1170 3246 1237 momenti,
3278 1170 3421 1242 quin
3466 1169 3660 1241 potius

2008 1281 2077 1321 ex
2091 1265 2174 1319 eis
2193 1281 2318 1336 quae
2332 1263 2456 1334 ipse
2475 1261 2822 1334 patiebatur,
2839 1260 3062 1315 caateris
3085 1258 3661 1332 praeberetmajorem

2009 1353 2307 1422 fiduciam,
2332 1354 2561 1407 brevem
2583 1350 2633 1406 ei
2661 1354 2717 1405 et
2736 1349 2982 1405 celerem
3004 1348 3291 1421 excogitat
3333 1348 3661 1403 discessum

2008 1461 2040 1499 e
2068 1443 2203 1510 vita,
2235 1446 2409 1515 atque
2455 1442 2707 1496 adducto
2758 1443 3012 1511 martyre
3060 1437 3119 1492 in
3172 1435 3425 1492 medium
3478 1451 3657 1499 mare,

2010 1532 2380 1603 anchoraque
2411 1530 2596 1585 ferrea
2626 1529 2695 1583 ad
2724 1527 2939 1583 collum
2970 1527 3098 1598 ejus
3127 1525 3391 1598 religata,
3417 1524 3477 1579 in
3526 1540 3659 1596 pro-

2008 1622 2258 1677 fundum
2290 1618 2581 1675 demittit:
2616 1618 2718 1689 Ne,
2741 1616 2953 1688 inquit,
2988 1615 3145 1671 illius
3177 1614 3265 1670 vel
3289 1613 3549 1687 reliquiae
3577 1629 3660 1668 re-

2008 1714 2287 1767 maneant
2315 1707 2686 1765 Christianis.

314 1878 577 1936 CLXXII.
610 1876 767 1935 Ἀλλ’
796 1880 825 1933 ὁ
857 1879 952 1978 μὲν
986 1878 1207 1956 ἔρῥιπτο
1234 1881 1369 1936 κατὰ
1394 1886 1493 1936 τοῦ
1524 1880 1895 1957 πελάγους-τὸ

2077 1887 2338 1944 CLXXII.
2370 1889 2560 1957 Atque
2586 1884 2685 1941 ille
2714 1884 2952 1956 quidem
2982 1882 3042 1937 in
3065 1881 3337 1955 pelagum
3364 1882 3659 1954 projectus

241 1964 304 2022 δὲ
321 1971 433 2022 τῶν
456 1971 789 2043 Χριστιανῶν
811 1966 1026 2038 πλῆθος
1044 1969 1129 2023 ἐπὶ
1151 1974 1246 2024 τοῦ
1267 1968 1523 2045 αῗγιαλοῦ
1544 1970 1898 2047 ἑστὼς,ἐθρή-

237 2077 371 2111 νουν
397 2053 666 2126 ἐλεεινῶς,
691 2054 1161 2133 ὠλοφύροντο,καὶ
1184 2058 1558 2136 ὁῖκτροτάταις
1581 2066 1785 2137 φωναῖς
1809 2062 1897 2114 ἆν-

240 2142 475 2201 εκάλουν
505 2145 597 2199 τὸν
635 2144 1005 2222 πατριάρχην.
1040 2145 1350 2217 Κορνήλιος
1397 2145 1454 2202 δὲ
1492 2149 1581 2202 καὶ
1613 2143 1817 2211 Φοῖϐος
1847 2149 1897 2203 οἱ

246 2234 491 2308 μαθηταὶ
567 2232 683 2296 οἵας
740 2234 802 2289 τὸ
879 2234 1049 2299 πάθος
1107 2236 1301 2310 ἀπῄτει
1355 2238 1533 2315 φωνὰς
1597 2238 1686 2293 καὶ
1744 2236 1896 2292 αὐτοὶ

245 2324 602 2400 βοῶντες,καὶ
654 2323 752 2379 οὐκ
803 2317 1023 2401 ἔχοντες
1074 2324 1104 2379 ὅ
1146 2348 1197 2380 τι
1250 2333 1352 2395 τῆς
1401 2332 1681 2404 συμφορᾶς
1727 2329 1897 2397 ποιή-

242 2434 430 2468 σονται
480 2412 846 2488 παραμύθιον,
906 2413 1200 2487 Εὗξώμεθα
1256 2412 1445 2477 πάντες
1497 2413 1846 2489 ὁμοθυμαδὸν
1884 2458 1898 2483 ,

245 2501 421 2573 εἶπον,
457 2500 596 2556 ὥστε
622 2502 720 2556 κᾶν
773 2499 1160 2578 ἀναδειχθῆναι
1209 2506 1344 2575 ἡμῖν
1393 2505 1455 2558 τὸ
1482 2509 1580 2559 τοῦ
1628 2506 1899 2579 μάρτυρος

247 2587 531 2665 λείψανον.
580 2591 681 2646 Καὶ
726 2594 1181 2668 προσευχομὲνων
1232 2592 1425 2662 αὐτῶν,
1485 2595 1531 2666 ᾦ
1577 2598 1685 2649 τῶν
1738 2595 1899 2671 μεγά-

248 2677 369 2734 λων
401 2701 522 2748 σου,
552 2679 813 2752 Δέσποτα,
856 2680 1149 2756 τεραστίων
1194 2684 1275 2753 ⁸⁵,
1328 2684 1811 2760 θαυματουργεῖταί
1848 2705 1901 2737 τι

245 2768 518 2824 κάνταῦθα
569 2772 613 2807 ⁸⁸
661 2771 789 2832 Θεὸς
838 2774 936 2825 τοῦ
978 2772 1215 2833 Μωσέως
1246 2770 1697 2848 παραδοξότερον.
1738 2774 1901 2828 Ὑπο-

247 2856 439 2935 φεύγει
476 2858 570 2932 μὲν
600 2860 705 2935 γὰρ
734 2862 770 2929 ἡ
800 2859 1039 2915 θάλασσα
1065 2860 1395 2937 προσωτέρω
1427 2859 1671 2923 σταδίους
1704 2860 1898 2937 σχεδὸν

248 2946 352 3002 οὐκ
382 2944 642 3011 ἐλάττους
671 2953 778 3003 τῶν
827 2945 1015 3005 εἷ’κοσι.
1066 2949 1459 3025 Προσελθόντες
1492 2948 1549 3006 δὲ
1590 2951 1654 3005 τὸ
1684 2949 1901 3021 πλῆθος

246 3032 343 3090 διὰ
372 3036 543 3113 ξηροῦ
571 3042 669 3092 τοῦ
700 3034 949 3115 ἐδάφους·
979 3044 1083 3107 τῆς
1113 3040 1424 3112 θαυμαστῆς
1454 3061 1549 3094 σου
1586 3040 1676 3095 καὶ
1715 3046 1897 3112 τοῦτο,

243 3125 477 3200 Χριστὲ,
534 3123 837 3200 δυνάμεως*
898 3127 1203 3204 εὑρίσκουσι
1263 3127 1410 3184 λίθον
1470 3129 1522 3184 ἐν
1583 3127 1711 3184 εἷ’δει
1769 3135 1901 3186 ναοῦ

243 3214 396 3288 παρὰ
419 3218 520 3285 τῆς
550 3217 648 3285 σῆς
693 3215 1008 3292 ἀπορρήτου
1060 3216 1252 3295 σοφίας
1299 3220 1690 3291 πεποιημένον,
1719 3220 1809 3273 καὶ
1838 3220 1900 3274 τὸ

2006 1981 2133 2033 est:
2193 1975 2653 2032 Christianorum
2711 1978 2906 2028 autem
2961 1970 3302 2037 multitudo,
3359 1970 3419 2024 in
3461 1969 3655 2026 littore

2006 2070 2191 2135 stans,
2213 2064 2663 2130 lamentabatur,
2684 2062 2894 2117 misere
2917 2059 3197 2132 ejulabat,
3221 2063 3279 2114 et
3302 2058 3657 2114 miserandis

2008 2153 2330 2209 admodum
2356 2152 2597 2208 vocibus
2639 2148 3657 2221 inclamabatzpatriarcham.Corne-

2007 2243 2122 2298 lius
2143 2259 2275 2298 vero
2295 2245 2352 2297 et
2380 2242 2633 2298 Phoebus
2654 2239 2947 2312 discipuli,
2978 2239 3182 2311 quales
3210 2254 3380 2293 voces
3418 2237 3476 2292 id
3501 2237 3655 2308 quod

2010 2332 2406 2404 perferebatur
2425 2330 2779 2403 postulabat,
2803 2333 2860 2384 et
2885 2329 2998 2401 ipsi
3030 2345 3132 2400 per
3153 2326 3465 2383 clamorem
3490 2325 3657 2382 emit-

2006 2424 2158 2489 tunt,
2193 2437 2298 2475 nec
2327 2420 2546 2475 habent
2564 2434 2744 2490 quam
2774 2417 3093 2473 infortunio
3119 2417 3367 2471 afferant
3397 2414 3660 2471 consola-

2014 2511 2249 2575 tionem,
2274 2515 2447 2581 atque
2472 2509 2671 2563 aiunt:
2706 2508 2953 2563 Oremus
2977 2506 3174 2561 cuncti
3207 2522 3322 2560 uno
3353 2503 3572 2571 animo,
3597 2505 3663 2558 ut

2011 2599 2181 2655 nobis
2213 2598 2555 2654 ostendatur
2587 2596 2859 2669 martyris
2889 2612 3123 2667 corpus.
3149 2598 3217 2648 Et
3238 2610 3373 2649 cum
3406 2597 3658 2657 orarent,

2014 2705 2046 2743 ο
2070 2704 2287 2760 magna
2329 2691 2431 2742 tua
2463 2684 2768 2751 miracula,
2813 2682 3091 2740 Domine!
3127 2683 3210 2737 ibi
3240 2687 3393 2738 Deus
3439 2680 3663 2752 aliquid

2011 2777 2231 2848 majore
2261 2776 2647 2831 admiratione
2677 2775 2919 2847 dignum
2954 2773 3097 2841 edit,
3129 2788 3306 2844 quam
3338 2770 3491 2843 quod
3542 2770 3661 2825 Mo-

2010 2883 2104 2923 ses
2132 2867 2199 2921 ⁶⁷.
2252 2866 2385 2920 Etin
2444 2880 2605 2920 mare
2644 2862 2844 2937 procul
2892 2862 3109 2918 recedit
3148 2859 3355 2933 viginti
3395 2859 3513 2914 fere
3542 2862 3663 2914 sta-

2010 2955 2125 3012 dia.
2157 2955 2450 3010 Accedens
2482 2958 2677 3008 autem
2709 2951 2872 3024 plebs
2900 2968 3003 3023 per
3031 2951 3221 3005 sicum
3280 2948 3497 3014 solum,
3548 2948 3658 3003 hoc

2011 3060 2244 3117 quoque
2259 3042 2547 3099 mirabilis
2559 3047 2669 3097 tuae
2685 3041 2976 3113 potentiae,
2996 3038 3225 3094 Christe
3240 3035 3252 3091 l
3266 3025 3494 3092 invenit
3509 3035 3660 3108 lapi-

2011 3132 2143 3189 dem
2175 3133 2233 3187 in
2266 3132 2453 3187 forma
2480 3130 2685 3201 templi
2717 3131 2788 3184 ab
2821 3127 3099 3184 ineffabili
3131 3130 3233 3181 tua
3254 3125 3543 3196 sapientia
3586 3125 3665 3181 ef-

2013 3223 2255 3289 fectum,
2287 3226 2345 3276 et
2376 3220 2649 3291 martyris
2671 3235 2882 3290 corpus
2914 3216 3226 3289 magniﬁce
3257 3216 3318 3271 in
3349 3232 3415 3270 eo
3434 3216 3663 3286 jacens,

249 3282 583 3381 μαρτυρικὸν
608 3282 615 3285 .
640 3282 815 3378 σῶμα,
840 3282 1149 3381 ’λαμπρῶςι
1184 3304 1236 3361 ἐν
1295 3306 1440 3378 αὐτῷ
1490 3282 1765 3379 κείμενον,
1809 3308 1899 3362 καὶ

2012 3326 2363 3384 gravemque
2377 3308 2540 3365 illam
2552 3308 2870 3364 anchoram
2892 3305 3150 3378 proxime
3165 3321 3373 3361 saxum
3397 3308 3453 3360 et
3470 3304 3664 3377 ipsam

241 3399 344 3461 τῆν
392 3394 610 3469 βαρεῖαν
661 3392 868 3465 ἐκείνην
918 3395 1178 3471 ἄγκυραν,
1226 3394 1442 3472 ἔγγιστά
1485 3417 1592 3452 που
1620 3401 1716 3451 τοῦ
1745 3396 1902 3453 λίθου

245 3481 343 3536 καὶ
373 3481 538 3551 αὐτὴν
568 3482 848 3557 κειμένην.

323 3572 622 3629 CLXXIII.
652 3570 813 3628 Ἀλλ’
852 3571 1205 3653 ἀπεκαλύφθη
1240 3572 1540 3651 Κορνηλίῳ
1567 3576 1658 3630 καὶ
1689 3571 1900 3649 Φοίϐῳ,

246 3657 390 3714 ὥστε
425 3661 502 3732 μὴ
530 3660 595 3715 τὸ
627 3659 881 3735 λείψανον
914 3662 1113 3727 ἐκεῖθεν
1137 3670 1510 3737 μετακινῆσαι,
1535 3663 1720 3727 καλῶς
1752 3665 1802 3720 ἐν
1824 3670 1903 3738 τῷ

249 3749 405 3823 βυθῷ
436 3748 701 3822 κείμενονν
734 3752 823 3805 καὶ
854 3750 939 3805 ὅτι
968 3754 1084 3807 καθ’
1114 3753 1341 3824 ἑκάστην
1374 3754 1614 3809 ἐνιαυτοῦ
1648 3775 1900 3831 περιτρο-

240 3837 357 3904 πήν
420 3835 473 3890 ἐν
529 3841 610 3909 τῷ
666 3843 842 3913 καιρῷ
897 3846 998 3908 τῆς
1048 3844 1145 3894 τοῦ
1216 3839 1485 3915 μάρτυρος
1542 3840 1900 3911 τελειώσεως,

242 3925 608 4002 ὑποχωρήσει
636 3928 764 4002 παρ’
793 3925 930 3989 ὅλας
961 3929 1095 3983 ἑπτά
1119 3931 1330 4004 ἡμέρας
1371 3935 1485 3991 τοῖς
1526 3935 1840 4005 προσιοῦσιν
1865 3934 1899 4000 ἡ

242 4012 510 4086 θάλασσα,
543 4020 683 4089 πεζῇ
704 4016 794 4070 καὶ
817 4013 987 4092 βάδην
1011 4016 1196 4079 αὐτοῖς
1221 4017 1384 4094 μέχρι
1411 4023 1508 4072 τοῦ
1527 4016 1786 4092 λειψάνου
1803 4020 1899 4088 τὴν

244 4100 488 4178 πάροδον
532 4102 913 4180 ἐπιτρέπουσα.
953 4108 1121 4181 Ὅπερ
1162 4104 1391 4177 ἐτησίως
1414 4105 1464 4176 ἐξ
1488 4107 1692 4162 ἐκείνου
1712 4108 1801 4162 καὶ
1825 4108 1902 4170 εἰς

244 4188 406 4265 δεῦρο
429 4191 689 4263 τελεῖται,
716 4194 815 4261 τήν
861 4191 1155 4266 ἐπιδημίαν
1193 4202 1293 4264 τῆς
1328 4195 1491 4249 αὐτοῦ
1534 4198 1757 4268 μνήμης
1790 4199 1904 4269 (25)

244 4280 415 4335 οἱονεί
462 4302 584 4336 τινα
632 4281 757 4357 ὅρον
810 4281 939 4359 ἔχον
984 4283 1073 4338 καὶ
1121 4284 1481 4360 προθεσμίαν.
1515 4286 1783 4340 Ἐντεῦθεν
1816 4283 1903 4339 αἶ’-

246 4388 392 4443 ρεσις
426 4371 553 4445 παρ’
581 4370 765 4433 αὐτοῖς
796 4378 961 4444 πᾶσα,
1011 4374 1101 4426 καὶ
1151 4371 1488 4445 ἐλληνισμὸς
1518 4372 1901 4447 καταλέλυται,

241 4463 352 4513 τῶν
412 4458 465 4513 ἐν
518 4462 588 4532 τῇ
644 4465 741 4514 τοῦ
805 4460 1075 4539 μάρτυρος
1135 4464 1325 4537 μνήμῃ
1390 4461 1734 4536 τελουμένων
1794 4463 1905 4518 ἐκεῖ

246 4547 494 4619 σημείων
572 4548 661 4602 καὶ
727 4554 834 4604 τῶν
879 4550 1165 4624 θαυμάτων
1224 4553 1299 4613 εἰς
1356 4550 1643 4626 ἐπίγνωσιν
1701 4552 1902 4614 πάντας

2012 3400 2267 3473 positam
2280 3441 2294 3454 .

2081 3577 2357 3634 CLXXIII.
2376 3577 2488 3632 Sed
2510 3574 2773 3632 Cornelio
2803 3578 2859 3630 et
2904 3573 3124 3630 Phcebo
3181 3571 3505 3628 revelatum
3557 3573 3670 3638 est,

2012 3684 2085 3723 ne
2114 3666 2275 3722 illinc
2304 3666 2690 3721 transferrent
2722 3680 2957 3735 corpus,
2988 3662 3145 3733 quod
3177 3659 3456 3734 praclare
3488 3660 3671 3715 situm

2012 3760 2136 3813 erat
2164 3756 2226 3810 in
2258 3754 2580 3826 profundo;
2606 3770 2672 3808 ac
2698 3753 2819 3808 fore
2850 3756 2915 3807 ut
2945 3768 3046 3823 per
3079 3748 3349 3823 singulos
3378 3765 3669 3804 annorum

2010 3845 2313 3910 circuitus,
2342 3848 2607 3915 tempore
2636 3859 2751 3913 quo
2768 3844 2991 3911 martyr
3024 3844 3210 3895 morte
3225 3842 3669 3893 consummatus

2013 3939 2122 3998 est,
2156 3948 2317 3988 mare
2347 3930 2681 3987 adventuris
2714 3930 2943 3985 cederet
2992 3945 3095 4000 per
3142 3932 3362 3998 septem
3412 3927 3668 3997 integros

2014 4023 2161 4091 dies,
2186 4021 2664 4093 permitteretque
2696 4018 2812 4073 illis
2862 4016 3090 4073 aditum
3139 4017 3387 4088 pedibus
3427 4019 3483 4071 et
3512 4014 3667 4071 lento

2014 4112 2201 4184 gradu
2234 4126 2423 4181 usque
2444 4110 2515 4164 ad
2539 4124 2771 4181 corpus.
2794 4106 2957 4172 Quod
2988 4104 3290 4160 annuatim
3312 4106 3384 4159 ab
3407 4103 3506 4158 illo
3527 4108 3671 4159 tem-

2014 4216 2155 4271 pore
2186 4198 2377 4253 adhuc
2425 4197 2746 4269 perﬁcitur,
2780 4195 3071 4265 habetque
3108 4192 3267 4248 velut
3315 4191 3669 4264 praefinitum

2014 4287 2335 4343 terminum
2368 4303 2433 4341 ac
2459 4285 2784 4358 prastitum
2817 4288 3053 4354 tempus
3085 4282 3401 4336 adventum
3423 4296 3676 4336 comme-

2016 4376 2361 4432 morationis
2383 4374 2679 4443 martyris.
2713 4372 2861 4427 Hinc
2885 4373 3080 4426 omnis
3103 4370 3255 4442 apud
3290 4386 3388 4424 eos
3410 4368 3671 4434 haeresis,

2015 4470 2072 4520 et
2101 4469 2299 4520 Graeca
2326 4464 2529 4535 religio
2552 4477 2754 4517 eversa
2783 4465 2873 4516 est
2898 4477 2912 4521 ς
2941 4476 3071 4514 cum
3107 4459 3275 4530 signa
3304 4461 3361 4512 et
3390 4454 3674 4510 miracula

2018 4571 2145 4626 quae
2176 4553 2259 4608 ibi
2281 4553 2339 4607 in
2360 4551 2640 4608 memoria
2666 4548 2943 4619 martyris
2984 4548 3259 4615 eduntur,
3304 4549 3545 4600 cunctos
3594 4543 3667 4598 ad

244 4636 765 4711 χειραγωγούντων,
812 4639 903 4693 καὶ
953 4644 1204 4713 καθαρῶς
1260 4639 1557 4715 ἐναγόντων
1617 4641 1755 4715 πρὸς
1800 4642 1899 4709 τήν

2012 4642 2405 4715 cognitionem
2429 4640 2808 4705 adducant,et
2824 4637 2993 4711 plane
3023 4636 3094 4690 ad
3127 4634 3427 4689 veritatem
3456 4630 3665 4702 impel-

245 4724 530 4794 ἀλήθειαν.
577 4723 762 4781 Οὐδενὶ
806 4728 906 4802 γάρ
954 4731 998 4765 ⁵⁸
1042 4728 1146 4783 ὑπό
1192 4750 1341 4791 τινος
1393 4728 1690 4799 ἀνηκέστου
1738 4734 1905 4785 κακοῦ

246 4812 611 4885 πιεζομένων,
639 4821 740 4883 τῆς
778 4820 875 4869 τοῦ
924 4814 1119 4881 ὕδατος
1170 4817 1373 4873 ἐκείνου
1426 4815 1785 4892 μεταληψεως
1815 4819 1903 4874 καὶ

2013 4732 2156 4787 lant.
2178 4729 2410 4787 Nemini
2428 4729 2585 4785 enim
2599 4728 2832 4784 illorum
2850 4726 2950 4798 qui
2964 4722 3279 4781 insanabili
3295 4720 3489 4792 aliquo
3509 4717 3664 4775 malo

2015 4823 2442 4892 premerentur,
2475 4817 2589 4873 alia
2610 4834 2669 4873 re
2698 4832 2873 4888 quam
2904 4830 3065 4886 aquae
3097 4811 3258 4867 illius
3294 4806 3664 4882 perceptione

1621 4971 1853 5027 VARle
1892 4970 2296 5028 LECTIONES.

320 5090 367 5126 ⁸⁸
397 5089 473 5147 al.
504 5085 835 5162 θαυμασίων.
910 5087 956 5122 ⁶⁶
989 5087 1151 5143 deest
1180 5086 1240 5142 in
1273 5086 1348 5144 al.

1450 5088 1494 5123 ⁸⁷
1520 5087 1698 5144 Exod.
1733 5105 1848 5144 xiv.
1924 5087 2001 5145 al.
2032 5088 2213 5144 inser.
2233 5089 2364 5141 τῶν.

1635 5230 2019 5287 VARIORUM
2055 5229 2287 5288 NOT/E.

322 5355 438 5428 (24)
471 5354 610 5428 ﬁne
646 5358 746 5409 τοῦ
798 5350 1015 5428 τέλους.
1069 5356 1154 5410 Ea:
1202 5353 1561 5426 primoribus.
1616 5354 1719 5411 Vel
1770 5372 1904 5410 cum

253 5427 542 5496 Perionio,
566 5428 803 5483 tandem.
835 5427 969 5483 Cor.

326 5501 441 5571 (25)
469 5495 578 5571 Τῆς
604 5497 768 5552 αὐτοῦ
793 5499 924 5571 μνή
937 5516 1064 5568 μης.
1105 5495 1258 5571 Infra
1286 5497 1545 5568 Martyrii
1594 5514 1756 5571 num.
1788 5498 1904 5571 ⁸25,

255 5570 312 5644 ἓν
333 5565 626 5644 ’τῇ’ἡμέρᾳ
651 5576 753 5638 τῆς
776 5565 1063 5644 ,ἀθλήσεως
1093 5565 1474 5644 αυτοῦᾉΔοιεί,
1506 5574 1584 5644 et_
1604 5568 1905 5644 Freculfus

255 5643 347 5699 die
392 5640 681 5714 passionis
734 5643 872 5714 ejus,
921 5641 1210 5714 Gregorio
1262 5640 1624 5714 Turonensi;
1686 5643 1749 5696 in
1819 5640 1907 5695 die

258 5709 631 5775 solemnitate
667 5709 804 5788 ejus.
837 5711 1018 5770 Graeci
1042 5709 1119 5768 ad
1150 5712 1218 5766 2A
1273 5712 1548 5769 Novemb.
1604 5709 1653 5766 ἐν
1680 5714 1749 5785 τῇ
1808 5714 1905 5765 τοῦ

2017 5352 2173 5425 ἁγίου
2203 5354 2412 5425 μνήμῃ.
2442 5350 2591 5425 Male
2620 5364 2755 5420 ergo
2800 5347 2955 5425 apud
3007 5344 3398 5425 Nicephorum
3431 5360 3517 5407 ιιι,
3554 5341 3659 5425 βξ,

2014 5408 2129 5497 ista
2150 5408 2455 5497 Δπαράδοξον
2490 5418 2624 5475 δέτι
2676 5408 2774 5497 iiii:
2834 5408 2934 5497 μνῆ
2949 5437 3054 5489 μης
3110 5408 3454 5495 ἐνισταμένης
3479 5408 3657 5497 ἀὐτῷ

2015 5485 2326 5570 ἐπιγίνεται,
2358 5485 2656 5570 verterunt
2705 5485 2788 5546 sic
2813 5485 3064 5570 :_'_D_e'qu0
3114 5485 3303 5570 supra
3329 5485 3654 5570 opinionem

2012 5558 2322 5638 pnisentis'
2378 5558 2994 5638 memoriirhquiddom
3069 5558 3295 5638 accidit,
3357 5561 3503 5626 Lego
3546 5570 3654 5638 ego

2014 5628 2198 5706 αὐτοῦ,
2231 5644 2290 5695 et
2317 5637 2535 5709 explico
2557 5652 2569 5689 :
2592 5628 2806 5709 ῌιιίιὶιν
2834 5635 3016 5709 autem
3053 5628 3653 5709 miraculumuquoties

2014 5698 2268 5769 adventat
2296 5698 2411 5766 ἀίεῖς
2442 5725 2547 5780 quo
2578 5706 2741 5761 illius
2768 5704 3038 5763 memoria
3057 5700 3376 5756 celebratur.
3408 5698 3539 5755 Cor.
