4014 6202
436 333 566 398 ’599

1249 330 1314 392 S.
1358 328 1807 393 CLEMENTIS
1851 327 1877 390 Ι
1921 324 2113 389 BOM.
2159 322 2392 387 PONT.
2438 325 2699 389 OPERA
2740 326 3009 393 DUBIA.

3709 334 3811 403 ϐω

446 470 504 524 et
533 464 875 539 aspersione
920 479 1069 538 opus
1111 463 1221 521 fuit
1242 467 1311 521 ad
1347 464 1535 521 morbi
1566 480 1700 520 eum
1749 458 2087 534 occupantis

2208 459 2293 509 τοῦ
2325 454 2617 531 ῥαντισμοῦ
2644 458 2812 514 πλέον
2840 457 3055 532 ἐδέησε,
3082 457 3222 539 πρὸς
3264 460 3366 531 τὴν
3394 465 3491 518 τοῦ
3519 461 3811 541 κατέχοντος

448 555 879 629 depulsionem.

516 644 800 701 CLXXIV.
834 645 944 701 Sed
978 644 1099 701 haec
1144 645 1376 718 quidem
1418 643 1562 698 talia
1587 646 1744 709 sunt,
1779 646 1836 697 et
1868 641 1948 694 ita
1987 639 2090 694 ha-

442 726 626 791 bent:
652 733 801 789 illud
830 750 965 790 vero
999 732 1169 807 longe
1198 731 1845 805 majus,sufﬁciensque
1866 730 1937 784 ad
1965 745 2095 783 con-

446 823 742 880 ﬁrmanda
772 823 1176 896 praecedentia.
1210 822 1357 877 Nam
1383 836 1539 891 cum,
1565 825 1628 875 ut
1666 818 1931 890 superior
1960 834 2093 872 ora-

449 910 533 967 tio
556 910 890 979 declaravit,
914 910 971 967 in
1004 910 1244 983 pelagus
1276 914 1494 983 martyr
1533 908 1836 963 immissus
1884 910 1994 977 est,
2038 909 2096 961 et

451 1000 513 1057 in
546 1001 713 1057 sinus
763 1017 1051 1073 aquarum
1102 1000 1417 1071 projectus,
1450 1002 1625 1070 atque
1674 1013 1833 1052 mare
1861 995 2095 1067 longius

456 1090 764 1159 abscessit,
787 1090 928 1145 dum
973 1090 1141 1161 quasi
1176 1089 1285 1145 sub
1310 1089 1516 1160 pedem
1548 1088 1648 1143 dat
1678 1086 1895 1153 locum,
1925 1089 1981 1140 et
2006 1084 2093 1139 in-

454 1180 563 1235 dex
593 1179 849 1250 corporis
881 1177 1225 1234 mirabiliter
1255 1177 1526 1243 efﬁcitur,
1575 1193 1641 1231 ac
1695 1174 1909 1231 volenti
1962 1173 2099 1228 facit

453 1272 801 1342 potestatem
834 1267 1138 1340 gradiendi
1168 1284 1270 1339 per
1299 1266 1657 1339 profundum
1683 1266 1921 1335 ;ingens
1944 1267 2098 1319 certe

456 1357 922 1416 Christianorum
980 1355 1293 1411 multitudo
1324 1360 1465 1409 tunc
1508 1353 1850 1425 adcorporis
1872 1356 2096 1424 specta-

459 1447 660 1503 culum
706 1445 1077 1517 properabat.
1119 1446 1326 1500 Postea
1354 1460 1486 1499 vero
1518 1447 1575 1498 et
1623 1442 1914 1497 maximus
1972 1442 2097 1496 dies

454 1536 640 1592 festus
673 1534 1023 1590 miraculum
1053 1534 1320 1599 induxit;
1346 1538 1447 1588 aut
1476 1532 1669 1605 potius
1709 1532 1817 1586 hoc
1848 1530 2098 1586 miracu-

457 1624 581 1679 lum
613 1625 767 1679 diem
800 1624 1015 1679 festum
1041 1623 1266 1690 effecit;
1293 1623 1447 1693 quod
1480 1637 1615 1689 non,
1647 1620 1826 1675 semel
1853 1620 2096 1685 editum,

456 1713 667 1769 deinde
698 1712 890 1783 desiit,
924 1713 1024 1767 sed
1057 1710 1159 1783 per
1182 1711 1643 1782 unumquodque
1673 1709 1789 1764 ami
1838 1708 2099 1762 curricu-

2199 544 2356 600 αὐτὸν
2388 548 2588 610 πάθους
2622 548 2965 625 ἀπαλλαγήν.

2272 636 2546 692 CLXXIV.
2573 635 2747 693 Ἀλλὰ
2766 642 2931 693 ταῦτα
2952 639 3043 711 μὲν
3064 636 3132 708 δὴ
3146 643 3371 695 τοιαῦτα
3388 640 3477 696 καὶ
3498 640 3662 705 οὕτως
3683 641 3813 721 ἕχον-

2199 740 2284 775 τα³
2311 721 2480 778 ἐκεῖνο
2515 722 2680 779 δὲκαὶ
2705 725 2821 781 λίαν
2846 724 3043 798 πολλῷ
3068 734 3272 800 μεῖζον,
3296 729 3388 783 καὶ
3429 730 3604 784 ἱκανὸν
3624 732 3687 786 τὰ
3702 754 3815 807 προ-

2203 806 2438 901 λαϐόντα
2462 815 2863 901 πιστώσασθαι.
2916 814 3137 901 Ἐπειδή
3187 817 3312 893 γὰρ,
3363 819 3437 879 ὡς
3472 820 3500 874 ὁ
3521 817 3680 895 λόγος

2205 920 2299 962 σας
2359 899 2656 973 ἐδήλωσεν,
2720 906 2796 967 είς
2856 900 3095 981 πέλαγος
3153 906 3182 959 ὁ
3242 908 3451 982 μάρτυρ
3508 899 3815 984 ἐφίετο,κώ

2206 988 2279 1050 εἷς
2310 987 2515 1046 ὑδάτων
2563 992 2777 1068 μυχοὺς
2828 991 3075 1071 ἕῤῥιπτο,
3118 991 3155 1063 ἤ
3211 1015 3270 1049 τε
3320 992 3557 1059 θάλασσα
3603 994 3816 1055 ὑπέϐαινε

2206 1078 2555 1154 πορρωτέρω,
2612 1083 2853 1158 καθάπερ
2913 1083 3015 1138 ὑπὸ
3069 1080 3211 1137 πόδα
3266 1088 3549 1158 χωροῦσα,
3606 1090 3813 1157 μηνυτὴς

2202 1171 2298 1221 τοῦ
2331 1165 2589 1242 λειψάνου
2618 1168 2936 1245 παραδόξως
2966 1171 3350 1246 γινομένη,καὶ
3410 1173 3564 1248 βυθὸν
3609 1176 3812 1245 πεζεύειν

2204 1259 2282 1326 τῷ
2318 1255 2640 1330 βουλομένῳ
2670 1258 3007 1335 παρέχουσαν
3040 1258 3183 1315 πολὺ
3224 1261 3413 1333 μέντοι
3459 1259 3661 1331 πλῆθος
3687 1286 3811 1333 τηνι-

2204 1348 2372 1399 καῦτα
2404 1352 2741 1421 Χριστιανῶν
2770 1349 2906 1422 πρὸς
2952 1350 3054 1418 τὴν
3100 1354 3196 1404 τοῦ
3243 1348 3507 1423 λειψάνου
3545 1350 3654 1415 θέαν
3682 1353 3813 1423 ἠπεί-

2206 1456 2388 1511 γοντο.
2423 1436 2567 1491 Μετὰ
2595 1439 2640 1473 ⁸9
2669 1433 2726 1491 δὲ
2753 1442 2921 1492 ταῦτα
2951 1438 3043 1492 καὶ
3072 1440 3107 1507 ἡ
3136 1438 3369 1513 μεγίστη
3398 1440 3557 1514 ἑορτὴ
3591 1441 3651 1496 τὸ
3669 1447 3815 1514 enim

2206 1522 2389 1600 ἤγετο·
2425 1523 2597 1579 ἐκεῖνο
2625 1523 2681 1580 δὲ
2721 1524 2932 1599 μᾶλλον
2988 1526 3159 1583 ἐποίει
3207 1529 3310 1597 τὴν
3360 1527 3569 1604 ἑορτὴν,
3600 1529 3657 1585 οὐ
3682 1552 3814 1606 γεγο-

2206 1613 2298 1675 νὸς
2352 1613 2509 1683 ἅπαξ,
2551 1614 2664 1669 εἶτα
2698 1615 3064 1689 παυσάμενον,
3107 1614 3255 1672 ἀλλὰ
3284 1618 3406 1680 καθ’
3435 1617 3648 1688 ἑκάστην
3674 1618 3812 1675 bu»-

2206 1706 2303 1756 τοῦ
2327 1699 2579 1773 περίοδον
2631 1703 2838 1776 ὁμοίως
2890 1703 3245 1779 τελούμενον,
3296 1706 3389 1760 καὶ
3435 1707 3527 1769 τὰς
3571 1702 3815 1770 ἆσεὸεἷςῖθ

453 1801 580 1857 lum
628 1800 1084 1872 perﬁciebantur
1110 1802 1312 1856 eodem
1353 1799 1545 1869 modo,
1595 1798 1836 1869 piasque
1867 1798 2094 1852 animas

2209 1791 2388 1865 ψυχὰς
2450 1791 2749 1867 συγκαλῶν
2810 1792 2885 1855 εἲς
2946 1793 3217 1849 ἑστίασιν.
3282 1794 3432 1850 Ἐπεὶ
3484 1795 3649 1850 τοίνυν
3701 1796 3815 1852 οὕτω

458 1890 814 1946 convocabat
844 1890 914 1944 ad
941 1889 1203 1961 epulum.
1234 1889 1377 1944 Cum
1408 1887 1680 1960 equidem
1712 1887 1834 1941 haec
1874 1886 1954 1941 ita
2006 1902 2101 1942 es-

454 1981 604 2045 sent,
637 1982 694 2033 et
730 1994 935 2034 omnes
964 1978 1117 2033 circa
1145 1977 1495 2033 Cbersonem
1517 1974 1828 2030 Christiani
1851 1974 1921 2030 ad
1941 1974 2101 2029 mirae

455 2067 537 2123 rei
577 2066 902 2123 solemnem
951 2067 1108 2122 diem
1165 2065 1479 2138 quotannis
1531 2067 1944 2119 concurrerant
1975 2082 1988 2131 ;
2019 2063 2101 2118 ibi

454 2156 634 2213 etiam
667 2156 825 2212 Deus
855 2155 1230 2224 miraculum,
1264 2153 1652 2211 anterioribus
1682 2152 1869 2226 magis
1911 2152 2099 2225 inopi-

453 2260 601 2301 num
640 2247 697 2299 et
726 2243 1091 2311 admirabile,
1120 2248 1413 2316 operatur.

523 2332 776 2389 CLXXV.
809 2333 957 2388 Nam
988 2332 1073 2387 vir
1117 2332 1355 2403 quidam
1404 2332 1736 2407 religiosus,
1792 2347 1910 2385 una
1964 2345 2097 2385 cum

459 2438 655 2490 uxore,
691 2425 747 2476 et
776 2421 936 2493 prole
994 2420 1275 2492 mascula,
1309 2421 1587 2476 miraculo
1610 2421 1735 2491 jam
1789 2420 1963 2487 edito,
2025 2420 2096 2473 ad

457 2510 731 2583 martyris
751 2526 983 2582 corpus,
1004 2510 1115 2581 ipsi
1139 2526 1372 2582 quoque
1390 2526 1520 2565 cum
1536 2509 1750 2581 populo
1772 2508 2097 2564 conﬂuente

455 2598 699 2674 profecti
730 2605 887 2655 sunt.
938 2599 1122 2672 Igitur
1170 2616 1368 2671 azquor
1397 2614 1427 2654 e
1476 2598 1721 2671 vestigio
1772 2597 2095 2668 trajiciunt,

456 2686 866 2760 templumque
886 2686 945 2742 in
965 2686 1101 2742 sinu
1133 2688 1261 2756 ejus
1282 2686 1536 2759 positum
1558 2686 1873 2759 attingunt,
1894 2702 2098 2758 paren-

453 2781 544 2833 tes
574 2793 753 2832 manu
792 2792 1039 2847 puerum
1070 2776 1351 2832 ducentes
1380 2793 1393 2831 :
1436 2777 1713 2848 cumque";
1742 2775 1894 2830 intra
1948 2778 2095 2829 tem-

454 2864 621 2938 plum
672 2865 927 2931 fuerunt,
952 2868 1009 2920 et
1038 2869 1305 2921 sanctum
1337 2864 1501 2920 illum
1536 2863 1832 2920 tumulum
1883 2863 2096 2919 ambie-

452 2957 610 3021 runt,
644 2957 770 3009 tum
803 2953 918 3009 alia
946 2959 1214 3010 sanctum
1245 2953 1460 3025 precati
1491 2958 1647 3017 sunt,
1669 2958 1793 3007 tum
1828 2969 1930 3025 pro
1959 2956 2094 3007 nato

453 3046 737 3115 rogarunt
756 3059 823 3098 ea
853 3059 980 3113 quas
1011 3046 1280 3115 parentes
1312 3042 1568 3099 decebat.
1603 3042 1821 3097 Precati
1839 3058 1996 3113 ergo,
2030 3057 2095 3096 ac

455 3130 790 3204 sepulcrum
845 3132 1133 3186 ferventer
1167 3130 1482 3187 exosculati
1511 3136 1567 3186 et
1623 3130 1927 3202 complexi,
1978 3130 2091 3202 ipsi

2207 1880 2487 1951 ταῦτα,καὶ
2535 1881 2587 1935 οἱ
2632 1880 2767 1937 κατὰ
2814 1886 3069 1957 Χέρσῶνα
3111 1883 3309 1943 πάντες
3362 1884 3658 1960 Χριστιανοῖ
3702 1886 3813 1961 πρὸς

2208 1969 2306 2036 τὴν
2366 1972 2460 2021 τοῦ
2517 1968 2790 2042 θαύματος
2845 1972 3142 2048 πανήγυριν
3202 1971 3437 2041 ἑτησίως
3496 1972 3811 2048 συνέτρεχον,

2210 2058 2613 2133 θαυματουργεῖ
2659 2078 2711 2113 τι
2762 2058 3030 2124 κάνταῦθα
3084 2059 3239 2131 Θεὸς,
3290 2065 3399 2115 τῶν
3444 2062 3809 2138 προγεγονότων

2211 2143 2660 2222 παραδοξότερον.

2278 2326 2526 2383 CLXXV.
2560 2326 2725 2400 Ἀνὴρ
2757 2326 2860 2400 γὰρ
2887 2346 2971 2388 τις
3005 2321 3263 2395 θεοσεϐὴς
3287 2329 3401 2401 ἅμα
3422 2327 3713 2402 γυναικὶκαί

2207 2412 2318 2488 ῥενι
2346 2413 2641 2487 τέκνῳ,τοῦ
2671 2413 2943 2488 θαύματος
2966 2411 3075 2485 ἤδη
3099 2414 3460 2489 τελουμένου,
3478 2418 3602 2493 πρὸς
3621 2418 3674 2472 τὸ
3697 2437 3808 2490 μαρ-

2203 2502 2419 2576 τυρικόν
2466 2505 2635 2558 έκεῖνο
2673 2503 2761 2558 καὶ
2814 2503 2967 2558 αὐτοὶ
3016 2508 3175 2578 σῶμα
3227 2506 3367 2580 μετὰ
3392 2510 3489 2562 τοῦ
3530 2506 3802 2581 συρῥέοντος

2204 2590 2447 2664 πλήθους
2479 2593 2747 2668 ἐχώρουν.
2777 2594 2847 2647 Τὸ
2876 2592 3114 2668 πέλαγος
3138 2592 3229 2649 οὖν
3259 2596 3323 2649 ὲκ
3354 2594 3519 2657 ποδὸς
3544 2590 3802 2666 διαϐάντες,

2202 2680 2291 2735 καὶ
2321 2681 2411 2737 τὸν
2445 2683 2495 2737 ὲν
2535 2682 2697 2757 μυχῷ
2745 2681 2941 2737 τούτου
2988 2678 3388 2747 καταλαϐόντες
3415 2683 3557 2754 ναόν,
3592 2691 3678 2754 τῆς
3706 2705 3801 2759 χει-

2205 2771 2298 2845 ρὸς
2330 2765 2621 2844 λαϐόμενοι
2669 2775 2765 2826 τοῦ
2812 2769 3005 2833 παιδὸς
3055 2773 3105 2826 οἱ
3152 2772 3405 2849 πατέρες,
3455 2774 3676 2829 ἒπεὶτοῦ
3698 2776 3803 2827 ναοῦ

2204 2857 2352 2914 ἔνδον
2388 2860 2653 2934 ἐγένοντο,
2686 2858 2775 2914 καὶ
2806 2860 2905 2928 τήν
2955 2860 3110 2935 ἁγίαν
3145 2859 3354 2931 ἐκείνην
3390 2862 3704 2937 περιστάντες
3731 2880 3801 2915 σο-

2206 2949 2317 3023 ρὸν,
2348 2947 2415 3002 τά
2442 2970 2501 3003 τε
2548 2946 2693 3003 ἄλλα
2725 2946 2937 3004 ἒδέοντο
2965 2954 3063 3003 τοῦ
3095 2949 3377 3024 ἁγίου,καὶ
3425 2952 3548 3027 ὑπὲρ
3588 2954 3676 3005 τοῦ
3700 2969 3804 3003 παι-

2204 3035 2295 3099 δὸς
2322 3035 2613 3114 ἒλιπάρουν
2666 3036 2765 3092 ὅσα
2807 3038 3040 3114 πατέρας
3091 3038 3256 3101 εἲκός.
3309 3040 3595 3114 Εύξάμενοι
3633 3036 3712 3093 οὖν
3734 3038 3801 3092 καὶ

2205 3128 2419 3201 θερμῶς
2480 3127 2569 3183 τὸν
2618 3126 2784 3202 τάφον
2837 3126 3318 3203 περιπτυξάμενοι,
3378 3128 3527 3184 αὐτοὶ
3584 3128 3669 3200 μὶν
3713 3122 3799 3194 ἤδη

452 3189 849 3292 quidem,jam
866 3223 1099 3293 peracta
1118 3219 1468 3286 celebritate,
1487 3189 1829 3291 cunctisque
1853 3189 2093 3276 domum

2208 3222 2301 3285 τῆς
2366 3216 2724 3292 πανηγύρεως
2775 3213 3164 3288 τελεσθείσης,
3222 3216 3316 3271 καὶ
3394 3214 3568 3274 οἶκαδε
3632 3216 3800 3271 πάντων

455 3309 856 3379 redeuntibus,
891 3313 1044 3363 retro
1070 3309 1281 3364 iterum
1323 3325 1455 3363 cum
1488 3308 1701 3381 populo
1735 3308 1833 3379 qui
1860 3323 2097 3364 concur-

457 3400 613 3453 rerat
637 3397 1067 3452 abscesserunt.
1100 3397 1248 3452 Puer
1271 3401 1463 3452 autem
1482 3396 1631 3451 clam
1654 3400 1944 3468 parentes,
1964 3414 2094 3453 nes-

456 3485 545 3542 cio
574 3502 691 3557 quo
723 3486 895 3540 modo
934 3485 1093 3540 solus
1124 3486 1275 3557 apud
1310 3484 1642 3556 sepulcrum
1690 3484 1925 3540 relictus
1972 3489 2093 3554 est;

458 3573 699 3631 omnino
728 3573 786 3629 id
808 3572 1382 3645 incomprehensibili
1432 3574 1524 3628 Dei
1566 3573 1927 3645 providentia
1976 3575 2095 3630 dis-

455 3666 726 3735 ponente,
758 3667 825 3717 ut
874 3664 1060 3735 magis
1100 3662 1415 3717 honoraret
1443 3679 1577 3717 eum
1611 3663 1710 3734 qui
1752 3662 2009 3719 animam
2041 3668 2098 3720 et

455 3767 667 3824 corpus
697 3767 800 3824 pro
830 3751 957 3823 ipso
986 3751 1237 3807 libenter
1273 3751 1529 3806 dederat.
1572 3751 1639 3805 Et
1678 3768 1829 3823 aqua
1859 3751 2095 3824 quidem

454 3840 526 3895 ad
553 3839 786 3913 propria
807 3856 1095 3908 remeans,
1120 3839 1479 3911 profundum
1501 3839 1739 3905 obtexit,
1764 3840 2097 3914 iterumque

451 3927 722 3984 effectum
753 3932 844 3984 est
871 3927 1136 4000 pelagus.

522 4014 803 4071 CLXXVI.
832 4018 906 4071 At
934 4019 1204 4087 parentes
1235 4015 1473 4087 paulum
1498 4032 1532 4071 a
1562 4033 1799 4089 corpore
1825 4016 2093 4089 digressi,

449 4106 517 4159 ut
538 4104 662 4175 jam
696 4104 882 4161 ﬁlium
917 4120 1116 4160 secum
1140 4121 1255 4159 non
1285 4104 1578 4171 viderunt,
1612 4106 1683 4160 ad
1706 4105 2097 4179 investigatio-

448 4206 584 4248 nem
625 4194 752 4265 ejus
780 4197 1015 4249 vertunt
1035 4210 1130 4249 se:
1189 4210 1253 4249 ac
1285 4198 1436 4249 retro
1466 4194 1729 4250 conversi
1764 4200 1825 4250 ut
1870 4193 2093 4251 inveni-

448 4285 579 4336 rent
608 4298 874 4354 puerum,
917 4286 1164 4337 cernunt
1194 4299 1353 4337 mare
1379 4300 1584 4339 rursus
1619 4299 1746 4338 esse
1784 4300 1911 4338 eam
1938 4284 2089 4340 viam

450 4386 581 4441 quae
607 4371 677 4425 ad
708 4386 921 4443 corpus
948 4371 1221 4442 deinceps
1252 4372 1522 4426 duceret:
1558 4372 1872 4443 statimque
1929 4390 2093 4428 cons-

451 4461 741 4524 ternatur,
768 4459 1101 4526 turbantur,
1143 4464 1604 4531 commoventur,
1638 4461 1828 4515 acrius
1859 4462 1931 4516 ad
1971 4462 2091 4517 nati

2207 3304 2585 3374 έπαντιόντων,
2641 3303 2813 3360 ὀπίσω
2859 3303 3021 3360 πάλιν
3059 3306 3193 3379 μετὰ
3217 3311 3319 3361 τοῦ
3358 3304 3798 3381 συνδραμοῦντοςτί

2203 3392 2449 3464 πλήθους
2481 3392 2747 3469 ἐχώροον.
2779 3395 2849 3448 Τὸ
2878 3391 3089 3448 παιδίον
3126 3391 3183 3449 δὲ
3209 3394 3341 3457 τοὺς
3369 3394 3609 3455 τεκόντας
3650 3389 3796 3461 λαθὸν,

2206 3481 2305 3536 οὐκ
2346 3479 2446 3536 οἶδ’
2503 3480 2671 3550 ὅπως,
2722 3481 2883 3555 μόνον
2934 3484 3079 3559 παρά
3118 3486 3189 3556 τῇ
3247 3482 3401 3560 σορῷ
3446 3480 3794 3543 κατελέλειπτο,

2204 3570 2423 3633 πάντως
2453 3573 2551 3639 τῆς
2582 3570 2968 3641 ἀκαταλήπτου
3014 3572 3274 3646 προνοίας
3305 3577 3401 3629 τοῦ
3445 3576 3571 3628 Θεοῦ
3598 3569 3795 3626 καὶτοῦ-

2202 3681 2264 3714 το
2296 3660 2828 3733 οικονομησαμένης,
2854 3659 2945 3715 ’ίνα
2972 3663 3183 3735 τιμήσῃ
3211 3660 3383 3717 πλέον
3412 3663 3500 3717 τὸν
3529 3660 3611 3715 καὶ
3650 3656 3793 3732 ψυχὴν

2204 3749 2292 3802 καὶ
2325 3752 2486 3821 σῶμα
2533 3746 2601 3803 δι’
2653 3750 2809 3804 αὑτὸν
2860 3747 3035 3819 ἡδέως
3084 3750 3441 3827 προθέμενον.
3491 3750 3587 3807 Καὶ
3627 3747 3679 3803 τὸ
3723 3744 3792 3817 μὶν

2205 3834 2371 3911 ὕδωρ,
2403 3836 2798 3915 ἐπαναστρέφον
2833 3837 2908 3900 εἷς
2936 3839 3003 3893 τὰ
3028 3838 3222 3911 οἰκεῖα,
3251 3837 3517 3895 ἐκάλυπτε
3538 3837 3619 3893 τὸν
3650 3831 3793 3911 suos»,

2202 3925 2291 3980 καὶ
2323 3924 2558 4000 πέλαγος
2594 3924 2701 4000 έγίν
2711 3947 2818 3983 ετο.

2274 4016 2546 4073 CLXXVI.
2572 4016 2634 4068 Οἱ
2654 4015 2878 4092 πατέρες
2901 4012 2959 4070 δὲ
2984 4016 3174 4093 μικρὸν
3201 4015 3309 4072 ἀπὸ
3331 4021 3429 4073 τοῦ
3449 4012 3681 4089 λειψάνου
3696 4028 3795 4084 τρο-

2204 4102 2474 4175 ελθόντες,
2499 4104 2575 4166 ὡς
2598 4102 2707 4175 ἤδη
2730 4103 2822 4159 τόν
2842 4102 3009 4159 παῖδα
3030 4112 3157 4181 παρ’
3194 4105 3381 4168 αὐτοῖς
3406 4104 3510 4180 ούχ
3535 4104 3711 4177 ἑώρων,
3738 4095 3795 4155 εἷς

2204 4190 2418 4267 ἔρευναν
2462 4192 2625 4247 αὐτοῦ
2661 4195 2967 4270 τρέπονται*
3009 4180 3317 4249 καῖνὸπίσω
3360 4192 3672 4271 στραφέντες,
3690 4187 3793 4242 ὥστε

2199 4278 2262 4335 τό
2288 4278 2500 4335 παιδίον
2520 4281 2954 4359 εὑρεῖν,πέλαγος
2981 4283 3145 4358 ὁρῶσι
3169 4282 3336 4339 πάλιν
3362 4285 3460 4353 τήν
3485 4281 3634 4337 ἐπίτὸ
3652 4276 3794 4348 λείψα-

2200 4391 2290 4424 νον
2343 4370 2463 4439 ἒξῆς
2513 4370 2796 4447 φέρουσαν·
2850 4373 2938 4426 καὶ
2990 4372 3180 4426 αὑτίκα
3221 4367 3569 4447 θορυϐοῦνται
3600 4364 3789 4439 ,ταράτ-

2198 4479 2402 4529 τονται,
2454 4456 2802 4526 κλονοῦνται,
2855 4460 3179 4533 θερμότερον
3213 4461 3426 4536 ὁρμῶσι
3457 4460 3583 4535 πρὸς
3609 4456 3690 4524 τὴν
3716 4454 3789 4505 τί)ὖ

450 4546 890 4619 indagationem
944 4554 1370 4619 prorumpunt:
1426 4548 1477 4602 is
1518 4555 1713 4603 autem
1773 4550 1832 4603 in
1863 4550 2090 4605 tumulo

2208 4544 2391 4609 παιδὸς
2456 4549 2700 4618 ζήτησιν’
2752 4549 2812 4602 τὸ
2856 4545 2914 4602 δὲ
2962 4546 3063 4621 ἄρα
3109 4550 3175 4617 ἦν
3228 4548 3278 4603 ἐν
3332 4553 3401 4622 τῇ
3435 4551 3571 4624 σορῷ
3606 4540 3787 4599 καταλε-

449 4634 689 4691 relictus
711 4635 918 4692 fuerat.
950 4636 1213 4709 Cumque
1240 4642 1374 4709 post
1394 4636 1645 4692 multum
1674 4638 1930 4696 laborem
1956 4656 2093 4710 pue-

448 4741 581 4780 rum
621 4741 737 4780 non
781 4730 1140 4797 repererunt,
1174 4726 1273 4781 sed
1298 4726 1357 4780 in
1384 4726 1565 4781 maris
1595 4727 1778 4782 fundo
1827 4728 2091 4785 desertus

445 4813 627 4869 fuisse
658 4813 798 4884 ipsis
826 4814 986 4869 visus
1035 4821 1145 4881 est,
1201 4815 1282 4870 uti
1328 4830 1524 4870 revera
1554 4820 1698 4882 erat,
1735 4815 1976 4888 longum
2025 4834 2091 4873 ac

443 4900 716 4957 ﬂebiliter
738 4902 1224 4969 vociferabantur,
1260 4902 1444 4958 ﬁlium
1492 4903 1872 4975 appellantes,
1906 4910 1962 4960 et
1990 4922 2089 4977 pe-

440 4993 603 5045 ctora
622 4991 927 5057 feriebant,
948 4997 1123 5063 atque
1143 4992 1524 5064 deplorabant
1543 4992 1934 5049 calamitatem
1964 5011 2089 5066 quae

444 5095 544 5135 eos
576 5079 961 5152 opprimebat.
995 5082 1263 5152 Tumque
1288 5082 1359 5136 ad
1393 5086 1658 5136 sanctum
1690 5098 1758 5137 ea
1800 5082 2086 5150 dicebant,

444 5185 571 5240 quae
603 5169 838 5224 animus
862 5170 1058 5225 dolore
1091 5170 1309 5225 fractus
1335 5170 1815 5241 pronuntiaverit,
1841 5176 2087 5227 mortem

440 5258 552 5312 sibi
581 5274 684 5329 pro
716 5258 890 5313 rebus
922 5259 1307 5329 praesentibus
1339 5264 1633 5330 optantes:
1680 5260 1863 5315 donec
1896 5262 2087 5333 proxi-

442 5363 674 5403 morum
700 5347 985 5415 nonnulli,
1010 5346 1333 5403 incidentes
1365 5347 1421 5402 in
1452 5365 1550 5404 eos
1572 5348 2087 5405 lamentationibus

2204 4635 2520 4709 λειμμένον.
2546 4636 2694 4690 Ἐπεὶ
2729 4633 2784 4690 δὲ
2828 4634 3015 4690 πολλὰ.
3060 4636 3344 4709 καμόντες,
3395 4638 3454 4691 τὸ
3499 4630 3683 4691 παιδίον
3710 4626 3789 4699 οὐχ

2205 4725 2389 4797 εὖρον,
2440 4722 2566 4779 ἀλλ’
2615 4723 2665 4778 ἐν
2717 4730 2795 4797 τῷ
2844 4726 2990 4799 βυθῷ
3037 4724 3453 4803 καταλελεῖφθαι
3501 4723 3663 4782 αὐτοῖς
3698 4717 3786 4772 ἑνο-

2206 4814 2393 4886 μίσθη,
2427 4812 2606 4889 ὥσπερ
2639 4812 2740 4890 ἄρα
2769 4815 2858 4868 καὶ
2892 4815 2981 4885 ἦν,
3042 4815 3244 4891 μακρόν
3294 4837 3351 4870 τε
3380 4814 3465 4869 καὶ
3508 4811 3673 4888 γοερὸν
3698 4805 3787 4860 ἀπ’

2202 4897 2345 4957 ϐόων
2389 4901 2826 4975 ἀνακαλούμενοι
2878 4904 2970 4958 τὸν
3031 4904 3165 4977 υἱὸν,
3221 4903 3309 4959 καὶ
3341 4904 3407 4958 τοὶ
3435 4903 3591 4971 στήθη
3622 4897 3785 4959 ἔπαιον,

2201 4992 2290 5046 καὶ
2347 4994 2446 5060 τὴν
2502 4995 2878 5067 κατασχοῦσαν
2939 4992 3133 5053 αὐτοὺς
3184 4991 3587 5069 ἀνωλοφύροντο
3627 5001 3787 5059 συμφο·

2202 5082 2315 5154 ράν.
2349 5083 2481 5135 Εἶτα
2509 5082 2599 5135 καὶ
2631 5082 2767 5155 πρὸς
2795 5081 2887 5135 τὸν
2940 5082 3112 5156 ἅγιον,
3170 5083 3259 5136 οἷά
3287 5102 3386 5157 περ
3429 5080 3486 5134 ἃν
3526 5070 3781 5146 όδυνωμὲνη

2199 5170 2351 5244 ψυχὴ
2400 5170 2684 5247 φθέγξαιτο
2725 5172 2791 5240 ⁷⁵³,
2828 5168 3035 5245 ἔλεγον,
3071 5170 3292 5233 θάνατον
3338 5171 3534 5229 ἑαυτοῖς
3571 5163 3668 5220 ἀντῖ
3702 5163 3782 5214 τῶν

2199 5258 2481 5335 παρόντων
2532 5257 2823 5334 εὐχόμενοι
2860 5278 2872 5291 ο
2924 5255 3030 5321 ἕως
3078 5264 3186 5314 τῶν
3244 5257 3472 5328 πλησίον
3513 5253 3637 5315 τινὲς
3662 5268 3781 5323 περι-

2200 5347 2453 5409 πεσόντες
2484 5351 2528 5384 ⁷³
2562 5347 2765 5418 αὐτοῖς,
2799 5346 3184 5420 ἐκλελυμένοις
3214 5349 3315 5404 ὑπὸ
3340 5353 3441 5402 τῶν
3472 5347 3659 5417 θρήνων
3677 5335 3776 5407 ἤδη,

1812 5473 2054 5529 VARI/ﬁ
2085 5474 2489 5530 LECTIONES.

516 5572 565 5647 θξ
590 5569 665 5625 al.
728 5566 971 5647 πολλοὺς
1005 5568 1090 5622 ἐπὶ
1123 5570 1243 5647 θέαν
1280 5567 1532 5644 ἐπήγετο.
1585 5571 1719 5642 μετά
1792 5574 1835 5606 ’ίθ
1864 5572 1939 5628 al.
1974 5566 2231 5641 εὐσεϐεῖς,
2294 5576 2358 5628 ut
2387 5572 2527 5645 legit
2566 5571 2872 5645 interpres.
2950 5573 2993 5612 ⁷⁸
3022 5572 3098 5629 al.
3156 5569 3551 5647 συνδραμόντος.

448 5640 708 5718 θέγξοιτο.
786 5645 831 5678 ’⁷³
864 5642 939 5700 al.
972 5640 1379 5719 περιτυχόντες.

3642 5565 3678 5599 72
3714 5557 3771 5615 αι,
