4014 6202
270 373 376 440 σοι

1012 368 1538 435 CLEMENTINA.
1572 401 1652 417 --
1676 368 2026 436 EPITOME
2066 372 2171 435 DE
2215 372 2485 437 GESTIS
2529 371 2596 438 S.
2640 367 2900 435 PETRI.

3529 359 3651 428 60!

269 506 354 563 καὶ
380 502 569 563 πολλὰ
592 502 680 560 ἐπὶ
708 508 788 577 τῷ
812 502 969 571 πάθει
998 505 1088 561 καὶ
1137 502 1287 561 αὖτοῖ
1342 503 1619 581 ἐκχέαντες
1668 500 1896 581 δάκρυα,

2024 510 2126 563 iam
2158 510 2465 576 confectos,
2526 509 2861 582 multasque
2914 505 3151 581 propter
3208 516 3410 559 casum
3439 502 3497 557 et
3525 498 3641 573 ipsi

270 594 711 672 παρεμυθήσαντό
760 615 820 653 τε
861 594 1076 665 αὐτοὺς,
1122 595 1210 650 καὶ
1262 596 1467 673 ὑφεῖναι
1535 602 1635 665 τῆς
1698 602 1904 670 μακρᾶς

271 683 451 754 λύπης
482 684 760 754 ἐποίησαν.
794 683 965 742 Ἀλλᾶ
994 686 1129 760 πρὸς
1157 686 1255 753 τήν
1290 684 1462 739 οἰκίαν
1498 684 1713 739 ἐκείνων
1746 683 1904 739 ἐπαν-

272 772 564 844 ελθόντων,
602 780 782 847 μεῖζον
842 774 931 829 καὶ
986 774 1149 831 πάλιν
1209 774 1272 829 τὸ
1327 775 1494 836 πάθος
1553 772 1778 849 ἐγίνετο,
1817 774 1906 828 καὶ

272 866 487 935 ἱμάτιον
525 863 680 941 ὀφθὲν
714 868 811 919 τοῦ
838 861 1049 931 παιδὸς,
1084 861 1188 920 εἴτε
1216 864 1336 919 τινὰ
1363 868 1469 918 τῶν
1508 863 1693 935 ἐκείνῳ
1742 865 1905 933 συνή-

270 955 369 1007 θων
405 952 482 1015 εἷς
532 956 756 1026 μνήμην
785 959 900 1015 τοῖς
945 954 1203 1029 πατράσιν
1242 951 1485 1025 ἐλθόντα,
1520 953 1905 1029 χαλεπωτέραν

267 1041 445 1104 αὐτοῖς
478 1041 652 1097 ἐποίει
683 1044 783 1111 τὴν
818 1042 1117 1122 συμφοράν.

333 1220 643 1277 CLXXVII.
660 1222 772 1277 Τοῦ
794 1220 1037 1275 ἐνιαυτοῦ
1060 1218 1117 1275 δὲ
1144 1218 1253 1291 ἤδη
1286 1219 1787 1297 περιελθόντος,καὶ
1807 1227 1907 1290 τῆς

266 1307 518 1384 λαμπρᾶς
544 1309 737 1383 ἑορτῆς
764 1309 974 1380 ἐκείνης
994 1310 1207 1385 ἄγεσθαι
1231 1308 1393 1364 πάλιν
1426 1307 1756 1383 μελλούσης,
1774 1308 1909 1365 ἐκέν-

263 1419 335 1453 τει
381 1419 441 1453 τε
492 1398 689 1459 αὐτοὺς
735 1399 820 1453 ἐπὶ
868 1399 1034 1455 πλέον
1078 1400 1142 1454 τὸ
1189 1401 1380 1471 πάθος,
1412 1400 1501 1454 καὶ
1549 1395 1905 1476 σφοδρότερον

265 1487 421 1543 πάλιν
452 1492 552 1542 τοῦ
585 1485 778 1550 παιδὸς
809 1488 1201 1562 ἀνεμίμνησκε.
1232 1489 1331 1543 Καὶ
1364 1486 1500 1558 δῆτα
1546 1490 1679 1563 πρὸς
1729 1488 1905 1559 ἀλλή-

266 1574 413 1647 λους,
469 1578 700 1650 Ἰωμεν,
743 1578 891 1655 φασὶ,
938 1578 1073 1652 πρὸς
1121 1578 1211 1632 τὸν
1264 1577 1452 1655 τάφον·
1516 1574 1716 1650 ἴδωμεν
1767 1573 1822 1633 εἷ’
1854 1599 1905 1631 τι

263 1671 353 1721 τοῦ
378 1664 581 1728 παιδὸς
634 1664 1021 1723 ὑπολέλειπται
1074 1666 1346 1741 λείψανον,
1378 1664 1430 1721 εἷ’
1467 1688 1586 1729 πως
1632 1666 1727 1721 κᾶν
1779 1666 1907 1721 αὐτὸ

265 1755 629 1828 κομιούμεθα.
679 1760 857 1811 Ταῦτα
900 1757 989 1810 καὶ
1036 1754 1133 1811 ὅσα
1178 1761 1278 1811 τοῦ
1327 1758 1528 1817 πάθους
1590 1757 1725 1833 πρὸς
1785 1756 1908 1810 ἑαυ-

262 1842 381 1905 τοὺς
428 1842 984 1919 κοινολογησάμενοι,
1016 1845 1376 1921 προέρχονται
1427 1851 1526 1913 τῆς
1568 1844 1739 1907 οἰκίας
1783 1865 1906 1899 πεν-
1938 1881 1986 1947 Β

266 1943 283 1947 -
352 1936 379 1947 -
465 1932 485 1947 ς
754 1933 765 1947 ,
1002 1934 1015 1947 .
1109 1935 1122 1947 .
1217 1934 1229 1947 .
1292 1935 1300 1947 .
1478 1935 1491 1947 .
1552 1934 1565 1947 .
1680 1938 1706 1947 η
1819 1931 1843 1947 κ

265 1936 421 1995 θικῶς
465 1932 880 2006 ὶσκευασμένοι,
929 1934 1017 1987 καὶ
1065 1935 1162 1995 τὰς
1211 1934 1421 2009 ὁράσεις
1473 1934 1575 1989 ὑπὸ
1641 1938 1746 1988 τῶν
1816 1931 1906 1988 δα-

266 2021 434 2097 κρύων
509 2021 884 2094 ἐκτετηκότες,
938 2022 1025 2077 καὶ
1093 2025 1239 2099 παρά
1307 2025 1397 2077 τὸν
1467 2021 1710 2099 αἷγιαλὸν
1787 2024 1908 2101 ιῖιφι⁹

267 2114 531 2166 κνοῦνται.
568 2112 671 2166 Καὶ
722 2111 1004 2187 ὑποχωρεῖ
1052 2112 1145 2185 μὲν
1195 2110 1388 2173 εὐθέως
1434 2114 1468 2181 ἡ
1519 2112 1780 2184 θάλασσα,
1810 2115 1908 2181 τῆς

266 2198 603 2274 προθεσμίας
676 2194 1109 2271 καταλαϐούσης.
1171 2200 1555 2257 Ἀκολουθοῦσι
1638 2200 1694 2256 δὲ
1756 2201 1910 2256 αὐτοὶ

265 2293 487 2364 πρῶτοι,
529 2288 627 2343 καὶ
687 2290 821 2361 μετὰ
874 2287 1042 2352 πόδας
1100 2287 1274 2366 ἕτεροι
1328 2289 1515 2360 πάλιν,
1545 2294 1613 2364 τῇ
1672 2288 1909 2363 θαλάσσῃ

265 2377 491 2451 καθάπερ
528 2376 727 2453 ὁδηγῷ
754 2380 1057 2454 χρώμενοι.
1108 2379 1207 2434 Καὶ
1255 2380 1345 2434 τὸν
1390 2378 1709 2452 αὐτομάτως
1758 2379 1911 2434 οἷκο-

269 2464 575 2538 δομηθέντα
616 2469 741 2522 ναὸν
792 2468 1015 2537 ἐκεῖνον,
1073 2467 1282 2541 μᾶλλον
1336 2466 1392 2523 δὲ
1457 2468 1559 2522 ὑπὸ
1623 2471 1720 2538 τῆς
1788 2475 1911 2537 σῆς,

277 2555 527 2627 Δέσποτα,
579 2556 767 2634 σοφίας
816 2554 1289 2633 δημιουργηθέντα
1324 2552 1739 2629 καταλαϐόντες,
1772 2558 1912 2633 ὀρῶ-

275 2666 322 2699 σι
372 2646 432 2699 τὸ
488 2642 735 2715 παιδίον,
768 2642 813 2699 ὣ
863 2650 958 2699 τοῦ
1015 2645 1318 2717 θαύματοςί
1380 2649 1482 2714 ζῶν
1533 2647 1622 2701 καὶ
1675 2644 1914 2718 ἀλλόμε-

273 2744 359 2786 vbv
528 2734 681 2808 παρὰ
711 2737 788 2804 τῷ
817 2737 948 2804 ναῷ.
984 2733 1081 2788 Καὶ
1112 2738 1327 2809 πρῶτον
1360 2737 1403 2769 ⁷⁸
1439 2734 1533 2807 μὲν
1584 2729 1911 2811 ἀμφιϐόλως

275 2820 416 2895 εἶχον
444 2822 589 2896 πρὸς
616 2822 684 2875 τά
733 2821 1004 2897 ὁρώμενα,
1035 2820 1379 2897 λογιζόμενοι
1433 2823 1509 2896 μὴ
1560 2820 1667 2897 οὐχ
1710 2824 1737 2876 ὁ
1785 2827 1914 2883 παῖς

273 2911 386 2983 ῃτὸ
440 2909 795 2987 φαινόμενον.
832 2910 981 2965 Ἐπεὶ
1041 2908 1098 2965 δὲ
1144 2911 1233 2964 καὶ
1280 2916 1396 2972 τοῖς
1435 2910 1766 2986 γνωρίσμασι
1825 2910 1913 2965 καὶ

277 3004 387 3060 τοῖς
417 3002 673 3075 σχήμασι
705 2998 967 3054 πάντοθεν
999 2999 1072 3061 εἷς
1122 3000 1301 3054 πίστιν
1347 2999 1540 3062 αὐτοὺς
1587 3000 1649 3054 τὸ
1698 2997 1912 3055 παιδίον

275 3085 441 3161 ἐνῆγε,
470 3088 570 3143 καὶ
609 3093 800 3143 τοῦτον
860 3088 1061 3143 ἐκεῖνον
1108 3089 1240 3143 εἶναι
1288 3090 1379 3143 τὸν
1431 3090 1543 3143 υἱὸν
1582 3087 1912 3159 ἐπίστευσαν,

271 3173 648 3252 περιχυθέντες
677 3176 871 3238 εὐθέως
914 3177 1078 3249 αὐτῷ,
1111 3178 1200 3232 καὶ
1250 3175 1567 3255 ὀφθαλμοὺς
1608 3177 1696 3232 καὶ
1745 3176 1907 3254 χείλη

2016 599 2305 673 lacrymas
2335 602 2771 674 profundentes,
2803 594 3084 655 consolati
3127 597 3267 651 sunt
3305 607 3426 659 eos,
3454 590 3655 647 effece-

2016 695 2269 762 runtque
2299 695 2366 746 ut
2393 691 2463 746 de
2485 706 2697 762 magno
2718 689 3115 757 diuturnoque
3132 697 3381 739 maerore
3404 680 3659 736 remitte-

2016 784 2163 836 rent.
2196 780 2415 837 Verum
2473 784 2785 853 postquam
2841 776 2926 832 illi
2980 776 3224 831 domum
3285 772 3656 836 revenerunt,

2016 870 2227 926 iterum
2258 874 2313 927 et
2341 870 2527 941 major
2551 868 2830 941 aegritudo
2861 869 2986 921 orta
3006 868 3094 920 est
3124 881 3138 929 ;
3172 867 3346 935 atque
3374 859 3501 916 visa
3529 857 3653 914 nati

2015 960 2220 1027 vestis,
2253 961 2374 1015 sive
2404 960 2674 1031 quaedam
2723 974 2851 1029 quae
2907 953 2993 1009 illi
3049 951 3360 1008 familiaria
3390 950 3555 1005 erant
3586 946 3647 1002 in

2016 1054 2323 1122 parentum
2378 1048 2720 1105 memoriam
2806 1042 3182 1110 recurrentis,
3258 1036 3652 1095 molestiorem

2016 1138 2160 1212 ipsis
2182 1140 2502 1195 reddebant
2522 1139 2839 1209 jacturam.

2086 1228 2393 1285 CLXXVII.
2450 1229 2733 1284 Caeterum
2786 1240 2939 1280 anno
2963 1222 3085 1293 jam
3162 1218 3442 1287 confecto,
3518 1231 3653 1271 cum

2020 1317 2396 1391 splendidum
2424 1316 2569 1372 illud
2603 1317 2816 1371 festum
2849 1313 3065 1368 iterum
3104 1308 3446 1381 agitandum
3481 1308 3657 1372 esset,

2017 1408 2179 1480 ipsos
2210 1406 2393 1463 multo
2426 1406 2614 1478 magis
2644 1404 2939 1477 pungebat
2969 1405 3027 1455 et
3072 1397 3441 1455 excruciabat
3471 1394 3660 1463 dolor,

2016 1496 2538 1569 vehementiusque
2596 1509 2829 1549 rursum
2880 1490 3044 1564 pueri
3095 1486 3440 1543 memoriam
3494 1500 3661 1539 revo-

2018 1586 2202 1641 cabat.
2238 1587 2435 1656 Itaque
2466 1584 2619 1639 iuter
2646 1600 2707 1639 se
2734 1581 3142 1637 aiuntzEamus
3172 1577 3243 1632 ad
3274 1574 3606 1648 sepulcrum
3641 1588 3655 1627 :

2015 1675 2319 1731 videamus
2350 1691 2491 1729 num
2546 1674 2753 1745 aliqum
2800 1670 2905 1725 ﬁlii
2950 1666 3216 1738 reliquias
3264 1662 3581 1735 supersint,
3614 1660 3665 1716 si

2019 1781 2134 1836 quo
2166 1767 2337 1836 pacto
2369 1766 2425 1818 et
2454 1762 2587 1818 illas
2618 1764 3005 1831 asportemus.
3046 1756 3176 1811 Haec
3207 1758 3264 1810 et
3296 1766 3661 1825 quaecunque

2020 1853 2298 1910 maestitia
2329 1852 2676 1925 suggerebat
2704 1850 2857 1905 inter
2886 1864 2948 1903 se
2997 1844 3293 1911 collocuti,
3325 1843 3498 1897 domo
3529 1855 3662 1911 pro-

2019 1943 2223 2013 deunt,
2263 1941 2497 2014 lugubri
2551 1943 2784 2006 ornatu,
2835 1934 3138 2006 oculisque
3168 1932 3576 2003 lacrymarum
3606 1928 3665 1983 vi

2019 2031 2413 2104 liquentibus;
2444 2034 2619 2101 atque
2648 2029 2720 2084 ad
2747 2027 2915 2082 littus
2946 2021 3385 2097 perveniunt.Et
3416 2016 3657 2090 quidem

2020 2122 2217 2176 statim
2250 2120 2464 2175 recedit
2494 2116 3040 2189 mare,przestitutus
3070 2112 3196 2167 dies
3226 2125 3361 2165 cum
3396 2105 3657 2162 advenis-

2021 2214 2127 2266 set.
2159 2210 2499 2281 Sequuntur
2528 2212 2723 2263 autem
2762 2204 2846 2259 illi
2897 2201 3093 2274 primi,
3143 2204 3317 2271 atque
3346 2213 3377 2253 e
3406 2194 3651 2267 vestigio

2022 2296 2120 2352 alii
2149 2297 2360 2360 denuo,
2393 2296 2539 2351 mari
2570 2298 2853 2365 tanquam
2885 2288 3113 2346 itineris
3142 2288 3289 2343 duce
3318 2287 3657 2341 utentes.Ao

2020 2384 2308 2458 templum
2338 2384 2481 2440 illud
2513 2400 2621 2439 sua
2650 2386 2855 2455 sponte
2888 2379 3261 2446 aedificatum,
3292 2374 3410 2430 imo
3467 2390 3501 2428 a
3538 2375 3664 2440 tua,

2021 2474 2286 2540 Domine,
2315 2472 2603 2546 sapientia
2643 2470 2944 2527 conditum
2992 2467 3370 2539 attingentes,
3416 2463 3669 2517 cernunt

2021 2578 2340 2635 puerum,o
2367 2559 2718 2617 miraculum
2742 2561 2753 2615 l
2790 2558 2983 2613 vivum
3017 2560 3073 2611 et
3102 2554 3405 2611 salientem
3430 2550 3490 2606 in
3515 2554 3668 2606 tem-

2023 2651 2139 2723 plo.
2171 2652 2241 2707 Et
2265 2651 2453 2723 primo
2484 2649 2721 2722 quidem
2754 2649 2823 2703 de
2854 2648 2927 2702 iis
2957 2663 3086 2717 quas
3116 2642 3501 2700 cernebantur
3531 2654 3667 2694 am-

2024 2740 2660 2812 bigebant,reputantes
2686 2753 2830 2793 num
2853 2735 3011 2791 ﬁlius
3032 2737 3185 2791 esset
3214 2733 3272 2786 id
3300 2730 3454 2803 quod
3477 2744 3663 2801 appa-

2025 2833 2190 2886 reret.
2226 2830 2545 2901 Postquam
2598 2844 2733 2883 vero
2791 2825 3025 2881 indiciis
3082 2827 3139 2879 et
3195 2820 3456 2895 gestibus
3513 2832 3666 2890 puer

2025 2920 2263 2975 omnino
2294 2918 2379 2974 eis
2408 2918 2585 2973 ﬁdem
2616 2917 2772 2983 fecit,
2793 2916 3067 2986 huncque
3097 2911 3293 2984 ipsum
3325 2925 3452 2966 esse
3478 2906 3668 2963 ﬁlium

2025 3007 2419 3073 crediderunt,
2452 3006 2764 3062 confestim
2797 3002 3051 3077 amplexi
3081 3016 3240 3066 eum,
3270 3002 3327 3055 et
3386 2996 3572 3053 oculis
3604 3012 3671 3051 ac

2023 3094 2206 3151 labris
2237 3095 2617 3164 adhaerentes,
2652 3094 2935 3149 ﬂeverunt
2964 3090 3086 3161 diu,
3131 3089 3223 3144 his
3281 3085 3553 3144 dulcibus
3582 3083 3669 3139 la-

2026 3185 2241 3257 crymis
2272 3201 2391 3256 prae
2435 3183 2646 3256 gaudio
2705 3182 2927 3244 effusis,
2984 3194 3237 3250 eumque
3290 3176 3661 3233 vehementer

272 3264 621 3342 προσφύντες,
654 3263 869 3320 ἔκλαιόν
900 3286 960 3319 τε
1002 3267 1166 3341 μέχρι
1214 3253 1449 3337 πολλοῦ,
1481 3268 1549 3321 τά
1592 3253 1793 3342 γλυκέα
1842 3266 1909 3335 δὴ

2025 3274 2193 3345 quasi
2224 3274 2380 3329 nudo
2413 3273 2608 3329 animo
2641 3269 2928 3328 dosculati
2954 3271 3114 3325 sunt.

270 3358 422 3408 ταῦτα
450 3355 542 3432 ὑφ’
582 3351 784 3424 ἡδονῆς
838 3355 1169 3431 προχέοντες
1199 3359 1243 3392 ’⁷⁵
1295 3353 1517 3431 δάκρυα,
1549 3356 1637 3410 καὶ
1694 3358 1909 3431 θερμῶς

273 3441 415 3497 αὐτὸν
448 3443 639 3519 ὥσπερ
669 3448 849 3519 γυμνῇ
877 3445 947 3516 τῇ
976 3447 1130 3519 ψυχῇ
1161 3442 1505 3523 κατεφίλουν,

335 3534 677 3589 CLXXVIII.
706 3534 929 3588 Ἔπειτα
964 3534 1154 3607 μικρὸν
1188 3532 1407 3595 ἑαυτοὺς
1441 3528 1819 3604 ἀναλαϐόντες,
1844 3536 1910 3605 ἡ-

276 3621 448 3694 ρώτων
480 3617 729 3694 ἀκριϐῶς
757 3619 958 3677 ἕκαστα
983 3624 1046 3677 τὸ
1075 3620 1315 3691 παιδίον,
1336 3622 1486 3684 ὅπως
1508 3622 1654 3678 οὕτω
1680 3622 1913 3699 παραδό-

274 3710 367 3781 ξως
396 3708 637 3781 διεσώθη
650 3711 870 3782 ⁷⁸,τίνος
884 3710 1270 3789 φυλάττοντος,
1282 3712 1428 3773 τίνος
1440 3712 1729 3789 τρέφοντος
1741 3760 1754 3783 ,
1765 3713 1913 3775 τίνος

275 3796 596 3871 θάλποντος,
628 3798 774 3861 τίνος
806 3804 1225 3875 ζωογονοῦντος.
1262 3802 1331 3854 Τὸ
1380 3797 1469 3873 δὴ,
1498 3804 1567 3874 τῇ
1630 3801 1724 3873 μὲν
1786 3800 1914 3873 λαιᾷ

274 3887 409 3963 χειρὶ
437 3890 539 3957 τήν
576 3888 734 3963 σορὸν
765 3889 1018 3963 κατέχον,
1053 3890 1248 3964 θατέρᾳ
1278 3886 1335 3944 δὲ
1361 3891 1452 3944 τὸν
1504 3888 1555 3945 έν
1611 3889 1746 3964 αὐτῇ
1800 3891 1909 3946 κεί-

279 3997 418 4047 μενον
451 3974 830 4050 ὑποδεικνύον,
863 3976 1030 4039 Οὗτός
1065 3999 1158 4051 μοι
1187 3978 1275 4032 καὶ
1305 3985 1403 4047 τῆς
1439 3984 1583 4049 ζωῆς
1640 3979 1911 4055 πάροχος,

277 4060 438 4142 ἔλεγε,
462 4066 561 4122 καὶ
606 4065 859 4144 τροφεὺς,
906 4067 997 4120 καί
1046 4064 1242 4144 φύλαξ,
1272 4068 1398 4143 παρ’
1445 4067 1617 4139 ἑαυτῷ
1671 4069 1913 4142 γνησίως

276 4152 349 4209 ἀεί
380 4177 441 4226 με
478 4160 665 4227 τηρῶν
704 4154 794 4209 καὶ
844 4154 1031 4217 καλῶς
1080 4155 1492 4229 τιθηνούμενος.
1526 4156 1767 4229 Θαύματι
1821 4155 1912 4212 οὖν

278 4244 327 4297 οἱ
374 4240 623 4307 τεκέντες
681 4243 982 4323 ἀπορρήτῳ
1023 4244 1115 4299 σὺ»
1177 4242 1347 4319 ἡδονῇ
1408 4242 1720 4324 ληφθέντες,
1788 4248 1913 4309 τοὺς

277 4334 561 4408 προτέρους
614 4335 848 4409 θρήνους
909 4333 1000 4390 καὶ
1057 4334 1125 4388 τὰ
1191 4336 1484 4407 σκυθρωπά
1545 4339 1641 4389 τοῦ
1705 4334 1913 4399 πάθους

278 4420 437 4477 ἐκεῖνα
468 4423 716 4500 ῥήματα,
749 4422 825 4483 εἶς
856 4420 1197 4499 φαιδρότητα
1232 4422 1322 4477 καί
1370 4422 1710 4499 εὐχαριστίαν
1761 4424 1911 4496 μετέ-

280 4504 453 4583 ϐαλον,
508 4512 850 4585 Θαυμαστὸς,
906 4510 1178 4586 λέγοντες,
1214 4510 1241 4564 ὀ
1301 4512 1431 4573 Θεὸς
1491 4511 1541 4566 ἐν
1590 4517 1707 4574 τοῖς
1738 4512 1915 4588 άγίοις

2092 3541 2425 3597 CLXXVIII.
2459 3539 2678 3595 Deinde
2709 3554 2842 3594 cum
2874 3535 3117 3609 paulum
3178 3531 3550 3604 collegissent
3579 3546 3664 3597 se,

2021 3629 2255 3703 singula
2286 3628 2592 3701 diligenter
2623 3632 2906 3699 rogarunt
2934 3639 3203 3697 puerum,
3230 3637 3344 3693 quo
3375 3619 3549 3674 modo
3575 3617 3657 3673 ita

2020 3718 2372 3774 mirabiliter
2401 3720 2667 3773 servatus
2699 3716 2929 3785 fuisset,
2962 3730 3075 3786 quo
3132 3708 3515 3774 custodiente,
3548 3722 3661 3777 quo

2024 3807 2341 3875 nutriente,
2370 3823 2486 3878 quo
2516 3806 2770 3873 fovente,
2821 3821 2935 3876 quo
2992 3802 3171 3857 vitam
3231 3800 3564 3872 praestante.
3595 3800 3672 3851 At

2022 3898 2122 3953 ille
2152 3896 2293 3952 Iaava
2324 3896 2560 3967 quidem
2592 3912 2770 3951 manu
2801 3893 3059 3950 loculum
3089 3886 3504 3955 tenens,altera
3531 3902 3666 3941 vero

2028 3986 2089 4041 in
2122 4002 2188 4041 eo
2220 3986 2511 4055 jacentem
2546 3985 2861 4041 ostendens
2888 3999 2902 4038 :
2935 3983 3039 4038 Hic
3070 3977 3453 4049 mihi,inquit,
3468 3981 3525 4032 et
3540 3975 3673 4032 vitae

2026 4071 2293 4145 largitor,
2327 4076 2383 4128 et
2411 4071 2602 4140 alitor,
2636 4076 2689 4128 et
2721 4074 2918 4127 custos
2940 4069 3070 4136 fuit,
3104 4068 3259 4140 apud
3290 4083 3352 4122 se
3379 4080 3513 4121 vere
3542 4080 3674 4137 per-

2028 4166 2207 4233 petuo
2238 4177 2331 4216 me
2360 4177 2713 4217 conservans
2745 4176 2810 4214 ac
2839 4156 3113 4231 prazclare
3145 4154 3466 4211 enutriens.
3498 4153 3677 4207 Mira-

2026 4249 2157 4305 culo
2189 4250 2369 4322 igitur
2417 4247 2793 4305 inenarrabili
2852 4249 3120 4320 parentes
3178 4260 3311 4299 cum
3370 4239 3671 4314 voluptate

2025 4339 2205 4411 capti,
2236 4338 2492 4393 lamenta
2514 4337 2723 4409 priora,
2756 4340 2815 4392 et
2841 4335 3033 4391 tristia
3069 4332 3170 4388 illa
3222 4330 3440 4387 doloris
3469 4330 3667 4395 verba,

2024 4426 2083 4481 in
2118 4425 2474 4482 hilaritatem
2502 4430 2557 4481 et
2587 4425 2904 4497 gratiarum
2954 4423 3238 4478 actionem
3271 4420 3666 4485 mutaverunt,

2025 4514 2286 4571 dicentes
2320 4532 2332 4569 :
2365 4514 2635 4570 Mirabilis
2664 4514 2803 4569 Deus
2831 4514 2892 4567 in
2919 4512 3120 4567 sanctis
3166 4510 3283 4565 suis
3313 4509 3356 4542 ⁷⁷
3390 4525 3404 4575 ;
3441 4511 3497 4562 et
3526 4522 3669 4560 con-

280 4598 446 4673 αὑτοῦ,
484 4599 577 4657 καὶ
610 4600 707 4656 ὅσα
738 4601 858 4671 ἒξῆς
906 4601 1301 4676 προστιθέντες.
1332 4601 1755 4677 Ἐπανέρχονται
1802 4602 1909 4656 τοί-

2029 4604 2335 4676 sequentia
2365 4604 2665 4659 addentes.
2707 4603 2909 4674 Itaque
2968 4599 3121 4656 beati
3175 4614 3240 4654 ac
3299 4594 3670 4684 amulatione

278 4709 358 4742 νυν
418 4689 673 4766 μακάριοι
728 4688 817 4743 καὶ
877 4687 1117 4759 ζηλωτοὶ
1177 4690 1314 4765 πρὸς
1353 4691 1453 4758 τὴν
1499 4689 1694 4743 οίκίαν·
1731 4690 1788 4744 ὃν
1842 4691 1915 4753 ὡς

280 4779 448 4852 ναρὸν
480 4778 763 4847 ἐπένθουν,
794 4778 885 4833 καὶ
930 4775 1100 4855 τάφον
1145 4777 1294 4851 αὐτῷ
1345 4776 1636 4833 θαλαττίου
1690 4777 1919 4855 γαστέρα

2028 4693 2187 4766 digni
2208 4694 2457 4750 redeunt
2482 4694 2723 4749 domum
2748 4708 2762 4747 :
2787 4707 2961 4763 quem
2986 4694 3053 4745 ut
3072 4691 3373 4744 mortuum
3390 4683 3674 4754 lugebant

2028 4787 2085 4838 et
2110 4784 2201 4838 cui
2234 4782 2572 4855 sepulcrum
2601 4798 2729 4838 esse
2750 4784 3010 4836 ventrem
3042 4776 3248 4833 belluas
3280 4772 3518 4830 marine
3533 4788 3674 4844 prae-

1609 4930 1851 4987 VARIE
1899 4931 2315 4989 LECTIONES.

338 5030 383 5063 ”¹⁴
405 5031 479 5089 al.
510 5033 722 5106 πρῶτα.
800 5031 846 5065 ’⁷⁵
874 5029 950 5087 al.
984 5026 1288 5103 ἐκχέοντες.
1394 5030 1437 5064 ⁷⁸
1468 5028 1543 5085 al.
1575 5028 1902 5103 περιεσώθη.

1621 5171 1999 5229 VARIORUM

375 5281 460 5353 36)
496 5276 859 5353 'Alldpzvov.
913 5280 991 5334 Ex
1034 5278 1484 5353 prrmmo._At_
1534 5276 1919 5353 Nicephorus,

286 5347 718 5425 ¹ξιιιρσοίαθτςμιενον
782 5350 1030 5425 λάρνακι.
1086 5347 1297 5425 Ιηᾼνωε.
1356 5351 1519 5425 2421,
1552 5347 1633 5425 -ὲν
1678 5347 1759 5425 τῇ
1820 5353 1916 5402 τοῦ

286 5420 419 5496 (Ixion
464 5420 775 5495 καθήμενον
825 5420 1073 5496 λάρνακι.
1135 5422 1479 5496 Gregorius,
1530 5420 1910 5496 dormientem.

286 5492 475 5564 Aspicit
505 5492 681 5566 ﬁlium
715 5498 773 5550 in
802 5510 866 5549 eo
900 5492 1050 5558 loco,
1083 5495 1184 5548 ubi
1231 5492 1356 5548 eum
1401 5493 1760 5547 dormientem
1780 5494 1911 5548 reli-

289 5575 482 5635 querat,
514 5571 572 5622 in
597 5570 714 5639 ipso
735 5566 911 5621 adhuc
941 5581 1130 5636 sopore
1169 5567 1363 5639 teneri.
1382 5566 1689 5639 zEstimans
1726 5568 1913 5639 autem

288 5648 398 5690 eum
421 5653 524 5711 esse
551 5637 890 5711 defunctum,
942 5638 1165 5711 accessit
1208 5638 1481 5711 cominus,
1522 5638 1679 5711 quasi
1716 5637 1911 5692 collec-

292 5716 403 5764 tura
426 5707 646 5769 cadaver
678 5712 935 5767 exanime
964 5724 986 5774 ,'
1016 5707 1107 5765 sed
1135 5724 1260 5766 cum
1287 5724 1413 5767 eum
1448 5707 1687 5766 dormire
1716 5724 1908 5780 cogno-

2005 5031 2049 5065 ⁷“¹
2079 5030 2231 5088 Psal.
2264 5047 2435 5098 van,
2467 5030 2557 5085 36.

2062 5173 2301 5229 NOT/E.

2026 5281 2209 5347 visset,
2241 5282 2541 5336 excitatum
2572 5276 2854 5346 velociter,
2896 5278 3271 5350 spectantibus
3316 5274 3552 5347 populis,
3594 5274 3681 5350 iu-

2029 5343 2299 5407 coluniem
2331 5352 2533 5406 levavit
2574 5353 2633 5404 in
2665 5343 2850 5413 ulnis,
2888 5343 3239 5417 interrogans
3290 5343 3441 5403 {nter
3491 5343 3684 5401 oscula

2028 5426 2126 5478 ubi
2150 5439 2251 5495 per
2282 5424 2422 5478 anni
2451 5421 2649 5491 fuisset
2681 5424 2884 5492 spatia.
2932 5424 3153 5495 Nescire
3191 5437 3245 5476 se
3292 5421 3390 5485 ait,
3423 5419 3473 5495 si
3500 5432 3683 5471 annus

2028 5491 2242 5565 inteyer
2267 5495 2629 5566 praeteriisset
2669 5491 2927 5555 {tantum
2978 5493 3238 5566 domuisse
3290 5491 3445 5566 suavi
3490 5504 3683 5566 sopore

2027 5568 2084 5621 in
2117 5560 2285 5622 unius
2315 5566 2488 5620 noctis
2522 5566 2697 5637 spatio
2746 5564 3074 5621 wstz’mabat.
3117 5563 3209 5617 Sic
3260 5565 3425 5617 vetus
3474 5560 3673 5617 codex.

2021 5638 2155 5693 Co'r.
