4014 6202
1733 366 2180 435 LITURGIGA.

3540 356 3665 427 606

882 604 1475 704 LITUBGIA
1558 608 1648 703 S.
1732 601 2442 700 CLEMENTIS
2512 601 3028 697 ROMANI.

652 818 908 868 Przmum
937 815 1124 871 Oratio
1145 820 1272 871 ante
1300 818 1515 872 Pacem.

324 904 476 957 Deus
496 901 603 972 qui
636 919 699 958 es
732 920 888 959 mare
916 904 1208 961 ineffabile
1230 905 1552 971 charitatis,
1576 909 1632 961 et
1660 904 1908 975 abyssus

257 991 792 1065 imperscrutabilis
822 994 1002 1065 pacis,
1055 994 1183 1050 fons
1223 995 1531 1060 bonorum,
1564 998 1619 1048 et
1667 991 1910 1064 largitor

258 1080 721 1153 dilectionis,qui
745 1082 928 1138 mittis
942 1099 1143 1155 pacem
1165 1083 1237 1139 ad
1260 1083 1389 1139 illos
1412 1084 1509 1154 qui
1528 1083 1702 1139 etiam
1726 1080 1911 1137 susci-

255 1169 615 1244 piuntzaperi
641 1170 811 1226 nobis
829 1171 937 1226 hoc
965 1176 1224 1243 tempore
1245 1189 1404 1227 mare
1428 1171 1775 1228 charititatis
1796 1174 1907 1223 tua

256 1266 310 1316 et
338 1260 523 1332 irriga
556 1276 669 1315 nos
700 1260 937 1315 ﬂuentis
969 1262 1383 1328 ditissimis,ex
1417 1263 1679 1317 ubertate
1711 1258 1908 1333 gratiae

255 1354 383 1417 tuae,
417 1353 477 1403 et
508 1365 582 1404 ex
616 1350 879 1405 fontibus
932 1350 1298 1406 suavissimis
1348 1348 1725 1422 benignitatis
1771 1352 1907 1402 tum.

254 1439 363 1493 Fac
394 1454 503 1493 nos
536 1436 696 1493 ﬁlios
737 1438 1186 1510 tranquillitatis
1217 1444 1276 1494 et
1305 1439 1563 1495 haeredes
1595 1437 1777 1511 pacis,
1811 1452 1909 1491 ac-

256 1527 431 1583 cende
460 1526 524 1581 in
556 1525 735 1582 nobis
780 1527 976 1600 ignem
1009 1529 1310 1584 cbaritatis
1359 1534 1492 1594 tuae,
1529 1532 1587 1583 et
1630 1528 1909 1582 fervorem

258 1616 471 1673 amoris
500 1616 755 1671 tui.Sere
776 1616 836 1671 in
868 1617 1038 1673 nobis
1063 1618 1333 1673 timorem
1358 1622 1612 1684 tuum,et
1630 1616 1913 1672 conﬁrma

257 1704 668 1760 inﬁrmitatem
699 1709 960 1762 nostram
990 1706 1230 1762 veritate
1276 1711 1397 1762 tua.
1430 1706 1777 1777 Constringe
1804 1720 1912 1759 nos

258 1799 466 1860 tecum,
516 1797 578 1848 et
629 1792 938 1849 nobiscum
986 1795 1258 1858 invicem,
1305 1813 1424 1851 una
1469 1796 1758 1866 ﬁrmaque
1807 1807 1913 1847 nec

260 1881 569 1938 dissolubii
600 1884 933 1939 concordia.
970 1884 1187 1940 Prmsta
1234 1884 1411 1940 etiam
1456 1889 1523 1940 ut
1562 1883 1728 1940 vacui
1756 1882 1909 1952 dolo,

263 1977 316 2027 et
342 1972 475 2043 puri
512 1971 587 2027 ab
611 1972 774 2026 omni
804 1970 1336 2039 livore,salutemus
1356 1973 1605 2029 invicem
1625 1974 1683 2027 in
1715 1972 1912 2028 osculo

261 2065 314 2117 et
332 2060 613 2132 amplexu
630 2061 792 2133 pacis
813 2065 871 2116 et
888 2061 1189 2117 charitatis
1207 2079 1321 2118 non
1342 2063 1580 2132 ﬁctaa,ut
1595 2078 1726 2116 cum
1742 2061 1914 2116 corde

262 2167 406 2223 puro
428 2154 486 2205 et
504 2149 711 2205 anima
732 2151 974 2222 munda,
998 2151 1093 2206 hic
1115 2152 1351 2223 quidem
1382 2151 1767 2207 arrhabonem
1784 2149 1913 2205 vitaz

263 2238 540 2294 membris
573 2238 797 2294 nostris
829 2239 1209 2307 misceamus,
1241 2244 1298 2296 et
1325 2240 1443 2295 iliic
1476 2240 1536 2295 in
1580 2240 1776 2294 futuro
1808 2256 1913 2295 saa-

266 2326 389 2383 culo
416 2327 658 2383 invitati
693 2328 884 2383 simus
916 2329 986 2383 ad
1018 2330 1230 2384 festum
1264 2329 1409 2385 illud
1440 2332 1786 2401 perpetuum
1818 2329 1917 2384 de-

262 2415 530 2489 liciisque
560 2417 1144 2474 abundantissimum
1179 2437 1191 2485 ;
1225 2422 1283 2474 et
1312 2417 1750 2491 triumphaliter
1777 2417 1920 2473 cele-

262 2505 499 2562 bremus
536 2511 616 2576 te,
643 2523 675 2562 o
704 2507 892 2573 beate,
924 2506 984 2562 in
1016 2524 1194 2581 regno
1223 2508 1509 2578 tuo,quod
1541 2508 1602 2563 in
1632 2511 1914 2563 aeternum

266 2599 585 2667 permanet,
622 2600 681 2651 et
711 2594 1046 2669 unignitum
1081 2596 1291 2652 Filium
1323 2600 1515 2665 tuum,
1548 2601 1605 2653 et
1627 2597 1910 2669 Spiritum

275 2688 439 2739 tuum
472 2690 775 2741 sanctum.

340 2775 601 2845 Populus.
630 2776 837 2829 Amen.

338 2861 621 2919 Sacerdos.
656 2863 789 2919 Pax.
814 2864 818 2868 “

342 2953 605 3023 Populus.
637 2952 706 3007 Et
736 2968 871 3007 cum
899 2952 1112 3025 spiritu
1144 2956 1265 3010 tuo.

340 3040 636 3096 Diaconus.
668 3040 777 3096 Det
806 3041 1219 3114 unusquisque
1249 3059 1473 3114 pacem.

335 3128 612 3199 Populus.
646 3130 882 3187 Omnes.

333 3217 638 3275 Diaconus.
674 3223 834 3291 Post,
866 3224 975 3276 etc.

327 3308 592 3379 Populus.
626 3312 832 3365 Coram
860 3314 916 3365 te
946 3309 1209 3367 Domine.

327 3394 591 3453 Sacerdos
639 3399 857 3454 elevans
904 3416 1107 3455 vocem.
1149 3400 1305 3456 Deus
1352 3398 1682 3467 invisibilis,
1730 3404 1788 3455 et
1827 3398 1918 3453 in-

263 3486 807 3557 comprehensibilis
837 3489 1151 3544 ineﬁ'abilis
1182 3494 1241 3544 et
1268 3489 1519 3557 infinite,
1551 3490 1651 3562 qui
1682 3490 1741 3544 in
1775 3489 1917 3544 San-

1939 816 1993 878 Α
2024 825 2165 864 num
2197 813 2555 865 nostrarum.
2588 811 2770 865 Indue
2813 826 2920 865 nos
2972 808 3120 865 stola
3164 824 3309 863 nova
3355 804 3666 861 intertexta

2018 903 2225 954 ornatu
2259 916 2487 954 morum
2513 899 2890 955 honestorum
2916 916 2931 965 ;
2964 901 3021 954 et
3052 914 3151 970 per
3179 896 3461 968 Spiritum
3492 899 3662 950 tuum

2018 992 2289 1042 sanctum
2323 988 2718 1060 perﬁcientem
2742 988 2960 1054 omnia,
2986 986 3085 1059 qui
3107 987 3166 1041 in
3197 986 3472 1040 omnibus
3506 1000 3664 1039 men-

2016 1076 2175 1131 tibus
2207 1077 2370 1148 puris
2399 1077 2647 1143 habitat,
2680 1083 2735 1132 et
2764 1079 2821 1132 in
2855 1077 3165 1132 animabus
3195 1074 3430 1129 mundis
3461 1073 3660 1129 sedem

2016 1163 2211 1235 habet,
2244 1166 2545 1220 sanctiﬁca
2576 1182 2681 1220 nos
2715 1181 2816 1237 per
2860 1164 3132 1237 gratiam,
3175 1160 3661 1223 misericordiam,

2018 1257 2075 1307 et
2117 1270 2375 1309 amorem
2425 1271 2563 1327 erga
2606 1254 2874 1309 homines
2914 1251 3200 1325 unigeniti
3254 1249 3379 1304 Filii
3426 1247 3513 1304 tui
3564 1265 3666 1320 per

2024 1357 2199 1413 quem
2230 1347 2287 1398 et
2315 1360 2449 1398 cum
2481 1361 2596 1416 quo
2627 1349 2683 1399 te
2712 1344 2879 1399 decet
2902 1341 3110 1415 gloria,
3141 1345 3250 1396 etc.

2088 1432 2350 1503 Populus.
2384 1439 2590 1490 Amen.

2090 1522 2384 1576 Dz'aconus.
2417 1523 2653 1577 Stemus
2684 1523 2972 1578 decenter.

2091 1609 2354 1681 Papulas.
2387 1611 2812 1667 Misericordia.

2092 1700 2369 1756 Sacerdos.
2402 1701 2689 1757 Charitas.

2092 1790 2363 1861 Populus.
2395 1792 2465 1846 Et
2494 1808 2627 1847 cum
2660 1790 2869 1859 spiritu
2898 1794 3019 1847 tuo.

2090 1880 2370 1936 Sacerdos.
2403 1881 2647 1937 Sursum
2680 1883 2874 1937 corda.

2092 1970 2353 2040 Populus.
2390 1970 2683 2026 Habemus
2715 1972 2787 2026 ad
2822 1971 3155 2027 Dominum.

2096 2058 2373 2114 Sacerdos.
2409 2059 2638 2115 Gratias
2669 2076 2914 2132 agamus
2944 2060 3212 2116 Domino.

2096 2148 2358 2219 Populus.
2384 2148 2638 2220 Dignum
2670 2154 2726 2204 et
2746 2151 2978 2221 justum
3014 2154 3125 2205 est.

2097 2238 2379 2294 Sacerdos.
2434 2239 2513 2293 Te
2562 2239 2717 2293 enim
2775 2239 2939 2294 decet
2967 2238 3153 2311 gloria
3208 2242 3264 2295 et
3291 2238 3397 2293 tibi
3429 2237 3674 2293 debetur

2025 2326 2283 2381 laudatio
2318 2345 2330 2382 :
2365 2330 2421 2382 te
2451 2327 2617 2383 decet
2645 2328 2901 2400 hymnus
2923 2334 2980 2384 et
3001 2328 3271 2384 exaltatio
3301 2342 3676 2399 quocumque

2024 2419 2309 2487 tempore,
2362 2416 2613 2488 Patrem,
2662 2415 2900 2488 Filium,
2949 2421 3005 2472 et
3052 2416 3332 2490 Spiritum
3381 2422 3674 2487 sanctum,

2025 2504 2209 2559 Deum
2241 2505 2647 2577 verum,unius
2678 2510 2900 2561 natura:
2933 2506 3375 2573 excelsamunius
3405 2505 3677 2561 substan-

2026 2593 2141 2662 tiae,
2177 2594 2273 2666 qui
2306 2594 2365 2649 iu
2395 2595 2667 2651 Personis
2699 2596 2889 2651 tribus
2937 2596 3199 2652 adoraris
3228 2598 3285 2651 et
3312 2594 3573 2650 laudaris
3601 2594 3675 2649 ab

2030 2682 2327 2751 omnibus,
2358 2700 2483 2755 quae
2516 2699 2620 2755 per
2650 2684 2998 2757 sapientiam
3028 2684 3237 2741 creasti
3282 2687 3339 2740 et
3368 2682 3677 2739 ordinasti.

2103 2771 2360 2828 Sacerdos
2390 2774 2607 2829 elevans
2631 2791 2831 2830 vocem.
2875 2774 3282 2830 Benedicimus
3310 2778 3367 2829 te
3398 2774 3677 2830 factorem

2031 2860 2378 2916 seculorum
2400 2866 2457 2917 et
2477 2868 2792 2919 creatorem
2811 2863 3521 2936 naturarum,largitorem
3541 2861 3673 2917 vitae

2029 2954 2086 3004 et
2105 2949 2419 3006 Dominum
2441 2956 2842 3009 creaturarum
2866 2953 3185 3009 visibilium
3210 2958 3266 3008 et
3284 2951 3671 3008 invisibilum.

2029 3038 2168 3093 lei
2220 3038 2522 3108 ccelorum,
2570 3046 2629 3097 et
2659 3059 3022 3115 quaecunque
3075 3043 3133 3097 in
3174 3041 3290 3098 illis
3343 3044 3502 3109 sunt,
3534 3057 3669 3097 cum

2029 3129 2256 3185 naturis
2295 3128 2481 3202 igneis
2514 3134 2570 3186 et
2600 3130 3004 3203 spiritualibus
3035 3136 3092 3187 te
3130 3130 3581 3204 gloriﬁcant.Sol
3613 3133 3671 3185 et

2027 3216 2170 3273 luna
2199 3218 2470 3274 cursibus
2501 3220 2626 3276 suis
2648 3224 2704 3276 te
2732 3225 3082 3276 venerantur
3113 3239 3128 3277 :
3157 3219 3333 3276 stellae
3363 3218 3673 3291 splendore

2029 3324 2136 3363 suo
2169 3311 2223 3363 te
2255 3308 2573 3379 praedicant
2606 3327 2620 3365 :
2653 3309 2912 3366 tonitrua
2957 3310 3117 3366 sonis
3161 3309 3284 3365 suis
3334 3312 3569 3379 terrent,
3601 3309 3674 3363 ad

2030 3397 2374 3452 mandatum
2406 3401 2576 3452 tuum
2624 3415 2637 3453 :
2689 3403 2884 3454 motus
2929 3399 2988 3454 in
3030 3415 3161 3454 aere
3190 3399 3463 3453 virtutem
3511 3400 3677 3453 tuam

2029 3483 2367 3555 signiﬁcant
2399 3504 2412 3541 :
2445 3503 2609 3558 aqua;
2640 3487 2700 3542 in
2730 3488 2989 3543 nubibus
3032 3491 3179 3542 nutu
3210 3491 3311 3542 tuo
3340 3489 3629 3556 coguntur
3661 3503 3675 3541 :

263 3572 362 3629 ctis
390 3580 738 3631 sanctorum
774 3577 1019 3633 excelsis
1050 3577 1304 3650 habitas,
1345 3578 1406 3634 in
1438 3559 1658 3634 secreto
1688 3578 1917 3633 habita-
1949 3559 1991 3626 (ἶ
2031 3577 2185 3629 terra
2210 3579 2279 3629 el:
2308 3591 2672 3647 quaecunque
2702 3594 2879 3649 super
2907 3594 3035 3633 eam
3060 3580 3218 3643 sunt,
3257 3593 3291 3631 a
3318 3579 3374 3630 te
3399 3575 3675 3647 pendent,

265 3661 404 3733 culo,
437 3666 604 3737 quod
636 3666 914 3722 manibus
944 3666 1164 3722 factum
1225 3684 1339 3723 non
1373 3672 1482 3734 est,
1515 3685 1695 3739 supra
1740 3666 1914 3723 ccelos

268 3751 568 3819 ccelorum,
602 3760 660 3810 et
686 3771 866 3826 supra
896 3755 1142 3827 quiquid
1176 3756 1449 3828 superius
1479 3755 1596 3811 illis
1636 3759 1760 3822 est;
1813 3755 1914 3828 qui

269 3839 522 3899 destruis
553 3859 790 3898 omnem
822 3843 1192 3900 altitudinem
1241 3845 1584 3917 passionum
1635 3843 1915 3900 extollen-

268 3931 376 3984 tem
406 3948 467 3987 se
501 3932 788 3987 adversus
819 3933 1123 3988 scientiam
1176 3937 1361 4000 tuam,
1397 3938 1452 3990 et
1500 3934 1758 4004 captivas
1788 3950 1912 3989 om-

272 4031 392 4073 nem
442 4020 801 4093 cogitionem
835 4022 905 4075 ad
955 4022 1206 4076 formam
1255 4022 1607 4078 humilitatis
1653 4026 1709 4078 et
1754 4022 1914 4077 adni-

270 4102 567 4163 bilationis
598 4113 731 4164 tuas.
782 4110 867 4164 Tu
908 4110 1267 4178 beatissime,
1315 4115 1370 4167 et
1418 4112 1577 4167 dives
1625 4112 1913 4166 donorum

272 4194 637 4267 sublimium,
670 4199 864 4269 aspice
896 4214 1002 4253 nos
1051 4216 1080 4254 e
1132 4198 1293 4255 cmlis
1324 4201 1443 4256 tuis
1474 4200 1829 4259 sublimibus
1858 4206 1915 4255 et

270 4281 608 4357 splendidis,
641 4290 698 4341 et
729 4301 797 4341 ex
829 4286 1189 4343 habitatione
1218 4289 1381 4360 regni
1411 4290 1499 4344 tui
1528 4290 1914 4345 azterni.Mitte

268 4371 423 4429 nobis
453 4375 613 4430 dona
641 4375 842 4447 gratiis
865 4380 976 4430 tum
1001 4376 1231 4448 divinae,
1266 4378 1753 4433 inhabitationem
1785 4378 1911 4450 Spi-

272 4460 413 4518 ritus
442 4463 534 4518 tui
564 4464 751 4520 sancti
795 4464 935 4536 quia
976 4469 1041 4520 tu
1089 4466 1249 4522 dives
1290 4467 1822 4522 misericordiarum
1854 4472 1913 4522 et

276 4553 615 4624 magniﬁcus
646 4553 705 4608 in
728 4553 899 4610 donis
928 4559 986 4610 et
1015 4554 1395 4626 amplissima:
1426 4554 1910 4624 clementiae,tihi-

279 4652 380 4708 que
407 4641 656 4715 gloriam
705 4646 761 4698 et
791 4642 1113 4716 gratiarum
1163 4644 1450 4700 actionem
1483 4643 1805 4717 oﬁ'erimus,
1855 4649 1913 4699 et

280 4727 571 4801 unigenito
603 4730 748 4787 Filio
775 4735 898 4803 tuo,
929 4736 1039 4788 etc.

341 4818 598 4890 Populus.
629 4821 831 4876 Amen.

341 4898 616 4997 Sacerdos.
648 4900 893 4997 Domine
926 4902 1074 4957 Deus
1102 4903 1455 4997 potens,_qui
1483 4903 1644 4997 vides
1674 4905 1914 4997 abscon-
1944 4933 1991 4997 D

282 4982 409 5055 dita,
441 4992 500 5043 et
530 4989 727 5044 futura
772 4989 949 5045 etiam
992 4995 1285 5061 penetras,
1333 4992 1463 5047 fons
1511 4993 1639 5047 vitaa
1670 4998 1726 5048 et
1755 4993 1914 5065 origo

282 5069 439 5131 beata
458 5076 844 5133 beatitudinis
864 5083 921 5133 et
940 5078 1214 5134 bonitatis
1244 5097 1257 5147 ;
1292 5079 1531 5152 largitor
1561 5081 1916 5153 puritatis,et

284 5174 313 5213 ἃ
342 5178 451 5234 quo
482 5165 762 5221 sanctitas
793 5166 970 5223 habet
1001 5168 1284 5240 originem
1310 5187 1323 5236 ;
1374 5169 1688 5226 thesaurus
1718 5188 1913 5226 rerum

282 5254 741 5323 pretiosarum,et
770 5256 902 5312 fons
931 5257 1226 5329 sapientiae
1248 5276 1268 5313 :
1292 5262 1456 5330 pater
1485 5258 1634 5315 lucis
1666 5264 1912 5331 aeternae,

284 5352 397 5408 quae
453 5347 543 5399 est
594 5348 727 5399 ante
776 5346 975 5402 omnia
1021 5346 1234 5402 saecula
1284 5347 1341 5402 in
1396 5353 1451 5404 te
1502 5349 1912 5417 essentialiter,

282 5431 507 5500 aequalis
538 5433 800 5504 potentia
830 5440 886 5490 et
916 5434 1124 5508 gloria.
1147 5440 1223 5491 Te
1253 5437 1637 5508 deprecamur
1666 5440 1913 5495 sanctis-

285 5516 415 5575 sime
464 5521 725 5590 Domine,
796 5524 1095 5580 sanctiﬁca
1142 5530 1367 5582 mentes
1424 5532 1479 5581 et
1536 5528 1915 5600 cogitationes

288 5610 532 5666 omnium
558 5614 849 5683 nostrum,
884 5616 1106 5671 munda
1135 5616 1364 5671 animas
1395 5622 1452 5671 et
1498 5633 1741 5689 corpora
1787 5634 1913 5673 om-

286 5692 435 5757 nium
466 5704 755 5774 nostrum,
798 5702 1026 5762 refrena
1066 5702 1560 5765 inordinationem
1613 5706 1917 5779 cogitatio-

2026 3664 2204 3732 atque
2234 3679 2268 3716 a
2298 3665 2355 3717 te
2385 3667 2794 3719 sustentantur
2826 3683 2838 3720 :
2875 3670 3098 3720 naturas
3128 3663 3460 3731 rationales,
3494 3666 3553 3718 et
3582 3680 3674 3718 ra-

2024 3750 2181 3805 tione
2213 3756 2497 3819 carentes,
2530 3751 2646 3808 illae
2699 3770 2828 3825 quae
2870 3753 3275 3826 intelligentia,
3308 3756 3365 3808 et
3394 3769 3520 3825 quae
3551 3752 3675 3808 solo

2025 3855 2200 3894 sensu
2234 3841 2489 3911 praeditas
2522 3846 2793 3915 sunt,per
2813 3847 2868 3899 te
2896 3843 3179 3914 vivunt,et
3208 3842 3476 3915 potestati
3509 3842 3675 3914 regni

2024 3928 2109 3982 tui
2141 3928 2441 3985 obediunt.
2475 3932 2688 4003 Habes,
2722 3932 2989 3997 Domine,
3048 3932 3108 3987 in
3148 3931 3288 3988 coelo
3320 3930 3420 3986 illo
3450 3930 3674 3986 excelso

2023 4018 2175 4088 quod
2209 4022 2299 4073 est
2328 4018 2648 4075 scabellum
2679 4021 2790 4076 sub
2813 4020 3062 4092 pedibus
3092 4021 3231 4088 tuis,
3268 4020 3568 4076 ministros
3591 4020 3680 4074 in-

2024 4106 2504 4171 numerabiles,et
2529 4108 2826 4164 inﬁnitum
2856 4125 3168 4164 numerum
3201 4109 3570 4165 laudantium
3596 4112 3680 4177 te,

2024 4195 2125 4267 qui
2148 4195 2218 4250 in
2252 4196 2590 4267 regionibus
2622 4198 2876 4252 materiae
2899 4199 3257 4270 expertibus,
3294 4198 3453 4254 laudi
3486 4199 3668 4268 maje-

2023 4284 2161 4339 tatis
2191 4289 2325 4351 tuae,
2359 4290 2415 4339 et
2444 4286 2769 4341 ministerio
2800 4291 2900 4342 tuo
2946 4286 3050 4342 toti
3095 4286 3307 4342 addicti
3352 4290 3510 4354 sunt,
3541 4303 3670 4358 per-

2024 4390 2201 4429 sonas
2233 4374 2610 4447 scilicet,qum
2641 4392 2709 4430 ex
2749 4375 2883 4447 igne
2912 4380 2969 4431 et
3000 4376 3211 4448 spiritu
3242 4381 3444 4431 creatae
3476 4380 3615 4432 sunt
3648 4392 3663 4430 :

2024 4478 2154 4533 qua:
2180 4462 2425 4519 canticis
2455 4465 2721 4518 omnium
2740 4466 2978 4521 musicae
3002 4464 3514 4538 generum,laudes
3536 4469 3668 4520 tuas

2022 4567 2157 4605 cum
2188 4549 2439 4606 clamore
2469 4551 2783 4622 celebrant,
2832 4552 3054 4609 milleni
3100 4558 3157 4609 et
3205 4554 3396 4611 decies
3428 4552 3671 4621 milleni,

2026 4640 2127 4710 qui
2158 4640 2231 4695 ab
2272 4644 2485 4695 interno
2539 4641 2764 4696 fructus
2811 4641 3164 4699 laudationis
3221 4642 3326 4697 tibi
3381 4642 3671 4711 deferunt,

2023 4728 2264 4801 agmina
2292 4734 2348 4783 et
2378 4729 2612 4785 ordines
2644 4729 3040 4802 spiritualium
3072 4730 3132 4786 in
3155 4747 3292 4787 suos
3318 4729 3551 4785 ordines
3582 4729 3672 4785 di-

2023 4817 2433 4889 stributorum,
2469 4818 2571 4889 qui
2619 4818 2869 4891 hymnos
2894 4820 3190 4891 jucundos
3218 4819 3325 4873 tibi
3374 4820 3626 4875 offerunt
3655 4845 3669 4876 :

2022 4910 2205 4961 coetus
2235 4905 2601 4979 angelorum,
2633 4908 2987 4979 ordinesque
3016 4907 3523 4980 archangelorum,
3572 4907 3672 4979 qui

2023 4994 2129 5049 tibi
2163 4995 2265 5048 uni
2298 4995 2414 5050 Deo
2446 4995 2680 5052 laudem
2730 5014 2934 5052 novam
2967 5003 3024 5052 et
3058 4997 3485 5053 indesinentem
3529 4997 3670 5052 refe-

2023 5087 2163 5138 runt
2195 5100 2208 5137 :
2244 5084 2461 5139 Throni
2486 5089 2544 5139 et
2569 5084 3005 5142 Dominationes
3026 5086 3083 5140 in
3108 5086 3448 5142 ﬁrmissima
3476 5091 3532 5140 et
3553 5101 3669 5140 non

2022 5172 2403 5244 perturbabili
2420 5175 2730 5229 securitate
2761 5175 3191 5247 constituti,qui
3212 5174 3438 5231 cantica
3458 5174 3673 5229 trium-

2025 5259 2223 5330 phalia
2250 5262 2569 5317 concinunt
2592 5263 3095 5335 tibi,summopere
3124 5261 3673 5319 timendo.Archan-

2024 5350 2137 5421 geli
2172 5350 2223 5405 ei
2254 5351 2522 5418 virtutes,
2554 5350 3465 5424 Potestatumqueprincipes,qui
3488 5350 3674 5422 gloria

2026 5439 2390 5494 Thronorum
2426 5444 2801 5508 exornantur,
2827 5441 3140 5512 laudesque
3170 5446 3226 5496 et
3255 5439 3517 5495 encomia
3546 5439 3670 5512 dig-

2026 5527 2271 5582 nissima
2292 5532 2466 5598 prout
2486 5529 2649 5584 decet
2671 5529 2931 5602 dirigunt
2946 5532 3015 5585 ad
3039 5531 3274 5584 inﬁmos
3296 5529 3514 5600 gradus
3534 5528 3667 5584 solii

2022 5615 2506 5687 tui.Principatus
2526 5617 2861 5689 spirituales
2888 5619 2985 5690 qui
3010 5634 3201 5674 coram
3224 5622 3280 5674 te
3301 5634 3434 5673 cum
3454 5616 3665 5674 timore

2024 5705 2375 5773 consistunt,
2426 5705 2827 5766 indesinenter
2874 5706 3243 5765 sanctiﬁcant
3284 5706 3505 5765 tonitru
3536 5723 3667 5765 san-
