4094 6202
264 306 382 372 807

1089 310 1152 372 S.
1199 311 1640 374 CLEMENTIS
1686 313 1709 374 Ι
1755 309 1944 378 ROM.
1990 310 2221 376 PONT.
2267 309 2530 374 OPERA
2572 308 2835 374 DUBIA.

3549 303 3673 380 608

263 443 456 498 citatis
485 447 616 498 tuae.
650 443 865 501 Currus
915 444 1122 518 igneus
1165 445 1503 503 animalium
1539 446 1904 520 quadruplici
1935 449 1988 514 Α
2093 447 2352 517 Populus.
2385 447 2586 499 Amen.

264 534 407 590 facie
436 534 866 602 distinctorum,
901 536 1503 609 similitudinibusque
1533 539 1774 595 diversis
1807 541 1902 594 do-

263 641 472 678 norum
503 625 698 696 glorise
731 626 1112 695 diversorum,
1149 628 1411 682 decorem
1463 629 1622 700 regni
1665 630 1748 683 tui
1781 629 1900 683 cla-

270 717 464 768 mant:
489 714 725 784 agmina
748 715 1056 770 Cherubim
1079 716 1279 772 multis
1299 716 1480 771 oculis
1504 718 1898 788 praeditorum,

266 801 326 856 in
355 802 637 857 circulum
668 820 834 858 voces
874 805 1291 859 benedictionis
1327 805 1381 858 in
1415 807 1706 875 regionem
1740 811 1899 860 tuam

272 891 672 947 absconditam
706 893 990 947 extollunt
1021 911 1032 947 :
1067 894 1371 964 Seraphim
1424 895 1624 949 multis
1655 895 1764 950 alis
1810 895 1898 948 in-

271 981 602 1052 structi,qui
636 982 809 1036 facies
837 999 974 1037 suas
1007 982 1213 1037 iisdem
1247 982 1351 1037 alis
1383 984 1505 1038 suis
1529 989 1840 1054 protegunt
1870 1001 1903 1040 a

271 1070 576 1142 splendore
608 1075 726 1142 tuo,
783 1075 838 1126 et
870 1073 1042 1143 pedes
1073 1089 1210 1127 suos
1255 1073 1462 1144 pennis
1515 1090 1746 1144 quoque
1777 1073 1901 1128 suis

261 1163 489 1231 tegunt,
523 1164 585 1213 ut
614 1177 725 1215 non
759 1162 1080 1216 adurantur
1109 1163 1179 1216 ab
1211 1162 1415 1217 ardore
1443 1162 1595 1233 ignis
1624 1163 1708 1217 tui
1744 1163 1900 1217 inac-

262 1248 574 1314 cessibilis,
609 1254 663 1303 et
689 1248 948 1305 volantes
1002 1252 1389 1323 undequaque
1419 1252 1681 1314 laudant,
1725 1256 1781 1306 et
1829 1252 1899 1306 ad

262 1336 609 1392 alterutrum
661 1339 768 1393 alis
821 1339 1163 1410 plaudentes
1222 1341 1592 1406 benedicunt,
1646 1345 1701 1395 et
1759 1341 1904 1395 alter

263 1425 427 1480 alteri
451 1428 793 1482 conformati
817 1427 1166 1499 gloriﬁcent:
1194 1436 1249 1484 et
1269 1447 1420 1484 unus
1443 1431 1512 1484 ab
1537 1429 1711 1484 altero
1734 1429 1901 1500 hym-

266 1531 409 1568 num
440 1515 844 1586 suscipientes,
895 1518 1094 1572 oribus
1123 1518 1327 1590 igneis,
1372 1517 1704 1590 linguisque
1738 1518 1902 1572 flam-

267 1603 436 1668 meis,
464 1621 581 1659 una
610 1622 746 1660 voce
769 1605 1068 1676 triplicata;
1122 1607 1599 1663 sanctificationis
1639 1607 1900 1674 laudant,

267 1692 543 1760 clamant,
576 1695 984 1760 vociferantur,
1018 1701 1074 1750 et
1104 1695 1323 1751 dicunt.

333 1784 592 1853 Populus.
629 1784 896 1849 Sanctus,
923 1789 1180 1850 sanctus,
1214 1789 1473 1840 sanctus.

337 1890 597 1944 Sacerdos
628 1892 944 1945 inclinatus.
979 1892 1227 1946 Sanctus
1269 1908 1329 1947 es
1355 1893 1509 1948 Deus
1549 1893 1732 1958 Pater,
1768 1910 1900 1947 san-

266 1984 392 2034 ctus
424 1996 485 2034 es
521 1981 667 2034 Deus
701 1979 830 2047 Fili,
863 1986 1100 2036 sanctus
1149 1999 1209 2036 es
1239 1983 1489 2054 Spiritus
1522 1987 1741 2048 sancte,
1775 1983 1901 2037 Tri-

265 2068 418 2123 nitas
450 2072 649 2123 sancta
697 2073 754 2124 et
806 2069 1072 2140 indivisa,
1107 2088 1260 2127 unus
1291 2072 1444 2126 Deus
1474 2071 1634 2126 solus
1679 2077 1734 2126 et
1765 2089 1903 2126 san-

267 2161 394 2212 ctus
424 2173 505 2224 es,
530 2158 588 2213 in
626 2163 867 2213 natura:
895 2160 994 2230 qui
1019 2160 1076 2214 in
1109 2160 1375 2215 Personis
1400 2160 1589 2216 tribus
1621 2161 1901 2226 adoraris,

271 2250 327 2301 et
355 2246 412 2300 in
445 2249 668 2301 unitate
699 2248 1038 2302 substantias
1061 2248 1424 2318 gloriﬁcaris.
1457 2251 1515 2304 In
1549 2249 1905 2318 quibuscun-

270 2351 384 2406 que
413 2335 556 2392 locis
587 2341 643 2391 et
675 2337 877 2391 mundi
910 2338 1192 2408 partibus,
1225 2355 1338 2393 non
1372 2339 1674 2392 sufﬁciunt
1705 2339 1773 2391 ad
1806 2355 1900 2392 ex-

264 2423 581 2480 tollendam
612 2423 885 2478 virtutem
937 2427 1261 2496 majestatis
1292 2431 1422 2480 tute.
1457 2427 1564 2491 Qui
1598 2426 1899 2496 plasmasti

260 2512 560 2568 hominem
595 2514 666 2568 ad
700 2514 1014 2580 imaginem
1051 2515 1377 2583 majestatis
1424 2519 1554 2579 ture,
1590 2515 1901 2570 rationem-

261 2602 494 2674 queipsi
518 2603 676 2657 indid
691 2603 1336 2674 isti,praascripsistique
1356 2609 1634 2675 tanquam
1654 2604 1902 2658 limitem

259 2709 294 2746 a
325 2691 568 2746 Domino
599 2692 1007 2758 constitutum,
1037 2709 1106 2746 ne
1135 2697 1484 2764 praeceptum
1518 2699 1685 2747 tuum
1718 2697 1902 2746 trans-

261 2781 629 2850 grederetur:
656 2780 754 2850 qui
786 2797 919 2835 cum
953 2787 1225 2847 errasset,
1246 2781 1809 2852 contempsissetque
1829 2781 1904 2835 le-

260 2883 392 2939 gem
413 2869 954 2932 tuam,sententiam
981 2871 1183 2924 mortis
1205 2870 1529 2940 incurrit,et
1549 2870 1606 2924 in
1633 2869 1900 2924 exsilium

257 2955 618 3011 inﬁrmitatis
651 2957 932 3028 depulsus
963 2964 1068 3014 est.
1094 2961 1178 3016 Tu
1210 2977 1341 3016 vero
1373 2964 1596 3014 creator
1619 2961 1767 3029 ejus,
1802 2961 1898 3012 bo-

258 3061 371 3099 nus
398 3050 454 3100 et
485 3045 833 3112 misericors,
869 3065 983 3102 non
1017 3048 1279 3118 abjecisti
1312 3065 1511 3102 curam
1543 3050 1691 3119 ejus,
1725 3065 1899 3118 quam

259 3133 536 3202 habebas,
571 3137 669 3190 sed
704 3136 900 3191 omnia
931 3138 1001 3191 ad
1035 3136 1282 3191 salutem
1316 3139 1443 3207 ejus
1473 3137 1805 3206 instituisti,
1837 3153 1902 3192 eo

259 3238 447 3292 usque
469 3227 534 3278 ut
550 3223 758 3278 Filium
778 3229 944 3279 tuum
969 3230 1246 3280 aaternum
1267 3230 1323 3280 et
1344 3225 1710 3294 unigenitum
1733 3231 1901 3280 tuum
1934 3188 1975 3255 Ο

265 3311 498 3367 miseris
530 3311 590 3366 in
622 3313 934 3380 mundum,
966 3313 1064 3384 qui
1089 3314 1583 3384 dispensationem
1617 3330 1784 3370 suam
1817 3330 1904 3368 sa-

265 3398 520 3456 lutarem
552 3405 790 3473 propter
819 3418 952 3457 eum
983 3401 1249 3472 explevit.

333 3508 566 3563 Elevans
595 3524 794 3564 vocem.
845 3512 986 3563 Cum
1018 3524 1153 3580 ergo
1202 3512 1441 3580 paratus
1486 3513 1659 3576 esset;
1695 3525 1906 3564 secun—

267 3595 411 3650 dum
441 3595 800 3650 voluntatem
835 3612 1002 3650 suam
1033 3597 1104 3650 ad
1137 3597 1458 3668 gustandas
1493 3597 1813 3667 passiones,
1834 3598 1905 3652 ad

265 3684 698 3738 ascendendum
732 3685 788 3738 in
822 3700 1051 3739 crucem
1083 3689 1140 3739 et
1171 3685 1520 3756 patibulum,
1545 3691 1909 3757 mortemque

270 3773 636 3827 subeundam
671 3789 771 3844 pro
801 3773 917 3828 vita
947 3773 1125 3827 totius
1158 3774 1386 3838 mundi,
1429 3790 1496 3828 ea
1525 3791 1764 3843 vespera
1795 3791 1910 3844 qua

269 3861 835 3916 consummationem
868 3862 1362 3934 mysteriorum,et
1392 3862 1747 3916 mirabilium
1783 3878 1908 3933 per-

277 3949 645 4021 fecit,panem
670 3951 892 4020 accepit
923 3951 980 4004 in
1013 3967 1244 4005 mamus
1275 3968 1414 4006 suas
1445 3969 1622 4022 puras
1653 3956 1906 4018 sanctas,

271 4041 328 4092 et
355 4039 575 4109 gratias
604 4054 783 4109 agens
807 4043 859 4109 t,
892 4039 1205 4104 benedixit,
1239 4045 1267 4104 ῒ
1301 4038 1698 4109 sanctiﬁcavit,
1737 4044 1762 4105 τι
1799 4039 1909 4094 fre-

273 4124 378 4196 git,
413 4126 688 4197 deditque
719 4127 964 4182 initiatis
994 4128 1103 4182 hoc
1134 4129 1262 4197 ejus
1301 4129 1596 4199 mysterio,
1631 4127 1910 4198 apostolis

272 4213 491 4269 sanctis
522 4215 720 4270 dicens
753 4233 765 4270 :
801 4217 1080 4287 Accipite,
1112 4223 1168 4272 et
1197 4218 1543 4272 manducate
1573 4234 1639 4272 ex
1669 4233 1753 4287 eo,
1776 4217 1912 4288 quia

271 4307 389 4358 Hoc
420 4308 509 4358 est
538 4320 750 4375 corpus
782 4321 998 4371 meum,
1025 4305 1177 4376 quod
1210 4323 1312 4376 pro
1344 4305 1508 4360 vobis
1540 4305 1826 4378 frangitur
1857 4310 1912 4360 et

275 4392 468 4461 datur,
513 4392 582 4445 ad
635 4392 862 4446 veniam
911 4393 1171 4448 omnium
1221 4392 1478 4448 ﬁdelium
1525 4393 1910 4464 plurimorum

273 4497 375 4551 pro
407 4481 621 4550 quibus
651 4481 1007 4548 immolatur,
1041 4487 1098 4536 et
1126 4482 1421 4548 dividitur,
1456 4483 1524 4536 ad
1560 4483 1914 4554 prepitiatio-

2083 553 2359 608 Sacerdos.
2395 552 2632 616 Quando
2673 554 2866 606 autem
2901 549 3036 605 huic
3078 545 3216 620 pani
3257 546 3666 603 communica-

2011 642 2168 712 bitis,
2205 648 2260 696 et
2291 641 2528 696 calicem
2561 641 2718 694 hunc
2750 640 2874 694 vitae
2901 638 3661 709 usurpabitis,commemo-

2012 733 2293 788 rationem
2326 730 2530 784 mortis
2550 745 2689 783 meae
2716 727 3431 798 facietis,memoriamque
3462 742 3664 781 resur-

2010 821 2280 877 rectionis
2313 835 2452 873 meae
2486 818 2799 890 perﬁcietis
2825 818 3008 872 donec
3034 815 3286 870 veniam.

2078 929 2338 999 Populus.
2384 927 2585 982 Mortis
2638 930 2770 991 tuze,
2825 925 3086 991 Domine,
3139 922 3479 978 memoriam
3530 923 3660 994 agi-

2012 1035 2164 1072 IDUS.

2079 1107 2333 1162 Sacerdos
2363 1107 2578 1161 elevans
2608 1121 2808 1160 vocem.
2839 1101 3017 1158 Oculo
3054 1100 3431 1156 intellectuali
3463 1100 3660 1156 cordis

2011 1196 2397 1250 describimus
2417 1195 2717 1266 periodum
2737 1190 3196 1264 dispensationis
3218 1194 3331 1245 tuae
3351 1190 3663 1262 sapientis-

2010 1286 2190 1354 sime),
2211 1285 2432 1339 Christe
2463 1284 2705 1339 Domine
2737 1288 2951 1349 noster,
2973 1285 3029 1337 et
3058 1297 3126 1336 ea
3156 1279 3355 1336 omnia
3383 1297 3505 1349 quae
3527 1296 3664 1351 ope-

2011 1378 2173 1429 ratus
2221 1391 2282 1428 es
2333 1390 2432 1445 per
2479 1373 2940 1428 incarnationem
2991 1377 3157 1426 tuam
3199 1369 3518 1426 salutarem
3551 1386 3658 1440 pro

2011 1463 2200 1520 salute
2225 1467 2974 1529 nostra,commemoramus
2997 1478 3007 1514 :
3033 1459 3470 1532 generationem
3495 1463 3662 1514 tuam

2012 1569 2079 1608 ex
2110 1554 2275 1607 Patre
2305 1551 2644 1607 abscondito
2683 1569 2694 1604 :
2729 1551 3087 1605 nativitatem
3119 1553 3281 1604 tuam
3325 1565 3392 1603 ex
3423 1546 3664 1620 Virgine

2011 1641 2474 1713 inexplicabilem
2525 1659 2536 1695 :
2589 1645 2782 1695 ortum
2814 1644 2982 1693 tuum
3013 1637 3293 1693 eximium
3335 1641 3390 1692 et
3420 1635 3660 1708 praecla-

2011 1748 2140 1785 rum
2175 1748 2186 1784 :
2224 1729 2598 1784 elevationem
2631 1733 2793 1783 tuam
2827 1729 2884 1782 in
2917 1744 3084 1782 cruce
3113 1726 3428 1782 salutarem
3470 1730 3526 1779 et
3554 1725 3660 1780 ad-

1933 1818 1979 1882 B
2010 1820 2336 1875 mirandam
2365 1838 2376 1874 :
2402 1820 2715 1874 adventum
2741 1823 2906 1873 tuum
2931 1817 3150 1872 mundo
3168 1815 3343 1870 vitam
3377 1818 3660 1886 praestan-

2011 1913 2149 1974 tem,
2175 1908 2578 1962 excitationem
2612 1907 3036 1978 tuamﬁplenam
3061 1903 3340 1960 miraculo
3366 1921 3379 1958 :
3408 1920 3659 1958 resurre-

2012 1988 2263 2052 ctionem
2295 2002 2454 2051 tuam
2495 1995 3188 2067 gloriosam,plenamque
3217 1993 3376 2048 omni
3405 1992 3617 2064 gaudio
3642 2007 3656 2047 :

2013 2085 2394 2141 elevationem
2442 2089 2605 2140 tuam
2654 2086 2713 2138 in
2748 2081 3021 2138 sublimia
3073 2101 3084 2138 :
3139 2080 3664 2151 excellentiamque

2013 2175 2292 2231 sessionis
2323 2180 2433 2229 tuae
2466 2175 2538 2228 ad
2568 2175 2865 2229 dexteram
2897 2171 3176 2244 genitoris
3207 2170 3292 2225 tui
3319 2187 3332 2236 ;
3381 2174 3666 2241 praeterea

2013 2263 2188 2318 etiam
2222 2263 2629 2318 revelationem
2679 2262 2842 2333 regni
2884 2262 2969 2316 tui
2999 2259 3258 2332 gloriosi,
3304 2275 3429 2330 quae
3463 2259 3665 2312 futura

2012 2358 2100 2408 est
2129 2351 2185 2406 in
2220 2353 2466 2406 adventu
2491 2357 2590 2406 tuo
2622 2350 2880 2406 secundo
2917 2368 2928 2404 :
2962 2349 3197 2421 quando
3222 2353 3286 2403 tu
3315 2363 3448 2402 cum
3474 2346 3666 2417 gloria

2012 2439 2289 2495 inetl‘abili
2323 2440 2669 2507 exoriens,et
2701 2441 2757 2494 in
2786 2439 2975 2494 turbis
2996 2437 3182 2511 igneis
3214 2436 3668 2509 legionibusque

2014 2529 2297 2584 flammeis
2312 2529 3108 2599 circumgestatus,tanquam
3122 2525 3665 2598 fulgurtimendum

2013 2623 2068 2673 et
2098 2617 2456 2683 validum,ex
2479 2617 2714 2672 sublimi
2740 2616 2937 2687 gloriae
2959 2622 3073 2672 tuae
3104 2615 3368 2687 prodibis
3392 2631 3404 2668 :
3428 2613 3665 2684 quando

2012 2711 2302 2761 statuetur
2321 2706 2530 2761 solium
2555 2705 2813 2760 terribile
2837 2705 3245 2776 majestatis,et
3264 2705 3433 2760 sedes
3459 2702 3668 2758 electis

2011 2798 2126 2851 tuis
2159 2795 2595 2851 collocabantur
2630 2811 2642 2848 :
2678 2795 2910 2865 quando
2935 2793 3133 2865 populi
3157 2799 3215 2848 et
3245 2792 3508 2848 nationes
3530 2809 3669 2846 con-

2011 2886 2495 2958 gregabuntur,et
2523 2885 2593 2938 ad
2627 2884 2819 2938 locum
2845 2883 3057 2955 judicii
3082 2883 3457 2947 sistentur,ut
3478 2881 3671 2936 susci-

2012 2976 2131 3046 piat
2163 2973 2571 3044 unusquisque
2597 2973 2918 3027 secundum
2951 2989 3098 3044 opus
3123 2988 3297 3026 suum
3334 2988 3346 3026 :
3383 2976 3554 3040 atque
3581 2986 3670 3025 re-

2013 3063 2304 3119 tribuetur
2317 3063 2632 3134 unicuique
2646 3062 2971 3116 secundum
2987 3060 3243 3116 actiones
3257 3059 3667 3132 suas,quando

2016 3153 2146 3208 libri
2179 3153 2530 3224 aperientur,
2563 3157 2619 3206 et
2648 3168 2844 3222 opera,
2874 3151 3050 3205 verba
3082 3155 3140 3205 et
3170 3150 3428 3204 actiones
3460 3149 3667 3204 discu-

2014 3243 2234 3297 tientur
2267 3258 2279 3294 :
2316 3241 2550 3312 quando
2579 3240 2980 3294 recitabuntur
3001 3238 3267 3306 crimina,
3292 3242 3349 3293 et
3379 3243 3671 3307 tanquam

2015 3329 2099 3386 sol
2129 3329 2493 3401 splendidus,
2527 3327 2717 3399 palam
2752 3329 2890 3382 ﬁent
2915 3327 3281 3396 abscondita,
3300 3325 3627 3381 clarissime
3656 3342 3678 3382 :

2015 3417 2247 3490 quando
2279 3433 2438 3471 mare
2460 3416 2613 3488 ignis
2668 3416 3004 3486 exundabit,
3038 3415 3424 3487 azstuabitque
3466 3414 3675 3470 fumus

2016 3506 2850 3577 ﬂammarum,descendetque
2873 3505 3084 3560 fluvius
3106 3505 3260 3576 ignis
3278 3505 3561 3573 ardentis,
3594 3503 3674 3558 ad

2016 3595 2440 3669 probationem,
2464 3599 2520 3649 et
2551 3611 2790 3649 examen
2820 3595 3010 3648 omnis
3039 3594 3230 3649 carnis
3256 3612 3269 3661 ;
3307 3593 3534 3666 quando
3564 3609 3674 3648 an-

2017 3685 2221 3757 gustiae
2235 3683 2620 3739 amarissima
2638 3687 2807 3738 erunt
2820 3682 2898 3737 ini
2911 3683 3063 3754 quis:
3086 3687 3142 3738 et
3158 3687 3480 3754 praeparata
3495 3685 3679 3736 erunt

2016 3776 2170 3830 bona
2183 3778 2238 3828 et
2252 3771 2919 3842 deliciaejustiszquando
2936 3771 3336 3826 misericordia
3349 3772 3670 3838 auferetur,

2019 3869 2075 3917 et
2092 3862 2254 3933 impii
2268 3862 2570 3916 tradentur
2587 3859 3067 3931 gehenna,atque
3086 3860 3162 3930 pii
3181 3861 3358 3915 vitam
3383 3875 3589 3914 novam
3606 3859 3671 3913 in

2019 3959 2296 4005 aaternum
2331 3949 3027 4013 hareditabuntﬂuando
3049 3965 3156 4003 vox
3181 3948 3374 4004 valida
3394 3948 3674 4004 audietur

2018 4056 2142 4109 qua:
2175 4044 2394 4108 partem
2427 4053 2603 4092 unam
2619 4037 2692 4091 ab
2714 4037 2898 4093 altera
2919 4037 3671 4110 separabit,transferetque

2019 4143 2202 4198 agnos
2233 4127 2304 4182 ad
2336 4127 2654 4193 dexteram,
2697 4130 2754 4181 et
2783 4126 2978 4182 haedos
3010 4126 3082 4181 ad
3109 4127 3430 4182 sinistram.
3456 4127 3532 4182 Te
3563 4127 3667 4181 de-

2019 4232 2327 4287 precamur
2375 4215 2611 4288 plenum
2662 4216 3084 4285 misericordia,
3117 4215 3376 4286 Domine,
3432 4215 3489 4269 in
3521 4215 3672 4271 hora

2019 4304 2120 4359 illa
2159 4306 2503 4371 decretoria,
2555 4303 2878 4376 multiplica
2915 4304 3285 4360 clementiam
3335 4309 3498 4360 tuam
3529 4320 3673 4376 erga

2023 4395 2356 4448 adoratores
2389 4398 2540 4461 tuos,
2564 4393 2620 4448 in
2650 4398 2908 4464 tempore
2937 4392 3034 4449 illo
3068 4392 3399 4464 terribili,et
3419 4392 3671 4448 tristitia:

2023 4482 2212 4554 pleno.
2248 4483 2541 4553 Propitius
2572 4486 2694 4537 esto
2743 4498 2880 4554 erga
2928 4482 3157 4538 animas
3205 4499 3507 4538 servorum
3537 4487 3671 4537 tuo-

271 4585 406 4624 nem
438 4569 804 4636 delictorum,
826 4571 1226 4626 remissionem
1260 4576 1627 4642 peccatorum
1658 4577 1714 4626 et
1735 4572 1913 4626 vitam
1945 4560 1992 4624 D
2023 4589 2153 4626 rum
2180 4589 2192 4639 ;
2222 4571 2279 4624 in
2314 4571 2457 4625 hora
2486 4571 2586 4626 illa
2615 4572 2873 4638 terroris,
2921 4571 3154 4626 effunde
3206 4571 3673 4626 misericordiam

271 4665 566 4714 aeternam.

343 4749 609 4817 Populus.
640 4750 844 4803 Amen.

345 4837 622 4891 Sacerdos.
658 4841 796 4892 Post
826 4853 1050 4893 caenam
1100 4837 1264 4894 illam
1310 4839 1640 4910 mysticam,
1674 4839 1912 4894 miscuit

276 4925 512 4980 calicem
543 4926 669 4980 vitae
703 4942 770 4980 ex
800 4927 933 4981 vino
965 4931 1021 4982 et
1043 4944 1194 4998 aqua
1229 4945 1240 4982 :
1276 4934 1332 4983 et
1355 4930 1425 4983 ad
1461 4929 1695 4996 te,Deus
1726 4934 1908 5000 pater,

275 5013 474 5069 oculos
505 5013 756 5082 elevans,
791 5015 1010 5086 gratias
1053 5017 1187 5088 egit,
1227 5023 1253 5083 ψ
1286 5018 1597 5088 benedixit,
1632 5024 1660 5085 1’
1696 5018 1909 5074 sancti-

275 5103 486 5168 ﬁcavit,
523 5108 550 5171 ’τ
586 5109 642 5158 et
672 5105 830 5158 dedit
856 5104 1039 5158 turbae
1070 5106 1492 5178 discipulorum
1525 5125 1767 5163 suorum
1799 5107 1912 5162 ele-

274 5193 1043 5264 ctorum,apostolorumque
1076 5200 1412 5251 sanctorum
1445 5203 1500 5252 et
1530 5197 1673 5252 dixit
1707 5214 1716 5250 :
1751 5196 1911 5251 Acci-

277 5282 414 5354 pite,
435 5282 614 5337 bibite
636 5298 704 5336 ex
732 5299 796 5337 eo
827 5298 926 5336 vos
953 5298 1189 5337 omnes:
1211 5284 1311 5338 llic
1337 5293 1424 5340 est
1455 5287 1696 5358 sanguis
1725 5303 1913 5350 meus,

276 5372 371 5441 qui
406 5372 712 5426 conﬁrmat
760 5375 1173 5425 testamentum
1225 5375 1427 5430 mortis
1461 5392 1600 5430 meae
1633 5393 1643 5430 :
1680 5376 1776 5446 qui
1813 5392 1913 5446 pro

277 5459 438 5513 vobis
470 5460 788 5514 effunditur
819 5466 874 5513 et
906 5476 1006 5529 pro
1059 5460 1257 5516 multis
1306 5463 1498 5532 datur,
1533 5470 1589 5518 et
1637 5465 1916 5519 dividitur

275 5548 346 5602 ad
378 5549 846 5619 propitiationem
875 5547 1243 5616 delictorum,
1274 5551 1676 5610 remissionem
1710 5569 1914 5624 pecca-

277 5643 494 5708 torum,
531 5643 586 5694 et
617 5638 795 5696 vitam
825 5642 1120 5694 aeternam.

2019 4665 2182 4716 tuam
2215 4676 2390 4729 super
2419 4661 2647 4731 eos,qui
2675 4677 2776 4731 per
2805 4676 3035 4715 crucem
3072 4664 3232 4715 tuam
3264 4660 3473 4716 salvati
3507 4663 3671 4716 sunt.

2022 4752 2084 4806 In
2115 4754 2375 4820 tempore
2396 4748 2494 4804 illo
2513 4749 3052 4816 timoris,miserere
3082 4747 3320 4805 illorum
3350 4749 3448 4820 qui
3482 4749 3671 4805 conﬁ-

2021 4844 2218 4895 tentur
2243 4837 2552 4910 passiones
2583 4843 2712 4893 tuas
2746 4856 2758 4893 :
2793 4842 2995 4909 tangat
3025 4842 3083 4893 te
3112 4854 3253 4893 cura
3282 4837 3540 4910 illorum,
3568 4837 3670 4910 qui

2022 4928 2299 4983 ﬁduciam
2323 4927 2542 4982 habent
2565 4943 2740 5000 super
2761 4943 3016 4982 amorem
3032 4931 3198 4982 tuum
3218 4943 3357 4999 erga
3377 4927 3672 4990 homines,

2021 5022 2080 5072 et
2109 5034 2276 5089 parce
2306 5016 2555 5088 peccatis
2584 5033 2819 5085 eorum;
2875 5021 3310 5072 commoveatur
3338 5017 3674 5089 benignitas

2023 5111 2143 5171 tua,
2170 5122 2305 5177 erga
2329 5106 2458 5161 illos
2483 5107 2581 5177 qui
2607 5105 2875 5161 invocant
2891 5123 3103 5162 nomen
3129 5110 3298 5162 tuum
3321 5111 3592 5162 sanctum
3615 5111 3676 5163 et

2024 5196 2255 5250 remitte
2284 5194 2496 5250 delicta
2525 5194 2866 5252 illorum.Ne
2895 5197 3232 5252 auferantur
3264 5196 3675 5252 miserationes

2023 5289 2135 5339 tuae
2170 5301 2271 5356 per
2301 5285 2446 5340 iram
2472 5289 2850 5356 tuam,neque
2871 5285 3100 5340 deﬁciat
3130 5285 3298 5342 nobis
3329 5287 3517 5359 gratia
3544 5290 3674 5354 tua,

2024 5378 2260 5446 propter
2288 5373 2729 5429 multitudinem
2754 5372 2986 5428 malitiae
3010 5379 3244 5431 nostrae.
3285 5375 3368 5432 Ne
3389 5375 3672 5432 excludas

2024 5461 2395 5517 clementiam
2417 5468 2600 5527 tuam,
2625 5469 2857 5534 propter
2879 5463 3247 5535 iniquitatem
3272 5469 3534 5521 nostram
3561 5482 3574 5521 :
3598 5481 3674 5522 ne

2026 5555 2285 5607 mutetur
2302 5555 2512 5607 natura
2527 5556 2647 5619 tua,
2656 5555 2890 5624 propter
2905 5553 3381 5624 magnitudinem,
3393 5555 3671 5628 insipien-

2024 5641 2242 5700 tiarum
2268 5641 2752 5700 nostrarum.Non
2775 5640 2993 5714 eligant
3013 5659 3118 5702 nos
3138 5643 3328 5718 angeli
3347 5643 3434 5704 tui
3455 5645 3668 5704 sancti.
