4094 6202
352 384 465 458 609

1827 383 2269 456 LITURGICA.

3626 393 3748 466 640'

352 534 408 586 et
437 532 722 602 tanquam
777 528 1088 586 fasciculos
1136 529 1513 599 zizaniorum,
1572 531 1630 586 in
1663 530 1857 602 ignem
1887 545 1994 584 nos
2023 529 2078 594 Α
2110 530 2327 591 nostra,
2357 530 2382 591 1
2418 542 2632 597 corpus
2686 528 2870 600 ipsius
2929 529 3156 586 Domini
3188 532 3288 588 Dei
3341 537 3396 588 et
3436 534 3746 594 salvatoris

354 616 686 690 projiciant.
710 616 833 672 Non
862 619 1124 689 increpes
1148 620 1450 674 ministros
1473 619 1634 689 regni
1657 618 1741 672 tui
1767 622 2001 689 propter

358 706 1268 779 sordesvestimentorum,neque
1281 713 1559 778 tanquam
1573 711 2000 775 contemptores

357 795 688 866 majestatis
719 799 833 850 tuae
863 812 970 851 nos
1003 796 1061 850 in
1092 796 1364 851 tenebras
1410 796 1720 852 exteriores
1743 795 1997 866 ejiciant.

355 883 441 940 Ne
461 883 868 956 exstinguatur
885 884 1085 939 lumen
1108 883 1221 940 lam
1231 885 1447 956 padum
1479 884 1920 949 nostrarum,ita
1938 886 2002 937 ut

355 979 520 1031 extra
549 973 701 1028 fores
731 973 976 1028 thalami
1009 974 1288 1046 nuptialis
1323 975 1406 1029 tui
1458 990 1881 1030 remaneamus.
1918 972 1999 1027 Ne

351 1064 585 1135 justitia
612 1067 716 1117 tua
747 1062 915 1117 nobis
938 1063 1295 1129 adversetur,
1319 1078 1506 1134 neque
1532 1064 1590 1117 in
1615 1063 1883 1118 tenebras
1910 1078 2001 1118 ex-

356 1152 598 1208 teriores
624 1157 680 1206 et
710 1151 1019 1207 stridorem
1067 1152 1330 1208 dentium
1372 1152 1614 1224 projecti
1648 1152 1996 1208 cruciemur.

356 1241 579 1297 Exhibe
601 1240 884 1296 auxilium
898 1241 1096 1312 gratiae
1118 1245 1229 1296 tuae
1244 1257 1382 1312 erga
1404 1241 1686 1297 malitiam
1705 1245 1994 1296 nostram:

358 1331 592 1387 eﬂ‘unde
619 1330 860 1402 pelagus
890 1329 1284 1386 miserationis
1329 1335 1440 1385 tua:
1471 1347 1648 1402 super
1675 1329 1998 1402 nequitiam

358 1425 645 1487 nostram,
676 1424 734 1474 et
759 1418 1161 1474 ablue‘nostra
1181 1418 1448 1474 crimina.
1468 1419 1683 1474 Emitte
1704 1419 2001 1473 abundan-

357 1510 501 1564 tiam
533 1508 854 1564 clementiae
883 1512 995 1562 tuae
1026 1512 1082 1563 et
1103 1508 1320 1564 amoris
1345 1507 1427 1563 tui
1459 1524 1594 1580 erga
1625 1509 1912 1575 homines,
1945 1511 2002 1562 et

357 1598 485 1654 dele
507 1614 635 1668 quae
658 1597 717 1651 in
742 1597 910 1652 nobis
931 1596 1062 1651 odio
1084 1596 1261 1668 digna
1281 1601 1450 1652 sunt:
1476 1597 2000 1668 contine,Domine,

358 1686 764 1742 fortitudinem
787 1690 970 1751 tuam,
994 1690 1050 1741 et
1079 1684 1294 1741 blando
1316 1701 1452 1758 erga
1478 1703 1583 1741 nos
1611 1691 1846 1758 aspectu
1881 1703 2004 1742 mu-

357 1780 517 1832 tetur
544 1775 870 1847 indignatio
895 1779 1020 1842 tua,
1050 1773 1366 1846 vultusque
1396 1775 1480 1829 tui
1513 1775 1882 1831 serenitatem
1909 1776 2007 1830 de-

2109 616 2289 670 nostri
2317 616 2447 683 jesu
2478 616 2715 683 Christi,
2758 619 2828 672 ad
2863 621 3327 691 propitiationem
3373 624 3743 693 delictorum,

2109 703 2513 758 remissionem
2548 711 2936 775 peccatorum,
2970 714 3026 763 et
3050 710 3230 765 vitam
3254 716 3527 768 aeternam
3563 717 3748 771 susci-

2109 792 2415 863 pientium.

2179 883 2439 952 Populus.
2478 883 2683 937 Amen.

2181 971 2432 1026 Sacerdos
2453 972 2668 1026 elevans
2688 987 2885 1028 vocem.
2919 973 3196 1031 Similiter
3227 981 3284 1032 et
3313 979 3553 1036 mistum
3588 984 3744 1053 quod

2109 1059 2166 1113 in
2199 1059 2306 1114 hoc
2337 1059 2513 1114 calice
2541 1065 2646 1129 est,
2671 1061 2884 1116 efticiat
2915 1068 2943 1126 τι
2969 1065 3312 1136 sanguinem
3339 1069 3743 1138 puriﬁcantem

2109 1154 2165 1204 et
2196 1149 2715 1217 sanctiﬁcantemﬂr
2751 1151 3094 1222 sanguinem
3125 1155 3415 1210 viviticum
3439 1166 3493 1212 et
3525 1159 3740 1215 saluta-

2109 1243 2316 1304 rem,f
2369 1237 2714 1308 sanguinem
2767 1240 3082 1296 salvantem
3139 1243 3366 1299 animas
3419 1250 3475 1300 et
3503 1263 3744 1318 corpora

2111 1333 2326 1393 nostra,
2363 1328 2707 1398 sanguinem
2740 1328 2925 1398 ipsius
2960 1331 3055 1385 Dei
3106 1333 3302 1403 magni
3352 1339 3406 1387 et
3439 1335 3742 1392 salvatoris

2110 1416 2292 1472 nostri
2315 1417 2454 1472 Jesu
2486 1416 2718 1481 Christi,
2760 1419 2831 1471 ad
2876 1420 3344 1490 propitiationem
3373 1423 3740 1493 delictorum,

2112 1505 2512 1560 remissionem
2545 1510 2930 1576 peccatorum,
2959 1515 3015 1563 et
3058 1509 3235 1566 vitam
3269 1515 3545 1568 aeternam
3579 1513 3743 1570 illum

2111 1593 2574 1665 suscipientium.

2182 1686 2440 1755 Populus.
2480 1688 2683 1740 Amen.

2185 1773 2440 1828 Sacerdos
2497 1775 2714 1828 elevans
2757 1791 2953 1830 vocem.
3015 1776 3087 1831 Ut
3116 1794 3218 1849 per
3273 1782 3746 1838 communionem

360 1869 628 1921 monstra
655 1863 848 1930 nobis,
909 1869 975 1918 ut
1019 1863 1266 1919 victores
1318 1865 1378 1918 in
1435 1881 1612 1920 causa
1637 1869 2001 1936 peccatorum
2033 1892 2081 1957 Β
2114 1863 2324 1917 horum
2380 1867 2878 1918 sacramentorum
2927 1865 3368 1936 viviﬁcantium,
3400 1871 3471 1925 ad
3512 1871 3751 1928 delicias

360 1959 700 2010 nostrorum
733 1969 928 2008 coram
949 1952 1084 2008 sede
1105 1953 1430 2023 majestatis
1451 1957 1563 2008 tute
1585 1969 2001 2026 appareamus:

361 2059 743 2100 numeremur
772 2041 946 2097 etiam
976 2042 1128 2097 inter
1154 2046 1387 2097 vocatos
1438 2043 1508 2097 ad
1538 2037 1800 2115 regnum'
1815 2048 2002 2114 tuum,

361 2139 420 2189 et
446 2133 595 2188 inter
617 2132 889 2187 invitatos
911 2131 1344 2187 discumbentes
1377 2133 1530 2203 apud
1556 2136 1610 2186 te
1633 2131 2001 2204 collocemur,

360 2226 417 2278 et
445 2221 756 2294 splendore
782 2219 930 2276 lucis
960 2224 1070 2275 tua;
1115 2220 1339 2276 eximiae
1387 2237 1518 2275 cum
1549 2221 1842 2294 voluptate
1875 2239 2002 2293 per-

359 2313 646 2367 fruamur.
680 2314 991 2381 Propterea
1020 2309 1275 2365 Ecclesia
1304 2314 1406 2365 tua
1436 2315 1581 2375 orat,
1615 2315 1671 2366 et
1700 2327 1836 2383 grex
1866 2317 2002 2367 tuus

359 2401 727 2473 deprecatur,
749 2402 806 2454 et
832 2399 1072 2454 vocibus
1094 2398 1548 2470 triumphalibus
1570 2404 1626 2454 te
1646 2399 2000 2471 interpellat,

357 2487 962 2558 misericordiamque,
995 2493 1051 2542 et
1100 2486 1467 2543 clementiam
1525 2505 1558 2542 a
1589 2491 1643 2544 te
1674 2489 1920 2560 ﬂagitat,
1947 2491 2004 2544 et

356 2581 624 2634 obsecrat
653 2583 710 2632 te
740 2576 958 2632 dicens.

432 2669 689 2738 Populus.
729 2666 1022 2721 Miserere.

431 2760 730 2813 Diaconus.
765 2757 949 2820 Quam
979 2755 1241 2811 timenda
1271 2760 1359 2811 est
1388 2756 1507 2812 hinc
1539 2757 1698 2812 hora.

431 2845 708 2902 Sacerdos.
744 2849 862 2900 Nos
892 2860 1140 2916 quoque.

432 2934 698 2990 Sacerdos
753 2934 1056 2990 inclinat-us
1110 2933 1243 2989 dicit
1289 2936 1587 2991 orationem
1640 2937 2002 2991 Invocationis

356 3027 575 3097 Spiritu
604 3025 807 3080 sancti.

436 3113 826 3169 Obsecremus
851 3117 926 3179 te,
959 3112 1326 3168 sanctissime
1349 3113 1692 3178 Deus,mitte
1714 3115 1784 3169 ad
1808 3131 1913 3170 nos
1935 3131 2002 3169 ex

357 3202 692 3258 habitaculo
722 3201 884 3273 regni
915 3201 1002 3255 tui
1034 3201 1254 3271 aeterni,
1298 3204 1356 3257 et
1386 3218 1453 3257 ex
1485 3203 1715 3273 regione
1747 3219 1997 3274 praesen-

2116 1952 2239 2005 vitae
2272 1951 2520 2006 ccelestis
2541 1952 2765 2006 aditum
2794 1953 3133 2021 habeamus,
3159 1971 3604 2029 mereamurque
3621 1977 3750 2016 eva-

2115 2041 2248 2094 dere
2278 2046 2524 2095 mortem
2556 2041 2872 2095 secundam
2899 2058 2910 2094 ε
2936 2059 3124 2113 neque
3147 2048 3424 2114 tanquam
3454 2050 3534 2102 rei
3567 2050 3637 2103 ad
3657 2051 3749 2120 ju-

2114 2129 2331 2183 dicium
2366 2130 2737 2185 subeundum
2763 2147 3152 2200 praeparemur
3170 2150 3364 2188 coram
3395 2135 3602 2192 throno
3623 2137 3752 2209 glo-

2113 2219 2207 2272 riae
2239 2223 2348 2273 tua:
2377 2236 2389 2272 :
2421 2224 2478 2273 et
2503 2218 2919 2273 beatitudinem
2950 2219 3110 2275 illam
3159 2222 3230 2276 ab
3264 2223 3485 2294 angelis
3516 2242 3747 2281 annun-

2113 2307 2313 2362 tiatam
2358 2307 2710 2378 pastoribus,
2769 2307 3132 2378 spiritualem
3192 2310 3429 2377 scilicet,
3479 2313 3538 2367 in
3597 2319 3751 2370 terra

2113 2395 2332 2452 caelesti
2366 2395 2780 2467 suscipiamus,
2813 2413 2880 2451 ea
2902 2398 2959 2452 in
2992 2399 3223 2469 regione
3247 2400 3344 2454 ubi
3375 2402 3753 2458 tabernacula

2111 2485 2260 2539 lucis
2293 2486 2404 2538 lixa
2435 2491 2609 2540 sunt:
2644 2485 2701 2539 in
2757 2486 2928 2540 domo
2976 2487 3222 2557 nuptiali
3281 2495 3574 2555 exornata,
3608 2495 3664 2546 et
3692 2491 3750 2546 in

2113 2573 2370 2630 convivio
2402 2575 2531 2628 vitae
2563 2573 2904 2644 spiritualis,
2951 2591 3083 2629 cum
3117 2575 3230 2632 illis
3282 2577 3618 2647 victoribus,
3651 2582 3750 2651 qui

2113 2666 2326 2718 festum
2359 2662 2474 2717 illic
2527 2669 2832 2734 peragunt,
2883 2662 3126 2718 feliciter
3173 2664 3530 2724 celebremus
3583 2673 3659 2738 te,
3692 2676 3749 2725 et

2109 2754 2260 2807 inter
2291 2752 2527 2824 agmina
2553 2768 2775 2820 eorum,
2808 2769 3087 2808 canamus
3121 2755 3224 2809 tibi
3265 2755 3505 2826 gloriam
3538 2762 3594 2815 et
3618 2759 3744 2814 lau-

2107 2844 2261 2899 dem.

2181 2933 2440 3004 Populus.
2473 2935 2680 2986 Amen.

2182 3021 2446 3076 Sacerdos
2478 3021 2793 3074 inclinatus.
2839 3023 3146 3092 Memento,
3187 3022 3448 3092 Domine,
3484 3025 3746 3083 Ecclesia)

2111 3117 2221 3168 tuae
2244 3115 2477 3180 sanctae,
2493 3109 2774 3165 confirma
2792 3110 3170 3166 fundamenta
3191 3113 3318 3181 ejus
3339 3114 3397 3168 in
3439 3115 3550 3171 {ide
3573 3122 3746 3188 recta,

2112 3206 2168 3255 et
2197 3215 2474 3256 conserva
2503 3215 2630 3253 eam
2661 3197 2720 3251 in
2769 3198 3190 3270 tranquillitate
3238 3207 3536 3274 perpetua,
3589 3209 3645 3260 et
3687 3207 3746 3260 in

353 3293 452 3347 tiae
482 3297 598 3347 tuae
627 3265 886 3358 excelsa,
917 3289 1198 3362 Spiritum
1227 3265 1395 3345 tuum
1422 3265 1712 3356 sanctum,
1746 3265 2001 3348 consub-
2035 3265 2076 3330 C
2114 3305 2251 3361 pace
2281 3287 2622 3344 abundanti.
2669 3265 2936 3343 Pastores
2966 3293 3022 3343 et
3065 3265 3748 3363 doctores-orthodoxos,

357 3379 699 3438 stantialem
721 3379 848 3448 tibi,
872 3384 928 3433 et
952 3380 1282 3450 operatione
1304 3379 1588 3452 aequalem
1614 3381 1746 3451 (27),
1773 3381 1872 3452 qui
1894 3386 2001 3438 ate

355 3471 582 3541 absque
604 3468 770 3523 initio
793 3468 1179 3539 procedit,per
1192 3468 1558 3540 unigenitum
1583 3469 1791 3524 Filium
1807 3476 1997 3537 tuum,

355 3564 418 3614 et
446 3559 547 3629 qui
581 3573 930 3628 quocunque
953 3561 1211 3628 tempore
1233 3558 1406 3612 datur
1429 3557 1500 3612 iis
1525 3559 1622 3629 qui
1645 3558 1749 3612 tibi
1784 3559 2000 3630 accepti

355 3653 520 3714 sunt,
549 3662 766 3718 eosque
798 3645 900 3717 qui
927 3650 982 3700 te
1012 3645 1209 3700 vident
1238 3651 1295 3701 et
1324 3646 1659 3718 intelligunt
1692 3648 1917 3718 perficit
1946 3652 2002 3704 et

355 3739 770 3792 consummat:
807 3739 872 3788 ut
920 3733 1184 3800 illabens,
1237 3734 1742 3807 requiescensque,
1779 3736 2002 3793 habitet

353 3842 538 3897 super
567 3823 893 3880 oblationes
913 3823 1055 3879 istas
1082 3841 1094 3878 :
1119 3823 1332 3889 quibus
1357 3824 1736 3880 sanctiﬁcatis
1763 3842 1863 3896 per
1891 3826 1999 3882 vir-

351 3919 545 3969 tutem
579 3913 778 3985 gratias
809 3917 922 3967 tuae
953 3912 1214 3984 perﬁciat
1239 3911 1358 3968 haec
1390 3913 1687 3985 mysteria,
1706 3918 1878 3984 atque
1901 3914 2001 3972 illa

355 4008 756 4073 suscepturos.

429 4090 705 4146 Sacerdos.
738 4090 957 4145 Exaudi
990 4107 1103 4158 me,
1136 4089 1398 4147 Domine.

426 4181 686 4251 Populus.
745 4180 914 4251 Kyrie
971 4179 1210 4249 eleison,
1289 4180 1456 4252 Kyrie
1534 4179 1771 4248 eleison,
1833 4181 1996 4254 Kyrie

351 4269 592 4325 eleison.

421 4357 679 4414 Sacerdos
709 4359 928 4414 elevans
959 4374 1157 4413 vocem.
1190 4358 1259 4413 Et
1289 4373 1497 4429 panem
1525 4358 1760 4429 quidem
1793 4360 1994 4430 istum,

353 4447 584 4516 efﬁciat,
619 4463 830 4518 corpus
852 4447 1167 4516 vivificum,
1202 4451 1229 4511 ’τ
1263 4462 1477 4517 corpus
1499 4446 1729 4503 omleste
1755 4452 1812 4503 et
1841 4449 1997 4505 salu-

351 4540 488 4607 tare,
524 4541 552 4602 f
589 4552 803 4608 corpus
836 4535 1070 4592 salvans
1108 4535 1336 4591 animas
1381 4541 1634 4604 nostras,
1667 4541 1725 4592 et
1752 4555 1995 4609 corpora

419 4660 534 4733 (27)
566 4661 857 4733 Invocatio
887 4663 1152 4733 ejusdem
1201 4661 1503 4733 sententiae
1532 4667 1640 4731 est,
1691 4680 1756 4718 ac
1787 4680 1990 4722 omnes

349 4731 585 4802 reliquae
617 4731 796 4804 Syra},
826 4731 1084 4807 quarum,
1107 4732 1427 4807 nulla‘eam
1452 4732 1756 4807 lectionem
1791 4753 1992 4807 reprae-

345 4807 561 4878 sentat,
576 4820 770 4878 quam
798 4806 1046 4861 editores
1070 4804 1326 4861 Missalis
1346 4804 1639 4860 Chaldaici
1661 4804 1986 4878 elegerunt:

345 4878 404 4947 et
427 4873 478 4930 si
509 4873 744 4947 aliquos
769 4878 996 4933 codices
1017 4878 1293 4941 vidimus,
1318 4893 1462 4946 quos
1483 4893 1550 4930 ex
1571 4873 1992 4937 commemora-

343 4946 501 5002 tione
535 4946 727 5003 sancti
760 4949 1015 5005 Maronis
1045 4954 1102 5004 et
1131 4947 1262 5004 aliis
1289 4947 1541 5015 indiciis,
1568 4949 1989 5008 Maronitarum

346 5018 805 5074 orlhodoxorum
837 5037 963 5076 esse
993 5019 1316 5086 constabat,
1352 5020 1450 5090 qui
1471 5025 1720 5075 veterem
1744 5027 1800 5076 et
1831 5040 1988 5078 com-

344 5104 586 5146 munem
610 5093 888 5164 omnibus
910 5091 1186 5164 Liturgiis
1209 5091 1456 5164 formam
1479 5093 1874 5149 continebant.
1893 5100 1988 5150 In-

343 5171 584 5234 vocatur
611 5162 868 5234 Spiritus
915 5161 1157 5220 sanctus
1204 5167 1270 5217 ut
1301 5161 1575 5217 illabatur
1622 5166 1889 5220 caelitus:
1925 5170 1990 5221 ut

344 5233 766 5314 requiescatmt
794 5235 1017 5314 habitet
1045 5251 1222 5314 super
1251 5234 1404 5287 dona
1431 5235 1745 5314 proposita,
1779 5243 1835 5292 et
1873 5237 1988 5314 illis

341 5306 535 5360 verbis
557 5307 909 5380 exprimitur
937 5306 1417 5380 oratio,qquorum
1441 5306 1556 5380 vim
1573 5309 1696 5380 jam
1720 5310 1989 5380 superius

341 5376 750 5452 exposuimus,
800 5395 931 5452 cum
966 5381 1052 5452 ad
1114 5376 1575 5452 significandum
1625 5376 1899 5452 illapsum
1933 5386 1991 5437 et

343 5448 854 5523 pbumbrationem
878 5451 1130 5522 Spiritus
1153 5448 1338 5523 sancti
1358 5449 1414 5502 in
1437 5449 1616 5523 Maria
1628 5448 1862 5523 Virgine
1885 5454 1986 5508 ad-

344 5517 964 5578 hibeantur.EtTectum
983 5521 1255 5593 exprimit
1277 5520 1538 5592 Liturgia
1559 5539 1658 5592 per
1679 5517 1852 5579 ve'rba
1873 5527 1987 5580 duo

343 5599 519 5666 13m;
541 5594 838 5666 perﬁciat:
893 5599 950 5649 et
1005 5606 1148 5658 τινι
1204 5595 1411 5666 faciat:
1467 5608 1594 5666 quae
1627 5597 1990 5666 respondent

339 5661 556 5746 Graecis
584 5662 852 5746 τελειῲςιη
874 5671 931 5723 et
951 5668 1181 5746 etenim.
1205 5661 1357 5746 Illud
1380 5661 1568 5746 magis
1590 5661 1988 5746 observatione

343 5733 610 5808 dignum,
647 5733 896 5811 quodin
947 5738 1049 5796 illa
1079 5733 1217 5812 ipsa
1265 5733 1627 5793 invocatione
1665 5738 1735 5794 de
1765 5737 1987 5810 Spiritu

2108 3378 2204 3450 qui
2234 3383 2512 3449 praesunt,
2537 3377 2595 3430 in
2625 3378 3064 3445 ea,castimonia
3084 3395 3312 3434 morum
3336 3397 3582 3437 exorna:
3609 3401 3751 3456 prae-

2109 3469 2277 3539 cipue
2305 3483 2437 3521 vero
2468 3466 2772 3521 dominum
2803 3466 2869 3520 N.
2904 3467 3294 3537 patriarcham
3322 3486 3334 3524 :
3361 3475 3416 3524 et
3437 3471 3743 3528 dominum

2110 3557 2176 3611 N.
2211 3557 2546 3627 episcopum
2582 3560 2867 3621 nostrum,
2911 3562 2966 3610 et
3013 3557 3087 3610 da
3116 3557 3231 3611 illis
3281 3563 3344 3612 ut
3372 3575 3506 3613 cum
3538 3561 3743 3616 decore

2111 3649 2349 3717 pascant
2379 3662 2528 3699 eam.
2562 3645 2848 3698 Memento
2871 3644 3066 3712 etiam,
3093 3646 3354 3718 Domine,
3375 3650 3744 3705 sacerdotum

2108 3735 2376 3790 Ecclesia:
2399 3739 2532 3799 tute,
2556 3739 2612 3788 et
2636 3733 3015 3787 diaconorum
3039 3734 3240 3806 templi
3275 3737 3380 3804 tui,
3406 3742 3461 3792 et
3482 3738 3747 3794 omnium

2110 3825 2401 3890 ordinum,
2434 3822 2529 3893 qui
2561 3822 2633 3876 ad
2658 3821 3050 3876 ministerium
3084 3828 3250 3878 tuum
3277 3826 3558 3897 segregati
3584 3830 3746 3882 sunt.

2107 3917 2390 3969 Memento
2421 3912 2619 3976 etiam,
2651 3910 2912 3981 Domine,
2948 3912 3060 3966 mei
3093 3913 3341 3982 pastoris
3390 3914 3744 3986 insipientis,

2108 4009 2163 4058 et
2195 4001 2466 4074 pauperis
2497 3999 2645 4056 servi
2675 4001 2781 4069 tui,
2816 3999 2929 4053 mei
2961 3999 3196 4069 inquam
3242 4004 3562 4073 peccatoris
3592 4005 3743 4060 servi

2106 4093 2213 4162 tui,
2245 4108 2415 4162 quem
2451 4090 2632 4144 nubes
2663 4090 2924 4144 obscurae
2972 4075 3319 4146 delictorum
3351 4092 3738 4150 circumdant.

2106 4187 2214 4237 Per
2230 4180 2627 4252 aspersionem
2648 4178 2882 4250 hyssopi
2901 4183 2986 4232 tui
3010 4180 3229 4235 munda
3250 4197 3361 4248 me,
3386 4186 3442 4237 et
3463 4187 3742 4254 tanquam

2107 4271 2296 4326 nivem
2331 4268 2538 4324 dealba
2569 4283 2679 4336 me,
2725 4272 3041 4338 purgatum
3099 4285 3132 4323 a
3175 4270 3421 4326 maculis
3480 4277 3538 4328 et
3567 4273 3744 4329 nevis

2107 4360 2344 4432 peccati.
2361 4361 2668 4424 Memento,
2693 4357 2891 4423 etiam,
2920 4358 3180 4424 Domine,
3203 4360 3466 4416 omnium
3486 4362 3746 4419 ﬁdelium

2107 4450 2207 4522 qui
2238 4450 2296 4503 in
2328 4446 2716 4513 exsiliissunt,
2750 4450 2807 4501 et
2834 4447 3144 4516 eorumqui
3167 4465 3270 4519 pro
3290 4449 3403 4504 ﬁde
3424 4451 3747 4508 orthodoxa

2106 4553 2350 4610 agonem
2392 4535 2702 4591 sustinent.

2101 4669 2302 4721 sancto
2359 4661 2571 4716 dicitur
2611 4660 2702 4730 qui
2753 4677 2787 4714 a
2832 4668 2884 4714 te
2930 4659 3133 4734 absque
3183 4663 3342 4718 initio
3369 4664 3617 4734 procedit
3643 4681 3742 4734 per

2099 4737 2445 4806 unigenitum
2473 4734 2906 4806 Filium_tuum_.j
2950 4733 3102 4806 quod
3135 4749 3250 4787 non
3293 4733 3514 4789 in’aliis
3548 4733 3737 4790 Litur-

2100 4803 2230 4881 giis,
2265 4807 2381 4881 im_o
2413 4821 2517 4881 n_ec
2548 4803 2818 4881 precibus
2849 4803 3340 4881 di_versi_gene_ris,
3387 4806 3558 4881 facile
3575 4822 3739 4881 repe-

2101 4873 2303 4935 riatur.
2337 4879 2398 4932 In
2430 4873 2630 4931 Jacobi
2659 4880 2800 4946 Syra
2821 4879 2877 4929 et
2906 4873 2965 4928 in
2996 4873 3346 4943 quibusdam
3376 4877 3507 4933 aliis
3529 4873 3742 4935 dicitur

2098 4954 2193 5023 qui
2218 4968 2251 5004 a
2281 4958 2330 5004 te
2357 4948 2614 5023 procedit,
2637 4956 2687 5002 et
2709 4947 2865 5023 quia
2886 4946 3021 5000 Filio
3054 4955 3164 5023 tuo,
3188 4963 3308 5019 qua:
3337 4951 3419 5005 ad
3448 4953 3745 5006 essentiam

2099 5011 2368 5094 spectant,
2400 5031 2496 5075 aut
2547 5011 2612 5070 τὰ
2667 5011 2915 5094 φνῖσέὼιδῃ
2964 5011 3211 5094 accipit;
3232 5091 3240 5094 Α
3266 5037 3390 5090 qua:
3424 5029 3642 5078 rectam
3675 5023 3744 5077 de

2100 5089 2468 5167 processione
2510 5091 2696 5167 sancti
2748 5089 3001 5167 Spiritus
3036 5089 3387 5167 doctrinam
3447 5093 3525 5150 ita
3555 5094 3745 5167 expri-

2101 5160 2287 5231 munt,
2322 5169 2448 5218 uta
2502 5163 2711 5216 Graecis
2770 5160 3161 5234 Schismaticis
3219 5164 3581 5234 rejiciantur.
3614 5160 3739 5220 Non

2099 5236 2494 5309 spernendum
2513 5251 2652 5309 sane
2676 5232 3075 5309 testimonium
3099 5233 3253 5288 istud
3277 5232 3383 5309 est,
3405 5236 3741 5309 qualiscun-

2098 5304 2207 5379 que
2235 5308 2470 5380 tandem
2504 5306 2580 5360 sit
2608 5304 3009 5380 ista_Liturgia
3037 5321 3050 5359 ε
3092 5322 3232 5380 nam
3259 5308 3331 5360 ab
3364 5304 3738 5380 interpolato-

2100 5375 2261 5435 ribus
2277 5380 2330 5434 ni
2343 5378 2421 5432 hil
2444 5393 2676 5450 passam
2691 5375 2851 5450 illam
2864 5391 2990 5450 esse
3013 5377 3404 5433 certissimum
3419 5375 3536 5434 est:
3550 5385 3736 5449 Atque

2100 5455 2180 5507 ita
2209 5447 2570 5506 constat—non
2596 5449 2749 5520 apud
2775 5447 3003 5501 Latinos
3030 5453 3226 5502 natam
3253 5451 3586 5520 opinionem
3611 5447 3739 5506 esse

2099 5526 2168 5578 de
2200 5521 2565 5595 processione
2595 5519 2844 5595 Spiritus
2874 5520 3062 5595 sancti
3095 5535 3128 5573 a
3161 5519 3324 5595 Patre
3354 5530 3412 5576 et
3441 5523 3606 5594 Filio,
3634 5539 3738 5578 seu

2098 5590 2216 5666 per'
2234 5595 2458 5656 Filium,
2490 5593 2642 5666 quod
2678 5591 2830 5644 idem
2862 5606 2990 5643 esse
3010 5590 3740 5666 _Gr§eci‘agnoscunt,'cum

2098 5662 2157 5722 in
2189 5667 2380 5722 media
2401 5669 2584 5736 Syria,
2614 5663 2767 5736 inter
2795 5679 2894 5718 eos
2925 5662 3024 5732 qui
3047 5662 3219 5736 alieni
3246 5672 3384 5720 sunt
3407 5684 3438 5720 a
3469 5666 3742 5726 Romanae

2096 5737 2365 5794 Ecclesiae
2395 5733 2828 5805 communione,
2865 5737 3039 5790 testes
3073 5733 3232 5790 illius
3265 5739 3650 5811 reperiantur.
