4094 6202
292 388 407 448 611
1114 380 1179 439 S.
1226 372 1665 440 CLEMENTIS
1709 375 1733 437 Ι
1780 376 1920 438 RON

2035 370 2247 438 PONT.
2295 374 2560 440 OPERA
2605 372 2840 441 DUBIA
2858 424 2872 438 .
3572 377 3701 443 612

366 516 629 575 Sacerdos
658 513 885 571 elevans
909 528 1110 569 vocem.
1142 512 1212 567 Et
1241 510 1555 567 Ecclesiam
1586 514 1771 580 tuam,
1820 510 1935 565 Do-
1965 511 2019 576 Α
2048 510 2314 583 disperge
2346 516 2403 567 et
2432 512 2689 583 dissipa:
2724 529 2901 581 regna
2931 512 3195 582 profana,
3215 514 3273 568 et
3302 511 3555 569 hereses
3582 512 3703 570 im-

295 607 475 674 mine,
507 622 684 677 quam
716 602 1028 675 possedisti
1057 602 1128 656 ab
1172 600 1357 669 initio,
1398 604 1454 655 et
1500 598 1799 655 redemisti
1833 616 1935 670 per

295 696 642 768 sanguinem
676 691 958 765 unigeniti
983 690 1111 746 Filii
1133 689 1217 744 tui
1242 688 1503 759 benedic,
1537 693 1594 743 et
1617 688 1839 760 depelle
1862 689 1933 742 ab

296 803 364 842 ea
392 783 853 841 conﬂictationes
884 781 1176 835 haereseon
1227 778 1709 850 perniciosarum,
1742 793 1871 847 quae
1902 793 1936 831 a

296 873 601 945 spiritibus
632 871 850 944 peccati
873 870 1252 935 suscitantur,
1274 872 1331 921 et
1349 868 1415 921 ad
1443 883 1571 921 eam
1594 866 1932 937 demergen-

296 965 433 1019 dam
457 962 516 1017 in
539 962 818 1034 abyssum
842 957 1180 1031 impietatis,
1198 956 1544 1012 excitantur.
1564 954 1844 1026 Propulsa
1862 955 1933 1009 ab

295 1052 418 1119 illa,
452 1051 713 1116 Domine,
745 1047 1038 1112 scandala,
1069 1050 1125 1101 et
1154 1046 1329 1112 rixas,
1363 1048 1420 1101 et
1448 1060 1730 1116 praeserva
1750 1060 1875 1099 eam
1903 1060 1937 1098 a

294 1140 494 1213 virgis,
526 1139 885 1211 ﬂagellisque
914 1138 1055 1203 tuis,
1078 1139 1247 1205 atque
1269 1152 1302 1189 a
1331 1133 1771 1199 tentationibus,
1804 1132 1935 1203 qui-

295 1231 408 1285 bus
439 1246 541 1301 per
559 1227 959 1284 inﬁrmitatem
984 1222 1562 1281 succumbat.Lihera
1583 1238 1709 1276 eam
1730 1239 1764 1276 a
1785 1224 1935 1277 fame

298 1335 516 1387 amara,
550 1335 584 1373 a
613 1317 963 1388 captivitate,
997 1319 1054 1369 et
1096 1312 1469 1368 mortalitate.
1522 1312 1606 1367 Da
1644 1312 1819 1366 etiam
1850 1309 1935 1364 illi

294 1411 559 1479 tempora
586 1404 918 1476 tranquilla,
972 1407 1028 1459 et
1075 1401 1453 1471 abundantia,
1486 1399 1935 1472 praeclaramque

292 1497 444 1552 aeris
466 1496 831 1568 temperiem,
854 1498 1117 1565 segetum
1132 1491 1544 1561 fructuumque
1562 1494 1934 1561 proventum,

291 1602 427 1641 cum
478 1583 942 1640 accumulatione
990 1581 1253 1637 omnium
1309 1580 1638 1636 bonorum:
1697 1578 1831 1648 quia
1869 1582 1932 1632 tu

287 1676 479 1730 bonus
501 1689 584 1739 es,
608 1677 665 1729 et
687 1689 864 1745 super
884 1687 1087 1727 omnes
1108 1669 1347 1741 largiter
1368 1669 1673 1723 effundens
1692 1683 1935 1722 munera

286 1768 406 1831 tua,
441 1763 803 1835 gratiamque
833 1764 996 1815 tuam
1028 1758 1398 1830 dispensans,
1435 1757 1655 1827 tibique
1684 1755 1930 1828 gloriam

196 1854 199 1865 ’
284 1857 341 1907 et
368 1852 693 1925 gratiarum
726 1849 1011 1905 actionem
1038 1846 1362 1903 offerimus.

357 1941 617 2011 Populus.
652 1944 856 1994 Amen.

359 2028 616 2084 Sacerdos
673 2028 991 2083 inclinatus.
1061 2029 1368 2091 Memento,
1415 2024 1673 2090 Domine,
1728 2039 1930 2079 eorum

286 2120 383 2189 qui
416 2118 476 2173 in
505 2117 838 2190 virginitate
860 2132 1002 2187 pure
1022 2115 1243 2185 vivunt,
1268 2115 1715 2186 conjugatorum
1741 2117 1929 2168 casto-

286 2225 441 2280 rum,
465 2207 859 2279 orphanorum
882 2209 944 2260 et
960 2205 1293 2271 viduarum,
1315 2220 1638 2276 pauperum
1656 2208 1711 2257 et
1728 2219 1931 2275 egeno-

282 2314 438 2365 rum,
472 2300 528 2353 et
556 2312 757 2351 eorum
789 2294 889 2365 qui
920 2294 1199 2364 adjuvant
1226 2292 1543 2347 Ecclesiam
1575 2296 1759 2346 tuam.
1794 2290 1927 2346 Illo—

282 2403 414 2442 rum
445 2386 620 2441 etiam
653 2385 750 2456 qui
782 2382 996 2439 addicti
1028 2386 1167 2437 sunt
1196 2381 1517 2437 ministerio
1565 2386 1925 2447 sanctorum,

283 2479 342 2531 et
400 2474 677 2545 adjuvant
708 2473 1113 2528 necessitatem
1167 2471 1492 2542 patientes:
1540 2470 1637 2539 qui
1677 2469 1930 2525 offerunt

280 2562 625 2632 oblationes,
658 2566 716 2616 et
749 2559 1024 2632 praeclare
1054 2563 1389 2631 operantur.

354 2652 618 2724 Populus.
653 2649 822 2722 Kyrie
853 2647 1091 2705 eleison.

355 2739 613 2796 Sacerdos
642 2739 862 2793 elevans
890 2753 1092 2792 vocem.
1144 2736 1211 2790 Et
1241 2736 1451 2807 adjuva
1499 2752 1601 2807 per
1631 2736 1923 2791 dexteram

283 2833 447 2884 tuam
479 2830 795 2899 potentem,
828 2826 1219 2894 conﬁrmaquc
1241 2825 1475 2880 brachio
1502 2829 1601 2880 tuo
1634 2824 1785 2890 forti,
1805 2841 1925 2880 om-

284 2934 388 2973 nes
418 2917 519 2988 qui
550 2916 607 2971 in
640 2914 896 2971 Ecclesia
941 2919 1043 2969 tua
1073 2918 1276 2969 sancta
1317 2913 1599 2969 catholica
1647 2919 1923 2985 perpetuo

280 3005 604 3062 oblationes
635 3003 969 3071 oﬂ‘erunt,et
1001 3000 1293 3057 memoria:
1324 3005 1659 3057 sanctorum
1684 3006 1921 3058 tuorum

278 3091 718 3150 communicant
742 3109 754 3159 ;
777 3090 1389 3163 quieleemosynarum
1410 3091 1693 3146 fructibus
1709 3107 1923 3163 egenos

280 3182 648 3238 abundanter
672 3184 1024 3251 sustentant,
1051 3185 1107 3235 et
1129 3180 1512 3252 indigentiam
1535 3179 1765 3252 explent
1786 3198 1922 3252 pau-

1962 1883 2009 1948 B

2047 599 2174 671 pias
2202 601 2519 672 comprime
2540 602 2774 657 dextera
2790 608 2892 656 tua
2913 602 3167 673 potenti:
3189 600 3396 657 hebeta
3424 601 3688 674 gladium

2043 694 2302 757 acutum,
2337 708 2409 745 ne
2438 690 2741 745 immineat
2769 690 3090 746 cervicibus
3128 691 3321 763 gregis
3366 691 3493 746 tui:
3526 708 3694 748 com-

2044 793 2212 849 pesce
2244 780 2627 851 captivitates,
2659 781 2864 850 cades,
2897 784 2954 835 et
2984 779 3137 835 bella
3166 796 3199 834 a
3228 779 3460 852 populis
3490 784 3547 836 et
3571 781 3688 837 hae-

2044 867 2287 923 reditate
2310 873 2409 923 tua
2432 886 2445 923 :
2472 885 2658 941 neque
2690 869 2939 939 aspicias
2958 868 3329 939 iniquitatem
3361 885 3563 924 eorum
3585 868 3698 941 qui

2043 955 2411 1027 unigenitum
2436 957 2646 1012 Filium
2669 963 2836 1012 tuum
2858 957 3125 1013 dividunt
3150 977 3163 1013 :
3198 958 3301 1013 sed
3324 958 3690 1029 reliquorum

2043 1050 2355 1113 memento,
2385 1047 2486 1117 qui
2510 1046 2759 1102 retinent
2780 1047 2954 1102 ﬁdem
2980 1047 3451 1115 orthodoxam,et
3471 1048 3545 1103 da
3565 1046 3685 1104 illis

2043 1135 2390 1207 atquenobis
2403 1135 2674 1190 virtutem
2694 1135 3171 1208 insuperabilem,
3191 1140 3246 1191 et
3268 1136 3436 1191 nobis
3458 1141 3513 1191 et
3535 1136 3683 1208 ipsis

2042 1224 2292 1279 concede
2320 1229 2582 1295 tempora
2611 1225 2909 1295 quietis,et
2936 1225 3424 1297 tranquillitatem
3450 1224 3686 1293 salutis,

2043 1312 2400 1385 pergratiam
2421 1318 2479 1368 et
2502 1313 2960 1370 misericordiam
2980 1316 3035 1369 et
3059 1329 3319 1370 amorem
3340 1329 3477 1385 erga
3499 1313 3695 1369 homi-

2043 1418 2145 1457 nes
2167 1403 2453 1474 unigeniti
2478 1402 2600 1457 Filii
2623 1402 2730 1474 tui,
2754 1418 2857 1475 per
2879 1419 3053 1475 quem
3076 1408 3131 1459 et
3151 1419 3285 1458 cum
3310 1418 3424 1474 quo
3445 1406 3501 1459 te
3522 1404 3687 1460 decet

2041 1488 2226 1561 gloria
2255 1495 2311 1547 et
2343 1490 2548 1559 honor,
2577 1497 2691 1548 etc.

2113 1581 2371 1650 Populus.
2405 1582 2609 1636 Amen.

2112 1667 2370 1724 Sacerdos
2425 1670 2744 1725 inclinatus.
2794 1673 3004 1725 Eorum
3063 1670 3238 1725 etiam
3280 1670 3545 1727 omnium
3574 1671 3681 1742 qui

2042 1758 2328 1829 agonibus
2351 1758 2475 1815 suis
2504 1758 2610 1814 tibi
2632 1758 2997 1831 placuerunt,
3021 1763 3077 1814 et
3097 1775 3394 1815 summam
3416 1760 3681 1816 moribus

2040 1845 2163 1901 suis
2189 1845 2434 1917 gloriam
2462 1848 2756 1903 consecuti
2780 1851 2936 1913 sunt,
2961 1848 3049 1903 fac
3076 1848 3289 1903 bonam
3316 1847 3693 1918 memoriam,

2039 1935 2305 2001 Domine,
2334 1935 2443 1991 hoc
2466 1940 2723 2008 tempore
2746 1954 2759 1991 ε
2784 1941 3016 2008 patrum
3040 1936 3526 2008 patriarcharum,
3551 1954 3692 2009 pro-

2040 2024 2368 2097 phetarum,
2386 2024 2803 2096 apostolorum,
2818 2026 3288 2098 praedicatorum,
3303 2026 3680 2082 annuntiato-

2039 2129 2191 2181 rum,
2223 2113 2728 2186 evangelistarum,
2778 2115 3023 2169 Joannis
3068 2114 3366 2186 Baptistae,
3395 2115 3681 2187 Stephani

2038 2202 2287 2269 diaconi,
2317 2207 2374 2258 et
2427 2204 2733 2259 Genitricis
2794 2204 2890 2259 Dei
2949 2205 3162 2271 Marias,
3223 2221 3357 2260 cum
3404 2205 3684 2260 omnibus

2039 2291 2279 2347 sanctis.

2105 2381 2335 2436 Elevans
2357 2397 2552 2438 vorem.
2584 2382 2798 2436 Eorum
2820 2381 2915 2451 qui
2938 2382 3253 2437 certamine
3276 2380 3545 2437 athletico
3567 2399 3677 2438 suo

2037 2470 2294 2541 perfecti,
2324 2475 2381 2526 et
2410 2487 2591 2544 agone
2611 2471 2859 2541 justitiae
2907 2470 3300 2526 consummati
3352 2475 3510 2526 sunt.
3554 2470 3678 2526 Me-

2037 2563 2233 2614 mento
2265 2560 2464 2630 etiam,
2489 2558 2732 2615 Domine
2762 2576 2987 2627 eorum,
3020 2560 3196 2631 quiin
3229 2559 3475 2633 singulis
3490 2560 3684 2632 regio-

2035 2646 2208 2702 nibus
2230 2652 2285 2703 et
2306 2647 2637 2703 civitatibus
2659 2648 3004 2720 placuerunt
3034 2649 3160 2716 tibi,
3182 2650 3282 2721 qui
3308 2650 3526 2705 exitum
3549 2650 3682 2705 vita

2033 2735 2399 2808 inculpatum
2429 2737 2713 2793 habentes
2744 2754 2812 2793 ex
2839 2738 2949 2793 hoc
2980 2739 3200 2794 mundo
3232 2739 3492 2811 profecti,
3512 2739 3584 2795 ad
3617 2741 3677 2794 te

2032 2830 2433 2897 pervenerunt,
2467 2830 2524 2881 et
2543 2827 2613 2881 ad
2636 2826 2899 2883 caelestes
2921 2827 3125 2883 domos
3136 2826 3342 2883 elevati
3364 2832 3505 2882 sunt
3527 2843 3539 2880 :
3564 2827 3675 2882 Pa-

2031 2920 2189 2970 trum
2221 2914 2595 2986 antiquorum
2629 2920 2686 2971 et
2714 2916 3199 2988 patriarcharum,
3233 2916 3563 2987 principum
3585 2916 3675 2971 fa-

2032 3003 2347 3075 miliarum,
2376 3004 2473 3074 qui
2497 3004 2772 3075 mysteria
2799 3004 3070 3060 viderunt
3090 3008 3147 3060 et
3176 3003 3555 3060 revelationes
3576 3020 3679 3077 pe-

2030 3098 2423 3164 netraverunt,
2446 3109 2876 3150 ceconomorum
2894 3093 3313 3164 spiritualium,
3338 3093 3681 3165 praedicato-

2030 3198 2160 3237 rum
2192 3181 2600 3253 gloriosorum,
2632 3187 2689 3237 et
2717 3181 3062 3238 dilectorum
3092 3182 3199 3237 tibi
3235 3182 3675 3254 deprecantium

279 3286 508 3343 perum.
542 3275 625 3325 Da
654 3269 772 3325 illis
803 3269 1225 3325 abundantiam
1249 3270 1556 3336 bonorum,
1591 3286 1691 3341 pro
1721 3269 1915 3340 dispo-
1949 3255 1991 3321 C
2029 3275 2105 3337 te,
2138 3272 2356 3341 tibique
2402 3275 2771 3342 acceptorum
2830 3276 2888 3327 et
2941 3271 3414 3343 dispensatorum
3459 3272 3675 3329 domus

278 3360 492 3417 sitione
522 3359 786 3416 cordium
817 3375 1018 3415 eorum
1045 3376 1058 3415 :
1082 3362 1138 3414 et
1163 3375 1265 3431 pro
1287 3358 1455 3414 donis
1476 3358 1917 3431 temporalibus,

277 3452 351 3505 da
370 3449 489 3505 illis
518 3448 876 3504 afﬂuentiam
909 3447 1378 3503 benedictionum
1404 3447 1828 3503 ditissimarum
1862 3452 1920 3502 et

278 3538 761 3594 inamissibilium
788 3553 801 3593 :
834 3541 891 3592 et
916 3553 1018 3608 pro
1046 3537 1518 3609 possessionibus
1550 3553 1663 3591 non
1697 3552 1920 3608 perma-

275 3628 573 3703 nentibus,
606 3644 869 3700 praepara
890 3626 1005 3682 illis
1028 3625 1269 3682 delicias
1290 3627 1571 3697 beatas,et
1592 3628 1916 3683 mercedem

270 3716 870 3789 inconsumptibilem,
893 3721 951 3771 et
974 3732 1217 3771 munera
1247 3716 1463 3771 amoris
1480 3731 1616 3786 erga
1649 3715 1919 3773 homines

269 3807 378 3878 tui,
420 3808 691 3877 bonaque
739 3803 1034 3859 uberrima
1080 3804 1434 3859 haereditatis
1482 3808 1631 3860 tuae:
1688 3804 1825 3876 quia
1853 3810 1917 3860 tu

268 3896 461 3971 bonus
479 3911 562 3963 es,
585 3899 642 3949 et
662 3893 823 3948 dives
844 3893 901 3947 in
918 3893 1280 3959 muneribus,
1297 3891 1612 3964 largusque
1626 3894 1913 3949 donorum

270 3987 508 4039 tuorum
534 4000 547 4040 :
580 3988 637 4039 et
667 3982 771 4037 tibi
801 3981 1047 4054 gloriam
1080 3985 1137 4036 et
1166 3982 1486 4053 gratiarum
1521 3982 1809 4037 actionem
1830 3984 1917 4038 of-

274 4073 541 4128 ferimus.

343 4162 603 4232 Populus.
631 4162 835 4215 Amen.

340 4249 599 4305 Sacerdos
627 4250 948 4306 inclinatus.
1008 4248 1321 4315 Memento,
1380 4246 1647 4316 Domine,
1708 4264 1910 4321 regum

264 4338 720 4395 orthodoxorum
755 4338 887 4410 (28),
941 4338 1016 4393 da
1056 4335 1174 4392 illis
1221 4336 1523 4391 victoriam
1557 4337 1627 4391 de
1657 4336 1912 4394 inimicis

262 4428 408 4495 suis,
434 4431 492 4482 et
510 4427 723 4483 virtute
748 4424 1134 4499 omnipotenti
1159 4430 1259 4481 tua
1278 4426 1485 4480 robora
1503 4424 1656 4497 illos,
1679 4431 1735 4482 et
1749 4443 1914 4483 arma

260 4515 419 4572 illos.

2028 3365 2163 3416 tuae.
2198 3360 2491 3433 PrOpitius
2521 3365 2663 3428 esto,
2696 3360 2960 3426 Domine,
2990 3360 3398 3431 iniquitatibus
3429 3361 3674 3430 nostris,

2028 3466 2131 3521 per
2158 3450 2448 3505 orationes
2478 3465 2700 3505 eorum.
2733 3455 2811 3505 Da
2839 3450 3005 3506 nobis
3055 3455 3121 3504 ut
3153 3466 3289 3505 cum
3322 3450 3435 3506 ﬁde
3464 3450 3676 3506 ortho-

2028 3540 2196 3604 doxa,
2228 3540 2551 3594 secundum
2581 3542 2839 3594 exactam
2864 3539 3186 3594 doctrinam
3208 3555 3432 3605 eorum,
3463 3556 3675 3611 sequa-

2027 3645 2161 3683 mur
2189 3628 2419 3684 illorum
2443 3628 2705 3700 vestigia,
2730 3628 3029 3698 simusque
3050 3628 3307 3683 haeredes
3328 3628 3673 3699 promissio-

2028 3734 2169 3771 num
2202 3735 2327 3789 quae
2351 3717 2421 3772 ad
2445 3732 2541 3771 eos
2567 3717 2731 3771 factm
2750 3720 2908 3785 sunt,
2933 3716 3360 3788 participesque
3381 3717 3670 3773 mercedis

2027 3821 2229 3862 eorum
2255 3824 2268 3874 ;
2302 3810 2359 3862 et
2380 3823 2513 3862 cum
2543 3805 2626 3860 eis
2657 3806 2939 3872 laetemur,
2981 3804 3176 3876 adepti
3208 3821 3450 3861 coronas
3481 3806 3668 3861 victo-

2027 3898 2145 3968 riae,
2170 3894 2962 3967 atqueinteragminaeorum
2985 3910 3267 3949 canamus
3288 3894 3391 3949 tibi
3417 3894 3665 3966 gloriam

2027 3992 2084 4043 et
2113 3986 2347 4041 laudem
2379 3989 2435 4040 et
2464 3983 2764 4055 unigenito
2798 3982 2939 4038 Filio
2973 3991 3094 4039 tuo.

2094 4076 2361 4146 Populus.
2398 4074 2601 4127 Amen.

2094 4164 2357 4220 Sacerdos
2400 4162 2723 4216 inclinatus.
2776 4163 3315 4217 Commemoramus
3361 4177 3558 4217 coram
3607 4166 3667 4219 te

2021 4255 2131 4310 hoc
2161 4258 2440 4323 tempore,
2470 4250 2736 4317 Domine,
2769 4254 3034 4321 pastores
3077 4267 3243 4306 veros
3288 4254 3348 4306 et
3392 4252 3664 4307 doctores

2021 4344 2300 4409 sinceras,
2332 4356 2536 4397 omnes
2568 4339 2761 4394 Patres
2805 4337 3019 4395 electos
3049 4344 3106 4394 et
3153 4340 3375 4409 beatos,
3408 4340 3665 4397 maxime

2018 4449 2151 4489 vero
2182 4428 2999 4504 Ignatium,Dionysium,cum
3021 4428 3263 4500 reliquis
3275 4429 3503 4485 dilectis
3518 4431 3663 4485 tuis.

2090 4523 2318 4578 Elevans
2350 4534 2542 4573 vocem.
2577 4517 2687 4572 Eos
2732 4516 2833 4588 qui
2873 4534 3052 4590 super
3097 4521 3322 4589 petram
3353 4518 3663 4574 inconcus-

335 4606 567 4661 Elevans
587 4622 784 4661 vocem.
809 4605 1052 4661 Ordines
1092 4603 1267 4660 etiam
1292 4602 1537 4671 militias,
1575 4604 1769 4676 copias
1787 4604 1907 4661 bel-
1940 4621 1985 4684 Ι)
2019 4628 2143 4669 sam
2175 4607 2558 4666 confessionis
2584 4606 2936 4678 apostolicae,
2970 4606 3422 4674 aediﬁcavsrunt,
3457 4612 3515 4663 et
3543 4611 3663 4665 sta-

264 4694 433 4760 licas,
463 4695 734 4767 viresque
779 4710 1111 4767 regnorum,
1148 4710 1271 4763 quae
1304 4693 1412 4747 sub
1437 4695 1581 4764 jugo
1612 4695 1908 4750 servitutis

265 4784 457 4841 crucis
478 4788 588 4839 tuae
611 4784 869 4839 victricis
888 4782 1265 4851 inclinantur,
1289 4786 1346 4837 et
1366 4782 1600 4853 signum
1624 4782 1909 4854 unigeniti

263 4871 393 4926 Filii
424 4872 511 4927 tui
546 4876 761 4939 tenent,
812 4876 1085 4943 tanquam
1138 4887 1302 4926 arma
1344 4870 1573 4935 salutis,
1602 4872 1824 4942 'adjuva
1853 4877 1911 4928 et

262 4960 441 5029 salva,
478 4961 738 5017 Domine.
770 4961 1217 5033 Conjuratioues
1248 4960 1510 5032 gentium
1537 4960 1905 5017 inimicarum

334 5067 446 5138 (28)
476 5072 764 5134 Memento,
818 5070 1072 5135 Domine,
1122 5083 1312 5138 regum
1338 5066 1805 5138 rorthodoworum.
1842 5070 1905 5123 In

263 5137 393 5193 aliis
426 5137 603 5209 hujus
634 5140 862 5210 generis
895 5137 1191 5210 formulis,
1217 5137 1416 5209 quales
1448 5145 1762 5193 occurrunt
1791 5158 1905 5196 non

268 5213 801 5281 paucaquasdam
832 5215 1049 5267 tractas
1078 5227 1146 5265 ex
1180 5210 1353 5265 veteri
1386 5210 1697 5281 disciplina
1728 5212 1907 5268 fuisse

270 5280 546 5337 Credibile
576 5288 698 5337 est:
738 5285 905 5338 istam
943 5300 1053 5338 non
1087 5282 1402 5354 item.Nam
1437 5281 1667 5354 planam
1700 5290 1757 5337 et
1779 5301 1907 5354 per-

268 5354 532 5424 spicuam
552 5354 871 5410 orationem
886 5355 1143 5409 continet
1157 5370 1256 5424 pro
1276 5352 1621 5426 Christianis
1636 5352 1908 5426 principi-

270 5426 403 5493 bus,
426 5430 488 5481 ut
508 5426 763 5482 inimicis
786 5427 917 5482 ﬁdei
939 5426 1266 5495 superiores
1292 5426 1434 5478 tiant
1455 5424 1648 5479 divino
1671 5424 1904 5495 auxilio,

267 5500 325 5578 et
382 5513 483 5578 pro
541 5498 808 5578 fidelium
862 5498 1264 5578 debellatione,
1319 5497 1472 5568 quod
1521 5512 1648 5578 qua
1686 5497 1908 5578 ratione

265 5566 614 5625 Christianis
642 5571 927 5640 moribus,
959 5569 1189 5640 legibus
1216 5566 1479 5640 ipsorum
1517 5566 1906 5625 Orientalium

265 5586 614 5625 unrisuams
642 5586 927 5640 mOI'lDUB,
959 5586 1013 5624 1e
1057 5586 1189 5624 mus
1216 5586 1479 5638 ipsorum
1517 5586 1906 5625 urientauum

257 5639 689 5721 ecclesiasticis,
724 5648 780 5698 et
808 5586 1086 5721 exempﬁs
1134 5638 1440 5695 convenire
1484 5639 1690 5721 possit,
1720 5641 1907 5721 expli-

256 5726 387 5779 care
416 5710 583 5777 facile
612 5729 726 5771 non
754 5717 863 5772 est.
895 5710 1043 5772 Nam
1073 5727 1242 5771 orare
1282 5727 1385 5787 pro
1417 5710 1904 5785 principibus'in-

2020 4701 2333 4756 biliverunt
2376 4697 2569 4766 (idem,
2623 4696 3123 4767 extenderuntque
3169 4702 3228 4752 et
3274 4696 3666 4752 dilataverunt

2019 4788 2335 4846 tentorium
2365 4784 2635 4839 Ecclesiae
2676 4788 2813 4853 tuae,
2847 4801 2880 4839 a
2926 4785 3143 4841 finibus
3197 4802 3380 4856 usque
3410 4786 3484 4841 ad
3516 4786 3664 4842 fines

2017 4884 2218 4935 terrae:
2251 4876 2351 4948 qui
2396 4874 2827 4929 aediﬁcaverunt
2876 4874 3023 4930 ovile
3069 4880 3236 4929 tuum
3294 4875 3355 4929 in
3388 4876 3662 4931 universa

2014 4972 2171 5024 terra
2224 4963 2566 5021 habitabili:
2623 4963 2722 5035 qui
2778 4963 2838 5018 in
2896 4962 3078 5035 pratis
3126 4963 3553 5036 spiritualibus,
3604 4969 3662 5020 et

2017 5074 2291 5131 fidelibus
2336 5071 2506 5141 jubet
2552 5069 2881 5125 Christiana
2938 5070 3163 5141 religio,
3224 5076 3279 5125 et
3322 5070 3665 5127 testimonia

2018 5147 2203 5202 multa
2222 5149 2504 5209 veterum,
2538 5145 2603 5195 ut
2630 5141 3030 5195 Alexandriam
3063 5143 3326 5197 Historiae
3359 5142 3549 5213 palam
3575 5143 3661 5197 fa-

2017 5220 2199 5284 ciunt,
2233 5222 2290 5271 et
2318 5212 2659 5286 Egyptiacae
2703 5229 2933 5286 quoque
2966 5213 3257 5286 Liturgias,
3299 5212 3373 5268 ad
3400 5232 3548 5282 quas
3577 5215 3661 5267 vi-

2017 5291 2207 5345 denda
2238 5305 2364 5359 qua:
2390 5284 2746 5359 notavimus.
2783 5284 2981 5359 Neque
3016 5285 3114 5339 ulli
3142 5284 3217 5359 ea
3245 5286 3664 5359 quogMuhame

2018 5361 2152 5416 dani
2184 5356 2376 5414 rerum
2410 5358 2468 5410 in
2501 5356 2736 5415 Oriente
2769 5356 2933 5427 potiti
2972 5363 3129 5423 sunt,
3180 5357 3479 5425 Jacobitaa,
3512 5356 3663 5413 tales

2018 5432 2310 5505 principes
2338 5430 2691 5505 habuerunt,
2715 5427 2918 5498 quales
2940 5427 3048 5482 hac
3066 5428 3330 5505 oratione
3351 5429 3663 5505 designan-

2015 5498 2132 5568 tur,
2168 5498 2319 5571 quod
2350 5499 2575 5571 notavit
2599 5505 2658 5557 in
2690 5502 3116 5558 Commentario
3173 5500 3244 5554 ad
3278 5498 3435 5571 hunc
3464 5498 3662 5555 locum

2017 5570 2322 5639 Barsalibi,
2358 5571 2458 5643 qui
2506 5570 2681 5630 etiam
2735 5571 3079 5643 abbreviari
3105 5570 3399 5643 diptycha,
3430 5571 3539 5627 hac
3589 5572 3664 5628 de

2018 5662 2195 5703 causa
2222 5641 2493 5718 testatur._
2520 5643 2651 5718 llaec
2674 5642 2853 5718 igitur
2871 5641 3123 5718 formula
3150 5641 3305 5702 inter
3330 5643 3661 5717 singulares

2018 5723 2074 5777 et
2103 5716 2416 5776 inusitatas
2443 5713 2677 5775 videtur
2700 5713 3058 5789 reponenda.
