4094 6202
357 382 451 443 613

1815 371 2259 434 LITURGICA.

3623 385 3740 444 614

357 511 687 586 evangelicis
718 508 1080 567 fortitudinis
1119 511 1541 580 tue,paverunt
1569 524 1705 563 oves
1723 510 1857 562 tuas
1889 523 1979 561 ra-
2011 507 2062 573 Α
2095 507 2320 578 piorum
2345 507 2550 561 animae
2581 508 2871 579 primitias
2900 510 3028 564 vitae
3059 511 3279 582 absque
3313 510 3510 569 labore
3540 531 3740 589 exspe-

357 603 597 669 tionales,
633 606 688 657 et
717 617 893 672 super
965 617 1147 670 aquas
1178 598 1393 669 quietis
1414 599 1780 653 deduxerunt
1801 613 1984 669 agnos

355 694 526 767 gregis
557 690 681 746 tui:
717 691 817 762 qui
850 705 1044 745 coram
1080 689 1314 761 regibus
1344 693 1400 743 et
1430 687 1691 759 tyrannis
1713 687 1987 758 praedica-

353 786 540 840 verunt
556 779 935 852 Evangelium
952 784 1143 844 tuum,
1165 785 1222 833 et
1243 794 1438 833 coram
1452 776 1754 848 judicibus
1771 776 1985 847 iniquis

354 872 829 928 confirmaverunt
875 867 1216 939 religionem
1266 871 1468 921 tuam:
1504 865 1602 937 qui
1665 870 1868 936 gentes
1926 866 1983 918 in

353 960 589 1016 tenebris
613 957 960 1013 constitutas
975 957 1312 1011 direxerant
1325 960 1501 1027 atque
1523 954 1984 1018 illustraverunt,

356 1051 787 1118 docueruntque
818 1045 947 1100 illas
979 1046 1134 1117 quod
1165 1045 1224 1099 in
1241 1045 1451 1099 umbra
1470 1044 1682 1099 erroris
1696 1044 1987 1111 sederent,

353 1138 570 1208 illisque
599 1137 1152 1190 demonstraverunt
1180 1133 1380 1188 lumen
1414 1132 1671 1188 scientiaa
1711 1136 1842 1186 tua}.
1879 1131 1986 1198 Qui

357 1225 567 1282 semina
583 1225 736 1279 bona
758 1222 893 1278 fidei
913 1221 1418 1278 seminaveruntin
1442 1221 1611 1276 terris
1633 1221 1984 1285 animarum,

358 1320 406 1371 et
430 1316 824 1386 purgaverunt
852 1328 1021 1383 agros
1045 1310 1203 1382 sylva
1220 1310 1524 1382 spinarum
1548 1314 1604 1365 et
1632 1310 1986 1365 zizaniorum

360 1402 566 1477 peccati
591 1419 604 1458 :
631 1401 731 1473 qui
763 1400 1013 1472 propriis
1025 1399 1401 1471 passionibus
1431 1400 1787 1454 reduxerunt
1807 1399 1990 1470 capti-

359 1494 583 1547 vitatem
623 1489 824 1563 populi
863 1489 951 1544 tui
999 1506 1029 1544 a
1063 1492 1350 1561 potestate
1380 1489 1512 1543 duri
1542 1493 1599 1544 et
1637 1487 1902 1561 maligni,
1935 1493 1990 1542 et

362 1580 636 1653 sanguine
665 1579 954 1636 cervicum
1005 1595 1246 1634 suarum
1285 1578 1680 1633 liberaverunt
1733 1593 1860 1633 eam
1919 1578 1990 1633 ab

359 1669 726 1743 oppressione
756 1666 988 1723 rebellis
1036 1666 1236 1722 illius:
1290 1671 1366 1722 Ut
1410 1683 1514 1738 per
1557 1667 1991 1738 deprecationes

360 1775 549 1815 eorum
591 1757 1046 1830 prepitiatorias,
1087 1762 1144 1811 et
1174 1773 1274 1828 per
1326 1756 1756 1811 obsecrationes
1787 1772 1988 1811 eorum

2094 600 2254 650 ctant
2281 597 2417 665 (29),
2437 603 2494 650 et
2523 598 2766 667 spiritus
2789 599 3092 668 justorum.
3119 602 3189 656 ad
3222 601 3395 656 ﬁdem
3427 607 3737 674 promissa:

2095 686 2378 739 mercedis
2404 687 2616 755 pariter
2645 688 2990 743 attendunt:
3027 689 3082 742 in
3116 706 3182 744 ea
3213 691 3445 763 regione
3477 695 3574 749 ubi
3602 711 3738 767 ope-

2095 773 2232 829 rarii
2265 778 2319 828 et
2351 773 2570 844 fatigati
2601 776 2936 846 paradisum
2969 777 3280 848 aspiciunt,
3306 785 3361 835 et
3387 781 3613 839 invitati
3666 787 3738 840 ad

2095 863 2331 934 nuptias
2363 880 2643 935 sponsum
2677 863 2968 919 caelestem
3015 867 3349 923 desiderant
3381 885 3394 924 :
3427 871 3524 926 ubi
3549 875 3736 930 vocati

2096 953 2166 1008 ad
2224 952 2572 1014 convivium,
2627 957 2690 1006 ut
2740 954 3059 1008 ascendant
3106 956 3535 1030 przestolantur,
3589 966 3646 1016 et
3674 967 3740 1018 ut

2096 1041 2304 1096 stolam
2324 1041 2481 1096 illam
2498 1058 2703 1096 novam
2727 1042 2925 1113 gloriae
2947 1044 3284 1114 acccipiant,
3309 1029 3576 1104 ardenter
3601 1068 3736 1106 con-

2095 1129 2435 1201 cupiscunt:
2471 1130 2623 1184 unde
2654 1131 2870 1185 absunt
2899 1133 3347 1199 mcestiludines,
3379 1140 3434 1190 et
3466 1139 3564 1192 uhi
3589 1156 3736 1211 gau-

2098 1218 2193 1273 dia
2222 1219 2621 1289 reperiuntur:
2660 1236 2812 1274 unus
2845 1220 2999 1274 enim
3027 1222 3264 1276 omnino
3297 1228 3354 1277 et
3384 1224 3543 1281 solus
3573 1228 3734 1283 visus

2099 1313 2186 1364 est
2206 1324 2320 1362 non
2344 1307 2604 1362 irretitus
2619 1309 2991 1379 passionibus
3010 1312 3248 1380 peccati,
3288 1329 3356 1367 ex
3374 1313 3489 1369 illis
3513 1316 3611 1386 qui
3632 1316 3741 1371 hu-

2100 1414 2272 1452 mano
2304 1413 2541 1468 corpore
2564 1397 2752 1451 induti
2776 1398 3030 1467 fuerunt,
3055 1399 3273 1454 scilicet
3293 1401 3741 1461 JesusChristus

2099 1485 2376 1540 Dominus
2403 1490 2598 1540 noster
2627 1486 2963 1557 unigenitus
3015 1486 3199 1543 Filius
3244 1494 3380 1546 tuus
3425 1509 3526 1563 per
3558 1511 3734 1564 quem

2102 1593 2207 1630 nos
2223 1574 2400 1629 etiam
2423 1591 2727 1645 speramus
2751 1575 3213 1633 misericordiam
3239 1581 3538 1653 consequi,
3563 1588 3671 1638 etc.

2171 1665 2428 1735 Populus.
2462 1664 2720 1728 Quietem
2745 1669 2975 1736 praesta.

2170 1753 2433 1808 Sacerdos
2503 1753 2721 1807 elevans
2794 1770 2990 1810 vocem.
3077 1757 3273 1825 Aufer,
3362 1758 3618 1830 ignosce,
3697 1768 3752 1818 et

357 1846 735 1919 acceptabiles
792 1862 988 1902 coram
1021 1851 1102 1912 te,
1142 1846 1424 1901 concedas
1456 1845 1624 1900 nobis
1657 1862 1846 1900 mores
1900 1862 1990 1899 ca-
2026 1881 2074 1944 Β
2104 1842 2229 1897 dele
2262 1846 2497 1913 peccata
2559 1848 2777 1911 nostra,
2811 1843 2964 1898 Deus
2997 1861 3123 1916 quze
3182 1849 3590 1906 commisimus
3649 1869 3751 1924 per

359 1943 493 2004 stos,
526 1941 586 1992 et
605 1934 1206 2006 inculpabiles,fidem
1231 1939 1466 2000 rectam,
1500 1938 1557 1988 et
1577 1933 1994 2005 incorruptam,

355 2027 526 2082 vitam
559 2029 808 2091 castam,
843 2040 1030 2095 neque
1046 2023 1471 2096 perturbationi
1491 2024 1820 2090 obnoxiam,
1845 2024 2002 2077 dona

359 2114 633 2171 sublimia
664 2119 720 2168 et
777 2117 998 2179 sancta,
1059 2111 1468 2167 liberationem
1501 2129 1534 2166 a
1581 2111 1999 2166 tentationibus

361 2205 617 2276 asperis:
650 2203 839 2258 exitus
859 2205 1091 2274 paratos
1123 2205 1180 2257 et
1207 2200 1652 2272 insuperabiles,
1685 2201 1858 2256 finem
1908 2201 2003 2255 bo-

361 2310 499 2349 num
541 2297 603 2348 et
656 2289 1103 2359 immutabilem,
1135 2290 1288 2345 bona
1335 2289 1701 2361 amplissima
1756 2295 1812 2344 et
1871 2307 2004 2361 pro-

363 2383 563 2449 missa,
623 2380 862 2436 delicias
929 2383 1362 2451 permanentes,
1417 2378 1810 2433 haereditatem
1871 2396 2003 2433 cum

361 2472 602 2536 sanctis,
632 2469 906 2524 fiduciam
939 2468 1133 2523 standi
1165 2484 1360 2522 coram
1392 2466 1535 2522 solio
1580 2472 1678 2522 tuo
1735 2467 2002 2536 terribili,

361 2561 499 2634 quia
525 2565 592 2615 tu
634 2558 967 2614 misericors
998 2574 1081 2626 es,
1112 2556 1312 2629 largus
1356 2556 1414 2611 in
1473 2557 1834 2624 muneribus,
1866 2557 2007 2612 tibi-

359 2667 470 2723 que
501 2647 749 2722 gloriam
781 2651 838 2702 et
863 2645 1097 2701 laudem
1129 2646 1466 2712 referemus,
1499 2650 1606 2701 etc.

428 2739 694 2809 Papulas.
719 2741 924 2790 Amen.

429 2827 689 2883 Sacerdos
718 2824 1043 2880 inclinatus.
1069 2824 1148 2878 Ed
1183 2824 1252 2878 ad
1285 2823 1465 2880 altare
1495 2831 1661 2881 tuum
1704 2826 2007 2898 spirituale

355 2921 412 2973 et
442 2921 741 2981 sanctum,
775 2914 1036 2981 Domine,
1070 2917 1279 2984 praesta
1328 2913 1601 2984 quietem,
1663 2915 2006 2970 memoriam

354 3007 574 3061 bonam
592 3009 648 3060 et
667 3001 1002 3058 felicitatem
1026 3002 1301 3056 omnibus
1320 3002 1650 3069 animabus,
1667 3005 2008 3075 corporibus

361 3100 417 3150 et
447 3093 778 3166 spiritibus,
810 3095 1064 3161 patrum,
1106 3090 1350 3145 fratrum
1391 3096 1448 3145 et
1477 3092 1861 3163 magistorum
1904 3111 2007 3149 no-

361 3189 620 3239 strorum
639 3181 925 3247 omnium,
941 3179 1332 3250 corporalium
1353 3184 1454 3234 aut
1467 3181 1881 3252 spiritualium,
1907 3183 2005 3254 qui

2111 1931 2390 1985 remissas
2440 1931 2841 2002 cogitationes,
2900 1937 2957 1987 et
2993 1949 3119 2003 quae
3178 1952 3210 1988 a
3249 1937 3495 2006 pueritia
3553 1946 3753 1997 nostra

2111 2021 2181 2075 ad
2229 2024 2584 2074 senectutem
2637 2037 2846 2091 usque,
2896 2027 3095 2093 aperta
3125 2027 3181 2077 et
3211 2030 3346 2080 nota
3397 2033 3554 2095 sunt,
3599 2030 3754 2086 Deus

2114 2113 2345 2164 noster;
2431 2108 2757 2163 voluntaria
2804 2110 2923 2164 sive
2998 2110 3411 2183 involuntaria,
3488 2133 3554 2171 ea
3610 2136 3756 2190 pra:-

2113 2198 2314 2253 sertim
2347 2197 2563 2267 quibus
2615 2198 2672 2251 in
2728 2199 2936 2253 saculo
2987 2199 3111 2254 sine
3165 2202 3299 2269 ﬁne,
3348 2205 3756 2264 condemnatio

2115 2291 2436 2359 praeparata
2461 2290 2568 2342 est.
2605 2287 2687 2341 Da
2717 2287 2885 2342 nobis
2917 2293 2981 2342 ut
3011 2291 3244 2359 quando
3267 2292 3415 2361 justi
3456 2294 3516 2348 in
3547 2295 3754 2353 horrea

2113 2375 2319 2430 trictici
2335 2375 2687 2443 deferentur,
2705 2380 2759 2430 et
2774 2376 2939 2447 impii
2954 2378 3120 2448 quasi
3135 2377 3298 2449 palea
3316 2382 3752 2456 comburentur,

2115 2471 2181 2521 ut
2211 2467 2362 2521 inter
2391 2466 2628 2537 agmina
2673 2470 3007 2521 sanctorum
3048 2471 3280 2523 tuorum
3331 2470 3641 2530 laudemus
3673 2479 3751 2542 te,

2116 2559 2324 2610 etcum
2356 2553 2578 2626 angelis
2609 2554 2726 2609 tuis
2749 2571 3029 2610 canamus
3061 2557 3354 2614 dicentes:
3405 2561 3750 2618 Benedictus

2115 2643 2213 2699 ille
2244 2644 2343 2716 qui
2374 2643 2530 2698 venit
2559 2644 2629 2698 ad
2662 2643 2910 2699 salutem
2932 2650 3210 2712 nostram,
3235 2652 3292 2702 et
3319 2666 3474 2705 nunc
3499 2653 3652 2706 venit
3683 2653 3754 2707 ad

2117 2733 2547 2789 innovationem
2583 2737 2866 2798 nostram,
2903 2739 2968 2788 ut
2993 2734 3050 2788 in
3088 2735 3196 2791 hoc
3219 2738 3368 2792 sicut
3397 2742 3453 2793 et
3476 2739 3536 2793 in
3560 2742 3752 2796 omni-

2117 2824 2250 2890 bus,
2267 2823 2336 2876 ab
2349 2822 2622 2877 omnibus
2641 2822 3060 2893 gloriﬁceturet
3081 2823 3352 2880 laudetur
3368 2844 3576 2883 nomen
3589 2833 3760 2886 tuum

2118 2912 2524 2968 honorandum
2556 2915 2611 2966 et
2627 2911 3017 2983 benedictum,
3043 2918 3099 2968 et
3117 2913 3294 2968 simul
3316 2915 3547 2971 Domini
3572 2920 3755 2976 nostri

2116 3001 2257 3056 Jesu
2291 3000 2528 3065 Christi,
2561 3004 2616 3054 et
2641 2999 2891 3072 Spiritus
2920 3001 3004 3055 tui
3038 3003 3224 3058 sancti
3257 3022 3433 3072 nunc,
3457 3010 3568 3062 etc.

2189 3090 2453 3159 Populus.
2485 3089 2668 3144 Sicut.

2191 3179 2466 3234 Sacerdos.
2497 3179 2632 3233 Pax.

363 3275 422 3328 in
454 3271 796 3344 regionibus
825 3270 1296 3341 quibuscunque,
1320 3251 1670 3338 civitatibus,
1703 3276 1803 3326 aut
1832 3251 2007 3344 parti-
2039 3251 2081 3316 C
2189 3270 2446 3339 Populus.
2483 3269 2549 3322 Et
2577 3285 2709 3323 cum
2741 3269 2953 3341 spiritu
2986 3274 3107 3326 tuo.

366 3362 478 3417 bus
510 3359 768 3416 defuncti
801 3363 961 3426 sunt,
993 3362 1092 3413 aut
1123 3358 1389 3413 suffocati
1413 3358 1472 3413 in
1505 3360 1672 3428 mari,
1697 3360 1783 3415 vel
1818 3361 2009 3415 ﬂumi-

370 3450 568 3517 nibus,
602 3453 706 3504 aut
735 3449 793 3502 in
825 3448 1033 3503 itinere
1063 3447 1356 3514 obierunt,
1382 3451 1437 3502 et
1458 3465 1705 3518 quorum
1726 3450 2010 3505 memoria

370 3538 523 3592 facta
553 3555 668 3592 non
691 3541 781 3592 est
806 3537 862 3590 in
896 3535 1167 3591 Ecclesiis
1199 3553 1375 3607 super
1403 3541 1615 3591 terram
1648 3539 2004 3595 constitutis.

371 3627 474 3693 Tu,
504 3625 768 3695 Domine,
821 3631 1032 3696 praesta
1077 3623 1194 3679 illis
1226 3625 1571 3679 memoriam
1637 3627 1871 3696 bonam,
1907 3629 2007 3700 qui

379 3715 624 3771 defuncti
657 3720 797 3770 sunt
827 3719 884 3770 et
913 3715 983 3769 ad
1017 3718 1072 3768 te
1105 3714 1520 3785 migraverunt,
1561 3714 1618 3768 in
1669 3715 1780 3771 fide
1813 3718 2007 3773 ortho-

380 3803 534 3872 doxa,
569 3804 746 3859 simul
779 3820 910 3858 cum
943 3802 1080 3870 illis,
1105 3819 1356 3874 quorum
1388 3803 1628 3858 nomina
1657 3805 1715 3859 in
1747 3804 2007 3863 librotuo

377 3891 496 3946 vitae
516 3893 856 3964 consignata
881 3895 1037 3947 sunt.

447 3982 663 4038 Elevans
694 3997 892 4037 vocem.
929 3980 1048 4035 Illis
1090 3979 1364 4036 omnibus
1422 3981 1520 4052 qui
1586 3983 1839 4038 stadium
1881 3984 2007 4039 vitae

378 4065 761 4133 decurrentes,
821 4067 1059 4139 perfecti
1112 4072 1168 4124 et
1197 4067 1457 4138 praeclari
1506 4085 1697 4124 coram
1744 4075 1797 4126 te
1830 4088 2007 4144 appa-

377 4162 605 4212 ruerunt
635 4163 692 4213 et
720 4175 789 4213 ex
816 4155 1157 4212 delictorum
1190 4156 1392 4229 pelago
1432 4157 1660 4213 liberati
1691 4161 1761 4214 ad
1792 4164 1848 4216 te
1879 4179 2008 4232 per-

373 4251 670 4315 venerunt,
702 4245 965 4319 patribus
997 4250 1052 4301 et
1098 4246 1378 4301 fratribus
1410 4247 1625 4302 nostris
1683 4252 2007 4306 secundum

372 4348 591 4391 carnem
626 4341 684 4391 et
724 4335 998 4407 spiritum
1034 4352 1047 4390 :
1084 4335 1365 4391 fratribus
1395 4335 1637 4407 inquam
1670 4338 1886 4395 nostris
1925 4357 2010 4396 se-

375 4424 622 4480 cundum
678 4441 893 4496 corpus
925 4429 982 4479 et
1040 4425 1364 4480 secundum
1423 4427 1702 4494 animam,
1753 4429 2006 4499 quietem

371 4513 859 4582 presta,Domine,
892 4514 951 4567 io
981 4513 1116 4569 sinu
1149 4513 1250 4568 illo
1269 4514 1559 4585 spirituali
1580 4519 1636 4570 et
1658 4533 1890 4589 magno.
1927 4519 2007 4573 Da

2188 3358 2470 3413 Sacerdos.
2505 3356 2910 3412 Misericordia
2941 3359 3040 3414 Dei
3073 3361 3209 3427 sint,
3240 3367 3347 3417 etc.

2193 3448 2450 3519 Populus.
2484 3447 2550 3501 Et
2579 3463 2713 3501 cum
2744 3448 2953 3518 spiritu
2986 3453 3109 3505 tuo.

2191 3537 2483 3590 Diaconus.
2515 3536 2794 3607 Angelus,
2823 3542 2936 3591 etc.

2188 3635 2446 3690 Sacerdos
2489 3637 2699 3705 frangit
2743 3635 3001 3690 oblatam.
3060 3637 3329 3693 Diaconus
3383 3639 3517 3696 dicit
3567 3642 3765 3698 Catho-

2119 3726 2307 3781 licam.

2188 3815 2446 3870 Sacerdos
2467 3813 2600 3868 dicz’t
2625 3812 2936 3869 Orationem
2965 3825 3094 3870 ante
3121 3817 3289 3872 Pater
3318 3823 3534 3876 noster.

2189 3904 2342 3958 Deus
2374 3903 2471 3974 qui
2496 3920 2597 3974 per
2613 3903 2883 3974 spiritum
2908 3909 3073 3959 tuum
3097 3905 3327 3963 locutus
3348 3924 3410 3964 es
3433 3909 3489 3963 in
3515 3911 3760 3984 prophe-

2116 3993 2213 4057 tis,
2241 3996 2297 4046 et
2327 3992 2650 4063 praedicasti
2674 4009 2774 4062 per
2799 3993 3091 4064 apostolos
3114 3995 3437 4052 doctrinam
3465 4000 3763 4056 sufﬁcien-

2117 4085 2234 4136 tem
2267 4082 2337 4136 ad
2361 4081 2764 4152 inspirandam
2798 4082 3091 4139 mentibus
3122 4085 3336 4141 nostris
3388 4089 3766 4160 sapientiam,

2119 4174 2174 4224 et
2214 4186 2316 4240 per
2336 4185 2434 4224 eos
2456 4170 2881 4225 commendasti
2906 4171 3049 4226 illud
3073 4174 3225 4243 quod
3258 4190 3467 4231 sensus
3486 4177 3769 4248 spiritua-

2116 4257 2201 4313 les
2223 4257 2432 4313 anima;
2450 4263 2748 4330 purgaret,
2767 4264 2822 4313 et
2840 4261 2994 4331 quod
3022 4262 3173 4317 ostia
3193 4268 3390 4334 aperta
3410 4266 3617 4338 capitis
3639 4285 3767 4324 cor-

2121 4348 2278 4419 poris
2311 4347 2493 4403 nostri
2519 4348 2826 4402 mundaret
2855 4365 2866 4402 :
2905 4351 3282 4407 obsecramus
3304 4358 3360 4408 et
3381 4357 3768 4426 deprecamur

2120 4452 2378 4491 amorem
2418 4451 2555 4507 erga
2587 4435 2853 4491 homines
2885 4443 3075 4505 tuum,
3108 4444 3164 4495 et
3211 4440 3554 4498 charitatem
3603 4449 3764 4501 tuam

2116 4524 2410 4592 eximiam,
2442 4530 2506 4579 ut
2535 4525 2761 4596 aperias
2814 4544 2983 4582 aures
3010 4529 3272 4584 cordium
3329 4536 3662 4588 nostrorum
3691 4535 3764 4589 ad

369 4595 486 4693 illis
513 4602 780 4672 spiritum
812 4601 1009 4672 gaudii
1041 4601 1104 4657 in
1136 4602 1487 4658 habitaculis
1510 4605 1658 4660 lucis
1689 4611 1745 4661 et
1776 4606 2008 4678 laetitiae,
2040 4624 2086 4687 D
2117 4614 2472 4669 audiendam
2516 4595 2849 4670 orationem
2882 4616 3268 4686 Dominicam,
3309 4637 3434 4692 quae
3489 4624 3620 4693 ipsa
3671 4628 3765 4678 est

369 4685 436 4740 in
464 4691 844 4747 tabernaculis
875 4693 1094 4746 umbra:
1124 4697 1181 4746 et
1218 4693 1453 4764 quietis,
1486 4697 1542 4748 et
1571 4693 1865 4752 thesauris
1903 4715 2008 4752 vo-

370 4775 611 4849 luptum,
671 4781 828 4836 unde
876 4779 1048 4852 longe
1095 4782 1258 4837 abest
1297 4782 1489 4838 omnis
1547 4785 1848 4854 mmstitia,
1906 4789 2007 4844 ubi

464 4939 566 5007 29-)
598 4943 696 4998 Ubi
720 4943 943 5013 piorum
981 4944 1180 4997 animae
1208 4944 1497 5013 primitias
1526 4945 1652 4998 vitae
1681 4946 1881 5015 absque
1921 4947 2001 5001 la-

370 5006 495 5064 bore
519 5006 1015 5084 eapectdntLocus
1041 5006 1230 5080 iste,et
1259 5031 1381 5084 quae
1397 5022 1725 5085 sequuntur
1754 5006 1824 5071 ad
1856 5035 2006 5073 com-

368 5093 596 5160 munem
627 5090 958 5160 Graacorum
1004 5086 1334 5160 opinionem
1375 5087 1647 5160 videntur
1683 5089 2002 5160 referenda,

365 5153 466 5238 Qui
496 5156 979 5238 animas-piorum
1012 5153 1197 5227 usque
1228 5158 1298 5238 ad
1339 5157 1548 5238 Iulti'mi
1586 5159 1797 5228 judicii
1845 5153 2001 5238 diem

365 5223 572 5280 caelesti
604 5223 978 5303 beatitudine
998 5223 1121 5282 noxi
1138 5229 1350 5303 perfrui
1385 5223 1758 5303 existimant;
1797 5249 1912 5303 qua
1933 5236 2003 5289 de

363 5299 721 5372 re,rna}ima
761 5299 1031 5372 Ferrariae
1060 5304 1118 5372 _et
1159 5299 1466 5372 Florentiae
1522 5299 1831 5358 contentio“
1870 5306 1999 5372 fuit,

361 5370 436 5418 ut
461 5367 523 5423 de
553 5370 889 5443 Purgatorio
927 5388 939 5425 :
974 5370 1112 5441 quia
1141 5371 1266 5425 dua
1299 5371 1407 5425 illae
1439 5375 1788 5443 quaestiones
1820 5367 2000 5432 maxiQ

360 5450 518 5517 {nam
533 5442 698 5517 inter
719 5458 781 5498 se
802 5442 1022 5517 habent
1035 5443 1399 5517 affinitatem.
1416 5442 1502 5517 De
1523 5444 1629 5499 hoc
1654 5453 2002 5517 argumento

359 5507 489 5565 fuse
517 5513 738 5570 dictum
769 5518 859 5569 est
889 5513 1026 5569 alibi
1056 5513 1157 5586 (a).
1205 5514 1356 5586 Sane
1401 5507 1832 5574 Graecoruni'de
1876 5521 1998 5575 ani-

355 5595 586 5640 marum
616 5590 753 5659 post
793 5590 1040 5641 mortem
1065 5585 1428 5655 'conditione,
1461 5588 1748 5645 absurdas
1794 5591 2000 5664 opina-

434 5709 514 5785 (a)
541 5710 700 5771 Pcrv.
731 5713 780 5776 t.
819 5713 890 5786 ν,
919 5709 965 5774 l.
1002 5726 1127 5786 vm,
1149 5726 1201 5772 c.
1233 5709 1287 5771 9.

2119 4719 2296 4773 quam
2340 4702 2615 4757 Dominus
2674 4708 2732 4758 et
2762 4704 2914 4759 Deus
2952 4711 3148 4761 noster
3202 4709 3539 4781 unigenitus
3584 4710 3766 4767 Filius

2116 4796 2274 4858 tuus,
2309 4790 2553 4845 initiatis
2611 4793 2886 4864 mysterio
2937 4810 3041 4849 suo
3089 4801 3146 4851 et
3194 4797 3581 4854 familiaribus
3638 4800 3766 4857 suis

2115 4950 2319 5004 tiones.
2358 4951 2751 5006 Orientalibus
2776 4952 3002 5023 ignotas
3033 4970 3158 5009 esse
3189 4956 3580 5013 certissimum
3611 4958 3763 5014 vide-

2115 5026 2228 5100 tur.
2256 5024 2415 5086 Quod
2447 5040 2578 5077 vero
2614 5025 2910 5100 beatorum
2942 5026 3148 5100 anima;
3181 5027 3470 5082 ccelestem
3512 5029 3757 5100 gloriam

2114 5092 2345 5171 plenam
2379 5100 2553 5164 atque
2584 5098 2892 5171 perfectam
2941 5096 3010 5171 ad
3045 5097 3315 5171 ultimum
3350 5092 3544 5171 usque
3585 5102 3746 5170 judi-

2114 5166 2270 5218 cium
2303 5172 2653 5241 exspectent,
2688 5166 3464 5241 scripsitAMosesBarcepha
3494 5173 3552 5226 in
3586 5166 3755 5226 'Tra-

2113 5241 2270 5312 ctatu
2301 5237 2365 5312 de
2400 5238 2685 5312 Paradiso,
2719 5244 2890 5312 atque
2923 5238 3002 5292 ita
3042 5240 3165 5294 ﬁeri
3199 5237 3407 5312 potuit,
3443 5250 3505 5296 ut
3554 5248 3757 5297 auctor

2111 5307 2288 5388 hujus
2307 5308 2568 5388 Liturgize
2591 5309 2649 5362 in
2673 5307 2873 5388 eadem
2888 5312 3177 5388 sententia
3196 5307 3525 5388 fuerit,cum
3545 5329 3759 5388 magna

2112 5381 2187 5433 sit
2210 5380 2561 5435 Mosisﬂlius
2589 5382 2740 5450 apud
2765 5381 3058 5437 Jacobitas
3077 5399 3213 5438 suos
3236 5387 3572 5440 auctoritas.
3598 5380 3757 5441 Nihil

2108 5456 2304 5506 tamen
2340 5452 2533 5534 obstat
2563 5452 2704 5534 quin
2755 5453 3004 5534 figurata
3053 5453 3445 5534 haec-oratioh
3472 5455 3542 5534 de
3585 5454 3760 5530 plena

2109 5527 2632 5594 consummataque
2665 5523 3025 5579 beatitudine
3048 5524 3234 5596 possit
3266 5526 3530 5602 intelligi.
