4094 6202
334 365 452 426 615

863 361 928 428 S.
974 360 1411 426 CLEMENTIS
1460 353 1481 422 Ι
1529 366 1724 432 ΒΟΜῖ
1765 365 1953 425 ΡΟΝΊ

2065 362 2298 425 )PERA
2343 366 2605 428 DUBIA.
2641 401 2715 409 —
2761 359 3204 429 LITURGICA.

3610 360 3732 429 616

334 497 580 566 traditit,
613 497 670 552 in
696 513 811 568 qua
840 497 1182 569 consignata
1211 501 1349 552 sunt
1378 500 1662 569 praecepta
1682 501 1738 553 et
1767 513 1969 552 norma
2000 498 2054 563 Α
2084 502 2140 552 et
2185 497 2489 569 sanguinis
2541 498 2727 554 sancti
2755 515 2880 569 qua:
2917 500 2968 553 in
3005 501 3088 555 eis
3146 505 3306 568 sunt,
3366 515 3732 559 mereremur

334 587 647 658 dirigendae
677 587 806 641 vitae
839 591 1086 657 nostras;
1129 591 1344 641 etcum
1376 586 1608 652 ﬁducia,
1658 586 1846 658 qualis
1882 587 1974 640 di-

332 676 511 731 lectos
541 675 694 730 ﬁlios
715 676 899 742 decet,
930 676 1266 730 invocemus
1294 679 1349 730 te
1375 680 1554 730 Deum
1589 675 1816 731 Patrem
1858 692 1974 731 cce-

333 765 558 834 lestem,
591 781 824 820 oremus
842 769 899 821 et
921 765 1219 819 dicamus:
1256 769 1424 819 Pater
1455 768 1669 831 noster,
1691 764 1789 834 qui
1824 781 1885 820 es
1913 764 1971 819 in

338 854 515 910 caelis.
1143 911 1156 922 ,

404 943 666 1014 Populus.
699 942 1118 1010 Sanctiﬁcetur,
1151 946 1257 997 etc.

406 1033 667 1088 Sacerdos
687 1033 902 1087 elevans
931 1047 1127 1087 vocem.
1158 1031 1326 1085 Pater
1354 1031 1570 1104 gratiae,
1602 1048 1635 1086 a
1683 1048 1798 1102 quo
1847 1050 1972 1105 pro-

333 1122 486 1177 cedit
514 1127 570 1176 et
589 1121 772 1176 oritur
801 1121 1080 1176 sanctitas
1130 1119 1364 1184 sanctis,
1399 1121 1668 1175 adveniat
1725 1137 1968 1193 regnum

332 1217 521 1281 tuum,
555 1211 708 1281 quod
739 1213 974 1281 superat
1003 1208 1199 1264 omnia
1229 1225 1424 1280 regna,
1461 1210 1531 1263 ad
1589 1208 1968 1266 salvationem

332 1304 590 1355 nostram
618 1317 632 1355 :
666 1303 721 1354 et
744 1315 814 1354 ne
837 1299 1079 1353 inducas
1110 1314 1216 1353 nos
1236 1297 1295 1352 in
1327 1298 1726 1364 tentationem,
1760 1304 1862 1354 aut
1909 1300 1969 1356 in

333 1388 731 1444 confusionem
770 1392 826 1443 et
855 1387 1228 1443 afflictionem
1262 1387 1401 1442 :sed
1433 1386 1615 1442 libera
1646 1404 1750 1443 nos
1789 1405 1822 1442 a
1849 1389 1968 1443 vio-

332 1476 513 1532 lentia
529 1477 743 1533 diaboli
764 1481 820 1531 et
841 1477 1154 1547 spirituum
1177 1475 1589 1548 malignorum,
1621 1481 1678 1530 et
1709 1478 1967 1548 potentia

327 1566 648 1638 deceptoris
675 1584 686 1622 :
720 1567 858 1638 quia
877 1571 1045 1620 tuum
1072 1571 1161 1620 est
1192 1564 1527 1636 imperium,
1548 1563 1732 1636 gloria
1779 1570 1834 1620 et
1865 1583 1963 1637 po-

326 1660 530 1722 testas,
553 1659 610 1711 et
632 1654 915 1727 unigeniti
941 1653 1065 1709 Filii
1087 1654 1193 1721 tui,
1218 1661 1274 1710 et
1295 1653 1544 1724 Spiritus
1567 1654 1650 1708 tui
1681 1654 1887 1709 sancti.

392 1745 652 1816 Populus.
685 1747 889 1799 Amen.

393 1832 668 1889 Sacerdos.
703 1834 835 1888 Pax.

390 1923 655 1991 Populus.
690 1923 759 1976 Et
790 1938 922 1977 cum
954 1921 1164 1992 spiritu
1201 1925 1320 1975 tuo.

395 2013 684 2067 Diaconus.
717 2013 883 2078 Ante,
926 2014 1036 2065 etc.

394 2101 655 2171 Populus.
685 2100 889 2155 Coram
920 2103 995 2170 te,
1029 2097 1292 2153 Domine.

396 2189 672 2245 Sacerdos.
707 2188 837 2244 Tibi
873 2187 978 2243 soli
1010 2186 1369 2242 inclinantur
1391 2186 1538 2241 colla
1593 2186 1853 2241 omnium
1898 2187 1956 2242 in

319 2280 534 2349 quibus
565 2278 761 2333 anima
789 2279 916 2332 vitae
947 2282 1053 2344 est,
1099 2282 1156 2332 et
1186 2293 1218 2331 a
1247 2282 1302 2332 te
1332 2275 1632 2348 postulant
1664 2276 1955 2332 remissio-

315 2385 450 2424 nem
477 2369 739 2423 omnium
773 2367 1332 2439 praevaricationum,
1360 2382 1485 2437 qua
1518 2381 1620 2436 per
1659 2365 1952 2437 negligen—

313 2458 456 2512 tiam
494 2458 820 2512 commissze
852 2461 1011 2511 sunt.
1042 2456 1126 2509 Tu
1189 2461 1380 2509 autem
1438 2471 1538 2525 per
1589 2460 1952 2509 constantem

315 2546 777 2602 misericordiam
796 2550 955 2599 tuam
979 2543 1104 2599 dele
1130 2548 1183 2598 et
1204 2545 1366 2599 aufer
1387 2560 1588 2598 omnes
1617 2542 1952 2613 iniquitates

318 2640 568 2699 nostras,
602 2639 658 2689 et
682 2651 848 2706 parce
880 2634 1047 2688 nobis
1071 2649 1171 2704 per
1202 2648 1457 2687 amorem
1485 2635 1652 2686 tuum
1685 2648 1817 2701 erga
1847 2631 1949 2686 ho-

319 2725 532 2780 mines.
565 2725 748 2779 Etiam
798 2726 1010 2794 praesta
1057 2721 1245 2788 nobis,
1283 2726 1345 2776 ut
1375 2737 1506 2775 cum
1549 2721 1751 2775 animm
1783 2726 1952 2776 cauta

315 2813 752 2885 preparatione,
775 2817 831 2867 et
858 2812 1048 2867 cordis
1073 2811 1380 2877 munditie,
1406 2810 1621 2865 sanctis
1651 2811 1767 2864 tuis
1798 2825 1952 2864 com-

317 2903 708 2968 municemus,
750 2906 806 2956 et
836 2902 952 2957 sint
981 2900 1150 2955 nobis
1179 2899 1239 2954 in
1272 2900 1486 2971 pignus
1541 2898 1857 2970 voluptatis
1887 2899 1948 2955 in

312 2996 592 3047 eternum
626 3007 1041 3062 permansurae,
1091 3005 1192 3060 per
1245 2989 1491 3060 gratiam
1525 2991 1580 3043 et
1618 2988 1948 3043 misericor-

310 3081 466 3137 diam
499 3085 555 3135 et
575 3096 829 3136 amorem
861 3095 997 3150 erga
1028 3078 1295 3134 homines
1355 3077 1630 3148 unigeniti
1663 3075 1789 3131 Filii
1836 3077 1942 3143 tui,

306 3186 410 3242 per
436 3185 626 3240 quem,
650 3174 756 3224 etc.

372 3259 633 3329 Populus.
666 3263 871 3313 Amen.

377 3348 653 3403 Sacerdos.
687 3348 824 3402 Pax.

373 3438 634 3509 Populus.
666 3437 732 3490 Et
762 3453 894 3491 cum
928 3435 1135 3508 spiritu
1167 3439 1286 3491 tuo.

373 3527 650 3583 Sacerdos.
682 3526 788 3581 Sit.

370 3618 666 3673 Diaconus.
698 3620 838 3669 Cum
870 3616 1096 3684 timore,
1131 3620 1239 3670 etc.

369 3705 643 3761 Sacerdos.
680 3706 892 3760 Sancta
925 3704 1164 3759 sanctis.

364 3795 627 3866 Populus.
662 3793 824 3849 Unus
854 3797 1025 3848 Pater
1054 3798 1315 3848 sanctus.

366 3884 660 3938 Diaconus.
702 3882 938 3936 Stemus
969 3882 1257 3936 decenter.

368 3972 632 4041 Populus.
666 3969 893 4026 Gratias
923 3969 1175 4042 agimus.

367 4059 647 4116 Sacerdos.
673 4060 856 4125 Nunc,
891 4057 1158 4123 Domine,
1190 4057 1422 4127 quando
1453 4056 1690 4127 quidem
1725 4055 1937 4110 invita-

298 4153 388 4205 tos
411 4150 480 4203 ad
513 4166 755 4221 regnum
784 4153 954 4202 tuum
989 4146 1171 4201 fecisti
1203 4163 1329 4213 nos,
1358 4163 1459 4217 per
1508 4145 1934 4217 susceptionem

294 4241 793 4293 sacramentorum
809 4241 1044 4291 tuorum
1068 4239 1398 4290 sanctorum
1423 4239 1481 4290 et
1497 4234 1932 4302 viviﬁcantium,

293 4326 507 4398 quibus
520 4327 728 4399 dignos
751 4323 1071 4398 praestitisti
1094 4341 1220 4392 nos,
1250 4323 1331 4380 ita
1349 4328 1413 4379 ut
1429 4327 1652 4397 partem
1676 4324 1936 4397 corporis

2086 586 2364 657 accipere,
2399 591 2570 656 atque
2602 591 3037 645 communicare
3086 591 3230 662 ipsis
3263 607 3277 648 :
3309 591 3615 664 fecistique
3657 597 3725 649 ut

2084 691 2348 731 essemus
2379 676 2637 734 haeredes
2658 683 2991 734 sanctorum
3023 684 3278 750 tuorum,
3313 698 3571 749 oramus,
3616 683 3728 738 ob-

2083 781 2380 820 secramus
2411 770 2465 820 et
2496 766 2875 836 deprecamur
2904 771 2980 836 te,
3015 785 3046 824 o
3077 769 3354 840 clemens,
3390 775 3453 825 ut
3484 788 3600 827 non
3623 787 3718 828 ex-

2083 854 2280 924 quiras
2302 871 2334 908 a
2352 856 2518 909 nobis
2537 855 2968 927 exactamiillam
2985 858 3444 914 observationem
3466 865 3523 916 et
3543 862 3721 917 casti-

2081 943 2356 1011 moniam,
2391 943 2542 998 circa
2562 945 2661 999 illa
2682 947 2977 1018 mysteria,
3011 963 3081 1001 ne
3103 949 3562 1004 condemnemur
3583 967 3717 1008 cum

2079 1029 2151 1084 iis
2185 1029 2284 1100 qui
2310 1035 2365 1086 te
2383 1048 2495 1086 non
2519 1039 2822 1102 noverunt,
2857 1034 2927 1089 ad
2951 1034 3243 1090 cruciatus
3270 1036 3424 1107 ignis
3443 1037 3723 1093 inexstin-

2080 1119 2315 1189 guibilis
2341 1138 2352 1171 :
2388 1122 2488 1176 sed
2520 1138 2623 1192 per
2649 1123 2897 1192 gratiam
2928 1127 3112 1190 tuam,
3148 1139 3280 1179 cum
3313 1125 3449 1180 ﬁliis
3479 1128 3719 1198 nuptia-

2079 1223 2210 1261 rum
2245 1213 2479 1263 tuarum
2498 1209 2794 1280 quiescere
2816 1212 3100 1282 nosjube,
3118 1217 3174 1267 et
3195 1229 3328 1268 cum
3359 1214 3525 1285 agnis
3548 1233 3723 1271 mun-

2079 1296 2168 1351 dis
2199 1297 2259 1351 in
2302 1298 2570 1368 paradiso
2593 1299 2681 1354 fac
2713 1317 2818 1355 nos
2847 1301 3235 1369 discumbere,
3265 1307 3330 1357 ut
3357 1319 3489 1358 cum
3516 1303 3633 1360 illis
3664 1309 3724 1360 et

2075 1385 2227 1441 inter
2255 1402 2353 1442 eos
2374 1388 2686 1444 offeramus
2717 1389 2822 1444 tibi
2852 1389 3097 1461 gloriam
3124 1394 3182 1446 et
3204 1391 3522 1464 gratiarum
3541 1395 3723 1451 actio-

2076 1491 2230 1532 nem.

2143 1592 2406 1662 Populus.
2437 1594 2640 1649 Amen.

2139 1681 2418 1736 Sacerdos.
2454 1682 2586 1737 Pax.

2136 1768 2395 1842 Populus.
2432 1773 2498 1827 Et
2526 1789 2661 1827 cum
2691 1773 2900 1844 spiritu
2921 1777 3041 1830 tuo.

1989 1875 2036 1938 Β
2139 1859 2422 1915 Diaconus.
2459 1861 2614 1917 Post.

2138 1950 2396 2019 Populus.
2431 1953 2632 2005 Coram
2654 1954 2725 2016 te,
2759 1951 3019 2007 Domine.

2138 2065 2426 2121 Sacerdos.
2461 2066 2668 2121 Coram
2701 2071 2778 2133 te,
2811 2067 3052 2124 Domine
3085 2069 3235 2125 Deus
3267 2074 3484 2138 noster,
3532 2073 3706 2129 incli-

2068 2153 2436 2209 namuscolla
2447 2156 2774 2210 animarum
2797 2160 2854 2211 et
2873 2172 3183 2228 corporum
3198 2163 3552 2226 nostrorum,
3567 2163 3708 2234 quia

2065 2259 2179 2297 non
2212 2259 2417 2298 sumus
2448 2244 2825 2310 sufﬁcientes,
2859 2246 2930 2300 ad
2988 2245 3346 2302 referendam
3378 2250 3705 2320 gratiarum

2064 2332 2348 2387 actionem
2384 2334 2672 2403 majestati
2714 2339 2848 2401 tuae,
2881 2334 3081 2404 quales
3140 2335 3482 2394 deberemus
3533 2341 3706 2395 retri-

2064 2421 2238 2476 buere
2272 2422 2340 2475 ad
2361 2425 2555 2492 grates
2582 2423 2835 2492 agendas
2852 2423 2982 2491 tibi,
3007 2425 3106 2479 sed
3139 2424 3243 2479 has
3268 2430 3701 2497 tantummodo,

2061 2509 2162 2579 qui
2193 2510 2390 2564 omnia
2418 2510 2570 2564 dona
2611 2527 2969 2582 quaecunque
3000 2511 3306 2580 habemus,
3338 2531 3408 2569 ex
3437 2520 3491 2572 te
3540 2522 3702 2574 sunt.

2062 2599 2142 2652 Da
2173 2599 2360 2665 nobis,
2393 2598 2656 2666 Domine,
2690 2616 2856 2655 voces
2911 2601 3201 2657 sermonis
3227 2602 3511 2675 dignitate
3564 2607 3702 2662 ani-

2060 2691 2270 2754 matas,
2295 2694 2359 2741 ut
2380 2689 2674 2742 sufﬁciant
2694 2689 2763 2742 ad
2785 2690 3130 2760 condignam
3150 2693 3702 2767 convenientemque

2054 2774 2141 2830 tui
2171 2774 2587 2830 laudationem.
2622 2776 2664 2832 Ο
2695 2776 2957 2832 Clemens
2987 2780 3089 2848 qui
3119 2780 3287 2836 nobis
3332 2780 3468 2836 licet
3521 2783 3701 2840 etiam

2056 2869 2209 2920 terra
2239 2865 2461 2936 indigni
2488 2865 2700 2933 simus,
2733 2865 2922 2921 claves
2961 2866 3223 2923 thesauri
3263 2870 3349 2924 tui
3398 2886 3703 2928 commen-

2056 2953 2226 3022 dasti,
2261 2959 2315 3008 et
2346 2971 2521 3026 super
2546 2971 2790 3026 regnum
2820 2959 2988 3010 tuum
3021 2973 3126 3012 nos
3177 2974 3310 3013 cum
3347 2961 3702 3019 auctoritate

2051 3042 2441 3113 praposuisti,
2476 3048 2684 3114 prmsta
2718 3045 2884 3099 nobis
2915 3049 2978 3099 ut
3000 3045 3058 3099 in
3101 3049 3223 3102 toto
3257 3048 3510 3105 decursu
3561 3051 3697 3108 vita:

2053 3135 2282 3200 nostra},
2307 3131 2438 3202 puri
2485 3147 2678 3186 coram
2711 3136 2767 3186 te
2822 3149 3230 3204 appareamus,
3263 3141 3320 3192 et
3349 3153 3383 3192 a
3438 3138 3700 3195 vanitate

1976 3243 2017 3307 ρ
2057 3223 2371 3289 mundana,
2399 3221 2898 3293 acogitationibus
2929 3225 3196 3291 terrenis,
3219 3243 3252 3281 a
3283 3227 3540 3284 motibus
3562 3244 3699 3300 pas-

2055 3310 2308 3377 sionum,
2341 3314 2397 3365 et
2428 3311 2690 3366 remissis
2722 3311 3195 3384 cogitationibus,
3228 3331 3439 3371 sensus
3466 3322 3702 3374 nostros

2055 3398 2310 3454 occultos
2342 3403 2397 3454 et
2417 3399 2756 3455 manifestos
2779 3417 3004 3457 remove
3031 3419 3044 3458 :
3073 3407 3246 3474 atque
3277 3420 3377 3475 per
3408 3405 3704 3461 fortitudi-

2055 3503 2186 3542 nem
2211 3487 2478 3557 potentia;
2501 3493 2611 3542 tua;
2629 3490 2871 3544 extende
2889 3506 3065 3561 super
3085 3507 3191 3546 nos
3209 3492 3506 3549 dexteram
3529 3498 3697 3550 tuam

2048 3576 2248 3631 omnia
2280 3576 2780 3648 complectentem,
2814 3578 3172 3650 benedicque
3190 3582 3369 3637 servis
3400 3588 3458 3638 et
3489 3584 3698 3639 adora-

2046 3664 2271 3719 toribus
2323 3665 2461 3735 tuis,
2511 3665 2613 3735 qui
2645 3666 2894 3722 salutem
2925 3668 3117 3739 adepti
3151 3674 3288 3724 sunt
3320 3687 3423 3741 per
3451 3689 3696 3728 nomen-

2045 3757 2213 3808 tuum
2247 3758 2530 3824 sanctum,
2566 3759 2620 3809 et
2653 3755 2739 3809 fac
2771 3773 2875 3812 nos
2907 3757 3122 3828 templa
3138 3757 3518 3816 habitationis
3550 3766 3693 3832 tua,

2046 3847 2102 3897 et
2124 3842 2313 3897 locum
2347 3843 2724 3898 habitationis
2746 3843 2940 3915 gloriae
2965 3850 3075 3901 tua:
3099 3862 3111 3902 :
3148 3851 3212 3903 ut
3233 3848 3289 3902 in
3314 3849 3525 3905 dieillo
3542 3867 3693 3907 novo

2045 3936 2103 3986 et
2132 3937 2364 4000 aeterno,
2396 3932 2455 3985 in
2489 3948 2664 4003 regno
2696 3937 2796 3987 tuo
2826 3933 3109 4001 laetemur,
3150 3939 3207 3990 et
3255 3953 3356 4007 per
3388 3942 3443 3993 te
3505 3938 3689 3994 salve-

2047 4038 2199 4089 mur,
2224 4025 2279 4075 et
2309 4021 2626 4076 referamus
2659 4021 2764 4077 tibi
2787 4022 3033 4093 gloriam
3065 4029 3120 4078 et
3148 4025 3468 4096 gratiarum
3501 4029 3686 4084 actio-

2045 4126 2200 4178 nem,
2233 4114 2288 4163 et
2319 4109 2473 4164 Patri
2505 4114 2604 4166 tuo
2635 4115 2691 4165 et
2712 4112 2951 4183 Spiritui
2984 4118 3207 4179 sancto,
3243 4131 3418 4186 nunc,
3453 4122 3562 4172 etc.

2115 4197 2385 4270 Populus.
2426 4201 2630 4255 Amen.

2117 4289 2402 4344 Diaconus.
2437 4288 2704 4357 Benedic,
2739 4289 2997 4360 Domine,
3030 4295 3139 4348 etc.
