4094 6202
385 322 504 382 619

1480 316 1873 380 APPENDIX
1924 316 2025 374 AD
2071 315 2137 376 S.
2184 315 2689 379 CLEMENTEM.

3670 322 3793 384 610

387 452 541 525 quod
564 452 634 508 ad
666 452 941 507 Davidcm
973 451 1135 507 dixit.
1159 452 1231 507 De
1257 453 1443 523 fructu
1481 452 1682 506 ventris
1727 450 1811 505 tui
1833 463 2035 519 ponam

2152 445 2238 501 Ἐκ
2264 450 2473 521 καρποῦ
2504 453 2605 517 τῆς
2633 446 2848 510 κοιλίας
2876 468 2971 503 σου
3020 448 3257 523 θήσομαι
3309 446 3397 506 ἐπὶ
3443 453 3541 507 106
3593 450 3790 527 θρόνου

388 558 557 614 super
582 542 769 597 sedem
790 542 1050 613 tuam(a).
1083 541 1415 612 Iterumque
1446 557 1546 612 per
1565 540 1774 595 Isaiam
1793 537 2035 610 prophe-

391 634 536 694 tam,
570 630 725 701 quod
762 631 915 701 Virgo
948 633 1005 685 in
1038 638 1189 685 utero
1220 632 1506 701 concipiet,
1538 632 1586 684 et
1620 629 1806 700 pariet
1829 628 2031 699 ﬁlium,

390 725 444 774 et
474 718 751 774 vocabitur
776 735 973 775 nomen
1004 720 1118 788 eius
1149 719 1471 775 Emmanuel
1501 717 1597 790 (ὁ).

464 807 558 862 ΙΙΙ.
583 810 629 862 Α
656 807 1004 864 Christianis
1028 825 1161 865 vero
1184 808 1311 864 ideo
1343 812 1400 864 et
1423 808 1612 880 magis
1660 805 2032 879 diligebatur,

395 898 533 968 quia
580 896 945 970 singularum
996 897 1298 971 regionum
1350 913 1636 970 pauperes
1686 895 2033 952 nominatim

392 985 646 1042 habebat
678 987 972 1058 Scriptus;
1006 992 1063 1043 et
1091 1003 1189 1043 eos
1221 1004 1368 1059 quos
1398 986 1771 1059 baptismatis
1820 984 2032 1041 sancti-

392 1075 590 1131 monia
618 1075 1029 1143 illustravcrat,
1063 1093 1175 1132 non
1209 1076 1438 1132 sinebat
1480 1075 1776 1148 publicam
1809 1074 2033 1129 mendi-

394 1164 624 1220 citatam
657 1164 872 1220 subire.
907 1166 1253 1232 Quotidiana
1270 1169 1462 1222 autem
1495 1164 1903 1236 pradicatione
1922 1180 2035 1219 me-

393 1252 617 1309 diocres
647 1270 713 1308 ac
763 1254 971 1310 divites
1026 1255 1380 1310 admonebat
1437 1271 1506 1310 ne
1563 1258 1901 1325 paterentur
1928 1253 2033 1307 bac

391 1341 607 1414 ptismo
637 1341 998 1399 illuminatos
1029 1360 1333 1414 pauperes,
1358 1361 1391 1398 a
1414 1342 1633 1399 Judaeis
1666 1347 1765 1399 aut
1802 1341 2036 1415 gentili-

392 1431 502 1486 bus
534 1430 798 1503 publicos
829 1432 989 1488 cibos
1020 1431 1297 1504 accipere,
1331 1436 1387 1487 et
1435 1431 1613 1488 vitam
1664 1430 2036 1504 baptismatis

392 1519 825 1576 consecratione
855 1521 1225 1593 mundatam,
1260 1520 1431 1577 donis
1477 1519 1785 1594 gentilium
1836 1519 2036 1592 inqui-

392 1624 538 1664 nari.

460 1700 556 1752 IV.
612 1697 735 1765 His,
767 1714 1086 1771 eorumque
1136 1698 1405 1771 pluribus
1457 1698 1737 1754 virtutum
1798 1697 2039 1753 ﬂoribus

2143 554 2257 591 σου,
2308 534 2407 589 Καὶ
2467 534 2615 598 αὖθις
2663 533 2753 591 διὸ.
2796 535 3020 594 Ἠσαίου
3076 542 3174 593 τοῦ
3222 540 3531 618 προφήτου*
3583 544 3703 597 ’Ὀτι
3752 544 3790 613 ἡ

2141 624 2404 697 παρθένος
2453 624 2503 679 ἐν
2548 627 2738 702 γαστρὶ
2789 624 3048 701 λήψεται,
3096 628 3186 682 καὶ
3242 629 3448 700 τέξεται
3510 627 3651 700 υίὸν,
3698 632 3792 687 καὶ

2141 710 2477 782 κληθήσεται
2504 714 2566 768 τὸ
2597 708 2772 787 ὄνομα
2804 714 2966 770 αὐτοῦ
2998 714 3377 790 Ἐμμανουήλ.

2215 806 2306 857 ΙΙΙ.
2342 803 2492 877 Παρά
2541 799 2597 858 δὲ
2635 797 3006 878 Χριστιανοῖς,
3059 801 3149 859 διὰ
3201 810 3362 861 τοῦτο
3417 804 3508 861 καὶ
3574 804 3791 880 μᾶλλον

2143 889 2415 963 ἠγαπᾶτο,
2442 887 2626 961 ἐπειδή
2659 892 2784 955 τοὺς
2814 894 2931 948 καθ’
2975 893 3200 964 ἑκάστην
3242 896 3364 938 ⁸²-⁸⁸
3411 894 3647 971 ρεγεῶνα
3694 898 3795 953 πέ-

2143 1000 2309 1049 νητας
2340 981 2455 1035 κατ’
2487 975 2663 1054 ὄνομα
2693 980 2809 1057 εἶχε
2839 983 3274 1058 γεγραμμένους·
3308 981 3398 1038 καί
3431 984 3523 1047 οὓς
3570 989 3652 1057 τῷ
3693 990 3796 1041 106

2149 1067 2519 1142 βαπτίσματος
2549 1069 2802 1143 ἁγιασμῷ
2840 1070 3114 1148 ἐφώτιζεν,
3149 1070 3210 1126 ού
3260 1074 3560 1149 συνεχώρει
3612 1071 3794 1149 δημο-

2144 1156 2261 1210 σίαν
2290 1155 2579 1228 ἀπαίτησιν
2633 1158 2903 1217 ὑπελθεῖν.
2937 1164 3025 1232 Τῷ
3064 1158 3121 1214 δὲ
3170 1162 3288 1215 καθ’
3336 1161 3544 1239 ἡμέραν
3583 1163 3795 1240 κηρύγ-

2148 1265 2277 1317 ματι
2321 1245 2449 1307 τούς
2496 1268 2555 1301 τε
2610 1247 2862 1324 μετρίους
2908 1250 2997 1302 καὶ
3044 1248 3343 1312 πλουσίους
3386 1248 3649 1306 ἐνουθέτει
3697 1256 3795 1308 τοῦ

2150 1335 2225 1406 μὴ
2262 1333 2543 1411 ἀνέχεσθαι
2573 1336 2701 1399 τοὺς
2732 1336 3173 1415 πεφωτισμένους
3203 1337 3437 1410 πένητας
3486 1342 3633 1417 παρά
3662 1342 3798 1397 Ἰου-

2148 1419 2313 1477 δαίων
2341 1424 2375 1492 ‘li
2408 1422 2691 1495 Ἑλλήνων
2753 1423 2993 1499 δημόσια
3022 1424 3129 1502 ἷῖψα
3177 1424 3502 1502 λαμϐάνειν,
3533 1430 3623 1485 καὶ
3674 1430 3793 1507 βίον

2144 1514 2213 1584 τῇ
2292 1516 2387 1566 106
2459 1513 2829 1587 βαπτίσματος
2892 1517 3211 1592 καθιερώσει
3278 1521 3679 1597 κεκαθαρμένον
3728 1522 3795 1591 ⁸⁸,

2148 1600 2477 1675 χαρίσμασιν
2502 1600 2784 1674 Ἑλλήνων
2819 1605 3151 1681 χραίνεσθαι.

2222 1690 2314 1746 IV.
2344 1690 2588 1759 Τούτοις,
2624 1692 2714 1747 καὶ
2742 1693 2949 1748 τούτων
2995 1691 3241 1749 πλείοσιν
3296 1693 3653 1773 ἀνδραγαθίας
3703 1699 3797 1753 ἄν·

393 1804 527 1846 cum
558 1787 694 1856 Deo,
726 1792 852 1843 tum
884 1788 1111 1844 cunctis
1143 1792 1351 1844 mentae
1401 1787 1657 1859 praeditis
1698 1787 2036 1844 hominibus

2152 1779 2259 1832 θεσι
2297 1783 2375 1850 τῷ
2424 1799 2483 1833 τε
2528 1785 2643 1853 Θεῷ
2688 1781 2777 1836 καὶ
2826 1788 2983 1837 πᾶσιν
3032 1783 3341 1860 ἀνθρώποις
3391 1784 3679 1865 ἐχέφροσιν
3709 1788 3799 1843 εὖ·

392 1876 689 1949 placebat:
716 1892 850 1932 nam
884 1882 1077 1932 mente
1098 1877 1431 1933 carentibus
1452 1876 1679 1948 placere
1709 1894 1823 1932 non
1847 1880 2036 1948 potest

2152 1868 2381 1942 ηρέστει.
2409 1874 2539 1931 Τοῖς
2569 1870 2671 1946 γὰρ
2710 1868 3019 1948 ἀλογίστοις
3048 1872 3290 1949 ἀρέσκειν
3339 1871 3621 1945 ἀδύνατον,
3661 1875 3798 1955 ὅπερ

390 1965 449 2021 id
483 1966 634 2038 quod
657 1966 771 2022 Deo
796 1966 1020 2039 placere
1045 1966 1342 2038 probatur.
1360 1971 1550 2039 Atque
1577 1964 1705 2021 ideo
1727 1965 2035 2021 hominum

392 2055 635 2111 rationis
657 2055 982 2128 expertium
1031 2054 1415 2111 contumelias
1452 2055 1617 2111 veriti
1651 2072 1765 2110 non
1804 2060 1942 2111 sunt
1972 2054 2034 2123 ii,

392 2143 610 2217 quibus
660 2143 854 2199 animo
886 2144 1055 2212 sedit,
1092 2161 1460 2217 nequaquam
1503 2144 1710 2200 timere
1762 2143 1893 2199 illos
1940 2143 2038 2215 qui

388 2229 684 2303 plerisque
714 2229 1044 2303 displicent.
1078 2232 1199 2297 Quo
1233 2230 1450 2286 factum
1485 2235 1592 2300 est,
1621 2235 1687 2286 ut
1712 2230 2036 2288 Sisinnium

389 2318 759 2391 imperatoris
772 2323 969 2376 Nervae
981 2320 1235 2375 amicum
1254 2337 1366 2376 non
1388 2320 1650 2376 timuerit
1666 2319 2040 2376 beatissimus

392 2408 660 2465 Clemens
692 2407 847 2464 sedis
878 2412 1149 2465 Romanae
1181 2410 1515 2481 episcopus.

462 2588 532 2643 V.
564 2587 763 2659 Itaque
793 2603 925 2643 cum
960 2602 1063 2659 per
1092 2586 1279 2659 ipsius
1308 2586 1629 2644 doctrinam
1660 2604 1937 2645 conversa
1966 2588 2038 2644 ad

398 2679 575 2734 Deum
611 2675 1003 2733 uxorSisinnii
1046 2675 1370 2745 Theodora,
1400 2676 1674 2733 sedulum
1713 2677 1829 2733 Deo
1878 2678 2039 2734 exhi-

394 2767 556 2823 beret
586 2764 1002 2831 ministerium,
1024 2782 1152 2821 eam
1165 2764 1446 2838 zelotypia
1466 2766 1677 2821 ductus
1697 2767 1940 2822 maritus
1962 2766 2041 2821 la-

394 2854 561 2926 queis
578 2853 868 2909 involvere
882 2854 1609 2927 nitebalur,properantem
1624 2856 1696 2911 ad
1710 2855 2038 2912 ecclesiam.

394 2944 465 2999 Et
496 2943 731 3015 quidem
754 2941 854 2998 illa
876 2943 1389 3015 ingrediente,ipse
1412 2960 1513 3015 per
1532 2942 1713 3000 alium
1736 2944 2041 3001 introitum

395 3031 728 3102 adveniens,
766 3031 941 3104 coepit
993 3031 1219 3087 curiose
1276 3032 1681 3103 inspicerezet
1727 3035 1962 3105 quando
2011 3051 2045 3090 a

396 3124 596 3177 sancto
617 3119 909 3176 Clemente
940 3121 1091 3177 facta
1121 3119 1228 3176 fuit
1250 3120 1724 3193 oratio,dixitque
1746 3122 1998 3193 populus
2023 3139 2036 3179 :

2142 1959 2221 2028 τῷ
2269 1961 2381 2028 Θεῷ
2447 1955 2726 2033 εὐάρεστον
2780 1957 3178 2019 ἀποδείκνυται.
3222 1960 3427 2018 Τούτου
3476 1962 3567 2019 οὖν
3616 1962 3797 2021 ἕνεκεν

2145 2043 2245 2099 οὐκ
2292 2039 2560 2123 ἐφόϐησαν
2608 2048 2652 2084 ³⁸
2695 2048 2790 2110 τὰς
2846 2044 3029 2125 ὕϐρεις
3075 2055 3184 2106 τῶν
3235 2050 3538 2129 ἀλογίστων
3587 2053 3803 2130 ἀνθρώ-

2146 2154 2261 2189 πων
2292 2133 2505 2207 ἐκεῖνοι,
2537 2137 2618 2198 οἷς
2650 2137 2685 2206 ἠ
2727 2137 2922 2213 γνώμη
2976 2138 3241 2216 ἐτύγχανε
3282 2140 3411 2204 τοὺς
3459 2141 3796 2220 ἀπαρέσκον-

2145 2244 2240 2286 τας
2279 2225 2322 2260 ⁸⁷
2365 2222 2641 2287 πλείστοις
2672 2227 2716 2262 ⁸⁸
2768 2228 2843 2301 μὴ
2897 2224 3124 2301 δειλιᾷν.
3167 2230 3334 2289 ’Ότου
3383 2232 3546 2309 χάριν
3596 2240 3796 2310 περιῆν

2143 2317 2223 2384 τῷ
2264 2314 2659 2389 μακαριωτάτῳ
2704 2312 2978 2390 Κλήμεντι
3022 2322 3102 2390 τῷ
3131 2322 3226 2374 106
3268 2318 3463 2395 θρόνου
3508 2322 3795 2396 Ῥωμαίων

2146 2400 2425 2545 ἓπισκόπῳ
2477 2404 2567 2459 τὸν
2627 2402 2786 2482 φίλον
2842 2410 2940 2461 106
3002 2405 3271 2483 βασιλέως
3305 2408 3513 2486 Νερούα
3563 2411 3640 2485 μή
3690 2432 3795 2489 φο-

2186 2495 2376 2545 εῖσθαι.

2186 2495 2376 2555 εῖσθαι.

2219 2584 2286 2637 V.
2313 2578 2532 2651 Ἐπειδὴ
2566 2581 2744 2637 τοίνυν
2768 2586 2836 2657 τῇ
2864 2582 3028 2639 αὐτοῦ
3076 2581 3401 2659 διδασκαλίᾳ
3445 2589 3482 2658 ἡ
3518 2589 3650 2666 γυνὴ
3694 2592 3799 2646 106

2150 2668 2419 2724 Σισιννίου
2461 2668 2736 2743 Θεοδώρα,
2771 2671 3152 2752 ἐπιστραφεῖσα
3181 2677 3226 2713 ⁸⁸
3265 2676 3401 2750 πρὸς
3449 2678 3601 2752 Θεὸν,
3635 2699 3806 2733 σπου-

2150 2755 2299 2813 δαίαν
2346 2757 2515 2814 ἐτέλει
2564 2761 2661 2829 τὴν
2713 2760 3078 2838 λειτουργίαν,
3125 2763 3328 2835 ταύτην
3372 2767 3399 2821 ὁ
3448 2766 3581 2842 ἀνὴρ
3635 2766 3807 2838 ζηλο-

2146 2849 2412 2918 τυπήσας,
2447 2847 2761 2925 παγιδεῦσαι
2810 2851 3242 2927 κατηγωνίζετο,
3273 2854 3411 2929 πρὸς
3456 2856 3558 2925 τὴν
3596 2855 3805 2929 ἐκκληο

2150 2935 2266 2991 σίαν
2312 2934 2641 2993 σπεύδουσαν
2689 2941 2752 2996 θο.
2788 2940 2886 2995 Καὶ
2936 2938 3002 3010 δή
3055 2942 3448 3019 είσερχομένης
3498 2947 3562 3015 θί,
3595 2944 3804 3009 ἐκεῖνος

2151 3024 2220 3080 δι’
2269 3025 2452 3101 ἐτέρας
2493 3024 2704 3083 εἰσόδου
2751 3030 3112 3107 καταφθάσας,
3144 3028 3348 3104 ἤρξατο
3398 3032 3804 3111 πολυπραγμο-

2149 3118 2279 3168 νεῖν·
2310 3114 2399 3169 καὶ
2431 3116 2590 3183 ἡνίκα
2618 3118 2762 3189 παρὰ
2789 3122 2887 3172 106
2936 3117 3093 3193 ἁγίου
3142 3118 3462 3195 Κλήμεντος
3510 3122 3648 3200 εύχή
3702 3124 3807 3200 γέο

394 3212 600 3275 Amen;
621 3225 687 3265 eo
703 3213 959 3281 tempore
982 3209 1275 3265 Sisinnius
1292 3226 1481 3266 caecus
1493 3213 1550 3265 et
1566 3211 1785 3266 surdus
1798 3211 2036 3268 effectus

2152 3223 2298 3279 γονε,
2327 3207 2424 3258 106
2472 3202 2607 3260 λαοῦ
2654 3184 2937 3282 εἰρηκότος
2981 3184 3044 3262 τὸ
3092 3184 3293 3282 Ἀμήν,
3345 3210 3372 3266 ὁ
3423 3184 3803 3275 Σισίννυιοξέν

397 3302 506 3370 est,
524 3302 588 3354 ut
610 3314 797 3370 neque
818 3297 1010 3354 videre
1032 3314 1218 3369 neque
1235 3298 1436 3354 audire
1458 3303 1675 3372 posset.
1710 3299 1875 3355 Tunc
1906 3316 2042 3374 ergo

398 3388 545 3444 dixit
573 3386 754 3444 servis
776 3387 936 3443 suis:
964 3386 1311 3443 Prehendite
1344 3404 1435 3443 me
1464 3386 1523 3443 in
1556 3404 1769 3444 manus
1796 3393 2040 3459 vestras,

398 3481 455 3535 et
484 3481 644 3533 extra
674 3475 921 3548 educite,
945 3476 1224 3549 quoniam
1257 3476 1410 3531 oculi
1442 3477 1555 3532 mei
1578 3478 1708 3533 caeci
1726 3478 1857 3533 facti
1882 3484 2040 3547 sunt,

399 3570 455 3623 et
485 3583 654 3622 aures
674 3565 889 3622 meaein
923 3570 1149 3621 tantum
1180 3565 1635 3636 obsurduerunt,
1668 3573 1734 3623 ut
1765 3568 1909 3623 nihil
1940 3585 2042 3641 pa-

401 3652 561 3711 nitus
590 3655 792 3711 audire
821 3654 1065 3710 valeam.

470 3826 559 3883 VI.
592 3826 755 3881 Tunc
784 3824 933 3880 servi
963 3825 1091 3895 ejus
1123 3824 1446 3881 circuibant
1464 3842 1596 3881 cum
1616 3825 1713 3883 illo
1746 3844 1848 3898 per
1862 3831 2043 3884 totam

398 3914 727 3982 ecclesiam,
745 3915 803 3969 in
840 3913 1029 3969 medio
1050 3914 1270 3968 orantis
1294 3914 1516 3985 populi,
1547 3916 1805 3970 virorum
1828 3918 2045 3988 pariter

397 4008 454 4060 et
476 4003 923 4070 mulierum,nec
941 4006 1136 4074 portas
1158 4018 1304 4072 quas
1346 4002 1592 4073 ingressi
1634 4004 1861 4060 fuerant
1883 4010 2041 4077 pote-

395 4095 528 4146 rant
558 4090 1078 4160 contingere.Unde
1092 4091 1233 4145 dum
1254 4090 1366 4162 ipsi
1397 4092 1722 4163 vagabundi
1748 4093 2041 4167 oberrant,

391 4178 725 4251 iterumque
752 4195 923 4251 gyros
977 4183 1180 4250 agunt,
1213 4179 1284 4233 ad
1333 4179 1696 4236 Theodoram
1742 4182 2040 4240 dominam

392 4284 586 4334 suam,
620 4270 719 4323 ubi
753 4268 869 4323 Deo
922 4283 1122 4339 preces
1155 4267 1453 4335 fundebat,
1486 4276 1875 4340 pervenerunt
1905 4289 2039 4329 cum

392 4358 630 4414 domino
661 4374 788 4413 suo.
813 4358 950 4422 Quae
966 4374 1097 4412 cum
1122 4357 1358 4413 vidisset
1383 4374 1576 4414 servos
1606 4376 1744 4417 suos
1771 4380 1889 4419 una
1904 4380 2038 4420 cum

391 4445 630 4502 domino
662 4462 862 4501 eorum
892 4450 1172 4502 excecato
1203 4445 1686 4519 circumagentes,
1704 4450 1891 4522 primo
1914 4453 2038 4525 qui-

2149 3291 2329 3365 τούτῳ
2385 3292 2591 3372 τυφλός
2619 3316 2678 3349 τε
2732 3296 2821 3350 καὶ
2881 3298 3061 3375 κωφὸς
3122 3297 3606 3371 ἀπετελέσθη,τοῦ
3659 3304 3809 3375 μήτε

2153 3380 2303 3456 ὁρᾷν,
2357 3383 2495 3454 μήτε
2552 3381 2762 3439 ἀκούειν
2815 3382 3086 3443 δύνασθαι.
3135 3386 3268 3442 Τότε
3322 3385 3413 3443 οὖν
3475 3386 3623 3465 λέγει
3681 3396 3808 3454 τοῖς

2153 3466 2375 3531 δούλοις
2434 3470 2614 3528 αὐτοῦ.
2652 3468 2854 3529 Λάϐε-τέ
2914 3494 2981 3548 με
3027 3473 3103 3536 εἰς
3152 3476 3246 3537 τὰς
3276 3483 3469 3553 χεῖρας
3502 3478 3675 3551 ὑμῶν,
3708 3478 3806 3534 καὶ

2154 3557 2433 3635 ἐξαγάγετε
2463 3558 2584 3631 ἔξω,
2617 3559 2698 3616 ὅτι
2731 3562 2781 3616 οἱ
2812 3560 3090 3640 ὀφθαλμοί
3124 3584 3228 3637 μου
3276 3565 3478 3643 τυφλοὶ
3525 3566 3803 3644 γεγόνασι,

2151 3648 2240 3703 καὶ
2270 3649 2325 3702 αἱ
2353 3649 2507 3704 ἀκοαί
2543 3668 2646 3723 μου
2678 3649 2752 3712 εἲς
2779 3655 3034 3706 τοσοῦτον
3086 3651 3479 3731 ἐκωφώθησαν,
3510 3655 3592 3711 ὅτι
3640 3654 3803 3713 οὐδὲν

2150 3738 2211 3793 τὸ
2243 3737 2469 3795 σύνολον
2502 3738 2713 3794 ἀκούειν
2756 3737 3008 3815 δύναμαι.
3157 3740 3161 3744 ’

2223 3830 2317 3886 VI.
2349 3828 2479 3883 Τότε
2507 3828 2563 3883 οἱ
2594 3825 2780 3892 παῖδες
2812 3833 2977 3887 αὐτοῦ
3006 3838 3265 3909 περιῆγον
3303 3833 3416 3907 μετ’
3447 3832 3608 3889 αὐτοῦ
3652 3833 3725 3890 δι’
3756 3838 3806 3874 ⁸³

2152 3916 2289 3987 ὅλης
2318 3924 2417 3987 τῆς
2450 3915 2741 3988 ἐκκλησίας
2772 3919 2824 3974 έν
2856 3921 3005 3993 μέσῳ
3032 3925 3129 3976 106
3160 3920 3461 3996 εὐχομένου
3511 3922 3670 3993 λαοῦ,
3706 3925 3804 3980 ἀν-

2153 4003 2294 4084 δρῶν
2327 4027 2385 4061 τε
2413 4006 2501 4061 καὶ
2531 4012 2819 4082 γυναικῶν,
2851 4008 2941 4064 καὶ
2989 4011 3085 4071 τὰς
3127 4009 3290 4083 θύρας
3340 4010 3457 4066 ὅθεν
3508 4008 3802 4083 είσέϐησαν

2150 4091 2472 4152 καταλαϐεῖν
2504 4099 2548 4134 9³
2577 4096 2675 4152 οὐκ
2702 4094 2976 4154 ἐδύναντο.
3009 4099 3168 4155 ’Ὀθεν
3202 4098 3254 4154 ἐν
3284 4104 3364 4173 τῷ
3413 4100 3805 4177 περιέρχεσθαι

2150 4185 2343 4247 αὐτοὺς
2400 4183 2794 4257 πλανηθέντας,
2843 4188 2933 4242 καὶ
2989 4189 3154 4243 πάλιν
3213 4188 3491 4245 κυκλεύειν
3539 4194 3605 4262 ⁸⁸,
3653 4194 3798 4269 πρὸς

2149 4272 2430 4352 Θεοδώραν
2479 4277 2578 4344 τὴν
2618 4275 2805 4352 κυρίαν
2847 4276 3045 4350 αὐτῶν,
3086 4275 3209 4332 ἔνθα
3253 4282 3333 4351 τῷ
3377 4279 3494 4351 Θεῷ
3554 4282 3797 4357 προσηύ-

2147 4384 2299 4440 χετο,
2334 4364 2424 4418 σὺν
2456 4368 2534 4436 τῷ
2582 4361 2814 4438 δεσπότῃ
2861 4364 3033 4420 αὐτῶν
3085 4367 3461 4442 παρεγένοντο.
3488 4370 3649 4430 Ἦτις
3690 4370 3797 4425 δω-

2148 4458 2340 4528 ρακυῖα
2363 4452 2490 4516 τοὺς
2532 4453 2725 4523 ἑαυτῆς
2783 4450 2981 4515 παῖδας
3044 4454 3177 4527 μετὰ
3229 4459 3326 4510 106
3371 4454 3562 4531 κυρίου
3611 4457 3793 4513 αὐτῶν

390 4535 525 4591 dem
556 4534 869 4591 declinavit
887 4538 1187 4606 aspectum
1210 4551 1433 4601 eorum,
1466 4539 1682 4607 putans
1700 4540 1854 4610 quod
1878 4558 2036 4614 aper-

2152 4539 2515 4619 tucplwtlév'coc
2575 4544 2619 4579 9⁸
2665 4543 3041 4617 περιάγοντας,
3099 4546 3316 4618 πρῶτον
3385 4546 3480 4619 μὲν
3558 4544 3799 4617 ἐξέκλινε

391 4624 466 4681 tis
497 4624 680 4681 oculis
710 4623 902 4696 ipsam
928 4623 1231 4696 aspiceret.
1253 4624 1389 4680 Dein
1414 4624 1574 4680 misit
1594 4643 1777 4682 unum
1800 4645 1830 4684 e
1853 4630 2034 4687 servis

380 4714 534 4786 suis,
565 4713 814 4771 utsciret
834 4712 971 4784 quid
990 4712 1101 4769 sibi
1122 4712 1493 4779 vellent,cum
1521 4714 1757 4771 domino
1781 4716 2030 4774 circum-

385 4811 609 4859 eunles.
629 4802 718 4859 Illi
741 4802 1339 4858 dixeruntzDominus
1373 4807 1587 4874 noster,
1627 4804 1766 4859 dum
1801 4806 1925 4863 vult
1947 4808 2029 4863 vi-

385 4893 521 4947 dere
551 4892 701 4963 quod
724 4890 775 4948 ei
796 4890 1022 4947 licitum
1046 4909 1160 4947 non
1183 4895 1290 4957 est,
1316 4896 1373 4947 et
1403 4891 1655 4948 alienum
1684 4896 2029 4967 mysterium

384 4979 607 5049 audire,
631 4986 947 5037 excaecatus
980 4986 1090 5047 est,
1121 4986 1179 5036 et
1200 4982 1416 5037 surdus
1437 4981 1698 5051 effectus;
1729 4984 1896 5039 nobis
1926 5002 2028 5041 au-

380 5072 501 5127 tem
531 5069 857 5142 imperavit,
880 5074 946 5125 ut
975 5068 1140 5124 illum
1172 5069 1307 5125 hinc
1340 5070 1865 5144 quomodocunque
1886 5078 2026 5131 edu-

453 5197 530 5270 (a)
563 5195 714 5252 Psal.
748 5211 933 5265 cxxxr,
968 5196 1053 5252 11.
1129 5195 1206 5269 (b)
1236 5196 1346 5253 Isa.
1379 5212 1476 5264 vn,
1510 5197 1597 5252 14.

2139 4633 2238 4700 τήν
2300 4630 2419 4685 θέαν
2468 4630 2641 4685 αὐτῶν
2694 4633 2757 4702 9⁸,
2788 4630 3087 4704 νομίζουσα
3136 4630 3219 4686 ὅτι
3267 4652 3368 4709 περ
3416 4633 3797 4709 ήνεῳγμένοις

2141 4716 2381 4793 ὄμμασιν
2431 4721 2686 4789 θεάσηται
2734 4721 2922 4790 αὐτήν.
2973 4720 3069 4775 Καὶ
3123 4723 3413 4795 πεμψάσης
3445 4726 3487 4760 ⁸⁷
3536 4721 3628 4778 ἕνα
3676 4730 3789 4780 τῶν

2137 4806 2344 4864 παίδων
2374 4809 2537 4877 αὐτῆς
2559 4808 2696 4883 πρὸς
2724 4808 2787 4863 τὸ
2817 4812 3013 4883 γνῶναι
3043 4808 3096 4864 τί
3128 4810 3231 4884 ἄρα
3262 4807 3469 4874 θέλοιεν
3514 4812 3650 4885 μετὰ
3692 4817 3789 4868 106

2136 4899 2327 4974 κυρίου
2402 4897 2574 4953 αὐτῶν
2650 4892 3093 4973 περιερχόμενοι,
3156 4899 3304 4954 εἷπον
3364 4901 3428 4938 ⁸³·
3486 4905 3541 4954 Ὁ
3598 4899 3789 4977 κύριος

2135 4990 2315 5060 ἡμῶν,
2349 4986 2521 5051 θέλων
2554 4987 2682 5063 ὁρᾷν
2714 4984 2847 5062 ὅπερ
2877 4985 3034 5041 αὐτὸν
3071 4985 3170 5042 οὐκ
3199 4986 3319 5058 ἐξῆν
3352 4991 3416 5062 ⁵⁸,
3442 4989 3532 5045 καὶ
3572 4989 3790 5046 ἀκούειν

2135 5074 2433 5153 ἀλλοτρίου
2495 5074 2815 5152 μυστηρίου,
2890 5073 3362 5155 ἀποτετύφλωται,
3432 5078 3524 5134 καὶ
3604 5082 3796 5159 κωῩὸς

1745 5288 1983 5349 νΑιιιΑς
2021 5293 2432 5355 LECTIONES.

448 5376 575 5417 ⁸²-⁸⁴
736 5372 1169 5461 [καθ’έκαοτον.
1347 5374 1422 5461 a1:
1469 5375 1912 5461 lxexat‘lappéva.
1990 5385 2034 5423 ⁸⁸
2093 5387 2167 5444 al.
2248 5376 2613 5461 Ecgoﬁrﬁ‘enauv.
2690 5382 2733 5417 ⁸⁷
2791 5380 2868 5461 8.]ἶ
2945 5378 3439 5461 ἀπαρεσκομένουςα
3496 5379 3789 5461 πλείστους

376 5440 555 5509 ὄντας.
631 5447 675 5482 ⁸⁸
732 5447 1080 5503 Concinnior
1135 5445 1281 5502 mihi
1334 5446 1561 5503 videtur
1616 5440 1785 5508 lectio
1844 5440 2301 5515 duorumwmss:
2340 5440 2491 5515 Τοῖίς¹
2532 5450 3001 5562 ἀπαςξσκομὲνους
3058 5440 3351 5516 Ζτεελείσῖιτους
3409 5440 3595 5523 δνταςν
3656 5440 3785 5513 illo;

376 5521 472 5562 ηιιί
527 5535 671 5562 mnrp
731 5520 929 5562 ferunt,
965 5527 1195 5562 ςηηιηηρ
1247 5534 1473 5562 numera
1531 5519 1711 5562 nlnrnc
1790 5524 1903 5562 nm.
2001 5529 2046 5562 ss
2102 5528 2152 5562 ..1
2227 5524 2550 5562 ..η-...ηιι-Απηηη
2740 5525 2788 5562 αι
2864 5521 3124 5562 Ann-mrum“
3225 5527 3268 5562 01
3312 5526 3363 5562 ιιι
3429 5525 3784 5562 εζηρὶαη.ζ..-..ρ

412 5521 472 5574 ιιί
525 5535 671 5590 aegre
693 5520 933 5590 ferunt,
964 5527 1195 5590 suntque
1247 5534 1473 5590 numero

1527 5519 1730 5592 plures.
1790 5524 1922 5583 Cor.
2001 5529 2046 5565 ⁸ο
2100 5528 2178 5586 al.
2227 5524 2572 5581 πιστεύσασα.

2739 5521 2819 5581 al.
2864 5521 3151 5596 ἀπιοῦσαν.
3225 5527 3268 5564 ’ί
3428 5521 3784 5596 εἰσελθούσης

397 5591 418 5625 ²
475 5582 863 5665 αί.’λα6όντες
920 5582 1395 5664 ἀὐτὸν’περιῆγον
1446 5582 1541 5646 διἿ
1612 5594 1657 5629 9³
1706 5594 1781 5650 al.
1832 5582 2335 5710 sfcﬁleovreépaai’v.
2411 5598 2456 5633 ⁸⁸
2503 5597 2577 5653 al.
2628 5595 3021 5710 nAavaLtvouc
3085 5597 3174 5651 καὶ
3222 5582 3576 5656 κυκλεύεινξ
3608 5600 3652 5637 ⁸⁸

397 5657 719 5710 τυιολωθέντα
748 5660 927 5710 αὐτόν-
1005 5663 1048 5698 9⁸
1078 5662 1152 5710 al-
1185 5659 1369 5710 αὐτοῦ-
1446 5664 1490 5700 97
1520 5662 1593 5710 al-
1634 5670 2096 5710 ιιεταπςιηῐιη..ιυι.η
2274 5670 2321 5710 ιιι
2380 5667 2522 5710 ςτπιυ
2624 5670 2668 5707 99
2696 5667 2746 5710 n1
2836 5686 2936 5710 πςη
2966 5666 3115 5710 ηιίτίῗ.
3149 5666 3245 5710 m’w
3278 5666 3442 5710 ἔζεε-φ.

370 5657 719 5741 τυφλωθέντα
748 5660 929 5735 αὐτόν,
1005 5663 1048 5698 ⁹⁶
1078 5662 1153 5719 al.
1185 5657 1370 5720 αὐτοῦ.
1446 5664 1490 5700 ⁹⁷
1520 5662 1595 5721 al.
1631 5657 2121 5747 μεταπεμψαμένη.

2273 5670 2347 5728 al.
2379 5667 2548 5727 εἶπεν.
2624 5670 2668 5707 θ’
2695 5667 2770 5728 al.
2801 5666 2936 5746 ἅπερ
2966 5666 3115 5743 αὐτῷ
3149 5666 3249 5726 οὔκ
3278 5666 3474 5743 ἔξεστι.
