4094 6202
280 340 390 400 621

1440 340 1922 403 MARTYRIUM
1966 339 2030 401 S.
2077 340 2542 403 CLEMENTIS.

3577 343 3698 403 622

281 471 637 546 ἀπειργάσθη·
673 473 811 543 ἡμῖν
835 494 894 527 τε
924 472 1220 543 ἐκέλευσεν,
1247 470 1339 527 ’ίνα
1367 477 1557 528 τοῦτον
1602 471 1836 528 ἐντεῦθεν
1867 475 1928 511 ιω

2047 491 2311 531 ceremus
2338 494 2352 545 ;
2384 476 2486 532 sed
2516 492 2631 532 non
2664 474 2831 533 licuit
2861 476 3029 533 nobis
3060 492 3194 533 eum
3226 475 3364 533 hinc
3381 475 3500 532 ullo
3525 481 3694 550 pacto

280 562 530 615 ὁπωσοῦν
564 560 934 636 ἐξαγάγωμεψ
968 561 1057 616 καὶ
1092 561 1153 616 οὐ
1187 564 1603 638 συγκεχώρηται
1651 564 1788 637 ἡμῖν
1841 562 1934 618 αὖ·

278 651 369 704 τὸν
400 649 635 705 ἐντεῦθεν
665 651 916 705 ὁπωσοῦν
947 650 1182 727 ἐκφέρειν
1213 657 1252 707 ¹.

352 741 475 796 VII.
511 739 697 793 Ἢνίκα
729 736 785 793 δὲ
814 744 974 793 τοῦτο
1007 743 1028 775 ²
1056 738 1117 793 τὸ
1169 738 1420 815 διήγημα
1448 743 1482 809 ἡ
1518 737 1771 815 Θεοδώρα
1803 741 1928 795 ὑπε-

284 826 470 899 δέξατο
501 830 523 863 3
568 828 711 903 παρὰ
752 833 848 882 τοῦ
895 826 1111 897 παιδὸς,
1143 828 1504 905 κατέστρωσεν
1552 832 1574 865 ⁸
1614 829 1807 897 ἑαυτὴν
1855 830 1929 891 εἰς

282 916 475 991 εὐχὴν,
524 916 613 970 καὶ
687 916 822 989 μετά
878 914 1122 993 δακρύων
1173 920 1194 953 δ
1239 917 1383 993 παρά
1429 922 1526 972 τοῦ
1575 914 1707 973 Θεοῦ
1754 916 1929 974 ἐδέετο

274 1001 370 1058 ’ἶνα
400 1005 428 1059 6
461 1003 597 1081 ἀνὴρ
632 1004 796 1074 αὐτῆς
842 1004 1037 1069 ἐκεῖθεν
1088 1003 1291 1080 δυνηθῇ
1338 1004 1591 1075 ἐξελθεῖν.
1624 1006 1719 1060 Καὶ
1770 1027 1927 1082 στρα-

276 1099 438 1170 φεῖσα
486 1093 625 1170 πρὸς
670 1092 797 1156 τοὺς
854 1091 1049 1157 παῖδας
1106 1094 1230 1157 τοὺς
1282 1094 1535 1156 συνόντας
1564 1093 1729 1167 αὐτῷ,
1760 1094 1925 1149 εἶπεν*

272 1179 590 1253 Ἀπὲλθετε,
640 1182 728 1237 καὶ
803 1184 1307 1259 χειραγωγήσαντες
1356 1183 1445 1237 τὸν
1512 1182 1697 1259 κύριον
1753 1183 1927 1255 ὑμῶν,

272 1271 577 1347 ἀπαγάγετε
608 1271 684 1333 είς
714 1271 804 1326 τὸν
841 1271 1010 1325 οἶκοψ
1047 1271 1156 1348 ἐγὼ
1198 1273 1299 1349 γὰρ
1338 1274 1435 1342 τὴν
1491 1272 1683 1348 εὐχὴν,
1714 1273 1775 1341 ἢν
1826 1274 1927 1347 ηρ-

268 1360 477 1433 ξάμην,
512 1360 575 1413 οὗ
609 1362 684 1433 μή
714 1359 1048 1428 καταλείπω,
1082 1359 1228 1416 ἀλλὰ
1276 1360 1566 1439 προσφέρω
1604 1361 1700 1430 τὴν
1749 1362 1929 1416 θυσίαν

271 1470 384 1522 μου
410 1454 491 1521 τῷ
522 1449 723 1522 Κυρίῳ,
756 1449 847 1504 καὶ
878 1448 1280 1525 πληρουμένων
1311 1456 1418 1505 τῶν
1465 1450 1798 1526 μυστηρίων,
1829 1472 1925 1505 κα-

264 1540 531 1616 ταφθάνω
566 1539 725 1612 ὑμᾶς.
755 1539 886 1594 Τότε
908 1538 1094 1594 τοίνυν
1124 1538 1370 1608 ἀπῆλθον
1404 1540 1454 1594 οἱ
1494 1537 1683 1600 παῖδες
1734 1560 1926 1615 χειρα-

267 1632 586 1703 γωγοῦντες
646 1628 804 1683 αὐτὸν
854 1630 896 1701 ⁸,
944 1629 1033 1683 καὶ
1096 1627 1466 1705 ἐξερχόμενοι,
1525 1620 1805 1705 ἀπήγαγον
1850 1629 1925 1691 εἷς

263 1719 366 1772 τὸν
412 1720 588 1772 οἷκον·
640 1717 730 1771 καὶ
790 1718 1219 1792 ὑποστρέψαντες
1269 1718 1404 1792 πρὸς
1442 1719 1542 1787 τὴν
1592 1717 1779 1793 κυρίαν
1834 1718 1925 1773 αὐ-

260 1812 402 1879 τῶν,
434 1805 640 1885 τυφλὸν
674 1804 1007 1882 ἀπήγγειλαν
1040 1807 1129 1861 καὶ
1156 1807 1337 1885 κωφὸν
1384 1805 1542 1862 αὐτὸν
1603 1806 1763 1861 εἷσὲτι
1814 1805 1927 1862 δια-

266 1901 456 1967 μεῖναι
490 1898 531 1952 ⁷.
566 1898 626 1949 Ἡ
660 1892 717 1949 δὲ
745 1892 997 1971 Θεοδώρα
1049 1894 1135 1949 ἐπὶ
1183 1894 1371 1951 πλεῖον
1416 1900 1495 1968 τῷ
1546 1899 1660 1967 Θεῷ
1718 1893 1926 1966 δεήσεις

259 1986 361 2039 καὶ
395 1982 602 2060 δάκρυα
631 1982 860 2060 ἐξέχεεν,
896 1984 1047 2047 ὅπως
1079 1989 1173 2039 τοῦ
1206 1982 1397 2061 ἀνδρὸς
1448 1983 1616 2054 αὐτῆς
1651 1986 1714 2039 τὸ
1762 1984 1926 2039 αὐτοῦ

260 2072 427 2136 ἔλεος
462 2072 855 2147 ἀντιλήψηται.
892 2074 988 2128 Καὶ
1024 2071 1090 2142 δὴ
1131 2081 1232 2143 τῆς
1277 2073 1595 2135 ἀπολύσεως
1643 2075 1924 2149 γεγονυίας

258 2162 573 2239 προσέπεσε
599 2168 679 2233 τῷ
712 2161 966 2237 μακαρίῳ
1011 2160 1127 2233 Κλή
1146 2182 1295 2235 μεντι
1338 2164 1373 2233 ἡ
1428 2159 1702 2239 Θεοδώρα,
1737 2161 1925 2239 λέγου-

259 2275 330 2308 σα
366 2256 408 2323 ³,
438 2252 531 2306 τὸν
568 2248 733 2326 ἄνδρα
780 2249 947 2319 αὐτῆς
992 2250 1480 2325 περιεργαζόμενον
1529 2250 1596 2305 τὰ
1644 2251 1927 2327 ἀπόρῥητα

256 2348 375 2397 τῶν
412 2339 729 2415 μυστηρίων
763 2344 858 2393 τοῦ
892 2339 1161 2395 Δεσπότου
1191 2340 1372 2409 Ἰησοῦ
1413 2344 1669 2416 Χριστοῦ,
1701 2339 1926 2419 τυφλώ-

263 2452 346 2486 σει
396 2434 710 2506 περιπεσεῖν
758 2431 870 2482 τῶν
943 2426 1264 2505 ἀμφοτέρων
1340 2426 1664 2507 ὀφθαλμῶν,
1712 2433 1819 2485 τῶν
1869 2449 1929 2484 τε

262 2518 539 2595 ἑκατέρων
576 2514 729 2573 ὤτων
760 2517 824 2571 τὸ
857 2516 1171 2571 ἀκουστικὸν
1204 2517 1451 2593 παραυτά
1479 2516 1765 2575 ἀπολέσαι.

336 2610 493 2666 VIII.
528 2609 843 2676 Τηνικαῦτα
894 2604 985 2660 οὖν
1020 2606 1048 2660 ὁ
1084 2607 1345 2678 μακάριος
1394 2602 1652 2678 Κλήμης,
1688 2606 1928 2681 προχέας

263 2698 499 2774 δάκρυα,
549 2698 874 2772 προτρέπειν
920 2693 1122 2771 ἤρξατο
1174 2697 1194 2731 ⁸
1240 2695 1367 2756 τοὺς
1413 2694 1811 2768 συμπαρόντας,
1839 2692 1929 2749 ’ίνα

263 2783 628 2861 ὁμοθυμαδὸν
671 2784 820 2861 παρὰ
865 2788 962 2839 τοῦ
1013 2782 1213 2857 Κυρίου
1257 2783 1605 2853 αἰτήσωνται,
1651 2782 1800 2844 ὅπως
1852 2788 1930 2855 τῷ

262 2876 419 2951 ἀνδρὶ
456 2874 626 2944 αὐτῆς
659 2876 759 2944 τήν
794 2894 852 2927 τε
881 2872 1049 2941 ἀκοὴν
1078 2871 1372 2948 χαρίσηται
1421 2873 1509 2926 καὶ
1564 2873 1663 2939 τήν
1724 2870 1927 2947 ὅρασινο

260 2964 590 3040 θαρσαλέως
620 2962 801 3018 τοίνυν
839 2963 865 3016 ὁ
915 2962 1179 3035 μακάριος
1230 2963 1465 3033 Κλήμης
1518 2961 1651 3033 μετὰ
1695 2961 1795 3030 τήν
1844 2961 1929 3015 εὖ-

256 3059 379 3132 χὴν
414 3051 786 3128 συνεπορεύθη
818 3054 887 3123 τῇ
919 3049 1131 3125 γυναικὶ
1163 3048 1297 3124 πρὸς
1342 3049 1433 3104 τὸν
1486 3048 1692 3116 ἐκείνης
1744 3047 1929 3124 ἄνδρα,

256 3145 357 3199 καὶ
410 3143 562 3215 εὗρεν
616 3140 802 3209 αὐτὸν,
844 3138 1203 3213 ἀνεῳγμένων
1252 3141 1360 3191 τῶν
1410 3140 1453 3175 ¹⁰
1505 3136 1791 3210 ὀμμάτων,
1839 3136 1931 3191 οὖ-

2043 564 2327 621 emittere.

2110 742 2231 798 VII.
2264 747 2581 815 Postquam
2615 748 2812 799 autem
2862 743 3011 799 hanc
3056 744 3451 800 narrationem
3507 744 3687 801 Theo-

2042 832 2181 887 dora
2212 849 2244 887 a
2284 849 2458 903 puero
2489 833 2768 905 suscepit,
2802 834 3112 905 prostravit
3142 849 3203 889 se
3250 834 3311 889 in
3342 834 3684 905 orationem,

2040 923 2097 975 et
2126 936 2257 975 cum
2293 920 2567 993 lacrymis
2597 938 2630 977 a
2656 921 2773 977 Deo
2804 921 3065 993 rogabat,
3118 925 3185 977 ut
3232 921 3368 977 inde
3415 921 3503 977 vir
3557 920 3687 991 ejus

2040 1016 2237 1079 posset
2267 1011 2439 1066 exire.
2473 1010 2878 1083 Conversaque
2925 1010 2998 1065 ad
3029 1027 3248 1079 servos,
3294 1010 3392 1081 qui
3440 1026 3575 1066 cum
3620 1025 3687 1066 eo

2041 1102 2207 1151 erant
2239 1113 2251 1152 :
2286 1097 2472 1167 Abite,
2506 1097 2724 1169 inquit,
2758 1114 2936 1153 manu
2967 1099 3247 1155 ducentes
3269 1097 3575 1154 dominum
3600 1113 3690 1152 ve-

2039 1189 2252 1253 strum,
2276 1187 2516 1242 domum
2540 1186 2798 1242 reducite
2826 1204 2839 1242 :
2872 1202 2977 1259 ego
3007 1186 3163 1243 enim
3185 1202 3381 1258 preces
3421 1202 3568 1258 quas
3599 1185 3689 1240 in-

2039 1274 2237 1329 choavi
2270 1293 2384 1330 non
2416 1275 2763 1347 relinquam,
2797 1276 2897 1331 sed
2931 1277 3169 1331 offeram
3200 1275 3447 1331 Domino
3479 1273 3691 1330 sacriﬁ-

2039 1363 2194 1419 cium
2218 1365 2754 1437 meum,completis
2772 1381 2905 1420 vero
2928 1365 3241 1438 mysteriis,
3257 1381 3359 1419 vos
3383 1380 3684 1435 assequar.

2038 1455 2202 1510 Tunc
2232 1454 2408 1527 igitur
2450 1454 2849 1510 discesserunt
2878 1454 3086 1509 famuli
3120 1471 3298 1510 manu
3333 1453 3685 1509 deducentes

2038 1559 2195 1609 eum,
2224 1551 2279 1599 et
2307 1543 2525 1615 egressi
2559 1544 2912 1599 reduxerunt
2949 1545 3224 1600 domum:
3254 1543 3583 1614 reversique
3612 1541 3685 1598 ad

2038 1632 2337 1689 dominam
2369 1648 2560 1697 suam,
2593 1632 2759 1687 illum
2792 1631 3211 1687 nuntiaverunt
3241 1647 3457 1687 caecum
3479 1634 3537 1687 et
3557 1646 3685 1687 sur-

2038 1722 2176 1776 dum
2205 1720 2395 1775 adhuc
2426 1722 2916 1792 permansisse.At
2938 1720 3242 1777 Theodore
3263 1719 3451 1793 magis
3474 1718 3685 1793 magis-

2038 1825 2149 1882 que
2179 1809 2293 1865 Deo
2323 1809 2760 1881 deprecationes
2804 1812 2861 1864 et
2903 1808 3189 1880 lacrymas
3227 1807 3452 1874 eﬂ‘udit,
3483 1812 3546 1864 ut
3576 1824 3682 1864 suo

2036 1899 2155 1952 viro
2179 1897 2577 1953 misericordia
2593 1898 2720 1968 ejus
2738 1897 3282 1968 subveniret.Atque
3304 1897 3455 1953 facta
3475 1897 3681 1952 dimis-

2036 1987 2216 2051 sione,
2291 1985 2502 2040 accidit
2549 1985 2716 2040 beato
2751 1984 3031 2041 Clementi
3078 1986 3400 2053 Theodore,
3458 1984 3681 2055 dicens,

2037 2074 2312 2130 maritum
2326 2090 2502 2129 suum
2516 2074 2657 2130 dum
2672 2073 3013 2130 abscondita
3026 2075 3436 2146 mysteriorum
3450 2072 3683 2130 Domini

2032 2167 2061 2219 J
2069 2181 2171 2219 esu
2195 2162 2407 2219 Christi
2430 2161 3205 2235 perscrutatur,incidisseiu
3229 2163 3534 2219 orbitatem
3557 2178 3682 2219 am-

2035 2253 2239 2309 borum
2274 2251 2597 2323 oculorum,
2641 2252 2957 2325 statimque
3013 2252 3321 2325 utriusque
3364 2251 3523 2309 auris
3564 2250 3682 2309 vim

2036 2341 2308 2399 audiendi
2340 2342 2626 2398 amisisse.

2105 2609 2252 2665 VIII.
2278 2610 2441 2665 Tunc
2463 2608 2642 2681 igitur
2662 2608 2866 2665 beatus
2883 2607 3150 2665 Clemens
3163 2607 3365 2665 eﬁ‘usis
3386 2606 3679 2683 lacrymis,

2037 2697 2259 2754 hortari
2289 2699 2464 2769 coepit
2484 2714 2581 2754 eos
2614 2697 2717 2770 qui
2733 2699 2998 2769 aderant,
3028 2703 3092 2753 ut
3118 2715 3152 2753 a
3180 2698 3428 2754 Domino
3471 2698 3681 2755 unani-

2040 2787 2212 2843 miter
2233 2786 2745 2859 postularent,viro
2764 2788 2891 2858 ejus
2913 2786 3180 2842 auditum
3206 2788 3471 2844 redderet
3501 2804 3567 2843 ac
3598 2788 3682 2841 vi-

2039 2894 2191 2933 sum.
2228 2877 2519 2933 Audacter
2547 2877 2744 2948 itaque
2786 2877 2849 2931 Β.
2897 2876 3161 2933 Clemens
3202 2881 3334 2948 post
3361 2878 3684 2933 orationem

2039 2966 2291 3039 perrexit
2320 2982 2450 3021 cum
2483 2965 2726 3021 muliere
2747 2966 2818 3021 ad
2841 2966 3030 3021 virum
3058 2966 3209 3036 ejus;
3228 2970 3285 3021 et
3308 2965 3529 3021 invenit
3549 2982 3684 3021 eum

2041 3054 2256 3125 apertis
2288 3054 2471 3110 oculis
2499 3054 2644 3109 nihil
2666 3054 2880 3119 videre,
2921 3070 3113 3126 neque
3142 3054 3318 3109 etiam
3354 3070 3685 3110 sermonem

2042 3142 2356 3207 ullatenus,
2382 3146 2483 3198 aut
2505 3142 2688 3197 ullum
2711 3159 2921 3197 sonum
2947 3143 3149 3197 audire
3173 3158 3187 3197 :
3223 3142 3322 3198 ubi
3344 3146 3401 3198 et
3420 3141 3687 3214 permisti

262 3231 353 3288 δὲν
391 3238 433 3270 ¹¹
475 3232 708 3306 ὁρῶντα,
743 3225 865 3282 οὔτε
901 3228 993 3301 μὲν
1027 3226 1195 3303 λόγου
1221 3227 1282 3281 τὸ
1313 3227 1582 3299 παράπαν,
1619 3223 1740 3281 οὔτε
1784 3227 1926 3289 τινὸς

2044 3248 2243 3288 omnes
2275 3232 2591 3303 ejulatibus
2609 3232 3077 3304 perstrepebant;
3110 3247 3215 3288 nec
3235 3231 3541 3288 Sininnius
3566 3229 3685 3289 ullo

261 3322 417 3399 ἤχου
478 3318 763 3375 ἀκούοντα·
818 3312 942 3371 ἔνθα
997 3318 1086 3372 καὶ
1146 3320 1437 3392 συμμιγεῖς
1497 3314 1826 3394 ὀλοφυρμῶν
1878 3317 1923 3354 ¹²

265 3414 502 3473 ἅπαντες
562 3409 889 3482 περιηχουν,
921 3402 983 3460 οὔ
1029 3426 1176 3468 τινος
1207 3406 1234 3460 ὁ
1277 3404 1544 3468 Σισίννιος
1596 3406 1926 3460 παντάπασιν

266 3502 367 3556 οὐκ
397 3502 671 3575 ἠκροᾶτο.

340 3596 432 3645 IX.
472 3587 605 3641 Τότε
662 3586 778 3653 οὗν,
836 3582 1018 3646 κλίνας
1075 3583 1141 3638 τὰ
1199 3583 1397 3658 γόνατα
1438 3584 1577 3669 πρὸς
1628 3583 1720 3638 τὸν
1774 3584 1923 3652 Θεὸν,

261 3676 366 3757 εῨη
404 3678 436 3732 δ
478 3675 746 3751 μακάριος
798 3672 1056 3746 Κλήμης·
1092 3672 1254 3749 Κύριε
1285 3673 1466 3742 Ἰησοῦ
1508 3674 1726 3749 Χριστὲ,
1761 3674 1789 3727 ὁ
1830 3674 1927 3734 τὰς

258 3767 421 3829 κλεῖς
477 3768 579 3834 τῆς
634 3762 911 3838 βασιλείας
952 3767 1060 3817 τῶν
1116 3762 1357 3839 οὐρανῶν
1401 3759 1650 3823 δεδωκὼς
1676 3762 1756 3834 τῷ
1796 3762 1926 3816 ἀπο-

261 3856 462 3930 στόλῳ
522 3876 639 3925 σου,
689 3850 999 3925 διδασκάλῳ
1048 3849 1105 3907 δὲ
1151 3851 1267 3924 ἐμῷ
1326 3852 1538 3927 Πέτρῳ,
1589 3851 1677 3906 καὶ
1737 3850 1923 3906 εἰπών’

262 3948 448 4019 ’Ἁπερ
502 3944 561 3997 ἂν
616 3942 850 4015 ἀνοίξῃς,
897 3938 1184 4013 ἠνέῳκται,
1235 3939 1324 3994 καὶ
1385 3940 1518 4015 ἅπερ
1566 3938 1806 4013 κλείσῃς,
1838 3940 1926 3993 κέ-

260 4034 548 4103 κλεισται,
581 4031 642 4087 σὺ
668 4030 963 4106 πρόσταξον
1014 4027 1106 4082 τίνα
1136 4026 1483 4104 διανοιχθῶσι
1528 4032 1607 4099 τῷ
1658 4028 1929 4103 ἀνθρώπῳ

259 4125 452 4196 τούτῳ
474 4125 593 4165 ¹³-¹⁵
612 4122 666 4174 αἱ
693 4118 971 4187 ἀκοαὶ,καὶ
995 4118 1045 4171 οἱ
1070 4115 1462 4195 ὀφθαλμοὶ,δτι
1488 4116 1549 4170 σὺ
1572 4116 1929 4192 εἶπας”Ἀπερ

262 4214 325 4267 ἂν
382 4211 655 4281 αἰτήσητε
701 4206 1059 4269 πιστεύοντες,
1112 4203 1368 4278 λήψεσθε.
1420 4205 1517 4259 Καὶ
1568 4203 1699 4275 αὕτη
1754 4226 1847 4259 σου
1894 4207 1929 4275 ἡ

263 4299 579 4377 ἐπαγγελία
609 4296 849 4370 διαμένει
882 4295 958 4357 εἷς
989 4294 1159 4349 αἰῶνα
1209 4293 1420 4348 αἰώνων
1456 4296 1592 4347 ί⁵-¹⁶.
1628 4294 1728 4350 Καὶ
1774 4294 1933 4363 ἡνίκα

262 4392 475 4450 πάντες
534 4386 883 4461 ἀπεκρίνοντο
960 4388 1023 4454 Π,
1079 4384 1279 4455 Ἀμήν,
1341 4380 1731 4457 διηνοίχθησαν
1794 4385 1832 4419 ¹³
1881 4384 1933 4436 οἱ

265 4478 565 4558 ὀφθαλμοὶ
601 4476 874 4531 Σισιννίου
905 4474 993 4528 καὶ
1027 4474 1081 4527 αἱ
1113 4472 1290 4528 ἀκοαί.
1327 4472 1427 4528 Καὶ
1470 4469 1598 4525 ἰδὼν
1642 4474 1732 4527 τὸν
1786 4473 1935 4547 ἅγιον

2035 3322 2209 3379 modo
2240 3322 2535 3378 audiebat.

2107 3589 2199 3644 IX.
2233 3590 2397 3645 Tunc
2428 3587 2608 3659 igitur
2648 3586 2896 3660 genibus
2952 3587 3117 3642 ﬂexis
3172 3586 3243 3642 ad
3301 3586 3508 3650 Deum,
3535 3585 3684 3641 dixit

2037 3680 2242 3736 beatus
2297 3676 2591 3733 Clemens:
2620 3675 2858 3732 Domine
2901 3677 3037 3731 Jesu
3068 3674 3313 3742 Christe,
3345 3675 3442 3745 qui
3488 3673 3678 3731 claves

2037 3768 2200 3840 regni
2230 3765 2506 3822 caelorum
2529 3764 2740 3820 dedisti
2759 3764 3019 3837 apostolo
3043 3770 3163 3835 tuo,
3183 3764 3463 3835 magistro
3483 3768 3679 3820 autem

2038 3873 2166 3912 meo
2208 3856 2394 3924 Petro,
2417 3859 2475 3909 et
2514 3853 2740 3910 dixisti:
2767 3858 3124 3927 Quaecunque
3155 3855 3461 3925 aperueris,
3493 3856 3681 3925 aperta

2035 3950 2188 4015 sunt,
2238 3950 2290 4001 et
2346 3958 2686 4016 quaecunque
2739 3944 3007 4000 clauseris
3063 3944 3254 3999 clausa
3295 3951 3422 3999 sunt
3451 3942 3566 4014 (a);
3618 3947 3683 3997 tu

2039 4034 2286 4107 praecipe
2315 4038 2375 4088 ut
2421 4033 2760 4105 aperiantur
2815 4031 2955 4087 huic
3002 4032 3225 4087 homini
3283 4047 3455 4088 aures
3510 4036 3686 4103 atque

2041 4122 2191 4179 oculi
2219 4147 2233 4190 ;
2266 4122 2546 4194 quoniam
2566 4125 2630 4176 tu
2652 4119 2852 4177 dixisti
2878 4137 2890 4176 :
2915 4122 3259 4192 Quaecunque
3273 4122 3553 4191 petieritis
3571 4135 3688 4175 cre-

2040 4212 2247 4277 dentes,
2270 4210 2553 4282 accipietis
2578 4209 2676 4281 (b).
2699 4210 2768 4264 Et
2788 4210 2908 4265 haec
2930 4216 3032 4265 tua
3048 4208 3359 4283 promissio
3391 4214 3691 4281 permanet

2042 4302 2103 4356 in
2136 4299 2413 4355 saeculum
2442 4298 2659 4355 saeculi.
2691 4298 2955 4371 Cumque
2983 4315 3186 4355 omnes
3216 4298 3643 4372 responderunt
3674 4314 3690 4354 :

2043 4393 2248 4455 Amen,
2293 4388 2475 4460 aperti
2504 4392 2641 4443 sunt
2688 4387 2839 4443 oculi
2886 4387 3148 4456 Sisinnii,
3188 4389 3447 4460 itemque
3494 4402 3689 4443 aures.

2046 4480 2112 4533 Et
2128 4477 2330 4533 videns
2352 4482 2622 4531 sanctum
2644 4475 3000 4533 Clementem
3023 4480 3274 4534 stantem
3294 4493 3427 4533 cum
3445 4478 3692 4550 conjuge

260 4570 580 4640 Κλήμεντα
636 4565 727 4619 σὺν
785 4567 855 4637 τῇ
915 4564 1104 4617 ἑαυτοῦ
1163 4561 1446 4633 ἱστάμενον
1480 4561 1714 4633 γυναικὶ,
1748 4560 1928 4631 ἐξέστη

2044 4584 2169 4634 sua,
2190 4570 2383 4620 mente
2404 4566 2636 4629 excidit,
2659 4571 2935 4636 reputans
2957 4565 3240 4637 quidnam
3282 4566 3391 4622 hoc
3417 4570 3592 4633 esset;
3623 4581 3691 4619 ac

264 4660 340 4735 τῇ
380 4655 616 4727 διανοίᾳ,
653 4652 1009 4728 λογιζόμενος
1054 4650 1105 4705 τί
1153 4650 1255 4725 ἄρα
1304 4646 1384 4718 εἷή
1442 4653 1629 4719 τοῦτο,
1662 4649 1749 4702 καὶ
1804 4650 1933 4704 ὑπο-

265 4754 424 4804 νοῶν
457 4750 623 4800 τοῦτο
658 4743 787 4797 αὐτὸ
817 4744 1103 4816 γοητικαῖς
1152 4738 1367 4814 τέχναις
1412 4736 1802 4813 ἐμπεπαῖχθαι,
1830 4736 1938 4813 ἧρ-

267 4842 409 4910 ξατο
464 4836 678 4910 κράζειν
743 4834 786 4869 ¹⁹
833 4836 949 4891 τοῖς
1010 4826 1230 4889 δούλοις
1290 4826 1454 4880 αὐτοῦ
1509 4829 1569 4862 ²⁰·
1631 4829 1939 4901 Κρατήσατε

268 4927 585 4997 Κλήμεντα
657 4921 746 4975 τὸν
828 4918 1143 4973 ἐπίσκοπονο
1201 4913 1289 4968 διὰ
1342 4914 1443 4989 γὰρ
1518 4918 1614 4968 τοῖ’)
1681 4913 1935 4978 εἰσελθεῖν

265 5016 425 5092 πρὸ,
453 5014 554 5082 τὴν
609 5008 839 5085 γυναῖκά
885 5028 1010 5081 μου,
1040 5009 1111 5080 τῇ
1164 5006 1370 5080 μαγικῇ
1418 5001 1582 5059 αὐτοῦ
1627 5004 1794 5081 τέχνῃ
1838 5006 1938 5075 τὴν

268 5101 541 5180 πήρωσίν
581 5121 674 5173 μοι
707 5098 997 5173 ἐπήγαγεν.

353 5231 446 5305 (a)
476 5228 693 5287 Matth.
731 5242 848 5299 xvr,
885 5225 970 5282 19.
1048 5223 1123 5297 (ὸ)
1154 5222 1336 5279 Marc.
1367 5237 1485 5293 xxx,
1515 5222 1605 5278 22.

2045 4654 2389 4712 existimans
2418 4653 2475 4708 id
2508 4653 2702 4725 ipsum
2727 4654 3102 4725 prmstigiosis
3134 4655 3361 4710 artibus
3386 4658 3441 4709 et
3466 4652 3691 4709 illusio-

2048 4745 2222 4799 nibus
2257 4742 2525 4797 elfectum
2577 4741 2779 4810 fuisse,
2822 4743 2995 4814 coepit
3026 4742 3277 4799 clamare
3308 4743 3487 4799 servis
3518 4742 3641 4798 suis
3674 4760 3688 4798 :

2049 4833 2262 4887 Tenete
2282 4831 2638 4887 Clementem
2667 4832 3187 4904 episcopumznam
3214 4839 3276 4889 ut
3297 4832 3697 4905 ingrederetur

2053 4923 2122 4976 ad
2156 4935 2397 4977 uxorem
2422 4936 2632 4992 meam,
2658 4922 2885 4993 magica
2914 4938 3023 4977 sua
3051 4926 3175 4978 arte
3204 4921 3351 4977 mihi
3374 4922 3697 4980 caecitatem

2050 5009 2298 5067 induxit.

1668 5309 1909 5370 VARIAB
1947 5312 2253 5372 LECTION
2260 5315 2360 5373 ES.

362 5410 444 5449 ¹⁰⁰
496 5409 663 5466 ἀδεεῖ
716 5408 777 5463 in
832 5404 907 5478 δί’
950 5406 1004 5478 -¹
1066 5400 1141 5478 “.1-
1202 5393 1571 5478 έκδοὶλεῖνο..²
1625 5401 1805 5478 ἀθθεῖ.
1839 5402 1900 5458 in
1959 5403 2034 5478 @1-
2111 5404 2266 5478 ’,εῙο
2340 5400 2588 5478 ἤκουεῐεν,ο
2623 5473 2633 5478 _
2666 5403 2689 5439 ⁴
2732 5404 2820 5478 al.
2891 5399 3134 5478 ἔστησεν.
3210 5409 3232 5446 ⁸
3288 5410 3451 5467 deest
3507 5408 3565 5466 in
3624 5406 3700 5468 al.

276 5485 311 5561 ξ
338 5482 518 5561 deest
546 5481 606 5561 in
637 5478 735 5561 al.‘
790 5478 809 5513 ⁷
837 5475 914 5561 al:
947 5469 1239 5561 διαμένειν.
1282 5473 1336 5561 *⁸
1477 5469 1707 5561 λέγσύσα
1736 5470 1997 5561 πάντατὰ
2043 5469 2321 5561 συμξαντα
2366 5469 2443 5546 τῷ
2488 5472 2638 5561 ἀνδρὶ
2687 5475 2877 5561 αὐτῆς,
2909 5469 3014 5561 καῖ’
3048 5477 3142 5561 δτι
3179 5478 3390 5561 τυφλός
3428 5480 3538 5536 ἐστι
3560 5485 3703 5561 *τοῖς

283 5550 616 5642 ὀφθαλμοῖς
648 5549 740 5639 καὶ
767 5546 951 5642 κωφὸς
980 5543 1099 5642 to}:
1130 5543 1456 5642 dzqg."fai3|1a
1485 5543 1772 5642 ἀκοὶύῖαςιὸ
1807 5543 2123 5639 μακάριιοςβ
2167 5543 2712 5642 θίξιέιπροετρέψατο.
2756 5543 2833 5642 "‘0
2865 5543 2957 5642 V‘al.
2989 5550 3175 5642 ταύτῷ.

3276 5553 3453 5639 ¹ηξι1.·
3473 5549 3703 5639 μηδένα.

275 5614 350 5666 η’
370 5614 461 5681 ἀι,
491 5614 737 5734 ὸυμμιγῆ
772 5614 1108 5696 ὀλοφυρμόν.
1188 5617 1309 5658 ί³-¹⁴
1340 5616 1414 5673 al.
1445 5619 1541 5670 τοῦ
1571 5614 1859 5691 ἀνθρώπου
1904 5614 2122 5677 τούτου.
2200 5621 2323 5663 ¹⁶-¹⁶
2352 5614 2428 5679 al.
2458 5614 2678 5683 αῗῶνος.
2756 5622 2799 5659 1⁷
2830 5621 2906 5678 al.
2962 5614 3233 5682 εἶπον’τό.
3310 5625 3354 5664 ⁸⁸
3386 5614 3485 5687 δί’
3523 5614 3705 5686 ἱίιεθτ.

278 5695 505 5734 ,ἆηὲιηρ
625 5696 645 5733 9
672 5695 724 5734 nl
782 5688 1042 5734 νελεῦειυ.
1120 5689 1166 5726 ³ο
1196 5687 1271 5734 nl-
1299 5686 1485 5734 αὐτοῦ-
1516 5688 1606 5734 καὶ
1640 5685 1836 5734 λέγειν-

278 5695 524 5761 ιόθέως.

671 5685 751 5754 ἀι.
782 5685 1046 5749 κελεύειν.
1120 5689 1166 5726 ²⁰
1196 5687 1272 5747 al.
1299 5686 1486 5760 αὐτοῦ,
1516 5688 1606 5745 καὶ
1640 5685 1838 5770 λεγειν.
