4094 6202
388 387 505 445 623

1485 376 1880 439 APPENDIX
1923 376 2028 435 AD
2069 374 2133 435 S.
2180 373 2690 437 CLEMENTEM.

3676 372 3797 433 624

460 518 528 573 X.
560 516 649 573 Illi
696 532 849 579 vero.
904 529 1051 588 quos
1081 515 1342 586 jusserat
1374 513 1725 569 Clementem
1757 510 2035 567 constrin-

2223 513 2285 563 X.
2322 508 2549 561 Ἐκεῖνοι
2606 503 2682 578 δὲ,
2716 506 2799 568 οἷς
2858 503 3103 560 ἐκέλευσε
3152 503 3244 559 τὸν
3297 502 3595 577 Κλήμεντα
3638 524 3800 560 κατα-

392 623 525 679 gere
556 623 622 661 ac
650 606 901 672 trahere,
925 604 1036 675 ipsi
1070 603 1375 659 columnas
1416 604 1749 673 adjacentes
1781 600 2043 672 ligabant

391 703 447 752 et
468 696 793 760 trahebant;
847 695 1161 765 aliquando
1192 693 1430 764 quidem
1462 708 1529 747 ex
1560 690 1936 745 interioribus
1967 688 2039 742 ad

392 786 696 847 exteriora,
721 784 1034 854 aliquando
1073 798 1205 838 vero
1253 783 1325 837 ab
1374 780 1757 836 exterioribus
1794 778 1863 833 ad
1889 777 2040 832 inte-

391 874 546 929 riora
584 892 596 930 :
638 874 747 929 hoc
776 878 971 927 autem
1020 871 1133 943 ipsi
1177 871 1351 926 etiam
1401 870 1660 925 Sisinnio
1715 868 2038 931 videbatur,

390 964 545 1035 quod
569 969 837 1019 sanctum
860 962 1215 1017 Clementem
1231 960 1474 1031 ligatum
1489 963 1752 1013 tenerent
1763 972 1829 1012 ac
1846 955 2039 1011 trahe-

390 1058 539 1109 rent.
560 1054 638 1106 Ad
659 1068 830 1121 quem
867 1051 925 1105 S.
964 1050 1231 1104 Clemens
1268 1048 1440 1103 dixit:
1464 1046 1689 1103 Duritia
1732 1045 1923 1100 cordis
1953 1044 2039 1098 tui

392 1140 452 1195 in
485 1139 708 1211 lapides
750 1155 1029 1211 conversa
1076 1136 1358 1211 estzquia
1390 1135 1558 1211 enim
1606 1134 1831 1205 lapides
1874 1138 2039 1203 putas

392 1228 521 1268 esse
546 1208 711 1281 deos,
746 1210 970 1282 lapides
1002 1208 1232 1264 trahere
1261 1208 1504 1263 sortitus
1536 1222 1619 1261 es.

463 1300 556 1358 XI.
592 1300 691 1356 Ille
716 1316 846 1355 vero
878 1297 1046 1371 quasi
1076 1297 1267 1353 vincto
1303 1295 1617 1365 insultans,
1651 1294 2038 1366 dicebat:Ego

389 1394 444 1444 te
475 1388 683 1445 faciam
714 1388 774 1444 in
795 1385 1128 1458 exemplum
1146 1384 1410 1441 omnium
1439 1382 1927 1457 praestigiatorum
1950 1383 2037 1437 in-

387 1478 773 1535 terimi.Tunc
784 1480 1021 1533 sanctus
1042 1474 1328 1545 Clemens,
1353 1489 1487 1530 cum
1509 1472 1799 1529 dedissset
1820 1471 2039 1527 oratio-

390 1583 545 1635 nem,
581 1572 639 1623 et
664 1566 827 1622 uxori
849 1567 978 1637 ejus
1010 1564 1422 1631 benedixisset,
1465 1562 1640 1631 abiit;
1691 1562 1801 1618 hoc
1850 1561 2037 1617 eidem

387 1657 697 1724 mandans,
732 1672 805 1712 ne
836 1656 908 1711 ab
938 1656 1196 1711 oratione
1212 1653 1329 1709 ullo
1354 1653 1525 1709 modo
1547 1656 1823 1720 cessaret,
1856 1651 2038 1706 donec

385 1744 780 1801 visitationem
812 1760 981 1800 suam
1016 1743 1295 1798 Dominus
1327 1742 1385 1796 in
1406 1741 1595 1796 virum
1618 1742 1747 1810 ejus
1768 1739 2038 1811 dignare-

383 1838 481 1890 tur
507 1835 831 1890 ostendere.
866 1832 1049 1889 Flenti
1073 1833 1252 1904 igitur
1286 1836 1343 1887 et
1372 1830 1562 1885 oranti
1600 1829 1932 1894 Theodoraa,
1962 1828 2033 1883 ad

387 1940 689 1994 vesperam
722 1922 992 1994 apparuit
1022 1921 1261 1993 quidam
1292 1920 1377 1975 vir
1406 1918 1616 1975 canitie
1646 1918 2033 1983 venerandus,

391 2012 656 2084 dixitque
692 2029 705 2067 :
752 2012 990 2084 Propter
1021 2017 1074 2067 te
1103 2027 1285 2066 sanus
1314 2009 1425 2065 erit
1463 2008 1797 2075 Sisinnius;
1832 2009 1896 2061 ut
1925 2007 2035 2061 im-

386 2101 618 2174 pleatur
662 2102 817 2173 quod
849 2100 994 2157 dixit
1022 2100 1200 2156 frater
1231 2114 1395 2155 meus
1441 2097 1653 2153 Paulus
1686 2095 1984 2169 apostolus
2018 2112 2032 2149 :

391 2190 840 2262 Sancti/imbitur
860 2191 949 2245 vir
968 2188 1206 2260 infidelis
1233 2204 1331 2259 per
1357 2187 1648 2242 mulierem
1675 2186 1903 2257 ﬁdelem
1933 2184 2034 2257 (α).

384 2281 606 2351 Bisque
636 2278 807 2334 dictis
836 2278 1106 2334 discessit
1134 2277 1206 2332 ab
1237 2278 1364 2346 ejus
1396 2280 1654 2347 aspectu.
1690 2274 1852 2330 Unde
1873 2274 2036 2328 indu-

385 2368 550 2424 bium
582 2372 639 2423 et
668 2366 1045 2438 perspicuum
1068 2371 1175 2433 est,
1196 2365 1431 2421 beatum
1450 2369 1687 2419 Petrum
1703 2362 2033 2436 apostolum
2058 2418 2068 2425 _

384 2456 505 2514 illic
534 2456 898 2528 apparuisse.

457 2726 579 2783 XII.
599 2726 663 2781 Et
684 2742 817 2781 vero
838 2724 1037 2781 statim
1068 2723 1361 2779 Sisinnius
1403 2724 1626 2780 vocavit
1650 2723 1721 2777 ad
1747 2738 1806 2777 se
1839 2722 2032 2778 Theo-

387 2814 827 2885 doram,aitque
846 2811 930 2867 illi
955 2830 968 2869 :
992 2811 1245 2868 Obsecro
1268 2816 1324 2867 te
1357 2816 1421 2867 ut
1447 2827 1614 2881 roges
1645 2815 1824 2867 Deum
1844 2814 2032 2877 tuum,

388 2921 461 2960 ne
494 2906 782 2959 irascatur
803 2900 1279 2973 mihi.Zelotypia
1297 2900 1453 2956 enim
1479 2899 1564 2955 tui
1585 2900 1798 2955 ductus
1828 2899 2033 2954 adveni

387 2997 445 3048 et
463 2991 764 3064 ingressus
788 3008 918 3047 sum
950 2994 1080 3062 post
1098 2995 1153 3045 te
1175 2990 1236 3047 in
1280 2989 1605 3057 ecclesiam;
1631 2993 1688 3045 et
1719 2988 1857 3060 quia
1877 2986 2035 3043 volui

394 3081 591 3155 videre
614 3097 740 3152 quas
777 3079 1241 3148 celebrabantur,
1284 3079 1631 3150 auditorque
1673 3094 1800 3134 esse
1830 3094 2032 3132 eorum

388 3187 518 3241 quas
550 3168 917 3237 dicebantur,
961 3168 1153 3224 visum
1185 3168 1402 3240 pariter
1447 3172 1504 3223 et
1527 3166 1793 3222 auditum
1839 3166 2029 3222 amisi.

2148 595 2383 673 σφίγγειν
2418 598 2461 632 ²¹
2494 616 2553 650 τε
2598 595 2687 649 καὶ
2736 593 2935 667 σύρειν,
2965 592 3119 648 αὐτοὶ
3159 592 3288 655 τοὺς
3332 589 3618 665 κειμένους
3672 592 3797 648 στύ-

2150 683 2279 745 λους
2316 682 2635 756 δεσμοῦντες
2667 682 2869 739 εἷλκον·
2903 683 3035 737 ποτὶ
3068 684 3164 754 μὶν
3196 678 3404 737 ἔνδοθεν
3438 681 3515 745 είς
3559 682 3626 737 τὰ
3674 681 3797 753 ἔξω,

2148 774 2280 827 ποτὶ
2338 770 2395 827 δὲ
2452 772 2511 827 ἐκ
2566 778 2673 827 τῶν
2733 769 2833 842 ἔξω
2865 772 2940 833 εἷς
2969 772 3037 827 τὰ
3068 769 3194 825 ἔσω·
3228 775 3391 826 τοῦτο
3423 768 3482 826 δὲ
3510 772 3601 825 καὶ
3650 770 3798 845 αὐτῷ

2148 866 2226 933 τῷ
2261 862 2516 934 Σισιννίῳ
2548 859 2740 929 ἐδόκει,
2774 861 2857 915 ὅτι
2885 882 2986 936 περ
3015 860 3107 915 τὸν
3141 862 3292 935 ἅγιον
3328 859 3619 932 Κλήμεντα
3650 858 3799 916 δεδε-

2154 950 2311 1023 μένον
2340 949 2518 1005 εἷλκόν
2550 971 2608 1005 τε
2633 951 2723 1005 καὶ
2752 956 3007 1026 κατεῖχον
3042 952 3107 1006 ³³.
3142 950 3285 1024 Πρὸς
3310 950 3368 1005 ὃν
3402 951 3430 1004 6
3465 951 3618 1025 ἅγιος
3648 950 3801 1021 Κλή-

2154 1060 2260 1112 μης
2288 1043 2332 1077 ³³
2362 1038 2461 1117 ἔφη
2480 1058 2492 1073 '
2530 1040 2592 1095 ἹΙ
2622 1036 2932 1115 σκληρότης
2962 1045 3064 1108 τῆς
3094 1036 3316 1112 καρδίας
3344 1059 3440 1093 σου
3482 1037 3559 1101 εἷς
3612 1039 3800 1103 λίθους

2150 1128 2376 1205 ἐτράπη·
2411 1126 2596 1197 ἐπειδὴ
2628 1129 2729 1205 γὰρ
2759 1127 2886 1191 τοὺς
2918 1125 3110 1192 λίθους
3147 1124 3388 1198 δοξάζεις
3438 1127 3570 1184 εἶναι
3615 1127 3793 1202 θεοὺς,

2149 1218 2333 1279 λίθους
2364 1218 2540 1293 σύρειν
2572 1215 2940 1292 κεκλήρωσαι.

2219 1314 2311 1364 XI.
2345 1308 2579 1369 Ἐκεῖνος
2632 1303 2707 1377 δὲ,
2762 1306 2838 1368 ὡς
2884 1303 3040 1375 δῆθεν
3092 1302 3382 1379 δεδεμένου
3437 1307 3798 1382 κατακαυχώ-

2152 1416 2307 1469 μενος
2352 1398 2415 1467 ³⁸,
2461 1391 2662 1471 ἔλεγεν·
2696 1394 2836 1471 Ἐγώ
2884 1414 2943 1448 σε
2994 1398 3139 1449 ποιῶ
3190 1393 3267 1456 εἷς
3315 1391 3618 1471 ὑπόδειγμα
3662 1396 3797 1449 πάν-

2146 1507 2252 1539 των
2286 1488 2393 1539 τῶν
2425 1486 2642 1559 γοήτων
2676 1484 3360 1559 ἀναιρεθῆναι.Τηνικαῦτα
3389 1483 3419 1537 6
3452 1484 3609 1558 ἅγιος
3640 1482 3797 1555 Κλή-

2151 1595 2278 1646 μης,
2312 1570 2563 1635 δεδωκὼς
2594 1571 2782 1649 εὐχὴν,
2816 1570 2904 1626 καὶ
2936 1571 3241 1648 εὐλογήσας
3269 1572 3369 1641 τήν
3398 1571 3606 1628 ἐκείνου
3653 1571 3794 1645 σύμ-

2147 1657 2285 1731 ϐιον,
2318 1662 2574 1736 ἀπῲχετο
2600 1664 2665 1733 ³⁸,
2696 1665 2855 1715 τοῦτο
2905 1658 3282 1734 ἐντειλάμενος
3332 1660 3492 1734 αὐτῇ,
3527 1661 3605 1734 μὴ
3651 1661 3795 1715 παύ-

2146 1752 2329 1805 σασθαι
2385 1751 2448 1805 τὸ
2490 1751 2738 1826 παράπαν
2791 1756 2889 1819 τῆς
2940 1756 3279 1825 προσευχῆς,
3337 1749 3536 1825 μέχρις
3583 1748 3643 1804 ἂν
3692 1751 3795 1818 τήν

2145 1847 2269 1916 παρ’
2299 1840 2461 1894 αύτοῦ
2507 1839 2781 1913 ἐπίσκεψιν
2839 1840 2867 1894 6
2897 1837 3095 1914 Κύριος
3144 1838 3221 1901 είς
3270 1839 3362 1894 τὸν
3409 1836 3575 1915 ἄνδρα
3622 1839 3795 1909 αὐτῆς

2143 1930 2447 2003 καταξιώσῃ
2495 1925 2779 2001 ἀναδεῖξαι.
2828 1926 3106 2001 Κλαιούσῃ
3155 1928 3332 1983 τοίνυν
3381 1927 3470 1982 καὶ
3521 1927 3798 2003 εὐχομένη

2142 2023 2210 2092 τῇ
2244 2015 2515 2090 Θεοδώρᾳ,
2543 2018 2677 2090 πρὸς
2706 2016 2927 2092 ἑσπέραν
2979 2015 3142 2094 ἐφάνη
3194 2038 3278 2079 τις
3327 2016 3459 2085 ἀνὴρ
3506 2020 3574 2090 τῇ
3622 2016 3799 2090 πολιᾷ

2143 2106 2447 2180 αἰδέσιμος,
2505 2107 2594 2161 καὶ
2646 2106 2779 2161 εἶπε·
2832 2106 2930 2161 Διὰ
2991 2107 3049 2161 σὶ
3102 2105 3264 2181 ὗγιής
3313 2102 3487 2161 ἔσεται
3534 2107 3562 2159 6
3610 2106 3798 2161 Σισίν-

2142 2213 2278 2256 νιος·
2339 2193 2488 2255 ὅπως
2557 2192 2828 2267 πληρωθῇ
2904 2191 3036 2267 ὅπερ
3112 2189 3213 2270 ἔφη
3285 2193 3314 2247 6
3370 2190 3606 2271 ἀδελφός
3685 2214 3795 2266 μου

2145 2282 2359 2345 Παῦλος
2409 2284 2436 2339 6
2486 2282 2812 2344 ἀπόστολος·
2869 2282 3279 2357 Ἀγιασθήσεται
3335 2282 3362 2337 ὁ
3413 2282 3551 2358 ἀνὴρ
3602 2283 3629 2336 6
3664 2280 3796 2337 ἄπι-

2144 2394 2267 2434 στος
2326 2370 2415 2427 διὰ
2467 2372 2566 2440 τὴν
2619 2376 2845 2447 γυναῖκα
2897 2372 2994 2440 τήν
3050 2371 3269 2440 πιστήν.
3329 2369 3428 2425 Καὶ
3484 2376 3652 2428 ταῦτα
3716 2372 3799 2428 εἰ·

2142 2462 2283 2529 πὼν,
2314 2460 2373 2515 ἐκ
2399 2467 2498 2529 τῆς
2528 2455 2702 2534 ὅψεως
2732 2458 2899 2528 αὐτῆς
2932 2459 3302 2535 ἀνεχώρησεν.
3341 2462 3497 2523 Ὅθεν
3554 2460 3796 2539 ἀναμφί-

2144 2546 2309 2605 6ολον
2370 2549 2603 2625 ὑπάρχει
2656 2548 2745 2603 καὶ
2797 2544 3108 2617 κατάδηλον
3162 2547 3254 2602 τὸν
3300 2549 3565 2625 μακάριον
3614 2548 3795 2606 ἐκεῖσε

2145 2640 2345 2714 Πέτρον
2376 2639 2463 2693 τὸν
2493 2637 2802 2693 ἀπόστολον
2827 2638 3074 2713 φανῆναι,

2215 2735 2329 2783 XII.
2365 2727 2461 2781 Καὶ
2496 2725 2562 2795 δὴ
2597 2726 2818 2797 ἐξαυτῆς
2851 2724 3071 2780 ἐκάλεσε
3106 2726 3243 2801 πρὸς
3292 2726 3477 2783 ἑαυτὸν
3530 2728 3556 2782 6
3607 2728 3799 2784 Σισίν-

2141 2839 2252 2881 νιος
2295 2818 2393 2885 τήν
2439 2812 2743 2889 Θεοδώραν,
2775 2814 2863 2869 καὶ
2908 2809 3054 2890 λέγει
3102 2814 3260 2888 αὐτῇ·
3310 2815 3511 2888 Δέομαί
3561 2837 3657 2871 σου
3699 2814 3797 2872 ἳνα

2142 2906 2415 2980 ἱκετεύσῃς
2457 2906 2545 2959 τὸν
2597 2903 2725 2959 Θεόν
2774 2923 2890 2976 σου,
2921 2907 3018 2957 τοῦ
3070 2904 3146 2976 μή
3190 2903 3503 2980 ὀργισθῆναί
3558 2926 3674 2979 μοι.
3719 2907 3794 2961 Σὶ

2142 2997 2244 3071 γὰρ
2281 2994 2684 3065 ζηλοτυπήσας,
2717 2991 3092 3067 παρεγενόμην
3142 2992 3232 3047 καὶ
3283 2988 3612 3069 παρεισέόην
3664 2997 3794 3039 38-81

2139 3086 2364 3140 κατόπιν
2398 3105 2492 3139 σου
2525 3083 2601 3145 εἰς
2630 3083 2728 3151 τὴν
2763 3079 3075 3151 ἐκκλησίαν.
3108 3081 3207 3136 Καὶ
3248 3079 3337 3137 διὰ
3381 3083 3444 3138 τὸ
3493 3081 3666 3139 θέλειν
3720 3106 3795 3157 μι

2142 3177 2268 3249 ὁρᾷν
2291 3175 2356 3228 τὰ
2383 3172 2686 3245 τελούμενα
2715 3174 2781 3240 ³⁸,
2813 3170 2903 3225 καὶ
2961 3170 3230 3246 ἀκροατὴν
3279 3172 3409 3227 εἶναι
3456 3177 3564 3227 τῶν
3623 3170 3791 3250 λεγο-

388 3259 557 3317 Nunc
588 3275 717 3314 vero
750 3257 1227 3330 quandoquidem
1256 3256 1380 3313 haec
1407 3274 1499 3312 me
1525 3272 1865 3327 recuperare
1894 3254 2031 3311 fecit

2151 3265 2341 3336 μένων,
2371 3265 2469 3333 τήν
2500 3283 2557 3317 τε
2586 3261 2752 3329 ἀκοήν
2787 3260 2899 3333 ἅμα
2929 3260 3018 3314 καὶ
3063 3262 3163 3329 τήν
3214 3260 3398 3337 ὅρασιν
3429 3264 3475 3298 ²⁹
3503 3259 3784 3320 ἀπώλεσα.

386 3346 702 3402 Clementis
718 3347 1133 3415 adventus,ora
1153 3363 1287 3402 eum
1311 3352 1376 3401 ut
1400 3346 1592 3401 veniat
1611 3347 1681 3400 ad
1703 3361 2035 3416 me,meque

386 3436 563 3491 faciat
602 3436 901 3491 veritatem
936 3452 1268 3507 agnoscere.
1303 3435 1497 3490 Etnim
1541 3434 1689 3489 mihi
1734 3435 2033 3505 servisque

387 3525 536 3580 meis
558 3542 661 3597 pro
691 3529 847 3580 certo
867 3525 1364 3596 putabatur,quod
1389 3525 1742 3579 Clementem
1758 3540 1891 3578 cum
1906 3526 2033 3593 ejus

387 3612 614 3669 clericis
636 3612 904 3685 ligarant,
939 3630 1191 3685 eumque
1208 3612 1749 3669 distraherentzsed
1774 3610 1855 3667 illi
1885 3611 2031 3683 lapi-

387 3702 491 3759 des
520 3706 577 3758 et
597 3701 900 3758 columnas
924 3701 1223 3774 ligasse,et
1240 3701 1624 3773 hucillucque
1649 3701 1896 3757 traxisse
1927 3718 2035 3757 no-

388 3796 656 3848 scuntur.

456 4058 601 4113 XIII.
656 4059 821 4114 Tunc
866 4058 1171 4115 Theodora
1220 4059 1496 4129 profecta,
1531 4056 1786 4114 narravit
1832 4063 2035 4116 sancto

388 4146 668 4202 Clementi
693 4146 889 4202 omnia
922 4164 1047 4218 quae
1076 4147 1318 4215 viderat,
1360 4151 1417 4201 et
1464 4164 1589 4218 quae
1622 4164 1655 4201 a
1686 4148 1895 4203 marito
1930 4165 2035 4204 suo

390 4235 546 4290 dicta
568 4236 1075 4292 fuerant.Veniens
1097 4236 1291 4307 itaque
1312 4242 1552 4292 sanctus
1574 4238 1645 4292 ad
1685 4237 2034 4306 Sisinnium,

392 4339 528 4379 cum
568 4324 785 4380 honore
825 4330 1135 4396 susceptus
1165 4330 1271 4381 est.
1292 4326 1337 4380 Λ
1360 4342 1473 4396 quo
1505 4326 1725 4381 audivit
1765 4343 2036 4397 quaecun-

389 4429 501 4483 que
530 4412 600 4467 ad
623 4414 1062 4469 aedificationem
1096 4414 1307 4470 animm
1334 4414 1733 4486 pertinebant:
1765 4421 1823 4471 et
1852 4418 2036 4471 credi-

390 4501 477 4557 dit
508 4501 645 4571 Deo,
678 4504 1201 4574 corroboratusque
1237 4508 1327 4559 est
1360 4520 1372 4557 :
1406 4510 1465 4559 et
1510 4504 1683 4577 cmpit
1730 4504 1802 4559 ad
1846 4521 2037 4577 genua

387 4588 699 4648 Clementis
729 4591 975 4664 advolvi,
1007 4599 1064 4648 et
1094 4592 1348 4649 clamare
1381 4609 1394 4647 :

453 4774 589 4831 XIV.
623 4774 853 4831 Gratias
895 4792 1005 4847 ago
1048 4791 1181 4831 vero
1233 4777 1343 4831 Deo
1387 4780 1443 4831 et
1492 4777 1897 4849 omnipotenti,
1931 4781 2030 4852 qui

384 4877 478 4917 me
530 4862 659 4920 ideo
690 4866 993 4921 excascavit
1048 4869 1113 4919 ut
1168 4865 1423 4933 videam,
1463 4868 1520 4921 et
1573 4865 1703 4923 ideo
1760 4868 2028 4925 auditum

383 4951 627 5008 abstulit
658 4959 722 5008 ut
751 4953 995 5009 auribus
1027 4953 1337 5025 percipiam
1372 4953 1689 5025 veritatem,
1715 4973 1891 5028 quam
1923 4958 2027 5014 ali-

384 5042 618 5110 quando
640 5042 976 5097 deridebam
1009 5059 1110 5114 per
1140 5042 1554 5114 ignorantiam,
1574 5048 1631 5097 et
1662 5044 1769 5100 hoc
1789 5047 2025 5117 quidem

453 5154 531 5228 (a)
562 5161 585 5211 Ι
617 5158 745 5214 Cor.
779 5175 879 5228 v11,
911 5160 998 5214 14.

2141 3353 2271 3408 Νυνὶ
2321 3350 2397 3422 δὲ,
2434 3348 2619 3419 ἐπειδὴ
2652 3353 2698 3387 ⁸ο
2724 3354 2822 3405 τοῦ
2868 3348 3035 3404 ταῦτά
3087 3370 3155 3422 με
3203 3350 3657 3421 ἀνακτήσασθαιὴ
3689 3357 3791 3407 τοῦ

2142 3441 2460 3516 Κλήμεντος
2537 3439 2900 3516 ἀπειργάσατο
2970 3438 3258 3512 παρουσία,
3318 3436 3541 3509 δεήθητι
3618 3438 3792 3495 αὐτοῦ

2143 3531 2293 3593 ὅπως
2322 3528 2453 3605 ἔλθῃ
2482 3528 2617 3606 πρός
2653 3550 2742 3602 με,
2770 3527 2860 3582 καὶ
2890 3530 3094 3601 ποιήσῃ
3129 3549 3195 3600 με
3222 3530 3323 3597 τήν
3354 3526 3614 3598 ἀλήθειαν
3646 3533 3796 3604 γνῶ-

2142 3642 2228 3676 ναι
2257 3623 2319 3682 εί,
2352 3617 2500 3675 Ἐπεὶ
2549 3618 2639 3672 καὶ
2697 3616 2821 3689 ἐμοὶ
2877 3615 2967 3671 καὶ
3022 3621 3139 3678 τοῖς
3196 3615 3349 3671 παισί
3396 3638 3500 3689 μου
3533 3614 3797 3694 ἀσφαλῶς

2144 3709 2419 3784 ἐνομίζετο
2446 3707 2539 3763 τὸν
2572 3705 2687 3777 Κλή
2700 3726 2865 3779 μεντα
2894 3703 3171 3779 δεσμεύειν
3198 3706 3289 3760 σὺν
3313 3711 3430 3768 τοῖς
3462 3705 3625 3761 αὐτοῦ
3653 3705 3798 3777 κληο

2145 3804 2341 3877 ρικοῖς,
2374 3798 2463 3853 καὶ
2517 3801 2707 3852 τοῦτον
2757 3795 3079 3871 περισύρειν·
3116 3793 3243 3849 ἀλλ’
3293 3792 3442 3850 οὗτοι
3494 3792 3684 3857 λίθους
3733 3816 3801 3851 τι

2142 3890 2231 3945 καὶ
2288 3886 2550 3963 στυλάρια
2578 3888 2624 3923 ³²
2656 3882 2999 3959 δεσμοῢντες,
3029 3881 3209 3941 ἕλκειν
3262 3904 3322 3940 τε
3374 3883 3463 3939 καὶ
3513 3881 3801 3940 ἀνθέλκειν

2143 3976 2557 4055 καταφαίνονται
2590 3978 2658 4033 ³³.

2215 4073 2355 4123 XIII.
2398 4069 2703 4137 Τηνικαῦτα
2768 4066 2803 4133 ἡ
2854 4061 3127 4137 Θεοδώρα,
3177 4063 3517 4137 πορευθεῖσα,
3587 4059 3801 4137 διηγή-

2146 4178 2273 4212 σατο
2330 4157 2503 4210 πάντα
2558 4156 2691 4230 ἅπερ
2753 4150 2882 4223 εἶδε,
2941 4152 3030 4208 καὶ
3088 4152 3222 4229 ἅπερ
3300 4151 3402 4206 ὑπὸ
3467 4155 3565 4206 τοῦ
3622 4150 3800 4219 αὐτῆς

2146 4240 2381 4318 συμϐίου
2430 4242 2675 4313 ἐλαλήθη
2730 4245 2797 4314 ³⁸,
2845 4246 2925 4313 τῷ
2986 4241 3126 4316 ἁγίῳ
3193 4239 3494 4314 Κλήμεντι.
3550 4245 3797 4315 Παραγε-

2144 4334 2373 4407 νόμενος
2402 4330 2491 4387 οὖν
2525 4333 2553 4387 6
2585 4334 2740 4407 ἅγιος
2764 4332 2899 4405 πρὸς
2929 4332 3020 4385 τὸν
3055 4330 3344 4401 Σισίννιον,
3382 4330 3514 4402 μετὰ
3549 4334 3719 4401 τιμῆς
3749 4330 3801 4365 ⁸⁸

2147 4420 2444 4497 ὑπεδέχθη.
2506 4423 2639 4496 Παρ²
2695 4418 2758 4475 οὗ
2811 4420 3064 4490 ἀκηκοὼς
3120 4418 3321 4493 ὅσαπερ
3380 4419 3516 4493 πρὸς
3575 4414 3798 4472 οἰκοδο-

2150 4514 2256 4586 μὴν
2314 4517 2413 4580 τῆς
2468 4512 2653 4584 ψυχῆς
2710 4512 2755 4547 ³⁸
2807 4507 3119 4579 συνέτεινεν,
3172 4505 3448 4562 ἐπίστευσε
3520 4510 3601 4577 τῷ
3652 4506 3803 4579 Θεῷ,

2064 4600 2231 4672 Βκαὶ
2286 4603 2329 4637 ³⁷
2388 4598 2705 4672 ἐστερεώθη·
2761 4596 2850 4651 καὶ
2907 4593 3108 4668 ἤρξατο
3164 4600 3279 4657 τοῖς
3350 4595 3538 4672 γόνασι
3602 4596 3646 4633 ⁸³
3698 4599 3802 4649 τοῦ

2142 4687 2461 4761 Κλήμεντος
2492 4682 3024 4762 προπυλινδεῖσθαι,
3057 4684 3146 4739 καὶ
3181 4684 3335 4759 βοᾷν·

2212 4784 2360 4834 XIV.
2399 4775 2722 4851 Εὐχαριστῶ
2768 4780 2846 4846 τῷ
2894 4772 3140 4845 ἀληθινῷ
3187 4777 3303 4845 Θεῷ
3352 4776 3403 4811 ³⁸
3455 4774 3545 4827 καὶ
3603 4794 3805 4829 παντο-

2137 4866 2384 4943 κράτορι,
2415 4866 2472 4927 ’ὀς
2516 4861 2603 4918 διὰ
2649 4863 2809 4918 τοῦτό
2864 4884 2930 4935 με
2960 4860 3321 4939 τετύφλωκεν,
3349 4860 3441 4916 τίνα
3476 4857 3702 4936 ὅψωμαι
3726 4864 3800 4935 ⁸⁸,

2136 4955 2225 5011 καὶ
2293 4952 2379 5009 διὰ
2435 4957 2592 5009 τοῦτο
2655 4953 2755 5021 τὴν
2825 4951 2992 5021 ἀκοὴν
3060 4948 3335 5028 ἀφείλετο,
3389 4948 3464 5005 ἵν’
3532 4950 3803 5008 ἐνωτίσωο

2141 5065 2235 5119 μαι
2284 5044 2382 5114 τὴν
2433 5041 2715 5114 ἀλήθειαν,
2749 5044 2816 5112 ἧς
2848 5063 2979 5098 mre
3010 5039 3079 5096 δι’
3116 5038 3335 5116 ἄγνοιαν
3384 5038 3691 5117 κατεγέλων
3724 5043 3799 5079 “-

1727 5258 1961 5319 VARIIE
2017 5260 2429 5318 LECTIONES.

451 5351 495 5387 ²¹
552 5355 1120 5439 ξμηκατασχεῖνὲηξξ
1172 5353 1243 5439 al.
1313 5352 1604 5439 κατέχουσι
1662 5354 1749 5408 καὶ
1806 5353 2046 5415 ἕλκουσι.
2123 5361 2167 5395 ⁸³
2226 5357 2302 5414 81.
2363 5358 2540 5413 inser.
2604 5353 2751 5414 ἰδών.
2830 5358 2877 5392 ἰ
2934 5355 3008 5412 al.
3080 5358 3181 5409 τοῦ

3332 5352 3412 5407 ίου
3488 5353 3797 5424 καυχώμε-

375 5440 487 5501 νος.
520 5494 529 5501 _
566 5426 609 5459 ³⁸
640 5423 944 5501 E‘xemplar
972 5426 1146 5501 2124Ἀ
1169 5423 1244 5486 εἷς
1275 5423 1531 5501 regeeae
1564 5424 1907 5501 ἐπισκοπεῖον
1939 5430 2107 5487 ἀπίει.
2144 5432 2217 5486 Ad
2246 5431 2583 5501 episcopium
2614 5446 2779 5485 suum
2805 5430 2971 5484 abiit.
3003 5433 3133 5501 C01.
3211 5423 3338 5469 ²⁸ο²⁷
3382 5424 3456 5501 al.
3508 5423 3799 5501 εἰσῆλθον.

374 5493 429 5573 ³⁸,
479 5494 553 5549 81.
615 5493 916 5573 τελούμενα
978 5498 1266 5573 μυστήρια.
1448 5496 1523 5573 81.
1561 5495 1767 5573 -ᾆρᾳσιν
1820 5501 1910 5555 καὶ
1967 5502 2154 5571 ἀκοήν.
2233 5493 2487 5573 ξθίόθϐέζι.
2553 5502 2612 5556 in
2671 5501 2745 5557 al.
2800 5502 2863 5573 κει
2892 5501 2971 5573 al.
3002 5498 3317 5573 ἐπιγνῶναι.
3397 5496 3548 5573 ⁸1ύέ
3594 5494 3800 5573 στυλα-

377 5562 550 5651 ρίους.
626 5569 672 5601 ⁸³
731 5562 804 5624 al.
865 5562 1263 5653 κατεφαίνοντο.
1341 5570 1386 5604 ³⁸
1435 5569 1508 5623 81.
1557 5562 1807 5641 ἐδηλώθη
1864 5573 1966 5628 ὑπὸ
2014 5562 2110 5629 τού
2161 5569 2356 5647 ἀνδρὸς
2405 5571 2589 5638 αὐτῆς.
2668 5574 2714 5609 ³⁸
2763 5572 2837 5628 81.
2885 5562 3119 5639 πολλῆς
3146 5590 3199 5625 τι
3248 5570 3336 5638 ἧς.
3413 5569 3459 5605 ⁸⁸
3491 5568 3572 5623 al.
3603 5571 3799 5642 ψυχῆς

377 5654 561 5691 αυτου.
633 5640 681 5678 ⁸⁷
724 5643 798 5696 81.
851 5638 901 5697 ἐξ
950 5639 1087 5697 ὅλης
1135 5643 1341 5697 Φυγῆς.
1421 5640 1467 5675 ³⁸
1511 5639 1585 5697 81.
1638 5642 1782 5697 ποσί.
1860 5645 1906 5681 ⁸ο
1952 5647 2027 5697 al.
2060 5649 2176 5697 Θεῶ
2202 5650 2281 5697 τῶ
2313 5641 2576 5697 ἀληθινῶ.
2653 5590 3270 5697 ⁸081.ὄὼωιιαιαύτό;.
3348 5641 3396 5676 ⁵⁸
3423 5638 3501 5697 al.
3536 5637 3591 5694 ἐν
3622 5638 3793 5697 ἧτῆν

376 5632 561 5721 αύτῷ.
591 5706 600 5721 ν
633 5640 681 5678 ⁸⁷
724 5643 798 5696 81.
940 5632 1087 5721 εδλης
1135 5643 1393 5721 ψυχῆς.η
1421 5640 1467 5675 ³⁸
1511 5639 1585 5721 al.
1638 5632 1820 5721 nos}:
1860 5645 1923 5721 3°-
1952 5647 2027 5703 al.
2202 5632 2281 5715 τῷ
2313 5632 2576 5721 ἀληθινῷ.
2653 5645 2699 5681 ⁸⁰
2722 5644 2798 5701 81.
2832 5632 3185 5718 ὅψωμαιάὗτ

375 5702 634 5778 ἀλήθειάν
666 5731 799 5766 ποτε
838 5702 908 5768 δι.ἲ
934 5702 1159 5790 ἄγνοιαν
1179 5702 1511 5787 κὸῖτέγέλων,
1545 5710 1595 5767 ἐν
1628 5713 1764 5791 αὐτῇ
1796 5702 2025 5781 ἀκούσας
2059 5702 2317 5791 δέξὶυμάιο
2350 5702 2441 5779 καὶ
2471 5702 2654 5771 τόῦτο.

3348 5641 3396 5676 ιι
3423 5638 3501 5697 al.
3536 5637 3591 5694 ιν
3619 5637 3659 5715 ᾖ
3684 5637 3793 5710 av
