4094 6202
275 406 394 466 625

1430 409 1911 474 MARTYRIUM
1957 410 2022 472 S.
2068 409 2543 472 CLEMENTIS.

3575 414 3693 476 626

272 535 366 591 καὶ
422 539 586 593 τοῦτο
648 537 745 611 μὶν
806 535 1056 612 ἐνόμιζον
1114 535 1308 613 ψευδὶς
1358 540 1643 616 ὑπάρχειν,
1688 539 1819 617 ὅπερ
1860 544 1902 611 ἧ

2044 543 2324 614 putabam
2360 542 2574 598 falsum
2604 559 2751 610 esse,
2788 544 2941 614 quod
2972 559 3173 600 verum
3206 549 3366 613 erat;
3398 544 3691 603 existima-

277 626 501 698 ἀληθὲς,
565 623 787 682 ἐδόκουν
850 624 908 683 δὶ
962 628 1024 682 τὸ
1081 626 1317 701 ἔμπαλιν
1374 627 1593 702 ἀληθὲς,
1652 630 1681 685 ’ὀ
1736 628 1897 705 ψευδὲ

2039 633 2172 687 bam
2208 636 2403 686 autem
2450 648 2656 686 rursus
2685 648 2906 702 verum,
2960 634 3113 703 quod
3157 632 3371 690 falsum
3403 640 3559 691 erat:
3602 642 3690 691 te-

275 713 561 790 ἐτύγχανε·
622 716 686 770 τὸ
756 715 948 778 σκότος
1023 716 1269 790 ἐνόμιζον
1330 722 1467 795 φῶς,
1533 718 1624 773 καὶ
1692 721 1754 773 τὸ
1813 724 1896 794 φῶ

2038 721 2251 775 nebras
2269 720 2547 792 putabam
2581 720 2793 789 lucem,
2828 725 2885 775 et
2912 720 3100 776 lucem
3132 722 3404 777 tenebras
3437 724 3686 780 arbitra-

276 804 470 867 σκότος
533 800 936 878 ὑπελάμϐανον.
988 804 1142 862 Ἀλλ’
1187 806 1509 883 ἐκαθαρίσθη
1570 808 1598 862 ὁ
1650 812 1773 869 νοῦς
1823 830 1902 880 μοι

2036 808 2161 864 bar.
2196 810 2307 864 Sed
2341 814 2626 882 purgatus
2657 814 2743 864 est
2767 810 2999 864 animus
3030 827 3196 865 meus
3228 828 3262 865 a
3290 812 3563 869 sordibus
3591 814 3682 869 in-

276 891 335 947 ὲκ
392 897 491 947 τοῦ
549 892 839 966 μολυσμοῦ
887 900 986 963 τῆς
1036 891 1468 967 είδωλομανίας.
1522 895 1769 965 Ἀληθῶς
1823 898 1924 973 γὰρ

274 980 449 1055 ἔγνων
509 984 555 1017 ⁸³
632 980 762 1044 τοὺς
837 979 1096 1055 δαίμονας
1170 983 1602 1054 ἐξαπατήσαντας
1683 988 1728 1022 ⁴³
1798 985 1925 1048 τοὺς

274 1070 613 1143 ἀνθρώπους
665 1069 813 1132 ὅπως
860 1075 965 1125 τῶν
1021 1072 1098 1144 μή
1143 1072 1502 1127 πιστευόντων
1551 1074 1641 1127 τὸν
1695 1075 1919 1150 Χριστὸν

268 1157 403 1213 εἶναι
453 1159 584 1213 Θεὸν
636 1158 958 1235 κυριεύσωσι
1009 1159 1200 1236 πέτραι
1248 1161 1335 1214 καὶ
1389 1160 1553 1232 λίθοι,
1605 1162 1781 1239 κωφοὶ
1830 1164 1918 1216 καὶ

265 1245 496 1318 ἄλαλοι,
529 1246 711 1322 ὥσπερ
745 1247 924 1321 κάμοῦ
974 1247 1340 1325 ἐπεκράτησαν
1394 1250 1558 1325 μέχρι
1589 1257 1691 1319 τῆς
1736 1248 1914 1327 δεῦρο.

263 1340 445 1391 Ταῦτα
494 1336 587 1390 καὶ
633 1336 701 1391 τά
748 1335 1103 1414 παραπλήσια
1150 1342 1196 1374 “
1239 1342 1337 1393 τοῦ
1386 1339 1655 1393 Σισιννίου
1686 1337 1917 1416 φάσκον-

256 1444 375 1491 τος,
435 1424 586 1501 χαρᾶ
642 1423 858 1500 μεγάλη
938 1425 1153 1503 γέγονεν
1191 1471 1205 1484 .
1264 1426 1574 1482 Ἐπίστευσε
1644 1428 1746 1503 γὰρ
1824 1428 1914 1483 σὺν

258 1512 407 1587 πάσῃ
462 1515 531 1583 τῆ
587 1513 754 1569 αὐτοῦ⁹
806 1513 993 1587 οἰκίᾳθ
1051 1514 1141 1570 καὶ
1200 1513 1543 1578 ἐπιδεδωκὼς
1600 1517 1662 1571 τὸ
1715 1516 1914 1571 οἰκεῖον

259 1596 463 1673 ὄνομα,
512 1602 965 1679 προσεγγίζοντος
1008 1606 1053 1640 ⁸⁵
1101 1608 1199 1658 τοῦ
1248 1604 1459 1678 Πάσχα,
1510 1599 1804 1675 ἐϐαπτίσθη
1847 1608 1911 1643 ⁸⁸*

256 1691 647 1765 ἠριθμήθησαν
696 1688 755 1747 δὲ
803 1692 855 1747 οἱ
912 1691 1289 1768 βαπτισθέντες
1341 1692 1399 1747 ἐκ
1426 1698 1523 1748 τοῦ
1553 1690 1705 1749 οἷόιου
1750 1695 1913 1749 αύτυῦ

256 1780 377 1851 ἅμα
405 1780 602 1843 πάντες
630 1777 819 1857 ἄνδρες
859 1801 919 1836 τε
966 1782 1055 1836 καὶ
1106 1787 1351 1857 γυναῖκες
1396 1781 1485 1837 σὺν
1536 1789 1653 1845 τοῖς
1693 1783 1913 1851 νηπίοις

2036 898 2166 953 sani
2200 898 2487 954 idolorum
2524 898 2741 954 cultus.
2768 902 2911 953 Vere
2944 899 3234 969 siquidem
3257 902 3462 969 agnovi
3495 903 3681 974 decipi

2035 1003 2067 1041 a
2098 988 2463 1042 daemonibus
2495 988 2795 1053 homines;
2830 992 2893 1041 ut
2924 987 2981 1041 in
3031 1003 3129 1042 eos
3160 989 3261 1059 qui
3293 1006 3404 1044 non
3438 993 3683 1046 credunt

2032 1074 2331 1130 Christum
2356 1092 2483 1131 esse
2517 1080 2719 1144 Deum,
2751 1075 3126 1130 dominentur
3156 1081 3331 1147 petrae
3363 1094 3428 1132 ac
3459 1077 3680 1149 lapides

2032 1163 2235 1218 auditu
2286 1170 2548 1219 carentes
2593 1168 2650 1218 et
2696 1180 2851 1229 voce,
2896 1165 3393 1234 quemadmodum
3424 1172 3482 1221 et
3534 1167 3679 1221 mihi

2029 1251 2395 1323 imperarunt
2425 1269 2613 1324 usque
2664 1253 2722 1307 in
2756 1252 2914 1307 hunc
2968 1251 3144 1307 diem.
3180 1254 3297 1308 Ista
3343 1253 3679 1325 similiaque

2027 1341 2281 1396 Sisinnio
2314 1342 2661 1413 proferente,
2697 1342 2977 1413 gaudium
3025 1357 3306 1413 magnum
3340 1347 3533 1397 ortum
3566 1350 3672 1398 est.

2027 1428 2285 1485 Credidit
2304 1430 2461 1485 enim
2492 1447 2626 1485 cum
2649 1430 2807 1485 omni
2840 1430 3014 1485 domo
3036 1446 3172 1497 sua;
3208 1430 3536 1503 traditoque
3568 1449 3675 1487 suo

2028 1519 2282 1587 nomine,
2334 1520 2840 1591 appropinquante
2890 1519 3175 1574 Paschate
3204 1519 3532 1590 baptizatus
3561 1525 3671 1577 est.

2024 1607 2324 1663 Numerati
2351 1612 2545 1663 autem
2568 1612 2708 1663 sunt
2728 1608 2830 1679 qui
2852 1608 3129 1679 baptizati
3155 1608 3389 1663 fuerunt
3413 1610 3483 1664 de
3499 1610 3673 1665 domo

2023 1698 2173 1767 ejus,
2204 1713 2409 1753 omnes
2440 1696 2617 1752 simul
2646 1697 2755 1752 viri
2786 1702 2843 1752 et
2863 1697 3140 1752 mulieres
3161 1713 3296 1752 cum
3323 1697 3668 1767 infantibus,

2023 1786 2433 1858 quadringenti
2483 1785 2689 1857 viginti
2740 1790 2877 1841 tres.
2910 1784 3194 1841 Caeterum
3244 1792 3482 1857 prapter
3510 1786 3670 1844 hunc

251 1868 597 1941 τετρακόσιοι
627 1867 795 1924 εἷ’κοσι
833 1875 1000 1946 τρεῖς.
1050 1872 1147 1925 Διὰ
1186 1876 1376 1926 τοῦτον
1430 1869 1487 1926 δὲ
1515 1872 1606 1926 τὸν
1640 1872 1902 1927 Σισίννιον

332 1954 563 1972 η...
870 1963 898 1972 -
1034 1958 1435 1972 ..ς
1570 1962 1663 1972 ,Α
1764 1959 1817 1972 ..

2019 1875 2341 1930 Sisinnium
2393 1874 2563 1929 multi
2612 1874 2953 1945 illustrium,
3000 1879 3057 1929 et
3095 1874 3415 1930 amicorum
3467 1876 3663 1931 Nervee

248 1954 465 2013 πολλοὶ
495 1962 603 2012 τῶν
635 1963 940 2033 περιφανῶν
962 1958 1051 2014 καὶ
1074 1959 1245 2037 φίλων
1268 1961 1479 2035 Νερούα
1504 1965 1601 2016 τοῦ
1636 1959 1905 2036 βασιλέως

248 2046 394 2122 πρὸς
423 2050 470 2083 ⁸⁷
497 2047 591 2102 τὸν
621 2047 751 2102 Θεὸν
783 2047 1210 2126 ἐπεστράφησαν.

322 2136 442 2192 XV.
478 2137 603 2191 Κατ’
633 2135 842 2192 ἐκείνου
892 2135 950 2192 δὲ
994 2142 1093 2193 τοῦ
1141 2142 1333 2211 καιροῦ
1362 2140 1406 2175 ⁴³
1437 2138 1465 2192 ὁ
1495 2139 1676 2210 κόμης
1722 2142 1828 2193 τῶν
1863 2142 1907 2176 ‘9

252 2223 414 2287 θείων
476 2223 746 2303 ὀφφικίων
818 2221 1090 2288 Ιιούϐλιος
1154 2228 1590 2301 Ταρκουτιανὸς,
1647 2227 1904 2301 ἑωρακὼς

248 2312 623 2388 ἀναρίθμητον
702 2313 916 2385 πληθὺν
1002 2320 1082 2388 τῷ
1182 2318 1397 2391 Χριστῷ
1480 2315 1832 2372 πιστεύσασαν
1888 2361 1902 2387 ,

250 2401 697 2476 προσεκαλέσατο
747 2402 875 2467 τοὺς
926 2405 1229 2479 προστάτας
1282 2409 1390 2459 τῶν
1443 2404 1736 2481 ῥεγεώνων,
1786 2405 1903 2461 ἐπι-

256 2487 517 2554 δεδωκὼς
574 2494 619 2529 ⁵⁰
663 2491 846 2554 αὐτοῖς
900 2495 1184 2570 χρήματα,
1242 2494 1550 2570 παρέσεισεν
1610 2498 1653 2533 δι
1711 2494 1904 2558 αὐτοὺς

249 2576 346 2634 ’ἵνα
402 2581 667 2651 κινήσωσι
730 2580 971 2659 τάραχον
1026 2587 1105 2654 τῷ
1161 2588 1465 2659 Χριστιανῷ
1522 2586 1567 2621 ⁵³
1627 2582 1853 2657 ὀνόματι
1889 2627 1903 2641 .

324 2690 487 2744 XVI.
528 2691 872 2750 Διοικοῦντος
921 2688 1098 2743 τοίνυν
1138 2689 1485 2763 Μαμερτίνου
1531 2694 1629 2744 τοῦ
1660 2688 1904 2765 ἐπάρχου

248 2779 351 2829 τοῦ
405 2773 699 2831 πολιτικοῦ
752 2776 942 2850 θρόνου
998 2780 1081 2848 ⁸³,
1141 2780 1321 2840 στάσις
1380 2778 1570 2854 γέγονε
1624 2784 1721 2833 τοῦ
1778 2780 1907 2833 Ῥω-

250 2862 430 2934 μαίων
489 2860 675 2935 δήμου
724 2863 807 2918 ἐπ’
854 2863 1079 2937 ὀνόματι
1128 2871 1225 2921 τοῦ
1270 2864 1610 2939 Κλήμεντοςο
1646 2867 1733 2922 καὶ
1765 2869 1901 2943 πρὸς

238 2949 532 3021 ἀλλήλους
567 2953 946 3028 συγχυθέντες,
1000 2952 1164 3010 ἄλλοι
1212 2958 1257 2993 ⁵⁵
1312 2959 1406 3028 μὲν
1458 2955 1671 3031 ἔλεγον·
1705 2958 1765 3011 Τί
1795 2958 1898 3032 γὰρ

242 3040 411 3094 κακὸν
463 3036 706 3116 ἔπραξεν,
770 3042 804 3111 ἦ
862 3042 915 3097 τί
971 3047 1079 3097 τῶν
1136 3041 1318 3099 καλῶν
1377 3044 1438 3099 ού
1495 3047 1896 3119 κατώρθωσεν;

240 3128 395 3190 ὅστις
443 3130 548 3205 γὰρ
598 3128 879 3206 ἂρῥωστος
930 3132 1057 3207 παρ’
1105 3132 1271 3186 αὐτοῦ
1328 3131 1648 3210 ἐπεσκέφθη,
1702 3133 1896 3196 ἰάσεως

234 3213 431 3293 ἔτυχεν
463 3239 477 3253 ·
537 3217 686 3280 ὅστις
741 3220 878 3295 πρὸς
906 3220 1063 3275 αὐτὸν
1099 3218 1479 3294 λελυπημένος
1537 3225 1581 3258 ⁸⁸
1629 3221 1843 3291 ἀπῆλθε
1878 3268 1892 3292 ,

231 3276 451 3383 χαίρων
510 3276 893 3382 ἀνεχῶρηάεννο
952 3306 1140 3364 οὐδένα
1196 3276 1334 3365 “more
1380 3276 1585 3384 ἔϐλαψε
1616 3358 1631 3381 ,
1686 3276 1892 3374 πάντας
1923 3276 1965 3342 C

235 3393 293 3451 δὶ
324 3395 632 3473 ὠφέλησεν.
666 3395 868 3452 Ἀλλοι
927 3395 986 3452 δὲ
1032 3399 1298 3471 πνεύματι
1347 3394 1651 3472 διαϐυλικῷ
1699 3399 1896 3455 ἐκκαυ-

240 3482 447 3551 θέντες,
507 3482 771 3559 ἔκραζον·
828 3491 1121 3557 Γοητικαῖς
1167 3488 1387 3562 τέχναις
1447 3492 1613 3543 ταῦτα
1665 3493 1892 3558 ποιῶν,

238 3577 351 3628 τῶν
411 3574 546 3628 θεῶν
603 3576 767 3647 ἡμῶν
832 3575 932 3643 τήν
989 3574 1236 3649 λατρείαν
1296 3575 1602 3651 ἀνατρέπει·
1654 3578 1745 3632 τὸν
1801 3577 1896 3632 Δία

241 3659 394 3737 λέγει
453 3663 571 3725 θεὸν
636 3664 712 3735 μή
776 3662 909 3717 εἶναι
942 3710 955 3723 .
1005 3663 1271 3741 Ἡρακλέα
1346 3663 1403 3720 δὲ
1457 3666 1548 3720 τὸν
1627 3666 1893 3741 ἡμέτερον

239 3750 483 3828 φύλακα,
535 3750 835 3827 ἀκάθαρτον
892 3752 1026 3808 εἶναι
1083 3751 1227 3831 λέγει
1285 3759 1519 3829 πνεῦμα’
1566 3754 1891 3833 Ἀφροδίτην

239 3840 346 3907 τήν
407 3837 559 3893 ὁσίαν
616 3842 660 3878 ⁵⁸
717 3842 837 3895 θεὰν
871 3887 886 3913 ,
943 3842 1151 3919 πόρνην
1206 3844 1473 3920 γεγονέναι
1536 3844 1890 3908 ὑποτίθεται·

238 3927 456 3983 Ἑστίαν
525 3925 583 3984 δὲ
639 3930 740 3997 τήν
804 3931 1052 4006 μεγάλην
1110 3933 1229 3986 θεὰν
1289 3933 1419 4009 πυρὶ
1480 3931 1893 4004 κατηναλῶσθαι

241 4015 615 4094 βλασφημεῖ.
674 4018 943 4082 Ὡσαύτως
1019 4017 1076 4075 δὲ
1129 4021 1219 4075 καὶ
1287 4023 1386 4091 τὴν
1447 4020 1799 4097 εύαγεστάτην
1853 4024 1894 4058 δτ

234 4106 367 4170 θεὰν
419 4107 674 4177 Ἀθηνᾶν,
724 4107 985 4184 Ἀρτεμίν
1037 4130 1097 4164 τε
1143 4111 1233 4164 καὶ
1282 4116 1520 4185 Ἑρμῆν,
1569 4111 1682 4182 ἅμα
1720 4130 1778 4164 τε
1806 4110 1896 4164 καὶ

233 4195 337 4249 τὸν
394 4193 633 4269 Κρόνον,
692 4196 780 4251 καὶ
836 4198 927 4253 τὸν
990 4198 1156 4273 ’Δρεα
1219 4194 1543 4255 διαϐάλλει.
1606 4199 1784 4254 Πάντα
1838 4220 1898 4254 τε

232 4284 311 4339 τὰ
373 4278 616 4356 ὀνόματα
671 4289 776 4339 τῶν
832 4285 1116 4363 ἡμετέρων
1175 4288 1309 4341 θεῶν
1343 4332 1356 4357 ,
1412 4287 1502 4342 καὶ
1552 4286 1677 4350 τοὺς
1734 4288 1897 4349 ναοὺς

234 4366 580 4447 καθυϐρίζει.
642 4374 712 4429 Ἦ
768 4374 915 4430 θύσει
987 4379 1107 4437 τοῖς
1172 4377 1321 4439 θεοῖς
1377 4378 1537 4449 ἡμῶν
1573 4418 1587 4444 ,
1644 4377 1679 4445 ἢ
1738 4376 1897 4439 αὐτὸς

238 4456 587 4537 ὶξαλειφθείη
598 4504 611 4517 .

321 4550 494 4606 XVII.
556 4549 688 4605 Τότε
740 4556 1088 4627 Μαμερτῖνος
1146 4554 1174 4607 ὁ
1225 4559 1325 4622 τῆς
1371 4550 1587 4616 πόλεως
1637 4551 1896 4630 ἔπαρχος,

2016 1964 2384 2036 imperatoris
2415 1965 2485 2019 ad
2519 1964 2701 2020 Deum
2734 1964 2997 2020 conversi
3029 1968 3188 2018 sunt.

2084 2140 2197 2195 XV.
2234 2141 2295 2195 In
2328 2140 2427 2196 illo
2456 2144 2651 2196 autem
2683 2144 2943 2210 tempore
2968 2155 3163 2194 comes
3195 2156 3494 2195 sacrorum
3525 2140 3655 2195 offi—

2014 2228 2236 2283 ciorum
2256 2229 2497 2283 Publius
2516 2228 2935 2299 Tarquitianus
2961 2243 3095 2282 cum
3116 2227 3486 2283 innumeram
3510 2227 3661 2284 mul-

2012 2317 2324 2373 titudinem
2343 2317 2571 2373 Christo
2600 2317 2822 2373 videret
2841 2317 3179 2386 credidisse,
3203 2316 3504 2372 arcessivit
3524 2334 3661 2389 prie-

2014 2406 2195 2463 fectos
2224 2408 2551 2479 regionum,
2583 2410 2640 2461 et
2681 2407 2819 2462 data
2846 2407 2929 2461 eis
2978 2406 3225 2477 pecunia
3255 2406 3546 2478 persuasit
3596 2412 3662 2462 ut

2014 2495 2340 2552 tumultum
2396 2499 2829 2552 commoverant
2884 2495 3167 2551 adversus
3224 2510 3437 2551 nomen
3494 2495 3658 2552 Chri-

2014 2585 2293 2641 stianum.

2084 2691 2225 2747 XVI.
2283 2690 2746 2747 Administrante
2794 2691 2974 2764 igitur
3021 2690 3194 2747 Urbis
3252 2690 3655 2763 praefecturam

2012 2781 2379 2850 Mamertino,
2404 2781 2610 2835 seditio
2650 2781 2799 2836 facta
2824 2786 2914 2835 est
2944 2779 3141 2852 populi
3176 2779 3421 2835 Romani
3451 2781 3521 2836 de
3552 2797 3656 2836 no-

2013 2869 2170 2924 mine
2192 2869 2526 2935 Clementis;
2559 2874 2730 2938 atque
2761 2868 2915 2924 inter
2934 2885 2995 2923 se
3019 2868 3267 2933 confusi,
3292 2866 3389 2922 alii
3418 2868 3652 2939 quidem

2009 2958 2299 3014 dicebant:
2324 2957 2470 3021 Quid
2502 2958 2656 3013 enim
2691 2957 2827 3012 mali
2859 2958 3012 3023 fecit,
3038 2962 3139 3012 aut
3169 2957 3309 3028 quid
3342 2974 3457 3011 non
3492 2957 3654 3011 bonae

2009 3048 2087 3101 rei
2122 3046 2342 3118 gessit?
2379 3046 2745 3117 Quicumque
2775 3047 2930 3101 enim
2974 3050 3226 3117 aegrotus
3257 3048 3329 3100 ab
3359 3062 3425 3101 eo
3455 3045 3653 3101 visita-

2006 3140 2102 3190 tus
2131 3141 2238 3205 est,
2274 3136 2587 3190 sanitatem
2638 3139 2727 3190 est
2776 3139 3161 3189 consecutus:
3213 3135 3549 3205 quicunque
3580 3135 3651 3189 ad

2006 3240 2137 3279 eum
2171 3223 2409 3278 tristitia
2453 3224 2693 3279 affectus
2736 3223 2898 3288 abiit,
2931 3224 3193 3295 gaudens
3224 3240 3489 3279 reversus
3529 3227 3649 3278 est:

2006 3312 2234 3367 nullum
2268 3328 2530 3383 unquam
2564 3310 2749 3378 laesit;
2798 3312 2916 3366 imo
2947 3311 3164 3381 profuit
3211 3311 3509 3366 omnibus.
3540 3312 3652 3365 Alii

2004 3406 2197 3456 autem
2223 3400 2512 3455 diabolico
2535 3402 2760 3454 accensi
2784 3399 3016 3470 spiritu,
3040 3398 3392 3455 clamabant:
3416 3399 3652 3470 Magicis

2004 3490 2231 3545 artibus
2280 3490 2389 3544 ista
2440 3487 2680 3557 faciens,
2741 3488 2981 3542 deorum
3035 3492 3369 3542 nostrorum
3428 3487 3650 3543 cultum

2004 3579 2249 3645 evertit;
2295 3577 2492 3632 Jovem
2544 3580 2719 3647 negat
2748 3592 2877 3631 esse
2926 3576 3139 3629 deum:
3186 3574 3487 3630 Herculem
3517 3591 3651 3631 vero

2004 3667 2309 3722 custodem
2344 3668 2633 3729 nostrum,
2685 3663 2826 3718 dicit
2878 3680 3007 3718 esse
3046 3664 3423 3719 immundum
3472 3663 3651 3735 spiri-

2004 3760 2131 3811 tum
2168 3772 2180 3809 :
2215 3755 2495 3809 Venerem
2530 3753 2700 3808 deam
2734 3758 3017 3816 sanctam,
3066 3752 3435 3807 meretricem
3466 3752 3651 3807 fuisse

2004 3845 2207 3899 docet:
2236 3844 2474 3898 Vestam
2510 3847 2705 3898 autem
2758 3857 3032 3912 magnam
3085 3842 3275 3909 deam,
3309 3842 3441 3913 igne
3473 3842 3651 3898 fuisse

2003 3936 2415 4003 consumptam
2465 3929 2876 3986 calumniatur.
2939 3928 3129 3985 Simili
3189 3946 3422 4003 quoque
3477 3932 3649 3988 modo

2003 4021 2441 4077 sanctissimam
2473 4021 2643 4075 deam
2668 4020 3010 4087 Minervam,
3035 4019 3174 4075 item
3202 4020 3469 4087 Dianam,
3502 4020 3653 4075 Mer-

2004 4109 2254 4178 curium,
2303 4108 2598 4179 simulque
2647 4108 2962 4163 Saturnum
3001 4113 3058 4163 et
3088 4109 3330 4163 Martem
3382 4109 3648 4164 infamat.

2004 4202 2191 4269 Atque
2221 4197 2419 4252 omnia
2444 4198 2687 4252 deorum
2711 4202 3045 4251 nostrorum
3072 4197 3329 4263 nomina,
3355 4202 3413 4252 et
3433 4199 3655 4269 templa

2006 4286 2379 4342 contumeliis
2429 4286 2629 4341 afficit.
2682 4288 2793 4340 Aut
2848 4285 3203 4341 sacrifieabit
3248 4285 3361 4341 diis
3414 4287 3652 4351 nostris,

2008 4378 2111 4430 aut
2142 4375 2267 4447 ipse
2297 4374 2579 4431 deleatur.

2050 4554 2257 4607 ‘XVII.
2303 4553 2469 4608 Tunc
2516 4552 2901 4607 Mamertinus
2949 4550 3120 4606 Urbis
3167 4550 3491 4623 prafectus.
3538 4568 3653 4606 non

248 4638 336 4712 μή
395 4638 574 4715 φέρων
630 4644 728 4694 τοῦ
786 4639 968 4714 δήμου
1021 4643 1121 4711 τὴν
1182 4640 1403 4711 στάσιν,
1464 4641 1707 4698 ἐκέλευσε
1765 4644 1901 4720 πρὸς

2017 4642 2204 4698 ferens
2236 4641 2433 4713 populi
2467 4641 2842 4707 seditionem,
2876 4639 3062 4710 jussit
3093 4640 3164 4693 ad
3192 4656 3255 4694 se
3280 4640 3485 4694 adduci
3520 4639 3654 4693 bea-

243 4727 441 4784 ὶαυτὸν
499 4727 802 4805 ἀναχθῆναι
860 4732 904 4767 ⁸⁸
956 4730 1048 4786 τὸν
1109 4731 1518 4804 μακαριώτατον
1589 4730 1895 4806 Κλήμεντά·

244 4814 420 4891 ειπερ
495 4815 821 4890 θεασάμενος
853 4862 869 4889 ,
925 4816 1129 4896 ἤρξατο
1206 4819 1382 4897 λέγειν
1421 4839 1434 4853 ο
1498 4821 1581 4891 Ἐξ
1659 4821 1899 4896 εύγενοῦς

250 4905 354 4979 μὲν
387 4904 541 4981 ῥίζης
571 4905 977 4982 προελήλυθας³
1009 4908 1142 4985 ὅπερ
1190 4911 1325 4982 ἡμῖν
1378 4912 1412 4978 ἠ
1465 4914 1571 4964 τῶν
1614 4911 1896 4982 Ῥωμαίων

242 4991 471 5063 πληθὺς
516 5002 927 5071 προσμαρτυρεῖ
980 4999 1025 5033 ⁸9
1056 5014 1069 5027 ·
1131 4994 1277 5052 ἀλλὰ
1332 4996 1548 5068 πλάνην
1606 4997 1837 5068 ὑπέστης
1883 5017 1896 5030 '

239 5082 341 5138 καῖ
398 5078 487 5136 διὰ
558 5086 720 5138 τοῦτο
797 5084 859 5139 ού
916 5084 1166 5162 φέρουσιν
1221 5087 1310 5122 ⁸ο·
1375 5083 1563 5155 ἐπειδή
1631 5085 1729 5141 οὐκ
1781 5084 1900 5141 οἶδα

241 5170 369 5226 τίνα
419 5170 646 5248 Χριστὸν
697 5166 848 5248 σέϐῃ,
896 5174 985 5229 καὶ
1037 5172 1246 5230 ἐναντία
1291 5177 1399 5229 τῶν
1430 5177 1473 5213 ⁶¹
1509 5174 1559 5229 ἐν
1587 5180 1703 5236 τοῖς
1749 5180 1899 5237 ναοῖς

2010 4732 2309 4787 tissimum
2336 4730 2724 4786 Clementem:
2751 4745 2925 4799 quem
2952 4727 3225 4795 intuitus,
3250 4728 3422 4799 coapit
3443 4727 3651 4783 dicere:

2010 4822 2051 4877 E
2082 4820 2263 4875 nobili
2295 4820 2529 4891 quidem
2571 4819 2765 4874 radice
2796 4818 3059 4888 prodiisti
3086 4834 3100 4885 ;
3135 4819 3288 4887 quod
3338 4816 3509 4871 nobis
3538 4815 3657 4871 Ro-

2011 4926 2186 4964 mana
2233 4908 2396 4979 plebs
2436 4912 2784 4963 attestatur:
2836 4906 2937 4960 sed
2988 4919 3243 4959 errorem
3294 4904 3569 4959 subiisti:
3603 4912 3660 4961 et

2009 4998 2138 5054 ideo
2170 5014 2286 5052 non
2319 4996 2547 5063 ferunt;
2573 4995 2708 5066 quia
2738 4993 2932 5050 nescio
2956 5009 3128 5065 quem
3162 4992 3460 5049 Christum
3491 4994 3656 5060 colis,

2008 5092 2212 5143 contra
2259 5086 2397 5140 deos
2449 5085 2551 5156 qui
2594 5084 2655 5139 in
2703 5081 2942 5153 templis
2990 5082 3354 5137 honorantur
3381 5083 3659 5154 suscipis.

2010 5174 2290 5242 Quocirca
2336 5176 2565 5246 oportet
2594 5175 2660 5228 ut
2708 5172 2967 5244 deponas
3015 5186 3250 5228 omnem
3299 5171 3657 5243 superﬂuam

1610 5292 1845 5349 VARI/17.
1882 5291 2289 5349 LEC’I‘IONES.

324 5386 371 5422 ⁸³
393 5383 469 5480 al;
523 5383 788 5480 ἐπέγνωνέ
838 5389 887 5477 1⁵³
1077 5386 1576 5480 ἐέαπατῶντας.’“
1612 5392 1698 5480 ξι.
1760 5391 1936 5480 innser.
1994 5387 2231 5473 τούτοις.
2291 5388 2339 5480 ff
2398 5387 2472 5480 al.
2511 5382 3004 5480 1προσεγγίσαντος.
3057 5377 3660 5480 ⁸⁸181Ἄξ6απτίσνθηῖαύ-

246 5454 343 5543 Lb;
374 5457 466 5542 καὶ
517 5453 793 5543 nivis-54.01
834 5458 886 5515 ἐν
933 5464 1013 5531 τῷ
1060 5453 1197 5532 οἷίκῳ
1245 5459 1429 5530 αὐτοῦ,
1481 5460 1573 5543 ἠρ.
1608 5457 1656 5519 δ.
1708 5481 1757 5517 ο.
1812 5460 1969 5537 βάπτ.
2023 5457 2233 5534 ἄνδρες.
2290 5461 2340 5543 ιῖ
2378 5458 2452 5514 al.
2507 5453 2817 5543 ἐπίστευσαν
2868 5457 2960 5543 καί
3008 5455 3174 5543 πρός..
3214 5458 3258 5491 ⁸⁸
3297 5453 3660 5543 Ιςαςξκείνου

252 5524 313 5605 ξὶ
344 5531 444 5605 τοῦ
472 5527 684 5605 καιροῦ.
718 5531 862 5587 Hinc
892 5523 1180 5605 incipitur
1201 5534 1357 5605 apud
1406 5523 1667 5599 Surium,
1718 5523 2067 5605 Novembris
2108 5523 2277 5605 iam.
2320 5531 2449 5605 (lor.
2502 5531 2547 5565 ⁴⁹
2580 5532 2757 5605 ‘deest
2806 5530 2863 5605 in
2910 5530 2984 5605 al.
3035 5523 3079 5565 "0
3118 5528 3196 5605 al.
3226 5523 3657 5605 _xai”§58w_x_ib_¢.

254 5602 300 5638 “
359 5602 463 5679 81..
499 5596 725 5679 ἔπεισεν.
784 5605 824 5659 f.
882 5596 1255 5679 παρέπεισενξ
1283 5605 1329 5639 ⁸³
1387 5605 1477 5679 al._
1528 5596 1892 5679 Χριστιανικῶ
1949 5605 2015 5679 ⁵³.
2050 5601 2299 5679 ὑπάρχου
2328 5601 2444 5679 ἑτὸν
2501 5597 2805 5679 πολιτικρν-
2839 5600 3029 5679 θρόνον
3052 5644 3064 5657 .
3115 5602 3159 5679 ξ⁸
3189 5599 3242 5679 al
3268 5641 3279 5653 .
3315 5596 3486 5679 ᾄλ-λος
3518 5596 3657 5679 ἀλλο

259 5677 379 5751 Ξατξ
404 5669 571 5726 αύτοῦ
599 5668 811 5751 ἔλεγονο
834 5668 1062 5751 τινὲς-δὲ
1082 5672 1389 5751 ἀντέλεγυνέ
1417 5668 1629 5751 Τί-γάρ.
1662 5678 1705 5711 ⁵⁵
1735 5677 1810 5751 al.
1845 5668 2281 5751 λυπούμενοςῗδθ
2313 5673 2475 5729 deest
2503 5673 2561 5729 in
2596 5672 2668 5727 al.
2702 5673 2743 5706 ⁵⁷
2776 5668 2939 5729 deest
2979 5673 3037 5728 in
3088 5670 3162 5725 al.
3196 5672 3239 5705 ⁸⁸
3285 5669 3359 5726 al.
3380 5669 3655 5744 'dxoivai.

256 5743 304 5780 "
326 5742 402 5801 al.
438 5742 722 5819 μαρτυρεῖξ
750 5746 797 5783 ⁸ο
826 5745 901 5802 al.
935 5745 1182 5825 φέρουσιν
1215 5742 1444 5818 σιὼπᾷν.
1477 5742 1531 5787 δι’
1555 5742 1767 5807 desunt
1792 5748 1850 5805 in
1883 5748 1958 5804 al.
