4094 6202
306 436 421 496 627

1405 425 1801 487 APPENDIX
1852 426 1953 486 AD
2001 424 2066 485 S.
2113 422 2618 486 CLEMENTEM.

3599 428 3721 487 628

307 562 802 638 superstitionem,
826 558 1098 632 colasque
1121 560 1259 617 deos
1276 559 1538 617 eximios.
1561 562 1723 615 Tunc
1741 559 1948 615 beatus

2093 557 2172 610 (iw
2208 559 2339 619 θεῶν
2374 554 2639 632 ἀποδέχῃ.
2685 556 2777 612 Διὸ
2819 556 3109 621 ἀποθέσθαι
3160 579 3217 613 σε
3268 554 3350 612 δεῖ
3394 563 3567 613 πᾶσαν
3619 562 3721 629 τήν

309 654 615 712 Clemens:
667 649 960 722 Optarem,
1012 649 1226 721 inquit,
1276 655 1386 705 tuae
1440 648 1789 705 excellentiae
1824 665 1957 720 pru-

311 741 567 800 dentiam
605 741 676 795 ad
719 756 907 795 meam
954 739 1355 795 defensionem
1402 738 1717 805 attendere,
1748 741 1805 793 et
1844 754 1959 792 non

310 836 544 905 pr0pter
563 829 967 901 imperitorum
991 828 1355 899 seditionem,
1383 828 1484 884 sed
1509 832 1745 899 propter
1767 842 1957 882 meam

314 919 640 976 doctrinam
672 934 982 974 accusasse
1033 934 1145 973 me.
1180 918 1326 972 Nam
1375 917 1424 973 si
1457 933 1629 972 canes
1679 915 1847 971 multi
1880 914 1958 970 al-

314 1009 654 1065 latraverint
686 1024 791 1063 nos
831 1024 895 1062 ac
940 1006 1304 1073 disciderint,
1337 1023 1450 1061 non
1493 1009 1740 1078 possunt
1785 1004 1962 1060 etiam

317 1097 543 1153 auferre
582 1096 735 1167 quod
770 1095 1040 1151 homines
1085 1093 1401 1150 rationales
1433 1110 1682 1162 sumus;
1733 1094 1964 1165 ipsique

316 1188 621 1242 remanent
652 1201 826 1241 canes
874 1184 1002 1239 sine
1033 1184 1256 1239 ratione
1305 1181 1685 1239 oblatrantes.
1737 1181 1963 1237 Etenim

316 1274 523 1331 seditio
570 1290 800 1345 semper
828 1274 902 1329 ab
946 1272 1233 1345 imperitis
1276 1272 1567 1345 proficisci
1616 1272 1963 1342 ostenditur,

316 1365 457 1420 adeo
489 1366 553 1417 ut
594 1361 739 1417 nihil
781 1361 995 1417 habeat
1027 1366 1239 1432 lutum,
1290 1376 1395 1416 nec
1427 1360 1600 1415 etiam
1634 1377 1833 1415 verum
1880 1376 1966 1415 re-

318 1456 617 1525 ctumque.
647 1451 1036 1517 Quamobrem
1069 1454 1365 1522 quaeratur
1391 1449 1609 1504 silentii
1638 1448 1885 1519 occasio,
1908 1449 1967 1504 in

320 1558 436 1614 quo
461 1557 565 1613 pro
598 1539 786 1597 salute
808 1557 916 1595 sua
937 1540 1111 1596 homo
1142 1538 1386 1595 rationis
1408 1538 1700 1611 particeps
1722 1539 1875 1610 apud
1910 1554 1971 1593 se

322 1629 652 1687 consultare
694 1645 760 1685 ac
790 1628 1077 1685 disserere
1113 1627 1374 1699 incipiat,
1410 1643 1523 1698 quo
1554 1643 1755 1683 verum
1786 1626 1970 1681 Deum

322 1718 600 1785 inveniat,
631 1717 725 1773 cui
756 1717 930 1773 fidem
961 1733 1131 1773 suam
1162 1715 1338 1789 digne
1369 1716 1760 1771 commendet.

323 1806 413 1861 καὶ
500 1803 839 1880 διαλέγεσθαι
922 1804 1270 1881 ἀπάρξηται,
1326 1801 1418 1857 ἵνα
1497 1802 1589 1857 τὸν
1670 1803 1851 1873 ἀληθῆ
1931 1804 2056 1858 Θεὸν
2136 1803 2280 1879 εὕροι

331 1896 507 1972 ράθοι.

396 1984 589 2040 XVIII.
625 1985 789 2040 Tunc
830 1983 1072 2039 Publius
1102 1982 1545 2055 Tarquitianus,
1593 1982 1776 2039 missa
1825 1981 1970 2038 rela-

2150 1984 2346 2039 XVIII.
2405 1982 2535 2038 Τότε
2595 1979 2873 2046 Πούὃλιος
2933 1985 2960 2039 6
3018 1987 3410 2061 Ταρκουτιανὸς
3467 1989 3512 2024 ⁸⁵

326 2073 485 2130 tione
516 2074 587 2128 ad
619 2074 939 2144 Trajanum
990 2073 1422 2145 imperatorem,
1460 2071 1531 2127 de
1562 2072 1797 2127 nomine
1829 2071 1976 2126 beati

327 2161 640 2221 Clementis
671 2162 901 2231 detulit,
951 2162 1190 2217 dicens:
1227 2162 1393 2217 Hunc
1424 2160 1783 2216 Clementem
1822 2160 1979 2216 sedi-

326 2251 497 2308 tiosis
532 2250 885 2307 clamoribus
932 2250 1182 2322 populus
1212 2267 1325 2305 non
1378 2254 1569 2305 cessat
1597 2266 1892 2321 quaerere;
1927 2254 1982 2305 et

330 2341 443 2396 fide
473 2340 651 2413 digna
696 2339 959 2411 probatio
1001 2340 1282 2394 adversus
1332 2336 1492 2394 illius
1540 2341 1703 2409 gesta
1735 2337 1979 2393 inveniri

330 2446 447 2485 non
498 2433 708 2501 potest.
765 2428 929 2483 Tunc
959 2429 1246 2499 Trajanus
1296 2427 1614 2498 imperator
1660 2426 1980 2498 rescripsit,

332 2521 596 2591 oportere
625 2534 759 2572 eum
788 2516 876 2572 vel
907 2517 1235 2572 consentire
1266 2515 1669 2586 sacriﬁcando,
1703 2521 1802 2571 aut
1834 2514 1985 2570 ultra

334 2623 496 2664 mare
553 2610 612 2662 et
667 2606 914 2662 Pontum
946 2606 1006 2661 in
1039 2606 1336 2661 desertum
1393 2604 1671 2661 Chersoni
1709 2605 1984 2676 adjacens

337 2695 619 2769 oppidum
651 2692 918 2766 relegari.

409 2873 555 2929 XIX.
589 2873 853 2946 Cumque
901 2890 970 2929 ex
1017 2873 1255 2945 Trajani
1296 2874 1471 2944 jussu
1504 2889 1596 2929 res
1645 2872 1989 2928 conﬁrmata

341 2963 470 3031 fuit,
499 2962 791 3035 cogitabat
820 2963 974 3035 apud
1007 2979 1070 3019 se
1091 2963 1494 3028 Mamertinus,
1527 2978 1783 3033 quonam
1816 2962 1987 3017 modo

342 3050 610 3108 Clemens
642 3050 1035 3107 voluntarium
1067 3069 1181 3107 non
1210 3055 1426 3124 peteret
1445 3051 1737 3118 exsilium,
1761 3052 1859 3107 sed
1890 3067 1990 3123 po-

340 3140 460 3197 tius
511 3140 623 3196 diis
656 3139 940 3195 libamina
985 3140 1300 3196 exhiberet.
1352 3140 1565 3195 Verum
1614 3140 1819 3195 beatus
1866 3139 1987 3194 Cle-

342 3246 508 3285 mens
531 3230 918 3285 contendebat
939 3234 1003 3284 ut
1025 3230 1211 3302 ipsius
1234 3228 1700 3302 quoquejudicis
1723 3229 1986 3284 animum

339 3318 410 3373 ad
443 3319 619 3374 fidem
648 3316 864 3372 Christi
899 3318 1234 3385 adduceret,
1269 3318 1512 3390 ipseque
1542 3318 1892 3388 ostenderet,
1925 3332 1987 3373 se

337 3406 551 3482 eligere
582 3406 851 3464 exsilium
882 3408 1092 3479 magis,
1126 3423 1303 3478 quam
1344 3407 1569 3463 timere.
1602 3410 1845 3463 Tantam
1878 3407 1984 3463 ita-

338 3512 452 3569 que
493 3496 744 3569 gratiam
793 3497 1079 3552 Dominus
1128 3495 1409 3552 Clementi
1459 3496 1724 3569 przebuit,
1776 3502 1843 3552 ut
1873 3497 1989 3552 Ma-

338 3586 624 3642 mertinus
654 3586 961 3657 praefectus
983 3586 1228 3657 lugeret,
1253 3602 1320 3640 ac
1350 3585 1586 3641 diceret:
1612 3590 1791 3641 Deum
1815 3602 1987 3657 quem

337 3679 399 3730 tu
438 3675 661 3730 sincere
691 3674 855 3741 colis,
887 3674 1013 3747 ipse
1043 3675 1147 3730 tibi
1183 3690 1347 3746 opem
1398 3673 1543 3730 feret
1572 3674 1630 3729 in
1661 3674 1770 3730 hoc
1800 3674 1991 3730 exsilii

330 3764 589 3834 judicio:
624 3768 679 3818 et
701 3762 1005 3819 constituit
1028 3780 1251 3831 navem,
1276 3762 1622 3835 cunctisque
1644 3763 1991 3819 necessariis

339 3852 654 3924 impositis,
687 3852 931 3907 dimisit.
965 3852 1217 3907 Onerata
1248 3857 1442 3908 autem
1476 3857 1566 3907 est
1597 3852 1781 3907 navis.
1816 3852 1993 3915 Quin-

340 3941 513 3996 etiam
545 3957 575 3995 e
605 3940 819 4011 populo
850 3940 1118 3996 homines
1160 3940 1418 4013 religiosi
1450 3946 1505 3996 et
1536 3941 1773 4012 quidem
1817 3940 1989 3996 multi

342 4029 523 4084 secuti
554 4033 695 4085 sunt
724 4045 880 4084 eum.

408 4294 523 4350 XX.
558 4294 665 4350 Ubi
699 4299 895 4351 autem
933 4301 1321 4367 pervenerunt
1359 4297 1431 4351 ad
1463 4295 1649 4352 exsilii
1683 4296 1897 4367 locum,
1932 4298 1989 4352 in

339 4398 510 4455 opere
550 4384 808 4439 cadendi
856 4384 1187 4453 marmoris,
1242 4384 1396 4440 ultra
1444 4386 1559 4441 duo
1609 4385 1793 4442 millia
1823 4386 1990 4442 Chri-

339 4472 664 4529 stianorum
697 4472 815 4529 illic
864 4473 1102 4543 invenit,
1147 4475 1274 4546 jam
1324 4474 1423 4529 diu
1447 4474 1656 4545 judicii
1702 4474 1992 4531 sententia

337 4562 881 4619 condemnatorum.
914 4562 1022 4627 Qui
1062 4567 1333 4619 sanctum
1364 4567 1420 4619 et
1450 4562 1732 4620 celebrem
1764 4564 1990 4636 episco-

338 4668 478 4725 pum
509 4651 862 4708 Clementem
912 4651 1133 4718 intuiti,
1177 4668 1382 4708 omnes
1431 4653 1802 4710 concorditer
1851 4670 1985 4710 cum

2068 647 2322 719 περιττὴν
2379 643 2845 720 δεισιδαιμονίαν,
2903 645 2992 701 καί
3066 653 3181 709 τοῖς
3257 646 3510 718 ἐξαισίοις
3578 652 3723 713 θεοῖς

2070 733 2345 805 λατρεύειν
2387 738 2452 791 ⁶².
2512 736 2641 790 Τότε
2698 738 2725 791 6
2787 735 3049 813 μακάριος
3101 736 3337 809 Κλήμης
3397 737 3497 816 ἕιρη
3535 758 3548 770 ⁶
3616 740 3725 794 H6-

2070 823 2257 900 χόμην
2286 825 2384 893 τὴν
2416 832 2514 894 τῆς
2568 832 2665 894 σῆς
2722 826 3003 901 ὑπεροχῆς
3052 825 3309 903 φρόνησιν
3358 826 3724 905 προσανέχειν

2077 912 2277 987 μουτῇ
2327 912 2619 988 ἀπολογίᾳ,
2670 915 2761 968 καὶ
2815 916 2890 987 μή
2934 915 3023 969 διὰ
3073 915 3253 969 στάσιν
3300 920 3407 970 τῶν
3466 916 3725 973 ἀπαιδεύ-

2072 1024 2201 1075 των,
2235 1001 2379 1058 ἀλλά
2410 1001 2497 1057 διὰ
2523 1004 2612 1057 τὸν
2665 1002 2793 1076 ἐμὸν
2844 1002 3010 1079 λόγον
3059 1004 3365 1079 γράψασθαί
3420 1028 3506 1079 με.
3554 1008 3726 1078 Ἐπεὶ,

2075 1090 2159 1145 ἐὰν
2192 1091 2345 1153 κύνες
2378 1092 2525 1164 ἡμᾶς
2557 1092 2761 1147 πολλοέ
2792 1091 3157 1169 περιυλάξωσι
3206 1094 3294 1147 καὶ
3326 1095 3726 1171 κατασχίσωσι,

2080 1182 2154 1255 μή
2189 1178 2435 1235 δύνανται
2468 1180 2758 1259 ἀφελέσθαι
2805 1182 2895 1236 καὶ
2943 1182 3007 1236 τὸ
3048 1182 3183 1236 εἶναι
3234 1184 3381 1257 ἡμᾶς
3434 1188 3526 1257 μὲν
3571 1184 3732 1260 λογι-

2074 1270 2204 1331 κοὺς
2258 1270 2572 1346 ἀνθρώπους
2611 1316 2624 1341 ,
2683 1270 2917 1333 ἐκείνους
2977 1268 3035 1326 δὲ
3099 1271 3264 1335 κύνας
3322 1276 3367 1309 ⁸³
3419 1271 3731 1349 ἀλογίστως

2077 1357 2559 1423 καθυλακτοῦντας.
2621 1360 2724 1417 Καὶ
2774 1361 2875 1436 γὰρ
2933 1361 2967 1429 ἡ
3018 1359 3200 1423 στάσις
3249 1361 3329 1417 ἀεὶ
3378 1365 3523 1439 παρά
3572 1364 3731 1419 ἀπαι-

2080 1445 2279 1502 δεύτων
2371 1448 2762 1524 προερχομένη
2844 1446 3199 1504 διαδείκνυται
3260 1493 3274 1518 ,
3351 1449 3489 1505 ὥστε
3569 1450 3737 1526 μηδὲν

2083 1535 2317 1615 ἀσφαλὲς
2376 1540 2421 1573 ⁶⁴
2479 1534 2646 1611 ἔχειν,
2710 1540 2847 1611 μήτε
2907 1539 3015 1610 μὴν
3075 1536 3300 1608 ἀληθές.
3359 1542 3511 1595 Ὅθεν
3573 1549 3736 1616 σιγῆς

2086 1626 2347 1696 ζητείσθω
2402 1625 2690 1703 πρόφασις,
2753 1625 2803 1681 ἐν
2951 1627 3083 1699 ὑπὲρ
3142 1635 3241 1698 τῆς
3306 1629 3499 1683 ἑαυτοῦ
3552 1651 3735 1699 σωτη-

2089 1715 2205 1791 ρίας
2239 1716 2266 1768 6
2299 1714 2522 1790 λογικὸς
2556 1716 2855 1790 ἅνθρωπος,
2887 1716 2979 1770 καὶ
3009 1717 3127 1780 καθ’
3162 1716 3346 1772 ἑαυτὸν
3387 1717 3741 1793 βουλεύεσθαι

2316 1848 2330 1874 ,
2390 1805 2434 1876 ᾧ
2491 1805 2590 1873 τὴν
2668 1803 2857 1860 ἐαυτοῦ
2932 1804 3111 1861 πίστιν
3192 1812 3584 1883 σεμνοπρεπῶς
3642 1829 3746 1863 πα-

3603 2005 3741 2041 απο’

2090 2070 2303 2133 στείλας
2358 2071 2621 2149 ἀναφορὰν
2694 2077 2937 2147 Τραϊανῷ
2994 2033 3552 2151 τῶι-αὐτοκράτοριί
3604 2075 3741 2146 ἀνή-

2087 2181 2219 2237 γαγε
2266 2161 2387 2235 περὶ
2435 2164 2531 2215 τοῦ
2582 2160 2848 2234 ὀνόματος
2901 2166 3001 2217 τοῦ
3054 2163 3320 2238 μακαρίου
3374 2163 3741 2237 Κλήμεντος,

2090 2249 2306 2325 φάσκων
2339 2269 2352 2282 °
2405 2254 2603 2305 Τοῦτον
2679 2251 2768 2305 τὸν
2839 2251 3134 2323 Κλήμεντα
3206 2250 3522 2307 στασιώδεσι
3576 2273 3745 2329 κραυ-

2090 2343 2211 2413 γαῖς
2272 2341 2445 2408 ζητῶν
2508 2340 2535 2393 6
2590 2335 2768 2412 δῆμος
2826 2338 2888 2395 οὐ
2944 2338 3168 2395 παύεται
3203 2359 3215 2371 ·
3286 2342 3376 2395 καὶ
3434 2340 3747 2412 ἀξιόπιστος

2091 2424 2361 2498 ἀπόδειξις
2410 2427 2487 2489 εἰς
2535 2428 2600 2482 τὰ
2643 2429 2760 2483 κατ’
2812 2427 2969 2483 αὐτὸν
3023 2428 3304 2502 εὑρεθῆναι
3358 2429 3418 2483 οὐ
3471 2427 3695 2484 δύναται
3732 2471 3747 2486 .

2091 2520 2393 2586 Τηνικαῦτα
2438 2517 2695 2592 Τραϊανὸς
2753 2518 2780 2571 6
2838 2516 3185 2594 αὐτοκράνωρ
3238 2516 3560 2594 ἀντέγραψε,
3622 2516 3741 2573 δέον

2093 2605 2250 2660 αὐτὸν
2306 2606 2341 2675 ἢ
2402 2610 2665 2661 συναινεῖν
2718 2605 2935 2680 θύοντα,
2995 2608 3029 2676 ἢ
3090 2605 3252 2681 πέραν
3309 2614 3413 2676 τῆς
3468 2606 3745 2677 θαλάσσης

2093 2694 2182 2749 καὶ
2230 2700 2325 2750 τοῦ
2372 2694 2580 2750 Πόντου
2632 2694 2682 2750 ἐν
2734 2694 2927 2772 ἐρήμῳ
2975 2696 3343 2771 παρακειμένῃ
3391 2700 3457 2771 τῇ
3500 2700 3749 2773 Χερσῶνι

2093 2787 2138 2822 ⁸⁸
2167 2782 2326 2839 πόλει
2360 2783 2697 2860 ἐξορισθῆναι
2728 2788 2791 2841 ⁵⁷.

2167 2874 2309 2931 XIX.
2377 2873 2474 2928 Καὶ
2552 2872 2715 2928 ὁπότε
2786 2877 2863 2946 τῷ
2936 2878 3031 2929 τοῦ
3087 2878 3351 2949 Τραϊανοῦ
3415 2872 3747 2947 κελεύσματι

2098 2960 2435 3037 ἐπεκυρώθη,
2493 2961 2871 3017 συνεσκέπτετο
2923 2964 2949 3017 6
3006 2968 3349 3038 Μαμερτῖνος
3404 2965 3469 3033 ⁸⁸,
3522 2962 3675 3025 ὅπως
3716 2965 3746 3019 6

2098 3051 2331 3125 Κλήμης
2406 3051 2649 3106 ἑκούσιον
2711 3051 2998 3127 ὑπερορίαν
3062 3054 3136 3125 μὴ
3199 3052 3539 3122 αἰτήσηται,
3598 3050 3752 3108 ἀλλὰ

2101 3137 2313 3212 μᾶλλον
2345 3145 2461 3201 τοῖς
2513 3145 2656 3203 θεοῖς
2706 3137 2935 3201 σπονδὰς
2983 3140 3256 3216 ἐμπαρέξῃ
3283 3144 3345 3194 ⁵⁸.
3391 3139 3543 3197 Ἀλλ’
3576 3141 3604 3194 6
3642 3163 3750 3214 μα-

2095 3230 2284 3302 κάριος
2333 3229 2577 3301 Κλήμης
2626 3229 2923 3305 ἠγωνίζετο
2986 3230 3076 3284 καὶ
3135 3229 3298 3285 αὐτοῦ
3344 3234 3439 3284 τοῦ
3490 3227 3753 3285 δικαστοῦ

2096 3319 2187 3372 τὸν
2234 3315 2496 3394 λογισμὸν
2548 3317 2623 3380 εἷς
2674 3319 2772 3386 τήν
2823 3317 3003 3373 πίστιν
3051 3322 3148 3372 τοῦ
3195 3323 3427 3393 Χριστοῦ
3492 3339 3752 3395 μεταγα-

2097 3411 2234 3480 γεῖν,
2267 3407 2355 3460 καὶ
2407 3406 2592 3461 ἑαυτὸν
2644 3402 2919 3479 ἀποδεῖξαι
2968 3412 3342 3484 προαιρεῖσθαι
3398 3406 3614 3480 μᾶλλον
3648 3410 3751 3477 τὴν

2100 3496 2409 3571 ὑπερορίαν,
2443 3497 2477 3565 ἢ
2543 3493 2890 3560 δεδίττεσθαι.
2939 3495 3213 3567 Τοσαύτην
3259 3496 3437 3551 τοίνυν
3472 3499 3500 3551 6
3545 3497 3754 3571 Κύριος

2097 3584 2257 3661 χάριν
2306 3583 2386 3657 τῷ
2436 3584 2708 3657 Κλήμεντι
2766 3584 3109 3661 παρέσχετο,
3168 3584 3307 3640 ὥστε
3362 3583 3754 3661 κατοδύρεσθαι

2099 3678 2438 3749 Μαμερτῖνον
2488 3674 2578 3728 τὸν
2631 3672 2870 3750 ἔπαρχον
2918 3676 2982 3744 ⁷ο,
3032 3672 3121 3728 καὶ
3172 3671 3369 3750 λέγειν·
3420 3680 3480 3732 Ὁ
3533 3675 3665 3736 Θεὸς
3705 3676 3756 3747 ᾧ

2100 3762 2163 3816 σὺ
2221 3761 2531 3836 εἰλικρινῶς
2594 3761 2871 3839 λατρεύεις
2907 3805 2921 3832 ,
2982 3761 3143 3825 αὐτός
3214 3785 3297 3818 σοι
3379 3764 3640 3839 βοηθήσει
3703 3763 3757 3818 ἐν

2098 3851 2262 3924 ταύτῃ
2318 3855 2500 3929 γραφῇ
2558 3855 2654 3920 τῆς
2714 3852 3038 3927 ὑπερορίας·
3098 3852 3189 3907 καὶ
3243 3854 3519 3931 ἡφώρισεν
3577 3858 3756 3923 ναῦν,

2100 3938 2186 3993 καὶ
2232 3940 2403 3994 πάντα
2458 3941 2525 3993 τὰ
2581 3940 2845 4015 ἀναγκαῖα
2901 3943 2944 3978 ⁷¹
3004 3936 3307 4009 ἐπιϐαλὼν,
3362 3939 3621 3996 ἀπέλυσεν
3680 3945 3755 3999 ⁷².

2097 4032 2414 4105 Ἐφορτώθη
2479 4025 2535 4083 δὲ
2590 4031 2625 4099 ἡ
2684 4034 2827 4091 ναῦς.
2885 4028 2958 4085 Οὐ
3021 4030 3127 4103 μην
3186 4028 3334 4085 ἀλλά
3390 4031 3479 4084 καὶ
3538 4030 3597 4084 ἐκ
3654 4034 3755 4085 τοῦ

2103 4115 2237 4172 λαοῦ
2298 4112 2547 4180 εὐλαϐεῖς
2606 4115 2793 4194 ἄνδρες
2853 4120 2917 4188 ⁷³,
2971 4117 3061 4173 καὶ
3108 4117 3316 4175 πολλοὶ
3366 4117 3755 4189 ἠκολούθησαν

2100 4205 2267 4278 αὐτῷ.

2170 4297 2280 4352 ΧΧ.
2314 4295 2498 4351 Ἡνίοια
2529 4293 2587 4351 δὲ
2616 4290 2914 4352 κατέλαϐον
2966 4300 3011 4333 ⁷⁸
3052 4297 3143 4351 τὸν
3196 4295 3362 4351 τόπον
3410 4304 3509 4367 τῆς
3556 4298 3758 4375 ὑπερο-

2102 4382 2243 4458 ρίας,
2295 4382 2345 4438 ἐν
2398 4388 2464 4458 τῇ
2516 4384 2738 4460 ἐργασίᾳ
2782 4392 2883 4453 τῆς
2931 4388 3037 4439 τῶν
3112 4386 3414 4461 μαρμάρων
3466 4385 3756 4459 λατομίας,

2099 4472 2399 4549 περαιτέρω
2454 4471 2549 4528 δύο
2599 4473 2868 4549 χιλιάδων
2919 4473 3277 4549 Χριστιανοὺς
3325 4474 3511 4540 αὐτόθι
3543 4479 3588 4513 ’⁷⁸
3625 4498 3759 4531 κατ-

2101 4558 2264 4617 έλαϐε
2297 4607 2310 4633 ,
2389 4562 2780 4638 μακροχρονίῳ
2858 4567 3036 4640 γραφῇ
3114 4561 3597 4629 καταδικασθέντας
3659 4569 3705 4603 ’⁷⁵
3743 4611 3758 4624 .

2101 4650 2328 4721 Οἵτινες,
2362 4652 2658 4727 ἑωρακότες
2686 4653 2777 4707 τὸν
2825 4654 2972 4727 ἅγιον
3022 4652 3110 4706 καὶ
3155 4649 3405 4725 ἀοίδιμον
3458 4652 3762 4728 Κλήμεντα

339 4742 559 4815 gemitu
582 4759 645 4798 ac
679 4742 812 4798 ﬂetu
846 4744 1209 4812 accedentes,
1253 4744 1564 4799 dixerunt:
1599 4744 1711 4800 Ora
1742 4762 1844 4817 pro
1894 4761 1979 4800 no-

2100 4744 2141 4779 ⁷⁷
2173 4741 2483 4811 ἐπίσκοπον,
2520 4744 2747 4803 ἅπαντες
2798 4739 3149 4814 ὁμοθυμαδὸν
3201 4742 3276 4804 εἰς
3318 4744 3616 4819 στεναγμὸν
3666 4743 3759 4800 καὶ

339 4830 450 4903 bis,
484 4837 682 4889 sancte
726 4832 1005 4904 pontifex,
1039 4836 1103 4888 ut
1150 4832 1314 4906 digni
1343 4833 1689 4903 :efficiamur
1739 4834 1988 4906 promis-

2098 4828 2334 4907 ὀδυρμὸν
2370 4832 2412 4867 ⁷⁸
2460 4826 2853 4906 προσελθόντες
2902 4827 3116 4906 ἓλεγονο
3173 4829 3329 4901 Εὗξαι
3381 4832 3513 4906 ὑπὲρ
3566 4835 3758 4906 ἡμῶν,

1692 5011 1935 5068 VARI/E
1991 5009 2397 5067 LECTIONES.

412 5124 459 5159 ⁸⁸
515 5122 590 5180 al.
652 5123 703 5193 ἐξ
764 5121 919 5186 ἔθους
970 5126 1129 5197 ἡμῖν.
1184 5126 1230 5162 ⁸³
1290 5126 1455 5181 deest
1508 5126 1567 5181 in
1622 5125 1707 5197 a1.
1757 5127 1804 5161 ⁸⁸
1860 5122 2162 5197 Ἀσφαλές.
2225 5142 2330 5179 ms.

2394 5124 2525 5200 2424
2584 5121 2817 5200 ἀιρελές.
2878 5127 3005 5180 COT.
3065 5126 3111 5200 ίξδ
3167 5124 3259 5200 al.
3322 5127 3670 5200 Μαμερτῖνος
3730 5128 3763 5181 6

346 5191 605 5278 ἔπαρχος.
632 5184 1026 5278 ,θέηάεεξεῐήαὶῐξ
1064 5198 1137 5253 al.
1189 5198 1246 5278 ‘7.
1282 5196 1517 5278 ibidem,
1569 5194 1866 5278 συνελθεῖν,
1913 5184 2124 5278 θύδονταέ
2174 5204 2304 5253 910..
2343 5195 2532 5278 3.936qu
2581 5184 2741 5250 πόλει
2768 5184 3158 5278 παρακειμένῃ
3184 5198 3273 5278 ¹ξιτίῇ
3321 5184 3588 5278 Χερσῶνι.
3628 5184 3762 5278 Ita-

347 5268 460 5338 que
488 5268 568 5322 in
618 5268 775 5341 Actis
811 5268 1048 5341 Latinis
1098 5269 1457 5339 praeferenda
1498 5272 1587 5324 est
1634 5268 1828 5333 lectio,
1878 5271 2029 5325 ultra
2078 5285 2229 5325 mare
2276 5280 2323 5324 et
2368 5268 2622 5341 Pontum.J
2679 5268 3087 5341 communiori,
3137 5268 3286 5324 ultra
3313 5268 3758 5341 marePontum,

345 5354 449 5420 pro
482 5355 596 5420 quo
632 5339 948 5420 Freculfus,
1000 5349 1154 5420 {regis
1192 5356 1344 5420 mare
1390 5342 1709 5420 Ponticum,
1759 5342 2025 5420 quamvis
2069 5341 2237 5420 aliter
2279 5341 2542 5420 videatur
2588 5339 2855 5420 Baronio.
2908 5341 3119 5420 vocem
3171 5346 3373 5420 autem
3414 5339 3576 5395 πόλει
3610 5339 3760 5413 (quas

345 5408 515 5464 abest
538 5410 609 5464 ab
641 5409 821 5465 altero
858 5427 965 5466 ms.
999 5412 1162 5483 2437)
1186 5412 1448 5481 jungunt
1478 5427 1610 5466 cum
1643 5408 1791 5466 voce
1828 5410 2020 5483 ἐρήμῳ
2077 5412 2250 5467 etiam
2301 5410 2746 5483 Metaphrastes,
2782 5410 3165 5483 Nicephorus,
3213 5416 3272 5483 et
3324 5414 3538 5468 Mensae.
3571 5430 3584 5468 :
3617 5408 3760 5483 cum

344 5496 481 5566 voce
528 5485 768 5566 Χερσῶνι
819 5484 959 5536 Acta
1001 5482 1504 5566 ‘Lalinanuique'
1547 5498 1612 5537 ea
1663 5482 2000 5566 sequuntur
2040 5484 2222 5566 Beda,
2261 5483 2404 5566 Ado,

2502 5480 2965 5559 reculfusllslp.
3017 5483 3072 5559 δέ.
3102 5482 3175 5537 al.
3225 5482 3287 5535 τὸ
3332 5487 3429 5559 τοᾷ
3483 5482 3759 5559 βασιλέως

342 5549 627 5642 ΤραίανοῦἸ
668 5549 1334 5642 κέλευσμαῧὲπεκτυριιξθῆ,
1395 5549 1676 5642 ἐσκέπτετο
1721 5549 2072 5642 ηἶξίαμερτῖνος
2106 5596 2119 5610 .
2178 5555 2223 5642 ξθ
2275 5554 2329 5642 ξι)
2366 5596 2378 5608 .
2414 5552 2676 5642 ιπροσςιὶξιρ
2710 5593 2748 5642 ,ρ
2784 5553 2827 5587 ’⁷ο
2854 5553 2935 5642 "al
2971 5594 3004 5642 .‘
3044 5551 3292 5641 ὕπαρχον
3330 5600 3348 5642 ,ν
3400 5558 3442 5642 ’ξι
3484 5549 3558 5613 ἀἰ
3619 5556 3757 5631 πρὸς

342 5617 441 5691 τὴν
502 5622 689 5698 χρείαν
752 5617 1036 5695 ἀναγκαῖα.
1080 5617 1413 5698 fidesth
1470 5626 1527 5679 in
1587 5625 1661 5680 al.
1721 5626 1765 5661 ⁷³
1814 5617 1980 5698 deest
2036 5626 2095 5680 in
2145 5624 2217 5679 al.
2275 5626 2343 5698 7‘_
2379 5617 2795 5698 ᾳ1.’κατέλα6ε.
2854 5625 2897 5659 ⁷⁵
2955 5624 3028 5679 al.
3091 5617 3237 5698 εὗρεν
3292 5625 3499 5690 αὐτόθι.
3551 5630 3598 5663 ⁷⁸
3638 5617 3754 5682 hia;

344 5690 659 5822 κεοχρόνίῳ
708 5690 890 5773 γραφῇ
938 5690 1456 5761 καταδικασθέντας,
1503 5698 1639 5752 2421
1698 5696 1980 5780 μακρόνιοι
2032 5700 2280 5771 σχῶντας
2327 5695 2450 5768 (sic)
2512 5693 2794 5771 ὑπερορίαν
2822 5739 2837 5762 ,
2888 5699 2944 5751 et
2990 5690 3162 5768 paulo
3212 5703 3381 5771 post,
3431 5702 3759 5775 παραγενέ-

349 5787 380 5820 σ
413 5786 468 5819 αι
497 5765 724 5822 ἠξίωσεν
760 5785 858 5822 nro
888 5766 1332 5822 ἀπεκατέστησεν.
1367 5773 1507 5822 IBID.
1540 5768 1582 5803 ⁷⁷
1614 5769 1779 5822 deest
1809 5787 1868 5822 1n
1894 5769 1970 5822 al.
2003 5769 2045 5804 ⁷⁸
2083 5766 2215 5822 μετὰ
2243 5769 2554 5822 στεναγμῶν
2585 5766 2676 5821 καὶ
2708 5762 2981 5822 ὀδυρμῶν.

349 5765 1332 5840 σθαϊῆξίωσεν’ρι’ὸάπεκατέστησεν.
1367 5773 1507 5823 IBID.
1540 5768 1582 5803 ⁷⁷
1614 5765 1779 5826 deest
1809 5765 1868 5826 in
1894 5769 1970 5827 al.
2003 5769 2045 5804 ⁷⁸
2066 5765 2215 5843 ’μετά
2243 5765 2554 5841 στεναγμῶν
2585 5765 2690 5821 καῖ
2708 5765 2981 5842 ὀδυρμῶν.
