4094 6202
265 444 387 505 629

1414 444 1891 509 MARTYRIUM
1941 447 2006 509 S.
2055 447 2264 509 CLEM
2275 449 2529 512 ENTIS.

3553 454 3675 517 630

263 574 383 631 ὅσιε
410 573 667 653 ἱεράρχα,
712 574 806 632 ’ίνα
854 577 994 648 ἄξιοι
1041 575 1458 655 ἇποδειχθῶμεν
1497 586 1598 649 τῆς
1630 580 1771 654 παρὰ
1821 583 1917 635 τοῦ

2033 582 2194 638 sione
2224 581 2456 638 Christi.
2490 585 2645 649 Quos
2702 600 2835 640 eum
2892 587 3261 659 cognovisset
3289 587 3347 643 S.
3408 586 3672 646 Clemens

263 669 499 740 Χριστοῦ
531 664 880 743 ἐπαγγελίας.
930 667 1033 730 Οὓς
1084 666 1335 742 ἐγνωκὼς
1382 670 1427 706 ⁷⁸
1477 668 1505 723 6
1556 670 1704 745 ἅγιος
1756 666 1913 741 Κλή-

268 775 379 827 μης
436 752 525 810 διὰ
596 760 695 811 τοῦ
753 754 887 812 Θεοῦ
944 759 990 794 ⁸ο
1048 757 1529 834 ὑπερορισθέντας,
1590 755 1688 836 ἔφη
1728 777 1741 791 ’
1800 757 1915 816 Οὐκ

264 843 628 920 ἆπροσφόρως
689 845 718 898 6
774 844 969 921 Κύριός
1030 866 1097 918 με
1154 844 1377 901 ἐνταῦθα
1441 845 1861 917 ἀπεκατέστησεν
1895 891 1913 919 ,

256 929 353 985 ἵνα
382 934 425 970 ⁸¹
461 934 818 1009 συμμέτοχος
860 934 1147 1009 γενόμενος
1192 939 1299 990 τῶν
1348 934 1684 1007 παθημάτων
1737 936 1911 1008 ὑμῶν,

265 1016 347 1075 ἔτι
402 1021 740 1097 παρηγορίας
799 1022 1142 1079 ὑποτύπωσιν
1200 1023 1288 1079 καὶ
1351 1024 1632 1097 ὑπομονῆς
1684 1026 1911 1101 ἐμπαρ-

265 1108 393 1179 (Em.

337 1217 480 1273 XXI.
525 1217 731 1289 ’Ἑμαθε
784 1214 842 1273 δὲ
892 1219 1019 1292 παρ’
1075 1218 1275 1289 αὐτῶν,
1323 1217 1405 1274 ὅτι
1456 1219 1559 1274 ἀπὸ
1604 1219 1659 1290 ’ἐξ
1712 1219 1909 1293 μιλίων

260 1305 326 1360 τὸ
357 1301 507 1381 ὕδωρ
556 1304 642 1360 ἐπὶ
687 1310 795 1361 τῶν
848 1304 998 1361 ἰδίων
1050 1302 1217 1381 ὤμων
1268 1307 1545 1380 ἆκόμιζον.
1586 1308 1788 1365 Αὐτίκα
1818 1306 1908 1363 οῦν

264 1395 293 1449 6
328 1394 489 1469 ἅγιος
520 1392 757 1469 Κλήμης
802 1397 1171 1472 προετρέψατο
1213 1396 1430 1469 αὐτοὺς,
1484 1396 1679 1473 λέγων·
1730 1398 1910 1468 Εὐξώε

265 1494 405 1557 μεθα
431 1484 524 1537 τὸν
564 1485 612 1520 ⁸³
658 1485 854 1560 Κύριον
894 1487 1054 1558 ἡμῶν
1106 1486 1311 1556 Ἰησοῦν
1362 1487 1613 1560 Χριστὸν,
1656 1483 1747 1540 ’ίνα
1793 1491 1911 1547 τοῖς

262 1572 640 1649 ὁμολογηταῖς
710 1580 812 1643 τῆς
895 1574 1059 1630 αὐτοῦ
1146 1575 1377 1636 πίστεως
1457 1577 1632 1648 νομὴν
1720 1572 1911 1636 ὕδατος

262 1657 523 1735 διανοίξῃ·
556 1662 644 1716 καὶ
685 1663 713 1717 6
760 1662 993 1733 πατάξας
1042 1664 1139 1732 τήν
1194 1663 1386 1738 πέτραν
1439 1663 1491 1719 ὲν
1538 1663 1606 1739 τῇ
1634 1666 1678 1700 ⁸³
1718 1662 1911 1739 ἐρήμῳ

255 1755 357 1805 τοῦ
417 1756 571 1820 Σινᾶ,
627 1751 716 1806 καὶ
778 1751 1041 1828 έρῥύησαν
1100 1750 1267 1807 ὕδατα
1310 1752 1387 1815 εἰς
1427 1753 1776 1822 πλησμονὴν,
1812 1753 1912 1807 αύ-

253 1840 351 1901 τὸς
391 1842 530 1913 ἡμῖν
556 1840 619 1895 τὸ
668 1839 896 1919 ἄφθονον
946 1846 1089 1915 νᾶμα
1136 1839 1434 1917 παράσχοι,
1467 1841 1616 1904 ὅπως
1645 1846 1713 1916 τῇ
1745 1840 1909 1896 αὐτοῦ

259 1928 513 2005 χορηγίᾳ
560 1930 965 2007 εὐφρανθῶμεν.
1012 1931 1108 1985 Καὶ
1159 1928 1224 1999 δὴ
1283 1938 1382 2000 τῆς
1438 1931 1639 1993 ἱκεσίας
1684 1928 1910 2005 πληρω-

258 2018 472 2090 θείσης,
532 2014 672 2074 ἔνθεν
730 2019 973 2084 κάκεῖθεν
1026 2016 1423 2096 περιεϐλέψατο
1457 2040 1469 2053 ·
1529 2021 1619 2075 καὶ
1677 2018 1809 2076 εἶδεν
1868 2022 1914 2057 ⁸⁴

259 2107 436 2180 ἀμνὸν
483 2106 771 2181 ἱστάμενον
830 2110 894 2179 ³⁸,
953 2109 1012 2171 ’ὀς
1067 2110 1158 2164 τὸν
1218 2106 1385 2180 δεξιὸν
1435 2106 1578 2164 πόδα
1608 2108 1911 2182 ἐκούφισεν,

261 2197 357 2252 οἶα
384 2196 475 2251 τὸν
507 2194 675 2251 τόπον
713 2195 795 2270 τῷ
843 2197 982 2273 ἁγίῳ
1028 2195 1143 2268 Κλή
1157 2218 1305 2270 μεντι
1358 2195 1697 2259 ὑποδεικνύς.
1728 2197 1854 2252 Τότε
1886 2196 1913 2251 ὁ

262 2286 422 2360 ἅγιος
482 2283 740 2358 Κλήμης,
800 2287 1095 2356 συννοήσας
1155 2288 1201 2323 ⁸⁸
1256 2286 1345 2340 τὸν
1405 2286 1599 2362 Κύριον
1652 2286 1804 2357 εἶναι,
1855 2286 1913 2340 ὃν

266 2373 440 2447 μόνος
493 2373 652 2437 αὐτὸς
698 2374 916 2438 τεθέατο
947 2376 990 2411 ⁸⁷
1019 2375 1109 2429 καὶ
1152 2371 1337 2451 ἕτερος
1389 2373 1667 2437 παντελῶς
1719 2372 1916 2447 οὐδεὶς,

263 2462 536 2539 ἐπορεύθη
594 2464 731 2537 πρὸς
789 2464 880 2519 τὸν
937 2463 1124 2536 τόπον,
1183 2463 1271 2519 καὶ
1326 2463 1491 2519 εἶπεν·
1553 2465 1637 2519 Ἐν
1695 2464 1918 2537 ὀνόματι

260 2558 368 2609 τοῦ
420 2552 630 2628 Πατρὸς
680 2552 770 2607 καὶ
818 2558 917 2608 τοῦ
965 2554 1095 2608 Υἱοῦ
1142 2558 1236 2609 καῖ
1279 2553 1376 2608 τοῦ
1408 2554 1561 2629 ἁγίου
1610 2552 1922 2627 Πνεύματος

268 2641 539 2718 κρούσατε
588 2640 639 2696 ὲν
688 2642 769 2713 τῷ
816 2641 969 2715 τόπῳ
1013 2641 1212 2714 τούτῳ.
1264 2641 1363 2696 Καὶ
1412 2638 1600 2710 ἐπειδὴ
1640 2643 1833 2703 πάντες
1868 2640 1919 2695 ἐν

268 2728 466 2803 κύκλῳ
506 2735 624 2793 τοῖς
674 2730 987 2793 σκαπανίοις
1034 2726 1288 2805 ἔσκαψαν,
1346 2729 1435 2785 καὶ
1485 2729 1583 2785 οὐκ
1629 2729 1787 2784 αὐτὸν
1829 2732 1920 2784 τὸν

266 2819 442 2875 τόπον
472 2818 523 2874 έν
566 2820 611 2893 ᾧ
659 2820 687 2875 6
738 2820 910 2893 ἀμνὸς
960 2817 1109 2893 ἔστη,
1160 2815 1343 2874 λαϐὼν
1400 2820 1588 2895 μικρὸν
1644 2816 1921 2874 σκαλίδιον

270 2911 300 2965 6
335 2910 516 2985 ἅγιος,
547 2908 768 2987 ἐλαφρῷ
807 2908 1114 2985 κρούσματι
1144 2911 1188 2945 ⁸⁸
1217 2910 1307 2963 τὸν
1355 2907 1522 2963 τόπον
1553 2909 1644 2964 τὸν
1694 2908 1795 2963 ὑπὸ
1833 2908 1924 2963 τὸν

268 2996 420 3053 πόδα
464 3002 562 3053 τοῦ
616 2999 813 3071 ἀμνοῦ,
861 2994 1048 3071 ἔτυψεν
1097 2999 1160 3054 ⁸⁸.
1213 2997 1331 3052 ὅθεν
1382 3003 1725 3074 παραχρῆμα
1765 2998 1921 3072 πηγή

270 3082 714 3163 ύπερόλυούσαις
745 3089 789 3124 ⁸ο
816 3092 936 3149 ταῖς
966 3085 1164 3165 φλεψὶν
1214 3085 1613 3162 εὐπρεπεστάτη
1663 3085 1919 3163 ἀνεφάνη*

271 3176 406 3246 ἥτις
440 3221 455 3248 ,
519 3174 609 3231 σὺν
670 3176 819 3252 ὁρμῇ
895 3175 1180 3251 ἐκχυθεῖσα
1213 3220 1227 3246 ,
1284 3174 1533 3248 ποταμὸν
1590 3174 1875 3230 ἀπετέλεσε
1909 3218 1921 3230 .

2025 676 2261 744 propter
2308 672 2486 728 Deum
2517 673 2699 729 fuisse
2745 674 3107 746 deportatos‘
3167 676 3285 733 ait:
3316 676 3442 732 Non
3475 678 3579 734 abs
3612 695 3673 734 re

2022 759 2421 816 Dominueme
2452 760 2566 817 huc
2588 762 2887 833 perduxit;
2914 768 2979 819 ut
3008 765 3297 838 particeps
3328 765 3515 822 factus
3545 783 3673 839 per-

2022 849 2360 921 pessionum
2410 854 2761 920 vestrarum,
2796 852 2970 907 etiam
3029 853 3446 910 consolationis
3477 860 3535 911 et
3565 873 3669 928 pa-

2021 937 2237 994 tientiae
2268 938 2598 1010 exemplum
2632 941 2967 1011 praeberem.

2087 1219 2445 1281 XXI.Didicit
2471 1225 2666 1277 autem
2700 1222 2771 1277 ab
2804 1221 3070 1293 eis,quod
3102 1223 3175 1278 de
3205 1228 3364 1280 sexto
3386 1225 3657 1283 milliaria

2021 1328 2235 1384 aquam
2270 1310 2395 1365 suis
2425 1310 2687 1365 humeris
2736 1311 3125 1381 deportarent.
3158 1311 3473 1368 Confestim
3530 1330 3665 1387 ergo

2020 1405 2260 1456 sanctus
2291 1398 2557 1454 Clemens
2597 1398 2931 1454 cohortatus
2961 1404 3050 1455 est
3079 1399 3209 1456 illos
3258 1401 3495 1457 dicens:
3530 1403 3667 1459 Ore-

2021 1505 2154 1545 mus
2184 1488 2495 1543 Dominum
2529 1492 2795 1542 nostrum
2836 1488 3041 1543 Jesum
3085 1488 3402 1558 Christum,
3436 1496 3500 1545 ut
3530 1491 3664 1547 ﬁdei

2020 1594 2137 1634 suae
2170 1576 2605 1632 confessoribus
2660 1593 2867 1632 venam
2928 1593 3093 1647 aquae
3150 1578 3411 1651 aperiat;
3465 1583 3521 1635 et
3568 1580 3666 1650 qui

2021 1667 2309 1739 percussit
2333 1670 2555 1737 petram
2580 1666 2638 1720 in
2671 1666 2900 1721 deserto
2920 1667 3154 1733 Sinaa,et
3183 1668 3476 1723 ﬂuxerunt
3505 1686 3666 1740 aquae

2018 1754 2077 1810 in
2109 1754 2529 1810 abundantiam
2562 1754 2660 1824 (α),
2696 1755 2820 1826 ipse
2869 1756 3036 1811 nobis
3094 1756 3401 1827 cupiosum
3432 1756 3665 1813 laticem

2018 1844 2289 1916 prebeat,
2323 1859 2438 1914 quo
2491 1843 2679 1915 ipsius
2734 1845 3201 1916 suppeditatione
3259 1844 3542 1901 laetemur.
3596 1848 3666 1902 Et

1943 1949 2150 2018 Bvero
2199 1932 2485 2003 completa
2543 1931 2987 2003 supplicatione,
3043 1933 3179 1988 hinc
3236 1933 3493 2005 illucque
3551 1935 3660 1989 cir-

2023 2021 2386 2092 cumspexit;
2418 2026 2475 2076 et
2502 2020 2646 2075 vidit
2666 2037 2883 2093 agnum
2914 2026 3189 2089 stantem,
3222 2022 3323 2093 qui
3354 2023 3659 2079 dexterum

2022 2111 2227 2182 pedem
2277 2108 2507 2175 levavit,
2540 2114 2823 2180 tanquam
2872 2115 3075 2166 sancto
3133 2110 3413 2167 Clementi
3473 2111 3666 2168 locum

2025 2199 2359 2255 ostendens.
2390 2198 2554 2253 Tunc
2586 2199 2648 2253 S.
2708 2196 2974 2254 Clemens
3026 2205 3307 2272 reputans
3355 2200 3671 2256 Dominum

2027 2303 2175 2354 esse,
2211 2302 2383 2358 quem
2417 2285 2578 2341 solus
2609 2285 2734 2358 ipse
2764 2286 3084 2357 conspexit,
3117 2291 3174 2343 et
3203 2287 3402 2344 nullus
3435 2290 3674 2345 omnino

2030 2376 2215 2443 alius;
2250 2375 2321 2430 ad
2353 2373 2545 2430 locum
2577 2375 2872 2445 profectus
2902 2380 3010 2441 est,
3039 2392 3104 2430 ac
3134 2376 3310 2433 dixit:
3344 2378 3408 2433 In
3438 2378 3678 2434 nomine

2030 2464 2219 2522 Patris
2276 2468 2334 2519 et
2386 2462 2515 2518 Filii
2546 2467 2603 2518 et
2640 2463 2892 2535 Spiritus
2950 2465 3157 2536 sancti,
3191 2464 3420 2537 pulsate
3478 2466 3537 2521 in
3569 2466 3679 2523 hoc

2030 2552 2174 2609 loco.
2208 2554 2469 2624 Cumque
2497 2568 2700 2607 omnes
2729 2551 3028 2625 ligonibus
3049 2552 3109 2608 in
3141 2555 3341 2610 orbem
3373 2556 3675 2627 fudissent,

2032 2659 2147 2698 non
2178 2645 2374 2697 autem
2412 2639 2608 2696 locum
2655 2641 2851 2712 ipsum
2886 2642 2944 2696 in
3002 2659 3118 2714 quo
3169 2660 3357 2716 agnus
3400 2648 3682 2711 steterat;

2032 2735 2271 2788 sanctus
2302 2734 2535 2801 accepto
2587 2747 2761 2801 parvo
2793 2729 3243 2799 sarculo,locum
3288 2732 3387 2803 qui
3419 2740 3541 2787 erat
3570 2733 3680 2789 sub

2032 2821 2177 2893 pede
2207 2818 2341 2891 agni
2390 2819 2677 2890 percussit
2730 2818 2838 2874 levi
2899 2819 3055 2874 ictu:
3090 2820 3245 2875 unde
3286 2826 3523 2892 repente
3554 2821 3682 2879 fons

2032 2908 2196 2965 venis
2218 2908 2679 2962 redundantibus
2702 2907 3125 2979 pulcherrimus
3144 2910 3400 2965 emersit:
3425 2910 3524 2981 qui
3548 2927 3682 2967 cum

2032 2998 2255 3070 impetu
2288 2997 2512 3053 effusus
2540 2996 2726 3052 eil‘ecit
2763 2996 3026 3052 fluvium.
3062 2998 3224 3054 Tunc
3266 3002 3507 3054 sanctus
3539 3016 3681 3055 cun-

2035 3087 2145 3142 ctis
2175 3084 2627 3151 exsultantibus,
2688 3086 3125 3157 responsorium
3184 3086 3365 3143 dixit:
3413 3089 3683 3145 Fluminis

2034 3178 2270 3249 impetus
2301 3176 2587 3248 laetiﬁcum
2615 3177 2955 3233 civivitatem
2980 3179 3076 3232 Dei
3102 3177 3198 3250 (b).

264 3268 583 3335 τηνικαῦτα
621 3266 649 3320 6
680 3266 831 3340 ἅγιος
859 3266 1074 3320 πάντων
1108 3263 1562 3342 ἆγαλλιωμένων,
1590 3267 1629 3301 ⁹¹
1682 3263 2072 3320 ὑπακουστικὸν
2123 3265 2254 3320 εἶπε·
2288 3269 2393 3319 Τοῦ
2442 3269 2693 3338 ποταμοῦ
2739 3266 2805 3320 τὰ
2852 3266 3149 3339 ὁρμήματα
3192 3264 3533 3340 εὐφραίνουσι
3580 3268 3680 3336 τὴν

268 3351 442 3411 πόλιν
472 3351 567 3409 τοῦ
598 3357 752 3410 Θεοῦ.

347 3465 524 3517 XXII.
582 3460 680 3515 Διὰ
735 3458 935 3531 ταύτην
996 3457 1087 3515 οῦν
1142 3461 1241 3529 τήν
1301 3462 1531 3539 φήμην,
1582 3456 1928 3535 προσέδραμε

270 3557 423 3607 πᾶσα
468 3551 505 3619 ἡ
555 3547 810 3624 ἐπαρχία·
869 3548 957 3603 καὶ
1017 3549 1070 3603 οἱ
1127 3546 1456 3619 ἂληλυθότες
1513 3549 1740 3609 ἅπαντες
1788 3549 1923 3622 πρὸς

264 3641 377 3707 τήν
410 3635 642 3714 διδαχὴν
671 3641 770 3693 τοῦ
818 3636 969 3713 ἁγίου
1005 3636 1323 3710 Κλήμεντος
1373 3635 1780 3713 ἐπιστρέφοντες
1803 3639 1925 3679 ⁹²-⁹³

257 3728 409 3804 πρὸς
455 3727 547 3782 τὸν
598 3725 818 3801 Κύριον·
872 3723 1010 3780 ὥστε
1055 3727 1172 3780 καθ’
1219 3726 1427 3799 ἡμέραν
1464 3724 1804 3779 πεντακόσιοι
1834 3726 1923 3779 καὶ

258 3815 579 3892 περαιτέρω
632 3814 1019 3891 βαπτιζόμενοι
1070 3815 1416 3889 ἀνεχώρουν.
1469 3815 1646 3875 Ἐντὸς
1696 3810 1753 3868 δὲ
1806 3814 1921 3876 ἑνὸς

263 3906 453 3972 ἔτους,
484 3902 768 3979 γεγόνασιν
804 3902 974 3959 ἐκεῖσε
1012 3904 1159 3980 παρὰ
1185 3908 1291 3958 τῶν
1333 3907 1535 3959 πιστῶν
1587 3898 1922 3975 ἑϐδομηκον-

264 3994 507 4052 ταπέντε
562 3991 846 4063 ἰκκλησίαι
875 4035 890 4063 ,
934 3991 1023 4048 καὶ
1072 3990 1243 4047 πάντα
1288 3991 1355 4047 τὰ
1412 3990 1615 4048 εἷ’δωλα
1664 3989 1920 4068 κατεθρύ-

268 4081 478 4155 ϐησαν,
509 4084 700 4143 πάντες
753 4081 804 4136 οἱ
849 4080 968 4136 ναοὶ
1014 4086 1116 4151 τῆς
1162 4081 1479 4157 περιχώρου
1526 4080 1920 4156 καθῇρέθησαν,

265 4172 458 4228 πάντα
484 4172 551 4225 τὰ
579 4168 719 4240 ἄλση
754 4167 842 4225 ἐπὶ
867 4168 1151 4243 τριακόσια
1199 4167 1357 4242 μίλια
1404 4167 1595 4225 διόλου
1646 4168 1697 4223 έν
1737 4168 1923 4241 κύκλῳ

265 4258 650 4327 κατεκόπησαν
682 4257 771 4313 καὶ
794 4257 1135 4332 κατεστρώθη
1145 4278 1259 4313 σαν.

355 4372 553 4424 XXIII.
597 4368 896 4435 Τηνικαῦτα
937 4366 982 4401 ⁹⁴
1031 4362 1316 4442 ἐπίφθονον
1370 4361 1616 4440 διήγημα
1668 4361 1924 4439 διέδραμε

269 4456 420 4534 πρὸς
447 4456 539 4511 τὸν
577 4452 801 4530 βασιλέα
828 4453 1107 4529 Τραϊανὸν,
1130 4453 1206 4515 ὡς
1237 4452 1423 4508 αὐτόθι
1453 4453 1589 4526 πρὸς
1620 4453 1922 4528 ἀναρίθμη-

2107 3461 2277 3518 XXII.
2337 3462 2421 3517 0b
2478 3461 2628 3517 hanc
2682 3461 2863 3533 igitur
2920 3461 3161 3527 famam,
3200 3460 3498 3517 concurrit
3561 3464 3686 3517 tota

2036 3551 2364 3623 provincia;
2398 3551 2618 3622 quique
2648 3551 2956 3605 veniebant
2984 3551 3054 3604 ad
3108 3551 3163 3605 S.
3197 3549 3509 3605 Clementis
3540 3550 3680 3605 doc-

2035 3639 2280 3695 ctrinam
2314 3655 2516 3695 omnes
2547 3638 3029 3693 convertebantur
3066 3639 3137 3693 ad
3166 3637 3504 3705 Dominum;
3537 3638 3679 3694 adeo

2034 3732 2100 3783 ut
2130 3725 2385 3799 quotidie
2416 3726 2721 3798 quingenti
2752 3730 2810 3781 et
2839 3725 3093 3796 amplius
3124 3726 3457 3781 recederent
3490 3726 3679 3797 bapti-

2032 3817 2161 3872 zati.
2205 3818 2364 3872 Intra
2394 3832 2577 3871 unum
2611 3820 2805 3871 autem
2838 3831 3079 3885 annum,
3114 3815 3271 3870 factae
3327 3818 3467 3869 sunt
3494 3799 3622 3868 illic
3644 3831 3680 3869 a

2032 3906 2303 3960 ﬁdelibus
2361 3903 2736 3976 septuaginta
2782 3903 3043 3974 quinque
3081 3902 3355 3969 ecclesiae,
3394 3906 3450 3957 et
3479 3902 3680 3958 omnia

2032 3992 2188 4049 idola
2217 3993 2510 4048 confracta
2539 3996 2698 4063 sunt,
2734 3990 2932 4047 omnia
2958 3990 3179 4062 templa
3207 3991 3678 4061 circumjacentis

2032 4081 2287 4153 regionis
2318 4082 2511 4137 diruta
2541 4085 2921 4151 sunt,omnes
2952 4078 3067 4134 luci
3101 4096 3288 4151 usque
3317 4079 3385 4135 ad
3419 4083 3679 4135 trecenta

2033 4170 2305 4227 milliaria
2334 4170 2393 4224 in
2424 4169 2668 4225 circuitu
2698 4167 2913 4224 concisi
2945 4171 3085 4223 sunt
3111 4171 3169 4223 et
3198 4166 3321 4224 solo
3352 4167 3586 4239 aequati,

2104 4367 2308 4422 XXIII.
2343 4366 2507 4421 Tunc
2532 4364 2823 4420 invidiosa
2874 4362 3129 4419 narratio
3158 4363 3421 4435 pervenit
3445 4364 3517 4420 ad
3568 4364 3680 4420 im-

2036 4461 2359 4528 peratorem
2392 4455 2524 4524 Traj
2541 4452 2902 4525 anum,quod
2936 4452 3055 4507 illic
3086 4453 3159 4508 ad
3190 4452 3681 4509 innumerabilem

265 4524 371 4603 τόν
410 4524 625 4614 πλῆθος
684 4543 713 4598 6
768 4524 880 4597 τῶν
927 4546 1265 4615 Χριστιανῶν
1326 4524 1595 4614 έπηυξήθη
1652 4524 1918 4604 λαόςῖκαῖ

2037 4524 2478 4600 multitudinem
2511 4524 2800 4599 adauctus
2832 4546 2989 4598 esset
3041 4541 3297 4614 populus
3328 4542 3683 4597 Christiano-

269 4634 558 4703 ἀπεστάλη
609 4634 653 4669 “
702 4628 1028 4710 Αύφιδιανὸς
1061 4632 1089 4685 6
1117 4631 1361 4707 ἡγεμών*
1412 4630 1588 4699 ὅστις,
1633 4630 1922 4693 πλείστους

268 4729 389 4781 τῶν
432 4724 766 4798 Χριστιανῶν
818 4718 1097 4798 διαφόροις
1149 4720 1396 4795 βασάνοις
1444 4717 1648 4774 ἀνελὼν
1685 4723 1749 4788 ⁸⁸,
1783 4721 1921 4795 ὁρῶν

275 4835 342 4870 τε
370 4816 413 4851 ⁸⁷
441 4812 574 4874 τοὺς
603 4809 802 4871 πάντας
850 4813 930 4881 τῷ
982 4808 1262 4885 μαρτυρίῳ
1297 4809 1430 4881 μετᾶ
1474 4813 1648 4884 χαρᾶς
1694 4828 1926 4882 προσερ-

274 4902 576 4979 χομένους,
624 4899 1016 4974 παρεχώρησεν
1063 4901 1142 4968 τῷ
1187 4894 1411 4975 πλήθει,
1450 4892 1612 4968 μόνον
1654 4897 1743 4951 τὸν
1774 4898 1924 4972 ἅγιον

281 4991 588 5063 Κλήμεντα
633 4987 721 5043 ἰπὶ
769 4987 833 5042 τὸ
885 4986 1027 5041 θύειν
1077 4988 1120 5023 ⁸⁸
1172 4984 1512 5061 βιαζόμενος.
1564 4984 1661 5039 Καὶ
1710 4984 1926 5061 βλέπων

284 5080 464 5140 οὕτως
492 5075 781 5150 ἱδρυμένον
830 5074 882 5130 ἰν
935 5073 1143 5149 Κυρίῳ,
1192 5074 1280 5127 καὶ
1312 5076 1357 5111 ⁸⁸
1384 5074 1445 5128 τὸ
1495 5071 1731 5129 καθόλου
1775 5094 1931 5146 μετα-

282 5171 510 5238 τεθῆναι
540 5166 649 5242 ούχ
677 5164 790 5220 οἶόν
821 5185 881 5220 τε
904 5166 990 5237 ιοο,
1015 5161 1164 5238 λέγει
1190 5168 1209 5202 ί
1227 5167 1344 5225 τοῖς
1375 5160 1558 5225 ἴδίοις·
1595 5164 1930 5238 Ἀπαχθήτω

359 5315 438 5392 (α)
466 5313 649 5373 Exod.
677 5327 818 5370 xvu.
851 5309 929 5384 (b)
958 5307 1090 5366 Psal
1118 5324 1245 5375 xcv,
1274 5307 1329 5362 5.

2034 4650 2187 4689 rum.
2220 4633 2289 4687 Et
2320 4632 2537 4687 missus
2567 4635 2656 4686 est
2685 4631 3033 4685 Auﬁdianus
3056 4646 3303 4701 praeses:
3339 4631 3440 4702 qui
3466 4630 3680 4685 multos

2034 4721 2400 4797 Christianos
2432 4720 2676 4775 diversis
2708 4719 3010 4790 suppliciis
3060 4735 3190 4775 cum
3237 4720 3563 4785 occidisset,
3595 4718 3679 4773 vi-

2035 4811 2310 4881 deretque
2340 4825 2544 4864 omnes
2577 4809 2649 4864 ad
2707 4806 3050 4879 martyrium
3109 4824 3243 4863 cum
3276 4806 3489 4880 gaudio
3517 4822 3678 4861 acce-

2035 4899 2192 4969 dere,
2222 4898 2397 4953 cessit
2456 4896 2841 4963 multitudini,
2872 4894 3064 4951 solum
3120 4902 3389 4953 sanctum
3419 4895 3685 4952 Clemen~

2037 4992 2154 5043 tem
2206 5002 2419 5058 cogens
2478 4986 2548 5041 ad
2626 4985 3098 5042 sacriﬁcandum.
3158 4986 3226 5040 Et
3283 4984 3485 5039 videns
3541 4984 3682 5040 adeo

2040 5075 2306 5132 stabilem
2340 5075 2399 5129 in
2431 5073 2698 5141 Domino,
2731 5090 2837 5129 nec
2865 5073 3102 5129 omnino
3136 5089 3305 5145 posse
3337 5090 3370 5128 a
3399 5071 3688 5128 sententia

1991 5205 1994 5207 Α
2041 5162 2341 5231 dimoveri,
2376 5162 2522 5218 dixit
2557 5162 2629 5217 ad
2685 5178 2861 5221 suos:
2922 5161 3261 5217 Abduoatur
3312 5161 3373 5215 in
3426 5161 3686 5217 medium

1636 5431 1882 5489 νΑΒΙιλΕ
1929 5431 2339 5489 LEGTIONES.

358 5568 407 5604 π
466 5564 543 5623 al.
593 5558 871 5637 tmpaxéc'
946 5559 992 5595 ⁸ο
1038 5557 1113 5615 al.
1170 5555 1262 5611 τὸν
1331 5554 1483 5614 Θεόν.
1558 5558 1601 5595 ⁸¹
1663 5558 1738 5614 al.
1801 5553 1927 5611 ἀλλ’
1976 5554 2092 5641 ἵνα,
2165 5557 2211 5591 ⁸⁸
2270 5556 2345 5612 al.
2422 5552 2557 5629 πρὸς
2634 5551 2747 5609 τόν.
2847 5554 2892 5589 ⁸⁸
2965 5552 3037 5608 al.
3114 5552 3208 5677 γέἱ.

397 5636 449 5677 ..1
534 5635 739 5677 tantum
808 5632 854 5668 ⁸⁸
912 5630 988 5677 ιιι,
1047 5627 1323 5677 ἐννοήσας-
1399 5630 1441 5664 ⁸⁷
1498 5629 1574 5677 al-
1634 5626 1900 5677 ἐθεάσατο-
1976 5629 2020 5664 ⁸⁸
2077 5629 2253 5677 idem-
2314 5624 2602 5677 κοούιιατι.
2662 5630 2790 5677 Οοτ.
2885 5626 2930 5661 ⁸9
2996 5624 3069 5677 al.
3175 5642 3207 5675 κ

290 5640 339 5678 ⁸⁵
394 5636 473 5694 al.
534 5624 739 5690 δστῶτα
808 5632 854 5668 ⁸⁸
912 5630 988 5687 al.
1047 5627 1325 5701 ἐννοήσαςἶ
1399 5630 1441 5664 ⁸⁷
1498 5629 1574 5684 al.
1627 5626 1900 5701 iéeeq'zcato.
1976 5629 2020 5664 ⁸⁸
2077 5628 2276 5701 idem,
2314 5624 2602 5701 κρούματξ
2662 5630 2790 5701 Coa}
2842 5626 2930 5701 _3?
2996 5624 3069 5680 al.
3147 5624 3207 5677 ἔκ

3301 5552 3347 5585 ⁸⁵
3404 5551 3477 5606 al.
3557 5545 3684 5611 ἴδεν,

3210 5640 3417 5691 ρουσεν.
3494 5622 3537 5657 ⁹⁰
3607 5623 3684 5690 al,

297 5692 904 5776 mpSXuCoécatc.h“
949 5692 1242 5776 deestin
1269 5699 1351 5776 _al.
1430 5700 1692 5776 “__°3_al._
1720 5699 2058 5776 έπέστρεφον.
2124 5701 2181 5776 ’θ’
2227 5692 2301 5776 al.
2352 5692 2653 5776 inser_.06v.
2731 5695 3086 5776 °5_al_.._i.nser.
3121 5693 3246 5776 παρ’
3274 5692 3458 5776 αὐτοῦ.
3535 5696 3577 5729 9⁸
3607 5694 3683 5762 al,

294 5766 533 5841 ἀνεῖλεν.
565 5766 581 5776 ’
609 5766 757 5834 "al.
791 5770 867 5829 δέ.
944 5774 988 5809 ³⁸
1018 5772 1093 5830 al.
1131 5768 1385 5828 ἐπιθύειν.
1464 5773 1509 5808 ’⁸
1538 5773 1703 5831 deest
1728 5773 1788 5829 in
1819 5766 1895 5832 al'.
1954 5766 2041 5810 ’¹⁰⁰
2090 5771 2164 5828 al.
2210 5770 2296 5861 pi;
2353 5766 2709 5847 βουλόμενον.
2791 5767 2983 5822 ινίάε
3030 5783 3087 5821 n.
3136 5767 3192 5833 3,
3241 5770 3503 5840 proxime
3559 5783 3686 5844 seq.
