4094 6202
309 377 427 438 635

1385 375 1774 437 APPENDIX
1824 377 1926 436 AD
1973 376 2013 438 S
2085 376 2587 438 CLEMENTEM.

3555 382 3659 442 636

312 512 447 565 sede
481 524 783 564 successor
815 506 1039 562 ﬁdelis:
1074 507 1388 565 Clementis
1440 508 1601 564 illius
1640 509 1809 579 cujus
1839 509 1954 564 huc

2085 504 2435 582 ιωτηριώδεις
2475 505 2702 584 διδαχᾶς
2733 507 2821 562 καὶ
2865 512 3073 583 σιγῶσα
3125 509 3224 584 βοᾷ
3265 509 3507 586 γεγονότα
3532 514 3658 568 ¹⁸-¹⁹.

311 613 498 668 usque
529 598 832 652 universus
889 597 1046 652 orbis
1093 596 1380 654 salutares
1435 599 1616 654 fuisse
1660 599 1956 653 doctrinas

312 684 401 743 vel
432 693 626 742 tacens
651 686 883 742 clamat:
917 686 1354 757 Clementis,qui
1377 687 1506 741 vitis
1539 688 1752 742 Christi
1785 703 1955 741 verus

315 777 537 834 exstitit
569 775 811 848 palmes,
847 793 949 846 per
976 793 1150 846 quem
1182 777 1350 831 nobis
1380 778 1655 832 doctrinae
1687 796 1796 832 uva
1828 793 1954 831 ma-

311 871 633 931 turescens,
695 866 928 936 pietatis
993 869 1049 919 et
1105 865 1314 920 salutis
1372 871 1633 921 mustum
1680 867 1952 922 stillavit:

310 954 642 1023 Clementis,
677 970 823 1008 verae
854 953 1043 1017 scalae,
1077 971 1199 1024 quae
1232 971 1346 1009 non
1389 956 1457 1008 ad
1510 955 1673 1010 collis
1706 955 1957 1026 alicujus

312 1042 679 1098 altitudinem
715 1060 819 1098 nos
849 1042 1163 1108 evehit,sed
1187 1043 1465 1097 virtutum
1491 1044 1953 1109 ascensionibus,

311 1136 589 1202 tanquam
649 1132 926 1202 gradibus
977 1132 1356 1202 quibusdam,
1391 1132 1459 1186 ad
1520 1131 1727 1186 caelum
1752 1139 1806 1187 et
1837 1149 1956 1188 coa-

307 1220 478 1274 lestia
511 1238 612 1275 nos
645 1221 897 1274 traducit
925 1237 935 1273 :
997 1220 1185 1286 scalae,
1219 1237 1346 1290 qua
1404 1220 1500 1275 illa
1531 1239 1564 1275 a
1593 1222 1804 1276 Jacobo
1835 1221 1958 1277 visa

309 1324 677 1378 nequaquam
711 1308 951 1363 inferior
979 1314 1068 1362 est
1097 1309 1172 1378 (a)
1199 1327 1211 1376 ;
1247 1325 1350 1363 nec
1381 1311 1627 1364 ostendit
1657 1310 1822 1364 nobis
1853 1327 1955 1364 an-

310 1397 468 1469 gelos
502 1414 602 1467 per
632 1414 758 1452 eam
793 1398 1174 1452 ascendentes
1197 1414 1262 1452 ac
1291 1399 1839 1466 descendentes,sed
1861 1399 1956 1454 ho-

314 1486 538 1539 minum
554 1485 1007 1541 animasdivinis
1023 1487 1270 1542 maxime
1287 1487 1787 1542 admonitionibus
1801 1487 1959 1542 velut

317 1591 346 1630 e
367 1576 646 1646 gradibus
669 1575 726 1629 in
753 1577 971 1647 gradus
993 1593 1094 1646 per
1114 1576 1359 1630 virtutes
1391 1576 1460 1630 ad
1497 1580 1674 1630 Deum
1709 1577 1954 1632 inducit.

386 1665 481 1719 IlI.
515 1665 694 1734 Cujus
728 1665 963 1734 quidem
1013 1663 1359 1719 miraculum
1393 1681 1523 1719 cum
1559 1681 1672 1719 non
1695 1665 1960 1720 didiceri-

311 1754 405 1820 tis,
440 1771 470 1808 ο
504 1753 897 1823 pulcherrime
929 1758 982 1807 et
1042 1753 1384 1808 fidelissime
1441 1759 1644 1823 coetus,
1679 1755 1853 1824 quale
1884 1755 1961 1808 sit

311 1848 366 1897 et
396 1848 682 1912 quantum
715 1842 936 1907 audire,
960 1847 1238 1912 tanquam
1265 1842 1494 1913 pietatis
1524 1849 1956 1909 amantes,con-

311 1932 551 1997 tendite,
586 1935 645 1986 et
673 1931 744 1985 ad
801 1946 1126 1986 sermonem
1160 1931 1462 1998 exsultate,
1498 1948 1561 1985 ac
1593 1947 1763 1987 aures
1807 1932 1966 1987 incli-

318 2026 474 2087 nate,
507 2026 681 2091 atque
731 2025 991 2074 nostram
1025 2025 1296 2076 accusate
1343 2020 1714 2076 tarditatem:
1751 2021 1964 2076 etenim

321 2109 392 2164 de
423 2109 530 2164 hoc
584 2109 839 2179 gaudeo:
897 2114 1147 2176 tantum,
1184 2125 1370 2179 usque
1427 2111 1498 2164 ad
1561 2110 1736 2165 tinem
1798 2111 1963 2177 mihi,

320 2215 536 2269 quaeso,
567 2199 649 2253 sic
676 2203 962 2254 attentum
1023 2204 1247 2254 servate
1293 2200 1578 2266 animum,
1623 2216 1727 2254 nec
1758 2199 1967 2254 sinatis

317 2287 577 2360 aliquam
632 2287 809 2358 hujus
867 2287 993 2342 vitae
1056 2305 1251 2342 rerum
1311 2288 1721 2360 cogitationem
1770 2288 1968 2343 subire

321 2381 574 2432 mentem
604 2381 879 2447 vestram,
916 2381 973 2432 et
1005 2376 1359 2432 alacritatem
1413 2377 1730 2433 emolllire:
1764 2393 1965 2432 verum

316 2465 580 2537 vigilanti
608 2465 904 2520 intellectu
933 2483 998 2520 ao
1021 2482 1195 2520 sensu
1230 2483 1349 2521 rem
1387 2466 1634 2522 fideliter
1663 2466 1963 2538 suscipite.

319 2557 404 2610 Ita
434 2561 628 2609 autem
661 2554 854 2609 habet.

389 2643 480 2700 IV.
518 2644 831 2713 Postquam
865 2643 1178 2715 preclarus
1210 2648 1264 2698 et
1295 2644 1670 2700 beatissimus
1701 2645 1966 2702 Clemens

322 2733 598 2788 doctrinae
631 2737 805 2803 atque
835 2733 1194 2804 apostolatus
1234 2749 1473 2788 cursum
1511 2734 1867 2804 perfecisset,
1899 2751 1966 2790 ao

322 2840 352 2877 e
384 2823 556 2876 rebus
578 2821 854 2876 humanis
879 2838 978 2892 per
1001 2821 1257 2893 martyrii
1279 2824 1843 2878 consummationem
1866 2839 1967 2877 ex-

323 2911 614 2979 cessisset;
641 2911 793 2966 sicut
822 2911 1036 2966 etliber
1065 2910 1302 2982 gloriosi
1335 2913 1462 2982 ejus
1494 2913 1755 2984 martyrii
1777 2911 1966 2967 decla-

324 3006 432 3066 rat,
468 3016 640 3070 quem
675 3017 707 3053 a
740 2999 901 3055 vobis
932 3017 1043 3056 non
1079 3000 1331 3072 ignorari
1367 3016 1710 3072 persuasum
1745 3001 1965 3069 habeo;

327 3105 696 3160 nequaquam
750 3091 981 3160 justum
1011 3104 1141 3145 esse
1191 3089 1480 3159 judicavit
1533 3089 1838 3156 Dominus,
1869 3089 1970 3162 qui

328 3179 937 3251 glorificantesipsum
962 3178 1249 3251 gloriﬁcat
1269 3180 1366 3250 (ὁ),
1385 3195 1499 3233 non
1521 3179 1774 3235 vicissim
1799 3178 1970 3250 glori-

2066 596 2381 668 Κλήμεντος
2453 601 2550 651 τοῦ
2629 596 2865 668 ἀληθοῦς
2913 596 3199 671 κλήματος
3266 606 3360 668 τῆς
3440 600 3662 673 ἀμπέλου

2063 691 2316 760 Χριστοῦ,
2351 683 2420 740 δι’
2451 685 2513 740 οὗ
2565 689 2699 758 ἡμῖν
2732 687 2760 741 ὁ
2788 694 2888 756 τῆς
2939 685 3280 749 διδασκαλίας
3331 689 3508 764 βότρυς
3548 711 3660 765 περ·

2063 775 2250 844 κάσας,
2303 775 2531 850 γλεῦκος
2593 771 2860 838 εὐσεϐείας
2919 776 3007 830 καὶ
3065 777 3327 852 σωτηρίας
3373 777 3661 849 ἐστάλαξεν·

2067 863 2410 937 Κλήμεντος,
2439 872 2540 933 τῆς
2571 863 2811 933 ἀληθοῦς
2842 863 3131 937 κλίμακος,
3164 873 3262 935 τῆς
3293 865 3350 920 οὐ
3380 868 3506 941 πρὸς
3547 869 3665 942 γεώ-

2068 951 2235 1030 λοφόν
2267 975 2318 1007 τι
2369 953 2503 1026 ὕψος
2555 953 3002 1029 ἐπαναγαγούσης
3047 957 3218 1027 ἡμᾶς,
3263 953 3399 1010 ἀλλὰ
3440 962 3548 1017 ταῖς
3574 960 3666 1010 τῶν

2066 1042 2266 1117 ἀρετῶν
2301 1037 2639 1111 ἀναϐάσεσιν,
2683 1042 2861 1117 ὥσπερ
2909 1043 3016 1098 τισὶ
3069 1044 3311 1118 βαθμίσι,
3357 1044 3485 1118 πρὸς
3529 1044 3670 1118 οὐραο

2065 1130 2152 1184 νόν
2185 1151 2243 1183 τε
2271 1131 2359 1184 καὶ
2383 1132 2451 1183 τὰ
2482 1130 2703 1205 οὐράνια
2733 1133 2767 1200 ἡ
2788 1137 2894 1202 μᾶς
2947 1127 3384 1201 διαϐιϐαζούσης·
3413 1130 3673 1204 κλίμακος,

2065 1219 2152 1273 xui
2209 1227 2310 1288 τῆς
2362 1215 2553 1273 Ἰακὼϐ
2609 1219 2898 1293 ὁραθείσης
2953 1217 3106 1274 οὐδὲν
3167 1218 3493 1289 ἀποδεούσης
3525 1268 3538 1292 ,
3591 1220 3677 1274 οὒκ

2065 1307 2336 1382 ἀγγέλους
2369 1307 2438 1362 δι’
2469 1308 2636 1377 αὐτῆς
2686 1307 2932 1370 ἀνιόντας
2985 1309 3074 1364 καὶ
3105 1309 3384 1371 κατιόντας
3427 1312 3551 1380 ἡμῖν
3583 1306 3676 1363 δει-

2065 1397 2326 1462 κνυούσης
2361 1441 2375 1468 ,
2433 1395 2578 1452 ἀλλά
2637 1397 2936 1467 ἀνθρώπων
2996 1398 3178 1472 ψυχὰς
3243 1403 3359 1459 ταῖς
3411 1397 3676 1458 θειοτάταις

2066 1488 2456 1562 παραινέσεσιν,
2500 1486 2576 1548 ὡς
2606 1486 2664 1539 έκ
2711 1486 2933 1561 βαθμῶν
2985 1486 3062 1548 εἷς
3117 1486 3358 1562 βαθμοὺς
3404 1484 3468 1540 δι’
3496 1485 3675 1560 ἀρετῶν

2066 1581 2144 1648 τῷ
2177 1581 2290 1646 Θεῷ
2311 1574 2778 1650 συνεισφεροῦσης.

2139 1666 2235 1721 ΙΙΙ.
2269 1663 2491 1724 Οῦτινος
2523 1661 2588 1732 δὴ
2621 1665 2681 1718 τὸ
2713 1666 2890 1738 θαῦμα
2922 1665 2996 1737 μὴ
3034 1664 3320 1737 μαθόντες,
3348 1665 3392 1718 ὦ
3419 1661 3682 1718 κάλλιστον

2067 1753 2156 1807 καὶ
2214 1752 2532 1806 πιστότατον
2593 1755 2905 1826 ἄθροισμα,
2965 1753 3053 1808 xui
3115 1753 3229 1808 οἷόν
3279 1754 3386 1808 ἐστι
3440 1750 3523 1807 xui
3575 1750 3681 1806 ὅσον

2073 1843 2381 1914 ἀκηκοέναι,
2432 1842 2508 1903 ὡς
2555 1838 2911 1916 φιλευσεϐεἲς,
2944 1842 3289 1916 ἀγωνίζεσθε,
3338 1843 3423 1896 καὶ
3453 1860 3684 1916 προσκιρο

2073 1938 2197 1986 τᾶτε
2224 1936 2320 1985 τοῦ
2369 1930 2560 2006 λόγου.
2611 1932 2698 1986 καὶ
2746 1933 2846 2001 τὴν
2897 1933 3064 2001 άκοήν
3119 1930 3450 2002 ὑποκλίνετε,
3495 1930 3689 1997 καὶτῆς

2079 2018 2414 2097 βραδυτῆτος
2461 2022 2622 2092 ἡμῶν
2678 2021 3110 2093 καταμέμφεσθε·
3161 2019 3348 2096 χαίρω
3400 2017 3442 2074 δ’
3470 2017 3553 2073 οῦν
3582 2016 3691 2072 τοῦ-

2073 2131 2169 2164 του
2223 2106 2396 2164 ἕνεκαο
2462 2103 2649 2182 μόνον,
2714 2107 2878 2184 μέχρι
2935 2107 3128 2171 τέλους
3193 2129 3339 2181 μοι,
3397 2108 3692 2180 παρακαλῶ,

2077 2197 2251 2260 οὕτως
2307 2198 2696 2270 συντεταμένην
2737 2200 3010 2274 τηρήσατε
3056 2199 3154 2267 τὴν
3207 2195 3468 2268 διάνοιαν,
3511 2196 3594 2250 καὶ
3627 2196 3691 2266 μή

2073 2308 2190 2342 τινα
2241 2287 2494 2363 βιωτικὸν
2557 2285 2824 2361 λογισμὸν
2877 2290 2956 2359 τῷ
3004 2290 3082 2359 νῷ
3141 2287 3296 2360 ὑμῶν
3363 2281 3692 2354 ὑπεισελθεῖν,

2075 2379 2162 2431 καὶ
2210 2378 2272 2431 τὸ
2315 2376 2595 2451 πρόθυμον
2630 2378 2906 2451 χαυνῶσαι
2958 2374 3168 2446 ἐάσητε·
3217 2375 3350 2431 ἀλλ’
3395 2372 3693 2450 ἐγρηγορότι

2076 2463 2335 2540 λογισμῷ
2382 2463 2473 2519 καί
2525 2466 2834 2542 φρονήματι
2881 2468 3042 2520 τοῦτο
3090 2467 3295 2527 πιστῶς
3349 2461 3692 2533 ὑποδέξασθε.

2075 2560 2256 2609 Ἔστιν
2290 2552 2346 2608 δὲ
2377 2552 2570 2614 οὕτως.

2147 2645 2237 2699 IV.
2297 2646 2409 2699 Τοῦ
2462 2639 2717 2716 ἀοιδίμου
2774 2641 2862 2696 καὶ
2927 2640 3344 2717 μακαριωτάτου
3400 2641 3698 2712 Κλήμεντος

2073 2732 2162 2786 τὸν
2193 2738 2294 2800 τῆς
2328 2728 2676 2792 διδασκαλίας
2704 2730 2793 2785 καὶ
2825 2729 3136 2799 ἀποστολῆς
3165 2727 3376 2806 δρόμον
3419 2727 3704 2785 ἐκτελέσαν-

2075 2841 2186 2890 τος,
2219 2822 2309 2875 καὶ
2337 2824 2444 2874 τῶν
2475 2818 2607 2893 τῇδε
2637 2817 2725 2875 διὰ
2771 2822 2866 2888 τῆς
2894 2823 2989 2874 τοῦ
3041 2819 3345 2894 μαρτυρίου
3395 2817 3705 2876 τελειώσεως

2082 2907 2626 2984 μετακεχωρηκότοςο
2662 2909 2734 2971 ὡς
2765 2909 2919 2978 καὶὴ
2965 2912 3065 2962 τοῦ
3114 2906 3330 2978 ἐνδόξου
3383 2907 3542 2963 αὐτοῦ
3589 2924 3709 2978 μαρ-

2076 2998 2264 3073 τυρίου
2301 2993 2493 3073 βίϐλος
2540 2995 2874 3068 δεδήλωκεν,
2927 2997 2993 3066 ἢν
3056 2998 3131 3069 μὴ
3177 2997 3396 3072 ἀγνοεῖν
3449 2997 3582 3069 ὑμᾶς
3627 2993 3711 3047 πέ-

2078 3107 2328 3160 πεισμαι·
2363 3086 2424 3140 οὐ
2459 3083 2663 3140 δίκαιον
2696 3086 2940 3161 κέκρικεν
2976 3086 3003 3140 ὁ
3033 3082 3267 3155 δοξάζων
3297 3085 3432 3148 τοὺς
3483 3081 3714 3155 δοξάζον-

2079 3197 2173 3238 τας
2226 3175 2382 3230 αὖτὸν
2433 3175 2652 3250 Κύριος,
2707 3177 2781 3248 μὴ
2837 3172 3174 3245 ἀντιδοξάσαι
3219 3176 3311 3229 τὸν
3378 3174 3550 3234 οὕτως
3597 3172 3716 3246 ὑπὲρ

329 3268 499 3323 ﬁcere
532 3267 715 3333 illum,
751 3269 851 3339 qui
885 3285 986 3339 pro
1021 3285 1217 3323 amore
1265 3284 1401 3340 erga
1431 3284 1564 3323 eum
1596 3269 1680 3323 sic
1711 3269 1968 3324 decerta-

2085 3272 2181 3334 τῆς
2220 3264 2294 3326 εἷς
2324 3263 2482 3319 αὐτὸν
2513 3247 2722 3339 ἀγάπης
2765 3263 3189 3339 ἀγωνισάμενον·
3240 3260 3393 3318 ἀλλὰ
3438 3261 3525 3317 καὶ
3565 3261 3716 3332 ὑπερ-

330 3361 517 3423 verat;
542 3357 659 3412 imo
692 3359 1009 3413 admodum
1033 3357 1359 3430 glorificare
1389 3362 1444 3412 et
1465 3373 1744 3430 magnum
1767 3359 1974 3427 facere,

333 3462 584 3518 eumque
618 3451 680 3501 ut
713 3447 769 3501 in
804 3447 943 3502 caelo
992 3446 1234 3519 angelis,
1267 3448 1347 3503 ita
1377 3447 1471 3502 hic
1521 3465 1752 3519 quoque
1782 3448 1978 3502 homi-

333 3536 507 3591 nibus
538 3535 930 3591 clarissimum
984 3538 1244 3604 reddere,
1280 3554 1382 3608 per
1429 3536 1845 3592 miraculorum
1880 3537 1978 3591 de-

335 3626 839 3689 monstrationem,
869 3631 924 3680 et
969 3626 1219 3681 maxime
1259 3628 1691 3682 venerandum:
1727 3626 1976 3681 miracu-

333 3715 545 3781 lorum,
581 3731 828 3787 quorum
863 3715 1094 3783 quidem
1128 3731 1293 3770 mens
1327 3716 1791 3787 magnitudinem
1825 3731 1979 3770 com-

334 3804 691 3874 prehendere
737 3820 849 3858 non
903 3803 1077 3870 valet,
1139 3820 1243 3858 nec
1301 3805 1484 3859 oratio
1545 3803 1982 3858 multitudinem

335 3893 544 3957 dicere,
589 3908 694 3946 nec
727 3908 937 3947 manus
968 3909 1206 3947 exarare
1238 3892 1608 3947 infinitatem.
1643 3896 1716 3946 Ut
1745 3909 1880 3963 ergo
1915 3907 1983 3947 ex

339 3981 570 4035 fimbria
589 3996 849 4051 pannum
873 3981 1058 4050 ,juxta
1089 3981 1482 4053 proverbium,
1509 3981 1660 4036 intra
1687 3998 1789 4038 vos
1819 3997 1984 4052 repu-

340 4070 493 4135 tetis,
529 4070 584 4122 id
619 4071 769 4139 quod
804 4070 1043 4141 promisi
1076 4071 1346 4126 narrabo.

408 4162 476 4211 V.
502 4157 646 4211 Cum
670 4159 1035 4214 veneratione
1051 4159 1464 4230 dignissimum
1497 4175 1707 4230 corpus
1733 4159 1982 4215 sanctis-

341 4246 476 4302 simi
508 4246 780 4318 martyris
833 4246 1147 4302 Clementis
1205 4247 1262 4301 in
1299 4248 1650 4318 profundum
1701 4249 1879 4303 maris
1912 4249 1983 4303 ab

351 4335 549 4406 impiis
583 4334 696 4390 illis
727 4335 1050 4391 idololatria
1081 4339 1406 4408 projectum
1465 4337 1690 4407 fuisset,
1719 4337 1983 4410 illudque

338 4424 659 4495 excepisset
679 4425 968 4496 templum
1000 4425 1058 4480 in
1090 4427 1377 4497 profundo
1410 4445 1443 4482 a
1472 4427 1584 4482 Deo
1610 4427 1982 4498 aedificatum,

341 4515 435 4570 hic
468 4531 698 4585 quoque
725 4515 1045 4569 maximum
1081 4516 1200 4571 edit
1227 4515 1577 4572 miraculum
1611 4517 1763 4572 Deus
1793 4517 1982 4572 admi-

2088 3352 2305 3425 δοξάσαι
2333 3353 2421 3408 καὶ
2457 3352 2772 3428 μεγαλῦναι,
2803 3353 2893 3407 καὶ
2938 3353 3014 3415 ὡς
3046 3353 3097 3407 έν
3146 3351 3364 3426 οὐρανῷ
3409 3357 3526 3413 τοῖς
3573 3349 3716 3423 ἀγγέ-

2087 3443 2246 3514 λοις,
2297 3441 2439 3497 οὕτω
2485 3441 2754 3505 κάνταῦθα
2798 3445 2915 3503 τοῖς
2965 3440 3272 3515 ἀνθρώποις
3346 3439 3714 3516 λαμπρότατον

2087 3533 2245 3587 αὐτὸν
2291 3533 2638 3600 καταστῆσαι,
2673 3528 2761 3585 διὰ
2807 3536 2910 3598 τῆς
2958 3534 3066 3584 τῶν
3117 3531 3569 3604 θαυματουργιῶν
3614 3526 3720 3581 έπιο

2089 3620 2346 3691 δείξεως,
2406 3620 2495 3674 καὶ
2573 3618 3036 3692 αίδεσιμώτατον·
3099 3621 3599 3693 θαυματουργιῶν,
3653 3615 3720 3669 ὧν

2088 3715 2212 3772 νοῦς
2263 3709 2356 3781 μὶν
2403 3709 2466 3762 τὸ
2519 3707 2738 3784 μέγεθος
2791 3709 3034 3777 ἐννοῆσαι
3086 3708 3279 3779 ἀτονεῖ,
3333 3706 3504 3784 λόγος
3563 3704 3617 3761 δὲ
3667 3703 3725 3759 τὸ

2090 3798 2308 3868 πλῆθος
2339 3798 2530 3868 εἰπεῖν,
2581 3797 2670 3851 καὶ
2721 3798 2843 3873 χεὶρ
2889 3794 3210 3872 διαχαράξαι
3261 3797 3322 3851 τὸ
3379 3799 3618 3870 ἄπειρον·
3643 3791 3725 3847 ⁴’ίνα

2091 3887 2181 3943 οῦν
2218 3887 2277 3942 ἐκ
2302 3891 2398 3942 τοῦ
2428 3885 2732 3963 κρασπέδου
2777 3886 2840 3940 τὸ
2890 3885 3112 3964 ὕφασμα
3141 3888 3187 3922 ³ο
3238 3887 3377 3958 μετά
3421 3886 3520 3955 τὴν
3549 3904 3729 3959 παροι-

2096 3975 2217 4050 μίαν
2252 3975 2473 4051 γνοίητε
2503 3973 2554 4029 ὲν
2591 3975 2740 4047 ὑμῖν,
2772 3974 2801 4029 ὃ
2831 3972 2919 4027 καὶ
2955 3971 3276 4049 ὑπεσχόμην
3311 3971 3672 4048 διηγήσομαι.

2160 4155 2228 4211 ν.
2260 4157 2366 4209 Τοῦ
2396 4151 2699 4208 πανσέπτου
2749 4150 3007 4225 λειψάνου
3055 4155 3152 4206 τοῦ
3193 4151 3460 4207 πανοσίου
3492 4149 3733 4227 ἱερομάρ-

2091 4264 2249 4321 τυρος
2293 4242 2606 4316 Κλήμεντος
2659 4240 2710 4297 ἐν
2757 4241 2836 4313 τῷ
2877 4247 2978 4310 τῆς
3029 4237 3302 4310 θαλάσσης
3348 4239 3735 4319 ἀπορῥιφέντος

2098 4335 2245 4408 βυθῷ
2275 4333 2419 4407 παρά
2447 4335 2552 4386 τῶν
2587 4331 2754 4385 ἀθέων
2787 4328 2997 4385 ἐκείνων
3044 4326 3484 4405 εἶδωλολατρῶν,
3515 4329 3605 4384 xui
3645 4326 3734 4382 τοῦ

2094 4422 2144 4478 έν
2201 4423 2344 4496 βυθῷ
2391 4417 2697 4494 θεοδμήτου
2743 4423 2873 4474 ναοῦ
2919 4421 3079 4473 τοῦτο
3132 4415 3571 4492 ὑποδεξαμένου,
3619 4419 3738 4473 θαυ-

2097 4515 2393 4587 ματουργεῖ
2447 4532 2498 4564 τι
2561 4509 2812 4584 μέγιστον
2872 4507 3138 4563 κάνταῦθα
3194 4508 3221 4561 ὁ
3277 4511 3387 4562 τῶν
3431 4506 3736 4582 θαυμασίων

345 4602 641 4658 rabilium.
669 4607 784 4657 Hoc
816 4603 970 4658 enim
1007 4605 1178 4670 facto,
1212 4622 1345 4660 cum
1389 4605 1661 4676 discipuli
1709 4608 1836 4678 ejus
1867 4623 1970 4662 una

2093 4601 2244 4663 Θεός.
2277 4599 2483 4655 Τούτου
2512 4598 2612 4676 γὰρ
2647 4597 2961 4673 γεγονότος,
2993 4597 3081 4650 καὶ
3127 4600 3234 4651 τῶν
3287 4603 3550 4670 μαθητῶν
3584 4596 3740 4651 αὐτοῦ

348 4709 478 4747 cum
509 4691 779 4747 fidelibus
821 4692 917 4763 qui
951 4692 1069 4747 illic
1127 4699 1292 4749 erant
1342 4694 1820 4763 lamentarentur,
1849 4702 1903 4751 et
1930 4701 1993 4752 ut

347 4781 753 4836 sanctissimas
809 4781 1220 4854 gloriosissimi
1276 4781 1588 4840 Clementis
1633 4784 1908 4856 reliquias
1939 4786 1989 4840 ei

352 4871 700 4937 ostenderet,
735 4871 889 4942 quod
931 4877 987 4928 et
1038 4872 1255 4928 factum
1313 4877 1422 4940 est,
1455 4873 1636 4928 Deum
1696 4873 1992 4946 supplices

347 4965 616 5032 rogarent
643 4977 654 5015 :
681 4961 946 5032 protinus
977 4960 1330 5016 immensum
1362 4960 1503 5016 illud
1537 4961 1778 5034 pelagus
1809 4963 1991 5018 desis-

343 5054 472 5105 tens
505 5065 568 5105 ac
599 5050 986 5118 retrocedens,
1018 5050 1204 5106 eil‘ecit
1235 5054 1298 5105 ut
1327 5050 1520 5122 ipsum
1553 5050 1725 5106 etiam
1760 5053 1994 5124 profun-a

349 5140 490 5194 dum
524 5157 556 5194 a
589 5138 699 5211 piis
739 5139 885 5193 adiri
938 5143 1134 5211 posset
1199 5157 1386 5212 usque
1443 5140 1512 5195 ad
1545 5140 1655 5194 tria
1684 5140 1982 5197 milliaria.

347 5229 546 5301 Itaque
575 5228 845 5302 ingressi,
877 5229 1225 5285 invenerunt
1269 5229 1508 5284 domum
1540 5229 1599 5284 in
1631 5230 1818 5301 ﬁgura
1845 5235 1992 5286 tem-

425 5356 501 5429 (α)
534 5355 673 5411 Gen.
706 5371 906 5422 xxvm,
945 5356 1028 5408 t2.
1063 5355 1141 5426 (ὁ)
1177 5357 1196 5408 ῐ
1231 5354 1370 5427 Reg.
1405 5371 1467 5424 ιι,
1501 5355 1588 5409 30.

2103 4690 2194 4746 σὺν
2226 4695 2330 4744 τῶν
2365 4690 2533 4744 ἐκεῖσε
2563 4691 2767 4742 πιστῶν
2800 4689 2844 4724 ²ί
2900 4683 3266 4760 ὀδυρομένων,
3319 4684 3490 4756 δεῖξαί
3521 4707 3579 4741 τε
3622 4684 3741 4740 τοό-

2099 4801 2214 4842 τοις
2247 4781 2308 4834 τὸ
2337 4778 2586 4852 πανίερον
2621 4774 2872 4850 λείψανον
2905 4780 3001 4830 τοῦ
3028 4772 3354 4848 πανενδόεου
3404 4774 3743 4849 Κλήμεντος,

2101 4868 2131 4924 ὅ
2157 4891 2209 4924 τι
2240 4869 2329 4923 xui
2375 4868 2581 4944 γέγονε,
2627 4865 2764 4940 πρὸς
2814 4864 2942 4920 Θεὸν
2988 4863 3357 4935 ἱκετευόντων,
3405 4863 3648 4939 παρευθὺ
3685 4860 3745 4918 τὸ

2101 4957 2320 5032 ἄπειρον
2352 4955 2522 5012 έκεῖνο
2570 4953 2806 5031 πέλαγος
2857 4951 3209 5031 ὑπολοφῆσαν
3258 4953 3346 5008 καὶ
3378 4953 3455 5016 είς
3503 4953 3744 5009 τούπίσω

2103 5043 2445 5118 ἀναποδίσαν,
2478 5043 2744 5114 είσιτητὸν
2789 5043 2879 5096 xui
2927 5041 3086 5097 αὐτὸν
3135 5043 3224 5097 τὸν
3281 5042 3438 5117 βυθὸν
3492 5049 3614 5105 τοῖς
3667 5041 3750 5097 εὐ-

2104 5129 2276 5190 σεϐέσι
2307 5133 2626 5205 πεποίηκεν,
2659 5132 2792 5209 ἄχρι
2840 5129 3038 5205 μιλίων
3086 5135 3273 5206 τριῶν.
3319 5129 3421 5189 Καὶ
3468 5128 3538 5201 δὴ
3575 5127 3748 5186 εἰσελ-

2102 5224 2284 5286 θόντες
2333 5222 2484 5299 εὗρον
2537 5223 2587 5280 ἐν
2640 5224 2885 5298 σχήματι
2942 5218 3071 5276 ναοῦ
3125 5218 3468 5297 μαρμαρίνου
3522 5219 3751 5294 οἴκημα,

1699 5475 1794 5525 VA
1804 5471 1941 5527 RIIE
2006 5469 2418 5527 LECTlONES.

431 5570 474 5605 ¹³
509 5570 552 5604 ¹⁹
585 5570 622 5623 f.
652 5589 712 5642 γε
754 5567 928 5623 ονέναι
959 5569 1044 5623 vel
1075 5566 1375 5643 γεγονυίας.
1453 5569 1498 5604 ²⁰
1529 5569 1800 5624 Oratione
1832 5570 1901 5624 de
1922 5567 2195 5640 Gregorio
2233 5566 2667 5637 Thaumaturgo
2697 5563 3009 5634 Gregorius
3066 5563 3366 5636 Nyssenus
3420 5563 3581 5619 circa
3639 5577 3753 5617 me-

431 5656 517 5694 Jm
554 5657 565 5694 :
600 5640 686 5694 Ὠς
715 5589 797 5694 ἒν-
830 5639 965 5694 κατὰ
990 5641 1090 5694 τὴν
1119 5638 1439 5694 παροιμίαν.
1471 5637 1600 5694 ὅλον
1630 5642 1765 5694 ἡμῖν
1796 5639 2015 5694 γένηται
2045 5637 2342 5694 καταφανὲς
2374 5636 2433 5693 ix
2458 5640 2556 5691 τοῦ
2589 5632 2892 5694 κρασπέδου
2921 5634 2983 5690 τὸ
3034 5632 3271 5694 ὕφασμα,
3320 5636 3454 5693 C01.
3542 5636 3586 5670 ²¹
3636 5637 3752 5693 τοῖς

355 5641 517 5697 dium
554 5657 565 5695 :
600 5640 686 5700 'u‘:

353 5711 523 5767 ίκεῖσι
551 5716 783 5775 πιστοῖς.

749 5663 797 5712 ν,
830 5639 965 5695 κατά
990 5632 1100 5710 τὴν
1119 5632 1439 5713 παροιμίαν,
1471 5637 1600 5694 ὅλον
1630 5642 1765 5712 ἡμῖν
1796 5639 2015 5716 γένηται
2036 5632 2342 5715 καταφανὲς
2374 5636 2433 5693 ix
2458 5640 2556 5691 τοῦ
2589 5632 2892 5711 κρασπέδου
2921 5634 2983 5690 τὸ
3034 5632 3271 5712 ὕφασμα,
3320 5636 3454 5693 Cm.

3542 5636 3586 5670 ²¹
3636 5637 3752 5693 τοῖς
