4094 6202
378 366 485 426 637

840 365 1200 427 EPHRAIM
1245 365 1683 427 CHERSONIS
1726 362 2091 426 ARCHIEP.
2136 362 2239 424 DE
2286 362 2686 427 MIRACULO
2730 366 2795 426 S.
2841 362 3313 427 CLEMENTIS.

3654 362 3775 425 638

376 497 458 552 καὶ
489 495 675 551 αὐτόθι
727 496 779 551 ἐν
832 494 977 572 σορῷ
1028 494 1206 570 λιθίνῃ
1250 496 1314 551 τὸ
1360 497 1618 571 πανάγιον
1669 493 1759 550 καὶ
1804 491 2013 567 ἔνδοξον

2141 494 2206 567 pli
2240 497 2573 562 marmorei,
2622 500 2679 552 et
2722 496 2841 553 illic
2888 497 2946 552 in
2988 514 3163 569 capsa
3189 495 3419 568 lapidea
3450 497 3771 568 repositum

379 586 789 659 ἀποτεθειμένον
836 589 931 639 τοῦ
984 586 1259 661 μάρτυρος
1309 583 1584 659 λείψανον.
1618 586 1709 647 Οἷς
1736 587 1854 661 ἇραι
1893 586 2019 659 βου-

379 676 631 748 λομένοις
662 674 725 728 τὸ
754 674 1015 749 πανάγιον
1050 674 1109 729 ἐκ
1151 675 1246 729 τοῦ
1282 676 1444 750 βυθοῦ
1494 673 1771 748 λείψανον,
1809 694 2020 748 νυκτωρ

378 764 597 825 ἐπιστὰς
643 763 858 825 τούτοις
908 764 937 818 6
968 764 1147 837 ἅγιος,
1198 763 1393 817 οὐτωσὶ
1444 761 1782 838 διηγόρευσε’
1823 763 1892 817 Τὸ
1927 763 2020 834 μὲν

379 851 632 925 λείψανον
671 852 793 926 ἆραι
829 853 904 925 μὴ
956 848 1164 923 δόξητε·
1218 852 1515 928 χαρίζομαι
1570 850 1626 907 δέ
1658 852 1784 925 ὑμῖν
1822 852 2021 921 ταύτην

376 942 471 1009 τὴν
505 940 694 1017 χάριν,
720 940 790 994 ⁹ίν’
823 940 1031 1013 ἑκάστῳ
1063 940 1249 1017 χρόνῳ
1273 941 1321 995 ἐν
1443 944 1539 1009 τῆς
1571 940 1709 1013 ἐμῆς
1743 940 2022 1010 ἀθλήσεως

381 1029 561 1107 ἡμέρᾳ
595 1030 683 1084 ἐπὶ
713 1030 848 1084 ἑπτὰ
878 1032 1087 1106 ἡμέρας
1120 1032 1423 1106 ὑποχωρῶν
1458 1032 1487 1085 6
1524 1031 1706 1106 βυθὸς,
1740 1028 1827 1084 διὰ
1860 1030 2023 1105 ξηρᾶς

381 1118 620 1187 πεζεύειν
661 1164 676 1187 ,
737 1117 933 1193 μέχρις
1010 1115 1116 1172 ὦδε
1172 1120 1781 1193 παρασκευασθήσεται.
1846 1116 1943 1171 Καὶ
1999 1116 2025 1170 6

379 1204 544 1281 λόγος
578 1204 733 1282 ἔργον
767 1206 992 1282 ἐγένετο.
1027 1213 1251 1262 ’Έκτοτε
1299 1207 1401 1282 γὰρ
1462 1206 1621 1281 μέχρι
1654 1210 1752 1275 τῆς
1784 1208 2024 1281 σήμερον

380 1297 588 1369 ἑκάστῳ
638 1296 824 1372 χρόνῳ
861 1296 923 1351 τὸ
984 1296 1289 1369 θαυμαστὸν
1346 1299 1505 1349 τοῦτο
1551 1294 1784 1350 τελεῖται
1840 1296 2025 1369 θεουρ-

378 1389 546 1460 γικῶς
584 1384 930 1460 μεγαλούργη
942 1406 1032 1457 μα.

448 1474 544 1529 VI.
580 1472 641 1526 Τί
689 1478 851 1528 τοῦτο
900 1478 998 1528 τοῦ
1047 1473 1283 1535 Μωσέως
1330 1472 1604 1546 θαύματος
1656 1471 2025 1547 ἀτιμότερον;

380 1562 437 1616 Τί
468 1559 525 1616 δὲ
553 1567 652 1617 τοῦ
678 1562 985 1619 Ἐλισσαίου
1034 1560 1347 1637 ἀδοξότερόν
1397 1582 1455 1616 τε
1483 1561 1571 1615 καὶ
1601 1561 1975 1635 ταπεινότερον
2011 1577 2025 1628 ;

382 1650 524 1707 πολὺ
559 1651 656 1723 μὲν
692 1650 783 1706 οὖν
832 1672 895 1726 γε
943 1649 1279 1727 ἐνδοξότερόν
1322 1672 1381 1705 τε
1424 1650 1514 1705 καὶ
1566 1648 1927 1724 ὑψηλότερον.
1975 1654 2029 1701 Ὁ

386 1741 477 1812 μὲν
508 1742 614 1815 γὰρ
648 1736 831 1816 ῥάϐδῳ
862 1740 949 1795 καὶ
998 1745 1100 1810 ζῶν
1152 1741 1240 1795 καὶ
1290 1740 1426 1811 ἅπαξ
1473 1740 1569 1808 τὴν
1614 1737 1878 1802 θάλασσαν
1912 1734 2028 1792 δια-

382 1829 592 1905 σχίσας,
622 1824 811 1905 τρίϐον
857 1830 947 1884 τὸν
1003 1830 1165 1904 βυθὸν
1216 1830 1594 1905 ἀπειργάσατο·
1625 1830 1652 1882 6
1684 1826 1741 1882 δέ
1771 1826 2027 1889 ὡσαύτως
2058 1870 2106 1934 Β

413 1923 440 1934 -
584 1918 604 1934 ς
708 1924 734 1933 ς
828 1919 842 1934 .
942 1920 977 1934 .-
1054 1916 1107 1934 α,
1393 1919 1406 1934 .
1538 1918 1563 1934 ρ.
1643 1917 1664 1934 .
1794 1917 1809 1934 κ
1910 1916 1927 1934 .

377 1923 443 1993 τῇ
497 1918 738 1991 μηλωτῇ
790 1919 881 1973 τὸν
942 1916 1214 1995 Ἰορδάνην
1272 1919 1474 1991 τεμὼν,
1530 1917 1665 1987 ἅπαξ
1721 1917 1811 1971 καὶ
1872 1916 2027 1977 οὗτος

376 2013 537 2063 10610
590 2008 1131 2084 τεθαυματούργηκεν
1168 2027 1181 2041 ·
1234 2008 1309 2069 εἷς
1365 2009 1463 2076 τὴν
1524 2006 1787 2082 προτέραν
1847 2005 2028 2083 ἀμφο-

378 2098 549 2173 τέρων
600 2102 709 2152 τῶν
758 2095 989 2163 ὑδάτων,
1044 2098 1176 2170 μετὰ
1220 2098 1321 2166 τὴν
1375 2091 1639 2167 διάϐασιν,
1668 2096 1824 2172 φύσιν
1871 2117 2028 2150 κατα-

381 2187 640 2257 στάντων,
670 2187 759 2240 καί
793 2185 987 2258 μηκέτι
1015 2190 1177 2240 τοῦτο
1216 2185 1603 2261 πεπραχότων·
1638 2184 1795 2246 οὗτος
1843 2180 1900 2239 δέ
1926 2184 1979 2239 τί
2011 2203 2025 2254 ;

384 2277 517 2349 μετὰ
547 2274 795 2345 θάνατον,
845 2274 933 2329 καὶ
986 2273 1092 2350 οὐχ
1142 2274 1297 2344 ἅπαξ,
1330 2272 1459 2328 ἀλλ’
1498 2270 1679 2328 ἔκτοτε
1732 2274 1897 2347 μέχρι
1930 2273 2028 2342 σή-

384 2386 565 2439 μερον.
600 2365 666 2418 Ὢ
693 2368 790 2418 106
822 2364 1097 2437 θαύματος
1125 2363 1215 2418 καὶ
1244 2370 1343 2433 τῆς
1383 2360 1542 2433 δόξης
1588 2366 1686 2416 τοῦ
1721 2361 2025 2438 μάρτυροςί

381 2451 495 2516 ο⁹ίας
531 2450 760 2528 εἶ’ληχεν
793 2453 1001 2525 ἑκάστῳ
1046 2452 1233 2528 χρόνῳ
1263 2451 1314 2506 ἐν
1343 2456 1411 2526 τῇ
1452 2458 1551 2521 τῆς
1603 2448 1817 2523 ἐνδόξου
1866 2449 2028 2503 αὐτοῦ

381 2541 671 2613 ἀθλήσεως
727 2540 946 2617 ἡμέραι
981 2542 1101 2596 Ἐπὶ
1157 2541 1289 2596 ἔπτὰ
1347 2542 1472 2615 γὰρ,
1531 2540 1606 2603 ὡς
1664 2538 1979 2616 προέφημεν
2011 2585 2026 2611 ,

378 2630 613 2706 ἡμέραις
649 2631 972 2706 ὑποχωροῦν
1020 2632 1084 2685 τὸ
1132 2629 1351 2707 ἄπειρον
1403 2629 1576 2685 ἐκεῖνο
1621 2626 1878 2705 πέλαγος,
1927 2648 2027 2682 πο-

380 2720 523 2795 ρείαν
558 2715 873 2775 εὐεπίϐατον
900 2725 1017 2781 τοῖς
1051 2716 1287 2775 εὐσεϐέσι
1320 2715 1635 2795 παρέχεται.

448 2814 569 2865 VII.
602 2808 807 2863 Τούτου
858 2807 948 2863 οὖν
1008 2808 1182 2871 οὕτως
1226 2808 1533 2884 γινομένου,
1584 2809 1776 2869 πάντες
1820 2811 1927 2861 τῶν
1974 2805 2025 2861 ἐν

380 2900 515 2970 ἡμῖν
547 2892 883 2974 φιλευσεϐὦν
940 2896 1228 2973 ἐγχωρίων
1267 2896 1357 2951 καὶ
1407 2895 1650 2951 πολιτῶν
1688 2896 1788 2965 τῆς
1818 2899 2030 2971 Χερσῶ-

378 3008 492 3058 νος,
534 2990 697 3040 τοῦτο
747 2985 1068 3055 ἀκηκοότες,
1114 2985 1250 3061 πρὸς
1298 2986 1398 3054 τὴν
1445 2989 1542 3040 τοῦ
1584 2984 1858 3057 θαύματος
1907 2985 2029 3039 θέαν

380 3074 695 3149 ἠπείγοντο.
726 3075 852 3129 Μεθ’
884 3075 961 3128 ὧν
1013 3074 1102 3128 καί
1154 3095 1237 3136 τις
1266 3074 1403 3149 ἀνὴρ
1435 3069 1661 3141 εὐσεϐὴς
1692 3073 1784 3127 σὺν
1827 3068 2034 3128 εὐσεϐεῖ

379 3162 590 3239 γυναικὶ
648 3163 738 3217 καὶ
796 3162 963 3235 τέκνῳ
1022 3162 1200 3239 ἄῤῥενι
1256 3164 1356 3232 τήν
1419 3162 1504 3217 ἐπὶ
1534 3164 1625 3218 τὸν
1688 3163 1838 3238 ἁγίου
1887 3164 2030 3236 ἱερο-

2131 585 2404 657 martyris
2434 602 2645 657 corpus
2673 584 3112 641 sanctissimum
3152 589 3207 640 et
3236 585 3574 657 gloriosum.
3607 586 3769 651 Quod

2132 690 2265 729 cum
2284 690 2313 728 e
2338 674 2623 745 profundo
2641 674 2852 729 vellent
2873 674 3089 743 tollere,
3122 680 3292 729 noctu
3327 674 3444 729 illic
3470 691 3531 729 se
3556 675 3771 730 sistens

2134 768 2393 829 sanctus,
2429 764 2510 818 ita
2539 763 2752 819 edixit:
2789 764 3009 835 Corpus
3057 763 3290 835 quidem
3326 763 3500 818 nolite
3532 764 3771 820 tollere:

2135 850 2285 905 banc
2330 856 2523 906 autem
2574 852 2738 907 vobis
2786 852 3036 907 concedo
3089 851 3356 923 gratiam,
3406 856 3468 906 ut
3525 852 3777 925 singulis

2134 940 2304 994 annis
2335 940 2427 995 die
2458 942 2797 996 certaminis
2830 941 2941 996 mei
2965 956 3066 1012 per
3095 945 3314 1011 septem
3353 940 3474 996 dies
3506 943 3778 997 recedens

2137 1046 2316 1097 mare,
2354 1032 2617 1101 pedestre
2648 1032 2756 1086 iter
2786 1048 2887 1103 per
2932 1031 3154 1085 aridam
3187 1031 3258 1085 ad
3295 1030 3449 1086 hunc
3479 1049 3665 1103 usque
3696 1032 3781 1087 lo-

2137 1135 2267 1172 cum
2304 1123 2602 1189 praeparet.
2640 1120 2709 1174 Et
2738 1136 2930 1174 sermo
2961 1136 3132 1191 Opere
3181 1118 3506 1191 completus
3538 1121 3664 1177 fuit.
3698 1122 3785 1176 Ab

2136 1208 2522 1277 eoisiquidem
2588 1213 2867 1279 tempore,
2905 1226 3091 1279 usque
3121 1209 3180 1263 in
3212 1208 3559 1263 hodiernum
3609 1209 3785 1279 diem,

2137 1294 2386 1367 singulis
2435 1296 2604 1351 annis
2646 1313 2923 1369 magnum
2965 1297 3072 1352 hoc
3115 1297 3465 1352 miraculum
3500 1299 3609 1353 Deo
3641 1314 3783 1371 ope-

2139 1390 2304 1439 rante
2331 1386 2641 1455 perﬁcitur.

2206 1474 2299 1528 VI.
2360 1473 2503 1537 Quid
2563 1474 2721 1529 istud
2793 1475 3073 1531 miraculo
3141 1476 3321 1532 Mosis
3377 1476 3780 1533 inbonoratius

2137 1566 2269 1618 est?
2299 1563 2445 1627 Quid
2476 1579 2609 1618 vero
2641 1563 2813 1618 Elisei
2846 1564 3162 1635 ignobilius
3191 1569 3247 1620 et
3276 1564 3783 1638 humilius?quin-

2139 1651 2256 1705 imo
2289 1650 2542 1707 nobilius
2565 1658 2621 1707 et
2642 1652 2943 1708 altius.llle
2975 1653 3262 1724 siquidem
3299 1654 3479 1725 virga,
3512 1660 3569 1709 et
3596 1654 3779 1725 vivus,

2138 1744 2194 1794 et
2224 1739 2425 1806 semel,
2459 1742 2604 1796 mari
2639 1743 2842 1811 scisso,
2874 1741 3165 1815 gurgitem
3198 1744 3307 1797 iter
3328 1743 3516 1798 etfacit
3536 1743 3787 1814 (alzalter

2139 1844 2271 1883 vero
2297 1829 2568 1885 similiter
2588 1830 2796 1885 melote
2816 1830 3129 1885 Jordanem
3160 1848 3387 1899 secans,
3422 1831 3600 1886 semel
3641 1849 3785 1903 quo-

2139 1932 2251 1988 que
2279 1917 2401 1988 ipse
2433 1918 2542 1972 hoc
2573 1918 2707 1973 fecit
2740 1919 3089 1974 miraculum
3120 1921 3195 1990 (ὁ)
3225 1938 3238 1975 :
3279 1921 3567 1976 ambabus
3611 1921 3781 1992 aquis

2136 2010 2267 2077 post
2300 2006 2609 2061 transitum
2644 2008 2891 2063 redactis
2922 2009 2993 2063 ad
3022 2026 3188 2063 suam
3222 2013 3625 2073 naturam,nec
3648 2026 3780 2080 pos-

2136 2099 2229 2149 tea
2259 2094 2413 2149 idem
2444 2096 2715 2167 operatis.
2753 2097 2855 2151 Hic
2887 2102 3081 2152 autem
3113 2098 3250 2169 quid
3274 2098 3302 2152 ‘2
3332 2102 3471 2153 Post
3499 2102 3778 2166 mortem;

2136 2188 2194 2237 et
2222 2200 2337 2238 non
2385 2188 2586 2253 semel,
2633 2187 2733 2240 sed
2774 2187 2847 2242 ab
2895 2204 2961 2242 eo
3008 2191 3267 2255 tempore
3315 2204 3503 2259 usque
3531 2187 3591 2242 in
3624 2186 3781 2244 hunc

2138 2272 2366 2327 diem.0
2400 2272 2751 2329 miraculum
2781 2278 2838 2329 et
2867 2274 3113 2347 gloriam
3144 2276 3416 2348 martyris
3444 2275 3456 2329 l
3491 2279 3778 2342 Quantam

2138 2368 2486 2418 consecutus
2513 2367 2624 2429 est?
2648 2363 2901 2435 singulis
2952 2368 3121 2420 annis
3151 2365 3242 2419 die
3272 2365 3509 2437 gloriosi
3542 2365 3632 2420 sui
3662 2380 3784 2419 cer-

2137 2451 2415 2506 taminis!
2452 2452 2678 2522 Septem
2706 2454 2859 2508 enim
2892 2453 3037 2518 dies,
3086 2452 3239 2508 sicut
3288 2458 3458 2508 antea
3503 2452 3779 2521 diximus,

2138 2541 2415 2596 secedens
2437 2541 2734 2596 infinitum
2765 2540 2911 2597 illud
2943 2541 3205 2614 pelagus,
3246 2542 3357 2613 piis
3407 2542 3624 2613 praebet
3671 2542 3782 2597 iter

2137 2632 2389 2687 transitu
2420 2630 2607 2687 facile.

2206 2809 2328 2865 VII.
2362 2810 2479 2865 Hoc
2524 2810 2704 2883 igitur
2752 2811 2835 2866 ita
2880 2812 3048 2877 facto,
3100 2811 3294 2867 cuncti
3325 2811 3478 2883 apud
3512 2828 3617 2866 nos
3648 2808 3781 2866 reli-

2138 2899 2284 2971 giosi
2318 2899 2516 2955 incolas
2548 2900 2800 2971 regionis
2831 2906 2888 2955 et
2926 2900 3078 2955 cives
3108 2900 3442 2967 Chersonis,
3471 2900 3670 2955 audita
3699 2916 3781 2967 re,

2138 2991 2209 3045 ad
2243 2989 2553 3045 videndum
2587 2988 2936 3045 miraculum
2972 2994 3371 3061 properarunt.
3395 2994 3539 3044 Cum
3571 2989 3784 3060 quibus

2139 3080 2379 3153 quidam
2440 3096 2670 3150 quoque
2726 3079 2813 3133 vir
2863 3079 2995 3150 pius
3053 3095 3171 3134 una
3219 3095 3353 3133 cum
3386 3079 3481 3149 pia
3512 3095 3685 3133 uxore
3716 3095 3783 3133 ex

2140 3169 2301 3241 prole
2334 3168 2612 3234 mascula,
2649 3168 2800 3223 viam
2833 3170 2903 3223 ad
2951 3167 3302 3224 sacrosancti
3330 3169 3602 3240 martyris
3630 3172 3784 3223 tem-

386 3254 660 3328 μάρτυρος
708 3254 835 3306 ναὸν
885 3250 1103 3322 διήνυον
1160 3249 1282 3307 ὁδὸν
1333 3252 1756 3326 προθυμότατα.
1806 3253 1908 3308 Καὶ
1958 3248 2024 3321 δὴ

2141 3257 2300 3330 plum
2343 3259 2651 3313 ducentem
2684 3274 2919 3313 summa
2968 3257 3263 3313 alacritate
3310 3261 3679 3328 peregerunt.
3711 3257 3781 3312 Et

378 3342 465 3395 τὸν
493 3341 663 3395 τόπον
706 3336 1122 3409 καταλαϐόντες,
1154 3341 1242 3395 καὶ
1290 3342 1351 3396 τὸ
1396 3343 1576 3413 θαῦμα
1623 3340 1781 3396 εἰσέτι
1830 3339 2027 3396 τελού-

382 3451 542 3503 μενον
579 3430 916 3502 θεασάμενοο,
949 3434 1017 3503 τῇ
1050 3430 1197 3505 χειρὶ
1245 3430 1334 3484 τὸν
1382 3427 1550 3484 παῖδα
1597 3424 1917 3502 λαϐόμενοι,
1948 3429 2024 3492 είς

376 3519 465 3574 τὸν
527 3518 579 3573 ἐν
634 3522 711 3589 τῷ
764 3519 913 3594 βυθῷ
961 3516 1263 3591 θεόδμητον
1318 3517 1516 3573 ἐκεῖνον
1566 3518 1687 3572 ναὸν
1738 3518 2022 3592 είσῄεσαν³

380 3608 468 3662 καὶ
644 3610 789 3682 σορῷ
834 3605 1220 3683 παραστάντες,
1273 3608 1521 3669 ἱκετικῶς
1567 3608 1658 3661 τὸν
1712 3609 1861 3681 ἅγιον
1910 3606 2023 3663 ἐλι-

379 3696 622 3767 τάνευον,
655 3697 1061 3772 ἁμαρτημάτων
1110 3697 1464 3772 συγχώρησιν
1517 3694 1586 3751 δι’
1634 3696 1798 3752 αὐτοῦ
1838 3693 2023 3751 λαϐεῖν

383 3784 769 3858 ἐξαιτούμενοι,
819 3784 907 3839 καὶ
954 3790 1034 3857 τῷ
1080 3782 1233 3839 παιδὶ
1292 3783 1511 3855 δοθῆναι
1571 3782 1817 3857 δεόμενοι
1880 3787 2022 3854 ζωήν

386 3875 591 3949 μακρὰν
618 3875 707 3928 καὶ
738 3874 847 3943 ἀπή
860 3895 1015 3947 μονα,
1052 3873 1173 3950 βίου
1202 3895 1261 3929 τε
1290 3874 1599 3950 εὐμάρειαν,
1630 3874 1720 3929 καὶ
1765 3875 1853 3929 οἷα
1879 3874 2025 3938 εἰκὸς

379 3969 554 4039 γονεῖς
587 3962 674 4018 ἐπὶ
704 3965 877 4036 τέκνῳ
907 3963 1169 4018 αἰτεῖσθαι
1206 3968 1509 4039 μονογενεῖ.

447 4143 597 4199 VIII.
646 4143 736 4204 Ὦς
785 4139 875 4196 οῦν
918 4143 1019 4211 τὴν
1070 4142 1241 4218 εὐχὴν
1297 4139 1627 4213 τετελέκασι,
1685 4140 1774 4197 καὶ
1822 4139 1885 4197 τὸ
1928 4146 2025 4197 τοῦ

381 4230 534 4306 ἁγίου
590 4230 999 4299 κατησπάσαντο
1054 4230 1305 4306 λείψανον
1339 4276 1352 4299 ,
1414 4231 1491 4292 είς
1560 4230 1802 4286 τούπίσω
1859 4231 2022 4286 πάλιν

379 4320 617 4394 ἐξῄεσαν.
650 4325 742 4375 Ὠν
776 4320 1114 4391 ἐξελθόντων,
1146 4322 1209 4375 τὸ
1240 4318 1385 4396 ὕδωρ
1434 4318 1599 4375 πάλιν
1632 4320 1707 4383 εἰς
1754 4321 1853 4390 τὴν
1887 4318 2022 4375 ἰδίαν

379 4415 563 4488 χώραν
621 4408 937 4487 ἐπέδραμεν.
984 4411 1046 4464 Οἱ
1097 4408 1155 4465 δὲ
1207 4409 1681 4487 μεταστραφέντες,
1729 4409 1819 4465 καί
1856 4409 2023 4466 πέλα-

378 4521 469 4574 γος
498 4502 599 4568 τὴν
653 4500 779 4576 πρὶν
827 4498 1143 4571 θεασάμενοι
1195 4493 1400 4573 τρίϐον,
1448 4495 1581 4571 τῇδε
1626 4498 1841 4553 κάκεῖσε
1868 4519 2022 4574 περιρ

2133 3364 2265 3403 vero
2312 3348 2503 3402 locum
2554 3348 2829 3411 assecuti,
2878 3351 2935 3401 et
2985 3346 3334 3401 miraculum
3389 3346 3541 3416 quod
3586 3346 3775 3400 adhuc

2134 3436 2331 3503 fiebat,
2381 3436 2597 3507 intuiti,
2655 3453 2903 3508 puerum
2961 3452 3139 3490 manu
3198 3434 3643 3507 prehendentes,
3688 3434 3778 3487 in-

2135 3525 2318 3597 gressi
2352 3531 2493 3580 sunt
2522 3525 2663 3579 illud
2692 3525 2748 3579 in
2782 3525 3069 3596 profundo
3117 3523 3397 3578 divinitus
3424 3522 3774 3577 aedificatum

2135 3614 2420 3685 templnm
2449 3631 2461 3669 :
2498 3619 2672 3685 atque
2704 3614 2773 3668 ad
2809 3612 3061 3667 loculum
3096 3612 3457 3674 accedentes,
3498 3612 3778 3681 supplici-

2135 3708 2223 3758 ter
2252 3708 2519 3758 sanctum
2553 3702 2855 3771 rogabant,
2890 3706 3149 3773 petentes
3181 3700 3522 3755 delictorum
3552 3700 3781 3755 veniam

2136 3808 2238 3863 per
2266 3792 2458 3863 ipsum
2493 3791 2772 3862 accipcre,
2821 3791 3065 3862 darique
3100 3788 3461 3862 postulantes
3488 3805 3665 3861 puero
3697 3790 3779 3843 vi-

2134 3885 2254 3935 tam
2288 3880 2521 3952 longam
2554 3885 2610 3934 et
2636 3879 3040 3949 illaasam,cum
3074 3878 3226 3933 facili
3260 3895 3451 3933 rerum
3473 3884 3775 3949 apparatu,

2134 3973 2190 4024 et
2212 3986 2337 4040 qua:
2369 3972 2824 4024 consentaneum
2876 3973 2963 4025 est
3002 3974 3193 4040 petere
3224 3973 3493 4039 parentes
3526 3984 3626 4039 pro
3660 3966 3778 4022 ﬁlio

2133 4057 2326 4115 unico.

2205 4147 2353 4202 VIII.
2388 4146 2460 4203 Ut
2483 4163 2619 4220 ergo
2649 4163 2849 4219 preces
2881 4146 3179 4213 ﬁnierunt,
3201 4150 3257 4201 et
3288 4146 3473 4202 sancti
3506 4145 3780 4215 reliquias

2134 4235 2449 4292 exosculati
2483 4240 2641 4301 sunt,
2673 4240 2987 4291 retrorsum
3034 4238 3234 4307 postea
3283 4234 3597 4290 redierunt.
3641 4235 3783 4299 Qui-

2135 4326 2244 4380 bus
2268 4325 2699 4397 egressis,aqua
2733 4326 2941 4379 iterum
2975 4324 3047 4378 ad
3090 4340 3263 4379 suum
3294 4324 3484 4379 locum
3518 4325 3781 4379 recurrit.

2136 4414 2222 4469 Illi
2255 4420 2449 4469 autem
2478 4414 2759 4481 conversi,
2787 4420 2839 4469 et
2872 4418 3173 4468 cernentes
3205 4412 3445 4484 pelagus
3468 4429 3594 4468 esse
3627 4412 3777 4482 quod

2135 4502 2298 4574 prius
2348 4502 2460 4557 iter
2508 4507 2648 4567 erat,
2682 4502 2797 4556 huc
2827 4506 2884 4557 et
2913 4502 3049 4556 illuc
3075 4501 3621 4573 circumspicienda,
3675 4500 3779 4554 ﬁlii

378 4594 725 4659 σκοποῦντες,
776 4588 873 4656 τὴν
923 4592 1021 4641 τοῦ
1067 4588 1256 4642 τέκνου
1307 4589 1529 4657 ζήτησιν
1574 4586 1931 4664 ἐπεχείριζον·
1966 4590 2024 4644 τὸ

2141 4591 2572 4663 inquisitionem
2606 4591 3128 4663 aggrediebantur:
3164 4596 3222 4645 at
3246 4589 3343 4645 ille
3376 4591 3433 4643 in
3466 4606 3598 4643 arca
3616 4605 3779 4643 sanc-

378 4676 432 4734 δὲ
461 4679 529 4748 ἧν
560 4677 612 4732 ἐν
643 4681 711 4750 τῇ
742 4681 840 4731 τοῦ
871 4676 1029 4752 ἁγίου
1076 4676 1300 4752 λάρνακι
1346 4675 1713 4754 καταλειφθένο
1745 4678 1835 4743 καὶ
1863 4682 2024 4732 τοῦτο

376 4767 437 4823 οὐ
464 4772 533 4841 τῇ
564 4772 673 4822 τῶν
722 4768 923 4842 γονέων
974 4765 1137 4839 λήθῃ,
1188 4763 1334 4820 ἀλλὰ
1371 4770 1440 4839 τῇ
1483 4769 1580 4819 τοῦ
1627 4770 1762 4821 Θεοῦ
1809 4764 2026 4838 εὐδοκία

376 4856 631 4934 ἐγεγόνει,
675 4854 767 4910 ’ίνα
811 4854 901 4911 καὶ
954 4854 1178 4910 ἐνταῦθα
1230 4854 1493 4929 μειζόνως
1543 4856 1903 4931 θαυμαστώσῃ
1930 4856 2022 4911 τὸν

381 4946 646 5023 μάρτυραο

442 5041 646 5098 1Χ.⁴Ως
698 5032 744 5090 δ’
795 5034 885 5091 οὗν
937 5035 986 5090 οἱ
1019 5036 1197 5109 γονεῖς
1244 5034 1309 5088 τὸ
1356 5034 1537 5089 τέκνον
1586 5033 1695 5110 οὐχ
1742 5033 2021 5110 ηὕρισκον,

373 5125 460 5179 καὶ
492 5124 576 5180 ὅτι
610 5124 660 5179 ἐν
692 5129 770 5196 τῷ
818 5125 967 5200 βυθῷ
1013 5123 1227 5185 τούτοις
1276 5121 1549 5195 ἐπελήσθη
1583 5124 1611 5178 6
1641 5128 1766 5185 παῖς
1813 5122 2023 5195 ἐνενόη-

376 5234 493 5282 σαν,
525 5214 579 5268 τί
628 5211 711 5269 δεῖ
752 5214 841 5269 καὶ
892 5212 1089 5289 λέγειν,
1135 5211 1262 5275 τούς
1309 5233 1367 5267 τε
1394 5217 1492 5267 τοῦ
1536 5214 1737 5290 πατρὸς
1767 5215 2020 5290 θρήνους,

374 5304 461 5357 καὶ
506 5305 602 5365 τὰς
647 5310 748 5371 τῆς
804 5303 1013 5377 μητρὸς
1060 5301 1307 5376 οἰμωγάς
1341 5322 1354 5371 ;
1390 5305 1566 5357 Πάσαν
1591 5306 1692 5380 γὰρ
1724 5304 1823 5372 τήν
1880 5302 2022 5376 λαμ-

374 5393 509 5466 πρᾶν
543 5390 751 5461 ἐκείνην
784 5392 975 5467 ἐορτήν
1022 5390 1097 5452 εἷς
1145 5392 1340 5464 θρῆνον
1399 5392 1778 5464 μετεποίησαν,
1810 5391 1871 5445 Τί
1918 5393 2022 5469 γὰρ

373 5480 470 5535 οὐκ
496 5478 689 5555 ’έλεγον
723 5498 738 5550 ;
769 5480 821 5535 τί
865 5477 923 5535 δὲ
971 5478 1071 5535 οὐκ
1114 5476 1378 5555 ἔπραττον
1422 5485 1573 5550 ;τῶν
1618 5480 1716 5536 ὅσα
1764 5480 1905 5543 εἰκὸς
1954 5481 2021 5550 ἦν

442 5699 521 5773 (a)
550 5699 730 5756 Exod.
758 5715 870 5755 ziv.
946 5700 1021 5774 (b)
1061 5699 1136 5755 IV
1168 5700 1307 5774 Reg.
1340 5717 1427 5759 ιι..

2133 4681 2177 4736 ti
2211 4679 2444 4736 relictus
2471 4680 2697 4735 fuerat:
2758 4679 2935 4751 idque
2964 4696 3079 4734 non
3127 4678 3413 4734 oblivione
3446 4682 3772 4750 parentum,

2136 4771 2233 4826 sed
2270 4770 2363 4825 Dei
2395 4768 2691 4825 voluntate
2722 4769 2937 4824 factum
2987 4772 3097 4838 est,
3154 4772 3219 4823 ut
3246 4768 3340 4823 hic
3369 4782 3600 4841 quoque
3627 4782 3779 4821 mar-

2133 4861 2318 4932 tyrem
2350 4858 2538 4932 magis
2570 4858 2832 4914 redderet
2861 4857 3290 4913 admirabilem.

2205 5037 2298 5093 1X.
2333 5036 2477 5091 Cum
2519 5053 2655 5108 ergo
2689 5040 2957 5107 parentes
2989 5039 3193 5091 natum
3225 5052 3337 5091 non
3374 5035 3780 5103 invenirent,et

2134 5127 2489 5201 cogitassent
2518 5141 2551 5179 a
2581 5140 2643 5179 se
2673 5124 2853 5180 fuisse
2881 5141 3128 5197 puerum
3160 5124 3218 5179 in
3270 5125 3449 5179 maris
3491 5123 3778 5194 profundo

2134 5215 2421 5272 oblivione
2453 5213 2820 5281 mandatum,
2854 5213 2993 5284 quid
3026 5230 3174 5284 opus
3204 5212 3501 5267 estdicere
3522 5216 3577 5265 et
3595 5210 3778 5282 patris

2133 5303 2598 5372 lamentationes,
2614 5305 2669 5357 et
2700 5301 2906 5356 matris
2938 5300 3195 5357 ululatus
3217 5302 3244 5356 7
3273 5300 3455 5356 Omne
3484 5299 3774 5370 siquidem

2134 5392 2276 5448 illud
2308 5392 2679 5463 splendidum
2711 5391 2924 5445 festum
2963 5394 3371 5446 converterunt
3400 5389 3455 5442 in
3489 5388 3773 5443 lamenta-

2131 5482 2370 5539 tionem.
2402 5479 2550 5543 Quid
2582 5478 2737 5535 enim
2783 5495 2900 5534 non
2948 5476 3259 5535 dicebant?
3315 5476 3452 5548 quid
3494 5492 3629 5533 vero
3661 5492 3775 5532 non
