4094 6202
213 325 333 390 639

1294 327 1691 390 APPENDIX
1732 329 1833 389 AD
1880 329 1946 390 S.
1990 326 2498 390 CLEMENTEM.

3504 327 3629 389 640

216 461 508 515 faciebant
540 462 562 513 ?
592 476 659 514 ex
690 459 764 514 iis
795 475 923 531 quas
955 475 1062 531 par
1091 463 1216 515 erat
1258 460 1345 515 vel
1378 460 1571 531 ipsum
1611 460 1863 532 lapidem

1987 458 2066 513 καὶ
2126 457 2279 522 λίθον
2324 456 2481 513 αὐτὸν
2526 462 2739 527 κινῆσαι
2796 457 2935 532 πρὸς
2979 454 3231 530 δάκρυον.
3282 457 3345 514 Ἡ
3394 456 3499 532 γὰρ
3535 478 3625 513 τε-

220 564 450 603 movere
479 548 550 602 ad
577 548 881 619 Iacrymas.
915 548 1175 604 Genitrix
1205 550 1359 604 enim
1394 550 1580 605 oculis
1613 551 1682 605 ad
1706 566 1866 605 mare

218 637 487 703 intensis,
522 641 579 691 et
608 637 881 692 manibus
910 637 971 692 in
1002 637 1185 693 altum
1218 638 1487 706 sublatis;
1524 639 1864 708 huiusmodi

217 742 388 781 voces
430 730 633 780 sancto
676 726 909 782 emisit:
961 727 1059 782 Hae
1105 732 1262 793 sunt,
1305 745 1336 783 o
1384 734 1600 798 sancte,
1633 732 1743 783 tua:
1776 745 1863 783 re-

220 815 657 870 munerationes
682 815 709 869 ?
729 815 897 871 Tales
922 820 1036 871 tuae
1059 817 1470 871 retributiones
1491 834 1628 887 erga
1644 833 1741 871 eos
1764 816 1863 887 qui

223 921 256 959 a
286 911 341 957 te
374 904 637 957 studiose
669 904 1031 959 accurrunt?
1061 905 1154 959 Sic
1184 904 1439 960 laborem
1462 922 1495 960 a
1534 921 1627 959 me
1652 921 1719 959 ex
1750 920 1865 975 quo

222 993 437 1047 accessi
473 998 775 1063 sumptum
812 994 1137 1060 remetitus,
1164 995 1490 1049 mercedem
1518 994 1659 1048 mihi
1683 994 1869 1048 reddi-

221 1081 401 1136 disti?
432 1080 677 1135 Ubinam
701 1086 789 1135 est
809 1082 964 1136 ﬁlius
988 1086 1201 1138 meus?
1228 1086 1499 1147 Quanam
1534 1083 1715 1137 maris
1747 1082 1865 1137 bel-

222 1169 321 1225 lua
348 1169 570 1225 viscera
600 1170 719 1223 nati
745 1170 858 1225 mei
883 1170 1199 1226 laceravit?
1220 1172 1358 1235 Quis
1391 1188 1521 1227 vero
1557 1172 1868 1227 vehemens

224 1259 439 1313 ﬂuctus
467 1258 941 1329 insurgens,eum
971 1260 1473 1332 vivum,tanquam
1508 1260 1867 1332 sepulcrum,

224 1347 499 1419 operuit?
529 1348 709 1411 Quem
736 1348 861 1418 jam
894 1347 1077 1403 oculis
1109 1350 1388 1421 aspiciam
1415 1352 1438 1404 Ρ
1479 1354 1587 1404 Pro
1624 1366 1738 1421 quo
1767 1367 1867 1404 au-

220 1439 337 1491 tem
371 1435 547 1490 orabo
566 1436 593 1489 ?
624 1436 764 1499 Quis
794 1453 926 1492 vero
956 1439 1275 1493 senectutis
1303 1454 1439 1493 meaa
1464 1438 1747 1494 efﬁcietur
1767 1439 1868 1493 ba-

224 1522 438 1579 culus?
469 1527 583 1579 Cur
612 1541 725 1590 me,
758 1529 955 1581 sancte
984 1543 1098 1581 non
1132 1526 1318 1581 fecisti
1365 1527 1584 1583 sociam
1634 1544 1762 1583 esse
1809 1527 1867 1581 in

226 1618 413 1667 morte
442 1612 548 1667 ﬁlii
580 1614 732 1681 mei;
766 1618 833 1668 ut
862 1614 1359 1685 quemadmodum
1409 1617 1480 1671 ad
1538 1621 1594 1671 te
1650 1615 1869 1671 accessi

226 1718 406 1757 manu
438 1700 603 1756 illum
636 1707 864 1770 tenens,
895 1703 976 1758 ita
1004 1708 1061 1758 et
1091 1703 1246 1759 ulnis
1275 1705 1543 1761 eumdem
1577 1705 1764 1760 ferens
1796 1705 1868 1760 ad

223 1789 441 1845 inferos
462 1790 660 1891 int'eliit
680 1791 1119 1847 descenderem?
1149 1793 1192 1848 Ο
1232 1810 1390 1848 mare
1415 1798 1471 1848 et
1491 1794 1867 1893 profundum,
1901 1828 1948 1893 Β

225 1894 479 1949 quonam
508 1880 591 1933 tui
611 1879 742 1935 sinu
776 1897 968 1936 meum
1004 1882 1292 1937 detinebis
1315 1883 1501 1937 ﬁlium
1521 1882 1548 1937 ?
1569 1883 1869 1946 Quomodo

227 1973 421 2023 autem
446 1973 501 2023 et
530 1985 664 2024 eum
697 1968 862 2025 ales?
906 1970 1005 2025 Hei
1062 1970 1225 2035 mihi,
1272 1971 1355 2025 ﬁli
1386 1964 1736 2039 miserande,
1785 1970 1866 2025 ﬁli

227 2063 360 2112 ante
390 2062 621 2129 tempus
670 2064 865 2130 rapte:
901 2059 1004 2128 ﬁli,
1038 2076 1153 2131 qua
1192 2062 1413 2115 ratione
1444 2077 1477 2115 a
1508 2062 1653 2115 meis
1683 2060 1867 2115 oculis

227 2145 559 2202 recessisti?
605 2147 825 2210 Quibus
874 2148 1122 2220 pedibus
1176 2151 1475 2205 revertar?
1541 2150 1865 2213 Quemnam

225 2239 421 2291 autem
454 2236 639 2291 instar
667 2236 801 2309 agni
832 2236 1193 2293 exsilientem
1226 2238 1713 2311 contemplabor?

290 2417 361 2469 X.
396 2414 562 2469 Pater
587 2430 720 2471 vero
750 2431 956 2472 rursus
985 2417 1261 2472 manibus
1295 2433 1360 2473 os
1391 2418 1743 2489 percutiens,
1773 2416 1863 2471 la-

220 2503 595 2558 mentabatur
622 2502 716 2558 bis
744 2504 967 2560 verbis:
1003 2506 1210 2573 Quare,
1243 2523 1275 2561 ο
1308 2507 1740 2574 sancte,orbum
1769 2522 1862 2561 me

1970 551 2157 617 κοῦσα,
2190 545 2318 609 τούς
2351 546 2665 624 ὀφθαλμοὺς
2694 547 2773 618 τῴ
2803 543 3025 623 πελάγει
3067 545 3335 601 ἐντείνασα
3364 548 3500 613 ²²ο²⁴,
3533 546 3624 600 καὶ

1970 636 2065 698 τὰς
2098 642 2290 711 χεῖρας
2320 636 2456 711 πρὸς
2488 635 2621 709 ὕψος
2652 632 2897 711 διάρασα,
2928 632 3147 690 τοιάσδε
3186 639 3266 707 τῷ
3300 634 3441 710 ἁγίῳ
3473 634 3624 713 ἠφίει

1972 725 2153 803 φωνάς
2178 742 2191 756 ·
2242 723 2403 781 Αῦταί
2446 746 2542 779 σου
2567 769 2581 793 ,
2634 726 2753 799 ἅγιε
2774 769 2789 791 ,
2841 724 2895 778 αἱ
2944 718 3173 796 ἀμοιὸαί
3207 742 3220 792 ;
3251 723 3497 779 τοιαῦταί
3527 744 3623 778 σου

1970 818 2078 869 τῶν
2124 814 2280 886 πόθῳ
2324 814 2460 890 πρὸς
2515 815 2573 869 σὶ
2619 812 3071 889 προστρεχόντων
3120 813 3175 867 αἱ
3228 812 3622 886 ἀνταμείψειςς

1974 903 2129 957 Οὕτω
2178 903 2269 956 τὸν
2318 902 2486 956 κόπον
2533 901 2930 977 ἀντιμετρήσας
2980 902 3039 956 ’ὸν
3092 901 3181 978 ἀφ’
3234 903 3298 969 ἧς
3332 900 3623 977 παρεγενό-

1980 1013 2087 1064 μην
2140 991 2437 1063 ὑπὲμεινα,
2485 991 2585 1059 τήν
2640 989 2975 1063 ἀντιμισθίαν
3026 1010 3117 1063 μοι
3164 986 3403 1051 δέδωκας
3454 1009 3467 1058 ;
3510 994 3625 1044 Ποῦ

1980 1101 2083 1152 μου
2124 1081 2151 1134 ὁ
2200 1085 2328 1141 παῖς
2362 1098 2376 1147 ;
2412 1085 2576 1134 Ποῖον
2623 1084 2721 1134 τοῦ
2778 1078 2914 1151 ἐμοῦ
2966 1077 3157 1133 τὲκνου
3210 1079 3277 1132 τὰ
3336 1077 3629 1154 σπλάγχνα

1976 1168 2165 1242 θηρίον
2219 1166 2491 1239 θαλάττης
2537 1167 2823 1243 ἐσπάραξεν
2854 1186 2867 1236 ;
2904 1172 3070 1222 Ιῐοῖον
3125 1164 3184 1222 δὲ
3242 1165 3421 1242 ῥόθιον
3478 1171 3630 1239 κῦμα

1975 1258 2398 1325 κατεπαναστὰν,
2449 1258 2524 1319 ὡς
2572 1256 2762 1334 τάφος,
2815 1261 2991 1325 ζῶντα
3031 1259 3193 1311 τοῦτο
3226 1258 3273 1292 ³⁸
3303 1254 3571 1329 ἐκάλυψεν
3614 1275 3629 1324 ;

1975 1347 2103 1401 Τίνα
2146 1350 2263 1406 τοῖς
2314 1343 2621 1423 ὀφθαλμοῖς
2674 1343 2796 1419 ἄρτι
2843 1345 3104 1417 θεάσομαι
3140 1388 3153 1414 ,
3181 1344 3338 1418 Ὑπὲρ
3383 1341 3441 1398 δὲ
3480 1344 3630 1406 τίνος

1976 1433 2339 1508 προσεύξομαι
2392 1452 2405 1501 ;
2451 1432 2541 1494 Τίς
2589 1429 2647 1487 δέ
2691 1453 2794 1504 μου
2840 1436 2936 1487 τοῦ
2984 1433 3175 1507 γήρως
3216 1431 3307 1486 καὶ
3360 1431 3629 1507 βακτηρία

1977 1524 2260 1597 γενήσεται
2296 1525 2313 1559 ¹
2346 1522 2457 1578 Ἵνα
2485 1521 2538 1575 τί
2572 1541 2658 1593 με,
2690 1521 2737 1575 ὧ
2784 1521 2926 1596 ἅγιε,
2961 1522 3036 1593 μὴ
3067 1524 3148 1592 τῷ
3177 1524 3276 1577 τοῦ
3312 1520 3502 1575 τὲκνου
3531 1521 3627 1575 θά-

1976 1610 2116 1683 νάτῳ
2143 1617 2473 1680 κοινωνῆσαι
2521 1609 2857 1679 πεποίηκας,
2911 1609 2989 1671 ὡς
3036 1608 3093 1663 ἂν
3148 1607 3328 1685 ὥσπερ
3376 1609 3512 1683 πρὸς
3568 1608 3628 1663 σὲ

1976 1704 2136 1754 τοῦτο
2302 1699 2449 1775 χειρὶ
2509 1697 2813 1774 κατέχουσα
2866 1696 3223 1774 παραγέγονα,
3273 1697 3473 1752 οὑτωσὶ
3528 1696 3627 1752 κᾶν

1976 1789 2056 1860 τῷ
2096 1783 2196 1863 ᾅδῃ
2243 1786 2705 1866 ἀγκαληιροροῦσα
2752 1785 2932 1859 τούτῳ
2987 1788 3022 1856 ὴ
3082 1784 3341 1856 δύστηνος
3395 1780 3625 1840 καταῦέ-

1978 1872 2142 1948 6ηκα.
2174 1879 2242 1932 Ὧ
2272 1876 2511 1941 θάλασσα
2541 1876 2631 1932 καὶ
2666 1876 2815 1952 βυθὶ,
2848 1876 2994 1948 ποίῳ
3024 1896 3119 1930 σου
3145 1874 3341 1947 κόλπῳ
3368 1877 3460 1930 τὸν
3494 1874 3623 1947 ἐμὸν

1976 1966 2213 2037 καθέξεις
2271 1966 2385 2021 υἱόν
2439 1986 2453 2035 ;
2508 1970 2631 2028 Πῶς
2682 1963 2740 2020 δὶ
2790 1964 2881 2020 καὶ
2940 1962 3155 2040 θρέψεις
3210 1962 3367 2019 αὐτόν
3424 1960 3629 2036 ,οἷ’μοι

1973 2055 2159 2111 τέκνον
2189 2053 2442 2124 ἐλεεινὸν,
2471 2056 2657 2109 τέκνον
2688 2055 2795 2130 πρὸ
2826 2053 2969 2128 ὥρας
3015 2050 3369 2127 ἀναρπασθέν·
3415 2050 3625 2120 τέκνον,

1975 2150 2091 2207 πῶς
2141 2142 2261 2207 ἔδυς
2307 2148 2416 2199 τῶν
2464 2143 2610 2217 ἐμῶν
2666 2142 2988 2221 ὀφθαλμῶν,
3034 2142 3215 2203 ποίοις
3273 2140 3430 2195 ποσὶν
3487 2140 3622 2194 ὑπο-

1975 2234 2187 2313 στρέφω
2245 2236 2291 2271 ²⁶
2344 2252 2357 2303 ;
2410 2232 2535 2287 Τίνα
2566 2230 2625 2287 δὲ
2677 2232 2751 2294 ὡς
2801 2232 2934 2307 ἄρνα
2993 2230 3382 2306 ἐπισκιρτῶντα
3440 2227 3625 2293 astico-

1976 2344 2117 2397 μαις

2041 2415 2107 2470 Χ.
2142 2417 2196 2466 '0
2246 2408 2304 2467 δέ
2350 2431 2411 2487 γε
2457 2411 2637 2487 πατὴρ
2684 2414 2910 2466 τοιαῦτα
2954 2408 3144 2479 πάλιν,
3190 2412 3271 2480 τῷ
3314 2406 3463 2484 χειρὶ
3511 2408 3614 2476 τὴν

1970 2498 2094 2577 ὄψιν
2144 2499 2343 2573 παίων,
2404 2498 2683 2576 ὠδύρετο·
2740 2502 2857 2556 Ἵνα
2909 2499 2985 2572 τί,
3044 2499 3090 2554 ὧ
3147 2498 3302 2574 ἅγιε,
3361 2496 3617 2571 ἐξαίφνης

214 2588 415 2647 liberis
438 2596 672 2663 repente
700 2593 938 2648 effecisti
962 2592 989 2645 ?
1006 2594 1119 2648 Cur
1136 2594 1217 2649 sic
1242 2594 1433 2650 ﬁlium
1458 2612 1653 2650 meum
1677 2599 1863 2651 morte

1987 2588 2173 2646 ἱπαιδά
2228 2610 2295 2663 με
2339 2589 2668 2658 κατέστησας
2702 2608 2715 2658 ;
2746 2591 2860 2644 ’Ίνα
2902 2589 2957 2644 τί
3016 2587 3189 2649 οὕτως
3239 2584 3497 2658 οἰκτίστῳ
3525 2587 3615 2639 θα-

215 2679 547 2736 miserrima
578 2681 725 2735 mori
756 2682 1123 2752 permisisti?
1152 2684 1275 2747 Qua
1305 2685 1376 2739 de
1408 2702 1584 2739 causa
1631 2684 1705 2740 iis
1732 2702 1859 2756 quae

1987 2681 2114 2752 ιάτῳ
2142 2680 2205 2734 τὸ
2235 2678 2363 2752 ἐμὸν
2412 2677 2595 2733 τέκνον
2623 2680 2796 2733 θανεῖν
2828 2678 3230 2753 παρεχώρησας
3264 2694 3278 2744 ;
3307 2678 3425 2731 Ἵνα
3467 2674 3522 2728 τί
3551 2673 3624 2728 τὰ

217 2785 582 2839 speraveram
631 2772 922 2825 contraria
976 2771 1118 2825 mibi
1172 2772 1552 2844 obtigerunt?
1579 2778 1720 2827 Cum
1755 2775 1860 2829 hac

1987 2768 2178 2824 ἐναντία
2232 2769 2305 2823 ὧν
2355 2765 2566 2837 ἤλπισα
2621 2768 2715 2840 μοὶ
2769 2768 3092 2837 συνήντησεν
3140 2784 3155 2835 ;
3200 2764 3285 2819 ἐπὶ
3341 2761 3625 2823 τοιαύταις

218 2873 321 2928 spe
351 2859 417 2912 ad
452 2863 507 2912 te
537 2860 937 2914 accessimus?
985 2862 1219 2916 Taliane
1266 2866 1406 2917 sunt
1451 2864 1599 2917 dona
1632 2864 1688 2917 in
1741 2879 1861 2928 eos,

1987 2858 2105 2933 πρὸς
2152 2858 2210 2911 σὲ
2256 2856 2702 2933 παραγεγόναμεν
2737 2875 2750 2925 ;
2781 2860 3033 2910 Τοιαῦται
3084 2859 3191 2909 τῶν
3249 2852 3403 2925 πόθῳ
3450 2872 3625 2926 προσ-

219 2946 318 3016 qui
353 2947 422 2999 ad
458 2952 742 3019 martyres
771 2964 903 3002 cum
936 2950 1221 3005 desiderio
1252 2951 1611 3007 adveniunt?
1651 2953 1865 3007 Revera

1987 2947 2288 3021 ερχομένων
2318 2951 2436 3007 τοῖς
2496 2944 2754 3021 μάρτυσιν
2805 2945 2859 2999 αἱ
2910 2941 3105 3019 δωρεαί
3139 2963 3152 3011 ;
3185 2944 3391 3003 ⁸Ὀντως
3442 2940 3502 2995 ού
3540 2940 3627 3009 σὺ,

220 3050 335 3089 non
360 3041 442 3098 tu,
474 3036 571 3091 sed
608 3042 974 3106 peccatorum
1025 3056 1283 3094 meorum
1317 3041 1580 3111 procella:
1620 3056 1865 3113 puerum

1987 3033 2101 3090 ὶλλ⁹
2148 3036 2203 3089 αἱ
2246 3038 2355 3088 τῶν
2400 3033 2545 3106 ἐμῶν
2596 3034 3005 3109 ἁμαρτημάτων
3059 3029 3286 3087 θύελλαι
3315 3031 3407 3085 τὸν
3460 3025 3634 3085 παῖδα

224 3124 371 3178 mari
392 3125 779 3181 tradiderunt.
813 3127 856 3182 Ο
889 3128 969 3181 ﬁli
1005 3129 1105 3195 mi,
1138 3129 1271 3201 quis
1291 3131 1374 3184 tui
1400 3131 1613 3186 mortui
1636 3130 1867 3186 claudet

1987 3127 2042 3197 τῇ
2076 3123 2314 3198 θαλάσσῃ
2343 3119 2810 3198 παραδεδώκασιν.
2856 3124 2925 3176 Ὢ
2970 3122 3157 3176 τέκνον
3209 3120 3363 3192 ἐμὸν,
3393 3118 3475 3180 τίς
3533 3138 3633 3172 σου

219 3212 417 3268 oculos
444 3213 607 3279 PQuis
637 3231 769 3270 vero
799 3219 855 3270 te
885 3216 1124 3287 sepeliet
1147 3222 1169 3273 Ρ
1195 3218 1475 3282 Quisnam
1510 3219 1736 3275 loculus
1758 3219 1867 3275 ele-

1987 3212 2102 3274 τοὺς
2151 3210 2468 3290 ὀφθαλμοὺς
2514 3210 2743 3266 θανόντα
2792 3214 2836 3249 ³⁷
2884 3209 3114 3284 καλύψει
3152 3228 3166 3278 ς
3214 3209 3305 3271 Τίς
3364 3205 3422 3262 δὲ
3475 3206 3634 3262 ἐντα-

216 3299 656 3371 gantissimum,
708 3305 1330 3378 jucundissimumque
1369 3313 1536 3363 tuum
1592 3312 1748 3381 teget
1777 3313 1864 3363 ta-

1987 3303 2153 3381 ριάσει
2187 3320 2200 3369 ;
2238 3305 2377 3356 Ποῖα
2424 3298 2482 3355 δέ
2533 3300 2691 3376 σορὸς
2740 3300 2804 3354 τὸ
2848 3295 3181 3375 περικαλλὲς
3224 3296 3315 3353 καὶ
3343 3295 3634 3371 τερπνότα-

219 3388 649 3446 bernaculum?
703 3393 829 3448 Ah!
884 3410 1123 3463 prorsus
1172 3396 1388 3451 clausit
1434 3396 1672 3467 quidem
1734 3402 1867 3452 tuos

1987 3411 2066 3447 τον
2124 3387 2453 3465 κατακρύψει
2504 3408 2599 3443 σου
2650 3390 2954 3462 σκήνωμα;
3002 3388 3072 3442 Ἦ
3123 3388 3338 3447 πάντως
3394 3381 3633 3455 ἐκάλυψε

223 3478 423 3534 oculos
450 3496 609 3536 mare
642 3482 871 3553 sepeliit
906 3501 1039 3539 vero
1072 3490 1127 3538 te
1159 3500 1409 3556 gurges;
1444 3489 1501 3540 et
1528 3491 1726 3541 venter
1750 3486 1869 3556 pis-

1987 3479 2076 3553 μὲν
2140 3499 2234 3533 σου
2288 3477 2417 3539 τοὺς
2473 3474 2790 3555 ὀφθαλμοὺς
2858 3474 3101 3531 θάλασσα
3133 3494 3145 3506 ·
3209 3473 3516 3551 ἐνεταφίασε
3571 3469 3634 3527 δὲ

229 3565 384 3621 cium
418 3568 522 3623 tibi
556 3571 947 3627 conditorium
982 3572 1110 3627 fuit.

295 3656 385 3711 ΧΙ.
425 3658 537 3713 Ηοο
560 3659 755 3730 itaque
777 3659 1033 3716 lamento
1055 3678 1187 3717 cum
1208 3667 1478 3733 parentes
1507 3663 1870 3736 plangerent,

227 3744 465 3815 quidam
488 3763 556 3801 ex
604 3748 676 3802 iis
728 3750 827 3818 qui
880 3749 1020 3805 illuc
1061 3758 1469 3819 convenerant,
1514 3752 1606 3806 vix
1636 3753 1871 3807 tandem

225 3836 772 3904 persuaseruntillis
793 3839 1215 3895 utdesisterenl
1238 3839 1668 3895 lamentatione.
1694 3843 1874 3910 Atque

228 3922 300 3976 ab
333 3922 555 3991 ejulatu
606 3941 919 3996 parumper
958 3934 1276 3993 cessantes,
1311 3929 1552 3983 domum
1584 3928 1873 3983 abierunt.

231 4009 516 4080 Tempore
547 4029 682 4081 ergo
718 4016 1078 4084 procedente,
1113 4023 1167 4070 et
1199 4016 1641 4071 advenientibus
1671 4018 1877 4071 diebus

236 4096 449 4167 quibus
473 4100 654 4154 sancti
680 4103 958 4157 memoria
983 4104 1328 4173 celebratur,
1361 4104 1481 4159 haec
1530 4104 1681 4161 inter
1703 4121 1765 4159 se
1789 4105 1877 4159 di-

238 4185 844 4250 cebant,recordantes
869 4191 969 4244 ﬁlii
1002 4192 1126 4246 sui:
1154 4194 1416 4265 Agedum
1442 4193 1881 4265 proﬁciscamur

239 4273 310 4329 ad
336 4279 625 4343 sanctum,
661 4284 724 4332 ut
754 4279 802 4333 si
847 4279 1063 4351 aliquid
1108 4281 1489 4354 reliquiarum
1538 4281 1639 4336 ﬁlii
1671 4282 1878 4352 nostri,

234 4364 389 4437 quod
423 4365 545 4419 ﬁeri
583 4383 694 4421 non
730 4372 936 4437 potest,
970 4370 1722 4435 remanserit,tollamus,et
1745 4387 1879 4426 cum

236 4458 438 4509 sancto
469 4457 889 4513 conlendamus
911 4458 1171 4530 judicio;
1204 4458 1290 4515 vel
1320 4464 1376 4514 et
1398 4462 1540 4516 forte
1563 4460 1883 4515 moriamur

1984 3567 2166 3637 βυθός·
2198 3567 2288 3621 καὶ
2312 3568 2518 3642 γαστὴρ
2550 3564 2759 3640 ῗχθύων
2792 3564 2957 3642 σοφός
2990 3585 3075 3620 σοι
3112 3562 3337 3640 ἐγενετο.

2051 3659 2143 3714 XI.
2177 3655 2329 3711 Οὕτω
2362 3653 2409 3710 δ’
2437 3656 2528 3709 οῦν
2561 3655 2913 3727 κοπτομένων
2941 3658 3049 3709 τῶν
3076 3652 3341 3709 τεκόντων
3369 3649 3460 3706 τὸν
3500 3652 3633 3727 θρῆ-

1980 3768 2094 3819 νον,
2137 3750 2243 3800 τῶν
2295 3744 2465 3799 ἐκεῖσε
2510 3742 2873 3799 συνελθόντων
2921 3743 3087 3813 τινες,
3140 3741 3303 3816 μόλις
3354 3740 3485 3796 ποτὶ
3534 3744 3631 3794 τοῦ

1985 3837 2185 3910 θρήνου
2219 3835 2420 3889 ἀνεῖναι
2447 3831 2671 3894 τούτους
2719 3832 3021 3887 πεπείκασι.
3064 3830 3161 3884 Καὶ
3205 3826 3273 3897 δὴ
3322 3830 3420 3896 τῆς
3454 3826 3634 3899 οἰμω-

1982 3930 2086 4000 γῆς
2114 3922 2209 3977 κᾶν
2242 3922 2376 3997 πρὸς
2413 3918 2599 3997 ὀλίγον
2648 3918 3004 3993 παυσάμενοι,
3038 3915 3223 3973 οἴκαδε
3250 3914 3491 3991 ᾤχοντο,
3530 3919 3639 3971 Τοῦ

1986 4010 2076 4067 οῦν
2135 4011 2339 4086 χρόνου
2394 4007 2848 4086 προοδεύσαντος,
2900 4008 2989 4063 καὶ
3036 4012 3143 4062 τῶν
3197 4009 3295 4075 τῆς
3341 4010 3438 4061 τοῦ
3480 4005 3639 4080 ἀγὶου

1992 4102 2217 4173 μνήμης
2250 4101 2475 4173 ἡμερῶν
2506 4093 2952 4168 καταλαϐουσῶν,
2974 4093 3162 4151 τοιάδε
3189 4095 3325 4171 πρὸς
3357 4091 3643 4163 ἀλλήλους

1988 4186 2196 4265 Ιλεγον,
2258 4188 2334 4249 εἰς
2394 4188 2692 4260 ἀνάμνησιν
2752 4190 2850 4242 τοῦ
2911 4183 3052 4241 ἰδίου
3096 4186 3284 4240 τὲκνου
3340 4182 3639 4258 γενόμενον

1989 4273 2255 4353 Δεῦροδή
2286 4276 2377 4331 καὶ
2426 4277 2779 4353 πορευθῶμεν
2819 4274 2956 4351 πρὸς
3003 4274 3095 4329 τὸν
3145 4274 3318 4349 ἅγιον,
3370 4271 3445 4333 ὡς
3492 4270 3551 4325 ἃν
3593 4267 3651 4324 εἴ

1987 4366 2096 4423 πού
2124 4387 2177 4421 τι
2211 4364 2489 4439 λείψανον,
2524 4363 2655 4439 ὅπερ
2686 4362 2969 4433 ἀδύνατον,
3004 4361 3301 4440 ὑπελείφθη
3332 4364 3427 4416 τοῦ
3446 4360 3642 4415 τέκνου

1996 4459 2155 4531 ἡμῶν
2191 4449 2510 4527 λαϐώμεθα,
2542 4453 2632 4508 καὶ
2679 4453 2770 4509 τὸν
2822 4453 2972 4529 ἅγιον
3027 4448 3394 4523 δικασώμεθα,
3427 4445 3482 4503 εἷ’
3523 4467 3644 4509 πως

234 4540 375 4609 illic,
410 4543 614 4599 mortis
649 4546 809 4616 pueri
844 4548 1181 4620 participes.
1213 4552 1344 4604 Haec
1372 4548 1569 4620 itaque
1599 4548 1872 4614 dicentes,

1987 4546 2075 4604 καὶ
2132 4548 2397 4618 θανοῦμεν
2432 4543 2623 4613 ἐκεῖσε,
2675 4547 2755 4615 τῷ
2806 4543 3019 4615 θανάτῳ
3066 4545 3164 4596 τοῦ
3194 4536 3390 4600 παιδὸς
3446 4558 3643 4595 κοινω-

236 4633 500 4687 nondum
533 4635 696 4690 ﬁnito
727 4651 1015 4708 sermone,
1046 4638 1459 4708 profectionem
1508 4637 1879 4692 inchoarunt.

237 4721 502 4794 Cumque
560 4725 966 4795 accessissent,
1025 4731 1083 4783 et
1130 4729 1202 4783 ad
1234 4728 1427 4783 locum
1460 4726 1882 4799 pervenissent,

239 4813 413 4881 atque
446 4813 875 4871 retrocessisset
896 4831 1090 4885 mare;
1118 4816 1234 4873 Deo
1262 4817 1345 4873 sic
1364 4817 1541 4873 etiam
1566 4816 1888 4871 bonorante

240 4904 576 4972 martyrem,
611 4902 782 4974 primi
814 4904 871 4958 in
904 4905 1261 4976 profundum
1293 4904 1646 4975 insilierunt,
1678 4904 1887 4960 stimu-

240 4985 398 5043 lante
430 4988 531 5044 ﬁlii
554 4990 840 5048 desiderio
865 5009 877 5049 :
907 5010 1121 5065 eosque
1144 5010 1395 5066 sequens
1422 4992 1734 5049 multitudo
1760 5009 1887 5065 per-

240 5077 435 5131 gebat.

239 5081 435 5149 gebat.

315 5255 435 5313 ΧῐῙ.
470 5258 539 5314 Et
596 5274 729 5315 cum
786 5259 859 5315 ad
917 5260 1077 5315 omni
1135 5260 1293 5317 cultu
1344 5261 1585 5335 dignum
1618 5260 1893 5335 martyris

1989 4638 2266 4707 νήσαντες.
2297 4634 2454 4689 Ταῦτ’
2502 4630 2593 4688 οὗν
2644 4631 2907 4700 εἰπόντες,
2941 4628 3095 4686 οὔπω
3124 4628 3283 4691 τέλος
3329 4632 3447 4688 τοῖς
3479 4625 3644 4701 λεγο-

1998 4726 2179 4799 μένοις
2237 4720 2528 4794 τεθείκασι,
2579 4722 2668 4777 καὶ
2716 4722 2817 4790 τὴν
2874 4719 3096 4797 πορείαν
3155 4716 3486 4793 ἀπήρξαντο.
3547 4713 3645 4771 Καὶ

1996 4812 2062 4884 δὴ
2096 4810 2548 4890 παραγεγονότες,
2600 4810 2690 4866 καὶ
2738 4811 2826 4866 τὸν
2872 4809 3042 4865 τόπον
3084 4801 3511 4873 καταλαϐόντες,
3557 4802 3649 4859 καὶ

1994 4909 2094 4972 τῆς
2151 4900 2424 4971 θαλάσσης
2487 4900 2973 4975 ὑποχωρησάσης,
3026 4900 3302 4970 τιμῶντος
3356 4897 3458 4950 τοῦ
3517 4896 3651 4948 Θεοῦ

1996 4993 2263 5056 κάνταῦθα
2290 4991 2383 5046 τὸν
2437 4989 2700 5066 μάρτυρα,
2752 4986 2830 5062 τῷ
2874 4984 2971 5043 τοῦ
3018 4986 3207 5042 τέκνου
3253 4981 3411 5057 πόθῳ
3462 4980 3655 5039 δακνό-

2005 5100 2175 5155 μενοι,
2210 5083 2419 5153 πρῶτοι
2467 5082 2547 5150 τῷ
2599 5074 2747 5155 βυθῷ
2788 5072 3172 5146 ιὶσεπήδησανο
3222 5069 3562 5153 ἐφεπόμενόν
3597 5090 3659 5125 τε

1999 5170 2216 5232 τούτοις
2249 5170 2312 5225 τὸ
2345 5167 2560 5239 πλῆθος
2592 5167 2889 5243 ἐπήρχετο.

2077 5264 2194 5315 XII.
2227 5257 2326 5313 Καὶ
2359 5254 2426 5326 δὴ
2459 5256 2549 5312 τὸν
2589 5254 2890 5311 πάνσεπτον
2939 5252 3064 5309 ναὸν
3110 5244 3511 5312 καταλαϐόντες
3560 5252 3654 5304 τοῦ

1609 5360 1850 5415 VAerE
1889 5357 2297 5414 LECTIONES.

314 5445 442 5518 ἵει-ξι
472 5447 561 5518 Sic
592 5448 922 5517 legendum,
942 5464 1053 5518 non
1088 5443 1457 5518 ἐκτείνασα,ι1ῐ
1478 5448 1735 5503 ediderat
1756 5446 2213 5518 Cotelerius,qui
2234 5449 2481 5502 verterat
2508 5445 2767 5518 extemis,
2786 5458 2977 5518 neque
3000 5441 3374 5518 enimﬁtpce
3395 5435 3641 5518 ἐκτείνειν

248 5514 565 5591 ὀφθαλμούς
622 5505 857 5586 dixeris,
886 5505 987 5574 sed
1040 5516 1304 5587 ἐντείνειν,
1335 5505 1637 5583 intendere,
1672 5537 1784 5575 non
1838 5505 2147 5591 extendere
2181 5518 2380 5591 oculos.
2430 5520 2598 5573 CLaa.
2676 5505 2827 5591 “al.
2881 5505 3126 5591 τοῦτον..-
3172 5513 3215 5548 ³⁸
3244 5508 3432 5591 [lotam
3490 5505 3644 5591 ποσὶν

244 5583 797 5669 ῥτὶοστρέψω.Μὶῃυε
829 5583 1132 5669 commode
1163 5583 1445 5669 conversa
1469 5592 1755 5669 suntAbzec
1785 5592 1940 5669 apud
1971 5590 2356 5669 Sprium.Sed
2384 5606 2490 5646 nos
2524 5604 2639 5645 non
2672 5589 2930 5644 solemus
2960 5586 3021 5643 in
3052 5585 3228 5642 ﬁdem
3250 5583 3633 5654 lnterpretum

244 5657 538 5731 inquirere
572 5678 585 5715 :
620 5663 903 5719 enitimur
934 5661 1146 5718 melius
1178 5662 1559 5735 interpretari.
1594 5666 1729 5719 Co'r.

1838 5664 1859 5697 ⁷
1886 5662 1959 5718 al.
1992 5660 2271 5723 θανόντος.
