4094 6202
335 366 443 426 641

799 363 1154 426 EPHRAIM
1200 364 1637 427 CHERSONIS
1683 367 2047 427 ARCHIEP.
2099 368 2197 429 DE
2244 368 2647 433 MIRACULO
2693 374 2759 432 S.
2804 370 3272 433 CLEMENTIS.

3618 374 3739 434 642

338 494 628 570 μάρτυρος,
676 495 721 550 ὧ
764 499 863 551 τοῦ
910 497 1210 568 θαύματοςί
1260 496 1426 571 ὁρῶσι
1472 496 1536 551 τὸ
1598 494 1736 551 ἴδιον
1790 496 1972 553 τέκνον

2100 500 2376 571 templum
2400 502 2865 574 pervenissent,o
2896 504 3248 560 miraculum
3274 504 3285 558 l
3323 505 3516 559 vident
3545 504 3735 562 filium

332 587 437 652 ζῶν
484 584 575 638 καὶ
622 581 849 660 φαιδρὸν
897 584 988 639 καὶ
1038 583 1370 659 ἀλλόμενον.
1401 591 1487 648 Ὠς
1538 583 1596 640 δὲ
1643 585 1694 640 ἐν
1746 585 1982 659 θαύμασι

328 673 509 745 θαῦμα
554 673 961 749 περιτυχόντες,
995 672 1352 750 ἐκπλαγέντες
1394 695 1455 729 τε
1499 679 1579 747 τῷ
1620 674 1835 747 ἐξαισίῳ
1887 695 1983 747 με·

325 759 608 837 γαλουργή
622 782 771 834 ματι,
805 765 1003 837 πρῶτα
1028 763 1122 835 μὲν
1160 764 1226 818 τὸ
1276 765 1419 818 θεῖον
1472 762 1767 839 ἐγέραιρονο
1801 760 1983 819 ἔπειτα

330 848 388 904 δὲ
416 851 509 904 τὸν
553 851 799 926 μάρτυρα
844 850 1289 927 εὖχαριστηρίοις
1338 858 1543 931 φωναῖς
1588 851 1977 931 έπευφήμιζον’

332 938 447 993 εἶτα
491 943 572 1011 τῷ
621 941 725 1012 νέῳ
774 938 1053 1012 ἐπύθοντο,
1084 944 1202 1002 πῶς
1252 942 1532 1013 σέσωσται,
1578 939 1725 1003 τίνος
1779 946 1982 1017 ζωογο-

332 1032 580 1100 νοῦντος,
620 1028 768 1092 τίνος
817 1028 1205 1101 φυλάσσοντος,
1251 1029 1340 1084 καὶ
1388 1029 1539 1092 τίνος
1579 1030 1892 1106 τρέφοντος.
1926 1030 1983 1083 Ὁ

336 1114 393 1172 δέ
420 1136 482 1193 γε
508 1121 662 1185 παῖς,
690 1120 759 1188 τῇ
794 1118 888 1190 μέν
938 1123 1038 1190 μιᾷ
1084 1118 1233 1194 χειρὶ
1278 1117 1525 1194 κατέχων
1572 1119 1671 1188 τὴν
1721 1116 1981 1193 λάρνακα,

333 1211 404 1280 τῇ
458 1203 516 1262 δὲ
564 1206 720 1283 ἑτέρᾳ
767 1204 1227 1264 δακτυλοδεικτῶν
1284 1208 1377 1264 τὸν
1439 1205 1646 1273 ἔνδοθεν
1713 1208 1982 1283 κείμενον,

332 1301 451 1359 τοῖς
499 1294 772 1373 ἐρωτῶσιν
823 1295 1255 1371 ἀνταπεκρίνετο·
1298 1297 1466 1360 Οὗτός
1517 1318 1621 1371 μου
1674 1298 1809 1370 μετά
1855 1298 1981 1353 Θεὸν

334 1383 426 1440 καὶ
476 1384 591 1453 ζωὴ
637 1383 728 1439 καὶ
757 1386 957 1462 τροφὴ,
988 1384 1079 1440 καὶ
1126 1389 1235 1441 τῶν
1275 1384 1329 1441 ἐν
1370 1390 1441 1460 τῇ
1493 1384 1732 1461 Θαλάσσῃ
1778 1386 1983 1463 θηρίων

335 1473 673 1549 ἀμυντήριον
724 1471 981 1550 ἐγεγόνει·
1033 1473 1193 1538 οὗτός
1249 1495 1316 1548 με
1361 1476 1479 1539 καθ’
1528 1474 1755 1546 ἑκάστην
1806 1473 1983 1545 ἐτιθη-

334 1566 481 1617 νεῖτο
513 1560 895 1639 λαμπρότατα.

406 1830 550 1887 XIII.
584 1828 651 1887 Οῑ
689 1826 735 1883 δ’
779 1826 868 1936 οὖν
916 1827 1180 1936 τεκόντες,
1213 1824 1407 1936 θάμϐει
1454 1829 1546 1936 καὶ
1594 1835 1742 1907 χαρᾷ
1789 1850 1983 1906 συσχε-
2019 1870 2066 1936 Β

341 1916 538 1988 θέντες,
569 1921 640 1991 τῇ
669 1938 727 1973 τε
763 1917 942 1973 πίστει
986 1917 1152 1973 πλέον
1209 1914 1589 1995 βεϐαιωθέντες
1631 1924 1730 1974 τοῦ
1793 1919 1989 1996 μάρτυ-

341 2027 457 2082 ρος,
491 2004 562 2061 δι’
592 2006 656 2061 οὗ
684 2006 775 2061 τὸν
807 2006 989 2081 νεκρὸν
1021 2007 1343 2080 νομισθέντα
1373 2007 1487 2062 υἱὸν
1532 2012 1707 2077 ζῶντα
1754 2007 1985 2079 ἀπείλη-

342 2118 463 2174 φαν,
506 2095 635 2158 τοὺς
680 2097 979 2172 προτέρους
1026 2098 1256 2173 θρήνους
1303 2096 1380 2159 εἰς
1438 2096 1780 2173 εὐχαριστίαν
1849 2097 1990 2173 ἐτρέ-

344 2189 534 2259 ψαντο,
564 2182 750 2241 τοιάδε
778 2190 857 2258 τῷ
888 2184 1032 2261 ἀγίῳ
1058 2181 1446 2260 ἐπιϐοώμενοι·
1480 2187 1571 2249 Ὠς
1608 2185 1831 2257 ἀληθῶς
1887 2188 1989 2261 ἄρα

346 2276 653 2347 θαυμαστὸς
684 2275 713 2329 ὁ
751 2275 878 2336 Θεὸς
926 2274 978 2329 έν
1021 2279 1139 2338 τοῖς
1182 2272 1363 2349 ἁγίοις
1410 2274 1596 2344 αὐτοῦ,
1639 2277 1727 2331 καὶ
1776 2274 1990 2348 θέλημα

340 2367 449 2419 τῶν
513 2357 864 2441 φοϐουμένων
941 2363 1099 2419 αὐτὸν
1172 2369 1364 2434 ποιῶν,
1424 2365 1515 2420 καὶ
1585 2372 1687 2434 τῆς
1755 2362 1989 2435 δεήσεως

343 2451 517 2507 αὐτῶν
581 2452 898 2510 είσακοῦων,
948 2454 1191 2516 Ἕσωσας
1258 2456 1442 2526 ἡμῶν,
1476 2454 1654 2528 ’Δγιε,
1702 2454 1793 2509 τὸν
1847 2453 1986 2523 υἱὸν,

342 2539 625 2603 ἀπέδωκας
652 2544 790 2615 ἡμῖν
838 2543 929 2597 τὸν
980 2541 1081 2598 οὐκ
1126 2541 1506 2615 ἐλπιζόμενον.
1540 2545 1608 2597 Ὠ
1664 2541 1858 2618 οὔρανὶ
1898 2540 1987 2597 καὶ

337 2638 433 2707 γῆ,
464 2632 554 2686 καὶ
586 2630 648 2686 σὺ
684 2631 830 2707 βυθὲ,
857 2632 886 2687 ὁ
915 2630 1039 2708 πρίν
1074 2632 1159 2709 ὑφ’
1189 2634 1351 2705 ἡμῶν
1384 2631 1753 2709 ἐπαρώμενος,
1769 2630 1986 2701 ἔκστηθι

338 2725 415 2792 τῷ
444 2719 580 2793 ὑπὲρ
613 2719 769 2798 φύσιν
795 2719 976 2793 τούτῳ
1010 2719 1358 2797 μεγαλουργή
1372 2742 1520 2793 ματι.
1552 2719 1745 2783 Ἵλεως
1793 2718 1851 2775 δὲ
1897 2720 1988 2775 καὶ

340 2808 501 2871 αὐτὸς
547 2814 722 2886 γενοῦ,
774 2810 914 2885 ἅγιε,
963 2811 1038 2863 ὧν
1084 2810 1219 2883 πρὸς
1261 2810 1319 2864 σὲ
1362 2814 1432 2883 τῇ
1482 2809 1663 2883 θλίψει
1710 2808 1987 2885 τρυχόμε-

338 2919 420 2953 νοι
452 2896 753 2974 έπράξαμέν
786 2918 843 2953 τε
872 2898 961 2953 καὶ
1002 2895 1245 2971 εἷίπομενο
1284 2900 1358 2971 μὴ
1409 2896 1806 2959 ἀνταποδώσεος
1854 2900 1990 2971 ἡμῖν

340 2988 437 3055 τήν
497 2992 606 3043 τῶν
664 2987 1030 3065 βλασφημιῶν
1083 2985 1463 3044 ἀνταπόδοσιν.
1495 2989 1603 3045 Τὸν
1642 2987 1757 3042 υἱὸν
1785 2985 1989 3041 ἀπελά-

344 3070 537 3149 6ομεν,
566 3076 658 3131 τὸν
686 3075 875 3151 νεκρὸν
917 3072 1006 3130 διὰ
1053 3080 1149 3130 σοῦ
1194 3080 1285 3129 νῦν
1335 3075 1632 3131 ἀναστάντα
1680 3073 1987 3148 ἐδεξάμεθα,

343 3166 440 3233 τήν
482 3168 581 3218 τοῦ
605 3166 792 3239 γήρως
826 3164 1119 3240 βακτηρίαν
1283 3164 1509 3241 βοηθείᾳ
1550 3164 1712 3220 πάλιν
1763 3160 1986 3239 ἔχομεν.

347 3252 407 3307 Τί
432 3253 502 3308 τὰ
546 3237 733 3308 πολλὰ
766 3237 1036 3330 λέγομενς
1061 3254 1152 3308 τὸν
1207 3237 1293 3307 οὐ⁷
1316 3256 1614 3329 τριήμερον
1662 3250 1786 3307 ἀλλ’
1816 3237 1989 3306 ένιαύ-
2023 3237 2065 3303 C

350 3363 460 3397 σιον
513 3342 720 3417 νεκρὸν,
750 3342 839 3396 καὶ
885 3342 946 3397 οὐ
999 3340 1141 3414 λίθῳ
1189 3339 1316 3396 ἀλλ’
1355 3339 1507 3396 ὕδατι
1559 3341 1989 3415 καλυπτόμενον,

350 3432 436 3486 καὶ
468 3431 579 3507 οὐχ
608 3430 713 3486 ὑπὸ
744 3429 1073 3501 σκωλήκων,
1105 3429 1138 3484 ἃ
1165 3437 1268 3500 τῆς
1297 3435 1395 3485 τοῦ
1434 3430 1688 3503 σώματός
1738 3429 1849 3485 ἐστι
1898 3428 1994 3507 φύ-

350 3542 484 3583 σεως
534 3518 664 3591 ἴδια,
716 3517 1102 3593 δαπανηθέντα,
1149 3518 1296 3575 ἀλλά
1348 3521 1439 3574 τὸν
1487 3520 1590 3575 ὑπὸ
1665 3519 1869 3595 ἰχθύων
1916 3520 1991 3581 ὡς

351 3608 675 3683 ἐνομίσαμεν
719 3603 1150 3683 καταϐρωθέντα,
1201 3613 1341 3664 σῶον
1395 3606 1483 3663 διὰ
1544 3613 1644 3664 σοῦ
1714 3603 1993 3664 ἀπελάϐο-

351 3720 465 3771 μεν.
500 3696 634 3774 Εὖγε
661 3705 761 3768 τῆς
793 3697 1042 3773 χάριτος,
1077 3698 1201 3774 εὖγε
1228 3704 1330 3767 τῆς
1363 3695 1546 3769 δόξης,
1581 3695 1700 3773 εὖγε
1748 3705 1846 3767 τῆς
1900 3695 1991 3752 δυ·-

345 3790 557 3861 νάμεως
605 3786 696 3841 καὶ
741 3794 841 3857 τῆς
893 3786 1194 3863 εὐεργεσίας
1242 3808 1363 3856 σου,
1414 3788 1553 3860 ἅγιε.
1597 3786 1756 3843 Οὕτω
1812 3786 1989 3841 τοίνυν

344 3876 432 3930 τὸν
480 3874 631 3952 ἅγιον
678 3875 811 3948 μετά
860 3871 1103 3950 δακρύων
1154 3873 1658 3953 ἐπευφημήσαντες,
1688 3874 1780 3928 τὸν
1825 3871 1993 3929 παῖδα

347 3963 629 4042 ἀράμενοι,
662 3960 845 4019 οἴκαδε
887 3963 1267 4041 παρεγένοντο,
1298 3968 1429 4019 πᾶσι
1477 3962 1539 4018 τὸ
1586 3964 1765 4037 θαῦμα
1812 3960 1993 4036 ἐκδιη-

232 4095 236 4098 .
349 4052 636 4131 γούμενοι.

417 4143 561 4200 XIV.
592 4141 653 4197 Τί
710 4138 801 4197 οὗν
855 4141 992 4218 πρὸς
1048 4145 1213 4197 ταῦτα
1262 4141 1353 4197 καὶ
1418 4142 1824 4217 παρισώσαιμεν
1854 4159 1869 4210 ;
1898 4141 1991 4197 τὸν

349 4230 533 4287 Ἠλίαν
572 4230 701 4307 φασί
730 4252 861 4286 ποτε
887 4231 980 4286 τὸν
1007 4231 1193 4305 νεκρὸν
1229 4234 1401 4299 ζῶντα
1428 4230 1542 4284 υἱὸν
1586 4233 1654 4303 τῇ
1706 4227 1814 4301 ἰδίᾳ
1858 4230 1992 4284 ἀπο-

352 4316 531 4375 δοῦναι
595 4319 784 4396 μητρί’
836 4321 866 4375 ’ὀ
918 4318 1058 4394 μέγα
1103 4338 1163 4373 τε
1221 4318 1455 4394 ὑπάρχει
1508 4317 1597 4372 καὶ
1656 4317 1995 4394 ὗπερθαύμα-

351 4429 493 4466 στον.
529 4407 705 4465 Ἀλλὰ
752 4408 841 4463 καὶ
892 4412 972 4481 τῷ
1005 4404 1311 4463 Ἐλισσαίου
1369 4407 1521 4477 ποτὶ,
1570 4406 1645 4470 ὡς
1697 4409 1990 4484 ἱστοροῦσι,

2092 605 2267 644 suum
2297 590 2582 647 viventem
2609 608 2675 647 ac
2702 592 2900 649 laetum
2931 598 3104 664 atque
3134 595 3518 648 exsilientem.
3557 596 3624 651 Ut
3652 612 3738 651 ve-

2091 694 2154 732 ro
2182 676 2241 733 in
2287 679 2587 735 miraculis
2620 681 2968 735 miraculum
3017 682 3405 750 offenderunt,
3454 684 3737 755 obstupe-

2092 771 2319 822 scentes
2368 784 2547 839 super
2596 784 2806 841 magno
2855 770 3178 841 eximioque
3235 787 3427 843 opere,
3477 770 3736 843 primum

2092 855 2328 926 quidem
2361 856 2477 911 Deo
2508 856 2789 912 honorem
2821 858 3140 926 dederunt;
3177 859 3386 914 deinde
3414 875 3549 914 vero
3581 876 3736 915 mar-

2090 947 2278 1016 tyrem
2301 944 2821 1001 acclamationibus
2842 950 2898 1001 et
2908 947 3231 1017 gratiarum
3254 946 3580 1003 actionibus
3602 964 3737 1020 pro-

2092 1032 2277 1088 secuti
2329 1037 2487 1089 sunt.
2543 1034 2744 1090 Postea
2799 1033 3226 1090 adolescentem
3276 1035 3733 1107 interrogarunt,

2094 1137 2207 1192 quo
2240 1128 2406 1193 pacto
2456 1128 2720 1178 servatus
2767 1122 2996 1189 fuisset,
3045 1140 3301 1194 quonam
3332 1124 3511 1180 vitam
3541 1124 3737 1197 dante,

2094 1226 2351 1280 quonam
2397 1211 2780 1282 custodiente,
2832 1216 2890 1267 et
2934 1227 3191 1282 quonam
3240 1212 3553 1268 nutriente.
3588 1216 3738 1269 Puer

2094 1302 2313 1369 autem,
2348 1316 2467 1355 una
2495 1300 2734 1372 quidem
2765 1316 2944 1355 manu
2976 1304 3181 1355 tenens
3210 1318 3427 1372 arcam,
3460 1300 3577 1358 alia
3602 1318 3737 1358 vero

2092 1386 2360 1443 indicans
2389 1387 2568 1459 digito
2598 1404 2732 1443 eum
2764 1388 2865 1460 qui
2897 1388 3057 1443 intus
3080 1390 3335 1459 jacebat,
3384 1389 3743 1463 interrogan-

2092 1474 2252 1531 tibus
2294 1475 2553 1531 vicissim
2598 1477 2933 1549 respondit:
2982 1476 3081 1532 Hic
3121 1479 3264 1533 mihi
3306 1482 3439 1550 post
3467 1479 3651 1535 Deum
3682 1483 3739 1535 et

2092 1564 2233 1635 vita,
2282 1568 2340 1620 et
2381 1564 2749 1634 alimentum,
2794 1571 2852 1621 et
2898 1567 3177 1622 adversus
3229 1566 3484 1623 marinas
3514 1567 3739 1625 belluas

2096 1654 2603 1726 propugnaculum
2652 1654 2906 1711 exstitit:
2940 1654 3035 1710 hic
3067 1672 3161 1711 me
3191 1655 3451 1727 quotidie
3481 1655 3739 1728 splendi-

2096 1742 2337 1799 dissime
2376 1742 2727 1799 nutricabat.

2166 1831 2313 1887 XIII.
2349 1833 2620 1888 Parentes
2651 1838 2870 1899 autem,
2902 1832 3287 1889 admiratione
3317 1850 3383 1889 ac
3412 1833 3612 1891 laetitia
3640 1836 3740 1891 de-

2096 1920 2263 1984 tenti,
2314 1925 2371 1976 et
2414 1921 2474 1975 in
2524 1922 2639 1976 fide
2686 1922 2959 1993 martyris
3007 1922 3195 1994 magis
3244 1923 3593 1991 confirmati,
3637 1940 3741 1995 per

2098 2026 2272 2080 quem
2304 2009 2491 2065 ﬁlium
2523 2026 2696 2081 quem
2732 2016 3075 2081 putaverant
3106 2014 3419 2081 mortuum,
3451 2011 3743 2069 viventem

2098 2105 2456 2172 receperant,
2506 2100 2728 2171 priores
2770 2099 2963 2155 luctus
3010 2099 3067 2154 in
3100 2100 3419 2170 gratiarum
3451 2100 3739 2156 actionem

2097 2192 2526 2259 converterunt,
2559 2187 2813 2259 taliaque
2841 2186 3241 2243 acclamarunt
3268 2194 3468 2244 sancto
3496 2205 3508 2242 :
3553 2190 3738 2253 Quam

2096 2293 2226 2333 vere
2259 2277 2457 2349 utique
2485 2277 2764 2333 mirabilis
2797 2278 2928 2333 Deus
2957 2278 3016 2331 in
3059 2278 3258 2332 sanctis
3284 2277 3399 2331 suis
3430 2279 3528 2345 (a),
3563 2281 3618 2332 et
3647 2292 3740 2333 v0-

2099 2366 2364 2422 luntatem
2394 2368 2703 2422 timentium
2734 2383 2787 2421 se
2814 2368 3044 2436 faciens,
3084 2366 3623 2437 deprecationemque
3650 2382 3737 2422 eo-

2096 2472 2229 2510 rum
2256 2455 2560 2511 exaudiens
2592 2455 3202 2527 (b).Servasti,sancte,
3229 2455 3416 2510 ﬁlium
3440 2459 3738 2523 nostrum;

2096 2544 2399 2600 reddidisti
2431 2544 2600 2600 nobis
2646 2559 2820 2616 quem
2870 2561 2985 2599 non
3018 2544 3418 2615 sperabamus.
3453 2544 3497 2598 Ο
3528 2543 3737 2600 coelum

2097 2638 2154 2690 et
2182 2637 2357 2700 terra,
2390 2637 2569 2705 tuque
2599 2649 2812 2705 gurges
2843 2633 3005 2704 prius
3037 2650 3070 2688 a
3100 2633 3267 2688 nobis
3296 2636 3608 2699 exsecrate,
3637 2633 3739 2688 ob-

2098 2728 2366 2794 stupesce
2386 2740 2562 2794 super
2592 2723 2697 2777 hoc
2720 2726 2989 2777 naturam
3019 2722 3325 2777 excedente
3357 2738 3567 2793 magno
3599 2738 3738 2793 ope-

2099 2829 2178 2867 re.
2214 2812 2346 2867 Esto
2377 2817 2573 2867 autem
2604 2816 2667 2866 tu
2699 2828 2989 2882 quoque,o
3028 2817 3245 2878 sancte,
3272 2811 3645 2882 propitius,in
3667 2810 3739 2865 iis

2098 2917 2226 2972 quae
2249 2904 2449 2955 contra
2479 2905 2533 2955 te
2564 2900 2875 2955 afﬂictione
2906 2900 3134 2954 contriti
3168 2916 3300 2954 cum
3336 2899 3740 2966 fecimus,tum

2099 2990 2393 3045 diximus:
2428 3006 2499 3044 ne
2547 2988 2834 3044 retribuas
2867 2988 3036 3043 nobis
3068 2989 3458 3043 conviciorum
3492 2988 3740 3042 retribu-

2098 3079 2335 3133 tionem.
2376 3078 2580 3133 Filium
2616 3077 3107 3148 recuperavimus,
3144 3082 3438 3131 mortuum
3469 3093 3621 3130 nunc
3642 3091 3744 3147 per

2100 3172 2155 3223 te
2185 3167 2531 3222 suscitatum
2578 3166 2928 3237 accepimus,
2980 3166 3252 3219 baculum
3295 3165 3611 3220 senectutis
3642 3169 3742 3220 tuo

2102 3255 2317 3310 auxilio
2365 3256 2575 3310 iterum
2625 3254 2929 3309 habemus.
2982 3253 3131 3319 Quid
3197 3252 3447 3309 dicimus
3509 3252 3744 3310 multa?

2102 3361 2215 3401 non
2246 3344 2585 3399 triduanum
2620 3344 2723 3399 sed
2753 3359 3014 3398 annuum
3048 3346 3368 3408 mortuum,
3401 3358 3502 3398 nec
3551 3342 3744 3413 lapide

2101 3433 2200 3489 sed
2232 3449 2383 3504 aqua
2414 3433 2727 3497 obtectum,
2763 3448 2866 3487 nec
2897 3449 2931 3486 a
2959 3430 3257 3485 vermibus
3281 3432 3451 3500 juxta
3482 3430 3745 3500 corporis

2103 3526 2371 3577 naturam
2426 3524 2862 3591 consumptum,
2923 3520 3021 3575 sed
3081 3537 3113 3574 a
3170 3518 3427 3590 piscibus
3478 3517 3742 3572 arbitrati

2100 3628 2309 3666 sumus
2342 3611 2700 3676 devoratum,
2736 3608 2961 3664 salvum
2993 3625 3095 3680 per
3129 3612 3177 3663 le
3207 3606 3554 3677 recepimus.
3584 3606 3743 3678 Euge

2100 3700 2387 3773 gratiam;
2423 3715 2569 3770 euge
2599 3697 2877 3769 gloriam;
2909 3713 3053 3768 euge
3086 3695 3398 3767 potentiam
3429 3698 3485 3749 et
3523 3694 3740 3749 beneﬁ-

2101 3789 2253 3844 cium
2301 3793 2490 3852 tuum,
2538 3804 2570 3841 o
2618 3792 2835 3841 sancte.
2886 3785 3004 3840 Hoc
3052 3785 3229 3854 igitur
3269 3784 3439 3837 modo
3471 3786 3741 3838 sanctum

2102 3894 2232 3933 cum
2265 3876 2535 3949 lacrymis
2558 3880 2612 3930 et
2629 3873 3154 3929 acclamationibus
3172 3872 3741 3944 prosecuti,puerum

2099 3965 2398 4035 tollentes,
2457 3978 2724 4019 revenere
2767 3962 3048 4033 domum,
3109 3960 3332 4017 cunctis
3388 3960 3741 4016 miraculum

2100 4058 2458 4112 enarrantes.

2171 4143 2312 4199 XIV.
2358 4142 2507 4207 Quid
2555 4158 2690 4213 ergo
2748 4158 2883 4196 cum
2937 4140 3025 4195 his
3077 4138 3495 4196 conferemus?
3558 4136 3743 4193 Eliam

2102 4233 2270 4287 aiunt
2292 4232 2428 4287 olim
2455 4230 2641 4286 ﬁlium
2670 4236 2967 4285 mortuum
2991 4230 3161 4284 matri
3193 4228 3436 4301 propriae
3456 4227 3744 4283 viventem

2102 4321 2426 4377 reddidisse
2457 4324 2564 4389 (c);
2598 4320 2753 4391 quod
2786 4324 2842 4374 et
2872 4335 3152 4391 magnum
3183 4322 3271 4373 est
3296 4323 3355 4371 et
3374 4316 3539 4373 valde
3569 4314 3751 4371 admi-

2103 4410 2306 4466 rabile.
2341 4410 2452 4465 Sed
2483 4415 2541 4465 et
2572 4410 2850 4479 referunt,
2896 4409 2965 4463 ad
2998 4407 3169 4463 Elisei
3201 4406 3516 4479 aliquando
3559 4404 3750 4477 sepul-

355 4500 617 4571 μνήματι,
652 4497 754 4552 ὑπό
782 4518 942 4552 τινων
970 4493 1316 4574 ἀνδροφόνων
1369 4496 1687 4573 φονευθέντα
1737 4496 1873 4567 τινὰ,
1905 4495 1989 4551 καί

2105 4517 2269 4556 crum
2301 4499 2616 4570 quemdam
2648 4498 2719 4552 ab
2743 4497 3039 4569 aliquibus
3059 4495 3750 4551 homicidisinterfectum

352 4585 401 4641 έν
459 4585 607 4659 αὐτῷ
666 4585 905 4664 ῥιφέντα,
956 4585 1112 4650 εὐθὺς
1169 4584 1521 4661 ἀνεγερθῆναί
1567 4606 1625 4640 τε
1671 4586 1758 4639 καὶ
1813 4590 1989 4654 ζῆσαι⁶

2104 4605 2170 4644 ac
2194 4588 2250 4641 in
2273 4605 2339 4642 eo
2362 4585 2909 4657 projectum,statim
2934 4584 3320 4640 resurrexisse
3341 4600 3406 4639 ac
3420 4582 3630 4637 vixisse
3652 4580 3750 4651 (d):

351 4676 381 4731 δ
413 4680 600 4750 μεῖζον
630 4680 727 4731 τοῦ
767 4676 1036 4752 προτέρου
1082 4672 1171 4729 καί
1216 4673 1607 4750 ἐξαισιώτερον.
1652 4675 1750 4729 Καὶ
1796 4675 1989 4750 Πέτρος

2108 4677 2262 4748 quod
2309 4677 2498 4747 priore
2548 4676 2742 4744 majus
2790 4679 2879 4729 est
2921 4678 3096 4746 atque
3142 4672 3489 4727 mirabilius.
3527 4671 3591 4724 Et
3619 4684 3751 4724 vero

355 4763 411 4821 δὲ
468 4764 519 4821 έν
582 4771 696 4828 τοῖς
747 4767 1060 4838 καθ’ἡμᾶς,
1112 4766 1147 4834 ἡ
1195 4768 1302 4818 τῶν
1370 4763 1690 4819 ἀποστόλων
1742 4764 1989 4840 κορωνὶς¹

2108 4766 2261 4823 inter
2281 4781 2378 4821 eos
2412 4764 2509 4836 qui
2543 4765 2613 4819 ad
2648 4780 2753 4819 nos
2777 4763 3087 4835 pertinent,
3120 4763 3326 4819 Petrus
3358 4758 3753 4833 apostolorum

354 4856 448 4925 τήν
506 4854 903 4932 πτωχοτρόφον
960 4852 1168 4923 ἐκείνην
1218 4855 1398 4929 χήραν
1443 4847 1672 4907 Ταϐιθὰν
1741 4850 1989 4909 θανοῦσαν

2111 4860 2320 4921 vertex,
2352 4854 2513 4909 illam
2547 4870 2868 4925 pauperum
2902 4851 3158 4907 altricem
3181 4852 3413 4907 viduam
3441 4848 3754 4905 Tabitbam

357 4941 598 5020 αὕθωρον
642 4942 927 5020 προσευχῇ
968 4941 1328 5016 ἐξανέστησεν.
1361 4946 1535 4996 Ταῦτα
1588 4942 1681 5015 μὲν
1731 4943 1821 4997 οὗν
1873 4944 1989 4997 θαυ-

2113 4944 2635 5012 mortuam,eadem
2670 4943 2811 4997 hora
2841 4942 3111 5013 precibus
3134 4940 3439 4997 suscitavit
3463 4940 3531 4993 ad
3556 4939 3756 4994 vitam.

362 5034 533 5107 μαστὲ
581 5032 671 5089 καὶ
732 5031 1115 5109 ὑπέρλαμπραο
1172 5032 1235 5086 τὸ
1296 5027 1355 5085 δὲ
1400 5031 1569 5105 παρὸν
1630 5032 1831 5105 θαῦμα,
1875 5030 1989 5087 ὅσοι

2115 5034 2241 5088 Hec
2290 5032 2557 5103 equidem
2609 5030 2898 5086 mirabilia
2942 5034 3079 5086 sunt
3123 5034 3179 5085 et
3208 5030 3377 5099 longe
3407 5026 3757 5083 clarissima.

356 5121 561 5178 τούτων
596 5123 1020 5199 ὑπερανέστηκεν
1048 5120 1060 5177 ί

2111 5122 2183 5177 At
2214 5138 2467 5193 praesens
2500 5120 2849 5175 miraculum
2883 5123 3171 5190 quantum
3202 5136 3269 5174 ea
3295 5115 3636 5187 exsuperatl

424 5214 541 5270 XV.
575 5212 679 5270 Καὶ
711 5210 811 5288 ὅρα
844 5232 937 5283 μοι
977 5210 1267 5286 προσέχων
1316 5209 1379 5265 τὸ
1423 5208 1694 5285 ὑπέροχον
1738 5214 1834 5265 τοῦ
1883 5209 1989 5265 θαύ-

2184 5210 2296 5265 XV.
2329 5210 2393 5265 Et
2420 5209 2548 5264 vide
2580 5208 2720 5263 mihi
2752 5214 2925 5279 atque
2957 5207 3257 5263 considera
3290 5204 3556 5260 miraculi
3578 5202 3760 5260 excel-

361 5322 548 5374 ματος.
586 5303 646 5360 Ὀ
697 5302 791 5375 μὲν
839 5300 1051 5366 Ἠλίας,
1099 5299 1173 5361 ὡς
1219 5300 1559 5376 προέφημεν,
1613 5298 1731 5374 ἄρτι
1781 5298 1989 5354 θανόντα

2115 5298 2377 5356 lentiam.
2430 5297 2583 5353 Elias
2639 5297 2899 5369 quidem,
2958 5302 3022 5352 ut
3071 5302 3205 5352 ante
3251 5294 3532 5358 diximus,
3591 5291 3762 5347 modo

354 5391 444 5445 τὸν
476 5388 642 5446 παῖδα
670 5390 760 5446 καὶ
792 5386 945 5446 οὔπω
974 5389 1375 5463 καταψυχέντα,
1407 5387 1534 5443 ἀλλ’
1566 5386 1728 5442 εἰσέτι
1772 5387 1834 5443 τὰ
1883 5390 1989 5465 θερ¹

2117 5393 2416 5445 mortuum
2450 5404 2721 5461 puerum,
2753 5387 2972 5459 quique
3005 5387 3265 5442 nondum
3312 5382 3631 5446 refrixerat,
3660 5380 3760 5435 sed

363 5480 459 5553 μὸν
489 5487 590 5551 τῆς
648 5479 857 5559 φύσεως
908 5477 1263 5550 διασώζοντα,
1297 5476 1661 5548 ἐξανέστησεν.
1695 5478 1757 5532 Ἡ
1808 5474 1865 5532 δὲ
1910 5482 1989 5533 τοῑ

2118 5479 2309 5535 adhuc
2332 5482 2552 5533 natura
2576 5475 2824 5533 calorem
2848 5476 3252 5542 conservabat,
3287 5469 3611 5529 suscitavit.
3646 5468 3761 5526 Eli-

435 5713 507 5792 (a)
535 5711 691 5772 Psal.
724 5729 894 5783 uvn,
922 5713 1010 5770 36.
1089 5711 1164 5785 (ὁ)
1194 5710 1348 5769 Psal.
1382 5728 1561 5785 σχειν,
1596 5711 1677 5768 19.
1758 5712 1828 5787 (ο)
1860 5712 1936 5770 ΙΙΙ
1968 5712 1989 5770 Ι

2100 5753 2110 5768 .
2139 5728 2275 5770 xvn.
2353 5708 2430 5785 (ἀ)
2462 5708 2537 5765 IV
2566 5708 2703 5782 Reg.
2740 5724 2877 5765 x111-
2964 5754 2967 5755 ν
