4094 6202
273 347 392 407 643

1371 338 1763 398 APPENDIX
1808 337 1910 396 AD
1956 336 2019 396 S.
2069 336 2579 398 CLEMENTEM.

3558 343 3679 399 644

276 479 373 535 seai
402 480 596 534 autem
627 476 813 530 virtus
843 473 1073 529 duabus
1104 473 1175 527 de
1204 471 1397 527 causis
1420 469 1767 526 miraculum
1792 484 1885 540 per

1997 464 2342 535 ,Ἐλισσαίου
2410 465 2633 541 δύναμις
2700 464 2847 524 δυοῖν
2896 466 3069 523 ε’ίνεκα
3135 468 3320 524 αἰτιῶν
3369 470 3433 524 τὸ
3495 473 3678 541 θαῦμα

274 568 407 623 fecit
431 591 445 634 ;
478 582 596 620 una
625 563 881 635 quidem,
906 562 1219 617 ostendens
1250 560 1592 632 pr0phetam
1619 560 1718 632 qui
1751 558 1915 630 igno-

274 656 552 718 rabatur;
600 653 714 708 alia
762 667 918 717 vero,
965 667 1077 704 non
1129 650 1450 705 concedens
1499 648 1708 703 caedem
1740 645 1915 701 etiam

274 749 407 816 post
437 748 704 798 mortem.
729 745 935 796 Petrus
961 746 1152 794 sulem
1177 754 1286 793 sua
1305 737 1535 801 virtute,
1571 742 1627 790 et
1647 734 1915 805 precibus

275 849 475 888 eorum
496 831 652 904 quia
677 830 853 886 vidua
881 828 1161 884 beneﬁcio
1186 827 1415 881 fuerant
1446 825 1633 880 affecti
1663 823 1915 894 sumptis
1970 877 1973 879 ,

273 922 333 976 in
365 921 668 990 auxilium,
701 920 826 991 ipse
855 934 1087 989 quoque
1109 932 1234 971 eam
1268 915 1439 969 modo
1456 914 1793 969 defunctam
1825 928 1914 966 re-

274 1009 595 1067 suscitavit.
633 1011 705 1064 At
744 1014 981 1064 sanctus
1014 1010 1232 1077 martyr
1260 1003 1565 1070 Clemens;
1594 1019 1626 1056 ο
1660 1002 1911 1055 miracu-

270 1099 392 1154 lum
420 1099 432 1153 Ι
467 1116 581 1154 non
616 1101 911 1152 mortuum
945 1098 1255 1159 recentem,
1290 1093 1392 1147 sed
1423 1108 1706 1160 annuum,
1739 1089 1827 1145 vel
1850 1093 1914 1143 ut

268 1184 479 1241 melius
530 1185 742 1251 dicam,
792 1199 925 1239 eum
978 1182 1074 1253 qui
1124 1182 1183 1236 in
1234 1196 1587 1251 unoquoque
1618 1182 1911 1233 momento

267 1275 511 1345 ejusque
542 1272 891 1329 tenuissima
921 1276 1083 1343 parte
1112 1269 1740 1339 moriebatur,puerum
1775 1284 1910 1322 con-

262 1363 529 1419 servavit.
562 1364 631 1417 Et
678 1362 839 1417 scitis
890 1375 1091 1416 omnes
1142 1359 1241 1430 qui
1275 1358 1355 1413 rei
1390 1356 1713 1428 periculum
1750 1356 1911 1412 fecis-

259 1452 356 1519 tis,
390 1457 609 1524 quanto
642 1456 900 1523 tempore
932 1447 1247 1505 verisimile
1277 1453 1399 1503 erat
1420 1463 1668 1520 puerum
1690 1444 1751 1500 in
1783 1461 1910 1517 pro-

258 1542 438 1597 fundo
470 1547 589 1596 tam
618 1544 778 1596 vasto
811 1537 1164 1595 conservari.

329 1630 472 1685 XVI.
506 1634 720 1685 Verum
769 1628 916 1684 mihi
976 1626 1284 1699 diligenter
1332 1623 1745 1693 consideranti,
1788 1640 1905 1680 non

261 1736 446 1775 unum
476 1724 813 1775 mortuum:
848 1718 948 1773 sed
999 1720 1218 1787 quanto
1266 1712 1546 1785 temporis
1577 1712 1764 1786 spatio
1790 1713 1901 1770 sci-

2023 556 2316 611 τετέλεκιν·
2350 556 2425 611 ἐνὶ
2462 559 2575 631 μὲν,
2608 557 2969 633 ἀγνοούμενον
3002 561 3288 635 προφήτην
3332 556 3674 628 δεικνύουσα,

2025 644 2193 721 ἑτέρῳ
2238 643 2313 717 δὲ,
2351 648 2425 719 μὴ
2476 652 2835 722 συγχωροῦσα
2883 647 3042 723 φόνον
3095 648 3184 701 καὶ
3238 648 3373 720 μετὰ
3417 648 3665 703 θάνατον.

2023 735 2080 787 Ὀ
2112 734 2167 788 δέ
2195 757 2256 810 γε
2286 736 2489 811 Πέτρος
2519 740 2586 809 τῇ
2622 733 2732 806 ἰδίᾳ
2762 735 3007 809 δυνάμει,
3037 736 3125 790 καὶ
3173 737 3272 804 τήν
3318 740 3423 790 τῶν
3470 736 3675 813 εὐεργε-

2021 822 2299 897 τουμένων
2344 825 2489 900 παρὰ
2535 827 2633 893 τῆς
2680 827 2859 900 χήρας
2907 825 3075 901 εὐχὴν
3123 826 3377 900 συνεργὸν
3423 820 3670 897 λαϐόμε-

2021 934 2136 981 νος,
2188 911 2305 989 ἄρτι
2355 914 2443 968 καὶ
2494 913 2653 977 αὐτὸς
2697 913 2897 985 ταύτην
2943 916 3203 969 θανοῦσαν
3260 913 3667 985 έξανεστήσατο.

2021 1003 2077 1055 Ὀ
2127 999 2185 1056 δέ
2229 1024 2289 1078 γε
2334 1002 2661 1079 ἱερομάρτυς
2711 1002 2968 1076 Κλήμης,
3012 1004 3057 1057 ὦ
3094 1007 3191 1058 τοῦ
3223 1002 3536 1076 θαύματοςί
3570 1003 3671 1059 οὐκ

2020 1089 2300 1164 ἀρτιθανῆ,
2349 1089 2475 1146 ἀλλ’
2544 1091 2887 1161 ἐνιαυσιαῖον,
2940 1094 2975 1162 ἢ
3029 1090 3240 1165 μᾶλλον
3306 1092 3472 1149 εἴπεῖν
3550 1094 3669 1148 καθ’

2022 1179 2246 1251 ἑκάστην
2296 1182 2530 1255 στιγμὴν
2584 1180 2672 1235 καὶ
2732 1181 2934 1252 ταύτης
2998 1180 3077 1253 τῷ
3148 1180 3465 1255 λεπτοτάτῳ
3530 1182 3665 1237 ἀπο-

2018 1269 2314 1339 θνήσκοντα
2342 1267 2509 1324 παῖδα
2539 1266 2809 1339 διέσωζεν.
2846 1271 2947 1326 Καὶ
2982 1266 3090 1325 ἷ¹στε
3138 1272 3332 1333 πάντες
3383 1272 3435 1325 oi.
3482 1292 3665 1327 πεπει-

2019 1359 2241 1433 ραμένοι
2270 1356 2365 1412 τοῦ
2398 1360 2741 1433 πράγματος,
2773 1358 2939 1413 πόσον
2972 1358 3114 1421 εἰκὸς
3149 1359 3210 1429 ἦν
3238 1356 3406 1414 παῖδα
3435 1359 3485 1413 ἐν
3519 1360 3665 1416 οὕτω

2016 1446 2238 1521 ἀπλέτῳ
2273 1449 2419 1524 βυθῷ
2452 1444 2802 1517 διασώζεσθαι
2831 1448 3054 1525 χρόνον.

2088 1632 2229 1683 XVI.
2264 1623 2439 1684 Ἀλλά
2473 1648 2565 1700 μοι
2597 1620 2839 1703 ἀκριϐῶς
2871 1625 3301 1703 σκοποῦντι,οὐχ
3329 1624 3420 1681 ἕνα
3447 1628 3657 1701 νεκρὸν,

2013 1713 2140 1771 ἀλλ’
2167 1715 2296 1787 ὅσην
2350 1715 2493 1791 ὥραν
2547 1711 2698 1789 ί¹σμεν
2750 1716 2800 1771 έν
2853 1713 3004 1771 ὕδατι
3038 1712 3203 1771 παῖδα
3232 1715 3534 1792 πνίγεσθαι,
3563 1718 3655 1773 τὸν

260 1826 394 1865 mus
423 1825 670 1881 puerum
701 1808 761 1863 in
793 1823 945 1878 aqua
975 1803 1266 1872 suffocari,
1300 1804 1356 1858 id
1388 1807 1620 1874 tempus
1646 1806 1880 1874 repeten

2011 1801 2209 1881 χρόνον
2285 1802 2719 1874 ἀναποδίζοντες,
2787 1805 2876 1859 καὶ
2940 1804 3137 1867 ταύτας
3204 1805 3656 1880 ἀναμετροῦντες,

254 1904 342 1954 tes
384 1914 567 1970 eaque
612 1894 917 1952 intervalla
965 1893 1353 1959 remetientes,
1402 1890 1765 1948 inveniemus
1818 1897 1885 1949 to1

2006 1895 2297 1957 τοσούτους
2329 1893 2551 1971 νεκροὺς
2591 1894 2865 1949 ἀνεστάναι
2915 1895 3006 1949 τὸν
3058 1894 3211 1969 ἅγιον
3259 1892 3651 1972 έφευρήσομεν.

255 1993 516 2043 mortuos
566 2004 600 2043 a
648 1989 848 2042 sancto
898 1984 1080 2039 fuisse
1121 1982 1453 2038 suscitatos.
1501 1980 1781 2051 Quodque
1810 1984 1900 2035 est

251 2077 681 2148 admirabilius,
734 2092 849 2130 non
902 2073 973 2128 ab
1022 2088 1307 2144 aquarum
1338 2071 1621 2125 duntaxat
1647 2070 1894 2125 suﬂ’oca-

249 2168 427 2237 tione,
455 2165 556 2222 sed
588 2170 646 2221 et
674 2182 708 2220 a
728 2162 1048 2220 bestiarum
1097 2160 1331 2216 laesione
1379 2174 1623 2231 puerum
1668 2161 1895 2213 tutatus

248 2259 360 2311 est.
394 2258 433 2306 Ο
465 2254 715 2326 gratiam
743 2252 755 2307 ι
800 2268 832 2307 o
862 2251 1134 2306 virtutem
1166 2266 1292 2320 quas
1325 2253 1569 2319 utraque
1599 2245 1892 2315 ostendit;

248 2349 305 2399 et
335 2360 498 2415 aquae
540 2341 870 2414 compedes,
922 2345 978 2395 et
1011 2338 1335 2394 belluarum
1368 2335 1888 2408 propulsationem.

246 2433 335 2488 Ad
388 2432 505 2487 haec
549 2432 647 2502 qui
699 2430 943 2485 dicitis?
981 2428 1185 2483 Nonne
1226 2427 1334 2482 hoc
1380 2424 1731 2480 miraculum
1780 2423 1894 2480 alia

247 2521 534 2592 superat?
561 2518 681 2574 Nisi
714 2518 844 2590 quis
877 2534 982 2572 nos
1004 2515 1155 2572 male
1187 2519 1509 2582 accuset,ut
1538 2512 1682 2568 illud
1716 2530 1892 2585 super

243 2607 529 2664 miracula
557 2607 896 2679 prophetica
926 2603 1280 2660 extollentes.
1305 2602 1476 2658 Nulla
1505 2619 1631 2657 eam
1662 2603 1734 2657 ob
1764 2619 1888 2657 rem

241 2697 609 2769 nos_macula
639 2696 903 2766 attinget.
959 2694 1183 2750 Etenim
1233 2697 1431 2764 aperte
1462 2691 1623 2747 scitis
1654 2709 1886 2747 sacrum

239 2794 551 2859 martyrem
584 2786 641 2839 in
674 2785 876 2840 eadem
907 2783 1088 2853 gloria
1130 2788 1187 2837 et
1216 2782 1274 2836 in
1307 2782 1513 2836 iisdem
1542 2782 1885 2836 tabernacu-

235 2875 308 2931 lis
340 2891 465 2930 esse
496 2891 627 2930 cum
659 2873 875 2929 sanctis
911 2868 1600 2943 martyribus,apostolis,
1637 2869 1883 2941 prophe-

237 2966 333 3031 tis,
367 2963 627 3035 ipsisque
657 2962 900 3034 angelis.

309 3052 479 3108 XVII.
513 3052 647 3119 Sed,
700 3068 732 3106 ο
784 3055 1103 3123 martyrum
1135 3047 1428 3121 splendor,
1462 3054 1519 3103 et
1549 3052 1882 3104 sanctorum

239 3142 437 3207 decus,
472 3139 740 3211 primitiae
786 3139 1260 3206 hierarcharum;
1294 3139 1420 3192 vide
1453 3138 1608 3192 hunc
1639 3141 1695 3192 et
1726 3154 1880 3192 nunc

2006 1982 2111 2037 Καὶ
2158 1984 2219 2038 τὸ
2269 1981 2335 2051 δὴ
2388 1982 2842 2060 θαυμαστότερον,
2886 1982 2968 2037 ὅτι
3024 1982 3085 2037 οὐ
3132 1989 3231 2052 τῆς
3282 1987 3387 2036 τῶν
3443 1980 3649 2038 ὑδάτων

2009 2069 2173 2143 μόνον
2201 2079 2524 2149 πνιγμονῆς,
2560 2069 2705 2127 ἀλλά
2751 2072 2841 2127 καὶ
2887 2078 2985 2141 τῆς
3036 2070 3241 2147 θηρίων
3294 2066 3508 2148 βλάϐης
3556 2072 3649 2127 τὸν

2003 2156 2169 2215 παῖδα
2217 2158 2483 2230 διέσωζεν.
2531 2162 2595 2215 Ὠ
2643 2160 2890 2237 χάριτος,
2942 2158 2986 2215 ὣ
3040 2158 3321 2234 δυνάμεως
3370 2160 3653 2239 ἀμφότερα

2003 2244 2378 2323 δεικνυμένης,
2408 2249 2497 2305 καὶ
2544 2254 2623 2322 τῷ
2673 2248 2826 2304 ὕδατι
2874 2247 3101 2320 πέδησις
3152 2252 3217 2321 2⁸,
3250 2251 3339 2305 καὶ
3388 2254 3493 2305 τῶν
3550 2262 3649 2320 θη-

2004 2339 2133 2414 ρίων
2189 2340 2543 2415 ἀμυντήριον.
2596 2340 2740 2415 Πρὸς
2795 2344 2962 2394 ταῦτα
3011 2338 3063 2393 τί
3112 2359 3278 2415 φατε,
3324 2338 3443 2415 Οὐχ
3491 2340 3654 2415 ὑπέρ-

2000 2448 2170 2483 κειται
2222 2429 2281 2483 τὸ
2331 2434 2511 2501 θαῦμα
2555 2433 2660 2483 τῶν
2698 2426 2924 2497 ἅλλωνς
2960 2427 3024 2485 Εἰ
3060 2429 3133 2500 μή
3168 2449 3253 2490 τις
3284 2429 3433 2500 ἡμᾶς
3464 2433 3646 2490 κακῶς

2000 2516 2432 2591 καταμέμψοιτο,
2477 2516 2550 2577 ὡς
2599 2519 2951 2593 προφητικῶν
3000 2518 3161 2569 τοῦτο
3208 2515 3497 2591 θαυμάτων
3553 2515 3649 2570 ὑπ·
3692 2552 3729 2557 κ-

1999 2604 2302 2681 εξαίροντας
2328 2608 2392 2661 ³9.
2426 2602 2617 2667 Οὐδεὶς
2650 2607 2811 2677 ἡμῶν
2849 2608 3041 2677 μῶμος
3072 2602 3266 2659 τούτου
3308 2603 3469 2680 χάριν
3513 2607 3646 2668 καθ-

1998 2695 2206 2768 άψεται.
2270 2696 2367 2749 Καὶ
2452 2691 2631 2748 οἷ’δατε
2696 2693 2799 2769 γὰρ
2861 2697 3042 2770 σαφῶς
3100 2692 3191 2747 τὸν
3252 2694 3642 2770 ἱερομάρτυρα,

1995 2782 2084 2838 καὶ
2139 2783 2327 2850 ὁσίων,
2358 2782 2444 2837 καθ
2493 2781 2803 2858 μαρτύρων,
2852 2782 2941 2836 καὶ
2992 2779 3336 2852 ἀποστόλων,
3368 2782 3459 2836 καὶ
3510 2803 3644 2857 προ-

1995 2876 2203 2951 φητῶν,
2235 2873 2323 2927 καὶ
2355 2869 2601 2947 ἀγγέλων
2633 2870 2825 2939 αὐτῶν,
2859 2869 3121 2944 ὁμόδοξον
3174 2871 3437 2947 ὑπάρχειν
3482 2872 3645 2927 αὐτὸν

1992 2961 2081 3017 καὶ
2115 2961 2392 3027 σύσκηνον.

2062 3055 2228 3107 XVII.
2260 3048 2435 3121 Ἀλλ’,
2468 3050 2513 3104 ὦ
2547 3049 2832 3126 μαρτύρων
2862 3048 3158 3125 ἀγλάϊσμα,
3174 3048 3334 3104 ὁσίων
3365 3070 3417 3104 τι
3441 3048 3639 3126 ἐγκαλ-

1991 3136 2561 3214 λώπισμα,ἱεραρχῶν
2594 3136 3015 3215 ἀκροθίνιονβδε
3042 3142 3203 3194 τοῦτο
3236 3139 3324 3194 καὶ
3354 3140 3420 3194 τὰ
3450 3144 3540 3193 νῦν
3573 3140 3639 3195 τὸ

233 3234 576 3302 ρι-ωεοηὶθιῐι
627 3233 860 3299 ctutum,
914 3228 1071 3300 pium
1122 3233 1179 3281 et
1222 3227 1312 3282 Dei
1365 3232 1680 3297 amantem,
1714 3226 1879 3298 quia

1997 3228 2155 3304 παρὸν
2189 3228 2561 3302 σόνταγμα,τὸ
2592 3223 2801 3290 εὐσεϐὲς
2827 3227 2916 3282 καὶ
2947 3226 3221 3305 φιλόθεον,
3251 3228 3340 3283 καὶ
3371 3235 3487 3292 καθ’
3514 3229 3637 3283 εκά-

228 3319 356 3373 νίιαι
390 3318 666 3374 ﬂuctibus
698 3317 956 3388 quotidie
991 3316 1422 3388 submergitur;
1455 3315 1573 3371 tuis
1605 3316 1876 3387 precibus

228 3407 475 3463 illaesum
526 3407 751 3462 custodi
783 3410 839 3461 et
868 3422 1031 3461 serva
1061 3404 1412 3460 incolumem
1439 3423 1452 3473 ;
1486 3423 1551 3460 ac
1582 3407 1875 3461 daemones

228 3498 327 3570 qui
359 3497 547 3553 instar
577 3498 830 3553 ferarum
864 3495 1213 3550 immanium
1241 3493 1875 3567 insiliunt,animzeque

228 3587 591 3643 nobilitatem
624 3588 1001 3641 devoraturos
1034 3601 1094 3639 se
1123 3600 1252 3639 esse
1273 3584 1873 3652 minantur,interces-

227 3677 462 3732 sionum
489 3680 725 3730 tuarum
749 3674 947 3745 jaculo
978 3672 1250 3745 expellas,
1304 3689 1336 3728 ο
1375 3674 1764 3729 sanctissime.
1799 3678 1874 3729 At

226 3771 379 3821 certe
408 3772 464 3820 et
494 3782 616 3831 vos,
666 3768 721 3819 et
769 3763 1112 3818 ﬁdelissima
1149 3762 1538 3834 congregatio,
1572 3762 1685 3817 huc
1716 3766 1870 3835 agite

228 3854 394 3925 mihi,
445 3854 718 3908 obsecro:
772 3869 872 3923 per
921 3852 1072 3905 bona
1103 3850 1336 3921 Deoque
1366 3856 1531 3921 grata
1559 3867 1734 3920 opera
1765 3868 1870 3907 nos

222 3942 433 4013 dignos
463 3942 645 3996 sancti
680 3940 905 4012 gratiis,
939 3956 1004 3994 ac
1037 3939 1207 3993 donis
1239 3939 1651 3993 efﬁciamus.El
1679 3940 1866 4010 primo

220 4030 453 4100 quidem
506 4029 847 4083 cbaritatem
899 4044 1036 4099 erga
1081 4027 1264 4081 Deum
1307 4032 1362 4081 et
1391 4027 1541 4081 inter
1572 4044 1677 4081 nos
1707 4028 1866 4098 ipsos

220 4118 509 4173 sinceram
552 4134 618 4172 ac
652 4117 1135 4187 imperturbatam
1169 4131 1493 4181 servemus;
1552 4116 1761 4170 deinde
1792 4118 1863 4173 ab

218 4205 378 4260 omni
438 4204 769 4275 maledicto,
821 4203 978 4260 omni
1030 4202 1353 4270 mendacio,
1394 4204 1551 4258 omni
1586 4205 1861 4277 perjurio,

214 4309 323 4349 nos
356 4308 760 4365 repurgemus.

289 4380 483 4435 XVIII.
520 4384 662 4435 Ante
712 4380 830 4435 hanc
878 4395 1010 4434 vero
1044 4383 1100 4434 et
1132 4382 1260 4450 post
1292 4379 1409 4434 haec
1435 4378 1860 4455 eleemosynam

217 4469 523 4534 faciamus,
543 4485 669 4547 quas
696 4474 753 4524 et
785 4467 971 4541 magis
1004 4468 1114 4522 scit
1147 4470 1322 4522 Deum
1356 4467 1603 4540 placare,
1637 4487 1702 4525 ac
1729 4489 1859 4543 pro.

1985 3338 2115 3386 στην
2147 3318 2248 3371 ὑπὸ
2268 3322 2373 3371 τῶν
2394 3322 2495 3372 τοῦ
2522 3315 2643 3393 βίου
2666 3314 3059 3390 κλυδωνισμῶν
3079 3318 3627 3391 καταποντιζόμενον·

1981 3412 2099 3468 ταῖς
2149 3411 2267 3468 σαῖς
2316 3404 2495 3468 λιταῖς
2543 3401 2781 3469 ἀϐλαϐὲς
2830 3405 3050 3484 φρούρει
3094 3428 3154 3462 τε
3199 3407 3289 3462 καὶ
3337 3408 3625 3483 περίσωζε’

1981 3496 2069 3550 καὶ
2099 3495 2226 3558 τοὺς
2266 3494 2393 3550 ὡσεὶ
2440 3497 2608 3570 θῆρας
2659 3495 2885 3571 ἀγρίους
2936 3494 3313 3567 ἐπιπηδῶντας
3363 3494 3629 3569 δαίμονας

1980 3584 2069 3639 καὶ
2116 3589 2435 3662 καταφαγεῖν
2484 3585 2547 3638 τὸ
2587 3587 2686 3653 τῆς
2718 3587 2900 3659 ψυχῆς
2931 3584 3142 3659 εὐγενὶς
3179 3584 3625 3661 έπαπειλοῦντας,

1979 3678 2057 3745 τῷ
2087 3677 2193 3727 τῶν
2224 3677 2328 3726 σῶν
2369 3667 2666 3747 πρεσϐειῶν
2721 3673 2953 3746 ἀκοντίῳ
2998 3671 3349 3745 ἀποδιώκοις,
3382 3672 3626 3734 πανόσιε.

1977 3759 2132 3818 Ἀλλ’
2163 3760 2253 3816 οὗν
2310 3761 2398 3815 καὶ
2449 3762 2625 3834 ὑμεῖς,
2665 3763 2710 3815 ὧ
2759 3761 3078 3817 πιστότατον
3129 3763 3419 3838 ἄθροισμα,
3472 3763 3627 3821 δεῦτέ

1983 3874 2076 3925 μοι
2107 3849 2425 3925 παρακαλῶ·
2462 3848 2533 3905 δι’
2563 3852 2771 3928 ἀγαθῶν
2806 3848 2978 3929 ἔργων
3009 3854 3097 3908 καὶ
3124 3853 3391 3932 θεοφιλῶν
3439 3855 3623 3925 ἀξίους

1978 3940 2196 4002 ἑαυτοὺς
2225 3945 2330 3994 τῶν
2361 3944 2457 3994 τοῦ
2489 3940 2645 4015 ἁγίου
2694 3941 2932 4015 χαρίτων
2983 3942 3076 3996 καῖ’
3121 3940 3338 4018 δωρεῶν
3379 3943 3623 4019 ἐργασώο

1980 4040 2133 4100 μεθα.
2168 4029 2264 4083 Καὶ
2312 4033 2500 4104 πρῶτα
2549 4029 2643 4101 μὲν
2689 4030 2788 4097 τήν
2834 4030 2970 4103 πρὸς
3020 4029 3148 4086 Θεὸν
3197 4032 3284 4086 καὶ
3332 4031 3621 4104 ἀλλήλους

1973 4116 2207 4193 ἀγάπην,
2240 4116 2507 4193 εἰλικρινῆ
2555 4118 2645 4171 καὶ
2694 4117 2969 4174 ἀθόλωτον
3018 4119 3400 4198 φυλαξώμεθα*
3438 4121 3623 4179 ἔπειτα

1972 4206 2148 4276 πάσης
2208 4204 2507 4283 λοιδορίας,
2559 4207 2648 4260 καὶ
2706 4208 2905 4270 παντὸς
2981 4208 3233 4283 ψεύδους,
3280 4212 3365 4265 καὶ
3441 4214 3621 4283 πάσης

1972 4293 2270 4369 ἐπιορκίας,
2306 4293 2524 4356 ἑαυτοὺς
2555 4294 2957 4371 έκκαθάρωμεν.

2042 4385 2236 4440 XVIII.
2254 4384 2365 4459 Πρὸ
2398 4380 2455 4437 δὲ
2484 4383 2689 4439 τούτων
2724 4385 2812 4439 καὶ
2839 4386 2973 4458 μετὰ
2992 4392 3176 4459 ταῦτα,
3193 4390 3292 4457 τῆν
3318 4387 3445 4460 έλεη
3457 4392 3620 4464 μοσόο

1969 4495 2064 4543 νην
2106 4474 2582 4547 κατεργασώμεθα,
2615 4474 2650 4542 ἢ
2681 4474 2770 4528 καὶ
2806 4474 3020 4546 μᾶλλον
3050 4474 3161 4532 οἶδε
3188 4478 3277 4533 τὸν
3309 4479 3437 4533 Θεὸν
3466 4482 3619 4555 θερα-

216 4558 422 4630 pitium
477 4557 714 4612 reddere
772 4556 1025 4627 peccatis
1074 4555 1306 4611 nostris.
1362 4556 1500 4622 Quis
1548 4558 1702 4613 enim
1732 4560 1859 4630 ejus

1997 4562 2169 4628 τεύειν,
2215 4560 2383 4617 ’ίλεών
2444 4584 2501 4616 τε
2547 4567 2724 4617 ποιεῖν
2774 4570 2891 4626 ταῖς
2940 4566 3228 4641 ἁμαρτίαις
3274 4570 3458 4640 ἡμῶν.
3514 4570 3617 4632 Τίς

215 4647 701 4718 oblitus,regnum
728 4645 825 4700 Dei
852 4644 1405 4717 possederit?Nomo
1429 4650 1692 4702 nostrum
1720 4666 1860 4720 prae-

212 4739 368 4791 texat
400 4740 1000 4808 paupertatem,nemo
1030 4733 1392 4801 viduitatem,
1414 4751 1518 4789 nec
1541 4734 1855 4793 liberorum

213 4824 617 4880 educationem
638 4841 660 4886 ;
694 4823 932 4895 frigidas
965 4824 1069 4879 bas
1109 4823 1582 4895 perniciosaeque
1620 4841 1858 4883 excusa-

215 4914 424 4969 tiones.
449 4912 627 4968 Nemo
645 4919 903 4967 vestrum
935 4913 1109 4967 vidua
1138 4911 1236 4966 illa
1267 4914 1577 4984 pauperior
1607 4920 1714 4981 est,
1734 4934 1862 4989 quae

215 4999 359 5057 nihil
373 5000 529 5056 aliud
545 5004 755 5072 praeter
766 4999 1055 5074 pugillum
1076 4999 1271 5055 farinae
1284 5001 1719 5071 possidebat,ad
1740 5005 1861 5062 haec

212 5089 401 5147 alebat
412 5088 783 5162 1iberos,quas
795 5095 976 5146 tamen
993 5105 1163 5146 suam
1176 5093 1278 5145 aut
1289 5088 1580 5145 ﬁliivitam
1594 5108 1708 5148 non
1724 5110 1862 5166 pm-

206 5178 344 5234 tulit
368 5178 778 5235 misericordias
825 5180 921 5253 (a).
946 5180 1028 5237 Ne
1060 5195 1376 5236 excusemus
1395 5183 1769 5239 excusatione:
1798 5186 1861 5241 in

203 5270 442 5340 peccati:
455 5267 697 5340 (b).Deu:
707 5284 817 5325 non
832 5267 1093 5324 irridetur
1103 5269 1171 5341 (υ)
1181 5268 1566 5341 .Aspiciamus
1581 5275 1773 5330 mente
1785 5275 1857 5330 ad

272 5392 352 5467 (a)
382 5393 459 5451 III
490 5396 627 5467 Reg.
658 5411 793 5452 xvu.
870 5394 944 5468 (ὁ)
976 5392 1126 5451 Psal.
1160 5410 1282 5467 CXL,
1313 5394 1366 5451 4.
1443 5394 1513 5469 (c)
1546 5394 1671 5453 Gal.
1703 5414 1780 5469 v1,
1812 5399 1869 5457 7.

1967 4653 2071 4727 γὰρ
2122 4652 2323 4721 ταύτης
2374 4650 2791 4724 ἐπιλαθόμενος,
2846 4653 3120 4727 βασιλείαν
3167 4661 3300 4711 Θεοῦ
3349 4656 3619 4733 κληρονοο

1971 4742 2230 4813 μήσειεν;
2274 4737 2479 4810 Μηδεὶς
2538 4742 2694 4813 ἡμῶν
2750 4737 3107 4817 προϐαλέσθω
3161 4746 3369 4813 πενίαν,
3420 4745 3615 4819 μηδεὶς

1969 4828 2219 4904 χηρείαν,
2256 4830 2394 4901 μήτε
2422 4824 2832 4906 παιδοτροφίαν,
2866 4832 2959 4893 τὰς
2992 4833 3205 4908 ψυχρὰς
3235 4835 3428 4897 ταύτας
3478 4856 3613 4911 προ-

1970 4919 2155 4996 φάσεις
2186 4917 2274 4972 καὶ
2308 4916 2609 4990 ὀλέθρίους.
2643 4916 2833 4981 Οὐδεὶς
2868 4920 3019 4993 ὑμῶν
3050 4928 3151 4991 τῆς
3182 4924 3362 4998 χήρας
3404 4923 3615 4995 ἐκείνης

1968 5008 2306 5083 πενέστερος,
2337 5014 2438 5077 τῆς
2474 5004 2643 5081 μηδὲν
2670 5004 2853 5083 ἕτερον
2885 5009 2929 5063 εἰ
2966 5010 3041 5084 μὴ
3075 5008 3245 5086 δράκα
3273 5013 3613 5087 κεκτημένης

1966 5092 2222 5172 ἀλεύρου,
2271 5096 2361 5151 καὶ
2406 5100 2576 5151 ταῦτα
2620 5094 3111 5177 παιδοτροφούσῃς,
3160 5100 3250 5156 καὶ
3300 5103 3375 5177 μή
3427 5124 3615 5180 προτι-

1971 5184 2219 5260 μησάσης
2276 5185 2375 5255 τήν
2422 5182 2561 5240 ἰδίαν
2605 5187 2773 5258 ζωὴν,
2802 5187 2838 5257 ἦ
2870 5186 2940 5263 τῇ
2983 5191 3030 5226 ⁸ο
3073 5193 3169 5245 τοῦ
3214 5190 3431 5265 τέκνου,
3479 5192 3611 5269 ὑπὲρ

1965 5274 2056 5330 τὸν
2107 5272 2278 5334 ἔλεον.
2328 5274 2415 5345 Μὴ
2464 5276 2925 5354 προφασιζώμεθα
2971 5277 3267 5360 προφάσεις
3328 5279 3380 5337 ἐν
3434 5283 3609 5358 ἁμαρ-

1562 5545 1798 5605 νΑΗΙᾹζ
1840 5549 2252 5611 LEGTIONES.

273 5657 320 5694 ²⁰
351 5657 391 5715 f.
425 5655 672 5733 πίδησιν,
746 5663 791 5699 ²⁹
821 5663 861 5719 f.
895 5659 1298 5742 ὑπεραίροντας.
1375 5662 1422 5698 ⁹⁰
1452 5660 1492 5721 I.
1520 5662 1644 5735 τήν.
