4094 6202
811 602 963 798 S.
1080 600 2067 794 BABNABAS
2201 598 3261 797 APOSTOLUS

1258 1084 2654 1241 PROLEGOMEN
2661 1089 2837 1240 Α

586 1524 1050 1602 VETERUM
1101 1521 1685 1598 TESTIMONIA
1737 1520 1861 1595 DE
1915 1520 1988 1594 S.
2049 1520 2496 1596 BARNABA
2546 1520 2670 1595 ET
2725 1518 2823 1595 EJ
2836 1520 2945 1595 US
2999 1519 3463 1595 EPISTOLA

1068 1703 1405 1776 (ὕψωμα,
1440 1702 1550 1759 γει.
1581 1702 1734 1760 Patr.
1769 1698 2035 1771 Bibloth.,
2068 1701 2113 1770 Ι,
2148 1698 2269 1754 113.
2301 1697 2528 1768 Vsnct.,
2562 1698 2722 1771 1765,
2754 1697 2972 1769 in-l‘ol.)

1988 2011 2031 2067 Ι.

1064 2132 1333 2189 Cnauaas
1361 2132 1533 2187 Anax.
1569 2133 1792 2203 Στρωμ.
1825 2126 1926 2183 lib.
1958 2144 2023 2198 ιι,
2051 2143 2176 2200 cap.
2209 2128 2263 2196 6,
2295 2143 2429 2200 pag.
2457 2126 2582 2195 445,
2612 2126 2751 2183 edit.
2786 2126 2969 2185 Oxon.

391 2278 593 2333 Merito
642 2277 820 2350 igitur
866 2275 1161 2331 Barnabas
1210 2272 1531 2343 apostolus,
1562 2273 1647 2327 Ea:
1693 2287 1757 2328 ea
1803 2286 1968 2343 quam

2144 2267 2386 2330 Εἰκότως
2426 2266 2517 2323 οὗν
2569 2269 2597 2323 6
2654 2266 2961 2331 ἀπόστολος
3008 2263 3310 2344 Βαρνάϐας·
3344 2271 3465 2349 ’Δφ’
3494 2270 3576 2345 οὗ,
3609 2294 3717 2349 φη-

317 2369 523 2440 accepi,
557 2367 769 2439 inquit,
797 2375 978 2437 parte,
1007 2370 1142 2431 etc.,
1174 2365 1348 2435 Epist.
1377 2379 1504 2434 cap.
1531 2362 1583 2417 1.

1294 2367 1348 2418 It.
1377 2379 1504 2434 cap.
1531 2362 1583 2417 1.
2074 2356 2179 2427 σὶν,
2211 2352 2407 2412 ἔλαϐον
2440 2359 2658 2433 μέρους,
2688 2379 2741 2415 κ.
2770 2379 2822 2415 τ.
2857 2355 2911 2414 λ.

1559 2566 1726 2631 IDEM,
1754 2564 1913 2631 ibid.,
1945 2580 2071 2636 cap.
2101 2564 2159 2632 7,
2184 2580 2316 2636 pag.
2340 2564 2472 2643 .447.

381 2716 451 2771 Et
481 2714 774 2771 Barnabas
803 2710 1100 2783 apostolus
1125 2726 1138 2764 :
1178 2711 1267 2767 Vae
1294 2710 1392 2780 qui
1428 2711 1555 2763 sunt
1585 2709 1956 2777 intelligentes

2136 2704 2237 2762 Καὶ
2276 2699 2557 2781 Βαρνάϐας
2608 2706 2636 2759 6
2686 2703 3016 2767 άπόστολος³
3046 2704 3182 2763 Οὐαὶ
3232 2707 3285 2761 οἱ
3332 2707 3539 2762 συνετοὶ
3582 2710 3714 2785 παρ’

310 2804 457 2877 apud
486 2820 539 2859 se
568 2806 728 2874 ipsos.
763 2802 899 2873 Cap.
933 2801 986 2856 4.

680 2819 728 2857 '3.
763 2802 899 2873 Cap.
933 2801 986 2856 4.
2065 2794 2297 2856 ἑαυτοῖς.

1529 2993 1693 3058 lnam,
1726 2990 1887 3058 ibid.,
1922 3006 2045 3062 cap.
2082 2991 2168 3056 15,
2201 3005 2330 3062 pag.
2364 2990 2487 3045 464.

372 3139 483 3195 Sed
515 3145 574 3195 st
624 3138 819 3202 David.
864 3141 921 3193 et
967 3142 1100 3193 ante
1149 3137 1327 3193 David
1378 3137 1625 3208 Moyses,
1677 3152 1779 3206 per
1830 3133 1951 3189 haec

2134 3128 2309 3188 Ἀλλὰ
2355 3130 2444 3185 καὶ
2489 3125 2676 3199 Δαϐὶδ,
2709 3132 2798 3185 καὶ
2843 3131 2948 3206 πρὸ
2996 3125 3169 3185 Λαϐὶδ
3212 3132 3240 3186 6
3290 3133 3554 3204 Μωϋσῆς,
3598 3139 3711 3191 τῶν

297 3227 479 3283 trium
514 3229 854 3299 dogmatum
888 3226 1204 3281 ostendunt
1224 3224 1638 3297 cognitionem.
1665 3223 1792 3278 Haec
1825 3223 1914 3294 qui

2092 3224 2223 3293 ριῶν
2256 3218 2548 3296 δογμάτων
2576 3221 2675 3289 τὴν
2710 3224 2906 3296 γνῶσιν
2941 3220 3291 3299 ἐμφαίνουσιν
3342 3219 3429 3278 διὰ
3471 3222 3706 3283 τούτων,

298 3316 432 3373 dem
465 3317 784 3375 Barnabas.
818 3319 954 3388 Cap.
988 3315 1074 3371 10.

2056 3313 2231 3365 Ταῦτα
2265 3308 2357 3383 μὶν
2393 3309 2421 3363 6
2452 3302 2747 3385 Βαρνάϐας.

1517 3510 1680 3579 low,
1712 3508 1871 3578 ibid.,
1903 3525 2031 3581 cap.
2067 3509 2154 3577 18,
2186 3523 2319 3580 pag.
2353 3507 2477 3563 472.

367 3657 607 3730 Mystice
665 3657 918 3728 profecto
967 3654 1297 3710 Barnabas:
1351 3652 1489 3707 Deus
1537 3652 1632 3722 qui
1685 3654 1942 3707 universo

2125 3645 2343 3721 Ἀμέλει
2407 3651 2678 3719 μυστικῶς
2733 3648 2761 3701 6
2821 3642 3115 3724 Βαρνάϐας·
3169 3648 3226 3701 ’0
3275 3645 3333 3703 δὶ
3379 3650 3505 3711 Θεὸς
3544 3651 3572 3705 6
3601 3656 3701 3706 τοῦ

291 3747 499 3802 mundo
518 3746 856 3812 dominatur,
888 3744 1099 3815 inquit,
1130 3742 1240 3810 det,
1272 3746 1382 3796 etc.
1411 3742 1550 3813 Cap.
1586 3739 1691 3796 ult.

2050 3737 2248 3799 παντὸς
2279 3736 2489 3810 κόσμου
2518 3735 2804 3810 κυριεύων,
2836 3737 2990 3816 φησὶ,
3023 3734 3163 3810 δῴη,
3196 3758 3250 3794 κ.
3279 3757 3330 3792 τ.
3366 3736 3419 3795 λ.

1513 3919 1679 3988 IDEM,
1715 3916 1871 3985 ibid.,
1907 3932 2033 3989 cap.
2064 3917 2155 3983 20,
2189 3932 2322 3988 pag.
2356 3916 2479 3971 489.

357 4034 482 4090 Non
514 4036 657 4091 mibi
704 4036 969 4109 pluribus
999 4035 1189 4091 verbis
1236 4051 1382 4106 opus
1412 4038 1520 4104 est,
1554 4033 1602 4087 si
1643 4032 1937 4087 adduxero

2120 4030 2192 4083 Οὕ
2244 4052 2337 4103 μοι
2383 4027 2464 4085 δεῖ
2510 4029 2778 4086 πλειόνων
2826 4030 3030 4107 λόγων,
3084 4036 3440 4110 παραθεμένῳ
3497 4035 3701 4112 μάρτυν

285 4126 494 4178 testem
538 4125 863 4180 Barnabam
913 4123 1297 4195 apostolicum
1349 4124 1495 4194 (erat
1540 4126 1734 4176 autem
1786 4122 1836 4175 is
1866 4138 1902 4175 et

2082 4120 2137 4174 ὸν
2168 4118 2530 4175 ἀποστολικὸν
2561 4116 2860 4196 Βαρνάϐαν·
2898 4122 2926 4175 6
2958 4119 3015 4176 δὲ
3043 4128 3152 4178 τῶν
3182 4119 3559 4197 ἐϐδομήκοντα
3604 4126 3697 4195 ἦν,

287 4209 422 4265 LXX
451 4216 508 4266 et
538 4211 703 4267 Pauli
744 4213 998 4284 adjutor)
1030 4211 1122 4267 bis
1152 4212 1343 4268 verbis
1388 4212 1677 4266 dicentem
1705 4227 1718 4265 :
1768 4210 1904 4265 Ante

2083 4209 2136 4262 αἱ
2180 4209 2435 4285 συνεργὸς
2486 4213 2581 4263 τοῦ
2641 4208 2877 4264 Παύλου’
2912 4213 3049 4265 κατὰ
3107 4210 3248 4283 λέξιν
3297 4211 3404 4268 ὧδέ
3440 4235 3556 4277 πως
3603 4213 3698 4271 λέ-

284 4316 450 4370 quam
478 4301 580 4356 Deo
614 4301 917 4369 credamus,
951 4306 1059 4357 etc.
1093 4301 1231 4373 Cap.
1267 4301 1353 4355 16.

2046 4317 2224 4372 γονταο
2257 4297 2372 4373 Πρὸ
2404 4301 2501 4352 τοῦ
2532 4299 2680 4370 ἡμᾶς
2712 4302 3092 4372 πιστεῦσαιτῷ
3122 4305 3258 4374 Θεῷ,
3290 4324 3343 4360 κ.
3372 4324 3423 4359 τ.
3458 4299 3512 4359 λ.

1404 4449 1568 4516 lusu,
1602 4449 1759 4518 ibid.,
1794 4448 1895 4505 lib.
1931 4467 1983 4515 v,
2018 4467 2143 4523 cap.
2176 4452 2229 4520 8,
2266 4466 2398 4523 pag.
2430 4452 2558 4506 677.

356 4566 436 4622 Ex
466 4567 707 4623 adverso
739 4571 932 4624 autem
958 4566 1242 4640 permittit
1264 4565 1416 4621 vesci
1442 4564 1531 4635 iis,
1565 4581 1689 4636 quae
1712 4565 1931 4621 habent

2110 4562 2386 4637 Ἔμπαλιν
2422 4561 2479 4619 δὲ
2510 4564 2785 4641 ἐπιτρέπει
2830 4563 3102 4643 διχηλοῦν
3146 4568 3235 4624 καὶ
3289 4572 3688 4647 μηρυκώμενον

283 4655 482 4711 ﬁssam
507 4656 787 4728 ungulam
824 4661 880 4712 et
910 4674 1040 4729 quae
1072 4656 1403 4722 ruminant;
1440 4654 1801 4725 significans,
1835 4654 1894 4709 in

2071 4652 2247 4709 σθίειν·
2296 4652 2540 4726 μηνύων,
2594 4654 2757 4732 φησὶν
2798 4656 2826 4709 6
2875 4653 3181 4731 Βαρνάϐας,
3226 4658 3528 4715 κολλᾶσθαι
3580 4658 3688 4716 δεῖν

280 4745 409 4815 quit
438 4745 750 4813 Barnabas,
789 4752 1033 4817 oportere
1062 4746 1347 4802 odhzrere
1382 4744 1453 4798 iis
1484 4743 1579 4815 qui
1607 4744 1797 4799 timent
1824 4745 1897 4799 Do

1713 4751 1797 4799 ent
1824 4745 1929 4799 Do-
2042 4742 2175 4816 μετὰ
2202 4747 2309 4797 τῶν
2343 4737 2698 4820 φοϐουμένων
2722 4745 2814 4799 τὸν
2848 4745 3071 4821 Κύριον,
3103 4768 3155 4805 κ.
3188 4769 3239 4804 τ.
3274 4747 3330 4804 λ.

280 4836 516 4901 minam,
541 4840 649 4891 etc.
684 4835 820 4907 Cap.
860 4836 941 4890 10.

1494 4984 1658 5050 Iam,
1692 4983 1853 5052 ibid.,
1885 5000 2011 5056 cap.
2045 4986 2133 5053 10,
2160 5000 2293 5057 pag.
2324 4984 2452 5039 683.

348 5101 496 5168 Quin
527 5102 702 5158 etiam
737 5102 1054 5167 Barnabas,
1082 5100 1183 5173 qui
1216 5104 1272 5156 et
1292 5100 1415 5172 ipse
1437 5099 1774 5171 praedicavit
1801 5118 1925 5156 ver-

2108 5097 2284 5157 Ἀλλὰ
2328 5099 2418 5153 καὶ
2466 5094 2769 5174 Βαρνάϐας,
2802 5102 2831 5157 6
2878 5102 2969 5157 καὶ
3016 5102 3176 5168 αὐτὸς
3226 5105 3562 5183 συγκηρύξας
3605 5110 3686 5181 τῷ

276 5192 416 5247 bum
447 5208 562 5247 una
580 5206 711 5247 cum
735 5194 1008 5263 Apostolc
1034 5190 1090 5244 in
1117 5187 1439 5244 ministerio
1462 5188 1724 5258 gentium
1746 5204 1760 5244 :
1780 5188 1893 5243 Sim

2067 5183 2384 5261 Anona’hp,
2413 5189 2550 5243 κατά
2578 5189 2677 5258 τὴν
2714 5187 2986 5247 διακονίαν
3014 5198 3121 5249 τῶν
3150 5193 3313 5249 ἐθνῶν
3362 5195 3455 5251 τὸν
3495 5194 3684 5272 λόγον,

276 5280 500 5351 pliczus,
546 5280 757 5352 inquit,
790 5282 938 5337 vobis
982 5280 1182 5345 scribo,
1232 5282 1293 5331 ut
1322 5278 1673 5347 intelligatis.
1711 5278 1889 5332 Deind

2067 5278 2457 5353 Δπλούστερον,
2534 5278 2718 5354 φησὶν,
2796 5280 2923 5354 ὑμῖν
3015 5283 3227 5360 γράφω,
3286 5283 3375 5341 ’ἶνα
3448 5286 3684 5355 συνίητι.

276 5368 449 5440 paulo
481 5370 748 5436 inferius,
788 5372 914 5442 jam
949 5368 1229 5424 exhibens
1261 5366 1634 5421 manifestius
1667 5365 1893 5422 traditio

2069 5367 2145 5422 ςϊθ’
2196 5362 2423 5440 ὑποϐὰς,
2456 5363 2563 5437 ἤδη
2618 5367 2937 5446 σαφέστερον
2980 5380 3282 5449 γνωπικῆς
3330 5371 3686 5449 παραδόσεως

276 5458 368 5513 nis
398 5458 671 5529 gncsticaa
720 5459 1051 5530 vestigium,
1097 5455 1274 5511 dicit:
1308 5454 1451 5522 Quid
1495 5454 1573 5508 eis
1611 5453 1747 5509 dicit
1772 5456 1893 5509 atiu

2066 5475 2183 5530 χνος
2230 5452 2683 5529 παρατιθέμενος,
2724 5453 2889 5533 λέγει·
2936 5459 2996 5513 Τί
3048 5458 3195 5537 λέγει
3246 5464 3274 5518 6
3323 5460 3495 5525 ἄλλος
3546 5483 3683 5539 προ-

274 5546 545 5620 propheta
587 5548 831 5619 Moyses?
884 5548 1014 5602 Ecce
1066 5545 1178 5600 haec
1232 5542 1365 5597 dicit
1422 5543 1684 5599 Dominus
1741 5544 1881 5600 Deus

2061 5545 2210 5613 μήτης
2267 5544 2503 5611 Μωυσῆς
2564 5542 2783 5614 αύτοῖς;
2818 5544 2961 5603 Ἰδοὺ
3020 5548 3147 5605 τάδε
3196 5549 3340 5626 λέγει
3399 5553 3599 5625 Κύριος
3651 5552 3678 5607 6

272 5635 480 5695 Intrate
505 5634 565 5692 in
593 5644 799 5693 terram
830 5636 1047 5703 bonam,
1080 5640 1188 5689 etc.
1223 5631 1362 5703 Cap.
1398 5632 1453 5686 6.

2057 5631 2179 5696 »εόςσ
2240 5628 2522 5695 Εὶσέλθετι
2578 5630 2655 5695 εἷς
2710 5633 2811 5704 τήν
2869 5643 2974 5713 γῆν
3031 5640 3132 5711 τὴν
3184 5639 3581 5718 άγαθήν,κ.τ.
3618 5640 3674 5705 λ,
