  <div class='ocr_page' id='page_1' title='image "/cluster/home/n/w/nwhite01/storage/ocr_20150623/2/hvd.32044073501397/332.png"; bbox 0 0 4094 6202; ppageno 0'>
   <div class='ocr_carea' id='block_1_1' title="bbox 274 402 3652 471">
    <p class='ocr_par' dir='ltr' id='par_1_1' title="bbox 274 402 3652 471">
     <span class='ocr_line' id='line_1_1' title="bbox 274 402 3652 471; baseline 0.003 -9"><span class='ocrx_word' id='word_1_1' title='bbox 274 402 392 463; x_wconf 76' lang='grc'><strong>649</strong></span> <span class='ocrx_word' id='word_1_2' title='bbox 1066 405 1132 466; x_wconf 91' lang='lat' dir='ltr'><strong>S.</strong></span> <span class='ocrx_word' id='word_1_3' title='bbox 1177 402 1587 467; x_wconf 78' lang='lat' dir='ltr'><strong>BARNABAS</strong></span> <span class='ocrx_word' id='word_1_4' title='bbox 1630 403 2112 466; x_wconf 80' lang='lat' dir='ltr'><strong>APOSTOLUS.</strong></span> <span class='ocrx_word' id='word_1_5' title='bbox 2143 437 2221 448; x_wconf 88' lang='lat'><strong><em>—</em></strong></span> <span class='ocrx_word' id='word_1_6' title='bbox 2247 406 2850 469; x_wconf 75' lang='lat' dir='ltr'><strong>PROLEGOMENA.</strong></span> <span class='ocrx_word' id='word_1_7' title='bbox 3530 410 3652 471; x_wconf 80' lang='lat'><strong>650</strong></span> 
     </span>
    </p>
   </div>
   <div class='ocr_carea' id='block_1_2' title="bbox 1938 581 2003 636">
    <p class='ocr_par' dir='ltr' id='par_1_2' title="bbox 1938 581 2003 636">
     <span class='ocr_line' id='line_1_2' title="bbox 1938 581 2003 636; baseline -0.015 0"><span class='ocrx_word' id='word_1_8' title='bbox 1938 581 2003 636; x_wconf 92' lang='lat' dir='ltr'><strong>II.</strong></span> 
     </span>
    </p>
   </div>
   <div class='ocr_carea' id='block_1_3' title="bbox 730 687 3179 761">
    <p class='ocr_par' dir='ltr' id='par_1_3' title="bbox 730 687 3179 761">
     <span class='ocr_line' id='line_1_3' title="bbox 730 687 3179 761; baseline 0.002 -19"><span class='ocrx_word' id='word_1_9' title='bbox 730 687 1031 744; x_wconf 78' lang='lat' dir='ltr'><strong>OamaNas.</strong></span> <span class='ocrx_word' id='word_1_10' title='bbox 1065 688 1167 745; x_wconf 91' lang='lat' dir='ltr'><strong>lib.</strong></span> <span class='ocrx_word' id='word_1_11' title='bbox 1203 706 1240 755; x_wconf 85' lang='grc' dir='ltr'><strong>ι,</strong></span> <span class='ocrx_word' id='word_1_12' title='bbox 1272 694 1474 746; x_wconf 89' lang='lat' dir='ltr'><strong>contra</strong></span> <span class='ocrx_word' id='word_1_13' title='bbox 1501 688 1755 758; x_wconf 85' lang='lat' dir='ltr'><strong>Celsum,</strong></span> <span class='ocrx_word' id='word_1_14' title='bbox 1786 705 1940 744; x_wconf 85' lang='lat' dir='ltr'><strong>num.</strong></span> <span class='ocrx_word' id='word_1_15' title='bbox 1970 689 2061 757; x_wconf 87' lang='lat'><strong>63,</strong></span> <span class='ocrx_word' id='word_1_16' title='bbox 2095 697 2226 744; x_wconf 81' lang='lat' dir='ltr'><strong>tam.</strong></span> <span class='ocrx_word' id='word_1_17' title='bbox 2262 693 2304 745; x_wconf 90' lang='grc' dir='ltr'>Ι.</span> <span class='ocrx_word' id='word_1_18' title='bbox 2332 708 2460 761; x_wconf 86' lang='lat' dir='ltr'><strong>pag.</strong></span> <span class='ocrx_word' id='word_1_19' title='bbox 2490 690 2619 758; x_wconf 90' lang='lat'><strong>378,</strong></span> <span class='ocrx_word' id='word_1_20' title='bbox 2647 691 2775 747; x_wconf 84' lang='lat' dir='ltr'><strong>edit.</strong></span> <span class='ocrx_word' id='word_1_21' title='bbox 2811 693 2988 746; x_wconf 83' lang='lat' dir='ltr'><strong>Paris.</strong></span> <span class='ocrx_word' id='word_1_22' title='bbox 3022 692 3179 747; x_wconf 88' lang='grc'><strong>1733.</strong></span> 
     </span>
    </p>
   </div>
   <div class='ocr_carea' id='block_1_4' title="bbox 346 824 1963 906">
    <p class='ocr_par' dir='ltr' id='par_1_4' title="bbox 346 824 1905 905">
     <span class='ocr_line' id='line_1_4' title="bbox 346 824 1905 905; baseline 0.002 -25"><span class='ocrx_word' id='word_1_23' title='bbox 346 828 643 902; x_wconf 72' lang='grc' dir='ltr'><strong>Γέγραπται</strong></span> <span class='ocrx_word' id='word_1_24' title='bbox 691 824 757 896; x_wconf 77' lang='grc' dir='ltr'>δὴ</span> <span class='ocrx_word' id='word_1_25' title='bbox 790 826 842 883; x_wconf 81' lang='grc' dir='ltr'>ἐν</span> <span class='ocrx_word' id='word_1_26' title='bbox 887 832 954 902; x_wconf 78' lang='grc' dir='ltr'>τῇ</span> <span class='ocrx_word' id='word_1_27' title='bbox 1004 824 1248 905; x_wconf 79' lang='grc' dir='ltr'>Βαρνάϐα</span> <span class='ocrx_word' id='word_1_28' title='bbox 1295 828 1558 903; x_wconf 81' lang='grc' dir='ltr'><strong>καθολικῇ</strong></span> <span class='ocrx_word' id='word_1_29' title='bbox 1611 827 1905 902; x_wconf 80' lang='grc' dir='ltr'><strong>Ἐπιστολῇ</strong></span> 
     </span>
    </p>
   </div>
   <div class='ocr_carea' id='block_1_5' title="bbox 2015 824 3632 906">
    <p class='ocr_par' dir='ltr' id='par_1_5' title="bbox 2086 832 3632 906">
     <span class='ocr_line' id='line_1_5' title="bbox 2086 832 3632 906; baseline 0.002 -20"><span class='ocrx_word' id='word_1_30' title='bbox 2086 832 2379 903; x_wconf 82' lang='lat' dir='ltr'><strong>Scriptum</strong></span> <span class='ocrx_word' id='word_1_31' title='bbox 2427 850 2596 904; x_wconf 90' lang='lat' dir='ltr'><strong>porro</strong></span> <span class='ocrx_word' id='word_1_32' title='bbox 2644 837 2733 888; x_wconf 90' lang='lat' dir='ltr'><strong>est</strong></span> <span class='ocrx_word' id='word_1_33' title='bbox 2784 834 2841 888; x_wconf 94' lang='lat' dir='ltr'><strong>in</strong></span> <span class='ocrx_word' id='word_1_34' title='bbox 2875 834 3148 890; x_wconf 64' lang='lat' dir='ltr'><strong>Barnabas</strong></span> <span class='ocrx_word' id='word_1_35' title='bbox 3189 834 3473 892; x_wconf 88' lang='lat' dir='ltr'><strong>catholica</strong></span> <span class='ocrx_word' id='word_1_36' title='bbox 3500 835 3632 906; x_wconf 86' lang='lat' dir='ltr'><strong>Epi-</strong></span> 
     </span>
    </p>
   </div>
   <div class='ocr_carea' id='block_1_6' title="bbox 298 914 1915 996">
    <p class='ocr_par' dir='ltr' id='par_1_6' title="bbox 298 914 1905 990">
     <span class='ocr_line' id='line_1_6' title="bbox 298 914 1905 990; baseline 0.001 -19"><span class='ocrx_word' id='word_1_37' title='bbox 416 914 497 969; x_wconf 75' lang='grc' dir='ltr'>ὅτι</span> <span class='ocrx_word' id='word_1_38' title='bbox 556 914 827 986; x_wconf 68' lang='grc' dir='ltr'>ἐξελέξατο</span> <span class='ocrx_word' id='word_1_39' title='bbox 869 917 994 979; x_wconf 76' lang='grc' dir='ltr'>τοὺς</span> <span class='ocrx_word' id='word_1_40' title='bbox 1047 916 1217 979; x_wconf 76' lang='grc' dir='ltr'>ἰδίους</span> <span class='ocrx_word' id='word_1_41' title='bbox 1271 918 1608 981; x_wconf 80' lang='grc' dir='ltr'><strong>ἀποστόλους</strong></span> <span class='ocrx_word' id='word_1_42' title='bbox 1659 920 1905 990; x_wconf 76' lang='grc' dir='ltr'>Ἰησοῦς,</span> 
     </span>
    </p>
   </div>
   <div class='ocr_carea' id='block_1_7' title="bbox 2021 914 3638 996">
    <p class='ocr_par' dir='ltr' id='par_1_7' title="bbox 2021 919 3638 996">
     <span class='ocr_line' id='line_1_7' title="bbox 2021 919 3638 996; baseline 0.002 -20"><span class='ocrx_word' id='word_1_43' title='bbox 2021 919 2271 977; x_wconf 96' lang='lat' dir='ltr'><strong>stola</strong></span> <span class='ocrx_word' id='word_1_44' title='bbox 2306 922 2600 992; x_wconf 85' lang='lat' dir='ltr'><strong>Apostolos</strong></span> <span class='ocrx_word' id='word_1_45' title='bbox 2632 940 2666 977; x_wconf 91' lang='lat' dir='ltr'><strong>a</strong></span> <span class='ocrx_word' id='word_1_46' title='bbox 2714 923 2855 978; x_wconf 86' lang='lat' dir='ltr'><strong>Jesu</strong></span> <span class='ocrx_word' id='word_1_47' title='bbox 2906 923 3085 979; x_wconf 85' lang='lat' dir='ltr'><strong>fuisse</strong></span> <span class='ocrx_word' id='word_1_48' title='bbox 3132 923 3364 996; x_wconf 88' lang='lat' dir='ltr'><strong>electos,</strong></span> <span class='ocrx_word' id='word_1_49' title='bbox 3396 924 3496 996; x_wconf 88' lang='lat' dir='ltr'><strong>qui</strong></span> <span class='ocrx_word' id='word_1_50' title='bbox 3528 925 3638 981; x_wconf 90' lang='lat' dir='ltr'><strong>im-</strong></span> 
     </span>
    </p>
   </div>
   <div class='ocr_carea' id='block_1_8' title="bbox 270 1000 1887 1085">
    <p class='ocr_par' dir='ltr' id='par_1_8' title="bbox 270 1000 1886 1083">
     <span class='ocr_line' id='line_1_8' title="bbox 270 1000 1886 1083; baseline 0.003 -25"><span class='ocrx_word' id='word_1_51' title='bbox 270 1000 428 1067; x_wconf 73' lang='grc' dir='ltr'>ὄντας</span> <span class='ocrx_word' id='word_1_52' title='bbox 460 1006 590 1082; x_wconf 80' lang='grc' dir='ltr'>ὑπὲρ</span> <span class='ocrx_word' id='word_1_53' title='bbox 636 1011 803 1060; x_wconf 79' lang='grc' dir='ltr'>πᾶσαν</span> <span class='ocrx_word' id='word_1_54' title='bbox 854 1006 1075 1080; x_wconf 79' lang='grc' dir='ltr'>ἀνομίαν</span> <span class='ocrx_word' id='word_1_55' title='bbox 1123 1007 1521 1083; x_wconf 75' lang='grc' dir='ltr'>ἀνομωτὲρους·</span> <span class='ocrx_word' id='word_1_56' title='bbox 1564 1009 1886 1065; x_wconf 77' lang='lat' dir='ltr'><strong>Philocaliae</strong></span> 
     </span>
    </p>
   </div>
   <div class='ocr_carea' id='block_1_9' title="bbox 1515 1000 3132 1085">
    <p class='ocr_par' dir='ltr' id='par_1_9' title="bbox 1515 1009 3132 1085">
     <span class='ocr_line' id='line_1_9' title="bbox 1515 1009 3132 1085; baseline 0.001 -20"><span class='ocrx_word' id='word_1_57' title='bbox 1515 1030 1521 1041; x_wconf 82' lang='lat'><strong><em>-</em></strong></span> <span class='ocrx_word' id='word_1_58' title='bbox 1564 1009 1906 1079; x_wconf 77' lang='lat' dir='ltr'><strong>Philocaliae,</strong></span> <span class='ocrx_word' id='word_1_59' title='bbox 2016 1009 2179 1080; x_wconf 85' lang='lat' dir='ltr'><strong>probi</strong></span> <span class='ocrx_word' id='word_1_60' title='bbox 2210 1015 2375 1065; x_wconf 87' lang='lat' dir='ltr'><strong>erant</strong></span> <span class='ocrx_word' id='word_1_61' title='bbox 2403 1014 2467 1065; x_wconf 90' lang='lat' dir='ltr'><strong>ut</strong></span> <span class='ocrx_word' id='word_1_62' title='bbox 2492 1010 2637 1066; x_wconf 88' lang='lat' dir='ltr'>nulli</span> <span class='ocrx_word' id='word_1_63' title='bbox 2668 1011 2877 1085; x_wconf 87' lang='lat' dir='ltr'><strong>magis.</strong></span> <span class='ocrx_word' id='word_1_64' title='bbox 2910 1011 3046 1084; x_wconf 97' lang='lat' dir='ltr'><strong>Cap.</strong></span> <span class='ocrx_word' id='word_1_65' title='bbox 3078 1013 3132 1067; x_wconf 89' lang='lat'>5.</span> 
     </span>
    </p>
   </div>
   <div class='ocr_carea' id='block_1_10' title="bbox 270 1096 521 1165">
    <p class='ocr_par' dir='ltr' id='par_1_10' title="bbox 270 1096 521 1165">
     <span class='ocr_line' id='line_1_10' title="bbox 270 1096 521 1165; baseline 0.004 -16"><span class='ocrx_word' id='word_1_66' title='bbox 270 1096 521 1165; x_wconf 73' lang='lat' dir='ltr'><strong>cap.l7.</strong></span> 
     </span>
    </p>
   </div>
   <div class='ocr_carea' id='block_1_11' title="bbox 1010 1192 2627 1298">
    <p class='ocr_par' dir='ltr' id='par_1_11' title="bbox 1010 1192 2627 1298">
     <span class='ocr_line' id='line_1_11' title="bbox 1010 1192 2627 1298; baseline -0.001 -19"><span class='ocrx_word' id='word_1_67' title='bbox 1010 1224 1173 1291; x_wconf 80' lang='lat' dir='ltr'><strong>IDEM,</strong></span> <span class='ocrx_word' id='word_1_68' title='bbox 1204 1219 1335 1298; x_wconf 84' lang='grc' dir='ltr'><strong>Περί</strong></span> <span class='ocrx_word' id='word_1_69' title='bbox 1364 1221 1572 1297; x_wconf 84' lang='grc' dir='ltr'>ἀρχῶν,</span> <span class='ocrx_word' id='word_1_70' title='bbox 1616 1222 1712 1289; x_wconf 87' lang='lat' dir='ltr'><strong>lib,</strong></span> <span class='ocrx_word' id='word_1_71' title='bbox 1755 1239 1839 1289; x_wconf 78' lang='grc' dir='ltr'>ιιι,</span> <span class='ocrx_word' id='word_1_72' title='bbox 1867 1237 1984 1292; x_wconf 87' lang='lat' dir='ltr'><strong>cap.</strong></span> <span class='ocrx_word' id='word_1_73' title='bbox 2017 1222 2071 1288; x_wconf 87' lang='lat'><strong>2,</strong></span> <span class='ocrx_word' id='word_1_74' title='bbox 2102 1239 2254 1277; x_wconf 85' lang='lat' dir='ltr'><strong>num.</strong></span> <span class='ocrx_word' id='word_1_75' title='bbox 2286 1223 2339 1291; x_wconf 71' lang='grc'>4,</span> <span class='ocrx_word' id='word_1_76' title='bbox 2371 1192 2499 1279; x_wconf 86' lang='lat' dir='ltr'><strong>tom.</strong></span> <span class='ocrx_word' id='word_1_77' title='bbox 2534 1223 2576 1294; x_wconf 88' lang='grc' dir='ltr'><strong>Ι,</strong></span> <span class='ocrx_word' id='word_1_78' title='bbox 2606 1242 2627 1295; x_wconf 65' lang='grc' dir='ltr'><strong>ι</strong></span> 
     </span>
    </p>
   </div>
   <div class='ocr_carea' id='block_1_12' title="bbox 1280 1192 2897 1298">
    <p class='ocr_par' dir='ltr' id='par_1_12' title="bbox 1283 1192 2897 1298">
     <span class='ocr_line' id='line_1_12' title="bbox 1283 1192 2897 1298; baseline 0.003 -24"><span class='ocrx_word' id='word_1_79' title='bbox 1283 1219 1335 1298; x_wconf 79' lang='grc' dir='ltr'>ρί</span> <span class='ocrx_word' id='word_1_80' title='bbox 1364 1221 1572 1297; x_wconf 83' lang='grc' dir='ltr'>ἀρχῶν,</span> <span class='ocrx_word' id='word_1_81' title='bbox 1616 1222 1712 1289; x_wconf 90' lang='lat' dir='ltr'><strong>lib,</strong></span> <span class='ocrx_word' id='word_1_82' title='bbox 1755 1239 1839 1289; x_wconf 79' lang='lat' dir='ltr'><strong>In,</strong></span> <span class='ocrx_word' id='word_1_83' title='bbox 1867 1237 1984 1292; x_wconf 86' lang='lat' dir='ltr'><strong>cap.</strong></span> <span class='ocrx_word' id='word_1_84' title='bbox 2017 1222 2071 1288; x_wconf 86' lang='lat'><strong>2,</strong></span> <span class='ocrx_word' id='word_1_85' title='bbox 2102 1239 2254 1277; x_wconf 86' lang='lat' dir='ltr'><strong>num.</strong></span> <span class='ocrx_word' id='word_1_86' title='bbox 2286 1223 2339 1291; x_wconf 70' lang='grc'>4,</span> <span class='ocrx_word' id='word_1_87' title='bbox 2371 1192 2499 1279; x_wconf 86' lang='lat' dir='ltr'><strong>tom.</strong></span> <span class='ocrx_word' id='word_1_88' title='bbox 2534 1223 2576 1294; x_wconf 87' lang='grc' dir='ltr'>Ι,</span> <span class='ocrx_word' id='word_1_89' title='bbox 2606 1241 2735 1295; x_wconf 85' lang='lat' dir='ltr'><strong>pag.</strong></span> <span class='ocrx_word' id='word_1_90' title='bbox 2770 1225 2897 1280; x_wconf 86' lang='grc'>140.</span> 
     </span>
    </p>
   </div>
   <div class='ocr_carea' id='block_1_13' title="bbox 341 1354 3643 1427">
    <p class='ocr_par' dir='ltr' id='par_1_13' title="bbox 341 1354 3643 1427">
     <span class='ocr_line' id='line_1_13' title="bbox 341 1354 3643 1427; baseline 0.002 -17"><span class='ocrx_word' id='word_1_91' title='bbox 341 1354 551 1411; x_wconf 86' lang='lat' dir='ltr'><strong>Eadem</strong></span> <span class='ocrx_word' id='word_1_92' title='bbox 584 1372 816 1427; x_wconf 91' lang='lat' dir='ltr'><strong>quoque</strong></span> <span class='ocrx_word' id='word_1_93' title='bbox 845 1356 1142 1411; x_wconf 80' lang='lat' dir='ltr'><strong>Barnabas</strong></span> <span class='ocrx_word' id='word_1_94' title='bbox 1173 1356 1231 1410; x_wconf 91' lang='lat' dir='ltr'><strong>in</strong></span> <span class='ocrx_word' id='word_1_95' title='bbox 1262 1354 1521 1427; x_wconf 86' lang='lat' dir='ltr'><strong>Epistola</strong></span> <span class='ocrx_word' id='word_1_96' title='bbox 1552 1371 1660 1410; x_wconf 90' lang='lat' dir='ltr'><strong>sua</strong></span> <span class='ocrx_word' id='word_1_97' title='bbox 1684 1354 1957 1422; x_wconf 79' lang='lat' dir='ltr'><strong>declarat,</strong></span> <span class='ocrx_word' id='word_1_98' title='bbox 1990 1370 2123 1409; x_wconf 88' lang='lat' dir='ltr'><strong>cum</strong></span> <span class='ocrx_word' id='word_1_99' title='bbox 2154 1355 2301 1410; x_wconf 91' lang='lat' dir='ltr'><strong>duas</strong></span> <span class='ocrx_word' id='word_1_100' title='bbox 2333 1355 2453 1411; x_wconf 85' lang='lat' dir='ltr'><strong>vias</strong></span> <span class='ocrx_word' id='word_1_101' title='bbox 2484 1372 2610 1411; x_wconf 89' lang='lat' dir='ltr'><strong>esse</strong></span> <span class='ocrx_word' id='word_1_102' title='bbox 2640 1356 2798 1423; x_wconf 89' lang='lat' dir='ltr'>dicit,</span> <span class='ocrx_word' id='word_1_103' title='bbox 2824 1373 3000 1412; x_wconf 89' lang='lat' dir='ltr'><strong>unam</strong></span> <span class='ocrx_word' id='word_1_104' title='bbox 3021 1356 3189 1427; x_wconf 89' lang='lat' dir='ltr'><strong>lucis,</strong></span> <span class='ocrx_word' id='word_1_105' title='bbox 3214 1357 3455 1414; x_wconf 87' lang='lat' dir='ltr'><strong>alteram</strong></span> <span class='ocrx_word' id='word_1_106' title='bbox 3478 1362 3643 1415; x_wconf 90' lang='lat' dir='ltr'><strong>tene-</strong></span> 
     </span>
    </p>
   </div>
   <div class='ocr_carea' id='block_1_14' title="bbox 263 1442 3639 1517">
    <p class='ocr_par' dir='ltr' id='par_1_14' title="bbox 263 1442 3639 1517">
     <span class='ocr_line' id='line_1_14' title="bbox 263 1442 3639 1517; baseline 0.001 -18"><span class='ocrx_word' id='word_1_107' title='bbox 263 1444 528 1509; x_wconf 87' lang='lat' dir='ltr'><strong>brarum,</strong></span> <span class='ocrx_word' id='word_1_108' title='bbox 560 1444 777 1516; x_wconf 85' lang='lat' dir='ltr'><strong>quibus</strong></span> <span class='ocrx_word' id='word_1_109' title='bbox 806 1448 863 1499; x_wconf 90' lang='lat' dir='ltr'><strong>et</strong></span> <span class='ocrx_word' id='word_1_110' title='bbox 893 1461 1140 1516; x_wconf 71' lang='lat' dir='ltr'><strong>praeesse</strong></span> <span class='ocrx_word' id='word_1_111' title='bbox 1169 1448 1357 1500; x_wconf 90' lang='lat' dir='ltr'><strong>certos</strong></span> <span class='ocrx_word' id='word_1_112' title='bbox 1386 1458 1651 1515; x_wconf 87' lang='lat' dir='ltr'><strong>quosque</strong></span> <span class='ocrx_word' id='word_1_113' title='bbox 1683 1442 1919 1516; x_wconf 84' lang='lat' dir='ltr'><strong>angelos</strong></span> <span class='ocrx_word' id='word_1_114' title='bbox 1949 1442 2121 1499; x_wconf 79' lang='lat' dir='ltr'><strong>dicit:</strong></span> <span class='ocrx_word' id='word_1_115' title='bbox 2153 1445 2258 1499; x_wconf 76' lang='lat' dir='ltr'><strong>visa</strong></span> <span class='ocrx_word' id='word_1_116' title='bbox 2303 1444 2538 1515; x_wconf 89' lang='lat' dir='ltr'><strong>quidem</strong></span> <span class='ocrx_word' id='word_1_117' title='bbox 2584 1444 2752 1514; x_wconf 89' lang='lat' dir='ltr'><strong>lucis,</strong></span> <span class='ocrx_word' id='word_1_118' title='bbox 2803 1445 3038 1517; x_wconf 87' lang='lat' dir='ltr'><strong>angelos</strong></span> <span class='ocrx_word' id='word_1_119' title='bbox 3084 1447 3179 1502; x_wconf 90' lang='lat' dir='ltr'><strong>Dei</strong></span> <span class='ocrx_word' id='word_1_120' title='bbox 3206 1472 3221 1514; x_wconf 84' lang='lat'><strong>;</strong></span> <span class='ocrx_word' id='word_1_121' title='bbox 3269 1448 3639 1505; x_wconf 78' lang='lat' dir='ltr'><strong>tenebrarum</strong></span> 
     </span>
    </p>
   </div>
   <div class='ocr_carea' id='block_1_15' title="bbox 263 1530 1449 1604">
    <p class='ocr_par' dir='ltr' id='par_1_15' title="bbox 263 1530 1449 1604">
     <span class='ocr_line' id='line_1_15' title="bbox 263 1530 1449 1604; baseline -0.003 -16"><span class='ocrx_word' id='word_1_122' title='bbox 263 1536 460 1588; x_wconf 86' lang='lat' dir='ltr'><strong>autem</strong></span> <span class='ocrx_word' id='word_1_123' title='bbox 487 1532 616 1601; x_wconf 63' lang='lat' dir='ltr'><strong>viae,</strong></span> <span class='ocrx_word' id='word_1_124' title='bbox 646 1530 885 1604; x_wconf 83' lang='lat' dir='ltr'><strong>angelos</strong></span> <span class='ocrx_word' id='word_1_125' title='bbox 912 1538 1155 1588; x_wconf 66' lang='lat' dir='ltr'><strong>Satanae.</strong></span> <span class='ocrx_word' id='word_1_126' title='bbox 1183 1538 1322 1604; x_wconf 85' lang='lat' dir='ltr'><strong>Cap.</strong></span> <span class='ocrx_word' id='word_1_127' title='bbox 1362 1532 1386 1587; x_wconf 72' lang='grc' dir='ltr'><strong>Ι</strong></span> <span class='ocrx_word' id='word_1_128' title='bbox 1398 1533 1449 1585; x_wconf 89' lang='grc'><strong>8.</strong></span> 
     </span>
    </p>
   </div>
   <div class='ocr_carea' id='block_1_16' title="bbox 903 1674 3012 1749">
    <p class='ocr_par' dir='ltr' id='par_1_16' title="bbox 903 1674 3012 1749">
     <span class='ocr_line' id='line_1_16' title="bbox 903 1674 3012 1749; baseline 0.001 -19"><span class='ocrx_word' id='word_1_129' title='bbox 903 1677 1037 1747; x_wconf 88' lang='lat' dir='ltr'><strong>Lege</strong></span> <span class='ocrx_word' id='word_1_130' title='bbox 1063 1678 1138 1731; x_wconf 68' lang='lat' dir='ltr'><strong>si:</strong></span> <span class='ocrx_word' id='word_1_131' title='bbox 1166 1675 1403 1748; x_wconf 79' lang='lat' dir='ltr'><strong>ejusdem</strong></span> <span class='ocrx_word' id='word_1_132' title='bbox 1432 1676 1681 1749; x_wconf 81' lang='lat' dir='ltr'><strong>Origenis</strong></span> <span class='ocrx_word' id='word_1_133' title='bbox 1721 1675 1822 1731; x_wconf 85' lang='lat' dir='ltr'><strong>lib.</strong></span> <span class='ocrx_word' id='word_1_134' title='bbox 1856 1693 1873 1731; x_wconf 84' lang='lat'>1</span> <span class='ocrx_word' id='word_1_135' title='bbox 1912 1674 2213 1748; x_wconf 82' lang='lat' dir='ltr'><strong>Explanat.</strong></span> <span class='ocrx_word' id='word_1_136' title='bbox 2245 1675 2305 1730; x_wconf 90' lang='lat' dir='ltr'><strong>in</strong></span> <span class='ocrx_word' id='word_1_137' title='bbox 2334 1675 2516 1748; x_wconf 87' lang='lat' dir='ltr'><strong>Epist.</strong></span> <span class='ocrx_word' id='word_1_138' title='bbox 2552 1676 2623 1732; x_wconf 89' lang='lat' dir='ltr'><strong>ad</strong></span> <span class='ocrx_word' id='word_1_139' title='bbox 2656 1676 2818 1732; x_wconf 81' lang='lat' dir='ltr'><strong>Rom.</strong></span> <span class='ocrx_word' id='word_1_140' title='bbox 2849 1694 2887 1748; x_wconf 82' lang='grc' dir='ltr'><strong>ι,</strong></span> <span class='ocrx_word' id='word_1_141' title='bbox 2918 1678 3012 1733; x_wconf 88' lang='grc'>24.</span> 
     </span>
    </p>
   </div>
   <div class='ocr_carea' id='block_1_17' title="bbox 1910 1845 2007 1900">
    <p class='ocr_par' dir='ltr' id='par_1_17' title="bbox 1910 1845 2007 1900">
     <span class='ocr_line' id='line_1_17' title="bbox 1910 1845 2007 1900; baseline 0 -1"><span class='ocrx_word' id='word_1_142' title='bbox 1910 1845 2007 1900; x_wconf 92' lang='grc' dir='ltr'>ΙΙΙ.</span> 
     </span>
    </p>
   </div>
   <div class='ocr_carea' id='block_1_18' title="bbox 1348 1960 2552 2031">
    <p class='ocr_par' dir='ltr' id='par_1_18' title="bbox 1348 1960 2552 2031">
     <span class='ocr_line' id='line_1_18' title="bbox 1348 1960 2552 2031; baseline 0 -16"><span class='ocrx_word' id='word_1_143' title='bbox 1348 1961 1655 2031; x_wconf 75' lang='lat' dir='ltr'><strong>Eusamus,</strong></span> <span class='ocrx_word' id='word_1_144' title='bbox 1691 1960 1835 2017; x_wconf 85' lang='lat' dir='ltr'><strong>Hist.</strong></span> <span class='ocrx_word' id='word_1_145' title='bbox 1865 1961 2029 2031; x_wconf 90' lang='lat' dir='ltr'><strong>eccl.,</strong></span> <span class='ocrx_word' id='word_1_146' title='bbox 2062 1960 2157 2015; x_wconf 86' lang='lat' dir='ltr'><strong>lib.</strong></span> <span class='ocrx_word' id='word_1_147' title='bbox 2192 1978 2274 2031; x_wconf 84' lang='lat' dir='ltr'>III,</span> <span class='ocrx_word' id='word_1_148' title='bbox 2304 1977 2428 2031; x_wconf 96' lang='lat' dir='ltr'><strong>cap.</strong></span> <span class='ocrx_word' id='word_1_149' title='bbox 2461 1962 2552 2015; x_wconf 87' lang='grc'>25.</span> 
     </span>
    </p>
   </div>
   <div class='ocr_carea' id='block_1_19' title="bbox 510 2076 3402 2151">
    <p class='ocr_par' dir='ltr' id='par_1_19' title="bbox 510 2076 3402 2151">
     <span class='ocr_line' id='line_1_19' title="bbox 510 2076 3402 2151; baseline 0.001 -20"><span class='ocrx_word' id='word_1_150' title='bbox 510 2076 721 2133; x_wconf 80' lang='lat' dir='ltr'><strong>Rufino</strong></span> <span class='ocrx_word' id='word_1_151' title='bbox 757 2079 1075 2149; x_wconf 74' lang='lat' dir='ltr'><strong>interprete.</strong></span> <span class='ocrx_word' id='word_1_152' title='bbox 2830 2079 3038 2133; x_wconf 80' lang='lat' dir='ltr'><strong>Valesio</strong></span> <span class='ocrx_word' id='word_1_153' title='bbox 3066 2078 3402 2151; x_wconf 81' lang='lat' dir='ltr'><strong>interprete.</strong></span> 
     </span>
    </p>
   </div>
   <div class='ocr_carea' id='block_1_20' title="bbox 336 2181 1953 2256">
    <p class='ocr_par' dir='ltr' id='par_1_20' title="bbox 336 2181 1939 2255">
     <span class='ocr_line' id='line_1_20' title="bbox 336 2181 1939 2255; baseline -0.002 -17"><span class='ocrx_word' id='word_1_154' title='bbox 336 2182 470 2239; x_wconf 83' lang='lat' dir='ltr'><strong>Post</strong></span> <span class='ocrx_word' id='word_1_155' title='bbox 488 2183 609 2239; x_wconf 63' lang='lat' dir='ltr'><strong>hac</strong></span> <span class='ocrx_word' id='word_1_156' title='bbox 617 2184 744 2255; x_wconf 87' lang='lat' dir='ltr'><strong>jam</strong></span> <span class='ocrx_word' id='word_1_157' title='bbox 769 2184 1054 2255; x_wconf 87' lang='lat' dir='ltr'><strong>scriptura</strong></span> <span class='ocrx_word' id='word_1_158' title='bbox 1070 2187 1176 2253; x_wconf 88' lang='lat' dir='ltr'><strong>est,</strong></span> <span class='ocrx_word' id='word_1_159' title='bbox 1197 2200 1321 2253; x_wconf 69' lang='lat' dir='ltr'><strong>qum</strong></span> <span class='ocrx_word' id='word_1_160' title='bbox 1506 2183 1587 2236; x_wconf 84' lang='lat' dir='ltr'><strong>’Ev</strong></span> <span class='ocrx_word' id='word_1_161' title='bbox 1618 2186 1732 2243; x_wconf 82' lang='grc' dir='ltr'>τοῖς</span> <span class='ocrx_word' id='word_1_162' title='bbox 1763 2181 1939 2242; x_wconf 79' lang='grc' dir='ltr'><strong>νόθοις</strong></span> 
     </span>
    </p>
   </div>
   <div class='ocr_carea' id='block_1_21' title="bbox 2026 2181 3643 2256">
    <p class='ocr_par' dir='ltr' id='par_1_21' title="bbox 2026 2182 3643 2256">
     <span class='ocr_line' id='line_1_21' title="bbox 2026 2182 3643 2256; baseline 0.003 -21"><span class='ocrx_word' id='word_1_163' title='bbox 2026 2183 2360 2256; x_wconf 81' lang='grc' dir='ltr'>ιτατετάχθω</span> <span class='ocrx_word' id='word_1_164' title='bbox 2407 2182 2496 2235; x_wconf 78' lang='grc' dir='ltr'><strong>καὶ</strong></span> <span class='ocrx_word' id='word_1_165' title='bbox 2662 2184 2767 2239; x_wconf 85' lang='lat' dir='ltr'><strong>Pro</strong></span> <span class='ocrx_word' id='word_1_166' title='bbox 2798 2184 3013 2255; x_wconf 89' lang='lat' dir='ltr'><strong>supriis</strong></span> <span class='ocrx_word' id='word_1_167' title='bbox 3034 2184 3285 2240; x_wconf 84' lang='lat' dir='ltr'><strong>habendi</strong></span> <span class='ocrx_word' id='word_1_168' title='bbox 3311 2188 3448 2241; x_wconf 91' lang='lat' dir='ltr'><strong>sunt</strong></span> <span class='ocrx_word' id='word_1_169' title='bbox 3467 2184 3643 2240; x_wconf 83' lang='lat' dir='ltr'><strong>etiam</strong></span> 
     </span>
    </p>
   </div>
   <div class='ocr_carea' id='block_1_22' title="bbox 258 2269 1875 2347">
    <p class='ocr_par' dir='ltr' id='par_1_22' title="bbox 258 2269 1875 2344">
     <span class='ocr_line' id='line_1_22' title="bbox 258 2269 1875 2344; baseline -0.002 -17"><span class='ocrx_word' id='word_1_170' title='bbox 258 2272 475 2328; x_wconf 84' lang='lat' dir='ltr'><strong>dicitur</strong></span> <span class='ocrx_word' id='word_1_171' title='bbox 503 2276 683 2327; x_wconf 82' lang='lat' dir='ltr'><strong>Actus</strong></span> <span class='ocrx_word' id='word_1_172' title='bbox 713 2272 872 2344; x_wconf 90' lang='lat' dir='ltr'><strong>poli;</strong></span> <span class='ocrx_word' id='word_1_173' title='bbox 922 2273 1019 2327; x_wconf 90' lang='lat' dir='ltr'><strong>sed</strong></span> <span class='ocrx_word' id='word_1_174' title='bbox 1070 2275 1125 2327; x_wconf 89' lang='lat' dir='ltr'><strong>et</strong></span> <span class='ocrx_word' id='word_1_175' title='bbox 1154 2270 1322 2327; x_wconf 89' lang='lat' dir='ltr'><strong>libel-</strong></span> <span class='ocrx_word' id='word_1_176' title='bbox 1431 2275 1535 2324; x_wconf 82' lang='grc' dir='ltr'><strong>τῶν</strong></span> <span class='ocrx_word' id='word_1_177' title='bbox 1594 2269 1812 2325; x_wconf 78' lang='grc' dir='ltr'>Παύλου</span> <span class='ocrx_word' id='word_1_178' title='bbox 1866 2276 1875 2323; x_wconf 87' lang='lat' dir='ltr'><strong>l</strong></span> 
     </span>
    </p>
   </div>
   <div class='ocr_carea' id='block_1_23' title="bbox 2028 2269 3645 2347">
    <p class='ocr_par' dir='ltr' id='par_1_23' title="bbox 2028 2269 3645 2347">
     <span class='ocr_line' id='line_1_23' title="bbox 2028 2269 3645 2347; baseline 0.003 -24"><span class='ocrx_word' id='word_1_179' title='bbox 2028 2292 2110 2324; x_wconf 79' lang='lat' dir='ltr'><strong>:wv</strong></span> <span class='ocrx_word' id='word_1_180' title='bbox 2142 2273 2176 2339; x_wconf 78' lang='grc' dir='ltr'>ἡ</span> <span class='ocrx_word' id='word_1_181' title='bbox 2209 2271 2391 2347; x_wconf 71' lang='grc' dir='ltr'>γραφή</span> <span class='ocrx_word' id='word_1_182' title='bbox 2419 2289 2431 2337; x_wconf 90' lang='grc'>;</span> <span class='ocrx_word' id='word_1_183' title='bbox 2467 2269 2497 2323; x_wconf 82' lang='grc' dir='ltr'>ὅ</span> <span class='ocrx_word' id='word_1_184' title='bbox 2588 2275 2766 2328; x_wconf 87' lang='lat' dir='ltr'><strong>Actus</strong></span> <span class='ocrx_word' id='word_1_185' title='bbox 2796 2273 2981 2339; x_wconf 81' lang='lat' dir='ltr'><strong>Pauli,</strong></span> <span class='ocrx_word' id='word_1_186' title='bbox 3013 2278 3069 2328; x_wconf 90' lang='lat' dir='ltr'><strong>et</strong></span> <span class='ocrx_word' id='word_1_187' title='bbox 3095 2273 3243 2329; x_wconf 89' lang='lat' dir='ltr'><strong>liber</strong></span> <span class='ocrx_word' id='word_1_188' title='bbox 3290 2273 3543 2330; x_wconf 83' lang='lat' dir='ltr'><strong>Pastoris</strong></span> <span class='ocrx_word' id='word_1_189' title='bbox 3572 2274 3645 2330; x_wconf 85' lang='lat' dir='ltr'><strong>ti-</strong></span> 
     </span>
    </p>
   </div>
   <div class='ocr_carea' id='block_1_24' title="bbox 259 2360 1876 2434">
    <p class='ocr_par' dir='ltr' id='par_1_24' title="bbox 259 2360 1876 2434">
     <span class='ocr_line' id='line_1_24' title="bbox 259 2360 1876 2434; baseline -0.002 -18"><span class='ocrx_word' id='word_1_190' title='bbox 259 2361 358 2416; x_wconf 80' lang='lat' dir='ltr'><strong>lus</strong></span> <span class='ocrx_word' id='word_1_191' title='bbox 379 2361 476 2431; x_wconf 89' lang='lat' dir='ltr'><strong>qui</strong></span> <span class='ocrx_word' id='word_1_192' title='bbox 497 2360 825 2433; x_wconf 87' lang='lat' dir='ltr'><strong>appellatur</strong></span> <span class='ocrx_word' id='word_1_193' title='bbox 842 2360 1096 2416; x_wconf 83' lang='lat' dir='ltr'><strong>Pastoris</strong></span> <span class='ocrx_word' id='word_1_194' title='bbox 1117 2404 1130 2429; x_wconf 93' lang='lat'><strong>,</strong></span> <span class='ocrx_word' id='word_1_195' title='bbox 1150 2365 1206 2415; x_wconf 89' lang='lat' dir='ltr'><strong>et</strong></span> <span class='ocrx_word' id='word_1_196' title='bbox 1222 2361 1323 2416; x_wconf 84' lang='lat' dir='ltr'><strong>Re-</strong></span> <span class='ocrx_word' id='word_1_197' title='bbox 1430 2380 1488 2413; x_wconf 85' lang='grc' dir='ltr'><strong>τε</strong></span> <span class='ocrx_word' id='word_1_198' title='bbox 1520 2360 1806 2434; x_wconf 85' lang='grc' dir='ltr'>λεγόμενος</span> <span class='ocrx_word' id='word_1_199' title='bbox 1867 2366 1876 2412; x_wconf 83' lang='grc'><strong>1</strong></span> 
     </span>
    </p>
   </div>
   <div class='ocr_carea' id='block_1_25' title="bbox 2027 2360 3644 2434">
    <p class='ocr_par' dir='ltr' id='par_1_25' title="bbox 2027 2360 3644 2433">
     <span class='ocr_line' id='line_1_25' title="bbox 2027 2360 3644 2433; baseline 0.003 -21"><span class='ocrx_word' id='word_1_200' title='bbox 2027 2360 2104 2430; x_wconf 73' lang='grc' dir='ltr'>ὴν,</span> <span class='ocrx_word' id='word_1_201' title='bbox 2144 2360 2231 2413; x_wconf 83' lang='grc' dir='ltr'>καὶ</span> <span class='ocrx_word' id='word_1_202' title='bbox 2264 2362 2297 2428; x_wconf 79' lang='grc' dir='ltr'>ἡ</span> <span class='ocrx_word' id='word_1_203' title='bbox 2329 2361 2495 2415; x_wconf 88' lang='grc' dir='ltr'>Ἀπο-</span> <span class='ocrx_word' id='word_1_204' title='bbox 2590 2361 2712 2416; x_wconf 90' lang='lat' dir='ltr'><strong>tulo</strong></span> <span class='ocrx_word' id='word_1_205' title='bbox 2733 2362 3067 2433; x_wconf 89' lang='lat' dir='ltr'><strong>inscriptus,</strong></span> <span class='ocrx_word' id='word_1_206' title='bbox 3087 2362 3446 2419; x_wconf 85' lang='lat' dir='ltr'><strong>etRevelatio</strong></span> <span class='ocrx_word' id='word_1_207' title='bbox 3460 2363 3644 2433; x_wconf 83' lang='lat' dir='ltr'><strong>Petri;</strong></span> 
     </span>
    </p>
   </div>
   <div class='ocr_carea' id='block_1_26' title="bbox 255 2446 1872 2523">
    <p class='ocr_par' dir='ltr' id='par_1_26' title="bbox 255 2446 1867 2523">
     <span class='ocr_line' id='line_1_26' title="bbox 255 2446 1867 2523; baseline -0.002 -19"><span class='ocrx_word' id='word_1_208' title='bbox 255 2448 465 2505; x_wconf 86' lang='lat' dir='ltr'><strong>velatio</strong></span> <span class='ocrx_word' id='word_1_209' title='bbox 522 2450 695 2519; x_wconf 90' lang='lat' dir='ltr'><strong>Petri,</strong></span> <span class='ocrx_word' id='word_1_210' title='bbox 762 2451 832 2505; x_wconf 89' lang='lat' dir='ltr'><strong>de</strong></span> <span class='ocrx_word' id='word_1_211' title='bbox 879 2450 1094 2521; x_wconf 88' lang='lat' dir='ltr'><strong>quibus</strong></span> <span class='ocrx_word' id='word_1_212' title='bbox 1150 2465 1321 2520; x_wconf 86' lang='lat' dir='ltr'><strong>quam</strong></span> <span class='ocrx_word' id='word_1_213' title='bbox 1431 2446 1663 2521; x_wconf 74' lang='grc' dir='ltr'>κάλυψις</span> <span class='ocrx_word' id='word_1_214' title='bbox 1697 2446 1867 2523; x_wconf 80' lang='grc' dir='ltr'>Πέτρο</span> 
     </span>
    </p>
   </div>
   <div class='ocr_carea' id='block_1_27' title="bbox 1710 2446 3327 2523">
    <p class='ocr_par' dir='ltr' id='par_1_27' title="bbox 1710 2446 3327 2523">
     <span class='ocr_line' id='line_1_27' title="bbox 1710 2446 3327 2523; baseline 0.004 -22"><span class='ocrx_word' id='word_1_215' title='bbox 1710 2446 1921 2523; x_wconf 72' lang='grc' dir='ltr'>Πέτρου,</span> <span class='ocrx_word' id='word_1_216' title='bbox 1951 2448 2039 2501; x_wconf 77' lang='grc' dir='ltr'>καὶ</span> <span class='ocrx_word' id='word_1_217' title='bbox 2091 2448 2228 2523; x_wconf 84' lang='grc' dir='ltr'>πρὸς</span> <span class='ocrx_word' id='word_1_218' title='bbox 2282 2448 2496 2510; x_wconf 81' lang='grc' dir='ltr'>τούτοις</span> <span class='ocrx_word' id='word_1_219' title='bbox 2593 2451 2863 2508; x_wconf 71' lang='grc' dir='ltr'><strong>Βανηαὺέε</strong></span> <span class='ocrx_word' id='word_1_220' title='bbox 2894 2451 3032 2507; x_wconf 87' lang='lat' dir='ltr'><strong>item</strong></span> <span class='ocrx_word' id='word_1_221' title='bbox 3064 2451 3327 2523; x_wconf 89' lang='lat' dir='ltr'><strong>epistola.</strong></span> 
     </span>
    </p>
   </div>
   <div class='ocr_carea' id='block_1_28' title="bbox 258 2531 1875 2614">
    <p class='ocr_par' dir='ltr' id='par_1_28' title="bbox 258 2535 1792 2614">
     <span class='ocr_line' id='line_1_28' title="bbox 258 2535 1792 2614; baseline -0.002 -21"><span class='ocrx_word' id='word_1_222' title='bbox 258 2538 516 2594; x_wconf 80' lang='lat' dir='ltr'><strong>maxime</strong></span> <span class='ocrx_word' id='word_1_223' title='bbox 546 2539 864 2594; x_wconf 85' lang='lat' dir='ltr'><strong>dubitatur.</strong></span> <span class='ocrx_word' id='word_1_224' title='bbox 916 2538 1122 2593; x_wconf 87' lang='lat' dir='ltr'><strong>Fertur</strong></span> <span class='ocrx_word' id='word_1_225' title='bbox 1149 2538 1322 2593; x_wconf 89' lang='lat' dir='ltr'><strong>etiam</strong></span> <span class='ocrx_word' id='word_1_226' title='bbox 1430 2540 1464 2606; x_wconf 81' lang='grc' dir='ltr'>ἡ</span> <span class='ocrx_word' id='word_1_227' title='bbox 1524 2535 1792 2614; x_wconf 77' lang='grc' dir='ltr'><strong>φερομένη</strong></span> 
     </span>
    </p>
   </div>
   <div class='ocr_carea' id='block_1_29' title="bbox 874 2531 2491 2614">
    <p class='ocr_par' dir='ltr' id='par_1_29' title="bbox 916 2531 2491 2614">
     <span class='ocr_line' id='line_1_29' title="bbox 916 2531 2491 2614; baseline 0.002 -21"><span class='ocrx_word' id='word_1_228' title='bbox 916 2538 1122 2593; x_wconf 81' lang='lat' dir='ltr'><strong>Fertur</strong></span> <span class='ocrx_word' id='word_1_229' title='bbox 1149 2538 1322 2593; x_wconf 90' lang='lat' dir='ltr'><strong>etiam</strong></span> <span class='ocrx_word' id='word_1_230' title='bbox 1430 2540 1464 2606; x_wconf 80' lang='grc' dir='ltr'>ἡ</span> <span class='ocrx_word' id='word_1_231' title='bbox 1524 2535 1792 2614; x_wconf 76' lang='grc' dir='ltr'><strong>φερομένη</strong></span> <span class='ocrx_word' id='word_1_232' title='bbox 1877 2531 2119 2612; x_wconf 76' lang='grc' dir='ltr'>Βαρνάϐα</span> <span class='ocrx_word' id='word_1_233' title='bbox 2204 2536 2491 2608; x_wconf 78' lang='grc' dir='ltr'>ἐπιστολή.</span> 
     </span>
    </p>
   </div>
   <div class='ocr_carea' id='block_1_30' title="bbox 255 2626 2493 2700">
    <p class='ocr_par' dir='ltr' id='par_1_30' title="bbox 255 2626 2493 2700">
     <span class='ocr_line' id='line_1_30' title="bbox 255 2626 2493 2700; baseline 0.001 -18"><span class='ocrx_word' id='word_1_234' title='bbox 255 2628 541 2685; x_wconf 63' lang='lat' dir='ltr'><strong>Barnabas</strong></span> <span class='ocrx_word' id='word_1_235' title='bbox 568 2627 830 2700; x_wconf 89' lang='lat' dir='ltr'><strong>epistola.</strong></span> <span class='ocrx_word' id='word_1_236' title='bbox 1433 2628 1579 2699; x_wconf 85' lang='lat' dir='ltr'><strong>Lege</strong></span> <span class='ocrx_word' id='word_1_237' title='bbox 1608 2626 1991 2698; x_wconf 81' lang='lat' dir='ltr'><strong>Nicephorum,</strong></span> <span class='ocrx_word' id='word_1_238' title='bbox 2026 2627 2127 2682; x_wconf 90' lang='lat' dir='ltr'><strong>lib.</strong></span> <span class='ocrx_word' id='word_1_239' title='bbox 2154 2644 2215 2694; x_wconf 80' lang='grc' dir='ltr'><strong>ιι,</strong></span> <span class='ocrx_word' id='word_1_240' title='bbox 2244 2644 2369 2700; x_wconf 84' lang='lat' dir='ltr'><strong>cap.</strong></span> <span class='ocrx_word' id='word_1_241' title='bbox 2403 2629 2493 2684; x_wconf 79' lang='grc'>46.</span> 
     </span>
    </p>
   </div>
   <div class='ocr_carea' id='block_1_31' title="bbox 1525 2769 2390 2843">
    <p class='ocr_par' dir='ltr' id='par_1_31' title="bbox 1525 2769 2390 2843">
     <span class='ocr_line' id='line_1_31' title="bbox 1525 2769 2390 2843; baseline 0 -18"><span class='ocrx_word' id='word_1_242' title='bbox 1525 2769 1691 2839; x_wconf 70' lang='lat' dir='ltr'><strong>IDEM,</strong></span> <span class='ocrx_word' id='word_1_243' title='bbox 1725 2769 1881 2837; x_wconf 81' lang='lat' dir='ltr'><strong>ibid.,</strong></span> <span class='ocrx_word' id='word_1_244' title='bbox 1917 2770 2015 2825; x_wconf 87' lang='lat' dir='ltr'><strong>lib.</strong></span> <span class='ocrx_word' id='word_1_245' title='bbox 2044 2786 2120 2837; x_wconf 74' lang='lat' dir='ltr'><strong>vr,</strong></span> <span class='ocrx_word' id='word_1_246' title='bbox 2151 2787 2268 2843; x_wconf 87' lang='lat' dir='ltr'><strong>cap.</strong></span> <span class='ocrx_word' id='word_1_247' title='bbox 2305 2772 2390 2826; x_wconf 82' lang='grc'>14.</span> 
     </span>
    </p>
   </div>
   <div class='ocr_carea' id='block_1_32' title="bbox 510 2890 2127 2966">
    <p class='ocr_par' dir='ltr' id='par_1_32' title="bbox 510 2890 2126 2965">
     <span class='ocr_line' id='line_1_32' title="bbox 510 2890 2126 2965; baseline -0.002 -14"><span class='ocrx_word' id='word_1_248' title='bbox 510 2896 717 2952; x_wconf 82' lang='lat' dir='ltr'><strong>Ruﬁno</strong></span> <span class='ocrx_word' id='word_1_249' title='bbox 754 2898 1070 2965; x_wconf 75' lang='lat' dir='ltr'><strong>interprete.</strong></span> <span class='ocrx_word' id='word_1_250' title='bbox 1498 2893 1584 2946; x_wconf 86' lang='grc' dir='ltr'><strong>Ἐν</strong></span> <span class='ocrx_word' id='word_1_251' title='bbox 1633 2890 1691 2946; x_wconf 75' lang='grc' dir='ltr'>δὲ</span> <span class='ocrx_word' id='word_1_252' title='bbox 1731 2897 1849 2953; x_wconf 80' lang='grc' dir='ltr'>ταῖς</span> <span class='ocrx_word' id='word_1_253' title='bbox 1890 2893 2126 2947; x_wconf 85' lang='grc' dir='ltr'>Ὑποτυπ</span> 
     </span>
    </p>
   </div>
   <div class='ocr_carea' id='block_1_33' title="bbox 2030 2890 3647 2966">
    <p class='ocr_par' dir='ltr' id='par_1_33' title="bbox 2030 2893 3647 2966">
     <span class='ocr_line' id='line_1_33' title="bbox 2030 2893 3647 2966; baseline -0.001 -19"><span class='ocrx_word' id='word_1_254' title='bbox 2030 2894 2311 2964; x_wconf 74' lang='grc' dir='ltr'>τυπώσεσι,</span> <span class='ocrx_word' id='word_1_255' title='bbox 2345 2893 2489 2963; x_wconf 80' lang='grc' dir='ltr'>ξυνε-</span> <span class='ocrx_word' id='word_1_256' title='bbox 2656 2896 2813 2951; x_wconf 91' lang='lat' dir='ltr'><strong>ldem</strong></span> <span class='ocrx_word' id='word_1_257' title='bbox 2846 2894 3154 2966; x_wconf 80' lang='lat' dir='ltr'><strong>(Clemens)</strong></span> <span class='ocrx_word' id='word_1_258' title='bbox 3183 2896 3243 2949; x_wconf 86' lang='lat' dir='ltr'><strong>in</strong></span> <span class='ocrx_word' id='word_1_259' title='bbox 3285 2893 3453 2950; x_wconf 81' lang='lat' dir='ltr'><strong>libris</strong></span> <span class='ocrx_word' id='word_1_260' title='bbox 3482 2894 3647 2947; x_wconf 83' lang='grc' dir='ltr'>Ὑπο-</span> 
     </span>
    </p>
   </div>
   <div class='ocr_carea' id='block_1_34' title="bbox 333 2979 1950 3067">
    <p class='ocr_par' dir='ltr' id='par_1_34' title="bbox 333 2980 1950 3067">
     <span class='ocr_line' id='line_1_34' title="bbox 333 2980 1950 3067; baseline -0.005 -12"><span class='ocrx_word' id='word_1_261' title='bbox 333 3001 398 3055; x_wconf 85' lang='lat' dir='ltr'><strong>In</strong></span> <span class='ocrx_word' id='word_1_262' title='bbox 456 2998 621 3055; x_wconf 82' lang='lat' dir='ltr'><strong>libris</strong></span> <span class='ocrx_word' id='word_1_263' title='bbox 690 3001 1201 3067; x_wconf 87' lang='lat' dir='ltr'><strong>Informationum,</strong></span> <span class='ocrx_word' id='word_1_264' title='bbox 1260 3006 1322 3057; x_wconf 90' lang='lat' dir='ltr'><strong>ut</strong></span> <span class='ocrx_word' id='word_1_265' title='bbox 1430 2980 1593 3035; x_wconf 73' lang='grc' dir='ltr'>λόντα</span> <span class='ocrx_word' id='word_1_266' title='bbox 1623 2981 1950 3049; x_wconf 63' lang='grc' dir='ltr'><strong>εἶπεῖννπάστ</strong></span> 
     </span>
    </p>
   </div>
   <div class='ocr_carea' id='block_1_35' title="bbox 2025 2979 3642 3067">
    <p class='ocr_par' dir='ltr' id='par_1_35' title="bbox 2038 2979 3642 3053">
     <span class='ocr_line' id='line_1_35' title="bbox 2038 2979 3642 3053; baseline 0.001 -17"><span class='ocrx_word' id='word_1_267' title='bbox 2038 2984 2136 3050; x_wconf 77' lang='grc' dir='ltr'>τῆς</span> <span class='ocrx_word' id='word_1_268' title='bbox 2169 2979 2491 3051; x_wconf 77' lang='grc' dir='ltr'>ἐνδιαθήκου</span> <span class='ocrx_word' id='word_1_269' title='bbox 2581 2984 2895 3053; x_wconf 83' lang='grc' dir='ltr'>τυπώσεων,</span> <span class='ocrx_word' id='word_1_270' title='bbox 2929 2984 3215 3047; x_wconf 91' lang='lat' dir='ltr'><strong>omnium,</strong></span> <span class='ocrx_word' id='word_1_271' title='bbox 3239 2988 3303 3037; x_wconf 86' lang='lat' dir='ltr'><strong>ut</strong></span> <span class='ocrx_word' id='word_1_272' title='bbox 3333 3000 3449 3039; x_wconf 92' lang='lat' dir='ltr'><strong>uno</strong></span> <span class='ocrx_word' id='word_1_273' title='bbox 3469 2984 3642 3039; x_wconf 90' lang='lat' dir='ltr'><strong>verbo</strong></span> 
     </span>
    </p>
   </div>
   <div class='ocr_carea' id='block_1_36' title="bbox 254 3069 1871 3161">
    <p class='ocr_par' dir='ltr' id='par_1_36' title="bbox 254 3071 1871 3161">
     <span class='ocr_line' id='line_1_36' title="bbox 254 3071 1871 3161; baseline -0.006 -16"><span class='ocrx_word' id='word_1_274' title='bbox 254 3088 509 3145; x_wconf 86' lang='lat' dir='ltr'><strong>breviter</strong></span> <span class='ocrx_word' id='word_1_275' title='bbox 536 3089 746 3159; x_wconf 79' lang='lat' dir='ltr'><strong>dicam,</strong></span> <span class='ocrx_word' id='word_1_276' title='bbox 789 3091 1115 3147; x_wconf 88' lang='lat' dir='ltr'><strong>universam</strong></span> <span class='ocrx_word' id='word_1_277' title='bbox 1169 3090 1318 3161; x_wconf 87' lang='lat' dir='ltr'><strong>pari-</strong></span> <span class='ocrx_word' id='word_1_278' title='bbox 1429 3077 1644 3161; x_wconf 64' lang='grc' dir='ltr'>Γραφῆς</span> <span class='ocrx_word' id='word_1_279' title='bbox 1704 3071 1871 3125; x_wconf 75' lang='grc' dir='ltr'>ἐπιτετ</span> 
     </span>
    </p>
   </div>
   <div class='ocr_carea' id='block_1_37' title="bbox 2028 3069 3645 3161">
    <p class='ocr_par' dir='ltr' id='par_1_37' title="bbox 2028 3069 3645 3144">
     <span class='ocr_line' id='line_1_37' title="bbox 2028 3069 3645 3144; baseline 0.001 -21"><span class='ocrx_word' id='word_1_280' title='bbox 2028 3069 2136 3132; x_wconf 64' lang='grc' dir='ltr'>ἕνας</span> <span class='ocrx_word' id='word_1_281' title='bbox 2201 3070 2489 3141; x_wconf 80' lang='grc' dir='ltr'>πεποίηται</span> <span class='ocrx_word' id='word_1_282' title='bbox 2584 3072 3645 3144; x_wconf 80' lang='lat' dir='ltr'><strong>dicam,utriusqueTestamentiScri-</strong></span> 
     </span>
    </p>
   </div>
   <div class='ocr_carea' id='block_1_38' title="bbox 1430 3156 3047 3235">
    <p class='ocr_par' dir='ltr' id='par_1_38' title="bbox 1430 3156 3047 3235">
     <span class='ocr_line' id='line_1_38' title="bbox 1430 3156 3047 3235; baseline 0.002 -22"><span class='ocrx_word' id='word_1_283' title='bbox 1430 3157 1729 3235; x_wconf 56' lang='grc' dir='ltr'>διηγήσεις</span> <span class='ocrx_word' id='word_1_284' title='bbox 1769 3160 1842 3232; x_wconf 78' lang='grc' dir='ltr'><strong>μὴ</strong></span> <span class='ocrx_word' id='word_1_285' title='bbox 1879 3156 1933 3213; x_wconf 74' lang='grc' dir='ltr'>δὲ</span> <span class='ocrx_word' id='word_1_286' title='bbox 1963 3160 2056 3220; x_wconf 77' lang='grc' dir='ltr'>τὰς</span> <span class='ocrx_word' id='word_1_287' title='bbox 2100 3158 2491 3235; x_wconf 82' lang='grc' dir='ltr'>ἀναλεγομένας</span> <span class='ocrx_word' id='word_1_288' title='bbox 2584 3167 2885 3234; x_wconf 84' lang='lat' dir='ltr'><strong>pturarum</strong></span> <span class='ocrx_word' id='word_1_289' title='bbox 2904 3178 3047 3233; x_wconf 82' lang='lat' dir='ltr'><strong>com]</strong></span> 
     </span>
    </p>
   </div>
   <div class='ocr_carea' id='block_1_39' title="bbox 2030 3156 3647 3235">
    <p class='ocr_par' dir='ltr' id='par_1_39' title="bbox 2034 3158 3647 3235">
     <span class='ocr_line' id='line_1_39' title="bbox 2034 3158 3647 3235; baseline 0.001 -23"><span class='ocrx_word' id='word_1_290' title='bbox 2034 3181 2056 3220; x_wconf 90' lang='grc' dir='ltr'><strong>ς</strong></span> <span class='ocrx_word' id='word_1_291' title='bbox 2100 3158 2491 3235; x_wconf 80' lang='grc' dir='ltr'>ἀναλεγομένας</span> <span class='ocrx_word' id='word_1_292' title='bbox 2584 3167 2885 3234; x_wconf 89' lang='lat' dir='ltr'><strong>pturarum</strong></span> <span class='ocrx_word' id='word_1_293' title='bbox 2904 3160 3647 3233; x_wconf 87' lang='lat' dir='ltr'><strong>compendiosaminstituit</strong></span> 
     </span>
    </p>
   </div>
   <div class='ocr_carea' id='block_1_40' title="bbox 1426 3246 3043 3324">
    <p class='ocr_par' dir='ltr' id='par_1_40' title="bbox 1426 3246 3043 3324">
     <span class='ocr_line' id='line_1_40' title="bbox 1426 3246 3043 3324; baseline 0.001 -22"><span class='ocrx_word' id='word_1_294' title='bbox 1426 3248 1731 3324; x_wconf 82' lang='grc' dir='ltr'><strong>παρελθών·</strong></span> <span class='ocrx_word' id='word_1_295' title='bbox 1773 3250 1870 3316; x_wconf 75' lang='grc' dir='ltr'><strong>τὴν</strong></span> <span class='ocrx_word' id='word_1_296' title='bbox 1930 3246 2127 3319; x_wconf 80' lang='grc' dir='ltr'>Ἰούδα,</span> <span class='ocrx_word' id='word_1_297' title='bbox 2178 3246 2341 3322; x_wconf 71' lang='grc' dir='ltr'>λέγω,</span> <span class='ocrx_word' id='word_1_298' title='bbox 2401 3249 2488 3303; x_wconf 85' lang='grc' dir='ltr'><strong>καὶ</strong></span> <span class='ocrx_word' id='word_1_299' title='bbox 2581 3249 3043 3317; x_wconf 79' lang='lat' dir='ltr'><strong>enarrationem;</strong></span> 
     </span>
    </p>
   </div>
   <div class='ocr_carea' id='block_1_41' title="bbox 2021 3246 3638 3324">
    <p class='ocr_par' dir='ltr' id='par_1_41' title="bbox 2021 3246 3638 3322">
     <span class='ocr_line' id='line_1_41' title="bbox 2021 3246 3638 3322; baseline 0 -20"><span class='ocrx_word' id='word_1_300' title='bbox 2021 3246 2127 3319; x_wconf 75' lang='lat'><strong>581,</strong></span> <span class='ocrx_word' id='word_1_301' title='bbox 2178 3246 2341 3322; x_wconf 71' lang='grc' dir='ltr'>λέγω,</span> <span class='ocrx_word' id='word_1_302' title='bbox 2401 3249 2488 3303; x_wconf 84' lang='grc' dir='ltr'><strong>καὶ</strong></span> <span class='ocrx_word' id='word_1_303' title='bbox 2581 3249 3043 3317; x_wconf 88' lang='lat' dir='ltr'><strong>enarrationem;</strong></span> <span class='ocrx_word' id='word_1_304' title='bbox 3096 3266 3165 3305; x_wconf 89' lang='lat' dir='ltr'><strong>ne</strong></span> <span class='ocrx_word' id='word_1_305' title='bbox 3231 3247 3350 3304; x_wconf 89' lang='lat' dir='ltr'><strong>illis</strong></span> <span class='ocrx_word' id='word_1_306' title='bbox 3402 3248 3638 3319; x_wconf 89' lang='lat' dir='ltr'><strong>quidem</strong></span> 
     </span>
    </p>
   </div>
   <div class='ocr_carea' id='block_1_42' title="bbox 252 3336 1869 3429">
    <p class='ocr_par' dir='ltr' id='par_1_42' title="bbox 252 3337 1869 3429">
     <span class='ocr_line' id='line_1_42' title="bbox 252 3337 1869 3429; baseline -0.008 -19"><span class='ocrx_word' id='word_1_307' title='bbox 252 3357 315 3410; x_wconf 91' lang='lat' dir='ltr'><strong>in</strong></span> <span class='ocrx_word' id='word_1_308' title='bbox 351 3355 563 3427; x_wconf 87' lang='lat' dir='ltr'><strong>quibus</strong></span> <span class='ocrx_word' id='word_1_309' title='bbox 588 3373 659 3411; x_wconf 92' lang='lat' dir='ltr'><strong>ne</strong></span> <span class='ocrx_word' id='word_1_310' title='bbox 688 3373 755 3412; x_wconf 88' lang='lat' dir='ltr'><strong>ea</strong></span> <span class='ocrx_word' id='word_1_311' title='bbox 777 3358 1012 3428; x_wconf 89' lang='lat' dir='ltr'><strong>quidem</strong></span> <span class='ocrx_word' id='word_1_312' title='bbox 1036 3375 1161 3429; x_wconf 68' lang='lat' dir='ltr'><strong>quae</strong></span> <span class='ocrx_word' id='word_1_313' title='bbox 1185 3374 1317 3429; x_wconf 87' lang='lat' dir='ltr'><strong>apo-</strong></span> <span class='ocrx_word' id='word_1_314' title='bbox 1424 3339 1520 3429; x_wconf 57' lang='grc' dir='ltr'><strong>τὶς</strong></span> <span class='ocrx_word' id='word_1_315' title='bbox 1578 3337 1772 3400; x_wconf 75' lang='grc' dir='ltr'>λοιπὰς</span> <span class='ocrx_word' id='word_1_316' title='bbox 1829 3360 1869 3392; x_wconf 60' lang='lat' dir='ltr'><strong>ne</strong></span> 
     </span>
    </p>
   </div>
   <div class='ocr_carea' id='block_1_43' title="bbox 2024 3336 3641 3429">
    <p class='ocr_par' dir='ltr' id='par_1_43' title="bbox 2026 3336 3641 3409">
     <span class='ocr_line' id='line_1_43' title="bbox 2026 3336 3641 3409; baseline -0.001 -17"><span class='ocrx_word' id='word_1_317' title='bbox 2026 3338 2120 3398; x_wconf 70' lang='grc' dir='ltr'>κάς</span> <span class='ocrx_word' id='word_1_318' title='bbox 2178 3337 2485 3399; x_wconf 83' lang='grc' dir='ltr'>ἐπιστολάς’</span> <span class='ocrx_word' id='word_1_319' title='bbox 2582 3338 2985 3407; x_wconf 69' lang='lat' dir='ltr'><strong>praetermissis</strong></span> <span class='ocrx_word' id='word_1_320' title='bbox 3013 3338 3351 3409; x_wconf 89' lang='lat' dir='ltr'><strong>Scripturis,</strong></span> <span class='ocrx_word' id='word_1_321' title='bbox 3395 3338 3466 3391; x_wconf 92' lang='lat' dir='ltr'><strong>de</strong></span> <span class='ocrx_word' id='word_1_322' title='bbox 3511 3336 3641 3407; x_wconf 91' lang='lat' dir='ltr'><strong>qui-</strong></span> 
     </span>
    </p>
   </div>
   <div class='ocr_carea' id='block_1_44' title="bbox 252 3421 1869 3516">
    <p class='ocr_par' dir='ltr' id='par_1_44' title="bbox 252 3421 1869 3516">
     <span class='ocr_line' id='line_1_44' title="bbox 252 3421 1869 3516; baseline -0.024 3"><span class='ocrx_word' id='word_1_323' title='bbox 252 3421 474 3516; x_wconf 64' lang='lat' dir='ltr'><strong>CPYPba</strong></span> <span class='ocrx_word' id='word_1_324' title='bbox 527 3462 561 3499; x_wconf 70' lang='grc' dir='ltr'>ἃ</span> <span class='ocrx_word' id='word_1_325' title='bbox 624 3421 975 3516; x_wconf 70' lang='lat' dir='ltr'><strong>quibusdam</strong></span> <span class='ocrx_word' id='word_1_326' title='bbox 1026 3421 1317 3502; x_wconf 69' lang='lat' dir='ltr'><strong>babeniur</strong></span> <span class='ocrx_word' id='word_1_327' title='bbox 1423 3428 1521 3516; x_wconf 50' lang='lat' dir='ltr'><strong>Pl&quot;</strong></span> <span class='ocrx_word' id='word_1_328' title='bbox 1576 3448 1636 3516; x_wconf 57' lang='grc' dir='ltr'>τᾷ</span> <span class='ocrx_word' id='word_1_329' title='bbox 1692 3428 1869 3503; x_wconf 64' lang='grc' dir='ltr'>Βαρνάλ</span> 
     </span>
    </p>
   </div>
   <div class='ocr_carea' id='block_1_45' title="bbox 2019 3421 3636 3516">
    <p class='ocr_par' dir='ltr' id='par_1_45' title="bbox 2019 3424 3636 3501">
     <span class='ocr_line' id='line_1_45' title="bbox 2019 3424 3636 3501; baseline -0.002 -21"><span class='ocrx_word' id='word_1_330' title='bbox 2019 3427 2080 3481; x_wconf 64' lang='lat' dir='ltr'><strong>at</strong></span> <span class='ocrx_word' id='word_1_331' title='bbox 2137 3428 2236 3495; x_wconf 72' lang='grc' dir='ltr'><strong>τὴν</strong></span> <span class='ocrx_word' id='word_1_332' title='bbox 2278 3427 2485 3501; x_wconf 83' lang='grc' dir='ltr'>Πὲτρου</span> <span class='ocrx_word' id='word_1_333' title='bbox 2577 3424 3636 3496; x_wconf 66' lang='lat' dir='ltr'><strong>busintermultosambigitur;Jude</strong></span> 
     </span>
    </p>
   </div>
   <div class='ocr_carea' id='block_1_46' title="bbox 251 3512 1868 3605">
    <p class='ocr_par' dir='ltr' id='par_1_46' title="bbox 251 3512 1868 3605">
     <span class='ocr_line' id='line_1_46' title="bbox 251 3512 1868 3605; baseline -0.002 -17"><span class='ocrx_word' id='word_1_334' title='bbox 251 3512 565 3605; x_wconf 57' lang='lat' dir='ltr'><strong>presteriit;</strong></span> <span class='ocrx_word' id='word_1_335' title='bbox 601 3512 665 3589; x_wconf 77' lang='lat' dir='ltr'><strong>ut</strong></span> <span class='ocrx_word' id='word_1_336' title='bbox 693 3538 782 3589; x_wconf 90' lang='lat' dir='ltr'><strong>est</strong></span> <span class='ocrx_word' id='word_1_337' title='bbox 819 3534 970 3590; x_wconf 87' lang='lat' dir='ltr'><strong>Petri</strong></span> <span class='ocrx_word' id='word_1_338' title='bbox 1000 3534 1311 3592; x_wconf 83' lang='lat' dir='ltr'><strong>Revelatio.</strong></span> <span class='ocrx_word' id='word_1_339' title='bbox 1427 3513 1728 3589; x_wconf 71' lang='grc' dir='ltr'>λεγομένην</span> <span class='ocrx_word' id='word_1_340' title='bbox 1781 3516 1868 3570; x_wconf 72' lang='grc' dir='ltr'><strong>ἀπ(</strong></span> 
     </span>
    </p>
   </div>
   <div class='ocr_carea' id='block_1_47' title="bbox 2020 3512 3637 3605">
    <p class='ocr_par' dir='ltr' id='par_1_47' title="bbox 2020 3512 3637 3589">
     <span class='ocr_line' id='line_1_47' title="bbox 2020 3512 3637 3589; baseline 0 -23"><span class='ocrx_word' id='word_1_341' title='bbox 2020 3519 2143 3589; x_wconf 49' lang='lat' dir='ltr'><strong>mpm.</strong></span> <span class='ocrx_word' id='word_1_342' title='bbox 2194 3518 2341 3589; x_wconf 88' lang='lat' dir='ltr'><strong>Lege</strong></span> <span class='ocrx_word' id='word_1_343' title='bbox 2388 3517 2484 3571; x_wconf 88' lang='lat' dir='ltr'><strong>Ni-</strong></span> <span class='ocrx_word' id='word_1_344' title='bbox 2576 3515 2880 3584; x_wconf 88' lang='lat' dir='ltr'><strong>epistolam</strong></span> <span class='ocrx_word' id='word_1_345' title='bbox 2932 3519 2991 3569; x_wconf 91' lang='lat' dir='ltr'><strong>et</strong></span> <span class='ocrx_word' id='word_1_346' title='bbox 3052 3513 3339 3579; x_wconf 64' lang='lat' dir='ltr'><strong>Barnabas,</strong></span> <span class='ocrx_word' id='word_1_347' title='bbox 3388 3529 3453 3567; x_wconf 89' lang='lat' dir='ltr'><strong>ac</strong></span> <span class='ocrx_word' id='word_1_348' title='bbox 3505 3512 3637 3567; x_wconf 89' lang='lat' dir='ltr'><strong>reli-</strong></span> 
     </span>
    </p>
   </div>
   <div class='ocr_carea' id='block_1_48' title="bbox 1422 3600 3632 3677">
    <p class='ocr_par' dir='ltr' id='par_1_48' title="bbox 1422 3600 3632 3677">
     <span class='ocr_line' id='line_1_48' title="bbox 1422 3600 3632 3677; baseline -0.003 -17"><span class='ocrx_word' id='word_1_349' title='bbox 1422 3607 1732 3676; x_wconf 86' lang='lat' dir='ltr'><strong>cephorum,</strong></span> <span class='ocrx_word' id='word_1_350' title='bbox 1765 3605 1863 3660; x_wconf 88' lang='lat' dir='ltr'><strong>lib.</strong></span> <span class='ocrx_word' id='word_1_351' title='bbox 1900 3623 1974 3675; x_wconf 88' lang='lat' dir='ltr'><strong>1v,</strong></span> <span class='ocrx_word' id='word_1_352' title='bbox 2006 3623 2133 3677; x_wconf 88' lang='lat' dir='ltr'><strong>cap.</strong></span> <span class='ocrx_word' id='word_1_353' title='bbox 2165 3605 2253 3660; x_wconf 89' lang='lat'><strong>33.</strong></span> <span class='ocrx_word' id='word_1_354' title='bbox 2575 3620 2717 3675; x_wconf 88' lang='lat' dir='ltr'><strong>quas</strong></span> <span class='ocrx_word' id='word_1_355' title='bbox 2732 3601 3330 3673; x_wconf 86' lang='lat' dir='ltr'><strong>catholicasepistolas</strong></span> <span class='ocrx_word' id='word_1_356' title='bbox 3347 3600 3632 3673; x_wconf 91' lang='lat' dir='ltr'><strong>intelligo,</strong></span> 
     </span>
    </p>
   </div>
   <div class='ocr_carea' id='block_1_49' title="bbox 2571 3688 3628 3763">
    <p class='ocr_par' dir='ltr' id='par_1_49' title="bbox 2571 3688 3628 3763">
     <span class='ocr_line' id='line_1_49' title="bbox 2571 3688 3628 3763; baseline -0.005 -16"><span class='ocrx_word' id='word_1_357' title='bbox 2571 3699 2628 3746; x_wconf 91' lang='lat' dir='ltr'><strong>et</strong></span> <span class='ocrx_word' id='word_1_358' title='bbox 2640 3690 3066 3747; x_wconf 83' lang='lat' dir='ltr'><strong>Revelationem</strong></span> <span class='ocrx_word' id='word_1_359' title='bbox 3090 3708 3215 3763; x_wconf 63' lang='lat' dir='ltr'><strong>qua</strong></span> <span class='ocrx_word' id='word_1_360' title='bbox 3230 3690 3444 3746; x_wconf 86' lang='lat' dir='ltr'><strong>dicitur</strong></span> <span class='ocrx_word' id='word_1_361' title='bbox 3453 3688 3628 3745; x_wconf 88' lang='lat' dir='ltr'><strong>Petri.</strong></span> 
     </span>
    </p>
   </div>
   <div class='ocr_carea' id='block_1_50' title="bbox 253 3176 1321 3249">
    <p class='ocr_par' dir='ltr' id='par_1_50' title="bbox 253 3176 1321 3249">
     <span class='ocr_line' id='line_1_50' title="bbox 253 3176 1321 3249; baseline 0.003 -18"><span class='ocrx_word' id='word_1_362' title='bbox 253 3182 351 3233; x_wconf 87' lang='lat' dir='ltr'><strong>ter</strong></span> <span class='ocrx_word' id='word_1_363' title='bbox 379 3176 735 3248; x_wconf 87' lang='lat' dir='ltr'><strong>Scripturam</strong></span> <span class='ocrx_word' id='word_1_364' title='bbox 766 3178 1023 3234; x_wconf 89' lang='lat' dir='ltr'><strong>divinam</strong></span> <span class='ocrx_word' id='word_1_365' title='bbox 1053 3196 1321 3249; x_wconf 91' lang='lat' dir='ltr'><strong>compen-</strong></span> 
     </span>
    </p>
   </div>
   <div class='ocr_carea' id='block_1_51' title="bbox 255 3266 1315 3341">
    <p class='ocr_par' dir='ltr' id='par_1_51' title="bbox 255 3266 1315 3341">
     <span class='ocr_line' id='line_1_51' title="bbox 255 3266 1315 3341; baseline 0.002 -19"><span class='ocrx_word' id='word_1_366' title='bbox 255 3266 444 3322; x_wconf 89' lang='lat' dir='ltr'><strong>diosis</strong></span> <span class='ocrx_word' id='word_1_367' title='bbox 456 3266 957 3323; x_wconf 85' lang='lat' dir='ltr'><strong>dissertationibus</strong></span> <span class='ocrx_word' id='word_1_368' title='bbox 969 3268 1315 3341; x_wconf 83' lang='lat' dir='ltr'><strong>explanavit:</strong></span> 
     </span>
    </p>
   </div>
   <div class='ocr_carea' id='block_1_52' title="bbox 364 3857 3530 3990">
    <p class='ocr_par' dir='ltr' id='par_1_52' title="bbox 364 3857 3530 3990">
     <span class='ocr_line' id='line_1_52' title="bbox 364 3857 3530 3990; baseline -0 -76"><span class='ocrx_word' id='word_1_369' title='bbox 364 3860 549 3915; x_wconf 82' lang='lat' dir='ltr'><strong>Alium</strong></span> <span class='ocrx_word' id='word_1_370' title='bbox 585 3862 757 3918; x_wconf 86' lang='lat' dir='ltr'><strong>locum</strong></span> <span class='ocrx_word' id='word_1_371' title='bbox 783 3862 1020 3918; x_wconf 76' lang='lat' dir='ltr'><strong>Eusaan</strong></span> <span class='ocrx_word' id='word_1_372' title='bbox 1050 3879 1118 3919; x_wconf 74' lang='lat' dir='ltr'><strong>ex</strong></span> <span class='ocrx_word' id='word_1_373' title='bbox 1147 3861 1292 3918; x_wconf 88' lang='lat' dir='ltr'><strong>Hist.</strong></span> <span class='ocrx_word' id='word_1_374' title='bbox 1327 3863 1500 3933; x_wconf 88' lang='lat' dir='ltr'><strong>Eccl.,</strong></span> <span class='ocrx_word' id='word_1_375' title='bbox 1547 3862 1792 3990; x_wconf 61' lang='lat' dir='ltr'><strong>lib.Ev1_,st</strong></span> <span class='ocrx_word' id='word_1_376' title='bbox 1786 3880 1905 3989; x_wconf 54' lang='grc' dir='ltr'>αἴῃ.</span> <span class='ocrx_word' id='word_1_377' title='bbox 1926 3864 2025 3989; x_wconf 52' lang='grc' dir='ltr'>(ΞΒ,</span> <span class='ocrx_word' id='word_1_378' title='bbox 2057 3864 2312 3934; x_wconf 69' lang='lat' dir='ltr'><strong>superius</strong></span> <span class='ocrx_word' id='word_1_379' title='bbox 2340 3864 2641 3919; x_wconf 76' lang='lat' dir='ltr'><strong>retulimus</strong></span> <span class='ocrx_word' id='word_1_380' title='bbox 2679 3862 2822 3917; x_wconf 87' lang='lat' dir='ltr'><strong>inter</strong></span> <span class='ocrx_word' id='word_1_381' title='bbox 2847 3864 3087 3917; x_wconf 83' lang='lat' dir='ltr'><strong>veterum</strong></span> <span class='ocrx_word' id='word_1_382' title='bbox 3115 3859 3434 3915; x_wconf 81' lang='lat' dir='ltr'><strong>testimonia</strong></span> <span class='ocrx_word' id='word_1_383' title='bbox 3462 3857 3530 3913; x_wconf 87' lang='lat' dir='ltr'><strong>de</strong></span> 
     </span>
     <span class='ocr_line' id='line_1_53' title="bbox 1686 3951 2267 3990; baseline -0.003 0"><span class='ocrx_word' id='word_1_384' title='bbox 1686 3951 1741 3990; x_wconf 83' lang='lat' dir='ltr'><strong>m</strong></span> <span class='ocrx_word' id='word_1_385' title='bbox 1794 3951 1822 3990; x_wconf 90' lang='grc' dir='ltr'><strong>ο</strong></span> <span class='ocrx_word' id='word_1_386' title='bbox 1851 3952 1897 3990; x_wconf 76' lang='lat' dir='ltr'><strong>u</strong></span> <span class='ocrx_word' id='word_1_387' title='bbox 1971 3951 2267 3989; x_wconf 78' lang='lat' dir='ltr'><strong>LEMENTIS.</strong></span> 
     </span>
    </p>
   </div>
   <div class='ocr_carea' id='block_1_53' title="bbox 1682 3951 2267 4005">
    <p class='ocr_par' dir='ltr' id='par_1_53' title="bbox 1682 3951 2267 4005">
     <span class='ocr_line' id='line_1_54' title="bbox 1682 3951 2267 4005; baseline -0.003 -15"><span class='ocrx_word' id='word_1_388' title='bbox 1682 3951 1897 4005; x_wconf 68' lang='lat' dir='ltr'><strong>piatam</strong></span> <span class='ocrx_word' id='word_1_389' title='bbox 1926 3951 2267 3989; x_wconf 79' lang='lat' dir='ltr'><strong>ULEMENTIS.</strong></span> 
     </span>
    </p>
   </div>
   <div class='ocr_carea' id='block_1_54' title="bbox 1908 4130 2004 4185">
    <p class='ocr_par' dir='ltr' id='par_1_54' title="bbox 1908 4130 2004 4185">
     <span class='ocr_line' id='line_1_55' title="bbox 1908 4130 2004 4185; baseline 0 0"><span class='ocrx_word' id='word_1_390' title='bbox 1908 4130 2004 4185; x_wconf 88' lang='lat' dir='ltr'><strong>IV.</strong></span> 
     </span>
    </p>
   </div>
   <div class='ocr_carea' id='block_1_55' title="bbox 770 4245 3136 4318">
    <p class='ocr_par' dir='ltr' id='par_1_55' title="bbox 770 4245 3136 4318">
     <span class='ocr_line' id='line_1_56' title="bbox 770 4245 3136 4318; baseline 0 -18"><span class='ocrx_word' id='word_1_391' title='bbox 770 4246 1169 4316; x_wconf 77' lang='lat' dir='ltr'><strong>HIERONYMUS,</strong></span> <span class='ocrx_word' id='word_1_392' title='bbox 1204 4247 1297 4302; x_wconf 87' lang='lat' dir='ltr'><strong>lib.</strong></span> <span class='ocrx_word' id='word_1_393' title='bbox 1336 4252 1408 4303; x_wconf 90' lang='lat' dir='ltr'><strong>De</strong></span> <span class='ocrx_word' id='word_1_394' title='bbox 1439 4246 1579 4302; x_wconf 89' lang='lat' dir='ltr'><strong>viris</strong></span> <span class='ocrx_word' id='word_1_395' title='bbox 1608 4245 1960 4315; x_wconf 87' lang='lat' dir='ltr'><strong>illustribus,</strong></span> <span class='ocrx_word' id='word_1_396' title='bbox 1992 4263 2114 4317; x_wconf 84' lang='lat' dir='ltr'><strong>cap.</strong></span> <span class='ocrx_word' id='word_1_397' title='bbox 2145 4246 2200 4312; x_wconf 85' lang='lat'><strong>6,</strong></span> <span class='ocrx_word' id='word_1_398' title='bbox 2226 4262 2353 4301; x_wconf 88' lang='lat' dir='ltr'><strong>cum</strong></span> <span class='ocrx_word' id='word_1_399' title='bbox 2383 4253 2560 4301; x_wconf 85' lang='lat' dir='ltr'><strong>vetere</strong></span> <span class='ocrx_word' id='word_1_400' title='bbox 2589 4246 2773 4303; x_wconf 61' lang='lat' dir='ltr'><strong>Cresco</strong></span> <span class='ocrx_word' id='word_1_401' title='bbox 2804 4245 3136 4318; x_wconf 88' lang='lat' dir='ltr'><strong>interprete.</strong></span> 
     </span>
    </p>
   </div>
   <div class='ocr_carea' id='block_1_56' title="bbox 340 4419 1957 4501">
    <p class='ocr_par' dir='ltr' id='par_1_56' title="bbox 340 4419 1911 4501">
     <span class='ocr_line' id='line_1_57' title="bbox 340 4419 1911 4501; baseline -0.003 -21"><span class='ocrx_word' id='word_1_402' title='bbox 340 4419 612 4501; x_wconf 59' lang='lat' dir='ltr'><strong>Bapva&#39;sac</strong></span> <span class='ocrx_word' id='word_1_403' title='bbox 661 4425 917 4501; x_wconf 77' lang='grc' dir='ltr'>Κύπριος,</span> <span class='ocrx_word' id='word_1_404' title='bbox 976 4424 1004 4477; x_wconf 87' lang='grc' dir='ltr'><strong>ὁ</strong></span> <span class='ocrx_word' id='word_1_405' title='bbox 1061 4424 1149 4477; x_wconf 82' lang='grc' dir='ltr'><strong>καὶ</strong></span> <span class='ocrx_word' id='word_1_406' title='bbox 1209 4423 1404 4499; x_wconf 82' lang='grc' dir='ltr'>Ἰωσὴρ</span> <span class='ocrx_word' id='word_1_407' title='bbox 1462 4421 1715 4493; x_wconf 78' lang='grc' dir='ltr'><strong>Λευίτης,</strong></span> <span class='ocrx_word' id='word_1_408' title='bbox 1779 4424 1911 4495; x_wconf 81' lang='grc' dir='ltr'>μετὰ</span> 
     </span>
    </p>
   </div>
   <div class='ocr_carea' id='block_1_57' title="bbox 2032 4419 3649 4501">
    <p class='ocr_par' dir='ltr' id='par_1_57' title="bbox 2090 4422 3649 4498">
     <span class='ocr_line' id='line_1_58' title="bbox 2090 4422 3649 4498; baseline -0.002 -19"><span class='ocrx_word' id='word_1_409' title='bbox 2090 4426 2381 4480; x_wconf 88' lang='lat' dir='ltr'><strong>Barnabas</strong></span> <span class='ocrx_word' id='word_1_410' title='bbox 2419 4427 2681 4498; x_wconf 82' lang='lat' dir='ltr'><strong>Cyprius,</strong></span> <span class='ocrx_word' id='word_1_411' title='bbox 2714 4424 2815 4497; x_wconf 89' lang='lat' dir='ltr'><strong>qui</strong></span> <span class='ocrx_word' id='word_1_412' title='bbox 2861 4428 2916 4479; x_wconf 92' lang='lat' dir='ltr'><strong>et</strong></span> <span class='ocrx_word' id='word_1_413' title='bbox 2976 4422 3187 4494; x_wconf 83' lang='lat' dir='ltr'><strong>loseph</strong></span> <span class='ocrx_word' id='word_1_414' title='bbox 3239 4422 3483 4493; x_wconf 89' lang='lat' dir='ltr'><strong>Levites,</strong></span> <span class='ocrx_word' id='word_1_415' title='bbox 3515 4437 3649 4477; x_wconf 92' lang='lat' dir='ltr'><strong>cum</strong></span> 
     </span>
    </p>
   </div>
   <div class='ocr_carea' id='block_1_58' title="bbox 258 4510 1875 4585">
    <p class='ocr_par' dir='ltr' id='par_1_58' title="bbox 258 4510 1875 4583">
     <span class='ocr_line' id='line_1_59' title="bbox 258 4510 1875 4583; baseline -0.002 -16"><span class='ocrx_word' id='word_1_416' title='bbox 258 4512 489 4567; x_wconf 76' lang='grc' dir='ltr'>Παύλου</span> <span class='ocrx_word' id='word_1_417' title='bbox 519 4518 627 4567; x_wconf 83' lang='grc' dir='ltr'><strong>τῶν</strong></span> <span class='ocrx_word' id='word_1_418' title='bbox 656 4512 819 4577; x_wconf 81' lang='grc' dir='ltr'>ἐθνῶν</span> <span class='ocrx_word' id='word_1_419' title='bbox 852 4510 1154 4572; x_wconf 83' lang='grc' dir='ltr'>ἀπόστολος</span> <span class='ocrx_word' id='word_1_420' title='bbox 1184 4512 1550 4581; x_wconf 78' lang='grc' dir='ltr'>κατασταθεὶς,</span> <span class='ocrx_word' id='word_1_421' title='bbox 1605 4512 1726 4583; x_wconf 84' lang='grc' dir='ltr'>μίαν</span> <span class='ocrx_word' id='word_1_422' title='bbox 1774 4511 1875 4583; x_wconf 85' lang='grc' dir='ltr'><strong>πρὸ</strong></span> 
     </span>
    </p>
   </div>
   <div class='ocr_carea' id='block_1_59' title="bbox 2040 4510 3657 4585">
    <p class='ocr_par' dir='ltr' id='par_1_59' title="bbox 2040 4511 3657 4585">
     <span class='ocr_line' id='line_1_60' title="bbox 2040 4511 3657 4585; baseline -0.001 -21"><span class='ocrx_word' id='word_1_423' title='bbox 2040 4512 2199 4567; x_wconf 66' lang='lat' dir='ltr'><strong>.3aulo</strong></span> <span class='ocrx_word' id='word_1_424' title='bbox 2230 4514 2488 4585; x_wconf 87' lang='lat' dir='ltr'><strong>gentium</strong></span> <span class='ocrx_word' id='word_1_425' title='bbox 2513 4513 2811 4585; x_wconf 87' lang='lat' dir='ltr'><strong>apostolus</strong></span> <span class='ocrx_word' id='word_1_426' title='bbox 2832 4511 3154 4581; x_wconf 86' lang='lat' dir='ltr'><strong>ordinatus,</strong></span> <span class='ocrx_word' id='word_1_427' title='bbox 3180 4527 3356 4566; x_wconf 91' lang='lat' dir='ltr'><strong>unam</strong></span> <span class='ocrx_word' id='word_1_428' title='bbox 3384 4512 3454 4565; x_wconf 90' lang='lat' dir='ltr'><strong>ad</strong></span> <span class='ocrx_word' id='word_1_429' title='bbox 3480 4511 3657 4565; x_wconf 68' lang='lat' dir='ltr'><strong>aediﬁ-</strong></span> 
     </span>
    </p>
   </div>
   <div class='ocr_carea' id='block_1_60' title="bbox 258 4598 1875 4675">
    <p class='ocr_par' dir='ltr' id='par_1_60' title="bbox 258 4598 1875 4675">
     <span class='ocr_line' id='line_1_61' title="bbox 258 4598 1875 4675; baseline -0.003 -19"><span class='ocrx_word' id='word_1_430' title='bbox 258 4599 571 4675; x_wconf 74' lang='grc' dir='ltr'>οἰκοδομήν</span> <span class='ocrx_word' id='word_1_431' title='bbox 616 4609 717 4670; x_wconf 79' lang='grc' dir='ltr'><strong>τῆς</strong></span> <span class='ocrx_word' id='word_1_432' title='bbox 762 4600 1084 4671; x_wconf 81' lang='grc' dir='ltr'>Ἐκκλησίας</span> <span class='ocrx_word' id='word_1_433' title='bbox 1128 4599 1419 4667; x_wconf 72' lang='grc' dir='ltr'>ἐπιστολήν</span> <span class='ocrx_word' id='word_1_434' title='bbox 1454 4599 1748 4668; x_wconf 70' lang='grc' dir='ltr'>συνέταξεν,</span> <span class='ocrx_word' id='word_1_435' title='bbox 1789 4598 1875 4667; x_wconf 76' lang='grc' dir='ltr'>ἥτι</span> 
     </span>
    </p>
   </div>
   <div class='ocr_carea' id='block_1_61' title="bbox 2037 4598 3654 4675">
    <p class='ocr_par' dir='ltr' id='par_1_61' title="bbox 2037 4599 3654 4674">
     <span class='ocr_line' id='line_1_62' title="bbox 2037 4599 3654 4674; baseline -0.002 -20"><span class='ocrx_word' id='word_1_436' title='bbox 2037 4601 2309 4656; x_wconf 79' lang='lat' dir='ltr'><strong>:ationem</strong></span> <span class='ocrx_word' id='word_1_437' title='bbox 2342 4602 2606 4658; x_wconf 79' lang='lat' dir='ltr'><strong>Ecclesiae</strong></span> <span class='ocrx_word' id='word_1_438' title='bbox 2656 4601 3040 4674; x_wconf 88' lang='lat' dir='ltr'><strong>pertinentem</strong></span> <span class='ocrx_word' id='word_1_439' title='bbox 3070 4599 3384 4671; x_wconf 89' lang='lat' dir='ltr'><strong>Epistolam</strong></span> <span class='ocrx_word' id='word_1_440' title='bbox 3416 4614 3654 4669; x_wconf 87' lang='lat' dir='ltr'><strong>compo-</strong></span> 
     </span>
    </p>
   </div>
   <div class='ocr_carea' id='block_1_62' title="bbox 258 4688 1875 4767">
    <p class='ocr_par' dir='ltr' id='par_1_62' title="bbox 258 4688 1564 4767">
     <span class='ocr_line' id='line_1_63' title="bbox 258 4688 1564 4767; baseline -0.005 -21"><span class='ocrx_word' id='word_1_441' title='bbox 258 4692 341 4755; x_wconf 81' lang='grc' dir='ltr'><strong>εἰς</strong></span> <span class='ocrx_word' id='word_1_442' title='bbox 373 4692 473 4753; x_wconf 78' lang='grc' dir='ltr'>τὰς</span> <span class='ocrx_word' id='word_1_443' title='bbox 512 4690 857 4767; x_wconf 73' lang='grc' dir='ltr'>ἀποκρύφους</span> <span class='ocrx_word' id='word_1_444' title='bbox 888 4692 1096 4767; x_wconf 78' lang='grc' dir='ltr'>γραφὰς</span> <span class='ocrx_word' id='word_1_445' title='bbox 1128 4688 1564 4763; x_wconf 81' lang='grc' dir='ltr'>ἀναγινώσκεται.</span> 
     </span>
    </p>
   </div>
   <div class='ocr_carea' id='block_1_63' title="bbox 1888 4688 3505 4767">
    <p class='ocr_par' dir='ltr' id='par_1_63' title="bbox 2023 4688 3505 4762">
     <span class='ocr_line' id='line_1_64' title="bbox 2023 4688 3505 4762; baseline -0.002 -19"><span class='ocrx_word' id='word_1_446' title='bbox 2023 4689 2161 4757; x_wconf 90' lang='lat' dir='ltr'><strong>suit,</strong></span> <span class='ocrx_word' id='word_1_447' title='bbox 2195 4707 2325 4761; x_wconf 86' lang='lat' dir='ltr'><strong>quae</strong></span> <span class='ocrx_word' id='word_1_448' title='bbox 2356 4691 2505 4746; x_wconf 89' lang='lat' dir='ltr'><strong>inter</strong></span> <span class='ocrx_word' id='word_1_449' title='bbox 2535 4690 2892 4762; x_wconf 76' lang='lat' dir='ltr'><strong>apocrypbas</strong></span> <span class='ocrx_word' id='word_1_450' title='bbox 2924 4689 3246 4759; x_wconf 88' lang='lat' dir='ltr'><strong>scripturas</strong></span> <span class='ocrx_word' id='word_1_451' title='bbox 3276 4688 3505 4760; x_wconf 87' lang='lat' dir='ltr'><strong>legitur.</strong></span> 
     </span>
    </p>
   </div>
   <div class='ocr_carea' id='block_1_64' title="bbox 248 4831 3661 4964">
    <p class='ocr_par' dir='ltr' id='par_1_64' title="bbox 248 4831 3661 4964">
     <span class='ocr_line' id='line_1_65' title="bbox 248 4831 3661 4964; baseline -0.002 -71"><span class='ocrx_word' id='word_1_452' title='bbox 248 4910 298 4964; x_wconf 68' lang='grc' dir='ltr'><em>Α</em></span> <span class='ocrx_word' id='word_1_453' title='bbox 336 4842 479 4907; x_wconf 87' lang='lat' dir='ltr'><strong>Lege</strong></span> <span class='ocrx_word' id='word_1_454' title='bbox 502 4836 739 4962; x_wconf 69' lang='lat' dir='ltr'><strong>Addonem</strong></span> <span class='ocrx_word' id='word_1_455' title='bbox 775 4837 1146 4901; x_wconf 79' lang='lat' dir='ltr'><strong>Viennensem,</strong></span> <span class='ocrx_word' id='word_1_456' title='bbox 1181 4836 1241 4889; x_wconf 89' lang='lat' dir='ltr'><strong>in</strong></span> <span class='ocrx_word' id='word_1_457' title='bbox 1272 4835 1411 4889; x_wconf 86' lang='lat' dir='ltr'><strong>libro</strong></span> <span class='ocrx_word' id='word_1_458' title='bbox 1442 4833 1522 4888; x_wconf 91' lang='lat' dir='ltr'><strong>De</strong></span> <span class='ocrx_word' id='word_1_459' title='bbox 1554 4831 1990 4899; x_wconf 86' lang='lat' dir='ltr'><strong>festivitatibus,</strong></span> <span class='ocrx_word' id='word_1_460' title='bbox 2021 4831 2090 4887; x_wconf 86' lang='lat' dir='ltr'><strong>ad</strong></span> <span class='ocrx_word' id='word_1_461' title='bbox 2126 4849 2188 4886; x_wconf 80' lang='grc' dir='ltr'><strong>ιιι</strong></span> <span class='ocrx_word' id='word_1_462' title='bbox 2236 4833 2360 4888; x_wconf 77' lang='lat' dir='ltr'><strong>Idus</strong></span> <span class='ocrx_word' id='word_1_463' title='bbox 2406 4835 2561 4894; x_wconf 79' lang='lat' dir='ltr'><strong>Jun..°</strong></span> <span class='ocrx_word' id='word_1_464' title='bbox 2609 4832 2917 4898; x_wconf 63' lang='lat' dir='ltr'><strong>Not/terum,</strong></span> <span class='ocrx_word' id='word_1_465' title='bbox 2975 4831 3317 4905; x_wconf 80' lang='lat' dir='ltr'><strong>Freculfum,</strong></span> <span class='ocrx_word' id='word_1_466' title='bbox 3353 4832 3661 4888; x_wconf 80' lang='lat' dir='ltr'><strong>Honorium</strong></span> 
     </span>
     <span class='ocr_line' id='line_1_66' title="bbox 306 4917 577 4964; baseline -0.007 -1"><span class='ocrx_word' id='word_1_467' title='bbox 306 4917 523 4964; x_wconf 72' lang='lat' dir='ltr'><strong>nausia</strong></span> <span class='ocrx_word' id='word_1_468' title='bbox 566 4949 577 4961; x_wconf 96' lang='lat'><strong>.</strong></span> 
     </span>
    </p>
   </div>
   <div class='ocr_carea' id='block_1_65' title="bbox 306 4917 577 4983">
    <p class='ocr_par' dir='ltr' id='par_1_65' title="bbox 306 4917 577 4983">
     <span class='ocr_line' id='line_1_67' title="bbox 306 4917 577 4983; baseline -0.007 -20"><span class='ocrx_word' id='word_1_469' title='bbox 306 4917 577 4983; x_wconf 72' lang='lat' dir='ltr'><strong>uguslod.</strong></span> 
     </span>
    </p>
   </div>
   <div class='ocr_carea' id='block_1_66' title="bbox 1220 5064 2722 5136">
    <p class='ocr_par' dir='ltr' id='par_1_66' title="bbox 1220 5064 2722 5136">
     <span class='ocr_line' id='line_1_68' title="bbox 1220 5064 2722 5136; baseline -0.002 -11"><span class='ocrx_word' id='word_1_470' title='bbox 1220 5071 1379 5136; x_wconf 74' lang='grc' dir='ltr'>Ιυειι,</span> <span class='ocrx_word' id='word_1_471' title='bbox 1411 5068 1508 5123; x_wconf 89' lang='lat' dir='ltr'><strong>lib.</strong></span> <span class='ocrx_word' id='word_1_472' title='bbox 1541 5082 1643 5121; x_wconf 87' lang='lat' dir='ltr'><strong>xm</strong></span> <span class='ocrx_word' id='word_1_473' title='bbox 1674 5065 1998 5121; x_wconf 88' lang='lat' dir='ltr'><strong>Comment.</strong></span> <span class='ocrx_word' id='word_1_474' title='bbox 2032 5064 2089 5120; x_wconf 91' lang='lat' dir='ltr'><strong>in</strong></span> <span class='ocrx_word' id='word_1_475' title='bbox 2124 5067 2405 5123; x_wconf 80' lang='lat' dir='ltr'><strong>Ezechiel.</strong></span> <span class='ocrx_word' id='word_1_476' title='bbox 2439 5084 2600 5133; x_wconf 81' lang='lat' dir='ltr'><strong>XLIII,</strong></span> <span class='ocrx_word' id='word_1_477' title='bbox 2644 5068 2722 5123; x_wconf 77' lang='lat'><strong>19.</strong></span> 
     </span>
    </p>
   </div>
   <div class='ocr_carea' id='block_1_67' title="bbox 333 5208 3671 5297">
    <p class='ocr_par' dir='ltr' id='par_1_67' title="bbox 333 5208 3671 5297">
     <span class='ocr_line' id='line_1_69' title="bbox 333 5208 3671 5297; baseline -0.003 -22"><span class='ocrx_word' id='word_1_478' title='bbox 333 5218 624 5297; x_wconf 71' lang='lat' dir='ltr'><strong>Yitulum</strong></span> <span class='ocrx_word' id='word_1_479' title='bbox 644 5222 839 5297; x_wconf 81' lang='lat' dir='ltr'><strong>autem</strong></span> <span class='ocrx_word' id='word_1_480' title='bbox 874 5216 969 5297; x_wconf 87' lang='lat' dir='ltr'><strong>qui</strong></span> <span class='ocrx_word' id='word_1_481' title='bbox 1004 5230 1107 5295; x_wconf 76' lang='lat' dir='ltr'><strong>pro</strong></span> <span class='ocrx_word' id='word_1_482' title='bbox 1138 5212 1307 5297; x_wconf 85' lang='lat' dir='ltr'><strong>nobis</strong></span> <span class='ocrx_word' id='word_1_483' title='bbox 1336 5210 1675 5297; x_wconf 77' lang='lat' dir='ltr'><strong>immolatus</strong></span> <span class='ocrx_word' id='word_1_484' title='bbox 1705 5216 1811 5279; x_wconf 89' lang='lat' dir='ltr'><strong>est,</strong></span> <span class='ocrx_word' id='word_1_485' title='bbox 1844 5215 1903 5292; x_wconf 76' lang='lat' dir='ltr'><strong>et</strong></span> <span class='ocrx_word' id='word_1_486' title='bbox 1938 5208 2123 5297; x_wconf 62' lang='lat' dir='ltr'><strong>multa</strong></span> <span class='ocrx_word' id='word_1_487' title='bbox 2156 5210 2589 5297; x_wconf 41' lang='lat' dir='ltr'><strong>Scr‘ipturarum</strong></span> <span class='ocrx_word' id='word_1_488' title='bbox 2613 5210 2760 5278; x_wconf 90' lang='lat' dir='ltr'><strong>loca,</strong></span> <span class='ocrx_word' id='word_1_489' title='bbox 2813 5216 2869 5265; x_wconf 90' lang='lat' dir='ltr'><strong>et</strong></span> <span class='ocrx_word' id='word_1_490' title='bbox 2918 5212 3206 5283; x_wconf 64' lang='lat' dir='ltr'><strong>praecipue</strong></span> <span class='ocrx_word' id='word_1_491' title='bbox 3237 5211 3508 5266; x_wconf 73' lang='lat' dir='ltr'><strong>Barnabas</strong></span> <span class='ocrx_word' id='word_1_492' title='bbox 3541 5212 3671 5283; x_wconf 84' lang='lat' dir='ltr'><strong>Epi-</strong></span> 
     </span>
    </p>
   </div>
   <div class='ocr_carea' id='block_1_68' title="bbox 251 5282 2291 5363">
    <p class='ocr_par' dir='ltr' id='par_1_68' title="bbox 251 5282 2291 5363">
     <span class='ocr_line' id='line_1_70' title="bbox 251 5282 2291 5363; baseline -0.007 -13"><span class='ocrx_word' id='word_1_493' title='bbox 251 5294 427 5351; x_wconf 85' lang='lat' dir='ltr'><strong>stola</strong></span> <span class='ocrx_word' id='word_1_494' title='bbox 456 5308 584 5363; x_wconf 68' lang='lat' dir='ltr'><strong>qua:</strong></span> <span class='ocrx_word' id='word_1_495' title='bbox 610 5289 859 5345; x_wconf 86' lang='lat' dir='ltr'><strong>habetur</strong></span> <span class='ocrx_word' id='word_1_496' title='bbox 889 5282 948 5341; x_wconf 83' lang='lat' dir='ltr'><strong>in</strong></span> <span class='ocrx_word' id='word_1_497' title='bbox 976 5282 1297 5356; x_wconf 70' lang='lat' dir='ltr'><strong>scripturas</strong></span> <span class='ocrx_word' id='word_1_498' title='bbox 1330 5283 1712 5354; x_wconf 81' lang='lat' dir='ltr'><strong>apocrypbas,</strong></span> <span class='ocrx_word' id='word_1_499' title='bbox 1750 5282 2033 5337; x_wconf 91' lang='lat' dir='ltr'><strong>nominat.</strong></span> <span class='ocrx_word' id='word_1_500' title='bbox 2069 5282 2204 5352; x_wconf 85' lang='lat' dir='ltr'><strong>Cap.</strong></span> <span class='ocrx_word' id='word_1_501' title='bbox 2238 5284 2291 5335; x_wconf 90' lang='lat'><strong>8.</strong></span> 
     </span>
    </p>
   </div>
   <div class='ocr_carea' id='block_1_69' title="bbox 334 5397 3675 5470">
    <p class='ocr_par' dir='ltr' id='par_1_69' title="bbox 334 5397 3675 5470">
     <span class='ocr_line' id='line_1_71' title="bbox 334 5397 3675 5470; baseline -0.003 -6"><span class='ocrx_word' id='word_1_502' title='bbox 334 5408 497 5465; x_wconf 81' lang='lat' dir='ltr'><strong>Idem</strong></span> <span class='ocrx_word' id='word_1_503' title='bbox 528 5410 925 5469; x_wconf 75' lang='lat' dir='ltr'><strong>HIERONYMUS,</strong></span> <span class='ocrx_word' id='word_1_504' title='bbox 952 5402 1239 5457; x_wconf 85' lang='lat' dir='ltr'><strong>adversus</strong></span> <span class='ocrx_word' id='word_1_505' title='bbox 1272 5398 1630 5470; x_wconf 85' lang='lat' dir='ltr'><strong>Pelagianos,</strong></span> <span class='ocrx_word' id='word_1_506' title='bbox 1663 5397 1760 5453; x_wconf 81' lang='lat' dir='ltr'><strong>lib.</strong></span> <span class='ocrx_word' id='word_1_507' title='bbox 1794 5415 1879 5461; x_wconf 77' lang='grc' dir='ltr'>ιιι,</span> <span class='ocrx_word' id='word_1_508' title='bbox 1933 5413 2053 5467; x_wconf 90' lang='lat' dir='ltr'><strong>cap.</strong></span> <span class='ocrx_word' id='word_1_509' title='bbox 2108 5397 2159 5470; x_wconf 82' lang='grc'><strong>1,</strong></span> <span class='ocrx_word' id='word_1_510' title='bbox 2209 5398 2388 5451; x_wconf 85' lang='lat' dir='ltr'><strong>locum</strong></span> <span class='ocrx_word' id='word_1_511' title='bbox 2434 5398 2491 5451; x_wconf 89' lang='lat' dir='ltr'><strong>S.</strong></span> <span class='ocrx_word' id='word_1_512' title='bbox 2540 5397 2819 5454; x_wconf 64' lang='lat' dir='ltr'><strong>Barnabas</strong></span> <span class='ocrx_word' id='word_1_513' title='bbox 2862 5398 2928 5453; x_wconf 84' lang='lat' dir='ltr'><strong>de</strong></span> <span class='ocrx_word' id='word_1_514' title='bbox 2973 5401 3244 5470; x_wconf 73' lang='lat' dir='ltr'><strong>apostolis,</strong></span> <span class='ocrx_word' id='word_1_515' title='bbox 3299 5398 3579 5454; x_wconf 88' lang='lat' dir='ltr'><strong>laudatum</strong></span> <span class='ocrx_word' id='word_1_516' title='bbox 3607 5398 3675 5453; x_wconf 89' lang='lat' dir='ltr'><strong>ab</strong></span> 
     </span>
    </p>
   </div>
   <div class='ocr_carea' id='block_1_70' title="bbox 253 5469 2429 5551">
    <p class='ocr_par' dir='ltr' id='par_1_70' title="bbox 253 5469 2429 5551">
     <span class='ocr_line' id='line_1_72' title="bbox 253 5469 2429 5551; baseline -0.006 -14"><span class='ocrx_word' id='word_1_517' title='bbox 253 5483 535 5551; x_wconf 84' lang='lat' dir='ltr'><strong>Origene,</strong></span> <span class='ocrx_word' id='word_1_518' title='bbox 566 5479 714 5531; x_wconf 66' lang='lat' dir='ltr'><strong>lib.’1</strong></span> <span class='ocrx_word' id='word_1_519' title='bbox 745 5480 929 5531; x_wconf 82' lang='lat' dir='ltr'><strong>contr.</strong></span> <span class='ocrx_word' id='word_1_520' title='bbox 961 5473 1216 5538; x_wconf 88' lang='lat' dir='ltr'><strong>Celsum,</strong></span> <span class='ocrx_word' id='word_1_521' title='bbox 1247 5469 1532 5542; x_wconf 74' lang='lat' dir='ltr'><strong>perperam</strong></span> <span class='ocrx_word' id='word_1_522' title='bbox 1560 5473 1697 5524; x_wconf 81' lang='lat' dir='ltr'><strong>citat</strong></span> <span class='ocrx_word' id='word_1_523' title='bbox 1726 5472 1823 5525; x_wconf 75' lang='lat' dir='ltr'><strong>sub</strong></span> <span class='ocrx_word' id='word_1_524' title='bbox 1854 5471 2075 5524; x_wconf 83' lang='lat' dir='ltr'><strong>nomine</strong></span> <span class='ocrx_word' id='word_1_525' title='bbox 2101 5469 2164 5521; x_wconf 86' lang='grc' dir='ltr'>Β.</span> <span class='ocrx_word' id='word_1_526' title='bbox 2203 5471 2429 5538; x_wconf 71' lang='lat' dir='ltr'><strong>lgnatii.</strong></span> 
     </span>
    </p>
   </div>
   <div class='ocr_carea' id='block_1_71' title="bbox 334 5583 3679 5657">
    <p class='ocr_par' dir='ltr' id='par_1_71' title="bbox 334 5583 3679 5657">
     <span class='ocr_line' id='line_1_73' title="bbox 334 5583 3679 5657; baseline -0.004 -6"><span class='ocrx_word' id='word_1_527' title='bbox 334 5600 723 5651; x_wconf 76' lang='lat' dir='ltr'><strong>NICEPHOBUS</strong></span> <span class='ocrx_word' id='word_1_528' title='bbox 755 5592 857 5647; x_wconf 74' lang='grc' dir='ltr'><strong>(ΣΡ.</strong></span> <span class='ocrx_word' id='word_1_529' title='bbox 890 5593 945 5646; x_wconf 87' lang='lat' dir='ltr'><strong>in</strong></span> <span class='ocrx_word' id='word_1_530' title='bbox 976 5590 1082 5657; x_wconf 76' lang='lat' dir='ltr'><strong>fine</strong></span> <span class='ocrx_word' id='word_1_531' title='bbox 1112 5584 1594 5657; x_wconf 70' lang='lat' dir='ltr'><strong>Chronographize</strong></span> <span class='ocrx_word' id='word_1_532' title='bbox 1633 5600 1748 5641; x_wconf 63' lang='lat' dir='ltr'><strong>suae</strong></span> <span class='ocrx_word' id='word_1_533' title='bbox 1785 5586 2086 5657; x_wconf 77' lang='lat' dir='ltr'><strong>Epistolam</strong></span> <span class='ocrx_word' id='word_1_534' title='bbox 2133 5584 2406 5638; x_wconf 77' lang='lat' dir='ltr'><strong>Barnabze</strong></span> <span class='ocrx_word' id='word_1_535' title='bbox 2452 5588 2706 5653; x_wconf 83' lang='lat' dir='ltr'><strong>posuerat</strong></span> <span class='ocrx_word' id='word_1_536' title='bbox 2754 5586 2900 5641; x_wconf 83' lang='lat' dir='ltr'><strong>inter</strong></span> <span class='ocrx_word' id='word_1_537' title='bbox 2949 5585 3116 5640; x_wconf 80' lang='lat' dir='ltr'><strong>libros</strong></span> <span class='ocrx_word' id='word_1_538' title='bbox 3164 5588 3304 5641; x_wconf 86' lang='lat' dir='ltr'><strong>Novi</strong></span> <span class='ocrx_word' id='word_1_539' title='bbox 3336 5583 3679 5651; x_wconf 84' lang='lat' dir='ltr'><strong>Testamenti,</strong></span> 
     </span>
    </p>
   </div>
   <div class='ocr_carea' id='block_1_72' title="bbox 253 5654 2472 5744">
    <p class='ocr_par' dir='ltr' id='par_1_72' title="bbox 253 5654 2472 5744">
     <span class='ocr_line' id='line_1_74' title="bbox 253 5654 2472 5744; baseline -0.007 -17"><span class='ocrx_word' id='word_1_540' title='bbox 253 5668 485 5744; x_wconf 69' lang='lat' dir='ltr'><strong>quibus</strong></span> <span class='ocrx_word' id='word_1_541' title='bbox 513 5664 912 5721; x_wconf 83' lang='lat' dir='ltr'><strong>contradictum</strong></span> <span class='ocrx_word' id='word_1_542' title='bbox 939 5654 1066 5733; x_wconf 81' lang='lat' dir='ltr'><strong>fuit,</strong></span> <span class='ocrx_word' id='word_1_543' title='bbox 1098 5670 1158 5717; x_wconf 81' lang='lat' dir='ltr'><strong>ut</strong></span> <span class='ocrx_word' id='word_1_544' title='bbox 1182 5667 1327 5730; x_wconf 81' lang='lat' dir='ltr'><strong>patet</strong></span> <span class='ocrx_word' id='word_1_545' title='bbox 1347 5654 1420 5713; x_wconf 65' lang='lat' dir='ltr'><strong>ex</strong></span> <span class='ocrx_word' id='word_1_546' title='bbox 1448 5654 1727 5714; x_wconf 63' lang='lat' dir='ltr'><strong>Anastasii</strong></span> <span class='ocrx_word' id='word_1_547' title='bbox 1753 5654 2180 5713; x_wconf 81' lang='lat' dir='ltr'><strong>Bibliothecarii</strong></span> <span class='ocrx_word' id='word_1_548' title='bbox 2208 5658 2472 5712; x_wconf 75' lang='lat' dir='ltr'><strong>versione.</strong></span> 
     </span>
    </p>
   </div>
   <div class='ocr_carea' id='block_1_73' title="bbox 614 5784 3407 5855">
    <p class='ocr_par' dir='ltr' id='par_1_73' title="bbox 614 5784 3407 5855">
     <span class='ocr_line' id='line_1_75' title="bbox 614 5784 3407 5855; baseline -0.002 0"><span class='ocrx_word' id='word_1_549' title='bbox 614 5793 877 5855; x_wconf 70' lang='lat' dir='ltr'><strong>PATROL.</strong></span> <span class='ocrx_word' id='word_1_550' title='bbox 925 5788 1035 5851; x_wconf 76' lang='lat' dir='ltr'><strong>Gn.</strong></span> <span class='ocrx_word' id='word_1_551' title='bbox 1082 5787 1158 5853; x_wconf 85' lang='lat' dir='ltr'><strong>ll.</strong></span> <span class='ocrx_word' id='word_1_552' title='bbox 3332 5784 3407 5851; x_wconf 78' lang='grc'>21</span> 
     </span>
    </p>
   </div>
  </div>
