4094 6202
357 417 468 477 651

1524 422 1589 479 S.
1637 418 2050 481 BARNABAS
2094 420 2574 482 APOSTOLUS.

3625 423 3755 482 652

1077 727 2260 862 BECENTIOBUM
2375 727 3020 862 JUDICIA

833 990 976 1074 DE
1035 989 1572 1080 EPISTOLA
1633 989 2021 1082 SANCTI
2089 991 2606 1077 BABNAB/E
2665 990 3258 1080 APOSTOLI.

778 1485 854 1564 (.l.
888 1486 954 1545 B.
990 1485 1489 1557 COTELERIUS,
1524 1484 1731 1544 Patres
1759 1482 2104 1564 Apostolici,
2138 1489 2180 1542 t.
2221 1484 2263 1555 l,
2303 1502 2362 1560 p.
2397 1486 2455 1552 5,
2490 1483 2590 1544 ed.
2621 1481 3069 1542 Amstelodami
3105 1483 3308 1561 1724.)

417 1796 491 1850 De
513 1795 634 1851 vita
662 1803 713 1852 et
739 1798 958 1851 nomine
993 1797 1285 1852 Barnabx.
1339 1796 1602 1851 Refertur
1649 1813 1681 1850 a
1730 1801 1788 1850 Β.
1825 1796 1977 1849 Luca
2005 1802 2060 1866 Α
2089 1794 2388 1850 scribens:
2420 1795 2495 1848 Ab
2523 1793 2777 1855 apostolis
2806 1793 3088 1848 Barnabas
3123 1793 3209 1848 vel
3247 1814 3268 1840 ι
3301 1792 3452 1862 ﬁlius
3478 1796 3747 1851 consola-

342 1882 538 1939 Josem
569 1899 671 1941 seu
722 1884 1066 1956 Josephum,
1121 1885 1396 1952 Levitam,
1447 1901 1654 1957 genere
1701 1885 1975 1956 Cyprium

2089 1885 2252 1937 tionis
2284 1905 2310 1930 »
2341 1891 2418 1937 est
2447 1887 2689 1949 vocatus,
2717 1899 2818 1953 pro
2847 1897 2906 1936 eo
2935 1879 3076 1953 quod
3095 1896 3215 1936 cum
3237 1881 3490 1938 habuerit
3508 1900 3743 1954 agrum,

341 1972 653 2029 exstitisse.
685 1973 915 2029 Scilicet
945 1990 1012 2029 ea
1059 1973 1117 2027 in
1166 1973 1356 2028 insula
1406 1974 1642 2044 plurimi
1693 1973 1978 2044 degebant
2084 1988 2311 2042 eumque
2340 1972 2668 2038 vendiderit,
2711 1971 2953 2042 pretium
2999 1971 3115 2041 ejus
3161 1976 3288 2026 ante
3326 1971 3484 2042 pedes
3513 1979 3745 2044 aposto-

337 2060 563 2118 Judzni:
605 2080 639 2118 a
687 2062 900 2134 quibus
952 2066 1167 2134 postea,
1222 2062 1541 2134 imperante
1586 2063 1855 2131 Trajano,
1890 2063 1972 2117 uti

337 2148 622 2205 discimus
651 2167 753 2222 per
781 2151 1020 2206 Dionem
1043 2151 1305 2206 Cassium
1328 2151 1384 2205 in
1414 2150 1840 2206 Historiaillius
1862 2151 1971 2205 im-

333 2239 639 2310 peratoris,
671 2239 982 2296 Eusebium
1015 2240 1072 2294 in
1108 2240 1394 2305 Chronico,
1417 2239 1708 2302 Orosium,
1741 2239 1842 2294 lib.
1868 2256 1968 2307 vn,

333 2342 462 2399 cap.
479 2328 564 2395 12,
581 2332 754 2399 atque
767 2328 946 2399 hujus
962 2327 1266 2394 asseclam,
1282 2327 1940 2399 pseudo-Hieronymum
1953 2370 1966 2394 ,

331 2418 583 2471 tractatu
606 2417 676 2472 de
698 2417 840 2472 locis
861 2434 929 2472 ex
950 2418 1108 2472 Actis
1149 2416 1568 2489 apostolorum,
1612 2415 1841 2470 infinita
1871 2416 1968 2470 ho-

333 2503 560 2559 minum
594 2505 907 2561 multitudo
930 2505 1203 2576 jugulata
1235 2506 1363 2574 fuit,
1397 2506 1652 2575 urbsque
1696 2503 1963 2571 Salamis,

331 2593 650 2664 peremptis
680 2593 954 2648 omnibus
983 2593 1208 2662 incolis,
1254 2594 1519 2648 funditus
1569 2610 1784 2648 eversa.
1820 2592 1967 2648 Dicit

329 2679 504 2736 etiam
539 2681 721 2754 Lucas
736 2681 932 2738 Josem
949 2698 1272 2754 cognomen
1289 2682 1564 2737 Barnabre
1591 2681 1660 2736 ab
1684 2681 1964 2753 apostolis

322 2769 530 2824 tulisse
559 2773 698 2840 (quo
730 2769 1091 2842 signiﬁcetur
1137 2769 1252 2830 υἱὸς
1301 2769 1717 2845 παρακλήσεως,
1766 2769 1823 2824 id
1853 2775 1959 2841 est,

317 2857 469 2928 ﬁlius
498 2859 889 2916 consolationis
916 2870 966 2915 et
995 2859 1414 2916 exhortationis.
1450 2860 1774 2932 Utrumque
1803 2860 1959 2915 enim

320 2942 715 3020 παρακλήσεως
765 2948 1038 3016 denotat;
1092 2949 1358 3020 quamvis
1397 2949 1460 3003 B.
1508 2949 1855 3021 Hieronymo
1886 2949 1956 3003 ad

320 3034 434 3089 Titi
467 3051 528 3103 11,
565 3035 650 3105 15,
684 3038 871 3109 magis
901 3037 1356 3093 consolationem
1390 3055 1564 3109 quam
1604 3038 1956 3092 exhortatio-

2088 2060 2288 2127 lorum,
2333 2061 2405 2115 ad
2453 2060 2872 2115 consolationem
2912 2074 3243 2131 pauperum,
3293 2061 3578 2131 posuerit;
3622 2078 3744 2118 nec

2083 2167 2197 2205 non
2245 2149 2327 2204 illi
2376 2149 2475 2220 qui
2519 2150 2576 2203 in
2643 2148 3004 2220 Hieronymo,
3057 2147 3228 2203 libro.
3277 2154 3353 2204 De
3406 2150 3741 2206 nominibus

2083 2239 2389 2306 Hebraicis,
2422 2241 2654 2293 vertunt
2681 2237 2832 2306 ﬁlius
2858 2237 3271 2292 consolationis.
3317 2238 3405 2291 Ad
3438 2237 3738 2309 posterio—

2081 2343 2201 2381 rem
2232 2343 2365 2381 vero
2395 2327 2569 2381 etiam
2607 2324 3094 2396 signiﬁcationem
3147 2325 3356 2380 adduci
3403 2330 3592 2398 potest
3620 2343 3735 2383 ex-

2079 2415 2286 2486 positio
2335 2415 2518 2470 sancti
2570 2414 2984 2485 Chrysostomi,
3036 2413 3278 2469 homilia
3328 2416 3388 2468 11
3439 2415 3498 2469 in
3530 2419 3733 2473 Acta:

2079 2497 2368 2574 Βαρνάϐας,
2426 2500 2456 2555 ὅ
2524 2500 2661 2555 ἐστιν
2751 2501 2866 2562 υἱὸς
2950 2499 3368 2576 παρακλήσεως,
3433 2502 3531 2556 ὑπὸ
3609 2507 3728 2557 τῶν

2076 2590 2391 2645 ἀποστόλων
2426 2590 2805 2662 ἐπιπινομοὶςινθη⁸
2836 2589 2925 2643 καὶ
2973 2587 3121 2643 δοκεῖ
3168 2611 3260 2662 μοι
3302 2591 3407 2644 ἀπὸ
3457 2598 3552 2660 τῆς
3599 2592 3733 2666 ἀρε-

2073 2687 2172 2748 τῆς
2203 2678 2477 2757 εἰληφέναι
2508 2678 2569 2734 τὸ
2601 2675 2794 2752 ὄνομα,
2828 2680 2901 2740 ὡς
2933 2679 3072 2754 πρὸς
3103 2683 3262 2733 τοῦτο
3306 2680 3491 2742 ἱκανὸς
3519 2677 3591 2733 ὢν
3623 2682 3727 2735 καὶ

2073 2766 2396 2839 ἐπιτήδειος.
2432 2770 2729 2840 Barnabas,
2782 2769 2875 2824 hoc
2930 2778 3008 2825 est
3065 2792 3094 2819 ‹‹
3121 2770 3272 2839 ﬁlius
3325 2772 3729 2829 consolationis

2069 2867 2118 2914 et
2148 2861 2561 2926 exhortationis,
2596 2881 2624 2909 »
2655 2860 2723 2914 ab
2773 2860 3030 2929 apostolis
3076 2861 3488 2930 cognominatus
3518 2865 3612 2916 est.
3646 2863 3732 2918 Et

2067 2949 2208 3002 mihi
2235 2949 2472 3014 videtur,
2500 2965 2535 3004 a
2559 2949 2760 3004 virtute
2805 2963 3002 3004 nomen
3042 2951 3422 3020 assumpsisse,
3469 2949 3610 3021 quod
3641 2951 3724 3006 ad

2067 3036 2214 3092 illud
2235 3041 2394 3108 aptus
2414 3046 2551 3093 esset
2567 3053 2629 3093 ac
2651 3038 2895 3104 idoneus,
2919 3037 2991 3092 ad
3014 3037 3459 3103 consolandum,
3479 3055 3720 3111 nempe,

321 3139 454 3179 nem
477 3129 661 3180 sonet.
687 3126 890 3181 Tradit
911 3126 1126 3199 quippe
1147 3131 1384 3182 sanctus
1406 3128 1789 3198 Augustinus,
1814 3126 1958 3182 alios
1988 3177 2032 3199 η
2065 3143 2131 3181 ac
2162 3126 2611 3182 exhortandum.
2652 3127 2886 3182 Accedit
2932 3125 3047 3182 huc
3087 3126 3478 3198 veriloquium
3509 3127 3722 3183 Hiero-

319 3212 562 3268 verbum
617 3212 992 3287 παρεκλήθμν,
1019 3215 1163 3288 psal.
1184 3234 1373 3284 cxvm,
1396 3218 1486 3282 52,
1512 3216 1751 3271 vertisse
1772 3232 1955 3271 conso-

315 3302 464 3357 latus
488 3319 632 3371 sum,
666 3303 811 3359 alios
841 3305 1156 3360 exhortatus
1185 3322 1326 3360 sum.
1374 3309 1440 3359 Et
1489 3309 1734 3376 utraque
1766 3305 1950 3361 versio

314 3391 573 3447 cernitur
592 3391 651 3446 in
673 3395 729 3446 S.
753 3391 968 3448 Hilario
995 3412 1006 3458 ;
1034 3394 1135 3464 qui
1159 3394 1226 3448 ad
1271 3395 1533 3465 ejusdem
1582 3392 1792 3466 psalmi
1823 3411 1948 3449 ver-

311 3479 566 3536 siculum
596 3481 687 3552 76,
708 3483 804 3534 τοῦ
830 3478 1198 3556 παρακαλέσαι
1224 3483 1413 3538 reddit
1474 3487 1534 3538 ut
1592 3484 1949 3543 exhortatur;

309 3566 620 3640 locumque
651 3569 911 3641 Apostoli
943 3571 991 3626 Il
1039 3571 1164 3626 Cor.
1220 3590 1258 3640 1,
1307 3574 1360 3640 3,
1412 3571 1491 3626 ita
1540 3572 1742 3627 eﬂ‘ert:
1776 3573 1949 3626 Bene-

309 3655 485 3712 dictus
512 3658 650 3714 Deus
680 3662 731 3714 et
756 3662 913 3730 pater
943 3661 1163 3716 Domini
1188 3663 1364 3715 nostri
1389 3662 1512 3716 Jesu
1538 3661 1761 3726 Christi,
1785 3663 1948 3715 Pater

304 3746 741 3814 miserationum,
773 3752 824 3804 et
852 3749 993 3804 Deus
1037 3751 1214 3804 omnis
1257 3749 1676 3820 exhortationis,
1728 3751 1822 3819 qui
1849 3765 1944 3804 ex-

305 3831 564 3889 hortatur
605 3851 704 3891 nos
749 3838 810 3890 in
859 3838 1010 3892 omni
1057 3838 1432 3893 tribulatione.
1497 3838 1599 3892 Ubi
1650 3838 1939 3910 Vulgata:

301 3921 442 3975 Deus
498 3924 662 3977 totius
712 3926 1122 3993 consolationis,
1193 3929 1294 3996 qui
1347 3927 1659 3981 consolatur
1728 3943 1824 3981 nos
1883 3930 1940 3982 in

301 4011 457 4064 omni
483 4011 841 4068 tribulatione
868 4023 1079 4079 nostra,
1109 4019 1170 4071 ut
1197 4017 1465 4086 possimus
1512 4024 1562 4069 et
1612 4017 1721 4082 ipsi
1746 4030 1938 4071 conso«

302 4096 413 4153 lari
439 4113 526 4153 eos
555 4102 652 4170 qui
676 4102 737 4155 in
765 4105 916 4157 omni
941 4119 1197 4173 pressura
1217 4107 1363 4169 sunt,
1381 4121 1483 4174 per
1503 4105 1936 4160 exhortationem

303 4200 412 4256 qua
453 4186 810 4244 exhortamur
839 4195 891 4245 et
920 4193 1028 4262 ipsi
1055 4209 1095 4246 a
1125 4192 1248 4255 Deo,
1281 4197 1388 4247 etc.
1440 4192 1530 4248 Sic
1573 4194 1748 4248 etiam
1783 4195 1933 4264 apud

301 4272 653 4341 Luciferum,
684 4278 852 4334 libro.
888 4280 958 4334 De
979 4296 1090 4335 non
1108 4282 1482 4336 conveniendo
1497 4298 1616 4336 cum
1643 4283 1931 4350 haereticis,

297 4361 406 4418 hoc
437 4364 608 4420 modo
639 4365 854 4421 citatur
881 4369 1214 4440 Apostolus,
1241 4371 1409 4425 Hebr.
1439 4388 1524 4437 111,
1550 4371 1616 4424 l3
1643 4388 1654 4426 :
1681 4372 1780 4427 Sed
1801 4390 1933 4427 con-

291 4453 552 4508 solamini
588 4459 954 4528 vosmetipsos,
1004 4475 1106 4530 pro
1155 4476 1269 4530 quo
1315 4459 1596 4531 Vulgatus
1647 4462 1929 4534 interpres

1985 3177 2033 3241 B

2065 3216 2443 3286 nymianum:
2479 3218 2790 3287 Barnabas,
2829 3216 2978 3285 ﬁlius
3023 3215 3318 3288 prophetae,
3364 3216 3444 3271 ait
3470 3217 3723 3288 pr0phe-

2061 3304 2172 3370 tiae,
2222 3304 2330 3359 hoc
2373 3308 2462 3360 est
2510 3304 2808 3376 propheta.
2857 3303 3280 3376 Prophetarum
3327 3303 3548 3360 scilicet
3579 3306 3715 3363 sive

2060 3394 2363 3449 doctorum
2396 3397 2502 3459 est,
2537 3393 2831 3449 adhortari
2879 3398 2935 3448 et
2977 3393 3264 3449 consolari
3316 3393 3412 3449 Dei
3446 3393 3709 3466 plebem.

2059 3482 2356 3552 Quocirca,
2389 3483 2513 3538 Act.
2559 3499 2649 3546 xv,
2681 3483 2772 3550 32,
2803 3481 3085 3537 habetur:
3119 3477 3322 3541 Ἰούδας
3366 3478 3423 3534 δὲ
3470 3479 3556 3535 καί
3609 3483 3720 3537 Σί-

2059 3565 2157 3630 λας
2189 3569 2276 3622 καὶ
2309 3569 2459 3624 αὐτοὶ
2489 3576 2763 3646 προφῆται
2795 3564 2964 3641 ὄντες,
2998 3566 3085 3623 διὰ
3117 3567 3287 3644 λόγου
3317 3567 3530 3624 πολλοῦ
3560 3591 3719 3646 παρ-

2058 3657 2310 3712 εκάλεσαν
2385 3657 2510 3720 τοὺς
2585 3656 2872 3736 ἀδελφοὺς,
2945 3658 3034 3712 καὶ
3104 3656 3473 3735 ἐπεστήριξαν.
3529 3659 3719 3718 Juxta

2055 3753 2324 3803 nostrum
2380 3748 2792 3821 interpretem:
2852 3747 3020 3804 Iudas
3077 3753 3267 3804 autem
3315 3751 3366 3804 et
3423 3748 3591 3819 Silus,
3652 3761 3720 3806 et

2051 3839 2159 3907 ipsi
2186 3853 2308 3892 cum
2354 3841 2532 3893 essent
2565 3839 2881 3910 prophetae,
2929 3839 3090 3893 verbo
3137 3837 3382 3908 plurimo
3433 3839 3716 3895 consolati

2049 3933 2179 3981 sunt
2209 3929 2432 3998 fratres,
2475 3935 2527 3982 et
2569 3929 3049 3998 conﬁrmaverunt.
3101 3927 3174 3981 Et
3219 3926 3239 3981 Ι
3299 3927 3427 3982 Cor.
3483 3944 3596 3996 x1v,
3625 3928 3708 3985 3:

2049 4014 2108 4069 Ὁ
2157 4011 2212 4067 δὲ
2255 4015 2610 4092 προφητεύων
2660 4014 2964 4089 ἀνθρώποις
3025 4011 3183 4068 λαλεῖ
3239 4011 3539 4086 οἰκοδομήν
3604 4016 3710 4068 καὶ

2047 4100 2386 4177 παράκλησιν
2445 4103 2533 4157 καὶ
2603 4101 2964 4178 παραμυθίαν.
3023 4104 3168 4158 Nam
3242 4103 3340 4174 qui
3381 4103 3712 4174 prophetat,

2045 4193 2357 4249 hominibus
2388 4195 2635 4264 loquitur
2665 4193 2735 4247 ad
2783 4192 3223 4262 aediﬁcationem,
3271 4195 3322 4246 et
3362 4190 3705 4247 exhortatio-

2043 4299 2188 4350 nem,
2245 4291 2295 4337 et
2364 4285 2802 4338 consolationem.
2862 4281 3022 4336 Vers.
3084 4281 3142 4334 31
3207 4296 3219 4333 :
3279 4276 3508 4342 Δύνασθε
3584 4280 3703 4356 γὰρ

2041 4370 2155 4421 καθ’
2184 4365 2272 4422 ἕνα
2320 4369 2508 4431 πάντες
2558 4367 2935 4446 προφητεύειν,
2962 4365 3053 4421 τίνα
3099 4368 3294 4429 πάντες
3358 4367 3702 4442 μανθάνωσι,

2042 4457 2129 4512 καὶ
2205 4457 2398 4521 πάντες
2473 4456 2908 4533 παρακαλῶνται.
2981 4458 3058 4512 Ex
3116 4458 3319 4514 eadem
3378 4457 3698 4516 versione:

292 4542 1045 4618 adhortamini.AGregorio
1075 4555 1269 4603 autem
1313 4549 1686 4616 Nazianzeno,
1714 4551 1770 4604 in
1796 4568 1925 4605 ora-
1960 4549 2001 4615 C
2040 4550 2273 4604 Potestis
2328 4549 2474 4603 enim
2533 4565 2718 4604 omnes
2761 4564 2863 4619 per
2927 4545 3180 4618 singulos
3228 4546 3567 4618 prophetare,
3625 4552 3700 4603 ut

293 4630 448 4686 tione
477 4632 566 4701 36,
597 4629 945 4706 παράκλητος
988 4636 1007 4691 Ι
1038 4637 1205 4691 Joan.
1240 4654 1301 4701 11,
1348 4639 1398 4703 1,
1445 4639 1752 4708 exponitur
1793 4658 1929 4712 παρ-

288 4715 525 4790 αινὲτης,
557 4720 894 4778 exhortator.
953 4724 1252 4794 Multaque
1311 4725 1527 4780 similia
1585 4728 1804 4797 passim
1837 4744 1926 4782 re-

287 4806 494 4878 peries.
528 4808 789 4881 Denique
838 4817 1075 4868 sanctus
1115 4814 1455 4868 Ambrosius
1504 4814 1561 4868 in
1604 4814 1742 4868 illud
1777 4815 1922 4887 psal.

284 4910 475 4962 cxvm,
509 4898 580 4951 76
603 4915 617 4953 :
652 4899 718 4954 Ut
746 4901 1060 4957 exhortetur
1080 4917 1186 4968 me,
1211 4902 1291 4956 ait
1314 4919 1325 4956 :
1356 4903 1586 4972 Aliquid
1605 4904 1810 4958 codices
1833 4905 1922 4959 ha-

285 4986 410 5039 bent
433 4987 495 5040 in
523 4987 621 5042 hoc
668 4988 799 5052 loco,
855 4996 920 5045 ut
965 4991 1294 5046 consoletur
1350 5008 1462 5046 me.
1519 4993 1624 5046 Sed
1665 4995 1924 5047 etiamin

279 5073 525 5144 Apostolo
583 5076 814 5146 legimus
889 5079 1325 5136 exhortationem
1389 5098 1493 5152 pro
1557 5082 1922 5137 consolatione

277 5161 499 5232 dictam,
548 5168 599 5219 et
647 5166 1070 5222 consolationem
1115 5185 1215 5240 pro
1264 5171 1652 5225 exhortatione.
1705 5170 1783 5224 Ex
1826 5170 1920 5225 his

279 5252 509 5308 duabus
558 5253 1086 5324 significationibus
1107 5255 1522 5331 παρακλήσεως,
1557 5259 1806 5330 primam
1857 5259 1914 5314 in

277 5341 618 5413 explicando
642 5345 875 5399 nomine
897 5344 1170 5400 Barnaba:
1194 5346 1503 5416 accipiunt,
1529 5347 1915 5403 OEcumenius

277 5432 346 5486 ad
381 5433 516 5486 Act.
550 5449 624 5498 ιν,
658 5433 748 5499 36,
783 5433 918 5488 dum
946 5434 1000 5488 id
1027 5435 1281 5490 nominis
1303 5435 1422 5490 vult
1458 5453 1584 5491 esse
1618 5435 1908 5510 μαρτύριον

273 5518 470 5594 ἀρετῆς
503 5517 956 5596 φιλοικτίρμονας
1015 5529 1071 5578 et
1115 5524 1519 5581 demonstrare
1568 5523 1906 5599 παραμυθίαν

269 5606 356 5662 καὶ
391 5607 672 5683 οἰκτιρμόν
701 5611 1007 5677 ;Notkerus
1056 5613 1113 5667 in
1177 5613 1598 5685 Martyrologio,
1648 5623 1805 5670 tomo
1836 5615 1905 5671 Vl

275 5705 540 5773 Antiqua?
571 5699 837 5758 Lectionis
862 5701 1088 5759 Henrici
1113 5702 1350 5775 Canisii,
1374 5705 1442 5759 ad
1470 5721 1533 5760 ιιι
1563 5705 1700 5761 ldus
1723 5705 1904 5777 Junii,

2038 4653 2221 4693 omnes
2249 4637 2480 4705 discant,
2513 4642 2565 4694 et
2592 4653 2777 4692 omnes
2805 4637 3183 4692 exhortentur.

2111 4727 2272 4781 Hunc
2302 4728 2628 4783 Barnabam
2659 4726 2951 4782 exstitisse
2983 4743 3166 4781 unum
3198 4741 3265 4780 ex
3289 4724 3425 4780 LXX
3450 4724 3690 4780 Domini

2036 4815 2340 4887 discipulis
2372 4815 2735 4887 comprobari
2770 4819 2957 4886 potest
2999 4813 3334 4870 testimonio
3365 4811 3694 4868 Clementis

2032 4903 2426 4973 Alexandrini,
2454 4921 2588 4959 cum
2617 4903 2718 4959 lib.
2754 4921 2792 4958 11
2833 4909 3197 4969 Stromateon,
3247 4905 3372 4957 tum
3400 4901 3460 4955 in
3492 4905 3691 4972 Hypo-

2031 4993 2306 5064 typosibus
2337 4994 2490 5065 apud
2526 4993 2859 5060 Eusebium,
2891 4995 3030 5047 Hist.
3061 4993 3190 5046 eccl.
3222 4990 3326 5046 lib.
3360 5008 3398 5059 1,
3433 5007 3562 5062 cap.
3588 4991 3690 5056 l2,

2031 5089 2088 5136 et
2117 5081 2216 5136 lib.
2249 5099 2315 5146 ιι,
2347 5099 2472 5153 cap.
2511 5084 2534 5136 1
2564 5101 2577 5149 ;
2627 5097 2874 5153 eamque
2923 5080 3297 5135 traditionem
3349 5081 3693 5150 sequuntur

2031 5170 2390 5243 Epiphanius
2420 5171 2479 5226 in
2511 5172 2626 5227 line
2651 5176 2790 5227 tom.
2826 5170 2866 5234 l,
2899 5170 3000 5224 lib.
3033 5185 3073 5236 1,
3103 5167 3376 5223 Adversus
3407 5167 3685 5234 haereses,

2027 5266 2229 5314 auctor
2287 5261 2542 5316 Chronici
2591 5260 2728 5316 dicti
2786 5258 3180 5322 Alexandrini,
3242 5255 3570 5312 Dorotbeus
3615 5254 3686 5310 in

2025 5351 2279 5420 Synapsi,
2312 5356 2368 5405 et
2401 5351 2438 5404 ii
2469 5351 2568 5421 qui
2621 5350 2894 5404 Barnabas
2946 5363 3035 5402 res
3074 5349 3272 5418 gestas
3301 5345 3682 5416 conscripse-

2026 5444 2183 5491 runt.
2217 5439 2428 5493 Contra
2475 5438 2674 5508 objicit
2723 5438 2875 5492 Beda
2918 5438 2976 5490 in
3025 5437 3144 5490 Act.
3209 5450 3297 5490 1v:
3335 5435 3539 5490 Mirum
3569 5449 3679 5504 quo

2020 5528 2174 5582 modo
2206 5529 2348 5583 hunc
2375 5529 2710 5596 Barnabam,
2741 5529 2843 5599 qui
2867 5535 3057 5598 postea
3085 5541 3209 5579 cum
3231 5524 3404 5578 Paulo
3425 5524 3674 5595 gentium

2019 5622 2095 5670 est
2127 5618 2424 5672 ordinatus
2452 5620 2743 5689 apostolus,
2775 5633 2843 5672 ac
2872 5620 2992 5686 post
3040 5615 3262 5682 longum
3307 5615 3424 5682 eius
3473 5615 3670 5668 contu-

2018 5705 2294 5777 bernium,
2323 5707 2499 5763 denuo
2533 5711 2802 5780 Cyprum,
2849 5703 2993 5762 unde
3020 5711 3169 5761 ortus
3215 5707 3418 5776 fuerat,
3449 5701 3667 5778 praedi-
