4094 6202
306 482 421 546 653

1699 483 2307 547 PROLEGOMENA.

3578 490 3696 551 654

300 624 529 673 caturus
571 617 764 683 rediit,
825 616 1103 684 Eusebius,
1164 619 1224 671 in
1272 617 1522 672 Historia
1569 616 1943 686 ecclesiatica,
1976 625 2027 688 Α
2058 617 2378 672 intercedat
2412 618 2630 671 ratione
2662 619 3045 683 auctoritatis,
3076 619 3429 675 Clementem
3458 621 3607 677 inter
3638 628 3697 677 et

301 708 367 763 de
394 722 622 761 numero
651 722 762 762 esse
793 723 898 761 Lxx
933 706 1333 778 discipulorum
1376 708 1599 762 Domini
1648 707 1951 762 Salvatoris

303 797 612 852 arbitratur
628 814 648 857 ;
674 812 799 852 cum
827 797 1119 867 manifeste
1144 798 1348 851 scribat
1380 801 1439 850 Β.
1476 800 1669 864 Lucas,
1694 812 1817 851 eum
1835 799 1953 867 post

306 888 675 942 ascensionem
726 887 971 953 Domini,
1015 885 1087 939 ad
1131 886 1525 956 discipulatum
1587 886 1953 956 apostolorum

305 976 518 1031 venisse
537 992 555 1029 :
586 975 703 1029 nisi
719 978 862 1046 [orte
878 974 1181 1045 putandum
1198 979 1275 1029 est
1298 991 1423 1029 cum
1439 976 1601 1045 prius
1624 976 1700 1028 ita
1718 973 1954 1044 discipu-

306 1064 483 1119 latum
510 1063 720 1121 Christi
747 1067 1011 1129 sectdum,
1045 1068 1103 1117 ut
1132 1063 1359 1118 necdum
1394 1064 1799 1118 renuntiaverit
1846 1078 1954 1118 om-

305 1153 475 1209 nibus
518 1168 643 1224 quae
680 1152 1023 1223 possidebat:
1068 1152 1208 1223 quod
1254 1157 1443 1207 utrum
1490 1153 1815 1221 evangelica:
1862 1150 1954 1206 do-

304 1242 505 1298 ctrinee
531 1242 858 1307 convenerit,
888 1241 1062 1296 cuivis
1079 1241 1349 1311 facillime
1375 1250 1540 1312 patet.
1576 1242 1786 1296 Verum
1818 1256 1958 1312 pace

300 1329 419 1385 viri
460 1329 825 1399 venerabilis,
882 1345 983 1385 nec
1034 1330 1221 1385 Lucas
1268 1330 1407 1384 dicit
1457 1330 1777 1385 Barnabam
1830 1332 1961 1399 post

299 1418 709 1475 ascensionem
742 1419 964 1474 Domini
996 1419 1241 1490 cmpisse
1283 1420 1536 1486 credere,
1582 1436 1684 1473 nec
1732 1418 1962 1473 videtur

303 1524 546 1564 necesse
572 1511 637 1562 ut
665 1523 869 1562 omnes
900 1507 1171 1578 discipuli
1204 1507 1402 1563 omnia
1447 1525 1554 1562 sua
1606 1507 1957 1578 abjecerint:

307 1598 467 1670 quod
500 1596 768 1669 quamvis
802 1601 974 1661 esset,
1012 1597 1201 1668 potuit
1230 1597 1437 1652 Noster
1467 1614 1668 1653 recens
1724 1596 1967 1652 haeredi‘

303 1690 434 1741 tate
462 1687 735 1757 adeptum
780 1702 986 1757 agrum
1036 1687 1303 1754 vendere,
1356 1703 1469 1757 quo
1528 1686 1839 1758 pecuniam
1891 1685 1961 1739 ad

302 1774 486 1847 pedes
515 1774 915 1846 apostolorum
948 1779 1210 1845 poneret.

377 1866 659 1918 Caeterum
692 1862 761 1917 de
798 1863 1063 1917 Barnaba
1102 1864 1289 1919 multa
1336 1868 1653 1919 narrantur
1708 1865 1766 1917 in
1808 1863 1963 1917 Novo

304 1954 719 2008 Testamento:
782 1951 935 2007 inter
991 1951 1123 2018 alia,
1183 1954 1307 2008 Act.
1371 1971 1445 2019 xl,
1502 1953 1592 2021 29,
1656 1954 1743 2021 30,
1811 1951 1963 2022 quod

303 2040 623 2096 Christiani
674 2040 1017 2095 Antiocheni
1084 2042 1353 2097 miserint
1410 2042 1837 2114 eleemosynam
1892 2041 1963 2095 ad

306 2129 864 2201 Hierosolymitanos
898 2145 996 2199 per
1027 2146 1237 2185 manus
1268 2130 1427 2186 illius
1454 2148 1466 2185 :
1501 2149 1567 2187 ex
1589 2148 1703 2202 quo
1746 2131 1963 2185 factum

308 2218 581 2289 arbitror,
616 2222 681 2273 ut
708 2218 888 2272 Graeci
920 2218 977 2272 in
1034 2219 1397 2275 ordinatione
1440 2221 1635 2291 magni
1679 2220 1963 2276 mconomi

306 2308 587 2371 dicerent,
620 2303 807 2378 εὐχαῖς
840 2304 927 2357 καὶ
958 2300 1265 2380 πρεσϐείαις
1316 2311 1413 2360 τοῦ
1474 2307 1628 2382 ἁγίου
1684 2308 1772 2361 καὶ
1830 2328 1964 2361 παν-

308 2396 561 2470 ευφήμου
616 2388 861 2467 Βαρνάϐα
914 2398 1010 2448 τοῦ
1068 2394 1376 2450 ἀποστόλου
1445 2397 1533 2450 καὶ
1608 2397 1959 2471 γενναιομάρ-

302 2504 492 2557 τυρος,
538 2484 787 2555 precibus
833 2488 884 2538 et
926 2486 1400 2540 intercessionibus
1468 2490 1647 2541 sancti
1709 2490 1758 2542 et
1824 2488 1961 2541 cele-

307 2573 620 2628 bratissimi
649 2574 935 2640 Barnaba,
986 2574 1216 2645 apostoli
1260 2584 1311 2629 et
1352 2578 1599 2645 generosi
1645 2578 1923 2647 martyris

303 2661 802 2734 quemadmodum
827 2662 1018 2717 videre
1062 2667 1150 2717 est
1200 2663 1259 2717 in
1308 2663 1478 2719 Joan.
1528 2664 1730 2719 Morini
1781 2640 1965 2725 Sacri;

300 2750 746 2806 ordinationibus
777 2755 938 2821 parte
970 2768 1031 2815 II,
1068 2766 1198 2823 pag.
1233 2753 1354 2805 115.
1400 2752 1645 2824 Reliqua
1702 2755 1773 2809 ad
1824 2770 1961 2825 apo-

302 2838 525 2894 stolum
556 2838 734 2894 istum
766 2839 1137 2911 pertinentia,
1168 2857 1323 2912 vera,
1356 2841 1644 2914 fabulosa,
1681 2848 1738 2898 et
1788 2842 1961 2914 vulgo

305 2932 759 2999 cognoscuntur,
792 2932 850 2983 et
879 2930 951 2983 ad
983 2929 1315 2985 institutum
1350 2936 1617 2987 nostrum
1650 2950 1765 2987 non
1796 2932 1961 2988 valde

311 3015 569 3071 faciunt:
605 3032 785 3087 quare
815 3032 883 3071 ea
914 3018 1097 3073 missa
1127 3018 1397 3075 facimus.

381 3106 633 3176 Epistola
657 3105 943 3161 Barnabas.
967 3107 1248 3162 Venimus
1280 3109 1350 3163 ad
1383 3110 1702 3181 Epistolam
1747 3127 1957 3166 nomen

308 3192 472 3248 illius
502 3193 919 3265 praeferentem,
949 3196 1241 3251 veteribus
1272 3196 1569 3253 laudatam
1592 3215 1764 3270 saepe,
1799 3198 1956 3254 desi-

311 3282 569 3337 deratam
603 3282 1002 3353 superioribus
1034 3284 1281 3353 saeculis,
1317 3292 1514 3341 nostro
1546 3287 1785 3342 feliciter
1829 3288 1954 3342 edi-

2065 708 2405 771 Barnabam,
2441 708 2610 777 cujus
2643 708 2899 778 Epistola
2948 712 3179 763 tantum
3232 710 3394 765 famae
3445 728 3557 766 non
3607 706 3699 767 est

2061 800 2376 851 consecuta
2404 812 2469 850 ac
2500 796 2599 850 illa
2646 795 2981 852 Clementis.
3030 798 3108 852 Ad
3158 798 3277 853 haec
3323 806 3691 872 argumento,

2064 901 2177 956 quo
2206 885 2388 939 utitur
2418 890 2655 940 sanctus
2688 886 3077 957 Augustinus,
3136 885 3237 941 lib.
3267 905 3284 941 1
3335 890 3543 943 Contra
3593 890 3693 944 ad-

2064 975 2371 1028 versarium
2402 974 2532 1044 legis
2574 978 2624 1029 et
2667 976 3081 1046 prophetarum,
3132 992 3257 1046 cap.
3307 978 3395 1043 20,
3449 980 3512 1031 ut
3555 994 3699 1048 apo-

2065 1062 2282 1134 crypha
2305 1063 2414 1117 sub
2447 1062 2781 1118 nominibus
2823 1064 3061 1119 Andreae
3104 1064 3463 1135 Joannisque
3485 1066 3699 1137 scripta

2065 1151 2327 1207 exsibilet
2358 1156 2531 1224 atque
2559 1153 2828 1223 explodat
2852 1168 2863 1206 :
2898 1152 2957 1207 Si
2984 1154 3218 1207 illorum
3247 1161 3439 1223 essent,
3485 1164 3700 1225 recepta

2065 1243 2322 1296 essentab
2354 1243 2627 1308 Ecclesia;
2654 1258 2740 1307 eo,
2791 1242 3053 1313 inquam,
3081 1247 3424 1314 argumento
3455 1242 3513 1297 in
3562 1260 3697 1299 sus-

2070 1328 2354 1400 picionem
2384 1329 2701 1402 illegitimsz
2723 1330 2903 1401 prolis
2932 1330 3085 1385 venit
3115 1330 3391 1402 Epistola,
3417 1347 3551 1386 cum
3573 1334 3700 1402 jam

2069 1418 2169 1473 diu
2202 1419 2413 1488 rejects
2438 1423 2493 1473 et
2524 1419 2594 1473 ad
2628 1419 2987 1490 apocryphas
3019 1419 3339 1490 scripturas
3387 1421 3705 1475 amandata

2072 1505 2263 1561 fuerit.
2287 1508 2629 1578 Apocrypha,
2663 1508 2857 1578 inquit
2887 1506 3291 1579 Hieronymus,
3324 1508 3493 1579 epist.
3525 1509 3579 1576 7,
3631 1510 3702 1563 ad

2073 1595 2309 1662 Laetam,
2342 1598 2480 1651 sciat
2508 1614 2618 1650 non
2648 1612 2840 1651 eorum
2867 1613 2980 1651 esse
3010 1613 3237 1666 quorum
3268 1598 3445 1652 titulis
3488 1614 3705 1667 prwno-

2074 1688 2278 1739 tantur.
2313 1684 2673 1755 Quapropter
2700 1685 2996 1756 Origenes,
3029 1686 3129 1755 qui
3161 1685 3385 1756 putavit
3405 1702 3551 1757 opus
3584 1702 3707 1742 esse

2074 1772 2368 1842 Barnabas,
2402 1773 2646 1828 credidit
2674 1773 2849 1829 etiam
2882 1789 3009 1829 esse
3037 1775 3402 1830 canonicum.
3435 1773 3589 1841 Sunt,
3618 1775 3707 1829 in-

2074 1860 2201 1931 quit
2240 1862 2311 1916 ad
2362 1878 2509 1917 vers.
2559 1863 2649 1929 24,
2700 1879 2825 1931 cap.
2880 1880 2895 1915 ι
2944 1861 3217 1932 Epistolas
3268 1862 3339 1917 ad
3388 1863 3705 1930 Romanos,

2069 1958 2343 2019 praeterea
2372 1950 2535 2021 (sicut
2565 1952 2625 2004 in
2651 1951 2842 2005 multis
2874 1949 3175 2020 Scripturse
3204 1952 3334 2006 locis
3365 1952 3705 2023 invenimus)

2072 2040 2244 2093 etiam
2270 2040 2555 2109 utriusque
2582 2042 2778 2107 partis,
2834 2040 2917 2093 vel
2965 2040 3248 2111 utriusque
3294 2041 3421 2110 viae,
3463 2041 3705 2110 fautores

2073 2128 2298 2199 quidam
2316 2132 2365 2182 et
2393 2128 2667 2197 adjutores
2696 2129 2902 2198 angeli,
2937 2133 3068 2193 etc.,
3106 2129 3203 2182 ubi
3246 2128 3373 2197 quis
3406 2145 3517 2183 non
3549 2130 3708 2184 videt

2074 2217 2255 2273 alludi
2280 2218 2350 2272 ad
2384 2222 2559 2288 caput
2590 2219 2654 2271 18
2685 2221 2896 2272 nostrae
2918 2217 3204 2289 Epistola,
3230 2218 3299 2271 de
3322 2218 3549 2272 duabus
3572 2217 3706 2285 viis,

2074 2311 2131 2361 et
2161 2307 2231 2361 de
2271 2306 2494 2378 angelis
2542 2307 2775 2377 utrique
2822 2306 2925 2360 via:
2975 2306 3349 2377 praepositis?
3397 2306 3527 2362 Jam
3570 2322 3706 2362 vero

2075 2394 2225 2451 lib.1
2273 2400 2462 2450 contra
2512 2396 2726 2451 Celsum
2784 2394 2936 2449 idem
2989 2394 3373 2451 Adamantius
3425 2410 3624 2450 vocem
3675 2411 3709 2449 a

2076 2485 2340 2539 Barnaba
2369 2484 2541 2555 paulo
2564 2483 2769 2538 durius
2800 2482 2858 2537 in
2907 2482 3200 2554 apostolos
3248 2482 3557 2554 prolatam,
3609 2499 3706 2539 ne-

2076 2589 2367 2645 quaquam
2417 2573 2623 2642 rejicit,
2678 2572 2794 2627 imo
2844 2571 3137 2627 similibus
3182 2572 3493 2643 Scripturae
3536 2571 3707 2626 (lictis

2075 2664 2266 2717 munit
2308 2679 2373 2715 ac
2410 2662 2621 2729 ﬁrmat,
2680 2661 3031 2732 insuperque
3098 2660 3412 2732 Epistolam
3481 2676 3708 2716 sacram

2073 2768 2201 2807 esse
2251 2750 2463 2815 innuit,
2511 2755 2566 2805 et
2611 2754 2779 2806 vocat
2830 2748 3224 2816 Catholicam;
3296 2766 3408 2820 quo
3471 2750 3706 2821 quidem

2074 2841 2307 2895 nomine
2333 2839 2507 2895 etiam
2539 2838 2831 2893 indicatur
2854 2853 2983 2893 eam
3033 2838 3240 2893 saltem
3283 2855 3316 2893 a
3365 2838 3566 2892 multis
3602 2838 3708 2892 Ca-

2072 2928 2305 2984 tholicis
2328 2928 2507 2984 fuisse
2521 2927 2862 2994 admissam,
2888 2932 3061 2997 atque
3083 2926 3268 2982 instar
3286 2925 3706 2981 catholicarum

2068 3019 2417 3074 lectitatam:
2466 3033 2581 3071 non
2632 3016 2822 3071 solum
2875 3022 3069 3070 autem
3119 3016 3501 3087 signiﬁcatur,
3553 3016 3707 3086 quod

2071 3108 2235 3163 aiunt
2260 3124 2328 3162 ex
2359 3105 2594 3161 Leontio
2625 3105 2726 3159 lib.
2779 3106 2849 3159 De
2891 3106 3068 3168 sectis,
3111 3104 3335 3159 actione
3386 3106 3441 3169 2,
3475 3122 3508 3159 a
3538 3105 3708 3174 cujus

2068 3196 2340 3268 opinione
2369 3194 2705 3250 nullatenus
2728 3193 3414 3257 dissentitOEcumenius,
3430 3192 3705 3265 scriptam

2068 3302 2196 3342 esse
2227 3286 2297 3339 ad
2328 3300 2531 3340 omnes
2556 3282 2921 3355 generaliter,
2955 3299 3069 3337 non
3101 3297 3233 3336 vero
3265 3282 3337 3336 ad
3361 3297 3539 3336 unam
3562 3298 3702 3353 gen-

309 3375 431 3424 tam
464 3387 496 3424 a
522 3370 663 3424 viris
693 3370 1050 3427 doctissimis
1078 3373 1313 3445 Hugone
1342 3374 1615 3429 Menardo
1654 3380 1711 3430 et
1758 3376 1953 3431 Isaaco
1983 3359 2026 3427 C
2066 3379 2203 3430 tem.
2238 3373 2381 3428 Nam
2409 3372 2458 3427 si
2490 3372 2545 3426 id
2577 3374 2804 3425 tantum
2836 3369 3152 3425 declararet
3180 3386 3246 3425 ea
3283 3386 3409 3439 vox,
3451 3370 3541 3423 cui
3591 3386 3702 3422 un-

304 3458 531 3514 Vossio.
564 3458 878 3513 Dubitatur
908 3476 980 3514 an
1013 3458 1089 3515 sit
1113 3463 1404 3533 genuinus
1433 3463 1605 3529 fetus,
1637 3482 1708 3519 an
1741 3482 1952 3537 suppo-

305 3549 477 3603 situs.
514 3547 925 3604 Existimatum
959 3549 1194 3619 quidem
1225 3550 1505 3607 Clementi
1537 3552 1949 3620 Alexandrino,

304 3636 539 3708 Origeni
572 3653 639 3691 ac
665 3636 1032 3708 Hieronymo,
1064 3640 1315 3694 summis
1346 3640 1507 3707 viris,
1556 3642 1770 3713 quibus
1815 3660 1950 3714 pro-

305 3730 504 3797 pterea
536 3725 679 3780 ﬁdes
729 3724 896 3779 facile
947 3727 1211 3799 abrogari
1260 3745 1373 3783 non
1425 3730 1611 3801 debet,
1671 3731 1811 3786 nihil
1858 3732 1951 3787 hic

304 3812 529 3868 fraudis
559 3812 916 3869 delitescere.
940 3816 1013 3868 At
1034 3815 1339 3884 Eusebius,
1389 3819 1622 3888 quando
1663 3821 1797 3874 Hist.
1819 3821 1947 3875 ecct.

302 3900 405 3957 lib.
460 3918 547 3969 Ill,
601 3918 727 3973 cap.
774 3903 865 3972 25,
909 3902 1225 3974 Epistolam
1282 3904 1526 3961 collocat
1567 3907 1719 3962 inter
1772 3907 1949 3963 libros

307 3989 567 4059 spurios,
594 3986 644 4041 ἐν
677 3986 859 4050 νόθοις
908 3990 1107 4047 dolum
1149 3993 1378 4048 videtur
1423 3996 1786 4066 suspicatus:
1840 3996 1952 4051 nisi

304 4078 354 4133 si
387 4078 521 4149 quis
579 4083 782 4133 notum
840 4078 1105 4136 volumen
1161 4098 1226 4137 eo
1282 4082 1391 4138 loci
1447 4090 1712 4156 exponat,
1773 4090 1836 4139 ut
1893 4087 1951 4140 in

304 4166 701 4238 Amphilochii
740 4167 997 4239 Epistula
1029 4169 1277 4225 iambica
1319 4172 1389 4226 ad
1437 4172 1760 4240 Seleucam,
1808 4174 1951 4229 illud

309 4255 465 4327 quod
496 4272 612 4310 non
646 4259 734 4311 est
762 4258 1082 4327 genuinum
1112 4275 1289 4314 sacrae
1318 4260 1783 4332 Scripturze,sive
1813 4262 1959 4317 alias

312 4350 611 4400 auctorem
650 4360 855 4400 verum
890 4346 1058 4401 titulo
1088 4348 1373 4419 praeferat,
1423 4350 1541 4404 sive
1591 4351 1954 4406 ementitum.

312 4434 476 4489 Certe
506 4434 598 4488 vix
629 4434 783 4489 credi
818 4439 1025 4506 potest,
1052 4438 1206 4507 quod
1224 4438 1365 4493 adeo
1387 4439 1635 4495 eximius
1661 4440 1960 4511 apostolus

316 4525 402 4577 vir
443 4523 639 4591 plenus
693 4524 903 4593 Spiritu
956 4529 1142 4580 sancto
1172 4534 1223 4581 et
1256 4526 1417 4596 ﬁdet,
1452 4534 1789 4600 segregatus
1846 4547 1963 4584 una

314 4628 452 4666 cum
480 4611 655 4667 Paulo
686 4630 718 4666 a
748 4620 946 4668 sancto
977 4614 1195 4685 Spiritu
1232 4616 1289 4669 in
1342 4634 1489 4687 opus
1539 4618 1855 4688 Evangelii,
1907 4624 1964 4673 et

2060 3479 2236 3535 quam
2268 3462 2520 3516 venisset
2552 3460 2608 3513 in
2643 3463 2919 3527 mentem,
2965 3458 3210 3513 Joannis
3242 3459 3581 3526 secundam,
3631 3456 3703 3509 ad

2062 3568 2239 3607 unam
2299 3551 2563 3615 domum,
2622 3552 2679 3602 et
2722 3547 2977 3617 tertiam,
3028 3547 3098 3601 ad
3150 3563 3334 3602 unum
3408 3545 3705 3600 hominem

2061 3644 2343 3705 exaratas,
2368 3638 2426 3691 in
2448 3636 2865 3692 catholicarum
2891 3652 3133 3691 censum
3162 3635 3373 3689 referre
3393 3634 3421 3688 ‘I
3446 3633 3706 3687 Pruden-

2062 3730 2181 3784 tius
2210 3728 2404 3799 itaque
2436 3728 2653 3781 t'actum
2685 3726 2758 3779 ab
2789 3724 3007 3779 Isidoro
3042 3723 3257 3794 Hispal.
3285 3722 3388 3778 lib.
3430 3739 3483 3776 v1
3520 3721 3706 3789 Origi-

2062 3838 2217 3883 num,
2249 3834 2376 3888 cap.
2409 3820 2445 3869 2
2472 3817 2630 3885 (nam
2672 3812 2957 3868 confutari
2977 3830 3091 3867 non
3126 3816 3379 3867 meretur
3416 3810 3709 3867 sententia

2063 3908 2411 3978 Hebedjesu,
2444 3903 2699 3959 auctoris
2730 3901 3049 3969 Chaldaici,
3081 3901 3430 3956 afﬁrmantis
3455 3901 3517 3954 in
3539 3900 3706 3954 Cata-

2063 3998 2192 4069 logo
2230 3995 2532 4061 librorum,
2577 3990 2893 4047 catholicas
2958 3991 3084 4045 ideo
3155 3989 3344 4044 vocari
3414 3986 3702 4059 Epistolas

2066 4084 2288 4150 Jacobi,
2322 4082 2498 4147 Petri,
2528 4080 2771 4135 Joannis
2802 4084 2859 4135 et
2885 4080 3070 4147 Judae,
3118 4079 3271 4150 quod
3325 4078 3397 4132 ab
3450 4078 3522 4133 iis
3569 4093 3712 4148 apo-

2066 4174 2231 4231 stolis
2287 4171 2445 4227 omni
2506 4170 2835 4225 charactere
2884 4172 2939 4224 et
2993 4168 3193 4240 lingua
3252 4167 3473 4222 fuerint
3525 4165 3716 4221 consi-

2067 4264 2299 4338 gnatae),
2331 4260 2431 4331 qui
2462 4276 2594 4313 cum
2630 4257 2968 4330 prazdictum
2999 4255 3347 4312 vocabulum
3398 4254 3709 4327 posteriori

2070 4368 2245 4409 sensu
2305 4352 2631 4420 usurparet,
2694 4345 3010 4401 catholicas
3070 4349 3372 4416 nuncupat
3421 4341 3713 4415 Epistolas

2069 4441 2241 4507 Petri,
2266 4455 2379 4493 non
2408 4438 2542 4490 item
2557 4436 2783 4501 Jacobi,
2804 4434 3135 4501 Joannis,et
3156 4435 3347 4487 Iudae:
3374 4446 3714 4504 quanquam

2069 4531 2235 4586 Judze
2266 4532 2321 4581 et
2348 4524 2545 4582 Jacobi
2578 4524 2967 4596 generaliores
2984 4524 3104 4578 sint
3126 4522 3318 4594 prima
3344 4522 3485 4577 Petri
3517 4539 3529 4575 :
3557 4518 3710 4574 unde

2073 4622 2336 4674 notatum
2394 4615 2502 4669 fuit
2532 4631 2565 4667 a
2596 4614 2849 4683 quodam
2900 4612 3215 4667 scholiaste
3265 4612 3336 4665 ad
3399 4608 3715 4679 Epistolam

310 4700 538 4772 collega
567 4701 834 4770 ejusdem
866 4702 1109 4773 apostoli
1140 4704 1197 4757 in
1229 4705 1490 4775 gentium
1514 4706 1862 4777 apostolatu,
1894 4724 1958 4762 ea

2070 4705 2291 4775 Jacobi,
2325 4722 2435 4759 ms.
2470 4703 2647 4774 Regio
2675 4702 2816 4755 705:
2857 4699 3213 4773 ΙΙροτέτακται
3246 4700 3281 4766 ἡ
3311 4702 3408 4751 τοῦ
3457 4688 3716 4751 Ἰακώϐου

310 4788 617 4859 scripserit
647 4805 769 4857 quae
811 4788 868 4843 in
909 4793 1189 4860 opusculo
1236 4794 1503 4863 praesenti
1547 4796 1957 4851 continentur:

312 4880 549 4930 coactas
580 4875 707 4931 dico
739 4876 1066 4950 allegorias,
1098 4880 1493 4938 enarrationes
1534 4883 1965 4955 Scripturarum

310 4964 517 5019 minus
548 4962 913 5035 verisimiles,
948 4966 1175 5024 fabulas
1212 4970 1282 5024 de
1314 4970 1690 5042 animalibus,
1737 4973 1965 5043 aliaque

313 5053 387 5109 de
420 5051 637 5123 quibus
669 5059 872 5124 postea
903 5072 1165 5128 agemus.
1200 5058 1328 5113 Haec
1368 5063 1585 5127 tamen,
1636 5062 1729 5115 vix
1779 5062 1966 5117 credi-

312 5142 480 5207 bilia,
544 5158 660 5196 non
710 5148 999 5199 remorata
1048 5151 1185 5200 sunt
1238 5149 1541 5218 praedictos
1588 5149 1964 5216 Clementem,

313 5230 650 5301 Origenem,
708 5231 1163 5305 Hieronymum:
1226 5235 1379 5291 sicut
1451 5238 1621 5308 pauci
1671 5239 1812 5293 οωνί
1868 5240 1967 5310 qui

312 5320 626 5374 honestam
661 5319 865 5375 faciem
900 5323 1167 5393 Epistolas
1200 5342 1232 5379 a
1262 5324 1553 5382 Clemente
1594 5328 1852 5382 Romano
1898 5330 1969 5383 ad

314 5407 655 5464 Corinthios
695 5408 1090 5467 Romanorum
1144 5415 1377 5469 nomine
1425 5416 1762 5487 conscripta:
1813 5434 1971 5471 com-

317 5496 646 5564 maculant,
680 5514 793 5552 non
830 5500 1224 5572 impedierunt
1270 5503 1414 5575 quin
1462 5506 1605 5560 tanti
1653 5521 1720 5559 ea
1773 5506 1969 5573 fieret;

321 5586 597 5660 quamvis
628 5603 861 5659 magna,
896 5606 1019 5645 meo
1063 5592 1301 5663 quidem
1348 5593 1597 5665 judicio,
1650 5594 1975 5653 differentia

396 5771 413 5802 ³
442 5769 573 5823 Act.
609 5783 685 5836 χι,
714 5768 783 5824 24
808 5784 821 5837 ;
854 5784 979 5837 xm,
1008 5772 1060 5830 2.

2072 4792 2367 4859 Ἐπιστολὴ
2415 4796 2522 4844 τῶν
2569 4787 2774 4856 ἄλλων,
2820 4786 2904 4841 ὅτι
2950 4808 3007 4840 τε
3041 4791 3255 4862 πρῶτος
3308 4786 3596 4844 ἐπίσκοπος
3626 4782 3713 4851 ἦν,

2072 4884 2161 4938 καὶ
2222 4882 2302 4936 ὅτι
2360 4882 2457 4948 τῆς
2518 4880 2723 4950 Πέτρου
2776 4873 3190 4951 καθολικωτὲρα
3224 4895 3235 4907 ’
3295 4881 3411 4937 ταῖς
3468 4874 3566 4950 γὰρ
3624 4871 3723 4925 ἀνὰ

2074 4978 2243 5026 πᾶσαν
2301 4971 2399 5037 τὴν
2451 4974 2552 5043 γῆν
2621 4963 3034 5040 διεσπαρμέναις
3089 4962 3293 5041 ἐγράφη
3358 4959 3567 5017 δώδεκα
3623 4982 3721 5037 φυ-

2078 5060 2221 5121 λαῖς.
2281 5060 2399 5115 Ηοο
2458 5064 2590 5111 est:
2641 5056 2823 5110 Posita
2874 5061 2953 5109 est
3001 5058 3128 5109 ante
3183 5056 3331 5108 alias
3413 5051 3729 5107 catholicas

2078 5151 2318 5219 Epistola
2348 5148 2569 5207 Jacobi;
2602 5154 2718 5200 tum
2752 5145 2883 5213 quia
2915 5145 2960 5196 is
2988 5146 3209 5214 primus
3256 5152 3373 5197 erat
3420 5143 3729 5212 episcopus,

2079 5245 2195 5294 tum
2227 5239 2358 5310 quia
2388 5237 2487 5290 illa
2519 5234 2885 5288 universalior
2913 5237 2988 5287 est
3034 5233 3264 5303 epistola
3314 5233 3467 5287 Petri
3513 5227 3728 5299 (prima

2080 5328 2361 5397 scilicet);
2393 5324 2673 5378 duodecim
2702 5323 2904 5392 quippe
2951 5322 3205 5376 tribubus
3260 5337 3357 5391 per
3412 5319 3729 5372 universum

2080 5418 2261 5473 orbem
2310 5414 2572 5485 dispersis
2618 5412 2822 5481 scripta
2869 5415 2947 5465 est
3008 5412 3259 5480 Denique
3324 5411 3378 5462 S.
3454 5406 3728 5472 Hierony-

2085 5524 2237 5570 mus,
2272 5506 2327 5559 in
2380 5503 2526 5557 libro
2595 5516 2769 5570 quem
2818 5500 2892 5555 De
2944 5498 3397 5571 interpretatione
3442 5493 3732 5548 nominum

2082 5596 2490 5659 Hebraicorum,
2543 5588 2807 5645 imitatus
2891 5587 3191 5644 Philonem
3272 5602 3336 5642 ac
3392 5583 3728 5656 Origenem,
