  <div class='ocr_page' id='page_1' title='image "/cluster/home/n/w/nwhite01/storage/ocr_20150623/2/hvd.32044073501397/335.png"; bbox 0 0 4094 6202; ppageno 0'>
   <div class='ocr_carea' id='block_1_1' title="bbox 388 415 507 479">
    <p class='ocr_par' dir='ltr' id='par_1_1' title="bbox 388 415 507 479">
     <span class='ocr_line' id='line_1_1' title="bbox 388 415 507 479; baseline 0.008 -5"><span class='ocrx_word' id='word_1_1' title='bbox 388 415 507 479; x_wconf 76' lang='lat'><strong>655</strong></span> 
     </span>
    </p>
   </div>
   <div class='ocr_carea' id='block_1_2' title="bbox 1550 415 2603 478">
    <p class='ocr_par' dir='ltr' id='par_1_2' title="bbox 1550 415 2603 478">
     <span class='ocr_line' id='line_1_2' title="bbox 1550 415 2603 478; baseline -0.002 -2"><span class='ocrx_word' id='word_1_2' title='bbox 1550 419 1611 476; x_wconf 91' lang='lat' dir='ltr'>S.</span> <span class='ocrx_word' id='word_1_3' title='bbox 1660 416 2078 478; x_wconf 83' lang='lat' dir='ltr'>BARNABAS</span> <span class='ocrx_word' id='word_1_4' title='bbox 2120 415 2603 477; x_wconf 87' lang='lat' dir='ltr'>APOSTOLUS.</span> 
     </span>
    </p>
   </div>
   <div class='ocr_carea' id='block_1_3' title="bbox 3654 416 3777 491">
    <p class='ocr_par' dir='ltr' id='par_1_3' title="bbox 3654 416 3777 491">
     <span class='ocr_line' id='line_1_3' title="bbox 3654 416 3777 491; baseline 0 -11"><span class='ocrx_word' id='word_1_5' title='bbox 3654 416 3777 491; x_wconf 79' lang='lat'>656</span> 
     </span>
    </p>
   </div>
   <div class='ocr_carea' id='block_1_4' title="bbox 386 536 3779 621">
    <p class='ocr_par' dir='ltr' id='par_1_4' title="bbox 386 536 3779 621">
     <span class='ocr_line' id='line_1_4' title="bbox 386 536 3779 621; baseline 0.001 -19"><span class='ocrx_word' id='word_1_6' title='bbox 386 536 731 618; x_wconf 79' lang='lat' dir='ltr'>composuit,</span> <span class='ocrx_word' id='word_1_7' title='bbox 763 547 913 601; x_wconf 91' lang='lat' dir='ltr'>inter</span> <span class='ocrx_word' id='word_1_8' title='bbox 940 547 1079 603; x_wconf 89' lang='lat' dir='ltr'>Novi</span> <span class='ocrx_word' id='word_1_9' title='bbox 1118 547 1475 603; x_wconf 89' lang='lat' dir='ltr'>Testamenti</span> <span class='ocrx_word' id='word_1_10' title='bbox 1516 547 1695 603; x_wconf 92' lang='lat' dir='ltr'>libros</span> <span class='ocrx_word' id='word_1_11' title='bbox 1734 566 1849 603; x_wconf 92' lang='lat' dir='ltr'>non</span> <span class='ocrx_word' id='word_1_12' title='bbox 1898 551 2014 603; x_wconf 91' lang='lat' dir='ltr'>sta-</span> <span class='ocrx_word' id='word_1_13' title='bbox 2044 551 2099 614; x_wconf 83' lang='grc' dir='ltr'><strong>Α</strong></span> <span class='ocrx_word' id='word_1_14' title='bbox 2127 547 2319 621; x_wconf 86' lang='lat' dir='ltr'>ginem</span> <span class='ocrx_word' id='word_1_15' title='bbox 2348 549 2506 605; x_wconf 91' lang='lat' dir='ltr'>illius</span> <span class='ocrx_word' id='word_1_16' title='bbox 2537 551 2837 621; x_wconf 81' lang='lat' dir='ltr'>repeteret,</span> <span class='ocrx_word' id='word_1_17' title='bbox 2871 565 2903 602; x_wconf 91' lang='lat' dir='ltr'>a</span> <span class='ocrx_word' id='word_1_18' title='bbox 2931 549 3293 619; x_wconf 82' lang='lat' dir='ltr'>temporibus</span> <span class='ocrx_word' id='word_1_19' title='bbox 3315 549 3606 606; x_wconf 81' lang='lat' dir='ltr'>excidium</span> <span class='ocrx_word' id='word_1_20' title='bbox 3638 566 3779 605; x_wconf 81' lang='lat' dir='ltr'>mox</span> 
     </span>
    </p>
   </div>
   <div class='ocr_carea' id='block_1_5' title="bbox 385 633 2019 708">
    <p class='ocr_par' dir='ltr' id='par_1_5' title="bbox 385 633 2019 708">
     <span class='ocr_line' id='line_1_5' title="bbox 385 633 2019 708; baseline 0 -19"><span class='ocrx_word' id='word_1_21' title='bbox 385 634 596 689; x_wconf 86' lang='lat' dir='ltr'>tuisset</span> <span class='ocrx_word' id='word_1_22' title='bbox 624 633 941 706; x_wconf 90' lang='lat' dir='ltr'>Epistolam</span> <span class='ocrx_word' id='word_1_23' title='bbox 974 636 1270 701; x_wconf 62' lang='lat' dir='ltr'>Barnabas,</span> <span class='ocrx_word' id='word_1_24' title='bbox 1310 636 1461 692; x_wconf 86' lang='lat' dir='ltr'>sicut</span> <span class='ocrx_word' id='word_1_25' title='bbox 1492 637 1648 703; x_wconf 87' lang='lat' dir='ltr'>facit,</span> <span class='ocrx_word' id='word_1_26' title='bbox 1682 653 1857 708; x_wconf 90' lang='lat' dir='ltr'>quam</span> <span class='ocrx_word' id='word_1_27' title='bbox 1896 636 2019 707; x_wconf 90' lang='lat' dir='ltr'>ipse</span> 
     </span>
    </p>
   </div>
   <div class='ocr_carea' id='block_1_6' title="bbox 385 724 2020 797">
    <p class='ocr_par' dir='ltr' id='par_1_6' title="bbox 385 724 2020 797">
     <span class='ocr_line' id='line_1_6' title="bbox 385 724 2020 797; baseline 0.001 -19"><span class='ocrx_word' id='word_1_28' title='bbox 385 739 518 779; x_wconf 93' lang='lat' dir='ltr'>cum</span> <span class='ocrx_word' id='word_1_29' title='bbox 549 724 892 796; x_wconf 88' lang='lat' dir='ltr'>apocryphis</span> <span class='ocrx_word' id='word_1_30' title='bbox 913 724 1227 795; x_wconf 90' lang='lat' dir='ltr'>Scripturis</span> <span class='ocrx_word' id='word_1_31' title='bbox 1251 724 1497 797; x_wconf 84' lang='lat' dir='ltr'>legebat,</span> <span class='ocrx_word' id='word_1_32' title='bbox 1530 724 1640 781; x_wconf 87' lang='lat' dir='ltr'>nisi</span> <span class='ocrx_word' id='word_1_33' title='bbox 1671 726 1913 780; x_wconf 85' lang='lat' dir='ltr'>vidisset</span> <span class='ocrx_word' id='word_1_34' title='bbox 1941 724 2020 779; x_wconf 90' lang='lat' dir='ltr'>ita</span> 
     </span>
    </p>
   </div>
   <div class='ocr_carea' id='block_1_7' title="bbox 382 809 2021 886">
    <p class='ocr_par' dir='ltr' id='par_1_7' title="bbox 382 809 2021 886">
     <span class='ocr_line' id='line_1_7' title="bbox 382 809 2021 886; baseline 0.001 -21"><span class='ocrx_word' id='word_1_35' title='bbox 382 810 454 877; x_wconf 86' lang='lat' dir='ltr'>ab</span> <span class='ocrx_word' id='word_1_36' title='bbox 483 809 727 884; x_wconf 79' lang='lat' dir='ltr'>Origene</span> <span class='ocrx_word' id='word_1_37' title='bbox 758 812 937 868; x_wconf 87' lang='lat' dir='ltr'>fuisse</span> <span class='ocrx_word' id='word_1_38' title='bbox 966 814 1285 868; x_wconf 78' lang='lat' dir='ltr'>actitatum.</span> <span class='ocrx_word' id='word_1_39' title='bbox 1320 815 1595 869; x_wconf 89' lang='lat' dir='ltr'>Eamdem</span> <span class='ocrx_word' id='word_1_40' title='bbox 1638 830 1868 886; x_wconf 91' lang='lat' dir='ltr'>quoque</span> <span class='ocrx_word' id='word_1_41' title='bbox 1898 830 2021 868; x_wconf 88' lang='lat' dir='ltr'>sen-</span> 
     </span>
    </p>
   </div>
   <div class='ocr_carea' id='block_1_8' title="bbox 380 899 2019 974">
    <p class='ocr_par' dir='ltr' id='par_1_8' title="bbox 380 899 2019 974">
     <span class='ocr_line' id='line_1_8' title="bbox 380 899 2019 974; baseline 0.001 -21"><span class='ocrx_word' id='word_1_42' title='bbox 380 899 624 955; x_wconf 90' lang='lat' dir='ltr'>tentiam</span> <span class='ocrx_word' id='word_1_43' title='bbox 676 900 1169 971; x_wconf 84' lang='lat' dir='ltr'>deprehendimus</span> <span class='ocrx_word' id='word_1_44' title='bbox 1220 903 1275 955; x_wconf 89' lang='lat' dir='ltr'>in</span> <span class='ocrx_word' id='word_1_45' title='bbox 1327 902 1572 974; x_wconf 88' lang='lat' dir='ltr'>antiqua</span> <span class='ocrx_word' id='word_1_46' title='bbox 1613 902 2019 957; x_wconf 88' lang='lat' dir='ltr'>Stichometria</span> 
     </span>
    </p>
   </div>
   <div class='ocr_carea' id='block_1_9' title="bbox 383 988 2020 1061">
    <p class='ocr_par' dir='ltr' id='par_1_9' title="bbox 383 988 2020 1061">
     <span class='ocr_line' id='line_1_9' title="bbox 383 988 2020 1061; baseline 0.001 -17"><span class='ocrx_word' id='word_1_47' title='bbox 383 988 602 1056; x_wconf 87' lang='lat' dir='ltr'>Latina,</span> <span class='ocrx_word' id='word_1_48' title='bbox 633 1006 759 1061; x_wconf 66' lang='lat' dir='ltr'>quae</span> <span class='ocrx_word' id='word_1_49' title='bbox 797 992 985 1045; x_wconf 87' lang='lat' dir='ltr'>exstat</span> <span class='ocrx_word' id='word_1_50' title='bbox 1029 990 1089 1044; x_wconf 90' lang='lat' dir='ltr'>in</span> <span class='ocrx_word' id='word_1_51' title='bbox 1137 991 1365 1046; x_wconf 91' lang='lat' dir='ltr'>duobus</span> <span class='ocrx_word' id='word_1_52' title='bbox 1408 991 1574 1046; x_wconf 89' lang='lat' dir='ltr'>libris</span> <span class='ocrx_word' id='word_1_53' title='bbox 1624 990 2020 1046; x_wconf 89' lang='lat' dir='ltr'>mss...altero</span> 
     </span>
    </p>
   </div>
   <div class='ocr_carea' id='block_1_10' title="bbox 382 1076 2018 1149">
    <p class='ocr_par' dir='ltr' id='par_1_10' title="bbox 382 1076 2018 1149">
     <span class='ocr_line' id='line_1_10' title="bbox 382 1076 2018 1149; baseline 0 -17"><span class='ocrx_word' id='word_1_54' title='bbox 382 1092 497 1132; x_wconf 91' lang='lat' dir='ltr'>non</span> <span class='ocrx_word' id='word_1_55' title='bbox 530 1076 753 1149; x_wconf 89' lang='lat' dir='ltr'>pridem</span> <span class='ocrx_word' id='word_1_56' title='bbox 782 1082 1171 1134; x_wconf 89' lang='lat' dir='ltr'>Puteanorum</span> <span class='ocrx_word' id='word_1_57' title='bbox 1216 1081 1498 1148; x_wconf 85' lang='lat' dir='ltr'>Fratrum,</span> <span class='ocrx_word' id='word_1_58' title='bbox 1549 1097 1704 1135; x_wconf 94' lang='lat' dir='ltr'>nunc</span> <span class='ocrx_word' id='word_1_59' title='bbox 1748 1079 2018 1133; x_wconf 90' lang='lat' dir='ltr'>Christia-</span> 
     </span>
    </p>
   </div>
   <div class='ocr_carea' id='block_1_11' title="bbox 382 1164 2015 1237">
    <p class='ocr_par' dir='ltr' id='par_1_11' title="bbox 382 1164 2015 1237">
     <span class='ocr_line' id='line_1_11' title="bbox 382 1164 2015 1237; baseline 0.001 -17"><span class='ocrx_word' id='word_1_60' title='bbox 382 1164 611 1221; x_wconf 89' lang='lat' dir='ltr'>nissimi</span> <span class='ocrx_word' id='word_1_61' title='bbox 642 1166 812 1237; x_wconf 86' lang='lat' dir='ltr'>regis,</span> <span class='ocrx_word' id='word_1_62' title='bbox 844 1165 1023 1222; x_wconf 91' lang='lat' dir='ltr'>altero</span> <span class='ocrx_word' id='word_1_63' title='bbox 1055 1168 1473 1223; x_wconf 87' lang='lat' dir='ltr'>monachorum</span> <span class='ocrx_word' id='word_1_64' title='bbox 1508 1168 1703 1223; x_wconf 81' lang='lat' dir='ltr'>Sancti</span> <span class='ocrx_word' id='word_1_65' title='bbox 1723 1167 2015 1222; x_wconf 87' lang='lat' dir='ltr'>Germani.</span> 
     </span>
    </p>
   </div>
   <div class='ocr_carea' id='block_1_12' title="bbox 364 1253 2018 1329">
    <p class='ocr_par' dir='ltr' id='par_1_12' title="bbox 364 1253 2018 1329">
     <span class='ocr_line' id='line_1_12' title="bbox 364 1253 2018 1329; baseline -0.001 -20"><span class='ocrx_word' id='word_1_66' title='bbox 364 1253 503 1309; x_wconf 74' lang='lat' dir='ltr'>.Illic</span> <span class='ocrx_word' id='word_1_67' title='bbox 530 1253 787 1326; x_wconf 90' lang='lat' dir='ltr'>Epistola</span> <span class='ocrx_word' id='word_1_68' title='bbox 816 1255 1090 1311; x_wconf 65' lang='lat' dir='ltr'>Barnabas</span> <span class='ocrx_word' id='word_1_69' title='bbox 1157 1255 1477 1312; x_wconf 80' lang='lat' dir='ltr'>collocatur</span> <span class='ocrx_word' id='word_1_70' title='bbox 1524 1261 1655 1329; x_wconf 89' lang='lat' dir='ltr'>post</span> <span class='ocrx_word' id='word_1_71' title='bbox 1706 1255 2018 1328; x_wconf 89' lang='lat' dir='ltr'>Epistolam</span> 
     </span>
    </p>
   </div>
   <div class='ocr_carea' id='block_1_13' title="bbox 378 1342 2021 1416">
    <p class='ocr_par' dir='ltr' id='par_1_13' title="bbox 378 1342 2021 1416">
     <span class='ocr_line' id='line_1_13' title="bbox 378 1342 2021 1416; baseline -0.001 -17"><span class='ocrx_word' id='word_1_72' title='bbox 378 1342 562 1409; x_wconf 74' lang='lat' dir='ltr'>Judae,</span> <span class='ocrx_word' id='word_1_73' title='bbox 592 1346 728 1399; x_wconf 85' lang='lat' dir='ltr'>ante</span> <span class='ocrx_word' id='word_1_74' title='bbox 752 1343 999 1401; x_wconf 83' lang='lat' dir='ltr'>Joannis</span> <span class='ocrx_word' id='word_1_75' title='bbox 1030 1345 1456 1402; x_wconf 83' lang='lat' dir='ltr'>Revelationem</span> <span class='ocrx_word' id='word_1_76' title='bbox 1511 1350 1568 1401; x_wconf 92' lang='lat' dir='ltr'>et</span> <span class='ocrx_word' id='word_1_77' title='bbox 1598 1348 1769 1401; x_wconf 88' lang='lat' dir='ltr'>Actus</span> <span class='ocrx_word' id='word_1_78' title='bbox 1798 1348 2021 1416; x_wconf 89' lang='lat' dir='ltr'>aposto-</span> 
     </span>
    </p>
   </div>
   <div class='ocr_carea' id='block_1_14' title="bbox 377 1420 592 1488">
    <p class='ocr_par' dir='ltr' id='par_1_14' title="bbox 377 1420 592 1488">
     <span class='ocr_line' id='line_1_14' title="bbox 377 1420 592 1488; baseline -0.005 -1"><span class='ocrx_word' id='word_1_79' title='bbox 377 1420 592 1488; x_wconf 91' lang='lat' dir='ltr'>lorum.</span> 
     </span>
    </p>
   </div>
   <div class='ocr_carea' id='block_1_15' title="bbox 444 1518 2020 1596">
    <p class='ocr_par' dir='ltr' id='par_1_15' title="bbox 444 1518 2020 1596">
     <span class='ocr_line' id='line_1_15' title="bbox 444 1518 2020 1596; baseline 0.001 -23"><span class='ocrx_word' id='word_1_80' title='bbox 444 1518 658 1577; x_wconf 86' lang='lat' dir='ltr'>Verum</span> <span class='ocrx_word' id='word_1_81' title='bbox 687 1519 747 1575; x_wconf 89' lang='lat' dir='ltr'>in</span> <span class='ocrx_word' id='word_1_82' title='bbox 778 1522 976 1577; x_wconf 89' lang='lat' dir='ltr'>omnia</span> <span class='ocrx_word' id='word_1_83' title='bbox 1005 1522 1236 1580; x_wconf 89' lang='lat' dir='ltr'>diversa</span> <span class='ocrx_word' id='word_1_84' title='bbox 1264 1524 1487 1579; x_wconf 89' lang='lat' dir='ltr'>abierat</span> <span class='ocrx_word' id='word_1_85' title='bbox 1521 1527 1841 1596; x_wconf 68' lang='lat' dir='ltr'>praeceptor</span> <span class='ocrx_word' id='word_1_86' title='bbox 1892 1520 2020 1576; x_wconf 91' lang='lat' dir='ltr'>Ori-</span> 
     </span>
    </p>
   </div>
   <div class='ocr_carea' id='block_1_16' title="bbox 376 1611 2021 1684">
    <p class='ocr_par' dir='ltr' id='par_1_16' title="bbox 376 1611 2021 1684">
     <span class='ocr_line' id='line_1_16' title="bbox 376 1611 2021 1684; baseline -0.002 -16"><span class='ocrx_word' id='word_1_87' title='bbox 376 1612 565 1684; x_wconf 87' lang='lat' dir='ltr'>genis,</span> <span class='ocrx_word' id='word_1_88' title='bbox 625 1612 902 1683; x_wconf 44' lang='lat' dir='ltr'>aClemens</span> <span class='ocrx_word' id='word_1_89' title='bbox 942 1611 1394 1682; x_wconf 82' lang='lat' dir='ltr'>Alexandrinus,</span> <span class='ocrx_word' id='word_1_90' title='bbox 1440 1613 1659 1684; x_wconf 88' lang='lat' dir='ltr'>quippe</span> <span class='ocrx_word' id='word_1_91' title='bbox 1704 1612 1802 1683; x_wconf 87' lang='lat' dir='ltr'>qui</span> <span class='ocrx_word' id='word_1_92' title='bbox 1851 1628 2021 1683; x_wconf 91' lang='lat' dir='ltr'>opus,</span> 
     </span>
    </p>
   </div>
   <div class='ocr_carea' id='block_1_17' title="bbox 377 1701 2021 1775">
    <p class='ocr_par' dir='ltr' id='par_1_17' title="bbox 377 1701 2021 1775">
     <span class='ocr_line' id='line_1_17' title="bbox 377 1701 2021 1775; baseline -0.002 -17"><span class='ocrx_word' id='word_1_93' title='bbox 377 1703 531 1775; x_wconf 90' lang='lat' dir='ltr'>quod</span> <span class='ocrx_word' id='word_1_94' title='bbox 579 1702 763 1760; x_wconf 80' lang='lat' dir='ltr'>credit</span> <span class='ocrx_word' id='word_1_95' title='bbox 806 1717 934 1757; x_wconf 91' lang='lat' dir='ltr'>esse</span> <span class='ocrx_word' id='word_1_96' title='bbox 980 1701 1275 1769; x_wconf 63' lang='lat' dir='ltr'>Barnabas,</span> <span class='ocrx_word' id='word_1_97' title='bbox 1332 1701 1661 1773; x_wconf 84' lang='lat' dir='ltr'>impugnat,</span> <span class='ocrx_word' id='word_1_98' title='bbox 1716 1701 1851 1755; x_wconf 90' lang='lat' dir='ltr'>licet</span> <span class='ocrx_word' id='word_1_99' title='bbox 1884 1717 2021 1771; x_wconf 88' lang='lat' dir='ltr'>sup-</span> 
     </span>
    </p>
   </div>
   <div class='ocr_carea' id='block_1_18' title="bbox 376 1790 2021 1865">
    <p class='ocr_par' dir='ltr' id='par_1_18' title="bbox 376 1790 2021 1865">
     <span class='ocr_line' id='line_1_18' title="bbox 376 1790 2021 1865; baseline -0.004 -17"><span class='ocrx_word' id='word_1_100' title='bbox 376 1808 598 1865; x_wconf 87' lang='lat' dir='ltr'>presso,</span> <span class='ocrx_word' id='word_1_101' title='bbox 659 1790 898 1847; x_wconf 91' lang='lat' dir='ltr'>honoris</span> <span class='ocrx_word' id='word_1_102' title='bbox 974 1807 1171 1857; x_wconf 88' lang='lat' dir='ltr'>causa,</span> <span class='ocrx_word' id='word_1_103' title='bbox 1237 1790 1518 1857; x_wconf 86' lang='lat' dir='ltr'>nomine;</span> <span class='ocrx_word' id='word_1_104' title='bbox 1598 1791 1900 1858; x_wconf 75' lang='lat' dir='ltr'>Pwdagogz’</span> <span class='ocrx_word' id='word_1_105' title='bbox 1955 1806 2021 1865; x_wconf 57' lang='grc' dir='ltr'>ιι,</span> 
     </span>
    </p>
   </div>
   <div class='ocr_carea' id='block_1_19' title="bbox 378 1879 2022 1955">
    <p class='ocr_par' dir='ltr' id='par_1_19' title="bbox 378 1879 2022 1955">
     <span class='ocr_line' id='line_1_19' title="bbox 378 1879 2022 1955; baseline -0.004 -17"><span class='ocrx_word' id='word_1_106' title='bbox 378 1899 504 1955; x_wconf 88' lang='lat' dir='ltr'>cap.</span> <span class='ocrx_word' id='word_1_107' title='bbox 521 1882 606 1936; x_wconf 85' lang='grc'>10.</span> <span class='ocrx_word' id='word_1_108' title='bbox 621 1882 684 1936; x_wconf 93' lang='lat' dir='ltr'>Id</span> <span class='ocrx_word' id='word_1_109' title='bbox 705 1897 875 1953; x_wconf 89' lang='lat' dir='ltr'>porro</span> <span class='ocrx_word' id='word_1_110' title='bbox 899 1896 1271 1951; x_wconf 87' lang='lat' dir='ltr'>nequaquam</span> <span class='ocrx_word' id='word_1_111' title='bbox 1294 1879 1700 1949; x_wconf 85' lang='lat' dir='ltr'>commisisset,</span> <span class='ocrx_word' id='word_1_112' title='bbox 1724 1880 1771 1934; x_wconf 90' lang='lat' dir='ltr'>si</span> <span class='ocrx_word' id='word_1_113' title='bbox 1808 1879 1879 1933; x_wconf 91' lang='lat' dir='ltr'>ad</span> <span class='ocrx_word' id='word_1_114' title='bbox 1917 1882 2022 1933; x_wconf 84' lang='lat' dir='ltr'>Ca-</span> 
     </span>
    </p>
   </div>
   <div class='ocr_carea' id='block_1_20' title="bbox 376 1966 2011 2041">
    <p class='ocr_par' dir='ltr' id='par_1_20' title="bbox 376 1966 2011 2041">
     <span class='ocr_line' id='line_1_20' title="bbox 376 1966 2011 2041; baseline -0.002 -16"><span class='ocrx_word' id='word_1_115' title='bbox 376 1986 588 2025; x_wconf 90' lang='lat' dir='ltr'>nonem</span> <span class='ocrx_word' id='word_1_116' title='bbox 610 1968 896 2041; x_wconf 90' lang='lat' dir='ltr'>pertinere</span> <span class='ocrx_word' id='word_1_117' title='bbox 922 1968 1126 2023; x_wconf 86' lang='lat' dir='ltr'>fuisset</span> <span class='ocrx_word' id='word_1_118' title='bbox 1146 1968 1485 2024; x_wconf 85' lang='lat' dir='ltr'>arbitratus.</span> <span class='ocrx_word' id='word_1_119' title='bbox 1500 1972 1577 2023; x_wconf 92' lang='lat' dir='ltr'>Ac</span> <span class='ocrx_word' id='word_1_120' title='bbox 1600 1968 1743 2022; x_wconf 89' lang='lat' dir='ltr'>forte</span> <span class='ocrx_word' id='word_1_121' title='bbox 1757 1966 2011 2038; x_wconf 87' lang='lat' dir='ltr'>suspicio</span> 
     </span>
    </p>
   </div>
   <div class='ocr_carea' id='block_1_21' title="bbox 376 2056 2012 2126">
    <p class='ocr_par' dir='ltr' id='par_1_21' title="bbox 376 2056 2012 2126">
     <span class='ocr_line' id='line_1_21' title="bbox 376 2056 2012 2126; baseline -0.003 -12"><span class='ocrx_word' id='word_1_122' title='bbox 376 2060 489 2114; x_wconf 90' lang='lat' dir='ltr'>erit</span> <span class='ocrx_word' id='word_1_123' title='bbox 510 2058 703 2126; x_wconf 89' lang='lat' dir='ltr'>alicui,</span> <span class='ocrx_word' id='word_1_124' title='bbox 726 2057 979 2112; x_wconf 88' lang='lat' dir='ltr'>variasse</span> <span class='ocrx_word' id='word_1_125' title='bbox 1000 2057 1372 2122; x_wconf 88' lang='lat' dir='ltr'>Clementem,</span> <span class='ocrx_word' id='word_1_126' title='bbox 1396 2061 1495 2112; x_wconf 92' lang='lat' dir='ltr'>aut</span> <span class='ocrx_word' id='word_1_127' title='bbox 1517 2075 1577 2112; x_wconf 90' lang='lat' dir='ltr'>se</span> <span class='ocrx_word' id='word_1_128' title='bbox 1599 2058 1667 2112; x_wconf 88' lang='lat' dir='ltr'>ad</span> <span class='ocrx_word' id='word_1_129' title='bbox 1694 2056 2012 2111; x_wconf 89' lang='lat' dir='ltr'>multorum</span> 
     </span>
    </p>
   </div>
   <div class='ocr_carea' id='block_1_22' title="bbox 374 2146 2009 2221">
    <p class='ocr_par' dir='ltr' id='par_1_22' title="bbox 374 2146 2009 2221">
     <span class='ocr_line' id='line_1_22' title="bbox 374 2146 2009 2221; baseline -0.002 -19"><span class='ocrx_word' id='word_1_130' title='bbox 374 2146 709 2221; x_wconf 87' lang='lat' dir='ltr'>opinionem</span> <span class='ocrx_word' id='word_1_131' title='bbox 741 2146 1233 2213; x_wconf 88' lang='lat' dir='ltr'>accommodasse,</span> <span class='ocrx_word' id='word_1_132' title='bbox 1267 2150 1392 2200; x_wconf 90' lang='lat' dir='ltr'>tum</span> <span class='ocrx_word' id='word_1_133' title='bbox 1412 2163 1544 2201; x_wconf 91' lang='lat' dir='ltr'>cum</span> <span class='ocrx_word' id='word_1_134' title='bbox 1575 2146 2009 2216; x_wconf 89' lang='lat' dir='ltr'>Scripturarum</span> 
     </span>
    </p>
   </div>
   <div class='ocr_carea' id='block_1_23' title="bbox 374 2234 2010 2307">
    <p class='ocr_par' dir='ltr' id='par_1_23' title="bbox 374 2234 2010 2307">
     <span class='ocr_line' id='line_1_23' title="bbox 374 2234 2010 2307; baseline -0.002 -16"><span class='ocrx_word' id='word_1_135' title='bbox 374 2236 568 2292; x_wconf 87' lang='lat' dir='ltr'>Canou</span> <span class='ocrx_word' id='word_1_136' title='bbox 600 2239 787 2291; x_wconf 90' lang='lat' dir='ltr'>certos</span> <span class='ocrx_word' id='word_1_137' title='bbox 816 2234 1031 2290; x_wconf 86' lang='lat' dir='ltr'>limites</span> <span class='ocrx_word' id='word_1_138' title='bbox 1056 2235 1316 2290; x_wconf 87' lang='lat' dir='ltr'>nondum</span> <span class='ocrx_word' id='word_1_139' title='bbox 1349 2240 1667 2307; x_wconf 90' lang='lat' dir='ltr'>acceperat.</span> <span class='ocrx_word' id='word_1_140' title='bbox 1692 2236 1750 2289; x_wconf 88' lang='lat' dir='ltr'>Si</span> <span class='ocrx_word' id='word_1_141' title='bbox 1774 2234 2010 2305; x_wconf 88' lang='lat' dir='ltr'>quidem</span> 
     </span>
    </p>
   </div>
   <div class='ocr_carea' id='block_1_24' title="bbox 370 2322 2007 2392">
    <p class='ocr_par' dir='ltr' id='par_1_24' title="bbox 370 2322 2007 2392">
     <span class='ocr_line' id='line_1_24' title="bbox 370 2322 2007 2392; baseline -0.003 -12"><span class='ocrx_word' id='word_1_142' title='bbox 370 2324 432 2380; x_wconf 88' lang='lat' dir='ltr'>in</span> <span class='ocrx_word' id='word_1_143' title='bbox 489 2324 654 2380; x_wconf 88' lang='lat' dir='ltr'>libris</span> <span class='ocrx_word' id='word_1_144' title='bbox 704 2324 1148 2392; x_wconf 80' lang='grc' dir='ltr'>Ὑποτυπώσεων,</span> <span class='ocrx_word' id='word_1_145' title='bbox 1211 2324 1489 2378; x_wconf 79' lang='lat' dir='ltr'>referente</span> <span class='ocrx_word' id='word_1_146' title='bbox 1560 2322 1806 2378; x_wconf 86' lang='lat' dir='ltr'>Eusebio</span> <span class='ocrx_word' id='word_1_147' title='bbox 1872 2324 2007 2376; x_wconf 80' lang='lat' dir='ltr'>Hist.</span> 
     </span>
    </p>
   </div>
   <div class='ocr_carea' id='block_1_25' title="bbox 370 2410 2005 2483">
    <p class='ocr_par' dir='ltr' id='par_1_25' title="bbox 370 2410 2005 2483">
     <span class='ocr_line' id='line_1_25' title="bbox 370 2410 2005 2483; baseline 0 -17"><span class='ocrx_word' id='word_1_148' title='bbox 370 2410 473 2468; x_wconf 93' lang='lat' dir='ltr'>lib.</span> <span class='ocrx_word' id='word_1_149' title='bbox 504 2430 583 2480; x_wconf 82' lang='lat' dir='ltr'>v1,</span> <span class='ocrx_word' id='word_1_150' title='bbox 613 2428 743 2483; x_wconf 87' lang='lat' dir='ltr'>cap.</span> <span class='ocrx_word' id='word_1_151' title='bbox 780 2413 864 2480; x_wconf 82' lang='grc'>14,</span> <span class='ocrx_word' id='word_1_152' title='bbox 898 2429 1014 2467; x_wconf 90' lang='lat' dir='ltr'>una</span> <span class='ocrx_word' id='word_1_153' title='bbox 1060 2428 1194 2466; x_wconf 91' lang='lat' dir='ltr'>cum</span> <span class='ocrx_word' id='word_1_154' title='bbox 1240 2411 1381 2465; x_wconf 90' lang='lat' dir='ltr'>Novi</span> <span class='ocrx_word' id='word_1_155' title='bbox 1429 2411 1787 2465; x_wconf 87' lang='lat' dir='ltr'>Testamenti</span> <span class='ocrx_word' id='word_1_156' title='bbox 1839 2410 2005 2466; x_wconf 89' lang='lat' dir='ltr'>libris</span> 
     </span>
    </p>
   </div>
   <div class='ocr_carea' id='block_1_26' title="bbox 373 2499 2007 2572">
    <p class='ocr_par' dir='ltr' id='par_1_26' title="bbox 373 2499 2007 2572">
     <span class='ocr_line' id='line_1_26' title="bbox 373 2499 2007 2572; baseline -0.001 -16"><span class='ocrx_word' id='word_1_157' title='bbox 373 2506 740 2557; x_wconf 89' lang='lat' dir='ltr'>enarraverat</span> <span class='ocrx_word' id='word_1_158' title='bbox 787 2499 1103 2572; x_wconf 86' lang='lat' dir='ltr'>Epistolam</span> <span class='ocrx_word' id='word_1_159' title='bbox 1156 2500 1473 2567; x_wconf 71' lang='lat' dir='ltr'>Barnabaz;</span> <span class='ocrx_word' id='word_1_160' title='bbox 1525 2516 1700 2568; x_wconf 90' lang='lat' dir='ltr'>quam</span> <span class='ocrx_word' id='word_1_161' title='bbox 1761 2500 2007 2554; x_wconf 88' lang='lat' dir='ltr'>fortasse</span> 
     </span>
    </p>
   </div>
   <div class='ocr_carea' id='block_1_27' title="bbox 373 2588 2006 2663">
    <p class='ocr_par' dir='ltr' id='par_1_27' title="bbox 373 2588 2006 2663">
     <span class='ocr_line' id='line_1_27' title="bbox 373 2588 2006 2663; baseline -0.002 -18"><span class='ocrx_word' id='word_1_162' title='bbox 373 2588 941 2663; x_wconf 87' lang='lat' dir='ltr'>pseudepigrapham</span> <span class='ocrx_word' id='word_1_163' title='bbox 970 2589 1227 2654; x_wconf 89' lang='lat' dir='ltr'>rebatur,</span> <span class='ocrx_word' id='word_1_164' title='bbox 1260 2588 1493 2659; x_wconf 90' lang='lat' dir='ltr'>quando</span> <span class='ocrx_word' id='word_1_165' title='bbox 1515 2589 1872 2643; x_wconf 82' lang='lat' dir='ltr'>confutabat.</span> <span class='ocrx_word' id='word_1_166' title='bbox 1896 2589 2006 2643; x_wconf 87' lang='lat' dir='ltr'>Sed</span> 
     </span>
    </p>
   </div>
   <div class='ocr_carea' id='block_1_28' title="bbox 373 2678 2006 2749">
    <p class='ocr_par' dir='ltr' id='par_1_28' title="bbox 373 2678 2006 2749">
     <span class='ocr_line' id='line_1_28' title="bbox 373 2678 2006 2749; baseline -0.001 -14"><span class='ocrx_word' id='word_1_167' title='bbox 373 2684 430 2735; x_wconf 90' lang='lat' dir='ltr'>et</span> <span class='ocrx_word' id='word_1_168' title='bbox 458 2679 861 2749; x_wconf 84' lang='lat' dir='ltr'>Hieronymus,</span> <span class='ocrx_word' id='word_1_169' title='bbox 895 2694 1073 2748; x_wconf 89' lang='lat' dir='ltr'>supra</span> <span class='ocrx_word' id='word_1_170' title='bbox 1103 2678 1313 2732; x_wconf 88' lang='lat' dir='ltr'>citatus</span> <span class='ocrx_word' id='word_1_171' title='bbox 1344 2679 1413 2731; x_wconf 92' lang='lat' dir='ltr'>de</span> <span class='ocrx_word' id='word_1_172' title='bbox 1439 2678 1669 2732; x_wconf 90' lang='lat' dir='ltr'>notione</span> <span class='ocrx_word' id='word_1_173' title='bbox 1690 2679 1847 2733; x_wconf 85' lang='lat' dir='ltr'>vocis</span> <span class='ocrx_word' id='word_1_174' title='bbox 1868 2680 2006 2745; x_wconf 88' lang='lat' dir='ltr'>Apo-</span> 
     </span>
    </p>
   </div>
   <div class='ocr_carea' id='block_1_29' title="bbox 372 2766 2007 2838">
    <p class='ocr_par' dir='ltr' id='par_1_29' title="bbox 372 2766 2007 2838">
     <span class='ocr_line' id='line_1_29' title="bbox 372 2766 2007 2838; baseline 0.001 -17"><span class='ocrx_word' id='word_1_175' title='bbox 372 2766 639 2838; x_wconf 86' lang='lat' dir='ltr'>cryphum</span> <span class='ocrx_word' id='word_1_176' title='bbox 668 2784 770 2837; x_wconf 85' lang='lat' dir='ltr'>pro</span> <span class='ocrx_word' id='word_1_177' title='bbox 804 2766 1119 2837; x_wconf 81' lang='lat' dir='ltr'>operelalsi</span> <span class='ocrx_word' id='word_1_178' title='bbox 1142 2767 1297 2821; x_wconf 87' lang='lat' dir='ltr'>tituli</span> <span class='ocrx_word' id='word_1_179' title='bbox 1320 2784 1332 2833; x_wconf 90' lang='lat'><strong>;</strong></span> <span class='ocrx_word' id='word_1_180' title='bbox 1358 2766 1624 2821; x_wconf 88' lang='lat' dir='ltr'>tamenin</span> <span class='ocrx_word' id='word_1_181' title='bbox 1650 2766 1791 2821; x_wconf 91' lang='lat' dir='ltr'>locis</span> <span class='ocrx_word' id='word_1_182' title='bbox 1810 2766 2007 2822; x_wconf 89' lang='lat' dir='ltr'>relatis</span> 
     </span>
    </p>
   </div>
   <div class='ocr_carea' id='block_1_30' title="bbox 373 2853 2007 2927">
    <p class='ocr_par' dir='ltr' id='par_1_30' title="bbox 373 2853 2007 2927">
     <span class='ocr_line' id='line_1_30' title="bbox 373 2853 2007 2927; baseline 0.001 -18"><span class='ocrx_word' id='word_1_183' title='bbox 373 2855 525 2909; x_wconf 89' lang='lat' dir='ltr'>inter</span> <span class='ocrx_word' id='word_1_184' title='bbox 554 2859 811 2910; x_wconf 86' lang='lat' dir='ltr'>veterum</span> <span class='ocrx_word' id='word_1_185' title='bbox 844 2853 1222 2919; x_wconf 90' lang='lat' dir='ltr'>Testimonia,</span> <span class='ocrx_word' id='word_1_186' title='bbox 1249 2854 1566 2926; x_wconf 86' lang='lat' dir='ltr'>Epistolam</span> <span class='ocrx_word' id='word_1_187' title='bbox 1592 2855 2007 2927; x_wconf 87' lang='lat' dir='ltr'>apocrypham,</span> 
     </span>
    </p>
   </div>
   <div class='ocr_carea' id='block_1_31' title="bbox 372 2942 2006 3015">
    <p class='ocr_par' dir='ltr' id='par_1_31' title="bbox 372 2942 2006 3015">
     <span class='ocr_line' id='line_1_31' title="bbox 372 2942 2006 3015; baseline 0 -16"><span class='ocrx_word' id='word_1_188' title='bbox 372 2960 485 2999; x_wconf 88' lang='lat' dir='ltr'>non</span> <span class='ocrx_word' id='word_1_189' title='bbox 540 2942 1100 3015; x_wconf 88' lang='lat' dir='ltr'>pseudepigrapham</span> <span class='ocrx_word' id='word_1_190' title='bbox 1152 2942 1292 2997; x_wconf 89' lang='lat' dir='ltr'>vult.</span> <span class='ocrx_word' id='word_1_191' title='bbox 1344 2943 1669 3006; x_wconf 84' lang='lat' dir='ltr'>Quinetiam</span> <span class='ocrx_word' id='word_1_192' title='bbox 1702 2961 1735 2998; x_wconf 90' lang='lat' dir='ltr'>a</span> <span class='ocrx_word' id='word_1_193' title='bbox 1779 2944 2006 3000; x_wconf 86' lang='lat' dir='ltr'>Gelasio</span> 
     </span>
    </p>
   </div>
   <div class='ocr_carea' id='block_1_32' title="bbox 372 3031 2005 3105">
    <p class='ocr_par' dir='ltr' id='par_1_32' title="bbox 372 3031 2005 3105">
     <span class='ocr_line' id='line_1_32' title="bbox 372 3031 2005 3105; baseline 0.001 -18"><span class='ocrx_word' id='word_1_194' title='bbox 372 3031 700 3105; x_wconf 83' lang='lat' dir='ltr'>apocrypha</span> <span class='ocrx_word' id='word_1_195' title='bbox 730 3048 843 3087; x_wconf 93' lang='lat' dir='ltr'>non</span> <span class='ocrx_word' id='word_1_196' title='bbox 877 3049 979 3104; x_wconf 92' lang='lat' dir='ltr'>pro</span> <span class='ocrx_word' id='word_1_197' title='bbox 1030 3032 1549 3104; x_wconf 88' lang='lat' dir='ltr'>pseudepigraphis</span> <span class='ocrx_word' id='word_1_198' title='bbox 1580 3033 1858 3088; x_wconf 82' lang='lat' dir='ltr'>duntaxat</span> <span class='ocrx_word' id='word_1_199' title='bbox 1902 3051 2005 3089; x_wconf 92' lang='lat' dir='ltr'>su-</span> 
     </span>
    </p>
   </div>
   <div class='ocr_carea' id='block_1_33' title="bbox 372 3121 2003 3193">
    <p class='ocr_par' dir='ltr' id='par_1_33' title="bbox 372 3121 2003 3193">
     <span class='ocr_line' id='line_1_33' title="bbox 372 3121 2003 3193; baseline 0.002 -18"><span class='ocrx_word' id='word_1_200' title='bbox 372 3125 633 3187; x_wconf 90' lang='lat' dir='ltr'>muntur,</span> <span class='ocrx_word' id='word_1_201' title='bbox 664 3121 753 3176; x_wconf 88' lang='lat' dir='ltr'>vel</span> <span class='ocrx_word' id='word_1_202' title='bbox 785 3137 1029 3193; x_wconf 89' lang='lat' dir='ltr'>quorum</span> <span class='ocrx_word' id='word_1_203' title='bbox 1070 3122 1271 3176; x_wconf 89' lang='lat' dir='ltr'>secreti</span> <span class='ocrx_word' id='word_1_204' title='bbox 1323 3127 1588 3176; x_wconf 91' lang='lat' dir='ltr'>auctores</span> <span class='ocrx_word' id='word_1_205' title='bbox 1632 3126 1805 3193; x_wconf 87' lang='lat' dir='ltr'>atque</span> <span class='ocrx_word' id='word_1_206' title='bbox 1842 3123 2003 3178; x_wconf 91' lang='lat' dir='ltr'>inco-</span> 
     </span>
    </p>
   </div>
   <div class='ocr_carea' id='block_1_34' title="bbox 369 3209 2001 3282">
    <p class='ocr_par' dir='ltr' id='par_1_34' title="bbox 369 3209 2001 3282">
     <span class='ocr_line' id='line_1_34' title="bbox 369 3209 2001 3282; baseline 0.002 -19"><span class='ocrx_word' id='word_1_207' title='bbox 369 3209 537 3282; x_wconf 88' lang='lat' dir='ltr'>gniti,</span> <span class='ocrx_word' id='word_1_208' title='bbox 566 3225 766 3264; x_wconf 88' lang='lat' dir='ltr'>verum</span> <span class='ocrx_word' id='word_1_209' title='bbox 796 3227 898 3281; x_wconf 90' lang='lat' dir='ltr'>pro</span> <span class='ocrx_word' id='word_1_210' title='bbox 921 3210 1192 3265; x_wconf 90' lang='lat' dir='ltr'>omnibus</span> <span class='ocrx_word' id='word_1_211' title='bbox 1215 3226 1340 3280; x_wconf 69' lang='lat' dir='ltr'>quae</span> <span class='ocrx_word' id='word_1_212' title='bbox 1363 3209 1500 3280; x_wconf 91' lang='lat' dir='ltr'>quia</span> <span class='ocrx_word' id='word_1_213' title='bbox 1524 3215 1721 3265; x_wconf 89' lang='lat' dir='ltr'>notam</span> <span class='ocrx_word' id='word_1_214' title='bbox 1744 3211 2001 3282; x_wconf 87' lang='lat' dir='ltr'>aliquam</span> 
     </span>
    </p>
   </div>
   <div class='ocr_carea' id='block_1_35' title="bbox 2126 636 3778 708">
    <p class='ocr_par' dir='ltr' id='par_1_35' title="bbox 2126 636 3778 708">
     <span class='ocr_line' id='line_1_35' title="bbox 2126 636 3778 708; baseline 0.002 -19"><span class='ocrx_word' id='word_1_215' title='bbox 2126 636 2619 708; x_wconf 86' lang='lat' dir='ltr'>subsequentibus</span> <span class='ocrx_word' id='word_1_216' title='bbox 2645 655 2657 705; x_wconf 91' lang='lat'><strong>;</strong></span> <span class='ocrx_word' id='word_1_217' title='bbox 2688 638 2772 692; x_wconf 90' lang='lat' dir='ltr'>ita</span> <span class='ocrx_word' id='word_1_218' title='bbox 2800 636 2949 691; x_wconf 88' lang='lat' dir='ltr'>male</span> <span class='ocrx_word' id='word_1_219' title='bbox 2982 652 3085 707; x_wconf 91' lang='lat' dir='ltr'>per</span> <span class='ocrx_word' id='word_1_220' title='bbox 3114 639 3438 694; x_wconf 91' lang='lat' dir='ltr'>secundum</span> <span class='ocrx_word' id='word_1_221' title='bbox 3462 637 3778 695; x_wconf 88' lang='lat' dir='ltr'>conclude-</span> 
     </span>
    </p>
   </div>
   <div class='ocr_carea' id='block_1_36' title="bbox 2127 725 3774 799">
    <p class='ocr_par' dir='ltr' id='par_1_36' title="bbox 2127 725 3774 799">
     <span class='ocr_line' id='line_1_36' title="bbox 2127 725 3774 799; baseline 0.002 -22"><span class='ocrx_word' id='word_1_222' title='bbox 2127 730 2284 780; x_wconf 90' lang='lat' dir='ltr'>retur</span> <span class='ocrx_word' id='word_1_223' title='bbox 2313 726 2535 781; x_wconf 89' lang='lat' dir='ltr'>natales</span> <span class='ocrx_word' id='word_1_224' title='bbox 2566 727 2827 797; x_wconf 88' lang='lat' dir='ltr'>ejusdem</span> <span class='ocrx_word' id='word_1_225' title='bbox 2858 725 3196 797; x_wconf 88' lang='lat' dir='ltr'>contigisse,</span> <span class='ocrx_word' id='word_1_226' title='bbox 3229 728 3428 784; x_wconf 88' lang='lat' dir='ltr'>statim</span> <span class='ocrx_word' id='word_1_227' title='bbox 3455 731 3774 799; x_wconf 84' lang='lat' dir='ltr'>antequam</span> 
     </span>
    </p>
   </div>
   <div class='ocr_carea' id='block_1_37' title="bbox 2126 812 3775 886">
    <p class='ocr_par' dir='ltr' id='par_1_37' title="bbox 2126 812 3775 886">
     <span class='ocr_line' id='line_1_37' title="bbox 2126 812 3775 886; baseline 0.002 -18"><span class='ocrx_word' id='word_1_228' title='bbox 2126 812 2389 869; x_wconf 85' lang='lat' dir='ltr'>Clemens</span> <span class='ocrx_word' id='word_1_229' title='bbox 2420 814 2602 869; x_wconf 89' lang='lat' dir='ltr'>libros</span> <span class='ocrx_word' id='word_1_230' title='bbox 2631 832 2770 870; x_wconf 91' lang='lat' dir='ltr'>suos</span> <span class='ocrx_word' id='word_1_231' title='bbox 2801 820 3191 886; x_wconf 84' lang='lat' dir='ltr'>componeret.</span> <span class='ocrx_word' id='word_1_232' title='bbox 3210 819 3297 872; x_wconf 92' lang='lat' dir='ltr'>An</span> <span class='ocrx_word' id='word_1_233' title='bbox 3327 817 3486 873; x_wconf 90' lang='lat' dir='ltr'>enim</span> <span class='ocrx_word' id='word_1_234' title='bbox 3530 832 3775 873; x_wconf 88' lang='lat' dir='ltr'>necesse</span> 
     </span>
    </p>
   </div>
   <div class='ocr_carea' id='block_1_38' title="bbox 2128 902 3774 977">
    <p class='ocr_par' dir='ltr' id='par_1_38' title="bbox 2128 902 3774 977">
     <span class='ocr_line' id='line_1_38' title="bbox 2128 902 3774 977; baseline 0.002 -22"><span class='ocrx_word' id='word_1_235' title='bbox 2128 902 2255 968; x_wconf 85' lang='lat' dir='ltr'>fuit,</span> <span class='ocrx_word' id='word_1_236' title='bbox 2289 908 2352 956; x_wconf 93' lang='lat' dir='ltr'>ut</span> <span class='ocrx_word' id='word_1_237' title='bbox 2379 903 2599 975; x_wconf 85' lang='lat' dir='ltr'>ingenii</span> <span class='ocrx_word' id='word_1_238' title='bbox 2632 908 3079 958; x_wconf 89' lang='lat' dir='ltr'>monumentum</span> <span class='ocrx_word' id='word_1_239' title='bbox 3119 905 3540 977; x_wconf 83' lang='lat' dir='ltr'>apocryphum,</span> <span class='ocrx_word' id='word_1_240' title='bbox 3590 904 3774 960; x_wconf 90' lang='lat' dir='ltr'>simul</span> 
     </span>
    </p>
   </div>
   <div class='ocr_carea' id='block_1_39' title="bbox 2127 992 3773 1064">
    <p class='ocr_par' dir='ltr' id='par_1_39' title="bbox 2127 992 3773 1064">
     <span class='ocr_line' id='line_1_39' title="bbox 2127 992 3773 1064; baseline 0.003 -19"><span class='ocrx_word' id='word_1_241' title='bbox 2127 1007 2192 1045; x_wconf 92' lang='lat' dir='ltr'>ac</span> <span class='ocrx_word' id='word_1_242' title='bbox 2221 1007 2250 1045; x_wconf 90' lang='lat' dir='ltr'>e</span> <span class='ocrx_word' id='word_1_243' title='bbox 2282 993 2552 1047; x_wconf 89' lang='lat' dir='ltr'>manibus</span> <span class='ocrx_word' id='word_1_244' title='bbox 2583 992 2883 1064; x_wconf 86' lang='lat' dir='ltr'>scriptoris</span> <span class='ocrx_word' id='word_1_245' title='bbox 2912 992 3148 1063; x_wconf 85' lang='lat' dir='ltr'>exierat,</span> <span class='ocrx_word' id='word_1_246' title='bbox 3182 992 3338 1049; x_wconf 90' lang='lat' dir='ltr'>illico</span> <span class='ocrx_word' id='word_1_247' title='bbox 3380 995 3452 1049; x_wconf 90' lang='lat' dir='ltr'>ad</span> <span class='ocrx_word' id='word_1_248' title='bbox 3502 1010 3773 1050; x_wconf 90' lang='lat' dir='ltr'>commu-</span> 
     </span>
    </p>
   </div>
   <div class='ocr_carea' id='block_1_40' title="bbox 2129 1080 3775 1151">
    <p class='ocr_par' dir='ltr' id='par_1_40' title="bbox 2129 1080 3775 1151">
     <span class='ocr_line' id='line_1_40' title="bbox 2129 1080 3775 1151; baseline 0.002 -19"><span class='ocrx_word' id='word_1_249' title='bbox 2129 1095 2260 1133; x_wconf 91' lang='lat' dir='ltr'>nem</span> <span class='ocrx_word' id='word_1_250' title='bbox 2276 1080 2541 1135; x_wconf 89' lang='lat' dir='ltr'>notitiam</span> <span class='ocrx_word' id='word_1_251' title='bbox 2566 1080 2903 1151; x_wconf 88' lang='lat' dir='ltr'>perveniret,</span> <span class='ocrx_word' id='word_1_252' title='bbox 2925 1085 3096 1151; x_wconf 88' lang='lat' dir='ltr'>atque</span> <span class='ocrx_word' id='word_1_253' title='bbox 3113 1097 3146 1136; x_wconf 91' lang='lat' dir='ltr'>a</span> <span class='ocrx_word' id='word_1_254' title='bbox 3169 1080 3438 1137; x_wconf 81' lang='lat' dir='ltr'>Patribus</span> <span class='ocrx_word' id='word_1_255' title='bbox 3452 1081 3775 1137; x_wconf 84' lang='lat' dir='ltr'>citaretur?</span> 
     </span>
    </p>
   </div>
   <div class='ocr_carea' id='block_1_41' title="bbox 2128 1169 3774 1241">
    <p class='ocr_par' dir='ltr' id='par_1_41' title="bbox 2128 1169 3774 1241">
     <span class='ocr_line' id='line_1_41' title="bbox 2128 1169 3774 1241; baseline 0.002 -20"><span class='ocrx_word' id='word_1_256' title='bbox 2128 1183 2194 1221; x_wconf 92' lang='lat' dir='ltr'>eo</span> <span class='ocrx_word' id='word_1_257' title='bbox 2225 1169 2543 1239; x_wconf 72' lang='lat' dir='ltr'>praesertim</span> <span class='ocrx_word' id='word_1_258' title='bbox 2577 1174 2855 1240; x_wconf 86' lang='lat' dir='ltr'>tempore,</span> <span class='ocrx_word' id='word_1_259' title='bbox 2886 1184 3000 1239; x_wconf 92' lang='lat' dir='ltr'>quo</span> <span class='ocrx_word' id='word_1_260' title='bbox 3031 1173 3088 1222; x_wconf 90' lang='lat' dir='ltr'>et</span> <span class='ocrx_word' id='word_1_261' title='bbox 3118 1169 3469 1237; x_wconf 88' lang='lat' dir='ltr'>scribebant,</span> <span class='ocrx_word' id='word_1_262' title='bbox 3495 1171 3687 1241; x_wconf 90' lang='lat' dir='ltr'>pauci,</span> <span class='ocrx_word' id='word_1_263' title='bbox 3711 1174 3774 1225; x_wconf 86' lang='lat' dir='ltr'>et:</span> 
     </span>
    </p>
   </div>
   <div class='ocr_carea' id='block_1_42' title="bbox 2130 1255 3777 1326">
    <p class='ocr_par' dir='ltr' id='par_1_42' title="bbox 2130 1255 3777 1326">
     <span class='ocr_line' id='line_1_42' title="bbox 2130 1255 3777 1326; baseline 0.002 -17"><span class='ocrx_word' id='word_1_264' title='bbox 2130 1256 2227 1326; x_wconf 90' lang='lat' dir='ltr'>qui</span> <span class='ocrx_word' id='word_1_265' title='bbox 2260 1274 2367 1311; x_wconf 87' lang='lat' dir='ltr'>sua</span> <span class='ocrx_word' id='word_1_266' title='bbox 2392 1255 2601 1312; x_wconf 89' lang='lat' dir='ltr'>litteris</span> <span class='ocrx_word' id='word_1_267' title='bbox 2632 1257 3093 1319; x_wconf 86' lang='lat' dir='ltr'>committebant,</span> <span class='ocrx_word' id='word_1_268' title='bbox 3117 1257 3272 1312; x_wconf 89' lang='lat' dir='ltr'>solos</span> <span class='ocrx_word' id='word_1_269' title='bbox 3294 1257 3412 1314; x_wconf 88' lang='lat' dir='ltr'>fere</span> <span class='ocrx_word' id='word_1_270' title='bbox 3433 1258 3491 1313; x_wconf 91' lang='lat' dir='ltr'>in</span> <span class='ocrx_word' id='word_1_271' title='bbox 3512 1258 3777 1313; x_wconf 89' lang='lat' dir='ltr'>testimo-</span> 
     </span>
    </p>
   </div>
   <div class='ocr_carea' id='block_1_43' title="bbox 2131 1344 3774 1403">
    <p class='ocr_par' dir='ltr' id='par_1_43' title="bbox 2131 1344 3774 1403">
     <span class='ocr_line' id='line_1_43' title="bbox 2131 1344 3774 1403; baseline 0.003 -6"><span class='ocrx_word' id='word_1_272' title='bbox 2131 1344 2291 1399; x_wconf 91' lang='lat' dir='ltr'>nium</span> <span class='ocrx_word' id='word_1_273' title='bbox 2324 1345 2681 1402; x_wconf 89' lang='lat' dir='ltr'>adhibebant</span> <span class='ocrx_word' id='word_1_274' title='bbox 2711 1362 2907 1402; x_wconf 90' lang='lat' dir='ltr'>sacros</span> <span class='ocrx_word' id='word_1_275' title='bbox 2937 1344 3117 1401; x_wconf 90' lang='lat' dir='ltr'>libros</span> <span class='ocrx_word' id='word_1_276' title='bbox 3144 1362 3157 1400; x_wconf 88' lang='lat'>:</span> <span class='ocrx_word' id='word_1_277' title='bbox 3182 1350 3247 1401; x_wconf 90' lang='lat' dir='ltr'>ut</span> <span class='ocrx_word' id='word_1_278' title='bbox 3276 1363 3392 1401; x_wconf 93' lang='lat' dir='ltr'>non</span> <span class='ocrx_word' id='word_1_279' title='bbox 3412 1363 3774 1403; x_wconf 90' lang='lat' dir='ltr'>commemo-</span> 
     </span>
    </p>
   </div>
   <div class='ocr_carea' id='block_1_44' title="bbox 2132 1434 3772 1491">
    <p class='ocr_par' dir='ltr' id='par_1_44' title="bbox 2132 1434 3772 1491">
     <span class='ocr_line' id='line_1_44' title="bbox 2132 1434 3772 1491; baseline 0.002 -4"><span class='ocrx_word' id='word_1_280' title='bbox 2132 1449 2251 1488; x_wconf 87' lang='lat' dir='ltr'>rem</span> <span class='ocrx_word' id='word_1_281' title='bbox 2296 1434 2797 1490; x_wconf 90' lang='lat' dir='ltr'>luctuosissimam</span> <span class='ocrx_word' id='word_1_282' title='bbox 2822 1434 3189 1490; x_wconf 89' lang='lat' dir='ltr'>voluminum</span> <span class='ocrx_word' id='word_1_283' title='bbox 3238 1434 3772 1491; x_wconf 87' lang='lat' dir='ltr'>ecclesiasticorum</span> 
     </span>
    </p>
   </div>
   <div class='ocr_carea' id='block_1_45' title="bbox 2130 1522 3774 1594">
    <p class='ocr_par' dir='ltr' id='par_1_45' title="bbox 2130 1522 3774 1594">
     <span class='ocr_line' id='line_1_45' title="bbox 2130 1522 3774 1594; baseline 0.002 -18"><span class='ocrx_word' id='word_1_284' title='bbox 2130 1522 2420 1594; x_wconf 88' lang='lat' dir='ltr'>prioribus</span> <span class='ocrx_word' id='word_1_285' title='bbox 2454 1523 2681 1579; x_wconf 69' lang='lat' dir='ltr'>szeculis</span> <span class='ocrx_word' id='word_1_286' title='bbox 2700 1527 3069 1579; x_wconf 84' lang='lat' dir='ltr'>exaratorum</span> <span class='ocrx_word' id='word_1_287' title='bbox 3083 1524 3401 1594; x_wconf 84' lang='lat' dir='ltr'>jacturam.</span> <span class='ocrx_word' id='word_1_288' title='bbox 3424 1522 3623 1594; x_wconf 88' lang='lat' dir='ltr'>Itaque</span> <span class='ocrx_word' id='word_1_289' title='bbox 3647 1540 3774 1580; x_wconf 87' lang='lat' dir='ltr'>me-</span> 
     </span>
    </p>
   </div>
   <div class='ocr_carea' id='block_1_46' title="bbox 2130 1610 3774 1686">
    <p class='ocr_par' dir='ltr' id='par_1_46' title="bbox 2130 1610 3774 1686">
     <span class='ocr_line' id='line_1_46' title="bbox 2130 1610 3774 1686; baseline 0.002 -21"><span class='ocrx_word' id='word_1_290' title='bbox 2130 1611 2227 1666; x_wconf 90' lang='lat' dir='ltr'>dia</span> <span class='ocrx_word' id='word_1_291' title='bbox 2254 1610 2346 1665; x_wconf 90' lang='lat' dir='ltr'>via</span> <span class='ocrx_word' id='word_1_292' title='bbox 2374 1611 2757 1667; x_wconf 89' lang='lat' dir='ltr'>incedendum</span> <span class='ocrx_word' id='word_1_293' title='bbox 2789 1612 3052 1679; x_wconf 89' lang='lat' dir='ltr'>videtur;</span> <span class='ocrx_word' id='word_1_294' title='bbox 3093 1617 3152 1667; x_wconf 92' lang='lat' dir='ltr'>et</span> <span class='ocrx_word' id='word_1_295' title='bbox 3200 1613 3566 1668; x_wconf 85' lang='lat' dir='ltr'>referendum</span> <span class='ocrx_word' id='word_1_296' title='bbox 3616 1629 3774 1686; x_wconf 81' lang='lat' dir='ltr'>opus</span> 
     </span>
    </p>
   </div>
   <div class='ocr_carea' id='block_1_47' title="bbox 2131 1700 3776 1773">
    <p class='ocr_par' dir='ltr' id='par_1_47' title="bbox 2131 1700 3776 1773">
     <span class='ocr_line' id='line_1_47' title="bbox 2131 1700 3776 1773; baseline 0.002 -19"><span class='ocrx_word' id='word_1_297' title='bbox 2131 1700 2201 1754; x_wconf 92' lang='lat' dir='ltr'>ad</span> <span class='ocrx_word' id='word_1_298' title='bbox 2249 1705 2480 1771; x_wconf 91' lang='lat' dir='ltr'>tempus</span> <span class='ocrx_word' id='word_1_299' title='bbox 2527 1701 2682 1772; x_wconf 91' lang='lat' dir='ltr'>quod</span> <span class='ocrx_word' id='word_1_300' title='bbox 2729 1700 2882 1757; x_wconf 89' lang='lat' dir='ltr'>inter</span> <span class='ocrx_word' id='word_1_301' title='bbox 2924 1706 3240 1773; x_wconf 89' lang='lat' dir='ltr'>utrumque</span> <span class='ocrx_word' id='word_1_302' title='bbox 3288 1700 3631 1769; x_wconf 89' lang='lat' dir='ltr'>intercedit;</span> <span class='ocrx_word' id='word_1_303' title='bbox 3684 1701 3776 1757; x_wconf 77' lang='lat' dir='ltr'>ita</span> 
     </span>
    </p>
   </div>
   <div class='ocr_carea' id='block_1_48' title="bbox 2130 1789 3769 1861">
    <p class='ocr_par' dir='ltr' id='par_1_48' title="bbox 2130 1789 3769 1861">
     <span class='ocr_line' id='line_1_48' title="bbox 2130 1789 3769 1861; baseline 0.002 -19"><span class='ocrx_word' id='word_1_304' title='bbox 2130 1792 2325 1843; x_wconf 89' lang='lat' dir='ltr'>tamen</span> <span class='ocrx_word' id='word_1_305' title='bbox 2360 1794 2423 1843; x_wconf 91' lang='lat' dir='ltr'>ut</span> <span class='ocrx_word' id='word_1_306' title='bbox 2452 1789 2522 1843; x_wconf 90' lang='lat' dir='ltr'>ad</span> <span class='ocrx_word' id='word_1_307' title='bbox 2552 1789 2807 1861; x_wconf 90' lang='lat' dir='ltr'>primum</span> <span class='ocrx_word' id='word_1_308' title='bbox 2849 1789 3037 1861; x_wconf 84' lang='lat' dir='ltr'>magis</span> <span class='ocrx_word' id='word_1_309' title='bbox 3083 1790 3351 1846; x_wconf 86' lang='lat' dir='ltr'>accedat:</span> <span class='ocrx_word' id='word_1_310' title='bbox 3404 1806 3585 1861; x_wconf 89' lang='lat' dir='ltr'>quam</span> <span class='ocrx_word' id='word_1_311' title='bbox 3634 1806 3769 1846; x_wconf 85' lang='lat' dir='ltr'>rem</span> 
     </span>
    </p>
   </div>
   <div class='ocr_carea' id='block_1_49' title="bbox 2131 1876 3773 1951">
    <p class='ocr_par' dir='ltr' id='par_1_49' title="bbox 2131 1876 3773 1951">
     <span class='ocr_line' id='line_1_49' title="bbox 2131 1876 3773 1951; baseline 0.002 -21"><span class='ocrx_word' id='word_1_312' title='bbox 2131 1876 2431 1933; x_wconf 88' lang='lat' dir='ltr'>character</span> <span class='ocrx_word' id='word_1_313' title='bbox 2461 1877 2708 1945; x_wconf 86' lang='lat' dir='ltr'>dicendi,</span> <span class='ocrx_word' id='word_1_314' title='bbox 2742 1877 3119 1949; x_wconf 89' lang='lat' dir='ltr'>apostolicam</span> <span class='ocrx_word' id='word_1_315' title='bbox 3149 1879 3557 1951; x_wconf 87' lang='lat' dir='ltr'>antiquitatem</span> <span class='ocrx_word' id='word_1_316' title='bbox 3588 1880 3773 1936; x_wconf 88' lang='lat' dir='ltr'>redo-</span> 
     </span>
    </p>
   </div>
   <div class='ocr_carea' id='block_1_50' title="bbox 2123 1965 3033 2036">
    <p class='ocr_par' dir='ltr' id='par_1_50' title="bbox 2123 1965 3033 2036">
     <span class='ocr_line' id='line_1_50' title="bbox 2123 1965 3033 2036; baseline 0.002 -17"><span class='ocrx_word' id='word_1_317' title='bbox 2123 1965 2271 2031; x_wconf 88' lang='lat' dir='ltr'>lcns,</span> <span class='ocrx_word' id='word_1_318' title='bbox 2302 1983 2417 2020; x_wconf 90' lang='lat' dir='ltr'>non</span> <span class='ocrx_word' id='word_1_319' title='bbox 2449 1966 2694 2022; x_wconf 89' lang='lat' dir='ltr'>obscure</span> <span class='ocrx_word' id='word_1_320' title='bbox 2726 1967 3033 2036; x_wconf 81' lang='lat' dir='ltr'>signiﬁcat.</span> 
     </span>
    </p>
   </div>
   <div class='ocr_carea' id='block_1_51' title="bbox 2193 2055 3775 2123">
    <p class='ocr_par' dir='ltr' id='par_1_51' title="bbox 2193 2055 3775 2123">
     <span class='ocr_line' id='line_1_51' title="bbox 2193 2055 3775 2123; baseline 0.002 -14"><span class='ocrx_word' id='word_1_321' title='bbox 2193 2055 2797 2123; x_wconf 66' lang='lat' dir='ltr'>Quantaeauctoritatis.</span> <span class='ocrx_word' id='word_1_322' title='bbox 2820 2057 3113 2123; x_wconf 83' lang='lat' dir='ltr'>Quantum</span> <span class='ocrx_word' id='word_1_323' title='bbox 3138 2058 3209 2112; x_wconf 88' lang='lat' dir='ltr'>ad</span> <span class='ocrx_word' id='word_1_324' title='bbox 3242 2057 3558 2113; x_wconf 81' lang='lat' dir='ltr'>secundam</span> <span class='ocrx_word' id='word_1_325' title='bbox 3583 2057 3775 2113; x_wconf 82' lang='lat' dir='ltr'>inter-</span> 
     </span>
    </p>
   </div>
   <div class='ocr_carea' id='block_1_52' title="bbox 2122 2144 3774 2218">
    <p class='ocr_par' dir='ltr' id='par_1_52' title="bbox 2122 2144 3774 2218">
     <span class='ocr_line' id='line_1_52' title="bbox 2122 2144 3774 2218; baseline 0.002 -21"><span class='ocrx_word' id='word_1_326' title='bbox 2122 2144 2498 2213; x_wconf 82' lang='lat' dir='ltr'>rogationem,</span> <span class='ocrx_word' id='word_1_327' title='bbox 2532 2146 2601 2200; x_wconf 92' lang='lat' dir='ltr'>de</span> <span class='ocrx_word' id='word_1_328' title='bbox 2637 2145 2905 2216; x_wconf 63' lang='lat' dir='ltr'>praesenti</span> <span class='ocrx_word' id='word_1_329' title='bbox 2929 2150 3188 2218; x_wconf 89' lang='lat' dir='ltr'>tempore</span> <span class='ocrx_word' id='word_1_330' title='bbox 3214 2146 3377 2201; x_wconf 89' lang='lat' dir='ltr'>nulla</span> <span class='ocrx_word' id='word_1_331' title='bbox 3405 2147 3587 2202; x_wconf 89' lang='lat' dir='ltr'>oritur</span> <span class='ocrx_word' id='word_1_332' title='bbox 3610 2147 3774 2201; x_wconf 85' lang='lat' dir='ltr'>difﬁ-</span> 
     </span>
    </p>
   </div>
   <div class='ocr_carea' id='block_1_53' title="bbox 2120 2232 3770 2305">
    <p class='ocr_par' dir='ltr' id='par_1_53' title="bbox 2120 2232 3770 2305">
     <span class='ocr_line' id='line_1_53' title="bbox 2120 2232 3770 2305; baseline 0.003 -19"><span class='ocrx_word' id='word_1_333' title='bbox 2120 2232 2327 2288; x_wconf 88' lang='lat' dir='ltr'>cultas.</span> <span class='ocrx_word' id='word_1_334' title='bbox 2358 2233 2594 2288; x_wconf 87' lang='lat' dir='ltr'>Constat</span> <span class='ocrx_word' id='word_1_335' title='bbox 2626 2233 2777 2289; x_wconf 90' lang='lat' dir='ltr'>inter</span> <span class='ocrx_word' id='word_1_336' title='bbox 2816 2250 3037 2299; x_wconf 87' lang='lat' dir='ltr'>omnes,</span> <span class='ocrx_word' id='word_1_337' title='bbox 3071 2235 3390 2305; x_wconf 88' lang='lat' dir='ltr'>Epistolam</span> <span class='ocrx_word' id='word_1_338' title='bbox 3437 2236 3500 2290; x_wconf 89' lang='lat' dir='ltr'>in</span> <span class='ocrx_word' id='word_1_339' title='bbox 3528 2252 3770 2292; x_wconf 87' lang='lat' dir='ltr'>canone</span> 
     </span>
    </p>
   </div>
   <div class='ocr_carea' id='block_1_54' title="bbox 2120 2322 3768 2396">
    <p class='ocr_par' dir='ltr' id='par_1_54' title="bbox 2120 2322 3768 2396">
     <span class='ocr_line' id='line_1_54' title="bbox 2120 2322 3768 2396; baseline 0.004 -21"><span class='ocrx_word' id='word_1_340' title='bbox 2120 2322 2313 2376; x_wconf 92' lang='lat' dir='ltr'>locum</span> <span class='ocrx_word' id='word_1_341' title='bbox 2336 2339 2448 2377; x_wconf 90' lang='lat' dir='ltr'>non</span> <span class='ocrx_word' id='word_1_342' title='bbox 2467 2322 2818 2377; x_wconf 90' lang='lat' dir='ltr'>habere.Nec</span> <span class='ocrx_word' id='word_1_343' title='bbox 2832 2323 3025 2377; x_wconf 91' lang='lat' dir='ltr'>minus</span> <span class='ocrx_word' id='word_1_344' title='bbox 3040 2327 3303 2379; x_wconf 89' lang='lat' dir='ltr'>constare</span> <span class='ocrx_word' id='word_1_345' title='bbox 3319 2325 3768 2396; x_wconf 86' lang='lat' dir='ltr'>debet,dignarn</span> 
     </span>
    </p>
   </div>
   <div class='ocr_carea' id='block_1_55' title="bbox 2119 2412 3775 2483">
    <p class='ocr_par' dir='ltr' id='par_1_55' title="bbox 2119 2412 3775 2483">
     <span class='ocr_line' id='line_1_55' title="bbox 2119 2412 3775 2483; baseline 0.002 -18"><span class='ocrx_word' id='word_1_346' title='bbox 2119 2428 2247 2466; x_wconf 90' lang='lat' dir='ltr'>esse</span> <span class='ocrx_word' id='word_1_347' title='bbox 2262 2427 2469 2477; x_wconf 71' lang='lat' dir='ltr'>magna</span> <span class='ocrx_word' id='word_1_348' title='bbox 2483 2412 2869 2479; x_wconf 86' lang='lat' dir='ltr'>veneratione,</span> <span class='ocrx_word' id='word_1_349' title='bbox 2884 2428 3009 2483; x_wconf 71' lang='lat' dir='ltr'>qua:</span> <span class='ocrx_word' id='word_1_350' title='bbox 3026 2416 3253 2467; x_wconf 89' lang='lat' dir='ltr'>tantum</span> <span class='ocrx_word' id='word_1_351' title='bbox 3276 2414 3331 2468; x_wconf 92' lang='lat' dir='ltr'>fu</span> <span class='ocrx_word' id='word_1_352' title='bbox 3342 2414 3660 2469; x_wconf 72' lang='lat' dir='ltr'>erataetatis</span> <span class='ocrx_word' id='word_1_353' title='bbox 3675 2418 3775 2468; x_wconf 88' lang='lat' dir='ltr'>at-</span> 
     </span>
    </p>
   </div>
   <div class='ocr_carea' id='block_1_56' title="bbox 2119 2498 3772 2573">
    <p class='ocr_par' dir='ltr' id='par_1_56' title="bbox 2119 2498 3772 2573">
     <span class='ocr_line' id='line_1_56' title="bbox 2119 2498 3772 2573; baseline 0.002 -20"><span class='ocrx_word' id='word_1_354' title='bbox 2119 2516 2230 2570; x_wconf 91' lang='lat' dir='ltr'>que</span> <span class='ocrx_word' id='word_1_355' title='bbox 2242 2498 2773 2554; x_wconf 75' lang='lat' dir='ltr'>existimationisSi</span> <span class='ocrx_word' id='word_1_356' title='bbox 2791 2504 2985 2555; x_wconf 85' lang='lat' dir='ltr'>autem</span> <span class='ocrx_word' id='word_1_357' title='bbox 3002 2501 3440 2557; x_wconf 88' lang='lat' dir='ltr'>consideremus</span> <span class='ocrx_word' id='word_1_358' title='bbox 3456 2502 3772 2573; x_wconf 78' lang='lat' dir='ltr'>primasse-</span> 
     </span>
    </p>
   </div>
   <div class='ocr_carea' id='block_1_57' title="bbox 2118 2587 3769 2659">
    <p class='ocr_par' dir='ltr' id='par_1_57' title="bbox 2118 2587 3769 2659">
     <span class='ocr_line' id='line_1_57' title="bbox 2118 2587 3769 2659; baseline 0.001 -17"><span class='ocrx_word' id='word_1_359' title='bbox 2118 2587 2268 2654; x_wconf 89' lang='lat' dir='ltr'>cula,</span> <span class='ocrx_word' id='word_1_360' title='bbox 2302 2588 2535 2659; x_wconf 90' lang='lat' dir='ltr'>quando</span> <span class='ocrx_word' id='word_1_361' title='bbox 2567 2603 2787 2642; x_wconf 90' lang='lat' dir='ltr'>canone</span> <span class='ocrx_word' id='word_1_362' title='bbox 2817 2588 3041 2643; x_wconf 91' lang='lat' dir='ltr'>diverso</span> <span class='ocrx_word' id='word_1_363' title='bbox 3090 2590 3408 2644; x_wconf 86' lang='lat' dir='ltr'>utebantur</span> <span class='ocrx_word' id='word_1_364' title='bbox 3443 2588 3708 2646; x_wconf 63' lang='lat' dir='ltr'>Ecclesia</span> <span class='ocrx_word' id='word_1_365' title='bbox 3750 2616 3769 2656; x_wconf 75' lang='grc' dir='ltr'>ς</span> 
     </span>
    </p>
   </div>
   <div class='ocr_carea' id='block_1_58' title="bbox 2116 2675 3767 2734">
    <p class='ocr_par' dir='ltr' id='par_1_58' title="bbox 2116 2675 3767 2734">
     <span class='ocr_line' id='line_1_58' title="bbox 2116 2675 3767 2734; baseline 0.001 -4"><span class='ocrx_word' id='word_1_366' title='bbox 2116 2676 2274 2731; x_wconf 89' lang='lat' dir='ltr'>varia</span> <span class='ocrx_word' id='word_1_367' title='bbox 2295 2677 2351 2731; x_wconf 90' lang='lat' dir='ltr'>in</span> <span class='ocrx_word' id='word_1_368' title='bbox 2372 2676 2565 2731; x_wconf 90' lang='lat' dir='ltr'>studia</span> <span class='ocrx_word' id='word_1_369' title='bbox 2597 2676 2765 2731; x_wconf 86' lang='lat' dir='ltr'>scissi</span> <span class='ocrx_word' id='word_1_370' title='bbox 2797 2675 3032 2731; x_wconf 88' lang='lat' dir='ltr'>fuerunt</span> <span class='ocrx_word' id='word_1_371' title='bbox 3055 2676 3386 2733; x_wconf 90' lang='lat' dir='ltr'>Christiani.</span> <span class='ocrx_word' id='word_1_372' title='bbox 3413 2678 3475 2733; x_wconf 94' lang='lat' dir='ltr'>Id</span> <span class='ocrx_word' id='word_1_373' title='bbox 3495 2688 3555 2733; x_wconf 83' lang='lat' dir='ltr'>ut</span> <span class='ocrx_word' id='word_1_374' title='bbox 3575 2678 3717 2734; x_wconf 89' lang='lat' dir='ltr'>intel</span> <span class='ocrx_word' id='word_1_375' title='bbox 3733 2710 3767 2720; x_wconf 90' lang='lat'><strong>-</strong></span> 
     </span>
    </p>
   </div>
   <div class='ocr_carea' id='block_1_59' title="bbox 2116 2763 3767 2839">
    <p class='ocr_par' dir='ltr' id='par_1_59' title="bbox 2116 2763 3767 2839">
     <span class='ocr_line' id='line_1_59' title="bbox 2116 2763 3767 2839; baseline 0.004 -22"><span class='ocrx_word' id='word_1_376' title='bbox 2116 2763 2353 2836; x_wconf 90' lang='lat' dir='ltr'>ligatur,</span> <span class='ocrx_word' id='word_1_377' title='bbox 2394 2764 2698 2819; x_wconf 87' lang='lat' dir='ltr'>observare</span> <span class='ocrx_word' id='word_1_378' title='bbox 2729 2769 2957 2836; x_wconf 88' lang='lat' dir='ltr'>oportet</span> <span class='ocrx_word' id='word_1_379' title='bbox 2984 2766 3440 2838; x_wconf 90' lang='lat' dir='ltr'>Scripturarum,</span> <span class='ocrx_word' id='word_1_380' title='bbox 3476 2783 3600 2839; x_wconf 66' lang='lat' dir='ltr'>quas</span> <span class='ocrx_word' id='word_1_381' title='bbox 3652 2774 3767 2824; x_wconf 84' lang='lat' dir='ltr'>aut</span> 
     </span>
    </p>
   </div>
   <div class='ocr_carea' id='block_1_60' title="bbox 2116 2852 3767 2926">
    <p class='ocr_par' dir='ltr' id='par_1_60' title="bbox 2116 2852 3767 2926">
     <span class='ocr_line' id='line_1_60' title="bbox 2116 2852 3767 2926; baseline 0.003 -19"><span class='ocrx_word' id='word_1_382' title='bbox 2116 2870 2291 2908; x_wconf 67' lang='lat' dir='ltr'>sacrae</span> <span class='ocrx_word' id='word_1_383' title='bbox 2310 2858 2467 2921; x_wconf 92' lang='lat' dir='ltr'>sunt,</span> <span class='ocrx_word' id='word_1_384' title='bbox 2502 2857 2603 2908; x_wconf 90' lang='lat' dir='ltr'>aut</span> <span class='ocrx_word' id='word_1_385' title='bbox 2632 2852 2780 2909; x_wconf 89' lang='lat' dir='ltr'>tales</span> <span class='ocrx_word' id='word_1_386' title='bbox 2811 2858 2950 2909; x_wconf 89' lang='lat' dir='ltr'>sunt</span> <span class='ocrx_word' id='word_1_387' title='bbox 2980 2853 3192 2909; x_wconf 72' lang='lat' dir='ltr'>habitas</span> <span class='ocrx_word' id='word_1_388' title='bbox 3223 2872 3256 2911; x_wconf 93' lang='lat' dir='ltr'>a</span> <span class='ocrx_word' id='word_1_389' title='bbox 3282 2855 3603 2926; x_wconf 89' lang='lat' dir='ltr'>nonnullis,</span> <span class='ocrx_word' id='word_1_390' title='bbox 3637 2873 3767 2912; x_wconf 89' lang='lat' dir='ltr'>non</span> 
     </span>
    </p>
   </div>
   <div class='ocr_carea' id='block_1_61' title="bbox 2117 2942 3767 3013">
    <p class='ocr_par' dir='ltr' id='par_1_61' title="bbox 2117 2942 3767 3013">
     <span class='ocr_line' id='line_1_61' title="bbox 2117 2942 3767 3013; baseline 0.003 -18"><span class='ocrx_word' id='word_1_391' title='bbox 2117 2959 2291 2996; x_wconf 91' lang='lat' dir='ltr'>unam</span> <span class='ocrx_word' id='word_1_392' title='bbox 2326 2942 2478 3012; x_wconf 90' lang='lat' dir='ltr'>apud</span> <span class='ocrx_word' id='word_1_393' title='bbox 2510 2946 2744 2997; x_wconf 89' lang='lat' dir='ltr'>sanctos</span> <span class='ocrx_word' id='word_1_394' title='bbox 2774 2942 2973 2997; x_wconf 91' lang='lat' dir='ltr'>Patres</span> <span class='ocrx_word' id='word_1_395' title='bbox 2997 2943 3235 3013; x_wconf 89' lang='lat' dir='ltr'>reperiri</span> <span class='ocrx_word' id='word_1_396' title='bbox 3257 2944 3626 3000; x_wconf 88' lang='lat' dir='ltr'>divisionem.</span> <span class='ocrx_word' id='word_1_397' title='bbox 3662 2945 3767 3000; x_wconf 85' lang='lat' dir='ltr'>In-</span> 
     </span>
    </p>
   </div>
   <div class='ocr_carea' id='block_1_62' title="bbox 2114 3029 3761 3103">
    <p class='ocr_par' dir='ltr' id='par_1_62' title="bbox 2114 3029 3761 3103">
     <span class='ocr_line' id='line_1_62' title="bbox 2114 3029 3761 3103; baseline 0.002 -18"><span class='ocrx_word' id='word_1_398' title='bbox 2114 3031 2343 3085; x_wconf 92' lang='lat' dir='ltr'>terdum</span> <span class='ocrx_word' id='word_1_399' title='bbox 2375 3029 2586 3101; x_wconf 86' lang='lat' dir='ltr'>duplex</span> <span class='ocrx_word' id='word_1_400' title='bbox 2606 3029 2972 3085; x_wconf 91' lang='lat' dir='ltr'>solummodo</span> <span class='ocrx_word' id='word_1_401' title='bbox 2998 3032 3063 3084; x_wconf 83' lang='lat' dir='ltr'>fit</span> <span class='ocrx_word' id='word_1_402' title='bbox 3092 3031 3426 3103; x_wconf 84' lang='lat' dir='ltr'>Scriptura;</span> <span class='ocrx_word' id='word_1_403' title='bbox 3449 3035 3761 3103; x_wconf 85' lang='lat' dir='ltr'>canonica,</span> 
     </span>
    </p>
   </div>
   <div class='ocr_carea' id='block_1_63' title="bbox 2114 3118 3768 3193">
    <p class='ocr_par' dir='ltr' id='par_1_63' title="bbox 2114 3118 3768 3193">
     <span class='ocr_line' id='line_1_63' title="bbox 2114 3118 3768 3193; baseline 0.003 -20"><span class='ocrx_word' id='word_1_404' title='bbox 2114 3121 2281 3189; x_wconf 77' lang='lat' dir='ltr'>cujus</span> <span class='ocrx_word' id='word_1_405' title='bbox 2304 3120 2553 3174; x_wconf 86' lang='lat' dir='ltr'>dictator</span> <span class='ocrx_word' id='word_1_406' title='bbox 2576 3118 2825 3189; x_wconf 89' lang='lat' dir='ltr'>Spiritus</span> <span class='ocrx_word' id='word_1_407' title='bbox 2846 3126 3106 3187; x_wconf 88' lang='lat' dir='ltr'>sanctus,</span> <span class='ocrx_word' id='word_1_408' title='bbox 3130 3124 3186 3174; x_wconf 91' lang='lat' dir='ltr'>et</span> <span class='ocrx_word' id='word_1_409' title='bbox 3208 3121 3559 3193; x_wconf 81' lang='lat' dir='ltr'>apocrypha,</span> <span class='ocrx_word' id='word_1_410' title='bbox 3580 3123 3768 3191; x_wconf 81' lang='lat' dir='ltr'>cuius</span> 
     </span>
    </p>
   </div>
   <div class='ocr_carea' id='block_1_64' title="bbox 2113 3207 3764 3281">
    <p class='ocr_par' dir='ltr' id='par_1_64' title="bbox 2113 3207 3764 3281">
     <span class='ocr_line' id='line_1_64' title="bbox 2113 3207 3764 3281; baseline 0.002 -18"><span class='ocrx_word' id='word_1_411' title='bbox 2113 3214 2312 3263; x_wconf 89' lang='lat' dir='ltr'>auctor</span> <span class='ocrx_word' id='word_1_412' title='bbox 2333 3208 2505 3263; x_wconf 91' lang='lat' dir='ltr'>homo</span> <span class='ocrx_word' id='word_1_413' title='bbox 2527 3207 2709 3263; x_wconf 90' lang='lat' dir='ltr'>solus.</span> <span class='ocrx_word' id='word_1_414' title='bbox 2734 3212 2820 3262; x_wconf 91' lang='lat' dir='ltr'>Ita</span> <span class='ocrx_word' id='word_1_415' title='bbox 2840 3208 3295 3281; x_wconf 88' lang='lat' dir='ltr'>Hieronymusin</span> <span class='ocrx_word' id='word_1_416' title='bbox 3316 3210 3545 3278; x_wconf 85' lang='lat' dir='ltr'>Prologo</span> <span class='ocrx_word' id='word_1_417' title='bbox 3564 3212 3764 3281; x_wconf 82' lang='lat' dir='ltr'>galea-</span> 
     </span>
    </p>
   </div>
   <div class='ocr_carea' id='block_1_65' title="bbox 369 3281 3765 3371">
    <p class='ocr_par' dir='ltr' id='par_1_65' title="bbox 369 3281 3765 3371">
     <span class='ocr_line' id='line_1_65' title="bbox 369 3281 3765 3371; baseline 0 -18"><span class='ocrx_word' id='word_1_418' title='bbox 369 3281 577 3354; x_wconf 88' lang='lat' dir='ltr'>mereri</span> <span class='ocrx_word' id='word_1_419' title='bbox 607 3298 898 3366; x_wconf 88' lang='lat' dir='ltr'>videntur,</span> <span class='ocrx_word' id='word_1_420' title='bbox 940 3299 1057 3354; x_wconf 92' lang='lat' dir='ltr'>sive</span> <span class='ocrx_word' id='word_1_421' title='bbox 1106 3298 1548 3370; x_wconf 89' lang='lat' dir='ltr'>suppositionis,</span> <span class='ocrx_word' id='word_1_422' title='bbox 1602 3300 1720 3355; x_wconf 90' lang='lat' dir='ltr'>sive</span> <span class='ocrx_word' id='word_1_423' title='bbox 1767 3281 2000 3367; x_wconf 88' lang='lat' dir='ltr'>erroris,</span> <span class='ocrx_word' id='word_1_424' title='bbox 2033 3281 2075 3347; x_wconf 60' lang='grc' dir='ltr'>(ἶ</span> <span class='ocrx_word' id='word_1_425' title='bbox 2117 3307 2189 3363; x_wconf 84' lang='grc' dir='ltr'>ιο,</span> <span class='ocrx_word' id='word_1_426' title='bbox 2223 3297 2609 3369; x_wconf 86' lang='lat' dir='ltr'>Augustinus,</span> <span class='ocrx_word' id='word_1_427' title='bbox 2644 3296 2682 3350; x_wconf 89' lang='grc' dir='ltr'>Ι.</span> <span class='ocrx_word' id='word_1_428' title='bbox 2716 3313 2755 3351; x_wconf 83' lang='lat'>11</span> <span class='ocrx_word' id='word_1_429' title='bbox 2782 3300 2862 3352; x_wconf 87' lang='lat' dir='ltr'>De</span> <span class='ocrx_word' id='word_1_430' title='bbox 2892 3296 3150 3352; x_wconf 75' lang='lat' dir='ltr'>doctrina</span> <span class='ocrx_word' id='word_1_431' title='bbox 3179 3298 3514 3364; x_wconf 74' lang='lat' dir='ltr'>Christiana,</span> <span class='ocrx_word' id='word_1_432' title='bbox 3544 3315 3673 3371; x_wconf 89' lang='lat' dir='ltr'>cap.</span> <span class='ocrx_word' id='word_1_433' title='bbox 3697 3302 3765 3369; x_wconf 86' lang='lat'>8,</span> 
     </span>
    </p>
   </div>
   <div class='ocr_carea' id='block_1_66' title="bbox 369 3386 2006 3461">
    <p class='ocr_par' dir='ltr' id='par_1_66' title="bbox 369 3386 2006 3461">
     <span class='ocr_line' id='line_1_66' title="bbox 369 3386 2006 3461; baseline 0.002 -20"><span class='ocrx_word' id='word_1_434' title='bbox 369 3386 489 3442; x_wconf 90' lang='lat' dir='ltr'>sive</span> <span class='ocrx_word' id='word_1_435' title='bbox 547 3386 887 3459; x_wconf 88' lang='lat' dir='ltr'>impietatis,</span> <span class='ocrx_word' id='word_1_436' title='bbox 942 3388 1217 3442; x_wconf 90' lang='lat' dir='ltr'>abscondi</span> <span class='ocrx_word' id='word_1_437' title='bbox 1264 3388 1476 3442; x_wconf 91' lang='lat' dir='ltr'>debent</span> <span class='ocrx_word' id='word_1_438' title='bbox 1531 3392 1703 3460; x_wconf 89' lang='lat' dir='ltr'>atque</span> <span class='ocrx_word' id='word_1_439' title='bbox 1750 3388 2006 3461; x_wconf 86' lang='lat' dir='ltr'>ignorari</span> 
     </span>
    </p>
   </div>
   <div class='ocr_carea' id='block_1_67' title="bbox 370 3472 2009 3552">
    <p class='ocr_par' dir='ltr' id='par_1_67' title="bbox 370 3472 2009 3552">
     <span class='ocr_line' id='line_1_67' title="bbox 370 3472 2009 3552; baseline 0.004 -24"><span class='ocrx_word' id='word_1_440' title='bbox 370 3474 709 3552; x_wconf 81' lang='grc' dir='ltr'>(ἀποκρυφῆς</span> <span class='ocrx_word' id='word_1_441' title='bbox 745 3472 953 3547; x_wconf 80' lang='grc' dir='ltr'>μᾶλλον</span> <span class='ocrx_word' id='word_1_442' title='bbox 1055 3474 1407 3549; x_wconf 82' lang='grc' dir='ltr'>ἀναγνώσεως</span> <span class='ocrx_word' id='word_1_443' title='bbox 1453 3474 1589 3547; x_wconf 78' lang='grc' dir='ltr'>ἄξια,</span> <span class='ocrx_word' id='word_1_444' title='bbox 1622 3478 1761 3533; x_wconf 83' lang='lat' dir='ltr'>dicit</span> <span class='ocrx_word' id='word_1_445' title='bbox 1810 3484 2009 3534; x_wconf 84' lang='lat' dir='ltr'>auctor</span> 
     </span>
    </p>
   </div>
   <div class='ocr_carea' id='block_1_68' title="bbox 374 3564 2003 3639">
    <p class='ocr_par' dir='ltr' id='par_1_68' title="bbox 374 3564 2003 3639">
     <span class='ocr_line' id='line_1_68' title="bbox 374 3564 2003 3639; baseline 0.002 -19"><span class='ocrx_word' id='word_1_446' title='bbox 374 3564 672 3639; x_wconf 77' lang='lat' dir='ltr'>Synopseos</span> <span class='ocrx_word' id='word_1_447' title='bbox 715 3581 891 3622; x_wconf 68' lang='lat' dir='ltr'>sacra:</span> <span class='ocrx_word' id='word_1_448' title='bbox 937 3566 1236 3637; x_wconf 53' lang='lat' dir='ltr'>Scriptura</span> <span class='ocrx_word' id='word_1_449' title='bbox 1285 3566 1541 3621; x_wconf 89' lang='lat' dir='ltr'>creditus</span> <span class='ocrx_word' id='word_1_450' title='bbox 1606 3567 2003 3636; x_wconf 89' lang='lat' dir='ltr'>Athanasius),</span> 
     </span>
    </p>
   </div>
   <div class='ocr_carea' id='block_1_69' title="bbox 376 3654 2002 3727">
    <p class='ocr_par' dir='ltr' id='par_1_69' title="bbox 376 3654 2002 3727">
     <span class='ocr_line' id='line_1_69' title="bbox 376 3654 2002 3727; baseline 0.001 -17"><span class='ocrx_word' id='word_1_451' title='bbox 376 3670 481 3711; x_wconf 90' lang='lat' dir='ltr'>nec</span> <span class='ocrx_word' id='word_1_452' title='bbox 508 3654 567 3709; x_wconf 89' lang='lat' dir='ltr'>in</span> <span class='ocrx_word' id='word_1_453' title='bbox 598 3654 831 3727; x_wconf 88' lang='lat' dir='ltr'>publica</span> <span class='ocrx_word' id='word_1_454' title='bbox 857 3656 1074 3711; x_wconf 91' lang='lat' dir='ltr'>versari</span> <span class='ocrx_word' id='word_1_455' title='bbox 1105 3654 1329 3720; x_wconf 89' lang='lat' dir='ltr'>notitia,</span> <span class='ocrx_word' id='word_1_456' title='bbox 1362 3656 1515 3709; x_wconf 91' lang='lat' dir='ltr'>sicut</span> <span class='ocrx_word' id='word_1_457' title='bbox 1564 3656 1695 3710; x_wconf 90' lang='lat' dir='ltr'>libri</span> <span class='ocrx_word' id='word_1_458' title='bbox 1744 3658 2002 3713; x_wconf 82' lang='lat' dir='ltr'>canonici</span> 
     </span>
    </p>
   </div>
   <div class='ocr_carea' id='block_1_70' title="bbox 373 3744 2004 3817">
    <p class='ocr_par' dir='ltr' id='par_1_70' title="bbox 373 3744 2004 3817">
     <span class='ocr_line' id='line_1_70' title="bbox 373 3744 2004 3817; baseline 0.003 -19"><span class='ocrx_word' id='word_1_459' title='bbox 373 3744 823 3816; x_wconf 88' lang='lat' dir='ltr'>Scripturarum,</span> <span class='ocrx_word' id='word_1_460' title='bbox 865 3744 983 3799; x_wconf 89' lang='lat' dir='ltr'>etii</span> <span class='ocrx_word' id='word_1_461' title='bbox 1014 3744 1387 3801; x_wconf 87' lang='lat' dir='ltr'>ecclesiastici</span> <span class='ocrx_word' id='word_1_462' title='bbox 1429 3744 1685 3814; x_wconf 88' lang='lat' dir='ltr'>Patrum,</span> <span class='ocrx_word' id='word_1_463' title='bbox 1718 3746 1818 3817; x_wconf 91' lang='lat' dir='ltr'>qui</span> <span class='ocrx_word' id='word_1_464' title='bbox 1858 3748 2004 3803; x_wconf 85' lang='lat' dir='ltr'>inof-</span> 
     </span>
    </p>
   </div>
   <div class='ocr_carea' id='block_1_71' title="bbox 368 3832 2004 3907">
    <p class='ocr_par' dir='ltr' id='par_1_71' title="bbox 368 3832 2004 3907">
     <span class='ocr_line' id='line_1_71' title="bbox 368 3832 2004 3907; baseline 0.002 -20"><span class='ocrx_word' id='word_1_465' title='bbox 368 3832 531 3887; x_wconf 82' lang='lat' dir='ltr'>fenso</span> <span class='ocrx_word' id='word_1_466' title='bbox 564 3832 708 3903; x_wconf 90' lang='lat' dir='ltr'>pede</span> <span class='ocrx_word' id='word_1_467' title='bbox 736 3832 965 3888; x_wconf 90' lang='lat' dir='ltr'>decurri</span> <span class='ocrx_word' id='word_1_468' title='bbox 998 3840 1237 3904; x_wconf 88' lang='lat' dir='ltr'>queunt.</span> <span class='ocrx_word' id='word_1_469' title='bbox 1264 3835 1450 3896; x_wconf 90' lang='lat' dir='ltr'>Quare</span> <span class='ocrx_word' id='word_1_470' title='bbox 1482 3834 1632 3887; x_wconf 89' lang='lat' dir='ltr'>inter</span> <span class='ocrx_word' id='word_1_471' title='bbox 1676 3837 2004 3907; x_wconf 87' lang='lat' dir='ltr'>apocrypha</span> 
     </span>
    </p>
   </div>
   <div class='ocr_carea' id='block_1_72' title="bbox 364 3919 1999 3992">
    <p class='ocr_par' dir='ltr' id='par_1_72' title="bbox 364 3919 1999 3992">
     <span class='ocr_line' id='line_1_72' title="bbox 364 3919 1999 3992; baseline 0.002 -18"><span class='ocrx_word' id='word_1_472' title='bbox 364 3924 625 3975; x_wconf 89' lang='lat' dir='ltr'>recenset</span> <span class='ocrx_word' id='word_1_473' title='bbox 653 3919 967 3975; x_wconf 88' lang='lat' dir='ltr'>Clementis</span> <span class='ocrx_word' id='word_1_474' title='bbox 996 3921 1367 3975; x_wconf 78' lang='lat' dir='ltr'>Alexandrini</span> <span class='ocrx_word' id='word_1_475' title='bbox 1415 3920 1717 3992; x_wconf 89' lang='lat' dir='ltr'>opuscula,</span> <span class='ocrx_word' id='word_1_476' title='bbox 1771 3923 1999 3977; x_wconf 89' lang='lat' dir='ltr'>Tertul-</span> 
     </span>
    </p>
   </div>
   <div class='ocr_carea' id='block_1_73' title="bbox 362 4007 1996 4078">
    <p class='ocr_par' dir='ltr' id='par_1_73' title="bbox 362 4007 1996 4078">
     <span class='ocr_line' id='line_1_73' title="bbox 362 4007 1996 4078; baseline 0.004 -18"><span class='ocrx_word' id='word_1_477' title='bbox 362 4007 526 4078; x_wconf 90' lang='lat' dir='ltr'>liani,</span> <span class='ocrx_word' id='word_1_478' title='bbox 558 4008 847 4078; x_wconf 82' lang='lat' dir='ltr'>Cypriani,</span> <span class='ocrx_word' id='word_1_479' title='bbox 890 4009 1151 4074; x_wconf 86' lang='lat' dir='ltr'>Arnobii,</span> <span class='ocrx_word' id='word_1_480' title='bbox 1205 4010 1504 4078; x_wconf 86' lang='lat' dir='ltr'>Lactantii,</span> <span class='ocrx_word' id='word_1_481' title='bbox 1557 4010 1809 4075; x_wconf 87' lang='lat' dir='ltr'>Eusebii,</span> <span class='ocrx_word' id='word_1_482' title='bbox 1857 4011 1996 4067; x_wconf 88' lang='lat' dir='ltr'>alio-</span> 
     </span>
    </p>
   </div>
   <div class='ocr_carea' id='block_1_74' title="bbox 360 4096 1107 4166">
    <p class='ocr_par' dir='ltr' id='par_1_74' title="bbox 360 4096 1107 4166">
     <span class='ocr_line' id='line_1_74' title="bbox 360 4096 1107 4166; baseline -0.001 -16"><span class='ocrx_word' id='word_1_483' title='bbox 360 4112 514 4165; x_wconf 89' lang='lat' dir='ltr'>rum,</span> <span class='ocrx_word' id='word_1_484' title='bbox 548 4097 816 4166; x_wconf 87' lang='lat' dir='ltr'>quamvis</span> <span class='ocrx_word' id='word_1_485' title='bbox 848 4096 1107 4151; x_wconf 87' lang='lat' dir='ltr'>indubia.</span> 
     </span>
    </p>
   </div>
   <div class='ocr_carea' id='block_1_75' title="bbox 432 4184 1992 4255">
    <p class='ocr_par' dir='ltr' id='par_1_75' title="bbox 432 4184 1992 4255">
     <span class='ocr_line' id='line_1_75' title="bbox 432 4184 1992 4255; baseline 0.004 -17"><span class='ocrx_word' id='word_1_486' title='bbox 432 4184 511 4239; x_wconf 81' lang='lat' dir='ltr'><strong>Ex</strong></span> <span class='ocrx_word' id='word_1_487' title='bbox 548 4184 764 4255; x_wconf 89' lang='lat' dir='ltr'>quibus</span> <span class='ocrx_word' id='word_1_488' title='bbox 814 4185 1087 4239; x_wconf 91' lang='lat' dir='ltr'>omnibus</span> <span class='ocrx_word' id='word_1_489' title='bbox 1136 4185 1461 4252; x_wconf 81' lang='lat' dir='ltr'>conficitur,</span> <span class='ocrx_word' id='word_1_490' title='bbox 1514 4204 1627 4240; x_wconf 91' lang='lat' dir='ltr'>non</span> <span class='ocrx_word' id='word_1_491' title='bbox 1678 4189 1992 4245; x_wconf 88' lang='lat' dir='ltr'>admodum</span> 
     </span>
    </p>
   </div>
   <div class='ocr_carea' id='block_1_76' title="bbox 356 4271 1993 4344">
    <p class='ocr_par' dir='ltr' id='par_1_76' title="bbox 356 4271 1993 4344">
     <span class='ocr_line' id='line_1_76' title="bbox 356 4271 1993 4344; baseline 0.005 -19"><span class='ocrx_word' id='word_1_492' title='bbox 356 4271 575 4327; x_wconf 89' lang='lat' dir='ltr'>clarere</span> <span class='ocrx_word' id='word_1_493' title='bbox 608 4278 805 4327; x_wconf 88' lang='lat' dir='ltr'>utrum</span> <span class='ocrx_word' id='word_1_494' title='bbox 840 4278 1181 4344; x_wconf 65' lang='lat' dir='ltr'>praesentem</span> <span class='ocrx_word' id='word_1_495' title='bbox 1206 4273 1520 4344; x_wconf 77' lang='lat' dir='ltr'>Epistolam</span> <span class='ocrx_word' id='word_1_496' title='bbox 1544 4276 1877 4343; x_wconf 86' lang='lat' dir='ltr'>adjudicare</span> <span class='ocrx_word' id='word_1_497' title='bbox 1900 4279 1993 4333; x_wconf 89' lang='lat' dir='ltr'>de-</span> 
     </span>
    </p>
   </div>
   <div class='ocr_carea' id='block_1_77' title="bbox 353 4360 1987 4436">
    <p class='ocr_par' dir='ltr' id='par_1_77' title="bbox 353 4360 1987 4436">
     <span class='ocr_line' id='line_1_77' title="bbox 353 4360 1987 4436; baseline 0.004 -21"><span class='ocrx_word' id='word_1_498' title='bbox 353 4360 599 4416; x_wconf 90' lang='lat' dir='ltr'>beamus</span> <span class='ocrx_word' id='word_1_499' title='bbox 628 4363 903 4416; x_wconf 67' lang='lat' dir='ltr'>Barnabae</span> <span class='ocrx_word' id='word_1_500' title='bbox 935 4361 1214 4433; x_wconf 87' lang='lat' dir='ltr'>apostolo,</span> <span class='ocrx_word' id='word_1_501' title='bbox 1235 4379 1306 4415; x_wconf 88' lang='lat' dir='ltr'>an</span> <span class='ocrx_word' id='word_1_502' title='bbox 1331 4361 1494 4417; x_wconf 88' lang='lat' dir='ltr'>alteri</span> <span class='ocrx_word' id='word_1_503' title='bbox 1518 4363 1735 4417; x_wconf 88' lang='lat' dir='ltr'>homini</span> <span class='ocrx_word' id='word_1_504' title='bbox 1758 4372 1987 4436; x_wconf 85' lang='lat' dir='ltr'>aposto-</span> 
     </span>
    </p>
   </div>
   <div class='ocr_carea' id='block_1_78' title="bbox 351 4448 1988 4524">
    <p class='ocr_par' dir='ltr' id='par_1_78' title="bbox 351 4448 1988 4524">
     <span class='ocr_line' id='line_1_78' title="bbox 351 4448 1988 4524; baseline 0.005 -22"><span class='ocrx_word' id='word_1_505' title='bbox 351 4448 482 4516; x_wconf 89' lang='lat' dir='ltr'>lico,</span> <span class='ocrx_word' id='word_1_506' title='bbox 521 4450 620 4522; x_wconf 90' lang='lat' dir='ltr'>qui</span> <span class='ocrx_word' id='word_1_507' title='bbox 672 4455 775 4506; x_wconf 90' lang='lat' dir='ltr'>aut</span> <span class='ocrx_word' id='word_1_508' title='bbox 821 4450 1095 4506; x_wconf 69' lang='lat' dir='ltr'>Barnabas</span> <span class='ocrx_word' id='word_1_509' title='bbox 1155 4468 1365 4505; x_wconf 89' lang='lat' dir='ltr'>nomen</span> <span class='ocrx_word' id='word_1_510' title='bbox 1426 4455 1830 4524; x_wconf 85' lang='lat' dir='ltr'>assumpserit,</span> <span class='ocrx_word' id='word_1_511' title='bbox 1886 4462 1988 4512; x_wconf 88' lang='lat' dir='ltr'>aut</span> 
     </span>
    </p>
   </div>
   <div class='ocr_carea' id='block_1_79' title="bbox 350 4536 1984 4612">
    <p class='ocr_par' dir='ltr' id='par_1_79' title="bbox 350 4536 1984 4612">
     <span class='ocr_line' id='line_1_79' title="bbox 350 4536 1984 4612; baseline 0.004 -20"><span class='ocrx_word' id='word_1_512' title='bbox 350 4536 624 4593; x_wconf 70' lang='lat' dir='ltr'>Barnabas</span> <span class='ocrx_word' id='word_1_513' title='bbox 646 4540 821 4594; x_wconf 73' lang='lat' dir='ltr'>fuerit</span> <span class='ocrx_word' id='word_1_514' title='bbox 851 4539 1233 4611; x_wconf 86' lang='lat' dir='ltr'>cognominis,</span> <span class='ocrx_word' id='word_1_515' title='bbox 1268 4546 1440 4610; x_wconf 88' lang='lat' dir='ltr'>prout</span> <span class='ocrx_word' id='word_1_516' title='bbox 1471 4558 1503 4594; x_wconf 93' lang='lat' dir='ltr'>a</span> <span class='ocrx_word' id='word_1_517' title='bbox 1536 4541 1741 4612; x_wconf 91' lang='lat' dir='ltr'>primis</span> <span class='ocrx_word' id='word_1_518' title='bbox 1790 4544 1984 4599; x_wconf 89' lang='lat' dir='ltr'>Chris-</span> 
     </span>
    </p>
   </div>
   <div class='ocr_carea' id='block_1_80' title="bbox 346 4627 2309 4707">
    <p class='ocr_par' dir='ltr' id='par_1_80' title="bbox 346 4627 2309 4707">
     <span class='ocr_line' id='line_1_80' title="bbox 346 4627 2309 4707; baseline 0.001 -26"><span class='ocrx_word' id='word_1_519' title='bbox 346 4627 557 4683; x_wconf 89' lang='lat' dir='ltr'>stianis</span> <span class='ocrx_word' id='word_1_520' title='bbox 589 4628 825 4683; x_wconf 88' lang='lat' dir='ltr'>nomina</span> <span class='ocrx_word' id='word_1_521' title='bbox 858 4628 1252 4699; x_wconf 90' lang='lat' dir='ltr'>apostolorum</span> <span class='ocrx_word' id='word_1_522' title='bbox 1285 4628 1549 4683; x_wconf 75' lang='lat' dir='ltr'>affectata</span> <span class='ocrx_word' id='word_1_523' title='bbox 1580 4630 1760 4685; x_wconf 88' lang='lat' dir='ltr'>fuisse</span> <span class='ocrx_word' id='word_1_524' title='bbox 1821 4633 1988 4685; x_wconf 88' lang='lat' dir='ltr'>docet</span> <span class='ocrx_word' id='word_1_525' title='bbox 2019 4645 2063 4707; x_wconf 70' lang='grc' dir='ltr'>Ι)</span> <span class='ocrx_word' id='word_1_526' title='bbox 2096 4647 2219 4701; x_wconf 88' lang='lat' dir='ltr'>cap.</span> <span class='ocrx_word' id='word_1_527' title='bbox 2256 4632 2309 4695; x_wconf 84' lang='lat'>7,</span> 
     </span>
    </p>
   </div>
   <div class='ocr_carea' id='block_1_81' title="bbox 2094 4717 3752 4789">
    <p class='ocr_par' dir='ltr' id='par_1_81' title="bbox 2094 4717 3752 4789">
     <span class='ocr_line' id='line_1_81' title="bbox 2094 4717 3752 4789; baseline 0.003 -19"><span class='ocrx_word' id='word_1_528' title='bbox 2094 4718 2420 4788; x_wconf 89' lang='lat' dir='ltr'>Aliquando</span> <span class='ocrx_word' id='word_1_529' title='bbox 2453 4718 2659 4788; x_wconf 81' lang='lat' dir='ltr'>triplex</span> <span class='ocrx_word' id='word_1_530' title='bbox 2690 4718 2989 4789; x_wconf 88' lang='lat' dir='ltr'>Scriptura</span> <span class='ocrx_word' id='word_1_531' title='bbox 3016 4717 3392 4789; x_wconf 82' lang='lat' dir='ltr'>perhibetur:</span> <span class='ocrx_word' id='word_1_532' title='bbox 3433 4720 3752 4789; x_wconf 85' lang='lat' dir='ltr'>canonica,</span> 
     </span>
    </p>
   </div>
   <div class='ocr_carea' id='block_1_82' title="bbox 2094 4806 3746 4879">
    <p class='ocr_par' dir='ltr' id='par_1_82' title="bbox 2094 4806 3746 4879">
     <span class='ocr_line' id='line_1_82' title="bbox 2094 4806 3746 4879; baseline 0.004 -20"><span class='ocrx_word' id='word_1_533' title='bbox 2094 4808 2330 4860; x_wconf 89' lang='lat' dir='ltr'>omnino</span> <span class='ocrx_word' id='word_1_534' title='bbox 2363 4806 2725 4877; x_wconf 87' lang='lat' dir='ltr'>recipienda:</span> <span class='ocrx_word' id='word_1_535' title='bbox 2762 4807 3112 4879; x_wconf 82' lang='lat' dir='ltr'>apocrypha,</span> <span class='ocrx_word' id='word_1_536' title='bbox 3140 4808 3371 4878; x_wconf 89' lang='lat' dir='ltr'>penitus</span> <span class='ocrx_word' id='word_1_537' title='bbox 3387 4808 3746 4879; x_wconf 77' lang='lat' dir='ltr'>rejicienda;</span> 
     </span>
    </p>
   </div>
   <div class='ocr_carea' id='block_1_83' title="bbox 2089 4896 3745 4968">
    <p class='ocr_par' dir='ltr' id='par_1_83' title="bbox 2089 4896 3745 4968">
     <span class='ocr_line' id='line_1_83' title="bbox 2089 4896 3745 4968; baseline 0.002 -19"><span class='ocrx_word' id='word_1_538' title='bbox 2089 4902 2145 4950; x_wconf 90' lang='lat' dir='ltr'>et</span> <span class='ocrx_word' id='word_1_539' title='bbox 2169 4896 2365 4961; x_wconf 90' lang='lat' dir='ltr'>dubia,</span> <span class='ocrx_word' id='word_1_540' title='bbox 2400 4896 2548 4951; x_wconf 88' lang='lat' dir='ltr'>inter</span> <span class='ocrx_word' id='word_1_541' title='bbox 2570 4900 2880 4967; x_wconf 89' lang='lat' dir='ltr'>utramque</span> <span class='ocrx_word' id='word_1_542' title='bbox 2902 4897 3094 4966; x_wconf 90' lang='lat' dir='ltr'>posita</span> <span class='ocrx_word' id='word_1_543' title='bbox 3122 4914 3134 4960; x_wconf 86' lang='lat'><strong>;</strong></span> <span class='ocrx_word' id='word_1_544' title='bbox 3160 4896 3232 4950; x_wconf 90' lang='lat' dir='ltr'>ab</span> <span class='ocrx_word' id='word_1_545' title='bbox 3256 4896 3550 4968; x_wconf 90' lang='lat' dir='ltr'>aliquibus</span> <span class='ocrx_word' id='word_1_546' title='bbox 3571 4897 3745 4952; x_wconf 86' lang='lat' dir='ltr'>vide-</span> 
     </span>
    </p>
   </div>
   <div class='ocr_carea' id='block_1_84' title="bbox 2090 4983 3747 5056">
    <p class='ocr_par' dir='ltr' id='par_1_84' title="bbox 2090 4983 3747 5056">
     <span class='ocr_line' id='line_1_84' title="bbox 2090 4983 3747 5056; baseline 0.002 -19"><span class='ocrx_word' id='word_1_547' title='bbox 2090 4983 2222 5039; x_wconf 91' lang='lat' dir='ltr'>licet</span> <span class='ocrx_word' id='word_1_548' title='bbox 2254 4984 2533 5053; x_wconf 85' lang='lat' dir='ltr'>admissa,</span> <span class='ocrx_word' id='word_1_549' title='bbox 2567 4984 2872 5056; x_wconf 88' lang='lat' dir='ltr'>repudiata</span> <span class='ocrx_word' id='word_1_550' title='bbox 2902 4985 2974 5038; x_wconf 90' lang='lat' dir='ltr'>ab</span> <span class='ocrx_word' id='word_1_551' title='bbox 3005 4984 3136 5039; x_wconf 89' lang='lat' dir='ltr'>aliis</span> <span class='ocrx_word' id='word_1_552' title='bbox 3165 5003 3179 5052; x_wconf 91' lang='lat'><strong>;</strong></span> <span class='ocrx_word' id='word_1_553' title='bbox 3214 4984 3391 5040; x_wconf 88' lang='lat' dir='ltr'>mista</span> <span class='ocrx_word' id='word_1_554' title='bbox 3437 4989 3494 5039; x_wconf 88' lang='lat' dir='ltr'>et</span> <span class='ocrx_word' id='word_1_555' title='bbox 3539 4984 3747 5042; x_wconf 81' lang='lat' dir='ltr'>media</span> 
     </span>
    </p>
   </div>
   <div class='ocr_carea' id='block_1_85' title="bbox 345 4716 1981 4789">
    <p class='ocr_par' dir='ltr' id='par_1_85' title="bbox 345 4716 1981 4789">
     <span class='ocr_line' id='line_1_85' title="bbox 345 4716 1981 4789; baseline 0.002 -19"><span class='ocrx_word' id='word_1_556' title='bbox 345 4732 451 4771; x_wconf 89' lang='lat' dir='ltr'>nos</span> <span class='ocrx_word' id='word_1_557' title='bbox 490 4716 799 4789; x_wconf 81' lang='lat' dir='ltr'>Dionysius</span> <span class='ocrx_word' id='word_1_558' title='bbox 842 4717 1266 4772; x_wconf 85' lang='lat' dir='ltr'>Alexandrinus</span> <span class='ocrx_word' id='word_1_559' title='bbox 1315 4720 1464 4788; x_wconf 85' lang='lat' dir='ltr'>apud</span> <span class='ocrx_word' id='word_1_560' title='bbox 1522 4719 1834 4774; x_wconf 88' lang='lat' dir='ltr'>Eusebium</span> <span class='ocrx_word' id='word_1_561' title='bbox 1882 4720 1981 4774; x_wconf 92' lang='lat' dir='ltr'>lib.</span> 
     </span>
    </p>
   </div>
   <div class='ocr_carea' id='block_1_86' title="bbox 342 4806 1980 4878">
    <p class='ocr_par' dir='ltr' id='par_1_86' title="bbox 342 4806 1980 4878">
     <span class='ocr_line' id='line_1_86' title="bbox 342 4806 1980 4878; baseline 0.003 -19"><span class='ocrx_word' id='word_1_562' title='bbox 342 4821 439 4871; x_wconf 82' lang='lat' dir='ltr'>v11,</span> <span class='ocrx_word' id='word_1_563' title='bbox 476 4821 599 4876; x_wconf 88' lang='lat' dir='ltr'>cap.</span> <span class='ocrx_word' id='word_1_564' title='bbox 632 4807 722 4860; x_wconf 83' lang='lat'>25.</span> <span class='ocrx_word' id='word_1_565' title='bbox 756 4807 829 4861; x_wconf 89' lang='lat' dir='ltr'>Eo</span> <span class='ocrx_word' id='word_1_566' title='bbox 855 4807 1040 4878; x_wconf 85' lang='lat' dir='ltr'>magis</span> <span class='ocrx_word' id='word_1_567' title='bbox 1074 4806 1311 4873; x_wconf 89' lang='lat' dir='ltr'>inclino,</span> <span class='ocrx_word' id='word_1_568' title='bbox 1338 4813 1683 4862; x_wconf 87' lang='lat' dir='ltr'>utcenseam</span> <span class='ocrx_word' id='word_1_569' title='bbox 1709 4826 1822 4863; x_wconf 90' lang='lat' dir='ltr'>non</span> <span class='ocrx_word' id='word_1_570' title='bbox 1854 4825 1980 4864; x_wconf 87' lang='lat' dir='ltr'>esse</span> 
     </span>
    </p>
   </div>
   <div class='ocr_carea' id='block_1_87' title="bbox 340 4892 1977 4968">
    <p class='ocr_par' dir='ltr' id='par_1_87' title="bbox 340 4892 1977 4968">
     <span class='ocr_line' id='line_1_87' title="bbox 340 4892 1977 4968; baseline 0.002 -21"><span class='ocrx_word' id='word_1_571' title='bbox 340 4892 606 4964; x_wconf 88' lang='lat' dir='ltr'>apostoli.</span> <span class='ocrx_word' id='word_1_572' title='bbox 641 4896 801 4959; x_wconf 87' lang='lat' dir='ltr'>Quod</span> <span class='ocrx_word' id='word_1_573' title='bbox 834 4896 882 4950; x_wconf 90' lang='lat' dir='ltr'>si</span> <span class='ocrx_word' id='word_1_574' title='bbox 926 4894 1055 4965; x_wconf 90' lang='lat' dir='ltr'>quis</span> <span class='ocrx_word' id='word_1_575' title='bbox 1108 4896 1351 4949; x_wconf 89' lang='lat' dir='ltr'>certiora</span> <span class='ocrx_word' id='word_1_576' title='bbox 1393 4898 1663 4967; x_wconf 81' lang='lat' dir='ltr'>proferat,</span> <span class='ocrx_word' id='word_1_577' title='bbox 1716 4899 1977 4968; x_wconf 82' lang='lat' dir='ltr'>gratissi-</span> 
     </span>
    </p>
   </div>
   <div class='ocr_carea' id='block_1_88' title="bbox 338 4980 1976 5055">
    <p class='ocr_par' dir='ltr' id='par_1_88' title="bbox 338 4980 1976 5055">
     <span class='ocr_line' id='line_1_88' title="bbox 338 4980 1976 5055; baseline 0.003 -18"><span class='ocrx_word' id='word_1_578' title='bbox 338 4997 494 5037; x_wconf 88' lang='lat' dir='ltr'>mam</span> <span class='ocrx_word' id='word_1_579' title='bbox 524 4980 622 5038; x_wconf 91' lang='lat' dir='ltr'>ille</span> <span class='ocrx_word' id='word_1_580' title='bbox 654 4998 773 5037; x_wconf 91' lang='lat' dir='ltr'>rem</span> <span class='ocrx_word' id='word_1_581' title='bbox 808 4984 995 5039; x_wconf 87' lang='lat' dir='ltr'>faciet.</span> <span class='ocrx_word' id='word_1_582' title='bbox 1034 4984 1147 5055; x_wconf 89' lang='lat' dir='ltr'>Ego</span> <span class='ocrx_word' id='word_1_583' title='bbox 1180 4985 1331 5054; x_wconf 90' lang='lat' dir='ltr'>quod</span> <span class='ocrx_word' id='word_1_584' title='bbox 1358 4985 1552 5040; x_wconf 88' lang='lat' dir='ltr'>nescio</span> <span class='ocrx_word' id='word_1_585' title='bbox 1574 4988 1719 5041; x_wconf 86' lang='lat' dir='ltr'>scire</span> <span class='ocrx_word' id='word_1_586' title='bbox 1752 5004 1843 5041; x_wconf 90' lang='lat' dir='ltr'>me</span> <span class='ocrx_word' id='word_1_587' title='bbox 1862 5004 1976 5043; x_wconf 89' lang='lat' dir='ltr'>non</span> 
     </span>
    </p>
   </div>
   <div class='ocr_carea' id='block_1_89' title="bbox 336 5073 890 5142">
    <p class='ocr_par' dir='ltr' id='par_1_89' title="bbox 336 5073 890 5142">
     <span class='ocr_line' id='line_1_89' title="bbox 336 5073 890 5142; baseline 0.004 -16"><span class='ocrx_word' id='word_1_588' title='bbox 336 5085 581 5141; x_wconf 90' lang='lat' dir='ltr'>possum</span> <span class='ocrx_word' id='word_1_589' title='bbox 613 5073 890 5142; x_wconf 86' lang='lat' dir='ltr'>proﬁteri.</span> 
     </span>
    </p>
   </div>
   <div class='ocr_carea' id='block_1_90' title="bbox 400 5159 1971 5233">
    <p class='ocr_par' dir='ltr' id='par_1_90' title="bbox 400 5159 1971 5233">
     <span class='ocr_line' id='line_1_90' title="bbox 400 5159 1971 5233; baseline 0.004 -21"><span class='ocrx_word' id='word_1_590' title='bbox 400 5159 646 5230; x_wconf 72' lang='lat' dir='ltr'>Epistola</span> <span class='ocrx_word' id='word_1_591' title='bbox 675 5162 970 5225; x_wconf 64' lang='lat' dir='ltr'>Barnabas,</span> <span class='ocrx_word' id='word_1_592' title='bbox 1005 5162 1220 5230; x_wconf 83' lang='lat' dir='ltr'>quando</span> <span class='ocrx_word' id='word_1_593' title='bbox 1250 5165 1471 5233; x_wconf 73' lang='lat' dir='ltr'>scripta.</span> <span class='ocrx_word' id='word_1_594' title='bbox 1506 5163 1669 5217; x_wconf 87' lang='lat' dir='ltr'>Dices</span> <span class='ocrx_word' id='word_1_595' title='bbox 1698 5182 1709 5219; x_wconf 91' lang='lat'><strong>:</strong></span> <span class='ocrx_word' id='word_1_596' title='bbox 1764 5165 1821 5219; x_wconf 89' lang='lat' dir='ltr'>Si</span> <span class='ocrx_word' id='word_1_597' title='bbox 1859 5183 1971 5220; x_wconf 88' lang='lat' dir='ltr'>non</span> 
     </span>
    </p>
   </div>
   <div class='ocr_carea' id='block_1_91' title="bbox 331 5248 1974 5321">
    <p class='ocr_par' dir='ltr' id='par_1_91' title="bbox 331 5248 1974 5321">
     <span class='ocr_line' id='line_1_91' title="bbox 331 5248 1974 5321; baseline 0.004 -18"><span class='ocrx_word' id='word_1_598' title='bbox 331 5252 421 5304; x_wconf 89' lang='lat' dir='ltr'>est</span> <span class='ocrx_word' id='word_1_599' title='bbox 448 5248 715 5321; x_wconf 89' lang='lat' dir='ltr'>apostoli,</span> <span class='ocrx_word' id='word_1_600' title='bbox 750 5251 982 5321; x_wconf 89' lang='lat' dir='ltr'>quando</span> <span class='ocrx_word' id='word_1_601' title='bbox 1014 5250 1230 5319; x_wconf 90' lang='lat' dir='ltr'>scripta</span> <span class='ocrx_word' id='word_1_602' title='bbox 1260 5251 1414 5305; x_wconf 82' lang='lat' dir='ltr'>fuit?</span> <span class='ocrx_word' id='word_1_603' title='bbox 1446 5258 1673 5319; x_wconf 81' lang='lat' dir='ltr'>quantae</span> <span class='ocrx_word' id='word_1_604' title='bbox 1708 5252 1974 5309; x_wconf 89' lang='lat' dir='ltr'>habenda</span> 
     </span>
    </p>
   </div>
   <div class='ocr_carea' id='block_1_92' title="bbox 330 5337 1970 5411">
    <p class='ocr_par' dir='ltr' id='par_1_92' title="bbox 330 5337 1970 5411">
     <span class='ocr_line' id='line_1_92' title="bbox 330 5337 1970 5411; baseline 0.004 -20"><span class='ocrx_word' id='word_1_605' title='bbox 330 5342 387 5392; x_wconf 88' lang='lat' dir='ltr'>et</span> <span class='ocrx_word' id='word_1_606' title='bbox 417 5337 614 5393; x_wconf 90' lang='lat' dir='ltr'>habita</span> <span class='ocrx_word' id='word_1_607' title='bbox 643 5339 1002 5393; x_wconf 89' lang='lat' dir='ltr'>auctoritatis</span> <span class='ocrx_word' id='word_1_608' title='bbox 1025 5340 1052 5391; x_wconf 80' lang='lat'>?</span> <span class='ocrx_word' id='word_1_609' title='bbox 1085 5343 1161 5391; x_wconf 89' lang='lat' dir='ltr'>De</span> <span class='ocrx_word' id='word_1_610' title='bbox 1194 5339 1402 5408; x_wconf 87' lang='lat' dir='ltr'>primo,</span> <span class='ocrx_word' id='word_1_611' title='bbox 1439 5345 1594 5409; x_wconf 85' lang='lat' dir='ltr'>patet</span> <span class='ocrx_word' id='word_1_612' title='bbox 1616 5358 1681 5393; x_wconf 84' lang='lat' dir='ltr'>ex</span> <span class='ocrx_word' id='word_1_613' title='bbox 1711 5343 1970 5411; x_wconf 73' lang='lat' dir='ltr'>Epistolas</span> 
     </span>
    </p>
   </div>
   <div class='ocr_carea' id='block_1_93' title="bbox 328 5427 1969 5500">
    <p class='ocr_par' dir='ltr' id='par_1_93' title="bbox 328 5427 1969 5500">
     <span class='ocr_line' id='line_1_93' title="bbox 328 5427 1969 5500; baseline 0.004 -21"><span class='ocrx_word' id='word_1_614' title='bbox 328 5441 454 5497; x_wconf 89' lang='lat' dir='ltr'>cap.</span> <span class='ocrx_word' id='word_1_615' title='bbox 489 5428 555 5481; x_wconf 84' lang='grc'>16</span> <span class='ocrx_word' id='word_1_616' title='bbox 574 5427 769 5483; x_wconf 87' lang='lat' dir='ltr'>datam</span> <span class='ocrx_word' id='word_1_617' title='bbox 804 5429 982 5482; x_wconf 86' lang='lat' dir='ltr'>fuisse</span> <span class='ocrx_word' id='word_1_618' title='bbox 1009 5434 1138 5497; x_wconf 90' lang='lat' dir='ltr'>post</span> <span class='ocrx_word' id='word_1_619' title='bbox 1169 5427 1455 5481; x_wconf 83' lang='lat' dir='ltr'>excidium</span> <span class='ocrx_word' id='word_1_620' title='bbox 1499 5428 1969 5500; x_wconf 86' lang='lat' dir='ltr'>Hierosolymita-</span> 
     </span>
    </p>
   </div>
   <div class='ocr_carea' id='block_1_94' title="bbox 326 5515 1965 5589">
    <p class='ocr_par' dir='ltr' id='par_1_94' title="bbox 326 5515 1965 5589">
     <span class='ocr_line' id='line_1_94' title="bbox 326 5515 1965 5589; baseline 0.003 -21"><span class='ocrx_word' id='word_1_621' title='bbox 326 5530 490 5571; x_wconf 87' lang='lat' dir='ltr'>num.</span> <span class='ocrx_word' id='word_1_622' title='bbox 525 5516 732 5589; x_wconf 87' lang='lat' dir='ltr'>Liquet</span> <span class='ocrx_word' id='word_1_623' title='bbox 761 5516 937 5572; x_wconf 86' lang='lat' dir='ltr'>etiam</span> <span class='ocrx_word' id='word_1_624' title='bbox 966 5533 1032 5571; x_wconf 80' lang='lat' dir='ltr'>ex</span> <span class='ocrx_word' id='word_1_625' title='bbox 1063 5515 1357 5571; x_wconf 84' lang='lat' dir='ltr'>Clemente</span> <span class='ocrx_word' id='word_1_626' title='bbox 1394 5516 1806 5585; x_wconf 82' lang='lat' dir='ltr'>Alexandrino,</span> <span class='ocrx_word' id='word_1_627' title='bbox 1839 5520 1965 5574; x_wconf 85' lang='lat' dir='ltr'>lau-</span> 
     </span>
    </p>
   </div>
   <div class='ocr_carea' id='block_1_95' title="bbox 325 5602 1962 5678">
    <p class='ocr_par' dir='ltr' id='par_1_95' title="bbox 325 5602 1962 5678">
     <span class='ocr_line' id='line_1_95' title="bbox 325 5602 1962 5678; baseline 0.002 -22"><span class='ocrx_word' id='word_1_628' title='bbox 325 5602 522 5658; x_wconf 88' lang='lat' dir='ltr'>datore</span> <span class='ocrx_word' id='word_1_629' title='bbox 564 5604 854 5677; x_wconf 62' lang='lat' dir='ltr'>Epistulae,</span> <span class='ocrx_word' id='word_1_630' title='bbox 906 5608 1037 5659; x_wconf 89' lang='lat' dir='ltr'>ante</span> <span class='ocrx_word' id='word_1_631' title='bbox 1087 5605 1263 5659; x_wconf 82' lang='lat' dir='ltr'>ﬁnem</span> <span class='ocrx_word' id='word_1_632' title='bbox 1305 5604 1545 5659; x_wconf 82' lang='lat' dir='ltr'>secundi</span> <span class='ocrx_word' id='word_1_633' title='bbox 1598 5605 1789 5660; x_wconf 71' lang='lat' dir='ltr'>smculi</span> <span class='ocrx_word' id='word_1_634' title='bbox 1834 5624 1962 5678; x_wconf 89' lang='lat' dir='ltr'>pro-</span> 
     </span>
    </p>
   </div>
   <div class='ocr_carea' id='block_1_96' title="bbox 317 5690 1961 5768">
    <p class='ocr_par' dir='ltr' id='par_1_96' title="bbox 317 5690 1961 5768">
     <span class='ocr_line' id='line_1_96' title="bbox 317 5690 1961 5768; baseline 0.002 -21"><span class='ocrx_word' id='word_1_635' title='bbox 317 5690 514 5757; x_wconf 77' lang='lat' dir='ltr'>diisse.</span> <span class='ocrx_word' id='word_1_636' title='bbox 550 5692 713 5752; x_wconf 89' lang='lat' dir='ltr'>Sicut</span> <span class='ocrx_word' id='word_1_637' title='bbox 743 5701 937 5753; x_wconf 88' lang='lat' dir='ltr'>autem</span> <span class='ocrx_word' id='word_1_638' title='bbox 969 5711 1070 5767; x_wconf 90' lang='lat' dir='ltr'>per</span> <span class='ocrx_word' id='word_1_639' title='bbox 1100 5694 1354 5767; x_wconf 90' lang='lat' dir='ltr'>primum</span> <span class='ocrx_word' id='word_1_640' title='bbox 1391 5710 1503 5750; x_wconf 86' lang='lat' dir='ltr'>non</span> <span class='ocrx_word' id='word_1_641' title='bbox 1526 5695 1667 5751; x_wconf 90' lang='lat' dir='ltr'>bene</span> <span class='ocrx_word' id='word_1_642' title='bbox 1685 5696 1816 5768; x_wconf 90' lang='lat' dir='ltr'>quis</span> <span class='ocrx_word' id='word_1_643' title='bbox 1848 5697 1961 5753; x_wconf 84' lang='lat' dir='ltr'>ori-</span> 
     </span>
    </p>
   </div>
   <div class='ocr_carea' id='block_1_97' title="bbox 2116 3384 3768 3458">
    <p class='ocr_par' dir='ltr' id='par_1_97' title="bbox 2116 3384 3768 3458">
     <span class='ocr_line' id='line_1_97' title="bbox 2116 3384 3768 3458; baseline 0.004 -18"><span class='ocrx_word' id='word_1_644' title='bbox 2116 3390 2172 3440; x_wconf 90' lang='lat' dir='ltr'>et</span> <span class='ocrx_word' id='word_1_645' title='bbox 2202 3385 2480 3453; x_wconf 89' lang='lat' dir='ltr'>Isidorus,</span> <span class='ocrx_word' id='word_1_646' title='bbox 2516 3387 2805 3456; x_wconf 75' lang='lat' dir='ltr'>Originum</span> <span class='ocrx_word' id='word_1_647' title='bbox 2835 3384 2934 3440; x_wconf 92' lang='lat' dir='ltr'>lib.</span> <span class='ocrx_word' id='word_1_648' title='bbox 2968 3404 3044 3453; x_wconf 84' lang='lat' dir='ltr'>v1,</span> <span class='ocrx_word' id='word_1_649' title='bbox 3077 3403 3203 3458; x_wconf 92' lang='lat' dir='ltr'>cap.</span> <span class='ocrx_word' id='word_1_650' title='bbox 3234 3388 3288 3442; x_wconf 80' lang='lat'>2.</span> <span class='ocrx_word' id='word_1_651' title='bbox 3323 3387 3416 3443; x_wconf 92' lang='lat' dir='ltr'>Sic</span> <span class='ocrx_word' id='word_1_652' title='bbox 3438 3387 3612 3443; x_wconf 88' lang='lat' dir='ltr'>etiam</span> <span class='ocrx_word' id='word_1_653' title='bbox 3636 3388 3768 3446; x_wconf 89' lang='lat' dir='ltr'>duo</span> 
     </span>
    </p>
   </div>
   <div class='ocr_carea' id='block_1_98' title="bbox 2116 3475 3763 3547">
    <p class='ocr_par' dir='ltr' id='par_1_98' title="bbox 2116 3475 3763 3547">
     <span class='ocr_line' id='line_1_98' title="bbox 2116 3475 3763 3547; baseline 0.001 -17"><span class='ocrx_word' id='word_1_654' title='bbox 2116 3475 2767 3547; x_wconf 86' lang='lat' dir='ltr'>generaScripturarum</span> <span class='ocrx_word' id='word_1_655' title='bbox 2792 3478 3090 3546; x_wconf 90' lang='lat' dir='ltr'>ponuntur</span> <span class='ocrx_word' id='word_1_656' title='bbox 3109 3475 3169 3530; x_wconf 91' lang='lat' dir='ltr'>in</span> <span class='ocrx_word' id='word_1_657' title='bbox 3192 3476 3455 3547; x_wconf 89' lang='lat' dir='ltr'>Eusebio,</span> <span class='ocrx_word' id='word_1_658' title='bbox 3468 3478 3600 3531; x_wconf 72' lang='lat' dir='ltr'>Hist.</span> <span class='ocrx_word' id='word_1_659' title='bbox 3617 3480 3763 3534; x_wconf 68' lang='lat' dir='ltr'>ccci.</span> 
     </span>
    </p>
   </div>
   <div class='ocr_carea' id='block_1_99' title="bbox 2114 3561 3767 3642">
    <p class='ocr_par' dir='ltr' id='par_1_99' title="bbox 2114 3561 3767 3642">
     <span class='ocr_line' id='line_1_99' title="bbox 2114 3561 3767 3642; baseline -0.001 -23"><span class='ocrx_word' id='word_1_660' title='bbox 2114 3565 2213 3619; x_wconf 82' lang='lat' dir='ltr'>lib.</span> <span class='ocrx_word' id='word_1_661' title='bbox 2278 3582 2357 3631; x_wconf 90' lang='lat' dir='ltr'>IIl,</span> <span class='ocrx_word' id='word_1_662' title='bbox 2415 3580 2543 3636; x_wconf 90' lang='lat' dir='ltr'>cap.</span> <span class='ocrx_word' id='word_1_663' title='bbox 2592 3566 2644 3632; x_wconf 81' lang='grc'>3,</span> <span class='ocrx_word' id='word_1_664' title='bbox 2696 3561 3152 3639; x_wconf 69' lang='grc' dir='ltr'>ὁμολογουμένων</span> <span class='ocrx_word' id='word_1_665' title='bbox 3206 3563 3295 3617; x_wconf 81' lang='grc' dir='ltr'>καὶ</span> <span class='ocrx_word' id='word_1_666' title='bbox 3353 3563 3767 3642; x_wconf 72' lang='grc' dir='ltr'>ἀναντιῤῥήτων</span> 
     </span>
    </p>
   </div>
   <div class='ocr_carea' id='block_1_100' title="bbox 2115 3650 3770 3725">
    <p class='ocr_par' dir='ltr' id='par_1_100' title="bbox 2115 3650 3770 3725">
     <span class='ocr_line' id='line_1_100' title="bbox 2115 3650 3770 3725; baseline 0.001 -18"><span class='ocrx_word' id='word_1_667' title='bbox 2115 3660 2170 3707; x_wconf 88' lang='lat' dir='ltr'>et</span> <span class='ocrx_word' id='word_1_668' title='bbox 2198 3656 2304 3704; x_wconf 78' lang='grc' dir='ltr'>τῶν</span> <span class='ocrx_word' id='word_1_669' title='bbox 2339 3652 2413 3722; x_wconf 75' lang='grc' dir='ltr'>μὴ</span> <span class='ocrx_word' id='word_1_670' title='bbox 2446 3650 2728 3718; x_wconf 73' lang='grc' dir='ltr'>τοιούτων,</span> <span class='ocrx_word' id='word_1_671' title='bbox 2757 3653 2815 3706; x_wconf 92' lang='lat' dir='ltr'>in</span> <span class='ocrx_word' id='word_1_672' title='bbox 2846 3652 3147 3708; x_wconf 84' lang='lat' dir='ltr'>Athanasii</span> <span class='ocrx_word' id='word_1_673' title='bbox 3179 3669 3279 3707; x_wconf 91' lang='lat' dir='ltr'>seu</span> <span class='ocrx_word' id='word_1_674' title='bbox 3336 3652 3575 3708; x_wconf 89' lang='lat' dir='ltr'>alterius</span> <span class='ocrx_word' id='word_1_675' title='bbox 3607 3653 3770 3725; x_wconf 84' lang='lat' dir='ltr'>Syn-</span> 
     </span>
    </p>
   </div>
   <div class='ocr_carea' id='block_1_101' title="bbox 2115 3738 3767 3814">
    <p class='ocr_par' dir='ltr' id='par_1_101' title="bbox 2115 3738 3767 3814">
     <span class='ocr_line' id='line_1_101' title="bbox 2115 3738 3767 3814; baseline 0.001 -19"><span class='ocrx_word' id='word_1_676' title='bbox 2115 3744 2251 3811; x_wconf 81' lang='lat' dir='ltr'>opsi,</span> <span class='ocrx_word' id='word_1_677' title='bbox 2309 3741 2735 3811; x_wconf 72' lang='grc' dir='ltr'>κανονιζομὲνων</span> <span class='ocrx_word' id='word_1_678' title='bbox 2795 3746 2852 3795; x_wconf 86' lang='lat' dir='ltr'>et</span> <span class='ocrx_word' id='word_1_679' title='bbox 2914 3741 2987 3811; x_wconf 81' lang='grc' dir='ltr'>μή</span> <span class='ocrx_word' id='word_1_680' title='bbox 3044 3738 3471 3811; x_wconf 75' lang='grc' dir='ltr'>κανονιζομὲνων</span> <span class='ocrx_word' id='word_1_681' title='bbox 3529 3742 3588 3796; x_wconf 89' lang='lat' dir='ltr'>in</span> <span class='ocrx_word' id='word_1_682' title='bbox 3640 3744 3767 3814; x_wconf 75' lang='lat' dir='ltr'>Cy-</span> 
     </span>
    </p>
   </div>
   <div class='ocr_carea' id='block_1_102' title="bbox 2114 3829 3763 3901">
    <p class='ocr_par' dir='ltr' id='par_1_102' title="bbox 2114 3829 3763 3901">
     <span class='ocr_line' id='line_1_102' title="bbox 2114 3829 3763 3901; baseline -0.001 -17"><span class='ocrx_word' id='word_1_683' title='bbox 2114 3830 2225 3884; x_wconf 91' lang='lat' dir='ltr'>rilli</span> <span class='ocrx_word' id='word_1_684' title='bbox 2263 3829 2769 3901; x_wconf 86' lang='lat' dir='ltr'>Hierosolymitani</span> <span class='ocrx_word' id='word_1_685' title='bbox 2829 3834 3039 3901; x_wconf 89' lang='lat' dir='ltr'>quarta</span> <span class='ocrx_word' id='word_1_686' title='bbox 3094 3831 3401 3901; x_wconf 85' lang='lat' dir='ltr'>catechesi,</span> <span class='ocrx_word' id='word_1_687' title='bbox 3432 3831 3528 3897; x_wconf 76' lang='grc' dir='ltr'>τῆς</span> <span class='ocrx_word' id='word_1_688' title='bbox 3561 3829 3763 3900; x_wconf 71' lang='grc' dir='ltr'>διαϐή-</span> 
     </span>
    </p>
   </div>
   <div class='ocr_carea' id='block_1_103' title="bbox 2108 3916 3762 3994">
    <p class='ocr_par' dir='ltr' id='par_1_103' title="bbox 2108 3916 3762 3994">
     <span class='ocr_line' id='line_1_103' title="bbox 2108 3916 3762 3994; baseline 0.001 -23"><span class='ocrx_word' id='word_1_689' title='bbox 2108 3939 2211 3988; x_wconf 77' lang='grc' dir='ltr'>κης</span> <span class='ocrx_word' id='word_1_690' title='bbox 2275 3918 2365 3972; x_wconf 71' lang='grc' dir='ltr'>καὶ</span> <span class='ocrx_word' id='word_1_691' title='bbox 2422 3918 2567 3992; x_wconf 75' lang='grc' dir='ltr'>παρὰ</span> <span class='ocrx_word' id='word_1_692' title='bbox 2620 3922 2777 3970; x_wconf 74' lang='grc' dir='ltr'>πᾶσιν</span> <span class='ocrx_word' id='word_1_693' title='bbox 2857 3916 3313 3992; x_wconf 70' lang='grc' dir='ltr'>ὁμολογουμένων</span> <span class='ocrx_word' id='word_1_694' title='bbox 3399 3924 3455 3975; x_wconf 91' lang='lat' dir='ltr'>et</span> <span class='ocrx_word' id='word_1_695' title='bbox 3508 3917 3762 3994; x_wconf 64' lang='grc' dir='ltr'>ἀποκρύ-</span> 
     </span>
    </p>
   </div>
   <div class='ocr_carea' id='block_1_104' title="bbox 2108 4001 3762 4084">
    <p class='ocr_par' dir='ltr' id='par_1_104' title="bbox 2108 4001 3762 4084">
     <span class='ocr_line' id='line_1_104' title="bbox 2108 4001 3762 4084; baseline 0.003 -24"><span class='ocrx_word' id='word_1_696' title='bbox 2108 4029 2219 4084; x_wconf 64' lang='grc' dir='ltr'>φων</span> <span class='ocrx_word' id='word_1_697' title='bbox 2253 4006 2340 4061; x_wconf 79' lang='grc' dir='ltr'>καὶ</span> <span class='ocrx_word' id='word_1_698' title='bbox 2402 4001 2921 4084; x_wconf 69' lang='grc' dir='ltr'>ἀμφιϐαλλομὲνων,</span> <span class='ocrx_word' id='word_1_699' title='bbox 2984 4008 3041 4062; x_wconf 84' lang='lat' dir='ltr'>in</span> <span class='ocrx_word' id='word_1_700' title='bbox 3092 4008 3352 4081; x_wconf 78' lang='lat' dir='ltr'>Gregorii</span> <span class='ocrx_word' id='word_1_701' title='bbox 3402 4008 3762 4065; x_wconf 87' lang='lat' dir='ltr'>Nazianzeni</span> 
     </span>
    </p>
   </div>
   <div class='ocr_carea' id='block_1_105' title="bbox 2105 4094 3759 4171">
    <p class='ocr_par' dir='ltr' id='par_1_105' title="bbox 2105 4094 3759 4171">
     <span class='ocr_line' id='line_1_105' title="bbox 2105 4094 3759 4171; baseline 0.001 -21"><span class='ocrx_word' id='word_1_702' title='bbox 2105 4097 2360 4151; x_wconf 84' lang='lat' dir='ltr'>carmine</span> <span class='ocrx_word' id='word_1_703' title='bbox 2416 4098 2505 4165; x_wconf 78' lang='lat'>33,</span> <span class='ocrx_word' id='word_1_704' title='bbox 2563 4095 2715 4149; x_wconf 79' lang='grc' dir='ltr'>θείων</span> <span class='ocrx_word' id='word_1_705' title='bbox 2774 4112 2875 4151; x_wconf 82' lang='lat' dir='ltr'>seu</span> <span class='ocrx_word' id='word_1_706' title='bbox 2931 4094 3165 4169; x_wconf 80' lang='grc' dir='ltr'>γνησίων</span> <span class='ocrx_word' id='word_1_707' title='bbox 3226 4103 3284 4153; x_wconf 83' lang='lat' dir='ltr'>et</span> <span class='ocrx_word' id='word_1_708' title='bbox 3321 4095 3759 4171; x_wconf 74' lang='grc' dir='ltr'>παρεγγράπτων</span> 
     </span>
    </p>
   </div>
   <div class='ocr_carea' id='block_1_106' title="bbox 2104 4183 3757 4259">
    <p class='ocr_par' dir='ltr' id='par_1_106' title="bbox 2104 4183 3757 4259">
     <span class='ocr_line' id='line_1_106' title="bbox 2104 4183 3757 4259; baseline -0.001 -20"><span class='ocrx_word' id='word_1_709' title='bbox 2104 4203 2204 4239; x_wconf 87' lang='lat' dir='ltr'>seu</span> <span class='ocrx_word' id='word_1_710' title='bbox 2241 4186 2315 4257; x_wconf 73' lang='grc' dir='ltr'>μὴ</span> <span class='ocrx_word' id='word_1_711' title='bbox 2343 4183 2579 4259; x_wconf 76' lang='grc' dir='ltr'>γνησίων</span> <span class='ocrx_word' id='word_1_712' title='bbox 2608 4204 2621 4253; x_wconf 91' lang='grc'>;</span> <span class='ocrx_word' id='word_1_713' title='bbox 2647 4186 2801 4256; x_wconf 90' lang='lat' dir='ltr'>apud</span> <span class='ocrx_word' id='word_1_714' title='bbox 2854 4184 3265 4258; x_wconf 84' lang='lat' dir='ltr'>Hieronymum</span> <span class='ocrx_word' id='word_1_715' title='bbox 3324 4185 3569 4258; x_wconf 89' lang='lat' dir='ltr'>epistola</span> <span class='ocrx_word' id='word_1_716' title='bbox 3617 4187 3757 4259; x_wconf 70' lang='grc'>129,</span> 
     </span>
    </p>
   </div>
   <div class='ocr_carea' id='block_1_107' title="bbox 2101 4274 3757 4346">
    <p class='ocr_par' dir='ltr' id='par_1_107' title="bbox 2101 4274 3757 4346">
     <span class='ocr_line' id='line_1_107' title="bbox 2101 4274 3757 4346; baseline 0.002 -19"><span class='ocrx_word' id='word_1_717' title='bbox 2101 4280 2158 4328; x_wconf 87' lang='lat' dir='ltr'>et</span> <span class='ocrx_word' id='word_1_718' title='bbox 2188 4275 2246 4329; x_wconf 91' lang='lat' dir='ltr'>in</span> <span class='ocrx_word' id='word_1_719' title='bbox 2286 4280 2461 4346; x_wconf 88' lang='lat' dir='ltr'>caput</span> <span class='ocrx_word' id='word_1_720' title='bbox 2490 4293 2529 4329; x_wconf 82' lang='grc' dir='ltr'><strong>ιι</strong></span> <span class='ocrx_word' id='word_1_721' title='bbox 2562 4274 2830 4345; x_wconf 65' lang='lat' dir='ltr'>Epistolas</span> <span class='ocrx_word' id='word_1_722' title='bbox 2862 4275 2931 4329; x_wconf 89' lang='lat' dir='ltr'>ad</span> <span class='ocrx_word' id='word_1_723' title='bbox 2966 4275 3187 4343; x_wconf 89' lang='lat' dir='ltr'>Titum,</span> <span class='ocrx_word' id='word_1_724' title='bbox 3221 4280 3278 4330; x_wconf 93' lang='lat' dir='ltr'>et</span> <span class='ocrx_word' id='word_1_725' title='bbox 3313 4276 3757 4331; x_wconf 90' lang='lat' dir='ltr'>Commentario</span> 
     </span>
    </p>
   </div>
   <div class='ocr_carea' id='block_1_108' title="bbox 2100 4363 3759 4433">
    <p class='ocr_par' dir='ltr' id='par_1_108' title="bbox 2100 4363 3759 4433">
     <span class='ocr_line' id='line_1_108' title="bbox 2100 4363 3759 4433; baseline 0.002 -17"><span class='ocrx_word' id='word_1_726' title='bbox 2100 4363 2156 4416; x_wconf 89' lang='lat' dir='ltr'>in</span> <span class='ocrx_word' id='word_1_727' title='bbox 2188 4364 2468 4430; x_wconf 88' lang='lat' dir='ltr'>Psalmos,</span> <span class='ocrx_word' id='word_1_728' title='bbox 2502 4364 2551 4418; x_wconf 90' lang='lat' dir='ltr'>si</span> <span class='ocrx_word' id='word_1_729' title='bbox 2583 4369 2774 4417; x_wconf 82' lang='lat' dir='ltr'>tamen</span> <span class='ocrx_word' id='word_1_730' title='bbox 2809 4364 2990 4433; x_wconf 90' lang='lat' dir='ltr'>hujus</span> <span class='ocrx_word' id='word_1_731' title='bbox 3019 4364 3154 4418; x_wconf 91' lang='lat' dir='ltr'>libri</span> <span class='ocrx_word' id='word_1_732' title='bbox 3178 4368 3378 4419; x_wconf 90' lang='lat' dir='ltr'>auctor</span> <span class='ocrx_word' id='word_1_733' title='bbox 3399 4364 3759 4421; x_wconf 77' lang='lat' dir='ltr'>existiman-</span> 
     </span>
    </p>
   </div>
   <div class='ocr_carea' id='block_1_109' title="bbox 2098 4452 3756 4524">
    <p class='ocr_par' dir='ltr' id='par_1_109' title="bbox 2098 4452 3756 4524">
     <span class='ocr_line' id='line_1_109' title="bbox 2098 4452 3756 4524; baseline 0.002 -19"><span class='ocrx_word' id='word_1_734' title='bbox 2098 4453 2207 4506; x_wconf 85' lang='lat' dir='ltr'>dus</span> <span class='ocrx_word' id='word_1_735' title='bbox 2239 4457 2347 4518; x_wconf 90' lang='lat' dir='ltr'>est,</span> <span class='ocrx_word' id='word_1_736' title='bbox 2377 4452 2447 4505; x_wconf 83' lang='lat' dir='ltr'>ad</span> <span class='ocrx_word' id='word_1_737' title='bbox 2466 4452 2761 4523; x_wconf 92' lang='lat' dir='ltr'>psalmum</span> <span class='ocrx_word' id='word_1_738' title='bbox 2793 4468 2979 4519; x_wconf 76' lang='lat' dir='ltr'>cxux,</span> <span class='ocrx_word' id='word_1_739' title='bbox 3011 4454 3505 4508; x_wconf 77' lang='lat' dir='ltr'>eccleszasticarum</span> <span class='ocrx_word' id='word_1_740' title='bbox 3534 4458 3590 4508; x_wconf 91' lang='lat' dir='ltr'>et</span> <span class='ocrx_word' id='word_1_741' title='bbox 3610 4470 3756 4524; x_wconf 89' lang='lat' dir='ltr'>apo-</span> 
     </span>
    </p>
   </div>
   <div class='ocr_carea' id='block_1_110' title="bbox 2092 4541 3753 4614">
    <p class='ocr_par' dir='ltr' id='par_1_110' title="bbox 2092 4541 3753 4614">
     <span class='ocr_line' id='line_1_110' title="bbox 2092 4541 3753 4614; baseline 0.002 -20"><span class='ocrx_word' id='word_1_742' title='bbox 2092 4542 2467 4612; x_wconf 79' lang='lat' dir='ltr'>crypharum:</span> <span class='ocrx_word' id='word_1_743' title='bbox 2514 4541 2666 4611; x_wconf 91' lang='lat' dir='ltr'>apud</span> <span class='ocrx_word' id='word_1_744' title='bbox 2717 4542 3124 4596; x_wconf 91' lang='lat' dir='ltr'>Innocentium</span> <span class='ocrx_word' id='word_1_745' title='bbox 3174 4558 3407 4612; x_wconf 91' lang='lat' dir='ltr'>papam,</span> <span class='ocrx_word' id='word_1_746' title='bbox 3459 4543 3627 4614; x_wconf 88' lang='lat' dir='ltr'>epist.</span> <span class='ocrx_word' id='word_1_747' title='bbox 3681 4544 3753 4610; x_wconf 83' lang='lat'>3,</span> 
     </span>
    </p>
   </div>
   <div class='ocr_carea' id='block_1_111' title="bbox 2368 4631 3755 4702">
    <p class='ocr_par' dir='ltr' id='par_1_111' title="bbox 2368 4631 3755 4702">
     <span class='ocr_line' id='line_1_111' title="bbox 2368 4631 3755 4702; baseline 0.004 -20"><span class='ocrx_word' id='word_1_748' title='bbox 2368 4635 2707 4695; x_wconf 83' lang='lat' dir='ltr'>receptarum</span> <span class='ocrx_word' id='word_1_749' title='bbox 2764 4632 2822 4683; x_wconf 77' lang='lat' dir='ltr'>in</span> <span class='ocrx_word' id='word_1_750' title='bbox 2865 4646 3072 4685; x_wconf 85' lang='lat' dir='ltr'>canone</span> <span class='ocrx_word' id='word_1_751' title='bbox 3122 4646 3187 4684; x_wconf 92' lang='lat' dir='ltr'>ac</span> <span class='ocrx_word' id='word_1_752' title='bbox 3237 4631 3755 4702; x_wconf 78' lang='lat' dir='ltr'>repudiandarum.</span> 
     </span>
    </p>
   </div>
   <div class='ocr_carea' id='block_1_112' title="bbox 2088 5072 3746 5144">
    <p class='ocr_par' dir='ltr' id='par_1_112' title="bbox 2088 5072 3746 5144">
     <span class='ocr_line' id='line_1_112' title="bbox 2088 5072 3746 5144; baseline 0.002 -17"><span class='ocrx_word' id='word_1_753' title='bbox 2088 5074 2236 5127; x_wconf 89' lang='lat' dir='ltr'>inter</span> <span class='ocrx_word' id='word_1_754' title='bbox 2262 5080 2575 5143; x_wconf 85' lang='lat' dir='ltr'>genuinam</span> <span class='ocrx_word' id='word_1_755' title='bbox 2610 5090 2674 5127; x_wconf 91' lang='lat' dir='ltr'>ac</span> <span class='ocrx_word' id='word_1_756' title='bbox 2704 5072 2947 5128; x_wconf 72' lang='lat' dir='ltr'>nothai‘n</span> <span class='ocrx_word' id='word_1_757' title='bbox 2971 5091 2984 5140; x_wconf 88' lang='lat'><strong>;</strong></span> <span class='ocrx_word' id='word_1_758' title='bbox 3009 5089 3152 5127; x_wconf 73' lang='lat' dir='ltr'>verse</span> <span class='ocrx_word' id='word_1_759' title='bbox 3178 5074 3460 5144; x_wconf 80' lang='lat' dir='ltr'>proxima,</span> <span class='ocrx_word' id='word_1_760' title='bbox 3490 5074 3579 5141; x_wconf 89' lang='lat' dir='ltr'>cui</span> <span class='ocrx_word' id='word_1_761' title='bbox 3600 5090 3746 5131; x_wconf 80' lang='lat' dir='ltr'>con-</span> 
     </span>
    </p>
   </div>
   <div class='ocr_carea' id='block_1_113' title="bbox 2082 5161 3746 5234">
    <p class='ocr_par' dir='ltr' id='par_1_113' title="bbox 2082 5161 3746 5234">
     <span class='ocr_line' id='line_1_113' title="bbox 2082 5161 3746 5234; baseline 0.002 -19"><span class='ocrx_word' id='word_1_762' title='bbox 2082 5163 2391 5217; x_wconf 85' lang='lat' dir='ltr'>tradicitur</span> <span class='ocrx_word' id='word_1_763' title='bbox 2419 5161 2674 5230; x_wconf 87' lang='lat' dir='ltr'>quidem,</span> <span class='ocrx_word' id='word_1_764' title='bbox 2709 5162 2894 5216; x_wconf 90' lang='lat' dir='ltr'>honor</span> <span class='ocrx_word' id='word_1_765' title='bbox 2914 5167 3111 5215; x_wconf 90' lang='lat' dir='ltr'>tamen</span> <span class='ocrx_word' id='word_1_766' title='bbox 3138 5162 3389 5217; x_wconf 88' lang='lat' dir='ltr'>habetur</span> <span class='ocrx_word' id='word_1_767' title='bbox 3405 5167 3468 5217; x_wconf 89' lang='lat' dir='ltr'>ut</span> <span class='ocrx_word' id='word_1_768' title='bbox 3502 5162 3746 5234; x_wconf 86' lang='lat' dir='ltr'>legatur</span> 
     </span>
    </p>
   </div>
   <div class='ocr_carea' id='block_1_114' title="bbox 2083 5250 3741 5320">
    <p class='ocr_par' dir='ltr' id='par_1_114' title="bbox 2083 5250 3741 5320">
     <span class='ocr_line' id='line_1_114' title="bbox 2083 5250 3741 5320; baseline 0.002 -15"><span class='ocrx_word' id='word_1_769' title='bbox 2083 5251 2557 5315; x_wconf 85' lang='lat' dir='ltr'>catechumenis;</span> <span class='ocrx_word' id='word_1_770' title='bbox 2593 5267 2763 5320; x_wconf 88' lang='lat' dir='ltr'>quam</span> <span class='ocrx_word' id='word_1_771' title='bbox 2799 5250 3036 5305; x_wconf 89' lang='lat' dir='ltr'>demum</span> <span class='ocrx_word' id='word_1_772' title='bbox 3071 5250 3203 5306; x_wconf 90' lang='lat' dir='ltr'>licet</span> <span class='ocrx_word' id='word_1_773' title='bbox 3252 5267 3367 5304; x_wconf 90' lang='lat' dir='ltr'>non</span> <span class='ocrx_word' id='word_1_774' title='bbox 3415 5251 3618 5306; x_wconf 89' lang='lat' dir='ltr'>eodem</span> <span class='ocrx_word' id='word_1_775' title='bbox 3669 5253 3741 5309; x_wconf 85' lang='lat' dir='ltr'>in</span> 
     </span>
    </p>
   </div>
   <div class='ocr_carea' id='block_1_115' title="bbox 2082 5338 3741 5411">
    <p class='ocr_par' dir='ltr' id='par_1_115' title="bbox 2082 5338 3741 5411">
     <span class='ocr_line' id='line_1_115' title="bbox 2082 5338 3741 5411; baseline 0.001 -18"><span class='ocrx_word' id='word_1_776' title='bbox 2082 5340 2263 5411; x_wconf 88' lang='lat' dir='ltr'>pretio</span> <span class='ocrx_word' id='word_1_777' title='bbox 2296 5339 2547 5393; x_wconf 88' lang='lat' dir='ltr'>habeant</span> <span class='ocrx_word' id='word_1_778' title='bbox 2578 5338 2851 5393; x_wconf 88' lang='lat' dir='ltr'>Catholici</span> <span class='ocrx_word' id='word_1_779' title='bbox 2886 5356 2951 5392; x_wconf 91' lang='lat' dir='ltr'>ac</span> <span class='ocrx_word' id='word_1_780' title='bbox 2982 5339 3348 5404; x_wconf 85' lang='lat' dir='ltr'>canonicam,</span> <span class='ocrx_word' id='word_1_781' title='bbox 3382 5343 3445 5392; x_wconf 89' lang='lat' dir='ltr'>ut</span> <span class='ocrx_word' id='word_1_782' title='bbox 3476 5354 3545 5393; x_wconf 82' lang='lat' dir='ltr'>ex</span> <span class='ocrx_word' id='word_1_783' title='bbox 3573 5355 3640 5394; x_wconf 87' lang='lat' dir='ltr'>ea</span> <span class='ocrx_word' id='word_1_784' title='bbox 3666 5341 3741 5394; x_wconf 75' lang='lat' dir='ltr'>{i-</span> 
     </span>
    </p>
   </div>
   <div class='ocr_carea' id='block_1_116' title="bbox 2078 5428 3729 5499">
    <p class='ocr_par' dir='ltr' id='par_1_116' title="bbox 2078 5428 3729 5499">
     <span class='ocr_line' id='line_1_116' title="bbox 2078 5428 3729 5499; baseline 0 -16"><span class='ocrx_word' id='word_1_785' title='bbox 2078 5431 2166 5483; x_wconf 89' lang='lat' dir='ltr'>dei</span> <span class='ocrx_word' id='word_1_786' title='bbox 2201 5429 2474 5499; x_wconf 83' lang='lat' dir='ltr'>dogmata</span> <span class='ocrx_word' id='word_1_787' title='bbox 2502 5428 2868 5495; x_wconf 82' lang='lat' dir='ltr'>conﬁrment,</span> <span class='ocrx_word' id='word_1_788' title='bbox 2903 5444 3015 5482; x_wconf 91' lang='lat' dir='ltr'>non</span> <span class='ocrx_word' id='word_1_789' title='bbox 3050 5428 3176 5481; x_wconf 90' lang='lat' dir='ltr'>ideo</span> <span class='ocrx_word' id='word_1_790' title='bbox 3215 5428 3729 5498; x_wconf 83' lang='lat' dir='ltr'>quemadmodum</span> 
     </span>
    </p>
   </div>
   <div class='ocr_carea' id='block_1_117' title="bbox 2078 5515 3735 5588">
    <p class='ocr_par' dir='ltr' id='par_1_117' title="bbox 2078 5515 3735 5588">
     <span class='ocr_line' id='line_1_117' title="bbox 2078 5515 3735 5588; baseline 0.001 -18"><span class='ocrx_word' id='word_1_791' title='bbox 2078 5517 2468 5587; x_wconf 70' lang='lat' dir='ltr'>apocrypham</span> <span class='ocrx_word' id='word_1_792' title='bbox 2510 5516 2939 5581; x_wconf 87' lang='lat' dir='ltr'>abominantur,</span> <span class='ocrx_word' id='word_1_793' title='bbox 2993 5522 3167 5588; x_wconf 89' lang='lat' dir='ltr'>atque</span> <span class='ocrx_word' id='word_1_794' title='bbox 3197 5533 3227 5570; x_wconf 90' lang='lat' dir='ltr'>e</span> <span class='ocrx_word' id='word_1_795' title='bbox 3258 5515 3497 5588; x_wconf 87' lang='lat' dir='ltr'>templis</span> <span class='ocrx_word' id='word_1_796' title='bbox 3531 5515 3735 5571; x_wconf 88' lang='lat' dir='ltr'>elimi-</span> 
     </span>
    </p>
   </div>
   <div class='ocr_carea' id='block_1_118' title="bbox 2076 5605 3729 5678">
    <p class='ocr_par' dir='ltr' id='par_1_118' title="bbox 2076 5605 3729 5678">
     <span class='ocr_line' id='line_1_118' title="bbox 2076 5605 3729 5678; baseline 0.001 -18"><span class='ocrx_word' id='word_1_797' title='bbox 2076 5611 2237 5671; x_wconf 86' lang='lat' dir='ltr'>nant,</span> <span class='ocrx_word' id='word_1_798' title='bbox 2270 5605 2532 5676; x_wconf 89' lang='lat' dir='ltr'>quinimo</span> <span class='ocrx_word' id='word_1_799' title='bbox 2564 5622 2697 5661; x_wconf 91' lang='lat' dir='ltr'>cum</span> <span class='ocrx_word' id='word_1_800' title='bbox 2732 5607 3048 5661; x_wconf 87' lang='lat' dir='ltr'>reverentia</span> <span class='ocrx_word' id='word_1_801' title='bbox 3080 5606 3401 5678; x_wconf 85' lang='lat' dir='ltr'>excipiunt,</span> <span class='ocrx_word' id='word_1_802' title='bbox 3433 5622 3499 5660; x_wconf 91' lang='lat' dir='ltr'>ac</span> <span class='ocrx_word' id='word_1_803' title='bbox 3537 5606 3593 5660; x_wconf 92' lang='lat' dir='ltr'>in</span> <span class='ocrx_word' id='word_1_804' title='bbox 3625 5624 3729 5662; x_wconf 86' lang='lat' dir='ltr'>ec-</span> 
     </span>
    </p>
   </div>
   <div class='ocr_carea' id='block_1_119' title="bbox 2073 5693 3734 5767">
    <p class='ocr_par' dir='ltr' id='par_1_119' title="bbox 2073 5693 3734 5767">
     <span class='ocr_line' id='line_1_119' title="bbox 2073 5693 3734 5767; baseline 0.003 -16"><span class='ocrx_word' id='word_1_805' title='bbox 2073 5695 2263 5752; x_wconf 87' lang='lat' dir='ltr'>clesiis</span> <span class='ocrx_word' id='word_1_806' title='bbox 2296 5694 2364 5749; x_wconf 91' lang='lat' dir='ltr'>ad</span> <span class='ocrx_word' id='word_1_807' title='bbox 2399 5693 2585 5767; x_wconf 88' lang='lat' dir='ltr'>plebis</span> <span class='ocrx_word' id='word_1_808' title='bbox 2608 5695 3047 5753; x_wconf 80' lang='lat' dir='ltr'>aediﬁcationem</span> <span class='ocrx_word' id='word_1_809' title='bbox 3069 5694 3355 5755; x_wconf 83' lang='lat' dir='ltr'>lectitant.</span> <span class='ocrx_word' id='word_1_810' title='bbox 3385 5696 3500 5754; x_wconf 82' lang='lat' dir='ltr'>Ista</span> <span class='ocrx_word' id='word_1_811' title='bbox 3521 5696 3734 5756; x_wconf 83' lang='lat' dir='ltr'>edoce-</span> 
     </span>
    </p>
   </div>
  </div>
