4094 6202
329 352 445 424 657

1718 360 2328 428 PROLEGOMENA.

3589 360 3711 427 658

328 513 460 553 mur
488 495 562 553 ab
594 494 846 571 Origene
874 498 944 554 ad
969 498 1211 555 Joannis
1242 514 1316 568 IV,
1347 499 1450 567 22;
1502 500 1773 567 Eusebio,
1825 499 1957 554 Hist.
1989 500 2044 566 Α
2077 499 2147 554 ab
2178 498 2522 572 Hieronymo
2553 499 2900 573 apocrypha,
2934 513 3038 555 seu
3070 500 3231 554 extra
3284 508 3586 567 canonem,
3636 495 3708 553 ad

318 583 420 640 lib.
456 602 542 651 xu,
575 601 700 658 cap.
734 586 789 657 3,
819 588 909 657 25,
939 588 1029 657 31,
1062 591 1118 643 et
1159 587 1331 658 alibi;
1378 588 1694 644 Athanasio
1736 589 1797 643 in
1834 588 1962 660 Epi-

322 674 475 729 stola
505 674 743 744 Festali,
768 678 825 730 et
852 675 910 730 in
938 675 1173 747 Synopsi
1207 677 1407 733 divina
1453 678 1792 749 Scriptura;
1826 678 1962 730 Am-

324 761 621 835 philochio
654 762 712 817 in
743 763 997 819 Iambico
1027 766 1282 821 carmine
1312 766 1382 821 ad
1418 765 1743 836 Seleucum,
1774 766 1964 820 Hiero-

323 867 499 923 nymo
532 851 593 905 in
625 852 1061 922 praefationibus
1094 853 1163 909 ad
1194 854 1415 923 Judith,
1440 858 1497 910 et
1526 857 1597 910 ad
1645 856 1756 910 tria
1812 854 1966 909 Salo-

325 939 518 995 monis
545 938 877 1006 volumina;
907 941 1114 997 Ruﬁno
1144 942 1201 996 in
1235 942 1477 1014 Symboli
1504 946 1859 1013 expositione,
1910 946 1965 997 et

326 1029 650 1100 Nicephoro
681 1029 1321 1102 Constantinopolitano
1371 1031 1427 1086 in
1462 1032 1685 1088 Canone
1714 1033 1964 1103 Scriptu-

322 1135 534 1173 rarum.
568 1118 744 1173 Porro
767 1120 1072 1191 utriusque
1117 1120 1293 1191 hujus
1349 1120 1652 1177 divisionis
1700 1122 1962 1176 membra

324 1206 802 1263 subdividuntur.
886 1208 949 1261 In
1007 1207 1217 1279 prima,
1278 1210 1563 1264 canonica:
1642 1210 1966 1281 Scriptum,

312 1296 487 1366 juxta
516 1295 865 1351 sententiam
906 1296 1090 1352 sancti
1119 1298 1450 1369 Augustini,
1490 1298 1613 1353 loco
1671 1299 1842 1354 citato
1898 1316 1965 1353 ex

321 1385 582 1439 Doctrina
611 1382 950 1455 Christiana,
997 1385 1084 1441 vel
1142 1386 1213 1441 ab
1273 1387 1544 1442 omnibus
1600 1388 1967 1459 accipiuntur

319 1472 593 1528 Ecclesiis
624 1472 945 1540 catholicis,
968 1474 1055 1529 vel
1089 1491 1121 1529 a
1163 1473 1428 1546 pluribus
1479 1481 1537 1531 et
1580 1477 1962 1548 gravioribus,

318 1561 409 1616 vel
442 1578 475 1616 a
495 1561 873 1633 paucioribus
905 1562 1267 1634 minorisque
1297 1565 1680 1632 auctoritatis,
1714 1566 1800 1620 vel
1820 1565 1965 1620 forte

322 1668 357 1705 a
384 1649 659 1721 pluribus
692 1654 752 1704 at
781 1667 897 1705 non
919 1651 1303 1723 gravioribus,
1338 1658 1439 1709 aut
1466 1653 1712 1724 denique
1767 1652 1961 1709 forsan

321 1756 355 1794 a
382 1739 749 1811 gravioribus
779 1740 881 1794 sed
906 1756 1019 1795 non
1050 1740 1317 1811 pluribus
1343 1760 1356 1808 ;
1394 1743 1591 1813 sicque
1630 1748 1732 1797 aut
1773 1742 1960 1798 omni-

322 1828 531 1898 modis,
563 1832 665 1883 aut
694 1828 953 1899 majoris,
996 1834 1096 1884 aut
1142 1830 1382 1901 aequalis
1431 1832 1794 1886 auctoritatis
1827 1847 1959 1886 cen-
1995 1867 2041 1931 B

320 1915 438 1971 seri
467 1917 700 1972 debent.
730 1920 915 1981 Quam
947 1917 1399 1989 inaequalitatem
1450 1920 1815 1975 auctoritatis
1860 1921 1961 1975 Ju—

321 2005 463 2059 dazis
494 2021 610 2060 non
629 2005 809 2061 fuisse
836 2006 1157 2061 inauditam
1179 2006 1384 2079 colligo
1409 2023 1476 2062 ex
1508 2006 1965 2078 Philone,1ib.De

319 2096 437 2150 vita
455 2095 883 2166 contemplativa
913 2094 1207 2167 ;Josepho,
1233 2094 1617 2151 librorcontra
1644 2098 1962 2168 Appionem,

318 2188 495 2255 atque
524 2184 960 2256 Hieronymo,in
992 2184 1426 2256 praefationibus
1456 2186 1526 2240 ad
1559 2186 1838 2258 Reges,ad
1856 2187 1963 2241 To-

318 2272 578 2343 biam,ad
606 2272 1014 2342 Juditbam,ad
1046 2272 1233 2344 Opera
1263 2274 1595 2329 Salomonis
1626 2279 1683 2329 et
1728 2275 1799 2329 ad
1848 2275 1965 2329 Da-

320 2361 554 2417 nielem.
587 2362 672 2416 Ab
712 2362 916 2417 eodem
944 2361 1411 2434 Augustino,lib.
1462 2380 1601 2418 xvm
1640 2364 1715 2418 De
1740 2365 1965 2418 civitate

318 2452 433 2517 Dei,
466 2467 592 2521 cap.
620 2450 710 2517 36,
762 2449 973 2521 duplex
1018 2466 1205 2507 canon
1251 2451 1677 2522 Scripturarum
1736 2452 1962 2507 Veteris

319 2538 680 2595 Testamenti
711 2539 891 2594 statui
920 2538 1183 2603 videtur;
1216 2555 1416 2594 earum
1450 2557 1596 2611 quas
1631 2540 1811 2595 Judaei
1860 2558 1961 2612 pro

319 2625 620 2683 canonicis
642 2626 883 2693 habent,
914 2632 971 2682 et
1000 2644 1198 2683 earum
1232 2644 1379 2699 quas
1403 2628 1693 2684 Ecclesia:
1736 2646 1852 2700 qua
1893 2630 1963 2684 de

320 2731 381 2771 re
412 2715 781 2772 consulendis
813 2716 1017 2771 Isidori
1051 2718 1329 2789 Origines,
1358 2716 1457 2772 lib.
1491 2735 1567 2783 v1,
1619 2735 1745 2789 cap.
1796 2720 1845 2772 1.
1896 2719 1961 2773 In

320 2804 524 2860 eadem
554 2803 746 2876 prima
766 2804 1191 2861 divisionelibri
1224 2805 1536 2878 apocryphi
1566 2809 1781 2879 gradus
1804 2807 1963 2864 simi-

325 2893 457 2948 liter
486 2894 775 2959 obtinent,
808 2899 979 2965 prout
1018 2894 1088 2949 ad
1118 2894 1418 2948 veritatem
1450 2911 1513 2949 ac
1545 2896 1958 2966 pietatem,fal-

325 2981 559 3037 sitatem
589 2986 647 3037 et
675 2983 1035 3054 impietatem
1066 2982 1257 3053 magis
1279 2988 1380 3037 aut
1411 2984 1606 3039 minus
1626 2988 1957 3057 verguntJn

323 3070 583 3126 secunda
611 3070 831 3141 pariter
858 3070 1161 3138 divisione,
1195 3070 1385 3125 dubiae
1431 3071 1758 3143 Scripturas,
1807 3076 1959 3146 apud

319 3158 639 3213 Eusebium
659 3157 761 3213 lib.
786 3176 846 3228 ιι,
879 3174 1004 3231 cap.
1036 3160 1138 3226 23;
1168 3158 1269 3214 lib.
1304 3174 1390 3225 ιη,
1422 3176 1547 3233 cap.
1578 3162 1612 3215 3
1642 3168 1698 3217 et
1731 3164 1820 3227 25,
1868 3164 1961 3219 di-

2074 589 2336 645 Ecclesiae
2392 589 2835 645 adiﬁcationem
2892 587 3237 659 pertinens:
3295 604 3330 643 a
3383 586 3707 659 Nicephoro

2072 677 2708 748 Constantinopolitano
2743 694 2855 732 non
2886 676 3180 744 canonica,
3213 692 3327 731 non
3360 674 3707 748 apocrypha,

2073 768 2171 824 sed
2206 767 2295 821 cui
2319 766 2767 822 contradicitur:
2804 784 2836 821 a
2868 765 3026 821 nullo
3058 763 3386 837 apocrypha
3406 762 3707 819 deterioris

2073 861 2241 924 notaa,
2274 873 2422 911 noxa
2453 855 2695 924 scilicet,
2725 855 3010 925 haeretica,
3035 854 3250 925 impia;
3282 853 3450 925 cujus
3478 851 3709 925 generis

2072 945 2299 1000 videtur
2329 946 2508 1000 fuisse
2540 943 2915 1015 Evangelium
2947 942 3293 1014 inscriptum
3315 940 3549 996 nomine
3569 941 3705 997 Bar-

2073 1036 2265 1101 nabas;
2300 1035 2451 1105 quod
2482 1035 2540 1088 in
2565 1032 2809 1088 concilio
2843 1032 3100 1086 Romano
3122 1045 3296 1101 opera
3316 1029 3524 1085 Gelasii
3543 1028 3707 1085 dam-

2076 1127 2275 1177 natum
2306 1128 2411 1178 est.
2444 1122 2587 1177 Vide
2617 1138 2795 1192 supra
2822 1119 2988 1174 initio
3023 1123 3289 1173 notarum
3332 1117 3391 1172 in
3437 1116 3710 1173 Constitu-

2072 1213 2244 1266 tiones
2288 1212 2610 1281 apostolicus
2658 1212 2758 1281 (1),
2807 1207 3133 1264 Indiculum
3180 1206 3632 1278 Scripturarum,
3680 1221 3712 1261 e

2072 1300 2419 1355 bibliotheca
2449 1300 2621 1370 Regia
2649 1300 3078 1369 depromptum.

2146 1391 2351 1443 Titulus
2378 1389 2667 1460 Epistolas.
2688 1389 2886 1442 Restat
2916 1385 3072 1440 aliud
3104 1383 3270 1452 nihil,
3303 1382 3415 1439 nisi
3447 1383 3518 1439 de
3542 1381 3710 1438 titulo

2074 1477 2338 1549 Epistolas
2368 1478 2680 1548 inquiram,
2712 1477 2782 1531 ad
2816 1491 2963 1546 quos
2996 1472 3208 1545 scripta
3238 1472 3428 1528 fuerit.
3452 1472 3564 1527 Res
3593 1486 3709 1526 non

2075 1567 2270 1638 magni
2300 1571 2387 1620 est
2420 1565 2718 1621 momenti.
2744 1565 2816 1620 Ut
2834 1563 2988 1620 enim
3012 1559 3710 1634 praeclareTertullianus:

2072 1656 2229 1710 Nihil
2253 1656 2318 1710 de
2348 1656 2529 1711 titulis
2574 1658 2816 1719 interest,
2866 1670 2991 1707 cum
3036 1652 3107 1707 ad
3158 1666 3345 1706 omnes
3400 1648 3718 1720 scripserint

2069 1745 2343 1815 apostoli,
2375 1754 2491 1800 tum
2550 1745 2619 1798 ad
2666 1742 2943 1814 quosdam.
2993 1745 3075 1795 Ac
3151 1740 3295 1794 forte
3360 1736 3715 1814 ἀνεπίγραφος

2071 1850 2301 1905 semper
2327 1834 2548 1889 exstitit
2580 1852 2591 1899 ;
2627 1831 2859 1903 qualem
2890 1829 3182 1885 cernimus
3202 1826 3445 1883 Joannis
3465 1826 3711 1898 apostoli

2073 1922 2343 1994 primam.
2370 1922 2530 1984 Quod
2563 1921 2611 1976 si
2643 1921 2809 1975 aliter
2839 1936 2899 1974 se
2933 1935 3023 1973 res
3053 1917 3284 1987 habeat,
3311 1915 3615 1987 conjiciam
3643 1932 3712 1972 ex

2072 2016 2192 2066 tota
2218 2010 2497 2066 orationis
2527 2009 2695 2076 serie,
2727 2010 2797 2064 ad
2829 2006 3185 2063 Christianos
3237 2005 3507 2060 Hebraeos
3564 2003 3706 2059 mis-

2075 2118 2218 2166 sam,
2251 2105 2479 2155 tenaces
2506 2098 2753 2153 nimium
2786 2096 3101 2167 antiquata:
3132 2094 3299 2166 legis,
3333 2095 3404 2149 ad
3437 2094 3705 2149 Hebraea

2072 2189 2415 2260 inscriptam
2436 2188 2635 2243 fuisse.
2672 2187 2930 2257 llincque
2962 2183 3149 2256 potuit
3169 2182 3290 2238 fieri
3331 2185 3418 2249 ut,
3473 2184 3706 2254 accepto

2076 2294 2307 2333 rumore
2337 2278 2407 2332 de
2439 2274 2695 2347 Epistola
2725 2275 2973 2345 quadam
3008 2272 3285 2328 Barnabas
3314 2271 3386 2326 ad
3443 2270 3711 2326 Hebraeos

2073 2384 2107 2422 a
2139 2384 2199 2421 se
2224 2384 2336 2421 non
2366 2366 2512 2428 visa,
2543 2364 2934 2420 Tertullianus
2964 2377 3091 2432 cap.
3122 2362 3211 2428 20,
3236 2359 3337 2415 lib.
3383 2360 3456 2414 De
3494 2359 3712 2431 pudici-

2078 2456 2177 2524 tia,
2208 2454 2526 2526 Epistolam
2549 2451 2709 2506 Pauli
2742 2449 3081 2505 canonicam
3114 2449 3182 2503 ad
3216 2448 3501 2515 Hebraeos,
3517 2448 3587 2503 de
3609 2462 3714 2503 cu-

2066 2545 2169 2615 jus
2205 2548 2436 2597 auctore
2460 2557 2524 2595 ao
2555 2539 2897 2595 auctoritate
2926 2536 3349 2608 ambigebatur,
3375 2534 3665 2607 putaverit
3682 2552 3716 2590 a

2072 2632 2335 2688 Barnaba
2364 2630 2545 2685 fuisse
2575 2629 2950 2683 destinatam.
2973 2628 3160 2697 Atque
3188 2624 3472 2680 hactenus
3494 2624 3563 2680 de
3584 2624 3710 2697 Epi-

2070 2722 2237 2777 stola.

2139 2810 2373 2880 Antiqua
2392 2809 2584 2863 versio.
2615 2806 2795 2861 Vetus
2825 2808 3019 2859 autem
3050 2801 3448 2874 interpretatio
3496 2802 3708 2858 barba-

2070 2900 2213 2955 riem
2249 2898 2486 2969 ubique,
2519 2895 2733 2967 ubique
2755 2893 3167 2965 negligentiam
3200 2890 3476 2955 ostendit,
3511 2894 3718 2963 estque

2069 2988 2405 3059 imperfecta
2434 2990 2491 3040 et
2522 2984 2888 3049 mutila,tum
2905 2981 3154 3054 passim,
3177 2984 3305 3035 tum
3336 2979 3625 3051 precipue
3645 2979 3719 3035 ad

2070 3078 2267 3141 finem,
2301 3075 2400 3130 ubi
2434 3073 2751 3146 posteriora
2780 3072 2970 3143 capita
3000 3072 3357 3139 resecantur,
3410 3069 3553 3123 forte
3584 3066 3724 3139 quia

2078 3166 2273 3218 minus
2321 3164 2490 3217 docta
2518 3161 2862 3215 videbantur
2892 3158 3392 3229 interpreti,atque
3420 3156 3492 3212 ad
3522 3172 3714 3213 mores

317 3247 653 3302 versitatem
685 3247 975 3318 accipiunt
1002 3264 1071 3303 ex
1118 3248 1487 3319 proximitate
1540 3253 1608 3305 ad
1657 3252 1964 3307 canonicas
1994 3233 2038 3297 Ο
2079 3254 2267 3324 magis
2297 3250 2646 3323 pertinentia
2669 3267 2687 3301 :
2715 3248 2896 3319 igitur
2914 3247 3150 3303 omissis
3172 3244 3589 3317 iis,paucisque
3615 3261 3713 3302 vo-

315 3334 403 3390 vel
435 3336 506 3390 ad
533 3335 894 3408 apocryphas
915 3352 1067 3403 ;cum
1091 3353 1124 3390 a
1144 3335 1413 3408 pluribus
1437 3337 1706 3395 Ecclesiis
1732 3341 1961 3410 publice

311 3423 814 3489 lectitantur,cum
848 3425 917 3479 ab
939 3424 1198 3495 antiquis
1228 3426 1559 3481 doctoribus
1592 3429 1965 3499 reperiuntur

314 3512 593 3584 allegata,
637 3529 889 3584 cumque
936 3512 1147 3585 spuria
1190 3514 1463 3569 videntur
1517 3532 1582 3570 ac
1634 3517 1705 3571 de
1752 3518 1964 3589 quibus

318 3617 494 3671 quam
522 3600 775 3655 maxime
804 3601 1124 3657 dubitatur.

383 3689 486 3744 His
516 3688 596 3743 ita
624 3688 852 3760 positis,
880 3691 1171 3747 evanescit
1200 3692 1391 3747 omnis
1448 3692 1783 3749 difﬁcultas.
1830 3696 1964 3768 Epi-

322 3777 474 3833 stola
503 3777 781 3832 Barnabae
806 3778 877 3833 ab
906 3777 1149 3852 Origene
1193 3784 1249 3834 et
1293 3780 1642 3852 quibusdam
1695 3784 1968 3840 Ecclesiis

320 3866 603 3922 canonica
634 3872 898 3938 reputate.
922 3868 1065 3935 fuit;
1099 3886 1132 3923 a
1156 3868 1448 3925 Clemente
1474 3870 1859 3928 Alexandrino
1881 3874 1968 3929 in-

319 3956 556 4011 terdum
598 3957 903 4025 canonica,
931 3957 1226 4013 interdum
1272 3958 1471 4024 dubia,
1512 3959 1807 4016 interdum
1854 3980 1968 4018 non

325 4044 630 4113 canonica,
662 4061 763 4100 seu
796 4046 1124 4118 apocrypha
1146 4047 1203 4101 in
1229 4047 1380 4102 bono
1402 4064 1577 4103 sensu
1598 4052 1796 4120 prima}
1827 4052 1969 4107 divi-

2070 3342 2245 3397 cibus
2276 3338 2530 3407 insertis,
2562 3337 2942 3409 colophonem
2974 3351 3075 3408 per
3114 3335 3483 3407 doxologiam
3524 3333 3714 3406 impo-

2073 3431 2176 3486 nit.
2216 3431 2404 3485 Suum
2436 3434 2632 3482 tamen
2666 3425 2751 3479 illi
2782 3424 3033 3480 versioni
3063 3424 3316 3495 pretium
3350 3438 3364 3477 :
3410 3423 3504 3478 cui
3551 3422 3719 3478 debe-

2074 3535 2205 3574 mus
2238 3518 2429 3589 priora
2450 3516 2659 3587 capita,
2684 3531 2817 3569 cum
2850 3530 2963 3568 non
2980 3511 3183 3583 paucis
3212 3510 3716 3569 emendationibus

2072 3607 2252 3663 Graeci
2275 3608 2671 3669 contextus,ut
2698 3601 2842 3657 nihil
2876 3602 3065 3657 dicam
3089 3601 3159 3656 de
3188 3600 3535 3671 antiquitate
3555 3598 3716 3655 illius

2075 3713 2139 3751 ac
2169 3693 2562 3765 simplicitate.
3606 3750 3616 3761 _

2143 3783 2550 3840 Stichometria.
2586 3780 2865 3835 Caterum
2895 3778 3174 3833 ineditam
3222 3776 3711 3846 Stichometriam,

2076 3875 2246 3944 cujus
2276 3870 2535 3939 memini,
2568 3869 2784 3940 placuit
2812 3868 2906 3922 hic
2936 3865 3485 3938 apponere,tametsi
3539 3865 3716 3920 muti-

2078 3964 2191 4018 lam
2236 3966 2293 4016 et
2322 3963 2690 4029 corruptam;
2724 3957 2861 4028 quia
2892 3973 3006 4012 non
3059 3955 3409 4011 mediocrem
3461 3954 3715 4009 fructum

2081 4051 2277 4104 ail‘eret
2300 4045 2648 4118 legentibus,
2682 4048 2854 4115 atque
2885 4042 3313 4099 conferentibus
3345 4058 3478 4097 cum
3500 4039 3603 4096 illa
3624 4041 3717 4096 Ni-

318 4132 501 4189 sionis
533 4134 607 4187 ab
637 4133 888 4189 Eusebio
919 4134 1119 4200 dubia,
1145 4134 1365 4206 spuria,
1393 4135 1567 4191 citata
1608 4138 1841 4208 quidem
1900 4142 1972 4195 ab
2081 4136 2313 4209 cephori
2344 4131 2991 4203 Constantinopolitani,
3024 4148 3157 4187 cum
3208 4148 3351 4188 mss.
3396 4129 3716 4186 Bibliorum

317 4221 599 4294 antiquis,
620 4225 679 4277 at
706 4220 963 4278 melioris
996 4235 1144 4278 notae
1172 4224 1517 4296 apocryphis
1550 4226 1931 4297 propinquior
1956 4245 1969 4284 :

651 4482 852 4534 Versus
880 4478 1304 4551 Scripturarum
1318 4496 1642 4537 sacrarum.

323 4564 590 4622 Genesis.
670 4610 685 4623 .
768 4608 780 4620 .
862 4610 873 4620 .
955 4609 967 4621 .
1048 4609 1061 4621 .
1143 4611 1155 4622 .
1232 4568 1449 4624 Versus
1522 4586 1769 4625 MMMMD.

318 4654 573 4709 Exodus.
656 4698 666 4708 .
750 4697 761 4708 .
844 4696 856 4708 .
939 4698 949 4709 .
1035 4697 1046 4708 .
1126 4697 1139 4709 .
1222 4699 1233 4710 .
1315 4700 1327 4713 .
1410 4700 1423 4711 .
1535 4675 1797 4713 MMMDCC.

321 4741 667 4800 Leviticum.
748 4785 761 4797 .
842 4786 854 4797 .
936 4786 948 4797 .
1031 4786 1043 4798 .
1125 4787 1135 4799 .
1218 4786 1230 4798 .
1312 4787 1324 4798 .
1408 4788 1419 4798 .
1538 4763 1786 4802 MMDCCC.

314 4830 580 4888 Numeri.
664 4875 675 4887 .
761 4874 773 4885 .
854 4874 867 4886 .
949 4874 960 4885 .
1043 4875 1054 4887 .
1137 4875 1148 4885 .
1232 4874 1244 4886 .
1324 4876 1335 4887 .
1419 4876 1430 4887 .
1539 4852 1803 4892 MMMDCL.

316 4922 861 4980 Denteronomium.
942 4964 952 4976 .
1036 4962 1047 4976 .
1132 4964 1142 4976 .
1225 4965 1236 4977 .
1321 4965 1332 4977 .
1417 4964 1427 4976 .
1548 4940 1789 4983 MMMCCC

312 5011 1428 5069 JesuNave.........
1539 5029 1650 5068 MM.

310 5100 632 5157 Judicum.
742 5141 755 5154 .
834 5141 848 5155 .
934 5141 947 5156 .
1027 5143 1041 5155 .
1122 5142 1133 5155 .
1217 5142 1229 5154 .
1316 5144 1328 5156 .
1408 5143 1420 5155 .
1538 5119 1649 5156 MM.

313 5188 1642 5246 Ruth..........ccr..

312 5280 673 5351 Regnorum.
700 5278 927 5334 Primus
957 5277 1139 5334 liber.
1220 5319 1233 5333 .
1316 5319 1328 5331 .
1410 5321 1421 5333 .
1536 5297 1680 5334 MMD.

424 5399 491 5410 —
709 5367 1015 5423 Secundus
1048 5365 1227 5423 liber.
1309 5409 1321 5421 .
1402 5409 1415 5421 .
1528 5386 1641 5424 MM.

395 5544 473 5615 (1)
504 5541 760 5615 Hujusce
789 5504 1130 5614 Patrolog‘iz
1157 5545 1199 5598 t.
1225 5546 1268 5612 I,
1299 5542 1407 5599 col.
1438 5543 1562 5597 467.

1995 4484 2407 4556 DRegnorum
2436 4480 2663 4535 Tertius
2691 4479 2855 4534 liber.
2931 4517 2947 4533 .
3034 4521 3045 4531 .
3125 4520 3139 4535 .
3221 4518 3233 4531 .

2082 4227 2397 4295 codicibus,
2422 4239 2674 4294 cumque
2703 4220 2998 4278 laterculis
3015 4221 3469 4293 Scripturarum.

3346 4492 3533 4533 MMDC.

2182 4604 2249 4612 —
2361 4571 2613 4634 Quartus
2645 4568 2856 4625 liber..
2940 4611 2952 4621 .
3032 4611 3045 4622 .
3127 4609 3138 4621 .
3221 4608 3233 4621 .
3346 4580 3596 4622 mucccc.

2252 4660 2557 4731 (Excidisse
2586 4658 2841 4713 videntur
2879 4657 3011 4712 libri
3036 4654 3534 4729 Paralipomenon.)

2077 4749 2293 4805 Psalmi
2326 4748 2601 4803 Davidici.
2685 4788 2696 4800 .
2778 4789 2789 4801 .
2871 4788 2884 4801 .
2966 4787 2978 4799 .
3061 4787 3071 4799 .
3154 4786 3166 4799 .
3247 4788 3259 4800 .
3370 4759 3618 4800 MMMIM.

2074 4838 2399 4894 Proverbia.
2481 4879 2492 4890 .
2574 4877 2585 4890 .
2668 4878 2679 4890 .
2762 4876 2773 4889 .
2856 4878 2867 4889 .
2945 4877 2954 4887 .
3042 4875 3055 4887 .
3138 4876 3148 4888 .
3228 4876 3243 4890 .
3354 4846 3493 4889 MDC.

2073 4924 2467 4983 Ecclesiastes.
2568 4966 2580 4978 .
2664 4966 2675 4977 .
2758 4965 2771 4977 .
2852 4964 2863 4977 .
2947 4964 2959 4976 .
3039 4964 3051 4977 .
3135 4964 3146 4977 .
3228 4965 3240 4977 .
3352 4936 3438 4978 nc.

2073 5014 2307 5070 Cantica
2336 5013 2718 5068 canticorum.
2756 5054 2768 5066 .
2849 5053 2861 5065 .
2944 5052 2956 5066 .
3036 5052 3049 5066 .
3131 5052 3142 5064 .
3224 5051 3236 5064 .
3348 5025 3461 5067 ccc.

2072 5102 2394 5177 Sapientia.
2472 5144 2484 5157 .
2565 5142 2578 5155 .
2664 5142 2675 5154 .
2756 5144 2768 5156 .
2851 5144 2864 5155 .
2945 5142 2958 5154 .
3037 5142 3049 5154 .
3130 5141 3142 5154 .
3223 5140 3235 5152 .
3347 5115 3413 5153 M.

2075 5191 2376 5264 Sapientia
2404 5191 2582 5246 Jesu.
2667 5232 2679 5243 .
2760 5231 2772 5245 .
2854 5232 2865 5243 .
2947 5229 2959 5241 .
3040 5228 3052 5242 .
3134 5228 3146 5240 .
3227 5229 3240 5243 .
3353 5202 3499 5243 Miro.

2082 5280 2398 5336 Duodecim
2431 5278 2779 5351 Propheta.
2860 5319 2872 5331 .
2953 5321 2965 5333 .
3049 5318 3061 5331 .
3142 5318 3155 5331 .
3234 5318 3248 5332 .
3360 5274 3608 5331 δίδασκ’.

2070 5371 3512 5426 0see............nxxx.

395 5636 419 5656 ⁴
458 5632 750 5689 Numerus
760 5631 1048 5705 generalis
1062 5648 1193 5689 cum
1206 5631 1655 5705 particularibus
1668 5650 1780 5690 non
1795 5634 2125 5691 concordat.
