4094 6202
238 326 360 393 659
1408 328 1472 391 S.
1515 326 1939 391 BARNABAS
1981 328 2465 393 APOSTOLUS.
3510 327 3637 389 660

238 465 437 519 Amos.
520 504 533 516 .
614 503 627 516 .
710 502 721 515 .
804 503 816 516 .
901 503 912 516 .
996 505 1007 515 .
1093 504 1105 516 .
1184 502 1197 516 .
1279 502 1291 514 .
1373 505 1387 517 .
1500 479 1691 518 ccccx.
1909 462 1963 529 Α
2381 495 2447 503 —
2698 463 2928 520 Lucas.
2983 500 2999 519 .
3055 502 3071 519 .
3208 477 3499 519 nuncccc.

239 552 527 607 Michaaas.
608 591 621 604 .
702 593 714 604 .
797 594 809 606 .
890 592 901 603 .
986 595 997 606 .
1078 595 1090 607 .
1172 595 1184 606 .
1266 595 1277 605 .
1361 595 1372 606 .
1484 568 1639 607 cccx.
1987 551 2469 623 EpistolaePauli.
2504 553 2589 608 Ad
2620 553 2993 611 Romanos.
3042 591 3061 609 .
3199 569 3335 607 λιιι.

240 640 387 698 Joel.
495 683 507 694 .
601 682 613 693 .
700 683 712 694 .
793 686 808 712 ,
887 686 899 698 .
982 684 993 696 .
1077 686 1088 697 .
1172 684 1183 695 .
1266 685 1278 695 .
1359 686 1371 695 .
1483 660 1570 697 xc.
2131 673 2194 681 —
2340 642 2425 697 Ad
2457 641 2786 698 Corinthios
2818 641 3049 713 prima.
3186 658 3315 697 unx.

240 730 481 784 Abdias.
587 771 599 783 .
684 771 694 782 .
778 774 790 785 .
875 773 888 785 .
968 774 980 785 .
1063 773 1075 785 .
1156 774 1169 786 .
1251 773 1264 785 .
1345 772 1357 785 .
1470 748 1596 785 Lxx.
2130 761 2198 771 —
2342 731 2427 786 Ad
2451 730 3081 787 Corinthiossecunda.
3196 730 3347 785 Lxx'.

241 820 495 874 Jonas..
578 862 590 874 .
684 860 697 872 .
779 863 791 874 .
883 862 894 873 .
976 861 987 872 .
1070 864 1082 875 .
1164 864 1176 875 .
1258 862 1270 874 .
1352 862 1364 873 .
1476 837 1561 875 cn.
2130 852 2199 861 ——
2343 820 2727 878 AdGalatas.
2779 858 2797 875 .
2851 857 2871 876 .
2923 860 2938 876 .
2993 858 3009 875 .
3069 862 3082 875 .
3195 836 3345 875 cccc.

245 906 497 963 Nahum.
578 948 590 962 .
672 950 685 963 .
768 951 780 961 .
864 952 875 963 .
968 951 979 962 .
1061 953 1072 965 .
1154 951 1166 963 .
1248 952 1260 963 .
1344 950 1355 962 .
1468 925 1588 963 cxn.
2134 940 2201 949 —
2347 910 2433 964 Ad
2464 908 2793 980 Ephesios.
2860 945 2880 967 .
2932 944 2948 962 .
3004 950 3017 964 .
3077 950 3090 962 .
3203 924 3469 964 cccuxv.

242 997 587 1052 Ambacum.
669 1039 680 1051 .
762 1041 772 1052 .
856 1042 868 1052 .
950 1042 961 1052 .
1043 1040 1055 1051 .
1140 1041 1152 1051 .
1233 1040 1244 1053 .
1327 1040 1338 1053 .
1452 1015 1575 1052 cnx.
2339 996 3280 1070 (DeestadPhitipp.etadThes.)

248 1085 597 1157 Sophonias.
678 1128 690 1141 .
772 1130 784 1141 .
866 1129 877 1141 .
960 1129 972 1141 .
1053 1129 1065 1142 .
1146 1130 1157 1141 .
1239 1130 1252 1141 .
1332 1128 1345 1141 .
1456 1103 1582 1142 cnx.
2133 1118 2200 1127 —-
2346 1088 2425 1141 Ad
2459 1087 2831 1143 Timotheum
2862 1087 3099 1159 prima.
3211 1102 3399 1142 ccvm.

244 1176 510 1246 Aggmus.
591 1218 601 1229 .
685 1217 697 1229 .
778 1218 790 1229 .
874 1219 885 1229 .
966 1219 979 1232 .
1061 1218 1072 1229 .
1155 1219 1167 1230 .
1248 1219 1259 1231 .
1342 1217 1354 1229 .
1467 1193 1556 1230 cx.
2136 1204 2202 1214 —
2346 1176 2429 1229 Ad
2453 1175 2825 1231 Timotheum
2855 1191 2996 1233 see.
3067 1211 3090 1234 .
3222 1191 3512 1230 ccnxxxxx.

248 1256 598 1318 zachariae"
680 1305 692 1317 .
774 1307 786 1318 .
868 1307 880 1318 .
964 1307 976 1320 .
1057 1306 1069 1319 .
1151 1305 1163 1318 .
1246 1308 1258 1320 .
1340 1304 1354 1317 .
1468 1282 1626 1319 ncnx.
2135 1294 2204 1304 ——
2348 1264 2433 1319 Ad
2462 1265 2703 1322 Titum.
2777 1307 2790 1320 .
2844 1303 2866 1322 .
2918 1304 2934 1320 .
2989 1305 3005 1322 .
3059 1303 3077 1321 .
3211 1281 3334 1319 CXL.

244 1350 567 1407 Malachiel.
666 1393 679 1405 .
759 1394 771 1408 .
854 1397 867 1409 .
948 1396 961 1409 .
1042 1395 1055 1407 .
1136 1394 1147 1407 .
1229 1397 1241 1408 .
1323 1395 1335 1408 .
1448 1370 1532 1409 cc.
2137 1384 2205 1392 ——
2349 1353 2435 1407 Ad
2466 1352 2860 1409 Colossenses.
2914 1390 2934 1412 .
2985 1389 3007 1411 .
3055 1391 3077 1411 .
3208 1369 3349 1408 cum.

246 1440 471 1495 Esaias.
553 1484 565 1495 .
657 1483 669 1496 .
752 1484 763 1496 .
845 1485 858 1497 .
941 1485 952 1497 .
1035 1484 1047 1496 .
1130 1485 1142 1496 .
1223 1486 1236 1497 .
1318 1486 1331 1498 .
1443 1459 1674 1498 MMMDC.
2138 1471 2208 1480 —
2350 1443 2437 1496 Ad
2472 1441 2869 1499 Philemonem
2913 1485 2926 1499 .
2990 1481 3009 1499 .
3063 1482 3079 1499 .
3216 1460 3265 1497 L.

248 1527 559 1584 Jeremias.
642 1571 653 1584 .
736 1574 748 1585 .
830 1574 841 1585 .
927 1575 939 1587 .
1021 1575 1033 1587 .
1116 1573 1128 1585 .
1212 1573 1223 1585 .
1306 1573 1317 1585 .
1431 1548 1747 1587 MMMMLXX.
1998 1530 2152 1586 Petri
2183 1530 2417 1601 prima.
2470 1574 2483 1588 .
2540 1570 2554 1586 .
2612 1574 2625 1587 .
2682 1572 2699 1585 .
2754 1573 2768 1587 .
2825 1573 2839 1587 .
2904 1569 2925 1589 .
2974 1569 2994 1590 .
3056 1569 3075 1588 .
3208 1548 3292 1587 cc.

249 1616 555 1673 Ezechiel..
637 1662 649 1673 .
731 1662 742 1673 .
824 1664 835 1676 .
920 1662 931 1674 .
1014 1662 1026 1673 .
1111 1664 1123 1675 .
1207 1662 1219 1674 .
1302 1661 1314 1674 .
1427 1637 1661 1676 MMMDC.
2000 1619 2154 1675 Petri
2186 1620 2486 1676 secunda.
2541 1662 2555 1675 .
2631 1662 2645 1677 .
2699 1656 2719 1678 .
2770 1656 2791 1678 .
2842 1658 2861 1677 .
2914 1658 2933 1678 .
2985 1657 3002 1676 .
3055 1656 3075 1678 .
3208 1637 3329 1676 CXL.

251 1705 1315 1763 Daniel..........
1431 1725 1570 1764 unc.

2000 1708 3075 1767 Jacobi.............
3210 1725 3366 1765 ccxx.

255 1794 722 1852 Machabaeorum
746 1797 1318 1869 sichiberprimus.
1431 1815 1644 1854 MMCCC.
1930 1797 2249 1894 BJoannis
2282 1786 2473 1870 prima
2514 1827 2528 1841 ο
2572 1840 2585 1853 .
2642 1836 2658 1854 .
2710 1838 2727 1854 .
2785 1841 2799 1855 .
2853 1834 2872 1855 .
2925 1840 2941 1855 .
2996 1838 3012 1854 .
3068 1837 3086 1856 .
3223 1815 3377 1853 ccxx.

466 1915 535 1925 ο-
884 1886 1050 1941 Liber
1078 1888 1389 1943 secundus.
1441 1904 1653 1943 MMCCC.
1930 1886 1973 1894 “’
2006 1886 2248 1942 Joannis
2270 1887 2546 1942 secunda.
2577 1924 2596 1944 .
2648 1924 2668 1944 .
2719 1926 2735 1943 .
2788 1924 2808 1943 .
2860 1923 2880 1944 .
2931 1928 2946 1942 .
3003 1929 3017 1943 .
3074 1930 3087 1943 .
3225 1904 3320 1942 xx.

467 2003 532 2012 —
892 1975 1064 2030 Liber
1092 1976 1319 2032 tertius.
1432 1994 1499 2031 M.
2004 1975 2248 2031 Joannis
2277 1976 2493 2033 tertia.
2559 2015 2574 2031 .
2646 2014 2663 2030 .
2728 2018 2743 2031 .
2800 2018 2813 2031 .
2870 2018 2883 2031 .
2939 2013 2959 2034 .
3012 2019 3025 2031 .
3081 2013 3099 2033 .
3233 1993 3324 2030 xx.

252 2058 1597 2121 Judith..........mccc.
2003 2065 3089 2122 Judaa.............
3226 2082 3314 2119 Lx.

257 2147 491 2205 Esdras.
565 2191 577 2203 .
661 2194 673 2204 .
746 2192 758 2205 .
842 2194 852 2204 .
934 2194 946 2205 .
1028 2195 1041 2207 .
1124 2196 1135 2206 .
1219 2196 1229 2206 .
1314 2196 1326 2207 .
1439 2173 1535 2209 un.
2007 2152 2282 2208 Barnabe
2312 2150 2649 2224 Epistola..
2702 2190 2723 2211 .
2775 2195 2789 2208 .
2847 2195 2860 2208 .
2915 2188 2935 2209 .
2986 2189 3005 2210 .
3059 2195 3072 2208 .
3214 2154 3450 2210 occat“.

258 2235 483 2291 Esther.
558 2277 569 2289 .
653 2280 666 2292 .
746 2282 757 2293 .
843 2281 855 2293 .
938 2282 949 2294 .
1033 2285 1044 2295 .
1128 2282 1140 2295 .
1216 2281 1231 2296 .
1318 2285 1329 2296 .
1443 2260 1506 2297 Μ.
2007 2241 2249 2297 Joannis
2275 2241 2617 2298 Revelatio.
2663 2275 2687 2300 .
2734 2278 2754 2300 .
2806 2280 2823 2298 .
2886 2278 2908 2299 .
2967 2278 2991 2302 .
3046 2278 3068 2300 .
3202 2258 3334 2297 MCC.

258 2323 389 2379 Job.
461 2368 473 2379 .
557 2370 569 2382 .
653 2369 665 2381 .
748 2372 759 2383 .
843 2370 854 2382 .
938 2373 950 2385 .
1034 2373 1045 2384 .
1128 2374 1139 2384 .
1222 2373 1234 2385 .
1317 2373 1328 2384 .
1443 2348 1580 2387 MDC.
2008 2329 2625 2401 Actusapostolorum.
2674 2370 2690 2386 .
2751 2369 2766 2385 .
2824 2371 2839 2386 .
2896 2374 2909 2386 .
2963 2367 2982 2387 .
3034 2366 3055 2389 .
3187 2347 3367 2386 MMCC.

262 2414 497 2469 Tobias.
572 2459 583 2471 .
666 2460 677 2470 .
757 2459 768 2471 .
852 2461 863 2471 .
948 2461 959 2471 .
1034 2462 1045 2474 .
1130 2463 1142 2473 .
1225 2463 1236 2474 .
1319 2461 1332 2474 .
1446 2439 1510 2476 M.
2011 2418 2344 2473 Pastoris‘“
2392 2458 2406 2474 .
2462 2458 2477 2475 .
2531 2456 2551 2476 .
2603 2461 2618 2474 .
2672 2457 2691 2477 .
2741 2455 2760 2476 .
2815 2462 2829 2475 .
2886 2463 2899 2475 .
2957 2463 2969 2475 .
3042 2462 3054 2474 .
3193 2437 3401 2475 MMMM.

268 2502 577 2574 Evangelia
607 2509 875 2576 quatuor.
908 2508 1233 2563 Matthaaus.
1314 2552 1325 2564 .
1440 2527 1625 2566 MMDC.
2013 2509 2191 2562 Actus
2224 2506 2411 2562 Pauli.
2450 2545 2471 2565 .
2521 2546 2537 2564 .
2590 2547 2606 2563 .
2663 2544 2681 2564 .
2735 2551 2748 2564 .
2806 2550 2820 2565 .
2873 2545 2893 2564 .
2948 2551 2962 2565 .
3019 2548 3034 2563 .
3172 2525 3488 2563 MMMMDLX.

546 2624 616 2633 --
898 2596 1176 2652 Joannes.
1230 2637 1242 2649 .
1327 2641 1338 2652 .
1453 2616 1565 2653 MM.
2017 2595 2310 2651 Revelatio
2342 2596 2515 2651 Petri.
2599 2634 2619 2654 .
2669 2633 2687 2653 .
2743 2640 2756 2652 .
2812 2637 2828 2653 .
2882 2636 2899 2653 .
2953 2636 2969 2653 .
3026 2639 3040 2653 .
3178 2599 3502 2652 MMLxx““.

549 2712 617 2722 —
903 2685 1155 2741 Marcus.
1227 2728 1240 2739 .
1322 2728 1333 2740 .
1445 2703 1587 2743 MDC.

342 2791 359 2864 ἦ
381 2792 682 2864 Numerus
709 2806 977 2864 mancus.
2089 2794 2163 2818 ’“
2196 2792 2398 2864 Supple
2427 2791 2588 2848 liber.

346 2860 394 2884 “
422 2862 666 2916 Anastas.
696 2862 957 2917 Biblioth.
987 2880 1056 2918 ex
1082 2864 1305 2936 Niceph.
1340 2864 1446 2920 (ΖΡ.
1475 2881 1696 2921 MCCCVI.
2094 2865 2195 2888 "“
2223 2860 2318 2919 Αἲξ
2340 2881 2532 2920 ccnxx.

1923 3224 2011 3284 Il.

577 3352 778 3430 (Hugo
812 3354 1252 3428 MENARDUS,
1286 3356 1537 3416 Praefat.
1570 3357 1647 3417 ad
1684 3355 2021 3435 Epistulam
2053 3357 2114 3417 S.
2148 3354 2451 3417 Barnabae
2483 3372 2646 3415 anno
2680 3355 2861 3427 1645,
2902 3359 3154 3413 curante
3187 3354 3348 3413 Luca

1642 3434 1968 3510 Dacherio,
2003 3434 2281 3515 editam.)

347 3730 596 3786 Sanctus
624 3730 940 3795 Barnabas,
984 3730 1215 3787 natione
1259 3733 1524 3805 Cyprius,
1581 3738 1754 3805 gente
1808 3732 1911 3787 Ju-
1945 3733 1988 3801 (ἶ
2025 3732 2270 3799 constat,
2304 3735 2361 3784 et
2389 3744 2458 3783 ex
2488 3727 2754 3792 Eusebio,
2790 3726 2893 3783 lib.
2934 3744 2996 3782 IlI
3020 3729 3153 3783 Hist.
3194 3729 3352 3795 ecct.,
3386 3744 3512 3801 cap.
3576 3729 3673 3795 19,

277 3820 457 3886 daeus,
490 3818 647 3872 tribu
670 3818 909 3884 Levites,
943 3819 1043 3889 qui
1072 3825 1128 3875 et
1154 3820 1370 3893 Joseph
1411 3822 1737 3893 appellatus
1760 3838 1914 3877 unus
2023 3817 2121 3888 qui
2154 3833 2276 3872 eam
2312 3816 2462 3871 inter
2491 3816 2813 3887 scripturas
2845 3815 3085 3870 minime
3115 3830 3425 3887 germanas
3475 3832 3674 3873 recen-

280 3925 310 3962 e
342 3908 714 3977 septuaginta
757 3908 985 3962 duobus
1033 3908 1245 3963 Christi
1305 3909 1610 3980 discipulis
1661 3911 1789 3977 fuit,
1851 3914 1917 3963 ut
2023 3910 2130 3961 set.
2163 3910 2317 3961 Inter
2344 3905 2649 3976 scripturas
2690 3906 2925 3959 minime
2970 3905 3243 3972 legitimas
3294 3920 3673 3960 annumeran-

280 3995 489 4048 docent
516 3994 781 4049 Clemens
814 3994 1252 4061 Alexandrinus,
1287 3995 1388 4050 lib.
1426 4012 1465 4051 ιι
1497 3998 1919 4059 Stromatum,et
2024 4004 2122 4049 tur
2148 3995 2291 4050 Acta
2321 3993 2561 4060 Pauli,et
2592 3994 2732 4049 liber
2759 3996 2857 4065 qui
2884 4001 3116 4048 vocatur
3143 3997 3425 4061 Pastor,et
3455 3995 3677 4064 Apoca-

280 4082 589 4148 Eusebius,
621 4081 719 4137 lib.
758 4100 771 4136 ι
802 4084 937 4137 Hist.
972 4083 1133 4152 βοείη
1158 4100 1284 4155 cap.
1311 4086 1396 4149 12,
1428 4091 1485 4139 et
1517 4084 1617 4139 lib.
1652 4103 1712 4155 II,
1752 4101 1801 4141 c.
1864 4086 1886 4138 1

2057 4082 2205 4153 ypsis
2255 4081 2431 4147 Petri,
2490 4082 2577 4134 καὶ
2627 4081 2765 4157 πρὸς
2822 4080 3032 4141 τούτοις
3089 4082 3123 4148 ἡ
3166 4080 3433 4156 φερομένη
3466 4081 3674 4155 Βαρνά-

280 4170 497 4241 Agrum
532 4187 700 4240 quem
733 4171 982 4225 habebat
1012 4172 1292 4241 vendidit,
1324 4178 1380 4227 et
1409 4172 1604 4227 attulit
1642 4172 1913 4245 pretium,
2025 4162 2093 4222 ϐα
2124 4168 2440 4240 Ἐπιστολή,
2490 4170 2544 4225 id
2599 4177 2709 4237 est,
2770 4170 2968 4241 quibus
3033 4168 3265 4225 addatur
3312 4185 3436 4243 quae
3490 4172 3679 4241 fertur

280 4262 337 4312 et
362 4257 557 4328 posuit
588 4262 720 4314 ante
753 4259 926 4330 pedes
954 4260 1442 4330 apostolorum,ut
1470 4262 1745 4317 scribitur
1791 4263 1913 4316 Act.
2023 4261 2248 4313 nomine
2276 4260 2553 4316 Barnabae
2568 4259 2838 4330 Epistota.
2873 4259 3030 4313 Idem
3058 4262 3254 4314 censet
3274 4258 3443 4314 divus
3474 4258 3680 4314 Hiero-

280 4362 373 4412 iv;
408 4362 523 4400 una
550 4363 682 4401 cum
711 4352 910 4402 sancto
940 4348 1119 4403 Paulo
1160 4349 1417 4421 gentium
1460 4349 1758 4421 apostolus
1813 4351 1917 4404 de-
2027 4363 2258 4418 nymus.
2295 4347 2393 4403 lib.
2428 4350 2502 4403 De
2529 4348 2890 4419 scriptoribus
2918 4348 3295 4403 ecclesiasticis
3341 4364 3355 4403 :
3388 4346 3678 4403 Barnabas

280 4434 534 4490 claratus
564 4440 654 4490 est
685 4452 718 4491 a
748 4436 1042 4507 prophetis
1062 4444 1118 4492 et
1147 4438 1482 4494 doctoribus
1504 4439 1601 4503 qui
1628 4444 1792 4495 erant
1809 4443 1919 4494 An-
2029 4435 2281 4507 Cyprius,
2315 4438 2413 4509 qui
2442 4440 2494 4491 et
2524 4438 2717 4508 Joseph
2771 4438 2999 4507 Levites,
3030 4452 3157 4492 cum
3186 4436 3358 4492 Paulo
3422 4437 3680 4505 gentium

282 4523 530 4591 tiochiaa,
560 4524 779 4595 Spiritu
812 4531 1013 4581 sancto
1045 4527 1350 4592 revelante,
1381 4530 1504 4583 Act.
1537 4545 1657 4583 x111.
1704 4528 1918 4583 Multas
2026 4525 2301 4595 apostolus
2333 4525 2639 4591 ordinatus,
2672 4542 2846 4581 unam
2877 4525 2946 4580 ad
2965 4525 3387 4595 adiﬁcationem
3411 4526 3680 4582 Ecclesia

283 4617 469 4668 terras
500 4618 557 4668 et
586 4615 771 4669 maria
802 4614 998 4681 obivit,
1033 4616 1102 4670 ad
1138 4615 1351 4671 Christi
1404 4616 1578 4671 {idem
1646 4616 1919 4672 dissemi-
2025 4615 2396 4686 pertinentem
2423 4615 2707 4685 epistolam
2734 4615 3052 4685 composuit,
3082 4630 3202 4684 qua:
3258 4614 3405 4669 inter
3452 4629 3683 4686 προενν-

286 4702 558 4773 nandam,
590 4702 793 4758 multis
819 4720 884 4758 ac
904 4705 1081 4761 variis
1110 4705 1418 4761 exantlatis
1448 4704 1919 4761 laboribus.Mu1-
2025 4702 2165 4773 phus
2198 4704 2504 4774 scripturas
2524 4703 2731 4771 tegitur
2757 4720 2778 4764 ;
2797 4708 2853 4758 et
2880 4702 2980 4757 lib.
3012 4720 3116 4757 xm
3147 4702 3681 4759 Commentariorum

285 4794 376 4845 tas
408 4790 689 4848 Ecclesiae
719 4792 999 4860 fundavit,
1034 4794 1183 4848 inter
1222 4810 1367 4864 quas
1414 4793 1919 4850 Mediolanensem.
2030 4794 2088 4846 in
2129 4790 2485 4861 Ezechietem,
2515 4806 2640 4861 cap.
2667 4792 2733 4845 43
2774 4809 2792 4845 :
2824 4791 3104 4848 Barnabae
3143 4792 3392 4862 epistola,
3423 4807 3549 4864 qua?
3577 4792 3680 4846 ha-

290 4881 369 4935 De
398 4886 657 4952 tempore
688 4898 798 4952 quo
824 4898 1029 4951 passus
1060 4880 1318 4948 est,nihi1
1350 4882 1487 4938 certi
1510 4883 1687 4938 statui
1715 4888 1921 4954 potest,
2033 4880 2185 4935 betur
2215 4884 2364 4934 inter
2392 4881 2697 4951 scripturas
2722 4881 3121 4952 apocryphas...
3144 4880 3419 4952 Ejusdem
3452 4884 3687 4937 senten-

290 4984 423 5025 cum
457 4969 652 5024 nullus
682 4969 930 5041 alicujus
959 4974 1105 5024 notae
1128 4970 1375 5041 scriptor
1404 4970 1680 5041 antiquus
1712 4988 1925 5044 suppe-
2031 4968 2145 5038 tia},
2180 4972 2269 5023 est
2298 4967 2659 5039 Nicephorus
2689 4968 2960 5023 Callistus
2982 4968 3083 5024 lib.
3118 4986 3180 5038 Il,
3211 4984 3261 5023 c.
3296 4970 3384 5039 46,
3407 4973 3464 5026 et
3484 4969 3586 5026 lib.
3622 4987 3687 5026 1v

290 5060 392 5125 tat,
425 5058 545 5128 qui,
577 5058 648 5113 de
678 5058 840 5113 illius
869 5063 1053 5113 morte
1077 5057 1413 5130 lseripserit,
1440 5064 1505 5113 ut
1536 5063 1696 5114 notat
1750 5060 1922 5115 Baro-
1958 5106 1998 5168 D
2033 5074 2160 5128 cap.
2187 5058 2276 5112 33.
2311 5057 2673 5129 Nicephorus
2705 5056 3037 5129 patriarcha
3081 5057 3687 5131 Constantinopolita—

291 5145 443 5201 nius.
485 5146 700 5201 Ferunt
728 5146 1041 5217 quamdam
1062 5146 1133 5200 ab
1154 5163 1217 5201 eo
1244 5146 1519 5218 scriptam
1552 5164 1679 5203 esse
1707 5148 1921 5218 episto-
1958 5145 1998 5168 ”
2034 5163 2145 5200 nus
2176 5146 2237 5200 in
2270 5145 2487 5202 Conone
2517 5146 2937 5218 Scripturarum
2966 5162 3093 5202 eam
3140 5147 3291 5203 inter
3347 5147 3684 5221 Scripturas

292 5234 432 5300 lam,
459 5252 583 5306 quae
614 5235 765 5289 inter
793 5234 1099 5290 canonicas
1132 5235 1463 5305 Scripturas
1493 5252 1607 5290 non
1639 5235 1924 5303 habetur;
2034 5233 2172 5289 Novi
2205 5234 2578 5305 Testamenti,
2605 5233 2722 5287 ὅσαι
2756 5232 3150 5308 ἀντιλέγονται,
3201 5236 3258 5291 id
3317 5241 3407 5291 est
3463 5236 3685 5309 quibus

290 5341 465 5395 quam
498 5323 604 5379 etsi
634 5324 813 5381 citent
839 5322 1103 5378 Clemens
1123 5322 1548 5379 Alexandrinus
1579 5329 1636 5378 et
1664 5324 1926 5395 Origines
2034 5323 2468 5392 contradicitur,
2505 5328 2786 5395 recenset,
2820 5340 2936 5379 non
2958 5340 3090 5379 vero
3113 5324 3264 5380 inter
3294 5325 3677 5398 apocryphas.

289 5417 482 5469 tamen
507 5414 655 5467 inter
671 5413 989 5484 scripturas
1019 5411 1463 5481 dubias,nothas
1489 5418 1545 5467 et
1565 5413 1925 5483 apocryphas
2034 5412 2113 5465 De
2144 5411 2243 5467 illa
2273 5416 2422 5467 tacet
2451 5413 2707 5483 synodus
2750 5417 3011 5468 Romana
3053 5414 3163 5468 sub
3220 5412 3446 5469 Gelasio
3506 5431 3681 5487 papa,

291 5508 764 5569 connumeratur,
796 5518 926 5557 cum
962 5516 1262 5571 nunquam
1288 5500 1549 5557 Ecclesiae
1581 5500 1925 5556 auctoritate
2034 5498 2158 5555 sola
2186 5500 2461 5557 Barnabas
2494 5501 2781 5575 Evangelii
2816 5502 2967 5558 facta
2995 5503 3310 5574 mentione,
3342 5504 3501 5574 quod
3525 5504 3681 5560 inter

290 5608 391 5666 pro
423 5592 701 5650 canonica
731 5595 959 5663 recepta
1003 5590 1100 5645 sit.
1158 5589 1318 5653 Quod
1376 5589 1518 5646 satis
1575 5588 1925 5661 experientia
2034 5587 2356 5660 scripturas
2387 5589 2745 5662 apocryphas
2773 5596 3173 5647 connumerat.
