4094 6202
354 324 466 392 661

1743 312 2351 382 PROLEGOMENA.

3621 324 3739 390 662

431 461 591 519 Illius
622 477 769 533 sape
798 459 1069 518 meminit
1097 424 1544 523 Alexandrinus,
1569 454 1902 527 multosque
1933 470 2000 507 cx
2028 450 2083 517 Α
2115 452 2326 509 Christo
2356 461 2457 523 est,
2489 458 2549 512 in
2577 475 2738 531 quam
2767 461 2911 517 beati
2940 477 3124 518 omnes
3163 460 3261 535 qui
3306 461 3605 519 intrarunt.
3662 461 3745 518 Ex

362 569 428 609 ea
458 554 680 623 profert
709 549 885 621 locos,
910 549 1403 622 quemadmodum
1437 552 1492 601 et
1521 546 1816 618 Origenes,
1850 560 1995 614 quos

360 658 566 697 omnes
598 642 657 696 in
688 639 906 695 nostris
930 637 1431 695 observationibus
1458 635 1773 690 notivimus
1799 650 1811 687 :
1845 649 1996 688 eam-

360 746 473 801 que
495 729 639 784 citat
656 733 896 784 sanctus
919 726 1229 799 Gregorius
1250 725 1645 781 Nazianzenus
1666 723 1722 777 in
1753 722 1998 777 Philoco-

358 818 725 874 tia.Sanctus
756 818 1141 889 Hieronymus
1170 816 1227 870 in
1258 814 1405 870 libro
1441 819 1521 869 De
1550 813 1999 883 interpretatione

359 910 655 963 nominum
702 907 1114 970 Hebraicorum,
1165 911 1296 976 post
1326 903 1764 975 explicationem
1797 916 1995 956 eorum

360 1014 487 1070 qum
512 998 885 1069 reperiuntur
904 996 961 1051 in
978 994 1761 1067 Apocalypsi,interpretatur
1784 1007 1850 1045 ea
1872 1006 1997 1060 qua:

365 1090 596 1142 exstant
634 1085 693 1141 in
742 1088 927 1141 sancti
977 1085 1252 1140 Barnabas
1299 1082 1577 1155 Epistola,
1626 1082 1732 1135 hoc
1782 1080 1993 1133 modo:

361 1177 434 1231 De
475 1176 713 1247 Epistola
743 1175 1039 1231 Barnabas.
1072 1173 1363 1239 Abraham,
1417 1176 1580 1243 pater
1620 1170 1806 1224 videns
1836 1184 2001 1239 popu-

359 1266 498 1331 lum,
529 1269 641 1319 etc.

427 1352 495 1408 Hi
528 1357 671 1409 sunt
689 1358 912 1409 veteres
933 1357 1201 1408 auctores
1232 1351 1334 1423 qui
1358 1351 1428 1405 de
1458 1349 1565 1403 hac
1597 1346 1843 1419 epistola
1864 1345 2001 1400 scri-

362 1446 605 1514 pserunt
636 1446 736 1498 aut
764 1443 1177 1497 meminerunt.
1208 1443 1343 1504 Quae
1395 1438 1633 1508 quidem
1670 1438 1803 1507 jure
1853 1436 2002 1489 inter

360 1530 688 1603 scripturas
719 1531 1082 1604 apocryphas
1114 1547 1146 1584 a
1185 1528 1377 1585 citatis
1410 1526 1745 1582 auctoribus.
1780 1541 1997 1579 connu-

361 1624 644 1687 meretur,
676 1625 805 1675 tum
839 1620 995 1691 quia,
1043 1636 1113 1674 an
1157 1618 1435 1673 Barnabas
1468 1615 1546 1670 sit
1574 1616 1859 1669 incertum
1892 1616 1998 1673 est,

356 1712 477 1764 tum
503 1708 645 1780 quia
666 1710 723 1765 in
743 1725 808 1765 ea
824 1709 1090 1780 quaedam
1110 1706 1482 1780 reperiuntur
1506 1721 1631 1775 quae
1653 1702 2002 1758 difﬁcultate

2105 561 2219 615 quo
2252 545 2375 601 loco
2426 547 2735 619 legendum
2784 554 2872 605 est
2919 553 3071 623 apud
3105 551 3457 608 Clementem
3494 551 3742 608 Alexan-

2107 634 2341 689 drinum
2394 637 2426 702 ἡ
2488 635 2536 687 ἐν
2595 634 2926 710 δικαιοσύνῃ,
2987 645 3043 695 et
3072 642 3498 713 exponendum,
3530 656 3593 695 ea
3620 656 3740 712 quas

2106 725 2169 778 in
2211 726 2441 794 justitia,
2498 732 2597 781 est.
2660 730 2720 782 Id
2770 728 2945 783 etiam
2995 733 3150 800 patet
3195 747 3261 785 ex
3293 731 3418 801 ipso
3447 729 3741 787 Clemente

2104 815 2513 883 Alexandrino,
2546 817 2645 871 lib.
2683 818 3080 883 istromatum,
3113 820 3210 874 ubi
3245 820 3397 875 idem
3422 820 3606 888 locus,
3639 820 3740 876 sed

2105 904 2350 977 longior,
2376 907 2589 961 citatur
2618 924 2682 961 ex
2716 909 2919 962 eadem
2945 907 3185 979 epistola
3214 908 3397 964 sancti
3429 908 3742 965 Clementis

2108 996 2176 1048 ad
2229 994 2577 1065 Corinthios,
2612 997 2912 1052 nominato
2944 1000 3174 1053 tantum
3222 1001 3419 1052 sancto
3449 997 3744 1054 Clemente

2107 1083 2260 1137 circa
2289 1084 2464 1139 finem
2497 1090 2819 1156 contextus,
2863 1086 3065 1158 paucis
3112 1086 3301 1141 verbis
3324 1087 3602 1153 mutatis;
3635 1086 3746 1142 hoc

2108 1172 2317 1226 modo:
2354 1196 2381 1221 ‹‹
2416 1176 2536 1228 Haec
2582 1179 2663 1229 est
2688 1179 2848 1245 porta
2897 1176 3140 1243 Domini,
3160 1177 3308 1246 justi
3353 1176 3643 1231 intrabunt
3676 1177 3749 1231 in

2107 1277 2227 1316 eam
2253 1279 2270 1314 :
2308 1284 2333 1309 »
2359 1261 2490 1316 Cum
2519 1280 2649 1331 ergo
2668 1265 2852 1319 multa:
2873 1269 3073 1335 apertae
3098 1270 3213 1319 sint
3232 1272 3403 1335 portae
3426 1266 3483 1320 in
3502 1266 3744 1336 justitia,

2110 1349 2347 1420 haec/uit
2371 1353 2429 1405 in
2456 1347 2751 1422 Christo,in
2769 1370 2936 1423 quam
2964 1354 3111 1408 beati
3128 1369 3312 1409 omnes
3332 1355 3428 1424 qui
3445 1346 3750 1424 intrarunt,

2106 1448 2160 1494 et
2188 1442 2293 1494 iter
2320 1457 2479 1495 suum
2512 1442 2846 1497 direxerant
2879 1445 2935 1497 in
2967 1445 3255 1498 sanctitate
3282 1442 3636 1513 cognoscendi
3651 1458 3749 1515 po-

2109 1532 2295 1584 testate
2339 1531 2594 1601 praedita.
2650 1530 2851 1584 Αὐτίκα
2881 1532 2908 1584 ὁ
2943 1529 3177 1602 Κλήμης
3209 1529 3260 1584 ἐν
3290 1534 3359 1603 τῇ
3390 1530 3526 1605 πρὸς
3558 1536 3753 1603 Κοριν-

2111 1616 2259 1678 θίους
2293 1616 2555 1691 ἐπιστολῇ
2602 1622 2737 1673 κατὰ
2788 1618 2932 1690 λέξιν
2988 1619 3120 1696 φησί
3162 1618 3256 1680 τὰς
3309 1616 3567 1696 διαφορὰς
3617 1618 3757 1673 ἐκτι-

2113 1706 2331 1778 θέμενος
2378 1712 2482 1760 τῶν
2532 1708 2665 1761 κατὰ
2707 1709 2802 1776 τὴν
2856 1705 3182 1777 Ἐκκλησίαν
3238 1705 3504 1781 δοκίμων·
3533 1731 3559 1757 ‹‹
3610 1709 3760 1763 ’Ήτω

360 1798 603 1853 minime
632 1803 850 1854 carent.
883 1798 1183 1870 Siquidem
1220 1793 1517 1851 nonnullae
1552 1797 1689 1849 sunt
1717 1792 1777 1846 in
1811 1807 1877 1846 ea
1908 1807 2001 1845 sa-

2116 1795 2193 1855 τὶς
2241 1797 2451 1864 πιστὸς,
2504 1795 2620 1865 ἤτω
2671 1795 2894 1859 δυνατός
2949 1818 3031 1858 τις
3083 1800 3281 1870 γνῶσιν
3341 1797 3588 1869 ἐξειπεῖν,
3640 1795 3759 1867 ἤτω

359 1886 551 1954 lebrae,
571 1887 645 1942 ad
679 1904 822 1958 quas
855 1887 1052 1943 minus
1085 1885 1239 1942 cauti
1272 1884 1562 1940 offendere
1592 1881 2004 1954 possint,quas

356 1982 553 2031 tamen
583 1993 687 2048 pro
720 1976 958 2032 modulo
994 1974 1293 2048 explanavi
1321 1993 1334 2041 ;
1369 1990 1482 2028 non
1516 1988 1580 2027 eo
1614 1971 1849 2043 quidem
1883 1968 2006 2023 ani-

357 2066 651 2136 mo,quasi
682 2065 861 2121 velim
891 2082 1021 2121 eam
1055 2065 1129 2119 ab
1165 2064 1325 2119 omni
1357 2080 1511 2117 navo
1543 2058 1899 2132 pertinacius
1921 2074 2009 2136 eX'=

354 2171 560 2209 cusare
585 2173 598 2219 ;
634 2156 1145 2225 quemadmodum
1178 2152 1350 2209 hodie
1379 2152 1543 2206 video
1569 2133 2011 2219 nonnullos,qul

354 2247 552 2298 vetera
582 2245 851 2314 quaedam
885 2246 1271 2299 monumenta
1300 2259 1333 2296 a
1363 2256 1425 2295 se
1453 2238 1626 2309 edita,
1651 2236 2011 2293 continentia

356 2349 551 2387 meras
584 2332 1018 2388 nutricularum
1052 2331 1293 2397 naeniae,
1328 2346 1429 2385 seu
1461 2328 1655 2400 potius
1686 2326 1883 2399 aegroti
1914 2342 2007 2380 ve-

356 2420 496 2475 teris
528 2421 920 2493 somnia,quaa
952 2421 1021 2476 ad
1056 2420 1312 2492 primum
1345 2417 1622 2472 intuitum
1650 2416 1791 2469 viris
1826 2414 2011 2469 doctis

359 2525 639 2565 nauseam
671 2513 1137 2576 moveant,tanta
1167 2506 1347 2563 animi
1378 2505 1748 2562 contentione
1780 2503 2011 2574 (quam-

357 2598 444 2653 vis
476 2598 605 2653 sine
638 2599 881 2670 ratione)
913 2598 1223 2655 defendere
1256 2599 1565 2659 conantur,
1626 2598 1690 2647 ut
1735 2591 1917 2647 velint
1946 2607 2013 2645 ea

360 2687 713 2758 scriptorum
741 2688 1003 2743 omnium
1029 2691 1287 2742 veterum
1311 2702 1377 2740 ac
1396 2683 1784 2739 recentiorum
1816 2685 2011 2735 aucto-

362 2775 520 2830 ritati
549 2777 827 2848 praeferri.
875 2777 987 2831 Nec
1022 2776 1079 2831 id
1129 2791 1359 2830 movere
1406 2786 1769 2844 quemquam
1822 2769 2010 2827 debet,

362 2865 515 2935 quod
575 2865 839 2922 Clemens
899 2864 1353 2929 Alexandrinus,
1411 2866 1469 2917 et
1526 2860 1822 2932 Origenes,
1882 2874 2013 2912 cum

362 2953 513 3009 hanc
541 2954 723 3010 citant
750 2954 1083 3026 epistolam,
1127 2968 1434 3024 nunquam
1465 2966 1592 3005 eam
1622 2947 2015 3020 apocrypham

2117 1884 2282 1959 σοφὸς
2344 1884 2393 1937 ἐν
2442 1882 2699 1960 διακρίσει
2752 1883 2949 1961 λόγων,
2999 1882 3117 1953 ἤτω
3165 1885 3359 1961 γοργὸς
3404 1884 3453 1939 ἐν
3493 1882 3694 1961 ἔργοις.
3728 1911 3755 1938 ››

2118 1973 2178 2028 Id
2238 1979 2327 2029 est
2359 1991 2369 2029 :
2402 1980 2529 2031 Jam
2577 1976 2821 2031 Clemens
2850 1978 2907 2030 in
2936 1976 3187 2047 Epistola
3216 1976 3286 2031 ad
3308 1976 3616 2032 Corinthios
3674 1977 3761 2032 his

2118 2062 2302 2118 verbis
2334 2066 2535 2135 inquit,
2570 2080 2841 2135 exponens
2874 2063 3249 2137 cii/Terentiam
3295 2081 3483 2120 eorum
3510 2066 3607 2136 qui
3632 2068 3763 2119 sunt

2115 2152 2332 2222 probati
2364 2170 2423 2207 in
2452 2154 2687 2208 Ecclesia
2717 2172 2735 2206 :
2768 2178 2793 2201 ‹‹
2829 2154 2909 2207 Sit
2940 2154 3143 2224 aliquis
3171 2154 3454 2224 ﬁdetis,sit
3480 2155 3671 2221 potens
3701 2155 3763 2207 in

2117 2242 2441 2313 explicanda
2469 2244 2797 2310 cognitione,
2829 2244 2903 2297 sit
2932 2245 3149 2313 sapiens
3198 2244 3258 2297 in
3287 2243 3615 2297 discretione
3643 2257 3756 2297 ser-

2117 2347 2359 2394 monum,
2389 2332 2461 2385 sit
2490 2332 2788 2402 stupendus
2818 2333 2877 2385 in
2905 2332 3176 2402 operibus.
3210 2351 3235 2383 ι
3261 2331 3516 2386 Tandem
3549 2334 3757 2385 notan-

2117 2421 2256 2474 dum
2287 2424 2376 2475 est
2405 2421 2689 2491 quosdam
2735 2420 3101 2475 existimasse
3130 2420 3252 2475 haec
3283 2420 3457 2475 verba
3487 2419 3751 2475 Clemen-

2119 2508 2196 2563 tis
2226 2507 2599 2563 Alexandrini
2634 2508 2732 2563 lib.
2793 2527 2832 2564 II
2888 2509 3238 2576 Stromatum,
3298 2508 3325 2562 ὁ
3354 2506 3522 2579 νόμος
3554 2508 3756 2583 ἀπαγο-

2123 2595 2261 2671 ρεύει
2300 2593 2517 2673 ἀδελφῷ
2568 2594 2844 2667 δανείζειν,
2888 2598 2947 2653 id
2998 2605 3104 2664 est,
3165 2599 3257 2653 lea:
3296 2598 3545 2670 prohibet
3587 2599 3758 2671 fratri

2118 2689 2382 2757 fenerari,
2414 2692 2544 2754 etc.,
2568 2687 2732 2742 citari
2754 2704 2822 2743 ex
2849 2687 3105 2759 Epistola
3133 2687 3431 2759 Barnabas,
3464 2689 3618 2760 quod
3641 2705 3773 2744 non

2120 2775 2201 2829 ita
2230 2780 2320 2829 est
2355 2792 2367 2829 :
2402 2776 2499 2830 sed
2536 2774 2705 2846 paulo
2740 2779 2875 2829 ante
2905 2774 3161 2830 citantur
3190 2776 3310 2830 haec
3337 2775 3513 2830 verba
3542 2791 3610 2830 ex
3631 2775 3762 2830 Bar-

2123 2864 2292 2932 naba,
2329 2881 2456 2936 quae
2488 2864 2545 2918 in
2578 2866 2685 2919 hac
2726 2863 2982 2934 Epistola
3011 2863 3306 2919 habentur
3332 2865 3441 2919 sub
3482 2863 3658 2919 ﬁnem
3691 2862 3761 2918 il-

2126 2953 2259 3020 lius,
2322 2952 2540 3025 ’Δμὲλει
2605 2957 2874 3024 μυστικῶς
2923 2952 2950 3005 ὁ
3000 2947 3296 3025 Βαρνάϐας·
3349 2953 3409 3009 Ὁ
3456 2948 3512 3005 δὲ
3561 2952 3688 3014 Θεὸς
3733 2952 3763 3006 ὁ

363 3059 498 3098 esse
536 3044 808 3099 dixerint.
859 3044 1165 3115 Siquidem
1206 3040 1497 3113 ejusmodi
1551 3044 1817 3093 auctores
1866 3051 2004 3107 saepe

2123 3046 2219 3094 τοῦ
2266 3041 2462 3102 παντὸς
2511 3040 2718 3112 κόσμον)
2766 3039 3060 3115 κυριεύων,
3112 3040 3281 3118 φησὶ,
3333 3037 3446 3113 δῴη
3495 3040 3585 3095 καὶ
3636 3041 3759 3113 ὑμῖν

362 3135 612 3185 utuntur
659 3131 1008 3204 apocryphis
1066 3147 1079 3186 :
1137 3134 1201 3184 ut
1246 3128 1394 3183 libro
1453 3126 1672 3192 Enoch,
1733 3124 2013 3194 Pastoris,

2127 3132 2347 3199 γνῶσιν,
2399 3134 2533 3195 etc.,
2592 3145 2777 3199 usque
2828 3130 2896 3183 ad
2950 3128 3048 3183 illa
3098 3129 3289 3199 verba,
3343 3127 3560 3201 ἀγάπης
3605 3128 3762 3183 τέκνα

365 3219 614 3273 Matthiae
647 3190 1061 3276 Traditionum
1096 3216 1439 3281 libro,Petri
1471 3190 2017 3286 Apocalypsi,Evanv-
2046 3190 2088 3255 (ἶ
2127 3190 2216 3269 καὶ
2276 3190 2540 3291 εἰρήνης’,
2573 3190 2705 3283 etc.,
2761 3234 2885 3288 qua:
2943 3222 3082 3272 sunt
3127 3234 3196 3273 ex
3242 3190 3401 3274 textu
3448 3190 3760 3275 Clementis

367 3308 519 3377 gelio
550 3309 972 3382 Egyptiorum,
1005 3312 1061 3362 et
1089 3304 1401 3362 similibus.
1442 3303 1632 3358 Unum
1662 3308 1857 3357 tamen
1891 3317 2011 3355 cer-

362 3403 488 3453 tum
522 3404 634 3467 est,
666 3398 817 3453 hanc
858 3395 1185 3469 epistolam,
1237 3411 1362 3465 quae
1396 3393 1566 3447 modo
1613 3409 1646 3446 a
1676 3390 1843 3445 nobis
1875 3390 2009 3451 exit,

362 3504 491 3543 eam
561 3504 690 3542 esse
750 3502 927 3557 quam
976 3488 1216 3540 sanctus
1274 3482 1685 3554 Hieronymus,
1746 3478 2012 3534 Clemens

358 3576 812 3637 Alexandrinus.
856 3578 911 3630 et
955 3574 1232 3646 Origenes
1284 3570 1421 3627 olim
1456 3587 1571 3642 prae
1604 3568 1877 3624 manibus
1908 3567 2009 3622 ha-

360 3665 621 3720 buerunt
650 3683 663 3731 ;
697 3680 829 3719 cum
862 3678 1065 3719 omnes
1106 3661 1263 3716 locos
1320 3659 1393 3715 ab
1432 3658 1547 3713 illis
1576 3674 1643 3712 ex
1683 3673 1749 3711 ea
1779 3656 2010 3722 citatos,

362 3754 420 3808 in
454 3754 565 3809 hac
597 3770 772 3825 quam
808 3748 1329 3822 edimus,epistola,
1362 3747 1615 3818 reperire
1644 3745 1832 3801 liceat.
1852 3746 1922 3799 Et
1943 3760 2012 3799 ex

360 3841 584 3898 nostris
614 3840 1120 3898 observationibus
1170 3838 1549 3893 manifestum
1580 3835 1689 3890 erit
1720 3851 1732 3887 :
1770 3850 1884 3889 uno
1914 3850 2008 3887 ex-

360 3936 554 4005 cepto,
593 3932 692 4004 qui
743 3930 1033 4003 profertur
1060 3947 1094 3984 a
1123 3926 1417 3983 Clemente
1457 3923 1868 3990 Alexandrino,
1901 3922 2006 3977 lib.

362 4038 419 4076 v1
454 4020 809 4087 Stromatum,
864 4034 998 4074 cum
1049 4031 1343 4087 exponens
1376 4013 1533 4068 hunc
1576 4011 1898 4067 Psalmistee
1924 4010 2008 4065 lo-

361 4126 501 4166 cum
534 4127 548 4164 :
584 4110 703 4164 Hec
729 4112 897 4181 porta
942 4107 1182 4172 Domini,
1225 4104 1362 4159 iusti
1405 4103 1697 4157 intrabunt
1740 4117 1840 4172 per
1867 4116 2005 4169 eam,

357 4200 447 4254 sic
478 4204 538 4253 et
573 4217 585 4254 :
619 4195 1006 4272 Ἐξηγούμενος
1037 4194 1097 4246 τὸ
1129 4191 1289 4267 ῥητὸν
1332 4193 1428 4243 τοῦ
1468 4190 1778 4265 Προφήτου,
1812 4186 2006 4262 Βαρνά-

360 4282 462 4347 ϐας
494 4286 755 4363 ἐπιφέρευ
789 4281 1023 4338 Πολλῶν
1048 4279 1236 4335 πυλῶν
1265 4278 1636 4352 ἆνεῳγυιῶν,ἡ
1671 4276 2005 4349 δικαιοσύνη,

357 4376 495 4445 αὕτη
531 4375 667 4429 ἐστὶν
695 4376 730 4442 ἡ
765 4372 814 4427 ἐν
874 4374 1108 4447 Χριστῷ,
1156 4368 1206 4423 ἐν
1317 4369 1369 4421 οἱ
1420 4368 1670 4440 μακάριοι
1722 4366 1912 4428 πάντες
1956 4370 2008 4421 οἱ

358 4464 713 4529 εἲσελθόντες.
766 4464 831 4518 Id
879 4466 969 4519 est
1026 4478 1039 4516 :
1102 4464 1390 4516 Enarrans
1444 4458 1648 4511 dictum
1705 4458 2003 4528 Prophetas,

2121 3306 2513 3374 Alexandrini,
2548 3307 2645 3378 qui
2678 3307 2915 3361 tandem
2949 3307 3273 3379 subjungit,
3314 3308 3520 3378 sufﬁcit
3548 3308 3644 3364 hoc
3672 3307 3757 3364 di-

2120 3410 2257 3461 cere,
2291 3395 2427 3465 quod
2457 3396 2546 3449 lex
2573 3395 2826 3465 prohibet
2856 3394 3031 3467 fratri
3065 3397 3331 3465 fenerari,
3363 3412 3488 3467 quae
3518 3395 3755 3467 quidem

2121 3484 2294 3538 verba
2324 3500 2438 3538 non
2469 3487 2696 3537 exstant
2726 3484 2783 3537 in
2816 3482 2925 3538 hac
2955 3482 3361 3554 epistola,quaa
3391 3487 3590 3539 sancto
3615 3484 3754 3538 Bar-

2121 3574 2282 3627 nabas
2311 3571 2637 3626 ascribitur.
2670 3571 2885 3626 Tenuis
2931 3572 3197 3641 quaedam
3228 3570 3544 3626 difficultas
3574 3574 3754 3627 restat

2120 3661 2273 3715 circa
2304 3661 2540 3715 nomina
2595 3661 2891 3726 Hebraica,
2923 3677 3048 3730 quae
3097 3665 3333 3715 sanctus
3362 3660 3751 3731 Hieronymus

2121 3748 2333 3820 profert
2362 3765 2429 3803 ex
2458 3748 2712 3819 Epistola
2736 3748 2929 3807 sancti
2961 3749 3234 3803 Barnabas
3277 3749 3337 3802 in
3368 3747 3514 3804 libro
3545 3750 3621 3804 De
3648 3766 3751 3804 no-

2118 3839 2364 3893 minibus
2395 3838 2693 3892 Hebraicis.
2727 3837 3027 3908 Siquidem
3078 3854 3260 3893 nnum
3291 3854 3513 3905 eorum,
3546 3854 3755 3911 nempe

2116 3928 2353 3995 Nahum,
2382 3926 2440 3980 in
2462 3923 2708 3996 epistola
2739 3925 3101 3980 desideratur
3133 3942 3144 3980 :
3181 3926 3265 3981 sic
3315 3925 3471 3981 enim
3502 3926 3584 3982 ait
3613 3943 3755 3983 san-

2120 4020 2250 4070 ctus
2301 4015 2703 4086 Hieronymus,
2752 4013 3043 4080 Manasses,
3091 4014 3312 4084 oblitus,
3345 4014 3579 4083 Nahum,
3632 4032 3754 4087 ger-

2117 4121 2265 4159 men.
2318 4104 2424 4157 Sed
2474 4119 2634 4158 error
2683 4103 2960 4174 obrepsut,
2993 4107 3050 4157 et
3098 4103 3405 4175 legendum
3436 4107 3544 4170 est,
3588 4104 3754 4174 Nave,

2120 4198 2184 4248 ut
2213 4192 2463 4247 habetur
2494 4191 2552 4245 in
2610 4190 2718 4245 hac
2752 4191 3024 4262 Epistola,
3058 4192 3157 4262 qui
3215 4192 3326 4248 fuit
3364 4196 3528 4264 pater
3552 4192 3752 4265 Josue,

2110 4284 2279 4353 juxta
2308 4279 2687 4353 Septuaginta
2714 4298 2726 4348 ;
2756 4281 2843 4335 vel
2873 4282 3018 4348 Nun,
3051 4281 3205 4350 quod
3238 4281 3392 4336 idem
3423 4285 3512 4337 est
3540 4298 3753 4338 secun-

2119 4372 2258 4424 dum
2307 4374 2526 4425 textum
2559 4369 2927 4424 Hebraicum.
2964 4370 3029 4424 Et
3057 4370 3202 4426 ratio
3233 4375 3340 4441 est,
3375 4371 3513 4442 quia
3538 4370 3753 4427 Nahum

2122 4476 2236 4513 non
2270 4458 2562 4529 signiﬁcat
2591 4474 2850 4529 germen,
2898 4459 2996 4514 sed
3036 4460 3444 4527 consolatorem,
3476 4463 3622 4515 teste
3661 4476 3753 4516 eo-

357 4556 645 4613 Barnabas
670 4556 821 4623 infer
863 4570 875 4607 :
912 4554 1043 4606 Cum
1076 4550 1270 4604 multa:
1297 4550 1464 4619 portae
1492 4548 1601 4600 sint
1631 4549 1853 4615 apertae,
1887 4563 2011 4616 quae
2041 4557 2085 4621 [)
2116 4548 2252 4601 dem
2286 4546 2655 4618 Hieronymo,
2686 4546 2815 4601 libri
2849 4547 3007 4602 citati
3039 4548 3225 4618 capite
3255 4549 3325 4603 de
3351 4549 3516 4614 Jona,
3546 4551 3601 4602 et
3632 4549 3750 4604 Na-

356 4651 442 4703 est
462 4647 700 4716 justitia,
728 4658 791 4697 ea
819 4644 899 4697 est
928 4642 981 4694 in
1015 4639 1252 4705 Christo,
1286 4637 1346 4689 in
1373 4650 1540 4704 quam
1570 4636 1712 4687 beati
1742 4642 1867 4688 sunt
1894 4651 2001 4689 om-

356 4751 477 4805 nes,
510 4738 606 4807 qui
632 4735 763 4789 sunt
818 4730 1063 4801 ingressi.
1098 4726 1203 4782 Sed
1252 4728 1411 4797 puto,
1445 4727 1545 4777 aut
1592 4722 1817 4794 lapsum
1882 4739 2009 4780 esse

356 4823 649 4881 memoria
660 4821 1019 4880 Clementem
1037 4812 1625 4879 Alexandrinum,aut
1643 4816 1794 4867 certe
1817 4811 2006 4867 locum

356 4916 766 4987 depravatum,
816 4913 872 4964 et
918 4906 1228 4979 legendum
1277 4917 1403 4959 esse
1424 4897 1691 4971 Κλκήμης
1726 4916 1839 4955 non
1872 4906 2006 4975 Βαρ-

352 4999 546 5064 νάϐας.
577 5002 725 5059 Nam
767 4998 860 5053 hic
918 4996 1081 5051 locus
1130 4991 1380 5047 habetur
1426 4989 1485 5043 in
1523 4988 1768 5059 epistola
1797 4990 2002 5045 sancti.

353 5090 679 5153 Clementis
710 5088 783 5145 ad
807 5083 1157 5147 Corinthios,
1180 5078 1279 5135 ubi
1309 5078 1464 5133 idem
1496 5076 1655 5131 locus
1683 5076 2003 5133 Psalmistze

353 5182 671 5257 exponitur
724 5196 736 5232 :
792 5200 819 5227 ‹‹
866 5172 1010 5242 Αὕτη
1043 5172 1077 5237 ἡ
1110 5166 1257 5237 πύλη
1289 5169 1388 5257 τοξ
1418 5163 1637 5257 Κυρξου,
1670 5161 1864 5257 ὃέίκαιοι
1899 5165 2002 5218 εἶσ-

355 5250 672 5330 ελεύσονται
706 5267 757 5321 ἐν
806 5263 965 5336 αὐτῇ.
996 5286 1022 5312 ›)
1060 5254 1292 5314 Πολλῶν
1328 5251 1417 5308 οὖν
1455 5250 1641 5309 πυλῶν
1673 5252 2000 5328 ἀνεῳγυιῶν,

353 5368 393 5433 ἠ
432 5362 483 5417 ἐν
535 5356 844 5429 δικαιοσύνῃ
893 5350 1026 5419 αὕτη
1083 5345 1220 5402 ἐστὶν
1252 5354 1287 5412 η
1320 5342 1371 5397 ἐν
1420 5346 1633 5417 Χριστῷ
1680 5341 1729 5395 ἐν
1831 5344 1998 5413 μακά-

358 5473 472 5530 ριοι
502 5450 697 5508 πάντες
731 5446 783 5500 ol.
812 5439 1158 5498 εἴσελθόντες.
1207 5435 1267 5491 Id
1313 5437 1401 5530 est
1433 5450 1444 5488 :
1482 5454 1511 5530 κ
1541 5433 1681 5530 .Ha’c
1705 5440 1869 5530 porta,
1898 5435 2001 5488 Do-

356 5523 659 5615 inini,justi
690 5535 982 5593 intrabunt
1001 5533 1060 5585 in
1090 5544 1280 5584 eam.»
1304 5526 1439 5581 Cum
1471 5523 1642 5590 igitur
1670 5523 1858 5615 multa:
1876 5538 1998 5593 por-

359 5650 432 5697 ικ
477 5612 686 5706 apertae
731 5632 858 5697 sint,
909 5636 1032 5696 qua:
1060 5621 1122 5674 in
1164 5614 1393 5689 justitia
1438 5619 1532 5679 est,
1586 5612 1779 5667 eadem.
1824 5620 1873 5666 et
1911 5615 1997 5665 in-

2114 4636 2275 4690 hum.
2335 4636 2568 4705 Nahum,
2629 4637 2820 4707 inquit
2849 4635 3181 4704 consolator,
3232 4654 3264 4690 a
3302 4635 3492 4691 radice
3522 4648 3655 4705 om,
3688 4636 3747 4692 id

2119 4730 2209 4781 est
2239 4726 2527 4780 consolari.
2567 4728 2638 4780 At
2666 4726 2839 4796 Nave,
2872 4741 2972 4781 seu
3026 4725 3156 4781 Nun
3186 4729 3273 4781 est
3302 4741 3562 4797 germen,
3580 4724 3751 4796 juxta

2117 4814 2386 4869 eumdem
2417 4813 3124 4885 Hieronymum,ejusdem
3148 4813 3229 4868 lib
3262 4830 3275 4868 :
3310 4830 3435 4886 cap.
3470 4815 3496 4869 1
3532 4831 3546 4870 :
3581 4814 3746 4886 Nave,

2114 4919 2332 4968 semem,
2363 4918 2587 4971 germen
2614 4903 2980 4974 pulchritudo,
3020 4920 3053 4957 a
3100 4903 3273 4959 verbo
3322 4902 3749 4976 conjugationis

2115 4990 2333 5061 Niphal
2362 5000 2483 5061 11:7,
2517 4990 2575 5045 id
2607 4995 2695 5046 est
2722 4992 3076 5061 germinabit.

2186 5078 2330 5133 Cum
2378 5083 2572 5134 autem
2604 5080 2722 5135 haec
2771 5079 2942 5135 unica
2990 5081 3209 5135 feratur
3239 5080 3424 5137 sancti
3476 5081 3752 5139 Barnabas

2114 5167 2386 5239 Epistola,
2420 5170 2743 5224 notandum
2774 5173 2968 5225 tamen
2998 5185 3125 5224 esse
3174 5171 3392 5241 putavi,
3425 5170 3751 5242 Epistolam

2112 5256 2299 5311 sancti
2326 5256 2484 5311 Pauli
2518 5258 2587 5311 ad
2611 5257 2874 5311 Hebraeos
2906 5274 2939 5311 a
2966 5256 3345 5324 Tertulliano,
3376 5256 3520 5313 libro
3548 5259 3625 5314 De
3649 5275 3754 5331 ρα-

2110 5345 2322 5413 dicitia,
2352 5351 2553 5401 sancto
2587 5345 2856 5401 Barnabas
2910 5346 3173 5411 attribui,
3220 5351 3283 5402 ut
3313 5346 3532 5402 clarum
3566 5351 3653 5402 est
3681 5362 3751 5402 ex

2110 5435 2237 5505 ejus
2265 5434 2457 5488 verbis
2492 5452 2503 5488 :
2538 5437 2742 5489 Exstat
2765 5437 2913 5489 enim
2943 5440 2993 5490 et
3018 5438 3285 5491 Barnabas
3312 5436 3506 5491 titulus
3536 5436 3609 5491 ad
3632 5440 3746 5492 He-

2112 5525 2285 5579 braeos
2306 5540 2327 5584 ;
2358 5523 2487 5578 adeo
2517 5526 2648 5578 satis
2698 5526 3041 5580 auctoritatis
3082 5526 3221 5591 viro,
3261 5531 3323 5579 ut
3351 5540 3508 5597 quem
3538 5526 3746 5583 Paulus

2109 5613 2265 5681 juxta
2292 5628 2345 5667 se
2375 5614 2721 5667 constituerit
2747 5614 2801 5667 in
2833 5614 3184 5669 abstinentiae
3204 5618 3387 5670 tenore
3415 5632 3433 5670 :
3464 5636 3492 5664 «
3519 5614 3627 5671 Aut
3652 5631 3750 5686 ego
