4094 6202
354 338 473 401 668

1521 339 1584 402 S.
1631 337 2049 401 BARNABAS
2090 337 2576 401 APOSTOLUS.

3618 337 3739 401 664

356 473 632 538 solus,aut
658 470 960 535 Barnabas,
992 485 1102 526 non
1129 470 1388 526 habemus
1408 470 1507 528 hoc
1532 472 1797 543 operandi
1820 474 1993 542 potes-
2026 474 2080 539 Α
2109 470 2290 526 altera
2309 470 2674 542 paraenetica,
2706 469 2765 525 in
2786 484 2913 542 qua
2940 460 3303 543 prmelara'et
3342 470 3489 529 utile
3518 474 3743 530 monita

362 564 530 617 tatem
555 562 605 630 (ι
637 562 758 617 Cor.
792 561 869 632 1x)
891 578 909 615 :
936 583 956 608 υ
981 568 1032 616 et
1059 561 1245 632 utique
1264 562 1528 631 receptior
1547 561 1695 631 apud
1723 562 1986 615 Ecclesias

363 650 634 706 Barnabas
666 650 895 720 epistola
931 650 1031 704 illo
1060 651 1363 721 apocrypha
1384 654 1617 704 Pastore
1638 649 1985 704 maechorum.

367 743 595 797 Moriens
624 739 806 810 itaque
825 738 1137 809 discipulos,
1168 740 1383 793 amissis
1412 741 1663 793 omnibus
1692 739 1891 803 initiis,
1923 737 1993 792 ad

357 829 750 898 perfectionem
778 827 951 897 magis
982 829 1234 894 tendere;
1268 844 1368 881 nec
1395 844 1589 882 rursus
1634 828 1995 897 fundamenta

359 917 699 987 paenitentia;
718 916 908 987 jacere
923 914 990 971 ab
1020 916 1271 986 operibus
1292 920 1670 971 mortuorum:
1696 939 1723 966 «
1749 918 1998 987 lmpossi-

366 1006 472 1061 bile
498 1021 648 1060 enim
677 1012 772 1071 est,
804 1006 1007 1075 inquit,
1052 1021 1136 1059 eos
1174 1007 1269 1076 qui
1312 1006 1481 1061 semel
1509 1004 1820 1060 illuminati
1846 1010 1995 1071 sunt,

365 1099 420 1148 et
452 1093 654 1148 donum
679 1094 889 1148 caeleste
913 1097 1269 1161 gustaverunt
1296 1102 1349 1148 et
1376 1096 1845 1165 participaverunt
1872 1094 1999 1164 Spi-

366 1184 535 1237 ritum
555 1186 891 1248 sanctum,et
914 1184 1134 1238 verbum
1158 1184 1253 1237 Dei
1272 1184 1433 1237 dulce
1448 1187 1975 1251 gustaverunt,»etc.
1989 1224 2002 1249 ,

370 1287 495 1343 quae
526 1272 702 1325 verba
726 1269 913 1339 legere
942 1269 1076 1325 licet
1121 1270 1179 1324 in
1229 1270 1486 1350 Epistpla
1544 1272 1705 1326 Pauli
1766 1272 1837 1327 ad
1892 1271 2005 1325 He—

374 1358 581 1427 braeos,
613 1375 739 1431 cap.
769 1376 847 1413 vx.
885 1359 1025 1414 Hinc
1055 1359 1375 1430 capiendus
1405 1364 1493 1414 est
1521 1359 1873 1415 Philastrius
1904 1359 2002 1413 lib.

378 1448 453 1502 De
483 1448 803 1515 haeresibus,
836 1465 965 1518 cap.
1004 1449 1075 1503 60
1106 1466 1118 1502 :
1153 1449 1288 1503 Sunt
1307 1450 1412 1503 alii
1440 1450 1536 1520 qui
1558 1450 2011 1519 epistolam‘jbeati

380 1539 549 1592 Pauli
576 1538 645 1591 ad
673 1539 919 1593 Hebraeos
953 1553 1059 1592 non
1098 1544 1351 1592 asserunt
1380 1554 1531 1599 esse;
1560 1539 1652 1593 sed
1673 1539 1879 1603 dicunt,
1910 1544 2012 1593 aut

382 1626 653 1682 Barnabas
723 1640 837 1681 esse
895 1626 1041 1681 beati
1104 1626 1363 1697 apostoli,
1406 1631 1502 1681 aut
1549 1626 1850 1682 Clementis.
1906 1620 2016 1682 Ubi

378 1714 535 1770 haud
566 1714 741 1770 dubie
778 1713 1202 1770 Tertullianum
1234 1714 1523 1787 intelligit.
1568 1717 1673 1771 Sed
1706 1716 1777 1771 de
1807 1716 1897 1770 his
1930 1733 2017 1771 sa-

378 1804 460 1859 tis
494 1822 508 1858 :
542 1819 709 1901 nunc.
726 1807 909 1858 restat
937 1807 1003 1857 ut
1036 1803 1105 1857 de
1138 1803 1295 1857 illius
1328 1808 1694 1875 argumento,
1728 1805 1846 1859 sive
1875 1804 2015 1860 sub-
2045 1843 2093 1906 Β

366 1894 525 1964 jecto
556 1891 803 1947 breviter
832 1908 1022 1964 agam.

448 1981 707 2052 Epistolw
749 1990 1156 2051 argumentum,
1204 1981 1420 2037 divisio.
1474 1982 1617 2036 Cum
1661 1980 1843 2037 Judaei
1881 1982 2010 2053 qui-

376 2070 512 2124 dam
543 2068 615 2125 ad
670 2069 844 2123 ﬁdem
893 2068 1107 2124 Christi
1147 2070 1405 2125 conversi
1450 2069 1899 2141 galaticarentur
1926 2071 2015 2142 (ut

378 2175 514 2214 cum
542 2157 900 2213 Tertulliano
931 2158 1177 2229 loquar),
1211 2158 1318 2213 hoc
1348 2163 1454 2225 est,
1488 2158 1675 2230 legem
1706 2159 2015 2215 Mosaicam

378 2263 496 2302 una
526 2262 661 2301 cum
687 2245 995 2318 Evangelia
1015 2247 1374 2302 retinendam
1396 2263 1524 2303 esse
1545 2248 2016 2320 putarent,idque

379 2334 583 2391 multis
613 2334 955 2390 Christianis
987 2336 1671 2406 persuaderent,sanctus
1698 2335 2013 2404 Barnabas,

379 2424 501 2481 sive
534 2423 665 2495 quis
694 2422 865 2493 alius,
898 2428 1163 2479 sanctum
1214 2424 1459 2479 Paulum
1492 2424 1776 2494 imitatus,
1816 2441 2014 2479 eurum

383 2513 711 2570 doctrinam
743 2512 850 2567 hac
881 2512 1124 2585 epistola
1153 2512 1468 2569 convellere
1512 2517 1772 2580 conatur,
1824 2515 2018 2570 docet-

383 2618 499 2674 que
526 2600 729 2656 multis
759 2601 1068 2671 Scriptura:
1100 2600 1262 2667 locis,
1297 2618 1362 2656 ac
1394 2601 1617 2673 ﬁguris,
1650 2601 1834 2673 legem
1868 2604 2020 2675 Moy-

384 2690 471 2747 sis
503 2690 627 2760 jam
661 2690 997 2759 abrogatam
1029 2690 1353 2759 esse,eique
1383 2689 1755 2761 Evangelium
1790 2707 2017 2746 succes-

384 2779 554 2835 sisse.
577 2777 681 2832 Hic
705 2782 795 2833 est
824 2777 1002 2848 hujus
1030 2777 1285 2849 epistolae
1309 2794 1520 2849 scopus
1546 2796 1559 2845 ;
1592 2780 1661 2832 ad
1684 2796 1857 2849 quem
1883 2796 2021 2834 non-

386 2866 550 2923 nulla
579 2865 694 2932 hic,
726 2882 852 2936 qum
886 2882 1000 2920 non
1041 2870 1182 2920 sunt
1205 2865 1643 2938 προηγουμένου,
1688 2884 1789 2922 seu
1824 2868 2021 2939 prisci-

390 2955 491 3027 pui
524 2954 874 3026 argumenti,
921 2955 1020 3009 sed
1050 2954 1228 3009 veluti
1268 2955 1593 3009 secundarii
1626 2961 1926 3026 tractatus,
1959 2960 2023 3010 ut

389 3044 460 3099 de
489 3044 740 3099 adventu
771 3042 1314 3114 Christi,passione,
1338 3044 1806 3108 etc.,rel‘eruntur
1838 3061 1851 3099 :
1887 3062 2020 3099 nam

384 3131 546 3187 illius
573 3130 762 3203 gratia
788 3135 1135 3199 tractantur,
1166 3148 1298 3186 cum
1321 3132 1390 3187 ad
1432 3131 2021 3203 ejusintelligentiam

387 3237 501 3276 non
532 3236 736 3292 parum
770 3220 1089 3287 conferant,
1116 3222 1286 3291 juxta
1316 3236 1536 3275 morem
1570 3226 1888 3285 oratorum,
1921 3222 2020 3293 qui
2054 3206 2096 3271 C

386 3308 681 3364 interdum
704 3307 818 3363 alio
847 3307 1275 3381 digrediuntur,
1299 3326 1413 3363 non
1444 3308 1731 3364 inutiliter
1758 3309 2019 3380 quidem,

387 3414 519 3453 cum
551 3397 608 3451 id
644 3396 921 3469 plenioris
943 3396 1345 3452 elucidationis
1367 3397 1552 3469 gratia
1574 3398 1757 3453 facere
1778 3397 2016 3453 soleant.

388 3486 511 3542 Sub
547 3486 724 3541 ﬁnem
755 3485 1010 3557 epistolae
1042 3485 1229 3540 multa
1268 3487 1434 3541 docet
1462 3485 1841 3556 Christianos,
1894 3504 2020 3558 quae

389 3576 460 3631 ad
493 3577 671 3633 vitam
704 3580 856 3630 recte
884 3575 1301 3631 instituendam
1326 3574 1642 3646 plurimum
1668 3577 2019 3632 conducunt.

392 3662 535 3719 Hinc
566 3663 651 3731 ﬁt,
686 3668 749 3718 ut
783 3663 903 3718 haec
932 3664 1176 3734 epistola
1221 3663 1280 3719 in
1320 3664 1468 3719 duas
1496 3669 1689 3736 partes
1721 3666 2024 3721 commode

392 3751 665 3807 distribui
714 3752 899 3823 possit
948 3770 961 3806 :
1011 3769 1261 3824 quarum
1310 3752 1491 3807 altera
1522 3757 1613 3808 est
1651 3753 2021 3824 didascalica,

391 3856 523 3911 qua)
550 3839 751 3895 multis
781 3841 1141 3913 argumentis
1163 3842 1327 3897 docet
1358 3840 1586 3895 nullum
1616 3858 1743 3896 esse
1772 3841 2025 3913 amplius

389 3927 540 4001 legis
572 3929 917 3994 Mosaicae,et
935 3929 1309 3985 Judaicarum
1332 3930 1808 3985 ceremoniarum
1826 3948 2021 3987 usum:

2105 558 2312 614 salutis
2341 562 2398 613 et
2429 564 2714 631 praecepta
2741 559 2973 615 dantur.

2174 648 2341 704 Prior
2362 665 2493 719 pars
2520 649 2781 719 epistolae.
2837 648 3000 703 Prior
3041 664 3176 719 pars
3219 648 3408 721 capita
3434 649 3744 705 duodecim

2102 736 2525 807 complectitur.
2559 740 2622 790 In
2654 736 2842 807 primo
2873 736 2943 791 de
2971 737 3293 793 cessatione
3319 738 3743 794 sacriﬁciorum

2104 825 2363 880 Mosaicae
2414 823 2559 896 legis
2606 825 2834 896 agitur;
2868 825 2926 879 in
2973 825 3225 881 secundo
3270 826 3340 881 de
3376 827 3743 898 jejuniorum

2103 914 2364 985 ejusdem
2388 912 2533 985 legis
2553 912 2863 968 abolitione
2889 932 2901 981 ;
2933 912 2993 969 in
3024 915 3191 969 tertio
3213 914 3406 986 agitur
3426 916 3498 971 de
3519 916 3742 972 instan-

2105 1002 2282 1069 tibus,
2315 1001 2739 1057 calamitatibus
2769 1003 3490 1074 admonenturqueﬁdeles
3519 1006 3593 1060 ad
3632 1006 3747 1060 vir-

2107 1095 2298 1146 tutum
2330 1091 2610 1158 studium,
2644 1091 2799 1162 quod
2840 1091 3025 1147 Judaei
3055 1092 3179 1147 suis
3205 1093 3448 1164 jejuniis
3480 1098 3537 1149 et
3565 1110 3747 1150 caere-

2113 1179 2326 1234 moniis
2391 1179 2876 1251 postponebant;
2942 1179 3002 1234 in
3056 1185 3261 1252 quarto
3326 1186 3612 1238 tractatur
3679 1184 3750 1239 de

2112 1268 2323 1323 Christi
2385 1269 2659 1334 adventu,
2711 1268 2993 1323 missione
3050 1270 3468 1340 apostolorum,
3528 1271 3747 1328 Christi

2117 1357 2387 1427 passione
2423 1361 2479 1412 et
2509 1356 2852 1413 exultatione
2883 1375 2897 1423 ;
2929 1357 2985 1411 in
3034 1359 3237 1430 quinto
3281 1360 3353 1414 de
3383 1360 3641 1416 hominis
3671 1378 3756 1417 re-

2121 1448 2417 1517 paratione
2457 1445 2821 1517 disputatur;
2860 1447 2917 1500 in
2968 1453 3127 1502 sexto
3180 1465 3385 1503 rursus
3439 1450 3512 1505 de
3540 1450 3753 1506 Christi

2122 1534 2477 1605 passione,et
2505 1535 2575 1589 de
2600 1534 2954 1605 quibusdam
2984 1535 3141 1591 illius
3171 1537 3632 1594 circumstantiis
3655 1558 3669 1606 ;
3692 1541 3752 1595 in

2123 1623 2370 1695 septimo
2401 1624 2470 1678 de
2499 1623 2898 1695 antiquatione
2937 1625 3398 1681 circumcisionis
3435 1628 3668 1694 veteris,
3700 1633 3759 1684 et

2125 1713 2195 1767 de
2216 1711 2657 1767 circumcisione
2672 1712 2904 1766 aurium
2927 1717 2983 1767 et
3006 1715 3198 1769 cordis
3222 1732 3234 1781 ;
3270 1715 3329 1769 in
3352 1720 3551 1771 octavo
3572 1717 3644 1771 de
3664 1734 3757 1773 es-

2126 1801 2209 1855 cis
2242 1800 2547 1873 prohibitis
2568 1799 2627 1854 in
2655 1800 2832 1855 veteri
2864 1800 3008 1873 lege,
3033 1802 3219 1873 deque
3246 1802 3479 1859 illarum
3512 1806 3762 1877 mystica

2122 1888 2636 1961 interpretatione;
2669 1889 2727 1943 in
2761 1906 2911 1946 nono
2950 1890 3021 1946 de
3052 1891 3340 1963 baptismo
3371 1900 3426 1949 et
3457 1910 3666 1960 cruce;
3700 1896 3760 1950 in

2122 1977 2343 2033 decimo
2366 1978 2437 2033 de
2470 1977 2871 2049 reprobatione
2896 1978 3095 2051 populi
3116 1981 3430 2049 Judaici,et
3450 1983 3761 2055 gentilium

2122 2066 2433 2134 electione;
2468 2067 2525 2121 in
2559 2066 2865 2122 undecimo
2895 2067 2967 2123 de
2986 2067 3360 2141 abrogatione
3390 2072 3627 2126 Sabbati
3656 2073 3761 2127 Ju-

2123 2156 2272 2212 daici
2304 2173 2318 2218 ;
2353 2156 2410 2210 in
2456 2154 2799 2210 duodecimo
2840 2156 2911 2211 de
2957 2158 3161 2229 templi
3208 2158 3437 2214 Judaici
3489 2160 3761 2232 repudia-

2124 2245 2280 2300 tione
2308 2260 2374 2299 ac
2404 2242 2797 2313 demolitione,
2846 2247 2903 2299 et
2932 2244 3003 2300 de
3032 2246 3235 2318 templi
3264 2247 3589 2319 spiritualis
3621 2249 3761 2304 tedi-

2126 2332 2413 2389 ﬁcatione.

2196 2422 2442 2478 Secunda
2466 2437 2599 2493 pars
2626 2421 2887 2493 epistolae.
2921 2422 3185 2479 Secunda
3216 2441 3350 2495 pars
3388 2425 3619 2481 duobus
3667 2444 3763 2482 ca-

2128 2511 2348 2583 pitibus
2405 2508 2743 2566 absolvitur.
2794 2510 2860 2565 In
2914 2510 3102 2582 primo
3132 2513 3323 2585 agitur
3368 2515 3438 2569 de
3468 2515 3562 2571 via
3590 2514 3764 2581 lucis,

2128 2600 2236 2655 hoc
2265 2604 2373 2666 est,
2415 2601 2486 2654 de
2516 2598 2589 2653 iis
2636 2614 2762 2670 quae
2821 2598 3151 2656 Christiano
3207 2603 3435 2674 agenda
3484 2609 3661 2671 sunt;
3703 2605 3765 2659 in

2130 2689 2309 2745 altero
2332 2689 2402 2744 de
2432 2688 2525 2742 via
2552 2688 2946 2754 tenebrarum,
2979 2689 3087 2745 hoc
3117 2694 3225 2755 est,
3258 2692 3328 2746 de
3375 2691 3447 2748 iis
3475 2710 3598 2763 qua:
3630 2694 3764 2748 ani-

2131 2796 2238 2832 mae
2270 2776 2427 2833 fideli
2471 2777 2747 2849 fugienda
2788 2794 2855 2833 ac
2882 2778 3121 2834 vitanda
3151 2783 3290 2835 sunt
3319 2796 3332 2834 :
3367 2784 3491 2836 tum
3524 2782 3778 2838 demum‘

2130 2868 2397 2939 sequitur
2417 2867 2699 2940 epilogus.

2201 2960 2331 3011 Haec
2364 2960 2557 3011 autem
2588 2958 2834 3029 epistola
2862 2959 2933 3013 ab
2963 2958 3227 3031 Origene,
3250 2958 3351 3013 lib.
3386 2977 3403 3013 ι
3433 2962 3620 3014 contra
3652 2960 3771 3016 Cel-

2130 3060 2253 3099 sum
2285 3044 2395 3099 sub
2426 3044 2624 3114 ﬁnem,
2673 3045 2988 3116 Catholica,
3038 3045 3096 3100 id
3139 3051 3228 3101 est
3281 3046 3624 3103 universalis
3672 3064 3771 3119 ap-

2140 3132 2392 3204 pellatur
2424 3151 2437 3190 :
2468 3134 2658 3190 Exstat
2685 3151 2817 3189 sane
2847 3136 2907 3189 in
2930 3135 3192 3190 Barnabas
3222 3136 3494 3191 catholica
3538 3137 3773 3207 epistola

2134 3222 2702 3295 scriptum,etc.,quia
2724 3240 2837 3278 non
2861 3224 2931 3278 ad
2963 3240 3140 3278 unam
3162 3228 3377 3279 certam
3408 3228 3776 3297 gentem,aut

2131 3310 2424 3365 nationem
2466 3311 2683 3384 scripta
2727 3316 2838 3379 est,
2889 3311 2990 3366 sed
3021 3312 3092 3366 ad
3124 3328 3327 3368 omnes
3357 3311 3720 3369 Christianos
3755 3332 3769 3368 :

2131 3400 2213 3453 ita
2241 3398 2395 3453 enim
2420 3400 2785 3455 deﬁniuntur
2804 3399 3099 3456 catholicae
3129 3401 3524 3472 apostolorum
3552 3402 3777 3473 episto-

2129 3487 2217 3555 lae,
2249 3492 2315 3543 ut
2346 3488 2721 3544 manifestum
2767 3494 2856 3544 est
2898 3504 2966 3543 ex
3017 3490 3274 3557 Leontio,
3325 3488 3429 3545 lib.
3464 3491 3539 3546 De
3591 3493 3772 3559 sectis,

2131 3592 2258 3648 cap.
2289 3578 2367 3629 2:
2414 3575 2707 3630 Καθολικαὶ
2760 3573 2819 3631 δὲ
2875 3575 3201 3646 ἐκλήθησαν,
3259 3575 3444 3647 ἐπειδή
3504 3578 3566 3632 οὐ
3631 3579 3773 3650 πρὸς

2128 3663 2184 3717 ἓν
2236 3660 2385 3725 ἔθνος
2435 3662 2761 3741 ἐγράφησαν,
2794 3665 2867 3725 ὡς
2916 3666 2972 3718 αἱ
3016 3669 3113 3719 τοῦ
3162 3664 3403 3735 Παύλου,
3434 3664 3578 3721 ἀλλά
3621 3666 3786 3720 καθὸ-

2134 3751 2234 3807 λου
2260 3752 2395 3824 πρὸς
2424 3753 2617 3821 πάντα,
2668 3754 2724 3809 id
2769 3759 2875 3821 est,
2911 3754 3205 3813 Catholicae
3242 3756 3405 3813 dicta
3450 3767 3603 3821 sunt,
3635 3758 3780 3827 quod

2133 3859 2241 3897 non
2271 3842 2342 3896 ad
2368 3859 2539 3897 unam
2559 3844 2775 3915 scripta
2803 3846 2929 3898 sunt
2955 3852 3187 3915 gentem,
3214 3848 3275 3901 ut
3302 3846 3469 3901 Pauli
3494 3846 3779 3918 Epistollz,

2133 3932 2225 3988 sed
2258 3932 2588 4001 generaliter
2615 3932 2687 3987 ad
2713 3949 2917 3989 omnes.

2019 4251 2144 4311 IlI.

486 4354 757 4435 (lenaeus
782 4357 1131 4431 VOSSIUS,
1165 4356 1452 4418 Praefatio
1478 4357 1558 4418 ad
1588 4357 1929 4436 Epistolam
1959 4359 2023 4418 S.
2057 4356 2381 4430 Barnabas,
2412 4356 2858 4418 Amstelodami
2901 4373 3063 4417 anno
3088 4357 3246 4419 1646
3278 4356 3356 4417 ab
3385 4356 3519 4437 ipso
3546 4356 3787 4419 editam

1335 4438 1411 4499 ad
1444 4438 1676 4500 calcem
1703 4438 2124 4517 Epistolarum
2158 4440 2219 4499 S.
2254 4438 2478 4517 Ignatii
2504 4436 2846 4517 martyris.)

406 4650 643 4725 Aliquot
687 4653 812 4723 jam
854 4655 995 4707 sunt
1044 4651 1179 4706 anni
1229 4652 1381 4722 quod
1430 4651 1577 4706 hanc
1607 4650 1878 4706 Barnabze
1909 4650 2037 4722 Epi-
2067 4651 2115 4716 D
2147 4648 2535 4721 maximopere
2566 4649 2800 4722 gavisus
2829 4665 2985 4719 sum,
3015 4648 3075 4703 in
3107 4647 3235 4705 illas
3285 4665 3496 4705 manus
3527 4648 3787 4705 incidere

408 4740 640 4809 stolam,
674 4756 848 4812 quam
880 4740 952 4796 ab
994 4739 1431 4813 incomparabili
1484 4739 1768 4795 Salmasio
1807 4756 2038 4811 accepe-

408 4828 621 4897 ram,in
659 4829 847 4885 lucem
870 4829 1132 4885 emittere
1163 4830 1543 4885 decreveram.
1578 4829 1685 4884 Sed
1713 4829 1821 4884 iter
1842 4844 2036 4883 meum

408 4917 649 4986 obstitit,
712 4917 1025 4989 quominus
1074 4918 1410 4973 institutum
1436 4916 1579 4972 illud
1607 4922 1731 4972 tum
1761 4916 2039 4988 temporis

408 5006 682 5079 perficere
711 5006 961 5063 licuerit.
1012 5007 1161 5062 Dum
1210 5024 1342 5062 vero
1390 5006 1659 5078 Angliam
1692 5006 1897 5076 lustro,
1930 5005 2042 5060 alia

410 5111 540 5151 sese
569 5093 782 5150 obtulit
810 5095 1055 5162 occasio,
1088 5112 1205 5166 qua
1236 5094 1517 5167 scriptum
1550 5093 1714 5161 illud,
1738 5095 1891 5166 quod
1914 5094 2038 5165 jam

412 5184 513 5240 diu
544 5183 734 5239 lucem
766 5184 1115 5252 merebatur,
1145 5184 1381 5239 tandem
1426 5182 1741 5254 aliquando
1781 5182 2040 5254 divulga-

413 5279 597 5329 retur.
632 5272 884 5327 Parabat
911 5276 1040 5327 tum
1070 5288 1275 5327 novam
1310 5272 1519 5344 Ignatii
1548 5272 1858 5327 editionem
1882 5287 2041 5326 reve-

414 5361 805 5418 rendissimus
837 5360 1118 5416 Hibernia
1149 5361 1387 5433 primas,
1418 5360 1694 5416 Ussurius
1727 5360 2039 5414 Armacha-

417 5467 549 5505 nus.
584 5449 673 5504 Illi
705 5450 895 5521 itaque
918 5449 1234 5521 postulanti
1260 5454 1315 5504 et
1343 5450 1604 5504 offerenti
1629 5453 1693 5503 ut
1745 5465 1861 5503 una
1909 5464 2041 5503 cum

415 5538 736 5610 Ignatianis
766 5537 883 5592 haec
915 5553 1147 5609 quoque
1196 5538 1470 5593 Barnabas
1502 5538 1878 5592 excuderetur
1918 5538 2042 5608 epi-

414 5626 588 5695 stola,
622 5643 735 5682 non
765 5630 996 5682 tantum
1028 5625 1273 5683 libenter
1303 5626 1358 5681 id
1394 5625 1674 5694 concessi,
1715 5626 1814 5681 sed
1870 5626 2043 5681 etiam

2148 4737 2625 4808 antiquissimum
2658 4738 2810 4793 istud
2846 4742 3310 4805 monumentum,
3363 4754 3397 4792 a
3424 4737 3641 4809 quibus
3670 4738 3786 4792 im-

2151 4843 2421 4882 mensum
2453 4831 2737 4898 quantum
2778 4826 3105 4899 splendoris
3137 4827 3391 4881 mutuari
3423 4826 3534 4882 sibi
3566 4832 3785 4898 posset.

2151 4917 2218 4971 Et
2247 4914 2359 4970 nisi
2390 4915 2595 4987 ingens
2618 4915 2805 4971 isthoc
2835 4915 3351 4987 incendium,quod
3375 4931 3489 4970 non
3511 4916 3783 4988 exiguam

2152 5008 2369 5076 partem
2407 5002 2593 5058 urbis.
2627 5002 2972 5059 Oxonlensis
3001 5003 3268 5066 vastavit,
3321 5004 3519 5058 omnia
3554 5019 3790 5075 quoque

2150 5091 2498 5163 exemplaria
2513 5091 3416 5164 absumpsisset,pulcherrimam
3439 5094 3567 5163 ejus
3591 5097 3789 5148 aucto-

2152 5182 2232 5237 ris
2262 5180 2574 5235 editionem
2614 5181 2843 5250 jamdiu
2898 5180 3328 5236 habuissemus.
3375 5181 3501 5236 Non
3551 5181 3788 5238 defuere

2150 5274 2341 5325 tamen
2372 5269 2429 5323 in
2462 5267 2625 5324 Galia
2664 5269 2769 5323 viri
2796 5269 2967 5337 docti,
3003 5269 3103 5340 qui
3136 5269 3444 5341 indignum
3476 5270 3785 5341 putabant,

2153 5358 2435 5428 scriptum
2484 5357 2589 5412 hoc
2639 5356 2860 5413 diutius
2910 5359 2967 5413 in
2999 5358 3254 5414 tenebris
3293 5341 3565 5414 latitare."
3583 5364 3791 5431 Itaque

2154 5463 2339 5517 nuper
2379 5446 2543 5519 Hugo
2573 5446 2904 5518 Menardus,
2944 5447 3266 5502 monachus
3316 5447 3538 5503 ordinis
3589 5447 3791 5504 Sancti

2155 5534 2360 5601 Mauri,
2409 5552 2613 5590 novam
2671 5536 2837 5591 nobis
2892 5535 3203 5591 editionem
3261 5536 3584 5593 adornavit.
3635 5536 3787 5602 Quin

2154 5622 2471 5694 plurimum
2502 5624 2608 5681 hoc
2632 5625 2865 5681 nomine
2887 5624 3130 5682 meritus
3160 5626 3237 5681 sit
3255 5626 3326 5682 de
3346 5625 3601 5698 publico,
3615 5642 3790 5683 nemo
