  <div class='ocr_page' id='page_1' title='image "/cluster/home/n/w/nwhite01/storage/ocr_20150623/2/hvd.32044073501397/340.png"; bbox 0 0 4094 6202; ppageno 0'>
   <div class='ocr_carea' id='block_1_1' title="bbox 367 348 485 413">
    <p class='ocr_par' dir='ltr' id='par_1_1' title="bbox 367 348 485 413">
     <span class='ocr_line' id='line_1_1' title="bbox 367 348 485 413; baseline 0 -2"><span class='ocrx_word' id='word_1_1' title='bbox 367 348 485 413; x_wconf 74' lang='lat'>665</span> 
     </span>
    </p>
   </div>
   <div class='ocr_carea' id='block_1_2' title="bbox 1755 350 2364 417">
    <p class='ocr_par' dir='ltr' id='par_1_2' title="bbox 1755 350 2364 417">
     <span class='ocr_line' id='line_1_2' title="bbox 1755 350 2364 417; baseline 0 -3"><span class='ocrx_word' id='word_1_2' title='bbox 1755 350 2364 417; x_wconf 81' lang='lat' dir='ltr'>PROLEGOMENA.</span> 
     </span>
    </p>
   </div>
   <div class='ocr_carea' id='block_1_3' title="bbox 3633 348 3750 411">
    <p class='ocr_par' dir='ltr' id='par_1_3' title="bbox 3633 348 3750 411">
     <span class='ocr_line' id='line_1_3' title="bbox 3633 348 3750 411; baseline 0 0"><span class='ocrx_word' id='word_1_3' title='bbox 3633 348 3750 411; x_wconf 93' lang='lat'>666</span> 
     </span>
    </p>
   </div>
   <div class='ocr_carea' id='block_1_4' title="bbox 370 480 3748 562">
    <p class='ocr_par' dir='ltr' id='par_1_4' title="bbox 370 480 3748 562">
     <span class='ocr_line' id='line_1_4' title="bbox 370 480 3748 562; baseline 0.001 -25"><span class='ocrx_word' id='word_1_4' title='bbox 370 486 477 548; x_wconf 88' lang='lat' dir='ltr'>est,</span> <span class='ocrx_word' id='word_1_5' title='bbox 511 481 613 555; x_wconf 99' lang='lat' dir='ltr'>qui</span> <span class='ocrx_word' id='word_1_6' title='bbox 658 480 888 539; x_wconf 81' lang='lat' dir='ltr'>inﬁcias</span> <span class='ocrx_word' id='word_1_7' title='bbox 934 482 1117 540; x_wconf 80' lang='lat' dir='ltr'>iverit.</span> <span class='ocrx_word' id='word_1_8' title='bbox 1168 483 1302 541; x_wconf 89' lang='lat' dir='ltr'>Plus</span> <span class='ocrx_word' id='word_1_9' title='bbox 1348 489 1541 542; x_wconf 88' lang='lat' dir='ltr'>tamen</span> <span class='ocrx_word' id='word_1_10' title='bbox 1592 487 1921 558; x_wconf 78' lang='lat' dir='ltr'>meruisset,</span> <span class='ocrx_word' id='word_1_11' title='bbox 1954 487 2001 542; x_wconf 91' lang='lat' dir='ltr'>si</span> <span class='ocrx_word' id='word_1_12' title='bbox 2033 497 2086 561; x_wconf 72' lang='grc' dir='ltr'>Α</span> <span class='ocrx_word' id='word_1_13' title='bbox 2117 488 2175 545; x_wconf 89' lang='lat' dir='ltr'>in</span> <span class='ocrx_word' id='word_1_14' title='bbox 2206 488 2314 543; x_wconf 90' lang='lat' dir='ltr'>hoc</span> <span class='ocrx_word' id='word_1_15' title='bbox 2344 485 2760 562; x_wconf 79' lang='lat' dir='ltr'>reprehendere</span> <span class='ocrx_word' id='word_1_16' title='bbox 2791 486 2943 560; x_wconf 91' lang='lat' dir='ltr'>quod</span> <span class='ocrx_word' id='word_1_17' title='bbox 2975 485 3034 542; x_wconf 92' lang='lat' dir='ltr'>in</span> <span class='ocrx_word' id='word_1_18' title='bbox 3082 483 3259 542; x_wconf 89' lang='lat' dir='ltr'>altero</span> <span class='ocrx_word' id='word_1_19' title='bbox 3302 488 3601 541; x_wconf 81' lang='lat' dir='ltr'>excusant.</span> <span class='ocrx_word' id='word_1_20' title='bbox 3630 483 3748 541; x_wconf 88' lang='lat' dir='ltr'>No-</span> 
     </span>
    </p>
   </div>
   <div class='ocr_carea' id='block_1_5' title="bbox 370 571 2003 648">
    <p class='ocr_par' dir='ltr' id='par_1_5' title="bbox 370 571 2003 648">
     <span class='ocr_line' id='line_1_5' title="bbox 370 571 2003 648; baseline 0.002 -21"><span class='ocrx_word' id='word_1_21' title='bbox 370 571 713 643; x_wconf 84' lang='lat' dir='ltr'>contigisset</span> <span class='ocrx_word' id='word_1_22' title='bbox 740 571 825 627; x_wconf 86' lang='lat' dir='ltr'>illi</span> <span class='ocrx_word' id='word_1_23' title='bbox 855 572 1023 644; x_wconf 86' lang='lat' dir='ltr'>plura</span> <span class='ocrx_word' id='word_1_24' title='bbox 1049 574 1242 630; x_wconf 91' lang='lat' dir='ltr'>videre</span> <span class='ocrx_word' id='word_1_25' title='bbox 1271 577 1640 648; x_wconf 81' lang='lat' dir='ltr'>exemplaria.</span> <span class='ocrx_word' id='word_1_26' title='bbox 1675 577 1815 632; x_wconf 90' lang='lat' dir='ltr'>Cum</span> <span class='ocrx_word' id='word_1_27' title='bbox 1848 576 2003 631; x_wconf 90' lang='lat' dir='ltr'>enim</span> 
     </span>
    </p>
   </div>
   <div class='ocr_carea' id='block_1_6' title="bbox 371 660 2009 734">
    <p class='ocr_par' dir='ltr' id='par_1_6' title="bbox 371 660 2009 734">
     <span class='ocr_line' id='line_1_6' title="bbox 371 660 2009 734; baseline 0.003 -20"><span class='ocrx_word' id='word_1_28' title='bbox 371 664 491 716; x_wconf 86' lang='lat' dir='ltr'>tota</span> <span class='ocrx_word' id='word_1_29' title='bbox 522 660 623 715; x_wconf 84' lang='lat' dir='ltr'>illa</span> <span class='ocrx_word' id='word_1_30' title='bbox 650 661 829 716; x_wconf 85' lang='lat' dir='ltr'>editio</span> <span class='ocrx_word' id='word_1_31' title='bbox 851 679 918 717; x_wconf 81' lang='lat' dir='ltr'>ex</span> <span class='ocrx_word' id='word_1_32' title='bbox 940 680 1055 717; x_wconf 92' lang='lat' dir='ltr'>uno</span> <span class='ocrx_word' id='word_1_33' title='bbox 1078 665 1434 734; x_wconf 84' lang='lat' dir='ltr'>promanarit</span> <span class='ocrx_word' id='word_1_34' title='bbox 1454 666 1664 734; x_wconf 88' lang='lat' dir='ltr'>codice,</span> <span class='ocrx_word' id='word_1_35' title='bbox 1689 665 1810 720; x_wconf 82' lang='lat' dir='ltr'>ﬁeri</span> <span class='ocrx_word' id='word_1_36' title='bbox 1843 665 2009 719; x_wconf 86' lang='lat' dir='ltr'>aliter</span> 
     </span>
    </p>
   </div>
   <div class='ocr_carea' id='block_1_7' title="bbox 371 750 2005 825">
    <p class='ocr_par' dir='ltr' id='par_1_7' title="bbox 371 750 2005 825">
     <span class='ocr_line' id='line_1_7' title="bbox 371 750 2005 825; baseline 0.002 -22"><span class='ocrx_word' id='word_1_37' title='bbox 371 766 486 804; x_wconf 92' lang='lat' dir='ltr'>non</span> <span class='ocrx_word' id='word_1_38' title='bbox 518 750 707 820; x_wconf 89' lang='lat' dir='ltr'>potuit</span> <span class='ocrx_word' id='word_1_39' title='bbox 754 750 894 821; x_wconf 92' lang='lat' dir='ltr'>quin</span> <span class='ocrx_word' id='word_1_40' title='bbox 942 752 1481 809; x_wconf 88' lang='lat' dir='ltr'>inemendatissima</span> <span class='ocrx_word' id='word_1_41' title='bbox 1527 754 1800 825; x_wconf 85' lang='lat' dir='ltr'>prodiret.</span> <span class='ocrx_word' id='word_1_42' title='bbox 1844 753 2005 821; x_wconf 88' lang='lat' dir='ltr'>Mihi,</span> 
     </span>
    </p>
   </div>
   <div class='ocr_carea' id='block_1_8' title="bbox 372 837 2006 915">
    <p class='ocr_par' dir='ltr' id='par_1_8' title="bbox 372 837 2006 915">
     <span class='ocr_line' id='line_1_8' title="bbox 372 837 2006 915; baseline 0.004 -23"><span class='ocrx_word' id='word_1_43' title='bbox 372 837 509 893; x_wconf 86' lang='lat' dir='ltr'>licet</span> <span class='ocrx_word' id='word_1_44' title='bbox 539 853 654 893; x_wconf 91' lang='lat' dir='ltr'>non</span> <span class='ocrx_word' id='word_1_45' title='bbox 685 855 871 910; x_wconf 90' lang='lat' dir='ltr'>usque</span> <span class='ocrx_word' id='word_1_46' title='bbox 901 841 1042 895; x_wconf 85' lang='lat' dir='ltr'>adeo</span> <span class='ocrx_word' id='word_1_47' title='bbox 1074 841 1308 895; x_wconf 83' lang='lat' dir='ltr'>fortuna</span> <span class='ocrx_word' id='word_1_48' title='bbox 1348 842 1567 907; x_wconf 80' lang='lat' dir='ltr'>faverit,</span> <span class='ocrx_word' id='word_1_49' title='bbox 1605 848 1668 897; x_wconf 86' lang='lat' dir='ltr'>ut</span> <span class='ocrx_word' id='word_1_50' title='bbox 1696 843 2006 915; x_wconf 83' lang='lat' dir='ltr'>quisquam</span> 
     </span>
    </p>
   </div>
   <div class='ocr_carea' id='block_1_9' title="bbox 373 926 2008 1003">
    <p class='ocr_par' dir='ltr' id='par_1_9' title="bbox 373 926 2008 1003">
     <span class='ocr_line' id='line_1_9' title="bbox 373 926 2008 1003; baseline 0.002 -22"><span class='ocrx_word' id='word_1_51' title='bbox 373 926 631 983; x_wconf 87' lang='lat' dir='ltr'>invidere</span> <span class='ocrx_word' id='word_1_52' title='bbox 664 927 888 995; x_wconf 82' lang='lat' dir='ltr'>debeat,</span> <span class='ocrx_word' id='word_1_53' title='bbox 919 945 987 983; x_wconf 89' lang='lat' dir='ltr'>ea</span> <span class='ocrx_word' id='word_1_54' title='bbox 1014 932 1213 984; x_wconf 88' lang='lat' dir='ltr'>tamen</span> <span class='ocrx_word' id='word_1_55' title='bbox 1244 931 1487 1003; x_wconf 86' lang='lat' dir='ltr'>contigit</span> <span class='ocrx_word' id='word_1_56' title='bbox 1513 932 1778 1002; x_wconf 86' lang='lat' dir='ltr'>felicitas,</span> <span class='ocrx_word' id='word_1_57' title='bbox 1814 937 1878 987; x_wconf 91' lang='lat' dir='ltr'>ut</span> <span class='ocrx_word' id='word_1_58' title='bbox 1908 932 2008 987; x_wconf 90' lang='lat' dir='ltr'>tri-</span> 
     </span>
    </p>
   </div>
   <div class='ocr_carea' id='block_1_10' title="bbox 375 1015 2009 1090">
    <p class='ocr_par' dir='ltr' id='par_1_10' title="bbox 375 1015 2009 1090">
     <span class='ocr_line' id='line_1_10' title="bbox 375 1015 2009 1090; baseline 0.001 -20"><span class='ocrx_word' id='word_1_59' title='bbox 375 1015 485 1070; x_wconf 90' lang='lat' dir='ltr'>bus</span> <span class='ocrx_word' id='word_1_60' title='bbox 513 1016 574 1070; x_wconf 90' lang='lat' dir='ltr'>in</span> <span class='ocrx_word' id='word_1_61' title='bbox 605 1015 715 1071; x_wconf 88' lang='lat' dir='ltr'>hoc</span> <span class='ocrx_word' id='word_1_62' title='bbox 739 1018 1080 1090; x_wconf 87' lang='lat' dir='ltr'>corrigendo</span> <span class='ocrx_word' id='word_1_63' title='bbox 1102 1034 1245 1073; x_wconf 90' lang='lat' dir='ltr'>usus</span> <span class='ocrx_word' id='word_1_64' title='bbox 1272 1020 1384 1073; x_wconf 91' lang='lat' dir='ltr'>sim</span> <span class='ocrx_word' id='word_1_65' title='bbox 1407 1037 1549 1075; x_wconf 85' lang='lat' dir='ltr'>mss.</span> <span class='ocrx_word' id='word_1_66' title='bbox 1573 1020 1832 1075; x_wconf 90' lang='lat' dir='ltr'>Primum</span> <span class='ocrx_word' id='word_1_67' title='bbox 1865 1020 2009 1074; x_wconf 89' lang='lat' dir='ltr'>mihi</span> 
     </span>
    </p>
   </div>
   <div class='ocr_carea' id='block_1_11' title="bbox 377 1103 2013 1179">
    <p class='ocr_par' dir='ltr' id='par_1_11' title="bbox 377 1103 2013 1179">
     <span class='ocr_line' id='line_1_11' title="bbox 377 1103 2013 1179; baseline 0.003 -21"><span class='ocrx_word' id='word_1_68' title='bbox 377 1103 674 1159; x_wconf 65' lang='lat' dir='ltr'>Florentiae</span> <span class='ocrx_word' id='word_1_69' title='bbox 707 1106 1099 1177; x_wconf 83' lang='lat' dir='ltr'>suppeditavit</span> <span class='ocrx_word' id='word_1_70' title='bbox 1143 1107 1494 1163; x_wconf 85' lang='lat' dir='ltr'>bibliotheca</span> <span class='ocrx_word' id='word_1_71' title='bbox 1524 1109 1798 1179; x_wconf 88' lang='lat' dir='ltr'>Medicea,</span> <span class='ocrx_word' id='word_1_72' title='bbox 1831 1109 2013 1163; x_wconf 87' lang='lat' dir='ltr'>altera</span> 
     </span>
    </p>
   </div>
   <div class='ocr_carea' id='block_1_12' title="bbox 378 1193 2009 1269">
    <p class='ocr_par' dir='ltr' id='par_1_12' title="bbox 378 1193 2009 1269">
     <span class='ocr_line' id='line_1_12' title="bbox 378 1193 2009 1269; baseline 0.003 -21"><span class='ocrx_word' id='word_1_73' title='bbox 378 1194 489 1248; x_wconf 88' lang='lat' dir='ltr'>duo</span> <span class='ocrx_word' id='word_1_74' title='bbox 522 1193 875 1249; x_wconf 83' lang='lat' dir='ltr'>bibliotheca</span> <span class='ocrx_word' id='word_1_75' title='bbox 906 1195 1179 1250; x_wconf 88' lang='lat' dir='ltr'>Vaticana</span> <span class='ocrx_word' id='word_1_76' title='bbox 1207 1201 1263 1251; x_wconf 93' lang='lat' dir='ltr'>et</span> <span class='ocrx_word' id='word_1_77' title='bbox 1296 1196 1736 1266; x_wconf 89' lang='lat' dir='ltr'>Theatinorum,</span> <span class='ocrx_word' id='word_1_78' title='bbox 1772 1200 1871 1269; x_wconf 90' lang='lat' dir='ltr'>qui</span> <span class='ocrx_word' id='word_1_79' title='bbox 1902 1200 2009 1253; x_wconf 84' lang='lat' dir='ltr'>Ro-</span> 
     </span>
    </p>
   </div>
   <div class='ocr_carea' id='block_1_13' title="bbox 377 1283 2011 1356">
    <p class='ocr_par' dir='ltr' id='par_1_13' title="bbox 377 1283 2011 1356">
     <span class='ocr_line' id='line_1_13' title="bbox 377 1283 2011 1356; baseline 0.004 -20"><span class='ocrx_word' id='word_1_80' title='bbox 377 1298 481 1337; x_wconf 71' lang='lat' dir='ltr'>mae</span> <span class='ocrx_word' id='word_1_81' title='bbox 513 1288 717 1354; x_wconf 88' lang='lat' dir='ltr'>agunt.</span> <span class='ocrx_word' id='word_1_82' title='bbox 751 1283 989 1339; x_wconf 91' lang='lat' dir='ltr'>Illorum</span> <span class='ocrx_word' id='word_1_83' title='bbox 1019 1302 1189 1339; x_wconf 90' lang='lat' dir='ltr'>usum</span> <span class='ocrx_word' id='word_1_84' title='bbox 1224 1291 1525 1356; x_wconf 86' lang='lat' dir='ltr'>acceptum</span> <span class='ocrx_word' id='word_1_85' title='bbox 1558 1287 1675 1342; x_wconf 88' lang='lat' dir='ltr'>fero</span> <span class='ocrx_word' id='word_1_86' title='bbox 1697 1287 1857 1342; x_wconf 71' lang='lat' dir='ltr'>Lucae</span> <span class='ocrx_word' id='word_1_87' title='bbox 1880 1286 2011 1342; x_wconf 88' lang='lat' dir='ltr'>Hol-</span> 
     </span>
    </p>
   </div>
   <div class='ocr_carea' id='block_1_14' title="bbox 378 1369 2015 1444">
    <p class='ocr_par' dir='ltr' id='par_1_14' title="bbox 378 1369 2015 1444">
     <span class='ocr_line' id='line_1_14' title="bbox 378 1369 2015 1444; baseline 0.003 -19"><span class='ocrx_word' id='word_1_88' title='bbox 378 1369 587 1435; x_wconf 87' lang='lat' dir='ltr'>stenio,</span> <span class='ocrx_word' id='word_1_89' title='bbox 618 1371 741 1427; x_wconf 86' lang='lat' dir='ltr'>viro</span> <span class='ocrx_word' id='word_1_90' title='bbox 770 1388 1002 1427; x_wconf 87' lang='lat' dir='ltr'>summo</span> <span class='ocrx_word' id='word_1_91' title='bbox 1027 1377 1084 1428; x_wconf 91' lang='lat' dir='ltr'>et</span> <span class='ocrx_word' id='word_1_92' title='bbox 1124 1390 1425 1444; x_wconf 87' lang='lat' dir='ltr'>nunquam</span> <span class='ocrx_word' id='word_1_93' title='bbox 1466 1393 1580 1429; x_wconf 91' lang='lat' dir='ltr'>non</span> <span class='ocrx_word' id='word_1_94' title='bbox 1628 1376 1779 1430; x_wconf 86' lang='lat' dir='ltr'>infra</span> <span class='ocrx_word' id='word_1_95' title='bbox 1810 1375 2015 1431; x_wconf 89' lang='lat' dir='ltr'>merita</span> 
     </span>
    </p>
   </div>
   <div class='ocr_carea' id='block_1_15' title="bbox 377 1458 2013 1534">
    <p class='ocr_par' dir='ltr' id='par_1_15' title="bbox 377 1458 2013 1534">
     <span class='ocr_line' id='line_1_15' title="bbox 377 1458 2013 1534; baseline 0.004 -21"><span class='ocrx_word' id='word_1_96' title='bbox 377 1474 482 1513; x_wconf 91' lang='lat' dir='ltr'>sua</span> <span class='ocrx_word' id='word_1_97' title='bbox 514 1458 831 1516; x_wconf 88' lang='lat' dir='ltr'>laudando.</span> <span class='ocrx_word' id='word_1_98' title='bbox 866 1462 1012 1526; x_wconf 89' lang='lat' dir='ltr'>Quid</span> <span class='ocrx_word' id='word_1_99' title='bbox 1043 1462 1235 1531; x_wconf 88' lang='lat' dir='ltr'>itaque</span> <span class='ocrx_word' id='word_1_100' title='bbox 1276 1480 1384 1534; x_wconf 93' lang='lat' dir='ltr'>ope</span> <span class='ocrx_word' id='word_1_101' title='bbox 1423 1463 1669 1519; x_wconf 88' lang='lat' dir='ltr'>istorum</span> <span class='ocrx_word' id='word_1_102' title='bbox 1703 1465 1878 1519; x_wconf 89' lang='lat' dir='ltr'>trium</span> <span class='ocrx_word' id='word_1_103' title='bbox 1921 1481 2013 1519; x_wconf 90' lang='lat' dir='ltr'>co-</span> 
     </span>
    </p>
   </div>
   <div class='ocr_carea' id='block_1_16' title="bbox 377 1548 2013 1625">
    <p class='ocr_par' dir='ltr' id='par_1_16' title="bbox 377 1548 2013 1625">
     <span class='ocr_line' id='line_1_16' title="bbox 377 1548 2013 1625; baseline 0.002 -22"><span class='ocrx_word' id='word_1_104' title='bbox 377 1548 572 1603; x_wconf 88' lang='lat' dir='ltr'>dicum</span> <span class='ocrx_word' id='word_1_105' title='bbox 607 1550 928 1620; x_wconf 66' lang='lat' dir='ltr'>praestitum</span> <span class='ocrx_word' id='word_1_106' title='bbox 960 1551 1056 1619; x_wconf 89' lang='lat' dir='ltr'>sit,</span> <span class='ocrx_word' id='word_1_107' title='bbox 1087 1551 1305 1606; x_wconf 88' lang='lat' dir='ltr'>videbit</span> <span class='ocrx_word' id='word_1_108' title='bbox 1326 1552 1398 1621; x_wconf 88' lang='lat' dir='ltr'>is,</span> <span class='ocrx_word' id='word_1_109' title='bbox 1431 1553 1529 1623; x_wconf 91' lang='lat' dir='ltr'>qui</span> <span class='ocrx_word' id='word_1_110' title='bbox 1551 1569 1734 1624; x_wconf 78' lang='lat' dir='ltr'>operae</span> <span class='ocrx_word' id='word_1_111' title='bbox 1765 1554 2013 1625; x_wconf 84' lang='lat' dir='ltr'>pretium</span> 
     </span>
    </p>
   </div>
   <div class='ocr_carea' id='block_1_17' title="bbox 378 1636 2014 1712">
    <p class='ocr_par' dir='ltr' id='par_1_17' title="bbox 378 1636 2014 1712">
     <span class='ocr_line' id='line_1_17' title="bbox 378 1636 2014 1712; baseline 0.003 -23"><span class='ocrx_word' id='word_1_112' title='bbox 378 1637 628 1700; x_wconf 84' lang='lat' dir='ltr'>duxerit,</span> <span class='ocrx_word' id='word_1_113' title='bbox 660 1636 975 1693; x_wconf 87' lang='lat' dir='ltr'>editionem</span> <span class='ocrx_word' id='word_1_114' title='bbox 1023 1639 1172 1694; x_wconf 87' lang='lat' dir='ltr'>banc</span> <span class='ocrx_word' id='word_1_115' title='bbox 1218 1656 1349 1696; x_wconf 90' lang='lat' dir='ltr'>cum</span> <span class='ocrx_word' id='word_1_116' title='bbox 1410 1641 1609 1706; x_wconf 86' lang='lat' dir='ltr'>altera,</span> <span class='ocrx_word' id='word_1_117' title='bbox 1650 1657 1825 1712; x_wconf 86' lang='lat' dir='ltr'>quam</span> <span class='ocrx_word' id='word_1_118' title='bbox 1876 1640 2014 1707; x_wconf 84' lang='lat' dir='ltr'>dixi,</span> 
     </span>
    </p>
   </div>
   <div class='ocr_carea' id='block_1_18' title="bbox 378 1724 763 1780">
    <p class='ocr_par' dir='ltr' id='par_1_18' title="bbox 378 1724 763 1780">
     <span class='ocr_line' id='line_1_18' title="bbox 378 1724 763 1780; baseline 0.005 -2"><span class='ocrx_word' id='word_1_119' title='bbox 378 1724 763 1780; x_wconf 88' lang='lat' dir='ltr'>committere.</span> 
     </span>
    </p>
   </div>
   <div class='ocr_carea' id='block_1_19' title="bbox 2115 576 3746 648">
    <p class='ocr_par' dir='ltr' id='par_1_19' title="bbox 2115 576 3746 648">
     <span class='ocr_line' id='line_1_19' title="bbox 2115 576 3746 648; baseline -0.002 -15"><span class='ocrx_word' id='word_1_120' title='bbox 2115 583 2241 633; x_wconf 88' lang='lat' dir='ltr'>tum</span> <span class='ocrx_word' id='word_1_121' title='bbox 2263 581 2351 632; x_wconf 90' lang='lat' dir='ltr'>est</span> <span class='ocrx_word' id='word_1_122' title='bbox 2381 578 2639 642; x_wconf 87' lang='lat' dir='ltr'>cuilibet,</span> <span class='ocrx_word' id='word_1_123' title='bbox 2664 594 2837 648; x_wconf 88' lang='lat' dir='ltr'>quam</span> <span class='ocrx_word' id='word_1_124' title='bbox 2888 576 3134 632; x_wconf 89' lang='lat' dir='ltr'>nimium</span> <span class='ocrx_word' id='word_1_125' title='bbox 3166 576 3409 647; x_wconf 82' lang='lat' dir='ltr'>mystice</span> <span class='ocrx_word' id='word_1_126' title='bbox 3452 578 3510 630; x_wconf 88' lang='lat' dir='ltr'>et</span> <span class='ocrx_word' id='word_1_127' title='bbox 3545 590 3746 646; x_wconf 88' lang='lat' dir='ltr'>super-</span> 
     </span>
    </p>
   </div>
   <div class='ocr_carea' id='block_1_20' title="bbox 2118 662 3751 737">
    <p class='ocr_par' dir='ltr' id='par_1_20' title="bbox 2118 662 3751 737">
     <span class='ocr_line' id='line_1_20' title="bbox 2118 662 3751 737; baseline -0.004 -15"><span class='ocrx_word' id='word_1_128' title='bbox 2118 667 2339 722; x_wconf 86' lang='lat' dir='ltr'>stitiose</span> <span class='ocrx_word' id='word_1_129' title='bbox 2385 667 2553 737; x_wconf 88' lang='lat' dir='ltr'>(pene</span> <span class='ocrx_word' id='word_1_130' title='bbox 2596 666 2768 720; x_wconf 90' lang='lat' dir='ltr'>etiam</span> <span class='ocrx_word' id='word_1_131' title='bbox 2826 664 3038 736; x_wconf 91' lang='lat' dir='ltr'>inepte)</span> <span class='ocrx_word' id='word_1_132' title='bbox 3080 664 3251 735; x_wconf 88' lang='lat' dir='ltr'>primi</span> <span class='ocrx_word' id='word_1_133' title='bbox 3310 662 3392 718; x_wconf 90' lang='lat' dir='ltr'>illi</span> <span class='ocrx_word' id='word_1_134' title='bbox 3436 662 3751 725; x_wconf 85' lang='lat' dir='ltr'>Christiani</span> 
     </span>
    </p>
   </div>
   <div class='ocr_carea' id='block_1_21' title="bbox 2119 752 3747 828">
    <p class='ocr_par' dir='ltr' id='par_1_21' title="bbox 2119 752 3747 828">
     <span class='ocr_line' id='line_1_21' title="bbox 2119 752 3747 828; baseline -0.003 -18"><span class='ocrx_word' id='word_1_135' title='bbox 2119 756 2446 828; x_wconf 86' lang='lat' dir='ltr'>Scripturas</span> <span class='ocrx_word' id='word_1_136' title='bbox 2473 772 2665 810; x_wconf 89' lang='lat' dir='ltr'>sacras</span> <span class='ocrx_word' id='word_1_137' title='bbox 2697 754 2817 809; x_wconf 91' lang='lat' dir='ltr'>sint</span> <span class='ocrx_word' id='word_1_138' title='bbox 2846 754 3221 825; x_wconf 88' lang='lat' dir='ltr'>interpretati.</span> <span class='ocrx_word' id='word_1_139' title='bbox 3272 754 3331 808; x_wconf 90' lang='lat' dir='ltr'>Si</span> <span class='ocrx_word' id='word_1_140' title='bbox 3375 754 3569 824; x_wconf 88' lang='lat' dir='ltr'>itaque</span> <span class='ocrx_word' id='word_1_141' title='bbox 3600 757 3657 807; x_wconf 88' lang='lat' dir='ltr'>et</span> <span class='ocrx_word' id='word_1_142' title='bbox 3689 752 3747 806; x_wconf 90' lang='lat' dir='ltr'>in</span> 
     </span>
    </p>
   </div>
   <div class='ocr_carea' id='block_1_22' title="bbox 2118 841 3751 915">
    <p class='ocr_par' dir='ltr' id='par_1_22' title="bbox 2118 841 3751 915">
     <span class='ocr_line' id='line_1_22' title="bbox 2118 841 3751 915; baseline -0.004 -15"><span class='ocrx_word' id='word_1_143' title='bbox 2118 847 2228 901; x_wconf 93' lang='lat' dir='ltr'>hoc</span> <span class='ocrx_word' id='word_1_144' title='bbox 2258 850 2490 900; x_wconf 86' lang='lat' dir='ltr'>auctore</span> <span class='ocrx_word' id='word_1_145' title='bbox 2521 845 2785 915; x_wconf 79' lang='lat' dir='ltr'>quaedam</span> <span class='ocrx_word' id='word_1_146' title='bbox 2835 846 3140 898; x_wconf 87' lang='lat' dir='ltr'>occurrant</span> <span class='ocrx_word' id='word_1_147' title='bbox 3186 859 3311 913; x_wconf 66' lang='lat' dir='ltr'>qua:</span> <span class='ocrx_word' id='word_1_148' title='bbox 3358 842 3601 897; x_wconf 90' lang='lat' dir='ltr'>eruditis</span> <span class='ocrx_word' id='word_1_149' title='bbox 3632 841 3751 897; x_wconf 90' lang='lat' dir='ltr'>dis-</span> 
     </span>
    </p>
   </div>
   <div class='ocr_carea' id='block_1_23' title="bbox 2120 930 3757 1005">
    <p class='ocr_par' dir='ltr' id='par_1_23' title="bbox 2120 930 3757 1005">
     <span class='ocr_line' id='line_1_23' title="bbox 2120 930 3757 1005; baseline -0.004 -15"><span class='ocrx_word' id='word_1_150' title='bbox 2120 935 2390 1005; x_wconf 88' lang='lat' dir='ltr'>pliceant,</span> <span class='ocrx_word' id='word_1_151' title='bbox 2422 935 2680 989; x_wconf 90' lang='lat' dir='ltr'>dandum</span> <span class='ocrx_word' id='word_1_152' title='bbox 2714 934 2770 988; x_wconf 92' lang='lat' dir='ltr'>id</span> <span class='ocrx_word' id='word_1_153' title='bbox 2802 933 2995 1004; x_wconf 87' lang='lat' dir='ltr'>potius</span> <span class='ocrx_word' id='word_1_154' title='bbox 3018 932 3280 987; x_wconf 91' lang='lat' dir='ltr'>moribus</span> <span class='ocrx_word' id='word_1_155' title='bbox 3306 936 3560 987; x_wconf 90' lang='lat' dir='ltr'>veterum</span> <span class='ocrx_word' id='word_1_156' title='bbox 3591 930 3757 985; x_wconf 87' lang='lat' dir='ltr'>Chri-</span> 
     </span>
    </p>
   </div>
   <div class='ocr_carea' id='block_1_24' title="bbox 2121 1019 3756 1097">
    <p class='ocr_par' dir='ltr' id='par_1_24' title="bbox 2121 1019 3756 1097">
     <span class='ocr_line' id='line_1_24' title="bbox 2121 1019 3756 1097; baseline -0.004 -16"><span class='ocrx_word' id='word_1_157' title='bbox 2121 1025 2443 1081; x_wconf 89' lang='lat' dir='ltr'>stianorum</span> <span class='ocrx_word' id='word_1_158' title='bbox 2474 1040 2650 1097; x_wconf 89' lang='lat' dir='ltr'>quam</span> <span class='ocrx_word' id='word_1_159' title='bbox 2682 1028 2746 1078; x_wconf 91' lang='lat' dir='ltr'>ut</span> <span class='ocrx_word' id='word_1_160' title='bbox 2773 1027 3009 1094; x_wconf 86' lang='lat' dir='ltr'>putetur</span> <span class='ocrx_word' id='word_1_161' title='bbox 3030 1024 3311 1094; x_wconf 88' lang='lat' dir='ltr'>scriptum</span> <span class='ocrx_word' id='word_1_162' title='bbox 3336 1038 3463 1077; x_wconf 91' lang='lat' dir='ltr'>esse</span> <span class='ocrx_word' id='word_1_163' title='bbox 3492 1019 3756 1092; x_wconf 87' lang='lat' dir='ltr'>supposi-</span> 
     </span>
    </p>
   </div>
   <div class='ocr_carea' id='block_1_25' title="bbox 2121 1110 3757 1183">
    <p class='ocr_par' dir='ltr' id='par_1_25' title="bbox 2121 1110 3757 1183">
     <span class='ocr_line' id='line_1_25' title="bbox 2121 1110 3757 1183; baseline -0.004 -13"><span class='ocrx_word' id='word_1_164' title='bbox 2121 1115 2337 1170; x_wconf 91' lang='lat' dir='ltr'>titium.</span> <span class='ocrx_word' id='word_1_165' title='bbox 2380 1115 2489 1169; x_wconf 90' lang='lat' dir='ltr'>Sed</span> <span class='ocrx_word' id='word_1_166' title='bbox 2524 1130 2709 1179; x_wconf 90' lang='lat' dir='ltr'>neque</span> <span class='ocrx_word' id='word_1_167' title='bbox 2738 1112 2846 1167; x_wconf 90' lang='lat' dir='ltr'>hoc</span> <span class='ocrx_word' id='word_1_168' title='bbox 2893 1128 3249 1183; x_wconf 89' lang='lat' dir='ltr'>quemquam</span> <span class='ocrx_word' id='word_1_169' title='bbox 3300 1126 3526 1165; x_wconf 88' lang='lat' dir='ltr'>movere</span> <span class='ocrx_word' id='word_1_170' title='bbox 3566 1110 3757 1175; x_wconf 87' lang='lat' dir='ltr'>debet,</span> 
     </span>
    </p>
   </div>
   <div class='ocr_carea' id='block_1_26' title="bbox 2122 1196 3759 1275">
    <p class='ocr_par' dir='ltr' id='par_1_26' title="bbox 2122 1196 3759 1275">
     <span class='ocr_line' id='line_1_26' title="bbox 2122 1196 3759 1275; baseline -0.006 -17"><span class='ocrx_word' id='word_1_171' title='bbox 2122 1204 2275 1275; x_wconf 93' lang='lat' dir='ltr'>quod</span> <span class='ocrx_word' id='word_1_172' title='bbox 2308 1202 2591 1257; x_wconf 88' lang='lat' dir='ltr'>Eusebius</span> <span class='ocrx_word' id='word_1_173' title='bbox 2620 1208 2676 1256; x_wconf 90' lang='lat' dir='ltr'>et</span> <span class='ocrx_word' id='word_1_174' title='bbox 2703 1202 2879 1255; x_wconf 65' lang='lat' dir='ltr'>Grmci</span> <span class='ocrx_word' id='word_1_175' title='bbox 2911 1200 3257 1271; x_wconf 86' lang='lat' dir='ltr'>posteriores</span> <span class='ocrx_word' id='word_1_176' title='bbox 3287 1200 3438 1254; x_wconf 90' lang='lat' dir='ltr'>inter</span> <span class='ocrx_word' id='word_1_177' title='bbox 3478 1196 3759 1273; x_wconf 72' lang='grc' dir='ltr'>ἀπόκρυφα</span> 
     </span>
    </p>
   </div>
   <div class='ocr_carea' id='block_1_27' title="bbox 2125 1288 3759 1364">
    <p class='ocr_par' dir='ltr' id='par_1_27' title="bbox 2125 1288 3759 1364">
     <span class='ocr_line' id='line_1_27' title="bbox 2125 1288 3759 1364; baseline -0.004 -16"><span class='ocrx_word' id='word_1_178' title='bbox 2125 1292 2489 1364; x_wconf 87' lang='lat' dir='ltr'>reposuerint</span> <span class='ocrx_word' id='word_1_179' title='bbox 2518 1290 2839 1363; x_wconf 89' lang='lat' dir='ltr'>Epistolam</span> <span class='ocrx_word' id='word_1_180' title='bbox 2871 1290 3165 1345; x_wconf 60' lang='lat' dir='ltr'>Barnabas.</span> <span class='ocrx_word' id='word_1_181' title='bbox 3216 1290 3337 1344; x_wconf 86' lang='lat' dir='ltr'>Non</span> <span class='ocrx_word' id='word_1_182' title='bbox 3370 1288 3523 1343; x_wconf 90' lang='lat' dir='ltr'>enim</span> <span class='ocrx_word' id='word_1_183' title='bbox 3558 1292 3663 1341; x_wconf 87' lang='lat' dir='ltr'>boc</span> <span class='ocrx_word' id='word_1_184' title='bbox 3694 1302 3759 1341; x_wconf 92' lang='lat' dir='ltr'>eo</span> 
     </span>
    </p>
   </div>
   <div class='ocr_carea' id='block_1_28' title="bbox 2126 1377 3758 1452">
    <p class='ocr_par' dir='ltr' id='par_1_28' title="bbox 2126 1377 3758 1452">
     <span class='ocr_line' id='line_1_28' title="bbox 2126 1377 3758 1452; baseline -0.005 -15"><span class='ocrx_word' id='word_1_185' title='bbox 2126 1383 2341 1437; x_wconf 85' lang='lat' dir='ltr'>factum</span> <span class='ocrx_word' id='word_1_186' title='bbox 2373 1382 2524 1452; x_wconf 82' lang='lat' dir='ltr'>quod</span> <span class='ocrx_word' id='word_1_187' title='bbox 2557 1381 2892 1435; x_wconf 86' lang='lat' dir='ltr'>dubitarent</span> <span class='ocrx_word' id='word_1_188' title='bbox 2918 1382 2986 1434; x_wconf 91' lang='lat' dir='ltr'>de</span> <span class='ocrx_word' id='word_1_189' title='bbox 3017 1383 3269 1446; x_wconf 89' lang='lat' dir='ltr'>auctore,</span> <span class='ocrx_word' id='word_1_190' title='bbox 3312 1378 3412 1434; x_wconf 89' lang='lat' dir='ltr'>sed</span> <span class='ocrx_word' id='word_1_191' title='bbox 3458 1377 3611 1449; x_wconf 91' lang='lat' dir='ltr'>quod</span> <span class='ocrx_word' id='word_1_192' title='bbox 3644 1392 3758 1431; x_wconf 91' lang='lat' dir='ltr'>non</span> 
     </span>
    </p>
   </div>
   <div class='ocr_carea' id='block_1_29' title="bbox 2126 1464 3761 1542">
    <p class='ocr_par' dir='ltr' id='par_1_29' title="bbox 2126 1464 3761 1542">
     <span class='ocr_line' id='line_1_29' title="bbox 2126 1464 3761 1542; baseline -0.004 -18"><span class='ocrx_word' id='word_1_193' title='bbox 2126 1472 2438 1542; x_wconf 87' lang='lat' dir='ltr'>probarent</span> <span class='ocrx_word' id='word_1_194' title='bbox 2458 1470 2732 1542; x_wconf 77' lang='lat' dir='ltr'>mysticae</span> <span class='ocrx_word' id='word_1_195' title='bbox 2755 1469 2898 1524; x_wconf 88' lang='lat' dir='ltr'>istas</span> <span class='ocrx_word' id='word_1_196' title='bbox 2920 1468 3422 1539; x_wconf 85' lang='lat' dir='ltr'>interpretationes</span> <span class='ocrx_word' id='word_1_197' title='bbox 3445 1464 3761 1520; x_wconf 87' lang='lat' dir='ltr'>multorum</span> 
     </span>
    </p>
   </div>
   <div class='ocr_carea' id='block_1_30' title="bbox 2126 1553 3762 1631">
    <p class='ocr_par' dir='ltr' id='par_1_30' title="bbox 2126 1553 3762 1631">
     <span class='ocr_line' id='line_1_30' title="bbox 2126 1553 3762 1631; baseline -0.004 -16"><span class='ocrx_word' id='word_1_198' title='bbox 2126 1560 2185 1615; x_wconf 93' lang='lat' dir='ltr'>S.</span> <span class='ocrx_word' id='word_1_199' title='bbox 2217 1560 2525 1631; x_wconf 66' lang='lat' dir='ltr'>Scriptura:</span> <span class='ocrx_word' id='word_1_200' title='bbox 2555 1558 2834 1613; x_wconf 88' lang='lat' dir='ltr'>locorum.</span> <span class='ocrx_word' id='word_1_201' title='bbox 2867 1557 3078 1612; x_wconf 89' lang='lat' dir='ltr'>Eadem</span> <span class='ocrx_word' id='word_1_202' title='bbox 3112 1558 3333 1611; x_wconf 88' lang='lat' dir='ltr'>ratione</span> <span class='ocrx_word' id='word_1_203' title='bbox 3368 1560 3424 1611; x_wconf 89' lang='lat' dir='ltr'>et</span> <span class='ocrx_word' id='word_1_204' title='bbox 3454 1553 3762 1610; x_wconf 88' lang='lat' dir='ltr'>Clementis</span> 
     </span>
    </p>
   </div>
   <div class='ocr_carea' id='block_1_31' title="bbox 2125 1645 3763 1718">
    <p class='ocr_par' dir='ltr' id='par_1_31' title="bbox 2125 1645 3763 1718">
     <span class='ocr_line' id='line_1_31' title="bbox 2125 1645 3763 1718; baseline -0.003 -15"><span class='ocrx_word' id='word_1_205' title='bbox 2125 1648 2517 1711; x_wconf 83' lang='lat' dir='ltr'>Alexandrini,</span> <span class='ocrx_word' id='word_1_206' title='bbox 2550 1653 2607 1702; x_wconf 91' lang='lat' dir='ltr'>et</span> <span class='ocrx_word' id='word_1_207' title='bbox 2654 1647 2839 1702; x_wconf 89' lang='lat' dir='ltr'>multa</span> <span class='ocrx_word' id='word_1_208' title='bbox 2888 1646 3141 1718; x_wconf 85' lang='lat' dir='ltr'>Originis</span> <span class='ocrx_word' id='word_1_209' title='bbox 3190 1662 3385 1717; x_wconf 89' lang='lat' dir='ltr'>opera,</span> <span class='ocrx_word' id='word_1_210' title='bbox 3434 1645 3585 1699; x_wconf 88' lang='lat' dir='ltr'>inter</span> <span class='ocrx_word' id='word_1_211' title='bbox 3626 1659 3763 1716; x_wconf 90' lang='lat' dir='ltr'>apo-</span> 
     </span>
    </p>
   </div>
   <div class='ocr_carea' id='block_1_32' title="bbox 2129 1732 3765 1809">
    <p class='ocr_par' dir='ltr' id='par_1_32' title="bbox 2129 1732 3765 1809">
     <span class='ocr_line' id='line_1_32' title="bbox 2129 1732 3765 1809; baseline -0.002 -18"><span class='ocrx_word' id='word_1_212' title='bbox 2129 1737 2345 1809; x_wconf 89' lang='lat' dir='ltr'>crypha</span> <span class='ocrx_word' id='word_1_213' title='bbox 2373 1736 2556 1791; x_wconf 87' lang='lat' dir='ltr'>relata</span> <span class='ocrx_word' id='word_1_214' title='bbox 2584 1741 2740 1791; x_wconf 86' lang='lat' dir='ltr'>sunt.</span> <span class='ocrx_word' id='word_1_215' title='bbox 2775 1735 2971 1806; x_wconf 90' lang='lat' dir='ltr'>Neque</span> <span class='ocrx_word' id='word_1_216' title='bbox 3016 1740 3203 1790; x_wconf 89' lang='lat' dir='ltr'>tamen</span> <span class='ocrx_word' id='word_1_217' title='bbox 3246 1750 3506 1805; x_wconf 85' lang='lat' dir='ltr'>unquam</span> <span class='ocrx_word' id='word_1_218' title='bbox 3536 1732 3765 1788; x_wconf 81' lang='lat' dir='ltr'>dubita-</span> 
     </span>
    </p>
   </div>
   <div class='ocr_carea' id='block_1_33' title="bbox 445 1812 3764 1927">
    <p class='ocr_par' dir='ltr' id='par_1_33' title="bbox 445 1812 3764 1927">
     <span class='ocr_line' id='line_1_33' title="bbox 445 1812 3764 1927; baseline 0.002 -58"><span class='ocrx_word' id='word_1_219' title='bbox 445 1812 654 1927; x_wconf 51' lang='lat' dir='ltr'>I‘fescio</span> <span class='ocrx_word' id='word_1_220' title='bbox 676 1819 871 1870; x_wconf 88' lang='lat' dir='ltr'>autem</span> <span class='ocrx_word' id='word_1_221' title='bbox 903 1832 1007 1927; x_wconf 50' lang='lat' dir='ltr'>c&#39;ur</span> <span class='ocrx_word' id='word_1_222' title='bbox 1034 1817 1269 1889; x_wconf 88' lang='lat' dir='ltr'>quidem</span> <span class='ocrx_word' id='word_1_223' title='bbox 1301 1818 1518 1890; x_wconf 87' lang='lat' dir='ltr'>opinati</span> <span class='ocrx_word' id='word_1_224' title='bbox 1541 1818 1660 1875; x_wconf 89' lang='lat' dir='ltr'>sint</span> <span class='ocrx_word' id='word_1_225' title='bbox 1704 1818 1853 1927; x_wconf 69' lang='lat' dir='ltr'>hapc</span> <span class='ocrx_word' id='word_1_226' title='bbox 1882 1817 2013 1889; x_wconf 89' lang='lat' dir='ltr'>Epi-</span> <span class='ocrx_word' id='word_1_227' title='bbox 2048 1863 2097 1927; x_wconf 78' lang='grc' dir='ltr'><strong>Β</strong></span> <span class='ocrx_word' id='word_1_228' title='bbox 2129 1830 2254 1881; x_wconf 89' lang='lat' dir='ltr'>tum</span> <span class='ocrx_word' id='word_1_229' title='bbox 2287 1826 2393 1880; x_wconf 84' lang='lat' dir='ltr'>fuit</span> <span class='ocrx_word' id='word_1_230' title='bbox 2422 1825 2563 1895; x_wconf 89' lang='lat' dir='ltr'>quin</span> <span class='ocrx_word' id='word_1_231' title='bbox 2595 1822 2848 1896; x_wconf 89' lang='lat' dir='ltr'>genuina</span> <span class='ocrx_word' id='word_1_232' title='bbox 2889 1828 3085 1877; x_wconf 88' lang='lat' dir='ltr'>essent</span> <span class='ocrx_word' id='word_1_233' title='bbox 3114 1821 3215 1876; x_wconf 90' lang='lat' dir='ltr'>illa</span> <span class='ocrx_word' id='word_1_234' title='bbox 3247 1837 3440 1892; x_wconf 88' lang='lat' dir='ltr'>opera.</span> <span class='ocrx_word' id='word_1_235' title='bbox 3473 1821 3541 1875; x_wconf 87' lang='lat' dir='ltr'>Et</span> <span class='ocrx_word' id='word_1_236' title='bbox 3572 1824 3725 1875; x_wconf 89' lang='lat' dir='ltr'>certe</span> <span class='ocrx_word' id='word_1_237' title='bbox 3752 1838 3764 1873; x_wconf 92' lang='lat'>:</span> 
     </span>
    </p>
   </div>
   <div class='ocr_carea' id='block_1_34' title="bbox 380 1902 2020 1974">
    <p class='ocr_par' dir='ltr' id='par_1_34' title="bbox 380 1902 2020 1974">
     <span class='ocr_line' id='line_1_34' title="bbox 380 1902 2020 1974; baseline 0.002 -17"><span class='ocrx_word' id='word_1_238' title='bbox 380 1902 591 1958; x_wconf 85' lang='lat' dir='ltr'>stolam</span> <span class='ocrx_word' id='word_1_239' title='bbox 623 1920 739 1960; x_wconf 93' lang='lat' dir='ltr'>non</span> <span class='ocrx_word' id='word_1_240' title='bbox 769 1920 898 1960; x_wconf 89' lang='lat' dir='ltr'>esse</span> <span class='ocrx_word' id='word_1_241' title='bbox 927 1906 1221 1974; x_wconf 68' lang='lat' dir='ltr'>Barnabas,</span> <span class='ocrx_word' id='word_1_242' title='bbox 1256 1923 1389 1962; x_wconf 89' lang='lat' dir='ltr'>cum</span> <span class='ocrx_word' id='word_1_243' title='bbox 1421 1912 1616 1962; x_wconf 88' lang='lat' dir='ltr'>tamen</span> <span class='ocrx_word' id='word_1_244' title='bbox 1650 1913 1707 1963; x_wconf 87' lang='lat' dir='ltr'>et</span> <span class='ocrx_word' id='word_1_245' title='bbox 1735 1906 2020 1973; x_wconf 89' lang='lat' dir='ltr'>Clemens,</span> 
     </span>
    </p>
   </div>
   <div class='ocr_carea' id='block_1_35' title="bbox 381 1992 2019 2065">
    <p class='ocr_par' dir='ltr' id='par_1_35' title="bbox 381 1992 2019 2065">
     <span class='ocr_line' id='line_1_35' title="bbox 381 1992 2019 2065; baseline 0.001 -18"><span class='ocrx_word' id='word_1_246' title='bbox 381 2002 436 2047; x_wconf 85' lang='lat' dir='ltr'>et</span> <span class='ocrx_word' id='word_1_247' title='bbox 459 1992 762 2065; x_wconf 84' lang='lat' dir='ltr'>Origenes,</span> <span class='ocrx_word' id='word_1_248' title='bbox 793 1997 850 2048; x_wconf 91' lang='lat' dir='ltr'>et</span> <span class='ocrx_word' id='word_1_249' title='bbox 877 1992 996 2060; x_wconf 90' lang='lat' dir='ltr'>alii,</span> <span class='ocrx_word' id='word_1_250' title='bbox 1030 1994 1190 2050; x_wconf 88' lang='lat' dir='ltr'>illam</span> <span class='ocrx_word' id='word_1_251' title='bbox 1221 1995 1271 2051; x_wconf 91' lang='lat' dir='ltr'>ei</span> <span class='ocrx_word' id='word_1_252' title='bbox 1302 1996 1580 2052; x_wconf 90' lang='lat' dir='ltr'>tribuant.</span> <span class='ocrx_word' id='word_1_253' title='bbox 1615 1996 1831 2051; x_wconf 88' lang='lat' dir='ltr'>Offensi</span> <span class='ocrx_word' id='word_1_254' title='bbox 1861 1999 2019 2060; x_wconf 90' lang='lat' dir='ltr'>sunt,</span> 
     </span>
    </p>
   </div>
   <div class='ocr_carea' id='block_1_36' title="bbox 380 2081 2021 2157">
    <p class='ocr_par' dir='ltr' id='par_1_36' title="bbox 380 2081 2021 2157">
     <span class='ocr_line' id='line_1_36' title="bbox 380 2081 2021 2157; baseline 0.002 -21"><span class='ocrx_word' id='word_1_255' title='bbox 380 2081 576 2147; x_wconf 84' lang='lat' dir='ltr'>credo,</span> <span class='ocrx_word' id='word_1_256' title='bbox 610 2081 718 2135; x_wconf 91' lang='lat' dir='ltr'>viri</span> <span class='ocrx_word' id='word_1_257' title='bbox 749 2082 920 2151; x_wconf 90' lang='lat' dir='ltr'>docti,</span> <span class='ocrx_word' id='word_1_258' title='bbox 961 2084 1114 2155; x_wconf 92' lang='lat' dir='ltr'>quod</span> <span class='ocrx_word' id='word_1_259' title='bbox 1166 2084 1259 2139; x_wconf 90' lang='lat' dir='ltr'>hic</span> <span class='ocrx_word' id='word_1_260' title='bbox 1289 2084 1416 2140; x_wconf 87' lang='lat' dir='ltr'>loca</span> <span class='ocrx_word' id='word_1_261' title='bbox 1464 2086 1728 2157; x_wconf 67' lang='lat' dir='ltr'>quaedam</span> <span class='ocrx_word' id='word_1_262' title='bbox 1777 2086 1836 2140; x_wconf 90' lang='lat' dir='ltr'>S.</span> <span class='ocrx_word' id='word_1_263' title='bbox 1868 2086 2021 2140; x_wconf 90' lang='lat' dir='ltr'>Scri-</span> 
     </span>
    </p>
   </div>
   <div class='ocr_carea' id='block_1_37' title="bbox 380 2170 2016 2246">
    <p class='ocr_par' dir='ltr' id='par_1_37' title="bbox 380 2170 2016 2246">
     <span class='ocr_line' id='line_1_37' title="bbox 380 2170 2016 2246; baseline 0.003 -22"><span class='ocrx_word' id='word_1_264' title='bbox 380 2174 564 2241; x_wconf 75' lang='lat' dir='ltr'>pturae</span> <span class='ocrx_word' id='word_1_265' title='bbox 604 2170 774 2226; x_wconf 85' lang='lat' dir='ltr'>aliter</span> <span class='ocrx_word' id='word_1_266' title='bbox 800 2170 1179 2244; x_wconf 84' lang='lat' dir='ltr'>explicentur,</span> <span class='ocrx_word' id='word_1_267' title='bbox 1211 2190 1387 2245; x_wconf 89' lang='lat' dir='ltr'>quam</span> <span class='ocrx_word' id='word_1_268' title='bbox 1418 2174 1690 2246; x_wconf 84' lang='lat' dir='ltr'>explicari</span> <span class='ocrx_word' id='word_1_269' title='bbox 1710 2175 2016 2230; x_wconf 90' lang='lat' dir='ltr'>debebant.</span> 
     </span>
    </p>
   </div>
   <div class='ocr_carea' id='block_1_38' title="bbox 380 2258 2021 2334">
    <p class='ocr_par' dir='ltr' id='par_1_38' title="bbox 380 2258 2021 2334">
     <span class='ocr_line' id='line_1_38' title="bbox 380 2258 2021 2334; baseline 0.003 -21"><span class='ocrx_word' id='word_1_270' title='bbox 380 2258 726 2315; x_wconf 87' lang='lat' dir='ltr'>Persuaderi</span> <span class='ocrx_word' id='word_1_271' title='bbox 757 2266 1073 2331; x_wconf 89' lang='lat' dir='ltr'>nequeunt,</span> <span class='ocrx_word' id='word_1_272' title='bbox 1121 2262 1204 2317; x_wconf 90' lang='lat' dir='ltr'>sic</span> <span class='ocrx_word' id='word_1_273' title='bbox 1252 2263 1510 2334; x_wconf 90' lang='lat' dir='ltr'>potuisse</span> <span class='ocrx_word' id='word_1_274' title='bbox 1557 2280 1624 2319; x_wconf 88' lang='lat' dir='ltr'>ea</span> <span class='ocrx_word' id='word_1_275' title='bbox 1664 2264 1792 2334; x_wconf 89' lang='lat' dir='ltr'>capi</span> <span class='ocrx_word' id='word_1_276' title='bbox 1841 2281 1875 2318; x_wconf 88' lang='lat' dir='ltr'>a</span> <span class='ocrx_word' id='word_1_277' title='bbox 1902 2264 2021 2318; x_wconf 90' lang='lat' dir='ltr'>viro</span> 
     </span>
    </p>
   </div>
   <div class='ocr_carea' id='block_1_39' title="bbox 380 2349 2022 2421">
    <p class='ocr_par' dir='ltr' id='par_1_39' title="bbox 380 2349 2022 2421">
     <span class='ocr_line' id='line_1_39' title="bbox 380 2349 2022 2421; baseline 0.003 -19"><span class='ocrx_word' id='word_1_278' title='bbox 380 2352 554 2403; x_wconf 68' lang='lat' dir='ltr'>tanta</span> <span class='ocrx_word' id='word_1_279' title='bbox 578 2349 962 2416; x_wconf 84' lang='lat' dir='ltr'>auctoritatis,</span> <span class='ocrx_word' id='word_1_280' title='bbox 1003 2351 1175 2421; x_wconf 89' lang='lat' dir='ltr'>cujus</span> <span class='ocrx_word' id='word_1_281' title='bbox 1214 2354 1383 2407; x_wconf 86' lang='lat' dir='ltr'>toties</span> <span class='ocrx_word' id='word_1_282' title='bbox 1412 2352 1560 2407; x_wconf 88' lang='lat' dir='ltr'>sacri</span> <span class='ocrx_word' id='word_1_283' title='bbox 1597 2352 1728 2407; x_wconf 91' lang='lat' dir='ltr'>libri</span> <span class='ocrx_word' id='word_1_284' title='bbox 1751 2352 2022 2407; x_wconf 89' lang='lat' dir='ltr'>memine-</span> 
     </span>
    </p>
   </div>
   <div class='ocr_carea' id='block_1_40' title="bbox 382 2434 2027 2511">
    <p class='ocr_par' dir='ltr' id='par_1_40' title="bbox 382 2434 2027 2511">
     <span class='ocr_line' id='line_1_40' title="bbox 382 2434 2027 2511; baseline 0.002 -21"><span class='ocrx_word' id='word_1_285' title='bbox 382 2434 516 2506; x_wconf 90' lang='lat' dir='ltr'>rint,</span> <span class='ocrx_word' id='word_1_286' title='bbox 550 2436 769 2509; x_wconf 90' lang='lat' dir='ltr'>quippe</span> <span class='ocrx_word' id='word_1_287' title='bbox 818 2454 1049 2509; x_wconf 87' lang='lat' dir='ltr'>semper</span> <span class='ocrx_word' id='word_1_288' title='bbox 1105 2439 1264 2494; x_wconf 91' lang='lat' dir='ltr'>Pauli</span> <span class='ocrx_word' id='word_1_289' title='bbox 1315 2439 1564 2511; x_wconf 87' lang='lat' dir='ltr'>apostoli</span> <span class='ocrx_word' id='word_1_290' title='bbox 1620 2456 1811 2495; x_wconf 89' lang='lat' dir='ltr'>oomes</span> <span class='ocrx_word' id='word_1_291' title='bbox 1852 2441 2027 2496; x_wconf 85' lang='lat' dir='ltr'>fuerit</span> 
     </span>
    </p>
   </div>
   <div class='ocr_carea' id='block_1_41' title="bbox 382 2525 2021 2601">
    <p class='ocr_par' dir='ltr' id='par_1_41' title="bbox 382 2525 2021 2601">
     <span class='ocr_line' id='line_1_41' title="bbox 382 2525 2021 2601; baseline 0.002 -21"><span class='ocrx_word' id='word_1_292' title='bbox 382 2525 745 2593; x_wconf 89' lang='lat' dir='ltr'>individuus,</span> <span class='ocrx_word' id='word_1_293' title='bbox 779 2531 835 2582; x_wconf 90' lang='lat' dir='ltr'>et</span> <span class='ocrx_word' id='word_1_294' title='bbox 864 2528 988 2599; x_wconf 91' lang='lat' dir='ltr'>ipse</span> <span class='ocrx_word' id='word_1_295' title='bbox 1017 2545 1248 2600; x_wconf 90' lang='lat' dir='ltr'>quoque</span> <span class='ocrx_word' id='word_1_296' title='bbox 1278 2546 1433 2584; x_wconf 87' lang='lat' dir='ltr'>unus</span> <span class='ocrx_word' id='word_1_297' title='bbox 1464 2545 1493 2584; x_wconf 88' lang='lat' dir='ltr'>e</span> <span class='ocrx_word' id='word_1_298' title='bbox 1531 2529 1856 2584; x_wconf 90' lang='lat' dir='ltr'>minoribus</span> <span class='ocrx_word' id='word_1_299' title='bbox 1885 2544 2021 2601; x_wconf 90' lang='lat' dir='ltr'>apo-</span> 
     </span>
    </p>
   </div>
   <div class='ocr_carea' id='block_1_42' title="bbox 385 2614 2022 2690">
    <p class='ocr_par' dir='ltr' id='par_1_42' title="bbox 385 2614 2022 2690">
     <span class='ocr_line' id='line_1_42' title="bbox 385 2614 2022 2690; baseline 0.001 -20"><span class='ocrx_word' id='word_1_300' title='bbox 385 2614 573 2670; x_wconf 86' lang='lat' dir='ltr'>stolis.</span> <span class='ocrx_word' id='word_1_301' title='bbox 611 2615 720 2670; x_wconf 88' lang='lat' dir='ltr'>Sed</span> <span class='ocrx_word' id='word_1_302' title='bbox 753 2616 885 2687; x_wconf 92' lang='lat' dir='ltr'>quis</span> <span class='ocrx_word' id='word_1_303' title='bbox 915 2633 949 2671; x_wconf 89' lang='lat' dir='ltr'>a</span> <span class='ocrx_word' id='word_1_304' title='bbox 980 2617 1185 2688; x_wconf 89' lang='lat' dir='ltr'>primis</span> <span class='ocrx_word' id='word_1_305' title='bbox 1224 2617 1341 2672; x_wconf 89' lang='lat' dir='ltr'>illis</span> <span class='ocrx_word' id='word_1_306' title='bbox 1389 2617 1736 2673; x_wconf 84' lang='lat' dir='ltr'>Christianis</span> <span class='ocrx_word' id='word_1_307' title='bbox 1762 2618 2022 2690; x_wconf 88' lang='lat' dir='ltr'>omnige-</span> 
     </span>
    </p>
   </div>
   <div class='ocr_carea' id='block_1_43' title="bbox 388 2704 2026 2778">
    <p class='ocr_par' dir='ltr' id='par_1_43' title="bbox 388 2704 2026 2778">
     <span class='ocr_line' id='line_1_43' title="bbox 388 2704 2026 2778; baseline 0.002 -20"><span class='ocrx_word' id='word_1_308' title='bbox 388 2719 522 2758; x_wconf 87' lang='lat' dir='ltr'>nam</span> <span class='ocrx_word' id='word_1_309' title='bbox 557 2704 863 2759; x_wconf 89' lang='lat' dir='ltr'>scientiam</span> <span class='ocrx_word' id='word_1_310' title='bbox 896 2709 954 2761; x_wconf 90' lang='lat' dir='ltr'>et</span> <span class='ocrx_word' id='word_1_311' title='bbox 983 2707 1306 2761; x_wconf 84' lang='lat' dir='ltr'>doctrinam</span> <span class='ocrx_word' id='word_1_312' title='bbox 1347 2706 1702 2778; x_wconf 86' lang='lat' dir='ltr'>expostulet;</span> <span class='ocrx_word' id='word_1_313' title='bbox 1737 2708 1867 2776; x_wconf 82' lang='lat' dir='ltr'>quis</span> <span class='ocrx_word' id='word_1_314' title='bbox 1895 2706 2026 2762; x_wconf 91' lang='lat' dir='ltr'>illos</span> 
     </span>
    </p>
   </div>
   <div class='ocr_carea' id='block_1_44' title="bbox 392 2793 2025 2867">
    <p class='ocr_par' dir='ltr' id='par_1_44' title="bbox 392 2793 2025 2867">
     <span class='ocr_line' id='line_1_44' title="bbox 392 2793 2025 2867; baseline 0.002 -20"><span class='ocrx_word' id='word_1_315' title='bbox 392 2808 504 2848; x_wconf 91' lang='lat' dir='ltr'>non</span> <span class='ocrx_word' id='word_1_316' title='bbox 535 2810 700 2865; x_wconf 65' lang='lat' dir='ltr'>anque</span> <span class='ocrx_word' id='word_1_317' title='bbox 729 2793 1116 2850; x_wconf 83' lang='lat' dir='ltr'>hallucinatos</span> <span class='ocrx_word' id='word_1_318' title='bbox 1144 2794 1454 2863; x_wconf 88' lang='lat' dir='ltr'>existimet,</span> <span class='ocrx_word' id='word_1_319' title='bbox 1491 2800 1668 2867; x_wconf 88' lang='lat' dir='ltr'>atque</span> <span class='ocrx_word' id='word_1_320' title='bbox 1697 2812 1895 2851; x_wconf 88' lang='lat' dir='ltr'>eorum</span> <span class='ocrx_word' id='word_1_321' title='bbox 1929 2812 2025 2851; x_wconf 90' lang='lat' dir='ltr'>ne-</span> 
     </span>
    </p>
   </div>
   <div class='ocr_carea' id='block_1_45' title="bbox 391 2883 2026 2956">
    <p class='ocr_par' dir='ltr' id='par_1_45' title="bbox 391 2883 2026 2956">
     <span class='ocr_line' id='line_1_45' title="bbox 391 2883 2026 2956; baseline 0.001 -20"><span class='ocrx_word' id='word_1_322' title='bbox 391 2887 554 2953; x_wconf 88' lang='lat' dir='ltr'>potes</span> <span class='ocrx_word' id='word_1_323' title='bbox 581 2900 594 2947; x_wconf 91' lang='lat'><strong>;</strong></span> <span class='ocrx_word' id='word_1_324' title='bbox 632 2883 952 2953; x_wconf 73' lang='lat' dir='ltr'>prmsertim</span> <span class='ocrx_word' id='word_1_325' title='bbox 984 2883 1043 2939; x_wconf 92' lang='lat' dir='ltr'>in</span> <span class='ocrx_word' id='word_1_326' title='bbox 1068 2884 1240 2939; x_wconf 89' lang='lat' dir='ltr'>rebus</span> <span class='ocrx_word' id='word_1_327' title='bbox 1262 2884 1407 2939; x_wconf 89' lang='lat' dir='ltr'>nihil</span> <span class='ocrx_word' id='word_1_328' title='bbox 1435 2886 1505 2939; x_wconf 90' lang='lat' dir='ltr'>ad</span> <span class='ocrx_word' id='word_1_329' title='bbox 1529 2885 1701 2939; x_wconf 85' lang='lat' dir='ltr'>fidem</span> <span class='ocrx_word' id='word_1_330' title='bbox 1734 2884 2026 2956; x_wconf 88' lang='lat' dir='ltr'>pertinen-</span> 
     </span>
    </p>
   </div>
   <div class='ocr_carea' id='block_1_46' title="bbox 394 2970 2026 3044">
    <p class='ocr_par' dir='ltr' id='par_1_46' title="bbox 394 2970 2026 3044">
     <span class='ocr_line' id='line_1_46' title="bbox 394 2970 2026 3044; baseline 0.002 -20"><span class='ocrx_word' id='word_1_331' title='bbox 394 2970 552 3026; x_wconf 84' lang='lat' dir='ltr'>tibus</span> <span class='ocrx_word' id='word_1_332' title='bbox 574 2971 603 3024; x_wconf 86' lang='lat'><strong><em>?</em></strong></span> <span class='ocrx_word' id='word_1_333' title='bbox 631 2971 906 3042; x_wconf 89' lang='lat' dir='ltr'>Nunquid</span> <span class='ocrx_word' id='word_1_334' title='bbox 934 2976 990 3027; x_wconf 91' lang='lat' dir='ltr'>et</span> <span class='ocrx_word' id='word_1_335' title='bbox 1009 2972 1069 3026; x_wconf 90' lang='lat' dir='ltr'>in</span> <span class='ocrx_word' id='word_1_336' title='bbox 1093 2973 1340 3044; x_wconf 89' lang='lat' dir='ltr'>epistola</span> <span class='ocrx_word' id='word_1_337' title='bbox 1366 2973 1694 3038; x_wconf 83' lang='lat' dir='ltr'>Clementis,</span> <span class='ocrx_word' id='word_1_338' title='bbox 1717 2989 1892 3044; x_wconf 89' lang='lat' dir='ltr'>quam</span> <span class='ocrx_word' id='word_1_339' title='bbox 1925 2989 2026 3027; x_wconf 89' lang='lat' dir='ltr'>no-</span> 
     </span>
    </p>
   </div>
   <div class='ocr_carea' id='block_1_47' title="bbox 394 3058 2027 3127">
    <p class='ocr_par' dir='ltr' id='par_1_47' title="bbox 394 3058 2027 3127">
     <span class='ocr_line' id='line_1_47' title="bbox 394 3058 2027 3127; baseline 0.001 -13"><span class='ocrx_word' id='word_1_340' title='bbox 394 3058 481 3114; x_wconf 91' lang='lat' dir='ltr'>bis</span> <span class='ocrx_word' id='word_1_341' title='bbox 511 3059 673 3114; x_wconf 90' lang='lat' dir='ltr'>dedit</span> <span class='ocrx_word' id='word_1_342' title='bbox 703 3059 789 3113; x_wconf 90' lang='lat' dir='ltr'>vir</span> <span class='ocrx_word' id='word_1_343' title='bbox 818 3060 1109 3116; x_wconf 87' lang='lat' dir='ltr'>maximus</span> <span class='ocrx_word' id='word_1_344' title='bbox 1137 3061 1421 3117; x_wconf 87' lang='lat' dir='ltr'>Patricius</span> <span class='ocrx_word' id='word_1_345' title='bbox 1456 3061 1688 3127; x_wconf 87' lang='lat' dir='ltr'>Junius,</span> <span class='ocrx_word' id='word_1_346' title='bbox 1721 3061 2027 3117; x_wconf 85' lang='lat' dir='ltr'>bibliothe-</span> 
     </span>
    </p>
   </div>
   <div class='ocr_carea' id='block_1_48' title="bbox 2130 1908 3769 1982">
    <p class='ocr_par' dir='ltr' id='par_1_48' title="bbox 2130 1908 3769 1982">
     <span class='ocr_line' id='line_1_48' title="bbox 2130 1908 3769 1982; baseline -0.003 -14"><span class='ocrx_word' id='word_1_347' title='bbox 2130 1914 2180 1969; x_wconf 91' lang='lat' dir='ltr'>si</span> <span class='ocrx_word' id='word_1_348' title='bbox 2228 1913 2423 1968; x_wconf 90' lang='lat' dir='ltr'>omnia</span> <span class='ocrx_word' id='word_1_349' title='bbox 2471 1929 2599 1982; x_wconf 65' lang='lat' dir='ltr'>qua;</span> <span class='ocrx_word' id='word_1_350' title='bbox 2644 1910 2955 1982; x_wconf 88' lang='lat' dir='ltr'>aliquando</span> <span class='ocrx_word' id='word_1_351' title='bbox 3004 1911 3157 1965; x_wconf 90' lang='lat' dir='ltr'>inter</span> <span class='ocrx_word' id='word_1_352' title='bbox 3204 1908 3533 1982; x_wconf 86' lang='lat' dir='ltr'>apocrypha</span> <span class='ocrx_word' id='word_1_353' title='bbox 3568 1908 3769 1964; x_wconf 89' lang='lat' dir='ltr'>habita</span> 
     </span>
    </p>
   </div>
   <div class='ocr_carea' id='block_1_49' title="bbox 2131 1998 3765 2069">
    <p class='ocr_par' dir='ltr' id='par_1_49' title="bbox 2131 1998 3765 2069">
     <span class='ocr_line' id='line_1_49' title="bbox 2131 1998 3765 2069; baseline -0.004 -14"><span class='ocrx_word' id='word_1_354' title='bbox 2131 1999 2250 2055; x_wconf 91' lang='lat' dir='ltr'>sint</span> <span class='ocrx_word' id='word_1_355' title='bbox 2275 1999 2509 2069; x_wconf 89' lang='lat' dir='ltr'>rejicere</span> <span class='ocrx_word' id='word_1_356' title='bbox 2555 1998 2819 2063; x_wconf 90' lang='lat' dir='ltr'>velimus,</span> <span class='ocrx_word' id='word_1_357' title='bbox 2870 1998 3184 2068; x_wconf 86' lang='lat' dir='ltr'>rejicienda</span> <span class='ocrx_word' id='word_1_358' title='bbox 3239 2012 3471 2068; x_wconf 89' lang='lat' dir='ltr'>quoque</span> <span class='ocrx_word' id='word_1_359' title='bbox 3519 2000 3672 2051; x_wconf 90' lang='lat' dir='ltr'>esset</span> <span class='ocrx_word' id='word_1_360' title='bbox 3705 1998 3765 2049; x_wconf 90' lang='lat' dir='ltr'>l).</span> 
     </span>
    </p>
   </div>
   <div class='ocr_carea' id='block_1_50' title="bbox 2132 2083 3770 2157">
    <p class='ocr_par' dir='ltr' id='par_1_50' title="bbox 2132 2083 3770 2157">
     <span class='ocr_line' id='line_1_50' title="bbox 2132 2083 3770 2157; baseline -0.005 -13"><span class='ocrx_word' id='word_1_361' title='bbox 2132 2087 2293 2144; x_wconf 89' lang='lat' dir='ltr'>Pauli</span> <span class='ocrx_word' id='word_1_362' title='bbox 2322 2088 2391 2141; x_wconf 93' lang='lat' dir='ltr'>ad</span> <span class='ocrx_word' id='word_1_363' title='bbox 2421 2086 2687 2142; x_wconf 69' lang='lat' dir='ltr'>Hebraeos</span> <span class='ocrx_word' id='word_1_364' title='bbox 2718 2085 2998 2157; x_wconf 87' lang='lat' dir='ltr'>Epistola,</span> <span class='ocrx_word' id='word_1_365' title='bbox 3022 2085 3161 2140; x_wconf 91' lang='lat' dir='ltr'>item</span> <span class='ocrx_word' id='word_1_366' title='bbox 3192 2086 3353 2140; x_wconf 70' lang='lat' dir='ltr'>Judaa</span> <span class='ocrx_word' id='word_1_367' title='bbox 3376 2083 3618 2154; x_wconf 90' lang='lat' dir='ltr'>apostoli</span> <span class='ocrx_word' id='word_1_368' title='bbox 3644 2084 3770 2155; x_wconf 90' lang='lat' dir='ltr'>Epi-</span> 
     </span>
    </p>
   </div>
   <div class='ocr_carea' id='block_1_51' title="bbox 2131 2173 3767 2242">
    <p class='ocr_par' dir='ltr' id='par_1_51' title="bbox 2131 2173 3767 2242">
     <span class='ocr_line' id='line_1_51' title="bbox 2131 2173 3767 2242; baseline -0.004 -10"><span class='ocrx_word' id='word_1_369' title='bbox 2131 2176 2298 2242; x_wconf 86' lang='lat' dir='ltr'>stola,</span> <span class='ocrx_word' id='word_1_370' title='bbox 2330 2180 2387 2230; x_wconf 90' lang='lat' dir='ltr'>et</span> <span class='ocrx_word' id='word_1_371' title='bbox 2413 2174 2512 2229; x_wconf 89' lang='lat' dir='ltr'>illa</span> <span class='ocrx_word' id='word_1_372' title='bbox 2541 2173 2856 2231; x_wconf 89' lang='lat' dir='ltr'>Clementis</span> <span class='ocrx_word' id='word_1_373' title='bbox 2903 2176 2974 2229; x_wconf 90' lang='lat' dir='ltr'>ad</span> <span class='ocrx_word' id='word_1_374' title='bbox 3022 2174 3369 2229; x_wconf 87' lang='lat' dir='ltr'>Corinthios.</span> <span class='ocrx_word' id='word_1_375' title='bbox 3402 2173 3560 2236; x_wconf 88' lang='lat' dir='ltr'>Quod</span> <span class='ocrx_word' id='word_1_376' title='bbox 3592 2188 3767 2242; x_wconf 89' lang='lat' dir='ltr'>quam</span> 
     </span>
    </p>
   </div>
   <div class='ocr_carea' id='block_1_52' title="bbox 2132 2261 3380 2333">
    <p class='ocr_par' dir='ltr' id='par_1_52' title="bbox 2132 2261 3380 2333">
     <span class='ocr_line' id='line_1_52' title="bbox 2132 2261 3380 2333; baseline -0.004 -12"><span class='ocrx_word' id='word_1_377' title='bbox 2132 2265 2453 2321; x_wconf 87' lang='lat' dir='ltr'>absurdum</span> <span class='ocrx_word' id='word_1_378' title='bbox 2488 2263 2581 2330; x_wconf 86' lang='lat' dir='ltr'>sit,</span> <span class='ocrx_word' id='word_1_379' title='bbox 2614 2263 2747 2333; x_wconf 88' lang='lat' dir='ltr'>quis</span> <span class='ocrx_word' id='word_1_380' title='bbox 2777 2267 2866 2318; x_wconf 89' lang='lat' dir='ltr'>est</span> <span class='ocrx_word' id='word_1_381' title='bbox 2896 2262 2994 2333; x_wconf 91' lang='lat' dir='ltr'>qui</span> <span class='ocrx_word' id='word_1_382' title='bbox 3030 2279 3145 2317; x_wconf 91' lang='lat' dir='ltr'>non</span> <span class='ocrx_word' id='word_1_383' title='bbox 3172 2261 3380 2316; x_wconf 90' lang='lat' dir='ltr'>videat.</span> 
     </span>
    </p>
   </div>
   <div class='ocr_carea' id='block_1_53' title="bbox 2202 2349 3771 2423">
    <p class='ocr_par' dir='ltr' id='par_1_53' title="bbox 2202 2349 3771 2423">
     <span class='ocr_line' id='line_1_53' title="bbox 2202 2349 3771 2423; baseline -0.002 -17"><span class='ocrx_word' id='word_1_384' title='bbox 2202 2352 2314 2406; x_wconf 83' lang='lat' dir='ltr'>Alii</span> <span class='ocrx_word' id='word_1_385' title='bbox 2336 2368 2404 2407; x_wconf 86' lang='lat' dir='ltr'>ex</span> <span class='ocrx_word' id='word_1_386' title='bbox 2434 2351 2582 2423; x_wconf 86' lang='lat' dir='ltr'>style</span> <span class='ocrx_word' id='word_1_387' title='bbox 2615 2356 2670 2406; x_wconf 87' lang='lat' dir='ltr'>et</span> <span class='ocrx_word' id='word_1_388' title='bbox 2699 2350 3034 2423; x_wconf 89' lang='lat' dir='ltr'>scriptionis</span> <span class='ocrx_word' id='word_1_389' title='bbox 3067 2367 3273 2423; x_wconf 86' lang='lat' dir='ltr'>genere</span> <span class='ocrx_word' id='word_1_390' title='bbox 3321 2349 3611 2417; x_wconf 83' lang='lat' dir='ltr'>dixerunt,</span> <span class='ocrx_word' id='word_1_391' title='bbox 3646 2365 3771 2404; x_wconf 88' lang='lat' dir='ltr'>sese</span> 
     </span>
    </p>
   </div>
   <div class='ocr_carea' id='block_1_54' title="bbox 2132 2439 3775 2513">
    <p class='ocr_par' dir='ltr' id='par_1_54' title="bbox 2132 2439 3775 2513">
     <span class='ocr_line' id='line_1_54' title="bbox 2132 2439 3775 2513; baseline -0.002 -18"><span class='ocrx_word' id='word_1_392' title='bbox 2132 2441 2562 2513; x_wconf 89' lang='lat' dir='ltr'>deprehendere</span> <span class='ocrx_word' id='word_1_393' title='bbox 2575 2440 2880 2511; x_wconf 89' lang='lat' dir='ltr'>epistolam</span> <span class='ocrx_word' id='word_1_394' title='bbox 2894 2440 3044 2495; x_wconf 91' lang='lat' dir='ltr'>hanc</span> <span class='ocrx_word' id='word_1_395' title='bbox 3065 2455 3193 2494; x_wconf 85' lang='lat' dir='ltr'>esse</span> <span class='ocrx_word' id='word_1_396' title='bbox 3215 2439 3497 2510; x_wconf 89' lang='lat' dir='ltr'>spuriam.</span> <span class='ocrx_word' id='word_1_397' title='bbox 3516 2442 3590 2493; x_wconf 90' lang='lat' dir='ltr'>De</span> <span class='ocrx_word' id='word_1_398' title='bbox 3614 2442 3775 2510; x_wconf 83' lang='lat' dir='ltr'>lgna-</span> 
     </span>
    </p>
   </div>
   <div class='ocr_carea' id='block_1_55' title="bbox 2132 2526 3769 2601">
    <p class='ocr_par' dir='ltr' id='par_1_55' title="bbox 2132 2526 3769 2601">
     <span class='ocr_line' id='line_1_55' title="bbox 2132 2526 3769 2601; baseline -0.003 -17"><span class='ocrx_word' id='word_1_399' title='bbox 2132 2528 2470 2601; x_wconf 88' lang='lat' dir='ltr'>tiiepistolis</span> <span class='ocrx_word' id='word_1_400' title='bbox 2484 2529 2639 2583; x_wconf 92' lang='lat' dir='ltr'>idem</span> <span class='ocrx_word' id='word_1_401' title='bbox 2652 2528 3043 2583; x_wconf 82' lang='lat' dir='ltr'>affirmabant.</span> <span class='ocrx_word' id='word_1_402' title='bbox 3063 2528 3171 2583; x_wconf 90' lang='lat' dir='ltr'>Sed</span> <span class='ocrx_word' id='word_1_403' title='bbox 3196 2528 3445 2582; x_wconf 90' lang='lat' dir='ltr'>nimium</span> <span class='ocrx_word' id='word_1_404' title='bbox 3468 2543 3606 2582; x_wconf 90' lang='lat' dir='ltr'>sane</span> <span class='ocrx_word' id='word_1_405' title='bbox 3620 2526 3769 2581; x_wconf 88' lang='lat' dir='ltr'>acuti</span> 
     </span>
    </p>
   </div>
   <div class='ocr_carea' id='block_1_56' title="bbox 2132 2614 3778 2689">
    <p class='ocr_par' dir='ltr' id='par_1_56' title="bbox 2132 2614 3778 2689">
     <span class='ocr_line' id='line_1_56' title="bbox 2132 2614 3778 2689; baseline -0.003 -16"><span class='ocrx_word' id='word_1_406' title='bbox 2132 2618 2335 2674; x_wconf 88' lang='lat' dir='ltr'>volunt</span> <span class='ocrx_word' id='word_1_407' title='bbox 2363 2617 2564 2683; x_wconf 91' lang='lat' dir='ltr'>videri,</span> <span class='ocrx_word' id='word_1_408' title='bbox 2598 2616 2697 2689; x_wconf 87' lang='lat' dir='ltr'>qui</span> <span class='ocrx_word' id='word_1_409' title='bbox 2728 2615 2867 2671; x_wconf 87' lang='lat' dir='ltr'>talia</span> <span class='ocrx_word' id='word_1_410' title='bbox 2912 2617 3159 2686; x_wconf 88' lang='lat' dir='ltr'>jactant.</span> <span class='ocrx_word' id='word_1_411' title='bbox 3210 2616 3333 2671; x_wconf 89' lang='lat' dir='ltr'>Non</span> <span class='ocrx_word' id='word_1_412' title='bbox 3383 2617 3465 2671; x_wconf 88' lang='lat' dir='ltr'>ita</span> <span class='ocrx_word' id='word_1_413' title='bbox 3495 2614 3659 2671; x_wconf 85' lang='lat' dir='ltr'>facile</span> <span class='ocrx_word' id='word_1_414' title='bbox 3689 2620 3778 2669; x_wconf 90' lang='lat' dir='ltr'>est</span> 
     </span>
    </p>
   </div>
   <div class='ocr_carea' id='block_1_57' title="bbox 2134 2704 3777 2778">
    <p class='ocr_par' dir='ltr' id='par_1_57' title="bbox 2134 2704 3777 2778">
     <span class='ocr_line' id='line_1_57' title="bbox 2134 2704 3777 2778; baseline -0.002 -16"><span class='ocrx_word' id='word_1_415' title='bbox 2134 2706 2334 2778; x_wconf 90' lang='lat' dir='ltr'>spuria</span> <span class='ocrx_word' id='word_1_416' title='bbox 2365 2706 2581 2777; x_wconf 85' lang='lat' dir='ltr'>scripta</span> <span class='ocrx_word' id='word_1_417' title='bbox 2609 2722 2642 2761; x_wconf 88' lang='lat' dir='ltr'>a</span> <span class='ocrx_word' id='word_1_418' title='bbox 2672 2704 2943 2778; x_wconf 87' lang='lat' dir='ltr'>genuinis</span> <span class='ocrx_word' id='word_1_419' title='bbox 2963 2704 3345 2777; x_wconf 84' lang='lat' dir='ltr'>distinguere,</span> <span class='ocrx_word' id='word_1_420' title='bbox 3368 2721 3541 2776; x_wconf 87' lang='lat' dir='ltr'>quam</span> <span class='ocrx_word' id='word_1_421' title='bbox 3574 2705 3652 2758; x_wconf 90' lang='lat' dir='ltr'>sit</span> <span class='ocrx_word' id='word_1_422' title='bbox 3680 2720 3777 2759; x_wconf 88' lang='lat' dir='ltr'>na-</span> 
     </span>
    </p>
   </div>
   <div class='ocr_carea' id='block_1_58' title="bbox 2134 2793 3777 2867">
    <p class='ocr_par' dir='ltr' id='par_1_58' title="bbox 2134 2793 3777 2867">
     <span class='ocr_line' id='line_1_58' title="bbox 2134 2793 3777 2867; baseline -0.004 -16"><span class='ocrx_word' id='word_1_423' title='bbox 2134 2796 2283 2851; x_wconf 86' lang='lat' dir='ltr'>tivas</span> <span class='ocrx_word' id='word_1_424' title='bbox 2314 2810 2577 2867; x_wconf 87' lang='lat' dir='ltr'>gemmas</span> <span class='ocrx_word' id='word_1_425' title='bbox 2601 2795 2938 2866; x_wconf 85' lang='lat' dir='ltr'>dignoscere</span> <span class='ocrx_word' id='word_1_426' title='bbox 2965 2794 3035 2848; x_wconf 89' lang='lat' dir='ltr'>ab</span> <span class='ocrx_word' id='word_1_427' title='bbox 3059 2793 3421 2849; x_wconf 88' lang='lat' dir='ltr'>adulterinis.</span> <span class='ocrx_word' id='word_1_428' title='bbox 3447 2794 3591 2848; x_wconf 90' lang='lat' dir='ltr'>Cum</span> <span class='ocrx_word' id='word_1_429' title='bbox 3621 2794 3777 2846; x_wconf 88' lang='lat' dir='ltr'>enim</span> 
     </span>
    </p>
   </div>
   <div class='ocr_carea' id='block_1_59' title="bbox 2138 2882 3779 2955">
    <p class='ocr_par' dir='ltr' id='par_1_59' title="bbox 2138 2882 3779 2955">
     <span class='ocr_line' id='line_1_59' title="bbox 2138 2882 3779 2955; baseline -0.002 -16"><span class='ocrx_word' id='word_1_430' title='bbox 2138 2885 2252 2940; x_wconf 90' lang='lat' dir='ltr'>veri</span> <span class='ocrx_word' id='word_1_431' title='bbox 2284 2883 2466 2955; x_wconf 88' lang='lat' dir='ltr'>lapilli</span> <span class='ocrx_word' id='word_1_432' title='bbox 2499 2900 2631 2938; x_wconf 90' lang='lat' dir='ltr'>cum</span> <span class='ocrx_word' id='word_1_433' title='bbox 2656 2882 2872 2937; x_wconf 85' lang='lat' dir='ltr'>ﬁctitiis</span> <span class='ocrx_word' id='word_1_434' title='bbox 2897 2882 3344 2937; x_wconf 90' lang='lat' dir='ltr'>committuntur</span> <span class='ocrx_word' id='word_1_435' title='bbox 3364 2886 3420 2936; x_wconf 91' lang='lat' dir='ltr'>et</span> <span class='ocrx_word' id='word_1_436' title='bbox 3441 2898 3779 2953; x_wconf 87' lang='lat' dir='ltr'>comparan-</span> 
     </span>
    </p>
   </div>
   <div class='ocr_carea' id='block_1_60' title="bbox 2135 2970 3781 3043">
    <p class='ocr_par' dir='ltr' id='par_1_60' title="bbox 2135 2970 3781 3043">
     <span class='ocr_line' id='line_1_60' title="bbox 2135 2970 3781 3043; baseline -0.002 -16"><span class='ocrx_word' id='word_1_437' title='bbox 2135 2977 2251 3038; x_wconf 91' lang='lat' dir='ltr'>tur,</span> <span class='ocrx_word' id='word_1_438' title='bbox 2280 2977 2405 3026; x_wconf 85' lang='lat' dir='ltr'>tum</span> <span class='ocrx_word' id='word_1_439' title='bbox 2437 2976 2501 3026; x_wconf 92' lang='lat' dir='ltr'>ut</span> <span class='ocrx_word' id='word_1_440' title='bbox 2530 2971 2847 3043; x_wconf 90' lang='lat' dir='ltr'>plurimum</span> <span class='ocrx_word' id='word_1_441' title='bbox 2879 2971 3048 3026; x_wconf 88' lang='lat' dir='ltr'>fucus</span> <span class='ocrx_word' id='word_1_442' title='bbox 3078 2975 3318 3042; x_wconf 90' lang='lat' dir='ltr'>apparet</span> <span class='ocrx_word' id='word_1_443' title='bbox 3345 2986 3357 3023; x_wconf 90' lang='lat'>:</span> <span class='ocrx_word' id='word_1_444' title='bbox 3410 2970 3492 3025; x_wconf 88' lang='lat' dir='ltr'>ita</span> <span class='ocrx_word' id='word_1_445' title='bbox 3522 2987 3781 3041; x_wconf 87' lang='lat' dir='ltr'>purpura</span> 
     </span>
    </p>
   </div>
   <div class='ocr_carea' id='block_1_61' title="bbox 2137 3058 3782 3134">
    <p class='ocr_par' dir='ltr' id='par_1_61' title="bbox 2137 3058 3782 3134">
     <span class='ocr_line' id='line_1_61' title="bbox 2137 3058 3782 3134; baseline -0.003 -17"><span class='ocrx_word' id='word_1_446' title='bbox 2137 3063 2209 3117; x_wconf 86' lang='lat' dir='ltr'>ad</span> <span class='ocrx_word' id='word_1_447' title='bbox 2243 3078 2562 3134; x_wconf 90' lang='lat' dir='ltr'>purpuram</span> <span class='ocrx_word' id='word_1_448' title='bbox 2598 3060 2973 3131; x_wconf 88' lang='lat' dir='ltr'>dijudicatur,</span> <span class='ocrx_word' id='word_1_449' title='bbox 3006 3060 3087 3114; x_wconf 75' lang='lat' dir='ltr'>ita</span> <span class='ocrx_word' id='word_1_450' title='bbox 3133 3064 3190 3114; x_wconf 92' lang='lat' dir='ltr'>et</span> <span class='ocrx_word' id='word_1_451' title='bbox 3227 3059 3286 3113; x_wconf 92' lang='lat' dir='ltr'>in</span> <span class='ocrx_word' id='word_1_452' title='bbox 3329 3059 3459 3113; x_wconf 90' lang='lat' dir='ltr'>aliis</span> <span class='ocrx_word' id='word_1_453' title='bbox 3491 3058 3782 3113; x_wconf 85' lang='lat' dir='ltr'>mercibus</span> 
     </span>
    </p>
   </div>
   <div class='ocr_carea' id='block_1_62' title="bbox 282 3147 3783 3222">
    <p class='ocr_par' dir='ltr' id='par_1_62' title="bbox 282 3147 3783 3222">
     <span class='ocr_line' id='line_1_62' title="bbox 282 3147 3783 3222; baseline 0 -20"><span class='ocrx_word' id='word_1_454' title='bbox 282 3204 293 3211; x_wconf 74' lang='grc'>,</span> <span class='ocrx_word' id='word_1_455' title='bbox 392 3147 587 3203; x_wconf 88' lang='lat' dir='ltr'>carius</span> <span class='ocrx_word' id='word_1_456' title='bbox 617 3147 814 3220; x_wconf 89' lang='lat' dir='ltr'>regius</span> <span class='ocrx_word' id='word_1_457' title='bbox 841 3149 958 3219; x_wconf 92' lang='lat' dir='ltr'>(cui</span> <span class='ocrx_word' id='word_1_458' title='bbox 1005 3165 1109 3221; x_wconf 90' lang='lat' dir='ltr'>ego</span> <span class='ocrx_word' id='word_1_459' title='bbox 1149 3154 1376 3205; x_wconf 80' lang='lat' dir='ltr'>tantum</span> <span class='ocrx_word' id='word_1_460' title='bbox 1424 3152 1627 3217; x_wconf 91' lang='lat' dir='ltr'>debeo,</span> <span class='ocrx_word' id='word_1_461' title='bbox 1672 3158 1736 3204; x_wconf 84' lang='lat' dir='ltr'>ut</span> <span class='ocrx_word' id='word_1_462' title='bbox 1783 3149 1953 3222; x_wconf 90' lang='lat' dir='ltr'>plura</span> <span class='ocrx_word' id='word_1_463' title='bbox 1977 3150 2028 3205; x_wconf 92' lang='lat' dir='ltr'>ei</span> <span class='ocrx_word' id='word_1_464' title='bbox 2139 3151 2221 3205; x_wconf 86' lang='lat' dir='ltr'>ﬁt.</span> <span class='ocrx_word' id='word_1_465' title='bbox 2255 3151 2363 3207; x_wconf 90' lang='lat' dir='ltr'>Sed</span> <span class='ocrx_word' id='word_1_466' title='bbox 2396 3150 2535 3221; x_wconf 91' lang='lat' dir='ltr'>quid</span> <span class='ocrx_word' id='word_1_467' title='bbox 2579 3154 2687 3216; x_wconf 90' lang='lat' dir='ltr'>est,</span> <span class='ocrx_word' id='word_1_468' title='bbox 2722 3150 2875 3204; x_wconf 90' lang='lat' dir='ltr'>unde</span> <span class='ocrx_word' id='word_1_469' title='bbox 2930 3148 3049 3216; x_wconf 91' lang='lat' dir='ltr'>isti,</span> <span class='ocrx_word' id='word_1_470' title='bbox 3081 3150 3180 3220; x_wconf 92' lang='lat' dir='ltr'>qui</span> <span class='ocrx_word' id='word_1_471' title='bbox 3235 3152 3450 3219; x_wconf 90' lang='lat' dir='ltr'>negant</span> <span class='ocrx_word' id='word_1_472' title='bbox 3506 3147 3783 3219; x_wconf 89' lang='lat' dir='ltr'>epistolas</span> 
     </span>
    </p>
   </div>
   <div class='ocr_carea' id='block_1_63' title="bbox 394 3226 3782 3309">
    <p class='ocr_par' dir='ltr' id='par_1_63' title="bbox 394 3226 3782 3309">
     <span class='ocr_line' id='line_1_63' title="bbox 394 3226 3782 3309; baseline 0 -19"><span class='ocrx_word' id='word_1_473' title='bbox 394 3235 602 3292; x_wconf 87' lang='lat' dir='ltr'>debere</span> <span class='ocrx_word' id='word_1_474' title='bbox 656 3254 771 3292; x_wconf 90' lang='lat' dir='ltr'>non</span> <span class='ocrx_word' id='word_1_475' title='bbox 848 3238 1115 3309; x_wconf 89' lang='lat' dir='ltr'>possim),</span> <span class='ocrx_word' id='word_1_476' title='bbox 1192 3238 1411 3294; x_wconf 90' lang='lat' dir='ltr'>similia</span> <span class='ocrx_word' id='word_1_477' title='bbox 1474 3239 1831 3295; x_wconf 86' lang='lat' dir='ltr'>occurrunt?</span> <span class='ocrx_word' id='word_1_478' title='bbox 1896 3240 2035 3305; x_wconf 90' lang='lat' dir='ltr'>Quis</span> <span class='ocrx_word' id='word_1_479' title='bbox 2065 3226 2108 3292; x_wconf 86' lang='lat' dir='ltr'>C</span> <span class='ocrx_word' id='word_1_480' title='bbox 2144 3239 2251 3294; x_wconf 89' lang='lat' dir='ltr'>has</span> <span class='ocrx_word' id='word_1_481' title='bbox 2282 3255 2410 3295; x_wconf 91' lang='lat' dir='ltr'>esse</span> <span class='ocrx_word' id='word_1_482' title='bbox 2440 3238 2733 3304; x_wconf 66' lang='lat' dir='ltr'>Barnabas,</span> <span class='ocrx_word' id='word_1_483' title='bbox 2778 3242 2836 3293; x_wconf 87' lang='lat' dir='ltr'>et</span> <span class='ocrx_word' id='word_1_484' title='bbox 2881 3237 3111 3309; x_wconf 91' lang='lat' dir='ltr'>Ignatii,</span> <span class='ocrx_word' id='word_1_485' title='bbox 3160 3237 3346 3293; x_wconf 90' lang='lat' dir='ltr'>isthoc</span> <span class='ocrx_word' id='word_1_486' title='bbox 3384 3236 3651 3308; x_wconf 84' lang='lat' dir='ltr'>colligere</span> <span class='ocrx_word' id='word_1_487' title='bbox 3682 3254 3782 3308; x_wconf 89' lang='lat' dir='ltr'>po-</span> 
     </span>
    </p>
   </div>
   <div class='ocr_carea' id='block_1_64' title="bbox 394 3324 2031 3400">
    <p class='ocr_par' dir='ltr' id='par_1_64' title="bbox 394 3324 2031 3400">
     <span class='ocr_line' id='line_1_64' title="bbox 394 3324 2031 3400; baseline 0.002 -20"><span class='ocrx_word' id='word_1_488' title='bbox 394 3325 547 3380; x_wconf 84' lang='lat' dir='ltr'>enim</span> <span class='ocrx_word' id='word_1_489' title='bbox 573 3324 726 3381; x_wconf 90' lang='lat' dir='ltr'>bono</span> <span class='ocrx_word' id='word_1_490' title='bbox 748 3326 944 3381; x_wconf 85' lang='lat' dir='ltr'>animo</span> <span class='ocrx_word' id='word_1_491' title='bbox 957 3344 1335 3400; x_wconf 89' lang='lat' dir='ltr'>concoquere,</span> <span class='ocrx_word' id='word_1_492' title='bbox 1360 3328 1824 3400; x_wconf 88' lang='lat' dir='ltr'>possitfabellam</span> <span class='ocrx_word' id='word_1_493' title='bbox 1850 3327 2031 3399; x_wconf 90' lang='lat' dir='ltr'>illam,</span> 
     </span>
    </p>
   </div>
   <div class='ocr_carea' id='block_1_65' title="bbox 395 3414 2037 3489">
    <p class='ocr_par' dir='ltr' id='par_1_65' title="bbox 395 3414 2037 3489">
     <span class='ocr_line' id='line_1_65' title="bbox 395 3414 2037 3489; baseline 0.002 -21"><span class='ocrx_word' id='word_1_494' title='bbox 395 3430 577 3484; x_wconf 89' lang='lat' dir='ltr'>quam</span> <span class='ocrx_word' id='word_1_495' title='bbox 611 3414 680 3469; x_wconf 91' lang='lat' dir='ltr'>de</span> <span class='ocrx_word' id='word_1_496' title='bbox 737 3414 999 3487; x_wconf 70' lang='lat' dir='ltr'>phmnice</span> <span class='ocrx_word' id='word_1_497' title='bbox 1054 3421 1272 3487; x_wconf 90' lang='lat' dir='ltr'>narrat,</span> <span class='ocrx_word' id='word_1_498' title='bbox 1328 3418 1516 3489; x_wconf 88' lang='lat' dir='ltr'>deque</span> <span class='ocrx_word' id='word_1_499' title='bbox 1571 3417 1839 3488; x_wconf 90' lang='lat' dir='ltr'>pluribus</span> <span class='ocrx_word' id='word_1_500' title='bbox 1881 3416 2037 3472; x_wconf 88' lang='lat' dir='ltr'>ultra</span> 
     </span>
    </p>
   </div>
   <div class='ocr_carea' id='block_1_66' title="bbox 393 3504 2037 3577">
    <p class='ocr_par' dir='ltr' id='par_1_66' title="bbox 393 3504 2037 3577">
     <span class='ocr_line' id='line_1_66' title="bbox 393 3504 2037 3577; baseline 0.002 -19"><span class='ocrx_word' id='word_1_501' title='bbox 393 3505 692 3559; x_wconf 88' lang='lat' dir='ltr'>Oceanum</span> <span class='ocrx_word' id='word_1_502' title='bbox 717 3504 953 3559; x_wconf 90' lang='lat' dir='ltr'>mundis</span> <span class='ocrx_word' id='word_1_503' title='bbox 975 3504 1002 3558; x_wconf 84' lang='lat'><strong>?</strong></span> <span class='ocrx_word' id='word_1_504' title='bbox 1018 3504 1141 3560; x_wconf 90' lang='lat' dir='ltr'>Non</span> <span class='ocrx_word' id='word_1_505' title='bbox 1164 3510 1303 3577; x_wconf 90' lang='lat' dir='ltr'>puto</span> <span class='ocrx_word' id='word_1_506' title='bbox 1324 3506 1499 3561; x_wconf 89' lang='lat' dir='ltr'>etiam</span> <span class='ocrx_word' id='word_1_507' title='bbox 1523 3522 1872 3577; x_wconf 89' lang='lat' dir='ltr'>quemquam</span> <span class='ocrx_word' id='word_1_508' title='bbox 1894 3505 2037 3561; x_wconf 89' lang='lat' dir='ltr'>velle</span> 
     </span>
    </p>
   </div>
   <div class='ocr_carea' id='block_1_67' title="bbox 396 3591 2035 3663">
    <p class='ocr_par' dir='ltr' id='par_1_67' title="bbox 396 3591 2035 3663">
     <span class='ocr_line' id='line_1_67' title="bbox 396 3591 2035 3663; baseline 0.001 -17"><span class='ocrx_word' id='word_1_509' title='bbox 396 3591 708 3647; x_wconf 86' lang='lat' dir='ltr'>admittere</span> <span class='ocrx_word' id='word_1_510' title='bbox 718 3592 1137 3663; x_wconf 85' lang='lat' dir='ltr'>expositionem</span> <span class='ocrx_word' id='word_1_511' title='bbox 1153 3593 1345 3660; x_wconf 87' lang='lat' dir='ltr'>istam,</span> <span class='ocrx_word' id='word_1_512' title='bbox 1364 3592 1684 3648; x_wconf 89' lang='lat' dir='ltr'>utlinteum</span> <span class='ocrx_word' id='word_1_513' title='bbox 1705 3592 2035 3649; x_wconf 89' lang='lat' dir='ltr'>coccineum</span> 
     </span>
    </p>
   </div>
   <div class='ocr_carea' id='block_1_68' title="bbox 400 3679 2036 3754">
    <p class='ocr_par' dir='ltr' id='par_1_68' title="bbox 400 3679 2036 3754">
     <span class='ocr_line' id='line_1_68' title="bbox 400 3679 2036 3754; baseline 0 -19"><span class='ocrx_word' id='word_1_514' title='bbox 400 3679 560 3735; x_wconf 80' lang='lat' dir='ltr'>Raab</span> <span class='ocrx_word' id='word_1_515' title='bbox 592 3681 932 3747; x_wconf 89' lang='lat' dir='ltr'>meretricis,</span> <span class='ocrx_word' id='word_1_516' title='bbox 967 3681 1201 3753; x_wconf 86' lang='lat' dir='ltr'>signum</span> <span class='ocrx_word' id='word_1_517' title='bbox 1252 3681 1427 3737; x_wconf 88' lang='lat' dir='ltr'>fuerit</span> <span class='ocrx_word' id='word_1_518' title='bbox 1468 3683 1773 3754; x_wconf 84' lang='lat' dir='ltr'>sanguinis</span> <span class='ocrx_word' id='word_1_519' title='bbox 1801 3682 2036 3751; x_wconf 87' lang='lat' dir='ltr'>Christi,</span> 
     </span>
    </p>
   </div>
   <div class='ocr_carea' id='block_1_69' title="bbox 400 3768 2036 3842">
    <p class='ocr_par' dir='ltr' id='par_1_69' title="bbox 400 3768 2036 3842">
     <span class='ocr_line' id='line_1_69' title="bbox 400 3768 2036 3842; baseline 0.001 -19"><span class='ocrx_word' id='word_1_520' title='bbox 400 3773 457 3824; x_wconf 89' lang='lat' dir='ltr'>et</span> <span class='ocrx_word' id='word_1_521' title='bbox 488 3768 605 3824; x_wconf 89' lang='lat' dir='ltr'>alia</span> <span class='ocrx_word' id='word_1_522' title='bbox 634 3769 898 3841; x_wconf 65' lang='lat' dir='ltr'>quaedam</span> <span class='ocrx_word' id='word_1_523' title='bbox 928 3770 985 3825; x_wconf 92' lang='lat' dir='ltr'>id</span> <span class='ocrx_word' id='word_1_524' title='bbox 1016 3786 1221 3841; x_wconf 84' lang='lat' dir='ltr'>genus,</span> <span class='ocrx_word' id='word_1_525' title='bbox 1273 3788 1403 3841; x_wconf 82' lang='lat' dir='ltr'>quas</span> <span class='ocrx_word' id='word_1_526' title='bbox 1450 3788 1563 3826; x_wconf 92' lang='lat' dir='ltr'>non</span> <span class='ocrx_word' id='word_1_527' title='bbox 1608 3777 1696 3826; x_wconf 90' lang='lat' dir='ltr'>est</span> <span class='ocrx_word' id='word_1_528' title='bbox 1722 3772 1896 3842; x_wconf 89' lang='lat' dir='ltr'>hujus</span> <span class='ocrx_word' id='word_1_529' title='bbox 1928 3771 2036 3827; x_wconf 91' lang='lat' dir='ltr'>loci</span> 
     </span>
    </p>
   </div>
   <div class='ocr_carea' id='block_1_70' title="bbox 400 3856 2039 3931">
    <p class='ocr_par' dir='ltr' id='par_1_70' title="bbox 400 3856 2039 3931">
     <span class='ocr_line' id='line_1_70' title="bbox 400 3856 2039 3931; baseline 0.002 -18"><span class='ocrx_word' id='word_1_530' title='bbox 400 3858 636 3913; x_wconf 88' lang='lat' dir='ltr'>referre.</span> <span class='ocrx_word' id='word_1_531' title='bbox 666 3856 841 3928; x_wconf 88' lang='lat' dir='ltr'>Atqui</span> <span class='ocrx_word' id='word_1_532' title='bbox 862 3862 1055 3913; x_wconf 89' lang='lat' dir='ltr'>tamen</span> <span class='ocrx_word' id='word_1_533' title='bbox 1086 3857 1196 3914; x_wconf 87' lang='lat' dir='ltr'>iste</span> <span class='ocrx_word' id='word_1_534' title='bbox 1226 3858 1513 3924; x_wconf 88' lang='lat' dir='ltr'>Clemens,</span> <span class='ocrx_word' id='word_1_535' title='bbox 1557 3859 1681 3930; x_wconf 90' lang='lat' dir='ltr'>pari</span> <span class='ocrx_word' id='word_1_536' title='bbox 1702 3860 1836 3930; x_wconf 91' lang='lat' dir='ltr'>jure</span> <span class='ocrx_word' id='word_1_537' title='bbox 1866 3865 2039 3931; x_wconf 86' lang='lat' dir='ltr'>atque</span> 
     </span>
    </p>
   </div>
   <div class='ocr_carea' id='block_1_71' title="bbox 399 3946 2039 4020">
    <p class='ocr_par' dir='ltr' id='par_1_71' title="bbox 399 3946 2039 4020">
     <span class='ocr_line' id='line_1_71' title="bbox 399 3946 2039 4020; baseline 0.001 -18"><span class='ocrx_word' id='word_1_538' title='bbox 399 3947 720 4018; x_wconf 89' lang='lat' dir='ltr'>Barnabas,</span> <span class='ocrx_word' id='word_1_539' title='bbox 750 3946 942 4003; x_wconf 89' lang='lat' dir='ltr'>dictus</span> <span class='ocrx_word' id='word_1_540' title='bbox 972 3951 1061 4003; x_wconf 89' lang='lat' dir='ltr'>est</span> <span class='ocrx_word' id='word_1_541' title='bbox 1090 3948 1407 4019; x_wconf 87' lang='lat' dir='ltr'>apostolus.</span> <span class='ocrx_word' id='word_1_542' title='bbox 1440 3948 1563 4003; x_wconf 90' lang='lat' dir='ltr'>Non</span> <span class='ocrx_word' id='word_1_543' title='bbox 1602 3948 1813 4004; x_wconf 91' lang='lat' dir='ltr'>debent</span> <span class='ocrx_word' id='word_1_544' title='bbox 1840 3948 2039 4020; x_wconf 88' lang='lat' dir='ltr'>itaque</span> 
     </span>
    </p>
   </div>
   <div class='ocr_carea' id='block_1_72' title="bbox 2142 3325 3782 3397">
    <p class='ocr_par' dir='ltr' id='par_1_72' title="bbox 2142 3325 3782 3397">
     <span class='ocr_line' id='line_1_72' title="bbox 2142 3325 3782 3397; baseline -0.002 -14"><span class='ocrx_word' id='word_1_545' title='bbox 2142 3329 2360 3383; x_wconf 89' lang='lat' dir='ltr'>tuerint</span> <span class='ocrx_word' id='word_1_546' title='bbox 2378 3328 2405 3381; x_wconf 85' lang='lat'><strong>?</strong></span> <span class='ocrx_word' id='word_1_547' title='bbox 2429 3326 2701 3397; x_wconf 90' lang='lat' dir='ltr'>Nunquid</span> <span class='ocrx_word' id='word_1_548' title='bbox 2721 3325 2836 3380; x_wconf 89' lang='lat' dir='ltr'>alia</span> <span class='ocrx_word' id='word_1_549' title='bbox 2856 3341 3055 3380; x_wconf 89' lang='lat' dir='ltr'>eorum</span> <span class='ocrx_word' id='word_1_550' title='bbox 3081 3326 3300 3396; x_wconf 89' lang='lat' dir='ltr'>scripta</span> <span class='ocrx_word' id='word_1_551' title='bbox 3318 3326 3590 3381; x_wconf 90' lang='lat' dir='ltr'>viderunt</span> <span class='ocrx_word' id='word_1_552' title='bbox 3608 3325 3635 3379; x_wconf 81' lang='lat'><strong>?</strong></span> <span class='ocrx_word' id='word_1_553' title='bbox 3658 3330 3782 3381; x_wconf 90' lang='lat' dir='ltr'>Non</span> 
     </span>
    </p>
   </div>
   <div class='ocr_carea' id='block_1_73' title="bbox 2145 3412 3785 3486">
    <p class='ocr_par' dir='ltr' id='par_1_73' title="bbox 2145 3412 3785 3486">
     <span class='ocr_line' id='line_1_73' title="bbox 2145 3412 3785 3486; baseline -0.002 -14"><span class='ocrx_word' id='word_1_554' title='bbox 2145 3422 2314 3472; x_wconf 86' lang='lat' dir='ltr'>certe.</span> <span class='ocrx_word' id='word_1_555' title='bbox 2375 3415 2537 3471; x_wconf 85' lang='lat' dir='ltr'>Unde</span> <span class='ocrx_word' id='word_1_556' title='bbox 2590 3430 2725 3486; x_wconf 88' lang='lat' dir='ltr'>ergo</span> <span class='ocrx_word' id='word_1_557' title='bbox 2776 3413 2850 3468; x_wconf 88' lang='lat' dir='ltr'>iis</span> <span class='ocrx_word' id='word_1_558' title='bbox 2880 3414 3151 3479; x_wconf 88' lang='lat' dir='ltr'>innotuit,</span> <span class='ocrx_word' id='word_1_559' title='bbox 3183 3430 3299 3484; x_wconf 90' lang='lat' dir='ltr'>quo</span> <span class='ocrx_word' id='word_1_560' title='bbox 3352 3412 3499 3485; x_wconf 82' lang='lat' dir='ltr'>stylo</span> <span class='ocrx_word' id='word_1_561' title='bbox 3530 3414 3621 3468; x_wconf 92' lang='lat' dir='ltr'>usi</span> <span class='ocrx_word' id='word_1_562' title='bbox 3666 3414 3785 3469; x_wconf 90' lang='lat' dir='ltr'>sint</span> 
     </span>
    </p>
   </div>
   <div class='ocr_carea' id='block_1_74' title="bbox 2146 3502 3782 3575">
    <p class='ocr_par' dir='ltr' id='par_1_74' title="bbox 2146 3502 3782 3575">
     <span class='ocr_line' id='line_1_74' title="bbox 2146 3502 3782 3575; baseline -0.003 -15"><span class='ocrx_word' id='word_1_563' title='bbox 2146 3505 2440 3560; x_wconf 88' lang='lat' dir='ltr'>Barnabas</span> <span class='ocrx_word' id='word_1_564' title='bbox 2469 3510 2526 3559; x_wconf 92' lang='lat' dir='ltr'>et</span> <span class='ocrx_word' id='word_1_565' title='bbox 2574 3505 2830 3575; x_wconf 88' lang='lat' dir='ltr'>Ignatius</span> <span class='ocrx_word' id='word_1_566' title='bbox 2850 3503 2878 3557; x_wconf 74' lang='lat'>‘2</span> <span class='ocrx_word' id='word_1_567' title='bbox 2907 3507 2979 3557; x_wconf 81' lang='lat' dir='ltr'>At</span> <span class='ocrx_word' id='word_1_568' title='bbox 3008 3502 3283 3573; x_wconf 89' lang='lat' dir='ltr'>inquiunt</span> <span class='ocrx_word' id='word_1_569' title='bbox 3312 3502 3404 3556; x_wconf 89' lang='lat' dir='ltr'>isti</span> <span class='ocrx_word' id='word_1_570' title='bbox 3466 3518 3592 3557; x_wconf 89' lang='lat' dir='ltr'>sese</span> <span class='ocrx_word' id='word_1_571' title='bbox 3630 3502 3782 3557; x_wconf 90' lang='lat' dir='ltr'>nibi-</span> 
     </span>
    </p>
   </div>
   <div class='ocr_carea' id='block_1_75' title="bbox 2144 3590 3781 3661">
    <p class='ocr_par' dir='ltr' id='par_1_75' title="bbox 2144 3590 3781 3661">
     <span class='ocr_line' id='line_1_75' title="bbox 2144 3590 3781 3661; baseline -0.002 -12"><span class='ocrx_word' id='word_1_572' title='bbox 2144 3594 2399 3649; x_wconf 89' lang='lat' dir='ltr'>lominus</span> <span class='ocrx_word' id='word_1_573' title='bbox 2429 3593 2578 3647; x_wconf 91' lang='lat' dir='ltr'>scire</span> <span class='ocrx_word' id='word_1_574' title='bbox 2622 3608 2756 3647; x_wconf 90' lang='lat' dir='ltr'>vera</span> <span class='ocrx_word' id='word_1_575' title='bbox 2785 3609 2932 3659; x_wconf 90' lang='lat' dir='ltr'>esse,</span> <span class='ocrx_word' id='word_1_576' title='bbox 2984 3609 3112 3661; x_wconf 67' lang='lat' dir='ltr'>quae</span> <span class='ocrx_word' id='word_1_577' title='bbox 3151 3590 3422 3645; x_wconf 89' lang='lat' dir='ltr'>sentiant.</span> <span class='ocrx_word' id='word_1_578' title='bbox 3476 3591 3533 3646; x_wconf 90' lang='lat' dir='ltr'>Si</span> <span class='ocrx_word' id='word_1_579' title='bbox 3563 3591 3643 3645; x_wconf 89' lang='lat' dir='ltr'>ita</span> <span class='ocrx_word' id='word_1_580' title='bbox 3672 3594 3781 3655; x_wconf 88' lang='lat' dir='ltr'>est,</span> 
     </span>
    </p>
   </div>
   <div class='ocr_carea' id='block_1_76' title="bbox 2137 3678 3781 3753">
    <p class='ocr_par' dir='ltr' id='par_1_76' title="bbox 2137 3678 3781 3753">
     <span class='ocr_line' id='line_1_76' title="bbox 2137 3678 3781 3753; baseline -0.001 -17"><span class='ocrx_word' id='word_1_581' title='bbox 2137 3684 2261 3753; x_wconf 88' lang='lat' dir='ltr'>jam</span> <span class='ocrx_word' id='word_1_582' title='bbox 2292 3682 2529 3736; x_wconf 88' lang='lat' dir='ltr'>verbum</span> <span class='ocrx_word' id='word_1_583' title='bbox 2562 3698 2675 3736; x_wconf 90' lang='lat' dir='ltr'>non</span> <span class='ocrx_word' id='word_1_584' title='bbox 2721 3681 2953 3735; x_wconf 87' lang='lat' dir='ltr'>addam.</span> <span class='ocrx_word' id='word_1_585' title='bbox 2989 3679 3325 3751; x_wconf 87' lang='lat' dir='ltr'>Pergamus,</span> <span class='ocrx_word' id='word_1_586' title='bbox 3377 3684 3433 3732; x_wconf 89' lang='lat' dir='ltr'>et</span> <span class='ocrx_word' id='word_1_587' title='bbox 3458 3678 3781 3743; x_wconf 87' lang='lat' dir='ltr'>videamus,</span> 
     </span>
    </p>
   </div>
   <div class='ocr_carea' id='block_1_77' title="bbox 2147 3766 3787 3842">
    <p class='ocr_par' dir='ltr' id='par_1_77' title="bbox 2147 3766 3787 3842">
     <span class='ocr_line' id='line_1_77' title="bbox 2147 3766 3787 3842; baseline -0.003 -16"><span class='ocrx_word' id='word_1_588' title='bbox 2147 3771 2351 3842; x_wconf 91' lang='lat' dir='ltr'>ecquid</span> <span class='ocrx_word' id='word_1_589' title='bbox 2380 3786 2565 3842; x_wconf 62' lang='lat' dir='ltr'>operai</span> <span class='ocrx_word' id='word_1_590' title='bbox 2590 3769 2837 3841; x_wconf 89' lang='lat' dir='ltr'>pretium</span> <span class='ocrx_word' id='word_1_591' title='bbox 2871 3768 3045 3823; x_wconf 88' lang='lat' dir='ltr'>fuerit</span> <span class='ocrx_word' id='word_1_592' title='bbox 3074 3769 3146 3822; x_wconf 91' lang='lat' dir='ltr'>ad</span> <span class='ocrx_word' id='word_1_593' title='bbox 3173 3768 3322 3823; x_wconf 89' lang='lat' dir='ltr'>hanc</span> <span class='ocrx_word' id='word_1_594' title='bbox 3344 3766 3658 3839; x_wconf 89' lang='lat' dir='ltr'>Epistolam</span> <span class='ocrx_word' id='word_1_595' title='bbox 3689 3768 3787 3822; x_wconf 88' lang='lat' dir='ltr'>ad-</span> 
     </span>
    </p>
   </div>
   <div class='ocr_carea' id='block_1_78' title="bbox 2145 3866 2397 3915">
    <p class='ocr_par' dir='ltr' id='par_1_78' title="bbox 2145 3866 2397 3915">
     <span class='ocr_line' id='line_1_78' title="bbox 2145 3866 2397 3915; baseline -0.008 0"><span class='ocrx_word' id='word_1_596' title='bbox 2145 3866 2397 3915; x_wconf 87' lang='lat' dir='ltr'>notasse.</span> 
     </span>
    </p>
   </div>
   <div class='ocr_carea' id='block_1_79' title="bbox 2041 4185 2146 4247">
    <p class='ocr_par' dir='ltr' id='par_1_79' title="bbox 2041 4185 2146 4247">
     <span class='ocr_line' id='line_1_79' title="bbox 2041 4185 2146 4247; baseline -0.01 -2"><span class='ocrx_word' id='word_1_597' title='bbox 2041 4185 2146 4247; x_wconf 84' lang='lat' dir='ltr'>IV.</span> 
     </span>
    </p>
   </div>
   <div class='ocr_carea' id='block_1_80' title="bbox 1235 4296 2958 4377">
    <p class='ocr_par' dir='ltr' id='par_1_80' title="bbox 1235 4296 2958 4377">
     <span class='ocr_line' id='line_1_80' title="bbox 1235 4296 2958 4377; baseline -0.001 -19"><span class='ocrx_word' id='word_1_598' title='bbox 1235 4296 1353 4377; x_wconf 78' lang='lat' dir='ltr'>(Ex</span> <span class='ocrx_word' id='word_1_599' title='bbox 1394 4296 1765 4377; x_wconf 60' lang='lat' dir='ltr'>praefatione</span> <span class='ocrx_word' id='word_1_600' title='bbox 1807 4297 2110 4359; x_wconf 88' lang='lat' dir='ltr'>Editionis</span> <span class='ocrx_word' id='word_1_601' title='bbox 2151 4297 2520 4360; x_wconf 84' lang='lat' dir='ltr'>Oxoniensis</span> <span class='ocrx_word' id='word_1_602' title='bbox 2562 4296 2709 4357; x_wconf 89' lang='lat' dir='ltr'>anni</span> <span class='ocrx_word' id='word_1_603' title='bbox 2756 4296 2958 4375; x_wconf 76' lang='lat'>1680.)</span> 
     </span>
    </p>
   </div>
   <div class='ocr_carea' id='block_1_81' title="bbox 1992 4413 2191 4428">
    <p class='ocr_par' dir='ltr' id='par_1_81' title="bbox 1992 4413 2191 4428">
     <span class='ocr_line' id='line_1_81' title="bbox 1992 4413 2191 4428; baseline -0.005 -3"><span class='ocrx_word' id='word_1_604' title='bbox 1992 4413 2191 4428; x_wconf 67' lang='grc'>’1-</span> 
     </span>
    </p>
   </div>
   <div class='ocr_carea' id='block_1_82' title="bbox 476 4482 3792 4557">
    <p class='ocr_par' dir='ltr' id='par_1_82' title="bbox 476 4482 3792 4557">
     <span class='ocr_line' id='line_1_82' title="bbox 476 4482 3792 4557; baseline 0 -19"><span class='ocrx_word' id='word_1_605' title='bbox 476 4484 611 4539; x_wconf 81' lang='lat' dir='ltr'>Cum</span> <span class='ocrx_word' id='word_1_606' title='bbox 637 4486 700 4538; x_wconf 87' lang='lat' dir='ltr'>in</span> <span class='ocrx_word' id='word_1_607' title='bbox 728 4482 963 4541; x_wconf 78' lang='lat' dir='ltr'>editione</span> <span class='ocrx_word' id='word_1_608' title='bbox 1001 4484 1336 4557; x_wconf 80' lang='lat' dir='ltr'>Scriptorum</span> <span class='ocrx_word' id='word_1_609' title='bbox 1374 4489 1618 4541; x_wconf 77' lang='lat' dir='ltr'>veterum</span> <span class='ocrx_word' id='word_1_610' title='bbox 1645 4486 2035 4541; x_wconf 73' lang='lat' dir='ltr'>ecclesiastico-</span> <span class='ocrx_word' id='word_1_611' title='bbox 2066 4488 2112 4551; x_wconf 90' lang='lat' dir='ltr'><strong>D</strong></span> <span class='ocrx_word' id='word_1_612' title='bbox 2143 4485 2517 4551; x_wconf 86' lang='lat' dir='ltr'>theol.doctor,</span> <span class='ocrx_word' id='word_1_613' title='bbox 2549 4489 2600 4541; x_wconf 87' lang='lat' dir='ltr'>ct</span> <span class='ocrx_word' id='word_1_614' title='bbox 2653 4487 2999 4541; x_wconf 79' lang='lat' dir='ltr'>astronomiae</span> <span class='ocrx_word' id='word_1_615' title='bbox 3023 4489 3300 4557; x_wconf 77' lang='lat' dir='ltr'>professor</span> <span class='ocrx_word' id='word_1_616' title='bbox 3327 4485 3642 4540; x_wconf 86' lang='lat' dir='ltr'>Savilianus</span> <span class='ocrx_word' id='word_1_617' title='bbox 3670 4484 3792 4539; x_wconf 88' lang='lat' dir='ltr'>red-</span> 
     </span>
    </p>
   </div>
   <div class='ocr_carea' id='block_1_83' title="bbox 401 4575 2042 4645">
    <p class='ocr_par' dir='ltr' id='par_1_83' title="bbox 401 4575 2042 4645">
     <span class='ocr_line' id='line_1_83' title="bbox 401 4575 2042 4645; baseline -0.001 -14"><span class='ocrx_word' id='word_1_618' title='bbox 401 4591 528 4631; x_wconf 75' lang='lat' dir='ltr'>rum</span> <span class='ocrx_word' id='word_1_619' title='bbox 557 4588 827 4642; x_wconf 78' lang='lat' dir='ltr'>versarer,</span> <span class='ocrx_word' id='word_1_620' title='bbox 854 4575 1143 4643; x_wconf 70' lang='lat' dir='ltr'>praeterire</span> <span class='ocrx_word' id='word_1_621' title='bbox 1182 4592 1294 4631; x_wconf 86' lang='lat' dir='ltr'>non</span> <span class='ocrx_word' id='word_1_622' title='bbox 1324 4576 1481 4630; x_wconf 78' lang='lat' dir='ltr'>licuit</span> <span class='ocrx_word' id='word_1_623' title='bbox 1525 4575 1581 4631; x_wconf 91' lang='lat' dir='ltr'>S.</span> <span class='ocrx_word' id='word_1_624' title='bbox 1615 4575 1889 4631; x_wconf 66' lang='lat' dir='ltr'>Barnabas</span> <span class='ocrx_word' id='word_1_625' title='bbox 1916 4576 2042 4645; x_wconf 88' lang='lat' dir='ltr'>Epi-</span> 
     </span>
    </p>
   </div>
   <div class='ocr_carea' id='block_1_84' title="bbox 400 4664 2049 4735">
    <p class='ocr_par' dir='ltr' id='par_1_84' title="bbox 400 4664 2049 4735">
     <span class='ocr_line' id='line_1_84' title="bbox 400 4664 2049 4735; baseline -0.002 -14"><span class='ocrx_word' id='word_1_626' title='bbox 400 4665 620 4735; x_wconf 81' lang='lat' dir='ltr'>stolam,</span> <span class='ocrx_word' id='word_1_627' title='bbox 664 4666 950 4735; x_wconf 59' lang='lat' dir='ltr'>primaeua.“</span> <span class='ocrx_word' id='word_1_628' title='bbox 1000 4664 1376 4735; x_wconf 74' lang='lat' dir='ltr'>antiquitatis,</span> <span class='ocrx_word' id='word_1_629' title='bbox 1428 4665 1746 4735; x_wconf 81' lang='lat' dir='ltr'>argumenti</span> <span class='ocrx_word' id='word_1_630' title='bbox 1789 4665 1954 4733; x_wconf 89' lang='lat' dir='ltr'>sacri,</span> <span class='ocrx_word' id='word_1_631' title='bbox 1998 4672 2049 4718; x_wconf 91' lang='lat' dir='ltr'>et</span> 
     </span>
    </p>
   </div>
   <div class='ocr_carea' id='block_1_85' title="bbox 400 4751 2045 4825">
    <p class='ocr_par' dir='ltr' id='par_1_85' title="bbox 400 4751 2045 4825">
     <span class='ocr_line' id='line_1_85' title="bbox 400 4751 2045 4825; baseline -0.001 -15"><span class='ocrx_word' id='word_1_632' title='bbox 400 4754 645 4811; x_wconf 77' lang='lat' dir='ltr'>auctoris</span> <span class='ocrx_word' id='word_1_633' title='bbox 680 4751 844 4825; x_wconf 84' lang='lat' dir='ltr'>(quod</span> <span class='ocrx_word' id='word_1_634' title='bbox 885 4753 1135 4824; x_wconf 65' lang='lat' dir='ltr'>praefert)</span> <span class='ocrx_word' id='word_1_635' title='bbox 1178 4754 1400 4808; x_wconf 84' lang='lat' dir='ltr'>nomine</span> <span class='ocrx_word' id='word_1_636' title='bbox 1444 4755 1654 4824; x_wconf 86' lang='lat' dir='ltr'>pariter</span> <span class='ocrx_word' id='word_1_637' title='bbox 1700 4755 1870 4818; x_wconf 89' lang='lat' dir='ltr'>sacri,</span> <span class='ocrx_word' id='word_1_638' title='bbox 1902 4769 2045 4808; x_wconf 88' lang='lat' dir='ltr'>com-</span> 
     </span>
    </p>
   </div>
   <div class='ocr_carea' id='block_1_86' title="bbox 401 4842 2049 4913">
    <p class='ocr_par' dir='ltr' id='par_1_86' title="bbox 401 4842 2049 4913">
     <span class='ocr_line' id='line_1_86' title="bbox 401 4842 2049 4913; baseline -0.002 -14"><span class='ocrx_word' id='word_1_639' title='bbox 401 4842 896 4899; x_wconf 77' lang='lat' dir='ltr'>mcndatissimam.</span> <span class='ocrx_word' id='word_1_640' title='bbox 950 4842 1079 4899; x_wconf 67' lang='lat' dir='ltr'>Haec</span> <span class='ocrx_word' id='word_1_641' title='bbox 1124 4844 1408 4913; x_wconf 81' lang='lat' dir='ltr'>postquam</span> <span class='ocrx_word' id='word_1_642' title='bbox 1434 4858 1531 4911; x_wconf 91' lang='lat' dir='ltr'>per</span> <span class='ocrx_word' id='word_1_643' title='bbox 1579 4843 1819 4912; x_wconf 84' lang='lat' dir='ltr'>plurima</span> <span class='ocrx_word' id='word_1_644' title='bbox 1846 4842 2049 4898; x_wconf 71' lang='lat' dir='ltr'>saecula</span> 
     </span>
    </p>
   </div>
   <div class='ocr_carea' id='block_1_87' title="bbox 402 4930 2049 5002">
    <p class='ocr_par' dir='ltr' id='par_1_87' title="bbox 402 4930 2049 5002">
     <span class='ocr_line' id='line_1_87' title="bbox 402 4930 2049 5002; baseline -0.002 -15"><span class='ocrx_word' id='word_1_645' title='bbox 402 4934 472 4988; x_wconf 67' lang='lat' dir='ltr'>in</span> <span class='ocrx_word' id='word_1_646' title='bbox 523 4930 981 4987; x_wconf 70' lang='lat' dir='ltr'>bibliothecam</span> <span class='ocrx_word' id='word_1_647' title='bbox 1028 4930 1232 5002; x_wconf 84' lang='lat' dir='ltr'>pluteis</span> <span class='ocrx_word' id='word_1_648' title='bbox 1287 4931 1611 4996; x_wconf 84' lang='lat' dir='ltr'>delituisset,</span> <span class='ocrx_word' id='word_1_649' title='bbox 1669 4930 2049 4986; x_wconf 82' lang='lat' dir='ltr'>revendissimi</span> 
     </span>
    </p>
   </div>
   <div class='ocr_carea' id='block_1_88' title="bbox 409 5019 2048 5090">
    <p class='ocr_par' dir='ltr' id='par_1_88' title="bbox 409 5019 2048 5090">
     <span class='ocr_line' id='line_1_88' title="bbox 409 5019 2048 5090; baseline -0.003 -12"><span class='ocrx_word' id='word_1_650' title='bbox 409 5023 631 5087; x_wconf 84' lang='lat' dir='ltr'>Usserii,</span> <span class='ocrx_word' id='word_1_651' title='bbox 686 5020 1025 5075; x_wconf 80' lang='lat' dir='ltr'>Armachani</span> <span class='ocrx_word' id='word_1_652' title='bbox 1088 5020 1365 5090; x_wconf 82' lang='lat' dir='ltr'>primatis,</span> <span class='ocrx_word' id='word_1_653' title='bbox 1438 5019 1623 5075; x_wconf 87' lang='lat' dir='ltr'>studio</span> <span class='ocrx_word' id='word_1_654' title='bbox 1685 5023 1737 5074; x_wconf 90' lang='lat' dir='ltr'>et</span> <span class='ocrx_word' id='word_1_655' title='bbox 1786 5020 2048 5090; x_wconf 82' lang='lat' dir='ltr'>auspiciis</span> 
     </span>
    </p>
   </div>
   <div class='ocr_carea' id='block_1_89' title="bbox 401 5107 2047 5182">
    <p class='ocr_par' dir='ltr' id='par_1_89' title="bbox 401 5107 2047 5182">
     <span class='ocr_line' id='line_1_89' title="bbox 401 5107 2047 5182; baseline -0.003 -15"><span class='ocrx_word' id='word_1_656' title='bbox 401 5110 554 5182; x_wconf 83' lang='lat' dir='ltr'>prelo</span> <span class='ocrx_word' id='word_1_657' title='bbox 581 5109 682 5166; x_wconf 82' lang='lat' dir='ltr'>hoc</span> <span class='ocrx_word' id='word_1_658' title='bbox 705 5110 767 5163; x_wconf 87' lang='lat' dir='ltr'>in</span> <span class='ocrx_word' id='word_1_659' title='bbox 809 5108 921 5164; x_wconf 90' lang='lat' dir='ltr'>loco</span> <span class='ocrx_word' id='word_1_660' title='bbox 960 5108 1349 5180; x_wconf 84' lang='lat' dir='ltr'>subjiciebatur</span> <span class='ocrx_word' id='word_1_661' title='bbox 1396 5124 1487 5163; x_wconf 87' lang='lat' dir='ltr'>an.</span> <span class='ocrx_word' id='word_1_662' title='bbox 1544 5107 1697 5163; x_wconf 84' lang='grc'><strong>1643.</strong></span> <span class='ocrx_word' id='word_1_663' title='bbox 1749 5107 1860 5163; x_wconf 87' lang='lat' dir='ltr'>Sed</span> <span class='ocrx_word' id='word_1_664' title='bbox 1896 5109 2047 5162; x_wconf 84' lang='lat' dir='ltr'>urbis</span> 
     </span>
    </p>
   </div>
   <div class='ocr_carea' id='block_1_90' title="bbox 403 5196 2046 5269">
    <p class='ocr_par' dir='ltr' id='par_1_90' title="bbox 403 5196 2046 5269">
     <span class='ocr_line' id='line_1_90' title="bbox 403 5196 2046 5269; baseline -0.003 -12"><span class='ocrx_word' id='word_1_665' title='bbox 403 5201 635 5257; x_wconf 64' lang='lat' dir='ltr'>Oxoniz</span> <span class='ocrx_word' id='word_1_666' title='bbox 657 5203 814 5269; x_wconf 87' lang='lat' dir='ltr'>parte</span> <span class='ocrx_word' id='word_1_667' title='bbox 838 5213 1045 5266; x_wconf 85' lang='lat' dir='ltr'>magna</span> <span class='ocrx_word' id='word_1_668' title='bbox 1088 5198 1253 5269; x_wconf 82' lang='lat' dir='ltr'>gravi</span> <span class='ocrx_word' id='word_1_669' title='bbox 1304 5196 1550 5252; x_wconf 76' lang='lat' dir='ltr'>incendio</span> <span class='ocrx_word' id='word_1_670' title='bbox 1596 5204 1859 5267; x_wconf 88' lang='lat' dir='ltr'>correpta,</span> <span class='ocrx_word' id='word_1_671' title='bbox 1894 5200 2046 5268; x_wconf 84' lang='lat' dir='ltr'>typo-</span> 
     </span>
    </p>
   </div>
   <div class='ocr_carea' id='block_1_91' title="bbox 406 5279 2044 5360">
    <p class='ocr_par' dir='ltr' id='par_1_91' title="bbox 406 5279 2044 5360">
     <span class='ocr_line' id='line_1_91' title="bbox 406 5279 2044 5360; baseline -0.003 -16"><span class='ocrx_word' id='word_1_672' title='bbox 406 5287 730 5360; x_wconf 82' lang='lat' dir='ltr'>grapheum,</span> <span class='ocrx_word' id='word_1_673' title='bbox 769 5302 895 5342; x_wconf 87' lang='lat' dir='ltr'>cum</span> <span class='ocrx_word' id='word_1_674' title='bbox 940 5290 1052 5342; x_wconf 86' lang='lat' dir='ltr'>tota</span> <span class='ocrx_word' id='word_1_675' title='bbox 1097 5286 1451 5357; x_wconf 79' lang='lat' dir='ltr'>supellectile,</span> <span class='ocrx_word' id='word_1_676' title='bbox 1498 5284 1705 5340; x_wconf 87' lang='lat' dir='ltr'>schedis</span> <span class='ocrx_word' id='word_1_677' title='bbox 1749 5279 2044 5356; x_wconf 77' lang='lat' dir='ltr'>impressis,</span> 
     </span>
    </p>
   </div>
   <div class='ocr_carea' id='block_1_92' title="bbox 406 5372 2048 5447">
    <p class='ocr_par' dir='ltr' id='par_1_92' title="bbox 406 5372 2048 5447">
     <span class='ocr_line' id='line_1_92' title="bbox 406 5372 2048 5447; baseline -0.003 -13"><span class='ocrx_word' id='word_1_678' title='bbox 406 5387 460 5435; x_wconf 89' lang='lat' dir='ltr'>et</span> <span class='ocrx_word' id='word_1_679' title='bbox 486 5377 793 5447; x_wconf 74' lang='lat' dir='ltr'>exemplari</span> <span class='ocrx_word' id='word_1_680' title='bbox 820 5377 956 5447; x_wconf 87' lang='lat' dir='ltr'>ipso,</span> <span class='ocrx_word' id='word_1_681' title='bbox 1006 5372 1411 5446; x_wconf 74' lang='lat' dir='ltr'>conﬂagravit,&quot;</span> <span class='ocrx_word' id='word_1_682' title='bbox 1438 5376 1517 5429; x_wconf 87' lang='lat' dir='ltr'>ita</span> <span class='ocrx_word' id='word_1_683' title='bbox 1562 5383 1620 5430; x_wconf 90' lang='lat' dir='ltr'>ut</span> <span class='ocrx_word' id='word_1_684' title='bbox 1659 5374 1915 5447; x_wconf 75' lang='lat' dir='ltr'>exclade</span> <span class='ocrx_word' id='word_1_685' title='bbox 1944 5376 2048 5429; x_wconf 87' lang='lat' dir='ltr'>ista</span> 
     </span>
    </p>
   </div>
   <div class='ocr_carea' id='block_1_93' title="bbox 408 5460 2045 5537">
    <p class='ocr_par' dir='ltr' id='par_1_93' title="bbox 408 5460 2045 5537">
     <span class='ocr_line' id='line_1_93' title="bbox 408 5460 2045 5537; baseline -0.004 -14"><span class='ocrx_word' id='word_1_686' title='bbox 408 5467 556 5523; x_wconf 77' lang='lat' dir='ltr'>nihil</span> <span class='ocrx_word' id='word_1_687' title='bbox 582 5472 903 5537; x_wconf 80' lang='lat' dir='ltr'>superesset,</span> <span class='ocrx_word' id='word_1_688' title='bbox 928 5468 1134 5537; x_wconf 50' lang='lat' dir='ltr'>prater</span> <span class='ocrx_word' id='word_1_689' title='bbox 1173 5464 1411 5535; x_wconf 79' lang='lat' dir='ltr'>paginas</span> <span class='ocrx_word' id='word_1_690' title='bbox 1457 5460 1785 5533; x_wconf 52' lang='lat' dir='ltr'>nonnullas,&quot;</span> <span class='ocrx_word' id='word_1_691' title='bbox 1806 5478 1925 5533; x_wconf 67' lang='lat' dir='ltr'>ques</span> <span class='ocrx_word' id='word_1_692' title='bbox 1950 5479 2045 5534; x_wconf 90' lang='lat' dir='ltr'>pe-</span> 
     </span>
    </p>
   </div>
   <div class='ocr_carea' id='block_1_94' title="bbox 410 5552 2047 5625">
    <p class='ocr_par' dir='ltr' id='par_1_94' title="bbox 410 5552 2047 5625">
     <span class='ocr_line' id='line_1_94' title="bbox 410 5552 2047 5625; baseline -0.004 -12"><span class='ocrx_word' id='word_1_693' title='bbox 410 5572 508 5613; x_wconf 82' lang='lat' dir='ltr'>nes</span> <span class='ocrx_word' id='word_1_694' title='bbox 534 5563 907 5625; x_wconf 81' lang='lat' dir='ltr'>correctorem,</span> <span class='ocrx_word' id='word_1_695' title='bbox 940 5560 1208 5625; x_wconf 81' lang='lat' dir='ltr'>quantum</span> <span class='ocrx_word' id='word_1_696' title='bbox 1247 5554 1515 5625; x_wconf 85' lang='lat' dir='ltr'>conjicere</span> <span class='ocrx_word' id='word_1_697' title='bbox 1561 5552 1741 5623; x_wconf 86' lang='lat' dir='ltr'>datur,</span> <span class='ocrx_word' id='word_1_698' title='bbox 1770 5554 2002 5623; x_wconf 83' lang='lat' dir='ltr'>fuerant</span> <span class='ocrx_word' id='word_1_699' title='bbox 2026 5572 2047 5618; x_wconf 83' lang='lat'>,-</span> 
     </span>
    </p>
   </div>
   <div class='ocr_carea' id='block_1_95' title="bbox 413 5638 2043 5718">
    <p class='ocr_par' dir='ltr' id='par_1_95' title="bbox 413 5638 2043 5718">
     <span class='ocr_line' id='line_1_95' title="bbox 413 5638 2043 5718; baseline -0.004 -17"><span class='ocrx_word' id='word_1_700' title='bbox 413 5659 653 5718; x_wconf 85' lang='lat' dir='ltr'>quasque</span> <span class='ocrx_word' id='word_1_701' title='bbox 703 5644 792 5697; x_wconf 89' lang='lat' dir='ltr'>vir</span> <span class='ocrx_word' id='word_1_702' title='bbox 844 5641 1247 5698; x_wconf 81' lang='lat' dir='ltr'>eruditissimus</span> <span class='ocrx_word' id='word_1_703' title='bbox 1290 5640 1571 5696; x_wconf 83' lang='lat' dir='ltr'>Eduardus</span> <span class='ocrx_word' id='word_1_704' title='bbox 1616 5638 1895 5696; x_wconf 85' lang='lat' dir='ltr'>Bernadus</span> <span class='ocrx_word' id='word_1_705' title='bbox 1950 5638 2043 5695; x_wconf 90' lang='lat' dir='ltr'>SS.</span> 
     </span>
    </p>
   </div>
   <div class='ocr_carea' id='block_1_96' title="bbox 2152 4574 3788 4646">
    <p class='ocr_par' dir='ltr' id='par_1_96' title="bbox 2152 4574 3788 4646">
     <span class='ocr_line' id='line_1_96' title="bbox 2152 4574 3788 4646; baseline -0.001 -17"><span class='ocrx_word' id='word_1_706' title='bbox 2152 4576 2303 4641; x_wconf 86' lang='lat' dir='ltr'>emit,</span> <span class='ocrx_word' id='word_1_707' title='bbox 2359 4575 2604 4646; x_wconf 85' lang='lat' dir='ltr'>mihique</span> <span class='ocrx_word' id='word_1_708' title='bbox 2662 4574 2890 4643; x_wconf 85' lang='lat' dir='ltr'>benigne</span> <span class='ocrx_word' id='word_1_709' title='bbox 2944 4576 3380 4629; x_wconf 85' lang='lat' dir='ltr'>communicavit.</span> <span class='ocrx_word' id='word_1_710' title='bbox 3444 4574 3618 4631; x_wconf 88' lang='lat' dir='ltr'>Paulo</span> <span class='ocrx_word' id='word_1_711' title='bbox 3651 4576 3788 4645; x_wconf 83' lang='lat' dir='ltr'>post,</span> 
     </span>
    </p>
   </div>
   <div class='ocr_carea' id='block_1_97' title="bbox 2154 4663 3790 4734">
    <p class='ocr_par' dir='ltr' id='par_1_97' title="bbox 2154 4663 3790 4734">
     <span class='ocr_line' id='line_1_97' title="bbox 2154 4663 3790 4734; baseline -0.001 -18"><span class='ocrx_word' id='word_1_712' title='bbox 2154 4679 2345 4734; x_wconf 84' lang='lat' dir='ltr'>nempe</span> <span class='ocrx_word' id='word_1_713' title='bbox 2374 4680 2518 4719; x_wconf 90' lang='lat' dir='ltr'>anno</span> <span class='ocrx_word' id='word_1_714' title='bbox 2550 4664 2706 4729; x_wconf 78' lang='grc'>1645,</span> <span class='ocrx_word' id='word_1_715' title='bbox 2748 4679 2883 4732; x_wconf 83' lang='lat' dir='ltr'>opus</span> <span class='ocrx_word' id='word_1_716' title='bbox 2908 4664 2975 4717; x_wconf 87' lang='lat' dir='ltr'>ab</span> <span class='ocrx_word' id='word_1_717' title='bbox 3026 4665 3244 4733; x_wconf 83' lang='lat' dir='ltr'>Hugone</span> <span class='ocrx_word' id='word_1_718' title='bbox 3280 4663 3561 4729; x_wconf 84' lang='lat' dir='ltr'>Menardo,</span> <span class='ocrx_word' id='word_1_719' title='bbox 3594 4678 3790 4716; x_wconf 87' lang='lat' dir='ltr'>mona—</span> 
     </span>
    </p>
   </div>
   <div class='ocr_carea' id='block_1_98' title="bbox 2153 4750 3793 4824">
    <p class='ocr_par' dir='ltr' id='par_1_98' title="bbox 2153 4750 3793 4824">
     <span class='ocr_line' id='line_1_98' title="bbox 2153 4750 3793 4824; baseline -0.002 -17"><span class='ocrx_word' id='word_1_720' title='bbox 2153 4752 2258 4807; x_wconf 79' lang='lat' dir='ltr'>cho</span> <span class='ocrx_word' id='word_1_721' title='bbox 2286 4753 2730 4824; x_wconf 78' lang='lat' dir='ltr'>congregationis</span> <span class='ocrx_word' id='word_1_722' title='bbox 2753 4754 2813 4806; x_wconf 87' lang='lat' dir='ltr'>S.</span> <span class='ocrx_word' id='word_1_723' title='bbox 2845 4754 3054 4817; x_wconf 83' lang='lat' dir='ltr'>Mauri,</span> <span class='ocrx_word' id='word_1_724' title='bbox 3092 4752 3531 4807; x_wconf 80' lang='lat' dir='ltr'>adnotationibus</span> <span class='ocrx_word' id='word_1_725' title='bbox 3566 4750 3793 4805; x_wconf 75' lang='lat' dir='ltr'>eruditis</span> 
     </span>
    </p>
   </div>
   <div class='ocr_carea' id='block_1_99' title="bbox 2157 4838 3791 4909">
    <p class='ocr_par' dir='ltr' id='par_1_99' title="bbox 2157 4838 3791 4909">
     <span class='ocr_line' id='line_1_99' title="bbox 2157 4838 3791 4909; baseline -0.001 -16"><span class='ocrx_word' id='word_1_726' title='bbox 2157 4839 2512 4909; x_wconf 84' lang='lat' dir='ltr'>illustratum,</span> <span class='ocrx_word' id='word_1_727' title='bbox 2543 4854 2675 4893; x_wconf 91' lang='lat' dir='ltr'>cura</span> <span class='ocrx_word' id='word_1_728' title='bbox 2698 4841 2994 4908; x_wconf 79' lang='lat' dir='ltr'>con/ratris</span> <span class='ocrx_word' id='word_1_729' title='bbox 3021 4840 3183 4895; x_wconf 67' lang='lat' dir='ltr'>Lucae</span> <span class='ocrx_word' id='word_1_730' title='bbox 3229 4839 3508 4903; x_wconf 86' lang='lat' dir='ltr'>Dacherii,</span> <span class='ocrx_word' id='word_1_731' title='bbox 3538 4838 3791 4893; x_wconf 81' lang='lat' dir='ltr'>Menardo</span> 
     </span>
    </p>
   </div>
   <div class='ocr_carea' id='block_1_100' title="bbox 2154 4926 3792 4999">
    <p class='ocr_par' dir='ltr' id='par_1_100' title="bbox 2154 4926 3792 4999">
     <span class='ocr_line' id='line_1_100' title="bbox 2154 4926 3792 4999; baseline 0 -18"><span class='ocrx_word' id='word_1_732' title='bbox 2154 4936 2329 4981; x_wconf 86' lang='lat' dir='ltr'>morte</span> <span class='ocrx_word' id='word_1_733' title='bbox 2370 4934 2651 4998; x_wconf 70' lang='lat' dir='ltr'>praerepto,</span> <span class='ocrx_word' id='word_1_734' title='bbox 2712 4928 2769 4980; x_wconf 89' lang='lat' dir='ltr'>in</span> <span class='ocrx_word' id='word_1_735' title='bbox 2808 4926 3023 4981; x_wconf 67' lang='lat' dir='ltr'>&#39;Lucem</span> <span class='ocrx_word' id='word_1_736' title='bbox 3078 4929 3313 4982; x_wconf 85' lang='lat' dir='ltr'>Parisiis</span> <span class='ocrx_word' id='word_1_737' title='bbox 3364 4926 3587 4999; x_wconf 86' lang='lat' dir='ltr'>prodiit.</span> <span class='ocrx_word' id='word_1_738' title='bbox 3620 4927 3792 4983; x_wconf 86' lang='lat' dir='ltr'>Porro</span> 
     </span>
    </p>
   </div>
   <div class='ocr_carea' id='block_1_101' title="bbox 2155 5015 3788 5083">
    <p class='ocr_par' dir='ltr' id='par_1_101' title="bbox 2155 5015 3788 5083">
     <span class='ocr_line' id='line_1_101' title="bbox 2155 5015 3788 5083; baseline 0 -13"><span class='ocrx_word' id='word_1_739' title='bbox 2155 5032 2245 5070; x_wconf 87' lang='lat' dir='ltr'>an.</span> <span class='ocrx_word' id='word_1_740' title='bbox 2279 5015 2419 5070; x_wconf 74' lang='grc'>4646</span> <span class='ocrx_word' id='word_1_741' title='bbox 2446 5015 2851 5070; x_wconf 85' lang='lat' dir='ltr'>illustrissimus</span> <span class='ocrx_word' id='word_1_742' title='bbox 2898 5016 2958 5069; x_wconf 89' lang='lat' dir='ltr'>D.</span> <span class='ocrx_word' id='word_1_743' title='bbox 3000 5017 3223 5070; x_wconf 86' lang='lat' dir='ltr'>Isaacus</span> <span class='ocrx_word' id='word_1_744' title='bbox 3277 5018 3503 5083; x_wconf 87' lang='lat' dir='ltr'>Vossius,</span> <span class='ocrx_word' id='word_1_745' title='bbox 3548 5016 3788 5071; x_wconf 83' lang='lat' dir='ltr'>luculen-</span> 
     </span>
    </p>
   </div>
   <div class='ocr_carea' id='block_1_102' title="bbox 2153 5104 3791 5176">
    <p class='ocr_par' dir='ltr' id='par_1_102' title="bbox 2153 5104 3791 5176">
     <span class='ocr_line' id='line_1_102' title="bbox 2153 5104 3791 5176; baseline 0 -17"><span class='ocrx_word' id='word_1_746' title='bbox 2153 5106 2376 5159; x_wconf 72' lang='lat' dir='ltr'>tissimae</span> <span class='ocrx_word' id='word_1_747' title='bbox 2403 5105 2519 5174; x_wconf 78' lang='lat' dir='ltr'>eius</span> <span class='ocrx_word' id='word_1_748' title='bbox 2563 5104 2923 5175; x_wconf 84' lang='lat' dir='ltr'>Epistolarum</span> <span class='ocrx_word' id='word_1_749' title='bbox 2972 5104 3027 5159; x_wconf 91' lang='lat' dir='ltr'>S.</span> <span class='ocrx_word' id='word_1_750' title='bbox 3062 5106 3272 5173; x_wconf 87' lang='lat' dir='ltr'>Ignatii</span> <span class='ocrx_word' id='word_1_751' title='bbox 3317 5105 3547 5161; x_wconf 85' lang='lat' dir='ltr'>editioni</span> <span class='ocrx_word' id='word_1_752' title='bbox 3588 5107 3791 5176; x_wconf 87' lang='lat' dir='ltr'>episto-</span> 
     </span>
    </p>
   </div>
   <div class='ocr_carea' id='block_1_103' title="bbox 2157 5192 3793 5267">
    <p class='ocr_par' dir='ltr' id='par_1_103' title="bbox 2157 5192 3793 5267">
     <span class='ocr_line' id='line_1_103' title="bbox 2157 5192 3793 5267; baseline 0.001 -20"><span class='ocrx_word' id='word_1_753' title='bbox 2157 5194 2269 5249; x_wconf 89' lang='lat' dir='ltr'>lam</span> <span class='ocrx_word' id='word_1_754' title='bbox 2297 5192 2437 5247; x_wconf 88' lang='lat' dir='ltr'>hanc</span> <span class='ocrx_word' id='word_1_755' title='bbox 2458 5194 2724 5262; x_wconf 74' lang='lat' dir='ltr'>adiunxit</span> <span class='ocrx_word' id='word_1_756' title='bbox 2751 5210 2764 5257; x_wconf 88' lang='lat'><strong>;</strong></span> <span class='ocrx_word' id='word_1_757' title='bbox 2796 5202 2847 5247; x_wconf 88' lang='lat' dir='ltr'>et</span> <span class='ocrx_word' id='word_1_758' title='bbox 2868 5196 3048 5259; x_wconf 79' lang='lat' dir='ltr'>notus,</span> <span class='ocrx_word' id='word_1_759' title='bbox 3079 5194 3258 5250; x_wconf 87' lang='lat' dir='ltr'>breves</span> <span class='ocrx_word' id='word_1_760' title='bbox 3279 5194 3515 5267; x_wconf 84' lang='lat' dir='ltr'>quidem,</span> <span class='ocrx_word' id='word_1_761' title='bbox 3546 5194 3644 5249; x_wconf 86' lang='lat' dir='ltr'>sed</span> <span class='ocrx_word' id='word_1_762' title='bbox 3670 5209 3793 5247; x_wconf 86' lang='lat' dir='ltr'>eru-</span> 
     </span>
    </p>
   </div>
   <div class='ocr_carea' id='block_1_104' title="bbox 2153 5281 3789 5355">
    <p class='ocr_par' dir='ltr' id='par_1_104' title="bbox 2153 5281 3789 5355">
     <span class='ocr_line' id='line_1_104' title="bbox 2153 5281 3789 5355; baseline -0.001 -18"><span class='ocrx_word' id='word_1_763' title='bbox 2153 5284 2300 5337; x_wconf 88' lang='lat' dir='ltr'>ditas</span> <span class='ocrx_word' id='word_1_764' title='bbox 2327 5281 2555 5337; x_wconf 88' lang='lat' dir='ltr'>addidit.</span> <span class='ocrx_word' id='word_1_765' title='bbox 2579 5282 2803 5336; x_wconf 86' lang='lat' dir='ltr'>Demum</span> <span class='ocrx_word' id='word_1_766' title='bbox 2830 5298 2921 5335; x_wconf 92' lang='lat' dir='ltr'>an.</span> <span class='ocrx_word' id='word_1_767' title='bbox 2947 5284 3260 5340; x_wconf 79' lang='lat' dir='ltr'>l67210an.</span> <span class='ocrx_word' id='word_1_768' title='bbox 3284 5286 3438 5355; x_wconf 87' lang='lat' dir='ltr'>Bapt.</span> <span class='ocrx_word' id='word_1_769' title='bbox 3461 5283 3789 5347; x_wconf 84' lang='lat' dir='ltr'>Coielerius,</span> 
     </span>
    </p>
   </div>
   <div class='ocr_carea' id='block_1_105' title="bbox 2156 5370 3788 5440">
    <p class='ocr_par' dir='ltr' id='par_1_105' title="bbox 2156 5370 3788 5440">
     <span class='ocr_line' id='line_1_105' title="bbox 2156 5370 3788 5440; baseline -0.001 -14"><span class='ocrx_word' id='word_1_770' title='bbox 2156 5370 2435 5427; x_wconf 85' lang='lat' dir='ltr'>Societatis</span> <span class='ocrx_word' id='word_1_771' title='bbox 2475 5370 2776 5425; x_wconf 73' lang='lat' dir='ltr'>Sorbonicse</span> <span class='ocrx_word' id='word_1_772' title='bbox 2822 5370 3117 5440; x_wconf 81' lang='lat' dir='ltr'>theologus,</span> <span class='ocrx_word' id='word_1_773' title='bbox 3168 5372 3512 5429; x_wconf 52' lang='lat' dir='ltr'>Bibliotheca</span> <span class='ocrx_word' id='word_1_774' title='bbox 3555 5388 3663 5426; x_wconf 58' lang='lat' dir='ltr'>sua</span> <span class='ocrx_word' id='word_1_775' title='bbox 3695 5370 3788 5427; x_wconf 92' lang='lat' dir='ltr'>SS.</span> 
     </span>
    </p>
   </div>
   <div class='ocr_carea' id='block_1_106' title="bbox 2154 5460 3790 5533">
    <p class='ocr_par' dir='ltr' id='par_1_106' title="bbox 2154 5460 3790 5533">
     <span class='ocr_line' id='line_1_106' title="bbox 2154 5460 3790 5533; baseline -0.001 -18"><span class='ocrx_word' id='word_1_776' title='bbox 2154 5461 2379 5516; x_wconf 86' lang='lat' dir='ltr'>Patrum</span> <span class='ocrx_word' id='word_1_777' title='bbox 2409 5461 2505 5533; x_wconf 86' lang='lat' dir='ltr'>qui</span> <span class='ocrx_word' id='word_1_778' title='bbox 2550 5460 2887 5531; x_wconf 81' lang='lat' dir='ltr'>temporibus</span> <span class='ocrx_word' id='word_1_779' title='bbox 2933 5463 3243 5531; x_wconf 74' lang='lat' dir='ltr'>apostolicis</span> <span class='ocrx_word' id='word_1_780' title='bbox 3284 5464 3615 5533; x_wconf 83' lang='lat' dir='ltr'>ﬂoruerunt,</span> <span class='ocrx_word' id='word_1_781' title='bbox 3662 5461 3790 5531; x_wconf 84' lang='lat' dir='ltr'>Epi-</span> 
     </span>
    </p>
   </div>
   <div class='ocr_carea' id='block_1_107' title="bbox 2155 5549 3790 5621">
    <p class='ocr_par' dir='ltr' id='par_1_107' title="bbox 2155 5549 3790 5621">
     <span class='ocr_line' id='line_1_107' title="bbox 2155 5549 3790 5621; baseline -0.002 -15"><span class='ocrx_word' id='word_1_782' title='bbox 2155 5552 2348 5607; x_wconf 82' lang='lat' dir='ltr'>stolam</span> <span class='ocrx_word' id='word_1_783' title='bbox 2378 5550 2516 5604; x_wconf 87' lang='lat' dir='ltr'>hanc</span> <span class='ocrx_word' id='word_1_784' title='bbox 2544 5550 2796 5615; x_wconf 82' lang='lat' dir='ltr'>inseruit,</span> <span class='ocrx_word' id='word_1_785' title='bbox 2828 5551 3236 5621; x_wconf 85' lang='lat' dir='ltr'>versioncmque</span> <span class='ocrx_word' id='word_1_786' title='bbox 3262 5567 3455 5605; x_wconf 84' lang='lat' dir='ltr'>novam</span> <span class='ocrx_word' id='word_1_787' title='bbox 3473 5549 3790 5618; x_wconf 83' lang='lat' dir='ltr'>adornavit,</span> 
     </span>
    </p>
   </div>
   <div class='ocr_carea' id='block_1_108' title="bbox 2156 5638 3151 5712">
    <p class='ocr_par' dir='ltr' id='par_1_108' title="bbox 2156 5638 3151 5712">
     <span class='ocr_line' id='line_1_108' title="bbox 2156 5638 3151 5712; baseline -0.004 -17"><span class='ocrx_word' id='word_1_788' title='bbox 2156 5646 2415 5712; x_wconf 83' lang='lat' dir='ltr'>notasque</span> <span class='ocrx_word' id='word_1_789' title='bbox 2444 5638 2849 5695; x_wconf 85' lang='lat' dir='ltr'>laudatissimas</span> <span class='ocrx_word' id='word_1_790' title='bbox 2878 5640 3151 5711; x_wconf 80' lang='lat' dir='ltr'>apposuit.</span> 
     </span>
    </p>
   </div>
  </div>
