4094 6202
298 256 417 321 667

1470 262 1534 327 S.
1581 262 2000 327 BARNABAS
2018 286 2021 289 ‘
2042 262 2521 333 APOSTOLUS.

3575 261 3701 326 668

379 393 513 461 Qua
568 392 633 449 de
684 410 842 467 opere
896 396 1010 468 ipso
1064 396 1295 454 dicenda
1348 403 1658 467 supersunt,
1722 406 1783 452 ut
1841 399 1947 452 viri
1974 399 2029 464 Α
2056 397 2221 454 slolos
2252 417 2377 456 suos
2406 401 2649 470 elegisset
2676 402 2844 468 Iesus,
2879 399 2975 471 qui
3019 402 3188 455 erant
3228 398 3380 455 omni
3406 397 3705 471 iniquitate

308 483 503 550 magni
528 487 810 541 memoria
851 487 1028 557 litem,
1076 489 1255 542 verbis
1296 489 1659 543 illustrissimi
1692 489 1949 559 primatis

304 570 581 639 praedicti,
616 589 740 643 quae
766 578 1022 645 ﬂammas
1048 582 1352 645 evaserant,
1383 577 1659 633 exhibebo.

302 729 498 768 JACOBI
520 732 855 773 ARMACHANI
882 735 950 773 DE
977 736 1251 775 ΒΑΒΝΑΒΕ
1271 737 1538 776 EPISTOLA
1560 737 1946 775 ΡΒᾸΞΜΟΝΙΤῙΟ.

373 862 400 889 (ί
437 841 729 915 Polycarpi
756 846 825 899 ad
848 845 1249 917 Philippenses
1276 846 1614 918 Epistolam,
1637 846 1803 918 longe
1826 862 1952 917 pro-

301 927 565 985 lixiorem
600 932 696 987 illa
746 951 871 1005 qua
923 935 1168 990 habetur
1217 935 1375 1007 typis
1428 952 1659 1000 excusa,
1706 936 1857 1007 apud
1891 951 1952 989 se

307 1017 497 1074 Grace
544 1022 822 1093 scriptam
870 1024 1183 1092 exstitisse,
1234 1024 1479 1080 Baronio
1512 1027 1532 1059 ²
1582 1030 1957 1096 persuaserat

308 1106 655 1165 Franciscus
690 1112 1036 1179 Turrianus,
1087 1113 1394 1169 Societatis
1438 1115 1579 1169 Jesu
1632 1115 1949 1185 presbyter-

308 1194 417 1250 Sed
450 1199 763 1270 exemplari
809 1201 967 1257 illius
1017 1202 1356 1275 diligentius
1405 1204 1687 1274 inspecto,
1728 1207 1951 1274 partem

302 1282 495 1355 ipsius
527 1289 841 1346 maximam
872 1292 943 1346 ad
984 1292 1313 1364 epistolam,
1356 1309 1483 1363 qua
1517 1292 1780 1347 Barnaba
1812 1308 1953 1362 apo-

304 1376 436 1431 stoli
470 1377 761 1434 ferebatur
784 1378 922 1435 olim
954 1382 1212 1450 nomine,
1235 1382 1608 1453 pertinuisse,
1639 1381 1955 1453 deprehen'

307 1464 390 1518 dit
422 1471 624 1535 postea
650 1468 902 1524 Jacobus
934 1470 1304 1539 Sirmondus,
1356 1471 1619 1541 ejusdem
1661 1469 1954 1525 societatis

306 1552 631 1627 theologus.
664 1556 860 1628 Neque
908 1557 1076 1613 aliter
1118 1559 1417 1627 habuisse,
1467 1560 1551 1615 vel
1586 1558 1952 1615 bibliotheca:

304 1642 615 1710 Vaticana,
648 1644 733 1699 vel
766 1646 1081 1702 cardinalis
1112 1648 1429 1703 Columnai
1477 1649 1722 1716 codices,
1757 1654 1951 1704 osten-

305 1732 390 1786 dit
420 1736 627 1789 Petrus
659 1734 977 1791 Halloixius
1006 1736 1046 1807 3,
1080 1745 1135 1791 et
1165 1738 1290 1809 ipse
1323 1738 1557 1808 jesuita.

376 1842 403 1869 «
440 1822 658 1894 Nempe
689 1823 747 1878 in
771 1825 956 1895 primo
981 1825 1318 1897 exemplari,
1340 1842 1407 1881 ex
1437 1843 1549 1897 quo
1579 1826 1947 1881 Columnaus

304 1909 401 1965 ille
432 1912 611 1966 codex
640 1911 762 1984 (qui
808 1914 1071 1969 omnium
1105 1919 1343 1985 putatur
1390 1915 1862 1987 antiquissimus)
1895 1920 1951 1971 et

305 1999 511 2068 reliqui
540 2001 639 2070 qui
671 2007 987 2073 supersunt
1008 2002 1177 2058 hodie
1201 2008 1339 2058 sunt
1360 2004 1656 2075 descripti,
1692 2004 1951 2060 librario-

310 2104 439 2142 rum
482 2088 619 2144 vitio
663 2092 967 2162 quaternio
998 2091 1084 2146 vel
1133 2092 1390 2148 omissus
1440 2092 1528 2146 vel
1559 2094 1951 2164 transpositus

306 2180 432 2231 est:
465 2178 635 2247 cujus
667 2178 891 2234 defectu
925 2180 1142 2235 factum
1182 2186 1289 2247 est,
1320 2186 1383 2235 ut
1413 2181 1469 2235 in
1502 2181 1712 2237 Gracis
1745 2199 1949 2253 super-

306 2265 542 2321 stitibus
573 2271 631 2322 et
651 2268 825 2324 finem
848 2269 1101 2339 epistola
1122 2270 1421 2342 Polycarpi
1452 2270 1871 2339 desideremus,
1897 2276 1954 2326 et

308 2354 681 2427 principium,
714 2358 1010 2414 Barnaba.

377 2466 403 2492 «
429 2444 575 2499 Nam
595 2445 766 2518 longe
789 2448 1216 2518 antiquioribus
1240 2448 1413 2504 etiam
1436 2450 1817 2521 temporibus,
1838 2467 1951 2504 non

306 2532 489 2602 Ignati
520 2532 709 2589 solum
740 2534 962 2591 litteras
990 2536 1126 2591 huic
1158 2536 1454 2608 Polycarpi
1479 2538 1743 2610 Epistola
1774 2539 1952 2609 (quod

305 2636 373 2675 ex
404 2622 519 2678 fine
567 2623 753 2694 ipsius
801 2624 1005 2695 liquet)
1057 2626 1349 2697 subjectae
1396 2626 1597 2693 fuisse,
1644 2627 1743 2681 sed
1776 2626 1953 2682 simul

307 2726 440 2765 cum
472 2711 556 2766 eis
587 2715 643 2766 et
672 2712 846 2767 istam
873 2713 1142 2768 Barnaba
1168 2731 1181 2769 :
1216 2730 1284 2768 ex
1314 2713 1410 2768 illo
1442 2713 1777 2787 Hieronymi
1809 2714 1951 2784 loco,

306 2798 366 2852 in
396 2799 544 2854 libro
576 2817 637 2854 111
685 2800 945 2856 adversus
987 2801 1341 2871 Pelagianos,
1395 2802 1729 2859 blandiente
1761 2804 1954 2875 conje-

308 2893 493 2956 ctura,
527 2894 591 2943 ut
621 2891 935 2957 crederem,
969 2907 1113 2963 pene
1156 2892 1434 2948 inductus
1482 2909 1652 2947 sum:
1686 2896 1957 2963 Ignatius,

306 2978 397 3030 vir
442 2978 769 3048 apostolicus
814 2984 867 3035 et
915 2992 1151 3052 martyr,
1201 2982 1395 3036 scribit
1442 2981 1738 3037 audacter:
1781 2966 1960 3051 Elegi‘

307 3067 567 3121 Dominus
594 3069 884 3138 apostolos,
915 3072 1013 3140 qui
1052 3086 1213 3141 super
1261 3086 1443 3126 omnes
1493 3070 1740 3126 homines
1764 3088 1958 3143 pecca-

308 3158 446 3209 tores
495 3160 668 3210 erant.
726 3157 797 3211 Ut
848 3158 1002 3212 enim
1052 3159 1111 3212 in
1163 3160 1484 3230 posteriore
1514 3160 1954 3232 Ignatianarum

307 3241 695 3312 Epistolarum
729 3245 1092 3315 collectione,
1116 3263 1247 3302 cum
1276 3247 1516 3320 reliquis
1540 3250 1786 3321 prafixa
1817 3249 1963 3305 fuis-

310 3335 441 3385 sent
472 3333 663 3389 Maria
711 3334 1076 3392 Castabalita
1115 3336 1350 3392 nomine
1401 3336 1692 3409 inscripta
1731 3338 1959 3412 litterae2

310 3435 409 3475 eas
437 3421 610 3476 etiam
644 3422 830 3495 ipsius
862 3424 1067 3496 Ignatii
1100 3424 1378 3497 inscripto
1414 3426 1602 3497 titulo,
1631 3427 1689 3481 in
1722 3420 1961 3483 Antoni‘

311 3508 546 3566 Melissa
590 3511 611 3545 ‘
659 3512 973 3583 productas
1025 3514 1207 3570 fuisse
1273 3514 1831 3573 animadvertimus:
1882 3517 1964 3572 ita

312 3598 487 3653 etiam
523 3599 581 3654 in
613 3601 803 3673 priore
831 3602 932 3657 illa
978 3619 1108 3657 cum
1144 3603 1296 3658 inter
1337 3603 1637 3676 Polycarpi
1669 3611 1723 3660 et
1754 3606 1939 3677 Ignati

313 3687 501 3743 eidem
533 3690 876 3761 subjunctas
908 3691 1204 3764 epistolas,
1236 3693 1410 3747 etiam
1442 3693 1542 3747 illa
1568 3694 1845 3750 Barnaba
1877 3695 1934 3749 in

314 3778 592 3849 terposita
646 3780 973 3851 legeretur;
1034 3799 1147 3836 non
1207 3782 1421 3837 mirum
1481 3783 1528 3837 si
1608 3776 1962 3869 apzpnﬁpwc;

315 3871 638 3936 μνημονικῷ
687 3868 999 3938 consimili,
1044 3874 1100 3924 et
1146 3870 1349 3925 eodem
1400 3871 1569 3925 modo
1617 3868 1957 3950 excusabili;

314 3954 521 4024 Ignatii
552 3957 788 4011 nomine
818 3957 1079 4011 citaverit
1111 3959 1514 4029 Hieronymus,
1547 3962 1696 4028 quod
1730 3960 1964 4030 proprie

314 4047 439 4096 erat
468 4043 845 4099 tribuendum
878 4046 1174 4100 Barnaba.

382 4153 409 4179 ‹‹
443 4132 503 4184 In
537 4148 605 4186 ea
635 4134 811 4200 enim,
842 4150 1019 4204 quam
1049 4151 1205 4188 nunc
1236 4135 1471 4201 damus,
1500 4134 1658 4190 illius
1689 4136 1962 4207 Epistola»

313 4219 600 4274 sententia
631 4219 751 4276 hac
792 4228 1019 4293 reperta
1045 4228 1133 4277 est
1177 4240 1189 4277 :
1222 4220 1355 4283 Τοὺς
1405 4219 1572 4275 ἰδίους
1627 4222 1962 4286 ἀποστόλους

309 4304 438 4367 τοὺς
494 4305 795 4378 μέλλοντας
842 4309 1125 4384 κηρύσσειν
1178 4310 1239 4364 τὸ
1278 4309 1601 4385 Εὐαγγέλιον
1631 4310 1813 4382 αὐτοῦ,
1858 4311 1962 4384 ἐξε-

322 4391 509 4463 λέξατο
572 4392 727 4458 ὄντας
808 4398 938 4473 ὑπὲρ
1016 4404 1186 4451 πᾶσαν
1238 4398 1502 4473 ἁμαρτίαν
1562 4400 1960 4476 ἀνομωτέρους·

313 4487 496 4551 Quam
512 4491 565 4541 et
587 4490 719 4542 ante
737 4488 1063 4560 Hieronymi
1081 4493 1340 4559 tempora
1357 4489 1413 4543 in
1430 4489 1631 4545 eadem
1650 4490 1961 4548 exstitisse,
1996 4494 2040 4558 D

312 4576 491 4631 verba
522 4574 623 4631 illa
652 4575 903 4646 Originis
933 4578 953 4611 ⁵
984 4577 1157 4633 ﬁdem
1190 4577 1447 4635 faciunt:
1481 4601 1506 4627 «
1541 4577 1845 4652 Γέγραπται
1902 4576 1958 4633 ’δὲ

315 4662 366 4717 ἐν
396 4667 464 4736 τῇ
496 4658 740 4737 Βαρνάϐα
771 4664 1048 4738 Καθολικῇ
1081 4664 1342 4738 ἐπιστολῇ
1372 4663 1512 4738 (ὅθεν
1547 4666 1574 4719 ὁ
1606 4664 1806 4728 Κέλσος
1858 4666 1955 4722 λα-

315 4747 423 4805 ϐὼν
477 4752 619 4829 τάχα
677 4753 842 4821 εἶπεν,
878 4754 1005 4808 εἶναι
1066 4753 1391 4831 ἐπιρρήτους
1418 4754 1507 4808 καὶ
1554 4755 1956 4828 πονηροτάτους

312 4840 439 4903 τοὺς
472 4841 856 4915 ἀποστόλους),
887 4841 967 4895 ὅτι
1020 4841 1290 4912 ἐξελέξατο
1343 4842 1467 4905 τοὺς
1512 4840 1677 4905 ἰδίους
1732 4844 1960 4899 ἀποστό-

316 4927 447 4991 λους
506 4932 716 5000 Ἰησοῦς
776 4927 929 4992 ὄντας
988 4932 1118 5007 ὑπὲρ
1174 4938 1342 4986 πᾶσαν
1399 4932 1623 5005 ἀνομίαν
1684 4932 1960 5006 ἀνομωτὲ-

319 5039 465 5094 ρους.
491 5042 519 5069 ››
553 5020 825 5092 Scriptum
855 5024 932 5076 est
960 5039 1091 5076 sane
1138 5023 1199 5076 in
1228 5023 1496 5077 Barnaba
1544 5022 1818 5078 Catholica
1847 5024 1959 5095 epi-

315 5110 465 5166 stola
493 5109 658 5180 (unde
696 5113 926 5181 fortasse
978 5110 1167 5165 Celsus
1218 5113 1550 5167 occasionem
1596 5114 1854 5183 arripuit,
1903 5116 1963 5167 ut

318 5198 585 5270 apostolos
615 5201 846 5270 infames
879 5207 929 5254 et
957 5201 1315 5271 nequissimos
1360 5199 1605 5271 diceret),
1655 5200 1793 5271 quod
1832 5215 1960 5271 apo-

2058 490 2375 559 iniquiores.
2408 490 2514 545 Ubi
2549 488 2896 546 Catholicam
2926 487 3075 543 hanc
3098 486 3349 561 appellat
3369 486 3701 559 epistolam,

2057 578 2208 647 quod
2259 578 2403 633 nulli
2453 578 2786 652 particulari
2833 578 2921 633 vel
2980 593 3257 649 persona,
3308 575 3394 632 vel
3445 575 3700 631 ecclesia

2058 666 2337 737 inscripta
2397 684 2464 723 ea
2518 673 2692 735 esset,
2750 668 2850 723 sed
2908 666 3371 721 Christianorum
3432 665 3705 734 fratrum,

2060 757 2389 828 ubicunque
2411 756 2766 829 degentium,
2792 756 2905 828 ipsi
2930 754 3314 811 universitati.
3346 757 3545 824 Neque
3571 770 3705 809 vero

2061 845 2388 911 mirabitur,
2450 845 2659 918 Ignatii
2709 844 2943 901 nomine
2987 844 3334 916 productum
3392 843 3573 897 fuisse
3632 842 3703 896 ab

2060 933 2427 1005 Hieronymo,
2448 935 2601 1005 quod
2625 940 2746 989 erat
2768 934 3040 988 Barnaba
3063 950 3076 999 ;
3102 932 3203 1003 qui
3230 932 3506 986 Barnabas
3527 931 3707 986 etiam

2062 1021 2231 1077 titulo
2263 1038 2295 1075 a
2322 1021 2615 1077 Clemente
2663 1019 3055 1076 Alexandrino
3101 1019 3407 1075 laudatum
3440 1018 3707 1073 animad-

2059 1111 2316 1177 verterit,
2359 1112 2511 1183 quod
2557 1112 2815 1167 Romano
2864 1108 3142 1164 Clementi
3192 1108 3381 1163 fuerat
3410 1106 3709 1163 ascriben-

2062 1200 2223 1255 dum.
2258 1200 2311 1255 Is
2342 1201 2498 1255 enim
2529 1201 2704 1255 citato
2736 1199 2857 1255 loco
2889 1198 3092 1270 psalmi
3136 1198 3379 1268 (Aperite
3406 1197 3548 1251 mihi
3570 1212 3710 1267 por-

2062 1297 2141 1344 tas
2177 1291 2434 1360 justitia,
2486 1293 2545 1344 in
2592 1292 2736 1361 ipsas
2765 1290 3039 1359 ingressus
3090 1286 3381 1357 conﬁtebor
3434 1286 3709 1347 Domino;

2062 1378 2180 1435 haec
2207 1384 2286 1433 est
2316 1386 2486 1449 porta.
2533 1380 2770 1445 Domini,
2808 1379 2952 1448 justi
2980 1376 3295 1431 transibunt
3342 1390 3441 1447 per
3484 1391 3612 1428 eam
3639 1375 3709 1445 ⁵),

2063 1468 2354 1540 propheta
2378 1468 2597 1523 dictum
2620 1468 2729 1522 hoc
2748 1485 2782 1523 a
2799 1466 3062 1522 Barnaba
3077 1466 3159 1521 sic
3182 1463 3509 1535 expositum
3527 1463 3711 1518 fuisse

2062 1557 2179 1612 ait:
2234 1553 2461 1610 Πολλῶν
2519 1553 2708 1610 πυλῶν
2768 1556 3092 1629 ἀνεῳγυιῶν,
3152 1555 3186 1621 ἡ
3247 1551 3344 1625 [ἐν]
3395 1548 3709 1622 δικαιοσύνῃ

2061 1645 2194 1713 αὕτη
2255 1644 2394 1699 ἐστὶν
2454 1648 2488 1714 ἡ
2537 1644 2587 1698 ἐν
2648 1648 2879 1719 Χριστῷ,
2932 1641 2981 1695 ἐν
3112 1640 3363 1716 μακάριοι
3412 1640 3603 1701 πάντες
3655 1639 3709 1691 οἱ

1982 1762 2027 1827 Β
2064 1729 2408 1796 εἰσελθόντες.
2471 1735 2605 1791 Cum
2654 1735 2844 1789 multa
2897 1737 3063 1803 porta
3118 1734 3227 1787 sint
3279 1740 3485 1802 aperta
3503 1748 3524 1791 ,'
3579 1744 3710 1801 qua?

2057 1833 2139 1880 est
2156 1826 2415 1896 justitia,
2464 1841 2527 1880 ea
2560 1827 2636 1880 est
2688 1826 2744 1878 in
2797 1823 3046 1878 Christo:
3085 1824 3144 1876 in
3192 1837 3359 1892 quam
3407 1820 3554 1874 beati
3579 1822 3713 1873 sunt

2058 1929 2241 1969 omnes
2270 1916 2367 1984 qui
2394 1923 2520 1968 sunt
2567 1914 2822 1983 ingressi.
2864 1911 3000 1975 Qua
3047 1910 3307 1981 quidem,
3354 1908 3412 1963 in
3441 1907 3712 1963 Barnaba

2060 2003 2275 2059 frustra
2318 2004 2579 2075 quaesita,
2640 2004 2696 2057 in
2760 2002 2951 2074 priore
2998 1999 3313 2056 Clementis
3362 1997 3622 2070 Epistola
3650 1998 3713 2065 (ιι

2059 2092 2399 2147 doctissimo
2423 2092 2666 2148 Patricio
2687 2090 2860 2146 Junio
2883 2107 2996 2145 non
3019 2089 3101 2144 ita
3124 2088 3348 2159 pridem
3378 2086 3552 2156 edita)
3574 2086 3715 2141 toti-

2060 2180 2189 2235 dem
2222 2181 2412 2236 verbis
2440 2196 2713 2253 expressa
2751 2178 3100 2235 invenimus.

2133 2292 2161 2319 ‹‹
2194 2273 2368 2324 Porro
2398 2270 2543 2325 duas
2574 2269 2748 2324 hasce
2769 2268 3138 2340 imperfectas
3158 2265 3453 2337 Polycarpi
3486 2271 3542 2319 et
3570 2269 3717 2319 Bar-

2063 2359 2227 2414 naba
2258 2359 2484 2414 Gracas
2514 2356 2806 2430 epistolas,
2842 2373 2911 2412 ex
2939 2357 3177 2411 Andrea
3210 2354 3427 2410 Schotti
3459 2369 3707 2425 apogra-

2062 2447 2177 2518 pho
2209 2464 2315 2502 sua
2341 2464 2517 2501 manu
2552 2445 2874 2518 descriptas
2905 2445 2992 2515 vir
3036 2442 3397 2499 clarissimus
3426 2442 3710 2497 Claudius

2062 2535 2403 2607 Salmasius,
2439 2552 2556 2591 una
2583 2552 2718 2590 cum
2759 2534 3001 2606 antiqua
3030 2532 3231 2588 Latina
3274 2532 3545 2587 Barnaba
3575 2546 3713 2585 ver-

2064 2626 2246 2691 sione,
2278 2642 2347 2681 ex
2386 2629 2577 2680 vetere
2624 2622 2989 2679 Corbeiensis
3036 2620 3400 2677 bibliotheca
3449 2620 3645 2675 codice
3675 2636 3716 2673 ε.

2063 2714 2287 2769 Joanne
2317 2712 2588 2769 Cordesio
2618 2712 2927 2783 exscripta,
2960 2712 3155 2767 Isaaco
3188 2710 3416 2779 Vossio,
3449 2708 3718 2764 celeber-

2066 2802 2199 2857 rimi
2231 2801 2387 2857 illius
2418 2801 2657 2858 Gerardi
2700 2800 2839 2868 filio,
2890 2816 3134 2856 summa
3164 2798 3289 2870 spei
3327 2797 3552 2868 juveni,
3582 2801 3717 2851 tra-

2067 2891 2252 2947 didit:
2287 2907 2465 2962 quam
2505 2907 2637 2946 cum
2686 2889 2881 2946 Graco
2929 2888 3206 2943 Barnaba
3252 2891 3410 2942 textu
3458 2886 3718 2956 conjun-

2068 2985 2244 3047 ctam,
2276 2980 2493 3035 additis
2522 2978 2695 3034 etiam
2726 2978 2968 3034 eruditis
3018 2976 3191 3041 notis,
3239 2976 3310 3030 ad
3360 2974 3585 3047 prelum
3617 2973 3725 3029 ille

2070 3069 2388 3142 apparavit.
2423 3068 2499 3124 Ut
2526 3068 2703 3140 igitur
2731 3066 2789 3121 in
2820 3066 3081 3139 Sylloges
3129 3064 3308 3136 hujus
3338 3063 3523 3131 initio,
3555 3062 3726 3117 Gra—

2070 3176 2202 3215 cum
2236 3156 2641 3229 Polycarpum,
2693 3155 3009 3227 posteriore
3040 3153 3131 3209 sui
3178 3157 3341 3225 parte
3377 3170 3446 3209 ex
3472 3152 3728 3223 antiqua.

2066 3247 2330 3303 versione
2362 3247 2563 3301 Latina
2591 3245 2945 3317 suppletum,
2993 3242 3367 3298 exhibuimus
3393 3258 3405 3297 :
3448 3242 3528 3296 ita
3553 3246 3612 3296 et
3641 3242 3723 3297 ad

2069 3337 2196 3407 ejus
2227 3336 2403 3390 ﬁnem
2434 3335 2780 3401 Barnabam,
2811 3332 3003 3404 priore
3046 3332 3138 3387 sui
3168 3334 3330 3403 parte
3372 3347 3439 3386 ex
3467 3329 3579 3385 alia
3609 3346 3719 3385 ve-

2070 3431 2189 3483 tere
2230 3423 2707 3496 interpretatione
2754 3421 3023 3478 similiter
3068 3420 3530 3493 redintegratum
3567 3420 3719 3487 (non

2070 3515 2196 3570 sine
2244 3512 2657 3568 humanissimi
2703 3511 2895 3567 Vossii
2942 3510 3251 3580 consensu)
3301 3512 3723 3581 reprasentare

2072 3604 2260 3659 visum
2292 3602 2421 3657 fuit.
2456 3602 2535 3655 Ex
2581 3601 2751 3673 cujus
2801 3599 3106 3671 utriusque
3154 3597 3459 3654 collatione
3504 3602 3721 3653 mutua

2071 3696 2158 3749 est
2186 3690 2633 3763 deprehensum,
2658 3705 2770 3745 non
2792 3688 2982 3744 solum
3012 3688 3261 3760 primam
3287 3685 3557 3759 Epistola
3583 3703 3726 3758 par-

2072 3787 2187 3838 tem
2220 3781 2278 3835 in
2305 3778 2618 3851 exemplari
2649 3779 2848 3833 Latino
2882 3778 3061 3833 fuisse
3081 3780 3500 3842 conservatam,
3533 3792 3721 3847 quam

2072 3870 2327 3926 defuisse
2354 3868 2608 3924 diximus
2638 3868 2699 3923 in
2739 3867 2933 3923 Graco
2960 3892 2973 3934 ;
3005 3866 3106 3922 sed
3133 3866 3309 3921 etiam
3358 3868 3718 3936 postremam

2070 3960 2193 4015 vice
2216 3975 2383 4014 versa
2415 3962 2696 4013 retentam
2740 3956 2920 4011 fuisse
2947 3955 3008 4010 in
3048 3954 3263 4021 Graco,
3293 3970 3425 4025 qua
3451 3954 3655 4009 aberat
3684 3971 3725 4009 α.

2073 4048 2298 4115 Latino,
2328 4053 2497 4117 atque
2518 4046 2577 4099 in
2599 4044 2957 4100 intermediis
2978 4048 3274 4115 praterea,
3300 4040 3580 4098 nonnulla
3610 4041 3720 4097 ha-

2074 4138 2208 4193 bere
2238 4137 2499 4192 Gracum
2531 4152 2663 4207 qua
2692 4135 2903 4190 desunt
2949 4133 3007 4187 in
3059 4132 3257 4187 Latino
3288 4132 3329 4198 7,
3361 4135 3419 4187 et
3448 4130 3721 4187 Latinum

2075 4242 2280 4281 rursus
2309 4241 2434 4296 qua
2459 4240 2571 4278 non
2606 4221 3054 4294 reperiunturin
3084 4221 3277 4276 Graeco
3305 4221 3510 4291 ;cujus
3541 4234 3725 4290 gene-

2075 4314 2157 4370 ris
2185 4331 2251 4370 ea
2280 4317 2437 4380 sunt,
2472 4330 2598 4384 qua
2630 4313 2687 4366 in
2736 4316 2983 4381 utroque
3013 4313 3282 4366 contextu
3324 4308 3493 4364 uncis
3528 4308 3723 4363 inclu-

2073 4403 2263 4459 denda
2291 4402 2642 4458 curavimus.

2147 4515 2175 4541 «
2206 4493 2286 4547 Ex
2314 4490 2542 4546 duobus
2572 4495 2765 4546 autem
2795 4489 3105 4562 pracipuis
3139 4486 3418 4543 membris
3447 4489 3565 4541 tota
3591 4484 3725 4541 hac

2067 4584 2296 4637 constat
2327 4579 2584 4651 Epistola
2611 4597 2622 4633 :
2658 4595 2785 4651 qua
2818 4579 2877 4634 in
2907 4581 3178 4634 contextu
3214 4577 3406 4632 Graeco
3431 4574 3540 4631 hac
3563 4573 3725 4632 inter

2067 4686 2129 4725 se
2159 4669 2506 4723 transitione
2554 4684 2809 4723 connexa
2855 4667 3141 4722 videmus.
3172 4666 3348 4719 Ταῦτα
3380 4662 3472 4735 μὲν
3516 4660 3721 4725 οὕτως.

2069 4749 2479 4827 Μεταλάϐωμεν
2556 4753 2613 4808 δὲ
2685 4753 2773 4808 καὶ
2831 4752 2917 4807 ἐπὶ
2989 4751 3167 4828 ἑτέραν
3227 4755 3426 4826 γνῶσιν
3484 4750 3571 4804 καὶ
3636 4748 3725 4804 δι-

2069 4841 2267 4919 δαχήν·
2330 4845 2429 4900 ubi
2488 4861 2591 4916 pro
2666 4836 3079 4915 μεταλάϐωμεν,
3139 4840 3239 4897 alii
3300 4832 3721 4912 μεταϐάλωμεν,

2069 4934 2352 4990 Patricius
2381 4934 2598 4990 Junius
2630 4936 2825 4988 noster
2865 4924 3183 5003 μεταϐῶμεν
3230 4928 3545 5001 legendum
3575 4944 3727 4984 con-

2068 5022 2211 5094 iicit.
2250 5024 2312 5077 In
2343 5021 2535 5094 priore
2551 5025 2746 5077 autem
2769 5024 2930 5092 parte
2947 5017 3236 5075 sententia
3254 5016 3375 5073 hac
3396 5016 3566 5090 longe
3586 5020 3729 5073 ante

2070 5115 2494 5183 praecesserat:
2546 5111 2731 5183 Ἔχεις
2779 5107 2868 5163 καὶ
2922 5106 2972 5161 ἐν
3018 5105 3198 5178 τούτῳ
3251 5105 3349 5173 τὴν
3411 5102 3564 5175 δόξαν
3623 5108 3728 5159 τοῦ

2072 5198 2275 5269 Ἰησοῦ,
2341 5197 2421 5253 ὅτι
2489 5196 2538 5251 ἐν
2586 5196 2731 5269 αὐτῷ
2788 5195 2979 5268 πάντα,
3039 5194 3129 5250 καὶ
3187 5192 3262 5249 εἷς
3322 5192 3502 5267 αὐτόν,
3546 5210 3730 5267 quam

392 5344 411 5377 ²
443 5343 891 5423 Baron.,_Notat.
925 5343 988 5397 in
1017 5344 1385 5414 Martyrolog.
1420 5342 1569 5425 (tom,
1602 5346 1840 5397 Januar.
1873 5342 1965 5397 26.
2046 5343 2065 5376 ³
2099 5341 2162 5425 P:
2186 5340 2429 5396 Halloix.
2462 5344 2645 5398 Natat.
2680 5343 2739 5395 in
2771 5341 2875 5396 Vit.
2899 5340 3215 5463 Polycarpi,
3246 5353 3371 5409 cap.
3403 5338 3491 5406 46,
3524 5338 3613 5395 l7.
3636 5337 3728 5393 48.

392 5414 601 5463 M81189.
664 5414 763 5463 lib.
798 5432 859 5463 ιι.
922 5429 1096 5463 serm.
1132 5414 1216 5463 49.
1294 5415 1314 5447 ⁵
1346 5414 1575 5463 Οιιιρθη.
1630 5417 1821 5463 contra
1853 5412 2089 5463 Celsum-
2122 5413 2224 5463 11b.
2259 5430 2297 5463 1-
2332 5430 2388 5463 1).
2421 5413 2511 5463 50.
2588 5413 2608 5446 ⁶
2640 5410 2788 5463 Psal.
2849 5427 3046 5463 CXVIII.
3099 5426 3133 5463 a
3163 5452 3175 5463 .
3229 5425 3400 5463 CXVII.
3432 5426 3481 5463 υ.
3516 5409 3605 5463 19.
3636 5410 3728 5463 20.

389 5414 601 5470 Meliss.
664 5414 763 5469 lib.
798 5432 859 5481 11,
905 5429 1096 5486 Aserm.
1132 5412 1246 5486 49._
1294 5412 1575 5486 5'Origen.
1630 5417 1828 5486 contra,
1853 5412 2089 5486 Celsum,
2122 5413 2224 5467 lib.
2259 5430 2298 5481 1,

2332 5430 2388 5483 p.
2421 5413 2511 5468 50.
2588 5413 2608 5446 ⁶
2640 5410 2788 5468 Psal.
2837 5409 3046 5483 Δ(ιιιγιιι,
3099 5409 3205 5483 al._
3229 5425 3400 5479 cxvn,
3432 5426 3481 5483 v_.
3516 5409 3605 5477 19,
3636 5410 3732 5483 ξο.

391 5486 548 5559 Inter
603 5503 728 5558 qua
788 5476 855 5540 et
900 5484 1068 5551 illud,
1130 5502 1163 5540 a
1220 5476 1515 5541 Clemente
1581 5483 1887 5541 Alexandr.
1948 5502 1954 5515 ε

2068 5476 2302 5540 Ξενοηιαίξ
2333 5476 2349 5483 ’
2382 5484 2666 5540 citatum:
2728 5476 3127 5559 Ἀπλούστερον
3185 5480 3311 5551 ὑμῖν
3372 5476 3584 5557 Ῠράφω,
3640 5476 3737 5533 ἵνα

318 5576 409 5611 συν
421 5554 556 5645 εἴτε.
