4094 6202
350 301 477 373 669,

1749 298 2355 364 PROLEGOMENA.

3627 296 3753 360 670

350 440 519 494 vetus
553 434 796 492 Latinus
828 435 1113 509 interpres
1143 452 1248 493 suo
1275 434 1398 491 loco
1430 439 1646 491 motam
1673 434 1787 491 huc
1806 441 1991 491 trans-

2116 431 2311 487 τούτων
2391 430 2758 499 ἐπιϐούλους.
2818 434 3066 512 Ἀγάπης
3140 432 3295 491 τέκνα
3372 430 3459 489 καὶ
3525 432 3749 509 εἰρήνης

347 525 514 596 tulit,
547 526 728 582 totius
756 526 1022 597 Epistolas
1071 525 1365 599 epilogum
1416 526 1573 581 hunc
1621 526 1761 582 satis
1799 526 1993 581 incon-

346 615 588 670 cinnum
620 618 903 671 statuens.
934 616 1060 672 Haec
1087 624 1271 672 autem
1296 615 1374 671 sic
1400 620 1548 671 sunt.
1601 616 1819 671 Habetis
1850 618 1991 671 inte-

346 706 456 759 rim
486 704 551 759 de
573 705 864 775 majestate
914 703 1137 773 Christi,
1188 706 1448 775 quomodo
1485 706 1671 760 omnia
1716 706 1776 758 in
1808 705 1989 771 illum,

350 796 405 849 et
434 809 537 864 per
559 794 719 848 illum
747 796 895 863 facta
922 802 1067 849 sunt.
1103 793 1203 848 Cui
1230 796 1303 849 sit
1356 795 1545 860 honor,
1578 795 1771 864 virtus,
1793 794 1992 862 gloria,

348 899 498 939 nunc
546 891 598 937 et
645 885 707 937 in
754 884 957 939 saecula
1002 884 1349 940 saeculorum.
1408 883 1669 938 Secunda
1726 882 1993 954 Epistolas

349 975 513 1044 parte
547 970 780 1043 penitus
823 971 1247 1042 praetermissa:
1300 988 1475 1043 quam
1526 971 1761 1037 idcirco,
1797 969 1994 1026 Latina

352 1059 738 1116 eruditissimi
795 1060 1029 1115 Gerardi
1089 1060 1407 1132 Langbaini
1450 1059 1731 1124 versione,
1774 1060 1833 1113 in
1884 1058 1992 1116 hac

352 1148 609 1206 editione
636 1148 1107 1221 locupletandam
1141 1148 1495 1203 curavimus.

419 1262 448 1289 ‹‹
480 1238 568 1293 Ab
598 1239 705 1294 hac
735 1255 868 1295 vero
899 1239 1135 1295 duarum
1162 1240 1383 1293 viarum
1437 1237 1810 1293 distinctione
1858 1254 1993 1309 pars

352 1328 464 1384 ista
519 1327 680 1383 dUCit
736 1328 1077 1383 exordium:
1110 1323 1255 1380 Ὀδοὶ
1310 1322 1403 1380 ’δύο
1462 1325 1560 1379 εἶσὶ
1621 1322 1853 1399 διδαχῆς
1904 1326 1993 1379 καὶ

348 1414 609 1486 ἐξουσίας·
717 1436 776 1469 τε
820 1420 917 1470 τοῦ
967 1416 1162 1492 φωτὸς,
1213 1415 1300 1469 καὶ
1344 1418 1379 1484 ἡ
1429 1420 1526 1469 τοῦ
1574 1412 1817 1476 σκότους.
1870 1422 1992 1469 Δια-

347 1506 486 1582 φορά
517 1502 574 1559 δὲ
604 1502 789 1572 πολλή
822 1508 928 1558 τῶν
964 1501 1057 1558 δύο
1087 1501 1247 1558 ὁδῶν·
1274 1504 1353 1581 ἐφ’
1382 1508 1449 1572 ἧς
1476 1505 1569 1576 μὲν
1590 1504 1692 1580 γάρ
1727 1504 1826 1557 εἰσι
1854 1524 1998 1558 τετα-

342 1593 531 1667 γμένοι
562 1592 889 1669 φωταγωγοὶ
923 1590 1146 1667 ἄγγελοι
1197 1597 1294 1645 τοῦ
1344 1597 1496 1663 Θεοῦ,
1532 1591 1611 1669 ἐφ’
1640 1595 1708 1661 ἧς
1753 1590 1810 1646 δὲ
1839 1593 1995 1667 ἄγγε-

346 1680 434 1736 λοι
464 1686 562 1735 τοῦ
588 1686 819 1736 Σατανᾶ.
850 1683 936 1737 Ad
965 1698 1091 1754 quae
1120 1683 1298 1737 verba
1329 1684 1658 1753 respexisse
1689 1683 1997 1755 Origenem

2101 529 2410 597 γνωστικῶς
2468 526 2888 602 προσηγόρευσε.
2970 528 3077 584 Ubi
3151 530 3447 599 postrema
3503 524 3625 592 illa,
3686 541 3754 580 ex

2102 614 2376 670 Barnabm
2412 618 2591 671 nostri
2625 620 2916 686 contextu,
2950 616 3030 673 ita
3052 621 3191 671 sunt
3216 616 3575 672 restituenda
3600 632 3613 670 :
3637 614 3751 668 Ἵνα

2102 704 2309 771 σωθῆτε
2384 703 2433 757 ἐν
2512 706 2694 779 ἡμέρᾳ
2762 705 2987 776 κρίσεως
3038 750 3048 761 .
3132 703 3342 758 Τούτων
3418 698 3745 763 ἐπιϐούλους

2103 793 2209 863 (vel
2269 787 2583 861 ἐπιϐύλους,
2642 800 2707 850 ut
2761 796 3032 850 emendat
3087 794 3476 866 Sylburgius,)
3526 792 3742 866 ἀγάπης

2099 880 2255 934 τέκνα
2312 882 2399 935 καὶ
2460 883 2681 958 εἰρήνης
2734 887 3043 957 γνωστικῶς
3102 882 3525 957 προσηγόρευσε,
3583 882 3736 940 idem

2101 988 2185 1026 se.
2210 972 2536 1039 Barnabas;
2562 974 2669 1028 sub
2697 972 2883 1045 ipsius
2905 972 3177 1044 Epistolm
3200 972 3544 1040 clausulam,
3570 970 3741 1043 paulo

2102 1066 2254 1131 post,
2290 1077 2388 1116 eos
2419 1062 2489 1116 ad
2546 1078 2693 1132 quos
2743 1062 2964 1129 scribit,
3023 1062 3103 1117 ita
3158 1061 3458 1117 salutans:
3493 1060 3744 1127 σώζεσθε,

2104 1148 2319 1221 ἀγάπης
2352 1150 2508 1203 τὲκνα
2539 1150 2627 1203 καὶ
2662 1150 2902 1223 εἰρήνης.
2939 1151 3011 1207 Ut
3038 1156 3166 1206 tum
3197 1168 3264 1206 ex
3295 1150 3600 1221 principio,
3623 1154 3746 1204 tum

2101 1255 2170 1294 ex
2231 1240 2342 1295 line
2419 1240 2724 1297 manifeste
2798 1241 3226 1313 deprehensum
3297 1244 3592 1313 appareat,
3651 1255 3748 1310 po~

2102 1328 2317 1384 sterius
2347 1330 2680 1385 membrum
2697 1330 2805 1385 hoc
2826 1332 3146 1403 (utcunque
3163 1347 3196 1385 a
3213 1329 3418 1385 Latino
3435 1328 3747 1399 interprete

2104 1418 2336 1474 silentio
2368 1421 2867 1491 praetermissum),
2914 1421 3179 1491 ejusdem
3230 1417 3486 1491 corporis
3518 1421 3744 1489 partem

2104 1524 2253 1571 esse.
2284 1509 2453 1580 cujus
2484 1512 2541 1564 et
2573 1508 2851 1580 primum.

2176 1620 2203 1645 ‹‹
2236 1597 2319 1650 Ad
2353 1597 2532 1653 totius
2561 1614 2694 1653 vero
2719 1598 2992 1670 Epistolas
3014 1601 3308 1653 auctorem
3349 1602 3405 1652 et
3435 1595 3751 1652 auctorita-

2106 1688 2221 1739 tem
2246 1687 2401 1757 quod
2432 1687 2655 1753 attinet,
2682 1687 2835 1742 idem
2860 1687 2958 1743 ille
2976 1687 3239 1743 Clemens
3264 1690 3353 1755 (ut
3374 1687 3445 1741 de
3466 1685 3754 1757 discipulo

354 1788 466 1828 non
500 1776 590 1827 est
622 1771 889 1839 dubium,
941 1771 1001 1826 in
1032 1771 1179 1827 libro
1230 1789 1291 1826 ιιι
1343 1770 1471 1846 Περὶ
1517 1770 1727 1845 ἀρχῶν,
1780 1788 1906 1843 cap.
1940 1774 1996 1840 2,
2032 1810 2079 1874 B
2106 1775 2294 1848 ipsius
2317 1774 2561 1846 Origene
2593 1774 2737 1828 nihil
2761 1774 2975 1845 dicam)
2996 1780 3052 1829 et
3081 1774 3335 1830 auctoris
3366 1774 3664 1839 Barnabas,
3696 1776 3755 1828 et

362 1861 441 1915 ita
472 1860 827 1916 scribentem
852 1877 865 1915 :
898 1860 1096 1916 Eadem
1118 1876 1326 1933 quoque
1353 1861 1636 1915 Barnabas
1664 1863 1724 1916 in
1763 1861 2004 1932 Epistola
2034 1860 2079 1874 ν
2110 1863 2475 1921 auctoritatis
2502 1862 2854 1934 apostolicae,
2881 1880 3008 1919 eam
3037 1864 3217 1919 fuisse
3232 1862 3493 1918 credidit.
3521 1862 3581 1917 1n
3604 1861 3752 1917 libro

355 1966 456 2005 sua
485 1949 751 2017 declarat,
778 1966 900 2005 cum
927 1950 1065 2005 duas
1110 1952 1227 2004 vias
1282 1966 1394 2005 esse
1437 1950 1591 2021 dicit,
1642 1967 1810 2005 unam
1843 1952 1999 2018 lucis,

361 2039 595 2094 alteram
626 2039 973 2094 tenebran
996 2057 1015 2094 :
1047 2041 1241 2111 quibus
1269 2044 1320 2095 el
1366 2056 1597 2111 praesse
1650 2044 1818 2095 certos
1847 2056 2002 2111 quos-

349 2144 452 2200 que
479 2129 704 2199 angelos
733 2128 909 2184 dicit:
937 2131 1047 2185 viae
1089 2129 1309 2202 quidem
1369 2130 1525 2195 lucis,
1572 2130 1795 2200 angelos
1844 2130 2001 2195 lucis,

346 2218 704 2274 tenebrarum
732 2221 921 2273 autem
970 2220 1079 2275 viae
1134 2220 1352 2287 angelos
1382 2219 1628 2275 Satanae.
1689 2218 1807 2274 Etsi
1847 2218 2003 2273 enim

349 2306 408 2362 in
471 2308 669 2379 priore
723 2322 960 2378 quoque
1019 2306 1287 2378 Epistolas
1344 2312 1507 2379 parte
1564 2307 1671 2379 (uti
1730 2306 1902 2363 etiam
1946 2306 2005 2361 in

351 2395 994 2469 pseudo-Clementinis
1015 2396 1554 2451 Constitutionibus
1571 2398 1612 2467 ⁸,
1639 2412 1885 2468 quarum
1910 2413 2007 2451 au-

357 2489 601 2551 ctorem,
636 2490 700 2539 ut
729 2502 796 2540 ex
829 2486 1087 2540 Romano
1135 2484 1447 2553 Clemente,
1495 2485 1740 2557 lgnatio,
1791 2488 1847 2541 et
1875 2483 2006 2539 aliis

360 2573 496 2642 alia,
532 2574 615 2629 ita
643 2590 769 2645 quae
802 2575 871 2629 de
901 2574 1134 2630 duabus
1165 2575 1289 2629 vitae
1322 2574 1643 2645 mortisque
1673 2573 1780 2628 viis
1819 2573 2008 2629 fusius

359 2666 619 2729 enarrat,
651 2678 718 2718 ex
738 2662 847 2718 hac
877 2662 1005 2734 ipsa
1021 2663 1294 2717 Barnabas
1324 2662 1569 2733 epistola
1588 2661 2007 2728 intervertisse,

356 2751 443 2806 vel
475 2750 667 2823 prima
696 2750 843 2807 facie
890 2750 1104 2823 legenti
1162 2749 1471 2822 constabit)
1528 2751 1765 2806 duarum
1795 2752 2011 2807 viarum

355 2840 507 2895 facta
538 2841 614 2894 sit
649 2840 891 2906 mentio,
924 2840 1033 2895 hoc
1062 2844 1262 2895 tamen
1293 2844 1524 2895 tantum
1555 2840 1613 2895 in
1641 2839 1787 2911 loco,
1831 2857 2009 2913 ange-

362 2930 547 2986 lorum
581 2927 730 2985 lucis
759 2932 815 2984 et
844 2929 1095 2995 Satanae,
1122 2928 1331 2984 iisdem
1360 2930 1783 3001 praefectorum,
1813 2947 2011 2985 occur-

358 3019 432 3073 rit
464 3017 960 3074 commemoratio.
992 3018 1153 3074 Adde
1187 3019 1342 3090 quod
1368 3022 1424 3074 et
1444 3019 1671 3074 Satanae
1686 3018 1880 3091 ipsum
1904 3035 2006 3074 no-

358 3123 491 3163 men
523 3107 597 3162 ab
627 3107 1000 3179 Hieronymo,
1058 3106 1116 3161 in
1174 3107 1287 3162 ﬁne
1350 3105 1532 3162 libelli
1590 3109 1663 3163 De
1692 3108 2010 3164 nominibus

358 3197 665 3263 Hebraicis,
699 3176 866 3251 interi
908 3211 977 3251 ea
1034 3200 1385 3265 recensetur,
1446 3212 1576 3268 quae
1633 3213 1701 3251 ex
1754 3176 2081 3267 EpistolaC

365 3286 644 3341 Barnabas
674 3288 814 3340 sunt
845 3284 1082 3352 selecta,
1116 3301 1219 3340 nec
1249 3285 1308 3339 in
1356 3284 1549 3357 priore
1604 3289 1797 3340 tamen
1830 3284 2008 3356 hujus

360 3373 640 3446 Epistolas
672 3377 835 3446 parte
865 3373 1095 3445 uspiam
1121 3378 1328 3440 exstat,
1351 3373 1409 3428 in
1432 3390 1549 3444 qua
1570 3372 1793 3444 reliqua
1813 3373 2011 3429 omnia

360 3469 505 3520 sunt
559 3468 826 3536 reperta:
884 3463 935 3519 si
992 3463 1165 3519 modo
1220 3464 1367 3518 Nave
1415 3463 1553 3535 (quo
1585 3462 1818 3519 nomine
1846 3462 2007 3528 Jesu,

358 3553 482 3610 sive
510 3552 689 3609 Josue
746 3556 968 3625 patrem
1029 3551 1206 3608 Grazci
1267 3551 1600 3625 indigitant)
1658 3568 1760 3623 pro
1790 3552 2009 3608 Nahum

357 3642 693 3714 reposueris
719 3659 733 3709 ;
767 3656 941 3713 quem
973 3640 1193 3695 librarii
1226 3639 1551 3695 temeritate
1581 3639 1675 3694 hic
1706 3641 1888 3695 fuisse
1918 3640 2007 3695 in-

357 3731 602 3798 fultum,
630 3732 906 3801 germinis
936 3729 1214 3798 adjuncta
1238 3728 1638 3800 interpretatio
1671 3728 1811 3785 satis
1852 3729 2008 3784 evin-

353 3820 461 3877 cit.
496 3822 639 3876 Cum
673 3819 902 3875 Nahum
938 3817 1014 3872 sit
1041 3818 1360 3885 consolator,
1411 3817 1564 3872 Nave
1620 3835 1771 3888 vero,
1805 3836 2007 3885 semen,

350 3926 607 3983 germen,
638 3908 723 3964 vel
752 3906 1137 3979 pulchritudo:
1191 3908 1273 3962 uti
1322 3909 1448 3978 jam
1500 3907 1661 3978 prius
1715 3908 1773 3962 in
1806 3908 2007 3963 eodem

352 4000 509 4055 libro
542 4000 889 4070 exposuerat
920 3997 1047 4068 ipse
1075 3996 1468 4068 Hieronymus
1490 3997 1529 4050 ⁸.

440 4111 461 4138 ι
527 4087 869 4159 Longiorem
928 4101 1161 4158 quoque
1216 4085 1370 4140 hanc
1427 4086 1607 4141 fuisse
1666 4084 2008 4156 Epistolam,

357 4173 860 4250 Στιχομετρίαὶιιθ.
880 4175 1023 4229 satis
1068 4173 1306 4243 indicat,
1358 4190 1533 4244 quam
1582 4173 1800 4229 Latinis
1850 4175 2008 4245 (nam

363 4265 565 4321 Graeca
589 4263 762 4319 editio
794 4262 889 4317 hic
918 4267 1006 4318 est
1038 4262 1267 4333 mutila)
1301 4278 1369 4317 ex
1425 4262 1728 4335 Nicephori
1761 4264 2013 4334 patriar-

364 4354 490 4411 cha
548 4350 1175 4423 Constantinopolitani
1234 4350 1709 4419 ChronOgraphia,
1769 4352 2011 4406 tradidit

360 4441 733 4509 Anastasius,
766 4440 1039 4497 Romanae
1095 4438 1364 4495 Ecclesiae
1412 4439 1911 4495 bibliothecarius.
1941 4442 2007 4495 In

2115 1954 2269 2009 enim
2288 1954 2386 2009 illo
2410 1971 2445 2008 ιι
2479 1955 2828 2024 Stromatum,
2862 1952 2975 2009 alia
2998 1957 3196 2025 postea
3225 1951 3560 2007 testimonia
3589 1968 3655 2006 ex
3686 1967 3755 2006 ea

2112 2043 2459 2114 producens,
2492 2044 2601 2100 hac
2649 2044 2835 2098 utitur
2892 2042 3261 2114 praefatione:
3294 2041 3476 2100 Ὅπως
3510 2035 3555 2092 δ’
3587 2040 3751 2109 ἡμεῖς

2109 2135 2205 2183 τοῦ
2265 2126 2523 2185 διαϐόλου
2570 2132 2664 2193 τὰς
2734 2130 2998 2206 ἐνεργείας
3076 2130 3163 2183 καὶ
3220 2131 3285 2183 τὰ
3356 2127 3633 2199 πνεύματα
3686 2129 3753 2180 τὰ

2114 2219 2379 2292 ἀκάθαρτα
2428 2220 2503 2281 εἰς
2545 2222 2641 2288 τήν
2690 2225 2786 2274 τοῦ
2837 2217 3166 2294 ἀμαρτωλοῦ
3206 2221 3387 2292 ψυχὴν
3430 2215 3756 2291 ἐπισπείρειν

2115 2309 2309 2385 φαμὲν,
2345 2306 2405 2363 οὔ
2442 2330 2532 2381 μοι
2556 2307 2638 2364 δεῖ
2658 2309 2922 2364 πλειόνων
2944 2307 3149 2382 λόγων,
3171 2305 3524 2380 παραθεμένῳ
3549 2304 3748 2381 μάρτυν

2112 2398 2204 2452 τὸν
2235 2396 2594 2453 ἀποστολικὸν
2623 2392 2896 2473 Βαρνάϐαν
2931 2398 2981 2470 (ὁ
3012 2394 3067 2450 δὲ
3096 2400 3201 2450 τῶν
3232 2390 3607 2467 ἑϐδομήκοντα
3661 2395 3752 2461 ἦν,

2115 2487 2205 2541 καὶ
2264 2488 2518 2561 συνεργὸς
2576 2491 2672 2541 τοῦ
2746 2484 2986 2558 Ηαύλου)
3058 2484 3193 2538 κατὰ
3264 2482 3404 2553 λέξιν
3467 2479 3573 2536 ὧδὲ
3638 2503 3756 2542 πως

2119 2576 2362 2652 λέγοντα.
2419 2577 2687 2646 Quomodo
2742 2586 2927 2632 autem
2987 2591 3087 2631 nos
3136 2575 3343 2630 diaboli
3397 2576 3755 2645 operationes,

2116 2675 2166 2722 et
2196 2669 2426 2738 spiritus
2456 2666 2765 2721 immundos
2796 2667 2857 2720 in
2884 2665 3180 2735 peccatoris
3210 2665 3455 2718 animam
3486 2663 3757 2717 seminare

2117 2755 2382 2825 dicamus,
2416 2771 2526 2810 non
2562 2755 2703 2810 mihi
2753 2753 3012 2825 pluribus
3068 2752 3245 2806 verbis
3285 2768 3415 2822 opus
3444 2756 3547 2818 est,
3578 2752 3629 2805 si
3656 2749 3758 2805 ad-

2118 2844 2323 2899 duxero
2355 2852 2539 2899 testem
2564 2843 2876 2899 Barnabam
2904 2842 3264 2915 apostolicum
3312 2842 3454 2913 (erat
3499 2847 3688 2895 autem
3712 2841 3759 2892 is

2117 2949 2188 2989 ex
2223 2933 2604 3005 Septuaginta,
2651 2937 2704 2988 et
2750 2933 2923 2987 Pauli
2966 2931 3188 3001 adjutor
3238 2930 3301 2999 1ο)
3348 2930 3435 2984 his
3480 2928 3656 2984 verbis
3685 2929 3764 2983 sic

2115 3021 2401 3077 dicentem.
2453 3021 2521 3076 Et
2566 3021 2623 3075 in
2678 3038 2748 3076 v:
2804 3014 3101 3094 Βαρνάϐας,
3153 3019 3180 3072 ὁ
3229 3017 3318 3071 καὶ
3364 3016 3521 3077 αὐτὸς
3568 3036 3763 3090 συγκη-

2120 3108 2274 3183 ρόξας
2329 3114 2407 3180 τῷ
2454 3105 2768 3179 Ἀποστόλῳ
2814 3108 2949 3162 κατά
2995 3109 3091 3175 τὴν
3143 3103 3410 3160 διακονίαν
3454 3109 3559 3158 τῶν
3595 3102 3758 3168 ἐθνῶν

2116 3198 2208 3251 τὸν
2261 3195 2444 3271 λόγον.
2507 3200 2817 3268 Barnabas,
2851 3200 2947 3269 qui
2974 3200 3090 3264 ipse
3139 3212 3344 3269 quoque
3398 3197 3458 3250 in
3508 3197 3762 3268 gentium

2118 3290 2424 3344 ministerio
2450 3288 2769 3359 pradicavit
2785 3288 3005 3342 verbum
3019 3303 3131 3341 una
3150 3303 3274 3341 cum
3294 3285 3539 3356 apostolo
3556 3285 3754 3340 Paulo.

2116 3376 2312 3448 Neque
2344 3377 2635 3449 apostolici
2663 3375 2876 3441 solum,
2910 3377 3009 3432 sed
3044 3375 3218 3431 etiam
3240 3374 3471 3446 apostoli
3491 3373 3760 3429 Barnabas

2119 3467 2374 3534 nomine,
2410 3466 2470 3522 in
2505 3484 2547 3522 11
2579 3466 2921 3522 Stromatum
2951 3464 3121 3531 libro,
3153 3463 3417 3519 eamdem
3451 3461 3757 3534 epistolam

2117 3554 2359 3611 laudat:
2392 3555 2796 3626 ejusdemque,
2830 3571 2943 3609 non
2975 3552 3173 3607 minus
3199 3568 3371 3623 quam
3398 3549 3759 3621 reliquarum

2117 3644 2544 3715 Scripturarum
2577 3642 3012 3712 canonicarum,
3046 3642 3103 3695 in
3135 3640 3302 3695 libris
3351 3641 3763 3711 llypotyposeon

2119 3736 2443 3787 contractas
2474 3731 2883 3802 explicationes
2915 3729 3258 3785 exhibuit“.

2192 3844 2219 3869 «
2248 3821 2530 3875 Barnabas
2579 3821 2834 3891 Cyprius,
2893 3821 2990 3890 qui
3044 3827 3097 3873 ct
3142 3816 3339 3882 Joscph
3378 3816 3603 3884 Levites,
3635 3832 3760 3870 cum

2120 3912 2292 3967 Paulo
2320 3912 2569 3980 gentium
2598 3910 2864 3979 apostolus
2888 3908 3189 3973 ordinatus,
3247 3922 3419 3961 unam
3465 3906 3538 3959 ad
3579 3905 3757 3973 aedifi-

2117 4002 2382 4054 cationem
2437 3998 2687 4054 Ecclesiae
2758 3998 3116 4067 pertinentem
3179 3994 3489 4066 Epistolam
3545 4010 3757 4064 compo-

2116 4091 2244 4158 suit,
2274 4103 2398 4159 quc'e
2426 4089 2570 4143 inter
2597 4086 2935 4158 apocryphas
2985 4087 3283 4157 scripturas
3330 4085 3552 4153 legitur,
3586 4082 3667 4137 ait
3697 4082 3755 4136 in

2118 4178 2619 4232 Ecclesiasticorum
2689 4178 3011 4247 scriptorum
3090 4174 3341 4242 Catalogo
3423 4173 3485 4227 Β.
3560 4171 3759 4229 Hiero-

2118 4282 2347 4338 nymus,
2381 4269 2437 4320 et
2467 4265 2614 4320 libro
2666 4282 2769 4319 x111
2819 4264 3349 4319 Commentariorum
3400 4263 3463 4316 in
3491 4261 3759 4327 Ezechiel,

2118 4371 2244 4425 cap.
2280 4355 2367 4409 43.
2408 4355 2648 4409 Vitulum
2680 4353 2887 4425 inquit,
2954 4355 3050 4425 qui
3100 4368 3198 4424 pro
3254 4351 3409 4407 nobis
3448 4351 3762 4405 immolatus

2116 4452 2214 4511 est,
2246 4452 2297 4498 et
2340 4444 2515 4498 multa
2568 4443 2974 4514 Scripturarum
3014 4443 3151 4510 loca,
3206 4446 3257 4496 et
3299 4442 3579 4512 prazcipue
3618 4442 3759 4494 Bar-

363 4549 505 4605 qua,
536 4536 603 4586 ut
633 4534 853 4603 septem
884 4528 1187 4585 Catholicae
1245 4533 1392 4601 (quae
1449 4530 1749 4601 vocantur)
1785 4529 2008 4597 Jacobi,
2043 4544 2089 4609 Β
2118 4533 2279 4589 nabaz
2308 4533 2604 4604 Episitola,
2638 4547 2762 4603 qua:
2790 4531 3021 4587 habetur
3052 4532 3195 4585 inter
3252 4530 3561 4600 Scripturas
3616 4543 3756 4600 apo-

362 4620 541 4688 Petri,
569 4619 816 4675 Joannis
844 4622 901 4674 et
928 4619 1093 4674 Judm
1124 4616 1418 4689 Epistolis,
1451 4617 1587 4673 1300
1615 4618 1900 4685 versibus,
1931 4620 2012 4674 ita

360 4713 424 4765 et
450 4708 571 4764 haec
602 4707 900 4774 Barnabas,
943 4707 1083 4761 4306
1114 4705 1537 4778 comprehensa
1566 4706 1746 4762 fuisse
1775 4706 2006 4763 dicitur.

358 4799 427 4854 In
458 4797 776 4868 posteriore
808 4794 1061 4867 denique
1111 4795 1382 4868 Epistolas
1432 4801 1595 4867 parte
1646 4801 1873 4867 reperta
1901 4796 2015 4852 ista

356 4892 523 4958 sunt,
558 4903 593 4941 a
636 4884 931 4942 Clemente
978 4883 1387 4955 Alexandrino,
1457 4883 1516 4939 in
1576 4883 1724 4940 libro
1776 4902 1817 4939 ιι
1856 4890 2011 4941 Stro-

356 4979 591 5045 matum,
622 4991 692 5030 ex
738 4974 1002 5030 Barnaba
1049 4974 1257 5029 citata:
1291 4972 1346 5025 'O
1399 4968 1455 5025 δὲ
1502 4971 1629 5032 Θεὸς
1677 4973 1704 5025 ὁ
1733 4978 1829 5026 τοῦ
1877 4994 2009 5027 παν-

357 5064 450 5125 τὸς
481 5062 689 5135 κόσμου
730 5061 1013 5137 κυριεύων,
1048 5057 1162 5133 δῴη
1194 5060 1282 5114 καὶ
1329 5060 1454 5133 ὑμῖν
1511 5060 1698 5137 σοφίαν
1744 5061 1832 5114 καὶ
1862 5061 2010 5116 σύνε-

364 5174 470 5224 σιν,
506 5151 833 5225 ἐπιστήμην,
863 5154 1057 5225 γνῶσιν
1090 5154 1195 5203 τῶν
1237 5146 1617 5221 δικαιωμάτων
1662 5150 1845 5221 αὑτοῦ,
1882 5151 2012 5205 ὑπο-

371 5244 561 5315 μονήν.
595 5241 808 5303 Γίνεσθε
837 5237 928 5294 οὖν
960 5236 1320 5309 θεοδίδακτοι,
1350 5237 1698 5309 ἐκζητοῦντες
1727 5237 1780 5293 τί
1815 5244 1966 5311 ζητεῖ
1986 5242 2014 5294 ὁ

368 5332 569 5408 Κύριος
598 5331 687 5407 ἀφ’
719 5330 893 5401 ὑμῶν.
936 5330 1054 5384 Ἵνα
1102 5328 1293 5405 εὕρητε
1323 5327 1374 5382 ἐν
1403 5327 1584 5405 ἡμέρᾳ
1628 5328 1854 5402 κρίσεως
1891 5331 2015 5392 τοὺς

2118 4621 2372 4693 cryphas,
2403 4622 2671 4676 nominat.
2706 4620 2909 4675 Utrum
2940 4635 3071 4674 vero
3097 4635 3171 4687 px
3199 4618 3431 4690 propria
3462 4620 3656 4671 mente
3685 4616 3756 4671 ab

2120 4712 2358 4781 apostolo
2387 4708 2458 4764 ad
2485 4709 2905 4779 aediﬁcationem
2937 4709 3193 4764 Ecclesiae
3218 4708 3567 4777 compositam
3605 4705 3757 4759 hanc

2121 4799 2303 4855 fuisse
2360 4797 2678 4870 Epistolam
2738 4797 2833 4853 ille
2888 4797 3116 4864 dixerit,
3166 4813 3235 4851 ex
3279 4796 3527 4850 aliorum
3563 4799 3758 4849 autem

2122 4905 2299 4944 sensu
2333 4887 2393 4942 in
2425 4887 2888 4959 apocryphorum
2920 4885 3166 4941 classem
3197 4883 3524 4956 conjecerit,
3563 4882 3761 4955 exqui-

2122 4981 2253 5031 rant
2283 4975 2375 5031 alii
2406 4993 2419 5031 :
2439 4976 2498 5031 in
2520 4992 2647 5031 eam
2666 4980 2819 5031 certe
2836 4975 3183 5030 sententiam
3201 4973 3578 5046 propendisse
3600 4973 3765 5029 illum

2123 5065 2463 5137 aliquando,
2495 5080 2563 5119 ex
2594 5066 2893 5119 Nominum
2914 5064 3301 5118 Hebraicorum
3332 5061 3528 5117 libello
3575 5060 3767 5133 colligi

2123 5171 2294 5227 posse
2323 5155 2624 5221 videatur;
2660 5153 2716 5207 in
2749 5168 2883 5224 quo,
2920 5169 3051 5207 cum
3083 5151 3322 5224 reliquis
3370 5151 3512 5207 Novi
3561 5151 3762 5205 Testa-

2124 5244 2302 5300 menti
2333 5241 2668 5315 Scripturis,
2701 5242 2873 5297 etiam
2909 5242 3181 5297 Barnabas
3239 5241 3411 5295 istam
3442 5237 3761 5312 Epistolam

2124 5335 2492 5404 conjunctam
2526 5332 2598 5386 ab
2629 5347 2693 5386 eo
2727 5331 2907 5386 fuisse
2937 5332 3253 5385 cernimus.

442 5449 784 5521 §Constitut.
872 5446 1148 5521 apostolic.
1204 5445 1473 5521 _lib_.q_vu,
1524 5462 1650 5517 cap.
1702 5446 1753 5516 l,
1793 5450 1847 5514 2,
1900 5451 1955 5502 et
1998 5448 2288 5521 deinceps.
2319 5450 2340 5482 θ
2385 5447 2728 5521 Hieron,_De
2802 5448 3067 5521 nominib.
3119 5446 3385 5521 chraic.,
3436 5444 3495 5521 in
3544 5443 3759 5498 Exodo.

375 5522 417 5556 1°
449 5520 603 5575 Idem
631 5518 809 5575 etiam
870 5516 1124 5573 afﬁrmat
1200 5516 1260 5572 in
1289 5517 1438 5573 libro
1522 5516 1609 5573 vri
1632 5522 1684 5574 Η
1720 5523 2004 5589 potyposeo

380 5591 536 5645 μένας
568 5588 858 5645 πεποίηται
891 5584 1169 5645 διηγήσεις
1201 5590 1409 5645 Euseb.
1434 5587 1533 5645 lib.
1565 5606 1621 5645 VI
1844 5609 1940 5645 κεω
1978 5612 2004 5645 ι·

2116 5516 2258 5609 apud
2318 5519 2548 5591 Euseb,
2580 5518 2681 5572 lib.
2715 5535 2755 5573 ιι
2838 5519 3011 5583 Hist.,
3070 5536 3186 5591 κεφ.
3218 5520 3379 5586 1).“
3444 5516 3761 5586 Ἐπιτετμη-

380 5591 536 5664 μένας
568 5588 858 5659 πεποίηται
891 5584 1169 5664 διηγήσεις
1201 5590 1409 5646 Euseb.
1434 5587 1533 5645 lib.
1565 5606 1621 5646 VI

1701 5592 1785 5645 ist.
1798 5630 1813 5657 ,
1844 5609 1940 5667 κεφ
1978 5598 2084 5667 ιγ’,ι

2094 5589 2163 5650 8".
