4014 6202
386 283 499 346 671

1568 291 1633 352 s.
1678 287 2096 356 BARNABAS
2140 289 2627 362 APOSTOLUS.

3638 300 3744 366 672

464 439 486 467 ι
521 421 581 476 In
616 418 717 477 illa
764 419 1071 493 Nicephori
1119 421 1743 498 Constantinopolitani
1783 428 2024 499 patriar-
2054 427 2106 494 Α
2135 446 2332 487 nomen
2360 435 2705 504 appositum:
2762 437 2878 502 aut,
2935 432 2990 488 si
3045 429 3228 501 libeat,
3289 431 3594 505 Epistulam
3620 433 3746 493 hanc

387 509 506 565 cba:
556 509 944 584 Στιχομετρίᾳ,
998 529 1171 582 quam
1226 514 1446 570 Latinis
1495 518 1866 573 Anastasium
1917 523 2025 575 Ro-

386 613 571 653 manae
596 598 862 654 Ecclesia:
889 599 1393 657 bibliothecarium
1420 604 1728 660 tradidisse
1749 605 2023 674 diximus,

387 703 420 742 a
450 687 588 742 Novi
617 687 974 744 Testamenti
1007 691 1354 762 apocryphis
1402 693 1636 763 quidem
1663 693 1896 766 scriptis
1940 712 2026 750 se-

388 783 648 848 paratur,
698 779 796 833 sed
853 778 1006 833 inter
1051 796 1115 834 ea
1163 781 1357 850 quibus
1412 783 1808 839 contradicitur
1854 787 1940 852 (ut
1974 789 2029 840 et

387 866 768 939 Apocalypsis
820 869 1086 936 Joannis)
1146 875 1495 926 recensetur.
1545 877 1608 926 In
1657 874 1836 929 altero
1893 892 2027 930 vero

387 955 668 1024 Indiculo,
700 973 871 1027 quem
902 958 1196 1013 Anastasii
1226 959 1437 1014 Niczeni
1470 961 1529 1015 in
1560 966 1615 1016 S.
1667 964 2025 1035 Scripturam

389 1044 815 1108 Quaestionibus
867 1047 1200 1116 subjectum
1251 1049 1525 1118 vidimus,
1578 1069 1694 1107 una
1727 1070 1858 1108 cum
1891 1071 2026 1125 apo-

391 1132 624 1204 cryphis
655 1133 1000 1204 simpliciter
1029 1136 1482 1194 adnumeratur:
1517 1144 1574 1194 et
1613 1140 1798 1212 ipsius
1830 1143 2027 1198 Hiero-

393 1224 550 1294 nymi
608 1223 664 1276 in
715 1224 940 1294 Prologo
985 1225 1200 1294 galeato
1270 1229 1545 1300 suffragio
1577 1218 1914 1296 accedente,
1973 1237 2028 1287 et

335 1333 338 1338 ·
391 1311 735 1367 universalis
781 1313 1043 1368 Ecclesiae
1092 1315 1267 1370 simul
1314 1317 1553 1386 judicio,
1595 1335 1724 1390 qua:
1755 1321 2028 1376 Barnabas

392 1401 674 1472 scriptum
706 1401 932 1457 nullum
964 1402 1023 1457 in
1057 1421 1286 1460 sacrum
1319 1406 1608 1462 Canonem
1642 1426 1901 1480 unquam
1935 1410 2030 1464 ad-

393 1489 626 1546 misisse
656 1497 950 1564 comperta
980 1497 1069 1548 est
1098 1497 1350 1550 Montani
1379 1496 1533 1550 enim
1567 1498 1772 1567 spiritu
1799 1500 2030 1554 afﬂatus

392 1578 503 1633 fuit
530 1579 920 1636 Tertullianus
944 1584 1006 1649 ¹²,
1033 1599 1164 1637 cum
1197 1584 1453 1656 epistolas
1486 1587 1555 1641 ad
1588 1587 1854 1642 Hebraeos
1893 1589 2029 1643 Bar-

394 1669 556 1722 nabas
585 1667 775 1752 afﬁxit
829 1670 1107 1727 titulum:
1168 1677 1223 1727 et
1281 1673 1462 1744 altera
1517 1675 1656 1745 hazc,
1687 1677 1720 1743 ἡ
1754 1675 2026 1752 φερομένη

2134 520 2566 577 consolatoriam
2597 521 2742 595 (quae
2766 523 2969 594 saepius
3016 521 3232 577 dicitur
3281 523 3401 578 ideo
3445 525 3656 594 scripta,
3691 530 3746 580 ut

2138 608 2356 665 lectores
2385 609 2546 666 laatos
2576 609 2831 680 faceret),
2881 626 2954 666 ex
3000 611 3315 681 argumenti
3364 609 3741 683 designatione,

2136 697 2204 751 ab
2232 707 2459 753 auctore
2491 700 2628 770 ipso,
2657 697 2974 762 Barnabas,
3001 700 3112 752 sive
3141 697 3489 766 consolator,
3518 700 3740 769 appella-

2136 790 2288 848 tam;
2320 803 2380 842 eo
2422 791 2539 859 fere
2581 787 2736 843 modo
2783 804 2890 859 quo
2943 787 3081 842 liber
3123 786 3431 842 Salomonis
3472 785 3740 857 Cobeleth,

2134 878 2246 932 sive
2275 875 2672 944 Ecclesiastes,
2717 877 2957 943 dicitur;
3004 879 3098 931 aut
3153 877 3374 931 Hermae
3408 891 3538 946 opus
3565 879 3745 932 Pastor

2136 967 2479 1020 inscribitur.
2526 965 2799 1037 Quidquid
2845 967 2939 1032 sit,
2985 980 3196 1020 necesse
3241 969 3324 1020 est
3369 967 3433 1019 ut
3471 966 3739 1034 fateamur,

2137 1055 2340 1126 Optima
2369 1054 2472 1123 fide
2502 1055 2816 1125 scriptorem
2849 1053 2996 1109 hunc
3024 1069 3186 1108 usum
3223 1055 3398 1123 fuisse
3429 1069 3449 1114 ;
3494 1069 3597 1109 non
3624 1055 3740 1109 alie-

2135 1160 2252 1211 nos,
2285 1145 2392 1198 imo
2449 1160 2558 1199 non
2611 1144 2842 1216 aliquos,
2899 1145 3200 1214 captavisse
3252 1142 3489 1204 titulos;
3525 1142 3614 1198 hoc
3641 1158 3742 1199 vero

2135 1233 2313 1288 solum
2342 1232 2454 1288 sibi
2481 1248 2781 1303 arrogasse,
2813 1237 2874 1288 ut
2903 1248 2999 1288 ceu
3045 1248 3076 1288 e
3122 1232 3373 1302 ﬁdelium
3417 1247 3580 1304 grege
3606 1235 3746 1286 mini-

2137 1339 2256 1376 mus
2287 1323 2514 1392 aliquis,
2548 1339 2691 1376 unus
2717 1339 2787 1376 ex
2816 1321 2950 1389 illis,
2981 1324 3160 1393 frater
3195 1321 3462 1382 fratribus
3506 1320 3743 1375 salutaria

2137 1413 2346 1466 monita
2370 1418 2714 1482 proponeret,
2734 1427 2846 1482 per
2873 1412 3062 1466 omnia
3091 1410 3427 1466 orthodoxus
3476 1413 3524 1464 et
3563 1412 3744 1480 aposto-

2139 1501 2339 1564 lorum,
2369 1502 2678 1571 praesertim
2707 1503 2763 1554 S.
2793 1501 2980 1566 Pauli,
3011 1500 3257 1569 vestigiis
3305 1499 3593 1553 insistens:
3636 1502 3687 1551 ut
3705 1500 3748 1552 si

2137 1606 2248 1644 non
2277 1589 2526 1645 labarum
2554 1593 2606 1645 et
2633 1590 2918 1656 itinerum,
2957 1589 3158 1644 saltem
3205 1589 3522 1661 dogmatum
3551 1589 3747 1658 partici-

2135 1695 2259 1751 pem
2286 1681 2489 1749 ubique
2515 1695 2900 1747 agnoscamus.
2950 1680 3164 1734 Interea
3201 1674 3745 1740 animadvertendum,

392 1750 639 1830 Βαρνάϐα
669 1756 952 1828 ἐπιστολή,
988 1761 1059 1815 ab
1111 1762 1423 1817 Eusebio‘3
1480 1781 1590 1818 non
1643 1750 1834 1820 solum
1883 1767 2032 1821 inter

2148 1768 2440 1824 Historiam
2495 1769 2636 1834 Jobi,
2694 1767 2854 1835 Ruth,
2886 1766 3153 1837 Estheris,
3202 1770 3258 1821 et
3285 1765 3745 1837 Paralipomenon,

394 1847 711 1916 scripturas
741 1849 934 1919 quibus
961 1851 1370 1920 contradicitur,
1400 1853 1499 1908 sed
1531 1853 1705 1910 etiam
1751 1855 1904 1910 inter
1931 1871 2029 1910 no-

391 1935 518 1989 thas
547 1935 880 1991 collocatur.
912 1937 983 1992 Ut
1011 1938 1105 1994 hic
1141 1940 1317 1995 etiam
1377 1940 1569 1996 locum
1619 1942 1847 2013 habeat,
1878 1944 2027 2013 quod

394 2023 464 2078 de
494 2023 625 2078 aliis
646 2025 907 2095 ejusdem
931 2028 1158 2098 generis
1179 2029 1250 2084 ab
1272 2031 1596 2102 Augustino
1620 2033 1662 2065 “
1677 2037 1766 2086 est
1785 2032 2026 2088 dictum.

395 2114 521 2170 Haec
548 2115 748 2185 scripta
776 2118 1000 2171 castitas
1034 2117 1268 2173 Canonis
1313 2135 1420 2174 non
1465 2123 1705 2192 recepit:
1736 2137 1845 2176 non
1892 2121 2032 2193 quod

393 2218 582 2258 eorum
625 2204 929 2273 hominum,
989 2209 1085 2276 qui
1141 2208 1247 2262 Deo
1308 2210 1660 2279 placuerunt,
1714 2211 2034 2282 reprobetur

394 2293 737 2354 auctoritas;
792 2293 884 2348 sed
912 2293 1053 2364 quod
1111 2297 1220 2350 ista
1273 2312 1384 2350 non
1433 2297 1734 2353 credantur
1789 2301 2033 2371 ipsorum

393 2395 526 2435 εδδσ.

467 2491 495 2519 ‹‹
530 2470 875 2542 Quanquam
907 2473 1208 2545 nonlonge
1228 2474 1562 2546 postipsius
1591 2478 1866 2533 Barnabas
1886 2483 2030 2533 tem-

397 2574 540 2630 pora
569 2563 864 2615 exaratam
896 2562 1078 2617 fuisse
1129 2563 1278 2618 hanc
1337 2564 1677 2635 Epistolam,
1737 2570 1822 2622 tot
1872 2565 1971 2622 illa
2001 2585 2035 2622 a

399 2647 692 2704 Clemente
722 2649 1110 2707 Alexandrino
1160 2653 1281 2724 (qui
1332 2653 1593 2726 proximo
1643 2659 1774 2726 post
1804 2660 2031 2728 aposto-

289 2738 291 2740 ’
395 2737 484 2792 los
513 2737 723 2793 saaculo
753 2738 986 2810 claruit)
1016 2756 1084 2795 ex
1113 2757 1199 2812 ea,
1231 2742 1290 2796 in
1324 2743 1657 2798 Stromatum
1695 2743 1882 2811 libris,
1908 2744 2032 2800 lau-

398 2825 538 2882 data
561 2827 918 2899 testimonia,
954 2829 1126 2884 ﬁdem
1159 2830 1395 2887 faciunt.
1420 2832 1641 2896 Quibus
1671 2837 1727 2888 et
1757 2832 1856 2910 illa
1886 2835 2038 2904 ejus-

404 2915 534 2970 dem
569 2916 627 2969 in
657 2916 978 2988 Paedagogo,
1015 2917 1120 2972 lib.
1161 2937 1222 2986 n,
1245 2936 1368 2990 cap.
1392 2921 1475 2990 10,
1501 2922 2034 2994 adjungereliceat:

405 3002 501 3055 Καὶ
530 3003 620 3056 τὸν
652 3003 746 3074 μὲν
802 3003 982 3079 λαγὼν
1036 3013 1149 3060 κατ’
1204 3004 1321 3069 ἔτος
1376 3006 1711 3064 πλεονεκτεῖν
1771 3031 1896 3086 φασι
1937 3011 2036 3078 τὴν

2137 1857 2383 1928 aliosque
2411 1872 2481 1912 ex
2508 1857 2670 1911 libris
2709 1858 2768 1910 in
2821 1855 3148 1911 Ilebraicum
3196 1853 3474 1909 Cononem
3520 1853 3746 1923 receptis,

2137 1945 2279 2016 quod
2294 1946 2514 2018 pariter
2535 1945 2737 2001 obtinet
2783 1947 2844 2000 in
2888 1943 3128 2016 Epistula
3174 1943 3248 1998 ad
3293 1942 3551 2012 Hebrzos,
3580 1945 3745 1996 aucto-

2139 2052 2265 2090 rum
2291 2037 2518 2091 nomina
2546 2034 2776 2090 minime
2801 2035 3090 2105 praeferre,
3139 2036 3196 2087 et
3256 2035 3440 2087 tamen
3465 2030 3528 2086 de
3553 2029 3748 2083 illorum

2138 2124 2243 2194 ﬁde
2296 2125 2454 2179 nulla
2505 2131 2584 2180 est
2633 2125 3025 2180 controversia.
3103 2122 3338 2178 Interim
3394 2117 3751 2192 dispiciendum

2140 2213 2377 2279 videtur,
2407 2230 2481 2268 an
2507 2229 2610 2268 nos
2665 2213 2766 2268 hac
2814 2213 3129 2283 tempestate
3184 2210 3390 2266 rectius
3433 2207 3496 2263 de
3521 2205 3750 2279 Epistolas

2140 2305 2302 2375 hujus
2358 2301 2584 2359 auctore
2634 2304 2909 2373 possimus
2954 2299 3238 2371 judicare,
3295 2314 3460 2371 quam
3512 2299 3600 2368 qui
3633 2310 3749 2367 pro-

2139 2395 2292 2448 ximo
2324 2393 2566 2447 vixerint
2591 2391 2815 2448 sacculo.
2853 2389 3096 2446 Clemens
3147 2385 3572 2456 Alexandrinus,
3615 2385 3752 2453 atque

2143 2483 2417 2552 Origenes,
2451 2481 2546 2552 qui
2595 2479 2651 2534 S.
2711 2478 2984 2535 Barnabas
3037 2479 3360 2548 ascripsere.
3418 2480 3582 2530 Porro
3607 2471 3745 2527 adno-

2141 2571 2390 2640 tandum,
2420 2570 2618 2640 scripto
2668 2567 2841 2623 alicui
2886 2583 2994 2624 non
3057 2565 3175 2621 ideo
3221 2567 3416 2621 statim
3461 2563 3612 2634 ﬁdem
3651 2573 3748 2615 om-

2141 2675 2267 2714 nem
2305 2659 2579 2729 abrogari,
2629 2658 2682 2711 si
2727 2655 2793 2712 de
2837 2656 2954 2724 eius
2996 2655 3223 2710 auctore
3276 2650 3567 2723 aliquando
3604 2648 3750 2719 fuerit

2143 2747 2478 2812 dubitatum,
2505 2751 2609 2800 aut
2647 2747 2700 2799 si
2746 2746 2929 2816 ipsum
2971 2758 3070 2814 per
3114 2739 3343 2812 aliquod
3398 2743 3600 2808 tempus
3631 2736 3748 2791 deli-

2146 2837 2336 2892 tuerit.
2389 2835 2601 2890 Norunt
2648 2831 2852 2888 eruditi
2881 2830 2995 2886 hsce
3046 2845 3165 2902 ipsa
3210 2829 3439 2898 scriptis
3465 2823 3750 2898 quibusdam

2147 2924 2207 2980 in
2238 2925 2508 2979 Cananem
2535 2936 2683 2976 nunc
2710 2928 2764 2976 et
2799 2920 2932 2975 olim
2978 2918 3209 2990 receptis
3259 2915 3548 2982 accidisse;
3576 2916 3623 2969 et
3647 2925 3752 2983 qux

2146 3013 2210 3067 de
2238 3013 2296 3066 S.
2329 3009 2601 3066 Barnabas
2627 3009 2854 3079 epistola
2881 3008 3055 3080 refert
3097 3004 3383 3074 Eusebius,
3430 3001 3606 3059 eadem
3647 3011 3749 3054 eum

405 3089 710 3168 ἀφόδευσιν,
745 3092 821 3154 εἰς
851 3093 1116 3167 ἀριθμοὺς
1166 3097 1250 3156 οἷς
1304 3091 1558 3170 βεϐίωκεν
1618 3095 1783 3152 ἔτεσιν
1819 3096 2038 3174 ἴσχοντα

2148 3117 2255 3156 non
2281 3099 2436 3156 modo
2465 3097 2532 3153 de
2587 3097 2640 3152 S.
2674 3097 2902 3153 Joannis
2950 3095 3282 3168 Apocalypsi
3332 3103 3388 3149 et
3437 3090 3678 3148 S.-Judz
3706 3089 3751 3142 et

403 3165 630 3255 τρυπάς·
664 3184 795 3246 Quae
826 3165 895 3239 ea
924 3184 1052 3240 istis
1073 3165 1338 3256 Epistolas
1359 3187 1536 3257 hujus
1555 3165 2039 3244 mutuatumneum
2070 3165 2114 3232 (ἶ
2154 3190 2440 3246 catholicis
2488 3187 2749 3242 omnibus
2779 3165 3060 3258 Epistolis,
3108 3165 3203 3239 sed
3247 3182 3423 3238 etiam
3468 3181 3538 3236 de
3574 3178 3666 3234 illa
3688 3174 3752 3231 ad

372 3329 373 3334 η
406 3271 608 3339 fuisse,
632 3273 859 3328 monuit
882 3289 974 3328 me
992 3278 1052 3329 D.
1073 3278 1279 3330 Petrus
1299 3276 1615 3342 Turnerus,
1639 3278 1962 3334 Savilianus
1983 3277 2040 3333 in

407 3361 712 3417 Academia
733 3361 1041 3418 Oxoniensi
1064 3364 1392 3421 matheseos
1411 3367 1702 3437 professor
1721 3367 2045 3422 eruditissi-

409 3450 722 3504 ωυεῑὋτι
754 3451 788 3518 ἡ
848 3447 1064 3524 λαγῶος
1121 3453 1237 3506 κατ’
1294 3452 1530 3508 ἐνιαυτὸν
1592 3451 1907 3508 πλεονεκτεῖ
1944 3454 2040 3522 τὴν

407 3534 712 3614 ἆφόδευσιν·
745 3537 970 3614 ὅσαγάρ
1003 3535 1119 3610 ἔτη,
1183 3541 1266 3611 ζῇ,
1325 3542 1583 3603 τοσαύτας
1639 3540 1750 3618 ἔχει
1809 3542 2036 3615 τροπάς.

406 3628 516 3684 Sed
547 3632 605 3683 et
633 3626 889 3700 aliquam
922 3629 1015 3684 hic
1067 3631 1381 3702 praeferunt
1425 3635 1728 3688 vetustatis
1768 3634 2043 3706 speciem,

408 3717 670 3788 ipsarum
703 3719 1163 3790 apocrypbarum
1187 3721 1630 3792 scripturarum,
1658 3731 1906 3795 quarum
1924 3724 2046 3794 jam

409 3807 509 3862 diu
541 3807 601 3862 in
632 3806 888 3863 Ecclesia
918 3808 1197 3865 obsolevit
1240 3811 1542 3877 memoria,
1591 3813 1894 3867 citationes
1933 3828 2047 3868 non

319 3897 324 3900 ’
413 3912 648 3968 paucae:
685 3896 837 3951 inter
855 3913 1002 3967 quas
1032 3901 1090 3952 et
1119 3897 1277 3953 illam
1310 3900 1554 3955 fortasse
1602 3901 1735 3971 quis
1765 3917 2047 3955 annume-

413 3985 659 4042 raverit:
692 3986 872 4056 Regna
903 3988 963 4039 in
993 3987 1155 4041 terris
1183 3988 1365 4042 decem
1395 3991 1737 4057 regnabant:
1770 3993 1822 4044 et
1866 4006 2050 4045 resur-

409 4078 499 4146 get
528 4081 669 4129 retro
693 4073 960 4143 pusillus,
1011 4077 1107 4145 qui
1151 4076 1382 4146 deponet
1435 4082 1548 4132 tres
1576 4079 1637 4132 in
1664 4094 1876 4146 unum;
1917 4077 2053 4134 licet

413 4179 482 4218 ea
508 4163 765 4219 Danielis
796 4163 1052 4236 capitulo
1081 4181 1180 4233 vn,
1212 4165 1298 4220 uti
1327 4165 1466 4221 olim
1498 4167 1556 4221 in
1587 4166 1727 4221 LXX
1767 4169 2050 4240 Interpre-

411 4255 538 4308 tum
567 4251 822 4308 editione
851 4251 1172 4325 legebatur,
1198 4255 1567 4326 desumptam
1591 4257 1773 4312 fuisse
1795 4273 1899 4330 ego
1923 4257 2051 4329 qui-

415 4341 546 4396 dem
578 4339 1027 4398 existimaverim
1059 4359 1073 4398 :
1103 4357 1236 4397 cum
1269 4342 1681 4399 Theodotionis
1711 4343 2053 4416 interpreta-

411 4430 513 4497 tio,
547 4446 722 4502 quam
755 4431 815 4485 in
844 4431 1100 4498 Daniele,
1125 4429 1307 4488 altera
1335 4431 1436 4487 illa
1467 4433 1820 4502 Posthabita,
1863 4433 2052 4489 Eccle-

2149 3279 2422 3344 Hebraeos,
2453 3291 2576 3350 quae
2622 3291 2772 3330 nunc
2817 3275 2876 3330 S.
2926 3275 3104 3330 Paulo
3144 3272 3466 3336 ascribitur,
3498 3269 3609 3324 licet
3634 3265 3750 3322 olim

2149 3372 2210 3425 S.
2246 3367 2520 3423 Barnabx
2550 3367 2940 3436 imputaretur,
2972 3361 3245 3419 retulisse.

2225 3457 2445 3513 Constat
2468 3455 2773 3526 Epistolam
2820 3453 2980 3524 hanc,
3025 3466 3153 3525 quae
3178 3452 3301 3522 fere
3322 3455 3431 3505 tota
3448 3449 3525 3503 est
3553 3447 3606 3502 in
3633 3443 3754 3516 Syn-

2154 3561 2348 3618 agogae
2377 3545 2593 3611 ritibus,
2623 3551 2674 3598 et
2714 3546 3038 3598 sanctarum
3083 3540 3505 3608 Scripturarum
3540 3531 3755 3605 mysticis

2153 3635 2405 3690 sensibus
2449 3632 2778 3698 evolvendis,
2828 3630 2899 3686 ad
2942 3630 3096 3685 rudis
3136 3627 3299 3697 vulgi
3337 3629 3553 3698 captum
3600 3622 3755 3676 minus

2156 3723 2628 3787 accommodatam,
2679 3728 2731 3776 et
2769 3719 2996 3792 proinde
3033 3716 3340 3774 verisimile
3384 3717 3463 3770 est
3489 3729 3525 3768 a
3566 3711 3756 3767 lectione

2157 3815 2276 3884 ejus
2317 3811 2541 3883 publica
2595 3810 2897 3865 Ecclesium
2944 3810 3082 3878 post
3107 3815 3318 3877 tempus
3361 3800 3573 3875 aliquod
3613 3796 3756 3853 absti-

2155 3903 2339 3956 nuisse
2359 3918 2377 3954 :
2409 3899 2546 3970 quod
2577 3906 2629 3954 et
2682 3897 2841 3954 hodie
2894 3899 3099 3968 factum
3153 3895 3220 3949 de
3272 3892 3554 3950 nonnullis
3591 3901 3754 3943 recon—

2158 3992 2378 4046 ditioris
2425 3989 2737 4060 argumenti
2778 3985 3070 4058 periochis-
3096 3997 3222 4055 quae
3279 3985 3342 4038 in
3387 3995 3536 4037 saera
3576 3977 3758 4033 Conone

2157 4079 2531 4136 continentur.
2582 4078 2688 4132 Hoc
2726 4091 2859 4132 vero
2899 4071 3132 4144 ﬁdenter
3175 4071 3440 4138 dixerim,
3486 4061 3757 4140 Epistolam

2159 4169 2302 4224 hanc
2329 4183 2431 4238 quo
2453 4166 2704 4238 penitius
2731 4161 3104 4233 intelligetur,
3133 4169 3192 4218 eo
3247 4159 3598 4232 acceptiorem
3629 4155 3757 4225 futu-

2160 4275 2302 4328 ram,
2331 4264 2382 4312 et
2411 4256 2481 4312 ad
2507 4270 2798 4311 sacrarum
2826 4253 3180 4318 Litterarum,
3227 4265 3333 4305 nec
3374 4263 3478 4304 non
3525 4240 3756 4313 antiquis-

2161 4350 2428 4402 simorum
2453 4347 2686 4400 Patrum
2728 4343 3099 4412 cognitionem
3149 4339 3456 4412 plurimum
3497 4336 3758 4408 facturam.

2161 4441 2490 4508 Quanquam
2540 4434 2688 4489 enim
2733 4438 3024 4503 perpetuus
3078 4428 3288 4485 Veteris
3333 4420 3667 4483 Instrumenti
3702 4415 3757 4471 ad

416 4520 566 4576 siam
614 4523 815 4592 postea
867 4519 1152 4592 recepisse
1209 4523 1516 4577 conﬁrmat
1579 4522 1967 4596 Hieronymus
1992 4525 2056 4592 *5,
2089 4523 2134 4594 ι)
2166 4525 2430 4583 Messium
2475 4526 2746 4594 respectus
2789 4520 2948 4575 nobis
2985 4519 3145 4590 quasi
3187 4531 3286 4590 per
3331 4520 3665 4571 transennam
3703 4519 3759 4560 ea:

413 4608 564 4664 hanc
595 4609 762 4665 nobis
793 4609 963 4665 hodie
988 4609 1294 4666 lectionem
1360 4610 1662 4667 exhibeat:
1714 4609 1847 4665 Δὲκα
1906 4612 2052 4686 βασι-

414 4695 530 4758 λεῖς
561 4697 969 4767 ἀναστήσονται,
1000 4697 1088 4751 καὶ
1121 4697 1404 4756 ὀπίσω.....
1439 4723 1466 4750 ››

483 4788 714 4859 Reliqua
741 4788 1157 4844 desiderantur:
1217 4789 1346 4859 quid
1391 4792 1572 4844 autem
1625 4791 2050 4856 eruditissimus,

415 4877 693 4934 Hiberniae
710 4878 880 4948 juxta
933 4882 987 4933 et
1042 4877 1282 4933 melioris
1329 4879 1652 4934 litteratura
1704 4881 1940 4951 primas,
1987 4880 2054 4936 de

413 4967 668 5035 epistola?
696 4965 859 5038 hujus
906 4975 1124 5022 auctore
1170 4970 1420 5036 senserit,
1479 4984 1792 5040 quanquam
1847 4985 1957 5025 non
1985 4987 2056 5025 ex

417 5055 578 5112 dictis
636 5056 843 5128 liquido
898 5060 1183 5128 appareat,
1249 5057 1465 5113 indicia
1520 5065 1701 5114 tamen
1756 5065 1888 5114 sunt
1918 5062 2053 5114 satis

417 5145 575 5200 clara
604 5160 731 5216 qua?
775 5145 937 5216 fidem
993 5149 1229 5216 faciant,
1273 5146 1618 5218 prapendisse
1646 5163 1769 5202 eum
1824 5150 1885 5202 in
1913 5149 2054 5203 hanc

413 5235 766 5300 sententiam,
822 5237 881 5289 ut
939 5235 1367 5307 crederetopus
1427 5237 1526 5292 hoc
1582 5238 1844 5308 scriptori
1871 5239 2052 5308 ignoto

416 5324 758 5380 deberi.Esto
786 5341 910 5396 ergo
941 5325 1069 5380 huic
1095 5321 1253 5405 operi
1308 5326 1498 5381 aliena
1521 5341 1692 5381 manu
1713 5326 1767 5382 S.
1786 5328 2053 5383 Barnabx

2161 4613 2405 4670 Chaldwi
2447 4611 2834 4682 Paraphrastis
2877 4609 3173 4672 striaturis,
3221 4606 3556 4694 scriptorum
3580 4597 3760 4694 Talmu-

2159 4704 2423 4771 dicorum,
2456 4701 2932 4769 Rabbinorumque
2989 4693 3258 4766 malignis
3305 4686 3758 4778 interpr-etamen!)

2160 4793 2463 4863 compareat
2485 4809 2504 4844 :
2533 4789 2666 4845 olim
2693 4791 2886 4843 tamen
2940 4784 3154 4859 quando
3205 4786 3266 4839 in
3311 4782 3461 4839 omni
3505 4778 3758 4863 Synagoga

2160 4861 2607 4936 hebdomadatim
2651 4893 2761 4933 non
2808 4875 2958 4931 tectae
3007 4880 3251 4940 tantum,
3304 4870 3398 4927 sed
3441 4875 3491 4925 et
3519 4861 3756 4924 anan-ate

2158 4973 2316 5026 erant
2343 4969 2671 5040 Scriptura”;
2689 4962 2956 5020 Midrasch
2985 4964 3088 5018 iste
3111 4961 3398 5034 mysticus,
3415 4958 3526 5014 sive
3549 4966 3751 5040 evange-

2161 5062 2297 5115 licus
2327 5038 2526 5115 Veteris
2556 5054 2921 5112 Instrumenti
2945 5067 3154 5118 sensus,
3182 5065 3291 5106 non
3336 5050 3518 5138 minus

2161 5148 2408 5204 innotuit
2437 5161 2602 5218 quam
2628 5145 2742 5216 ipse
2768 5157 2923 5198 sacer
2949 5143 3129 5197 textus
3149 5157 3170 5194 ,ο
3201 5143 3254 5195 et
3281 5134 3508 5212 proinde
3545 5146 3644 5187 non

2159 5254 2264 5293 nus
2292 5213 2494 5292 idonea
2521 5213 2900 5307 suppeditabat
2926 5237 3256 5300 argumenta
3304 5225 3375 5283 ad
3414 5213 3754 5318 convincenda!

2163 5327 2397 5397 Iudaeos,
2421 5305 2597 5397 quam
2607 5331 2688 5379 'ea
2704 5335 2828 5395 quae
2847 5337 2919 5377 ex
2937 5319 3314 5376 disertissimis
3331 5325 3600 5372 sacrarum
3617 5305 3751 5363 ιειιο-

491 5449 907 5528 ”,Tertuliam.
941 5451 1334 5528 Depudicitia,
1363 5453 1588 5528 capm20,
1615 5455 1676 5528 et
1706 5467 1913 5528 exeo,
1945 5452 2038 5528 Hie

2148 5468 2305 5525 lym.,
2339 5450 2580 5528 Catalog_.
2613 5448 2800 5528 script.
2828 5446 3122 5528 ecclgsiast.
3146 5443 3431 5528 .ln-Paula.
3463 5428 3749 5528 ξξιΕυΞξξγ

417 5507 639 5598 1ib,’y.__
663 5524 863 5598 Histor.
930 5507 1257 5598 exigimus
1285 5507 1404 5598 κέφ.
1434 5507 1524 5579 16'.
1573 5507 1674 5578 ἰδ’.
1706 5523 1767 5579 Id
1798 5507 1957 5590 ibid,
1991 5507 2038 5578 1;

2148 5507 2314 5598 :xecp'.
2345 5527 2435 5578 κε’.
2472 5507 2876 5593 1“Augustin”
2933 5517 3006 5574 De
3045 5516 3258 5572 civitat.
3313 5514 3428 5580 Dei,
3472 5507 3567 5565 lib.
3619 5513 3744 5564 xvm,

420 5611 470 5654 ο.
503 5595 571 5649 38
601 5594 643 5629 ¹⁵
671 5597 911 5666 Prae/“at.
944 5598 1009 5652 in
1029 5596 1242 5651 Daniel.
