4014 6202
347 416 463 476 673

1737 409 2321 473 PROLEGOMENA
2335 454 2348 468 .

3618 407 3735 471 674

344 563 537 603 rarum
592 548 807 603 vocibus
860 548 1090 617 fuissent
1144 545 1389 602 deducta.
1450 546 1587 599 Hinc
1630 545 1837 614 factum
1882 546 1977 612 est,
2010 542 2065 607 Α
2092 545 2282 613 fuerit,
2311 540 2576 597 invidiam
2603 543 2783 611 facere
2812 568 2824 609 ;
2856 559 2923 597 ne
2954 543 3204 613 iniquum
3230 543 3480 613 petendo,
3506 557 3565 598 eo
3595 542 3731 614 quod

346 637 487 709 quod
532 637 796 692 Dominus
844 640 1029 692 noster
1079 644 1130 691 et
1157 636 1272 706 ejus
1319 635 1574 706 apostoli,
1605 636 1722 704 fere
1778 635 1983 701 passim

345 726 605 782 adversus
632 726 851 783 Judzos
899 725 1096 782 exinde
1140 733 1471 796 argumenta
1518 722 1947 794 deprompserint
1969 739 1987 781 ;

352 820 406 870 et
433 817 485 870 si
511 817 652 885 forte
699 813 902 886 aliqua
944 813 1087 886 apud
1115 821 1393 869 auctorem
1422 816 1670 867 nostrum
1690 815 1987 867 occurrant

352 918 476 975 quae
522 904 738 974 longius
780 905 955 974 petita
1008 902 1283 971 videntur,
1334 902 1437 956 illa
1478 903 1621 972 ipsa,
1654 905 1751 955 aut
1800 917 1986 955 eorum

351 994 544 1048 saltem
570 994 798 1063 vestigia
828 994 889 1046 in
916 993 1174 1064 Epistolis
1205 992 1458 1046 Paulinis
1487 992 1611 1060 quis
1649 992 1846 1061 poterit
1900 1006 1982 1044 re-

349 1084 550 1152 perire.

420 1170 526 1226 Sed
570 1171 826 1226 nolumus
856 1172 1146 1242 pertinaci
1186 1172 1351 1225 nimis
1392 1170 1724 1240 patrocinio.
1760 1168 1814 1222 S.
1848 1168 1985 1221 Bar-

352 1259 523 1329 nabaa,
580 1268 678 1315 aut
716 1262 1025 1332 quicunque
1053 1260 1314 1332 Epistolas
1344 1258 1504 1331 hujus
1532 1262 1725 1313 auctor
1763 1256 1987 1312 demum

2010 1522 2084 1581 V.

2095 647 2315 701 (equum
2366 634 2442 685 est
2491 632 2824 686 excidamus.
2886 632 3089 687 Modica
3159 637 3281 687 sunt
3342 649 3444 702 que
3502 635 3565 685 in
3620 634 3735 703 ejus

2095 724 2331 791 gratiam
2380 721 2670 790 poscimus,
2716 736 2835 785 nec,
2892 729 2950 775 ut
2994 730 3142 791 puto,
3188 722 3353 789 facile
3392 722 3735 776 recusanda:

2096 818 2156 864 ut
2188 812 2456 863 nimirum
2486 811 2535 863 si
2562 825 2668 863 non
2709 811 2834 879 ipsi,
2866 811 3053 864 saltem
3082 812 3250 864 annis
3279 813 3392 880 ejus
3436 811 3600 865 honos
3630 812 3738 864 ha—

2097 902 2288 953 beatur
2320 914 2331 950 :
2373 900 2425 952 si
2454 914 2561 951 non
2607 898 2927 967 apostolum
2954 914 3333 968 agnoscamus,
3383 915 3509 953 eum
3549 904 3736 953 tamen

2094 1004 2192 1042 ceu
2222 989 2443 1041 Patrem
2473 1003 2853 1042 revereamur:
2884 996 2935 1042 et
2964 988 3199 1054 demum,
3248 990 3298 1042 si
3328 1005 3430 1043 non
3466 991 3525 1041 in
3560 988 3735 1044 Cano-

2095 1092 2221 1131 nem
2244 1077 2402 1129 illum
2424 1075 2794 1145 recipiendum
2825 1077 3110 1142 ducamus,
3139 1076 3339 1132 saltem
3384 1079 3441 1130 in
3486 1076 3733 1132 classicis

2093 1165 2465 1234 scriptoribus,
2502 1180 2601 1234 pro
2647 1163 2924 1235 dignitate
2962 1182 3125 1235 quam
3154 1168 3284 1221 olim
3325 1166 3559 1221 obtinuit
3582 1166 3735 1241 apud

2096 1255 2351 1310 Ecclesiae
2378 1256 2663 1323 scriptores
2686 1256 3120 1325 antiquissimos,
3156 1271 3520 1311 numeremus.

483 1647 579 1723 (D.
652 1647 743 1706 LE
814 1646 1157 1715 NOUBRY,
1232 1647 1577 1728 Apparatus
1638 1646 1716 1707 ad
1797 1644 2234 1788 “Bibfliptlzecag
2263 1646 2591 1805 )maximam
2664 1655 2775 1705 vet.
2855 1644 3056 1717 Patr.,
3132 1645 3326 1705 Paris.
3407 1648 3587 1717 1703,

1804 1745 1891 1786 ιη·
1920 1742 1956 1785 o
1988 1772 2031 1801 .,
2063 1747 2122 1805 p.
2242 1772 2254 1785 .

1804 1742 2031 1801 ιιι-ποι,
2063 1747 2122 1805 p.
2158 1742 2254 1788 δδ.

810 1957 1200 2014 ARTICULUS
1250 1958 1526 2015 PRIMUS.

668 2047 924 2117 Analysis
961 2048 1213 2117 Epistolas
1260 2046 1315 2101 S.
1368 2047 1668 2103 Barnabw.

421 2140 641 2190 Auctor
669 2134 847 2204 hujus
874 2135 1159 2205 Epistolas,
1194 2135 1494 2206 praemissa
1520 2151 1722 2190 eorum
1750 2135 1820 2189 ad
1849 2150 1995 2205 quos

352 2222 553 2277 scribit
610 2220 766 2277 brevi
815 2220 1185 2288 salutatione,
1236 2221 1437 2277 laudat
1491 2222 1731 2278 illorum
1792 2224 1990 2289 ﬁdem,

353 2310 719 2376 charitatem,
750 2308 1001 2381 aliaque,
1033 2309 1249 2382 quibus
1281 2312 1481 2381 repleti
1518 2315 1700 2377 erant,
1744 2311 1998 2382 Spiritus

355 2398 544 2455 sancti
574 2400 745 2453 dona.
778 2397 950 2453 Nulla
977 2415 1110 2454 vero
1142 2398 1255 2453 alia
1283 2400 1505 2456 ratione
1536 2400 1798 2455 animum
1832 2416 1893 2455 se
1926 2401 1996 2455 ad

355 2488 731 2543 scribendum
764 2486 1061 2559 appulisse
1092 2489 1410 2560 proﬁtetur,
1436 2489 1548 2544 nisi
1579 2494 1644 2544 ut
1664 2490 1837 2543 ﬁdem
1869 2489 1993 2543 illo-

357 2594 490 2631 rum
530 2576 929 2649 perfectiorem
979 2577 1263 2643 redderet,
1314 2579 1759 2648 ostenderetque
1818 2583 1998 2633 Deum

364 2666 494 2721 ideo
525 2664 837 2737 prophetas
876 2681 982 2720 suo
1014 2665 1232 2736 Spiritu
1264 2666 1517 2735 afﬂasse,
1568 2671 1631 2721 ut
1677 2666 1865 2721 fmdus
1898 2684 1999 2722 no-

364 2770 526 2821 vum,
584 2753 985 2808 Incarnatione
1032 2753 1160 2808 Filii
1201 2755 1288 2809 sui
1323 2753 1669 2822 ineundum,
1728 2756 2002 2811 omnibus

365 2842 843 2915 pranuntiarent.
907 2842 1051 2897 Hinc
1082 2842 1176 2897 ille
1230 2848 1641 2914 argumentum
1690 2861 1863 2899 suum
1902 2861 2000 2915 ag-

365 2948 626 3003 gressus,
658 2948 726 2986 ex
754 2934 1092 2986 eorumdem
1124 2932 1538 3003 prophetarum
1562 2933 1811 2989 oraculis
1841 2934 2001 2989 Chri-

367 3025 526 3076 stum
571 3020 879 3075 Dominum
930 3021 1066 3092 jure
1122 3020 1325 3076 merito
1381 3020 1526 3093 legis
1577 3022 1839 3078 Mosaicae
1899 3024 2003 3078 ab-

366 3125 604 3182 rogasse
629 3109 936 3177 sacriﬁcia,
969 3109 1249 3181 nullaque
1278 3111 1411 3173 alia,
1462 3127 1638 3181 quam
1679 3111 1918 3182 spiritus
1949 3117 2007 3167 et

368 3199 557 3254 cordis
585 3198 877 3269 postulare
906 3199 1286 3253 demonstrat.
1319 3200 1709 3265 Quamobrem
1738 3199 1869 3255 illos
1890 3200 2003 3255 sol-

367 3286 523 3342 licite
554 3287 849 3352 admonet,
880 3286 951 3341 ab
972 3286 1044 3342 iis
1075 3292 1337 3353 caveant,
1370 3288 1469 3359 qui
1501 3288 1687 3360 legem
1712 3289 1927 3361 Moysis
1950 3294 2005 3343 et

370 3375 579 3430 Christi
602 3374 777 3430 simul
803 3375 1225 3430 observandam
1249 3392 1375 3431 esse
1399 3378 1688 3431 docerent.
1722 3379 1850 3433 Ideo
1870 3394 2003 3433 vero

369 3463 531 3519 illam
562 3464 871 3519 rescissam
919 3480 1048 3519 esse
1106 3465 1343 3534 probat:
1380 3468 1435 3518 ut
1475 3465 1697 3520 dilectio
1724 3468 1851 3522 Jesu
1880 3482 2005 3522 con-

367 3554 617 3625 signetur
645 3555 705 3608 in
733 3553 987 3607 cordibus
1014 3554 1209 3608 vestris
1235 3554 1294 3607 in
1324 3570 1471 3625 spem
1495 3556 1630 3623 ﬁdei
1660 3555 1811 3610 illius
1832 3572 1851 3615 ,·
1884 3555 2007 3611 his-

369 3660 480 3715 que
512 3643 701 3697 tribus
743 3641 1079 3707 virtutibus,
1113 3641 1440 3695 meditemur
1486 3644 1737 3697 timorem
1784 3644 1903 3711 Dei,
1957 3648 2007 3698 et

364 3731 736 3789 custodiamus
765 3729 1033 3785 mandata
1061 3731 1241 3785 illius.
1294 3730 1552 3785 Subinde
1599 3731 1728 3785 aliis
1761 3732 2004 3803 prophe-

366 3825 560 3875 tarum
622 3818 763 3873 locis
814 3818 1052 3889 planum
1098 3819 1302 3890 utique
1350 3819 1487 3873 facit
1528 3818 1821 3874 Christum
1878 3820 2006 3875 ideo

366 3924 603 3964 carnem
642 3907 925 3975 induisse,
977 3912 1342 3979 mortemque
1389 3907 1621 3974 obiisse,
1684 3913 1770 3975 ut,
1803 3910 2007 3963 mortis

367 3996 615 4068 imperio
649 3996 965 4063 destructo,
999 3996 1287 4049 mundum
1320 3996 1605 4067 sanguine
1626 4013 1733 4051 suo
1766 3997 2010 4051 redime-

368 4090 475 4141 ret.
510 4084 670 4149 Quod
701 4083 883 4138 Judaei
917 4099 1050 4138 cum
1084 4084 1313 4139 credere
1344 4083 1656 4154 noluerint,
1687 4085 1869 4140 voluit
1911 4084 2010 4140 ille

368 4171 749 4244 Evangelium
772 4188 945 4226 suum
997 4172 1273 4227 omnibus
1304 4172 1576 4244 gentibus
1608 4175 1678 4228 ab
1729 4173 2009 4245 apostolis

370 4262 692 4334 praedicari.
726 4261 900 4315 Addit
914 4261 1208 4317 Christum
1235 4266 1291 4315 et
1308 4262 1392 4317 six
1415 4278 1481 4315 ex
1495 4262 1681 4317 Patris
1704 4268 2007 4335 praecepto,

370 4351 542 4405 sicuti
567 4350 907 4423 praedictum
932 4351 1138 4417 fuerat,
1159 4350 1366 4406 lubens
1396 4356 1665 4407 mortuus
1687 4354 1781 4417 sit,
1818 4353 2009 4423 ipsum

371 4445 568 4495 tamen
601 4456 798 4494 verum
822 4455 948 4495 esse
973 4440 1069 4495 Dei
1092 4439 1322 4495 Filium.
1350 4440 1607 4512 Explicat
1636 4441 1844 4495 deinde
1875 4459 2013 4513 quo-

371 4529 546 4583 modo
594 4526 893 4600 prepheta:
927 4533 983 4582 et
1038 4528 1229 4583 verbis
1268 4533 1325 4582 et
1366 4530 1569 4599 ﬁguris
1629 4530 2015 4600 signiﬁcarint

371 4617 670 4672 Christum
699 4616 759 4671 in
789 4617 1060 4687 passione
1082 4622 1239 4672 aceto
1271 4622 1327 4671 et
1347 4617 1475 4671 felle
1499 4619 1843 4689 potandum,
1876 4636 2013 4690 pur-

2019 1964 2066 2026 Β
2101 1974 2229 2011 rum
2264 1956 2452 2011 locum
2487 1957 2745 2026 adoptati
2783 1954 3095 2011 Christiani
3122 1957 3599 2028 subrogarentur.
3638 1960 3743 2019 De-

2104 2045 2278 2115 nique
2312 2048 2620 2116 postquam
2644 2045 2713 2099 de
2734 2044 2968 2098 Sabbati
2992 2044 3399 2108 celebratione,
3430 2046 3743 2101 Dominicis

2104 2134 2215 2188 diei
2251 2134 2635 2198 institutione,
2690 2133 2889 2203 templi
2955 2132 3457 2203 Hierosolymitani
3516 2136 3744 2189 destru-

2105 2224 2312 2285 ctione,
2345 2223 2561 2291 Deique
2585 2222 2643 2275 in
2675 2222 2949 2276 cordibus
2981 2222 3196 2276 nostris
3230 2222 3587 2279 habitatione
3618 2225 3746 2280 dis-

2108 2312 2311 2376 seruit,
2348 2311 2597 2381 primam
2630 2310 2847 2365 claudit
2880 2310 3144 2381 Epistolaa
3177 2316 3420 2381 partem.

2178 2400 2239 2454 In
2290 2402 2566 2464 secunda,
2616 2416 2741 2470 qua:
2790 2400 3019 2453 brevior
3049 2406 3155 2465 est,
3187 2400 3401 2468 stylum
3435 2402 3504 2455 ad
3564 2402 3745 2458 infor-

2110 2489 2355 2543 mandos
2384 2488 2847 2543 Christianorum
2881 2505 3070 2543 mores
3119 2490 3401 2544 convertit
3434 2508 3447 2557 ;
3480 2490 3745 2562 duasque

2110 2580 2413 2647 eapropter
2482 2577 2841 2630 demonstrat
2916 2594 3043 2631 esse
3100 2577 3405 2632 hominum
3454 2579 3597 2633 vias.
3678 2582 3748 2635 Et

2112 2664 2361 2735 priorem
2404 2664 2661 2735 quidem,
2712 2665 2805 2719 cui
2838 2664 3027 2736 angeli
3058 2670 3336 2735 praesunt,
3371 2683 3609 2738 quaeque
3660 2670 3750 2723 via

2111 2754 2246 2807 lucis
2300 2752 2529 2817 dicitur,
2572 2770 2705 2807 cum
2764 2752 3031 2824 explicat,
3075 2754 3153 2807 ibi
3210 2754 3345 2825 quid
3381 2755 3747 2812 Christianus

2113 2858 2299 2913 agere,
2335 2841 2472 2911 quid
2509 2843 2703 2912 fugere
2729 2842 2953 2905 debeat,
2979 2844 3243 2896 omnium
3279 2842 3463 2899 oculis
3494 2845 3745 2915 subjicit.

2113 2930 2496 2985 Posteriorem
2528 2945 2681 2994 vero,
2742 2946 2867 3000 qua:
2897 2930 3079 2985 subest
3135 2932 3343 3000 angelis
3398 2933 3641 2997 Satanae,
3696 2943 3749 2989 et

2114 3021 2205 3073 via
2235 3018 2581 3073 tenebrarum
2625 3019 3088 3088 cognominatur,
3140 3019 3505 3090 explanando
3562 3023 3746 3093 palam

2115 3107 2210 3162 ille
2246 3108 2383 3161 facit
2413 3124 2540 3177 quae
2568 3106 2687 3161 sint
2714 3107 2872 3171 vitia,
2905 3113 2962 3161 et
2995 3107 3147 3161 mala
3176 3124 3370 3178 opera,
3414 3110 3629 3180 quibus
3662 3112 3747 3164 in-

2116 3196 2355 3267 quinata
2396 3197 2590 3251 anima
2632 3196 2815 3266 poenis
2861 3196 3072 3251 inferni
3103 3198 3407 3253 addicitur.
3454 3203 3751 3255 Postremo

2120 3290 2181 3339 ut
2238 3285 2537 3355 imperatis
2595 3285 2810 3340 divinis
2868 3301 3086 3339 morem
3129 3292 3353 3356 gerant,
3389 3288 3750 3351 adhortatur,

2118 3378 2631 3445 comprecaturque
2680 3379 2741 3427 ut
2774 3375 2866 3428 sui
2918 3372 3291 3429 meminerint
3340 3376 3494 3447 apud
3550 3378 3751 3443 Deum,

2116 3464 2287 3534 cujus
2325 3462 2379 3516 in
2432 3463 2627 3533 gracia
2670 3466 2734 3516 ut
2781 3479 3011 3533 semper
3065 3466 3361 3531 maneant,
3411 3465 3751 3536 expetendo,

2114 3550 2383 3622 Epistolas
2414 3550 2747 3605 coronidem
2779 3552 3041 3622 imponit.

2680 3639 3083 3694 ARTICULUS
3120 3641 3183 3693 [Ι.

2116 3731 2271 3783 Hanc
2299 3730 2590 3796 epistolam
2618 3728 2875 3801 eamdem
2922 3744 3051 3797 esse,
3097 3744 3222 3801 quae
3250 3731 3322 3784 ab
3352 3731 3753 3801 antiquissimis

2504 3800 2756 3854 Ecclesia:
2786 3801 3047 3854 Patribus
3087 3800 3365 3856 laudatur.

2186 3893 2423 3944 Constat
2446 3888 2759 3959 Epistolam
2794 3888 2944 3943 hanc
2991 3890 3254 3943 eamdem
3288 3906 3436 3956 esse,
3469 3906 3647 3959 quam
3682 3890 3755 3945 ab

2119 3978 2664 4049 antiquissimorum
2684 3977 2945 4033 Ecclesia
2978 3982 3305 4049 temporum
3330 3979 3601 4035 Patribus
3629 3979 3761 4033 Bar-

2118 4068 2280 4121 nabas
2312 4067 2549 4121 nomine
2580 4066 2815 4121 citatam
2843 4067 3022 4121 fuisse
3044 4084 3111 4121 ex
3135 4068 3473 4122 eorumdem
3504 4069 3766 4124 testimo-

2119 4156 2232 4210 niis
2284 4154 2524 4226 planum
2576 4156 2659 4209 ﬁt.
2695 4156 2755 4209 Id
2791 4161 2986 4211 autem
3016 4156 3103 4211 vel
3153 4174 3221 4212 ex
3273 4156 3397 4211 sola
3444 4155 3761 4211 Clementis

2118 4245 2367 4299 Alexand
2380 4245 2489 4298 rini
2522 4244 2861 4300 auctoritate
2885 4245 3267 4299 invictissime
3297 4246 3755 4301 demonstratur.

2122 4337 2276 4399 Quos
2305 4334 2458 4388 enim
2490 4350 2558 4387 ex
2605 4350 2669 4388 ea
2698 4333 2855 4388 locos
2888 4334 3148 4405 protulit,
3184 4335 3220 4387 ii
3252 4352 3320 4388 ex
3352 4334 3617 4405 Epistolas
3648 4334 3759 4388 ini-

2122 4422 2222 4486 tio,
2257 4422 2355 4477 ubi
2395 4424 2589 4477 Grzeca
2642 4422 2817 4477 verba
2846 4422 3052 4489 deleta,
3103 4428 3277 4492 atque
3307 4438 3375 4476 ex
3432 4423 3643 4489 medio,
3694 4438 3759 4475 ac

2123 4513 2356 4567 tandem
2391 4529 2458 4566 ex
2489 4513 2621 4577 ﬁne,
2658 4513 2756 4565 ubi
2789 4512 2987 4565 Latina
3013 4513 3411 4583 interpretatio
3432 4512 3645 4579 deﬁcit,
3666 4527 3762 4564 ex-

2123 4606 2351 4672 cerptos
2382 4618 2508 4655 esse
2567 4601 3111 4655 manifestissimum
3145 4606 3251 4655 est.
3312 4600 3533 4654 Erravit
3587 4600 3765 4671 igitur

373 4723 520 4777 pura
575 4705 959 4773 induendum,
994 4706 1179 4777 spinis
1240 4706 1685 4774 coronandum;
1737 4709 1835 4763 sed
1896 4708 2003 4763 haec

2126 4691 2389 4762 Moynius
2416 4691 2477 4759 ιδ,
2510 4689 2857 4744 Calvinianze
2907 4694 3074 4743 sectae
3107 4689 3247 4743 olim
3280 4689 3623 4757 Rothomagi
3656 4688 3764 4741 mi-

372 4794 570 4849 omnia
616 4795 812 4850 surdis
850 4795 1186 4850 Judaeorum
1238 4796 1483 4850 auribus
1513 4796 1842 4851 decantata.
1878 4797 2015 4853 Inde

373 4888 571 4938 autem
603 4882 824 4955 colligit
854 4900 1021 4938 aures
1044 4882 1233 4939 cordis
1264 4883 1784 4953 circumcidendas,
1820 4886 2015 4941 docet-

373 4989 486 5043 que
516 4972 1019 5028 circumcisionem
1037 4972 1374 5028 Judzeorum
1399 4974 1783 5045 antiquatam,
1810 4974 2016 5029 Mosai-

374 5077 591 5132 casque
628 5060 809 5132 leges,
842 5061 1058 5131 quibus
1089 5060 1200 5115 cibi
1235 5060 1497 5115 nonnulli
1534 5062 2013 5133 prohibebantur,

373 5149 663 5221 spirituali
696 5166 872 5203 sensu
900 5147 1333 5220 intelligendas.
1359 5150 1495 5204 Post
1514 5149 1633 5203 haec
1665 5152 1920 5206 ostendit
1943 5153 2015 5207 ab

374 5239 582 5294 iisdem
632 5238 931 5311 prophetis
988 5238 1229 5309 insuper
1276 5239 1731 5309 praenuntiatum
1784 5242 1903 5295 fore
1956 5246 2019 5296 ut

370 5328 558 5382 Judaei
581 5343 687 5382 nec
718 5326 927 5381 Christi
960 5327 1247 5398 baptismo
1294 5327 1688 5394 abluerentur,
1724 5346 1827 5383 nec
1886 5346 2015 5384 cru-

372 5430 497 5469 cem
531 5417 659 5485 ejus
691 5420 1091 5487 agnoscerent,
1116 5419 1292 5485 atque
1323 5415 1393 5469 ob
1423 5415 1687 5485 ejusdem
1713 5416 1921 5470 Christi
1946 5418 2017 5471 ab

373 5501 488 5558 illis
517 5505 807 5574 ejuratam
839 5501 1201 5559 divinitatem
1232 5502 1561 5559 exhaeredes
1603 5504 1765 5572 facti,
1816 5506 1872 5559 in
1922 5522 2017 5561 e0-

450 5684 491 5719 “
523 5684 703 5741 Varia
726 5698 900 5741 sacra.

2126 4780 2329 4847 nister,
2362 4779 2461 4850 qui
2488 4777 2862 4849 posteriorem
2897 4777 3074 4847 hujus
3104 4777 3370 4848 Epistolas
3406 4782 3625 4846 partem
3659 4791 3763 4829 nec

2126 4869 2390 4938 ejusdem
2425 4868 2747 4938 scriptoris,
2783 4883 2886 4919 nec
2919 4868 3180 4937 ejusdem
3231 4866 3363 4937 styli
3396 4882 3459 4919 ac
3512 4865 3762 4936 priorem

2125 4957 2305 5012 videri
2330 4957 2643 5011 arbitratus
2676 4960 2782 5009 est.
2839 4956 2997 5009 Hanc
3031 4956 3245 5027 quippe
3278 4956 3467 5025 ipsam
3517 4959 3760 5025 partem,

2127 5052 2335 5117 praeter
2365 5049 2751 5099 memoratum
2784 5044 3136 5098 Clementem
3171 5045 3241 5097 ab
3287 5043 3520 5115 Origine
3552 5043 3761 5113 Grego-

2127 5136 2325 5205 rioque
2354 5133 2711 5187 Nazianzeno
2739 5134 2939 5187 eodem
2967 5133 3239 5187 Barnabas
3271 5132 3506 5186 nomine
3529 5132 3764 5185 citatam

2127 5224 2397 5295 legimus.

2685 5311 3085 5366 ARTICULUS
3122 5312 3213 5365 Ill.

2131 5408 2206 5458 De
2251 5407 2469 5457 auctore
2522 5402 2687 5471 hujus
2733 5401 2986 5483 epistolae
3041 5403 3395 5470 antiquorum
3437 5400 3765 5467 scriptorum

2793 5475 3081 5542 opiniones
3096 5520 3099 5523 ,

2198 5564 2341 5618 Tota
2371 5561 2549 5633 igitur
2581 5562 2650 5616 de
2680 5559 2788 5616 hac
2820 5560 3075 5633 Epistola
3106 5558 3421 5617 difﬁcultas
3453 5556 3512 5612 in
3544 5572 3609 5613 eo
3640 5573 3763 5613 ver-
