4014 6202
228 389 344 449 675

1394 383 1457 443 S.
1502 378 1919 443 BARNABAS
1963 380 2445 447 APOSTOLUS.

3499 385 3625 449 676

223 526 407 585 satur,
442 522 639 574 utrum
671 534 705 572 a
760 518 1024 572 Barnaba
1078 515 1357 587 apostolo,
1407 517 1578 586 cujus
1632 515 1859 599 prafert
1889 516 1944 582 Α
1974 515 2134 570 nabae
2193 518 2425 588 penitus
2477 518 2833 589 abjudicant,
2868 522 2924 574 et
2980 518 3372 591 apocrypham
3434 524 3623 592 atque

228 625 461 674 nomen,
494 624 624 663 vere
654 606 906 678 profecta
934 606 1031 661 sit.
1064 605 1189 660 Non
1220 620 1335 661 una
1377 605 1669 676 siquidem
1699 621 1765 659 ea
1795 605 1866 659 de

224 715 285 753 re
343 696 718 769 antiquorum
775 694 1040 750 Ecclesia;
1090 698 1327 750 Patrum
1389 695 1498 749 fuit
1554 693 1861 749 sententia.

229 786 579 844 Posteriores
608 802 741 841 vero
776 785 1087 856 scriptores
1112 784 1171 838 in
1203 783 1399 855 plures
1430 784 1735 854 magisque
1774 782 1861 837 di-

222 893 422 932 versas
451 875 754 947 opiniones
785 873 1073 928 abierunt.
1098 872 1362 928 Clemens
1384 872 1595 927 etenim
1627 870 1865 927 Alexan-

224 966 431 1022 drinus
456 964 654 1020 nullus
684 978 945 1034 unquam
976 961 1260 1017 dubitavit
1290 978 1415 1016 eam
1434 977 1633 1016 verum
1653 961 1865 1032 genui-

231 1071 491 1127 numque
536 1054 714 1108 fetum
760 1068 888 1107 esse
938 1051 1222 1117 Barnabas,
1275 1066 1448 1121 quem
1508 1050 1863 1121 apostolum,

225 1146 416 1200 virum
449 1140 853 1213 apostolicum,
888 1157 1072 1195 unum
1103 1156 1170 1195 ex
1191 1140 1582 1212 septuaginta,
1614 1144 1671 1194 et
1702 1139 1865 1194 Pauli

227 1235 555 1305 adjutorem
581 1229 853 1303 appellat.
879 1230 1009 1284 Haec
1029 1229 1220 1284 videre
1246 1233 1331 1284 est
1352 1229 1410 1282 in
1440 1228 1596 1283 illius
1628 1228 1865 1284 Stroma-

221 1327 343 1377 tum
382 1319 545 1377 libris
604 1320 876 1385 secundo,
939 1318 1142 1389 quinto
1171 1322 1227 1373 et
1274 1322 1432 1373 sexto
1459 1318 1522 1371 ¹“¹.
1582 1317 1862 1373 Clementi

220 1415 415 1468 autem
475 1407 808 1481 praeceptori
866 1425 971 1463 suo
1023 1407 1373 1478 subscripsit
1423 1406 1733 1479 Origines:
1796 1425 1860 1463 ac

218 1504 419 1573 postea
446 1499 757 1571 Gregorius
776 1497 1171 1553 Nazianzenus
1193 1496 1457 1568 Origenis
1478 1496 1664 1567 ipsius
1686 1497 1861 1552 verba

218 1594 681 1659 transcribendo,
715 1594 773 1649 in
815 1596 1017 1649 eadem
1042 1610 1273 1665 quoque
1300 1593 1570 1665 opinione
1586 1611 1645 1647 se
1680 1594 1862 1649 fuisse

218 1684 373 1741 haud
409 1686 654 1739 obscure
686 1683 1061 1755 significavit.

292 1773 507 1829 Verum
541 1773 817 1827 adversus
841 1770 1192 1827 Clementem
1215 1788 1474 1843 pugnare
1493 1772 1718 1826 videtur
1751 1772 1859 1826 Eu-

225 1862 423 1937 sebius
449 1863 489 1897 ¹³
512 1880 525 1930 ;
552 1859 1026 1933 quandoquidem
1051 1861 1149 1915 ubi
1172 1861 1243 1914 de
1260 1860 1522 1930 ejusdem
1542 1859 1858 1915 Clementis
1889 1892 1935 1955 B

218 1950 502 2021 Operibus
557 1966 885 2004 sermonem
942 1949 1232 2004 instituit:
1271 1950 1329 2003 In
1376 1948 1588 2014 iisdem,
1643 1948 1855 2019 inquit,

214 2032 374 2086 libris
391 2032 551 2102 aﬂert
568 2030 885 2085 testimonia
902 2030 1336 2099 Scripturarum,
1361 2043 1486 2099 quae
1512 2046 1550 2083 ιι
1570 2028 1859 2082 nonnullis

217 2120 595 2191 repudiantur,
628 2134 820 2191 nempe
847 2135 919 2172 ea:
949 2118 1245 2189 Sapientia
1278 2117 1749 2182 Salomonis,item
1788 2134 1858 2172 ex

217 2209 463 2278 Epistola
496 2208 790 2263 Clementis
837 2224 905 2263 ac
948 2207 1235 2263 Barnabas.
1272 2207 1339 2261 Et
1388 2206 1560 2277 paulo
1612 2210 1741 2277 post
1772 2206 1854 2260 ‘9:

110 2358 111 2361 η
218 2297 360 2352 Idem
390 2299 449 2353 in
476 2297 632 2352 libris
668 2295 1090 2348 ’Υποτυπώσεων
1141 2297 1408 2362 omnium,
1440 2299 1503 2348 ut
1545 2312 1652 2349 uno
1699 2295 1857 2349 verbo

215 2387 413 2457 dicam,
446 2388 730 2455 utriusque
783 2387 1107 2439 Testamcnti
1151 2386 1553 2454 scripturarum
1606 2400 1854 2455 compen-

216 2476 422 2531 diosam
454 2478 681 2530 instruit
710 2476 1108 2540 narrationem,
1144 2490 1212 2528 ne
1234 2474 1348 2528 illis
1378 2473 1597 2543 quidem
1626 2480 1856 2543 praeter-

212 2568 396 2621 missis
425 2566 736 2636 scripturis,
787 2564 851 2619 de
889 2565 1084 2634 quibus
1128 2564 1272 2617 inter
1302 2564 1500 2617 multos
1530 2564 1853 2631 ambigitur,

210 2655 365 2711 Judz
395 2654 711 2725 Epistolam,
744 2657 793 2708 et
845 2652 1130 2721 Barnabas,
1180 2668 1243 2705 ac
1274 2653 1514 2721 reliquas
1561 2652 1856 2706 catholicas

212 2743 488 2813 Epistolas
514 2741 787 2811 intelligo.
840 2741 989 2795 Tum
1049 2740 1301 2810 denique
1331 2756 1399 2793 ex
1431 2756 1538 2794 sua
1591 2740 1676 2794 sic
1731 2739 1856 2809 ipse

212 2830 501 2887 sententia
532 2830 870 2902 pronuntiat
897 2831 981 2883 ὀε
1026 2831 1135 2883 Pro
1180 2830 1385 2900 spuriis
1439 2829 1675 2883 habendi
1725 2833 1855 2883 sunt

212 2922 377 2975 etiam
407 2919 566 2973 Actus
621 2920 852 2973 Pauli...
906 2917 1178 2973 Barnabm
1220 2919 1353 2971 item
1382 2918 1638 2988 Epistola.
1695 2917 1855 2973 Unde

210 3007 505 3079 intelligas
538 3007 874 3072 Eusebium,
908 3007 1295 3079 quorumdam
1330 3007 1727 3077 antiquiorum
1753 3024 1854 3063 ve-

216 3096 406 3169 stigiis
438 3096 791 3164 inbzerendo,
840 3094 1157 3168 Epistolam
1188 3095 1462 3150 Barnabas
1495 3112 1595 3167 pro
1654 3097 1856 3167 spuria

214 3185 511 3241 habuisse.
546 3186 931 3257 Hieronymus
961 3201 1093 3239 vero
1115 3186 1158 3218 ²¹
1192 3183 1351 3238 illam
1374 3185 1520 3238 inter
1534 3186 1855 3253 Scripturas

209 3276 550 3347 apocryphas
607 3274 887 3330 amandat.
948 3275 1193 3344 Uterque
1251 3290 1419 3344 porro
1467 3274 1848 3349 Nicephorus,
1882 3261 1924 3327 C

210 3363 891 3436 Constantinopolitanus
919 3361 1141 3417 scilicet
1199 3366 1373 3433 atque
1429 3363 1708 3432 Calixtus,
1742 3366 1852 3421 Eu-

210 3452 354 3507 sebii
384 3452 558 3508 verba
601 3467 957 3522 sensumque
988 3452 1272 3522 expressit
1304 3468 1315 3504 :
1351 3452 1451 3505 sed
1484 3469 1746 3523 quisnam
1780 3455 1856 3509 sit

213 3541 444 3597 Eusebii
478 3558 541 3596 ac
571 3542 903 3613 Hieronymi
932 3542 1001 3595 de
1022 3540 1484 3612 apocryphorum
1518 3542 1853 3598 definitione

216 3630 432 3702 opinio,
467 3630 657 3685 adhuc
690 3636 779 3685 est
802 3631 860 3684 in
900 3630 1310 3685 controversia.

780 3718 1038 3774 ARTICU
1051 3718 1173 3773 LUS
1204 3719 1293 3773 1V.

600 3828 601 3833 η
680 3809 962 3864 Sententia
1003 3810 1391 3863 recentiorum.

281 3899 578 3964 Quantum
610 3898 681 3953 ad
716 3896 1081 3953 recentiores.
1112 3897 1275 3969 Hugo
1321 3898 1650 3965 Menardus,
1680 3904 1853 3955 Bene-

207 3986 439 4041 dictinze
472 3987 663 4059 gentis
702 3986 1045 4050 monachus,
1081 3986 1151 4040 de
1182 3986 1290 4040 hac
1320 3986 1577 4057 Epistola
1608 3986 1690 4042 sic
1720 4005 1850 4043 sen-

205 4075 276 4128 tit
308 4075 353 4108 ²²
410 4078 562 4143 Iure,
617 4075 823 4145 inquit,
874 4076 1017 4128 inter
1071 4076 1372 4145 scripturas
1428 4076 1764 4146 apocryphas
1818 4095 1852 4132 a

202 4163 382 4217 citatis
412 4164 727 4219 auctoribus
756 4168 1183 4218 connumeratur
1210 4184 1229 4229 ,-
1260 4172 1376 4218 tum
1422 4166 1553 4234 quia
1582 4183 1651 4219 an
1712 4168 1845 4221 Bar-

199 4251 356 4304 nabw
385 4253 475 4319 sit,
510 4254 787 4307 incertum
822 4261 900 4307 est
922 4269 941 4313 ,·
966 4260 1081 4307 tum
1110 4253 1241 4323 quia
1283 4253 1531 4323 quaedam
1561 4258 1848 4326 reperiun-

204 4346 295 4393 tur
326 4381 340 4406 ,
373 4357 491 4410 quae
519 4339 849 4413 difﬁcultate
876 4341 1101 4397 minime
1144 4346 1331 4395 carent
1357 4367 1370 4409 ;
1413 4342 1681 4413 siquidem
1710 4360 1849 4399 non-

202 4429 377 4483 nulla
430 4433 555 4483 sunt
609 4431 663 4484 in
722 4446 784 4485 ea
821 4430 1071 4496 salebrae,
1132 4429 1203 4484 ad
1255 4447 1389 4500 quas
1453 4434 1639 4488 minus
1701 4436 1851 4487 cauti

200 4518 469 4589 offendere
493 4520 720 4590 possint.
756 4523 869 4573 Nec
904 4518 1029 4585 ulli,
1089 4519 1308 4585 subdit,
1344 4520 1557 4574 mirum
1589 4538 1718 4577 esse
1746 4523 1844 4578 de-

1975 606 2409 675 supposititiam
2466 623 2593 663 esse
2639 608 3019 663 contendunt.
3064 607 3278 664 Contra
3324 625 3456 665 vero
3504 613 3623 664 Ha-

1974 694 2244 761 mondus,
2302 695 2566 760 Vossius,
2599 695 2802 752 Bullus
2857 700 2915 751 et
2970 696 3256 769 Dupinius
3312 714 3440 753 eam
3493 716 3613 755 non

1974 779 2151 836 alium
2182 799 2357 853 quam
2398 785 2721 841 Barnabam
2777 788 3070 841 auctorem
3123 786 3336 841 habere
3395 804 3623 859 propu-

1973 875 2175 941 gnant.

2548 963 2938 1021 ARTICULUS
2969 964 3032 1021 V.

2254 1051 2500 1106 Primum
2530 1058 2913 1124 argumentum
2954 1055 3330 1110 examinatur.

2043 1137 2149 1205 Qui
2181 1139 2491 1211 Epistolam
2528 1141 2679 1198 hanc
2706 1143 2980 1198 Barnaba
3019 1143 3380 1213 abjudicant,
3411 1142 3504 1199 his
3534 1143 3627 1199 ni-

1971 1232 2175 1283 tuntur
2203 1231 2584 1302 argumentis.
2618 1232 2686 1287 Et
2716 1232 2903 1304 primo
2931 1233 3169 1305 quidem
3194 1232 3233 1287 ii
3263 1232 3498 1289 Eusebii
3532 1237 3618 1287 at-

1972 1334 2085 1390 que
2123 1317 2477 1391 Hieronymi,
2528 1320 2629 1392 qui
2684 1336 2811 1375 eam
2842 1320 2911 1375 ad
2944 1320 3276 1393 apocrypha
3304 1324 3360 1375 et
3407 1320 3615 1393 spuria

1970 1406 2262 1479 ablegant,
2295 1408 2639 1463 auctoritate
2677 1425 2710 1464 a
2741 1408 2905 1464 nobis
2938 1409 3208 1480 superius
3230 1408 3405 1466 allata
3434 1414 3617 1466 utun-

1969 1499 2085 1550 tur.
2118 1496 2293 1550 Docet
2321 1496 2535 1568 quippe
2564 1497 2719 1551 idem
2762 1497 3149 1568 Hieronymus
3168 1499 3211 1533 ³³
3247 1516 3260 1553 :
3294 1498 3620 1571 Apocrypha

1967 1600 2155 1640 eorum
2184 1600 2291 1639 non
2324 1601 2439 1640 esse
2467 1601 2695 1656 quorum
2736 1586 2913 1641 titulis
2950 1591 3337 1657 praenotantur
3364 1604 3384 1640 :
3415 1586 3527 1653 vel,
3553 1592 3624 1642 ut

1969 1673 2130 1728 addit
2150 1673 2416 1729 Gelasius
2448 1689 2617 1746 papa,
2649 1672 2844 1743 aliquo
2874 1674 3217 1730 inﬁciuntur
3244 1692 3457 1731 errore.
3496 1675 3617 1730 Alii

1968 1768 2160 1818 tamen
2192 1768 2404 1835 negant
2450 1763 2679 1818 Eusebii
2728 1762 3179 1835 Hieronymique
3214 1764 3284 1820 de
3332 1764 3618 1820 Barnabas

1969 1850 2224 1923 Epistola
2263 1852 2436 1907 verba
2474 1852 2683 1907 debere
2722 1850 2997 1907 alterutro
3040 1868 3218 1908 sensu
3250 1852 3452 1925 accipi.
3485 1853 3619 1910 Non

1969 1940 2203 2010 quidem
2234 1941 2444 2011 primo,
2476 1957 2607 1995 cum
2642 1941 2962 2011 Epistolam
2992 1941 3144 1997 hanc
3175 1942 3453 1997 Barnabas
3500 1959 3617 1998 no-

1969 2030 2125 2085 mine
2157 2029 2394 2085 inscribi
2422 2046 2533 2084 non
2569 2030 2916 2097 inﬁcientur,
2951 2046 3016 2085 ac
3044 2030 3431 2103 Hieronymus
3477 2048 3612 2087 eam

1969 2137 1997 2173 ιι
2054 2120 2312 2174 Barnaba
2368 2119 2749 2189 compositam
2782 2135 2908 2175 esse
2957 2119 3226 2175 afﬁrmet.
3286 2124 3483 2191 Neque
3516 2137 3612 2176 se-

1966 2210 2176 2279 cundo,
2210 2225 2343 2264 cum
2375 2207 2537 2262 illam
2560 2224 2672 2262 non
2698 2212 2923 2263 tantum
2956 2208 3148 2264 omnis
3171 2211 3384 2265 erroris
3406 2225 3613 2280 exper-

1966 2303 2102 2367 tem,
2139 2299 2239 2353 sed
2265 2297 2438 2352 etiam
2471 2302 2534 2351 ut
2562 2296 2643 2351 ait
2672 2294 3057 2368 Hieronymus
3088 2299 3156 2364 2‘,
3185 2300 3262 2354 ad
3290 2298 3613 2368 tediﬁcatio-

1964 2404 2086 2442 nem
2115 2387 2369 2442 Ecclesiae
2397 2388 2759 2458 pertinentem
2786 2391 3100 2456 agnoscant.
3125 2387 3201 2442 Eo
3225 2387 3406 2460 igitur
3426 2402 3607 2443 sensu

1966 2493 2093 2531 eam
2147 2480 2390 2546 uterque
2449 2476 2709 2546 spuriam
2741 2479 2797 2531 et
2844 2476 3236 2548 apocrypham
3267 2492 3394 2532 esse
3434 2477 3603 2541 dixit,

1966 2566 2119 2636 quod
2150 2565 2301 2619 inter
2339 2564 2649 2619 canonicos
2684 2564 2893 2619 divinae
2935 2565 3243 2636 Scriptura:
3275 2564 3454 2621 libros
3488 2581 3609 2620 non

1967 2653 2400 2708 adnumeratur.

2036 2748 2249 2799 Verum
2282 2760 2351 2798 ex
2380 2744 2570 2813 posita
2599 2742 2736 2797 olim
2794 2742 2865 2797 ab
2896 2741 3223 2814 Augustino
3255 2742 3457 2814 regula
3507 2760 3608 2797 ur-

1964 2837 2104 2904 gent
2129 2848 2331 2886 eorum
2380 2831 2693 2886 adversarii
2735 2848 2749 2887 :
2775 2848 2841 2886 ea
2869 2847 3115 2902 quisque
3144 2831 3360 2902 scripta
3390 2832 3463 2887 ab
3494 2833 3607 2887 Ec-

1964 2921 2141 2978 clesia
2172 2920 2349 2993 recipi
2376 2920 2665 2986 debuisse,
2696 2936 2819 2990 quae
2849 2918 3158 2990 aquolibet
3203 2919 3461 2991 apostolo
3475 2936 3613 2991 pro-

1964 3008 2142 3064 diisse
2173 3007 2516 3064 constiterit.
2562 3008 2699 3061 Inde
2743 3007 2960 3079 quippe
2990 3012 3228 3063 sanctus
3278 3007 3374 3063 ille
3403 3008 3611 3064 doctor

1965 3103 2163 3155 contra
2211 3097 2607 3153 adversarium
2639 3096 2804 3169 Legis
2843 3101 2900 3151 et
2928 3097 3347 3168 Prophetarum
3396 3096 3606 3163 libros,

1962 3188 2199 3243 Andreae
2231 3191 2288 3243 et
2316 3186 2556 3242 Joannis
2585 3201 2796 3240 nomen
2828 3186 3216 3256 praeferentes,
3248 3186 3610 3257 apocrypbos

1962 3294 2090 3334 esse
2120 3277 2325 3349 probat
2352 3277 2417 3341 π,
2451 3274 2589 3346 quia
2614 3276 2663 3329 si
2699 3276 2923 3330 illorum
2949 3284 3142 3345 essent,
3198 3278 3398 3346 recepti
3427 3281 3609 3331 essent

1962 3367 2032 3422 ab
2064 3367 2317 3421 Ecclesia.
2353 3365 2513 3431 Quod
2536 3364 2585 3418 si
2616 3364 2967 3433 respondeas
2999 3364 3285 3435 quosdam
3308 3365 3609 3436 putavisse

1964 3456 2112 3511 hanc
2142 3453 2460 3525 Epistolam
2494 3454 2643 3508 inter
2673 3452 3002 3524 Scripturas
3035 3453 3345 3508 canonicas
3377 3454 3449 3507 ab
3477 3452 3610 3508 Ori-

1962 3561 2106 3616 gene
2136 3542 2481 3614 computari,
2535 3547 2710 3613 atque
2746 3557 2811 3596 eo
2843 3542 2899 3595 in
2934 3558 3178 3597 numero
3233 3541 3291 3595 in
3343 3542 3613 3613 antiquis

1961 3633 2297 3688 earumdem
2328 3631 2760 3703 Scripturarum
2792 3630 3069 3702 catalogis
3112 3630 3389 3702 reperiri:
3424 3630 3611 3686 insta-

1961 3724 2110 3778 bunt
2149 3722 2358 3777 iisdem
2386 3720 2445 3774 in
2476 3718 2757 3791 catalogis
2788 3718 2933 3775 alios
2964 3719 3168 3774 itidem
3201 3718 3383 3774 libros
3441 3734 3611 3791 repe-

1962 3812 2082 3877 riri,
2115 3810 2214 3882 qui
2248 3828 2350 3882 pro
2381 3809 2674 3864 canonicis
2702 3825 3003 3879 nunquam
3024 3808 3205 3863 habiti
3222 3813 3395 3875 sunt;
3431 3813 3612 3879 atque

1961 3899 2224 3971 Origenis
2280 3898 2471 3953 verbis
2528 3898 2584 3952 id
2635 3898 2787 3968 quod
2838 3897 3024 3963 aiunt,
3077 3896 3235 3951 nullo
3285 3896 3612 3969 significari

1962 3990 2132 4044 modo
2166 3988 2536 4044 contendent.

2032 4074 2617 4145 Respondentitaque
2637 4072 2731 4128 alii
2758 4074 3081 4129 secundum
3104 4072 3419 4145 Augustini
3443 4088 3611 4127 men-

1958 4171 2098 4234 tem,
2158 4181 2273 4219 non
2323 4162 2521 4218 omnia
2570 4163 2809 4218 omnino
2841 4160 3261 4233 apostolorum,
3292 4158 3379 4214 vel
3412 4158 3612 4229 potius

1958 4253 2409 4326 apostolicorum
2440 4251 2718 4317 virorum,
2751 4250 2921 4305 sicuti
2948 4248 3248 4314 Barnabas,
3280 4248 3500 4318 scripta
3543 4247 3609 4301 in

1958 4342 2371 4399 canonicorum
2395 4355 2703 4394 numerum
2722 4354 2848 4394 esse
2872 4338 3208 4403 referenda;
3230 4338 3605 4409 quandoqui-

1958 4434 2087 4488 dem
2122 4435 2179 4486 et
2207 4430 2355 4485 liber
2383 4430 2623 4495 Hermes,
2657 4432 2713 4482 et
2733 4426 3044 4482 Clementis
3076 4426 3320 4481 Romani
3345 4424 3607 4497 Epistola

1957 4523 2111 4577 hunc
2165 4521 2225 4574 in
2276 4534 2588 4574 numerum
2661 4516 2902 4571 minime
2949 4516 3301 4571 referuntur.
3368 4514 3610 4569 Addunt

201 4609 316 4679 bet,
350 4609 505 4679 quod
538 4607 639 4663 illa
670 4623 772 4663 nec
804 4625 836 4663 a
866 4607 1179 4675 Clemente,
1219 4624 1322 4663 nec
1354 4609 1425 4663 ab
1448 4610 1693 4681 Origene
1715 4628 1847 4682 apo-
1878 4630 1923 4694 Ι)
1956 4614 2233 4683 praeterea
2262 4625 2376 4663 non
2398 4624 2464 4663 eo
2488 4608 2613 4678 ipso
2638 4606 2918 4694 scriptum
2938 4604 3175 4676 aliquod
3198 4602 3607 4694 proicanonico

200 4698 418 4769 crypha
491 4701 817 4763 censeatur,
892 4696 1156 4766 siquidem
1232 4698 1544 4767 hujusmodi
1599 4709 1847 4756 auctores

200 4793 437 4841 utuntur
492 4786 835 4857 apocryphis.
912 4785 1182 4840 Fluctuat
1255 4786 1451 4841 animo
1504 4787 1846 4857 Cotelerius,

206 4876 572 4945 summisque
611 4891 672 4929 se
705 4875 784 4929 ait
804 4873 1249 4929 difficultatibus
1295 4876 1845 4947 praepediriquomi-

205 4982 317 5019 nus
339 4963 614 5017 Barnabas
646 4979 774 5017 eam
807 4963 1107 5027 attribuat,
1140 4980 1317 5035 quam
1376 4968 1571 5018 tamen
1606 4965 1687 5019 illi
1720 4981 1841 5020 om-

204 5055 343 5110 nino
374 5055 652 5125 abrogare
684 5071 797 5109 non
838 5054 1031 5109 audet.
1068 5054 1143 5109 Re
1193 5059 1387 5109 autem
1445 5071 1748 5125 perpensa,
1786 5057 1841 5110 in

202 5144 359 5198 hunc
390 5142 686 5197 concludit
716 5144 989 5197 modum:
1024 5143 1130 5213 Ego
1165 5144 1339 5214 magis
1371 5143 1598 5210 inclino,
1627 5152 1687 5198 ut
1716 5160 1841 5199 cen-

195 5248 349 5288 seam
376 5248 488 5287 non
518 5248 630 5286 esse
660 5230 897 5302 apostoli
921 5249 942 5292 ;
966 5232 1387 5303 profiteturque
1418 5248 1479 5286 se
1510 5233 1728 5303 gratias
1771 5234 1843 5289 iis

1956 4699 2311 4767 habendum,
2344 4696 2498 4767 quod
2532 4695 2603 4749 ab
2635 4693 2890 4766 apostolo
2923 4694 3199 4765 quopiam
3231 4692 3457 4748 editum
3494 4691 3605 4753 sit;

1954 4789 2055 4843 sed
2096 4788 2152 4842 id
2183 4786 2424 4857 insuper
2462 4783 2729 4839 Ecclesize
2759 4783 3099 4839 deﬁnitione
3142 4781 3465 4838 renuntiari
3497 4781 3602 4836 de-

1954 4877 2088 4932 bere
2128 4878 2482 4930 asseverant.

2024 4971 2139 5021 Nos
2167 4968 2362 5019 autem
2409 4961 2725 5033 Augustini
2769 4966 3018 5016 mentem
3054 4978 3121 5016 ex
3153 4960 3288 5027 alia,
3325 4976 3501 5031 quam
3533 4960 3606 5014 de

1951 5054 2116 5109 libris
2147 5050 2494 5124 apocryphis
2525 5050 2748 5119 statuit,
2794 5049 3023 5104 certiori
3075 5049 3277 5121 regula
3309 5048 3603 5120 explican-

1951 5145 2085 5198 dam
2107 5158 2234 5198 esse
2261 5156 2586 5195 censemus.
2618 5140 2759 5194 Cum
2792 5138 2945 5193 enim
2978 5139 3102 5210 ipse
3142 5138 3473 5193 accuratius
3499 5138 3608 5191 de-

1952 5234 2080 5288 tinit
2119 5232 2253 5303 quis
2283 5230 2431 5285 liber
2475 5229 2756 5283 dicendus
2796 5228 2874 5282 sit
2921 5227 3290 5300 apocryphus
3316 5228 3401 5281 26:
3450 5227 3600 5280 Scri-

200 5321 569 5387 habiturum,
602 5321 700 5391 qui
740 5318 1033 5377 voluerint
1061 5323 1294 5375 certiora
1318 5321 1585 5391 proferre.
1620 5321 1842 5377 Natalis
1949 5332 2130 5392 pturae
2180 5318 2527 5392 apocrypha
2587 5317 2796 5387 inquit,
2861 5325 3271 5388 nuncupantur,
3331 5331 3391 5370 eo
3464 5316 3607 5387 quod

195 5427 328 5466 vero
358 5409 701 5476 Alexander,
735 5413 1211 5480 memoratusque
1230 5409 1497 5481 Moynius
1516 5409 1677 5464 illam
1702 5415 1839 5465 Bar-

1948 5411 2161 5467 occulta
2210 5425 2404 5464 earum
2448 5407 2600 5475 origo
2647 5422 2756 5461 non
2785 5408 2990 5461 claruit
3042 5406 3295 5461 Patribus
3325 5422 3361 5459 a
3409 5404 3607 5475 quibus

272 5537 314 5571 ¹⁷
351 5535 494 5589 Vide
551 5552 730 5607 supra
791 5536 1436 5607 Testimoniaiveterum.
1517 5536 1571 5607 “‘7
1617 5535 1741 5607 Lib.
1799 5552 1854 5591 vr

1969 5539 2071 5601 ist,
2131 5552 2271 5607 cap._
2324 5534 2409 5607 i3.
2490 5532 2544 5607 ”_
2588 5529 2704 5607 lib.
2739 5548 2824 5596 ιιι,
2896 5547 3023 5607 cap.
3080 5532 3183 5607 25.Δ
3246 5532 3291 5565 ²⁰
3350 5529 3518 5597 lbid.,
3552 5545 3603 5607 c:

202 5608 288 5662 14.
365 5608 407 5642 ²¹
436 5612 517 5661 De
572 5605 769 5677 script.
802 5608 986 5661 eccles.
1066 5607 1110 5640 ²²
1143 5606 1368 5678 Ριιεεῖειῐ.
1414 5607 1475 5660 in
1534 5605 1715 5678 Epist.
1771 5607 1851 5662 Ba

1969 5609 2022 5665 b.
2097 5616 2142 5649 23

2220 5605 2355 5678 pist.
2388 5603 2549 5678 7Lad
2603 5606 2832 5678 Laetam.
2859 5673 2879 5678 Α
2909 5600 3050 5678 ἦνθε
3075 5604 3260 5675 script.
3292 5608 3478 5659 eccles.
3559 5600 3605 5636 ³⁸

200 5680 322 5759 Lib.
358 5694 396 5749 ι,
427 5681 617 5735 contra
645 5673 854 5735 advers.
887 5679 1045 5750 Legis
1071 5682 1124 5736 et
1151 5677 1409 5751 Prophet.
1444 5673 1680 5751 cap—20.
1765 5680 1808 5714 ’⁸
1838 5680 1962 5739 Lib.
1986 5696 2057 5737 xv
2085 5679 2155 5735 De
2180 5673 2403 5735 civitate
2428 5674 2545 5741 Dei,
2576 5690 2702 5747 cap.
2731 5674 2823 5747 23,
2853 5673 2884 5748 §
2914 5675 2964 5732 4.
