4014 6202
354 406 475 465 677

1751 400 2362 464 PROLEGOMENA.

3626 411 3745 470 678

359 553 534 609 usque
563 536 633 592 ad
662 552 757 591 nos
787 536 1079 592 auctoritas
1109 536 1389 592 veracium
1426 537 1843 607 Scripturarum
1872 551 1995 591 cer-
2023 536 2079 601 Α
2108 534 2409 589 contrariae
2440 535 2736 589 sententias
2768 540 3227 607 pr0pugnatores
3276 556 3340 592 ac
3386 540 3609 610 patroni
3652 558 3742 596 re-

360 628 579 682 tissima
606 629 659 681 et
686 626 971 682 notissima
998 626 1337 681 successione
1361 626 1632 696 pervenit.
1652 625 1731 680 Ex
1761 624 1867 680 hac
1899 642 1999 680 au-

361 721 481 771 tem
531 714 667 769 libri
710 713 1022 787 apocryphi
1070 713 1407 770 deﬁnitione
1470 719 1626 769 recte
1673 714 2001 770 adversario

362 804 681 873 suo,lihros
708 803 947 859 Andreas
977 808 1035 858 et
1062 802 1305 859 Joannis
1346 802 2000 875 objicientirespondet,

365 910 465 950 eos
493 892 664 965 plane
694 908 822 948 esse
851 891 1213 964 apocryphos
1236 908 1249 958 ;
1274 890 1413 963 quia
1451 891 1500 945 si
1533 891 1606 945 ab
1648 891 1721 947 iis
1752 907 2000 963 quorum

371 986 536 1038 tanta
560 986 685 1038 erat
731 981 887 1054 apud
933 980 1252 1035 Ecclesiam
1302 980 1638 1045 auctoritas,
1691 996 1823 1035 vere
1869 996 2000 1051 pro-

367 1072 636 1138 diissent,
669 1070 727 1124 id
759 1074 815 1126 et
845 1069 1113 1125 Patribus
1143 1073 1534 1141 perspectum,
1558 1073 1615 1125 et
1645 1070 1715 1125 ab
1750 1068 2003 1125 Ecclesia

367 1159 576 1216 fuisset
623 1162 946 1230 receptum.
995 1160 1358 1230 Quapropter
1413 1174 1545 1212 cum
1607 1175 1637 1213 e
1712 1158 2000 1213 contrario

367 1248 527 1321 origo
573 1246 828 1319 epistolae
873 1246 1149 1302 Barnaba
1199 1245 1488 1316 Patribus,
1542 1246 1818 1302 nimirum
1877 1246 1999 1301 Cle-

364 1336 568 1403 menti,
599 1335 832 1407 Origeni
861 1340 1036 1406 atque
1086 1333 1217 1390 aliis
1246 1334 1541 1401 claruerit,
1577 1352 1645 1390 ex
1677 1333 1853 1390 allata
1880 1337 1996 1390 Au-

366 1425 586 1497 gustini
618 1424 955 1479 definitione
984 1423 1137 1479 inter
1162 1422 1518 1495 apocryphas
1551 1423 1869 1495 scripturas
1900 1441 2002 1479 an-

366 1514 664 1570 numerari
710 1530 822 1568 non
856 1514 1047 1568 debet.

918 1627 1321 1683 ABTICULUS
1359 1628 1453 1684 VI.

643 1717 947 1774 Secundum
966 1721 1345 1787 argumentum
1374 1716 1725 1789 expenditur.

438 1826 772 1881 Secundum
799 1828 1231 1896 argumentum,
1262 1840 1376 1895 quo
1421 1824 1539 1878 haec
1571 1822 1828 1895 Epistola
1859 1824 2000 1878 Bar-

2110 624 2417 695 spondent,
2446 624 2567 679 hzec
2595 624 2769 679 verba
2798 642 2913 680 non
2940 625 3175 680 omnino
3224 627 3296 681 ad
3338 626 3611 697 litteram,
3644 630 3746 685 sed

2109 711 2419 783 benignius
2445 712 2799 783 accipienda,
2834 714 3097 785 nihilque
3128 715 3287 770 aliud
3331 732 3537 772 sonare
3567 735 3745 788 quam

2110 800 2426 872 apostolos,
2450 802 2602 872 quod
2635 802 2871 873 quidem
2903 820 3103 858 verum
3134 809 3388 869 est,ante
3425 807 3748 864 conversio-

2111 906 2244 945 nem
2266 907 2435 945 suam
2465 890 2649 945 multa
2680 908 3013 963 magnaque
3042 908 3333 964 peccasse.

2182 978 2297 1034 Nos
2322 995 2452 1033 vero
2488 979 2593 1034 hoc
2622 979 2776 1034 idem
2809 985 3219 1052 argumentum
3249 983 3320 1036 ab
3350 983 3596 1055 Origene
3620 986 3745 1055 jam

2110 1066 2249 1122 olim
2279 1066 2458 1122 fuisse
2479 1067 2730 1122 dilutum
2778 1070 3200 1140 respondemus
3222 1071 3438 1125 παρη]
3452 1072 3609 1127 enim
3632 1077 3745 1144 for-

2108 1160 2247 1210 tasse
2275 1154 2475 1211 Celsus
2507 1172 2574 1211 ex
2604 1155 2810 1212 iisdem
2846 1157 3101 1213 auctoris
3144 1160 3327 1213 nostri
3374 1161 3567 1215 verbis
3595 1178 3747 1218 occa-

2108 1248 2337 1312 sionem,
2371 1244 2499 1317 ipso
2529 1249 2673 1300 teste
2702 1245 2967 1317 Origene,
3001 1248 3345 1318 arripuisset,
3378 1252 3435 1302 ut
3482 1252 3747 1320 apostolos

2112 1336 2342 1405 infames
2365 1342 2419 1389 et
2445 1335 2800 1406 nequissimos
2830 1335 3045 1404 diceret,
3072 1337 3254 1391 Jesum
3283 1336 3353 1391 ad
3396 1337 3751 1408 apostolicam

2108 1424 2447 1494 functionem
2472 1425 2696 1492 elegisse
2724 1424 2969 1480 homines
2998 1428 3152 1480 omni
3196 1426 3486 1497 iniquitate
3515 1430 3754 1499 iniquio-

2112 1528 2199 1567 res
2218 1530 2238 1574 ;
2269 1512 2351 1567 sic
2380 1512 2568 1581 illum,
2594 1518 2650 1567 et
2666 1513 2901 1583 quidem
2933 1514 3196 1585 apposite
3227 1516 3298 1569 ad
3332 1532 3451 1570 rem
3486 1521 3748 1573 nostram

2111 1602 2372 1657 confutet
2405 1618 2417 1655 :
2452 1603 2596 1670 Quid
2626 1603 2796 1672 igitur
2822 1602 3065 1671 absurdi,
3097 1605 3148 1658 si
3173 1606 3326 1659 Jesus
3356 1606 3631 1661 ostendere
3656 1624 3751 1661 vo-

2112 1692 2227 1746 lens
2257 1692 2493 1746 ltumano
2521 1694 2716 1761 generi
2743 1697 3007 1761 quantum
3063 1694 3180 1763 ejus
3235 1694 3508 1749 medicina
3555 1701 3749 1751 contra

2110 1789 2287 1849 pestes
2316 1783 2631 1835 animarum
2659 1781 3131 1852 polleat,infames
3161 1786 3211 1837 et
3241 1785 3599 1854 nequissimos
3629 1785 3748 1841 ele-
3792 1780 3793 1785 “

439 1871 772 1925 “’“’“’““ἶ““”ῗ
800 1871 1231 1923 ”’⁰“ἶ””““””
1265 1871 1372 1895 “¹“⁷
1422 1871 1538 1878 ””⁷
1571 1871 1828 1895 ’”¹”””’“
1858 1871 1959 1924 Τ”“
2110 1872 2212 1940 git,
2242 1877 2302 1924 ut
2327 1885 2539 1924 morum
2590 1871 3011 1941 purissimorum
3057 1871 3369 1942 exemplum
3416 1873 3602 1928 ﬁerent
3630 1891 3755 1929 am-

366 1916 532 1971 nabze
564 1913 1091 1985 abjudicetumnde
1121 1913 1495 1982 desumptum
1519 1915 1789 1984 est,quod
1820 1912 2007 1967 videa-
2038 1904 2081 1967 Β
2116 1960 2469 1985 Μωυμηλω
2522 1960 2632 1985 “.m
2692 1958 3047 1985 “nunan
3138 1960 3290 1985 ωτι-ε,
3330 1977 3457 1985 ημ
3488 1963 3549 1985 Α
3572 1964 3721 1985 ηψπ

366 2011 465 2060 tur
495 2002 835 2058 incredibile
865 2000 1193 2073 apostolum
1225 2017 1322 2055 cas
1367 2002 1699 2073 scripsisse,
1746 2019 1893 2073 quas
1927 2002 2005 2056 ibi

364 2091 647 2164 legimus,
680 2096 911 2145 coactas
945 2090 1224 2145 nimirum
1246 2088 1575 2162 allegorias,
1609 2091 2006 2145 enarrationes

362 2182 797 2253 Scripturarum
814 2180 1007 2234 minus
1020 2178 1695 2251 verisimiles,anilesque
1708 2180 1778 2234 de
1791 2180 2009 2235 anima-

362 2272 518 2325 libus
535 2268 781 2324 fabulas.
802 2268 1133 2339 Respondet
1157 2267 1514 2334 Hamondus,
1544 2269 1832 2334 Gnosticos,
1856 2270 2005 2323 Scri-

360 2369 541 2431 pturas
568 2372 743 2413 sacrae
794 2359 1026 2428 mystice
1064 2356 1491 2428 interpretanda?
1534 2358 1856 2427 facultatem
1901 2360 2007 2413 sibi

360 2446 889 2515 arrogantes,multa
919 2448 1117 2502 Veteris
1139 2447 1457 2501 Testamenti
1485 2448 1790 2503 testimonia
1811 2448 1878 2502 ad
1899 2450 2005 2502 im-

360 2553 530 2608 puros
564 2552 693 2591 usus
723 2535 1272 2591 accommodasse.....
1292 2537 1438 2591 Hinc
1466 2538 1745 2591 Barnabas
1772 2537 1871 2591 hac
1890 2538 2006 2607 fere

364 2631 629 2682 universa
658 2626 900 2691 Epistola
925 2641 1028 2680 sua
1061 2626 1260 2679 Veteris
1292 2627 1647 2680 instrumenti
1674 2625 1792 2680 loca
1814 2644 2003 2696 quam-

360 2718 612 2789 plurima
638 2717 884 2786 mystice,
915 2716 1082 2769 etiam
1119 2714 1432 2769 cabalistice
1480 2716 1758 2785 exposita,
1791 2708 2004 2770 Gnosii-

362 2821 561 2861 corum
589 2804 851 2859 doctrinis
879 2805 1116 2873 opponit.

434 2892 809 2963 Respondent
838 2890 933 2945 alii
965 2890 1315 2947 Clementem
1364 2891 1845 2959 Alexandrinum,
1876 2893 2002 2948 Ori-

365 2997 597 3054 genem,
629 2980 890 3051 aliosque
922 2980 1021 3051 qui
1052 2979 1200 3035 hanc
1231 2980 1546 3051 Epistolam
1598 2980 1876 3037 Barnaba;
1898 2983 2003 3037 ad-

358 3070 648 3142 judicant,
682 3068 827 3124 nihil
856 3074 1120 3124 eoactum
1146 3068 1205 3123 in
1236 3070 1361 3140 ejus
1396 3068 1864 3141 allegoriis,nihil
1889 3088 2002 3126 non

363 3157 677 3214 verisimile
706 3158 764 3213 in
792 3157 1285 3223 enarrationibus,
1318 3157 1462 3212 nihil
1494 3158 1742 3229 denique
1780 3160 2005 3215 fabulo-

366 3265 498 3303 sum
532 3247 591 3302 in
623 3264 691 3303 ea
720 3246 1042 3319 reperisse;
1075 3247 1194 3301 imo
1225 3246 1371 3301 nihil
1421 3248 1575 3318 quod
1624 3264 1739 3302 non
1771 3253 2000 3320 aposto-

366 3335 545 3390 licum
577 3335 786 3401 virum,
816 3333 963 3389 nihil
1006 3336 1162 3405 quod
1213 3352 1246 3389 a
1296 3336 1568 3390 Barnaba:
1618 3335 1804 3407 ipsius
1853 3336 2002 3408 stylo

365 3424 622 3480 alienum
656 3423 905 3495 aliquid,
956 3430 1059 3479 aut
1088 3423 1187 3479 illo
1236 3424 1545 3495 indignum
1598 3442 1712 3496 prie
1744 3442 1805 3480 se
1838 3426 2002 3493 ferat,

364 3516 730 3585 Quapropter
752 3513 1040 3584 quosdam
1055 3517 1262 3567 nostrae
1285 3513 1469 3567 aetatis
1481 3512 1633 3568 viros
1656 3514 2002 3570 temeritatis

364 3602 641 3656 audacter
666 3601 1070 3672 incusant,qui
1102 3601 1171 3656 de
1201 3600 1347 3673 stylo
1380 3601 1827 3672 apostolicorum
1858 3602 2001 3658 scri-

362 3695 600 3762 ptorum
654 3689 862 3745 melius
885 3706 1060 3761 quam
1093 3692 1431 3745 eorumclem
1462 3690 1753 3763 discipuli,
1787 3690 2001 3763 aliique

356 3795 663 3850 suppares,
699 3782 800 3833 aut
825 3778 1087 3848 ejusdem
1120 3778 1307 3833 aetatis
1336 3778 1626 3846 homines,
1649 3797 1710 3834 se
1730 3780 1999 3849 judicare

354 3884 529 3939 posse
560 3868 879 3922 conﬁdunt.
915 3867 1015 3921 His
1046 3867 1332 3936 adjiciunt
1362 3867 1501 3922 illud
1554 3869 1733 3923 fuisse
1771 3869 1999 3925 ,1υάωο-

351 3973 483 4011 rum
516 3957 589 4011 ad
621 3956 1011 4012 Christianam
1058 3956 1253 4022 ﬁdem,
1302 3957 1456 4010 sicut
1500 3956 1623 4028 ipse
1676 3956 1993 4026 Barnabas,

353 4047 582 4100 noviter
610 4061 1021 4100 conversorum
1054 4044 1356 4115 ingenium
1394 4063 1406 4111 ;
1443 4050 1506 4098 ut
1542 4045 1873 4117 Scripturas
1903 4064 1995 4102 sa-

351 4151 485 4190 cras
515 4132 805 4205 allegoriis
838 4150 903 4188 ac
936 4132 1199 4205 mysticis
1222 4133 1694 4189 enarrationibus
1720 4135 1997 4207 interpre-

355 4228 641 4293 tarentur,
676 4221 977 4294 multaque
1008 4223 1066 4276 in
1100 4222 1443 4278 animalium
1478 4225 1859 4295 proprietates
1890 4226 1994 4281 ob-

354 4315 673 4367 servarent.

422 4400 745 4470 Addemus,
789 4417 895 4455 nos
946 4398 1119 4471 paulo
1150 4404 1281 4471 post
1312 4403 1816 4458 demonstraturos
1848 4403 1995 4459 hanc

349 4487 669 4561 Epistolam
700 4489 749 4543 si
782 4488 1058 4543 Barnahaa
1092 4506 1205 4544 non
1256 4490 1352 4559 sit,
1402 4491 1653 4545 auctoris
1684 4508 1809 4547 esse
1838 4494 1992 4562 ejus-

350 4579 483 4633 dem
516 4594 645 4632 cum
682 4576 802 4647 illo,
835 4581 936 4631 aut
966 4581 1132 4632 certa:
1180 4578 1454 4649 proxima;
1503 4580 1706 4634 aetatis.
1760 4581 1988 4635 Nemini

353 4672 549 4721 autem
596 4681 729 4721 vero
776 4664 1068 4721 videbitur
1109 4665 1301 4721 simile
1350 4668 1689 4739 scriptorem
1740 4668 1902 4740 pium
1934 4674 1990 4725 et

354 4756 612 4820 doctum,
637 4756 777 4810 viris
807 4754 1144 4827 apostolicis
1174 4757 1674 4829 coaevum,quippe
1705 4760 1995 4829 quomodo

349 4843 597 4915 apostoli
630 4844 965 4914 Scripturas
995 4848 1369 4914 exponerent,
1420 4846 1683 4916 apprime
1734 4853 1989 4914 noverat,

348 4934 422 4987 ab
452 4949 654 4987 eorum
687 4933 856 5004 stylo,
890 4937 947 4987 et
978 4932 1270 4987 scribendi
1302 4932 1841 5006 interpretandique
1873 4952 1993 4991 me-

349 5020 526 5076 thodo
560 5021 667 5076 hac
705 5022 763 5075 in
796 5019 1055 5093 Epistola
1087 5021 1318 5092 penitus
1350 5022 1681 5077 descivisse.

890 5135 1151 5191 ARTICU
1161 5136 1293 5191 LUS
1338 5135 1459 5193 VII.

646 5226 879 5281 Tertium
908 5230 1301 5293 argumentum
1328 5228 1699 5281 examinatur.

423 5332 685 5386 Tertium
718 5334 1129 5402 argumentum
1158 5336 1266 5396 est,
1300 5332 1623 5387 Barnabam
1670 5334 1841 5389 modo
1871 5339 1989 5389 tam

348 5418 722 5491 hyperbolico
757 5436 871 5475 non
893 5424 1232 5475 vocaturum
1258 5420 1553 5491 apostolos
1586 5422 1990 5494 iniquissimos

348 5508 677 5578 hominum,
710 5512 767 5565 et
798 5526 975 5580 super
1004 5524 1175 5563 omne
1206 5514 1506 5579 peccatum
1540 5516 1888 5583 peccatores.
1919 5516 1991 5569 At

422 5668 464 5702 ’τ
498 5668 620 5726 Lib.
650 5674 793 5727 cont.
829 5670 1061 5728 Celsum.
1142 5670 1186 5706 ³⁸
1221 5670 1345 5729 Lib.
1380 5671 1477 5729 cit.

2111 1960 2469 2029 plectentibus
2516 1960 2632 2030 ejus
2686 1958 3070 2029 Evangelium.
3138 1960 3292 2015 Nihil
3327 1977 3461 2033 ergo
3486 1963 3749 2028 absurdi,

2116 2047 2261 2101 nihil
2292 2046 2556 2102 Barnaba
2613 2048 2967 2117 indigni,nec
3014 2048 3259 2102 nimium
3311 2048 3666 2121 hyperbolici
3692 2051 3749 2105 in

2115 2136 2207 2191 his
2238 2136 2430 2191 verbis
2458 2153 2586 2191 esse
2615 2136 2701 2189 vir
2728 2152 2972 2191 summae
2996 2137 3338 2192 eruditionis
3359 2138 3637 2209 Origenes
3658 2157 3752 2194 ar-

2116 2226 2361 2279 bitratus
2394 2230 2479 2279 est
2508 2242 2520 2278 :
2560 2225 2943 2296 Hieronymus
2974 2229 3168 2279 autem
3200 2225 3350 2280 hanc
3395 2227 3747 2282 sententiam

2113 2314 2233 2368 viro
2259 2313 2573 2385 apostolico
2606 2314 2683 2368 ita
2715 2314 2952 2384 dignam
2984 2312 3319 2379 credidit,ut
3351 2315 3410 2368 in
3441 2314 3588 2370 libro
3611 2332 3747 2371 con-

2116 2408 2205 2457 tra
2239 2402 2576 2473 Pelagianos
2617 2402 2855 2473 scripto,
2907 2403 3171 2457 eamdem
3220 2403 3426 2474 Ignatii
3478 2405 3749 2475 martyris

2115 2492 2348 2547 nomine
2378 2492 2620 2546 laudare
2652 2508 2766 2545 non
2799 2491 3167 2545 dubitaverit.

2633 2579 3037 2634 ARTICULUS
3077 2579 3226 2634 VllI.

2451 2668 2657 2737 Moynii
2684 2669 2991 2735 conjecture
3018 2668 3411 2723 discutiuntur.

2185 2758 2449 2829 Moynius
2482 2757 2613 2811 aliis
2645 2757 2997 2827 quibusdam
3021 2762 3222 2812 contra
3242 2758 3509 2813 eamdem
3540 2760 3749 2831 episto-

2111 2846 2226 2901 lam
2253 2851 2476 2917 pugnat
2496 2846 2845 2915 conjecturis
2879 2862 2891 2900 :
2927 2862 3053 2916 quae
3076 2847 3311 2917 quidem
3339 2850 3606 2919 quamvis
3629 2849 3744 2903 sint

2111 2935 2436 3000 levissimis,
2468 2939 2663 2989 tamen
2697 2951 2831 2989 cum
2862 2934 3063 2989 nullus
3094 2935 3375 2991 hactenus
3404 2937 3476 2992 iis
3508 2954 3744 3009 respon-

2111 3025 2269 3080 disse
2295 3024 2541 3096 legatur,
2572 3041 2674 3095 pro
2708 3040 2867 3078 more
2899 3029 3121 3091 nostro,
3153 3042 3222 3080 ne
3253 3026 3393 3096 quid
3452 3026 3746 3099 relinqua-

2114 3130 2244 3168 mus
2276 3113 2582 3181 intactum,
2616 3112 2746 3167 illas
2778 3112 3121 3183 singillatim
3147 3114 3634 3172 examinabimus.
3656 3117 3752 3171 Ait

2114 3202 2311 3272 itaque
2346 3220 2357 3255 ε
2393 3224 2420 3250 ‹‹
2452 3202 2578 3255 Haec
2612 3200 2857 3271 epistola
2886 3201 2934 3255 si
2962 3207 3116 3256 esset
3146 3202 3607 3271 Barnabaaﬁllam
3634 3222 3748 3260 non

2033 3263 2075 3329 Ο
2115 3263 2284 3344 secus
2318 3306 2383 3343 ac
2422 3263 2795 3359 Evangelium
2848 3287 3098 3342 Matthasi
3144 3289 3371 3345 tumulo
3424 3263 3531 3345 suo
3576 3292 3747 3346 condi

2106 3379 2440 3449 jussisset.»
2466 3378 2683 3433 Verum
2709 3377 2842 3448 quis
2874 3376 3102 3447 Moynio
3130 3378 3453 3433 Barnabam
3479 3380 3745 3450 Epistolas

2112 3484 2229 3521 suae
2274 3466 2565 3538 exemplar
2613 3482 2863 3537 semper,
2912 3470 3013 3520 aut
3054 3464 3282 3531 saltem,
3333 3483 3465 3521 cum
3498 3474 3743 3523 mortem

2111 3556 2275 3621 obiit,
2308 3572 2505 3610 secum
2538 3570 2867 3610 asservasse
2898 3554 3163 3625 patefecit
3191 3556 3218 3608 ‘?
3248 3556 3397 3610 Num
3444 3558 3621 3611 moris
3652 3562 3743 3612 est

2110 3646 2263 3715 apud
2296 3644 2561 3699 homines
2591 3643 2967 3715 epistolarum
2992 3661 3231 3699 suarum
3261 3645 3345 3699 sic
3368 3646 3521 3717 apud
3545 3661 3605 3700 se
3624 3663 3747 3702 ser-
3844 3660 3847 3667 ‘

2114 3750 2248 3788 vare
2275 3732 2625 3804 exemplaria
2654 3732 2680 3785 ?
2710 3732 2927 3787 Demus
2948 3738 3143 3787 tamen
3166 3733 3395 3805 Moynio
3422 3750 3597 3805 penes
3631 3752 3749 3789 mo-

2109 3825 2351 3879 rientem
2384 3822 2707 3875 Barnabam
2742 3822 2920 3877 fuisse
2952 3821 3217 3893 Epistolas
3254 3839 3372 3877 suae
3411 3823 3747 3894 exemplar:

2110 3912 2373 3983 nunquid
2406 3926 2541 3982 ergo
2572 3909 3035 3965 lucubrationem
3069 3928 3234 3965 suam
3268 3912 3354 3965 vir
3385 3912 3748 3968 modestissi-

2109 4018 2240 4056 mus
2270 4001 2470 4055 eodem
2506 4000 2562 4053 in
2587 3999 2769 4071 pretio
2799 4016 2864 4053 ac
2896 3999 3146 4054 Matthxi
3169 4000 3546 4071 Evangelium
3568 4000 3746 4056 habe-

2106 4092 2205 4146 bat
2229 4090 2255 4144 ?
2286 4089 2342 4144 Si
2377 4089 2433 4143 id
2472 4088 2787 4143 contendat
2827 4087 3112 4159 Moynius,
3164 4089 3425 4144 dicemus
3455 4106 3588 4145 eum
3619 4090 3747 4145 ideo

2106 4196 2238 4235 cum
2271 4181 2380 4233 hoc
2411 4175 2741 4248 Evangelio,
2772 4193 2885 4231 non
2918 4181 3114 4231 autem
3161 4194 3293 4232 cum
3327 4195 3433 4233 sua
3465 4178 3746 4249 Epistola,

2107 4268 2335 4339 sepeliri
2369 4267 2619 4323 voluisse
2653 4284 2667 4332 ;
2702 4266 2839 4336 quia
2870 4264 3012 4320 illud
3046 4267 3347 4322 historiam
3380 4267 3744 4335 vitaz,mortis

2106 4373 2171 4412 ac
2203 4355 2619 4411 miraculorum
2652 4354 2891 4417 Christi,
2925 4371 3102 4425 quam
3136 4372 3363 4427 semper
3411 4372 3528 4427 prae
3556 4356 3743 4411 oculis

2104 4446 2406 4512 habuerat,
2440 4443 2950 4515 complectebatur.

2178 4536 2359 4591 Instat
2390 4539 2582 4589 tamen
2616 4532 2883 4603 Moynius
2915 4531 3276 4603 apocryphos
3299 4531 3476 4587 libros
3499 4534 3570 4587 ab
3602 4551 3737 4588 auc-

2022 4628 2068 4691 D
2104 4629 2223 4679 torc
2254 4628 2453 4679 nostro
2471 4621 2657 4677 citari.
2690 4620 2836 4684 Quid
2864 4618 2997 4674 inde
3028 4620 3055 4673 ἶ)
3086 4620 3287 4675 Nonne
3328 4627 3384 4675 et
3415 4622 3743 4677 doctissimi

2104 4714 2207 4767 viri
2230 4712 2471 4767 Paulum
2501 4715 2557 4765 et
2578 4710 2787 4765 Judam
2813 4708 2993 4763 libros
3018 4708 3217 4763 itidem
3241 4710 3600 4781 apocryphos
3622 4709 3741 4765 lau-

2107 4800 2332 4856 davisse
2387 4798 2926 4853 l‘atentur?Nonne
2992 4801 3048 4851 et
3118 4798 3330 4853 Paulus
3380 4798 3503 4869 ipse
3548 4798 3737 4853 ethni-

2105 4906 2328 4954 corum,
2363 4904 2510 4958 quos
2556 4886 2903 4958 apocryphis
2934 4885 3005 4939 ab
3038 4891 3273 4940 auctore
3318 4891 3515 4942 nostro
3545 4888 3740 4944 citatis

2106 4982 2378 5049 praestare
2412 4992 2582 5030 nemo
2618 4975 2844 5039 dixerit,
2878 4974 3075 5028 attulit
3105 4973 3553 5030 auctoritatem?

2177 5066 2351 5137 Urget
2381 5064 2572 5119 adhuc
2602 5064 2645 5097 ’⁸
2682 5063 2997 5117 Barnabam
3033 5061 3301 5133 Epistolas
3334 5064 3403 5118 ad
3454 5064 3741 5133 Hebraeos,

2104 5156 2343 5211 nomine
2381 5153 2541 5208 Pauli
2578 5155 2922 5223 praenotata),
2967 5152 3148 5205 fuisse
3197 5158 3511 5207 auctorem.
3543 5154 3738 5224 Atqui,

2102 5244 2293 5315 inquit
2322 5241 2435 5307 ille,
2469 5259 2579 5296 non
2613 5241 2761 5295 video
2791 5257 2966 5310 quare
2994 5240 3241 5294 secundis
3270 5244 3419 5295 curis
3448 5258 3739 5311 argumen-

2100 5338 2217 5387 tum
2248 5331 2390 5387 istud
2413 5334 2615 5386 iterum
2652 5333 3045 5400 pertraclasset
3073 5346 3198 5382 cum
3252 5330 3491 5400 quadam
3542 5332 3744 5399 primae

2100 5422 2448 5491 detibatzone,
2482 5421 2641 5491 quasi
2672 5421 2729 5473 in
2774 5419 3016 5489 Epistola
3046 5418 3115 5471 ad
3148 5418 3405 5474 Ilebrazos
3442 5420 3739 5474 materiam

2099 5514 2264 5567 istam
2312 5512 2479 5565 nimis
2520 5508 2911 5581 perfunctorie,
2980 5507 3274 5577 minusque
3322 5506 3558 5577 feliciter
3607 5513 3741 5567 esset
