4014 6202
262 362 379 422 679

1427 356 1490 416 S.
1537 354 1956 417 BARNABAS
2000 355 2483 417 APOSTOLUS.

3534 356 3659 422 680

254 501 583 563 prosecutus.
617 491 816 562 Neque
848 489 956 545 hoc
985 492 1397 561 argumentum
1423 488 1612 560 priore
1640 487 1893 542 validius
1924 489 1978 555 Α
2009 490 2215 542 verunt
2244 486 2582 559 diligentius
2613 488 2674 543 hi
2704 488 2953 561 ingenue
2996 487 3250 546 fatentur
3304 492 3458 563 apud
3490 494 3647 550 anti-

254 587 361 636 est.
397 581 590 635 Primo
623 580 837 651 quippe
870 578 1083 634 lalsum
1129 583 1217 634 est
1262 578 1587 632 Barnabam
1637 576 1786 631 hanc
1815 576 1886 630 ad

250 670 519 725 Hebraeos
548 670 855 740 scripsisse
881 667 1219 739 Epistolam.
1275 666 1511 730 Deinde,
1566 671 1712 729 esto,
1746 664 1887 719 scri-

252 757 738 830 pserit.Nunquid
770 774 883 812 non
918 756 1105 827 potuit
1137 756 1291 810 idem
1324 760 1526 810 auctor
1556 754 1784 808 duabus
1814 753 1883 808 ad

254 848 510 902 diversos
542 846 779 901 diversa:
829 844 1083 917 regionis
1137 844 1425 912 homines,
1478 859 1624 913 quos
1678 842 1884 896 iisdem

255 936 536 991 doctrinis
565 940 622 991 et
651 934 951 1007 praeceptis
983 934 1241 989 imbuere
1272 932 1516 1000 volebat,
1560 931 1713 985 datis
1765 930 1883 1001 epi-

254 1024 601 1089 stolis,idem
634 1028 882 1079 tractare
901 1025 1313 1094 argumentum
1342 1020 1368 1073 ?
1400 1019 1659 1089 Denique
1691 1035 1885 1074 nonne

251 1113 406 1168 idem
439 1118 640 1168 auctor
669 1111 865 1183 plures
908 1112 979 1165 de
1009 1127 1070 1165 re
1103 1111 1305 1165 eadem
1336 1108 1558 1163 litteras
1609 1108 1883 1177 scribere,

248 1203 567 1274 eademque
597 1202 655 1255 in
687 1200 802 1255 illis
831 1204 1086 1271 repetere
1116 1204 1173 1253 et
1201 1198 1491 1253 inculcare
1536 1197 1886 1269 quandoque

249 1290 476 1363 cogitur
503 1290 529 1345 ?

321 1380 496 1450 Urget
524 1380 735 1434 iterum
778 1378 1043 1450 Moynius
1094 1377 1243 1432 hanc
1297 1375 1603 1447 epistolam
1646 1393 1679 1429 a
1708 1375 1884 1446 primi

255 1474 314 1525 et
340 1468 579 1524 secundi
602 1468 797 1524 saeculi
824 1466 1227 1538 scriptoribus,
1259 1470 1401 1537 puta
1449 1464 1744 1519 Clemente
1776 1464 1885 1519 Ro-

253 1573 449 1626 mano,
484 1556 809 1629 Polycarpo,
860 1555 1082 1628 Ignatio
1135 1554 1309 1611 etiam
1340 1555 1399 1609 in
1451 1554 1573 1609 suis
1606 1553 1888 1607 adversus

251 1646 480 1701 Judaaos
528 1644 1022 1717 disputationibus
1067 1642 1271 1698 nullibi
1304 1642 1619 1697 laudatam.
1671 1640 1885 1695 Verum

252 1752 397 1806 quas
426 1734 571 1791 alias
620 1735 794 1789 iidem
847 1733 1157 1804 scriptores
1216 1731 1464 1787 aliorum
1522 1728 1799 1801 epistolas
1831 1734 1888 1783 et

248 1823 465 1894 scripta
493 1822 812 1885 citaverint,
864 1823 923 1875 in
973 1822 1233 1876 medium
1280 1820 1535 1891 proferre
1584 1819 1883 1873 debuerat.

246 1912 392 1977 Quid
422 1928 575 1977 vero,
608 1912 658 1967 si
689 1912 810 1965 haec
867 1909 1125 1981 Epistola
1174 1910 1232 1963 in
1274 1925 1474 1963 eorum
1524 1924 1735 1962 manus
1766 1923 1881 1961 non

244 2000 655 2055 venerit?Sed
707 1999 1056 2068 conjecturis
1105 2014 1219 2052 non
1274 2002 1362 2052 est
1410 2013 1602 2068 opus;
1656 1999 1882 2050 certum

249 2090 463 2161 quippe
494 2094 585 2143 est
609 2088 760 2143 hanc
791 2086 1104 2159 Epistolam
1128 2086 1462 2141 aClemente
1495 2084 1881 2139 Alexandrino

246 2177 444 2233 sazculi
478 2178 715 2233 secundi
750 2191 1003 2246 auctore,
1035 2181 1099 2230 ut
1128 2192 1305 2246 supra
1340 2175 1617 2238 vidimus,
1660 2173 1826 2228 citari
1864 2191 1877 2239 ;

247 2268 398 2338 quod
430 2267 501 2321 ad
534 2284 739 2322 vanam
772 2265 1153 2334 objectionem
1186 2264 1354 2336 plane
1384 2264 1719 2318 diluendam
1737 2262 1881 2317 satis

249 2371 537 2427 superque
569 2356 788 2410 dictum
822 2356 918 2409 sit.

316 2446 496 2499 Instat
516 2443 765 2514 denique
787 2443 936 2498 hanc
961 2441 1278 2513 Epistolam
1304 2458 1337 2496 a
1357 2440 1743 2508 Barnaba,qui
1767 2440 1875 2495 sub

244 2534 467 2588 Nerone
498 2531 840 2603 martyrium
864 2548 1070 2602 passus
1101 2536 1209 2597 est,
1235 2530 1406 2585 scribi
1426 2546 1539 2585 non
1575 2530 1872 2600 potuisse;

245 2622 458 2693 quippe
476 2638 599 2693 qua:
628 2625 758 2691 post
777 2636 1035 2675 eversam
1060 2637 1093 2673 a
1112 2618 1239 2675 Tito
1260 2618 1719 2689 Hierosolymam
1743 2618 1877 2672 data

250 2710 680 2781 fuerit.Atqueh
707 2726 773 2765 oc
796 2708 939 2763 illud
965 2712 1051 2763 est
1080 2708 1234 2779 quod
1262 2709 1320 2761 in
1345 2707 1498 2763 notis
1524 2712 1579 2761 et
1609 2707 1880 2762 observa-

248 2799 509 2855 tionibus
539 2800 663 2855 suis
695 2802 1103 2869 argumentum
1139 2798 1555 2852 invictissimum
1578 2799 1630 2850 et
1659 2796 1875 2850 eviden-

245 2891 519 2944 tissimum
548 2886 817 2960 appellat.
855 2887 912 2941 Id
965 2886 1160 2957 itaque
1208 2885 1380 2957 paulo
1430 2883 1722 2957 prolixiori
1757 2901 1876 2940 res-

249 2977 527 3049 ponsione
558 2976 899 3031 solvendum
934 2980 1039 3030 est.

798 3063 1192 3119 ARTICULUS
1235 3064 1325 3118 IX.

502 3154 862 3225 Quandonam
890 3154 1003 3208 haec
1029 3154 1255 3224 epistola
1284 3155 1482 3223 scripta
1514 3155 1606 3207 sit.

1996 592 2143 645 quos
2176 576 2491 646 scriptores
2516 577 2661 631 nihil
2694 594 3053 642 succurrere,
3087 579 3243 635 unde
3270 582 3647 651 quandonam

2000 665 2296 720 Barnabas
2328 666 2401 720 ab
2431 666 2613 737 Cypro
2646 666 2840 723 insula
2869 667 3121 736 redierit,
3155 668 3452 741 vitamque
3484 687 3648 727 mar-

1995 753 2142 825 tyrio
2173 755 2453 825 posuerit,
2486 758 2641 811 certo
2674 757 3005 812 deﬁniatur.
3053 758 3294 814 Constat
3334 764 3533 816 autem
3572 761 3653 816 il-

1996 841 2116 896 lum
2152 848 2282 914 post
2312 843 2770 915 Hierosolymam
2802 862 2955 901 anno
2979 846 3065 916 72,
3081 852 3183 901 aut
3222 847 3393 917 juxta
3422 849 3649 906 doctio-

1996 946 2088 985 res
2117 930 2501 1003 chronologos
2548 933 2621 986 7O
2656 950 2690 988 a
2733 934 2862 989 Tito
2894 933 3289 1000 destructam,
3325 937 3505 993 vitam
3537 954 3641 1009 po.

1993 1019 2177 1074 tuisse
2208 1020 2544 1091 producere.
2578 1021 2781 1076 Petrus
2810 1021 3099 1093 siquidem
3145 1027 3203 1079 et
3232 1024 3450 1081 Paulus
3479 1043 3641 1082 anno

1994 1112 2223 1162 tantum
2253 1110 2406 1175 66.,id
2439 1114 2529 1165 est
2550 1126 2668 1165 uno
2700 1116 2801 1166 aut
2818 1111 3008 1167 tribus
3030 1117 3162 1183 post
3190 1114 3481 1170 excidium
3504 1116 3641 1173 Hie-

1994 1195 2478 1267 rosolymitanum
2496 1199 2957 1271 annis,martyrii
2980 1199 3239 1272 palmam
3256 1202 3451 1275 adepti
3469 1209 3634 1259 sunt.

1996 1282 2153 1337 Nihil
2184 1301 2318 1357 ergo
2348 1291 2504 1341 vetat
2558 1287 2875 1359 quominus
2930 1288 3230 1346 Barnabas
3284 1291 3345 1346 in
3376 1292 3647 1364 Epistola

1998 1388 2107 1427 sua
2138 1372 2383 1444 hujusce
2414 1376 2620 1431 excidii
2654 1376 2854 1432 fecerit
2884 1378 3263 1437 mentionem.

2064 1462 2228 1517 Certo
2258 1468 2454 1517 autem
2486 1465 2703 1521 certius
2723 1470 2812 1521 est
2827 1466 2978 1522 hanc
3008 1468 3277 1525 eamdem
3307 1470 3634 1542 Epistolam

1996 1566 2110 1605 non
2141 1550 2332 1606 solum
2364 1552 2434 1608 ab
2461 1553 2707 1626 Origene
2736 1554 2925 1623 citari,
2944 1556 3043 1611 sed
3075 1556 3253 1613 etiam
3284 1575 3319 1613 a
3346 1558 3643 1617 Clemente

1994 1637 2400 1705 Alexandrino,
2434 1642 2556 1713 qui,
2590 1648 2655 1698 ut
2684 1643 2765 1699 ait
2794 1644 3316 1718 Eusebius,primis
3343 1648 3641 1719 apostolo-

1995 1744 2124 1782 rum
2155 1730 2513 1801 temporibus
2541 1734 2872 1803 proximum
2902 1750 2965 1790 se
2995 1735 3179 1791 fuisse
3196 1739 3641 1795 testatur.Unde

1995 1817 2299 1873 conﬁcitur
2335 1818 2711 1889 Clementem,
2746 1822 2846 1894 qui
2877 1823 3197 1895 Epistolam
3243 1825 3414 1897 hanc,
3451 1827 3633 1883 sicuti

1994 1920 2061 1959 ex
2092 1906 2584 1978 frequentioribus
2614 1911 2742 1981 ejus
2772 1911 3147 1969 citationibus
3176 1914 3378 1986 liquet,
3430 1915 3635 1989 magni

1991 1995 2280 2050 aestimare
2309 1996 2708 2068 videbatur,ab
2740 2000 3071 2071 apostolicis
3101 2002 3259 2070 viris,
3295 2005 3430 2075 quis
3458 2021 3634 2061 verus

1994 2081 2152 2138 illius
2183 2089 2384 2140 auctor
2410 2087 2712 2158 exstiterit,
2732 2089 3020 2145 curiosius
3050 2090 3494 2163 indagasse,nec
3519 2095 3636 2149 dif-

1992 2171 2219 2227 ﬁciliter
2248 2174 2540 2230 didicisse.
2574 2176 2790 2233 Deinde
2822 2178 2974 2233 idem
3005 2179 3275 2237 Clemens
3325 2184 3481 2239 circa
3524 2201 3629 2239 an-

1990 2277 2130 2315 num
2162 2262 2265 2315 200
2295 2262 2414 2318 fato
2471 2264 2707 2320 functus
2738 2267 3215 2340 est,proindeque
3245 2268 3425 2327 libros
3456 2288 3624 2342 suos,

1990 2348 2085 2403 ubi
2119 2350 2271 2406 hanc
2300 2351 2614 2423 Epistolam
2643 2353 2919 2423 laudavit,
2953 2355 3012 2411 in
3061 2356 3251 2413 lucem
3286 2360 3450 2431 prius
3480 2360 3630 2416 emi-

1990 2444 2161 2494 serat.
2192 2440 2365 2512 Atqui
2397 2440 2557 2497 illam
2589 2460 2701 2497 non
2734 2448 2797 2499 ut
2828 2461 3026 2501 recens
3046 2445 3303 2518 aliquod,
3338 2450 3439 2504 sed
3470 2451 3628 2505 anti-

1993 2544 2119 2598 quae
2172 2529 2531 2585 auctoritatis
2589 2532 2871 2603 scriptum
2922 2533 3141 2602 laudat,
3170 2535 3413 2608 ideoque
3443 2554 3627 2609 quam

1989 2617 2232 2687 putabat
2280 2620 2553 2690 martyrio
2604 2620 2812 2693 Ignatii
2860 2622 3274 2694 antiquiorem.
3324 2627 3472 2691 Quin
3505 2628 3628 2683 imo

1988 2704 2204 2775 ubique
2235 2723 2337 2777 pro
2366 2713 2519 2762 certo
2552 2712 2715 2779 ponit
2756 2709 2915 2765 illam
2962 2728 2996 2766 a
3044 2712 3309 2769 Barnaba
3359 2717 3630 2787 apostolo

1987 2792 2285 2865 scriptam,
2321 2794 2686 2867 nullumque,
2718 2814 2892 2869 quem
2924 2806 3142 2868 nosset,
3197 2801 3333 2857 huic
3360 2804 3631 2876 opinioni

1987 2882 2281 2953 refragari.
2315 2885 2483 2939 Tanti
2511 2886 2613 2939 viri
2649 2892 2932 2959 tantasque
2962 2890 3329 2958 eruditionis,
3362 2911 3427 2948 ac
3472 2900 3633 2950 tem-

1986 2971 2225 3042 poribus
2255 2973 2590 3043 apostolicis
2621 2976 2761 3031 adeo
2792 2976 2965 3032 vicini
3005 2981 3339 3051 auctoritas,
3384 2984 3627 3040 maximi

1985 3064 2136 3115 certe
2169 3062 2323 3132 apud
2346 3078 2549 3117 omnes
2573 3064 2743 3119 debet
2762 3081 2890 3121 esse
2912 3067 3188 3138 ponderis
3212 3087 3224 3137 ;
3258 3086 3393 3125 cum
3424 3071 3483 3125 in
3512 3073 3634 3144 pri-

1986 3148 2096 3203 mis
2127 3148 2288 3204 nulla
2319 3150 2485 3205 ﬁrma
2514 3152 2805 3209 rationum
2834 3160 3196 3227 argumenta,
3221 3158 3485 3231 nihilque
3514 3161 3630 3231 illi,

308 3246 437 3300 Jam
470 3244 625 3299 enim
658 3260 772 3313 quo
801 3247 1059 3313 tempore
1092 3242 1209 3296 haec
1241 3240 1495 3313 Epistola
1524 3240 1742 3312 scripta
1770 3241 1869 3305 sit,
1902 3225 1943 3289 C
1985 3236 2096 3292 nisi
2129 3239 2461 3309 conjectura
2491 3241 2776 3311 quaedam,
2810 3225 3016 3314 parum
3046 3245 3237 3301 valida
3268 3225 3620 3320 opponatur;

244 3332 664 3405 indagandum.
699 3331 804 3397 Qui
838 3347 964 3386 eam
998 3330 1271 3386 Barnabas
1321 3331 1601 3398 tribuunt,
1651 3330 1709 3383 hi
1741 3334 1873 3385 ante

241 3422 369 3491 ejus
400 3421 623 3476 obitum
655 3420 849 3475 datam
883 3437 1010 3474 esse
1034 3420 1271 3474 indubie
1301 3420 1699 3491 pronuntiant.
1734 3420 1873 3482 Qui-

240 3510 351 3565 bus
380 3526 511 3565 vero
542 3525 633 3564 res
666 3510 723 3563 in
746 3509 1019 3580 ambiguo
1050 3514 1158 3578 est,
1192 3509 1231 3561 ii
1262 3513 1456 3562 tamen
1487 3507 1645 3563 illius
1677 3513 1872 3563 aucto-

242 3615 363 3655 rem
387 3598 751 3670 temporibus
781 3596 1175 3669 apostolorum
1210 3597 1477 3652 ﬂoruisse
1502 3613 1635 3652 vero
1666 3601 1874 3667 putant

235 3687 510 3743 similius.
536 3687 794 3755 Denique
827 3686 925 3756 qui
957 3702 989 3739 a
1021 3684 1279 3740 Barnaba
1308 3685 1625 3755 profectam
1660 3690 1873 3756 negant

234 3792 361 3832 eam
394 3781 525 3847 post
554 3775 841 3830 excidium
876 3773 1483 3845 Hierosolymitanum,
1506 3774 1605 3829 sed
1637 3778 1769 3829 ante
1805 3774 1869 3828 ﬁ-

236 3882 369 3920 nem
400 3864 639 3921 secundi
671 3862 865 3918 saeculi
897 3863 1172 3933 scriptam
1204 3878 1331 3918 esse
1348 3863 1681 3934 opinantur.
1716 3864 1869 3934 Moy-

241 3954 377 4008 nius
408 3952 500 4008 his
532 3952 695 4008 addit
726 3951 886 4007 illam
910 3956 1038 4022 post
1069 3968 1267 4007 necem
1296 3951 1536 4015 Justini,
1588 3952 1687 4022 qui
1721 3969 1871 4008 anno

244 4044 344 4096 162
374 4046 476 4096 aut
512 4042 609 4095 163
658 4046 879 4111 martyr
926 4031 1217 4105 occubuit,
1268 4045 1325 4095 et
1368 4045 1503 4094 ante
1531 4040 1871 4096 Tertulliani

242 4134 509 4196 mortem,
544 4146 670 4199 quae
702 4129 854 4184 circa
893 4145 1113 4183 annum
1160 4129 1267 4183 215
1311 4128 1572 4199 contigit,
1602 4128 1872 4199 obsigna-

238 4222 357 4274 tam
390 4218 790 4288 fuisse.Neque
815 4224 1007 4273 tamen
1031 4218 1128 4272 ille
1155 4217 1269 4272 alia
1297 4217 1521 4272 ratione
1542 4217 1873 4289 opinionem

240 4323 410 4362 suam
442 4307 953 4377 conﬁrmat,quam
979 4307 1132 4376 quod
1154 4305 1443 4361 nonnullae
1468 4307 1539 4361 de
1568 4308 1875 4363 emissario

235 4395 569 4450 Judaaorum
594 4395 753 4449 hirco
776 4395 1131 4449 caeremoniis
1162 4395 1219 4448 in
1243 4394 1348 4449 hac
1372 4394 1626 4466 Epistola
1650 4412 1873 4451 memo-

238 4488 461 4549 rentur,
493 4501 640 4555 quas
674 4484 826 4539 sicut
858 4484 1011 4555 apud
1034 4483 1356 4553 Justinum,
1389 4483 1523 4538 licet
1548 4484 1619 4537 de
1651 4484 1721 4540 iis
1753 4486 1871 4542 dis-

1983 3326 2260 3381 Cazterum
2291 3329 2666 3399 quantumvis
2687 3330 2952 3386 Clemens
2972 3332 3032 3387 in
3065 3334 3332 3405 Epistola)
3364 3339 3623 3394 auctoris

1983 3416 2218 3479 nomine
2250 3432 2472 3472 errasse
2492 3417 2873 3485 diceretur,ex
2894 3421 3022 3491 ejus
3043 3425 3240 3477 tamen
3273 3429 3623 3482 auctoritate

1980 3504 2361 3560 invictissime
2390 3506 2823 3563 demonstratur
2851 3508 3011 3565 illam
3044 3511 3129 3566 vel
3160 3512 3233 3567 ab
3266 3530 3383 3569 uno
3406 3530 3627 3587 exspo-

1982 3593 2168 3659 stolis,
2198 3593 2283 3649 vel
2315 3594 2518 3650 saltem
2547 3596 2618 3650 ab
2637 3596 2833 3667 aliquo
2864 3614 2930 3653 ex
2950 3600 3231 3670 proximis
3251 3618 3455 3658 eorum
3479 3620 3618 3660 suc-

1980 3681 2308 3737 cessoribus
2338 3681 2520 3738 fuisse
2552 3687 2867 3740 exaratam.

2054 3772 2115 3825 Id
2147 3771 2382 3841 quidem
2414 3788 2483 3826 ex
2523 3774 2936 3846 manuscriptis
2985 3776 3286 3834 codicibus
3315 3782 3527 3837 Graecis
3560 3787 3621 3838 et

1985 3861 2205 3916 Latinis
2227 3860 2556 3915 conﬁrmari
2588 3862 2891 3933 potuisset,
2924 3864 2972 3919 si
3027 3865 3127 3935 qui
3161 3867 3400 3923 omnino
3427 3868 3621 3925 incor-

1983 3949 2157 4021 rupti,
2192 3965 2258 4003 ac
2286 3964 2485 4004 verum
2531 3950 2801 4021 Epistolas
2844 3952 3082 4007 titulum
3142 3956 3516 4024 praferentes
3545 3960 3620 4014 ad

1982 4055 2087 4093 nos
2118 4037 2614 4108 pervenissent.At
2637 4039 2693 4092 in
2716 4039 2928 4097 Grzecis
2953 4042 3251 4099 codicibus
3282 4051 3460 4117 caput
3489 4049 3620 4117 ejus

1983 4130 2352 4197 amputatum
2383 4130 2493 4194 est,
2540 4131 2595 4181 et
2625 4127 2832 4183 titulus
2875 4131 2974 4200 qui
3026 4130 3084 4185 in
3133 4134 3328 4187 Graaca
3354 4133 3621 4190 Menardi

1983 4215 2233 4270 editione
2262 4214 2565 4285 legitur,ex
2595 4216 2841 4272 Eusebio
2873 4218 3102 4273 videtur
3129 4220 3621 4292 desumptus.La-

1987 4306 2142 4359 tinus
2171 4320 2304 4358 vero
2335 4302 2696 4359 bibliotheca:
2728 4310 2936 4361 nostrae
2969 4308 3166 4377 codex,
3216 4310 3314 4380 qui
3349 4312 3619 4367 omnium

1984 4392 2181 4465 procul
2215 4392 2391 4446 dubio
2428 4398 2519 4447 est
2557 4393 3028 4465 antiquissimus,
3078 4397 3186 4451 hac
3234 4402 3469 4454 tantum
3498 4401 3619 4472 epi-

1986 4482 2201 4554 graphe
2233 4480 2570 4536 inscribitur
2601 4498 2613 4535 :
2650 4483 2844 4555 Incipit
2874 4486 3101 4555 epistula
3140 4488 3416 4544 Barnabas
3443 4490 3624 4559 [elici-

236 4574 633 4644 serat,frustra
664 4572 1075 4645 quaesierisﬁta
1105 4573 1256 4643 apud
1291 4572 1719 4627 Tertullianum
1744 4579 1867 4629 tan-
1979 4576 2081 4638 ter,
2114 4574 2287 4640 atque
2320 4569 2557 4623 demum
2587 4569 2645 4624 in
2680 4572 2793 4626 ﬁne
2825 4572 2907 4627 sic
2936 4574 3344 4630 concluditur:
3378 4578 3625 4649 Explicit

236 4664 541 4719 tummodo
572 4664 851 4717 invenias.
887 4662 1099 4716 Verum
1131 4679 1163 4716 α
1203 4678 1317 4733 quo
1360 4662 1563 4716 didicit
1610 4663 1874 4733 Moynius

236 4751 386 4806 hanc
418 4753 736 4823 Epistolam
790 4767 965 4823 penes
1012 4751 1310 4805 Justinum
1362 4767 1620 4821 unquam
1671 4752 1872 4821 fuisse,

236 4838 552 4911 ipsumque
572 4856 699 4895 eam
727 4839 940 4911 legisse
960 4840 987 4893 ?
1010 4840 1116 4893 Fac
1139 4844 1331 4893 tamen
1357 4845 1412 4893 et
1432 4839 1703 4895 habuerit
1724 4846 1780 4895 et
1802 4842 1876 4896 le-

239 4927 409 5000 gerit,
441 4929 707 5001 nunquid
741 4929 867 4985 ideo
897 4945 1099 4983 omnes
1130 4928 1580 4983 hirciemissarii
1613 4946 1877 4983 caeremo-

241 5018 391 5083 nias,
421 5034 492 5071 ne
523 5019 594 5071 iis
625 5018 883 5089 quidem,
920 5036 1045 5088 quae
1078 5018 1136 5072 in
1168 5016 1427 5088 Epistola
1471 5018 1744 5072 Barnabas
1776 5036 1875 5073 oc-

240 5106 1154 5177 currunt,pra3termissis,debuit
1184 5106 1687 5161 commemorare?
1720 5106 1874 5161 Nihil

240 5196 417 5266 igitur
445 5196 551 5250 hac
584 5196 849 5267 negativa
878 5198 1209 5265 conjectura
1232 5195 1419 5265 magis
1446 5194 1732 5258 frivolum,
1769 5196 1875 5249 mi-

239 5300 467 5355 nusque
497 5285 567 5338 ad
599 5300 719 5339 rem
755 5284 1011 5355 aliquam
1046 5285 1420 5339 asserendam
1453 5282 1749 5339 idoneum.

309 5374 431 5437 Quo
464 5389 634 5444 porro
674 5378 935 5445 temporc
986 5374 1281 5428 Barnabas
1329 5372 1554 5439 obierit,
1591 5372 1873 5427 incertum

240 5467 347 5517 est.
382 5462 542 5518 Unde
573 5464 766 5518 nescio
800 5464 939 5533 quid
973 5462 1085 5517 sibi
1132 5462 1269 5516 velit
1310 5461 1596 5532 Moynius,
1647 5478 1778 5516 cum
1810 5479 1878 5518 ex

240 5552 627 5606 communiori
662 5552 931 5623 opinione
962 5555 1255 5606 asseverat
1290 5550 1457 5604 illum
1492 5551 1601 5604 sub
1633 5551 1876 5622 imperio

241 5640 475 5701 Nironis
506 5642 783 5717 martyrio
815 5642 1107 5700 affectum.
1140 5640 1247 5706 Qui
1279 5640 1431 5697 enim
1483 5640 1539 5695 id
1562 5640 1874 5714 investiga-

1980 4660 2210 4731 epistola
2238 4659 2533 4714 Barnabas.

2550 4747 2942 4807 ARTICULUS
2986 4751 3049 4806 X.

2291 4836 2370 4890 Ad
2401 4851 2530 4908 quos
2560 4835 2679 4892 haec
2722 4840 2953 4905 cpistola
2980 4843 3185 4913 scripta
3212 4846 3308 4898 sit.

2056 4926 2270 4997 Integri
2300 4930 2493 4979 autem
2526 4925 2573 4979 si
2605 4931 2899 4982 exstarent
2928 4932 3311 5004 manuscripti
3344 4932 3429 4987 illi
3462 4935 3621 4990 codi-

1975 5015 2274 5083 'ces,nobis
2298 5014 2500 5085 utique
2530 5030 2644 5069 non
2669 5017 2839 5071 modo
2876 5018 3141 5089 Epistola:
3176 5020 3353 5091 hujus
3386 5023 3626 5077 titulum

1985 5105 2362 5171 iudicassent,
2396 5103 2497 5157 sed
2529 5120 2627 5158 eos
2657 5105 2829 5159 etiam
2855 5108 2924 5161 ad
2958 5124 3104 5179 quos
3136 5108 3237 5163 illa
3266 5110 3489 5165 directa
3519 5117 3629 5167 est.

1987 5192 2045 5246 Id
2080 5192 2234 5245 enim
2267 5208 2373 5245 sua
2400 5207 2511 5245 non
2536 5197 2693 5247 caret
2715 5193 3305 5253 difﬁcultate.Putant
3334 5199 3631 5271 siquidem

1987 5279 2249 5336 nonnulli
2281 5297 2348 5335 ex
2378 5285 2497 5335 tota
2526 5282 2805 5337 orationis
2848 5284 2995 5340 serie
3042 5288 3251 5359 conjici
3298 5305 3469 5360 posse
3500 5306 3631 5345 eam

1987 5372 2057 5425 ad
2090 5361 2453 5425 Christianos
2484 5370 2727 5426 missam
2759 5374 3047 5440 Hebraaos,
3081 5380 3315 5433 tenaces
3348 5378 3630 5435 nimirum

1986 5459 2237 5529 antiquae
2266 5457 2432 5529 legis,
2465 5464 2521 5513 et
2548 5460 2618 5513 ad
2654 5458 2920 5517 Hebraeos
2952 5480 3080 5519 esse
3111 5464 3476 5537 inscriptam.
3522 5465 3633 5524 Ve-

1986 5564 2116 5602 rum
2149 5548 2233 5602 vel
2265 5563 2332 5601 ex
2362 5547 2489 5618 ipsa
2516 5546 2696 5602 totius
2728 5549 3018 5621 Epistola,
3051 5570 3083 5606 a
3138 5555 3308 5610 nobis
3354 5556 3630 5627 superius

1987 5640 2138 5696 facta
2164 5634 2787 5711 synopsi,exploratum
2816 5640 2900 5710 ﬁt,
2927 5640 3054 5699 ideo
3086 5642 3377 5717 praecipue
3406 5643 3478 5701 ad
3500 5660 3630 5705 eam
