4014 6202
265 412 367 470 681

1635 410 2245 472 PROLEGOMENA.

3522 416 3641 478 682

259 541 610 596 scribendam
658 545 953 596 auctorem
1011 543 1138 613 ejus
1186 542 1508 613 impulsum
1565 548 1625 597 ut
1671 560 1769 599 eos
1813 545 1882 598 ad
1916 545 1968 607 A
2072 543 2339 598 Usserius
2371 545 2586 616 quippe
2608 545 3496 619 archiepiscopusArmachanus
3529 550 3645 620 pri-

257 646 392 702 quos
420 629 653 700 scripsit
683 632 1077 700 praemuniret,
1129 631 1575 702 prohiberetque
1606 650 1675 687 ne
1709 632 1779 686 ab
1815 632 1885 686 iis

256 718 642 788 deciperentur
673 718 771 788 qui
803 717 987 789 legem
1012 719 1224 789 Moysis
1251 725 1308 773 et
1336 720 1550 775 Christi
1573 719 1749 775 simul
1773 736 1888 774 ser-

253 806 489 862 vandam
521 822 646 861 esse
677 809 1038 862 asserebant.
1083 808 1257 879 Atqui
1294 807 1386 861 hic
1433 825 1592 863 error
1622 808 1884 877 ejusdem

251 897 360 951 fere
387 911 521 949 cum
554 894 884 949 Christiana
914 895 1195 967 religione
1225 901 1313 951 est
1344 897 1528 951 artatis
1557 913 1568 949 :
1603 895 1886 966 illumque

254 1001 360 1039 non
391 983 583 1038 solum
634 983 919 1052 Hebraeos,
953 984 1054 1038 sed
1103 983 1280 1038 etiam
1333 985 1651 1050 haereticos,
1686 985 1886 1055 quales

252 1076 406 1128 erant
427 1072 705 1126 Ebionita:
727 1077 783 1125 et
796 1071 1172 1137 Cerinthiani,
1200 1073 1472 1127 docuisse
1494 1072 1884 1127 certissimum

251 1166 348 1216 est.
380 1162 662 1215 Praterea
693 1159 800 1215 etsi
823 1178 856 1215 a
878 1160 984 1215 soli
1024 1161 1274 1216 Hebraeis
1305 1177 1464 1216 error
1489 1161 1582 1215 hic
1613 1161 1885 1215 dissemi-

251 1255 410 1304 natus
441 1249 673 1315 fuisset,
728 1253 996 1320 poterant
1025 1254 1220 1304 tamen
1268 1250 1380 1320 ipsi
1431 1267 1494 1304 eo
1533 1266 1645 1319 quo
1678 1249 1884 1320 ﬂagra-

249 1341 378 1393 bant
407 1337 709 1409 religionis
740 1354 857 1392 suae
889 1339 1103 1403 studio,
1139 1337 1306 1392 illum
1339 1339 1490 1410 apud
1515 1354 1719 1393 omnes
1750 1354 1884 1392 cum

248 1427 526 1494 Hebraaos,
560 1431 687 1480 tum
722 1425 968 1497 gentiles
1000 1427 1071 1480 ad
1105 1426 1494 1480 Christianam
1540 1426 1712 1479 ﬁdem
1745 1441 1886 1479 con-

245 1531 432 1570 versos
461 1515 683 1586 ubique
713 1514 1118 1570 disseminarc.
1155 1514 1345 1569 Potuit
1374 1531 1508 1586 ergo
1551 1518 1752 1568 auctor
1779 1531 1885 1568 no-

247 1608 355 1659 ster
385 1619 499 1658 non
551 1603 627 1658 ad
657 1602 922 1658 Hebraeos
976 1604 1400 1670 tantummodo,
1454 1604 1555 1657 sed
1603 1603 1780 1657 etiam
1812 1602 1883 1657 ad

246 1691 624 1761 Christianos,
657 1708 802 1762 quos
853 1692 924 1746 ab
957 1692 1210 1747 Hebraeis
1254 1692 1339 1747 vel
1380 1692 1667 1747 haereticis
1699 1689 1886 1762 decipi

248 1780 556 1845 metuebat,
584 1796 754 1835 suam
787 1779 1034 1851 dirigere
1063 1778 1398 1850 epistolam.

309 1869 599 1940 Objicitur
617 1874 810 1923 tamen
834 1867 1264 1923 Tertullianum
1288 1868 1598 1938 Epistolam
1627 1867 1784 1922 Pauli
1810 1869 1883 1922 ad

2001 649 2153 686 mam
2186 634 2313 702 ejus
2343 633 2654 688 editionem
2688 651 2755 689 ex
2787 635 3221 706 manuscriptis,
3275 653 3402 706 quae
3437 642 3646 693 mutuo

1997 721 2068 774 ab
2101 720 2230 776 aliis
2253 726 2571 792 acceperat,
2596 722 2796 778 Oxonii
2821 740 2972 778 anno
2998 725 3135 778 1642
3157 725 3478 780 adornavit.
3505 727 3646 792 Sed,

1998 808 2198 863 Vossio
2231 815 2394 878 teste,
2428 828 2544 865 una
2568 812 2729 866 urbis
2760 811 2938 882 hujus
2966 816 3124 883 parte
3157 812 3325 883 paulo
3361 814 3647 886 postigne

1996 903 2361 968 consumpta,
2414 900 2522 954 hoc
2570 900 2838 955 incendio
2885 900 3084 954 omnia
3140 901 3410 956 editionis
3465 902 3644 972 hujus

1995 987 2350 1057 exemplaria
2381 989 2694 1058 perierunt.
2731 989 2889 1043 Unus
2918 992 3112 1043 tamen
3155 989 3351 1057 codex,
3386 990 3644 1046 ﬂammis

1995 1079 2249 1145 ereptus,
2273 1075 2330 1129 in
2362 1076 2716 1132 bibliotheca
2746 1077 3008 1146 ejusdem
3042 1076 3225 1142 urbis,
3261 1077 3308 1132 si
3341 1094 3456 1147 qua
3486 1079 3640 1134 edito

1995 1162 2181 1233 ipsius
2210 1163 2478 1234 Catalogo
2501 1165 2645 1219 ﬁdes
2676 1165 2945 1219 habenda
2975 1163 3072 1229 sit,
3104 1169 3458 1221 asservatur.

2066 1255 2194 1305 Haec
2226 1251 2416 1322 prima
2447 1252 2711 1322 Epistolas
2743 1257 2952 1306 nostrze
2995 1252 3169 1307 editio
3216 1253 3401 1308 doctis
3432 1255 3514 1308 ita
3541 1271 3640 1326 pa-

1997 1356 2125 1392 rum
2152 1339 2424 1405 innotuit,
2457 1345 2520 1395 ut
2550 1356 2678 1395 eam
2710 1342 2781 1394 ab
2805 1341 3042 1413 Hugone
3077 1342 3350 1396 Menardo
3382 1343 3640 1413 primum

1995 1427 2211 1482 editam
2242 1428 2332 1482 vix
2362 1446 2515 1483 unus
2565 1433 2665 1484 aut
2695 1430 2839 1484 alter
2888 1446 3001 1484 non
3036 1435 3335 1501 agnoscat.
3387 1436 3462 1485 At
3493 1437 3645 1487 certe

1996 1531 2196 1570 omnes
2229 1516 2392 1571 facile
2444 1518 2762 1572 concedent
2809 1535 2943 1572 eum
2993 1519 3247 1588 primum
3301 1519 3501 1590 fuisse,
3544 1521 3646 1591 qui

1995 1603 2156 1658 illam
2186 1604 2338 1676 typis
2371 1607 2708 1661 mandatam
2755 1607 2939 1662 nostri
2963 1608 3118 1677 juris
3151 1607 3366 1662 fecerit.
3400 1608 3456 1662 Is
3487 1609 3643 1663 enim

1995 1709 2130 1748 cum
2162 1693 2463 1750 incidisset
2510 1695 2569 1748 in
2610 1696 3075 1766 manuscriptum
3123 1695 3389 1750 Latinum
3433 1696 3643 1752 biblio-

1992 1783 2170 1838 thecae
2193 1784 2543 1851 Corbeianze,
2569 1800 2854 1839 annorum
2881 1784 3011 1855 plus
3033 1801 3209 1855 quam
3231 1784 3336 1838 900
3359 1785 3640 1855 codicem,

1995 1870 2290 1941 aliumque
2337 1873 2620 1943 Graecum,
2672 1873 2822 1928 inter
2867 1872 3143 1927 Thuriani
3190 1872 3406 1944 scripta
3447 1874 3639 1929 Romae

246 1958 503 2013 Hebraeos
564 1958 777 2012 citasse
822 1957 1099 2012 Barnabaa
1156 1957 1427 2023 nomine;
1487 1959 1749 2025 forsitan,
1806 1957 1888 2009 in-
1920 1940 1966 2003 Β
1997 1961 2324 2026 inventum,
2374 1979 2407 2016 a
2457 1962 2796 2016 doctissimo
2844 1961 3151 2016 Sirmondo
3193 1962 3530 2032 accepisset,
3571 1979 3641 2018 ex

247 2047 468 2117 quiunt,
500 2050 717 2116 accepto
747 2062 963 2100 rumore
991 2046 1056 2100 de
1081 2046 1321 2116 Epistola
1349 2045 1586 2116 quadam
1625 2047 1890 2100 Barnaba:

247 2134 308 2189 ad
333 2135 577 2189 Hebrwos
636 2152 668 2188 a
701 2151 754 2188 se
781 2151 894 2190 non
947 2137 1065 2189 visa
1086 2138 1110 2186 ?
1153 2136 1262 2189 Sed
1294 2135 1400 2189 hac
1454 2134 1776 2204 objections
1807 2133 1887 2189 le-

245 2223 322 2278 vis
349 2224 691 2293 conjectura
720 2222 832 2278 alia
865 2223 1047 2278 multo
1078 2222 1275 2278 leviori
1312 2223 1607 2293 probatur.
1640 2223 1885 2278 Verum-

247 2313 530 2367 enimvero
584 2312 633 2366 si
684 2311 1079 2367 Tertullianus
1131 2311 1444 2383 Epistolam
1496 2313 1565 2366 ad
1619 2311 1888 2367 Hebraeos

246 2401 514 2456 Barnabm
547 2402 834 2471 assignat,
860 2401 1126 2455 eamdem
1150 2400 1243 2456 alii
1270 2401 1457 2470 Lucae,
1483 2399 1580 2455 alii
1605 2399 1887 2457 Clementi

248 2489 601 2559 adjudicant.
626 2489 901 2558 Nunquid
925 2505 1059 2559 ergo
1078 2488 1136 2542 in
1163 2489 1313 2544 hanc
1335 2490 1690 2544 sententiam
1723 2489 1884 2544 abie-

247 2581 408 2632 runt:
439 2579 683 2647 forsitan
728 2580 941 2632 rumori
986 2587 1200 2648 accepto
1246 2578 1309 2633 de
1349 2580 1602 2648 Epistola
1642 2578 1887 2649 quadam

247 2669 398 2723 Luca
425 2667 508 2721 vel
544 2667 847 2721 Clementis
877 2665 946 2720 ad
977 2666 1228 2722 Hebrwos
1255 2683 1289 2720 ιι
1325 2683 1380 2721 se
1407 2684 1515 2722 non
1545 2669 1663 2720 visa
1682 2669 1706 2718 .9
1736 2666 1883 2729 Quid

246 2755 346 2810 hac
370 2755 710 2825 conjectura
732 2753 956 2809 futilius
979 2754 1005 2808 ?
1026 2754 1345 2809 Dicendum
1363 2754 1543 2826 igitur
1565 2753 1879 2825 Epistolam

245 2843 310 2897 ad
339 2843 614 2898 Hebraeos
646 2860 680 2898 a
709 2842 1069 2897 Tertulliano
1099 2844 1372 2897 Barnabas
1409 2843 1643 2897 nomine
1673 2841 1886 2896 idcirco

244 2930 572 2995 laudatum,
606 2930 693 2985 vel
726 2931 864 3001 quia
885 2947 1018 2985 eum
1044 2947 1174 2985 vere
1197 2931 1438 3002 putabat
1459 2932 1586 3000 ejus
1618 2929 1886 3000 Epistolas

245 3024 564 3085 auctorem,
599 3036 701 3074 seu
734 3020 928 3089 potius
956 3019 1160 3083 mavis,
1192 3019 1600 3088 interpretem;
1633 3018 1718 3072 vel
1751 3017 1888 3088 quia

247 3125 372 3163 cum
402 3108 575 3162 illam
609 3108 682 3162 ab
725 3107 918 3178 aliquo
949 3107 1111 3162 Pauli
1145 3107 1300 3162 socio
1342 3112 1397 3161 et
1427 3106 1710 3176 discipulo
1743 3105 1888 3160 scri-

250 3201 401 3266 ptam
433 3197 721 3261 crederet,
755 3196 811 3250 id
845 3195 988 3250 nulli
1015 3195 1218 3266 potiori
1244 3196 1377 3266 jure
1409 3211 1581 3266 quam
1615 3195 1888 3249 Barnabaa

1998 2053 2246 2120 utroque
2279 2049 2594 2120 exemplari
2626 2051 2695 2104 ad
2749 2051 3070 2120 parandam
3119 2049 3436 2105 editionem
3471 2067 3639 2106 suam

1997 2136 2134 2191 totis
2164 2137 2386 2192 viribus
2418 2137 2703 2192 incubuit.
2732 2139 2842 2192 Sed
2865 2137 3088 2193 collatis
3110 2137 3427 2203 codicibus,
3461 2139 3644 2195 altera

1996 2225 2266 2296 Epistolas
2299 2230 2460 2296 parte
2491 2226 2549 2278 in
2583 2226 2853 2280 Latinum
2884 2242 3068 2292 versa,
3119 2225 3415 2296 variisque
3444 2228 3643 2283 obser-

1995 2313 2330 2369 vationibus
2380 2313 2738 2385 compositis,
2811 2314 3157 2386 priusquam
3207 2313 3426 2386 aliquid
3483 2315 3644 2387 prelo

1997 2403 2284 2457 committi
2315 2403 2586 2473 potuerit,
2616 2401 2932 2457 immatura
2980 2407 3166 2458 morte
3209 2404 3502 2458 extinctus
3532 2408 3642 2460 est.

1995 2490 2354 2562 Quapropter
2383 2492 2567 2545 Lucas
2598 2490 2914 2545 Dacherius
2945 2495 3159 2561 paratae
3202 2491 3273 2546 ab
3302 2490 3400 2545 illo
3435 2491 3642 2546 editio-

1997 2578 2088 2634 nis
2119 2594 2318 2634 curam
2378 2579 2436 2633 in
2496 2595 2556 2634 se
2612 2579 2826 2649 recepit
2871 2594 3114 2649 eamque
3171 2579 3472 2650 przemissa
3517 2596 3550 2634 a
3580 2595 3642 2634 se

1996 2668 2330 2739 praefatione
2361 2683 2510 2721 anno
2541 2667 2678 2722 1645
2715 2666 2983 2721 absolvit.

2064 2759 2229 2811 Anno
2262 2756 2649 2825 subsequente
2679 2755 2838 2810 Isaac
2859 2753 3104 2810 Vossius
3126 2755 3338 2810 iterum
3371 2755 3637 2810 eamdem

1996 2843 2313 2915 Epistolam
2345 2859 2415 2899 ex
2445 2844 2635 2898 tribus
2684 2842 3121 2915 manuscriptis,
3172 2860 3288 2898 uno
3329 2843 3640 2898 bibliothe-

1995 2949 2071 2988 cae
2105 2931 2466 2996 Florentius},
2492 2931 2672 2987 altero
2696 2931 3005 3001 Vaticana,
3034 2931 3201 2986 tertio
3224 2931 3640 2986 Theatinorum

1996 3021 2412 3086 Romanorum,
2447 3019 2866 3075 Amstelodami
2903 3019 3098 3075 emisit
3128 3020 3187 3073 in
3220 3019 3540 3089 publicum.
3574 3024 3639 3073 In

1997 3108 2088 3164 his
2117 3114 2312 3164 autem
2343 3108 2619 3162 omnibus
2664 3107 2960 3162 codicibus
3013 3123 3192 3161 manu
3231 3108 3477 3162 exoratis
3508 3107 3644 3177 Epi-

1997 3198 2144 3252 stola
2174 3201 2330 3252 caret
2389 3193 2576 3260 initio,
2627 3201 2798 3266 atque
2847 3196 2947 3249 uni
2998 3212 3066 3250 ex
3125 3194 3331 3266 Ignatii
3363 3193 3641 3266 Epistolis

246 3284 623 3340 tribuendum
646 3284 966 3353 judicavit:
999 3283 1084 3338 vel
1119 3283 1368 3354 denique
1390 3283 1519 3337 aliis
1551 3284 1731 3338 fretus
1756 3300 1888 3337 con-
1920 3301 1961 3366 ρ
2002 3285 2282 3356 proxime,
2314 3288 2370 3339 et
2401 3285 2618 3353 absque
2647 3283 2815 3338 titulo
2848 3283 3242 3354 conjungitur.

239 3373 584 3442 jecturis,ex
615 3372 758 3427 falso
791 3377 1094 3427 auctorum
1128 3375 1229 3426 aut
1259 3371 1530 3426 codicum
1564 3371 1889 3426 manuscri-

248 3464 470 3531 ptorum
508 3460 825 3515 errantium
865 3459 1195 3514 testimonio
1239 3458 1581 3530 desumptis,
1606 3459 1891 3529 quasjam

248 3549 510 3603 divinare
535 3551 871 3619 promptum
904 3563 1018 3601 non
1051 3551 1158 3602 est.

309 3637 492 3692 Porro
527 3636 574 3691 si
606 3641 758 3691 certo
799 3635 1028 3689 definiri
1079 3652 1192 3690 non
1244 3635 1428 3706 possit
1459 3635 1559 3705 qui
1603 3635 1890 3701 homines,

247 3727 483 3794 cujusve
519 3723 771 3797 regionis
803 3723 842 3777 ii
873 3724 1088 3778 fuerint
1121 3723 1192 3778 ad
1238 3740 1385 3794 quos
1417 3724 1566 3779 hanc
1598 3723 1894 3779 Barnabas

247 3813 401 3869 misit
456 3813 807 3884 Epistolam,
867 3815 1094 3867 constat
1150 3816 1346 3866 tamen
1393 3828 1491 3867 eos
1532 3812 1893 3867 Christianos

249 3901 442 3966 fuisse,
481 3901 585 3972 qui
634 3901 693 3954 in
743 3900 1111 3970 assequenda
1158 3899 1287 3953 vita;
1337 3898 1676 3956 Christianas
1708 3899 1892 3970 perfe-

249 3990 431 4046 ctione
464 3989 762 4061 profectus
801 3987 1028 4058 aliquos
1065 3987 1190 4057 jam
1235 3988 1506 4055 fecerant,
1542 4002 1801 4060 quosque
1834 3991 1897 4041 ut

251 4079 435 4150 magis
471 4094 539 4132 ac
570 4077 756 4148 magis
785 4075 843 4130 in
867 4092 933 4130 ea
962 4077 1325 4147 proficerent,
1351 4076 1692 4132 adhortatur
1715 4094 1726 4142 ;
1748 4092 1895 4146 quos

252 4167 505 4237 denique
536 4166 825 4230 admonet,
855 4168 1094 4220 caveant
1125 4163 1325 4219 sedulo
1367 4165 1439 4219 ab
1471 4164 1760 4224 hereticis,
1794 4163 1895 4234 qui

250 4255 410 4311 vanis
441 4254 691 4326 argutiis
749 4259 806 4308 et
864 4252 1289 4308 subtilitatibus
1339 4252 1524 4324 legem
1578 4252 1787 4323 Moysis
1832 4267 1898 4306 ac

252 4343 466 4399 Christi
491 4343 669 4397 simul
700 4342 1122 4398 observandam
1157 4342 1286 4397 aliis
1333 4342 1574 4396 suadere
1605 4341 1894 4395 conaban-

253 4436 362 4488 tur.
397 4432 792 4498 Quamobrem
821 4430 974 4485 idem
1007 4434 1208 4486 auctor
1256 4435 1452 4485 noster
1480 4446 1579 4484 eos
1630 4433 1748 4484 tota
1778 4428 1896 4499 epi-

256 4520 402 4577 stola
433 4537 544 4577 sua
576 4524 776 4574 contra
805 4518 1209 4574 haereticorum
1246 4517 1481 4573 illorum
1514 4533 1736 4572 errores
1770 4533 1895 4570 mu-

258 4609 357 4674 nit,
393 4625 461 4664 ac
493 4607 832 4662 Christianae
865 4606 1095 4677 pietatis
1127 4606 1428 4677 praeceptis
1458 4605 1752 4660 informat.

815 4694 1212 4750 ABTICULUS
1250 4694 1342 4748 Xl.

259 4786 329 4841 De
385 4787 550 4857 hujus
607 4784 864 4855 Epistolas
916 4786 1164 4907 fortugza,
1219 4790 1270 4836 et
1324 4784 1494 4836 variis
1541 4782 1655 4848 ejus
1703 4777 1902 4834 editio-

987 4871 1048 4907 m
1091 4870 1171 4907 us.

987 4870 1171 4907 mous.

331 4944 585 5017 Epistola
617 4944 734 4998 hinc
757 4943 1048 4998 fortunam
1081 4941 1287 4996 habuit
1308 4941 1545 5007 variam,
1573 4939 1905 5008 mirumque

264 5033 320 5087 in
354 5033 593 5088 modum
628 5031 991 5087 mutabilem.
1043 5032 1186 5086 Cum
1237 5028 1389 5083 enim
1426 5033 1606 5096 tanto,
1641 5033 1704 5081 ut
1731 5044 1906 5098 supra

265 5121 538 5191 diximus,
571 5120 879 5191 splendore
912 5125 968 5174 et
1000 5119 1254 5174 secundo
1282 5120 1337 5172 et
1365 5117 1612 5184 duobus,
1646 5133 1710 5170 ac
1742 5116 1907 5170 forsi-

265 5211 364 5262 tan
396 5209 568 5264 etiam
599 5209 790 5263 tribus
819 5207 1203 5278 sequentibus
1232 5203 1761 5260 Ecclesire'sasculis
1796 5203 1902 5256 mi-

268 5297 499 5363 cuisset,
533 5297 808 5367 deinceps
837 5296 920 5350 ita
949 5293 1208 5358 evanuit,
1242 5298 1306 5347 ut
1353 5294 1558 5363 praeter
1591 5295 1907 5362 utrumque

268 5383 672 5454 Nicephorum,
706 5384 804 5456 qui
835 5384 1009 5439 verba
1057 5381 1291 5437 Eusebii
1326 5385 1426 5436 aut
1465 5379 1670 5434 saltem
1705 5395 1905 5433 eorum

271 5487 505 5528 sensum
538 5473 918 5543 descripsere,
949 5471 1040 5527 vix
1073 5471 1223 5526 alius
1255 5471 1325 5524 dc
1355 5486 1421 5523 ea
1443 5469 1800 5523 mentionem
1834 5469 1908 5522 fe-

275 5559 418 5615 cisse
439 5561 774 5632 reperiatur.
803 5561 1008 5615 Nostro
1031 5560 1261 5615 tandem
1287 5559 1496 5612 saeculo
1519 5561 1708 5610 erce
1730 5561 1786 5611 et
1809 5561 1908 5611 La-

276 5647 393 5703 tine
419 5649 590 5706 variis
619 5649 680 5704 in
702 5647 1076 5702 Bibliothecis
1106 5646 1348 5702 feliciter
1369 5645 1624 5714 inventa,
1649 5647 1784 5702 etot
1814 5659 1913 5702 sae-

279 5737 535 5798 culorum
566 5736 824 5796 tenebris
854 5735 1107 5793 emersit.

593 5865 859 5930 PATBOL.
904 5862 1014 5930 Gn.
1065 5859 1140 5926 II.

2070 3372 2385 3429 Cotelerius
2438 3389 2588 3426 anno
2637 3372 2773 3426 1672
2829 3389 2896 3426 ex
2953 3372 3247 3426 Sirmondi
3314 3388 3425 3425 ms.
3457 3371 3648 3426 Graeco

2003 3462 2218 3526 codice,
2254 3462 2323 3515 de
2351 3476 2463 3531 quo
2512 3465 2646 3514 ante
2692 3459 2969 3525 diximus,
3003 3458 3164 3513 illam
3217 3475 3420 3521 rursus
3447 3457 3648 3524 edidit,

2003 3566 2266 3621 novaque
2295 3549 2581 3618 versione,
2627 3547 2957 3624 antiquiore
3007 3553 3198 3601 tamen
3251 3563 3364 3601 non
3409 3546 3648 3611 omissa,

2003 3638 2273 3705 donavit;
2307 3636 2663 3708 praeﬁxitque
2707 3635 2992 3706 Operibus
3030 3639 3351 3690 sanctorum
3398 3637 3646 3699 Patrum,

2002 3729 2098 3797 qui
2152 3726 2490 3797 temporibus
2546 3725 2918 3794 apostolorum
2964 3726 3287 3791 ﬂoruerunt.
3339 3725 3411 3777 At
3462 3720 3650 3776 multa

2002 3816 2182 3885 hujus
2211 3814 2482 3869 editionis
2507 3812 2860 3883 exemplaria
2881 3811 3133 3866 incensis
3157 3810 3485 3882 bibliopolae
3518 3825 3651 3880 apo-

2003 3904 2210 3969 thecis,
2242 3902 2374 3973 igne
2405 3905 2756 3972 consumpta
2787 3903 2943 3954 sunt.

2079 3991 2332 4061 Denique
2363 3990 2631 4061 Moynius
2661 4005 2797 4043 cum
2841 3989 3203 4059 Rothomago
3249 3987 3518 4042 Leisdam
3550 3985 3651 4041 do-

2006 4080 2196 4134 cendas
2227 4077 2530 4149 theologica
2563 4093 2742 4132 causa
2773 4093 2834 4130 se
2865 4076 3230 4140 contulisset,
3262 4074 3359 4128 ubi
3389 4074 3655 4129 eamdem

2004 4167 2324 4238 Epistolam
2369 4166 2519 4220 inter
2549 4183 2652 4220 sua
2694 4167 2858 4220 Varia
2899 4181 3057 4219 sacra
3105 4164 3194 4218 edi
3235 4163 3474 4218 curavit.
3509 4161 3658 4216 Ulti-

2008 4272 2162 4310 mam
2196 4259 2389 4309 autem
2420 4255 2572 4309 hanc
2621 4255 2936 4308 editionem
2986 4253 3080 4308 ille
3121 4268 3187 4307 ex
3229 4252 3423 4308 codice
3451 4267 3656 4306 manu-

2007 4345 2222 4414 scripto
2255 4343 2606 4411 Florentino,
2642 4358 2814 4412 quem
2872 4342 2929 4395 in
2979 4340 3342 4395 Hollendiam
3401 4338 3657 4394 Rullaeus

2008 4430 2299 4496 attulerat,
2329 4435 2385 4484 et
2415 4431 2471 4483 in
2507 4445 2620 4500 quo
2652 4430 2775 4484 haec
2808 4427 3065 4500 Epistola
3095 4428 3194 4482 uni
3227 4444 3294 4482 ex
3336 4426 3653 4498 Ignatianis

2009 4519 2230 4588 absque
2262 4517 2430 4572 titulo
2453 4522 2508 4572 et
2531 4516 2813 4588 principio
2837 4516 3220 4581 connectitur,
3255 4531 3314 4570 se
3340 4516 3655 4569 adornasse

2009 4610 2274 4661 testatur.
2309 4606 2471 4669 Quod
2506 4622 2643 4660 sane
2675 4621 2887 4676 magno
2927 4604 3093 4658 nobis
3141 4603 3352 4657 indicio
3385 4607 3473 4656 est
3498 4601 3653 4654 hunc

2013 4711 2189 4750 manu
2222 4698 2523 4748 exaratum
2547 4693 2805 4747 codicem
2831 4709 2945 4746 non
2979 4693 3156 4746 alium
3177 4707 3303 4745 esse
3325 4707 3357 4744 a
3389 4689 3574 4759 primo
3589 4704 3658 4742 ex

2013 4783 2086 4846 iis
2117 4783 2304 4836 tribus
2335 4782 2500 4852 queis
2522 4780 2796 4836 Vossium
2829 4781 2887 4835 in
2921 4782 3246 4835 accuranda
3278 4794 3385 4832 sua
3407 4776 3658 4831 editione

2014 4887 2185 4926 usum
2220 4886 2346 4924 esse
2393 4869 2671 4923 diximus.
2723 4869 3003 4923 Caeterum
3055 4867 3284 4937 utrique
3334 4864 3575 4920 Vossius
3605 4869 3663 4918 et

2015 4959 2281 5030 Moynius
2314 4975 2425 5012 non
2451 4957 2624 5012 aliam
2649 4956 2971 5012 versionem
2997 4956 3281 5022 Latinam,
3305 4970 3488 5026 quam.
3515 4951 3662 5006 anti-

2014 5047 2297 5116 quiorem,
2329 5063 2362 5100 a
2393 5046 2666 5100 Menardo
2691 5047 2981 5099 inventam
3016 5047 3070 5097 et
3096 5043 3460 5107 adornatam,
3486 5044 3658 5109 atque

2015 5153 2048 5189 a
2081 5134 2354 5189 Dacherio
2386 5133 2600 5188 editam
2634 5132 3044 5187 adhibuerunt.

2555 5272 2956 5328 ARTICULUS
2997 5271 3117 5327 XII.

2123 5365 2196 5420 De
2220 5364 2360 5417 notis
2389 5371 2438 5416 ει
2469 5361 2935 5416 observationibus
2965 5363 3020 5414 in
3053 5360 3193 5413 hanc
3223 5358 3550 5426 Epistolam.

2087 5468 2310 5539 Singuli
2374 5468 2580 5521 harum
2636 5467 2958 5520 editionum
3017 5469 3284 5519 auctores
3343 5460 3660 5533 Epistolam

2018 5556 2178 5611 illam
2215 5555 2366 5610 notis
2423 5559 2479 5609 et
2531 5554 3036 5608 observationibus
3094 5551 3217 5604 suis
3275 5549 3664 5603 illustrarunt.

2019 5646 2173 5710 Quas
2203 5642 2382 5699 edidit
2411 5641 2741 5708 Menardus,
2776 5659 2851 5696 eae
2902 5641 3018 5695 fere
3061 5654 3262 5693 omnes
3311 5636 3399 5691 vel
3432 5636 3503 5691 ad
3535 5652 3667 5691 cor-

2018 5733 2336 5794 rectionem
2367 5728 2928 5805 explicationemque
2947 5729 3161 5798 textus,
3189 5724 3275 5784 vel
3308 5728 3371 5780 ut
3401 5724 3501 5784 illa
3529 5721 3664 5800 styli

3268 5849 3344 5918 22
