4014 6202
400 294 515 355 683

1571 294 1635 353 S.
1682 291 2100 353 BARNABAS
2146 288 2629 351 APOSTOLUS.

3668 294 3772 356 684

402 441 530 482 esse
561 424 861 497 apostolici
894 425 1191 497 probetur,
1222 425 1577 481 conducunt.
1608 422 1932 479 Nonnullas
1960 426 2046 478 ta-
2076 424 2131 489 Α
2160 425 2420 477 ruerunt.
2445 425 2559 477 Cur
2587 435 2722 493 ergo
2744 420 2802 475 in
2824 421 3139 494 Scripturis
3168 420 3377 489 sacris,
3399 423 3610 495 quibus
3628 426 3773 482 Chri-

402 530 535 569 men
570 514 921 585 quandoque
952 513 1234 569 admisset
1254 513 1598 568 eruditionis
1622 530 1740 567 suae
1762 516 1961 579 testes,
1981 528 2049 567 ex

401 602 617 673 quibus
644 601 815 656 facile
846 601 1137 673 intelligas
1159 601 1343 656 multo
1367 600 1763 672 perfectiorem
1790 601 2045 654 futuram

401 690 584 746 fuisse
616 690 744 759 ejus
774 690 1108 757 editionem,
1136 690 1183 745 si
1207 707 1307 761 per
1329 695 1575 745 mortem
1592 690 1714 743 viro
1734 693 1855 743 tam
1879 689 2046 743 docto

404 779 477 834 ad
506 777 851 834 umbilicum
878 778 1041 834 illam
1065 780 1379 850 perducere
1413 778 1689 833 licuisset.

476 865 684 921 Nullus
722 866 930 922 Vossio
980 867 1282 937 pauciores
1330 868 1737 939 brevioresque
1785 866 1842 918 in
1896 864 2045 919 hanc

407 954 719 1027 Epistolam
743 955 1146 1011 adnotationes
1168 956 1349 1010 edidit
1373 973 1385 1022 ;
1412 972 1514 1010 nec
1537 954 1634 1009 ille
1666 953 1897 1025 quidem
1921 970 2047 1023 pro-

406 1040 638 1098 lixiores
668 1043 856 1097 facere
886 1048 1278 1098 consueverat.
1324 1043 1535 1098 Omnes
1584 1043 1700 1097 fere
1739 1040 2045 1096 correctio-

405 1148 539 1187 nem
570 1135 762 1187 textus
809 1136 1091 1203 spectant.
1154 1131 1445 1202 Quaedam,
1501 1133 1601 1188 sed
1656 1129 2042 1203 paucissimas,

405 1220 692 1292 quosdam
724 1221 1004 1276 obscuros
1053 1220 1209 1275 locos
1238 1220 1563 1291 explicant;
1605 1224 1774 1290 atque
1824 1219 1881 1272 in
1914 1217 2042 1271 illa-

402 1324 532 1363 rum
565 1307 856 1379 praecipua
910 1309 1308 1365 observatione
1362 1308 1713 1380 disputatur,
1768 1324 1881 1378 quo
1927 1305 2044 1377 spi-

402 1412 613 1452 narum
644 1411 852 1468 genere
900 1414 1113 1453 corona
1160 1397 1371 1452 Christi
1420 1397 1695 1468 patientis
1744 1398 2047 1467 compacta

401 1484 594 1540 fuerit.

475 1573 578 1628 His
600 1572 783 1628 multo
831 1572 1026 1645 plures
1075 1573 1484 1645 longioresque
1526 1574 1586 1627 in
1638 1572 1787 1627 hanc
1820 1571 2045 1643 Episto-

405 1662 521 1717 lam
552 1662 1085 1717 animadversiones
1117 1678 1150 1716 a
1198 1661 1475 1717 Cotelerio
1517 1661 1853 1733 compositas
1885 1665 2044 1715 sunt.

408 1750 519 1806 Sed
549 1750 869 1822 optandum
892 1767 1051 1817 sane,
1084 1754 1149 1805 ut
1170 1750 1229 1805 in
1264 1751 1335 1806 iis
1358 1767 1482 1822 quae
1511 1767 1625 1805 non
1648 1749 1844 1804 minus
1867 1765 2042 1819 quam

407 1842 627 1911 septem
651 1854 830 1910 supra
857 1839 1098 1910 triginta
1122 1843 1524 1908 numerantur,
1547 1838 1635 1892 vir
1663 1837 1759 1893 ille
1781 1837 2044 1892 eruditus

406 1928 479 1983 ab
508 1926 760 1983 auctoris
790 1943 964 1998 scopo
996 1944 1111 1982 non
1156 1929 1235 1981 ita
1283 1944 1433 1998 saepe
1483 1926 1781 1997 digressus
1815 1925 2042 1991 fuisset,

404 2015 648 2086 suisque
672 2031 786 2070 non
817 2018 935 2069 tam
968 2014 1135 2069 facile
1166 2014 1508 2069 indulsisset
1528 2014 1899 2083 coniecturis,

474 2104 741 2175 Moynius
782 2108 1114 2174 postremus
1162 2104 1427 2158 omnium
1476 2107 1642 2157 notas
1690 2101 2045 2156 observatio-

402 2208 622 2265 nesque
652 2191 969 2263 divulgavit
1004 2191 1064 2245 in
1097 2191 1247 2246 hanc
1292 2189 1633 2263 Epistolam,
1669 2190 1891 2244 caeteris
1922 2205 2047 2242 om-

402 2282 577 2337 nibus
606 2279 776 2352 longe
807 2280 1135 2335 diﬂ’usiores
1167 2285 1460 2351 tantisque
1484 2278 1848 2351 prolixitatis,
1882 2282 1947 2331 ut
1976 2277 2048 2331 ad

412 2369 597 2426 solam
630 2368 972 2424 eruditionis
1002 2386 1140 2439 suae,
1174 2367 1493 2439 praesertim
1518 2366 1829 2431 Hebraicae,
1864 2368 2051 2420 osten-

408 2458 688 2514 tationem
727 2458 1061 2529 compositae
1110 2458 1439 2511 videantur.
1499 2454 1671 2510 Nulla
1718 2455 1934 2525 quippe
1964 2456 2052 2507 est

412 2546 757 2613 observatio,
794 2546 889 2601 ubi
935 2562 1046 2600 non
1104 2546 1223 2600 sint
1269 2545 1679 2616 digressiones,
1713 2546 1769 2597 et
1808 2558 1956 2612 saepe
1984 2557 2052 2596 ex

416 2634 562 2706 ipsis
587 2633 1052 2706 digressionibus
1081 2634 1140 2688 in
1174 2632 1286 2689 alia
1309 2634 1372 2687 ﬁt
1393 2634 1601 2687 iterum
1624 2633 1945 2703 digressus,
1972 2629 2053 2684 ita

417 2729 483 2780 ut
511 2726 703 2779 textus
734 2722 1007 2788 auctoris,
1047 2722 1200 2777 notis
1242 2722 1509 2791 obrutus,
1559 2720 1838 2776 lectorum
1869 2716 2052 2773 oculis

416 2816 741 2868 evanescat.
772 2811 885 2867 Nec
914 2809 1011 2865 ille
1042 2810 1281 2880 quidem
1311 2809 1426 2865 alia
1454 2809 1673 2863 ratione
1706 2824 1767 2863 se
1795 2811 1879 2861 tot
1907 2812 2053 2861 tam-

416 2916 527 2972 que
572 2900 815 2955 ditfusas
859 2897 1393 2953 animadversiones
1437 2896 1765 2967 publicasse
1816 2895 2047 2960 innuit;

413 2988 527 3044 nisi
560 2988 699 3059 quia
729 2991 1008 3059 praerepta
1057 2986 1168 3041 sibi
1219 2985 1519 3040 occasione
1548 2985 1701 3055 typis
1732 2982 2049 3037 mandandi

411 3093 618 3133 novam
643 3076 893 3147 Operum
914 3074 1169 3146 Josephi,
1195 3091 1369 3144 quam
1403 3091 1436 3127 a
1458 3073 1629 3143 longo
1652 3078 1909 3142 tempore
1932 3087 2048 3125 mo-

2158 516 2283 566 stus
2315 510 2757 581 prmdicabatur,
2783 512 3139 582 exponendis
3160 516 3283 567 tam
3306 514 3554 584 turpiter
3572 531 3777 572 errasse

2156 599 2543 655 criminantur
2562 600 2589 653 ‘?
2620 600 2891 670 Nunquid
2920 599 3138 654 ultimae
3162 605 3375 655 nostra:
3398 602 3581 657 aetatis
3610 602 3776 659 homi-

2157 703 2259 742 nes
2292 688 2349 741 in
2381 687 2453 741 iis
2484 687 2847 758 explicandis
2879 687 3165 744 doctiores
3216 693 3358 744 sunt
3403 694 3459 744 et
3488 691 3774 760 acutiores,

2156 792 2333 846 quam
2367 775 2449 830 illi
2483 776 2580 847 qui
2614 776 2685 830 ab
2719 775 2997 848 apostolis
3018 776 3104 832 vel
3137 778 3207 832 ab
3259 793 3464 833 eorum
3494 778 3777 851 discipulis

2157 865 2411 935 suscepti
2444 870 2499 919 et
2519 865 2770 931 educati,
2795 865 2855 919 in
2877 881 3077 920 eorum
3102 863 3305 920 schola
3326 866 3625 921 scientiam
3644 868 3775 922 Scri-

2158 960 2459 1023 pturarum
2484 952 3541 1008 didicerunt?Caveantinconsiderati
3556 954 3771 1013 Patrum

2156 1045 2543 1108 accusatores,
2570 1057 2639 1096 ne
2660 1057 2807 1096 vano
2829 1040 3095 1097 litteralis
3120 1058 3358 1108 sensus,
3382 1058 3556 1114 quem
3578 1044 3775 1115 ubique

2154 1129 2472 1199 venditant,
2506 1134 2805 1201 praetextu,
2855 1146 2889 1183 a
2936 1129 3129 1185 littera
3177 1130 3481 1186 occidente
3510 1133 3771 1201 percussi,

2154 1216 2212 1271 in
2245 1217 2517 1273 caecitatis
2542 1233 2818 1285 errorem,
2870 1233 3045 1289 quem
3097 1218 3228 1273 aliis
3281 1222 3501 1274 temere
3530 1219 3772 1287 inurunt,

2154 1305 2390 1377 ipsimet
2422 1305 2823 1377 prolabantur.

2225 1393 2663 1449 Observandum
2698 1400 2974 1466 praeterea
3003 1399 3304 1451 auctorem
3344 1400 3603 1452 nostrum
3634 1413 3777 1469 quas-

2156 1484 2291 1537 dam
2323 1482 2630 1553 utriusque
2651 1483 3010 1539 Testamenti
3040 1484 3254 1540 citasse
3285 1484 3635 1554 testimonia,
3666 1503 3776 1558 quae

2155 1587 2289 1626 cum
2321 1571 2380 1624 in
2412 1571 2594 1626 sacris
2622 1570 2788 1627 libris
2819 1588 2932 1627 non
2965 1572 3355 1645 reperiantur,
3388 1572 3489 1628 illa
3517 1591 3551 1629 a
3574 1574 3779 1630 Judan-

2156 1674 2287 1713 rum
2317 1657 2899 1731 Christianorumque
2936 1660 3355 1717 traditionibus
3405 1661 3776 1733 desumpsisse

2155 1747 2610 1802 existimandum
2658 1753 2765 1804 est.
2821 1748 3093 1813 Quaedam
3143 1766 3281 1806 vero
3326 1766 3395 1805 ex
3426 1754 3625 1821 quarto
3648 1749 3776 1808 libro

2155 1836 2345 1891 Esdrai
2394 1835 2668 1907 protulit:
2724 1838 2824 1892 sed
2875 1837 3043 1893 illum
3104 1839 3375 1894 censoria
3424 1838 3630 1910 Moynii
3660 1844 3777 1895 nota

2155 1924 2306 1979 male
2333 1924 2597 1979 inustum
2627 1941 2694 1980 ex
2717 1925 2830 1993 his,
2860 1942 2985 1997 quae
3010 1927 3079 1982 de
3106 1927 3215 1983 hoc
3245 1927 3465 1999 scripto
3495 1926 3554 1982 in
3583 1928 3772 1983 nostris

2156 2014 2226 2066 ad
2250 2012 2539 2068 Ambrosii
2560 2013 2745 2085 Opera
2769 2014 3274 2071 admonitionibus
3294 2017 3341 2052 ³ο
3366 2016 3771 2087 disputavimus

2157 2100 2345 2171 quivis
2379 2100 2543 2155 facile
2573 2101 2878 2173 intelligat.

2228 2189 2642 2244 Adnotandum
2677 2206 2909 2261 quoque
2938 2192 3009 2246 ab
3040 2196 3277 2247 auctore
3296 2197 3498 2247 nostro
3530 2192 3772 2263 antiquos

2160 2293 2273 2331 non
2305 2281 2533 2332 tantum
2563 2277 2864 2335 haereticos
2892 2279 3238 2351 expugnari,
3259 2281 3361 2335 sed
3386 2281 3556 2336 etiam
3587 2280 3772 2353 impios

2160 2366 2343 2420 nostri
2374 2366 2565 2421 saeculi
2598 2366 2959 2436 Socinianos,
2991 2373 3194 2424 contra
3223 2386 3374 2440 quos
3414 2369 3616 2425 Christi
3644 2369 3774 2423 divi-

2161 2453 2314 2509 nitas
2342 2454 2400 2507 in
2427 2455 2533 2510 hac
2568 2454 2821 2527 Epistola
2850 2456 3231 2512 invictissime
3262 2458 3563 2513 asseritur.

2230 2542 2430 2597 Nonne
2454 2543 2609 2597 enim
2641 2543 2721 2598 ibi
2752 2544 3044 2600 Barnabas
3074 2544 3244 2599 illum
3287 2550 3483 2617 aperte
3511 2550 3768 2601 terrarum

2160 2631 2469 2686 Dominum
2500 2631 2775 2703 appellat,
2803 2632 3075 2703 huncque
3106 2633 3432 2705 ipsummet
3468 2650 3589 2690 esse
3616 2638 3770 2689 testa-

2162 2724 2276 2785 tur,
2309 2720 2401 2775 cui
2434 2736 2467 2774 a
2491 2720 2656 2775 Patre
2686 2736 2793 2775 suo
2821 2723 3032 2776 aeterno
3053 2724 3187 2776 ante
3222 2723 3426 2777 mundi
3450 2723 3767 2778 creationem

2161 2807 2380 2861 dictum
2413 2812 2535 2862 est:
2570 2810 2866 2864 Faciamus
2890 2807 3167 2864 hominem
3208 2810 3280 2865 ad
3304 2812 3598 2881 imaginem
3632 2815 3681 2865 et
3702 2811 3770 2865 si-

2157 2895 2527 2951 militudinem
2553 2905 2797 2951 nostram
2818 2902 2843 2950 .9
2872 2898 2979 2952 Sed
3014 2902 3255 2969 prestat
3283 2915 3417 2954 eum
3454 2899 3632 2954 verbis
3661 2898 3767 2953 suis

2159 2984 2487 3055 loquentem
2520 2986 2721 3039 audire
2746 3000 2760 3040 :
2793 2989 2859 3041 Et
2884 2986 2954 3040 ad
2974 2987 3072 3041 hoc
3106 2989 3375 3041 Dominus
3394 2988 3641 3042 sustinuit
3666 2987 3769 3056 pati

2154 3091 2253 3145 pro
2307 3075 2496 3128 anima
2547 3078 2758 3143 nostra,
2816 3090 2940 3129 cum
3009 3077 3081 3129 sit
3159 3079 3313 3131 orbis
3372 3084 3633 3132 terrarum
3678 3077 3769 3130 Do-

407 3165 658 3221 liebatur
684 3164 1020 3231 editionem,
1047 3162 1328 3234 quidquid
1358 3162 1545 3232 magis
1574 3160 1889 3226 eruditum,
1924 3175 2048 3214 ma-
2080 3148 2122 3214 C
2161 3164 2364 3228 minus,
2396 3164 2488 3216 cui
2515 3162 2662 3216 dixit
2685 3162 2773 3216 die
2792 3170 2918 3216 ante
2938 3165 3381 3219 constitutionem
3400 3164 3619 3221 saculi:
3646 3184 3670 3211 «
3689 3163 3771 3216 Fa-

407 3252 613 3323 gisque
638 3252 935 3306 curiosum
967 3251 1037 3304 ad
1073 3266 1200 3305 eam
1244 3249 1654 3321 perﬁciendam
1686 3262 2047 3319 praeparave-

408 3343 517 3408 rat,
549 3339 658 3394 hoc
696 3339 755 3394 in
787 3344 953 3395 notas
985 3338 1531 3408 observationesque
1561 3354 1699 3391 suas
1734 3352 2047 3407 congeren-

408 3428 550 3483 dum
581 3443 709 3483 esse
750 3426 1053 3499 putaverit.
1105 3427 1228 3481 Non
1278 3424 1711 3481 contemnimus
1762 3423 1861 3477 viri
1894 3424 2047 3478 docti

408 3514 815 3581 eruditionem,
850 3515 948 3569 sed
982 3514 1341 3585 prudentiori
1365 3513 1587 3584 judicio
1609 3528 1674 3567 ac
1699 3512 1839 3566 locis
1871 3510 2049 3583 aptio-

410 3603 572 3659 ribus
602 3602 939 3659 collocanda
967 3606 1108 3658 erat.

955 3743 1364 3799 ARTICULUS
1404 3743 1549 3798 XIII.

631 3833 794 3890 Novae
821 3833 1216 3889 observationes
1249 3834 1307 3886 in
1336 3834 1477 3886 hanc
1502 3832 1817 3902 Epistolam.

476 3955 531 4011 Si
559 3955 698 4027 quid
729 3956 898 4011 nobis
944 3960 1029 4010 tot
1068 3958 1304 4025 tamque
1352 3954 1597 4009 diversis
1626 3953 2043 4008 observationi-

404 4044 516 4101 bus
546 4044 881 4099 addendum
903 4047 1253 4113 superesset,
1278 4042 1604 4096 Christiana
1624 4040 1887 4095 libertate
1908 4058 2039 4096 cum

401 4131 627 4204 Moynio
657 4130 902 4203 aliisque
924 4129 1222 4185 nonnullis
1252 4130 1321 4183 de
1344 4146 1542 4184 eorum
1573 4128 1925 4183 confidentia
1944 4146 2039 4184 ex-

401 4218 850 4292 postularemus,
882 4235 997 4289 qua
1038 4225 1096 4273 et
1143 4221 1437 4272 auctorem
1485 4220 1749 4271 nostrum
1800 4221 1858 4271 et
1886 4218 2040 4271 anti-

401 4308 719 4380 quissimos
748 4306 1012 4362 Ecclesia:
1044 4306 1357 4377 scriptores
1387 4321 1452 4360 eo
1484 4308 1714 4376 argunt,
1749 4305 1885 4376 quia
1914 4305 2039 4376 plu-

400 4412 491 4452 res
522 4396 749 4452 Veteris
779 4396 1135 4451 Testamenti
1158 4396 1315 4449 locos
1345 4394 1416 4449 de
1436 4393 1643 4447 Messia
1673 4392 2037 4464 interpretati

398 4486 537 4552 sint,
571 4501 717 4556 quos
772 4483 855 4538 illi
888 4485 959 4539 ad
1016 4499 1147 4539 eum
1177 4482 1418 4537 minime
1469 4481 1753 4552 respicere
1791 4481 2034 4537 arbitra-
2065 4506 2112 4571 Β

397 4574 632 4631 bantur.
666 4572 823 4627 Nihil
855 4573 1008 4628 enim
1042 4572 1149 4626 hac
1194 4570 1561 4625 accusatione
1610 4570 1779 4624 nobis
1808 4569 2037 4625 videtur

396 4661 682 4733 iniquius,
715 4660 861 4715 nihil
894 4661 1062 4731 plane
1093 4660 1425 4714 absurdius.
1461 4659 1698 4713 Constat
1743 4658 2033 4728 siquidem

396 4750 693 4805 Christum
715 4748 991 4820 apostolis
1026 4752 1081 4803 et
1102 4747 1405 4819 discipulis
1432 4747 1555 4801 suis
1580 4763 1839 4813 sensum,
1872 4751 1936 4801 ut
1953 4747 2034 4802 ait

394 4838 690 4909 Scriptura
720 4839 866 4909 ipsa,
916 4836 1234 4908 aperuisse,
1265 4841 1327 4890 ut
1375 4834 1758 4906 intelligerent
1788 4836 2031 4906 Scriptu-

394 4942 486 4981 ras
518 4927 583 4991 9°,
618 4926 865 4982 maxime
897 4942 1028 4981 vero
1060 4924 1189 4979 illos
1217 4925 1480 4995 ejusdem
1512 4924 1819 4993 Scriptura:
1851 4923 2027 4995 locos,

392 5015 490 5086 qui
523 5016 833 5071 adventum
858 5015 1007 5083 ejus,
1032 5019 1297 5078 mortem,
1322 5017 1641 5079 cmteraque
1662 5012 1847 5081 ipsius
1881 5013 2028 5067 facta

387 5104 872 5175 praenuntiabant.
906 5103 1078 5173 Atqui
1128 5100 1371 5173 apostoli
1405 5105 1461 5154 et
1509 5099 1778 5170 discipuli
1811 5100 2021 5155 Christi

381 5192 617 5248 eosdem
641 5191 947 5263 Scripturae
969 5206 1200 5259 sensus,
1228 5206 1375 5260 quos
1405 5206 1438 5243 a
1459 5188 1650 5242 divino
1674 5192 2022 5260 praeceptore

380 5296 485 5336 suo
517 5283 875 5351 acceperant,
909 5278 1031 5332 suis
1063 5294 1293 5349 quoque
1325 5276 1651 5347 discipulis,
1701 5275 1756 5329 id
1790 5282 1875 5331 est
1910 5294 2017 5331 au-

377 5369 519 5426 ctori
550 5372 769 5434 nostro,
802 5366 1049 5436 aliisque
1070 5366 1333 5435 ejusdem
1358 5364 1459 5419 ωνί
1481 5364 1864 5433 scriptoribus
1886 5382 2016 5435 ape-

2157 3252 2370 3304 ciamus
2399 3250 2675 3305 hominem
2704 3250 2779 3305 ad
2812 3251 3109 3321 imaginem
3138 3261 3188 3307 et
3217 3252 3631 3309 similitudinem
3663 3266 3767 3305 nos-

2158 3346 2319 3393 tram.

2230 3426 2377 3491 Quid
2406 3442 2537 3481 vero
2569 3428 2723 3498 quod
2782 3427 2936 3482 idem
2966 3433 3168 3484 auctor
3230 3434 3433 3486 noster
3473 3447 3581 3486 non
3618 3427 3765 3484 modo

2159 3514 2339 3570 solem
2366 3531 2498 3587 opus
2526 3532 2794 3570 manuum
2838 3515 2955 3586 ejus
3006 3517 3229 3572 scilicet
3285 3518 3515 3587 Christi,
3547 3516 3759 3573 asserit:

2157 3604 2258 3659 sed
2290 3604 2348 3657 in
2372 3603 2496 3675 ipso
2518 3608 2573 3658 et
2593 3608 2825 3675 propter
2843 3604 3040 3675 ipsum
3062 3621 3191 3660 esse
3212 3606 3415 3662 omnia
3436 3608 3637 3662 diserte
3655 3618 3765 3675 pro-

2158 3692 2420 3748 nuntiat:
2458 3693 2635 3749 Habes
2665 3694 2875 3757 etiamy
2900 3693 3113 3765 inquit,
3164 3696 3225 3749 in
3256 3697 3355 3752 hoc
3382 3697 3602 3766 gloriam
3626 3698 3758 3758 Jesu,

2154 3783 2303 3852 quod
2330 3784 2391 3836 in
2421 3783 2537 3852 ipso
2566 3790 2693 3836 sunt
2722 3783 2936 3850 omnia,
2970 3785 3018 3837 et
3048 3784 3107 3836 in
3138 3784 3340 3854 ipsum.

2228 3870 2480 3939 Denique
2510 3886 2581 3923 ne
2609 3868 2779 3940 plura
2825 3869 2940 3924 alia
2969 3871 3188 3940 passim
3219 3871 3282 3926 in
3333 3872 3505 3927 hacce
3532 3866 3756 3941 Epistola

2153 3955 2331 4011 simili
2366 3956 2535 4010 modo
2566 3954 2780 4010 dictata
2825 3972 3227 4028 congeramus,
3263 3960 3321 4014 id
3375 3962 3589 4014 tantum
3617 3956 3753 4027 juvat

2151 4045 2530 4115 subjungere,
2561 4060 2674 4114 quo
2705 4043 2970 4099 Christus
3001 4046 3059 4099 in
3089 4045 3366 4102 cordibus
3397 4046 3615 4112 nostris,
3644 4050 3750 4097 tan-

2150 4149 2327 4203 quam
2360 4133 2417 4187 in
2448 4131 2683 4203 templis
2715 4136 2827 4188 Deo
2859 4135 3211 4190 consecratis
3244 4135 3505 4191 habitare
3532 4133 3745 4189 dicitur:

2151 4222 2289 4289 Quia
2315 4222 2593 4293 oportebat
2621 4236 2748 4275 eum
2777 4222 2835 4275 in
2865 4238 3030 4277 carne
3057 4239 3344 4295 apparere,
3373 4232 3426 4280 et
3456 4223 3678 4278 habitare
3701 4219 3749 4271 in

2146 4308 2299 4364 nobis
2317 4326 2338 4370 ;
2367 4310 2627 4380 templum
2656 4310 2806 4363 enim
2842 4312 3109 4377 sanctum,
3154 4313 3359 4381 fratres
3397 4310 3522 4376 mei,
3548 4306 3747 4363 Domino

2144 4405 2221 4452 est
2250 4397 2514 4452 habitatio
2543 4396 2719 4452 cordis
2747 4399 2939 4452 nostri.

2214 4486 2353 4550 Quis
2378 4490 2593 4555 autem,
2626 4484 2833 4539 amabo
2866 4492 2936 4552 te,
2981 4485 3093 4541 nisi
3118 4487 3241 4557 jam
3261 4485 3619 4558 praajudicata
3639 4478 3742 4551 opi-

2145 4574 2317 4629 nione
2347 4573 2515 4645 plane
2546 4574 2869 4628 obcacatus
2918 4573 3113 4644 homo,
3164 4590 3378 4646 negare
3424 4573 3619 4629 audeat
3643 4568 3741 4623 haec

2143 4661 2343 4716 omnia
2371 4662 2442 4716 ab
2472 4666 2706 4716 auctore
2732 4665 2929 4716 nostro
2954 4678 3069 4716 non
3092 4662 3163 4716 de
3193 4661 3307 4719 alio
3331 4660 3500 4718 scribi
3522 4669 3741 4729 unquam

2140 4749 2421 4819 potuisse,
2457 4749 2569 4804 nisi
2602 4749 2672 4804 de
2715 4764 2847 4803 vero
2898 4765 3292 4821 germanoque
3335 4749 3433 4806 Dei
3482 4740 3737 4815 Filio,qu

2139 4838 2401 4907 ejusdem
2430 4837 2666 4891 omnino
2697 4853 2830 4891 cum
2863 4837 3030 4892 Patre
3061 4854 3169 4892 suo
3200 4838 3276 4893 sit
3307 4842 3518 4893 natura
3548 4831 3735 4890 etsub-

2139 4925 2385 4990 stantize,
2419 4925 2648 4995 ipsique
2675 4926 2921 4996 perfecte
2953 4925 3238 4996 planeque
3272 4922 3618 4983 comternus?

2208 5012 2801 5066 Animadvertendum
2835 5013 3087 5083 denique
3128 5014 3276 5069 hanc
3308 5012 3550 5069 auctoris
3579 5003 3731 5063 nostri

2134 5100 2451 5171 Epistulam
2475 5101 2659 5155 adnos
2676 5099 2959 5171 integram
2980 5118 3092 5155 non
3112 5096 3727 5172 pervenissezsiquidem

2132 5188 2308 5243 Graeci
2333 5189 2562 5243 codices
2584 5189 2964 5258 manuscripti
2987 5190 3155 5244 titulo
3177 5195 3233 5245 et
3254 5188 3526 5262 principio
3542 5184 3726 5246 carent,

2130 5276 2513 5348 pluribusque
2543 5280 2769 5331 scatent
2799 5276 3027 5340 erratis,
3062 5294 3187 5347 quae
3244 5278 3355 5333 nisi
3385 5277 3612 5333 aliorum
3638 5282 3725 5341 ope

2127 5365 2391 5419 codicum
2422 5364 2717 5419 emendari
2769 5381 2881 5419 non
2936 5371 3178 5437 queunt.
3232 5367 3293 5421 In
3341 5365 3524 5422 codice
3551 5358 3721 5417 Latino

447 5568 491 5609 ³ο
522 5566 659 5626 Luc.
688 5582 839 5642 xxiv,
869 5566 958 5625 45.
1035 5566 1083 5604 ³ο
1107 5564 1399 5623 Admonit.
1434 5564 1493 5621 in
1526 5564 1625 5621 lib.
1652 5564 1709 5621 S.
1738 5564 2006 5624 Ambros.
2046 5564 2139 5626 De.
2174 5563 2294 5623 bon.
2326 5571 2489 5622 mort.
