4014 6202
200 480 301 545 685
1532 480 1811 541 PROLEt

1924 476 2147 540 tiENA.

3428 479 3545 539 686

196 612 422 671 secunda
449 628 576 683 pars
607 610 872 682 Epistolas
905 610 1137 677 deﬁcit;
1171 611 1371 682 primae
1396 628 1526 667 vero
1560 612 1794 667 additus
1822 642 1877 706 Α
1908 612 2103 666 Graeco
2135 610 2442 680 habentur,
2474 610 2544 665 ab
2604 611 2730 681 ipso
2780 610 3167 681 prmtermissa
3206 615 3361 665 sunt.
3397 610 3545 673 Qua-

197 706 273 757 est
298 698 604 770 finis,quasi
626 698 771 752 nihil
796 697 1052 770 amplius
1082 699 1462 755 desideretur.
1484 700 1664 755 Vetus
1687 717 1793 755 au-

196 795 292 845 tem
321 789 590 859 interpres
638 786 874 843 Latinus
920 804 1033 842 non
1087 787 1285 842 omnia
1329 788 1583 843 auctoris
1622 788 1796 843 verba

193 877 430 944 reddidit,
476 881 532 931 et
578 875 860 931 nonnulla
905 875 1199 947 aliquibus
1248 876 1306 929 in
1357 875 1520 943 locis,
1577 893 1701 946 quas
1734 878 1791 931 in

1907 699 2255 771 prOpterille
2285 699 2370 753 vel
2392 699 2450 752 in
2475 699 2748 753 mutilum
2781 700 3036 754 codicem
3070 698 3384 766 incidit,vel
3413 700 3550 754 data

1904 804 2080 860 Opera
2109 788 2373 859 quaedam
2406 786 2715 855 omisit,vel
2739 788 2989 859 denique
3020 787 3272 843 auctoris
3306 788 3397 842 sui
3420 804 3547 843 sen-

1904 893 2037 931 sum
2070 894 2184 931 non
2219 880 2522 932 assecutus
2553 881 2661 932 est.

362 1348 897 1427 (GALLANDIUS,
944 1347 1068 1410 Vet.
1101 1349 1277 1409 Patr.
1315 1348 1706 1422 Bibliotheca,
1742 1358 1787 1409 t.
1842 1352 1885 1422 Ι,
1938 1350 2233 1423 Venetiis,
2273 1351 2451 1422 1765,
2484 1351 2715 1423 in-fol.,
2750 1353 3023 1430 Proleg.,
3057 1369 3121 1430 p.
3154 1351 3350 1429 XXIX.)

691 1535 916 1590 CAPUT
958 1535 1257 1591 PRIMUM.

186 1650 304 1704 Num
330 1650 379 1703 S.
416 1650 699 1723 Barnabas
729 1655 926 1705 auctor
952 1653 1024 1706 sit
1062 1652 1317 1723 Epistolm
1362 1666 1486 1721 qua?
1516 1652 1629 1723 sub
1676 1652 1796 1721 ejus

243 1723 444 1815 nomine
504 1722 916 1815 circui'n/ertqu.
971 1722 1216 1778 Clemens
1253 1722 1687 1815 Ιρ.[ρει-(ιηιίνίηιιδ
1745 1732 1873 1815 etB

244 1794 476 1861 Origenes
503 1808 627 1847 eam
656 1796 928 1848 Barnabas
951 1799 1219 1848 asserunt.
1245 1795 1614 1864 Hieronymus
1643 1796 1794 1850 item.

242 1865 380 1989 cuius
409 1866 779 1919 testimonium
826 1866 1144 1920 edisseritur
1171 1880 1332 1936 atque
1362 1868 1655 1922 astruitur.
1688 1868 1795 1920 Eu-

242 1950 288 1989 σε
322 1936 363 1989 ii
392 1935 743 1989 Caesariensis
776 1937 923 1989 locus
948 1952 1239 1989 expensus.

239 1935 363 1990 sebii
392 1935 743 1991 Caesariensis
776 1937 923 1992 locus
948 1952 1239 2008 expensus.

241 2067 381 2123 Inter
406 2068 808 2124 vetustissima
839 2069 1035 2124 saeculi
1092 2087 1109 2124 ι
1168 2069 1559 2125 ecclesiastica
1590 2085 1795 2123 monu-

185 2161 372 2226 menta,
422 2158 662 2211 tertium
708 2156 901 2212 locum
934 2162 1181 2230 occupat
1230 2157 1488 2229 Epistola
1529 2174 1655 2228 quae
1687 2158 1796 2212 sub

184 2247 232 2298 ὃ.
253 2244 509 2299 Barnaba:
543 2245 781 2301 nomine
802 2246 1229 2301 circumfertur.
1266 2246 1345 2299 De
1376 2250 1609 2300 auctore
1641 2245 1794 2300 haud

185 2349 281 2387 una
307 2337 387 2387 est
415 2334 769 2405 scriptorum
802 2338 929 2388 tum
956 2340 1215 2392 veterum
1249 2340 1374 2389 tum
1411 2334 1796 2389 recentiorum

182 2421 458 2476 sententia.

238 2508 300 2565 Ut
327 2515 516 2565 autem
548 2509 688 2565 hinc
738 2511 1129 2578 exordiamur,
1179 2512 1392 2567 saeculo
1428 2528 1463 2565 ιι
1496 2510 1800 2566 desinente

178 2597 415 2654 Clemens
446 2599 880 2655 Alexandrinus
914 2600 1201 2671 plerisque
1231 2602 1286 2654 in
1321 2600 1483 2667 locis,
1510 2616 1687 2671 supra
1717 2600 1802 2653 in-

178 2689 253 2740 ter
277 2690 521 2742 veterum
550 2688 887 2743 testimonia
912 2687 1288 2759 relatis,banc
1312 2687 1629 2759 Epistolam
1662 2704 1798 2743 con-

180 2779 376 2830 stanter
400 2776 686 2831 Barnabas
725 2776 1012 2844 attribuit,
1037 2781 1093 2831 et
1116 2777 1348 2848 quidem
1368 2778 1622 2847 apostolo,
1673 2778 1803 2832 testi

177 2864 462 2935 apostolico,
511 2865 619 2920 uni
671 2880 739 2919 ex
784 2882 889 2919 Lxx
937 2868 1161 2921 Domini
1206 2865 1491 2936 discipulis
1533 2870 1589 2919 et
1634 2866 1803 2920 Pauli

180 2952 483 3022 adjutori,ut
514 2953 769 3023 ipsemet
799 2969 931 3008 eum
965 2952 1241 3025 appellat.
1276 2954 1425 3017 Quin
1457 2958 1515 3009 et
1545 2953 1603 3007 in
1636 2951 1801 3008 libris

179 3039 600 3109 Ὑποτυπώσεων,
638 3042 883 3097 Eusebio
924 3046 1070 3097 teste
1121 3043 1274 3107 “4”,
1323 3042 1797 3113 compendiosam

1904 1537 2038 1591 viris
2070 1538 2387 1592 illustribus
2412 1538 2614 1602 edidit,
2638 1538 2708 1592 de
2742 1538 2869 1608 ejus
2889 1536 3153 1608 Epistolas
3186 1536 3554 1603 auctoritate,

1905 1642 2021 1680 non
2049 1631 2243 1681 autem
2278 1627 2349 1679 de
2371 1631 2626 1696 auctore,
2653 1626 2821 1681 aliter
2836 1627 3136 1680 censuisse
3167 1626 3552 1683 existimatur.

1906 1714 1999 1768 Sic
2031 1714 2186 1768 enim
2220 1714 2298 1767 ibi
2330 1716 2373 1747 ³⁵
2426 1732 2438 1769 :
2493 1716 2780 1769 Barnabas
2832 1714 3088 1784 Cyprius,
3142 1716 3238 1785 qui
3283 1720 3334 1769 et
3359 1717 3557 1786 Joseph

1908 1805 2136 1870 Levites,
2186 1819 2308 1857 cum
2372 1804 2549 1857 Paulo
2614 1805 2856 1873 gentium
2912 1805 3192 1874 apostolus
3246 1804 3556 1871 ordinatus,

1908 1907 2079 1946 unam
2126 1890 2196 1945 ad
2242 1890 2664 1960 aediﬁcationem
2708 1892 2962 1947 Ecclesia?
3002 1895 3367 1961 pertinentem
3416 1894 3555 1964 Epi-

1908 1980 2103 2034 stolam
2146 1981 2465 2049 composuit,
2516 1994 2641 2049 quae
2688 1981 2830 2034 inter
2871 1979 3207 2051 apocryphas
3254 1981 3558 2051 scripturas

1911 2069 2131 2139 legitur.
2166 2068 2348 2131 Quem
2384 2067 2441 2121 in
2470 2066 2661 2122 locum
2697 2067 2837 2123 scite
2867 2067 3218 2123 Pearsonius
3250 2070 3294 2103 ³⁸
3319 2086 3331 2123 :
3358 2092 3385 2117 ‹‹
3418 2071 3554 2124 Bar-

1908 2157 2063 2211 nabas
2094 2155 2409 2228 Epistolam
2444 2156 2625 2211 fuisse
2657 2156 2832 2211 tradit
2868 2157 2949 2223 (S.
2998 2155 3404 2228 Hieronymus)
3439 2175 3556 2214 non

1909 2244 2021 2316 ipsi
2053 2244 2513 2316 supposititiam,
2547 2248 2649 2299 aut
2688 2245 2989 2315 spuriam;
3024 2245 3093 2299 ad
3139 2244 3558 2315 wdiﬁcationem

1907 2334 2178 2389 Ecclesiae
2205 2334 2548 2404 pertinuisse
2570 2333 2777 2388 asserit
2806 2358 2820 2399 ;
2851 2350 2964 2387 non
2998 2333 3193 2403 itaque
3224 2333 3556 2390 hasreticam

1908 2423 2136 2492 putavit
2172 2439 2184 2476 :
2220 2422 2416 2477 lectam
2447 2426 2646 2476 tamen
2678 2422 2829 2476 inter
2858 2421 3197 2494 apocryphas
3246 2424 3556 2493 scripturas

1909 2510 2095 2576 docet,
2128 2526 2231 2565 nec
2263 2510 2335 2565 ab
2368 2509 2624 2565 Ecclesia
2655 2510 3019 2580 repudiatam
3052 2510 3263 2565 innuit.
3302 2532 3352 2564 ».

1981 2598 2140 2663 Quod
2174 2602 2368 2653 autem
2414 2597 2796 2668 Hieronymus
2827 2597 3143 2668 Epistolam
3177 2598 3451 2653 Barnabas
3484 2600 3555 2655 ad

1910 2686 2271 2758 apocryphas
2301 2685 2627 2756 scripturas
2658 2686 2955 2752 amandet,
3009 2702 3122 2741 non
3169 2703 3358 2758 usque
3411 2688 3554 2743 adeo

1911 2775 2207 2846 negotium
2241 2774 2527 2829 facessere
2548 2774 2812 2841 debet,ut
2842 2774 3041 2830 statim
3065 2774 3395 2831 adulterina
3424 2793 3554 2831 cen-
3594 2792 3595 2795 ‘

1910 2864 2093 2918 senda
2121 2864 2219 2930 sit,
2280 2863 2510 2933 ipsique
2569 2861 2828 2934 apostolo
2886 2862 3318 2933 abjudicanda;
3371 2880 3549 2935 quam

1911 2956 2116 3006 contra
2146 2950 2327 3006 fuisse
2376 2952 2447 3006 ab
2494 2967 2560 3005 eo
2614 2951 2998 3021 compositam
3031 2951 3336 3021 perspicue
3367 2953 3547 3007 tradit

1911 3044 2149 3095 sanctus
2208 3040 2426 3094 doctor.
2479 3039 2659 3110 quue
2718 3043 2780 3093 ut
2831 3038 3045 3094 clarius
3098 3039 3290 3094 adhuc
3338 3045 3555 3112 pateat,

182 3128 306 3183 Novi
334 3130 695 3185 Testamenti
729 3129 1161 3200 Scripturarum
1185 3112 1610 3186 enarrationem
1640 3128 1804 3184 insti-
1833 3112 1875 3178 C
1913 3127 2176 3199 exemplo
2203 3127 2527 3183 illustrabo.
2561 3127 2793 3199 Legitur
2817 3127 2875 3181 in
2908 3127 3139 3183 decreto
3166 3127 3469 3185 Gelasiano
3493 3130 3555 3185 3":

182 3221 333 3271 tuens
349 3218 497 3273 idem
513 3217 1093 3283 Clemens,Barnabm
1114 3218 1249 3273 item
1266 3216 1585 3289 Epistolam
1602 3233 1700 3273 eas
1722 3218 1803 3271 in-

181 3310 255 3359 ter
281 3305 825 3361 recensuit.Alicubi
847 3309 1043 3361 tamen
1071 3308 1368 3379 presbyter
1382 3306 1805 3361 Alexandrinus

184 3394 469 3449 consilium
502 3399 771 3449 mutasse
799 3394 1025 3449 videtur
1058 3412 1071 3462 ;
1124 3396 1263 3449 dum
1314 3396 1468 3450 enim
1502 3412 1570 3450 ex
1601 3395 1804 3449 eadem

181 3481 413 3553 Bpistola
442 3480 736 3538 nonnulla
781 3480 1000 3537 delibat
1029 3482 1095 3548 ³³,
1128 3484 1403 3538 Barnabas
1454 3483 1805 3539 sententiam

183 3569 452 3625 interdum
508 3570 775 3641 respuit;
826 3570 1092 3642 quamvis
1138 3572 1284 3626 tanti
1332 3572 1439 3626 viri
1490 3570 1808 3627 reverentia

184 3660 506 3729 tactus,ejus
540 3658 767 3713 nomini
803 3663 1021 3729 parcat,
1047 3664 1110 3714 ut
1140 3664 1270 3730 post
1298 3660 1645 3715 Cotelerium
1676 3660 1806 3714 Pot-

182 3750 323 3801 terus
351 3746 684 3803 admonuit.

245 3834 597 3891 Clementem
660 3834 1115 3890 Alexandrinum
1180 3841 1588 3908 praeceptorem
1637 3853 1809 3891 suum

184 3927 400 3979 secutus
454 3923 761 3995 Origenes,
814 3923 966 3977 circa
1015 3923 1271 3978 medium
1318 3924 1514 3979 saeculi
1566 3942 1645 3991 ιιι,
1700 3940 1812 3978 non

184 4010 359 4066 solum
383 4029 415 4066 a
437 4012 710 4067 Barnaba
731 4011 1010 4081 scriptam
1036 4011 1587 4083 putavitEpistolam
1615 4028 1813 4067 verum

184 4099 343 4155 etiam
390 4100 723 4155 catholicam
782 4098 1070 4165 vocitavit,
1123 4104 1178 4154 et
1226 4100 1526 4171 Scripturze
1584 4101 1817 4156 nomine

186 4184 471 4258 insignivit
498 4189 567 4241 3‘.
602 4187 757 4252 Sunt,
792 4185 1003 4256 inquit,
1034 4196 1292 4257 praterea
1342 4188 1504 4260 (sicut
1541 4192 1597 4243 in
1629 4189 1819 4245 multis

187 4274 470 4343 Seriplurae
530 4276 664 4331 locis
712 4275 1045 4347 invenimus)
1093 4278 1260 4331 etiam
1316 4278 1599 4348 utriusque
1640 4281 1821 4348 partis

186 4363 261 4417 vel
288 4366 576 4435 utriusque
606 4365 708 4417 vise
736 4366 978 4434 fautores
1027 4364 1253 4433 quidam
1308 4368 1358 4418 et
1400 4365 1679 4429 adiutores
1721 4384 1823 4420 an-

1916 3218 2153 3272 Hz’storia
2180 3217 2395 3270 Eusebii
2424 3216 2706 3287 Pamphili
2734 3214 3071 3286 apocrypha.
3097 3216 3558 3283 Cedo,statuitne

1916 3305 2007 3360 bis
2039 3304 2227 3359 verbis
2259 3309 2496 3360 sanctus
2546 3302 2801 3375 pontifex
2848 3305 3144 3359 Historiam
3194 3306 3422 3360 Eusebii
3470 3322 3554 3361 ec-

1914 3396 2272 3448 clesiasticam
2317 3392 2586 3463 episcopo
2627 3390 2711 3445 illi
2742 3392 3074 3447 Caesariensi
3127 3393 3306 3449 fuisse
3336 3410 3551 3465 suppo-

1916 3485 2136 3539 sitam?
2165 3480 2403 3535 Minime
2433 3481 2697 3535 omnium
2723 3499 2735 3535 :
2760 3484 2817 3535 at
2847 3480 2902 3536 id
2934 3481 3299 3537 solummodo
3330 3483 3554 3537 edicere

1916 3571 2099 3626 voluit
2128 3568 2416 3635 Gelasius,
2451 3569 2682 3623 Eusebii
2715 3570 3008 3624 Historiam
3029 3586 3142 3625 non
3167 3587 3295 3625 esse
3325 3570 3557 3641 publice

1920 3660 1977 3713 in
2021 3657 2276 3713 Ecclesia
2306 3656 2609 3727 legendam
2658 3657 2799 3711 dum
2829 3663 3195 3728 apocrypham
3225 3657 3558 3715 declaravit.

1919 3746 2211 3801 Nimirum
2243 3746 2421 3815 hujus
2452 3744 2609 3799 vocis
2657 3743 2940 3820 ἀπόκρυφα
2989 3746 3077 3800 vis
3109 3751 3166 3800 et
3196 3746 3355 3801 notio
3386 3747 3567 3818 probe

1922 3835 2193 3904 tenenda,
2228 3838 2291 3888 ut
2320 3851 2410 3888 res
2442 3835 2797 3903 ejuscemodi
2844 3835 2950 3888 rite
2982 3834 3387 3904 expediantur.
3420 3835 3569 3890 Con-

1925 3928 2041 3979 stat
2087 3923 2243 3978 enim
2296 3923 2445 3977 inter
2483 3922 2768 3990 eruditos,
2816 3939 3012 3977 vocem
3064 3922 3236 3978 istam
3290 3941 3404 3979 non
3455 3941 3572 3979 uno

1926 4028 2104 4067 sensu
2138 4010 2559 4081 accipiendam.
2586 4010 2727 4065 Rem
2762 4010 2888 4065 fuse
2913 4015 3224 4082 pertractat
3252 4012 3403 4067 inter
3431 4012 3573 4067 alios

1928 4102 2195 4157 Svicerus
2228 4101 2308 4166 38;
2344 4100 2443 4154 sed
2496 4100 2729 4155 brevius
2777 4100 3152 4171 exactiusque
3183 4099 3253 4155 cl.
3300 4100 3572 4156 Fontani-

1930 4207 2043 4245 nus
2074 4191 2119 4224 39
2151 4207 2162 4243 :
2201 4212 2227 4236 ‹‹
2260 4189 2427 4259 Apud
2460 4193 2680 4243 veteres
2727 4189 2949 4255 Patres,
2999 4188 3210 4260 inquit,
3264 4191 3575 4261 apocrypha

1932 4296 1999 4334 ea
2029 4295 2157 4333 vere
2189 4282 2344 4344 sunt,
2381 4294 2506 4348 quae
2536 4279 2823 4332 canonicis
2853 4282 3247 4349 opponuntur.
3280 4280 3424 4333 Hinc
3455 4285 3574 4334 An-

1934 4366 2156 4421 nalium
2217 4382 2426 4437 parens
2486 4364 2768 4420 Baronius
2825 4366 2888 4436 ‘°,
2950 4366 3257 4437 apocrypha
3308 4384 3419 4423 esse
3474 4369 3576 4434 ait,

185 4452 303 4517 geli,
334 4458 441 4507 etc.
477 4451 708 4518 Quibus
747 4452 1027 4506 nimirum
1076 4452 1267 4507 verbis
1315 4453 1384 4507 ad
1418 4453 1689 4524 Epistolas
1724 4471 1823 4509 no-
1854 4472 1898 4535 υ
1933 4456 2093 4526 quasi
2120 4470 2230 4509 non
2260 4454 2682 4525 hagiographa;
2711 4470 2819 4509 non
2850 4458 3053 4521 tamen,
3086 4462 3146 4509 ut
3176 4471 3239 4510 ea
3267 4455 3578 4526 (Gelasius)

186 4542 311 4595 atrae
340 4545 520 4612 caput
544 4540 612 4594 18
642 4540 891 4611 digitum
923 4539 1247 4596 intendisse
1278 4540 1585 4613 Origenem
1619 4541 1820 4613 liquet.

252 4627 311 4683 In
330 4630 601 4684 eamdem
621 4644 791 4700 porro
812 4629 1161 4684 sententiam
1185 4630 1255 4684 de
1278 4630 1541 4685 Barnaba
1562 4630 1827 4702 Epistolas

186 4719 412 4772 auctore
458 4717 641 4771 ivisse
688 4733 920 4788 quoque
968 4718 1025 4772 S.
1081 4717 1494 4789 Hieronymum
1529 4719 1663 4789 jure
1697 4720 1829 4792 quis

186 4803 407 4871 dixerit,
438 4804 758 4861 Clementis
791 4806 1037 4861 fortasse
1082 4805 1456 4861 Alexandrini
1513 4808 1598 4863 vel
1637 4809 1831 4880 potius

186 4894 446 4965 Urigenis
479 4895 599 4949 sive
631 4894 974 4948 auctoritate
1007 4894 1127 4948 sive
1159 4895 1424 4966 exemplo
1479 4902 1830 4967 permotum.

188 4980 489 5051 Siquidem
521 4981 580 5036 in
606 4997 778 5053 opere
806 4983 881 5037 De
911 4984 1361 5053 interpretatione
1392 4990 1679 5040 nominum
1728 4991 1833 5041 lle-

192 5068 525 5137 braicorum,
576 5070 727 5124 inter
778 5070 915 5127 Novi
963 5072 1321 5126 Testamenti
1364 5072 1541 5127 libros
1571 5074 1836 5144 Epistolas

192 5173 421 5230 quoque
453 5158 731 5213 Barnabas
775 5157 968 5213 locum
1002 5160 1127 5231 ipse
1178 5160 1411 5215 dedisse
1460 5164 1835 5234 comperitur.

195 5244 349 5316 Opus
400 5245 547 5301 illud
588 5247 881 5302 scribebat
925 5248 1127 5302 doctor
1176 5249 1469 5304 maximus
1516 5268 1666 5305 anno
1715 5252 1839 5305 388.

1935 4545 2002 4599 ab
2028 4545 2263 4599 Ecclesia
2293 4546 2515 4599 omnino
2558 4545 2885 4614 proscribat.
2923 4544 3290 4615 Augustinus
3328 4544 3505 4599 tradit
3534 4546 3578 4579 ⁴¹

1938 4650 2005 4689 ea
2033 4632 2292 4689 denotari
2324 4634 2547 4687 nomine
2591 4632 3045 4703 apocryphorum,
3078 4650 3195 4703 quae
3239 4633 3307 4686 ab
3345 4633 3585 4686 auctori-

1941 4727 2051 4777 tate
2099 4722 2369 4776 canonica
2416 4720 2676 4788 diligenti
2719 4722 3124 4775 examinatione
3173 4726 3379 4777 remota
3435 4725 3583 4775 sunt.

1943 4808 2163 4880 Duplex
2193 4808 2347 4863 enim
2391 4812 2515 4861 erat
2560 4807 2895 4878 scriptura:
2938 4810 3229 4875 canonica,
3281 4809 3452 4879 cujus
3484 4824 3587 4863 au-

1943 4902 2067 4952 ctor
2096 4897 2344 4968 Spiritus
2398 4900 2672 4961 sanctus;
2710 4901 2767 4950 et
2807 4898 3135 4968 apocrypha,
3188 4898 3358 4967 cujus
3389 4900 3592 4952 auctor

1947 4986 2119 5040 homo
2151 4984 2333 5040 solus.
2368 4983 2467 5038 Illa
2500 4983 2729 5054 publice
2762 4985 2816 5037 in
2841 4984 3130 5051 Ecclesia;
3166 4986 3284 5040 haec
3331 5002 3445 5040 non
3486 4986 3587 5051 ita,

1948 5074 2060 5145 legi
2090 5079 2331 5145 poterat.
2372 5074 2557 5136 Quare
2589 5072 2799 5127 librum
2834 5074 3204 5144 apocryphum
3251 5091 3399 5138 esse,
3433 5074 3587 5128 idem

1950 5168 2218 5217 censetur
2246 5167 2418 5231 atque
2472 5162 2817 5216 auctoritate
2861 5178 3076 5228 carere,
3127 5179 3243 5233 qua
3287 5163 3501 5233 publice
3532 5163 3592 5216 in

1952 5253 2184 5319 Eccesia,
2220 5255 2282 5304 ut
2311 5253 2577 5305 canonica
2604 5249 2898 5322 leguntur,
2947 5250 3057 5322 legi
3092 5253 3295 5323 possit.
3338 5249 3593 5320 Duplicis

195 5331 480 5405 Deinceps
519 5350 671 5400 vero,
705 5352 856 5391 anno
908 5336 1131 5391 scilicet
1177 5338 1301 5401 392,
1352 5354 1467 5409 quo
1526 5338 1740 5394 librum
1774 5341 1846 5396 De
1955 5339 2109 5395 enim
2143 5339 2370 5410 generis
2403 5338 2734 5409 apocrypha
2766 5339 3032 5393 Gclasius
3064 5344 3390 5406 enumerat,
3423 5338 3597 5391 ortho-

264 5484 394 5559 ?1_--"2
431 5484 665 5559 Euseb,
694 5487 831 5541 Hist.
866 5486 1072 5552 eccles.,
1106 5484 1206 5541 lib.
1240 5504 1318 5547 νι,
1352 5504 1478 5559 cap.
1511 5490 1593 5542 14.

206 5626 414 5699 Vindic.
449 5626 645 5695 lgnatf,
680 5634 827 5699 part.
866 5626 910 5682 ι.’
938 5646 1064 5699 cap.
1099 5630 1127 5681 4

1673 5490 1717 5522 33

1924 5495 2026 5546 ant.
2062 5490 2242 5553 Alex.,
2270 5488 2512 5558 Pvedag.,
2541 5488 2641 5542 lib.
2678 5506 2737 5552 ιι,
2770 5505 2895 5560 cap.
2933 5490 3016 5554 10,
3044 5506 3097 5560 p.
3121 5491 3244 5549 221,
3269 5486 3600 5560 ediLOxon.

514 5555 768 5627 Origen.,
817 5559 1110 5629 Explanat.
1164 5560 1220 5611 in
1267 5555 1439 5628 Epist:
1470 5560 1540 5613 ad
1577 5562 1725 5614 Rom.
1781 5579 1814 5630 ι,
1846 5564 1936 5616 24.

1161 5644 1290 5704 pag.
1324 5631 1447 5704 289.
1475 5701 1499 5704 __
1526 5632 1567 5664 ³⁷
1592 5632 1805 5704 Getas,
1840 5634 2027 5696 Decr.,
2061 5649 2186 5704 cap.
2249 5633 2300 5687 4.

2014 5563 2056 5595 ³³
2088 5561 2345 5625 Hieron.,
2394 5561 2467 5611 Ile
2498 5560 2603 5612 vir.
2656 5558 2888 5624 illustri,
2922 5558 3059 5630 cap,
3088 5562 3140 5612 6.
3217 5561 3259 5592 ³⁸
3305 5558 3601 5630 Pearson.,

2378 5632 2419 5662 ³⁸
2478 5630 2688 5684 Svicer.
2750 5632 2856 5686 Tes.
2919 5628 3072 5695 0661.,
3132 5647 3179 5683 v.
3240 5628 3601 5701 ’Anbzpucpoq,

201 5702 343 5781 tom.
374 5696 421 5763 Ι,
456 5687 524 5781 βλ
744 5687 1306 5781 ³⁹ἈΡριιςςιόἱι1ηἨῖἕΛ
1341 5701 1546 5781 riguit”
1602 5687 1703 5763 lib.
1737 5687 1805 5761 v.7

1924 5725 1952 5762 ι.
2012 5687 2178 5773 11,’θ
2225 5705 2280 5771 8,
2330 5717 2462 5775 pag.
2522 5702 2645 5759 354.
2724 5702 2767 5741 ⁴⁰
2821 5687 3070 5773 Βανοη.,’
3110 5702 3179 5757 ad
3240 5717 3332 5759 an.
3366 5687 3598 5779 31,ἕ9ξ

202 5770 243 5809 “
274 5767 553 5849 Augq'De
582 5771 743 5831 Civit.
771 5771 887 5840 Dei,
919 5770 1020 5828 lib.
1052 5788 1145 5844 xv,
1176 5786 1329 5857 cap.,
1358 5767 1449 5831 23.
