4014 6202
1580 305 2200 374 PROLEGOMENA.

3480 308 3600 374 690

194 442 503 517 nuscriptis
526 441 824 500 codicibus
845 439 1825 517 illecumPolycarpianajungatur,
1859 450 1914 511 Α
1945 442 2465 515 Rabhinorumque
2497 442 2773 515 malignis
2802 438 3342 516 interpretamentis
3364 459 3600 515 compa-

192 550 372 605 neque
391 533 573 603 hujus
594 532 770 588 ﬁnem
796 535 897 588 aut
920 532 1048 604 ejus
1068 530 1309 586 initium
1333 531 1685 603 exemplaria
1707 549 1832 602 quae

190 625 501 694 supersunt
541 620 864 676 exhibeant.
916 620 1078 687 Quod
1127 620 1367 692 quidem
1418 624 1832 691 argumentum

190 726 358 782 quam
416 708 719 764 inﬁrmum
770 708 847 763 sit
897 724 1194 780 quamque
1244 708 1436 776 inane,
1478 709 1833 779 jamdudum

190 799 661 855 demonstrarunt
689 797 932 861 Caveus,
966 795 1297 851 Tentzelius
1337 797 1404 864 δι,
1443 797 1765 867 Basnagius
1788 797 1832 830 5’

189 886 411 958 aliique.
448 887 693 957 Ipseque
722 886 973 956 profecto
1015 885 1283 957 Moynius
1333 886 1406 940 ab
1456 902 1522 940 eo
1576 886 1833 956 urgendo

190 973 585 1040 abstinuisset,
618 973 666 1027 si
699 973 916 1029 Usserii
948 975 1123 1029 verba
1162 973 1221 1027 in
1274 974 1714 1045 praemonitione
1764 974 1834 1028 de

188 1062 455 1119 Barnabas
488 1060 765 1133 Epistola,
790 1079 824 1117 a
846 1062 1071 1117 Joanne
1090 1061 1245 1117 Fello
1270 1062 1424 1118 edita
1445 1080 1511 1117 eo
1531 1062 1659 1134 ipso
1681 1080 1833 1118 anno

188 1168 294 1224 quo
324 1166 432 1205 sua
465 1153 645 1205 Varia
674 1167 832 1206 sacra
861 1150 1170 1223 evulgavit,
1196 1150 1384 1219 legere
1407 1150 1517 1206 sibi
1542 1150 1831 1206 licuisset:

189 1262 215 1292 ‹‹
245 1240 482 1311 Nempe,
516 1240 714 1310 inquit
740 1239 859 1305 ille,
891 1239 951 1294 in
1003 1240 1192 1311 primo
1246 1239 1561 1311 exemplari
1608 1255 1677 1295 ex
1723 1257 1834 1309 quo

188 1328 554 1385 Columnaaus
588 1328 686 1383 ille
716 1329 894 1383 codex
922 1329 1043 1401 (qui
1075 1329 1341 1383 omnium
1387 1333 1627 1400 putatur
1684 1328 1836 1382 anti-

189 1414 530 1488 quissimus)
563 1418 620 1470 et
650 1414 860 1486 reliqui
889 1416 991 1487 qui
1022 1420 1343 1487 supersunt
1374 1416 1546 1470 hodie
1577 1420 1715 1470 sunt
1744 1416 1834 1470 de-

187 1504 396 1574 scripti,
430 1502 813 1559 librariorum
844 1504 985 1559 vitio
1018 1503 1326 1574 quaternio
1358 1503 1447 1559 vel
1472 1504 1727 1559 omissus
1749 1502 1836 1559 vel

186 1592 574 1663 transpositus
605 1596 729 1647 est:
764 1593 938 1664 cujus
968 1592 1194 1648 defectu
1236 1593 1453 1647 factum
1503 1598 1613 1659 est,
1664 1597 1730 1647 ut
1776 1591 1835 1646 in

189 1681 389 1739 Grecis
410 1681 836 1752 superstitibus
854 1685 910 1737 et
934 1682 1110 1736 ﬁnem
1131 1681 1402 1753 Epistolas
1422 1681 1721 1753 Polycarpi
1742 1681 1837 1736 de-

189 1769 507 1826 sideremus
539 1775 599 1824 et
630 1769 984 1841 principium
1015 1770 1313 1825 Barnabas.
1339 1792 1367 1820 »
1413 1770 1575 1834 Quod
1620 1770 1668 1825 si
1708 1785 1836 1824 nec-

191 1860 320 1913 dum
353 1858 653 1914 sententia
679 1858 954 1914 decedere
984 1858 1288 1914 statuisset
1308 1859 1395 1912 vir
1416 1858 1703 1925 eruditus,
1728 1857 1840 1929 ipsi

194 1944 388 2004 saltem
419 1944 1012 2001 animadvertendum
1042 1950 1187 2013 erat,
1222 1946 1377 2018 apud
1409 1950 1725 2018 utrumque
1754 1963 1842 2001 ve-

197 2038 363 2089 terem
393 2033 780 2106 interpretem
814 2034 1137 2090 etiamnum
1160 2039 1385 2091 exstare
1406 2052 1539 2090 cum
1571 2035 1840 2107 Epistolas

193 2122 614 2195 Polycarpianze
645 2124 844 2192 ﬁnem,
905 2129 1034 2180 tum
1084 2140 1210 2196 quae
1263 2129 1351 2180 est
1404 2125 1680 2179 Barnabas
1730 2123 1841 2178 ini-

191 2211 351 2267 tium.

840 2354 1073 2410 CAPUT
1110 2354 1180 2409 II.

225 2444 461 2500 Potiores
491 2443 826 2515 objectiones
854 2445 1171 2513 diluuntur,
1228 2460 1393 2514 eaque
1435 2444 1808 2514 potissimum,

384 2532 497 2586 qua
522 2516 689 2587 hujus
717 2517 988 2587 Epistolas
1034 2517 1319 2587 integritas
1349 2517 1645 2586 impetitur.

260 2657 493 2727 Verum,
518 2656 615 2713 his
636 2656 859 2724 missis,
881 2656 1022 2729 quid
1048 2656 1288 2728 insuper
1317 2657 1567 2712 adversae
1613 2660 1843 2712 senten-

198 2745 281 2800 tiis
311 2746 544 2818 patroni
581 2746 870 2817 praecipue
888 2744 1185 2816 objiciant,
1208 2745 1613 2817 inspiciamus.
1640 2746 1706 2800 Et
1726 2745 1843 2816 pri-

200 2849 352 2889 mum
382 2835 626 2905 quidem
660 2834 939 2889 Barnabas
959 2833 1303 2903 adjudicant
1320 2833 1663 2906 Epistolam,
1688 2834 1843 2906 quod

200 2926 389 2979 auctor
418 2924 693 2995 quadam
724 2922 950 2978 Veteris
971 2923 1325 2977 Testamenti
1348 2922 1473 2977 loca
1495 2924 1690 2977 minus
1713 2928 1844 2994 apte

200 3010 436 3084 allegata
458 3017 518 3067 et
550 3012 795 3083 mystice
826 3011 1004 3066 nimis
1034 3012 1315 3082 exposita,
1342 3012 1400 3065 in
1425 3012 1682 3067 medium
1710 3029 1841 3083 pro-

202 3101 383 3156 ducat.
407 3100 559 3156 Huic
585 3105 780 3155 autem
800 3099 1115 3170 ohjectioni
1146 3100 1336 3155 verbis
1368 3100 1719 3155 Hammondi
1744 3118 1842 3155 oc-

1945 536 2088 598 reat,
2123 531 2261 586 olim
2294 540 2487 587 tamen
2522 533 2755 603 quando
2780 533 2839 587 in
2870 532 3030 587 omni
3062 549 3358 605 synagoga
3388 532 3601 588 hebdo-

1945 622 2227 676 madatim
2260 638 2372 674 non
2405 620 2567 675 lectze
2598 624 2855 687 tantum,
2888 623 2988 677 sed
3024 627 3081 677 et
3111 628 3394 677 enarrata:
3436 625 3602 677 erant

1945 710 2269 782 scripturae,
2304 710 2593 764 Midrasch
2629 709 2737 764 iste
2770 711 3054 781 mysticus
3084 712 3205 767 sive
3230 710 3597 783 evangelicus

1942 797 2169 853 Veteris
2194 797 2572 853 Instrumenti
2598 814 2831 867 sensus,
2856 816 2970 853 non
2994 798 3190 854 minus
3214 800 3487 856 omnibus
3510 799 3599 855 in-

1944 886 2135 942 notuit
2164 902 2339 957 quam
2371 887 2494 957 ipse
2534 903 2696 941 sacer
2744 891 2935 941 textus
2962 905 2973 953 ;
3008 892 3063 942 et
3086 887 3325 957 proinde
3348 905 3463 943 non
3486 888 3597 943 mi-

1944 993 2055 1030 nus
2088 974 2295 1029 idonea
2326 975 2738 1046 suppeditabat
2768 981 3115 1047 argumenta
3146 977 3217 1031 ad
3249 977 3592 1033 convincen-

1945 1064 2050 1118 dos
2067 1063 2322 1131 Judaeos,
2350 1080 2527 1133 quam
2550 1080 2616 1118 ea
2638 1079 2763 1135 qua!
2788 1080 2855 1118 ex
2877 1063 3285 1119 disertissimis
3298 1081 3597 1119 sacrarum

1947 1152 2271 1207 litterarum
2304 1152 2541 1206 vocibus
2574 1152 2823 1207 fuissent
2864 1153 3179 1208 deducta...
3237 1154 3305 1207 Et
3355 1152 3405 1207 si
3453 1154 3600 1208 forte

1945 1240 2144 1311 aliqua
2174 1240 2327 1311 apud
2363 1245 2655 1295 auctorem
2691 1244 2960 1295 nostrum
2988 1244 3301 1295 occurrunt
3332 1240 3599 1312 queelon-

1945 1328 2077 1401 gius
2110 1329 2288 1399 petita
2322 1329 2609 1395 videntur,
2645 1328 2746 1383 illa
2775 1328 2901 1400 ipsa
2932 1332 3032 1383 aut
3052 1345 3251 1383 eorum
3272 1328 3480 1384 saltem
3506 1345 3598 1384 ve-

1946 1417 2120 1488 stigia
2150 1418 2207 1470 in
2242 1416 2511 1488 Epistolis
2561 1416 2821 1472 Paulinis
2866 1417 2998 1488 quis
3022 1418 3231 1489 poterit
3272 1416 3543 1489 reperire.
3568 1438 3596 1467 ››

1948 1505 2237 1561 Hactenus
2268 1504 2382 1559 ille.
2418 1506 2563 1560 Hinc
2597 1506 2814 1560 factum
2847 1510 2913 1560 ut
2937 1523 3068 1561 cum
3092 1505 3231 1561 viris
3256 1506 3440 1562 doctis
3460 1522 3596 1561 con-

1946 1594 2201 1663 cludam,
2233 1594 2665 1649 vetustissimos
2696 1598 2956 1650 Patrum.
2979 1594 3331 1650 Clementem
3362 1594 3602 1651 Alexan-

1947 1683 2201 1750 drinam,
2235 1682 2565 1754 Origenem,
2597 1687 2835 1737 caeteros
2860 1683 2959 1754 qui
2994 1684 3309 1755 Epistolam
3331 1688 3597 1740 nostram

1947 1776 2228 1842 tanquam
2263 1771 2557 1826 sincerum
2593 1771 2867 1826 Barnabas
2906 1772 3087 1827 fetum
3118 1776 3464 1845 agnoscunt,
3512 1773 3601 1827 ni-

1952 1860 2034 1915 hil
2067 1861 2356 1915 ahsonum
2390 1860 2448 1914 in
2493 1861 2621 1931 ejus
2670 1860 3161 1929 enarrationibus,
3214 1861 3360 1915 nihil
3407 1862 3603 1917 detor-

1950 1954 2098 2018 tum,
2133 1959 2397 2003 coactum
2431 1948 2575 2003 nihil
2608 1949 2666 2004 in
2698 1950 2826 2019 ejus
2849 1948 3163 2020 allegoriis,
3188 1949 3333 2004 nihil
3358 1949 3608 2022 denique

1951 2039 2073 2092 viro
2106 2036 2426 2109 apostolico
2457 2037 2765 2108 indignum
2798 2036 2857 2091 in
2890 2054 2957 2092 ea
2988 2038 3313 2107 detexisse;
3347 2039 3609 2110 adeoque

1954 2126 2103 2181 nihil
2137 2127 2286 2197 quod
2323 2126 2450 2195 ejus
2480 2131 2704 2180 aetatem
2740 2143 2853 2179 non
2887 2126 3068 2181 ferat:
3103 2130 3167 2181 ut
3203 2127 3446 2199 proinde
3496 2129 3606 2182 mi-

1954 2215 2111 2270 nime
2143 2214 2417 2270 audiendi
2444 2214 2752 2269 videantur
2784 2213 3052 2269 nonnulli
3085 2214 3452 2283 recentiores,
3504 2214 3607 2287 qui

1954 2305 2024 2359 de
2042 2304 2188 2377 stylo
2220 2303 2573 2375 scriptorum
2593 2303 3046 2374 apostolicorum
3079 2303 3289 2358 melius
3311 2320 3489 2375 quam
3512 2319 3607 2360 e0-

1955 2393 2225 2447 rumdem
2259 2391 2552 2463 discipuli,
2586 2390 2802 2463 aliique
2833 2396 2934 2446 aut
2963 2392 3276 2463 synchroni
3322 2396 3423 2447 aut
3462 2409 3606 2464 sup-

1954 2498 2122 2553 pares
2154 2481 2444 2546 homines,
2466 2480 2811 2550 sejudicare
2834 2497 3006 2552 posse
3034 2481 3353 2536 conﬁdunt.
3383 2482 3507 2546 Qua
3536 2481 3608 2537 de

1957 2588 2015 2625 re
2059 2570 2228 2642 plura
2255 2570 2397 2625 satis
2431 2570 2692 2641 apposite
2743 2569 2874 2624 aliis
2925 2570 3228 2625 observata
3273 2570 3423 2642 apud
3472 2571 3606 2625 Zor-

1955 2659 2119 2713 nium
2142 2659 2185 2693 ⁵⁵
2216 2658 2492 2729 reperias.

2025 2752 2284 2821 Pergunt
2316 2747 2654 2812 adversarii,
2679 2762 2865 2817 eaque
2896 2750 3169 2818 regerunt
3201 2763 3327 2817 quae
3358 2747 3429 2802 de
3468 2750 3635 2818 apo-’

1955 2836 2121 2892 stolis
2178 2836 2447 2907 Epistolis
2513 2840 2716 2890 auctor
2755 2834 2847 2890 his
2897 2835 3087 2890 verbis
3137 2835 3480 2905 pronuntiat
3522 2837 3605 2891 Im:

1959 2925 2197 2996 Quando
2254 2928 2457 2988 autem,
2483 2923 2582 2993 ait,
2634 2924 2897 2992 apostolos
2939 2940 3060 2978 suos
3107 2924 3203 2994 qui
3248 2924 3611 2995 piwdicaturi

1952 3018 2115 3069 erant
2145 3015 2297 3068 illius
2325 3014 2691 3083 Evangelium
2719 3014 2879 3081 elegit
2919 3012 3165 3068 homines
3202 3016 3352 3067 omni
3387 3021 3608 3084 peccato

1955 3105 2258 3174 iniquiores
2290 3144 2303 3167 ,
2363 3097 2517 3161 ὄντας
2577 3100 2706 3173 ὑπὲρ
2764 3106 2933 3154 πᾶσαν
3004 3098 3267 3175 ἁμαρτίαν
3326 3099 3605 3172 ἀνομωτέ-

202 3205 418 3245 currere
448 3189 663 3261 placet,
698 3206 823 3260 quae
875 3189 959 3243 sic
1013 3205 1075 3244 se
1122 3188 1337 3244 habent
1386 3190 1469 3244 53:
1523 3213 1550 3238 ‹‹
1583 3189 1843 3261 Apostoli
1874 3172 1916 3238 C
1958 3172 2103 3266 poor,
2136 3195 2197 3245 ut
2226 3190 2521 3245 ostenderet
2548 3172 2829 3261 quodnon
2862 3191 3009 3245 venit
3050 3172 3243 3245 vocare
3290 3190 3467 3261 justus
3513 3189 3607 3244 sed

205 3278 464 3334 Barnabas
486 3295 620 3349 qua:
652 3294 766 3333 non
816 3278 899 3332 ita
925 3278 1153 3349 pridem
1201 3276 1416 3349 prodiit
1455 3278 1730 3349 Epistola,
1778 3296 1847 3333 ex
1950 3285 2274 3352 peccatores
2302 3279 2375 3333 ad
2402 3280 2819 3350 pwnilentiam;
2854 3286 2984 3333 tunc
3009 3278 3201 3349 palam
3229 3279 3357 3349 fecit
3386 3294 3443 3332 se
3491 3294 3607 3333 esse

203 3365 301 3421 hoc
316 3383 429 3422 uno
446 3365 864 3423 Gnosticorum
890 3365 1220 3421 charactere
1245 3366 1548 3421 commode
1571 3367 1844 3438 explicari

205 3456 429 3526 poterit;
454 3455 628 3521 alias,
652 3459 717 3509 ut
736 3454 1154 3526 complicatum
1180 3458 1236 3509 et
1257 3454 1545 3526 prolixum
1573 3456 1843 3528 aenigma,

207 3544 590 3599 certissimam
622 3542 934 3598 lectoribus
967 3559 1199 3598 crucem
1224 3542 1468 3598 factura.
1496 3546 1599 3599 Isti
1628 3546 1847 3616 quippe

207 3630 446 3688 Simonis
477 3630 739 3697 asseclaa,
779 3633 993 3703 γνῶσιν,
1050 3630 1105 3685 id
1155 3635 1262 3697 est,
1314 3631 1621 3702 Scripturse
1670 3650 1845 3688 sacrae

208 3720 435 3791 mystice
464 3720 923 3790 interpretanda;
956 3718 1295 3773 facultatem
1327 3720 1440 3775 sibi
1485 3726 1845 3793 arrogantes,

208 3808 381 3864 multa
404 3808 634 3865 Veteris
654 3808 1011 3863 Testamenti
1036 3808 1311 3879 mysteria
1331 3809 1399 3863 ad
1420 3809 1681 3881 impuros
1706 3828 1850 3866 usus

208 3910 334 3953 suos
389 3896 983 3953 accommodabant...
1036 3896 1179 3951 Hinc
1226 3896 1523 3952 Barnabas
1573 3897 1681 3952 hac
1734 3900 1850 3953 fere

208 3985 465 4041 universa
519 3983 783 4056 Epistola
838 4001 965 4051 sua,
1023 3984 1249 4039 Veteris
1307 3985 1686 4040 Instrumenti
1724 3985 1851 4041 loca

209 4073 658 4145 quamplurima,
678 4073 924 4145 mystice
948 4072 1123 4127 etiam
1147 4077 1204 4128 et
1223 4072 1555 4128 cabalistice
1568 4074 1847 4145 exposita,

210 4159 608 4218 Gnosticorum
642 4160 924 4217 doctrinis
958 4161 1217 4232 opponit.
1241 4182 1267 4213 ιι
1303 4162 1652 4217 Hammondi
1676 4163 1851 4218 vesti-

212 4250 616 4321 giisinsistens
644 4250 902 4306 Joannes
934 4249 1129 4305 Fellus
1148 4250 1231 4303 “z
1266 4269 1291 4301 α
1331 4250 1589 4320 Constat,
1639 4251 1848 4321 inquit,

213 4338 521 4409 Epistolam
555 4338 726 4409 hanc,
754 4355 880 4409 quis
913 4339 1031 4394 fere
1060 4342 1184 4394 tota
1212 4342 1301 4393 est
1332 4339 1389 4393 in
1422 4340 1740 4411 Synagogae
1780 4339 1852 4393 ri-

213 4426 359 4483 tibus
389 4432 447 4484 et
476 4442 783 4484 sacrarum
816 4427 1253 4499 Scripturarum
1288 4428 1553 4499 mysticis
1580 4428 1851 4483 sensibus

1955 3371 2160 3424 Filium
2190 3370 2308 3423 Dei.
2341 3369 2480 3433 Quis
2500 3370 2693 3421 autem
2731 3368 2946 3432 credat,
2970 3366 3265 3437 inquiunt,
3290 3366 3603 3437 apostolos,

1956 3458 2265 3514 hominum
2288 3456 2694 3527 iniquissimos
2718 3460 2773 3510 et
2800 3472 2963 3526 super
2990 3472 3145 3511 omne
3173 3463 3449 3526 peccatum
3474 3471 3605 3527 pec-

1956 3555 2187 3609 catores,
2220 3562 2251 3599 a
2285 3545 2549 3598 Barnaba
2582 3544 2762 3599 fuisse
2800 3548 3033 3598 vocatos
3055 3544 3082 3597 ?
3124 3542 3428 3614 Simplices
3470 3541 3607 3612 qui-

1958 3637 2089 3690 dem
2124 3634 2319 3698 rudes,
2355 3632 2655 3703 imperitos
2681 3636 2856 3702 atque
2878 3630 3145 3686 homines
3169 3631 3459 3685 interdum
3484 3646 3606 3685 ma-

1959 3723 2047 3779 los
2081 3723 2261 3776 fuisse
2294 3720 2424 3775 illos
2454 3720 2512 3773 in
2548 3720 2729 3775 sacris
2760 3719 2965 3773 litteris
2994 3718 3283 3790 legimus;
3317 3722 3377 3773 at
3408 3733 3607 3790 pecca-

1958 3816 2112 3867 tores
2134 3810 2397 3865 omnium
2420 3809 2708 3863 maximos
2732 3825 2830 3862 eos
2853 3807 3143 3862 exstitisse
3166 3823 3280 3862 non
3328 3806 3601 3878 legimus.

2030 3899 2253 3961 Quibus
2288 3897 2542 3969 primum
2581 3913 2648 3951 ex
2676 3896 2934 3951 virorum
2968 3895 3442 3951 doctissimorum
3474 3911 3608 3951 sen-

1961 3987 2141 4043 tentia
2164 3985 2526 4057 reponimus,
2544 3983 2686 4037 nihil
2708 3984 2764 4037 in
2788 3982 3105 4053 Scripturis
3129 3999 3428 4039 occurrere
3450 3983 3605 4054 quod

1961 4077 2095 4131 huic
2128 4076 2403 4130 Barnabas
2435 4074 2589 4128 dicto
2623 4076 2923 4143 repugnet.
2950 4072 3166 4127 Deinde
3186 4088 3318 4126 vero
3340 4072 3481 4143 quid
3505 4071 3606 4127 oh-

1963 4169 2077 4219 stat
2108 4165 2249 4235 quin
2283 4163 2410 4232 ejus
2441 4162 2614 4216 verba
2647 4161 2728 4215 sic
2759 4161 3138 4231 accipiantur,
3173 4164 3238 4215 ut
3270 4159 3413 4215 nihil
3447 4159 3605 4215 aliud

1963 4256 2194 4319 sonent,
2219 4268 2392 4322 quam
2418 4248 2713 4320 apostolos
2736 4253 3048 4320 antequam
3073 4248 3609 4319 vocarentur,plura

1964 4347 2019 4397 et
2048 4341 2242 4412 gravia
2274 4340 2509 4409 quidem
2532 4354 2801 4409 peccasse
2819 4338 2845 4390 ‘2
2864 4338 2921 4391 ld
2951 4353 3091 4391 sane
3113 4337 3183 4392 de
3210 4337 3481 4393 Matthzeo
3507 4353 3610 4408 pu-

1962 4430 2191 4484 blicano
2223 4432 2477 4493 constat;
2515 4427 2567 4480 id
2595 4442 2825 4496 quoque
2847 4426 2916 4480 de
2938 4423 3201 4496 apostolo
3250 4425 3450 4492 Paulo,
3482 4424 3604 4494 qui,

214 4515 554 4583 evolvendis,
588 4516 659 4571 ad
692 4515 859 4571 rudis
889 4515 1045 4587 vulgi
1075 4522 1309 4587 captum
1344 4516 1541 4571 minus
1571 4534 1699 4571 esse
1759 4534 1853 4571 ac-
1886 4530 1929 4593 ι)
1962 4524 2026 4573 ut
2058 4520 2303 4589 ipsemet
2335 4518 2403 4569 de
2435 4532 2496 4571 se
2528 4515 2812 4581 scribit“,
2846 4516 2999 4585 prius
3034 4514 3389 4586 blasphemus
3414 4516 3524 4583 fuit
3551 4517 3608 4568 et

215 4605 671 4671 eommodatam;
707 4608 763 4658 et
788 4604 1031 4675 proinde
1060 4603 1373 4660 verisimile
1403 4608 1513 4672 est,
1538 4622 1569 4659 a
1608 4605 1852 4660 lectione

215 4690 331 4760 ejus
356 4693 598 4765 publica
624 4692 939 4748 Ecclesiam
975 4697 1108 4764 post
1135 4697 1373 4764 tempus
1395 4694 1633 4765 aliquod
1668 4695 1853 4749 absti-

215 4781 471 4837 nuisse...
505 4782 627 4837 Hoc
657 4798 789 4838 vero
813 4782 1060 4837 ﬁdenter
1080 4782 1346 4850 dixerim,
1363 4782 1679 4854 Epistolam
1704 4782 1855 4838 hanc

216 4882 321 4938 quo
352 4870 607 4942 peuitius
634 4868 1011 4941 intelligatur,
1044 4886 1109 4925 eo
1141 4871 1522 4942 acceptiorem
1574 4872 1853 4937 futuram,

215 4959 267 5010 et
285 4957 357 5011 ad
375 4974 674 5013 sacrarum
702 4957 1033 5013 litterarum
1052 4974 1154 5013 nec
1168 4975 1283 5013 non
1305 4960 1854 5031 antiquissimorum

214 5046 441 5103 Patrum
454 5046 847 5119 cognitionem
863 5046 1181 5118 plurimum
1196 5047 1855 5120 iacturam.Quanquam

216 5133 360 5190 enim
380 5140 698 5209 perpetuus
726 5135 952 5191 Veteris
976 5137 1355 5192 Instrumenti
1383 5139 1453 5192 ad
1477 5138 1750 5193 Moesiam
1776 5154 1859 5191 re-

219 5226 439 5292 spectus
471 5224 641 5280 nobis
700 5224 869 5295 quasi
927 5240 1031 5295 per
1081 5228 1459 5280 transennam
1510 5242 1578 5280 ex
1621 5225 1857 5281 Chaldei

218 5311 613 5383 Paraphrastis
643 5312 963 5380 stricturis,
990 5313 1343 5384 scriptorum
1374 5313 1854 5370 Talmudicorum

290 5469 328 5506 ⁸¹
358 5471 634 5544 Tentzel.,
667 5474 907 5529 Exercit.
961 5473 1166 5537 selecL,
1215 5476 1367 5544 part.
1424 5490 1462 5540 1,

1961 4615 2269 4679 persecutor
2300 4609 2347 4660 et
2377 4604 2795 4659 contumeliosus
2814 4621 2833 4662 .'
2857 4605 3115 4674 quinque
3138 4602 3216 4657 sei
3225 4619 3396 4674 psum
3415 4600 3608 4673 appel-

1964 4696 2045 4750 lat
2070 4697 2413 4767 peccatorum
2441 4695 2702 4763 primum,
2736 4692 2820 4746 sic
2869 4691 3141 4762 inquiens
3183 4707 3195 4745 :
3230 4688 3452 4763 Χριστὸς
3502 4688 3607 4755 Ἰη-

1965 4786 2090 4843 σοῦς
2150 4779 2314 4849 ἦλθεν
2369 4774 2440 4839 ei):
2488 4780 2577 4832 τὸν
2628 4777 2831 4849 κόσμον
2884 4775 3243 4853 ἁμαρτωλοὺς
3292 4780 3480 4848 σῶσαι,
3532 4774 3604 4827 ὧν

1964 4870 2181 4946 πρῶτός
2216 4869 2327 4941 εἰμι
2360 4867 2489 4941 ἐγώ·
2525 4886 2637 4939 quo
2662 4868 2805 4922 forte
2834 4868 2891 4922 in
2924 4866 3131 4938 primis
3175 4865 3424 4937 respexit
3471 4870 3609 4920 Bar-

1966 4962 2169 5026 nabas,
2204 4959 2469 5029 ejusdem
2520 4955 2682 5010 Pauli
2733 4951 3084 5025 συνέκδημος,
3126 4955 3267 5008 dum
3318 4951 3612 5025 apostolos

1966 5050 2309 5121 priusquam
2344 5046 2714 5117 eligerentur,
2748 5043 3013 5098 homines
3059 5048 3225 5097 vocat
3270 5036 3425 5102 ὄντας
3478 5039 3611 5113 ὑπὲρ

1964 5142 2133 5191 πᾶσαν
2168 5134 2427 5208 ἁμαρτίαν
2462 5131 2855 5205 ἀνομίυτὲρους·
2891 5147 3078 5201 neque
3107 5130 3263 5186 enim
3287 5130 3611 5201 quidquam

1968 5242 2075 5281 nos
2107 5224 2281 5295 cogit,
2314 5228 2380 5277 ut
2404 5225 2472 5277 de
2505 5221 2778 5275 omnibus
2809 5224 2865 5274 et
2885 5218 3135 5291 singulis
3160 5218 3439 5289 apostolis
3458 5216 3516 5271 id
3539 5216 3611 5271 ab

1969 5331 2035 5370 eo
2081 5315 2302 5369 dictum
2334 5309 2750 5380 intelligamus.
2785 5306 2928 5374 Quid
2965 5307 3225 5378 quaeris?
3269 5304 3611 5360 Duoslucu-

1554 5516 1564 5527 .
1616 5473 1735 5529 l52.
1789 5476 1833 5509 ⁵²
1882 5475 2156 5543 Basnag.,
2188 5472 2393 5526 Annal.
2422 5470 2581 5543 polit.
2624 5468 2776 5535 eccl.,
2811 5467 3005 5543 adﬂari:
3037 5466 3125 5532 50,
3160 5463 3301 5543 §§7.
3349 5462 3392 5496 ⁵⁸
3437 5463 3610 5517 llam-

228 5543 438 5617 mondz,
466 5535 692 5600 nam.
731 5562 772 5612 ι,
805 5561 930 5616 cap.
957 5548 1018 5617 :7,
1042 5546 1099 5617 §§
1130 5535 1180 5609 4,
1211 5535 1266 5609 5,
1296 5560 1425 5616 pag.
1448 5535 1551 5611 '22,
1581 5546 1669 5600 23.
1750 5547 1793 5579 5"
1822 5546 1985 5613 Fell.,
2018 5535 2237 5616 praefat.
2286 5543 2354 5597 ad
2400 5535 2582 5610 Epist.
2629 5544 2797 5593 Barn.
2878 5538 2921 5571 ⁵⁵
2965 5538 3153 5603 Zorn.,
3201 5535 3391 5604 Opusc.
3442 5549 3614 5599 sacr.,

230 5613 362 5670 tom.
396 5614 437 5681 Ι,
468 5634 522 5689 p.
549 5618 655 5672 648
686 5632 807 5688 seq.

885 5617 928 5651 ⁵⁸
956 5614 1126 5672 Bern.
1154 5614 1358 5688 Epist,
1386 5614 1519 5687 cap.
1549 5618 1603 5671 5.
1681 5619 1721 5652 ³⁷
1753 5618 1775 5674 Ι
1805 5618 1954 5673 Tim.
1988 5614 2146 5685 1,13,
2181 5618 2267 5671 15.
