4014 6202
324 235 437 304 691

1495 241 1562 302 s.
1606 234 2029 301 BARNABAS
2071 200 2559 303 Apos'rows.

3610 241 3732 304 692

320 372 676 430 lentissimos
707 372 885 444 hujus
917 389 951 428 a
975 371 1238 428 Barnaba
1269 371 1506 445 prolatae
1538 372 1836 429 sententiae
1861 390 1959 444 pa-
1994 372 2048 437 Α
2084 376 2232 435 rant,
2268 389 2406 426 suas
2436 376 2665 428 tantum
2709 371 3159 445 conjectationes
3206 372 3384 431 nullis
3434 374 3738 432 rationum

319 469 540 528 tronos,
563 462 870 534 Origenem
901 467 958 515 et
988 461 1428 533 Hieronymum,
1464 463 1518 516 in
1555 466 1826 534 promptu
1863 462 1970 516 ha-

320 551 548 606 bemus.
586 547 683 603 llle
720 546 942 602 scilicet
982 554 1184 603 contra
1212 549 1441 604 Celsum
1475 550 1804 622 disputans,
1838 549 1973 605 Bar-

319 639 485 694 nabas
517 638 741 692 dictum
767 625 1013 692 fortasse
1043 637 1440 709 arripientem,
1471 655 1584 708 quo
1605 640 1843 710 infames
1872 638 1970 693 ho-

321 727 496 782 mines
525 727 695 796 fuisse
723 728 1004 798 apostolos,
1035 728 1362 796 publicanos
1397 736 1446 782 et
1477 732 1674 781 nautas
1703 729 1972 798 nequissi-

323 833 462 883 mos,
507 817 742 883 diceret,
774 815 894 869 haec
942 815 1117 870 habet
1145 817 1223 868 53:
1259 816 1317 866 Tt
1367 813 1457 868 οὖν
1511 815 1731 884 ἄτοπον,
1771 813 1972 887 βουλό-

329 924 483 974 μενον
529 909 867 977 παραστῆσαι
928 906 1005 972 τῷ
1049 901 1190 977 γένει
1236 908 1342 956 τῶν
1380 903 1676 975 ἀνθρώπιον
1721 901 1813 956 τὸν
1865 905 1971 972 Ἰη-

327 997 476 1061 σοῦν,
517 989 792 1060 ὁπηλὶκην
843 989 959 1066 ἔχει
1008 994 1200 1065 ψυχῶν
1257 991 1524 1066 ἰατρικὴν,
1571 991 1694 1052 τοὺς
1754 991 1974 1066 ἐπιρρή-

323 1101 453 1141 τους
522 1080 609 1133 καὶ
688 1077 1091 1154 πονηροτάτους
1165 1078 1527 1151 ἐπιλέξασθαι,
1587 1080 1674 1133 καὶ
1748 1079 1972 1141 τούτους

324 1174 649 1244 προαγαγεῖν
706 1167 792 1221 ἐπὶ
855 1173 1133 1234 τοσοῦτον,
1186 1167 1310 1222 ὥστ’
1376 1167 1568 1230 αὐτοὺς
1635 1166 1976 1244 παράδειγμα

326 1257 458 1312 εἶναι
505 1254 673 1325 ἤθους
723 1255 1107 1330 καθαρωτάτου
1153 1263 1270 1318 τοῖς
1322 1254 1388 1310 δι’
1428 1257 1601 1311 αὐτῶν
1633 1258 1976 1332 προσαγομέ-

326 1368 442 1408 νοις
493 1350 571 1416 τῷ
630 1350 862 1420 Χριστοῦ
917 1345 1257 1420 Εὐαγγελίῳ.
1345 1348 1486 1416 Quid
1559 1365 1683 1419 ergo
1751 1349 1978 1403 absurdi

328 1441 411 1492 est
437 1439 487 1491 si
513 1437 666 1492 Jesus
705 1435 980 1490 ostendere
1033 1436 1214 1490 volens
1270 1438 1506 1492 humano
1555 1439 1763 1506 generi,
1813 1454 1979 1508 quam

330 1525 579 1597 efﬁcacia
609 1525 718 1578 sint
747 1541 865 1594 qua:
895 1525 1097 1578 morbis
1126 1526 1443 1579 animarum
1463 1525 1686 1580 adhibet
1716 1526 1976 1593 remedia,

333 1614 581 1688 infames
601 1617 651 1668 et
679 1614 1034 1683 nequissimos
1056 1615 1307 1682 elegerit,
1333 1614 1561 1684 illosque
1572 1631 1630 1669 eo
1650 1617 1980 1685 provexerit,

2081 461 2395 515 momentis
2424 461 2653 516 innixae
2692 462 2796 516 tibi
2847 463 3192 519 obtrudunt.
3237 464 3298 519 In
3347 464 3554 537 primis
3597 482 3740 522 vero

2082 549 2464 619 posteriorem
2497 549 2772 621 Epistolas
2788 556 3011 622 partem
3029 553 3454 624 paraeneticam,
3479 559 3743 625 quatuor

2082 637 2397 708 postremis
2429 638 2718 709 capitibus
2751 640 2910 694 18-21
2946 645 3337 708 constantem,
3371 641 3541 714 plane
3599 645 3742 699 sub-

2081 724 2333 780 dititiam
2365 741 2492 781 esse
2542 728 2918 783 contendunt.
2962 729 3212 800 Jamque
3260 730 3743 802 interpolamenti

2083 813 2503 884 suspicionem,
2537 831 2570 868 a
2595 816 2811 870 coactis
2841 815 3135 888 allegoriis
3166 817 3416 890 aliisque
3442 819 3744 892 capitibus

2083 901 2347 971 petitam,
2383 903 2554 958 modo
2585 904 2728 958 satis
2758 903 3081 960 diluimus:
3119 923 3274 962 nunc
3305 923 3439 961 vero
3482 910 3553 964 ad
3588 907 3744 964 illud

2084 990 2445 1062 praecipuum
2477 992 2548 1047 de
2577 992 2973 1050 additamento
3005 994 3160 1065 quod
3188 995 3480 1068 objicitur,
3514 997 3741 1070 stylum

2084 1079 2499 1135 convertimus.
2519 1080 2635 1136 Nec
2655 1080 2860 1136 multis
2878 1081 3114 1153 quidem
3137 1100 3309 1155 opus,
3348 1101 3465 1156 qua
3487 1086 3745 1142 evanida

2083 1166 2384 1222 evincatur
2406 1168 2820 1239 interpellatio.
2843 1170 3108 1227 Clemens
3129 1189 3384 1244 namque
3396 1173 3743 1230 Alexandri—

2086 1272 2198 1310 nus
2218 1254 2410 1310 locum
2443 1257 2649 1312 recitat
2676 1275 2744 1314 ex
2775 1259 3039 1330 Epistolas
3063 1266 3273 1316 nostris
3296 1263 3483 1334 capite
3506 1263 3740 1321 ultimo.

2085 1344 2442 1414 descriptum
2497 1345 2656 1402 hisce
2716 1347 2901 1403 verbis
2957 1349 3038 1404 ⁶³ε
3103 1346 3322 1420 Ἀμέλει
3375 1355 3653 1422 μυστικῶς
3711 1353 3743 1406 ὁ

2087 1426 2384 1503 Βαρνάϐας-⁸
2445 1433 2502 1484 Ὃ
2561 1430 2617 1486 δὲ
2678 1434 2805 1496 Θεὸς
2859 1435 2886 1488 ὁ
2943 1440 3042 1489 τοῦ
3096 1437 3297 1498 παντὸς
3351 1437 3560 1510 κόσμου
3647 1461 3746 1494 κυ-

2091 1517 2304 1594 ριεύων,
2363 1541 2514 1597 φησι,
2578 1519 2692 1594 δῴη
2755 1523 2882 1597 ὑμῖν
2943 1524 3151 1600 σοφίαν,
3203 1546 3254 1581 κ.
3307 1546 3355 1583 τ.
3408 1524 3462 1583 λ.
3523 1530 3752 1602 Mystice

2088 1612 2325 1680 pro/ecta
2355 1612 2684 1666 Barnabas:
2712 1615 2850 1669 Deus
2879 1615 2976 1684 qui
3006 1617 3260 1672 universo
3316 1617 3520 1673 mundo
3565 1618 3749 1674 domi-

335 1711 397 1759 ut
422 1703 739 1773 purissimae
769 1703 896 1756 vitae
941 1703 1252 1772 exemplum
1300 1706 1470 1758 essent
1517 1706 1604 1770 iis,
1653 1706 1750 1776 qui
1795 1721 1983 1760 eorum
2013 1732 2060 1796 Β
2091 1702 2278 1764 nam".
2312 1698 2525 1770 inquit.
2549 1701 2634 1756 ἀεὶ
2663 1704 2811 1756 υοῦίδ
2837 1705 3190 1774 δαρίεηιίανη,
3218 1727 3245 1753 υ
3303 1709 3412 1760 Βίο-
3464 1705 3753 1778 Origenes

339 1792 642 1847 ministerio
673 1790 743 1844 ad
770 1790 1135 1860 Evangelium
1165 1791 1378 1846 Christi
1406 1792 1810 1848 adducerentur
1830 1794 1857 1846 ?
1886 1792 1981 1846 Vi-

341 1881 452 1935 den
485 1879 816 1949 Origenem,
848 1879 1036 1932 virum
1072 1878 1236 1934 illum
1268 1878 1438 1950 longe
1460 1880 1890 1948 doctissimum,
1924 1882 1983 1935 in

340 1987 455 2040 quo
489 1972 640 2023 tanta
674 1968 751 2022 vis
778 1967 1011 2034 ingenii,
1045 1971 1160 2020 tam
1184 1969 1472 2038 profundi,
1504 1973 1619 2023 tam
1655 1971 1823 2038 acris,
1875 1978 1988 2025 tam

336 2058 629 2126 elegantis,
665 2063 724 2110 ut
750 2071 937 2109 omnes
977 2071 1118 2126 pene
1158 2057 1398 2110 multum
1447 2058 1711 2128 longeque
1757 2075 1987 2130 supera-

341 2155 421 2202 ret
450 2147 525 2214 59;
550 2143 878 2216 Origenem,
912 2144 1174 2214 inquam,
1212 2143 1356 2198 nihil
1379 2145 1581 2200 absoni
1607 2146 1741 2201 huic
1759 2150 1988 2202 senten-

237 2271 240 2276 -
343 2235 440 2290 tias
467 2233 682 2297 inesse,
717 2231 864 2286 nihil
898 2232 1162 2287 Barnaba
1188 2232 1411 2302 indigni
1435 2234 1781 2290 censuisse?

419 2323 619 2393 Neque
649 2320 818 2376 aliter
847 2321 904 2374 S.
939 2320 1344 2392 Hieronymus,
1379 2321 1476 2392 qui
1519 2321 1844 2394 Pelagianis
1891 2325 1998 2378 ob-

347 2411 481 2484 jicit
509 2410 774 2465 eamdem
806 2409 1078 2463 Barnabas
1101 2410 1450 2472 sententiam
1469 2412 1533 2478 σο,
1556 2409 1688 2466 licet
1707 2412 1998 2466 memorias

355 2499 530 2572 lapsu
576 2497 738 2552 illam
793 2497 1011 2568 tgnatio
1059 2497 1292 2568 martyri
1342 2498 1598 2567 tribuat;
1653 2504 2002 2571 tantumque

360 2589 526 2645 abest
557 2599 619 2642 ut
649 2602 777 2642 eam
809 2585 894 2640 vel
942 2584 1142 2641 leviter
1189 2590 1364 2655 notet,
1415 2591 1480 2640 ut
1529 2587 1780 2642 maxime
1825 2590 2001 2644 etiam

360 2677 550 2748 ipsam
582 2691 651 2730 ex
683 2672 993 2729 Psalmista
1019 2675 1061 2708 ⁶¹
1097 2676 1472 2740 contirmans,
1507 2675 1590 2730 sic
1621 2676 1856 2730 tandem
1879 2692 2008 2747 gra-

360 2765 509 2820 viter
537 2763 737 2819 statim
791 2762 1132 2816 concludat:
1187 2763 1390 2830 Quibus
1437 2765 1760 2819 testimoniis
1802 2765 1852 2818 si
1896 2781 2007 2820 non.

366 2854 537 2909 uteris
564 2851 634 2906 ad
663 2852 1059 2916 auctoritatem,
1095 2855 1249 2905 utere
1276 2853 1471 2906 saltem
1499 2853 1570 2906 ad
1597 2855 2006 2923 antiquitatem,

362 2942 496 3014 quid
524 2957 706 2996 omnes
735 2939 1095 2994 ecclesiastici
1123 2940 1232 2993 viri
1260 2941 1545 2994 senserint.
1575 2945 1749 2996 Porro
1791 2942 2008 2996 utrius-

361 3047 474 3102 que
494 3027 827 3085 testimonio
857 3026 972 3081 vim
1006 3028 1214 3082 addere
1235 3027 1532 3084 videturS.
1554 3029 1808 3085 Joannes
1828 3029 2006 3102 Chry-

360 3092 656 3176 sostomus
680 3135 693 3184 ;
726 3117 896 3188 cujus
925 3115 1100 3170 verba
1129 3115 1264 3171 licet
1293 3117 1364 3170 de
1391 3115 1513 3172 solo
1531 3119 1790 3188 apostolo
1825 3092 2005 3174 Paulo
2037 3092 2080 3158 Ο

359 3209 694 3272 efferantur,
731 3205 877 3260 mire
909 3209 1101 3259 tamen
1129 3206 1200 3259 ad
1235 3209 1490 3260 mentem
1539 3206 1814 3261 Barnabas
1864 3225 2005 3279 qua-

362 3297 552 3361 drare,
586 3311 777 3363 nemo,
833 3297 896 3347 ut
944 3291 1171 3364 opinor,
1218 3292 1349 3347 ierit
1396 3293 1644 3348 inficias.
1695 3294 1789 3350 Sic
1831 3295 2010 3367 igitur

361 3384 457 3440 ille
485 3386 570 3437 5’:
623 3383 719 3435 Ἀν
772 3380 948 3434 τοίνυν
1001 3379 1130 3454 λέγῃ
1170 3400 1275 3446 τις,
1309 3379 1392 3434 δτι
1421 3386 1579 3434 πᾶσιν
1611 3382 1820 3458 ἀφεῖναι
1883 3382 2011 3457 βού-

363 3469 512 3526 λεται
546 3472 573 3524 ὁ
610 3467 882 3543 βασιλεὺς,
917 3467 1022 3542 οὐχ
1054 3467 1196 3522 οὕτω
1227 3467 1569 3522 πιστεύσουσι
1597 3473 1675 3541 τῷ
1707 3469 1879 3544 λόγῳ,
1904 3467 2009 3533 ἕως

361 3559 420 3615 ἂν
451 3557 604 3614 ἴδωσι
654 3559 743 3612 τὸν
776 3559 988 3612 πάντων
1023 3554 1351 3634 φαυλότερον
1384 3557 1558 3611 αὐτῶν
1588 3558 1781 3612 τούτου
1810 3559 2012 3634 τυχόν-

359 3669 443 3703 τα·
477 3648 576 3703 οὐκ
634 3645 741 3702 ἔστι
801 3647 903 3721 γὰρ
963 3644 1154 3700 λοιπὸν
1215 3640 1644 3722 ἀμφισϐήτησις.
1701 3652 1869 3701 Τοῦτο
1921 3650 2011 3702 καὶ

360 3736 575 3798 nasia:
624 3757 806 3814 φησιν,
840 3734 920 3787 ὅτι
975 3732 1308 3808 βουλόμενος
1343 3735 1370 3788 ὁ
1401 3735 1530 3796 Θεὸς
1588 3733 2009 3814 πληροφορῆσαι

356 3826 485 3888 τοὺς
537 3826 876 3900 ἀνθρώπους,
909 3823 990 3876 ὅτι
1042 3820 1212 3876 πάντα
1264 3822 1444 3884 αὐτοῖς
1495 3823 1705 3900 ἀφίησι,
1738 3825 1828 3878 τὸν
1882 3827 2010 3880 πάν-

357 3936 464 3969 των
522 3910 974 3987 ἀμαρτωλότερον
1032 3910 1227 3966 ε’ίλετο.
1287 3915 1349 3967 Si
1404 3915 1527 3984 quis
1601 3929 1728 3982 ergo
1807 3915 2012 3970 dixerit

359 4006 495 4060 velle
526 4019 712 4072 regem
739 4002 990 4057 omnibus
1016 4003 1229 4056 veniam
1259 4001 1412 4068 dare,
1442 4017 1553 4056 non
1573 4005 1688 4056 tam
1705 4003 1874 4069 facile
1892 4020 2009 4058 cre-

359 4093 508 4158 dent,
543 4092 710 4146 donec
737 4091 973 4146 viderint
1001 4091 1257 4144 omnium
1287 4091 1754 4160 improbissimum
1792 4093 2012 4146 veniam

361 4183 741 4237 consecutum:
775 4179 932 4233 nulla
973 4180 1124 4232 enim
1178 4183 1371 4248 postea
1409 4178 1673 4234 dubitatio
1719 4183 2008 4252 supererit.

363 4271 470 4326 Hoc
497 4274 548 4325 et
579 4269 788 4324 Paulus
816 4268 988 4322 dicit:
1020 4266 1160 4338 quod
1188 4283 1381 4337 nempe
1420 4268 1604 4323 volens
1639 4272 1781 4323 Deus
1829 4271 2009 4324 homi-

361 4375 456 4413 nes
487 4360 743 4413 certiores
772 4359 972 4427 facere,
1005 4355 1144 4426 quod
1173 4356 1358 4410 omnia
1388 4356 1506 4410 illis
1545 4357 1831 4427 condonet,
1881 4375 2009 4413 eum

2093 1787 2228 1840 item
2261 1789 2451 1843 verbis
2481 1789 2911 1856 disertissimis,
2939 1796 2998 1847 et
3023 1792 3260 1863 quidem
3291 1795 3526 1850 duobus
3557 1795 3615 1850 in
3665 1796 3759 1852 lo-

2093 1875 2178 1930 cis
2205 1876 2274 1942 5‘,
2307 1877 2577 1931 Barnabas
2608 1879 2956 1934 sententiam
3002 1880 3203 1935 laudat
3245 1883 3311 1936 de
3359 1883 3575 1938 duabus
3623 1885 3751 1952 viis,

2096 1979 2226 2034 quae
2256 1963 2312 2018 in
2360 1965 2487 2035 ejus
2545 1966 2812 2036 Epistolas
2861 1967 3049 2039 capite
3098 1969 3169 2024 48
3213 1971 3500 2027 occurrit:
3548 1972 3754 2028 Eadem

2097 2068 2324 2123 quoque,
2360 2053 2566 2125 inquit,
2616 2056 2897 2110 Barnabas
2946 2058 3005 2111 in
3044 2059 3292 2129 Epistula
3337 2077 3436 2114 sua
3480 2061 3749 2128 declarat,

2099 2157 2222 2196 cum
2251 2141 2388 2196 duas
2418 2144 2531 2198 vias
2561 2159 2673 2199 esse
2702 2144 2858 2209 dicit,
2894 2162 3063 2201 unam
3107 2147 3266 2215 lucis,
3317 2149 3547 2205 alteram
3593 2154 3750 2206 tene-

2105 2229 2350 2297 brarum,
2383 2232 2581 2302 quibus
2610 2241 2661 2288 et
2687 2248 2920 2304 praeesse
2946 2243 3114 2291 certos
3135 2253 3370 2309 quosque
3401 2239 3621 2309 angelos
3659 2239 3751 2294 di-

2104 2319 2195 2372 cit.
2229 2318 2322 2374 Sic
2351 2324 2408 2374 et
2433 2320 2492 2376 S.
2529 2321 2910 2394 Hieronymus
2942 2323 3001 2378 in
3034 2324 3182 2380 libro
3203 2341 3400 2396 quem,
3445 2325 3749 2383 Philonem

2108 2411 2167 2460 et
2196 2405 2502 2478 Origenem
2533 2408 2817 2478 imitatus,
2838 2412 2913 2467 De
2937 2415 3224 2468 nominum
3253 2415 3645 2470 Hebraicorum
3667 2418 3757 2471 in-

2111 2497 2496 2566 terpretatione
2525 2499 2872 2569 composuit,
2897 2500 3050 2555 inter
3074 2502 3350 2558 llebraica
3371 2503 3613 2559 nomina
3634 2521 3764 2576 quae

2113 2587 2173 2641 in
2211 2585 2482 2639 Barnabas
2515 2585 2773 2656 Epistola
2790 2592 3042 2655 exstant,
3069 2606 3268 2646 vocem
3287 2592 3452 2646 Satan
3476 2599 3764 2662 recenset,

2115 2688 2241 2742 quae
2274 2689 2413 2728 sane
2445 2691 2559 2729 non
2619 2673 2756 2730 alibi
2805 2693 2980 2748 quam
3039 2677 3099 2732 in
3150 2679 3338 2750 capite
3387 2682 3453 2734 18
3495 2681 3763 2751 ejusdem

2117 2759 2384 2831 Epistola
2416 2763 2685 2818 occurrit.
2718 2763 2862 2819 Cum
2896 2765 3096 2837 itaque
3126 2767 3252 2836 jam
3303 2767 3438 2822 inde
3468 2785 3502 2823 a
3532 2768 3766 2824 saeculis

2117 2865 2179 2914 ιι,
2215 2866 2277 2903 ιιι
2308 2854 2365 2904 et
2393 2867 2449 2904 iv
2479 2854 2716 2906 Patrum
2748 2853 3160 2924 vetustissimi,
3206 2853 3473 2911 Clemens
3526 2855 3774 2912 Alexan-

2117 2935 2344 3003 drinus,
2373 2936 2649 3009 Origenes
2680 2943 2854 3011 atque
2894 2941 3303 3014 Hieronymus,
3327 2943 3631 2999 eadem'ac
3663 2961 3773 3000 nos

2119 3025 2439 3080 etiamnum
2473 3026 2530 3080 in
2564 3027 2838 3084 Barnabas
2868 3029 3128 3100 Epistola
3152 3030 3767 3102 perlegerint;imme-

2119 3112 2228 3168 rito
2262 3112 2553 3169 enimvero
2586 3115 2964 3186 posteriorem
2995 3119 3260 3188 ejusdem
3293 3124 3514 3190 partem
3559 3121 3770 3176 subse-

2118 3201 2267 3256 cutis
2299 3203 2659 3273 temporibus
2691 3204 2870 3261 fuisse
2902 3205 3358 3278 superadditam,
3382 3207 3652 3262 nonnulli
3686 3223 3772 3263 re-

2119 3290 2402 3346 centiores
2434 3291 2826 3362 suspicantur.
2859 3293 3003 3348 Hinc
3032 3311 3168 3350 vero
3190 3295 3436 3367 ipsemet
3491 3295 3771 3352 Dodwel-

2118 3377 2213 3434 lus
2241 3379 2286 3413 ⁸⁵
2316 3383 2572 3434 veterum
2607 3381 2953 3437 auctoritate
2984 3387 3304 3454 permotus,
3350 3387 3606 3456 quatuor
3650 3383 3770 3439 lau-

2121 3467 2257 3522 data
2286 3472 2583 3539 postrema
2612 3470 2802 3541 capita
2832 3470 3106 3526 Barnabas
3139 3471 3477 3542 abjudicare
3511 3489 3628 3528 non
3660 3489 3765 3528 au-

2123 3555 2239 3622 det,
2271 3555 2404 3611 licet
2428 3573 2496 3611 ea
2538 3573 2640 3628 pro
2688 3559 2951 3628 ejusdem
3000 3557 3275 3615 Barnabas
3317 3556 3520 3634 διδαχῇ
3570 3561 3772 3616 haberi

2122 3660 2293 3715 posse
2322 3645 2612 3716 conjiciat.
2645 3647 2753 3701 Sed
2785 3648 2896 3702 isto
2923 3665 2936 3703 :
2962 3643 3192 3721 διδαχῆς
3224 3647 3459 3704 titulum
3500 3649 3775 3722 aliquan-

2122 3734 2194 3788 do
2227 3750 2341 3804 prae
2369 3751 2429 3789 se
2449 3733 2691 3790 tulerint
2716 3735 2855 3802 ista;
2882 3753 3023 3792 num
3050 3736 3179 3792 ideo
3227 3738 3517 3810 sequioris
3560 3755 3772 3794 manus

2121 3827 2527 3877 assumentum
2560 3839 2687 3879 esse
2710 3825 2844 3894 jure
2875 3824 3009 3896 quis
3039 3824 3290 3880 dixerit?
3311 3848 3341 3875 «
3366 3825 3679 3896 Nimirum,
3705 3831 3770 3882 ut

2124 3910 2313 3965 verbis
2342 3916 2481 3965 utar
2509 3910 2582 3966 cl.
2617 3911 2754 3967 Felli
2777 3913 2842 3978 ⁸⁸,
2875 3913 2934 3966 in
2985 3914 3190 3983 primis
3229 3913 3462 3968 seaculis
3478 3914 3770 3980 nonnulli,

2123 4003 2188 4053 ut
2214 3999 2491 4054 adversus
2522 3998 2770 4054 haereses
2810 4001 3237 4071 prescriherent
3267 4007 3370 4057 aut
3401 4001 3619 4072 placita
3668 4020 3772 4058 sua

2120 4088 2618 4157 commendarent,
2674 4088 2949 4159 dogmata
2993 4087 3450 4159 apostolicorum
3511 4091 3770 4146 virorum

2120 4176 2352 4247 scriptis
2383 4177 2753 4243 mandarunt,
2769 4181 2827 4232 et
2856 4175 3090 4232 illorum
3123 4171 3352 4251 διδαχάς
3385 4177 3774 4250 appellavere.

2123 4264 2309 4333 Hujus
2339 4263 2572 4335 generis
2602 4263 2831 4318 videtur
2861 4264 3042 4320 fuisse
3069 4263 3217 4320 liber
3236 4282 3413 4337 quem
3443 4272 3775 4323 memorant

2119 4353 2405 4407 Eusebius
2435 4354 2478 4386 ⁶⁷
2511 4357 2568 4407 et
2596 4352 2952 4408 Athanasius
2983 4353 3047 4417 δε,
3072 4355 3242 4424 cujus
3263 4355 3588 4428 epigraphe
3608 4361 3769 4413 erat:

363 4449 459 4518 qui
483 4448 609 4517 plus
640 4462 802 4516 quam
831 4460 1016 4500 omnes
1042 4453 1259 4515 peccato
1285 4444 1553 4499 obnoxius
1581 4451 1722 4513 erat,
1781 4447 1991 4515 delegit.

2117 4445 2222 4493 τῶν
2253 4436 2570 4493 ἀποστόλων
2605 4436 2846 4514 διδαχαί.
2879 4441 2986 4496 Sed
3017 4447 3406 4514 praeterquam
3455 4444 3612 4514 quod
3666 4462 3778 4500 nu-

433 4539 648 4590 Verum
679 4533 747 4588 ad
773 4533 887 4587 alia
911 4536 1306 4602 properantes,
1331 4549 1508 4586 unam
1534 4533 1726 4588 adhuc
1744 4535 2011 4604 objectio-

362 4640 495 4680 nem
519 4622 770 4678 breviter
799 4621 1016 4676 solvere
1048 4625 1243 4675 nostra
1277 4619 1536 4687 interest,
1567 4638 1684 4692 qua
1730 4623 2010 4678 nimirum

363 4712 669 4783 impetitur
689 4710 868 4780 huius
900 4707 1165 4780 Epistolas
1197 4708 1524 4779 integritas.
1559 4709 1867 4767 Nonnullis
1902 4711 2010 4766 ita-

364 4816 476 4870 que
489 4799 628 4853 viris
648 4797 892 4853 eruditis
907 4800 1352 4851 monumentum
1371 4796 1524 4850 istud
1545 4799 2009 4854 vetustissimum

363 4887 450 4942 vel
485 4887 777 4958 plerisque
808 4885 1184 4939 insitionibus
1216 4884 1515 4950 infectum,
1539 4885 1624 4940 vcl
1649 4886 1850 4942 otiosis
1871 4887 2010 4943 laci-

366 4976 482 5031 niis
513 4975 748 5030 aliunde
780 4974 981 5029 ascitis
1003 4974 1319 5028 adauctum
1345 4972 1590 5027 videtur.
1627 4975 1685 5029 Si
1722 4981 1916 5030 autem
1939 4979 2011 5032 ab

363 5062 574 5120 iisdem
609 5079 836 5135 quairas
867 5079 971 5117 cur
999 5063 1236 5117 demum
1261 5061 1593 5117 istiusmodi
1627 5063 1907 5134 judicium
1936 5065 2010 5120 fe-

433 5260 476 5294 ⁵⁸
506 5258 763 5327 Origen.,
795 5264 934 5311 cont.
969 5256 1130 5320 Cels.,
1164 5255 1263 5327 lib.
1301 5257 1493 5322 1,§63.

359 5331 466 5400 §2.
543 5333 584 5365 οι
615 5328 766 5384 Psal.
800 5345 891 5400 ξίν,
926 5329 976 5381 4.

2124 4547 2320 4585 merus
2342 4529 2700 4596 versuum,in
2723 4529 3145 4585 Stichometriis
3167 4531 3606 4602 antiquissimis
3637 4532 3775 4588 huic

2124 4617 2390 4689 Epistolas
2422 4619 2780 4690 assignatus,
2829 4618 3036 4674 suadet
3067 4618 3216 4674 hanc
3259 4620 3657 4676 accessionem
3701 4622 3770 4676 ad

2121 4708 2251 4778 ejus
2284 4706 2495 4762 molem
2527 4705 2766 4761 omnino
2795 4707 3112 4762 desiderari
3139 4725 3152 4774 ;
3188 4707 3402 4779 pariter
3438 4725 3473 4762 a
3503 4707 3772 4766 Clemen-

2121 4801 2176 4851 te
2203 4795 2590 4850 Alexandrino
2621 4799 2678 4850 et
2708 4793 2972 4866 Origene,
3007 4811 3110 4850 nec
3144 4812 3258 4851 non
3290 4800 3524 4851 auctore
3547 4798 3775 4853 Consti-

2123 4886 2414 4939 tutionum
2449 4883 2745 4954 laudatur,
2779 4901 2843 4937 ac
2877 4883 2999 4936 aliae
3030 4888 3223 4954 partes
3255 4883 3436 4954 hujus
3479 4884 3774 4955 Epistolas.

2122 4978 2190 5028 Et
2221 4973 2268 5027 si
2305 4973 2360 5026 in
2401 4973 2612 5026 Latinis
2644 4971 3072 5042 exemplaribus
3103 4971 3442 5043 desiderari,
3491 4972 3773 5029 idoneum

2122 5063 2198 5118 sit
2230 5065 2643 5134 argumentum
2678 5059 2834 5115 unde
2863 5058 3069 5114 confici
3103 5059 3306 5131 possit,
3349 5059 3641 5132 quidquid
3693 5062 3776 5116 sic

1575 5258 1618 5291 ⁵ο
1647 5257 1806 5313 Vinc.
1843 5258 2045 5325 l.irin.,
2088 5257 2387 5326 Comma-11.,
2421 5272 2548 5327 cap.
2583 5255 2670 5327 17.
2748 5254 2796 5288 5°
2825 5252 3083 5327 Hieron.,
3114 5252 3215 5310 lib.
3251 5271 3312 5308 ιιι
3341 5257 3518 5310 contr.
3550 5255 3769 5327 Pelag,

1072 5328 1116 5362 δ’
1145 5325 1467 5400 Chrysost.,
1502 5328 1659 5383 hom.
1695 5331 1725 5382 4
1767 5332 1826 5383 in
1858 5332 2024 5400 Epist.
2108 5330 2177 5400 ad
2229 5325 2392 5400 Tim,
2421 5328 2446 5392 ἒ

359 5395 542 5462 Aleia,
571 5406 772 5454 S‘rom.
807 5398 906 5452 lib.
942 5415 1002 5464 ll,
1035 5413 1158 5473 (111p.
1201 5395 1282 5462 18,
1319 5399 1528 5473 p._-’i72.
1605 5401 1651 5432 (⁵⁸
1678 5395 1909 5472 υνὶεθιιξ
1945 5405 1982 5452 [1

2120 5399 2329 5473 ἀρχῷν,
2381 5397 2476 5473 lib.
2515 5395 2778 5473 in,_’cap,
2802 5395 2940 5473 A2,‘_§
2962 5396 3014 5463 4,

2528 5371 2540 5392 ,
2575 5326 2720 5396 Opp.
2765 5330 2908 5379 tom.
2952 5324 3216 5449 lX,8ag.
3263 5327 3391 5380 569.
3483 5327 3531 5361 ⁶³
3579 5324 3770 5382 Clem.

2528 5413 2601 5449 ιι.
2651 5412 2778 5449 can.
2808 5398 2864 5449 2.
2909 5395 3014 5449 84.
3119 5413 3208 5449 nn.
3255 5401 3396 5449 tom.
3450 5397 3492 5449 Ι.
3546 5413 3603 5449 n.
3643 5399 3764 5449 140.

3118 5413 3208 5467 pp.
3255 5397 3492 5468 tomirl,
3546 5413 3603 5468 p.
3643 5399 3764 5462 140,

361 5479 420 5547 gt
450 5474 589 5547 litui
630 5475 886 5547 ς’ςέῳιίιηη
937 5462 995 5524 in
1039 5462 1333 5547 Epistulid
1379 5469 1647 5547 qu.,___1,
1681 5462 1822 5547 2-5:
1846 5462 2164 5547 °f__l)odw.,'
2193 5462 2485 5547 'Dissert._i
2511 5462 2767 5547 in_lren‘.,
2799 5462 3049 5547 §.31',Ap.
3081 5462 3171 5521 56:
3247 5468 3292 5502 ⁵⁸
3323 5462 3486 5522 ΙεόΙΙζ
3516 5462 3638 5524 ιιόι,
3691 5469 3764 5526 ad

359 5543 605 5600 Barnab.
648 5537 1008 5615 Epistq’cap.
1045 5537 1130 5594 18.
1205 5541 1247 5573 ⁸⁷
1280 5541 1512 5613 Euseb,
1547 5543 1680 5598 Hist.
1712 5544 1842 5600 eccl.
1872 5543 1969 5598 lib.
2003 5559 2087 5609 ιιι,
2119 5537 2246 5614 esp.
2277 5542 2367 5596 25.
2443 5539 2486 5574 ⁸⁸
2516 5539 2726 5595 Athan.
2757 5537 2928 5610 epist.
2961 5537 3049 5591 39.
