  <div class='ocr_page' id='page_1' title='image "/cluster/home/n/w/nwhite01/storage/ocr_20150623/2/hvd.32044073501397/354.png"; bbox 0 0 4014 6202; ppageno 0'>
   <div class='ocr_carea' id='block_1_1' title="bbox 287 423 407 488">
    <p class='ocr_par' dir='ltr' id='par_1_1' title="bbox 287 423 407 488">
     <span class='ocr_line' id='line_1_1' title="bbox 287 423 407 488; baseline -0.033 0"><span class='ocrx_word' id='word_1_1' title='bbox 287 423 407 488; x_wconf 79' lang='lat'>693</span> 
     </span>
    </p>
   </div>
   <div class='ocr_carea' id='block_1_2' title="bbox 1713 421 2315 487">
    <p class='ocr_par' dir='ltr' id='par_1_2' title="bbox 1713 421 2315 487">
     <span class='ocr_line' id='line_1_2' title="bbox 1713 421 2315 487; baseline -0.003 -1"><span class='ocrx_word' id='word_1_2' title='bbox 1713 421 2315 487; x_wconf 81' lang='lat' dir='ltr'>PROLEGOMENA.</span> 
     </span>
    </p>
   </div>
   <div class='ocr_carea' id='block_1_3' title="bbox 3572 419 3690 484">
    <p class='ocr_par' dir='ltr' id='par_1_3' title="bbox 3572 419 3690 484">
     <span class='ocr_line' id='line_1_3' title="bbox 3572 419 3690 484; baseline 0 0"><span class='ocrx_word' id='word_1_3' title='bbox 3572 419 3690 484; x_wconf 76' lang='grc'>694</span> 
     </span>
    </p>
   </div>
   <div class='ocr_carea' id='block_1_4' title="bbox 187 553 3689 632">
    <p class='ocr_par' dir='ltr' id='par_1_4' title="bbox 187 553 3689 632">
     <span class='ocr_line' id='line_1_4' title="bbox 187 553 3689 632; baseline 0 -21"><span class='ocrx_word' id='word_1_4' title='bbox 187 554 196 560; x_wconf 81' lang='grc'><em>’</em></span> <span class='ocrx_word' id='word_1_5' title='bbox 290 558 545 632; x_wconf 77' lang='grc' dir='ltr'>μειοῦρον</span> <span class='ocrx_word' id='word_1_6' title='bbox 573 557 681 624; x_wconf 87' lang='lat' dir='ltr'>est,</span> <span class='ocrx_word' id='word_1_7' title='bbox 713 553 1036 629; x_wconf 87' lang='lat' dir='ltr'>genuinum</span> <span class='ocrx_word' id='word_1_8' title='bbox 1088 571 1202 611; x_wconf 94' lang='lat' dir='ltr'>non</span> <span class='ocrx_word' id='word_1_9' title='bbox 1253 571 1382 612; x_wconf 89' lang='lat' dir='ltr'>esse</span> <span class='ocrx_word' id='word_1_10' title='bbox 1431 556 1752 628; x_wconf 88' lang='lat' dir='ltr'>scriptum;</span> <span class='ocrx_word' id='word_1_11' title='bbox 1789 557 1936 630; x_wconf 80' lang='lat' dir='ltr'>peri-</span> <span class='ocrx_word' id='word_1_12' title='bbox 1964 565 2017 626; x_wconf 80' lang='grc' dir='ltr'><strong>Α</strong></span> <span class='ocrx_word' id='word_1_13' title='bbox 2049 559 2300 614; x_wconf 84' lang='lat' dir='ltr'>maxime</span> <span class='ocrx_word' id='word_1_14' title='bbox 2348 559 2523 615; x_wconf 87' lang='lat' dir='ltr'>etiam</span> <span class='ocrx_word' id='word_1_15' title='bbox 2574 559 2776 615; x_wconf 91' lang='lat' dir='ltr'>eadem</span> <span class='ocrx_word' id='word_1_16' title='bbox 2824 557 3067 630; x_wconf 80' lang='lat' dir='ltr'>insuper</span> <span class='ocrx_word' id='word_1_17' title='bbox 3116 553 3385 614; x_wconf 79' lang='lat' dir='ltr'>habeant.</span> <span class='ocrx_word' id='word_1_18' title='bbox 3446 553 3516 612; x_wconf 89' lang='lat' dir='ltr'>Et</span> <span class='ocrx_word' id='word_1_19' title='bbox 3556 555 3689 626; x_wconf 90' lang='lat' dir='ltr'>jure</span> 
     </span>
    </p>
   </div>
   <div class='ocr_carea' id='block_1_5' title="bbox 289 643 1934 718">
    <p class='ocr_par' dir='ltr' id='par_1_5' title="bbox 289 643 1934 718">
     <span class='ocr_line' id='line_1_5' title="bbox 289 643 1934 718; baseline -0.002 -15"><span class='ocrx_word' id='word_1_20' title='bbox 289 645 592 703; x_wconf 88' lang='lat' dir='ltr'>clitabitur</span> <span class='ocrx_word' id='word_1_21' title='bbox 620 644 832 718; x_wconf 84' lang='lat' dir='ltr'>prioris</span> <span class='ocrx_word' id='word_1_22' title='bbox 861 643 1135 717; x_wconf 79' lang='lat' dir='ltr'>Epistolas</span> <span class='ocrx_word' id='word_1_23' title='bbox 1166 644 1351 717; x_wconf 88' lang='lat' dir='ltr'>partis</span> <span class='ocrx_word' id='word_1_24' title='bbox 1374 645 1538 712; x_wconf 88' lang='lat' dir='ltr'>ﬁdes,</span> <span class='ocrx_word' id='word_1_25' title='bbox 1557 647 1934 718; x_wconf 89' lang='lat' dir='ltr'>quandoqui-</span> 
     </span>
    </p>
   </div>
   <div class='ocr_carea' id='block_1_6' title="bbox 289 733 1932 806">
    <p class='ocr_par' dir='ltr' id='par_1_6' title="bbox 289 733 1932 806">
     <span class='ocr_line' id='line_1_6' title="bbox 289 733 1932 806; baseline -0.001 -16"><span class='ocrx_word' id='word_1_26' title='bbox 289 736 422 790; x_wconf 87' lang='lat' dir='ltr'>dem</span> <span class='ocrx_word' id='word_1_27' title='bbox 454 735 647 790; x_wconf 69' lang='lat' dir='ltr'>Graace</span> <span class='ocrx_word' id='word_1_28' title='bbox 679 751 792 789; x_wconf 90' lang='lat' dir='ltr'>non</span> <span class='ocrx_word' id='word_1_29' title='bbox 826 738 1178 805; x_wconf 79' lang='lat' dir='ltr'>compareat.</span> <span class='ocrx_word' id='word_1_30' title='bbox 1210 733 1676 790; x_wconf 83' lang='lat' dir='ltr'>Clonclusionem</span> <span class='ocrx_word' id='word_1_31' title='bbox 1719 752 1845 806; x_wconf 68' lang='lat' dir='ltr'>quae</span> <span class='ocrx_word' id='word_1_32' title='bbox 1876 735 1932 789; x_wconf 92' lang='lat' dir='ltr'>in</span> 
     </span>
    </p>
   </div>
   <div class='ocr_carea' id='block_1_7' title="bbox 287 821 1933 894">
    <p class='ocr_par' dir='ltr' id='par_1_7' title="bbox 287 821 1933 894">
     <span class='ocr_line' id='line_1_7' title="bbox 287 821 1933 894; baseline -0.001 -15"><span class='ocrx_word' id='word_1_33' title='bbox 287 824 510 880; x_wconf 77' lang='lat' dir='ltr'>Latinis</span> <span class='ocrx_word' id='word_1_34' title='bbox 539 822 969 894; x_wconf 82' lang='lat' dir='ltr'>exemplaribus</span> <span class='ocrx_word' id='word_1_35' title='bbox 1000 821 1297 878; x_wconf 88' lang='lat' dir='ltr'>hodiernis</span> <span class='ocrx_word' id='word_1_36' title='bbox 1328 828 1644 894; x_wconf 88' lang='lat' dir='ltr'>comparet,</span> <span class='ocrx_word' id='word_1_37' title='bbox 1679 823 1933 878; x_wconf 89' lang='lat' dir='ltr'>librariis</span> 
     </span>
    </p>
   </div>
   <div class='ocr_carea' id='block_1_8' title="bbox 286 911 1930 983">
    <p class='ocr_par' dir='ltr' id='par_1_8' title="bbox 286 911 1930 983">
     <span class='ocr_line' id='line_1_8' title="bbox 286 911 1930 983; baseline 0 -15"><span class='ocrx_word' id='word_1_38' title='bbox 286 913 483 969; x_wconf 84' lang='lat' dir='ltr'>deberi</span> <span class='ocrx_word' id='word_1_39' title='bbox 514 912 763 968; x_wconf 80' lang='lat' dir='ltr'>libenter</span> <span class='ocrx_word' id='word_1_40' title='bbox 791 912 1176 967; x_wconf 87' lang='lat' dir='ltr'>concesserim</span> <span class='ocrx_word' id='word_1_41' title='bbox 1208 930 1220 978; x_wconf 91' lang='lat'>;</span> <span class='ocrx_word' id='word_1_42' title='bbox 1255 911 1546 983; x_wconf 84' lang='lat' dir='ltr'>siquidem</span> <span class='ocrx_word' id='word_1_43' title='bbox 1570 913 1608 967; x_wconf 90' lang='lat' dir='ltr'>ii</span> <span class='ocrx_word' id='word_1_44' title='bbox 1633 912 1930 968; x_wconf 88' lang='lat' dir='ltr'>istiusmo-</span> 
     </span>
    </p>
   </div>
   <div class='ocr_carea' id='block_1_9' title="bbox 284 1000 1929 1074">
    <p class='ocr_par' dir='ltr' id='par_1_9' title="bbox 284 1000 1929 1074">
     <span class='ocr_line' id='line_1_9' title="bbox 284 1000 1929 1074; baseline 0 -17"><span class='ocrx_word' id='word_1_45' title='bbox 284 1003 344 1057; x_wconf 82' lang='lat' dir='ltr'>di</span> <span class='ocrx_word' id='word_1_46' title='bbox 376 1000 626 1074; x_wconf 86' lang='lat' dir='ltr'>epilogis</span> <span class='ocrx_word' id='word_1_47' title='bbox 648 1001 830 1056; x_wconf 88' lang='lat' dir='ltr'>libros</span> <span class='ocrx_word' id='word_1_48' title='bbox 859 1018 892 1056; x_wconf 91' lang='lat' dir='ltr'>a</span> <span class='ocrx_word' id='word_1_49' title='bbox 923 1017 984 1056; x_wconf 92' lang='lat' dir='ltr'>se</span> <span class='ocrx_word' id='word_1_50' title='bbox 1017 1001 1378 1072; x_wconf 88' lang='lat' dir='ltr'>conscriptos</span> <span class='ocrx_word' id='word_1_51' title='bbox 1407 1000 1546 1056; x_wconf 81' lang='lat' dir='ltr'>alibi</span> <span class='ocrx_word' id='word_1_52' title='bbox 1586 1001 1806 1073; x_wconf 90' lang='lat' dir='ltr'>passim</span> <span class='ocrx_word' id='word_1_53' title='bbox 1839 1018 1929 1057; x_wconf 88' lang='lat' dir='ltr'>or-</span> 
     </span>
    </p>
   </div>
   <div class='ocr_carea' id='block_1_10' title="bbox 284 1088 1928 1161">
    <p class='ocr_par' dir='ltr' id='par_1_10' title="bbox 284 1088 1928 1161">
     <span class='ocr_line' id='line_1_10' title="bbox 284 1088 1928 1161; baseline -0.001 -15"><span class='ocrx_word' id='word_1_54' title='bbox 284 1095 523 1146; x_wconf 87' lang='lat' dir='ltr'>narunt.</span> <span class='ocrx_word' id='word_1_55' title='bbox 567 1090 676 1146; x_wconf 89' lang='lat' dir='ltr'>Sed</span> <span class='ocrx_word' id='word_1_56' title='bbox 710 1094 767 1145; x_wconf 92' lang='lat' dir='ltr'>et</span> <span class='ocrx_word' id='word_1_57' title='bbox 796 1089 1016 1145; x_wconf 79' lang='lat' dir='ltr'>iteratae</span> <span class='ocrx_word' id='word_1_58' title='bbox 1063 1088 1400 1160; x_wconf 87' lang='lat' dir='ltr'>scriptionis</span> <span class='ocrx_word' id='word_1_59' title='bbox 1447 1094 1578 1161; x_wconf 90' lang='lat' dir='ltr'>post</span> <span class='ocrx_word' id='word_1_60' title='bbox 1607 1089 1928 1145; x_wconf 86' lang='lat' dir='ltr'>solemnem</span> 
     </span>
    </p>
   </div>
   <div class='ocr_carea' id='block_1_11' title="bbox 279 1177 1926 1251">
    <p class='ocr_par' dir='ltr' id='par_1_11' title="bbox 279 1177 1926 1251">
     <span class='ocr_line' id='line_1_11' title="bbox 279 1177 1926 1251; baseline 0.001 -19"><span class='ocrx_word' id='word_1_61' title='bbox 279 1178 722 1236; x_wconf 89' lang='lat' dir='ltr'>valedictionem</span> <span class='ocrx_word' id='word_1_62' title='bbox 756 1193 871 1233; x_wconf 90' lang='lat' dir='ltr'>non</span> <span class='ocrx_word' id='word_1_63' title='bbox 903 1178 1119 1233; x_wconf 88' lang='lat' dir='ltr'>desunt</span> <span class='ocrx_word' id='word_1_64' title='bbox 1141 1177 1422 1250; x_wconf 90' lang='lat' dir='ltr'>exempla.</span> <span class='ocrx_word' id='word_1_65' title='bbox 1452 1179 1545 1233; x_wconf 88' lang='lat' dir='ltr'>Sic</span> <span class='ocrx_word' id='word_1_66' title='bbox 1567 1179 1751 1251; x_wconf 86' lang='lat' dir='ltr'>Epist.</span> <span class='ocrx_word' id='word_1_67' title='bbox 1786 1179 1831 1234; x_wconf 95' lang='lat' dir='ltr'><strong>II</strong></span> <span class='ocrx_word' id='word_1_68' title='bbox 1854 1179 1926 1234; x_wconf 90' lang='lat' dir='ltr'>ad</span> 
     </span>
    </p>
   </div>
   <div class='ocr_carea' id='block_1_12' title="bbox 281 1265 1926 1338">
    <p class='ocr_par' dir='ltr' id='par_1_12' title="bbox 281 1265 1926 1338">
     <span class='ocr_line' id='line_1_12' title="bbox 281 1265 1926 1338; baseline -0.001 -14"><span class='ocrx_word' id='word_1_69' title='bbox 281 1267 682 1333; x_wconf 76' lang='lat' dir='ltr'>Timotheum,</span> <span class='ocrx_word' id='word_1_70' title='bbox 713 1270 846 1338; x_wconf 91' lang='lat' dir='ltr'>post</span> <span class='ocrx_word' id='word_1_71' title='bbox 877 1265 1267 1338; x_wconf 86' lang='lat' dir='ltr'>doxologiam,</span> <span class='ocrx_word' id='word_1_72' title='bbox 1299 1267 1567 1336; x_wconf 69' lang='lat' dir='ltr'>quaedam</span> <span class='ocrx_word' id='word_1_73' title='bbox 1627 1271 1926 1338; x_wconf 90' lang='lat' dir='ltr'>resumpto</span> 
     </span>
    </p>
   </div>
   <div class='ocr_carea' id='block_1_13' title="bbox 277 1354 1923 1427">
    <p class='ocr_par' dir='ltr' id='par_1_13' title="bbox 277 1354 1923 1427">
     <span class='ocr_line' id='line_1_13' title="bbox 277 1354 1923 1427; baseline -0.001 -16"><span class='ocrx_word' id='word_1_74' title='bbox 277 1357 504 1412; x_wconf 88' lang='lat' dir='ltr'>calamo</span> <span class='ocrx_word' id='word_1_75' title='bbox 530 1355 984 1422; x_wconf 90' lang='lat' dir='ltr'>subnectuntur,</span> <span class='ocrx_word' id='word_1_76' title='bbox 1016 1359 1075 1410; x_wconf 87' lang='lat' dir='ltr'>ut</span> <span class='ocrx_word' id='word_1_77' title='bbox 1109 1354 1226 1410; x_wconf 68' lang='lat' dir='ltr'>alia</span> <span class='ocrx_word' id='word_1_78' title='bbox 1253 1355 1382 1424; x_wconf 91' lang='lat' dir='ltr'>ejus</span> <span class='ocrx_word' id='word_1_79' title='bbox 1413 1356 1643 1427; x_wconf 85' lang='lat' dir='ltr'>generis</span> <span class='ocrx_word' id='word_1_80' title='bbox 1688 1361 1923 1426; x_wconf 69' lang='lat' dir='ltr'>prteter-</span> 
     </span>
    </p>
   </div>
   <div class='ocr_carea' id='block_1_14' title="bbox 277 1443 812 1501">
    <p class='ocr_par' dir='ltr' id='par_1_14' title="bbox 277 1443 812 1501">
     <span class='ocr_line' id='line_1_14' title="bbox 277 1443 812 1501; baseline -0.006 0"><span class='ocrx_word' id='word_1_81' title='bbox 277 1462 431 1501; x_wconf 89' lang='lat' dir='ltr'>eam.</span> <span class='ocrx_word' id='word_1_82' title='bbox 473 1467 500 1494; x_wconf 90' lang='lat'>»</span> <span class='ocrx_word' id='word_1_83' title='bbox 532 1445 662 1500; x_wconf 73' lang='lat' dir='ltr'>Haac</span> <span class='ocrx_word' id='word_1_84' title='bbox 693 1443 812 1498; x_wconf 87' lang='lat' dir='ltr'>ille.</span> 
     </span>
    </p>
   </div>
   <div class='ocr_carea' id='block_1_15' title="bbox 350 1532 1924 1605">
    <p class='ocr_par' dir='ltr' id='par_1_15' title="bbox 350 1532 1924 1605">
     <span class='ocr_line' id='line_1_15' title="bbox 350 1532 1924 1605; baseline 0 -17"><span class='ocrx_word' id='word_1_85' title='bbox 350 1535 434 1588; x_wconf 85' lang='lat' dir='ltr'>Ad</span> <span class='ocrx_word' id='word_1_86' title='bbox 471 1533 728 1605; x_wconf 89' lang='lat' dir='ltr'>reliquas</span> <span class='ocrx_word' id='word_1_87' title='bbox 753 1532 982 1588; x_wconf 90' lang='lat' dir='ltr'>levioris</span> <span class='ocrx_word' id='word_1_88' title='bbox 1032 1533 1308 1588; x_wconf 84' lang='lat' dir='ltr'>momenti</span> <span class='ocrx_word' id='word_1_89' title='bbox 1361 1532 1738 1589; x_wconf 85' lang='lat' dir='ltr'>difﬁcultates</span> <span class='ocrx_word' id='word_1_90' title='bbox 1768 1535 1924 1604; x_wconf 92' lang='lat' dir='ltr'>quod</span> 
     </span>
    </p>
   </div>
   <div class='ocr_carea' id='block_1_16' title="bbox 278 1621 1923 1694">
    <p class='ocr_par' dir='ltr' id='par_1_16' title="bbox 278 1621 1923 1694">
     <span class='ocr_line' id='line_1_16' title="bbox 278 1621 1923 1694; baseline 0 -17"><span class='ocrx_word' id='word_1_91' title='bbox 278 1623 508 1692; x_wconf 83' lang='lat' dir='ltr'>attinet,</span> <span class='ocrx_word' id='word_1_92' title='bbox 540 1621 673 1677; x_wconf 90' lang='lat' dir='ltr'>illas</span> <span class='ocrx_word' id='word_1_93' title='bbox 706 1621 856 1676; x_wconf 90' lang='lat' dir='ltr'>mira</span> <span class='ocrx_word' id='word_1_94' title='bbox 886 1637 1025 1677; x_wconf 88' lang='lat' dir='ltr'>sane</span> <span class='ocrx_word' id='word_1_95' title='bbox 1047 1621 1388 1676; x_wconf 86' lang='lat' dir='ltr'>dexteritate</span> <span class='ocrx_word' id='word_1_96' title='bbox 1436 1621 1702 1677; x_wconf 89' lang='lat' dir='ltr'>dissolvit</span> <span class='ocrx_word' id='word_1_97' title='bbox 1741 1623 1923 1694; x_wconf 88' lang='lat' dir='ltr'>Pape-</span> 
     </span>
    </p>
   </div>
   <div class='ocr_carea' id='block_1_17' title="bbox 276 1708 1925 1782">
    <p class='ocr_par' dir='ltr' id='par_1_17' title="bbox 276 1708 1925 1782">
     <span class='ocr_line' id='line_1_17' title="bbox 276 1708 1925 1782; baseline 0 -16"><span class='ocrx_word' id='word_1_98' title='bbox 276 1710 559 1766; x_wconf 87' lang='lat' dir='ltr'>brochius</span> <span class='ocrx_word' id='word_1_99' title='bbox 588 1710 676 1765; x_wconf 88' lang='lat' dir='ltr'>vir</span> <span class='ocrx_word' id='word_1_100' title='bbox 705 1708 1084 1766; x_wconf 90' lang='lat' dir='ltr'>doctissimus</span> <span class='ocrx_word' id='word_1_101' title='bbox 1104 1711 1169 1777; x_wconf 71' lang='grc'>⁵9,</span> <span class='ocrx_word' id='word_1_102' title='bbox 1202 1727 1376 1782; x_wconf 87' lang='lat' dir='ltr'>quem</span> <span class='ocrx_word' id='word_1_103' title='bbox 1400 1710 1641 1782; x_wconf 88' lang='lat' dir='ltr'>proinde</span> <span class='ocrx_word' id='word_1_104' title='bbox 1664 1710 1925 1767; x_wconf 90' lang='lat' dir='ltr'>consule-</span> 
     </span>
    </p>
   </div>
   <div class='ocr_carea' id='block_1_18' title="bbox 275 1799 1921 1872">
    <p class='ocr_par' dir='ltr' id='par_1_18' title="bbox 275 1799 1921 1872">
     <span class='ocr_line' id='line_1_18' title="bbox 275 1799 1921 1872; baseline 0.001 -18"><span class='ocrx_word' id='word_1_105' title='bbox 275 1817 338 1856; x_wconf 96' lang='lat' dir='ltr'>re</span> <span class='ocrx_word' id='word_1_106' title='bbox 371 1803 623 1872; x_wconf 65' lang='lat' dir='ltr'>praestat.</span> <span class='ocrx_word' id='word_1_107' title='bbox 659 1801 770 1855; x_wconf 90' lang='lat' dir='ltr'>Eas</span> <span class='ocrx_word' id='word_1_108' title='bbox 801 1799 994 1866; x_wconf 89' lang='lat' dir='ltr'>istem,</span> <span class='ocrx_word' id='word_1_109' title='bbox 1028 1803 1095 1854; x_wconf 91' lang='lat' dir='ltr'>ut</span> <span class='ocrx_word' id='word_1_110' title='bbox 1124 1799 1372 1871; x_wconf 88' lang='lat' dir='ltr'>tempori</span> <span class='ocrx_word' id='word_1_111' title='bbox 1395 1817 1652 1872; x_wconf 90' lang='lat' dir='ltr'>parcam,</span> <span class='ocrx_word' id='word_1_112' title='bbox 1689 1804 1921 1871; x_wconf 67' lang='lat' dir='ltr'>practer-</span> 
     </span>
    </p>
   </div>
   <div class='ocr_carea' id='block_1_19' title="bbox 2046 643 3686 719">
    <p class='ocr_par' dir='ltr' id='par_1_19' title="bbox 2046 643 3686 719">
     <span class='ocr_line' id='line_1_19' title="bbox 2046 643 3686 719; baseline -0.001 -17"><span class='ocrx_word' id='word_1_113' title='bbox 2046 649 2302 718; x_wconf 91' lang='lat' dir='ltr'>quidem.</span> <span class='ocrx_word' id='word_1_114' title='bbox 2337 649 2481 704; x_wconf 91' lang='lat' dir='ltr'>Nam</span> <span class='ocrx_word' id='word_1_115' title='bbox 2514 665 2638 719; x_wconf 71' lang='lat' dir='ltr'>quas</span> <span class='ocrx_word' id='word_1_116' title='bbox 2671 646 3002 704; x_wconf 89' lang='lat' dir='ltr'>communis</span> <span class='ocrx_word' id='word_1_117' title='bbox 3051 646 3234 702; x_wconf 87' lang='lat' dir='ltr'>fertur</span> <span class='ocrx_word' id='word_1_118' title='bbox 3281 644 3572 702; x_wconf 88' lang='lat' dir='ltr'>sententia</span> <span class='ocrx_word' id='word_1_119' title='bbox 3615 643 3686 700; x_wconf 91' lang='lat' dir='ltr'>de</span> 
     </span>
    </p>
   </div>
   <div class='ocr_carea' id='block_1_20' title="bbox 2044 733 3686 808">
    <p class='ocr_par' dir='ltr' id='par_1_20' title="bbox 2044 733 3686 808">
     <span class='ocr_line' id='line_1_20' title="bbox 2044 733 3686 808; baseline -0.001 -17"><span class='ocrx_word' id='word_1_120' title='bbox 2044 737 2320 792; x_wconf 59' lang='lat' dir='ltr'>Barnabas</span> <span class='ocrx_word' id='word_1_121' title='bbox 2353 739 2460 792; x_wconf 89' lang='lat' dir='ltr'>sub</span> <span class='ocrx_word' id='word_1_122' title='bbox 2492 736 2716 792; x_wconf 90' lang='lat' dir='ltr'>Nerone</span> <span class='ocrx_word' id='word_1_123' title='bbox 2747 736 3046 808; x_wconf 85' lang='lat' dir='ltr'>martyrio,</span> <span class='ocrx_word' id='word_1_124' title='bbox 3080 734 3241 790; x_wconf 92' lang='lat' dir='ltr'>nullo</span> <span class='ocrx_word' id='word_1_125' title='bbox 3273 733 3481 789; x_wconf 90' lang='lat' dir='ltr'>idoneo</span> <span class='ocrx_word' id='word_1_126' title='bbox 3517 737 3686 804; x_wconf 86' lang='lat' dir='ltr'>teste,</span> 
     </span>
    </p>
   </div>
   <div class='ocr_carea' id='block_1_21' title="bbox 2045 823 3684 893">
    <p class='ocr_par' dir='ltr' id='par_1_21' title="bbox 2045 823 3684 893">
     <span class='ocr_line' id='line_1_21' title="bbox 2045 823 3684 893; baseline 0.001 -15"><span class='ocrx_word' id='word_1_127' title='bbox 2045 824 2206 880; x_wconf 92' lang='lat' dir='ltr'>nulla</span> <span class='ocrx_word' id='word_1_128' title='bbox 2262 831 2521 882; x_wconf 85' lang='lat' dir='ltr'>veterum</span> <span class='ocrx_word' id='word_1_129' title='bbox 2591 825 2936 880; x_wconf 80' lang='lat' dir='ltr'>auctoritate</span> <span class='ocrx_word' id='word_1_130' title='bbox 2987 826 3280 880; x_wconf 85' lang='lat' dir='ltr'>ﬁrmatur:</span> <span class='ocrx_word' id='word_1_131' title='bbox 3340 823 3684 893; x_wconf 87' lang='lat' dir='ltr'>nullumque</span> 
     </span>
    </p>
   </div>
   <div class='ocr_carea' id='block_1_22' title="bbox 2042 911 3680 987">
    <p class='ocr_par' dir='ltr' id='par_1_22' title="bbox 2042 911 3680 987">
     <span class='ocr_line' id='line_1_22' title="bbox 2042 911 3680 987; baseline 0.001 -21"><span class='ocrx_word' id='word_1_132' title='bbox 2042 915 2193 983; x_wconf 88' lang='lat' dir='ltr'>apud</span> <span class='ocrx_word' id='word_1_133' title='bbox 2225 916 2496 986; x_wconf 89' lang='lat' dir='ltr'>antiquos</span> <span class='ocrx_word' id='word_1_134' title='bbox 2529 915 2839 987; x_wconf 87' lang='lat' dir='ltr'>scriptores</span> <span class='ocrx_word' id='word_1_135' title='bbox 2868 913 3180 984; x_wconf 84' lang='lat' dir='ltr'>vestigium</span> <span class='ocrx_word' id='word_1_136' title='bbox 3221 911 3491 976; x_wconf 89' lang='lat' dir='ltr'>occurrit,</span> <span class='ocrx_word' id='word_1_137' title='bbox 3525 913 3680 967; x_wconf 89' lang='lat' dir='ltr'>unde</span> 
     </span>
    </p>
   </div>
   <div class='ocr_carea' id='block_1_23' title="bbox 2041 1000 3679 1076">
    <p class='ocr_par' dir='ltr' id='par_1_23' title="bbox 2041 1000 3679 1076">
     <span class='ocr_line' id='line_1_23' title="bbox 2041 1000 3679 1076; baseline -0.001 -19"><span class='ocrx_word' id='word_1_138' title='bbox 2041 1019 2154 1073; x_wconf 91' lang='lat' dir='ltr'>quo</span> <span class='ocrx_word' id='word_1_139' title='bbox 2207 1007 2466 1076; x_wconf 89' lang='lat' dir='ltr'>tempore</span> <span class='ocrx_word' id='word_1_140' title='bbox 2517 1020 2860 1075; x_wconf 89' lang='lat' dir='ltr'>supremum</span> <span class='ocrx_word' id='word_1_141' title='bbox 2903 1003 3059 1056; x_wconf 88' lang='lat' dir='ltr'>diem</span> <span class='ocrx_word' id='word_1_142' title='bbox 3109 1000 3317 1056; x_wconf 91' lang='lat' dir='ltr'>obierit</span> <span class='ocrx_word' id='word_1_143' title='bbox 3361 1001 3679 1072; x_wconf 85' lang='lat' dir='ltr'>Barnabas,</span> 
     </span>
    </p>
   </div>
   <div class='ocr_carea' id='block_1_24' title="bbox 2039 1090 3676 1157">
    <p class='ocr_par' dir='ltr' id='par_1_24' title="bbox 2039 1090 3676 1157">
     <span class='ocr_line' id='line_1_24' title="bbox 2039 1090 3676 1157; baseline 0 -11"><span class='ocrx_word' id='word_1_144' title='bbox 2039 1097 2193 1147; x_wconf 91' lang='lat' dir='ltr'>certo</span> <span class='ocrx_word' id='word_1_145' title='bbox 2211 1097 2521 1148; x_wconf 87' lang='lat' dir='ltr'>statuatur.</span> <span class='ocrx_word' id='word_1_146' title='bbox 2558 1093 2771 1148; x_wconf 87' lang='lat' dir='ltr'>Contra</span> <span class='ocrx_word' id='word_1_147' title='bbox 2800 1108 2955 1157; x_wconf 89' lang='lat' dir='ltr'>vero,</span> <span class='ocrx_word' id='word_1_148' title='bbox 2981 1107 3113 1145; x_wconf 89' lang='lat' dir='ltr'>cum</span> <span class='ocrx_word' id='word_1_149' title='bbox 3147 1093 3371 1145; x_wconf 86' lang='lat' dir='ltr'>constet</span> <span class='ocrx_word' id='word_1_150' title='bbox 3400 1105 3468 1144; x_wconf 88' lang='lat' dir='ltr'>ex</span> <span class='ocrx_word' id='word_1_151' title='bbox 3497 1090 3676 1146; x_wconf 89' lang='lat' dir='ltr'>Euse-</span> 
     </span>
    </p>
   </div>
   <div class='ocr_carea' id='block_1_25' title="bbox 2037 1178 3677 1252">
    <p class='ocr_par' dir='ltr' id='par_1_25' title="bbox 2037 1178 3677 1252">
     <span class='ocr_line' id='line_1_25' title="bbox 2037 1178 3677 1252; baseline -0.002 -17"><span class='ocrx_word' id='word_1_152' title='bbox 2037 1180 2132 1235; x_wconf 89' lang='lat' dir='ltr'>bio</span> <span class='ocrx_word' id='word_1_153' title='bbox 2180 1183 2224 1216; x_wconf 53' lang='grc' dir='ltr'>τι</span> <span class='ocrx_word' id='word_1_154' title='bbox 2271 1186 2328 1236; x_wconf 90' lang='lat' dir='ltr'>et</span> <span class='ocrx_word' id='word_1_155' title='bbox 2373 1181 2721 1252; x_wconf 85' lang='lat' dir='ltr'>Hieronymo</span> <span class='ocrx_word' id='word_1_156' title='bbox 2743 1181 2809 1247; x_wconf 80' lang='grc'>⁷⁵,</span> <span class='ocrx_word' id='word_1_157' title='bbox 2843 1178 3134 1250; x_wconf 88' lang='lat' dir='ltr'>apostolos</span> <span class='ocrx_word' id='word_1_158' title='bbox 3185 1178 3420 1233; x_wconf 88' lang='lat' dir='ltr'>Petrum</span> <span class='ocrx_word' id='word_1_159' title='bbox 3453 1181 3507 1232; x_wconf 91' lang='lat' dir='ltr'>et</span> <span class='ocrx_word' id='word_1_160' title='bbox 3527 1181 3677 1232; x_wconf 90' lang='lat' dir='ltr'>Pau-</span> 
     </span>
    </p>
   </div>
   <div class='ocr_carea' id='block_1_26' title="bbox 2037 1265 3678 1337">
    <p class='ocr_par' dir='ltr' id='par_1_26' title="bbox 2037 1265 3678 1337">
     <span class='ocr_line' id='line_1_26' title="bbox 2037 1265 3678 1337; baseline -0.001 -15"><span class='ocrx_word' id='word_1_161' title='bbox 2037 1268 2160 1324; x_wconf 91' lang='lat' dir='ltr'>lum</span> <span class='ocrx_word' id='word_1_162' title='bbox 2191 1269 2400 1324; x_wconf 90' lang='lat' dir='ltr'>ultimo</span> <span class='ocrx_word' id='word_1_163' title='bbox 2421 1269 2665 1324; x_wconf 90' lang='lat' dir='ltr'>Neronis</span> <span class='ocrx_word' id='word_1_164' title='bbox 2705 1284 2879 1333; x_wconf 87' lang='lat' dir='ltr'>anno,</span> <span class='ocrx_word' id='word_1_165' title='bbox 2911 1267 2969 1321; x_wconf 93' lang='lat' dir='ltr'>id</span> <span class='ocrx_word' id='word_1_166' title='bbox 2992 1270 3081 1322; x_wconf 90' lang='lat' dir='ltr'>est</span> <span class='ocrx_word' id='word_1_167' title='bbox 3113 1283 3264 1321; x_wconf 90' lang='lat' dir='ltr'>anno</span> <span class='ocrx_word' id='word_1_168' title='bbox 3293 1266 3383 1336; x_wconf 88' lang='lat'>68,</span> <span class='ocrx_word' id='word_1_169' title='bbox 3416 1265 3678 1337; x_wconf 75' lang='lat' dir='ltr'>martyrii</span> 
     </span>
    </p>
   </div>
   <div class='ocr_carea' id='block_1_27' title="bbox 2037 1355 3680 1428">
    <p class='ocr_par' dir='ltr' id='par_1_27' title="bbox 2037 1355 3680 1428">
     <span class='ocr_line' id='line_1_27' title="bbox 2037 1355 3680 1428; baseline -0.001 -16"><span class='ocrx_word' id='word_1_170' title='bbox 2037 1358 2293 1428; x_wconf 88' lang='lat' dir='ltr'>palmam</span> <span class='ocrx_word' id='word_1_171' title='bbox 2319 1359 2499 1414; x_wconf 90' lang='lat' dir='ltr'>fuisse</span> <span class='ocrx_word' id='word_1_172' title='bbox 2525 1359 2802 1428; x_wconf 86' lang='lat' dir='ltr'>adeptos:</span> <span class='ocrx_word' id='word_1_173' title='bbox 2837 1355 3042 1427; x_wconf 88' lang='lat' dir='ltr'>quidni</span> <span class='ocrx_word' id='word_1_174' title='bbox 3063 1371 3198 1426; x_wconf 89' lang='lat' dir='ltr'>ergo</span> <span class='ocrx_word' id='word_1_175' title='bbox 3221 1355 3517 1410; x_wconf 88' lang='lat' dir='ltr'>Barnabas</span> <span class='ocrx_word' id='word_1_176' title='bbox 3548 1358 3680 1426; x_wconf 91' lang='lat' dir='ltr'>post</span> 
     </span>
    </p>
   </div>
   <div class='ocr_carea' id='block_1_28' title="bbox 2035 1443 3678 1517">
    <p class='ocr_par' dir='ltr' id='par_1_28' title="bbox 2035 1443 3678 1517">
     <span class='ocr_line' id='line_1_28' title="bbox 2035 1443 3678 1517; baseline -0.002 -15"><span class='ocrx_word' id='word_1_177' title='bbox 2035 1451 2264 1517; x_wconf 86' lang='lat' dir='ltr'>captam</span> <span class='ocrx_word' id='word_1_178' title='bbox 2299 1464 2332 1502; x_wconf 88' lang='lat' dir='ltr'>a</span> <span class='ocrx_word' id='word_1_179' title='bbox 2362 1447 2482 1502; x_wconf 87' lang='lat' dir='ltr'>Sito</span> <span class='ocrx_word' id='word_1_180' title='bbox 2519 1445 2972 1517; x_wconf 85' lang='lat' dir='ltr'>Hierosolymam</span> <span class='ocrx_word' id='word_1_181' title='bbox 3023 1460 3176 1500; x_wconf 89' lang='lat' dir='ltr'>anno</span> <span class='ocrx_word' id='word_1_182' title='bbox 3204 1445 3295 1512; x_wconf 87' lang='lat'>70,</span> <span class='ocrx_word' id='word_1_183' title='bbox 3319 1443 3543 1515; x_wconf 91' lang='lat' dir='ltr'>aliquot</span> <span class='ocrx_word' id='word_1_184' title='bbox 3571 1443 3678 1498; x_wconf 87' lang='lat' dir='ltr'>ad-</span> 
     </span>
    </p>
   </div>
   <div class='ocr_carea' id='block_1_29' title="bbox 2035 1532 3675 1606">
    <p class='ocr_par' dir='ltr' id='par_1_29' title="bbox 2035 1532 3675 1606">
     <span class='ocr_line' id='line_1_29' title="bbox 2035 1532 3675 1606; baseline -0.001 -16"><span class='ocrx_word' id='word_1_185' title='bbox 2035 1534 2149 1590; x_wconf 90' lang='lat' dir='ltr'>huc</span> <span class='ocrx_word' id='word_1_186' title='bbox 2179 1551 2364 1591; x_wconf 89' lang='lat' dir='ltr'>annos</span> <span class='ocrx_word' id='word_1_187' title='bbox 2397 1537 2466 1590; x_wconf 90' lang='lat' dir='ltr'>ab</span> <span class='ocrx_word' id='word_1_188' title='bbox 2499 1551 2700 1590; x_wconf 88' lang='lat' dir='ltr'>eorum</span> <span class='ocrx_word' id='word_1_189' title='bbox 2734 1534 3129 1606; x_wconf 87' lang='lat' dir='ltr'>apostolorum</span> <span class='ocrx_word' id='word_1_190' title='bbox 3154 1533 3433 1604; x_wconf 85' lang='lat' dir='ltr'>martyrio</span> <span class='ocrx_word' id='word_1_191' title='bbox 3461 1532 3675 1588; x_wconf 86' lang='lat' dir='ltr'>vixisse</span> 
     </span>
    </p>
   </div>
   <div class='ocr_carea' id='block_1_30' title="bbox 2036 1621 3675 1695">
    <p class='ocr_par' dir='ltr' id='par_1_30' title="bbox 2036 1621 3675 1695">
     <span class='ocr_line' id='line_1_30' title="bbox 2036 1621 3675 1695; baseline -0.002 -16"><span class='ocrx_word' id='word_1_192' title='bbox 2036 1625 2307 1695; x_wconf 87' lang='lat' dir='ltr'>potuerit,</span> <span class='ocrx_word' id='word_1_193' title='bbox 2356 1630 2413 1679; x_wconf 89' lang='lat' dir='ltr'>et</span> <span class='ocrx_word' id='word_1_194' title='bbox 2463 1623 2697 1695; x_wconf 82' lang='lat' dir='ltr'>quidem</span> <span class='ocrx_word' id='word_1_195' title='bbox 2746 1624 2804 1678; x_wconf 90' lang='lat' dir='ltr'>in</span> <span class='ocrx_word' id='word_1_196' title='bbox 2857 1623 3062 1694; x_wconf 87' lang='lat' dir='ltr'>primis</span> <span class='ocrx_word' id='word_1_197' title='bbox 3110 1638 3242 1676; x_wconf 92' lang='lat' dir='ltr'>cum</span> <span class='ocrx_word' id='word_1_198' title='bbox 3266 1622 3392 1692; x_wconf 89' lang='lat' dir='ltr'>jam</span> <span class='ocrx_word' id='word_1_199' title='bbox 3423 1637 3454 1675; x_wconf 91' lang='lat' dir='ltr'>e</span> <span class='ocrx_word' id='word_1_200' title='bbox 3484 1621 3675 1676; x_wconf 91' lang='lat' dir='ltr'>medio</span> 
     </span>
    </p>
   </div>
   <div class='ocr_carea' id='block_1_31' title="bbox 2034 1708 3677 1783">
    <p class='ocr_par' dir='ltr' id='par_1_31' title="bbox 2034 1708 3677 1783">
     <span class='ocr_line' id='line_1_31' title="bbox 2034 1708 3677 1783; baseline -0.002 -15"><span class='ocrx_word' id='word_1_201' title='bbox 2034 1713 2263 1768; x_wconf 89' lang='lat' dir='ltr'>sublato</span> <span class='ocrx_word' id='word_1_202' title='bbox 2313 1713 2558 1781; x_wconf 87' lang='lat' dir='ltr'>Nerone,</span> <span class='ocrx_word' id='word_1_203' title='bbox 2618 1712 2942 1783; x_wconf 88' lang='lat' dir='ltr'>persecutio</span> <span class='ocrx_word' id='word_1_204' title='bbox 2993 1711 3266 1777; x_wconf 88' lang='lat' dir='ltr'>desierit;</span> <span class='ocrx_word' id='word_1_205' title='bbox 3320 1713 3384 1764; x_wconf 89' lang='lat' dir='ltr'>ut</span> <span class='ocrx_word' id='word_1_206' title='bbox 3433 1708 3677 1781; x_wconf 90' lang='lat' dir='ltr'>proinde</span> 
     </span>
    </p>
   </div>
   <div class='ocr_carea' id='block_1_32' title="bbox 2031 1797 3498 1871">
    <p class='ocr_par' dir='ltr' id='par_1_32' title="bbox 2031 1797 3498 1871">
     <span class='ocr_line' id='line_1_32' title="bbox 2031 1797 3498 1871; baseline -0.003 -15"><span class='ocrx_word' id='word_1_207' title='bbox 2031 1800 2186 1856; x_wconf 89' lang='lat' dir='ltr'>circa</span> <span class='ocrx_word' id='word_1_208' title='bbox 2215 1819 2434 1856; x_wconf 90' lang='lat' dir='ltr'>annum</span> <span class='ocrx_word' id='word_1_209' title='bbox 2465 1803 2538 1855; x_wconf 87' lang='lat'>’72</span> <span class='ocrx_word' id='word_1_210' title='bbox 2567 1805 2669 1856; x_wconf 88' lang='lat' dir='ltr'>aut</span> <span class='ocrx_word' id='word_1_211' title='bbox 2699 1803 2768 1853; x_wconf 82' lang='lat'>73</span> <span class='ocrx_word' id='word_1_212' title='bbox 2801 1799 3117 1871; x_wconf 87' lang='lat' dir='ltr'>Epistolam</span> <span class='ocrx_word' id='word_1_213' title='bbox 3150 1797 3498 1870; x_wconf 82' lang='lat' dir='ltr'>scripserit?</span> 
     </span>
    </p>
   </div>
   <div class='ocr_carea' id='block_1_33' title="bbox 273 1888 1919 1991">
    <p class='ocr_par' dir='ltr' id='par_1_33' title="bbox 273 1888 1918 1960">
     <span class='ocr_line' id='line_1_33' title="bbox 273 1888 1918 1960; baseline 0 -16"><span class='ocrx_word' id='word_1_214' title='bbox 273 1889 447 1944; x_wconf 83' lang='lat' dir='ltr'>mitto</span> <span class='ocrx_word' id='word_1_215' title='bbox 478 1905 608 1960; x_wconf 72' lang='lat' dir='ltr'>quae</span> <span class='ocrx_word' id='word_1_216' title='bbox 639 1905 673 1943; x_wconf 90' lang='lat' dir='ltr'>a</span> <span class='ocrx_word' id='word_1_217' title='bbox 708 1888 936 1960; x_wconf 88' lang='lat' dir='ltr'>Moynio</span> <span class='ocrx_word' id='word_1_218' title='bbox 995 1888 1252 1960; x_wconf 90' lang='lat' dir='ltr'>primum</span> <span class='ocrx_word' id='word_1_219' title='bbox 1313 1889 1594 1955; x_wconf 72' lang='lat' dir='ltr'>excitatze,</span> <span class='ocrx_word' id='word_1_220' title='bbox 1646 1889 1854 1944; x_wconf 89' lang='lat' dir='ltr'>deinde</span> <span class='ocrx_word' id='word_1_221' title='bbox 1885 1907 1918 1944; x_wconf 90' lang='lat' dir='ltr'>a</span> 
     </span>
    </p>
   </div>
   <div class='ocr_carea' id='block_1_34' title="bbox 2031 1888 3670 1991">
    <p class='ocr_par' dir='ltr' id='par_1_34' title="bbox 2100 1903 3670 1976">
     <span class='ocr_line' id='line_1_34' title="bbox 2100 1903 3670 1976; baseline -0.002 -15"><span class='ocrx_word' id='word_1_222' title='bbox 2100 1909 2172 1963; x_wconf 90' lang='lat' dir='ltr'>At</span> <span class='ocrx_word' id='word_1_223' title='bbox 2201 1908 2357 1963; x_wconf 89' lang='lat' dir='ltr'>enim</span> <span class='ocrx_word' id='word_1_224' title='bbox 2391 1924 2456 1963; x_wconf 80' lang='lat' dir='ltr'>ex</span> <span class='ocrx_word' id='word_1_225' title='bbox 2491 1906 2795 1962; x_wconf 83' lang='lat' dir='ltr'>Alexandri</span> <span class='ocrx_word' id='word_1_226' title='bbox 2827 1903 3098 1961; x_wconf 88' lang='lat' dir='ltr'>monachi</span> <span class='ocrx_word' id='word_1_227' title='bbox 3129 1903 3317 1976; x_wconf 92' lang='lat' dir='ltr'>elogio</span> <span class='ocrx_word' id='word_1_228' title='bbox 3348 1904 3408 1957; x_wconf 90' lang='lat' dir='ltr'>in</span> <span class='ocrx_word' id='word_1_229' title='bbox 3439 1904 3498 1959; x_wconf 91' lang='lat' dir='ltr'>S.</span> <span class='ocrx_word' id='word_1_230' title='bbox 3532 1904 3670 1958; x_wconf 91' lang='lat' dir='ltr'>Bar-</span> 
     </span>
    </p>
   </div>
   <div class='ocr_carea' id='block_1_35' title="bbox 270 1977 1914 2049">
    <p class='ocr_par' dir='ltr' id='par_1_35' title="bbox 270 1977 1914 2049">
     <span class='ocr_line' id='line_1_35' title="bbox 270 1977 1914 2049; baseline -0.001 -16"><span class='ocrx_word' id='word_1_231' title='bbox 270 1977 592 2044; x_wconf 90' lang='lat' dir='ltr'>Tentzelio,</span> <span class='ocrx_word' id='word_1_232' title='bbox 650 1977 934 2049; x_wconf 88' lang='lat' dir='ltr'>Basnagio</span> <span class='ocrx_word' id='word_1_233' title='bbox 991 1977 1242 2048; x_wconf 89' lang='lat' dir='ltr'>aliisque</span> <span class='ocrx_word' id='word_1_234' title='bbox 1274 1977 1609 2032; x_wconf 78' lang='lat' dir='ltr'>instauratae</span> <span class='ocrx_word' id='word_1_235' title='bbox 1643 1978 1914 2044; x_wconf 88' lang='lat' dir='ltr'>fuerunt;</span> 
     </span>
    </p>
   </div>
   <div class='ocr_carea' id='block_1_36' title="bbox 268 2065 1916 2138">
    <p class='ocr_par' dir='ltr' id='par_1_36' title="bbox 268 2065 1916 2138">
     <span class='ocr_line' id='line_1_36' title="bbox 268 2065 1916 2138; baseline -0.001 -16"><span class='ocrx_word' id='word_1_236' title='bbox 268 2084 338 2122; x_wconf 92' lang='lat' dir='ltr'>eo</span> <span class='ocrx_word' id='word_1_237' title='bbox 367 2065 456 2122; x_wconf 85' lang='lat' dir='ltr'>vel</span> <span class='ocrx_word' id='word_1_238' title='bbox 490 2066 742 2122; x_wconf 83' lang='lat' dir='ltr'>maxime</span> <span class='ocrx_word' id='word_1_239' title='bbox 766 2066 920 2136; x_wconf 91' lang='lat' dir='ltr'>quod</span> <span class='ocrx_word' id='word_1_240' title='bbox 944 2065 1282 2138; x_wconf 87' lang='lat' dir='ltr'>Moynianas</span> <span class='ocrx_word' id='word_1_241' title='bbox 1308 2065 1706 2137; x_wconf 80' lang='lat' dir='ltr'>perstringens</span> <span class='ocrx_word' id='word_1_242' title='bbox 1731 2067 1916 2137; x_wconf 90' lang='lat' dir='ltr'>potis-</span> 
     </span>
    </p>
   </div>
   <div class='ocr_carea' id='block_1_37' title="bbox 265 2153 1916 2225">
    <p class='ocr_par' dir='ltr' id='par_1_37' title="bbox 265 2153 1916 2225">
     <span class='ocr_line' id='line_1_37' title="bbox 265 2153 1916 2225; baseline -0.001 -14"><span class='ocrx_word' id='word_1_243' title='bbox 265 2156 488 2212; x_wconf 89' lang='lat' dir='ltr'>simum</span> <span class='ocrx_word' id='word_1_244' title='bbox 520 2155 590 2210; x_wconf 88' lang='lat' dir='ltr'>cl.</span> <span class='ocrx_word' id='word_1_245' title='bbox 626 2155 910 2210; x_wconf 88' lang='lat' dir='ltr'>Nourrius</span> <span class='ocrx_word' id='word_1_246' title='bbox 930 2155 996 2220; x_wconf 75' lang='grc' dir='ltr'>⁷ο,</span> <span class='ocrx_word' id='word_1_247' title='bbox 1027 2153 1172 2209; x_wconf 88' lang='lat' dir='ltr'>alias</span> <span class='ocrx_word' id='word_1_248' title='bbox 1197 2170 1427 2225; x_wconf 91' lang='lat' dir='ltr'>quoque</span> <span class='ocrx_word' id='word_1_249' title='bbox 1450 2154 1696 2210; x_wconf 88' lang='lat' dir='ltr'>diluisse</span> <span class='ocrx_word' id='word_1_250' title='bbox 1723 2155 1916 2210; x_wconf 89' lang='lat' dir='ltr'>videa-</span> 
     </span>
    </p>
   </div>
   <div class='ocr_carea' id='block_1_38' title="bbox 264 2242 1914 2314">
    <p class='ocr_par' dir='ltr' id='par_1_38' title="bbox 264 2242 1914 2314">
     <span class='ocr_line' id='line_1_38' title="bbox 264 2242 1914 2314; baseline -0.001 -14"><span class='ocrx_word' id='word_1_251' title='bbox 264 2249 387 2300; x_wconf 87' lang='lat' dir='ltr'>tur.</span> <span class='ocrx_word' id='word_1_252' title='bbox 419 2246 727 2308; x_wconf 67' lang='lat' dir='ltr'>Caeterum,</span> <span class='ocrx_word' id='word_1_253' title='bbox 759 2244 916 2314; x_wconf 90' lang='lat' dir='ltr'>quod</span> <span class='ocrx_word' id='word_1_254' title='bbox 952 2242 1228 2298; x_wconf 91' lang='lat' dir='ltr'>laudatus</span> <span class='ocrx_word' id='word_1_255' title='bbox 1246 2243 1677 2313; x_wconf 89' lang='lat' dir='ltr'>Papebrochius</span> <span class='ocrx_word' id='word_1_256' title='bbox 1707 2261 1775 2299; x_wconf 88' lang='lat' dir='ltr'>ex</span> <span class='ocrx_word' id='word_1_257' title='bbox 1807 2244 1914 2299; x_wconf 91' lang='lat' dir='ltr'>bu-</span> 
     </span>
    </p>
   </div>
   <div class='ocr_carea' id='block_1_39' title="bbox 255 2330 1916 2403">
    <p class='ocr_par' dir='ltr' id='par_1_39' title="bbox 255 2330 1916 2403">
     <span class='ocr_line' id='line_1_39' title="bbox 255 2330 1916 2403; baseline 0 -17"><span class='ocrx_word' id='word_1_258' title='bbox 255 2333 367 2403; x_wconf 87' lang='lat' dir='ltr'>jus</span> <span class='ocrx_word' id='word_1_259' title='bbox 398 2331 665 2403; x_wconf 74' lang='lat' dir='ltr'>Epistolas</span> <span class='ocrx_word' id='word_1_260' title='bbox 715 2331 904 2402; x_wconf 88' lang='lat' dir='ltr'>capite</span> <span class='ocrx_word' id='word_1_261' title='bbox 954 2333 1020 2385; x_wconf 84' lang='grc'>15</span> <span class='ocrx_word' id='word_1_262' title='bbox 1068 2331 1402 2402; x_wconf 85' lang='lat' dir='ltr'>conjecerit,</span> <span class='ocrx_word' id='word_1_263' title='bbox 1457 2330 1613 2386; x_wconf 91' lang='lat' dir='ltr'>illam</span> <span class='ocrx_word' id='word_1_264' title='bbox 1668 2332 1814 2387; x_wconf 86' lang='lat' dir='ltr'>forte</span> <span class='ocrx_word' id='word_1_265' title='bbox 1845 2333 1916 2387; x_wconf 87' lang='lat' dir='ltr'>ab</span> 
     </span>
    </p>
   </div>
   <div class='ocr_carea' id='block_1_40' title="bbox 269 2421 1915 2493">
    <p class='ocr_par' dir='ltr' id='par_1_40' title="bbox 269 2421 1915 2493">
     <span class='ocr_line' id='line_1_40' title="bbox 269 2421 1915 2493; baseline 0 -17"><span class='ocrx_word' id='word_1_266' title='bbox 269 2421 470 2493; x_wconf 90' lang='lat' dir='ltr'>aliquo</span> <span class='ocrx_word' id='word_1_267' title='bbox 491 2421 907 2476; x_wconf 86' lang='lat' dir='ltr'>Chiliastarum</span> <span class='ocrx_word' id='word_1_268' title='bbox 939 2424 1070 2492; x_wconf 91' lang='lat' dir='ltr'>post</span> <span class='ocrx_word' id='word_1_269' title='bbox 1099 2437 1316 2476; x_wconf 90' lang='lat' dir='ltr'>annum</span> <span class='ocrx_word' id='word_1_270' title='bbox 1346 2421 1417 2475; x_wconf 84' lang='lat'>97</span> <span class='ocrx_word' id='word_1_271' title='bbox 1450 2421 1630 2476; x_wconf 90' lang='lat' dir='ltr'>fuisse</span> <span class='ocrx_word' id='word_1_272' title='bbox 1671 2422 1915 2493; x_wconf 89' lang='lat' dir='ltr'>perscri-</span> 
     </span>
    </p>
   </div>
   <div class='ocr_carea' id='block_1_41' title="bbox 268 2509 1918 2583">
    <p class='ocr_par' dir='ltr' id='par_1_41' title="bbox 268 2509 1918 2583">
     <span class='ocr_line' id='line_1_41' title="bbox 268 2509 1918 2583; baseline 0.001 -18"><span class='ocrx_word' id='word_1_273' title='bbox 268 2514 434 2583; x_wconf 89' lang='lat' dir='ltr'>ptam</span> <span class='ocrx_word' id='word_1_274' title='bbox 461 2526 475 2565; x_wconf 89' lang='lat'><strong>:</strong></span> <span class='ocrx_word' id='word_1_275' title='bbox 507 2525 574 2564; x_wconf 86' lang='lat' dir='ltr'>ex</span> <span class='ocrx_word' id='word_1_276' title='bbox 605 2526 671 2565; x_wconf 88' lang='lat' dir='ltr'>ea</span> <span class='ocrx_word' id='word_1_277' title='bbox 701 2510 936 2581; x_wconf 86' lang='lat' dir='ltr'>quidem</span> <span class='ocrx_word' id='word_1_278' title='bbox 970 2509 1300 2580; x_wconf 89' lang='lat' dir='ltr'>suspicione</span> <span class='ocrx_word' id='word_1_279' title='bbox 1329 2509 1525 2580; x_wconf 91' lang='lat' dir='ltr'>ipsum</span> <span class='ocrx_word' id='word_1_280' title='bbox 1563 2511 1918 2566; x_wconf 86' lang='lat' dir='ltr'>exemissent</span> 
     </span>
    </p>
   </div>
   <div class='ocr_carea' id='block_1_42' title="bbox 273 2597 1919 2669">
    <p class='ocr_par' dir='ltr' id='par_1_42' title="bbox 273 2597 1919 2669">
     <span class='ocr_line' id='line_1_42' title="bbox 273 2597 1919 2669; baseline 0.001 -15"><span class='ocrx_word' id='word_1_281' title='bbox 273 2599 592 2654; x_wconf 86' lang='lat' dir='ltr'>Menardus</span> <span class='ocrx_word' id='word_1_282' title='bbox 625 2598 680 2653; x_wconf 92' lang='lat' dir='ltr'>in</span> <span class='ocrx_word' id='word_1_283' title='bbox 705 2598 912 2669; x_wconf 90' lang='lat' dir='ltr'>primis</span> <span class='ocrx_word' id='word_1_284' title='bbox 930 2602 986 2653; x_wconf 91' lang='lat' dir='ltr'>et</span> <span class='ocrx_word' id='word_1_285' title='bbox 1002 2597 1337 2664; x_wconf 86' lang='lat' dir='ltr'>Cotelerius,</span> <span class='ocrx_word' id='word_1_286' title='bbox 1362 2614 1612 2669; x_wconf 89' lang='lat' dir='ltr'>quorum</span> <span class='ocrx_word' id='word_1_287' title='bbox 1637 2599 1919 2655; x_wconf 90' lang='lat' dir='ltr'>editiones</span> 
     </span>
    </p>
   </div>
   <div class='ocr_carea' id='block_1_43' title="bbox 268 2685 1444 2758">
    <p class='ocr_par' dir='ltr' id='par_1_43' title="bbox 268 2685 1444 2758">
     <span class='ocr_line' id='line_1_43' title="bbox 268 2685 1444 2758; baseline 0 -16"><span class='ocrx_word' id='word_1_288' title='bbox 268 2687 473 2742; x_wconf 86' lang='lat' dir='ltr'>videre</span> <span class='ocrx_word' id='word_1_289' title='bbox 502 2685 615 2743; x_wconf 89' lang='lat' dir='ltr'>sibi</span> <span class='ocrx_word' id='word_1_290' title='bbox 645 2686 802 2742; x_wconf 89' lang='lat' dir='ltr'>haud</span> <span class='ocrx_word' id='word_1_291' title='bbox 834 2686 1148 2758; x_wconf 88' lang='lat' dir='ltr'>contigisse</span> <span class='ocrx_word' id='word_1_292' title='bbox 1177 2691 1444 2743; x_wconf 88' lang='lat' dir='ltr'>testatur.</span> 
     </span>
    </p>
   </div>
   <div class='ocr_carea' id='block_1_44' title="bbox 919 2793 1277 2849">
    <p class='ocr_par' dir='ltr' id='par_1_44' title="bbox 919 2793 1277 2849">
     <span class='ocr_line' id='line_1_44' title="bbox 919 2793 1277 2849; baseline -0.006 -1"><span class='ocrx_word' id='word_1_293' title='bbox 919 2793 1152 2849; x_wconf 87' lang='lat' dir='ltr'><strong>CAPUT</strong></span> <span class='ocrx_word' id='word_1_294' title='bbox 1181 2794 1277 2848; x_wconf 90' lang='grc' dir='ltr'>ΙΙΙ.</span> 
     </span>
    </p>
   </div>
   <div class='ocr_carea' id='block_1_45' title="bbox 501 2882 1692 2953">
    <p class='ocr_par' dir='ltr' id='par_1_45' title="bbox 501 2882 1692 2953">
     <span class='ocr_line' id='line_1_45' title="bbox 501 2882 1692 2953; baseline 0.003 -17"><span class='ocrx_word' id='word_1_295' title='bbox 501 2882 614 2949; x_wconf 84' lang='lat' dir='ltr'>Quo</span> <span class='ocrx_word' id='word_1_296' title='bbox 647 2889 882 2952; x_wconf 87' lang='lat' dir='ltr'>tempore</span> <span class='ocrx_word' id='word_1_297' title='bbox 909 2884 1115 2953; x_wconf 87' lang='lat' dir='ltr'>scripta</span> <span class='ocrx_word' id='word_1_298' title='bbox 1137 2885 1334 2952; x_wconf 82' lang='lat' dir='ltr'>fuerit,</span> <span class='ocrx_word' id='word_1_299' title='bbox 1369 2885 1692 2953; x_wconf 78' lang='lat' dir='ltr'>inquiritur.</span> 
     </span>
    </p>
   </div>
   <div class='ocr_carea' id='block_1_46' title="bbox 343 2971 1916 3043">
    <p class='ocr_par' dir='ltr' id='par_1_46' title="bbox 343 2971 1916 3043">
     <span class='ocr_line' id='line_1_46' title="bbox 343 2971 1916 3043; baseline 0.002 -17"><span class='ocrx_word' id='word_1_300' title='bbox 343 2971 452 3026; x_wconf 85' lang='lat' dir='ltr'>Sed</span> <span class='ocrx_word' id='word_1_301' title='bbox 481 2971 717 3026; x_wconf 89' lang='lat' dir='ltr'>tandem</span> <span class='ocrx_word' id='word_1_302' title='bbox 748 2971 820 3025; x_wconf 91' lang='lat' dir='ltr'>ad</span> <span class='ocrx_word' id='word_1_303' title='bbox 849 2975 1084 3042; x_wconf 87' lang='lat' dir='ltr'>tempus</span> <span class='ocrx_word' id='word_1_304' title='bbox 1106 2971 1522 3043; x_wconf 86' lang='lat' dir='ltr'>inquirendum</span> <span class='ocrx_word' id='word_1_305' title='bbox 1546 2975 1916 3040; x_wconf 86' lang='lat' dir='ltr'>accedamus,</span> 
     </span>
    </p>
   </div>
   <div class='ocr_carea' id='block_1_47' title="bbox 266 3058 1915 3131">
    <p class='ocr_par' dir='ltr' id='par_1_47' title="bbox 266 3058 1915 3131">
     <span class='ocr_line' id='line_1_47' title="bbox 266 3058 1915 3131; baseline 0.002 -17"><span class='ocrx_word' id='word_1_306' title='bbox 266 3075 392 3130; x_wconf 91' lang='lat' dir='ltr'>quo</span> <span class='ocrx_word' id='word_1_307' title='bbox 418 3059 677 3131; x_wconf 91' lang='lat' dir='ltr'>Epistola</span> <span class='ocrx_word' id='word_1_308' title='bbox 696 3058 826 3130; x_wconf 89' lang='lat' dir='ltr'>ipsa</span> <span class='ocrx_word' id='word_1_309' title='bbox 856 3064 1092 3115; x_wconf 88' lang='lat' dir='ltr'>exarata</span> <span class='ocrx_word' id='word_1_310' title='bbox 1115 3060 1295 3116; x_wconf 90' lang='lat' dir='ltr'>fuisse</span> <span class='ocrx_word' id='word_1_311' title='bbox 1317 3059 1696 3116; x_wconf 84' lang='lat' dir='ltr'>existimatur.</span> <span class='ocrx_word' id='word_1_312' title='bbox 1734 3063 1915 3117; x_wconf 90' lang='lat' dir='ltr'>Nimi-</span> 
     </span>
    </p>
   </div>
   <div class='ocr_carea' id='block_1_48' title="bbox 267 3146 1915 3220">
    <p class='ocr_par' dir='ltr' id='par_1_48' title="bbox 267 3146 1915 3220">
     <span class='ocr_line' id='line_1_48' title="bbox 267 3146 1915 3220; baseline 0.003 -19"><span class='ocrx_word' id='word_1_313' title='bbox 267 3163 430 3214; x_wconf 91' lang='lat' dir='ltr'>rum,</span> <span class='ocrx_word' id='word_1_314' title='bbox 463 3150 529 3202; x_wconf 92' lang='lat' dir='ltr'>ut</span> <span class='ocrx_word' id='word_1_315' title='bbox 557 3146 774 3219; x_wconf 89' lang='lat' dir='ltr'>optime</span> <span class='ocrx_word' id='word_1_316' title='bbox 803 3146 1022 3202; x_wconf 90' lang='lat' dir='ltr'>Millius</span> <span class='ocrx_word' id='word_1_317' title='bbox 1048 3149 1114 3219; x_wconf 74' lang='grc' dir='ltr'>τί,</span> <span class='ocrx_word' id='word_1_318' title='bbox 1148 3148 1321 3220; x_wconf 89' lang='lat' dir='ltr'>paulo</span> <span class='ocrx_word' id='word_1_319' title='bbox 1371 3152 1503 3220; x_wconf 91' lang='lat' dir='ltr'>post</span> <span class='ocrx_word' id='word_1_320' title='bbox 1541 3167 1761 3205; x_wconf 91' lang='lat' dir='ltr'>annum</span> <span class='ocrx_word' id='word_1_321' title='bbox 1793 3169 1915 3206; x_wconf 68' lang='lat' dir='ltr'>aeria</span> 
     </span>
    </p>
   </div>
   <div class='ocr_carea' id='block_1_49' title="bbox 266 3234 1913 3308">
    <p class='ocr_par' dir='ltr' id='par_1_49' title="bbox 266 3234 1913 3308">
     <span class='ocr_line' id='line_1_49' title="bbox 266 3234 1913 3308; baseline 0.003 -19"><span class='ocrx_word' id='word_1_322' title='bbox 266 3234 532 3307; x_wconf 85' lang='lat' dir='ltr'>vulgaris</span> <span class='ocrx_word' id='word_1_323' title='bbox 560 3237 651 3306; x_wconf 89' lang='grc'>70,</span> <span class='ocrx_word' id='word_1_324' title='bbox 683 3236 806 3292; x_wconf 88' lang='lat' dir='ltr'>sive</span> <span class='ocrx_word' id='word_1_325' title='bbox 835 3253 968 3291; x_wconf 91' lang='lat' dir='ltr'>cum</span> <span class='ocrx_word' id='word_1_326' title='bbox 993 3237 1117 3308; x_wconf 91' lang='lat' dir='ltr'>jam</span> <span class='ocrx_word' id='word_1_327' title='bbox 1149 3253 1350 3293; x_wconf 90' lang='lat' dir='ltr'>recens</span> <span class='ocrx_word' id='word_1_328' title='bbox 1401 3239 1608 3294; x_wconf 82' lang='lat' dir='ltr'>fuisset</span> <span class='ocrx_word' id='word_1_329' title='bbox 1646 3256 1913 3295; x_wconf 88' lang='lat' dir='ltr'>eversum</span> 
     </span>
    </p>
   </div>
   <div class='ocr_carea' id='block_1_50' title="bbox 269 3288 1988 3398">
    <p class='ocr_par' dir='ltr' id='par_1_50' title="bbox 269 3288 1988 3398">
     <span class='ocr_line' id='line_1_50' title="bbox 269 3288 1988 3398; baseline 0.003 -20"><span class='ocrx_word' id='word_1_330' title='bbox 269 3288 583 3396; x_wconf 49' lang='lat' dir='ltr'>amata,</span> <span class='ocrx_word' id='word_1_331' title='bbox 609 3288 968 3396; x_wconf 49' lang='lat' dir='ltr'>satis;</span> <span class='ocrx_word' id='word_1_332' title='bbox 984 3288 1125 3380; x_wconf 51' lang='lat'>5;};</span> <span class='ocrx_word' id='word_1_333' title='bbox 1149 3288 1846 3398; x_wconf 42' lang='lat' dir='ltr'>esseesset“:&#39;15;</span> <span class='ocrx_word' id='word_1_334' title='bbox 1856 3288 1914 3384; x_wconf 61' lang='lat' dir='ltr'>{Li</span> <span class='ocrx_word' id='word_1_335' title='bbox 1945 3288 1988 3353; x_wconf 61' lang='grc' dir='ltr'>(ἶ</span> 
     </span>
    </p>
   </div>
   <div class='ocr_carea' id='block_1_51' title="bbox 268 3412 1916 3488">
    <p class='ocr_par' dir='ltr' id='par_1_51' title="bbox 268 3412 1916 3488">
     <span class='ocr_line' id='line_1_51' title="bbox 268 3412 1916 3488; baseline 0.003 -21"><span class='ocrx_word' id='word_1_336' title='bbox 268 3412 514 3484; x_wconf 89' lang='lat' dir='ltr'>quidem</span> <span class='ocrx_word' id='word_1_337' title='bbox 545 3429 614 3468; x_wconf 88' lang='lat' dir='ltr'>ex</span> <span class='ocrx_word' id='word_1_338' title='bbox 640 3413 841 3469; x_wconf 90' lang='lat' dir='ltr'>eadem</span> <span class='ocrx_word' id='word_1_339' title='bbox 896 3413 1154 3485; x_wconf 89' lang='lat' dir='ltr'>Epistola</span> <span class='ocrx_word' id='word_1_340' title='bbox 1202 3415 1344 3470; x_wconf 91' lang='lat' dir='ltr'>satis</span> <span class='ocrx_word' id='word_1_341' title='bbox 1394 3415 1596 3488; x_wconf 90' lang='lat' dir='ltr'>liquet.</span> <span class='ocrx_word' id='word_1_342' title='bbox 1638 3417 1733 3472; x_wconf 91' lang='lat' dir='ltr'>Sic</span> <span class='ocrx_word' id='word_1_343' title='bbox 1761 3418 1916 3472; x_wconf 89' lang='lat' dir='ltr'>enim</span> 
     </span>
    </p>
   </div>
   <div class='ocr_carea' id='block_1_52' title="bbox 267 3497 1918 3576">
    <p class='ocr_par' dir='ltr' id='par_1_52' title="bbox 267 3497 1918 3576">
     <span class='ocr_line' id='line_1_52' title="bbox 267 3497 1918 3576; baseline 0.003 -22"><span class='ocrx_word' id='word_1_344' title='bbox 267 3499 355 3555; x_wconf 80' lang='lat' dir='ltr'>ibi</span> <span class='ocrx_word' id='word_1_345' title='bbox 383 3501 428 3534; x_wconf 77' lang='grc'>’⁷³</span> <span class='ocrx_word' id='word_1_346' title='bbox 458 3516 472 3554; x_wconf 88' lang='lat'><strong>:</strong></span> <span class='ocrx_word' id='word_1_347' title='bbox 509 3498 680 3574; x_wconf 68' lang='grc' dir='ltr'>Πέρας</span> <span class='ocrx_word' id='word_1_348' title='bbox 710 3503 836 3574; x_wconf 74' lang='grc' dir='ltr'>γοῦν</span> <span class='ocrx_word' id='word_1_349' title='bbox 877 3497 1040 3553; x_wconf 82' lang='grc' dir='ltr'>πάλιν</span> <span class='ocrx_word' id='word_1_350' title='bbox 1076 3500 1245 3576; x_wconf 71' lang='grc' dir='ltr'>λέγει·</span> <span class='ocrx_word' id='word_1_351' title='bbox 1282 3526 1309 3552; x_wconf 89' lang='grc'><strong>‹‹</strong></span> <span class='ocrx_word' id='word_1_352' title='bbox 1341 3499 1480 3556; x_wconf 79' lang='grc' dir='ltr'>Ἰδοὺ</span> <span class='ocrx_word' id='word_1_353' title='bbox 1512 3504 1563 3556; x_wconf 75' lang='grc' dir='ltr'>οἱ</span> <span class='ocrx_word' id='word_1_354' title='bbox 1601 3502 1918 3567; x_wconf 81' lang='grc' dir='ltr'>καθελόντες</span> 
     </span>
    </p>
   </div>
   <div class='ocr_carea' id='block_1_53' title="bbox 267 3587 1914 3662">
    <p class='ocr_par' dir='ltr' id='par_1_53' title="bbox 267 3587 1914 3662">
     <span class='ocr_line' id='line_1_53' title="bbox 267 3587 1914 3662; baseline 0.004 -21"><span class='ocrx_word' id='word_1_355' title='bbox 267 3587 364 3641; x_wconf 83' lang='grc' dir='ltr'>τὸν</span> <span class='ocrx_word' id='word_1_356' title='bbox 393 3588 515 3641; x_wconf 82' lang='grc' dir='ltr'>ναὸν</span> <span class='ocrx_word' id='word_1_357' title='bbox 543 3591 757 3658; x_wconf 74' lang='grc' dir='ltr'>τοῦτον,</span> <span class='ocrx_word' id='word_1_358' title='bbox 778 3587 930 3642; x_wconf 79' lang='grc' dir='ltr'>αὐτοὶ</span> <span class='ocrx_word' id='word_1_359' title='bbox 963 3587 1118 3643; x_wconf 80' lang='grc' dir='ltr'>αὐτὸν</span> <span class='ocrx_word' id='word_1_360' title='bbox 1153 3587 1599 3662; x_wconf 76' lang='grc' dir='ltr'>οἰκοδομήσουσι.</span> <span class='ocrx_word' id='word_1_361' title='bbox 1625 3599 1914 3648; x_wconf 80' lang='lat' dir='ltr'>I‘INETAI.</span> 
     </span>
    </p>
   </div>
   <div class='ocr_carea' id='block_1_54' title="bbox 269 3675 1914 3753">
    <p class='ocr_par' dir='ltr' id='par_1_54' title="bbox 269 3675 1914 3753">
     <span class='ocr_line' id='line_1_54' title="bbox 269 3675 1914 3753; baseline 0.004 -23"><span class='ocrx_word' id='word_1_362' title='bbox 269 3675 371 3730; x_wconf 68' lang='grc' dir='ltr'>Διά</span> <span class='ocrx_word' id='word_1_363' title='bbox 421 3677 527 3751; x_wconf 80' lang='grc' dir='ltr'>γὰρ</span> <span class='ocrx_word' id='word_1_364' title='bbox 582 3676 645 3729; x_wconf 86' lang='grc' dir='ltr'>τὸ</span> <span class='ocrx_word' id='word_1_365' title='bbox 702 3675 964 3748; x_wconf 83' lang='grc' dir='ltr'>πολεμεῖν</span> <span class='ocrx_word' id='word_1_366' title='bbox 1052 3677 1267 3747; x_wconf 82' lang='grc' dir='ltr'>αὐτοὺς,</span> <span class='ocrx_word' id='word_1_367' title='bbox 1328 3681 1590 3753; x_wconf 69' lang='grc' dir='ltr'>καθῃρέθη</span> <span class='ocrx_word' id='word_1_368' title='bbox 1652 3681 1753 3736; x_wconf 80' lang='grc' dir='ltr'>ὑπὸ</span> <span class='ocrx_word' id='word_1_369' title='bbox 1806 3687 1914 3737; x_wconf 81' lang='grc' dir='ltr'>τῶν</span> 
     </span>
    </p>
   </div>
   <div class='ocr_carea' id='block_1_55' title="bbox 270 3763 1917 3838">
    <p class='ocr_par' dir='ltr' id='par_1_55' title="bbox 270 3763 1917 3838">
     <span class='ocr_line' id='line_1_55' title="bbox 270 3763 1917 3838; baseline 0.007 -20"><span class='ocrx_word' id='word_1_370' title='bbox 270 3763 485 3838; x_wconf 74' lang='grc' dir='ltr'>ἐχθρῶν</span> <span class='ocrx_word' id='word_1_371' title='bbox 546 3770 696 3820; x_wconf 80' lang='lat' dir='ltr'>NI‘N.</span> <span class='ocrx_word' id='word_1_372' title='bbox 736 3789 766 3813; x_wconf 84' lang='lat'>»</span> <span class='ocrx_word' id='word_1_373' title='bbox 824 3767 888 3820; x_wconf 86' lang='lat' dir='ltr'>Et</span> <span class='ocrx_word' id='word_1_374' title='bbox 945 3767 1162 3822; x_wconf 83' lang='lat' dir='ltr'>tandem</span> <span class='ocrx_word' id='word_1_375' title='bbox 1220 3786 1411 3824; x_wconf 86' lang='lat' dir='ltr'>rursus</span> <span class='ocrx_word' id='word_1_376' title='bbox 1467 3772 1547 3824; x_wconf 91' lang='lat' dir='ltr'>ait</span> <span class='ocrx_word' id='word_1_377' title='bbox 1593 3772 1672 3827; x_wconf 75' lang='grc' dir='ltr'>⁷³ε</span> <span class='ocrx_word' id='word_1_378' title='bbox 1705 3794 1732 3821; x_wconf 90' lang='grc'>‹‹</span> <span class='ocrx_word' id='word_1_379' title='bbox 1785 3774 1917 3828; x_wconf 85' lang='lat' dir='ltr'>Ecce</span> 
     </span>
    </p>
   </div>
   <div class='ocr_carea' id='block_1_56' title="bbox 265 3853 1912 3930">
    <p class='ocr_par' dir='ltr' id='par_1_56' title="bbox 265 3853 1912 3930">
     <span class='ocr_line' id='line_1_56' title="bbox 265 3853 1912 3930; baseline 0.005 -22"><span class='ocrx_word' id='word_1_380' title='bbox 265 3855 367 3926; x_wconf 84' lang='lat' dir='ltr'>qui</span> <span class='ocrx_word' id='word_1_381' title='bbox 394 3853 782 3910; x_wconf 73' lang='lat' dir='ltr'>destruxerunt</span> <span class='ocrx_word' id='word_1_382' title='bbox 811 3857 1073 3927; x_wconf 81' lang='lat' dir='ltr'>templum</span> <span class='ocrx_word' id='word_1_383' title='bbox 1102 3858 1220 3922; x_wconf 87' lang='lat' dir='ltr'>hoc,</span> <span class='ocrx_word' id='word_1_384' title='bbox 1244 3859 1352 3927; x_wconf 89' lang='lat' dir='ltr'>ipsi</span> <span class='ocrx_word' id='word_1_385' title='bbox 1381 3859 1521 3913; x_wconf 83' lang='lat' dir='ltr'>illud</span> <span class='ocrx_word' id='word_1_386' title='bbox 1541 3860 1912 3930; x_wconf 66' lang='lat' dir='ltr'>aedificabant.</span> 
     </span>
    </p>
   </div>
   <div class='ocr_carea' id='block_1_57' title="bbox 264 3943 1916 4017">
    <p class='ocr_par' dir='ltr' id='par_1_57' title="bbox 264 3943 1916 4017">
     <span class='ocr_line' id='line_1_57' title="bbox 264 3943 1916 4017; baseline 0.004 -20"><span class='ocrx_word' id='word_1_387' title='bbox 264 3943 440 4013; x_wconf 86' lang='lat' dir='ltr'>quue</span> <span class='ocrx_word' id='word_1_388' title='bbox 468 3959 686 3999; x_wconf 73' lang='lat' dir='ltr'>svamr.</span> <span class='ocrx_word' id='word_1_389' title='bbox 747 3945 890 3999; x_wconf 87' lang='lat' dir='ltr'>Nam</span> <span class='ocrx_word' id='word_1_390' title='bbox 948 3950 1080 4014; x_wconf 85' lang='lat' dir='ltr'>quia</span> <span class='ocrx_word' id='word_1_391' title='bbox 1138 3946 1343 4000; x_wconf 83' lang='lat' dir='ltr'>bellum</span> <span class='ocrx_word' id='word_1_392' title='bbox 1397 3952 1618 4017; x_wconf 84' lang='lat' dir='ltr'>gerunt,</span> <span class='ocrx_word' id='word_1_393' title='bbox 1665 3966 1819 4004; x_wconf 82' lang='lat' dir='ltr'>NUNC</span> <span class='ocrx_word' id='word_1_394' title='bbox 1849 3951 1916 4004; x_wconf 84' lang='lat' dir='ltr'>ab</span> 
     </span>
    </p>
   </div>
   <div class='ocr_carea' id='block_1_58' title="bbox 266 4031 1917 4093">
    <p class='ocr_par' dir='ltr' id='par_1_58' title="bbox 266 4031 1917 4093">
     <span class='ocr_line' id='line_1_58' title="bbox 266 4031 1917 4093; baseline 0.004 -7"><span class='ocrx_word' id='word_1_395' title='bbox 266 4031 512 4088; x_wconf 75' lang='lat' dir='ltr'>hostibus</span> <span class='ocrx_word' id='word_1_396' title='bbox 561 4031 899 4087; x_wconf 79' lang='lat' dir='ltr'>destructum</span> <span class='ocrx_word' id='word_1_397' title='bbox 945 4041 1044 4087; x_wconf 87' lang='lat' dir='ltr'>est.</span> <span class='ocrx_word' id='word_1_398' title='bbox 1081 4055 1103 4084; x_wconf 73' lang='grc' dir='ltr'><strong><em>ι</em></strong></span> <span class='ocrx_word' id='word_1_399' title='bbox 1142 4036 1229 4088; x_wconf 89' lang='lat' dir='ltr'>Ita</span> <span class='ocrx_word' id='word_1_400' title='bbox 1280 4034 1436 4089; x_wconf 91' lang='lat' dir='ltr'>enim</span> <span class='ocrx_word' id='word_1_401' title='bbox 1489 4052 1621 4091; x_wconf 90' lang='lat' dir='ltr'>cum</span> <span class='ocrx_word' id='word_1_402' title='bbox 1673 4037 1829 4092; x_wconf 84' lang='lat' dir='ltr'>Fello</span> <span class='ocrx_word' id='word_1_403' title='bbox 1861 4043 1917 4093; x_wconf 89' lang='lat' dir='ltr'>et</span> 
     </span>
    </p>
   </div>
   <div class='ocr_carea' id='block_1_59' title="bbox 263 4119 1915 4193">
    <p class='ocr_par' dir='ltr' id='par_1_59' title="bbox 263 4119 1915 4193">
     <span class='ocr_line' id='line_1_59' title="bbox 263 4119 1915 4193; baseline 0.002 -16"><span class='ocrx_word' id='word_1_404' title='bbox 263 4119 550 4177; x_wconf 87' lang='lat' dir='ltr'>Cotelerio</span> <span class='ocrx_word' id='word_1_405' title='bbox 579 4119 640 4174; x_wconf 92' lang='lat' dir='ltr'>in</span> <span class='ocrx_word' id='word_1_406' title='bbox 671 4120 826 4175; x_wconf 90' lang='lat' dir='ltr'>edito</span> <span class='ocrx_word' id='word_1_407' title='bbox 869 4119 1324 4192; x_wconf 89' lang='lat' dir='ltr'>distinguendus</span> <span class='ocrx_word' id='word_1_408' title='bbox 1368 4122 1464 4178; x_wconf 92' lang='lat' dir='ltr'>hic</span> <span class='ocrx_word' id='word_1_409' title='bbox 1512 4123 1695 4193; x_wconf 88' lang='lat' dir='ltr'>locus,</span> <span class='ocrx_word' id='word_1_410' title='bbox 1733 4126 1915 4182; x_wconf 91' lang='lat' dir='ltr'>recla-</span> 
     </span>
    </p>
   </div>
   <div class='ocr_carea' id='block_1_60' title="bbox 267 4207 1914 4285">
    <p class='ocr_par' dir='ltr' id='par_1_60' title="bbox 267 4207 1914 4285">
     <span class='ocr_line' id='line_1_60' title="bbox 267 4207 1914 4285; baseline 0.004 -22"><span class='ocrx_word' id='word_1_411' title='bbox 267 4213 473 4264; x_wconf 88' lang='lat' dir='ltr'>mante</span> <span class='ocrx_word' id='word_1_412' title='bbox 499 4207 634 4263; x_wconf 91' lang='lat' dir='ltr'>licet</span> <span class='ocrx_word' id='word_1_413' title='bbox 662 4208 958 4278; x_wconf 90' lang='lat' dir='ltr'>Menardo,</span> <span class='ocrx_word' id='word_1_414' title='bbox 1008 4210 1107 4280; x_wconf 92' lang='lat' dir='ltr'>qui</span> <span class='ocrx_word' id='word_1_415' title='bbox 1155 4208 1220 4262; x_wconf 83' lang='grc' dir='ltr'>τὸ</span> <span class='ocrx_word' id='word_1_416' title='bbox 1269 4213 1358 4262; x_wconf 73' lang='grc' dir='ltr'>νῦν</span> <span class='ocrx_word' id='word_1_417' title='bbox 1406 4211 1558 4267; x_wconf 92' lang='lat' dir='ltr'>male</span> <span class='ocrx_word' id='word_1_418' title='bbox 1598 4213 1770 4285; x_wconf 83' lang='lat' dir='ltr'>jungi</span> <span class='ocrx_word' id='word_1_419' title='bbox 1813 4231 1914 4269; x_wconf 91' lang='lat' dir='ltr'>no-</span> 
     </span>
    </p>
   </div>
   <div class='ocr_carea' id='block_1_61' title="bbox 273 4293 1057 4371">
    <p class='ocr_par' dir='ltr' id='par_1_61' title="bbox 273 4293 1057 4371">
     <span class='ocr_line' id='line_1_61' title="bbox 273 4293 1057 4371; baseline 0 -20"><span class='ocrx_word' id='word_1_420' title='bbox 273 4296 418 4352; x_wconf 89' lang='lat' dir='ltr'>mini</span> <span class='ocrx_word' id='word_1_421' title='bbox 453 4293 664 4371; x_wconf 80' lang='grc' dir='ltr'>ἐχθρῶν</span> <span class='ocrx_word' id='word_1_422' title='bbox 693 4297 1057 4352; x_wconf 85' lang='lat' dir='ltr'>autumabat.</span> 
     </span>
    </p>
   </div>
   <div class='ocr_carea' id='block_1_62' title="bbox 339 4385 1914 4458">
    <p class='ocr_par' dir='ltr' id='par_1_62' title="bbox 339 4385 1914 4458">
     <span class='ocr_line' id='line_1_62' title="bbox 339 4385 1914 4458; baseline 0.006 -19"><span class='ocrx_word' id='word_1_423' title='bbox 339 4386 508 4441; x_wconf 83' lang='lat' dir='ltr'>Haud</span> <span class='ocrx_word' id='word_1_424' title='bbox 541 4385 813 4456; x_wconf 91' lang='lat' dir='ltr'>equidem</span> <span class='ocrx_word' id='word_1_425' title='bbox 845 4386 1070 4458; x_wconf 89' lang='lat' dir='ltr'>ignoro,</span> <span class='ocrx_word' id='word_1_426' title='bbox 1119 4388 1414 4458; x_wconf 84' lang='lat' dir='ltr'>Moynium</span> <span class='ocrx_word' id='word_1_427' title='bbox 1465 4393 1520 4444; x_wconf 92' lang='lat' dir='ltr'>et</span> <span class='ocrx_word' id='word_1_428' title='bbox 1552 4391 1914 4448; x_wconf 90' lang='lat' dir='ltr'>Tentzelium</span> 
     </span>
    </p>
   </div>
   <div class='ocr_carea' id='block_1_63' title="bbox 269 4473 1914 4548">
    <p class='ocr_par' dir='ltr' id='par_1_63' title="bbox 269 4473 1914 4548">
     <span class='ocr_line' id='line_1_63' title="bbox 269 4473 1914 4548; baseline 0.006 -21"><span class='ocrx_word' id='word_1_429' title='bbox 269 4474 406 4528; x_wconf 88' lang='lat' dir='ltr'>hinc</span> <span class='ocrx_word' id='word_1_430' title='bbox 436 4473 631 4545; x_wconf 90' lang='lat' dir='ltr'>potius</span> <span class='ocrx_word' id='word_1_431' title='bbox 663 4473 939 4528; x_wconf 62' lang='lat' dir='ltr'>Barnabas</span> <span class='ocrx_word' id='word_1_432' title='bbox 965 4475 1338 4544; x_wconf 88' lang='lat' dir='ltr'>adjudicandi</span> <span class='ocrx_word' id='word_1_433' title='bbox 1366 4477 1684 4548; x_wconf 91' lang='lat' dir='ltr'>Epistolam</span> <span class='ocrx_word' id='word_1_434' title='bbox 1709 4498 1914 4536; x_wconf 91' lang='lat' dir='ltr'>ansam</span> 
     </span>
    </p>
   </div>
   <div class='ocr_carea' id='block_1_64' title="bbox 268 4561 1917 4637">
    <p class='ocr_par' dir='ltr' id='par_1_64' title="bbox 268 4561 1917 4637">
     <span class='ocr_line' id='line_1_64' title="bbox 268 4561 1917 4637; baseline 0.005 -20"><span class='ocrx_word' id='word_1_435' title='bbox 268 4561 549 4634; x_wconf 88' lang='lat' dir='ltr'>arripere,</span> <span class='ocrx_word' id='word_1_436' title='bbox 579 4578 644 4617; x_wconf 90' lang='lat' dir='ltr'>eo</span> <span class='ocrx_word' id='word_1_437' title='bbox 676 4561 898 4617; x_wconf 90' lang='lat' dir='ltr'>scilicet</span> <span class='ocrx_word' id='word_1_438' title='bbox 927 4562 1162 4618; x_wconf 90' lang='lat' dir='ltr'>nomine</span> <span class='ocrx_word' id='word_1_439' title='bbox 1185 4566 1336 4634; x_wconf 89' lang='lat' dir='ltr'>quod</span> <span class='ocrx_word' id='word_1_440' title='bbox 1367 4570 1634 4637; x_wconf 88' lang='lat' dir='ltr'>tempora</span> <span class='ocrx_word' id='word_1_441' title='bbox 1677 4570 1917 4626; x_wconf 74' lang='lat' dir='ltr'>minime</span> 
     </span>
    </p>
   </div>
   <div class='ocr_carea' id='block_1_65' title="bbox 2030 1991 3668 2068">
    <p class='ocr_par' dir='ltr' id='par_1_65' title="bbox 2030 1991 3668 2068">
     <span class='ocr_line' id='line_1_65' title="bbox 2030 1991 3668 2068; baseline -0.002 -19"><span class='ocrx_word' id='word_1_442' title='bbox 2030 1997 2241 2051; x_wconf 89' lang='lat' dir='ltr'>nabam</span> <span class='ocrx_word' id='word_1_443' title='bbox 2277 1997 2655 2068; x_wconf 89' lang='lat' dir='ltr'>perspicuum</span> <span class='ocrx_word' id='word_1_444' title='bbox 2686 1999 2776 2050; x_wconf 90' lang='lat' dir='ltr'>est</span> <span class='ocrx_word' id='word_1_445' title='bbox 2804 1995 3002 2066; x_wconf 92' lang='lat' dir='ltr'>ipsum</span> <span class='ocrx_word' id='word_1_446' title='bbox 3031 1993 3256 2048; x_wconf 89' lang='lat' dir='ltr'>vivente</span> <span class='ocrx_word' id='word_1_447' title='bbox 3276 1992 3466 2047; x_wconf 90' lang='lat' dir='ltr'>adhuc</span> <span class='ocrx_word' id='word_1_448' title='bbox 3487 1991 3668 2046; x_wconf 87' lang='lat' dir='ltr'>Paulo</span> 
     </span>
    </p>
   </div>
   <div class='ocr_carea' id='block_1_66' title="bbox 2028 2079 3667 2156">
    <p class='ocr_par' dir='ltr' id='par_1_66' title="bbox 2028 2079 3667 2156">
     <span class='ocr_line' id='line_1_66' title="bbox 2028 2079 3667 2156; baseline -0.003 -17"><span class='ocrx_word' id='word_1_449' title='bbox 2028 2085 2288 2156; x_wconf 88' lang='lat' dir='ltr'>apostolo</span> <span class='ocrx_word' id='word_1_450' title='bbox 2319 2103 2388 2141; x_wconf 85' lang='lat' dir='ltr'>ex</span> <span class='ocrx_word' id='word_1_451' title='bbox 2417 2087 2526 2140; x_wconf 89' lang='lat' dir='ltr'>hac</span> <span class='ocrx_word' id='word_1_452' title='bbox 2557 2086 2674 2140; x_wconf 88' lang='lat' dir='ltr'>vita</span> <span class='ocrx_word' id='word_1_453' title='bbox 2697 2085 2981 2155; x_wconf 88' lang='lat' dir='ltr'>migrasse</span> <span class='ocrx_word' id='word_1_454' title='bbox 3008 2101 3019 2136; x_wconf 91' lang='lat'>:</span> <span class='ocrx_word' id='word_1_455' title='bbox 3056 2082 3231 2152; x_wconf 90' lang='lat' dir='ltr'>idque</span> <span class='ocrx_word' id='word_1_456' title='bbox 3284 2084 3442 2151; x_wconf 89' lang='lat' dir='ltr'>patet</span> <span class='ocrx_word' id='word_1_457' title='bbox 3470 2097 3539 2135; x_wconf 86' lang='lat' dir='ltr'>ex</span> <span class='ocrx_word' id='word_1_458' title='bbox 3571 2079 3667 2134; x_wconf 91' lang='lat' dir='ltr'>ul-</span> 
     </span>
    </p>
   </div>
   <div class='ocr_carea' id='block_1_67' title="bbox 2027 2169 3671 2236">
    <p class='ocr_par' dir='ltr' id='par_1_67' title="bbox 2027 2169 3671 2236">
     <span class='ocr_line' id='line_1_67' title="bbox 2027 2169 3671 2236; baseline -0.003 -8"><span class='ocrx_word' id='word_1_459' title='bbox 2027 2174 2189 2229; x_wconf 89' lang='lat' dir='ltr'>timis</span> <span class='ocrx_word' id='word_1_460' title='bbox 2220 2173 2378 2229; x_wconf 88' lang='lat' dir='ltr'>illius</span> <span class='ocrx_word' id='word_1_461' title='bbox 2408 2175 2599 2230; x_wconf 82' lang='lat' dir='ltr'>verbis</span> <span class='ocrx_word' id='word_1_462' title='bbox 2632 2175 2703 2228; x_wconf 89' lang='lat' dir='ltr'>ad</span> <span class='ocrx_word' id='word_1_463' title='bbox 2734 2174 3015 2227; x_wconf 87' lang='lat' dir='ltr'>Joannem</span> <span class='ocrx_word' id='word_1_464' title='bbox 3046 2174 3325 2236; x_wconf 80' lang='lat' dir='ltr'>Marcum,</span> <span class='ocrx_word' id='word_1_465' title='bbox 3367 2169 3671 2224; x_wconf 91' lang='lat' dir='ltr'>consobri-</span> 
     </span>
    </p>
   </div>
   <div class='ocr_carea' id='block_1_68' title="bbox 2028 2253 3672 2334">
    <p class='ocr_par' dir='ltr' id='par_1_68' title="bbox 2028 2253 3672 2334">
     <span class='ocr_line' id='line_1_68' title="bbox 2028 2253 3672 2334; baseline -0.005 -18"><span class='ocrx_word' id='word_1_466' title='bbox 2028 2280 2171 2317; x_wconf 89' lang='lat' dir='ltr'>num</span> <span class='ocrx_word' id='word_1_467' title='bbox 2230 2280 2405 2318; x_wconf 90' lang='lat' dir='ltr'>suum</span> <span class='ocrx_word' id='word_1_468' title='bbox 2460 2280 2587 2334; x_wconf 73' lang='lat' dir='ltr'>qua:</span> <span class='ocrx_word' id='word_1_469' title='bbox 2646 2263 2729 2317; x_wconf 89' lang='lat' dir='ltr'>sic</span> <span class='ocrx_word' id='word_1_470' title='bbox 2760 2278 2821 2316; x_wconf 91' lang='lat' dir='ltr'>se</span> <span class='ocrx_word' id='word_1_471' title='bbox 2869 2261 3088 2315; x_wconf 91' lang='lat' dir='ltr'>habent</span> <span class='ocrx_word' id='word_1_472' title='bbox 3133 2261 3176 2293; x_wconf 72' lang='grc'>⁷6</span> <span class='ocrx_word' id='word_1_473' title='bbox 3219 2276 3230 2314; x_wconf 86' lang='grc'>;</span> <span class='ocrx_word' id='word_1_474' title='bbox 3283 2258 3364 2311; x_wconf 88' lang='grc' dir='ltr'>Ἐν</span> <span class='ocrx_word' id='word_1_475' title='bbox 3414 2253 3548 2329; x_wconf 79' lang='grc' dir='ltr'>τῇδε</span> <span class='ocrx_word' id='word_1_476' title='bbox 3601 2259 3672 2328; x_wconf 79' lang='grc' dir='ltr'>ῇτ</span> 
     </span>
    </p>
   </div>
   <div class='ocr_carea' id='block_1_69' title="bbox 2027 2345 3668 2423">
    <p class='ocr_par' dir='ltr' id='par_1_69' title="bbox 2027 2345 3668 2423">
     <span class='ocr_line' id='line_1_69' title="bbox 2027 2345 3668 2423; baseline -0.004 -19"><span class='ocrx_word' id='word_1_477' title='bbox 2027 2351 2208 2423; x_wconf 70' lang='grc' dir='ltr'>ἡμέρᾳ</span> <span class='ocrx_word' id='word_1_478' title='bbox 2239 2348 2318 2404; x_wconf 83' lang='grc' dir='ltr'>δεῖ</span> <span class='ocrx_word' id='word_1_479' title='bbox 2369 2372 2434 2422; x_wconf 81' lang='grc' dir='ltr'>με</span> <span class='ocrx_word' id='word_1_480' title='bbox 2483 2347 2840 2418; x_wconf 78' lang='grc' dir='ltr'>τελειωθῆναι</span> <span class='ocrx_word' id='word_1_481' title='bbox 2893 2348 2968 2408; x_wconf 85' lang='grc' dir='ltr'>εἰς</span> <span class='ocrx_word' id='word_1_482' title='bbox 3015 2347 3108 2408; x_wconf 72' lang='grc' dir='ltr'>τὰς</span> <span class='ocrx_word' id='word_1_483' title='bbox 3158 2353 3348 2420; x_wconf 74' lang='grc' dir='ltr'>χεῖρας</span> <span class='ocrx_word' id='word_1_484' title='bbox 3375 2350 3483 2398; x_wconf 83' lang='grc' dir='ltr'>τῶν</span> <span class='ocrx_word' id='word_1_485' title='bbox 3518 2345 3668 2398; x_wconf 85' lang='grc' dir='ltr'>ἀπει-</span> 
     </span>
    </p>
   </div>
   <div class='ocr_carea' id='block_1_70' title="bbox 2027 2432 3672 2509">
    <p class='ocr_par' dir='ltr' id='par_1_70' title="bbox 2027 2432 3672 2509">
     <span class='ocr_line' id='line_1_70' title="bbox 2027 2432 3672 2509; baseline -0.003 -17"><span class='ocrx_word' id='word_1_486' title='bbox 2027 2439 2260 2493; x_wconf 80' lang='grc' dir='ltr'>Θούντων</span> <span class='ocrx_word' id='word_1_487' title='bbox 2310 2437 2603 2494; x_wconf 79' lang='grc' dir='ltr'>Ἰουδαίων·</span> <span class='ocrx_word' id='word_1_488' title='bbox 2656 2439 2718 2491; x_wconf 79' lang='grc' dir='ltr'>σὺ</span> <span class='ocrx_word' id='word_1_489' title='bbox 2773 2435 2829 2491; x_wconf 74' lang='grc' dir='ltr'>δὲ</span> <span class='ocrx_word' id='word_1_490' title='bbox 2883 2436 3109 2509; x_wconf 79' lang='grc' dir='ltr'>ἐξελθὼν</span> <span class='ocrx_word' id='word_1_491' title='bbox 3161 2433 3261 2506; x_wconf 80' lang='grc' dir='ltr'>ἔξω</span> <span class='ocrx_word' id='word_1_492' title='bbox 3307 2442 3407 2503; x_wconf 82' lang='grc' dir='ltr'>τῆς</span> <span class='ocrx_word' id='word_1_493' title='bbox 3455 2432 3672 2495; x_wconf 86' lang='grc' dir='ltr'>πόλεως</span> 
     </span>
    </p>
   </div>
   <div class='ocr_carea' id='block_1_71' title="bbox 2028 2522 3669 2600">
    <p class='ocr_par' dir='ltr' id='par_1_71' title="bbox 2028 2522 3669 2600">
     <span class='ocr_line' id='line_1_71' title="bbox 2028 2522 3669 2600; baseline -0.004 -19"><span class='ocrx_word' id='word_1_494' title='bbox 2028 2529 2162 2581; x_wconf 77' lang='grc' dir='ltr'>κατὰ</span> <span class='ocrx_word' id='word_1_495' title='bbox 2193 2525 2419 2599; x_wconf 74' lang='grc' dir='ltr'>δυσμὰς,</span> <span class='ocrx_word' id='word_1_496' title='bbox 2473 2529 2716 2600; x_wconf 66' lang='grc' dir='ltr'>εὑρήσεις</span> <span class='ocrx_word' id='word_1_497' title='bbox 2766 2527 2827 2579; x_wconf 80' lang='grc' dir='ltr'>τὸ</span> <span class='ocrx_word' id='word_1_498' title='bbox 2879 2526 3038 2596; x_wconf 73' lang='grc' dir='ltr'>σῶμά</span> <span class='ocrx_word' id='word_1_499' title='bbox 3094 2545 3216 2596; x_wconf 73' lang='grc' dir='ltr'>μου·</span> <span class='ocrx_word' id='word_1_500' title='bbox 3251 2522 3338 2578; x_wconf 79' lang='grc' dir='ltr'>καὶ</span> <span class='ocrx_word' id='word_1_501' title='bbox 3384 2527 3543 2577; x_wconf 76' lang='grc' dir='ltr'>τοῦτο</span> <span class='ocrx_word' id='word_1_502' title='bbox 3576 2522 3669 2584; x_wconf 77' lang='grc' dir='ltr'>θά-</span> 
     </span>
    </p>
   </div>
   <div class='ocr_carea' id='block_1_72' title="bbox 2028 2610 3673 2689">
    <p class='ocr_par' dir='ltr' id='par_1_72' title="bbox 2028 2610 3673 2689">
     <span class='ocr_line' id='line_1_72' title="bbox 2028 2610 3673 2689; baseline -0.004 -20"><span class='ocrx_word' id='word_1_503' title='bbox 2028 2618 2154 2688; x_wconf 79' lang='grc' dir='ltr'>ψας,</span> <span class='ocrx_word' id='word_1_504' title='bbox 2190 2614 2370 2686; x_wconf 80' lang='grc' dir='ltr'>ἔξελθε</span> <span class='ocrx_word' id='word_1_505' title='bbox 2421 2616 2526 2669; x_wconf 83' lang='grc' dir='ltr'>ἀπὸ</span> <span class='ocrx_word' id='word_1_506' title='bbox 2574 2615 2812 2689; x_wconf 74' lang='grc' dir='ltr'>Κύπρου·</span> <span class='ocrx_word' id='word_1_507' title='bbox 2869 2614 2957 2667; x_wconf 84' lang='grc' dir='ltr'>καὶ</span> <span class='ocrx_word' id='word_1_508' title='bbox 3011 2612 3245 2687; x_wconf 66' lang='grc' dir='ltr'>πορεύου</span> <span class='ocrx_word' id='word_1_509' title='bbox 3295 2611 3371 2673; x_wconf 80' lang='grc' dir='ltr'>εἷς</span> <span class='ocrx_word' id='word_1_510' title='bbox 3410 2610 3501 2665; x_wconf 87' lang='grc' dir='ltr'>τὸν</span> <span class='ocrx_word' id='word_1_511' title='bbox 3535 2613 3673 2664; x_wconf 76' lang='grc' dir='ltr'>Παῦ-</span> 
     </span>
    </p>
   </div>
   <div class='ocr_carea' id='block_1_73' title="bbox 2032 2698 3676 2776">
    <p class='ocr_par' dir='ltr' id='par_1_73' title="bbox 2032 2698 3676 2776">
     <span class='ocr_line' id='line_1_73' title="bbox 2032 2698 3676 2776; baseline -0.005 -16"><span class='ocrx_word' id='word_1_512' title='bbox 2032 2704 2150 2774; x_wconf 90' lang='grc' dir='ltr'>λον,</span> <span class='ocrx_word' id='word_1_513' title='bbox 2206 2704 2294 2758; x_wconf 73' lang='grc' dir='ltr'>καὶ</span> <span class='ocrx_word' id='word_1_514' title='bbox 2346 2703 2453 2768; x_wconf 68' lang='grc' dir='ltr'>ἴσοι</span> <span class='ocrx_word' id='word_1_515' title='bbox 2507 2706 2623 2776; x_wconf 75' lang='grc' dir='ltr'>μετ’</span> <span class='ocrx_word' id='word_1_516' title='bbox 2671 2704 2856 2771; x_wconf 73' lang='grc' dir='ltr'>αὐτοῦ,</span> <span class='ocrx_word' id='word_1_517' title='bbox 2896 2699 2999 2763; x_wconf 72' lang='grc' dir='ltr'>ἕως</span> <span class='ocrx_word' id='word_1_518' title='bbox 3051 2702 3112 2755; x_wconf 77' lang='grc' dir='ltr'>οὗ</span> <span class='ocrx_word' id='word_1_519' title='bbox 3164 2702 3191 2754; x_wconf 88' lang='grc' dir='ltr'>ὁ</span> <span class='ocrx_word' id='word_1_520' title='bbox 3241 2701 3435 2774; x_wconf 78' lang='grc' dir='ltr'>Κύριος</span> <span class='ocrx_word' id='word_1_521' title='bbox 3468 2698 3676 2754; x_wconf 77' lang='grc' dir='ltr'>οἰκονο-</span> 
     </span>
    </p>
   </div>
   <div class='ocr_carea' id='block_1_74' title="bbox 2033 2785 3671 2866">
    <p class='ocr_par' dir='ltr' id='par_1_74' title="bbox 2033 2785 3671 2866">
     <span class='ocr_line' id='line_1_74' title="bbox 2033 2785 3671 2866; baseline -0.003 -19"><span class='ocrx_word' id='word_1_522' title='bbox 2033 2795 2192 2866; x_wconf 78' lang='grc' dir='ltr'>μήσει</span> <span class='ocrx_word' id='word_1_523' title='bbox 2223 2793 2290 2847; x_wconf 75' lang='grc' dir='ltr'>τὰ</span> <span class='ocrx_word' id='word_1_524' title='bbox 2336 2795 2472 2847; x_wconf 76' lang='grc' dir='ltr'>κατὰ</span> <span class='ocrx_word' id='word_1_525' title='bbox 2519 2792 2594 2847; x_wconf 76' lang='grc' dir='ltr'>σὲ·</span> <span class='ocrx_word' id='word_1_526' title='bbox 2651 2791 2842 2864; x_wconf 68' lang='grc' dir='ltr'>μέλλει</span> <span class='ocrx_word' id='word_1_527' title='bbox 2890 2793 2994 2866; x_wconf 79' lang='grc' dir='ltr'>γὰρ</span> <span class='ocrx_word' id='word_1_528' title='bbox 3040 2791 3102 2844; x_wconf 88' lang='grc' dir='ltr'>τὸ</span> <span class='ocrx_word' id='word_1_529' title='bbox 3146 2785 3320 2862; x_wconf 76' lang='grc' dir='ltr'>ὄνομά</span> <span class='ocrx_word' id='word_1_530' title='bbox 3365 2809 3459 2843; x_wconf 83' lang='grc' dir='ltr'>σου</span> <span class='ocrx_word' id='word_1_531' title='bbox 3508 2808 3671 2863; x_wconf 84' lang='grc' dir='ltr'>μεγα-</span> 
     </span>
    </p>
   </div>
   <div class='ocr_carea' id='block_1_75' title="bbox 2029 2877 3673 2955">
    <p class='ocr_par' dir='ltr' id='par_1_75' title="bbox 2029 2877 3673 2955">
     <span class='ocr_line' id='line_1_75' title="bbox 2029 2877 3673 2955; baseline -0.002 -19"><span class='ocrx_word' id='word_1_532' title='bbox 2029 2882 2291 2951; x_wconf 79' lang='grc' dir='ltr'>λυνθῆναι</span> <span class='ocrx_word' id='word_1_533' title='bbox 2359 2881 2409 2936; x_wconf 78' lang='grc' dir='ltr'>ἐν</span> <span class='ocrx_word' id='word_1_534' title='bbox 2469 2881 2571 2955; x_wconf 77' lang='grc' dir='ltr'>ὅλῃ</span> <span class='ocrx_word' id='word_1_535' title='bbox 2625 2885 2693 2954; x_wconf 84' lang='grc' dir='ltr'>τῇ</span> <span class='ocrx_word' id='word_1_536' title='bbox 2755 2879 3066 2952; x_wconf 70' lang='grc' dir='ltr'>οἰκουμένῃ.</span> <span class='ocrx_word' id='word_1_537' title='bbox 3124 2880 3292 2936; x_wconf 85' lang='lat' dir='ltr'>Hodie</span> <span class='ocrx_word' id='word_1_538' title='bbox 3366 2877 3673 2949; x_wconf 81' lang='lat' dir='ltr'>inﬁdelium</span> 
     </span>
    </p>
   </div>
   <div class='ocr_carea' id='block_1_76' title="bbox 2026 2971 3672 3039">
    <p class='ocr_par' dir='ltr' id='par_1_76' title="bbox 2026 2971 3672 3039">
     <span class='ocr_line' id='line_1_76' title="bbox 2026 2971 3672 3039; baseline -0.003 -12"><span class='ocrx_word' id='word_1_539' title='bbox 2026 2973 2343 3027; x_wconf 76' lang='lat' dir='ltr'>Judaaorum</span> <span class='ocrx_word' id='word_1_540' title='bbox 2372 2974 2628 3027; x_wconf 86' lang='lat' dir='ltr'>manibus</span> <span class='ocrx_word' id='word_1_541' title='bbox 2657 2987 2745 3025; x_wconf 90' lang='lat' dir='ltr'>me</span> <span class='ocrx_word' id='word_1_542' title='bbox 2789 2971 3160 3025; x_wconf 86' lang='lat' dir='ltr'>consummari</span> <span class='ocrx_word' id='word_1_543' title='bbox 3206 2972 3449 3039; x_wconf 77' lang='lat' dir='ltr'>oportet:</span> <span class='ocrx_word' id='word_1_544' title='bbox 3487 2971 3546 3022; x_wconf 85' lang='lat' dir='ltr'>tu</span> <span class='ocrx_word' id='word_1_545' title='bbox 3576 2983 3672 3022; x_wconf 88' lang='lat' dir='ltr'>ve-</span> 
     </span>
    </p>
   </div>
   <div class='ocr_carea' id='block_1_77' title="bbox 2027 3045 3674 3125">
    <p class='ocr_par' dir='ltr' id='par_1_77' title="bbox 2027 3045 3674 3125">
     <span class='ocr_line' id='line_1_77' title="bbox 2027 3045 3674 3125; baseline -0.003 -11"><span class='ocrx_word' id='word_1_546' title='bbox 2027 3077 2092 3116; x_wconf 88' lang='lat' dir='ltr'>ro</span> <span class='ocrx_word' id='word_1_547' title='bbox 2122 3065 2280 3116; x_wconf 74' lang='lat' dir='ltr'>extra</span> <span class='ocrx_word' id='word_1_548' title='bbox 2329 3062 2623 3125; x_wconf 83' lang='lat' dir='ltr'>civitatem,</span> <span class='ocrx_word' id='word_1_549' title='bbox 2685 3061 3020 3115; x_wconf 83' lang='lat' dir='ltr'>occidentem</span> <span class='ocrx_word' id='word_1_550' title='bbox 3074 3073 3259 3112; x_wconf 86' lang='lat' dir='ltr'>versus</span> <span class='ocrx_word' id='word_1_551' title='bbox 3310 3045 3586 3124; x_wconf 84' lang='lat' dir='ltr'>egredere,</span> <span class='ocrx_word' id='word_1_552' title='bbox 3620 3058 3674 3110; x_wconf 84' lang='lat' dir='ltr'>et</span> 
     </span>
    </p>
   </div>
   <div class='ocr_carea' id='block_1_78' title="bbox 2027 3144 3672 3221">
    <p class='ocr_par' dir='ltr' id='par_1_78' title="bbox 2027 3144 3672 3221">
     <span class='ocr_line' id='line_1_78' title="bbox 2027 3144 3672 3221; baseline -0.003 -16"><span class='ocrx_word' id='word_1_553' title='bbox 2027 3167 2220 3221; x_wconf 88' lang='lat' dir='ltr'>corpus</span> <span class='ocrx_word' id='word_1_554' title='bbox 2269 3167 2452 3205; x_wconf 87' lang='lat' dir='ltr'>meum</span> <span class='ocrx_word' id='word_1_555' title='bbox 2498 3150 2784 3204; x_wconf 82' lang='lat' dir='ltr'>invenies:</span> <span class='ocrx_word' id='word_1_556' title='bbox 2834 3147 2978 3219; x_wconf 89' lang='lat' dir='ltr'>quod</span> <span class='ocrx_word' id='word_1_557' title='bbox 3023 3163 3147 3202; x_wconf 87' lang='lat' dir='ltr'>cum</span> <span class='ocrx_word' id='word_1_558' title='bbox 3193 3144 3496 3218; x_wconf 84' lang='lat' dir='ltr'>sepelieris,</span> <span class='ocrx_word' id='word_1_559' title='bbox 3545 3145 3672 3200; x_wconf 70' lang='lat' dir='ltr'>exie</span> 
     </span>
    </p>
   </div>
   <div class='ocr_carea' id='block_1_79' title="bbox 2030 3232 3669 3310">
    <p class='ocr_par' dir='ltr' id='par_1_79' title="bbox 2030 3232 3669 3310">
     <span class='ocr_line' id='line_1_79' title="bbox 2030 3232 3669 3310; baseline -0.005 -15"><span class='ocrx_word' id='word_1_560' title='bbox 2030 3240 2232 3310; x_wconf 79' lang='lat' dir='ltr'>Cypro,</span> <span class='ocrx_word' id='word_1_561' title='bbox 2264 3248 2314 3294; x_wconf 91' lang='lat' dir='ltr'>et</span> <span class='ocrx_word' id='word_1_562' title='bbox 2343 3238 2413 3293; x_wconf 84' lang='lat' dir='ltr'>ad</span> <span class='ocrx_word' id='word_1_563' title='bbox 2458 3239 2697 3293; x_wconf 83' lang='lat' dir='ltr'>Paulum</span> <span class='ocrx_word' id='word_1_564' title='bbox 2734 3236 3119 3308; x_wconf 83' lang='lat' dir='ltr'>proﬁciscere;</span> <span class='ocrx_word' id='word_1_565' title='bbox 3153 3239 3203 3289; x_wconf 89' lang='lat' dir='ltr'>et</span> <span class='ocrx_word' id='word_1_566' title='bbox 3255 3241 3363 3289; x_wconf 83' lang='lat' dir='ltr'>esto</span> <span class='ocrx_word' id='word_1_567' title='bbox 3382 3249 3508 3288; x_wconf 85' lang='lat' dir='ltr'>cum</span> <span class='ocrx_word' id='word_1_568' title='bbox 3544 3232 3669 3299; x_wconf 76' lang='lat' dir='ltr'>illo,</span> 
     </span>
    </p>
   </div>
   <div class='ocr_carea' id='block_1_80' title="bbox 2029 3325 3672 3398">
    <p class='ocr_par' dir='ltr' id='par_1_80' title="bbox 2029 3325 3672 3398">
     <span class='ocr_line' id='line_1_80' title="bbox 2029 3325 3672 3398; baseline -0.005 -15"><span class='ocrx_word' id='word_1_569' title='bbox 2029 3328 2206 3398; x_wconf 87' lang='lat' dir='ltr'>quoad</span> <span class='ocrx_word' id='word_1_570' title='bbox 2254 3329 2516 3384; x_wconf 87' lang='lat' dir='ltr'>Dominus</span> <span class='ocrx_word' id='word_1_571' title='bbox 2571 3342 2656 3380; x_wconf 85' lang='lat' dir='ltr'>res</span> <span class='ocrx_word' id='word_1_572' title='bbox 2699 3335 2824 3380; x_wconf 87' lang='lat' dir='ltr'>tuas</span> <span class='ocrx_word' id='word_1_573' title='bbox 2882 3325 3242 3395; x_wconf 84' lang='lat' dir='ltr'>disposuerit:</span> <span class='ocrx_word' id='word_1_574' title='bbox 3292 3327 3546 3394; x_wconf 82' lang='lat' dir='ltr'>[uturum</span> <span class='ocrx_word' id='word_1_575' title='bbox 3592 3327 3672 3375; x_wconf 76' lang='lat' dir='ltr'>est</span> 
     </span>
    </p>
   </div>
   <div class='ocr_carea' id='block_1_81' title="bbox 2026 3407 3670 3485">
    <p class='ocr_par' dir='ltr' id='par_1_81' title="bbox 2026 3407 3670 3485">
     <span class='ocr_line' id='line_1_81' title="bbox 2026 3407 3670 3485; baseline -0.005 -15"><span class='ocrx_word' id='word_1_576' title='bbox 2026 3419 2194 3485; x_wconf 87' lang='lat' dir='ltr'>enim,</span> <span class='ocrx_word' id='word_1_577' title='bbox 2223 3424 2281 3470; x_wconf 85' lang='lat' dir='ltr'>ut</span> <span class='ocrx_word' id='word_1_578' title='bbox 2310 3431 2506 3471; x_wconf 84' lang='lat' dir='ltr'>nomen</span> <span class='ocrx_word' id='word_1_579' title='bbox 2539 3423 2694 3469; x_wconf 86' lang='lat' dir='ltr'>tuum</span> <span class='ocrx_word' id='word_1_580' title='bbox 2721 3429 2820 3484; x_wconf 85' lang='lat' dir='ltr'>per</span> <span class='ocrx_word' id='word_1_581' title='bbox 2847 3417 3017 3468; x_wconf 87' lang='lat' dir='ltr'>totum</span> <span class='ocrx_word' id='word_1_582' title='bbox 3044 3416 3320 3467; x_wconf 85' lang='lat' dir='ltr'>terrarum</span> <span class='ocrx_word' id='word_1_583' title='bbox 3363 3410 3548 3465; x_wconf 85' lang='lat' dir='ltr'>orbem</span> <span class='ocrx_word' id='word_1_584' title='bbox 3575 3407 3670 3463; x_wconf 90' lang='lat' dir='ltr'>di-</span> 
     </span>
    </p>
   </div>
   <div class='ocr_carea' id='block_1_82' title="bbox 2026 3496 3670 3574">
    <p class='ocr_par' dir='ltr' id='par_1_82' title="bbox 2026 3496 3670 3574">
     <span class='ocr_line' id='line_1_82' title="bbox 2026 3496 3670 3574; baseline -0.005 -14"><span class='ocrx_word' id='word_1_585' title='bbox 2026 3507 2299 3574; x_wconf 82' lang='lat' dir='ltr'>vulgetur.</span> <span class='ocrx_word' id='word_1_586' title='bbox 2351 3504 2480 3558; x_wconf 67' lang='lat' dir='ltr'>Haec</span> <span class='ocrx_word' id='word_1_587' title='bbox 2530 3503 2629 3558; x_wconf 93' lang='lat' dir='ltr'>ibi.</span> <span class='ocrx_word' id='word_1_588' title='bbox 2679 3503 2749 3557; x_wconf 91' lang='lat' dir='ltr'>Et</span> <span class='ocrx_word' id='word_1_589' title='bbox 2804 3502 3078 3556; x_wconf 71' lang='lat' dir='ltr'>Barnabze</span> <span class='ocrx_word' id='word_1_590' title='bbox 3136 3499 3370 3572; x_wconf 88' lang='lat' dir='ltr'>quidem</span> <span class='ocrx_word' id='word_1_591' title='bbox 3411 3496 3670 3554; x_wconf 86' lang='lat' dir='ltr'>hortanti</span> 
     </span>
    </p>
   </div>
   <div class='ocr_carea' id='block_1_83' title="bbox 2029 3586 3668 3664">
    <p class='ocr_par' dir='ltr' id='par_1_83' title="bbox 2029 3586 3668 3664">
     <span class='ocr_line' id='line_1_83' title="bbox 2029 3586 3668 3664; baseline -0.005 -15"><span class='ocrx_word' id='word_1_592' title='bbox 2029 3611 2251 3649; x_wconf 85' lang='lat' dir='ltr'>morem</span> <span class='ocrx_word' id='word_1_593' title='bbox 2283 3593 2538 3664; x_wconf 89' lang='lat' dir='ltr'>gessisse</span> <span class='ocrx_word' id='word_1_594' title='bbox 2570 3592 2851 3654; x_wconf 89' lang='lat' dir='ltr'>Marcum,</span> <span class='ocrx_word' id='word_1_595' title='bbox 2903 3607 2933 3644; x_wconf 90' lang='lat' dir='ltr'>e</span> <span class='ocrx_word' id='word_1_596' title='bbox 2973 3588 3133 3644; x_wconf 90' lang='lat' dir='ltr'>Pauli</span> <span class='ocrx_word' id='word_1_597' title='bbox 3182 3586 3456 3659; x_wconf 89' lang='lat' dir='ltr'>Epistolis</span> <span class='ocrx_word' id='word_1_598' title='bbox 3486 3589 3668 3657; x_wconf 90' lang='lat' dir='ltr'>patet.</span> 
     </span>
    </p>
   </div>
   <div class='ocr_carea' id='block_1_84' title="bbox 2033 3673 3673 3741">
    <p class='ocr_par' dir='ltr' id='par_1_84' title="bbox 2033 3673 3673 3741">
     <span class='ocr_line' id='line_1_84' title="bbox 2033 3673 3673 3741; baseline -0.005 -4"><span class='ocrx_word' id='word_1_599' title='bbox 2033 3684 2130 3737; x_wconf 87' lang='lat' dir='ltr'>llic</span> <span class='ocrx_word' id='word_1_600' title='bbox 2177 3683 2333 3737; x_wconf 88' lang='lat' dir='ltr'>enim</span> <span class='ocrx_word' id='word_1_601' title='bbox 2385 3683 2453 3736; x_wconf 81' lang='lat' dir='ltr'>arl</span> <span class='ocrx_word' id='word_1_602' title='bbox 2503 3680 2877 3737; x_wconf 82' lang='lat' dir='ltr'>Colossenses</span> <span class='ocrx_word' id='word_1_603' title='bbox 2925 3677 3269 3741; x_wconf 52' lang='lat' dir='ltr'>scribens“,</span> <span class='ocrx_word' id='word_1_604' title='bbox 3321 3692 3422 3731; x_wconf 89' lang='lat' dir='ltr'>eos</span> <span class='ocrx_word' id='word_1_605' title='bbox 3453 3673 3673 3730; x_wconf 87' lang='lat' dir='ltr'>salutat</span> 
     </span>
    </p>
   </div>
   <div class='ocr_carea' id='block_1_85' title="bbox 2029 3765 3669 3836">
    <p class='ocr_par' dir='ltr' id='par_1_85' title="bbox 2029 3765 3669 3836">
     <span class='ocr_line' id='line_1_85' title="bbox 2029 3765 3669 3836; baseline -0.006 -10"><span class='ocrx_word' id='word_1_606' title='bbox 2029 3772 2262 3827; x_wconf 90' lang='lat' dir='ltr'>nomine</span> <span class='ocrx_word' id='word_1_607' title='bbox 2318 3772 2487 3825; x_wconf 83' lang='lat' dir='ltr'>Marci</span> <span class='ocrx_word' id='word_1_608' title='bbox 2554 3770 2869 3824; x_wconf 85' lang='lat' dir='ltr'>consobrini</span> <span class='ocrx_word' id='word_1_609' title='bbox 2927 3767 3239 3826; x_wconf 74' lang='lat' dir='ltr'>Barnabaz;</span> <span class='ocrx_word' id='word_1_610' title='bbox 3299 3765 3399 3836; x_wconf 90' lang='lat' dir='ltr'>qui</span> <span class='ocrx_word' id='word_1_611' title='bbox 3459 3778 3669 3833; x_wconf 88' lang='lat' dir='ltr'>nempe</span> 
     </span>
    </p>
   </div>
   <div class='ocr_carea' id='block_1_86' title="bbox 2028 3850 3672 3932">
    <p class='ocr_par' dir='ltr' id='par_1_86' title="bbox 2028 3850 3672 3932">
     <span class='ocr_line' id='line_1_86' title="bbox 2028 3850 3672 3932; baseline -0.007 -17"><span class='ocrx_word' id='word_1_612' title='bbox 2028 3862 2283 3932; x_wconf 87' lang='lat' dir='ltr'>primum</span> <span class='ocrx_word' id='word_1_613' title='bbox 2336 3861 2391 3913; x_wconf 91' lang='lat' dir='ltr'>in</span> <span class='ocrx_word' id='word_1_614' title='bbox 2450 3875 2627 3913; x_wconf 85' lang='lat' dir='ltr'>causa</span> <span class='ocrx_word' id='word_1_615' title='bbox 2677 3859 2864 3912; x_wconf 85' lang='lat' dir='ltr'>fuerat</span> <span class='ocrx_word' id='word_1_616' title='bbox 2911 3873 3016 3910; x_wconf 92' lang='lat' dir='ltr'>cur</span> <span class='ocrx_word' id='word_1_617' title='bbox 3062 3853 3276 3908; x_wconf 90' lang='lat' dir='ltr'>Paulus</span> <span class='ocrx_word' id='word_1_618' title='bbox 3321 3871 3354 3908; x_wconf 91' lang='lat' dir='ltr'>a</span> <span class='ocrx_word' id='word_1_619' title='bbox 3405 3850 3672 3906; x_wconf 85' lang='lat' dir='ltr'>Barnaba</span> 
     </span>
    </p>
   </div>
   <div class='ocr_carea' id='block_1_87' title="bbox 2027 3941 3670 4014">
    <p class='ocr_par' dir='ltr' id='par_1_87' title="bbox 2027 3941 3670 4014">
     <span class='ocr_line' id='line_1_87' title="bbox 2027 3941 3670 4014; baseline -0.007 -9"><span class='ocrx_word' id='word_1_620' title='bbox 2027 3949 2354 4014; x_wconf 86' lang='lat' dir='ltr'>secesserit,</span> <span class='ocrx_word' id='word_1_621' title='bbox 2389 3952 2452 4002; x_wconf 92' lang='lat' dir='ltr'>ut</span> <span class='ocrx_word' id='word_1_622' title='bbox 2482 3947 2731 4002; x_wconf 87' lang='lat' dir='ltr'>habetur</span> <span class='ocrx_word' id='word_1_623' title='bbox 2761 3945 2819 3999; x_wconf 90' lang='lat' dir='ltr'>in</span> <span class='ocrx_word' id='word_1_624' title='bbox 2852 3944 3010 3999; x_wconf 79' lang='lat' dir='ltr'>Actis</span> <span class='ocrx_word' id='word_1_625' title='bbox 3034 3945 3077 3979; x_wconf 77' lang='grc'>⁷⁸</span> <span class='ocrx_word' id='word_1_626' title='bbox 3105 3961 3118 4008; x_wconf 90' lang='grc'>;</span> <span class='ocrx_word' id='word_1_627' title='bbox 3153 3943 3369 4013; x_wconf 90' lang='lat' dir='ltr'>quique</span> <span class='ocrx_word' id='word_1_628' title='bbox 3391 3941 3670 4010; x_wconf 89' lang='lat' dir='ltr'>deinceps</span> 
     </span>
    </p>
   </div>
   <div class='ocr_carea' id='block_1_88' title="bbox 2028 4027 3669 4103">
    <p class='ocr_par' dir='ltr' id='par_1_88' title="bbox 2028 4027 3669 4103">
     <span class='ocr_line' id='line_1_88' title="bbox 2028 4027 3669 4103; baseline -0.007 -10"><span class='ocrx_word' id='word_1_629' title='bbox 2028 4039 2099 4093; x_wconf 93' lang='lat' dir='ltr'>ad</span> <span class='ocrx_word' id='word_1_630' title='bbox 2132 4037 2386 4092; x_wconf 91' lang='lat' dir='ltr'>ofﬁcium</span> <span class='ocrx_word' id='word_1_631' title='bbox 2422 4050 2710 4103; x_wconf 90' lang='lat' dir='ltr'>reversus,</span> <span class='ocrx_word' id='word_1_632' title='bbox 2745 4032 2925 4087; x_wconf 88' lang='lat' dir='ltr'>Paulo</span> <span class='ocrx_word' id='word_1_633' title='bbox 2970 4032 3120 4085; x_wconf 86' lang='lat' dir='ltr'>ﬁdus</span> <span class='ocrx_word' id='word_1_634' title='bbox 3168 4046 3364 4086; x_wconf 89' lang='lat' dir='ltr'>comes</span> <span class='ocrx_word' id='word_1_635' title='bbox 3398 4027 3669 4098; x_wconf 62' lang='lat' dir='ltr'>adhaesit,</span> 
     </span>
    </p>
   </div>
   <div class='ocr_carea' id='block_1_89' title="bbox 2025 4117 3668 4197">
    <p class='ocr_par' dir='ltr' id='par_1_89' title="bbox 2025 4117 3668 4197">
     <span class='ocr_line' id='line_1_89' title="bbox 2025 4117 3668 4197; baseline -0.007 -15"><span class='ocrx_word' id='word_1_636' title='bbox 2025 4127 2195 4197; x_wconf 89' lang='lat' dir='ltr'>eique</span> <span class='ocrx_word' id='word_1_637' title='bbox 2219 4127 2454 4180; x_wconf 90' lang='lat' dir='ltr'>demum</span> <span class='ocrx_word' id='word_1_638' title='bbox 2479 4128 2612 4195; x_wconf 88' lang='lat' dir='ltr'>post</span> <span class='ocrx_word' id='word_1_639' title='bbox 2635 4126 2881 4177; x_wconf 90' lang='lat' dir='ltr'>mortem</span> <span class='ocrx_word' id='word_1_640' title='bbox 2904 4121 3181 4176; x_wconf 60' lang='lat' dir='ltr'>Barnabas</span> <span class='ocrx_word' id='word_1_641' title='bbox 3205 4117 3406 4174; x_wconf 89' lang='lat' dir='ltr'>utilem</span> <span class='ocrx_word' id='word_1_642' title='bbox 3431 4132 3668 4189; x_wconf 88' lang='lat' dir='ltr'>operam</span> 
     </span>
    </p>
   </div>
   <div class='ocr_carea' id='block_1_90' title="bbox 2025 4205 3666 4282">
    <p class='ocr_par' dir='ltr' id='par_1_90' title="bbox 2025 4205 3666 4282">
     <span class='ocr_line' id='line_1_90' title="bbox 2025 4205 3666 4282; baseline -0.006 -13"><span class='ocrx_word' id='word_1_643' title='bbox 2025 4216 2085 4270; x_wconf 91' lang='lat' dir='ltr'>in</span> <span class='ocrx_word' id='word_1_644' title='bbox 2119 4213 2440 4269; x_wconf 89' lang='lat' dir='ltr'>ministerio</span> <span class='ocrx_word' id='word_1_645' title='bbox 2473 4210 2788 4282; x_wconf 86' lang='lat' dir='ltr'>apostolico</span> <span class='ocrx_word' id='word_1_646' title='bbox 2822 4208 3110 4280; x_wconf 83' lang='lat' dir='ltr'>praestitit,</span> <span class='ocrx_word' id='word_1_647' title='bbox 3157 4211 3224 4262; x_wconf 89' lang='lat' dir='ltr'>ut</span> <span class='ocrx_word' id='word_1_648' title='bbox 3271 4207 3343 4262; x_wconf 92' lang='lat' dir='ltr'>ad</span> <span class='ocrx_word' id='word_1_649' title='bbox 3375 4205 3666 4261; x_wconf 89' lang='lat' dir='ltr'>Philemo-</span> 
     </span>
    </p>
   </div>
   <div class='ocr_carea' id='block_1_91' title="bbox 2026 4294 3668 4371">
    <p class='ocr_par' dir='ltr' id='par_1_91' title="bbox 2026 4294 3668 4371">
     <span class='ocr_line' id='line_1_91' title="bbox 2026 4294 3668 4371; baseline -0.009 -11"><span class='ocrx_word' id='word_1_650' title='bbox 2026 4321 2159 4359; x_wconf 89' lang='lat' dir='ltr'>nem</span> <span class='ocrx_word' id='word_1_651' title='bbox 2183 4305 2226 4339; x_wconf 75' lang='lat'>79</span> <span class='ocrx_word' id='word_1_652' title='bbox 2250 4307 2305 4358; x_wconf 93' lang='lat' dir='ltr'>et</span> <span class='ocrx_word' id='word_1_653' title='bbox 2325 4318 2393 4356; x_wconf 89' lang='lat' dir='ltr'>ex</span> <span class='ocrx_word' id='word_1_654' title='bbox 2416 4299 2838 4371; x_wconf 88' lang='lat' dir='ltr'>posterioribus</span> <span class='ocrx_word' id='word_1_655' title='bbox 2859 4297 3107 4352; x_wconf 89' lang='lat' dir='ltr'>vinculis</span> <span class='ocrx_word' id='word_1_656' title='bbox 3129 4297 3200 4351; x_wconf 90' lang='lat' dir='ltr'>ad</span> <span class='ocrx_word' id='word_1_657' title='bbox 3224 4295 3600 4352; x_wconf 88' lang='lat' dir='ltr'>Timotheum</span> <span class='ocrx_word' id='word_1_658' title='bbox 3621 4294 3668 4328; x_wconf 79' lang='grc' dir='ltr'>⁸ο</span> 
     </span>
    </p>
   </div>
   <div class='ocr_carea' id='block_1_92' title="bbox 2026 4381 3667 4460">
    <p class='ocr_par' dir='ltr' id='par_1_92' title="bbox 2026 4381 3667 4460">
     <span class='ocr_line' id='line_1_92' title="bbox 2026 4381 3667 4460; baseline -0.007 -13"><span class='ocrx_word' id='word_1_659' title='bbox 2026 4393 2309 4460; x_wconf 89' lang='lat' dir='ltr'>scribens,</span> <span class='ocrx_word' id='word_1_660' title='bbox 2335 4391 2490 4445; x_wconf 86' lang='lat' dir='ltr'>idem</span> <span class='ocrx_word' id='word_1_661' title='bbox 2525 4392 2772 4443; x_wconf 89' lang='lat' dir='ltr'>testatur</span> <span class='ocrx_word' id='word_1_662' title='bbox 2815 4385 3141 4458; x_wconf 87' lang='lat' dir='ltr'>Apostolus.</span> <span class='ocrx_word' id='word_1_663' title='bbox 3187 4383 3361 4454; x_wconf 88' lang='lat' dir='ltr'>Atqui</span> <span class='ocrx_word' id='word_1_664' title='bbox 3409 4399 3536 4453; x_wconf 71' lang='lat' dir='ltr'>qua:</span> <span class='ocrx_word' id='word_1_665' title='bbox 3562 4381 3667 4436; x_wconf 87' lang='lat' dir='ltr'>Co-</span> 
     </span>
    </p>
   </div>
   <div class='ocr_carea' id='block_1_93' title="bbox 2027 4468 3666 4544">
    <p class='ocr_par' dir='ltr' id='par_1_93' title="bbox 2027 4468 3666 4544">
     <span class='ocr_line' id='line_1_93' title="bbox 2027 4468 3666 4544; baseline -0.008 -10"><span class='ocrx_word' id='word_1_666' title='bbox 2027 4480 2391 4536; x_wconf 89' lang='lat' dir='ltr'>lossensibus</span> <span class='ocrx_word' id='word_1_667' title='bbox 2404 4483 2462 4532; x_wconf 90' lang='lat' dir='ltr'>et</span> <span class='ocrx_word' id='word_1_668' title='bbox 2485 4474 2805 4530; x_wconf 88' lang='lat' dir='ltr'>Philemoni</span> <span class='ocrx_word' id='word_1_669' title='bbox 2821 4473 3114 4544; x_wconf 62' lang='lat' dir='ltr'>inscriptas</span> <span class='ocrx_word' id='word_1_670' title='bbox 3128 4475 3358 4526; x_wconf 86' lang='lat' dir='ltr'>exstant</span> <span class='ocrx_word' id='word_1_671' title='bbox 3377 4468 3666 4540; x_wconf 71' lang='lat' dir='ltr'>Epistolas,</span> 
     </span>
    </p>
   </div>
   <div class='ocr_carea' id='block_1_94' title="bbox 2027 4558 3667 4641">
    <p class='ocr_par' dir='ltr' id='par_1_94' title="bbox 2027 4558 3667 4641">
     <span class='ocr_line' id='line_1_94' title="bbox 2027 4558 3667 4641; baseline -0.009 -17"><span class='ocrx_word' id='word_1_672' title='bbox 2027 4571 2190 4641; x_wconf 85' lang='lat' dir='ltr'>juxta</span> <span class='ocrx_word' id='word_1_673' title='bbox 2217 4569 2473 4621; x_wconf 90' lang='lat' dir='ltr'>virorum</span> <span class='ocrx_word' id='word_1_674' title='bbox 2526 4564 2888 4619; x_wconf 88' lang='lat' dir='ltr'>eruditorum</span> <span class='ocrx_word' id='word_1_675' title='bbox 2909 4565 2951 4597; x_wconf 76' lang='grc'><strong>⁸1</strong></span> <span class='ocrx_word' id='word_1_676' title='bbox 3005 4560 3376 4628; x_wconf 87' lang='lat' dir='ltr'>sententiam,</span> <span class='ocrx_word' id='word_1_677' title='bbox 3409 4558 3480 4612; x_wconf 90' lang='lat' dir='ltr'>ab</span> <span class='ocrx_word' id='word_1_678' title='bbox 3512 4563 3667 4627; x_wconf 90' lang='lat' dir='ltr'>Apo-</span> 
     </span>
    </p>
   </div>
   <div class='ocr_carea' id='block_1_95' title="bbox 267 4625 3666 4724">
    <p class='ocr_par' dir='ltr' id='par_1_95' title="bbox 267 4649 3666 4724">
     <span class='ocr_line' id='line_1_95' title="bbox 267 4649 3666 4724; baseline -0.002 -19"><span class='ocrx_word' id='word_1_679' title='bbox 267 4649 576 4723; x_wconf 88' lang='lat' dir='ltr'>quadrent.</span> <span class='ocrx_word' id='word_1_680' title='bbox 609 4651 907 4706; x_wconf 89' lang='lat' dir='ltr'>Barnabas</span> <span class='ocrx_word' id='word_1_681' title='bbox 937 4652 1116 4715; x_wconf 89' lang='lat' dir='ltr'>enim,</span> <span class='ocrx_word' id='word_1_682' title='bbox 1170 4653 1468 4724; x_wconf 85' lang='lat' dir='ltr'>inquiunt,</span> <span class='ocrx_word' id='word_1_683' title='bbox 1520 4673 1586 4710; x_wconf 86' lang='lat' dir='ltr'>ex</span> <span class='ocrx_word' id='word_1_684' title='bbox 1618 4659 1914 4714; x_wconf 88' lang='lat' dir='ltr'>communi</span> <span class='ocrx_word' id='word_1_685' title='bbox 1948 4651 1994 4714; x_wconf 92' lang='lat' dir='ltr'><strong>D</strong></span> <span class='ocrx_word' id='word_1_686' title='bbox 2027 4657 2175 4713; x_wconf 87' lang='lat' dir='ltr'>stolo</span> <span class='ocrx_word' id='word_1_687' title='bbox 2225 4660 2468 4711; x_wconf 70' lang='lat' dir='ltr'>exaratos</span> <span class='ocrx_word' id='word_1_688' title='bbox 2515 4655 2784 4708; x_wconf 86' lang='lat' dir='ltr'>feruntur</span> <span class='ocrx_word' id='word_1_689' title='bbox 2831 4667 2982 4704; x_wconf 86' lang='lat' dir='ltr'>anno</span> <span class='ocrx_word' id='word_1_690' title='bbox 3024 4651 3133 4715; x_wconf 74' lang='lat'>62;</span> <span class='ocrx_word' id='word_1_691' title='bbox 3187 4665 3313 4718; x_wconf 71' lang='lat' dir='ltr'>quae</span> <span class='ocrx_word' id='word_1_692' title='bbox 3345 4649 3538 4700; x_wconf 89' lang='lat' dir='ltr'>autem</span> <span class='ocrx_word' id='word_1_693' title='bbox 3570 4660 3666 4698; x_wconf 89' lang='lat' dir='ltr'>se-</span> 
     </span>
    </p>
   </div>
   <div class='ocr_carea' id='block_1_96' title="bbox 266 4732 3664 4814">
    <p class='ocr_par' dir='ltr' id='par_1_96' title="bbox 266 4732 3664 4814">
     <span class='ocr_line' id='line_1_96' title="bbox 266 4732 3664 4814; baseline -0.003 -19"><span class='ocrx_word' id='word_1_694' title='bbox 266 4739 562 4795; x_wconf 88' lang='lat' dir='ltr'>sententia</span> <span class='ocrx_word' id='word_1_695' title='bbox 586 4740 1154 4811; x_wconf 85' lang='lat' dir='ltr'>Neroneimperante</span> <span class='ocrx_word' id='word_1_696' title='bbox 1176 4744 1518 4814; x_wconf 82' lang='lat' dir='ltr'>martyrium</span> <span class='ocrx_word' id='word_1_697' title='bbox 1544 4747 1913 4804; x_wconf 83' lang='lat' dir='ltr'>subiil.adeo-</span> <span class='ocrx_word' id='word_1_698' title='bbox 2023 4747 2216 4802; x_wconf 87' lang='lat' dir='ltr'>cunda</span> <span class='ocrx_word' id='word_1_699' title='bbox 2249 4749 2336 4798; x_wconf 87' lang='lat' dir='ltr'>est</span> <span class='ocrx_word' id='word_1_700' title='bbox 2367 4743 2434 4798; x_wconf 86' lang='lat' dir='ltr'>ad</span> <span class='ocrx_word' id='word_1_701' title='bbox 2477 4740 2846 4796; x_wconf 87' lang='lat' dir='ltr'>Timotheum</span> <span class='ocrx_word' id='word_1_702' title='bbox 2897 4754 3048 4792; x_wconf 87' lang='lat' dir='ltr'>anno</span> <span class='ocrx_word' id='word_1_703' title='bbox 3078 4738 3167 4805; x_wconf 83' lang='lat'>67,</span> <span class='ocrx_word' id='word_1_704' title='bbox 3218 4751 3348 4790; x_wconf 93' lang='lat' dir='ltr'>cum</span> <span class='ocrx_word' id='word_1_705' title='bbox 3383 4732 3664 4787; x_wconf 91' lang='lat' dir='ltr'>nimirum</span> 
     </span>
    </p>
   </div>
   <div class='ocr_carea' id='block_1_97' title="bbox 265 4819 3669 4908">
    <p class='ocr_par' dir='ltr' id='par_1_97' title="bbox 265 4819 3669 4908">
     <span class='ocr_line' id='line_1_97' title="bbox 265 4819 3669 4908; baseline -0.003 -24"><span class='ocrx_word' id='word_1_706' title='bbox 265 4845 382 4901; x_wconf 90' lang='lat' dir='ltr'>que</span> <span class='ocrx_word' id='word_1_707' title='bbox 413 4833 547 4884; x_wconf 84' lang='lat' dir='ltr'>ante</span> <span class='ocrx_word' id='word_1_708' title='bbox 595 4844 775 4900; x_wconf 89' lang='lat' dir='ltr'>quam</span> <span class='ocrx_word' id='word_1_709' title='bbox 827 4829 1112 4900; x_wconf 89' lang='lat' dir='ltr'>templum</span> <span class='ocrx_word' id='word_1_710' title='bbox 1164 4831 1756 4904; x_wconf 87' lang='lat' dir='ltr'>Hierosolymitanum</span> <span class='ocrx_word' id='word_1_711' title='bbox 1792 4837 1912 4891; x_wconf 90' lang='lat' dir='ltr'>solo</span> <span class='ocrx_word' id='word_1_712' title='bbox 2014 4835 2372 4908; x_wconf 82' lang='lat' dir='ltr'>jampridem</span> <span class='ocrx_word' id='word_1_713' title='bbox 2407 4848 2436 4886; x_wconf 88' lang='lat' dir='ltr'>e</span> <span class='ocrx_word' id='word_1_714' title='bbox 2464 4831 2608 4884; x_wconf 88' lang='lat' dir='ltr'>vivis</span> <span class='ocrx_word' id='word_1_715' title='bbox 2629 4826 2975 4882; x_wconf 88' lang='lat' dir='ltr'>excessisset</span> <span class='ocrx_word' id='word_1_716' title='bbox 2998 4826 3312 4890; x_wconf 89' lang='lat' dir='ltr'>Barnabas,</span> <span class='ocrx_word' id='word_1_717' title='bbox 3337 4821 3508 4892; x_wconf 89' lang='lat' dir='ltr'>cujus</span> <span class='ocrx_word' id='word_1_718' title='bbox 3538 4819 3669 4875; x_wconf 80' lang='lat' dir='ltr'>hor-</span> 
     </span>
    </p>
   </div>
   <div class='ocr_carea' id='block_1_98' title="bbox 263 4908 3666 4990">
    <p class='ocr_par' dir='ltr' id='par_1_98' title="bbox 263 4908 3666 4990">
     <span class='ocr_line' id='line_1_98' title="bbox 263 4908 3666 4990; baseline -0.003 -17"><span class='ocrx_word' id='word_1_719' title='bbox 263 4920 628 4990; x_wconf 64' lang='lat' dir='ltr'>aquaretur:</span> <span class='ocrx_word' id='word_1_720' title='bbox 654 4932 832 4987; x_wconf 91' lang='lat' dir='ltr'>quam</span> <span class='ocrx_word' id='word_1_721' title='bbox 859 4916 1096 4988; x_wconf 89' lang='lat' dir='ltr'>quidem</span> <span class='ocrx_word' id='word_1_722' title='bbox 1119 4919 1915 4990; x_wconf 87' lang='lat' dir='ltr'>objectionemtantiducunt</span> <span class='ocrx_word' id='word_1_723' title='bbox 2023 4930 2146 4980; x_wconf 85' lang='lat' dir='ltr'>tatu</span> <span class='ocrx_word' id='word_1_724' title='bbox 2177 4925 2431 4979; x_wconf 85' lang='lat' dir='ltr'>Joannes</span> <span class='ocrx_word' id='word_1_725' title='bbox 2463 4919 2694 4974; x_wconf 87' lang='lat' dir='ltr'>Marcus</span> <span class='ocrx_word' id='word_1_726' title='bbox 2741 4917 2949 4970; x_wconf 84' lang='lat' dir='ltr'>exinde</span> <span class='ocrx_word' id='word_1_727' title='bbox 2998 4913 3175 4969; x_wconf 85' lang='lat' dir='ltr'>Paulo</span> <span class='ocrx_word' id='word_1_728' title='bbox 3226 4928 3352 4968; x_wconf 89' lang='lat' dir='ltr'>sese</span> <span class='ocrx_word' id='word_1_729' title='bbox 3391 4908 3666 4966; x_wconf 88' lang='lat' dir='ltr'>comitem</span> 
     </span>
    </p>
   </div>
   <div class='ocr_carea' id='block_1_99' title="bbox 261 4998 3669 5084">
    <p class='ocr_par' dir='ltr' id='par_1_99' title="bbox 261 4998 3669 5084">
     <span class='ocr_line' id='line_1_99' title="bbox 261 4998 3669 5084; baseline -0.002 -24"><span class='ocrx_word' id='word_1_730' title='bbox 261 5005 304 5060; x_wconf 89' lang='lat' dir='ltr'>ii</span> <span class='ocrx_word' id='word_1_731' title='bbox 335 5005 442 5061; x_wconf 88' lang='lat' dir='ltr'>viri</span> <span class='ocrx_word' id='word_1_732' title='bbox 474 5005 682 5072; x_wconf 90' lang='lat' dir='ltr'>critici,</span> <span class='ocrx_word' id='word_1_733' title='bbox 719 5009 784 5060; x_wconf 92' lang='lat' dir='ltr'>ut</span> <span class='ocrx_word' id='word_1_734' title='bbox 833 5005 1118 5062; x_wconf 89' lang='lat' dir='ltr'>invictum</span> <span class='ocrx_word' id='word_1_735' title='bbox 1165 5015 1578 5080; x_wconf 91' lang='lat' dir='ltr'>argumentum</span> <span class='ocrx_word' id='word_1_736' title='bbox 1622 5013 1914 5084; x_wconf 89' lang='lat' dir='ltr'>appellare</span> <span class='ocrx_word' id='word_1_737' title='bbox 2023 5013 2268 5068; x_wconf 88' lang='lat' dir='ltr'>addidit.</span> <span class='ocrx_word' id='word_1_738' title='bbox 2307 5010 2392 5064; x_wconf 89' lang='lat' dir='ltr'>Ita</span> <span class='ocrx_word' id='word_1_739' title='bbox 2433 5010 2612 5063; x_wconf 90' lang='lat' dir='ltr'>ferme</span> <span class='ocrx_word' id='word_1_740' title='bbox 2659 5004 3077 5070; x_wconf 69' lang='lat' dir='ltr'>Tentzelius”,</span> <span class='ocrx_word' id='word_1_741' title='bbox 3115 5002 3214 5071; x_wconf 89' lang='lat' dir='ltr'>qui</span> <span class='ocrx_word' id='word_1_742' title='bbox 3243 5005 3299 5056; x_wconf 91' lang='lat' dir='ltr'>et</span> <span class='ocrx_word' id='word_1_743' title='bbox 3327 4999 3478 5056; x_wconf 91' lang='lat' dir='ltr'>hanc</span> <span class='ocrx_word' id='word_1_744' title='bbox 3509 4998 3669 5070; x_wconf 89' lang='lat' dir='ltr'>obje-</span> 
     </span>
    </p>
   </div>
   <div class='ocr_carea' id='block_1_100' title="bbox 263 5089 3672 5166">
    <p class='ocr_par' dir='ltr' id='par_1_100' title="bbox 263 5089 3672 5166">
     <span class='ocr_line' id='line_1_100' title="bbox 263 5089 3672 5166; baseline -0.002 -18"><span class='ocrx_word' id='word_1_745' title='bbox 263 5110 381 5149; x_wconf 90' lang='lat' dir='ltr'>non</span> <span class='ocrx_word' id='word_1_746' title='bbox 414 5092 704 5149; x_wconf 90' lang='lat' dir='ltr'>dubitent.</span> <span class='ocrx_word' id='word_1_747' title='bbox 737 5097 1009 5148; x_wconf 87' lang='lat' dir='ltr'>Attamen</span> <span class='ocrx_word' id='word_1_748' title='bbox 1042 5097 1272 5150; x_wconf 89' lang='lat' dir='ltr'>tantum</span> <span class='ocrx_word' id='word_1_749' title='bbox 1300 5097 1466 5152; x_wconf 88' lang='lat' dir='ltr'>abest</span> <span class='ocrx_word' id='word_1_750' title='bbox 1488 5099 1912 5156; x_wconf 89' lang='lat' dir='ltr'>utistiusmodi</span> <span class='ocrx_word' id='word_1_751' title='bbox 2024 5103 2274 5158; x_wconf 91' lang='lat' dir='ltr'>ctionem</span> <span class='ocrx_word' id='word_1_752' title='bbox 2333 5102 2564 5154; x_wconf 87' lang='lat' dir='ltr'>tantum</span> <span class='ocrx_word' id='word_1_753' title='bbox 2623 5094 2897 5166; x_wconf 90' lang='lat' dir='ltr'>ponderis</span> <span class='ocrx_word' id='word_1_754' title='bbox 2957 5093 3170 5147; x_wconf 88' lang='lat' dir='ltr'>habere</span> <span class='ocrx_word' id='word_1_755' title='bbox 3219 5090 3556 5157; x_wconf 87' lang='lat' dir='ltr'>arbitratur,</span> <span class='ocrx_word' id='word_1_756' title='bbox 3606 5089 3672 5141; x_wconf 90' lang='lat' dir='ltr'>ut</span> 
     </span>
    </p>
   </div>
   <div class='ocr_carea' id='block_1_101' title="bbox 262 5173 3670 5253">
    <p class='ocr_par' dir='ltr' id='par_1_101' title="bbox 262 5173 3670 5253">
     <span class='ocr_line' id='line_1_101' title="bbox 262 5173 3670 5253; baseline -0.003 -15"><span class='ocrx_word' id='word_1_757' title='bbox 262 5181 601 5238; x_wconf 81' lang='lat' dir='ltr'>difﬁcultati</span> <span class='ocrx_word' id='word_1_758' title='bbox 649 5181 767 5236; x_wconf 92' lang='lat' dir='ltr'>vim</span> <span class='ocrx_word' id='word_1_759' title='bbox 814 5180 1074 5252; x_wconf 88' lang='lat' dir='ltr'>aliquam</span> <span class='ocrx_word' id='word_1_760' title='bbox 1126 5183 1320 5240; x_wconf 88' lang='lat' dir='ltr'>inesse</span> <span class='ocrx_word' id='word_1_761' title='bbox 1367 5186 1464 5241; x_wconf 89' lang='lat' dir='ltr'>alii</span> <span class='ocrx_word' id='word_1_762' title='bbox 1519 5193 1794 5243; x_wconf 88' lang='lat' dir='ltr'>censeant</span> <span class='ocrx_word' id='word_1_763' title='bbox 1850 5195 1915 5244; x_wconf 90' lang='lat' dir='ltr'>ut</span> <span class='ocrx_word' id='word_1_764' title='bbox 2024 5191 2211 5245; x_wconf 90' lang='lat' dir='ltr'>eidem</span> <span class='ocrx_word' id='word_1_765' title='bbox 2230 5183 2612 5241; x_wconf 89' lang='lat' dir='ltr'>nihilobverti</span> <span class='ocrx_word' id='word_1_766' title='bbox 2637 5199 2807 5253; x_wconf 90' lang='lat' dir='ltr'>posse</span> <span class='ocrx_word' id='word_1_767' title='bbox 2831 5184 3124 5237; x_wconf 89' lang='lat' dir='ltr'>asseveret</span> <span class='ocrx_word' id='word_1_768' title='bbox 3149 5194 3326 5250; x_wconf 90' lang='lat' dir='ltr'>quam</span> <span class='ocrx_word' id='word_1_769' title='bbox 3350 5173 3670 5249; x_wconf 88' lang='lat' dir='ltr'>Epistolam</span> 
     </span>
    </p>
   </div>
   <div class='ocr_carea' id='block_1_102' title="bbox 336 5353 3666 5436">
    <p class='ocr_par' dir='ltr' id='par_1_102' title="bbox 336 5353 3666 5436">
     <span class='ocr_line' id='line_1_102' title="bbox 336 5353 3666 5436; baseline -0.004 -19"><span class='ocrx_word' id='word_1_770' title='bbox 336 5358 681 5436; x_wconf 48' lang='lat' dir='ltr'>‘?_P_apebr._,</span> <span class='ocrx_word' id='word_1_771' title='bbox 712 5362 828 5414; x_wconf 77' lang='lat' dir='ltr'>Act.</span> <span class='ocrx_word' id='word_1_772' title='bbox 859 5359 1150 5436; x_wconf 66' lang='lat' dir='ltr'>SS_.._Jun.</span> <span class='ocrx_word' id='word_1_773' title='bbox 1184 5367 1326 5418; x_wconf 92' lang='lat' dir='ltr'>tom.</span> <span class='ocrx_word' id='word_1_774' title='bbox 1360 5365 1429 5432; x_wconf 86' lang='lat' dir='ltr'>II,</span> <span class='ocrx_word' id='word_1_775' title='bbox 1466 5381 1596 5436; x_wconf 86' lang='lat' dir='ltr'>pag.</span> <span class='ocrx_word' id='word_1_776' title='bbox 1632 5367 1755 5430; x_wconf 83' lang='grc'>459,</span> <span class='ocrx_word' id='word_1_777' title='bbox 1788 5367 1894 5433; x_wconf 84' lang='lat'>§5.</span> <span class='ocrx_word' id='word_1_778' title='bbox 1973 5369 2019 5401; x_wconf 71' lang='grc' dir='ltr'>το</span> <span class='ocrx_word' id='word_1_779' title='bbox 2066 5367 2272 5422; x_wconf 89' lang='lat' dir='ltr'>Nourr.</span> <span class='ocrx_word' id='word_1_780' title='bbox 2323 5364 2463 5436; x_wconf 83' lang='lat' dir='ltr'>App.</span> <span class='ocrx_word' id='word_1_781' title='bbox 2494 5359 2606 5436; x_wconf 87' lang='lat' dir='ltr'>_ad.</span> <span class='ocrx_word' id='word_1_782' title='bbox 2661 5359 3164 5436; x_wconf 63' lang='lat' dir='ltr'>Bibt.__PP._,_t_om.</span> <span class='ocrx_word' id='word_1_783' title='bbox 3192 5357 3243 5436; x_wconf 51' lang='grc' dir='ltr'>μ,</span> <span class='ocrx_word' id='word_1_784' title='bbox 3275 5369 3406 5436; x_wconf 76' lang='lat' dir='ltr'>pag.</span> <span class='ocrx_word' id='word_1_785' title='bbox 3443 5353 3511 5406; x_wconf 91' lang='lat'>38</span> <span class='ocrx_word' id='word_1_786' title='bbox 3541 5365 3666 5436; x_wconf 58' lang='lat' dir='ltr'>seq:</span> 
     </span>
    </p>
   </div>
   <div class='ocr_carea' id='block_1_103' title="bbox 261 5421 1919 5508">
    <p class='ocr_par' dir='ltr' id='par_1_103' title="bbox 261 5421 1919 5508">
     <span class='ocr_line' id='line_1_103' title="bbox 261 5421 1919 5508; baseline 0.004 -22"><span class='ocrx_word' id='word_1_787' title='bbox 261 5434 306 5468; x_wconf 72' lang='grc'>⁷³</span> <span class='ocrx_word' id='word_1_788' title='bbox 338 5421 514 5503; x_wconf 46' lang='lat' dir='ltr'>Mill.,.</span> <span class='ocrx_word' id='word_1_789' title='bbox 534 5421 947 5508; x_wconf 61' lang='lat' dir='ltr'>Prokgom._._ad</span> <span class='ocrx_word' id='word_1_790' title='bbox 977 5432 1040 5486; x_wconf 90' lang='grc' dir='ltr'>Ν.</span> <span class='ocrx_word' id='word_1_791' title='bbox 1075 5439 1164 5508; x_wconf 82' lang='lat' dir='ltr'>T_.,</span> <span class='ocrx_word' id='word_1_792' title='bbox 1196 5437 1222 5501; x_wconf 87' lang='lat'>§</span> <span class='ocrx_word' id='word_1_793' title='bbox 1254 5436 1353 5489; x_wconf 84' lang='grc'>144</span> <span class='ocrx_word' id='word_1_794' title='bbox 1417 5421 1483 5469; x_wconf 61' lang='grc' dir='ltr'>’τί</span> <span class='ocrx_word' id='word_1_795' title='bbox 1509 5421 1832 5492; x_wconf 62' lang='grc' dir='ltr'>Βῖτηοὺὲιὶῖ.</span> <span class='ocrx_word' id='word_1_796' title='bbox 1866 5443 1919 5508; x_wconf 82' lang='grc' dir='ltr'>Ε]</span> 
     </span>
    </p>
   </div>
   <div class='ocr_carea' id='block_1_104' title="bbox 2031 5421 3669 5508">
    <p class='ocr_par' dir='ltr' id='par_1_104' title="bbox 2035 5421 3669 5508">
     <span class='ocr_line' id='line_1_104' title="bbox 2035 5421 3669 5508; baseline -0.012 -15"><span class='ocrx_word' id='word_1_797' title='bbox 2035 5482 2046 5493; x_wconf 96' lang='grc'>.</span> <span class='ocrx_word' id='word_1_798' title='bbox 2080 5421 2207 5508; x_wconf 89' lang='lat' dir='ltr'>cap.</span> <span class='ocrx_word' id='word_1_799' title='bbox 2243 5438 2328 5508; x_wconf 14' lang='lat'>1,6.</span> <span class='ocrx_word' id='word_1_800' title='bbox 2367 5421 2379 5434; x_wconf 80' lang='grc'><em>’</em></span> <span class='ocrx_word' id='word_1_801' title='bbox 2402 5421 2473 5508; x_wconf 44' lang='grc' dir='ltr'>θῗ-</span> <span class='ocrx_word' id='word_1_802' title='bbox 2494 5433 2587 5485; x_wconf 90' lang='lat' dir='ltr'>Isa</span> <span class='ocrx_word' id='word_1_803' title='bbox 2617 5448 2686 5484; x_wconf 84' lang='lat' dir='ltr'>xL</span> <span class='ocrx_word' id='word_1_804' title='bbox 2711 5431 2890 5508; x_wconf 61' lang='lat' dir='ltr'>x,_1Z.</span> <span class='ocrx_word' id='word_1_805' title='bbox 2927 5421 3013 5508; x_wconf 52' lang='grc' dir='ltr'>ηπ</span> <span class='ocrx_word' id='word_1_806' title='bbox 3041 5421 3295 5508; x_wconf 54' lang='lat' dir='ltr'>Euseb},—</span> <span class='ocrx_word' id='word_1_807' title='bbox 3324 5421 3669 5508; x_wconf 17' lang='lat' dir='ltr'>(immisti</span> 
     </span>
    </p>
   </div>
   <div class='ocr_carea' id='block_1_105' title="bbox 267 5491 3668 5577">
    <p class='ocr_par' dir='ltr' id='par_1_105' title="bbox 267 5491 3668 5577">
     <span class='ocr_line' id='line_1_105' title="bbox 267 5491 3668 5577; baseline -0.004 -20"><span class='ocrx_word' id='word_1_808' title='bbox 267 5520 366 5557; x_wconf 88' lang='lat' dir='ltr'>an.</span> <span class='ocrx_word' id='word_1_809' title='bbox 399 5491 658 5577; x_wconf 43' lang='grc' dir='ltr'>ΜᾎῘΙΑΧΧΧ.</span> <span class='ocrx_word' id='word_1_810' title='bbox 699 5491 1072 5577; x_wconf 50' lang='lat' dir='ltr'>v75_l‘lieron.,</span> <span class='ocrx_word' id='word_1_811' title='bbox 1104 5491 1306 5577; x_wconf 51' lang='lat' dir='ltr'>Deuvir</span> <span class='ocrx_word' id='word_1_812' title='bbox 1352 5508 1580 5570; x_wconf 85' lang='lat' dir='ltr'>illustr.,</span> <span class='ocrx_word' id='word_1_813' title='bbox 1631 5524 1758 5577; x_wconf 90' lang='lat' dir='ltr'>cap.</span> <span class='ocrx_word' id='word_1_814' title='bbox 1793 5491 1840 5562; x_wconf 23' lang='grc'>⁷1</span> <span class='ocrx_word' id='word_1_815' title='bbox 1894 5491 1950 5563; x_wconf 62' lang='lat' dir='ltr'>ct</span> <span class='ocrx_word' id='word_1_816' title='bbox 1982 5491 2052 5563; x_wconf 35' lang='lat'>&#39;5.</span> <span class='ocrx_word' id='word_1_817' title='bbox 2087 5491 2173 5543; x_wconf 37' lang='lat'>&quot;73</span> <span class='ocrx_word' id='word_1_818' title='bbox 2220 5507 2375 5563; x_wconf 83' lang='lat' dir='ltr'>Alex.</span> <span class='ocrx_word' id='word_1_819' title='bbox 2399 5505 2586 5577; x_wconf 45' lang='lat' dir='ltr'>Non&quot;</span> <span class='ocrx_word' id='word_1_820' title='bbox 2639 5491 2790 5571; x_wconf 82' lang='lat' dir='ltr'>apud</span> <span class='ocrx_word' id='word_1_821' title='bbox 2844 5500 3129 5577; x_wconf 51' lang='lat' dir='ltr'>Bolland:</span> <span class='ocrx_word' id='word_1_822' title='bbox 3163 5491 3298 5577; x_wconf 35' lang='lat' dir='ltr'>lict.</span> <span class='ocrx_word' id='word_1_823' title='bbox 3331 5491 3668 5577; x_wconf 58' lang='lat' dir='ltr'>SS.,_.iunii,</span> 
     </span>
    </p>
   </div>
   <div class='ocr_carea' id='block_1_106' title="bbox 264 5562 3664 5646">
    <p class='ocr_par' dir='ltr' id='par_1_106' title="bbox 264 5562 3664 5646">
     <span class='ocr_line' id='line_1_106' title="bbox 264 5562 3664 5646; baseline -0.004 -16"><span class='ocrx_word' id='word_1_824' title='bbox 264 5580 411 5630; x_wconf 87' lang='lat' dir='ltr'>tom.</span> <span class='ocrx_word' id='word_1_825' title='bbox 460 5575 532 5644; x_wconf 87' lang='lat' dir='ltr'>Il,</span> <span class='ocrx_word' id='word_1_826' title='bbox 585 5589 719 5645; x_wconf 88' lang='lat' dir='ltr'>pag.</span> <span class='ocrx_word' id='word_1_827' title='bbox 768 5573 890 5646; x_wconf 55' lang='lat'>1145,</span> <span class='ocrx_word' id='word_1_828' title='bbox 967 5574 1011 5607; x_wconf 79' lang='grc'>⁷⁷</span> <span class='ocrx_word' id='word_1_829' title='bbox 1053 5562 1270 5631; x_wconf 72' lang='lat' dir='ltr'>Coloss.</span> <span class='ocrx_word' id='word_1_830' title='bbox 1321 5579 1515 5646; x_wconf 77' lang='grc' dir='ltr'>ιν,-1Ο,</span> <span class='ocrx_word' id='word_1_831' title='bbox 1571 5562 1638 5613; x_wconf 57' lang='grc' dir='ltr'>’π’</span> <span class='ocrx_word' id='word_1_832' title='bbox 1689 5562 1808 5634; x_wconf 57' lang='lat' dir='ltr'>Act.</span> <span class='ocrx_word' id='word_1_833' title='bbox 1861 5562 1953 5644; x_wconf 82' lang='lat' dir='ltr'>xv&#39;,</span> <span class='ocrx_word' id='word_1_834' title='bbox 2005 5562 2230 5635; x_wconf 11' lang='lat'>37-30.,</span> <span class='ocrx_word' id='word_1_835' title='bbox 2271 5581 2314 5612; x_wconf 73' lang='grc' dir='ltr'>το</span> <span class='ocrx_word' id='word_1_836' title='bbox 2357 5562 2630 5636; x_wconf 25' lang='lat' dir='ltr'>Philem}</span> <span class='ocrx_word' id='word_1_837' title='bbox 2667 5562 2812 5629; x_wconf 59' lang='lat' dir='ltr'>vers.</span> <span class='ocrx_word' id='word_1_838' title='bbox 2847 5574 2956 5646; x_wconf 26' lang='lat'>2&#39;13</span> <span class='ocrx_word' id='word_1_839' title='bbox 3015 5569 3422 5646; x_wconf 54' lang='lat' dir='ltr'>8‘_’__I_l_Tim._iv,</span> <span class='ocrx_word' id='word_1_840' title='bbox 3459 5562 3543 5616; x_wconf 77' lang='grc' dir='ltr'>Η.</span> <span class='ocrx_word' id='word_1_841' title='bbox 3606 5563 3664 5646; x_wconf 46' lang='grc' dir='ltr'>,εί</span> 
     </span>
    </p>
   </div>
   <div class='ocr_carea' id='block_1_107' title="bbox 265 5634 1919 5721">
    <p class='ocr_par' dir='ltr' id='par_1_107' title="bbox 265 5634 1919 5721">
     <span class='ocr_line' id='line_1_107' title="bbox 265 5634 1919 5721; baseline 0.002 -19"><span class='ocrx_word' id='word_1_842' title='bbox 265 5634 1221 5721; x_wconf 42' lang='lat' dir='ltr'>Pearsi,lin‘jnnaLPau].,__pag.</span> <span class='ocrx_word' id='word_1_843' title='bbox 1270 5651 1364 5713; x_wconf 88' lang='lat'>20,</span> <span class='ocrx_word' id='word_1_844' title='bbox 1384 5634 1501 5717; x_wconf 57' lang='grc' dir='ltr'>Ξῖ),</span> <span class='ocrx_word' id='word_1_845' title='bbox 1557 5649 1723 5713; x_wconf 89' lang='lat' dir='ltr'>Mill.,</span> <span class='ocrx_word' id='word_1_846' title='bbox 1776 5652 1835 5704; x_wconf 86' lang='lat' dir='ltr'>in</span> <span class='ocrx_word' id='word_1_847' title='bbox 1889 5658 1919 5706; x_wconf 70' lang='grc' dir='ltr'><em>Γ</em></span> 
     </span>
    </p>
   </div>
   <div class='ocr_carea' id='block_1_108' title="bbox 2031 5634 3662 5721">
    <p class='ocr_par' dir='ltr' id='par_1_108' title="bbox 2031 5634 3662 5721">
     <span class='ocr_line' id='line_1_108' title="bbox 2031 5634 3662 5721; baseline -0.013 -13"><span class='ocrx_word' id='word_1_848' title='bbox 2031 5669 2191 5721; x_wconf 59' lang='lat' dir='ltr'>agam.</span> <span class='ocrx_word' id='word_1_849' title='bbox 2225 5651 2293 5705; x_wconf 81' lang='lat' dir='ltr'>(ut</span> <span class='ocrx_word' id='word_1_850' title='bbox 2322 5651 2386 5704; x_wconf 82' lang='grc' dir='ltr'>Ν.</span> <span class='ocrx_word' id='word_1_851' title='bbox 2423 5648 2503 5721; x_wconf 85' lang='lat' dir='ltr'>_T.._</span> <span class='ocrx_word' id='word_1_852' title='bbox 2623 5634 2709 5711; x_wconf 56' lang='lat'>8&#39;0,</span> <span class='ocrx_word' id='word_1_853' title='bbox 2742 5645 2830 5721; x_wconf 53' lang='lat' dir='ltr'>81f,</span> <span class='ocrx_word' id='word_1_854' title='bbox 2867 5644 3005 5721; x_wconf 66' lang='lat' dir='ltr'>t2_I_&#39;);</span> <span class='ocrx_word' id='word_1_855' title='bbox 3039 5640 3287 5721; x_wconf 36' lang='lat' dir='ltr'>&#39;l‘ilchmq</span> <span class='ocrx_word' id='word_1_856' title='bbox 3319 5635 3474 5690; x_wconf 84' lang='lat' dir='ltr'>Mem.</span> <span class='ocrx_word' id='word_1_857' title='bbox 3507 5634 3662 5705; x_wconf 87' lang='lat' dir='ltr'>eccl.,</span> 
     </span>
    </p>
   </div>
   <div class='ocr_carea' id='block_1_109' title="bbox 266 5711 3253 5791">
    <p class='ocr_par' dir='ltr' id='par_1_109' title="bbox 266 5711 3253 5791">
     <span class='ocr_line' id='line_1_109' title="bbox 266 5711 3253 5791; baseline -0.004 -17"><span class='ocrx_word' id='word_1_858' title='bbox 266 5723 412 5774; x_wconf 86' lang='lat' dir='ltr'>tom.</span> <span class='ocrx_word' id='word_1_859' title='bbox 450 5711 494 5787; x_wconf 62' lang='grc' dir='ltr'>Ι,</span> <span class='ocrx_word' id='word_1_860' title='bbox 527 5735 583 5790; x_wconf 92' lang='lat' dir='ltr'>p.</span> <span class='ocrx_word' id='word_1_861' title='bbox 612 5717 741 5785; x_wconf 84' lang='lat'>292,</span> <span class='ocrx_word' id='word_1_862' title='bbox 774 5717 901 5782; x_wconf 81' lang='lat'>595,</span> <span class='ocrx_word' id='word_1_863' title='bbox 978 5711 1248 5774; x_wconf 43' lang='lat' dir='ltr'>82&quot;Ifen‘tz.</span> <span class='ocrx_word' id='word_1_864' title='bbox 1283 5711 1358 5776; x_wconf 88' lang='lat' dir='ltr'>ad</span> <span class='ocrx_word' id='word_1_865' title='bbox 1386 5711 1644 5791; x_wconf 37' lang='lat' dir='ltr'>Hieron”</span> <span class='ocrx_word' id='word_1_866' title='bbox 1681 5711 1759 5779; x_wconf 88' lang='lat' dir='ltr'>De</span> <span class='ocrx_word' id='word_1_867' title='bbox 1789 5725 1876 5778; x_wconf 85' lang='lat' dir='ltr'>vir</span> <span class='ocrx_word' id='word_1_868' title='bbox 1909 5711 2135 5789; x_wconf 51' lang='lat' dir='ltr'>illusit,</span> <span class='ocrx_word' id='word_1_869' title='bbox 2169 5724 2306 5779; x_wconf 87' lang='lat' dir='ltr'>edit.</span> <span class='ocrx_word' id='word_1_870' title='bbox 2342 5711 2590 5774; x_wconf 28' lang='lat' dir='ltr'>Fabric-.1</span> <span class='ocrx_word' id='word_1_871' title='bbox 2621 5730 2747 5785; x_wconf 86' lang='lat' dir='ltr'>cap.</span> <span class='ocrx_word' id='word_1_872' title='bbox 2780 5716 2835 5780; x_wconf 76' lang='lat'>6,</span> <span class='ocrx_word' id='word_1_873' title='bbox 2869 5718 2895 5779; x_wconf 52' lang='grc' dir='ltr'>ᾗ</span> <span class='ocrx_word' id='word_1_874' title='bbox 2924 5716 2976 5780; x_wconf 81' lang='lat'>3,</span> <span class='ocrx_word' id='word_1_875' title='bbox 3004 5728 3130 5784; x_wconf 86' lang='lat' dir='ltr'>pag.</span> <span class='ocrx_word' id='word_1_876' title='bbox 3169 5711 3253 5764; x_wconf 82' lang='grc'>40.</span> 
     </span>
    </p>
   </div>
  </div>
