4014 6202
266 295 385 362 695

1432 294 1498 357 8.
1544 288 1968 354 BABNABAS
2014 288 2499 355 APOSTOLUS.

3549 287 3671 354 696

271 435 534 489 nostram
562 447 575 498 ;
608 444 735 501 quae
765 426 1023 499 quidem,
1057 426 1276 496 subdit,
1309 444 1443 484 cum
1475 427 1552 483 sit
1582 426 1777 499 ipsum
1798 443 1910 496 κρι-
1939 424 1993 489 Α
2023 423 2213 478 tiones
2246 426 2527 495 majorem
2560 427 2787 497 partem
2836 423 3107 496 scriptas,
3156 421 3371 481 alicubi
3421 422 3673 479 forsitan

270 519 523 591 νόμενον,
576 534 687 573 non
734 520 821 572 est
870 515 1201 587 argumenti
1251 515 1374 572 loco
1427 515 1801 571 assumenda.
1851 513 1911 567 Id

274 625 414 665 sane
444 625 477 662 a
508 605 629 662 viro
660 606 887 661 erudito
915 604 1128 660 nollem
1159 606 1401 661 dictum.

344 744 458 811 Age
485 757 641 795 nunc
670 738 975 793 videamus
1023 754 1163 792 num
1206 738 1346 792 adeo
1395 737 1565 791 firma
1612 736 1915 791 sitistius-

275 830 431 885 modi
466 827 736 897 objectio,
772 831 835 880 ut
885 843 1010 880 eam
1053 827 1268 880 nedum
1320 826 1515 890 everti,
1568 826 1666 879 sed
1702 840 1771 879 ne
1801 822 1916 878 ullo

277 915 513 988 quidem
548 918 712 985 pacto
743 912 1001 967 hebetari
1032 912 1220 967 liceat.
1254 913 1414 978 Quod
1450 917 1511 965 ut
1535 913 1916 983 praestemus,

277 1002 692 1059 advertendum
726 1001 980 1071 primum
1012 1002 1299 1066 omnium,
1332 1005 1513 1055 totam
1546 999 1798 1054 Tentzeli
1835 1017 1919 1053 ar-

274 1091 781 1164 gumentationem
828 1090 1005 1144 unius
1055 1088 1367 1143 Alexandri
1425 1087 1693 1142 monachi
1727 1088 1917 1160 Cyprii

274 1179 611 1236 testimonio
645 1178 855 1247 fulciri,
890 1178 1191 1249 scriptoris
1223 1177 1501 1232 nimirum
1551 1177 1780 1231 obscuri
1816 1194 1918 1231 no-

278 1268 455 1323 minis
486 1272 661 1339 atque
693 1267 875 1322 aetatis
908 1268 1162 1322 incertm.
1198 1266 1593 1337 Antiquiorem
1628 1267 1919 1321 enimvero

277 1356 489 1414 saeculo
524 1356 791 1427 Ixipsum
845 1372 963 1410 non
1013 1355 1193 1410 fuisse
1242 1360 1471 1411 constat
1528 1356 1681 1426 apud
1728 1354 1919 1408 erudi-

278 1451 369 1502 tos
392 1446 472 1500 33:
529 1444 738 1500 litteris
788 1460 1041 1515 namque
1086 1444 1465 1515 consignasse
1516 1444 1697 1498 fertur
1725 1443 1919 1497 Vitam

278 1534 609 1606 Nicephori,
642 1528 981 1605 patriarcha:
1015 1533 1142 1598 CP.,
1206 1532 1303 1603 qui
1363 1533 1565 1586 eodem
1610 1530 1818 1586 saeculo
1865 1548 1921 1585 1x

278 1624 521 1679 ineunte
572 1622 838 1677 ﬂoruisse
887 1622 1260 1691 comperitur.
1313 1622 1517 1692 Ecquaa
1566 1637 1734 1692 porro
1779 1620 1921 1675 ﬁdes

283 1712 549 1784 scriptori
582 1711 717 1765 huic
750 1710 1099 1777 adhibenda,
1125 1709 1224 1780 qui
1256 1709 1695 1765 etlaudatorem
1729 1708 1922 1780 potius

282 1817 460 1873 quam
513 1798 858 1854 historicum
911 1798 1030 1869 agit
1077 1802 1133 1852 et
1184 1798 1287 1852 illa
1338 1815 1464 1869 quae
1514 1797 1715 1853 multis
1776 1791 2003 1855 retroB

284 1888 515 1945 smculis
542 1892 677 1943 ante
725 1886 913 1958 ipsius
962 1903 1149 1941 aevum
1194 1887 1507 1958 contigere,
1559 1887 1726 1941 nobis
1756 1902 1919 1941 enar-

283 1976 414 2033 rat?
459 1977 654 2046 Neque
710 1980 799 2031 est
857 1976 1010 2045 quod
1066 1976 1199 2045 quis
1256 1980 1516 2047 reponat,
1569 1976 1921 2030 monachum

282 2065 465 2122 istum
491 2066 598 2120 sub
615 2063 992 2119 Laudationis
1007 2080 1122 2118 suae
1148 2064 1321 2118 ﬁnem
1337 2064 1725 2131 tradidisse“,
1741 2081 1926 2135 pauca

281 2156 387 2211 illa
417 2170 541 2225 qua?
570 2154 637 2208 de
666 2154 942 2209 Barnabaz
972 2154 1082 2207 vita
1113 2157 1167 2207 el
1196 2156 1471 2223 martyrio
1515 2153 1798 2224 perhibet,
1853 2155 1923 2207 ab

280 2252 502 2299 auctore
541 2243 901 2297 Stromatum
965 2242 1239 2297 Clemente
1292 2244 1638 2312 aliorumque
1685 2248 1927 2297 veterum

282 2332 525 2403 scriptis,
551 2349 584 2386 a
615 2348 675 2386 se
703 2330 945 2386 collecta
976 2331 1157 2384 fuisse
1188 2335 1361 2401 atque
1413 2331 1692 2401 exposita.
1733 2331 1925 2401 Siqui-

285 2422 419 2477 dem
451 2420 510 2474 in
540 2422 811 2491 promptu
842 2418 1125 2473 habemus
1158 2436 1283 2488 quae
1317 2419 1386 2472 de
1420 2419 1684 2472 Barnaba
1715 2420 1930 2489 profert

285 2508 556 2565 Clemens
588 2507 1049 2573 Alexandrinus;
1085 2524 1333 2577 quorum
1384 2512 1575 2561 tamen
1621 2508 1711 2563 vix
1746 2507 1928 2561 ullum

285 2596 598 2667 vestigium
630 2595 787 2667 apud
812 2595 1167 2649 monachum
1187 2595 1459 2666 Cyprium
1484 2595 1757 2665 reperias.
1786 2594 1933 2649 Reli-

294 2703 411 2758 qua
440 2694 573 2739 Vero
605 2701 733 2755 quae
765 2682 861 2737 ille
893 2683 1013 2739 sive
1044 2701 1076 2738 a
1113 2684 1413 2739 Theodoro
1464 2684 1712 2747 Lectore,
1747 2684 1867 2739 sive
1902 2702 1935 2738 a

297 2774 424 2832 Nilo
450 2772 817 2844 Doxopatrio,
854 2771 1101 2843 aliisque
1134 2773 1279 2827 forte
1336 2772 1621 2843 sequioris
1653 2774 1752 2827 aevi
1794 2772 1934 2827 scri-

295 2862 562 2935 ptoribus
593 2860 943 2933 desumpsit,
978 2861 1240 2915 sublesta
1280 2861 1454 2915 nimis
1485 2861 1597 2915 fide
1631 2860 1934 2929 laborant;

296 2951 539 3022 perinde
571 2966 635 3005 ac
668 2949 770 3005 illa
800 2950 1075 3004 Barnabaa
1110 2950 1331 3004 monita
1358 2950 1569 3004 Joanni
1603 2950 1792 3005 Marco
1822 2953 1937 3003 tra-

298 3038 439 3105 dita,
475 3054 602 3110 qua:
636 3055 787 3092 unus
819 3038 1067 3109 ipsemet
1098 3036 1417 3093 monachus
1456 3038 1793 3093 Laudationi
1820 3055 1939 3093 sua:

298 3128 576 3182 intexuit:
613 3128 755 3181 adeo
788 3131 854 3182 ut
883 3125 1105 3181 nullam
1136 3126 1375 3181 omnino
1395 3125 1507 3180 vim
1535 3128 1605 3181 ad
1630 3143 1935 3182 assensum
1970 3153 2012 3218 Ο

298 3215 763 3288 extorquendum
796 3214 1067 3285 habeant,
1102 3232 1227 3285 quin
1260 3233 1292 3269 a
1321 3214 1706 3286 scriptoribus
1735 3216 1936 3271 istius-

301 3304 458 3361 modi
492 3304 886 3376 prol‘eruntur.
919 3302 1179 3359 Graviter
1208 3303 1363 3357 enim
1395 3308 1452 3357 et
1479 3319 1609 3358 vere
1656 3304 1801 3357 dixit
1831 3305 1937 3358 Ba-

298 3394 499 3450 ronius
531 3397 749 3457 noster,
784 3392 870 3447 vir
900 3390 1192 3446 maximus
1213 3392 1291 3447 35:
1346 3392 1496 3459 Quod
1549 3409 1582 3446 a
1636 3394 1940 3448 recentiore

298 3486 517 3539 auctore
567 3484 627 3537 in
670 3482 830 3537 rebus
888 3481 1131 3552 antiquis
1181 3482 1300 3535 sine
1348 3481 1584 3551 alicujus
1635 3483 1940 3536 vetuslioris

299 3576 623 3628 auctoritate
675 3572 972 3642 profertur,
1034 3571 1421 3624 contemnitur.
1482 3569 1627 3624 Illud
1710 3586 1942 3641 quoque

299 3660 539 3729 accedit,
574 3660 793 3713 absona
822 3660 1095 3729 pleraque
1126 3673 1191 3712 ac
1223 3656 1368 3711 falsa
1407 3656 1465 3711 in
1513 3657 1776 3726 ejusdem
1813 3674 1939 3712 mo-

300 3748 472 3805 nachi
503 3747 856 3802 Laudatione
904 3762 1243 3812 occurrere;
1292 3762 1417 3816 quae
1460 3763 1600 3801 sane
1650 3747 1719 3800 ad
1753 3746 1939 3817 ipsius

297 3838 472 3893 fidem
505 3835 937 3891 obtundendam
969 3834 1427 3904 elevandamque
1470 3851 1585 3887 non
1627 3834 1939 3889 minimum

295 3924 564 3979 valeant:
597 3939 712 3993 qua
742 3922 811 3976 de
845 3938 904 3975 re
936 3923 993 3975 in
1027 3921 1231 3991 primis
1282 3921 1622 3975 consulendi
1668 3921 1940 3978 laudatus

297 4012 585 4068 Baronius
614 4012 657 4046 ⁸⁵
689 4028 754 4066 ac
786 4009 1193 4065 Tillemontius
1222 4011 1285 4062 ⁸⁷.

371 4144 473 4199 His
494 4160 625 4200 vero
646 4144 740 4198 vix
761 4144 901 4197 dum
932 4143 1012 4197 ita
1032 4141 1338 4208 enarratis,
1374 4144 1443 4197 ad
1478 4159 1689 4199 manus
1713 4148 1941 4201 nostras

296 4232 682 4305 pervenitviri
720 4230 985 4286 doctrina
1015 4235 1073 4285 et
1101 4230 1425 4285 eruditione
1458 4232 1786 4302 praestantis
1820 4250 1942 4304 per-

297 4321 595 4377 eruditum
623 4337 762 4376 sane
794 4320 1265 4375 Commentarium
1305 4320 1363 4374 in
1392 4329 1542 4375 vetus
1572 4338 1938 4377 marmoreum

234 4434 235 4437 η
297 4410 350 4465 S.
382 4410 757 4481 Neapolitana:
804 4407 1056 4464 ecclesia?
1094 4408 1509 4474 Kalendarium,
1551 4410 1649 4481 qui
1692 4414 1938 4466 Alexan-

2024 528 2127 582 per
2158 529 2259 567 ora
2289 513 2554 581 traditas,
2590 518 2853 569 secutum
2890 530 3018 569 esse
3044 530 3056 567 :
3093 534 3121 562 »
3146 518 3209 568 ut
3230 517 3538 585 propterea
3565 514 3676 567 mi-

2024 617 2137 655 nus
2170 602 2281 656 ﬁde
2320 603 2533 675 dignus
2576 604 2708 671 jure
2758 602 2927 657 nobis
2969 602 3255 667 videatur,
3309 601 3369 656 in
3418 602 3491 657 iis
3539 618 3671 673 qua

2026 688 2435 760 persequimur
2464 690 2903 761 investigandis.

2099 779 2321 849 Itaque,
2354 784 2418 834 ut
2449 779 2541 834 bis
2573 780 2809 834 demum
2842 780 3087 835 certiora
3146 778 3537 849 solidioraque
3568 779 3673 833 ob-

2020 865 2319 938 jiciamus,
2353 885 2478 939 quae
2510 869 2578 923 ad
2614 868 2964 923 sententiam
3017 873 3277 923 nostram
3316 868 3673 922 conﬁrman—

2026 955 2160 1008 dam
2203 956 2441 1027 prOpius
2491 958 2811 1012 accedant:
2862 957 3120 1028 primum
3173 956 3405 1027 quidem
3438 972 3508 1011 ex
3534 973 3675 1027 apo-

2028 1042 2309 1099 stolorum
2335 1044 2493 1099 Actis
2517 1046 2562 1079 3°
2592 1044 2957 1116 satisliquet,
2984 1045 3233 1099 Paulum
3270 1044 3424 1100 inter
3452 1049 3510 1100 et
3540 1044 3680 1099 Bar-

2029 1132 2241 1187 nabam
2273 1133 2629 1201 dissensum,
2665 1139 2797 1205 post
2836 1150 3019 1189 unum
3055 1133 3375 1189 alterumve
3409 1149 3677 1189 mensem

2028 1237 2062 1275 a
2093 1227 2289 1276 coacto
2321 1222 2851 1294 Hierosolymitano
2882 1222 3128 1278 concilio
3157 1222 3463 1278 accidisse.
3507 1227 3678 1277 Anno

2028 1314 2224 1364 autem
2274 1310 2626 1382 Dionysiano
2680 1311 2741 1365 5i
2798 1311 3068 1366 habitum
3123 1311 3305 1366 fuisse
3353 1309 3677 1365 concilium

2029 1397 2173 1452 illud
2187 1444 2199 1465 ,
2215 1404 2340 1454 rata
2357 1404 2444 1453 est
2463 1399 2849 1455 celebriorum
2865 1398 3351 1471 cbronologorum
3378 1400 3578 1472 opinio
3598 1400 3674 1455 θοι

2029 1487 2289 1559 adeoque
2321 1487 2429 1543 hoc
2456 1487 2581 1559 ipso
2612 1505 2786 1554 anno,
2838 1488 2957 1543 sive
3007 1492 3072 1543 ut
3112 1489 3363 1543 maxime
3410 1488 3521 1543 sub
3566 1488 3680 1542 ini-

2028 1576 2175 1629 tium
2229 1576 2591 1647 insequentis
2644 1579 2716 1632 52
2771 1578 3047 1633 Barnabas
3095 1596 3129 1632 a
3176 1576 3355 1633 Paulo
3395 1577 3680 1633 discessio

2030 1664 2346 1736 contigisse
2376 1665 2621 1721 videtur.
2653 1667 2785 1721 Jam
2817 1683 2949 1722 vero
2980 1670 3231 1737 quatuor
3274 1670 3376 1721 aut
3414 1665 3684 1738 quinque

2033 1758 2165 1823 post
2181 1769 2366 1808 annos
2388 1754 2458 1808 ab
2492 1771 2556 1809 eo
2580 1753 2844 1825 divortio,
2869 1759 3187 1826 utrumque
3217 1755 3429 1810 iterum
3470 1771 3680 1810 conve-

2035 1840 2211 1907 nisse,
2239 1840 2393 1896 haud
2425 1842 2691 1905 obscure,
2726 1859 2855 1899 meo
2886 1844 3125 1914 quidem
3152 1842 3369 1909 animo,
3421 1860 3452 1899 e
3482 1844 3684 1915 priore

2032 1929 2102 1983 ad
2137 1929 2465 1985 Corinthios
2515 1930 2769 2002 Epistola
2799 1931 3093 2005 colligitur
3113 1932 3180 1986 θί.
3235 1932 3317 1987 lbi
3348 1931 3503 1987 enim
3537 1932 3683 1987 Bar-

2033 2019 2195 2072 nabas
2224 2019 2384 2073 velut
2413 2020 2553 2073 socii
2606 2020 2880 2074 fidissimi
2916 2020 3186 2075 meminit
3240 2019 3553 2091 Apostolus
3585 2020 3685 2076 his

2033 2107 2224 2161 verbis
2251 2124 2262 2161 :
2296 2109 2556 2178 Nunquid
2586 2125 2699 2164 non
2727 2109 2985 2164 habemus
3028 2113 3353 2180 potestatem
3385 2110 3685 2165 mulierem

2032 2211 2272 2250 sororem
2302 2197 2768 2262 circumducendi,
2800 2200 2938 2253 sicut
2987 2206 3036 2253 et
3083 2199 3279 2255 caeteri
3328 2199 3586 2271 apostoli,
3630 2207 3686 2254 et

2033 2288 2234 2355 fratres
2262 2285 2498 2351 Domini,
2530 2289 2580 2341 et
2613 2286 2817 2357 Cephas
2840 2290 2865 2339 .9
2893 2293 3001 2341 Aut
3029 2303 3126 2355 ego
3181 2287 3329 2341 solus
3376 2295 3427 2341 et
3466 2289 3684 2342 Barna-

2038 2374 2131 2427 bas
2159 2389 2267 2428 non
2300 2374 2558 2428 habemus
2606 2378 2919 2445 potestatem
2967 2377 3068 2431 hoc
3114 2376 3435 2447 aperandi?
3482 2376 3684 2430 Enim-

2038 2478 2192 2531 vero,
2227 2466 2327 2517 aut
2356 2479 2459 2533 ego
2493 2462 2743 2518 maxime
2770 2462 2956 2528 fallor,
3004 2469 3105 2518 aut
3161 2464 3457 2518 Barnabas
3507 2464 3686 2519 Paulo

2040 2550 2392 2617 adhaerebat,
2428 2552 2569 2605 dum
2602 2552 2673 2607 de
2721 2568 2787 2606 eo
2834 2552 2955 2606 haec
3006 2553 3301 2607 scribebat
3347 2551 3691 2624 Apostolus.

2042 2638 2206 2693 Prior
2236 2642 2428 2693 autem
2464 2640 2535 2693 ad
2567 2638 2897 2695 Corinthios
2949 2638 3205 2710 Epistola
3250 2655 3402 2694 anno
3427 2640 3497 2694 56
3535 2638 3700 2694 desi-

2046 2730 2217 2782 nente
2234 2728 2298 2792 9³,
2330 2727 2417 2782 vel
2445 2729 2513 2780 57
2546 2728 2784 2784 ineunte
2813 2730 2879 2794 9³,
2903 2728 3126 2799 scripta
3146 2727 3509 2800 perhibetur.
3534 2728 3703 2783 Unde

2047 2832 2297 2887 pronum
2348 2820 2437 2871 est
2484 2832 2729 2887 arguere
2775 2818 3129 2882 Barnabam,
3171 2821 3485 2887 postquam
3544 2831 3608 2871 se
3670 2834 3706 2871 a

2048 2905 2226 2959 Paulo
2254 2905 2605 2975 seiunxerat,
2645 2922 2797 2961 anno
2824 2907 2917 2975 51,
2942 2906 3066 2976 jam
3100 2905 3235 2960 inde
3277 2910 3413 2978 post
3442 2910 3706 2977 quatuor

2048 2993 2134 3047 vel
2169 2994 2431 3065 quinque
2462 3010 2752 3049 annorum
2778 2995 3057 3066 spatium,
3084 2999 3149 3048 ut
3171 2995 3342 3050 modo
3365 2994 3704 3063 innuimus,

2053 3081 2111 3136 in
2145 3082 2273 3152 ejus
2305 3083 2543 3137 demum
2577 3083 2915 3139 societatem
2948 3082 3192 3139 rediisse
3223 3099 3235 3137 :
3269 3088 3332 3138 ut
3352 3083 3597 3155 proinde
3618 3083 3702 3138 nil

2052 3172 2292 3241 mirum,
2325 3171 2376 3227 si
2403 3171 2651 3227 Joannis
2682 3172 2859 3227 Marci
2892 3171 3171 3227 Barnabae
3205 3171 3540 3227 consobrini
3572 3186 3700 3227 me-

2049 3261 2287 3315 minerit
2317 3260 2636 3331 Apostolus
2669 3277 2824 3316 anno
2854 3262 2943 3329 62,
2978 3261 3119 3315 dum
3143 3261 3215 3315 ad
3237 3260 3617 3316 Colossenses
3646 3265 3708 3316 et

2052 3350 2122 3404 ad
2156 3348 2555 3405 Philemonem
2588 3350 2899 3415 scriberet;
2926 3348 3241 3421 ipsumque
3269 3350 3330 3404 in
3354 3348 3561 3421 primis
3608 3365 3703 3404 re-

2049 3440 2283 3492 censeat
2330 3454 2481 3494 anno
2525 3439 2615 3503 67,
2671 3454 2787 3507 quo
2837 3438 3155 3493 secundam
3206 3439 3276 3494 ad
3318 3436 3699 3492 Timotheum

2051 3525 2287 3597 scripsit
2317 3525 2658 3597 Epistolam,
2693 3526 2846 3581 inter
2893 3542 2993 3582 eos
3032 3527 3223 3582 socios
3271 3543 3303 3581 e
3332 3526 3547 3597 quibus
3590 3525 3707 3581 sibi

2052 3614 2467 3669 assistentibus
2499 3619 2894 3686 opportunum
2918 3614 2975 3670 in
3001 3615 3125 3669 suis
3147 3613 3399 3670 vinculis
3426 3614 3709 3670 solatium

2053 3703 2247 3757 Romae
2280 3701 2581 3773 reciperet.

2122 3791 2318 3861 Neque
2344 3795 2573 3846 tantum
2606 3792 2910 3847 desinente
2938 3808 3091 3847 anno
3120 3792 3213 3860 56,
3246 3793 3345 3847 sed
3378 3791 3556 3847 etiam
3589 3793 3707 3848 sub

2052 3880 2351 3951 sequentis
2389 3882 2457 3933 57
2503 3880 2679 3936 ﬁnem
2727 3880 2814 3937 vel
2878 3881 3123 3936 fortasse
3167 3880 3407 3936 ineunte
3460 3882 3552 3945 58,
3584 3898 3712 3952 quo

2050 3973 2311 4041 tempore
2342 3969 2631 4040 posterior
2659 3970 2941 4041 inscripta
2972 3969 3082 4023 fuit
3109 3969 3429 4025 Corinthiis
3472 3970 3708 4041 Episto-

2050 4057 2189 4123 la",
2240 4057 2417 4112 vitam
2465 4057 2657 4113 adhuc
2712 4057 2902 4129 egisse
2946 4058 3296 4127 Barnabam,
3343 4064 3715 4113 censuerunt

2052 4143 2320 4199 nonnulli
2378 4145 2753 4201 ecclesiastici
2804 4146 3118 4217 scriptores
3166 4146 3396 4201 Joanne
3453 4145 3713 4218 Chryso-

2053 4238 2241 4288 stomo
2272 4234 2652 4304 antiquiores.
2689 4235 2772 4289 Ad
2805 4234 2905 4289 illa
2932 4234 3090 4289 enim
3124 4233 3380 4306 Apostoli
3420 4233 3666 4289 verba”
3694 4251 3707 4289 :

2051 4323 2304 4376 Misimus
2361 4324 2531 4378 etiam
2556 4339 2682 4377 cum
2711 4324 2808 4379 illo
2839 4325 3091 4393 fratrem,
3146 4323 3300 4391 cuius
3349 4322 3470 4378 laus
3523 4331 3606 4378 est
3641 4325 3709 4377 in

2054 4412 2356 4477 Evangelia
2383 4428 2483 4481 per
2509 4428 2691 4466 omnes
2720 4412 3008 4477 Ecclesias,
3043 4411 3162 4466 haec
3189 4411 3430 4465 adnotat
3458 4410 3711 4483 Chryso-

298 4498 385 4554 dri
446 4498 715 4553 monachi
775 4515 1012 4552 causam
1072 4498 1497 4553 defendendam
1558 4502 1836 4571 suscepit,
1871 4501 1928 4554 il-

2048 4505 2274 4554 slomus
2297 4501 2375 4554 9°:
2436 4499 2531 4552 Καὶ
2588 4498 2671 4559 τίς
2728 4499 2884 4560 οὗτός
2945 4498 3083 4553 ἐστὶν
3141 4499 3169 4551 ὁ
3218 4495 3496 4575 ἀδε).φός;
3554 4499 3710 4559 Τινὲς

293 4588 536 4659 lumque
590 4587 800 4643 sazculo
858 4604 907 4640 vn
994 4585 1295 4641 desinente
1381 4588 1647 4643 ﬂoruisse
1705 4594 1937 4644 conten-

294 4677 381 4733 dit
409 4676 472 4731 ⁸⁸.
524 4675 793 4731 Dolemus
840 4674 1133 4730 enimvero
1183 4674 1372 4730 serius
1433 4676 1601 4731 nobis
1647 4678 1939 4733 detectum

297 4782 466 4837 opus,
499 4782 613 4836 quo
642 4764 925 4819 hactenus
959 4764 1112 4819 dicta
1138 4767 1436 4835 utcunque
1458 4766 1822 4837 temperandi
1857 4768 1941 4822 fa-

294 4854 482 4910 cultas
514 4855 652 4909 data
681 4858 853 4909 esset.
908 4855 978 4907 At
1026 4851 1171 4907 illud
1232 4852 1437 4908 saltem
1489 4854 1750 4909 concedit
1780 4855 1827 4908 V
1882 4861 1939 4911 Ο.

293 4942 453 4997 hunc
486 4941 841 4997 monachum
873 4941 1168 5013 Cyprium,
1206 4964 1231 4989 α
1268 4958 1381 4996 non
1408 4942 1660 4997 multum
1703 4943 1942 5014 quidem

283 5030 508 5102 judicio
541 5030 815 5099 valuisse,
851 5046 955 5084 nec
1008 5047 1137 5086 raro
1187 5030 1242 5084 in
1305 5029 1477 5101 paulo
1509 5031 1942 5103 antiquioribus

291 5120 467 5175 rebus
490 5138 523 5174 a
543 5120 782 5174 veritate
804 5120 1142 5174 aberrasse:
1172 5119 1313 5190 quin
1348 5124 1403 5173 et
1423 5119 1726 5175 insulanas
1750 5138 1945 5176 narra-

364 5245 409 5279 ⁸³
442 5243 690 5309 Fabric.,
725 5242 867 5297 Bibl.
904 5243 1021 5309 Gn,
1056 5248 1195 5298 tom.
1229 5244 1290 5311 X,
1326 5260 1393 5311 pa

293 5314 589 5387 przelocut.
622 5317 689 5368 ad
725 5315 922 5368 Annal.
958 5315 1111 5380 eeel.,
1143 5320 1283 5387 tom.

293 5404 426 5459 pag.
462 5388 583 5443 412.
610 5387 716 5439 655
745 5390 801 5440 et
832 5401 994 5459 seqq.

290 5458 451 5512 mem.
486 5480 549 5509 ιη.
578 5462 592 5509 l
626 5464 805 5521 ,tom.
840 5458 879 5523 Ι,
919 5473 1046 5525 pag.
1079 5459 1204 5511 54ῖῖ.
1283 5459 1322 5493 υί
1360 5460 1377 5511 l
1413 5463 1642 5525 (Ior.1x,
1691 5460 1745 5523 5,
1777 5460 1829 5512 6.

1404 5245 1615 5317 8.7473.
1654 5316 1667 5317 ί
1695 5247 1739 5277 ⁸⁸
1770 5244 1928 5299 Alex.
1962 5249 2137 5313 Mon.,
2174 5248 2325 5317 apud
2351 5245 2611 5301 Bolland.
2651 5246 2687 5301 l.
2722 5264 2795 5309 ο..
2824 5263 2988 5301 num.
3020 5248 3075 5312 8,

1352 5356 1363 5375 ν
1400 5324 1425 5379 §
1456 5316 1541 5369 «12.
1575 5316 1617 5349 ⁸⁵
1653 5316 1759 5382 Id.,
1795 5318 1928 5370 ibid.

2044 5318 2060 5371 i
2094 5334 2189 5373 an.
2214 5316 2311 5379 54,
2344 5320 2370 5383 §
2400 5320 2469 5369 53
2490 5323 2546 5372 et
2580 5317 2735 5371 alibi.
2764 5320 2805 5353 ⁸⁷
2830 5317 3083 5381 'l‘illem..
3120 5322 3277 5373 Mem.
3301 5316 3457 5377 eccl.,
3484 5319 3626 5372 tom.
3652 5321 3701 5383 Ι,

1072 5388 1115 5419 ⁸⁸
1148 5386 1428 5453 Muzoch.,
1465 5388 1783 5451 C0mmcnt.,
1820 5387 1927 5442 vol.
1966 5389 2033 5447 Η,
2070 5406 2197 5512 pag.
2232 5390 2493 5442 555-557.
2528 5390 2571 5423 ⁸9
2618 5392 2741 5442 Act.
2792 5408 2885 5457 xv,
2934 5390 3123 5443 30-36.
3203 5389 3247 5422 9°
3276 5387 3405 5441 Vid.
3440 5387 3699 5454 Tillem.,

1079 5459 1204 5511 54ῖῖ.
1283 5459 1322 5493 υί
1360 5460 1377 5511 l
1413 5463 1642 5514 (Ior.1x.
1691 5460 1745 5514 5.
1777 5460 1829 5512 6.
1908 5460 1953 5493 οἳ
2000 5460 2061 5512 Ti
2096 5459 2249 5514 lem..
2305 5460 2341 5514 Ι.
2387 5478 2460 5514 c..
2497 5478 2549 5514 ι).
2606 5462 2734 5514 563.
2804 5462 2849 5498 93
2908 5465 3100 5514 Pears.
3162 5460 3359 5514 Annal.
3417 5460 3602 5514 Paul..
3636 5478 3693 5514 ο.

2053 4588 2145 4659 μὲν
2189 4589 2279 4641 τὸν
2336 4595 2568 4642 Λουκᾶνο
2602 4589 2691 4642 καί
2750 4609 2873 4666 φασι
2935 4586 3023 4642 διὰ
3077 4588 3177 4655 τὴν
3231 4586 3467 4662 ἱστορίαν
3528 4586 3707 4661 ἤνπερ

2052 4673 2272 4751 ἔγραψε.
2331 4678 2482 4738 Τινὲς
2558 4675 2614 4731 δὲ
2672 4677 2763 4731 τὸν
2837 4670 3129 4751 Βαρνάϐαν·
3188 4676 3277 4730 καὶ
3332 4676 3432 4751 γὰρ
3494 4676 3585 4729 καὶ
3636 4677 3708 4729 τὸ

2053 4763 2287 4842 ἄγραφον
2356 4767 2616 4840 κήρυγμα
2676 4764 3007 4839 Εὐαγγέλιον
3066 4763 3241 4819 καλεῖ.
3299 4767 3367 4820 Et
3432 4768 3708 4836 quisnam

2053 4865 2131 4910 est
2154 4856 2243 4910 hic
2272 4858 2495 4926 frater?
2544 4856 2810 4911 Nonnulli
2863 4854 3087 4926 quidem
3134 4854 3218 4909 his
3278 4854 3451 4910 verbis
3492 4858 3709 4910 Lucam

2054 4945 2367 5014 significari
2410 4948 2647 5015 putant:
2701 4954 2863 5016 atque
2916 4945 3013 4999 hoc
3066 4943 3253 4998 dicunt
3300 4945 3525 5014 propter
3579 4959 3709 4999 eam

2057 5034 2347 5087 historiam
2382 5050 2542 5103 quam
2581 5033 2782 5089 litteris
2829 5033 3142 5088 mandavit.
3185 5032 3298 5086 Alii
3338 5046 3460 5087 vero
3488 5032 3711 5087 Barna-

2058 5123 2182 5175 bam
2211 5140 2229 5176 :
2259 5125 2460 5177 etenim
2527 5122 2970 5193 praedicationem
3026 5137 3234 5191 quoque
3278 5136 3385 5175 non
3436 5123 3713 5194 scriptam

3102 5262 3158 5316 p.
3192 5245 3313 5300 l138.
3390 5245 3435 5280 ⁸⁵
3466 5246 3705 5314 Baron.,

2496 5478 2549 5530 p.
2606 5462 2734 5515 563.
2778 5462 2849 5531 fr"
2908 5465 3100 5516 Pears.
3162 5460 3359 5515 Annal.
3417 5460 3602 5531 Paul.,
3636 5478 3693 5531 p.

290 5531 391 5603 ὥς
427 5532 540 5584 Ml
580 5576 588 5587 ,
624 5530 925 5603 Ρζοιοθουι.
960 5529 1027 5603 ad
1060 5530 1120 5583 Ν.
1149 5531 1224 5585 Τ..
1259 5532 1387 5603 ξῼκ
1447 5532 1490 5564 9‘
1519 5529 1771 5603 Tillemﬂ
1810 5534 1928 5585 Peai

2044 5535 2099 5584 et
2143 5532 2281 5586 Mill.
2334 5529 2605 5587 locis’cit.
2684 5534 2726 5565 9⁵
2773 5530 2818 5584 ΙΙ
2867 5534 2992 5588 Cor.
3045 5549 3168 5600 vm,
3223 5532 3309 5586 t8.
3387 5530 3430 5565 ⁰⁶
3460 5529 3691 5603 Chrys,

288 5600 447 5657 hom.
483 5608 533 5655 8.
574 5620 625 5655 in
662 5601 841 5671 Epist.
878 5601 923 5653 ll
957 5602 1027 5656 ad
1060 5606 1182 5655 Cor.
1218 5604 1243 5667 ξ
1278 5602 1324 5668 Ι,
1360 5601 1503 5673 Opp.
1540 5606 1679 5657 tom.
1714 5602 1779 5667 X,
1815 5618 1926 5673 pag

2047 5603 2097 5655 4.
