4014 6202
277 332 394 409 an

1665 325 2279 392 PROLEGOMENA.

3553 309 3674 377 698

273 462 634 537 Evangelium
687 466 994 537 nuncupat.
1054 462 1217 520 Unde
1264 462 1457 520 videas
1507 463 1918 536 Chrysostomo
1948 462 2004 530 Α
2032 466 2145 517 stet
2174 460 2523 527 Barnabam,
2557 459 2813 530 adeoque
2831 456 3116 514 Joannem
3161 454 3420 510 Marcum
3468 466 3677 508 conso-

270 553 419 609 item
439 553 670 626 probari
691 570 892 610 eorum
905 558 1166 609 veterum
1181 553 1531 625 scriptorum
1547 552 1895 608 sententiam
1908 596 1921 617 ,

271 642 374 715 qui
402 641 661 715 Apostoli
694 644 869 697 verba
891 644 961 698 de
991 642 1256 698 Barnaba
1275 643 1507 697 fuerunt
1538 640 1927 713 interpretati.

267 730 490 785 Verum
542 730 910 802 apertissime
963 730 1353 786 Theodoritus
1404 731 1460 784 in
1509 732 1782 785 eumdem
1832 728 1921 783 lo-

270 835 407 874 cum
458 819 502 853 9⁷
549 835 563 874 :
610 818 709 871 Τὸν
761 817 1151 893 τρισμακάριον
1208 814 1482 892 Βαρνάϐαν
1540 818 1607 870 τὰ
1665 814 1924 889 εἰρημένα

269 905 685 982 χαρακτηρίζει.
740 905 913 967 Αὐτὸς
964 907 1064 982 γὰρ
1112 907 1201 959 καὶ
1257 906 1308 960 ἐν
1361 905 1669 980 Ἀντιοχείᾳ
1706 904 1796 958 σὺν
1844 909 1924 976 τῷ

275 995 528 1072 μακαρίῳ
583 994 787 1067 Παύλῳ
823 1040 835 1064 ,
889 1002 988 1064 τῆς
1048 994 1385 1070 χειροτονίας
1460 993 1729 1067 τετύχηκε
1762 1040 1774 1064 ,
1826 997 1923 1047 τοῦ

270 1080 415 1135 θείου
466 1080 795 1155 Πνεῦματος.
834 1081 1137 1158 εἰρηκότος⁸
1192 1081 1511 1158 Ἀφορίσατε
1569 1079 1632 1150 δή
1691 1102 1780 1153 μοι
1833 1081 1925 1135 τὸν

269 1165 550 1246 Βαρνάϐαν
618 1172 706 1224 καὶ
763 1170 853 1224 τὸν
912 1170 1144 1241 Σαῦλον,
1208 1171 1283 1232 εἷς
1340 1171 1399 1223 τὸ
1456 1167 1615 1245 ἔργον
1673 1170 1701 1224 '6
1757 1190 1923 1243 προσ-

271 1258 557 1331 κέκλημαι
587 1259 798 1321 αὐτούς.
830 1263 960 1318 Haec
1007 1262 1171 1316 verba
1216 1261 1505 1333 designant
1552 1261 1925 1316 beatissimum

269 1350 615 1405 Barnabam.
662 1353 776 1421 Ipse
822 1366 1060 1422 namque
1103 1350 1408 1407 Antiochia?
1427 1366 1547 1405 cum
1571 1350 1722 1405 beato
1750 1350 1925 1405 Paulo

269 1439 560 1495 ordinatus
600 1442 696 1505 est,
746 1438 956 1495 dicente
1003 1439 1191 1495 divino
1238 1440 1449 1511 Spiritu
1497 1458 1516 1493 ι
1566 1463 1593 1489 ‹‹
1642 1440 1927 1510 Segregate

267 1527 416 1583 mihi
446 1528 781 1583 Barnabam
812 1533 868 1583 et
897 1528 1151 1595 Saulum,
1184 1530 1253 1583 ad
1292 1545 1426 1600 opus
1453 1529 1522 1584 ad
1574 1528 1713 1599 quod
1744 1531 1929 1583 vocavi

268 1631 374 1671 eos.
411 1638 442 1664 »
476 1616 678 1688 Neque
708 1616 866 1671 aliud
902 1632 1041 1672 sane
1072 1618 1321 1673 suadere
1362 1617 1592 1672 videtur
1623 1621 1927 1673 contextus

268 1702 582 1759 Paulinus.
609 1704 910 1776 Siquidem
937 1705 1125 1760 verbis
1150 1706 1320 1761 modo
1349 1706 1607 1762 recitatis
1636 1706 1703 1761 de
1728 1708 1924 1777 fratre,

487 1793 610 1848 laus
634 1881 646 1893 .
669 1797 773 1896 est‘
805 1796 863 1847 in
925 1795 1223 1896 Epangetio
1276 1811 1376 1867 per
1404 1811 1586 1851 omnes
1637 1796 1923 1863 Ecclesias,
1959 1830 2007 1896 Β

268 1881 476 1936 subdit
509 1881 712 1937 statim
744 1884 1058 1954 Apostolus
1095 1900 1108 1938 :
1141 1884 1260 1939 Non
1288 1886 1465 1940 solum
1514 1892 1716 1950 autem,
1754 1884 1850 1939 sed
1876 1888 1929 1940 et

267 1969 567 2025 ordinatus
642 1979 723 2026 est
777 1988 952 2027 comes
1001 1974 1466 2044 peregrinationis
1521 1978 1745 2029 nostra}.
1788 1973 1927 2038 Quis

267 2074 439 2129 porro
476 2076 675 2115 comes
698 2060 807 2115 iste
826 2060 854 2114 ?
882 2061 1008 2115 Non
1030 2065 1356 2128 Lucas,non
1386 2062 1679 2126 Silas,non
1701 2061 1924 2133 Apollo,

267 2163 382 2202 non
412 2147 678 2203 Joannes
712 2148 963 2216 Marcus,
1001 2154 1066 2203 ut
1097 2149 1360 2205 nonnulli
1390 2155 1613 2206 veteres
1643 2155 1700 2205 et
1729 2167 1925 2205 recen-

272 2235 451 2291 tiores
488 2242 886 2304 censuerunt;
944 2238 1043 2293 sed
1080 2238 1243 2293 solus
1286 2239 1602 2295 Barnabas.
1636 2238 1739 2293 Hic
1770 2238 1926 2293 enim

268 2341 418 2379 unus
444 2324 667 2396 legitur
687 2326 1099 2400 χειροτονηθεὶς
1132 2323 1469 2398 συνέκδημος
1499 2330 1754 2399 ἡμῶν,υῒ.
1784 2332 1927 2382 Pau-

268 2411 360 2467 lus
392 2412 619 2468 ibidem
663 2413 960 2486 loquitur;
995 2416 1066 2469 ad
1124 2412 1223 2470 illa
1270 2416 1471 2487 procul
1520 2416 1699 2471 dubio
1744 2416 1925 2487 respi-

268 2501 446 2571 ciens,
509 2519 634 2574 qute
679 2503 751 2558 de
802 2518 865 2557 se
915 2504 1042 2575 ipso
1092 2508 1149 2559 et
1196 2505 1457 2560 Barnaba
1504 2506 1819 2560 traduntur
1867 2506 1923 2559 in

267 2590 428 2646 Actis
471 2591 518 2625 9°
564 2587 711 2645 εΚαί
760 2589 1027 2654 ἐπιθέντες
1075 2591 1169 2652 τὰς
1220 2597 1408 2667 χεῖρας
1460 2592 1664 2663 αὐτοῖς,
1723 2590 1923 2647 ἀπέλυ-

268 2698 381 2747 σαν,
410 2680 577 2751 quod
612 2680 887 2752 nuspiam
921 2681 991 2736 de
1020 2680 1150 2736 aliis
1181 2698 1452 2753 expresse
1481 2682 1751 2755 legimus.

338 2786 499 2851 Quid
531 2787 684 2858 quod
746 2786 901 2842 idem
959 2787 1018 2842 S.
1049 2787 1307 2843 Joannes
1356 2788 1766 2861 Crysostomus
1797 2806 1925 2844 cen-

270 2874 469 2933 suisse
504 2891 737 2946 qnoque
765 2875 1014 2942 videtur,
1052 2879 1116 2930 ut
1144 2875 1266 2930 viro
1298 2877 1527 2933 erudito
1558 2881 1822 2932 notatum
1859 2879 1922 2946 9°,

272 2963 601 3019 Barnabam
636 2963 1015 3034 superstitem
1049 2964 1242 3019 adhuc
1292 2964 1493 3036 fuisse,
1539 2966 1679 3021 dum
1716 2966 1785 3021 ad
1820 2968 1923 3023 Co-

268 3050 569 3106 lossenses
599 3050 910 3122 Apostolus
932 3052 1298 3108 scriberet.1n
1323 3053 1425 3108 illa
1446 3054 1599 3109 enim
1625 3056 1801 3111 verba
1834 3056 1920 3111 ¹⁰⁰ε

271 3138 495 3195 Salutat
548 3156 704 3196 vos...
754 3141 967 3195 Marcus
1019 3142 1371 3197 consobrinus
1444 3143 1737 3209 Barnabas,
1804 3143 1924 3199 haec

268 3227 447 3284 habet
482 3228 542 3283 S.
575 3229 779 3284 doctor
811 3231 825 3263 ¹
864 3246 876 3283 :
910 3226 1009 3281 Καὶ
1042 3233 1229 3282 τοῦτον
1264 3228 1592 3301 ἐνεκωμίασε
1637 3231 1773 3292 τέως
1820 3230 1927 3285 ἀπὸ

270 3321 367 3383 τῆς
422 3314 760 3390 συγγενείας·
823 3316 990 3390 μέγας
1051 3316 1153 3391 γὰρ
1226 3317 1292 3385 ἧν
1344 3317 1497 3392 ἀυὴρ
1542 3318 1569 3371 ὁ
1628 3314 1924 3391 Βαρνάϐας.

275 3404 401 3477 Περὶ
472 3402 535 3457 οὗ
596 3400 816 3459 ἐλάϐετε
884 3403 1125 3475 ἐντολὰς,
1186 3404 1272 3460 ἐὰν
1348 3404 1479 3479 ἔλθῃ
1556 3407 1690 3481 πρὸς
1765 3408 1925 3479 ὑμᾶς,

274 3489 495 3562 δέξασθε
564 3491 749 3551 αὐτόν.
817 3493 876 3546 Τί
934 3494 1075 3568 γάρ;
1137 3493 1235 3549 οὐκ
1288 3491 1544 3569 ἐδέχοντο
1604 3495 1693 3549 καὶ
1750 3496 1926 3571 χωρὶς

269 3582 511 3652 “sou-ron;
563 3581 670 3635 ναί’
723 3580 869 3637 ἀλλὰ
921 3583 1054 3655 μετά
1112 3582 1329 3652 πολλῆς
1359 3591 1458 3653 τῆς
1504 3582 1744 3653 σπουδῆς
1804 3584 1928 3659 βού-

269 3669 466 3743 λομαι,
518 3668 673 3747 φησί·
723 3671 812 3725 καὶ
860 3676 1021 3725 τοῦτο
1065 3672 1157 3726 τὸν
1216 3669 1380 3745 ἄνδρα
1447 3670 1681 3727 δείκνυσι
1739 3672 1924 3749 μέγαν,

265 3762 414 3817 Hunc
449 3776 659 3833 quoque
680 3761 804 3832 jam
834 3761 1081 3818 laudavit
1107 3778 1179 3818 ea:
1218 3765 1537 3831 cognatione
1566 3781 1584 3817 :
1619 3767 1738 3817 erat
1777 3766 1928 3819 enim

274 3849 568 3905 Barnabas
595 3850 684 3904 vir
710 3866 966 3921 magnus.
1001 3872 1029 3900 «
1060 3852 1132 3906 De
1174 3867 1279 3921 quo
1306 3852 1583 3922 accepistis
1611 3853 1880 3907 mandata
1908 3872 1927 3907 :

268 3940 318 3993 si
343 3940 565 3995 venerit
591 3939 665 3993 ad
692 3954 808 4005 vos,
839 3939 1103 4009 suscipite
1135 3940 1320 3994 illum.
1356 3964 1377 3991 ι
1434 3940 1573 4007 Quid
1602 3956 1730 3995 vero
1758 3945 1783 3994 ?
1819 3957 1928 3997 non

271 4026 439 4089 aliter
484 4028 893 4099 suscepissent?
938 4028 1193 4083 Maxime.
1248 4027 1351 4084 Sed
1398 4044 1523 4081 cum
1560 4045 1786 4097 magno,
1835 4031 1927 4084 in-

271 4116 408 4185 quit,
446 4114 632 4170 studio
662 4132 680 4169 :
716 4124 767 4172 et
806 4115 903 4171 hoc
931 4132 1193 4185 magnum
1249 4118 1432 4171 virum
1467 4116 1723 4172 ostendit.
1774 4117 1929 4171 Scri-

268 4208 428 4274 ptam
479 4207 676 4260 autem
737 4220 892 4259 anno
925 4205 995 4258 62
1035 4205 1219 4271 fuisse
1250 4204 1401 4259 hanc
1449 4206 1520 4260 ad
1553 4204 1928 4261 Colossenses

269 4289 618 4362 Epistolam,
655 4308 725 4347 ex
752 4291 1013 4348 virorum
1042 4293 1406 4349 eruditorum
1441 4293 1735 4348 sententia
1764 4308 1929 4363 supe-

272 4379 393 4435 rius
421 4379 703 4436 vidimus.
737 4381 819 4436 Ex
864 4381 1082 4452 quibus
1129 4397 1287 4453 ergo,
1322 4382 1369 4436 si
1417 4380 1628 4452 prioris
1657 4380 1928 4452 Epistolas

274 4467 660 4525 Corinthiacis
689 4470 866 4527 verba
894 4470 952 4525 in
988 4470 1248 4526 medium
1279 4470 1532 4526 adducta
1573 4470 1751 4542 probe
1777 4469 1927 4526 acci-

2033 552 2268 607 brinum
2330 566 2526 621 suum,
2594 553 2725 621 post
2774 544 3191 602 discessionem
3241 560 3274 597 a
3321 540 3497 598 Paulo
3545 557 3671 612 qua:

2032 658 2183 697 anno
2234 642 2297 695 51
2360 638 2677 711 contigisse
2723 637 2930 691 merito
2962 634 3350 699 existimatur,
3397 629 3670 702 Apostolo

2035 731 2242 786 iterum
2272 730 2391 799 jam
2426 726 2743 783 adhaesisse
2773 742 2926 780 anno
2954 726 3044 789 56,
3074 723 3217 794 quin
3249 725 3305 777 et
3335 719 3672 790 infvivis'ad

2034 818 2149 873 huc
2179 818 2369 891 egisse
2401 833 2555 872 anno
2581 819 2707 869 tum
2735 814 2824 879 58,
2849 817 2973 867 tum
2996 813 3087 878 62,
3110 825 3297 881 neque
3327 808 3558 881 uspiam
3580 824 3677 879 ap-

2035 912 2252 980 pareat,
2321 906 2516 977 ipsum
2572 908 2704 959 ante
2768 899 3357 972 Hierosolymitanum
3415 896 3673 952 exidium

2036 1012 2377 1068 supremum
2410 994 2564 1049 diem
2598 992 2813 1047 obiisse
2848 1007 2859 1045 :
2894 994 2958 1044 ut
3009 988 3251 1061 proinde
3298 985 3445 1042 nihil
3476 987 3667 1041 obstet

2034 1101 2149 1155 quo
2183 1081 2378 1137 minus
2411 1085 2541 1153 post
2570 1096 2789 1135 annum
2820 1079 2911 1145 70,
2944 1094 3059 1147 quo
3088 1072 3415 1148 πανολεθρία
3444 1073 3545 1129 illa
3573 1074 3674 1129 Ju-

2034 1173 2203 1228 daica
2237 1171 2497 1242 contigit,
2530 1170 2658 1240 ejus
2683 1169 2741 1223 in
2774 1166 3034 1240 Epistola
3062 1180 3169 1220 sua
3199 1162 3539 1219 meminisse
3568 1179 3677 1217 au-

2036 1265 2158 1316 ctor
2184 1260 2456 1332 potuerit.
2488 1258 2707 1313 Verum
2750 1256 2859 1311 hac
2891 1256 2962 1309 de
2992 1270 3052 1309 re
3096 1252 3459 1309 Mazuchium
3511 1250 3578 1305 V.
3612 1249 3672 1305 Ο.

2035 1349 2192 1406 adire
2224 1352 2457 1421 praestat
2486 1349 2527 1415 9,
2574 1346 2672 1418 qui
2705 1363 2773 1401 ex
2820 1343 2981 1399 Actis
3006 1341 3219 1399 Joanni
3268 1340 3459 1395 Marco
3490 1338 3678 1394 tribu-

2036 1439 2112 1494 tis
2143 1438 2375 1510 c0piose
2432 1437 2575 1493 satis
2631 1452 2695 1491 ac
2752 1433 2979 1490 erudite
3036 1432 3107 1486 de
3168 1446 3320 1486 anno
3369 1426 3675 1483 emortuali

2035 1529 2093 1583 S.
2145 1528 2423 1583 Barnabas
2474 1542 2633 1597 ages,
2696 1524 2891 1596 ipsum
2942 1537 3096 1577 anno
3142 1521 3213 1574 76
3252 1517 3466 1573 Christi
3505 1517 3681 1571 fidem

2035 1634 2140 1673 suo
2181 1615 2467 1687 sanguine
2508 1614 2908 1686 consignasse,
2964 1611 3136 1682 longe
3179 1606 3493 1665 verisimile
3545 1621 3679 1663 cen-

2036 1710 2148 1761 set.

2674 1789 2906 1845 CAPUT
2946 1788 3037 1843 IV.

2158 1884 2391 1952 Quanta:
2418 1886 2491 1938 szt
2518 1880 2885 1947 auctoritatis,
2914 1880 2963 1934 et
2986 1877 3182 1950 quanti
3210 1872 3553 1931 aestimanda.

2107 1991 2237 2046 Jam
2270 2005 2425 2053 vero,
2457 1992 2522 2043 ut
2552 1991 2783 2058 quantae
2810 1985 2889 2040 sit
2920 1981 3285 2039 auctoritatis
3313 1980 3514 2036 eadem
3546 1978 3679 2051 Epi-

2038 2078 2205 2145 stola,
2238 2079 2475 2133 demum
2507 2074 2925 2147 dispiciamus;
2974 2072 3134 2127 illam
3167 2069 3405 2125 maximi
3436 2082 3564 2124 esse
3596 2069 3680 2123 fa-

2038 2168 2309 2223 ciendam
2347 2166 2595 2238 quisque
2619 2165 2753 2234 jure
2780 2161 3076 2226 fatebitur,
3110 2164 3238 2213 tum
3269 2174 3372 2228 pro
3399 2154 3685 2228 dignitate

2038 2262 2215 2328 atque
2263 2254 2689 2312 existimatione
2739 2267 2917 2323 quam
2969 2248 3107 2304 olim
3154 2247 3309 2319 apud
3352 2243 3682 2301 vetustissi-

2038 2361 2165 2399 mos
2193 2343 2619 2399 ecclesiasticos
2650 2339 2963 2411 scriptores
2995 2335 3269 2402 obtinuit,
3310 2339 3436 2390 tum
3467 2334 3526 2389 in
3559 2333 3675 2405 pri-

2037 2432 2150 2487 mis
2194 2432 2357 2487 illius
2407 2430 2591 2503 pretio
2622 2446 2687 2484 ac
2732 2428 2981 2483 utilitate
3029 2441 3207 2496 quam
3258 2440 3327 2479 ex
3374 2439 3442 2479 ea
3482 2422 3541 2477 in
3573 2421 3677 2477 Ec-

2036 2520 2271 2577 clesiam
2304 2519 2564 2575 derivare
2594 2520 2955 2589 compertum
2988 2519 3094 2570 est.
3132 2536 3159 2563 «
3189 2514 3261 2569 Et
3292 2528 3453 2577 sane,
3484 2509 3675 2566 verbis

2036 2615 2169 2666 utor
2198 2609 2461 2665 Dacherii
2494 2608 2556 2677 V.
2604 2611 2662 2662 C.
2696 2608 2736 2677 ³,
2785 2620 3121 2679 quanquam
3174 2600 3491 2672 Epistulam
3524 2600 3675 2656 hanc

2035 2716 2139 2773 pro
2171 2697 2450 2755 canonica
2481 2701 2538 2752 et
2573 2700 2733 2751 extra
2780 2693 3162 2750 dubitandum
3196 2692 3369 2746 fidem
3412 2689 3677 2762 legitima

2036 2788 2281 2843 minime
2333 2786 2734 2859 proferamus:
2788 2782 3006 2855 stylum
3055 2786 3251 2836 tamen
3301 2797 3360 2835 re
3388 2795 3524 2834 vera
3552 2795 3677 2833 ma-

2027 2876 2261 2948 jestatis
2294 2874 2623 2947 apostolica:
2646 2873 2910 2943 dignum,
2937 2869 3361 2940 materiamque
3380 2862 3679 2923 nascentis

2034 2965 2302 3021 Ecclesiae
2344 2965 2517 3020 rebus
2567 2962 3063 3018 accommodatam
3108 2974 3224 3013 non
3274 2957 3446 3013 modo
3503 2956 3677 3028 sapit,

2034 3053 2364 3125 sedingerit
2393 3054 2566 3107 etiam
2600 3049 3079 3107 clementioribus
3105 3046 3387 3103 lectorum
3411 3044 3676 3117 judiciis:

2039 3144 2121 3199 ita
2171 3148 2253 3209 ut,
2297 3142 2346 3197 si
2393 3138 2646 3217 πορφύρα
2691 3138 2837 3214 παρὰ
2895 3138 2993 3206 τὴν
3044 3136 3324 3213 πορφύραν
3381 3131 3675 3205 διακριτὲα,

2040 3231 2294 3304 profecto
2327 3231 2397 3285 de
2426 3246 2534 3285 sua
2564 3245 2697 3284 cum
2729 3231 3071 3283 casterorum
3103 3223 3501 3297 apostolorum
3533 3222 3676 3278 scri-

2038 3321 2154 3392 ptis
2202 3316 2655 3391 comparatione,
2698 3316 3041 3389 sutfragium
3084 3313 3406 3369 secundum
3448 3328 3683 3383 sperare

2039 3407 2264 3462 debeat.
2320 3428 2347 3455 »
2396 3407 2525 3461 Haec
2564 3405 2681 3459 ille.
2733 3406 2856 3469 Qua
2887 3405 2958 3459 de
3008 3419 3068 3457 re
3114 3418 3222 3457 nos
3270 3414 3503 3472 quoque
3534 3415 3682 3455 non-

2040 3494 2201 3551 nulla
2231 3495 2404 3567 paulo
2436 3500 2589 3559 ante,
2621 3511 2748 3565 cap.
2782 3497 2817 3546 2
2845 3492 3172 3564 attigimus.

2108 3583 2259 3639 Illud
2290 3600 2421 3639 vero
2453 3582 2824 3655 potissimum
2885 3581 3343 3636 animadvertere
3364 3576 3602 3647 juverit,
3652 3594 3682 3631 e

2038 3674 2313 3729 Barnabas
2344 3671 2598 3743 Epistola
2652 3670 2967 3726 Ecclesiam
3023 3667 3367 3724 catholicam
3420 3665 3675 3737 praesidii

2038 3762 2358 3834 plurimum
2392 3764 2583 3832 petere
2614 3760 2684 3815 ad
2717 3759 3113 3815 Unitariorum
3143 3756 3502 3828 impietatem
3526 3771 3678 3809 ever-

2037 3851 2294 3917 tendam,
2325 3848 2767 3919 doctrinamque
2788 3847 3169 3902 orthodoxam
3196 3845 3267 3900 de
3288 3844 3428 3900 Jesu
3460 3842 3675 3898 Christi

2040 3938 2168 3995 Filii
2204 3939 2301 3994 Dei
2330 3940 2398 4010 τῇ
2428 3936 2759 4013 προϋπάρξει
2800 3940 3045 4007 ejusque
3088 3938 3168 4005 τῷ
3215 3930 3457 4005 δμουσίῳ
3510 3932 3675 3987 forti-

2038 4032 2126 4084 ter
2156 4028 2532 4083 astruendam
2565 4025 3097 4097 stabiliendamque
3125 4041 3137 4077 :
3170 4028 3234 4077 ut
3264 4026 3394 4094 post
3424 4021 3678 4077 Bullum‘

2039 4122 2097 4172 et
2136 4116 2417 4173 Grabium
2448 4117 2469 4150 ⁸
2498 4114 2767 4187 pluribus
2790 4114 3045 4169 ostendit
3070 4113 3158 4167 vir
3188 4113 3396 4167 doctus
3427 4111 3680 4165 Pruden-

2037 4206 2158 4262 tius
2192 4205 2471 4260 Maranus
2500 4205 2540 4260 ⁸.
2587 4204 2666 4259 De
2709 4203 2931 4259 ceteris
2976 4218 3148 4274 porro
3196 4199 3536 4255 Christianas
3579 4199 3679 4254 do-

2040 4294 2238 4351 ctrina
2271 4293 2580 4365 capitibus,
2613 4310 2679 4348 ex
2702 4293 2905 4348 eadem
2937 4290 3197 4363 Epistola
3225 4289 3519 4354 eruendis,
3565 4304 3681 4360 prs:

2043 4382 2287 4453 reliquis
2317 4399 2504 4453 nuper
2532 4382 2676 4438 satis
2705 4381 2929 4437 erudite
2968 4379 3245 4435 disseruit
3273 4379 3345 4434 cl.
3380 4376 3681 4434 Marecha-

2041 4470 2135 4527 lus
2164 4472 2205 4524 7.
2243 4470 2340 4525 His
2372 4476 2567 4525 autem
2598 4471 2882 4526 hactenus
2925 4469 3248 4525 observatis
3299 4468 3509 4523 addere
3542 4466 3683 4521 libet

276 4556 513 4628 piantur
541 4578 555 4626 ;
610 4557 661 4615 si
700 4558 1144 4631 Theodoritum,
1194 4559 1417 4615 Joanne
1447 4558 1931 4630 Chrysostomum
1963 4553 2010 4617 D
2043 4577 2110 4616 ex
2141 4560 2349 4615 Vossio
2380 4559 2399 4593 ⁸
2425 4565 2483 4614 et
2512 4559 2694 4615 Hodie
2726 4561 2769 4625 θ,
2816 4566 2871 4614 S.
2924 4559 3249 4614 Barnabam
3300 4555 3566 4628 quamvis
3615 4570 3683 4609 ex

278 4660 496 4718 eosque
529 4647 842 4718 scriptores
873 4646 1299 4710 ecclesiasticos
1328 4664 1476 4719 quos
1508 4648 1662 4703 idem
1692 4651 1930 4704 sanctus

2043 4649 2241 4705 Graeca
2274 4648 2411 4703 LXX
2438 4648 2602 4703 virali
2634 4650 2898 4704 versione
2945 4647 3256 4718 Scriptum
3295 4645 3422 4700 loca
3467 4643 3685 4699 descri-

278 4735 479 4795 dpctor
508 4734 828 4803 collaudat,
860 4752 976 4808 pra;
1017 4735 1342 4792 Alexandro
1388 4736 1695 4804 monacho,
1729 4741 1795 4792 ut
1826 4754 1933 4809 par
2044 4739 2181 4794 here
2210 4737 2576 4793 consueverit
2605 4737 2950 4809 plerumque
2980 4740 3172 4790 tamen
3213 4732 3556 4789 Hebraicam
3586 4746 3683 4785 ve-

280 4828 388 4892 est,
422 4823 743 4881 audiamus
785 4842 798 4880 :
832 4824 1304 4881 concludendum
1353 4826 1606 4896 profecto
1637 4825 1771 4893 erit,
1800 4826 1931 4881 ina-

281 4927 409 4967 nem
443 4928 575 4969 esse
606 4911 883 4969 Tentzelii
917 4913 1329 4983 objectionem,
1362 4912 1521 4969 illius
1551 4916 1781 4969 tantum
1813 4929 1933 4969 mo-

275 5000 443 5056 nachi
474 5001 670 5074 Cyprii
700 5000 1038 5057 testimonio
1090 5000 1349 5057 innixam
1378 5019 1391 5069 ;
1445 5018 1580 5058 cum
1612 5001 1753 5058 satis
1786 5018 1923 5056 con-

2042 4826 2273 4882 ritatem
2308 4829 2573 4881 secutum
2608 4824 3002 4896 fuisse.Cujus
3031 4824 3269 4895 quidem
3292 4821 3373 4877 rei
3406 4825 3470 4877 ut
3497 4836 3681 4875 unum

2040 4912 2129 4968 vel
2161 4913 2407 4969 alterum
2441 4913 2770 4985 exemplum
2822 4914 2879 4969 in
2931 4914 3190 4968 medium
3237 4912 3583 4983 proferatur,
3614 4924 3684 4963 ex

2043 5002 2199 5071 LXX,
2231 5000 2390 5058 Isaiae
2420 5019 2571 5073 xxvr,
2605 5003 2671 5057 16
2700 5001 2823 5057 haec
2866 5000 3074 5056 recitat
3122 5005 3322 5055 auctor
3375 5000 3419 5036 ¹⁰
3468 5016 3480 5054 :
3539 4992 3682 5051 Ἰδοὺ

342 5214 384 5249 9⁷
430 5214 719 5271 Theudor.
773 5217 835 5270 in
880 5215 1054 5287 Epist.
1105 5214 1157 5270 Il
1201 5214 1270 5269 ad
1303 5214 1422 5270 Cor.
1473 5230 1591 5283 vm,
1637 5213 1844 5281 18,19,
1876 5213 2022 5295 Opp.
2070 5218 2215 5297 tom.
2258 5212 2522 5339 III,Lpag.
2554 5214 2676 5269 243.
2756 5214 2799 5249 ⁰⁸
2828 5216 2950 5269 Act.
2984 5230 3110 5281 xm,
3142 5215 3195 5269 3.
3273 5214 3317 5249 ’9
3357 5212 3606 5277 Tillem.,
3642 5210 3684 5266 1.

342 5327 355 5340 .
389 5302 446 5340 n.
478 5287 581 5340 413
658 5288 725 5322 ¹⁰⁰
753 5285 975 5340 Coloss.
1011 5302 1087 5340 1v.
1123 5287 1208 5340 10.
1287 5285 1651 5340 ‘Chrvsost..
1686 5285 1820 5340 hom
1856 5287 1916 5339 11
1952 5302 2011 5339 in
2041 5287 2210 5340 Epist.
2258 5285 2327 5339 ad
2406 5286 2586 5340 0105s..
2646 5284 2676 5340 8
2718 5286 2773 5340 2.
2824 5286 2972 5340 Onn.
3020 5290 3163 5339 tom.
3214 5284 3307 5340 ΧΙ.
3370 5299 3502 5340 ηδε.
3557 5282 3679 5338 406.

2406 5301 2507 5340 οιοε

284 5301 446 5357 ςαρίρ.
478 5287 581 5342 413
658 5288 725 5322 ¹⁰⁰
753 5285 975 5341 Coloss.
1011 5302 1087 5353 Iv,
1123 5287 1208 5341 10.
1287 5287 1302 5319 ¹
1332 5285 1651 5357 Chrysost,
1686 5285 1820 5340 hom
1856 5287 1916 5357 11
1952 5285 2011 5357 in
2041 5287 2210 5355 Epist,
2258 5285 2327 5339 ad

284 5355 303 5389 ³
333 5354 609 5423 Mazoch.,
662 5358 959 5414 Comment.
1016 5358 1077 5412 in
1123 5365 1225 5412 vet.
1276 5354 1476 5412 marm'.
1510 5356 1762 5422 Kalend,
1814 5356 1925 5410 vol.
1979 5356 2048 5421 II,

1745 5426 1837 5496 ﬁd.
1897 5427 2048 5498 Nic,
2081 5425 2232 5481 'sect.
2294 5445 2331 5496 1,
2366 5444 2491 5498 cap.
2535 5429 2588 5495 2,
2621 5428 2723 5498 §2,
2757 5425 2976 5482 et'seci.
3009 5444 3134 5498 cap.
3168 5428 3222 5490 2,
3253 5430 3279 5494 ξ
3310 5425 3359 5498 i.
3436 5425 3457 5498 ξ

706 5494 839 5573 pag.
873 5502 966 5565 21,
999 5500 1085 5553 44.
1164 5501 1185 5534 ⁸
1219 5498 1467 5568 Maran,,
1502 5494 1668 5554 Divin
1716 5494 1778 5553 D.
1811 5504 1879 5555 Ν.
1928 5500 1976 5553 J.
2021 5497 2102 5563 0.,
2151 5498 2251 5553 lib.
2287 5494 2361 5562 1v,
2394 5494 2518 5568 cap.
2551 5494 2605 5566 2,
2641 5494 2988 5569 pﬁ371-373.
3068 5494 3390 5563 7'Marechq
3424 5494 3681 5551 Concord.

706 5615 711 5635 ,
745 5576 887 5643 tom.
921 5575 966 5639 Ι,
1000 5587 1132 5643 pag.
1169 5572 1193 5625 1
1231 5587 1354 5643 seq.
1434 5570 1453 5602 ⁸
1488 5572 1569 5643 ts.
1593 5570 1787 5643 Voss,
1819 5571 1894 5625 De
1921 5571 2178 5643 trgnslat.
2194 5570 2319 5625 LXX
2348 5572 2492 5643 ιξηιιΗ
2526 5586 2652 5642 cap.
2685 5571 2775 5640 21,
2808 5587 2938 5643 pag.
2967 5571 3055 5624 69.
3132 5571 3153 5603 ⁹
3182 5568 3407 5623 Huml‘r.
3442 5568 3589 5624 Hod.
3612 5568 3688 5624 De

297 5427 431 5482 edit.
490 5429 770 5495 Menardi,
833 5428 1019 5484 Paris.
1080 5429 1236 5483 1645.
1314 5426 1512 5482 ‘Bull.
1572 5428 1689 5497 Def.

285 5497 492 5555 Annot.
530 5501 673 5557 ibid.

284 5569 493 5643 481555.
528 5569 727 5639 Feres,“
745 5569 887 5643 tom.
921 5575 966 5639 Ι,
1000 5587 1132 5643 pag.
1169 5572 1193 5625 1
1231 5587 1354 5643 seq.

2496 5301 2586 5351 εδ..
2646 5284 2773 5357 ἓί2,
2824 5286 2985 5357 Opp.
3020 5290 3163 5339 tom.
3214 5284 3307 5351 ΧΙ,
3370 5299 3502 5357 pag.
3557 5282 3679 5357 406.

2078 5354 2136 5427 p.
2187 5357 2443 5411 570-572.
2519 5356 2540 5389 ³
2572 5354 2836 5427 Dacher.,
2873 5354 3068 5428 ‘Epist.
3106 5372 3364 5427 nuncup.
3400 5354 3472 5428 ad
3497 5354 3680 5428 prim.

3538 5424 3685 5491 rab.,

282 5640 426 5710 Bibl,
455 5645 585 5699 text.
618 5646 782 5714 orig,,
815 5642 919 5699 lib.
955 5640 1037 5713 ni,
1070 5640 1195 5713 cap.
1227 5642 1279 5697 3.
1314 5640 1446 5713 pag.
1478 5642 1603 5697 277.
1684 5641 1726 5675 ¹⁰
1754 5645 1926 5707 Barn.
1962 5640 2167 5713 Epist.,
2200 5657 2324 5712 cap.
2347 5641 2403 5695 6.
