4014 6202
244 315 364 380 699

1419 319 1485 382 S.
1529 316 1948 382 BARNABAS
1991 315 2475 386 APOSTOLUS.

3527 318 3656 383 700

247 441 512 522 ἐμϐάλλω
590 447 666 509 εἷς
721 446 789 502 τὰ
855 444 1081 520 θεμέλια
1135 448 1276 503 Σιὼν
1335 447 1484 504 λίθον
1551 448 1831 517 πολυτελῆ
1867 496 1880 521 ,

2001 451 2198 506 subdit
2231 469 2243 508 :
2277 454 2416 522 Quid
2443 454 2592 510 dicat
2621 454 2655 522 ἡ
2709 455 2906 515 Γνῶσις
2957 452 3247 527 (Cognitio,
3296 453 3417 510 sive
3458 452 3652 508 Scien-

246 535 519 606 ἐκλεκτὸν,
593 536 1004 612 ἀκρογωνιαῖον,
1093 535 1332 610 ἔντιμον.
1421 541 1610 596 Verba
1689 547 1884 596 tamen

245 627 508 698 proxime
554 627 973 698 subsequentia
1011 644 1077 682 ex
1133 628 1368 684 Hebraeo
1400 631 1555 684 l'onte
1607 629 1814 700 repetit
1869 645 1882 683 :

247 713 343 768 Καὶ
392 714 451 775 ὃς
498 711 706 768 ἐλπίσει
765 713 844 768 ἐπ’
895 714 1074 785 αὐτὸν,
1138 717 1354 784 ζήσεται
1417 716 1492 776 εἷς
1535 714 1627 770 τὸν
1693 715 1886 782 αἰῶνα,

243 806 307 860 Et
335 807 431 875 qui
457 807 762 875 speraverit
794 807 850 860 in
901 803 1088 872 illum,
1139 808 1278 861 vivet
1319 807 1380 860 in
1425 815 1715 863 aeternum.
1777 805 1884 860 Ubi

173 881 178 885 ’
245 893 432 949 LXX:
467 891 624 945 Καὶὸ
663 892 929 946 πιστεύων
981 892 1042 946 οὐ
1096 894 1171 964 μὴ
1221 895 1606 969 καταισχυνθῇ,
1655 897 1719 949 Et
1766 910 1887 949 cre-

241 981 372 1036 dens
422 998 534 1037 non
571 981 954 1052 confundetur.
990 982 1141 1038 Alibi
1193 989 1388 1038 autem
1432 1000 1499 1037 ex
1543 982 1685 1037 Gen.
1720 1000 1780 1050 ιι,
1830 984 1883 1046 2,

243 1068 364 1125 huic
412 1069 588 1126 habet
647 1074 687 1106 “
757 1087 769 1125 :
829 1068 927 1123 Καὶ
991 1067 1324 1124 συνετέλεσεν
1383 1070 1434 1142 (ὁ
1503 1069 1654 1142 Θεὸς)
1713 1068 1764 1122 ἐν
1817 1072 1885 1142 τῇ

240 1157 424 1231 ἡμέρᾳ
462 1161 532 1230 τῇ
583 1152 821 1231 ἐϐδόμῃ,
875 1179 926 1211 κ.
963 1179 1011 1214 τ.
1065 1157 1117 1212 λ.
1166 1161 1231 1214 Et
1275 1160 1675 1215 consummavit
1707 1159 1886 1229 (Deus)

243 1248 300 1301 in
331 1246 420 1302 die
447 1250 694 1318 septima,
729 1253 837 1302 etc.
868 1250 940 1304 At
971 1248 1130 1314 LXX,
1193 1246 1244 1300 ἐν
1299 1251 1368 1320 τῇ
1425 1249 1458 1314 ἡ
1472 1246 1606 1321 μὲρᾳ
1634 1251 1702 1318 τῇ
1739 1243 1882 1318 ἕκτῃ,

239 1352 300 1390 in
326 1337 415 1390 die
441 1341 614 1391 sexta.
650 1337 796 1391 Hinc
829 1338 885 1391 S.
929 1336 1317 1408 Hieronymus
1353 1337 1411 1390 in
1448 1336 1885 1391 Traditionibus

239 1423 536 1480 Hebraicis
586 1441 599 1480 :
652 1428 757 1480 Pro
805 1425 890 1480 die
936 1429 1111 1495 sexta,
1162 1429 1219 1480 in
1254 1426 1472 1480 Hebrzeo
1518 1425 1662 1479 diem
1715 1426 1882 1494 septi-

239 1530 389 1567 mam
421 1514 597 1568 habet.
623 1515 803 1578 Quem
837 1514 895 1567 in
922 1513 1117 1569 locum
1140 1514 1308 1584 plura
1333 1515 1599 1569 observat
1619 1515 1883 1568 eruditus

239 1601 489 1656 Grabius
522 1603 590 1665 η,
623 1601 802 1673 digna
827 1619 980 1657 sanae
1010 1619 1132 1671 quae
1181 1604 1332 1674 apud
1367 1603 1558 1673 ipsum
1594 1601 1879 1673 legantur.

238 1688 368 1743 Alia
398 1705 530 1745 vero
579 1691 866 1760 ejusmodi
922 1690 1207 1762 exempla,
1260 1708 1328 1746 ex
1374 1691 1576 1745 eadem
1630 1689 1882 1761 Epistola

238 1778 573 1849 repetenda.

893 1867 1125 1922 CAPUT
1164 1868 1228 1921 V.

237 1954 516 2010 Judicium
545 1955 614 2010 ct.
646 1957 912 2012 Μαιοοήἱί
938 1975 956 2009 :
986 1959 1141 2027 cujus
1170 1958 1334 2011 etiam
1363 1955 1596 2011 eruditae
1633 1956 1885 2010 observa-

315 2027 488 2098 tiones
519 2027 578 2098 in.
626 2029 836 2097 aliquot
881 2029 1127 2098 ejusdem
1166 2028 1422 2096 Epistolw
1473 2028 1609 2095 loca,
1660 2027 1888 2097 reliquis

316 2097 620 2152 editoribus
646 2097 945 2169 praeterita,
976 2101 1035 2152 in
1063 2100 1313 2154 medium
1341 2098 1714 2152 adducuntur.

311 2221 420 2275 Sed
455 2237 586 2277 ecce
615 2221 722 2276 tibi
752 2223 841 2277 vir
891 2222 1267 2279 doctissimus
1318 2223 1488 2291 cujus
1538 2221 1710 2294 paulo
1753 2225 1887 2276 ante

238 2307 642 2376 meminimus,
678 2312 817 2365 dum
851 2311 1132 2366 Barnabas
1163 2314 1328 2382 gesta
1360 2311 1486 2365 fuse
1517 2310 1888 2382 persequitur

237 2397 502 2468 miraque
534 2398 752 2470 ingenii
789 2399 1129 2455 dexteritate
1161 2399 1436 2468 illustrat,
1457 2400 1678 2470 aliquot
1706 2399 1883 2454 etiam

243 2485 373 2555 ejus
402 2485 669 2557 Epistolas
699 2487 825 2542 loca
854 2487 1085 2559 egregie
1117 2504 1218 2557 pro
1249 2503 1409 2542 more
1441 2504 1546 2542 suo
1576 2487 1881 2543 edisserit:

239 2578 305 2628 ut
336 2574 579 2645 proinde
603 2591 788 2646 operae
820 2576 1072 2647 pretium
1096 2592 1189 2630 me
1212 2575 1500 2630 facturum
1533 2575 1882 2644 existimem,

240 2662 288 2718 si
320 2661 646 2719 luculentas
689 2663 849 2720 illius
893 2664 1325 2720 observationes
1367 2663 1474 2719 hoc
1512 2663 1619 2719 loci
1669 2664 1884 2718 descri-

239 2751 397 2806 bam.
431 2751 524 2806 Sic
575 2755 768 2806 autem
819 2768 881 2806 se
915 2751 1130 2812 habent
1161 2752 1205 2787 ¹³
1249 2769 1261 2807 :
1310 2775 1337 2803 ‹‹
1369 2752 1448 2806 Ex
1479 2768 1593 2823 quo
1625 2751 1882 2824 primum

240 2841 502 2910 tempore
513 2839 585 2894 ab
600 2839 839 2911 Hugone
853 2840 1130 2895 Menardo
1146 2838 1442 2911 publicam
1458 2839 1645 2894 lucem
1663 2839 1887 2910 aspexit

240 2925 497 2998 Epistola
527 2944 654 2998 qua
685 2928 795 2983 sub
827 2929 1107 2984 Barnabas
1155 2928 1401 3000 apostoli
1433 2929 1668 2983 nomine
1701 2945 1734 2982 a
1764 2927 1884 2984 Cle-

239 3019 435 3070 mente
466 3013 873 3076 Alexandrino.
907 3016 1154 3088 Origene
1201 3020 1258 3071 et
1307 3015 1438 3071 aliis
1468 3015 1705 3071 laudata
1735 3016 1880 3083 fuit;

238 3106 322 3158 tot
343 3103 469 3173 jam
501 3104 758 3160 virorum
787 3104 1323 3161 eruditissimorum
1354 3105 1882 3160 animadversioni-

1915 1811 1962 1874 B

1997 540 2095 611 tia)
2125 542 2334 598 discite.
2371 566 2399 593 «
2432 544 2657 614 Sperate
2685 546 2746 598 in
2792 560 2939 608 eum,
2989 545 3089 616 qui
3118 561 3177 598 in
3207 558 3374 598 carne
3400 543 3653 616 manife-

1994 630 2216 685 standus
2263 640 2342 686 est
2394 633 2564 697 vobis,
2621 634 2827 688 Iesum.
2885 631 3168 697 Γνώσεως,
3207 633 3473 695 scientiae,
3536 647 3648 686 no-

1997 719 2151 773 mine
2181 737 2299 775 aevo
2349 719 2665 792 apostolico
2710 719 3038 776 intellectas
3070 720 3255 775 fuisse
3314 735 3559 774 arcanas
3590 721 3653 773 et

1996 805 2331 879 allegoricae
2395 810 2605 864 veteris
2648 809 2876 864 federis
2925 808 3406 881 significationes,
3468 823 3645 863 nemo

1996 895 2244 967 ignorat.
2304 898 2383 952 Ea
2431 901 2520 954 est
2549 898 2728 954 Clavis
2779 900 3038 964 scientiae,
3096 897 3154 951 in
3189 913 3304 968 qua
3349 896 3460 952 sibi
3494 895 3647 968 legis

1997 985 2212 1055 peritos
2247 985 2537 1057 placuisse
2575 987 2846 1044 Christus
2894 986 3114 1042 notavit
3159 987 3223 1041 ¹⁴.
3272 988 3345 1040 At
3372 985 3482 1039 hoc
3515 1001 3646 1038 am-

1998 1073 2150 1143 plius
2181 1074 2276 1129 hic
2309 1076 2854 1142 animadvertimus,
2885 1076 3436 1142 I‘vaiew,scientiam,
3468 1073 3646 1144 quasi

1996 1159 2212 1216 librum
2245 1163 2433 1229 citari,
2483 1168 2539 1218 et
2578 1180 2647 1219 ex
2703 1180 2767 1218 eo
2818 1163 2994 1218 verba
3047 1161 3146 1217 illa
3191 1159 3480 1233 proferri:
3516 1159 3648 1230 Spe-

1995 1253 2137 1316 rate,
2173 1255 2284 1306 etc.
2313 1252 2474 1317 Quod
2508 1253 2744 1322 quidem
2777 1268 2845 1306 ex
2874 1250 3168 1307 Clemente
3198 1247 3583 1304 Alexandrino
3607 1247 3651 1281 ¹⁵

1997 1338 2179 1393 multo
2210 1344 2299 1394 est
2327 1340 2674 1410 evidentius,
2709 1340 2808 1395 ubi
2864 1340 2985 1395 haec
3030 1340 3208 1394 verba
3257 1354 3325 1393 ex
3378 1336 3652 1392 Barnaba

1996 1427 2079 1482 sic
2113 1429 2452 1493 recitantur,
2488 1434 2554 1484 ut
2592 1427 2774 1504 φησίν,
2807 1429 2962 1500 quod
3011 1428 3107 1482 hic
3153 1427 3336 1492 deest,
3369 1424 3644 1496 supplea-

1998 1520 2096 1570 tur
2129 1533 2141 1571 :
2178 1517 2318 1584 Quid
2346 1517 2492 1572 dicat
2534 1517 2799 1585 Cognitio,
2832 1517 3027 1571 discite
3060 1534 3073 1571 :
3108 1511 3418 1583 Ἐλπίσατε,
3453 1511 3647 1588 φησὶν,

1996 1602 2086 1656 ἐπὶ
2115 1603 2230 1670 τόν,
2265 1611 2370 1660 etc.
2404 1607 2647 1677 Sperate,
2693 1605 2904 1675 inquit,
2953 1606 3012 1660 in
3059 1621 3204 1670 eum,
3254 1607 3388 1669 etc.,
3421 1602 3506 1656 uti
3537 1618 3647 1656 su-

1995 1710 2117 1763 pra.
2169 1693 2270 1749 Ubi
2320 1691 2952 1759 animadvertis,~illud
2991 1689 3152 1768 φησίν
3206 1691 3396 1746 atl‘erri
3448 1707 3516 1745 ex
3546 1705 3649 1744 ore

1995 1782 2292 1848 Barnabm,
2324 1783 2525 1853 utique
2555 1799 2623 1837 ex
2655 1783 2997 1850 Cognitionis
3042 1781 3161 1836 sive
3199 1779 3461 1835 Seientiee
3491 1777 3646 1832 libro

1996 1869 2252 1924 citantis.
2307 1869 2506 1924 Plures
2553 1869 2692 1925 olim
2762 1869 2941 1926 fuisse
2991 1868 3330 1939 hujusmodi
3379 1867 3649 1923 Scientia:

1996 1957 2179 2013 libros
2209 1959 2602 2028 circumlatos,
2639 1958 2708 2013 ab
2739 1957 2959 2013 Judmis
3003 1956 3312 2028 allegorica
3361 1953 3643 2010 sectanti-

1997 2047 2109 2102 bus
2141 2047 2645 2119 conscriptos,non
2677 2051 2767 2101 est
2798 2046 3158 2102 dubium.Ad
3195 2061 3295 2100 eos
3326 2060 3464 2115 ergo
3498 2043 3648 2097 Bar-

1996 2135 2180 2191 nabas
2214 2135 2560 2207 plerumque
2607 2134 2838 2206 ablegat
2880 2134 3147 2201 lectores,
3181 2131 3281 2187 ubi
3319 2133 3389 2187 ad
3425 2131 3645 2203 allego-

1997 2222 2111 2278 rias
2143 2223 2489 2295 digreditur.
2525 2223 2752 2279 Scimus
2781 2223 3101 2278 hodienum
3131 2221 3191 2275 in
3221 2222 3532 2292 Targumim
3564 2219 3649 2273 lo-

1996 2329 2062 2367 ca
2093 2311 2397 2384 complura
2418 2313 2489 2367 ad
2522 2313 2797 2367 Messiam
2822 2309 3022 2366 referri
3054 2329 3066 2365 :
3115 2311 3273 2382 quod
3308 2325 3377 2364 ex
3434 2309 3652 2364 eadem

1996 2399 2193 2453 Γνώσει
2225 2401 2504 2456 manavit.
2554 2400 2887 2455 Notandum
2928 2402 3019 2454 est
3065 2403 3262 2454 autem
3293 2397 3354 2451 in
3385 2397 3646 2468 ascripto

1994 2487 2142 2556 loco,
2177 2488 2283 2543 etsi
2315 2487 2513 2544 omnia
2542 2487 2732 2543 verbis
2783 2486 3025 2551 totidem
3057 2502 3128 2541 ex
3157 2486 3356 2538 Γνώσει
3389 2484 3645 2540 reciten-

1995 2582 2115 2645 tur,
2145 2576 2288 2631 illud
2321 2581 2519 2632 tamen
2553 2575 2760 2645 ’ῐησοῢν
2792 2579 3000 2645 Iesum,
3035 2575 3192 2646 quod
3226 2575 3296 2630 ad
3329 2574 3504 2628 finem
3538 2573 3646 2628 ad-

1994 2666 2171 2731 ditur,
2217 2681 2286 2721 ex
2333 2665 2608 2721 Barnabas
2661 2681 2840 2720 manu
2893 2663 3241 2736 protectum,
3283 2679 3398 2718 non
3432 2661 3503 2717 ab
3537 2677 3646 2716 au-

1995 2758 2149 2809 ctore
2179 2752 2458 2812 Γνώσεως.
2499 2753 2677 2816 Quem
2731 2751 2966 2823 quidem
3008 2751 3278 2807 Judaeum
3326 2750 3508 2805 fuisse
3541 2767 3644 2804 ne-

1995 2858 2157 2898 cesse
2213 2847 2322 2908 est,
2355 2841 2573 2912 alioqui
2627 2857 2660 2896 a
2711 2840 2978 2896 Barnaba
3030 2840 3264 2894 Judaaos
3307 2839 3650 2894 convictum

1995 2930 2236 2986 minime
2276 2930 2598 2986 citandum.
2630 2929 2868 2985 Judazus
2916 2931 3112 2983 autem
3144 2927 3418 2983 Messiam
3450 2931 3645 2994 norat,

1992 3019 2195 3075 Jesum
2227 3035 2340 3072 non
2375 3022 2563 3073 norat.

2071 3126 2098 3158 σι
2127 3106 2338 3161 Statim
2384 3104 2602 3160 ibidem
2652 3103 2922 3175 sequitur
2980 3121 2993 3160 :
3055 3106 3219 3160 Homo
3246 3105 3404 3160 enim
3431 3109 3502 3175 γῆ
3533 3101 3650 3156 ἐστι

237 3165 652 3263 δυέραῑυίΐωι
677 3209 1174 3265 supervacaneum
1201 3192 1278 3248 sit
1308 3193 1634 3264 quidquam
1667 3192 1727 3248 in
1753 3210 1882 3248 eam
1915 3165 1957 3230 (λ
1995 3193 2301 3268 πάσχουσα,
2347 3202 2492 3249 terra
2534 3201 2615 3249 est
2666 3165 2901 3264 patiens.
2951 3193 3206 3265 Apparet
3263 3192 3358 3248 hic
3419 3165 3647 3247 Barna-

240 3281 373 3336 novi
405 3281 666 3354 aggredi.
697 3283 916 3337 Tamen
950 3282 1136 3338 obiter
1164 3280 1323 3336 illam
1357 3281 1715 3353 percurrenti
1743 3281 1886 3336 inci-

243 3369 454 3425 derunt
483 3370 628 3425 mihi
661 3371 926 3442 quaedam
962 3369 1092 3426 aliis
1122 3370 1430 3443 praeterita,
1474 3387 1600 3442 qua:
1633 3369 1726 3424 hic
1758 3371 1884 3425 bre-

239 3457 386 3513 viter
415 3475 805 3531 aspergerem.

316 3565 344 3599 α
395 3547 582 3619 Caput
634 3549 669 3601 6
722 3548 804 3604 sic
862 3548 1068 3619 incipit
1114 3549 1238 3601 Ὅτε
1292 3544 1382 3600 οὖν
1433 3545 1680 3615 ἐποίησεν
1740 3545 1885 3600 ἐντο-

242 3631 368 3706 λήν,
419 3640 527 3692 etc.
577 3640 716 3694 Cum
761 3643 945 3692 autem
989 3637 1122 3710 fecit
1169 3653 1524 3692 PR/ECEPTUM
1556 3636 1885 3708 (Christus),

239 3724 372 3794 quid
399 3725 586 3780 dicit?
625 3728 732 3794 Qui
788 3736 870 3781 est
917 3727 1013 3796 qui
1058 3726 1338 3795 iudicetur
1366 3729 1624 3780 meum?
1672 3729 1730 3779 et
1759 3742 1888 3795 qua:

243 3830 414 3884 porro
449 3830 518 3868 ex
551 3815 710 3869 Isaiae
744 3833 792 3879 L,
826 3818 879 3880 8,
929 3815 985 3880 9,
1017 3814 1238 3869 recitat.
1271 3813 1375 3868 Hic
1424 3814 1731 3868 observatu
1774 3830 1888 3867 non

243 3899 552 3972 indignum
587 3907 696 3969 est,
729 3899 978 3970 ἐντολήν,
1007 3910 1365 3973 praeceptum,
1398 3901 1661 3956 absolute
1705 3905 1759 3955 et
1791 3917 1891 3972 per

246 3989 650 4044 excellentiam
680 3990 871 4046 vocari
922 3990 1110 4045 Patris
1151 3990 1481 4060 jussionem
1514 3990 1584 4044 de
1617 3989 1884 4044 Incarna-

243 4078 402 4132 tione
433 4082 490 4132 et
519 4082 638 4134 toto
681 4078 956 4134 humanae
1001 4078 1386 4149 reparationis
1435 4077 1686 4150 negotio,
1733 4078 1888 4149 quod

243 4160 466 4224 ἐντολὰς
509 4169 607 4219 τοῦ
658 4164 890 4240 Πατρός,
948 4170 1226 4238 praecepta
1281 4168 1486 4232 Patris,
1545 4171 1708 4221 vocat
1767 4167 1890 4236 ipse

241 4253 530 4322 Christus,
549 4258 718 4311 Joan.
751 4273 842 4323 xv,
876 4257 952 4309 ‘.O.
977 4261 1059 4309 Ae
1089 4254 1358 4310 fortassis
1380 4254 1664 4310 alluditur
1694 4271 1728 4309 a
1758 4254 1891 4309 Bar-

239 4341 394 4396 naba
422 4343 493 4398 ad
526 4342 667 4398 illud
703 4343 912 4416 psalmi
944 4360 1135 4411 xxxxx,
1163 4343 1219 4411 8,
1248 4344 1282 4395 9
1331 4360 1343 4398 :
1388 4344 1531 4398 Tunc
1559 4342 1683 4398 dixi
1711 4361 1730 4398 :
1761 4343 1892 4399 Ecce

239 4431 512 4487 venio.....
545 4440 606 4487 ut
631 4434 838 4504 faciam
865 4433 1197 4488 voluntatem
1229 4440 1375 4487 tuam
1409 4449 1428 4485 :
1461 4447 1637 4502 quam
1685 4432 1888 4486 volun-

1997 3285 2154 3352 bam,
2180 3288 2283 3339 aut
2329 3281 2601 3354 quisquis
2650 3287 2742 3337 est
2787 3285 3008 3350 auctor,
3059 3280 3427 3353 philosophis
3472 3296 3651 3336 aures

1996 3370 2343 3428 admovisse.
2379 3370 2525 3425 Nam
2558 3368 2703 3424 illud
2734 3368 3039 3444 πάσχουσα,
3071 3370 3306 3440 patiens,
3350 3369 3421 3424 ad
3455 3367 3649 3440 philo-

1997 3460 2317 3531 sophorum
2366 3457 2623 3532 τεχνικὴν
2668 3454 2914 3530 γλῶτταν
2965 3460 3055 3513 est
3104 3457 3496 3524 referendum,
3530 3473 3652 3527 qua

1999 3549 2301 3604 materiam
2356 3549 2475 3620 pati
2528 3547 2821 3603 dicebant.
2894 3547 3098 3616 Homo,
3161 3545 3373 3617 inquit,
3433 3550 3523 3601 est
3579 3562 3651 3600 ex

1995 3641 2171 3703 terra,
2203 3654 2318 3692 non
2353 3636 2589 3708 quidem
2621 3639 2847 3707 agente,
2881 3635 2981 3690 sed
3014 3634 3289 3705 patiente.
3323 3633 3508 3705 Cujus
3536 3638 3658 3688 sta-

1998 3726 2104 3781 tim
2138 3726 2422 3781 rationem
2483 3724 2674 3779 reddit
2718 3723 2812 3778 his
2857 3723 3050 3778 verbis
3103 3739 3117 3778 :
3171 3722 3307 3775 Ἀπὸ
3346 3722 3651 3796 προσώπου

1998 3815 2101 3888 γὰρ
2151 3820 2252 3881 τῆς
2299 3814 2438 3887 γῆςὴ
2508 3808 2706 3871 πλάσις
2751 3815 2848 3864 τοῦ
2897 3807 3075 3881 Ἀδὰμ
3127 3807 3358 3883 ἐγένετο.
3407 3813 3447 3866 Α
3503 3811 3661 3881 facie

1997 3905 2146 3958 enim
2203 3911 2368 3958 terra?
2405 3902 2550 3971 ﬁctio
2591 3905 2719 3969 (seu
2767 3901 3052 3970 formatio)
3094 3899 3229 3954 Adae
3270 3899 3478 3954 extitit.
3538 3898 3650 3953 Ubi

1999 3990 2396 4062 pulcherrima
2416 3987 2869 4044 Hellenistarum
2894 3987 3108 4043 locutio
3126 3986 3379 4042 occurrit
3399 3986 3646 4042 Hebrai-

1999 4093 2134 4132 cum
2165 4076 2321 4131 enim
2341 4085 2489 4138 iam:
2509 4075 2750 4146 Mippene
2771 4074 2950 4145 (quod
2971 4072 3158 4130 Judaei
3183 4072 3510 4129 Hellenistaa
3525 4089 3657 4144 per-

1999 4169 2194 4236 petuo,
2220 4162 2325 4216 ἀπὸ
2354 4163 2674 4236 προσώπου,
2705 4161 2764 4219 b.
2808 4179 2858 4218 e.
2889 4179 2925 4217 a
2955 4163 3095 4222 facie
3130 4161 3405 4230 reddunt)
3435 4177 3648 4232 quam-

1999 4253 2142 4308 libet
2173 4268 2433 4319 causam,
2467 4251 2644 4307 etiam
2679 4249 3170 4318 materialem,uti
3191 4248 3525 4322 philosophi
3559 4249 3648 4304 lo-

2000 4345 2283 4412 quuntur,
2317 4341 2602 4413 designat.
2643 4339 2792 4411 Ergo
2841 4338 3212 4394 tantumdem
3260 4342 3373 4404 est,
3421 4354 3456 4392 a
3502 4339 3654 4407 facie

1999 4437 2161 4486 terras
2192 4446 2258 4484 ac
2285 4429 2333 4483 si
2366 4428 2629 4495 dixisset,
2654 4445 2727 4483 ex
2755 4436 2906 4483 terra
2937 4427 3256 4483 formatum
3278 4443 3407 4484 esse
3433 4427 3644 4482 Adam.

243 4522 426 4574 tatem
460 4537 594 4575 mox
624 4537 808 4576 LEGEM
839 4525 1006 4576 vocat
1038 4538 1050 4575 :
1087 4525 1231 4576 Deus
1257 4519 1611 4591 meus,votui,
1641 4523 1693 4574 et
1723 4520 1893 4590 legem
1921 4529 1968 4593 D
1999 4519 2069 4573 Et
2097 4517 2219 4573 haec
2248 4517 2423 4574 etiam
2454 4515 2669 4571 ibidem
2703 4515 2951 4571 totidem
3004 4515 3198 4571 verbis
3254 4515 3522 4570 Clemens
3554 4532 3646 4571 re-

242 4617 399 4662 tuam
428 4610 491 4664 in
521 4612 706 4665 medio
735 4609 913 4665 cordis
938 4611 1066 4665 mei.
1091 4609 1340 4665 Omnino
1370 4609 1477 4663 hac
1509 4609 1892 4680 praaceptione

245 4697 442 4753 divina
474 4698 657 4770 plena:
691 4704 829 4754 sunt
859 4699 1168 4769 utriusque
1199 4699 1430 4753 fmderis
1480 4697 1705 4770 paginas
1738 4715 1750 4752 :
1787 4697 1894 4752 hoc

244 4788 479 4840 tantum
530 4787 626 4842 hic
659 4804 894 4856 novum,
928 4788 1079 4859 quod
1138 4802 1206 4842 ea
1235 4786 1330 4840 hic
1387 4785 1650 4841 absolute
1682 4802 1897 4840 ramos-

241 4889 398 4929 PTUM
431 4880 818 4947 nuncupetur.
834 4878 906 4930 At
932 4881 1098 4932 vetus
1119 4876 1406 4946 interpres
1429 4876 1537 4930 Dei
1559 4877 1892 4946 praeceptum

243 4963 519 5030 reddidit,
553 4969 621 5020 ut
650 4963 908 5020 insolens
941 4963 1219 5036 loquendi
1251 4979 1437 5037 genus
1470 4961 1684 5019 clarius
1706 4963 1894 5018 efﬁce-

240 5055 346 5107 ret.

314 5164 341 5190 ‹‹
376 5141 560 5196 Paulo
590 5145 742 5214 post,
778 5141 1016 5200 recitato
1062 5141 1239 5197 Mosis
1269 5141 1607 5197 testimonio
1646 5141 1716 5196 de
1767 5141 1890 5195 adi-

243 5230 526 5300 piscenda
555 5234 710 5286 terra
740 5235 955 5287 ﬂuente
1001 5230 1148 5286 lacte
1203 5236 1260 5286 et
1317 5229 1509 5297 melle,
1542 5230 1738 5286 statim
1769 5228 1891 5284 haec

2004 4607 2130 4662 fert.

2079 4717 2106 4745 ‹‹
2137 4696 2271 4766 Cap.
2304 4696 2337 4746 7
2389 4695 2454 4764 ¹⁶,
2501 4692 2672 4750 sicuti
2705 4697 2881 4748 etiam
2929 4691 2988 4746 in
3029 4691 3410 4764 sequentibus
3439 4691 3656 4764 capiti-

2004 4785 2136 4854 bus,
2167 4782 2388 4854 pluries
2435 4781 2582 4837 illud
2627 4778 2952 4854 Προσέχετε,
2997 4780 3286 4845 Attendite,
3335 4779 3654 4836 intercala-

2003 4876 2102 4927 tur
2132 4889 2146 4928 :
2179 4871 2332 4943 quod
2364 4869 2654 4942 peculiare
2703 4873 2794 4925 est
2838 4864 3325 4943 ἀλληγορούντων,
3356 4867 3429 4923 ad
3461 4871 3651 4924 atten-

2003 4961 2219 5017 tionem
2249 4960 2591 5016 acuendam.

2074 5072 2103 5100 «
2135 5049 2273 5120 Cap.
2334 5049 2369 5102 9
2401 5048 2490 5103 ‘7:
2532 5042 2710 5101 Ἀλλὰ
2767 5045 2856 5098 καὶ
2912 5048 3016 5106 πᾶς
3077 5041 3248 5120 Σύρος
3296 5043 3386 5098 καὶ
3444 5044 3657 5117 Ἄραψ-

1999 5137 2088 5191 καὶ
2119 5137 2313 5198 πάντες
2374 5135 2426 5189 οἳ
2483 5135 2645 5210 ἱερεῖς
2700 5138 2808 5188 τῶν
2859 5129 3124 5205 εἰδώλων,
3174 5138 3282 5190 etc.
3319 5151 3333 5190 :
3373 5138 3577 5190 Verum
3606 5136 3660 5188 et

2000 5229 2182 5284 omnis
2211 5227 2383 5298 Syrus
2413 5230 2464 5282 et
2492 5225 2665 5281 Arabs
2709 5229 2761 5281 et
2814 5240 2996 5282 omnes
3037 5223 3310 5280 idolorum
3353 5222 3658 5280 sacerdotes

317 5463 357 5497 “
387 5466 580 5533 Barn.,
614 5463 656 5517 E
700 5461 798 5517 ist.
839 5478 965 5533 cap.
1003 5462 1086 5516 15°
1165 5461 1208 5494 ¹²
1237 5460 1436 5530 Grab.,
1469 5462 1638 5533 Epist.
1685 5460 1757 5516 ad
1786 5461 1834 5516 Ι.
1883 5459 2018 5515 Mill.
2065 5458 2129 5512 de
2174 5457 2271 5525 lib,
2316 5457 2498 5514 Judic.
2540 5457 2771 5538 genuin.
2813 5455 2939 5510 LXX
2985 5457 3115 5512 ιηιι.
3161 5472 3326 5523 vers.,
3375 5473 3448 5539 pa
3496 5501 3509 5513 .
3555 5460 3652 5513 67.

317 5533 594 5587 Mazoch..
631 5479 728 5587 υἳί
761 5550 961 5587 sunra.
1041 5535 1085 5569 ιδ
1136 5533 1278 5587 Luc.
1334 5549 1391 5587 x1
1428 5533 1518 5587 52.
1597 5533 1639 5567 ³⁵
1666 5531 1947 5587 Clement.
1977 5530 2282 5586 Alexandr.
2339 5531 2541 5586 Strom.
2571 5528 2677 5585 11b.
2716 5545 2770 5587 ν.
2803 5544 2930 5587 can.
2962 5528 3050 5587 10.
3085 5544 3142 5587 n.
3172 5528 3278 5582 683
3307 5529 3428 5586 edit
3450 5474 3646 5587 ἰχθῦ.

242 5528 594 5617 Ἇηοεὴέ,
631 5528 728 5589 ubi
758 5528 961 5617 supra.
1041 5535 1085 5569 ιδ
1131 5533 1308 5617 Line.~
1334 5528 1521 5617 15.1.5.2:
1597 5533 1639 5567 ³⁵
1666 5531 1947 5590 Clement.
1977 5530 2282 5586 Alexandr.
2339 5531 2541 5586 Strom.
2571 5528 2677 5585 lib.
2716 5545 2770 5595 ν,
2803 5544 2930 5601 cap.
2962 5528 3050 5598 10,
3084 5544 3142 5600 p.
3172 5528 3278 5582 683
3307 5528 3428 5586 edit
3456 5528 3646 5587 Oxon.

241 5604 398 5660 1715.
479 5605 522 5642 ιδ
552 5605 723 5662 Barn.
758 5603 939 5678 Epist.
971 5620 1100 5676 cap.
1130 5606 1187 5660 7.
1267 5605 1308 5640 ιτ
1340 5603 1486 5659 Ibid.
