4014 6202
301 287 403 354 ’τοι

1674 285 2292 353 PROLEGOMENA.

3574 290 3694 353 702

310 418 776 478 circumciduntur.
792 420 928 487 Quae
960 418 1165 477 merito
1198 419 1599 477 difﬁcultatem
1628 426 1920 477 crearunt.
1956 424 2009 490 Α
2040 422 2231 478 braice
2263 424 2574 495 respondet
2634 439 2880 491 DERECH,
2912 424 3046 492 via;
3106 438 3239 481 cum
3302 424 3503 479 contra
3532 417 3695 485 οὐδός

311 510 512 565 Verum
542 510 656 564 haec
684 525 801 564 non
851 514 992 564 sunt
1022 510 1092 564 ad
1126 509 1469 565 severiorem
1504 510 1785 565 trutinam
1816 511 1935 565 exi-

307 600 505 673 genda.
582 598 678 653 sed
736 596 1081 671 παχυτέρως,
1155 600 1542 667 crassiuscule,
1604 600 1939 671 accipienda

300 687 449 743 hunc
506 689 683 742 ferme
762 687 823 740 in
880 688 1165 742 modum:
1229 687 1424 753 Quivis
1487 689 1686 760 Syrus,
1747 689 1937 759 quivis

297 777 494 846 Arabs,
527 776 714 847 quivis
748 775 1196 831 simulacrorum
1248 778 1516 832 sacerdos
1545 777 1936 833 circumcisio-

296 881 420 919 nem
452 864 708 918 admittit
740 882 752 931 ;
790 869 927 919 aut:
982 864 1063 921 Ne
1094 864 1219 937 Syri
1251 866 1489 937 quidem
1523 873 1579 921 et
1620 866 1848 935 Arabes,
1882 870 1939 921 et

297 952 521 1025 profani
562 952 890 1008 sacerdotes
913 970 946 1007 a
970 953 1412 1009 circumcisione
1434 954 1769 1009 abhorrent.
1789 959 1933 1009 Nam

295 1040 423 1112 quia
447 1042 598 1095 inter
618 1041 793 1113 Syros
814 1046 871 1095 et
889 1043 1127 1106 Arabes,
1151 1042 1416 1113 interque
1438 1044 1709 1114 profanos
1741 1060 1937 1099 sacer-

293 1130 448 1184 dotes
469 1130 792 1202 essent,qui
816 1130 915 1186 illo
937 1148 998 1187 se
1029 1132 1199 1186 modo
1222 1132 1558 1187 mundiores
1576 1136 1934 1203 praestarent,

290 1217 446 1287 licuit
491 1219 772 1275 Barnabas
830 1220 1097 1291 apostolo
1154 1220 1365 1285 dicere,
1438 1220 1933 1275 circumcisionem

291 1307 614 1379 promiscue
671 1309 743 1363 ab
776 1306 892 1363 illis
943 1309 1238 1380 usurpari.
1274 1309 1415 1375 Quis
1447 1326 1560 1363 non
1620 1309 1676 1363 in
1721 1308 1935 1364 talibus

289 1394 500 1451 similia
528 1394 789 1466 loquitur
809 1396 835 1450 ?
855 1400 1136 1452 Caeterum
1164 1398 1420 1452 Arabum
1448 1397 1731 1469 plurimos
1756 1398 1936 1452 fuisse

293 1499 512 1554 verpos,
548 1484 726 1539 sicuti
757 1488 813 1539 et
852 1486 1180 1540 sacerdotes
1209 1486 1526 1557 ngyptios,
1560 1503 1673 1541 non
1708 1492 1795 1541 est
1825 1486 1932 1541 du-

291 1572 470 1627 bium.
500 1574 584 1627 Ac
616 1589 689 1628 ne
720 1573 790 1627 de
818 1575 977 1645 Syris
1037 1574 1277 1645 quidem
1309 1579 1397 1629 est
1439 1573 1849 1642 dubitandum,
1884 1575 1931 1630 si

286 1660 516 1732 quidem
547 1678 753 1715 verum
786 1662 862 1716 sit
896 1663 1049 1734 quod
1084 1663 1310 1734 antiqui
1341 1664 1733 1729 crediderunt,
1766 1664 1933 1719 Phos-

284 1748 436 1803 nices
465 1750 776 1821 περιτομήν
810 1750 1138 1805 admisisse.
1198 1750 1475 1823 Origenes
1530 1752 1599 1805 ad
1656 1754 1803 1807 Rom.
1869 1770 1930 1819 11,

281 1838 365 1904 25,
421 1838 580 1892 inter
637 1842 874 1894 czeteros
931 1839 1393 1895 circumcisionis
1452 1840 1702 1895 cultores
1759 1840 1933 1895 etiam

282 1925 583 1982 Phcenices
612 1928 941 1982 numeravit
971 1928 1064 1982 his
1094 1929 1283 1983 verbis
1308 1944 1321 1982 :
1356 1928 1416 1983 Si
1452 1929 1723 1999 replieetis
1753 1930 1929 1985 histo-

281 2017 389 2069 rias
416 2021 653 2082 vestras,
684 2018 979 2072 invenietis
1004 2033 1114 2072 non
1142 2018 1321 2071 solum
1348 2019 1730 2088 lEgyptiorum
1754 2034 1929 2073 sacer-

282 2103 443 2169 dotes,
477 2104 573 2159 sed
603 2107 652 2159 et
681 2106 889 2161 Arabas
919 2110 969 2159 et
1016 2108 1299 2177 [Egyptios
1327 2109 1378 2160 el
1408 2109 1720 2161 Pnoemcns
1766 2108 1933 2161 alios-

284 2208 402 2264 que,
431 2209 675 2263 quorum
700 2195 885 2249 studia
928 2196 1112 2262 gratia
1162 2195 1480 2266 liujusmodi
1534 2197 1936 2266 superstitionis

286 2282 525 2337 nobilius
559 2283 772 2355 vigent.

355 2410 383 2437 ‹‹
413 2393 551 2460 Cap.
625 2389 685 2445 l6
719 2390 798 2444 ¹⁸ε
832 2389 1096 2444 Adhucet
1161 2390 1228 2444 de
1285 2391 1481 2459 templo
1531 2391 1712 2446 dicam
1768 2391 1935 2461 vobis,

292 2476 551 2547 quomodo
585 2483 829 2533 errantes
874 2479 1085 2546 miseri,
1128 2475 1214 2530 ἐπὶ
1244 2477 1342 2544 τήν
1394 2474 1518 2531 ὁδὸν
1564 2475 1824 2549 ἤλπισαν,
1878 2482 1935 2533 in

290 2580 423 2620 VIAM
450 2573 833 2636 speraverant,
865 2570 915 2621 et
944 2583 1056 2622 non
1087 2568 1145 2622 in
1167 2568 1338 2621 Deum
1356 2569 1535 2638 ipsum
1556 2570 1654 2639 qui
1679 2571 1808 2639 fecit
1828 2584 1935 2637 eos,

291 2657 440 2723 quasi
469 2655 671 2709 domus
704 2657 807 2710 Dei
845 2660 999 2710 esset.
1041 2655 1143 2710 Hic
1194 2672 1308 2709 non
1360 2660 1449 2711 est
1496 2656 1741 2711 dubium
1794 2657 1933 2728 quin

290 2736 432 2811 ὁδοῦ,
456 2744 592 2805 viae,
626 2742 861 2798 nomine
887 2742 1171 2815 templum
1192 2743 1420 2799 veniat:
1455 2760 1590 2799 nam
1621 2748 1678 2799 et
1708 2744 1767 2799 in
1798 2750 1939 2799 tem-

289 2829 378 2901 plo
407 2834 597 2886 totam
647 2831 984 2887 Judaaorum
1047 2833 1321 2887 fiduciam
1374 2833 1555 2887 fuisse
1604 2833 1940 2904 repositam,

288 2921 445 2973 notat
479 2918 587 2972 illa
620 2918 864 2975 celebris
916 2920 1323 2985 conclamatio,
1374 2922 1652 2990 Templum
1702 2923 1938 2989 Domini,

287 3006 545 3078 templum
596 3009 847 3073 Domini,
877 3013 934 3063 et
990 3010 1143 3080 quod
1178 3009 1345 3063 initio
1379 3014 1577 3065 noster
1623 3011 1695 3065 de
1742 3012 1940 3081 templo

287 3094 596 3164 proposuit
635 3095 843 3165 dicere,
896 3100 952 3150 et
992 3098 1140 3167 quod
1180 3113 1312 3151 mox
1341 3097 1559 3158 subdit.
1612 3099 1781 3165 Quasi
1811 3098 1941 3169 (via

288 3180 505 3238 scilicet
528 3181 635 3237 illa
667 3183 901 3253 )domus
932 3186 1026 3240 Dei
1064 3194 1220 3240 esset.
1252 3184 1411 3239 Vidit
1440 3185 1549 3240 hoc
1583 3190 1638 3241 et
1665 3190 1833 3241 vetus
1855 3186 1939 3241 in-

290 3273 523 3341 terpres,
568 3271 669 3342 qui
700 3268 804 3344 pro
835 3269 956 3325 ὁδόν
990 3275 1155 3339 viam,
1188 3274 1387 3344 posuit
1430 3273 1640 3334 molem;
1671 3274 1754 3329 sic
1785 3274 1938 3329 enim

288 3358 576 3414 reddidit:
602 3360 665 3414 In
692 3378 859 3418 manu
884 3378 1035 3433 spem
1081 3362 1408 3417 habuerunt.
1441 3361 1760 3418 Cotelerius
1810 3363 1939 3434 qui-

288 3445 411 3502 dem
433 3451 503 3505 ad
534 3449 805 3520 quaedam
837 3450 1143 3505 Seniorum
1195 3450 1323 3504 loca
1363 3449 1619 3505 allusum
1672 3451 1938 3522 suspica-

287 3538 393 3606 tur,
425 3538 481 3592 in
522 3538 745 3609 quibus
779 3530 905 3597 ὁδός
931 3537 1201 3594 similiter
1218 3555 1320 3609 pro
1352 3539 1548 3608 templo
1579 3538 1734 3592 sumi
1768 3555 1939 3609 posse

284 3622 529 3681 videtur.
568 3625 783 3681 Verum
814 3630 870 3681 et
900 3625 995 3680 hic
1026 3627 1344 3695 Barnabas,
1377 3631 1435 3681 et
1466 3624 1542 3679 ibi
1595 3626 1728 3680 LXX
1757 3622 1934 3695 οὐδόν,

286 3712 471 3779 limen,
496 3714 814 3785 scripsisse
834 3714 1126 3779 videntur,
1154 3718 1429 3769 consueto
1452 3712 1748 3769 schemate
1769 3718 1937 3769 uten-

285 3803 387 3863 tes,
422 3819 544 3873 quo
604 3819 739 3873 pars
792 3818 894 3873 pro
926 3806 1045 3857 toto
1075 3801 1349 3871 sumitur,
1405 3805 1461 3856 et
1489 3818 1603 3872 quo
1652 3801 1938 3873 hodieque

287 3889 530 3957 utimur,
568 3890 665 3944 ubi
699 3891 917 3945 Limina
947 3891 1323 3959 apostolorum
1370 3889 1617 3945 invisere
1661 3888 1934 3944 dicimur.

286 3976 622 4047 Legendum
654 3982 743 4033 est
788 3978 964 4049 igitur
1008 3976 1094 4030 ἐπὶ
1124 3977 1217 4030 τὸν
1270 3973 1494 4032 οὐδὸν...
1530 3979 1594 4031 in
1628 3978 1840 4044 limine,
1877 3978 1933 4032 h-

284 4082 331 4120 e.
363 4069 569 4139 templo
613 4083 762 4137 spem
808 4068 1151 4124 collocantes.
1203 4070 1486 4121 Caterum
1538 4066 1588 4121 si
1645 4068 1938 4122 Barnabas

284 4156 447 4222 viam,
478 4155 585 4222 τήν
615 4151 762 4225 ὁδόν,
786 4156 873 4211 uti
904 4171 1061 4210 nunc
1090 4154 1321 4226 legitur,
1354 4154 1607 4209 scribere
1635 4153 1938 4224 voluisset,

284 4244 353 4298 ad
376 4245 559 4301 ﬁnem
591 4240 749 4297 οὖσαν
784 4244 1097 4315 posuisset,
1130 4260 1246 4299 non
1296 4236 1443 4310 ὄντα,
1477 4244 1631 4314 quod
1678 4260 1793 4299 non
1825 4244 1939 4299 nisi

284 4347 413 4387 cum
448 4329 611 4386 οὐδόν
663 4333 977 4389 convenit:
1014 4331 1111 4403 ὡς,
1145 4331 1357 4403 inquit,
1406 4325 1534 4384 ὄντα
1582 4329 1727 4383 οἷκον
1782 4335 1934 4387 Θεοῦ.

286 4421 462 4491 Idem,
499 4422 586 4477 uti
610 4421 1060 4492 dixi,judicium
1078 4422 1189 4476 erit
1222 4422 1291 4475 de
1322 4419 1467 4474 locis
1494 4420 1628 4474 LXX
1659 4420 1939 4475 viralibus

2047 512 2396 582 respondeat
2426 512 2707 569 Hebraico
2740 531 2904 581 sspn,
2938 512 3093 585 quod
3125 517 3214 569 est
3252 514 3442 568 limen.
3477 512 3694 568 Verum

2049 599 2351 655 sciendum
2384 606 2471 656 est
2518 602 2865 657 Hebraicum
2924 618 3161 672 DEREGH,
3198 619 3328 657 cum
3361 619 3395 655 a
3440 601 3698 657 calcando

2046 691 2259 755 veniat,
2294 706 2409 743 non
2443 694 2668 744 tantum
2717 692 2869 745 viam
2900 690 3250 762 significare,
3286 690 3385 744 sed
3439 694 3495 744 et
3538 692 3697 760 pavi-

2046 786 2311 848 mentum,
2347 783 2403 832 et
2434 778 2493 832 in
2516 778 2775 833 recitatis
2805 778 2949 833 locis
2971 780 3144 833 etiam
3167 780 3355 845 limen,
3390 778 3546 849 quod
3578 783 3695 833 sta-

2048 866 2151 920 tim
2186 867 2257 921 ab
2314 866 2777 937 ingredientibus
2836 868 3112 921 calcatur.
3147 866 3360 922 Deinde
3390 883 3523 922 cum
3578 867 3697 922 Jer.

2048 971 2214 1024 xxxv,
2247 956 2297 1023 4,
2351 951 2719 1030 φυλάσσοντος
2774 955 2871 1022 τήν
2924 951 3070 1023 ὁδόν,
3129 956 3479 1011 custodientis
3521 957 3695 1011 viam.

2049 1059 2150 1114 pro
2180 1042 2270 1095 τὸν
2293 1039 2474 1109 οὐδόν,
2500 1043 2859 1099 custodientis
2878 1046 3045 1099 limen
3067 1045 3226 1115 (nam
3250 1044 3392 1099 Heb.
3419 1048 3509 1099 est
3530 1046 3695 1116 snpn)

2047 1148 2175 1187 meo
2198 1132 2422 1202 judicio
2471 1134 2729 1203 positum
2770 1132 3140 1198 inveniatur;
3175 1148 3289 1187 non
3334 1131 3496 1187 video
3548 1133 3691 1203 quin

2047 1221 2245 1275 eadem
2283 1222 2526 1276 mutatio
2553 1220 2695 1276 locis
2725 1237 2903 1292 supra
2923 1221 3284 1293 depromptis
3317 1220 3570 1292 potuerit
3598 1238 3695 1277 ac-

2049 1309 2261 1363 cidere.
2285 1313 2589 1365 Postremo
2620 1327 2693 1364 ne
2723 1309 3001 1365 tricemur
3032 1310 3277 1375 diutius,
3308 1309 3357 1364 si
3391 1325 3692 1380 gramma-

2045 1397 2191 1451 ticos
2240 1397 2534 1463 audimus,
2569 1394 2715 1464 ὁὸός,
2763 1400 2875 1465 via,
2910 1403 2967 1453 et
3015 1393 3195 1465 οὐδός,
3254 1399 3444 1460 limen,
3507 1414 3691 1452 unum

2044 1484 2319 1556 idemque
2347 1503 2554 1541 nomen
2591 1490 2749 1542 sunt.
2798 1487 2944 1541 Nam
2993 1490 3049 1541 et
3100 1491 3347 1541 Homero
3403 1482 3564 1545 οὐδός
3593 1504 3696 1558 pro

2044 1569 2167 1633 ὁδός
2228 1576 2341 1643 via,
2393 1579 2747 1645 usurpatur:
2812 1581 2864 1629 et
2924 1580 3126 1631 contra
3182 1575 3395 1630 Suidas
3452 1578 3701 1630 testatur

2040 1679 2240 1718 vocem
2273 1660 2421 1729 ὁδὸς,
2459 1664 2505 1718 si
2543 1668 2817 1719 tenuetur
2846 1664 3037 1735 prima
3085 1664 3328 1736 syllaba,
3361 1664 3696 1735 significare

2042 1745 2216 1811 οὐδόν,
2254 1750 2291 1805 i.
2326 1769 2375 1807 e.
2430 1752 2619 1818 limen,
2669 1751 2844 1807 allato
2891 1751 3198 1823 Sophoclis
3231 1751 3374 1807 loco.
3426 1752 3596 1807 Paria
3638 1751 3698 1806 in

2048 1839 2351 1895 Eustathio
2400 1841 2674 1911 reperies,
2726 1845 2782 1894 et
2826 1840 2883 1894 in
2930 1840 3233 1911 Sophoclis
3272 1840 3582 1896 scholiaste
3625 1840 3697 1897 ad

2044 1928 2327 1984 celebrem
2353 1930 2479 2000 ejus
2496 1928 2688 1984 locum
2705 1946 2737 1984 a
2760 1928 2940 1984 Suida
2961 1934 3017 1984 et
3033 1928 3695 1983 Eustathuolaudatum.

2047 2021 2124 2072 De
2167 2018 2381 2088 quibus
2430 2016 2558 2072 vide
2608 2017 2675 2071 Η.
2730 2017 3089 2088 Stephanum
3125 2019 3185 2071 ¹⁹.
3236 2021 3350 2072 Nec
3391 2022 3445 2071 te
3501 2018 3699 2072 turbet

2046 2106 2200 2176 quod
2226 2105 2346 2159 haec
2367 2106 2609 2176 antiqua
2631 2111 2688 2160 et
2710 2110 3006 2175 poetarum
3030 2105 3343 2177 peculiaria
3356 2105 3663 2160 videantur
3683 2123 3693 2160 :

2046 2210 2181 2248 nam
2208 2195 2265 2248 in
2293 2195 2433 2249 LXX
2462 2198 2518 2248 et
2546 2194 2766 2249 Judaeis
2812 2192 3145 2249 ilellenistis
3186 2194 3440 2264 plurima
3492 2209 3699 2249 occur-

2050 2286 2209 2349 runt,
2256 2284 2463 2353 partim
2516 2282 2842 2353 antiquata,
2896 2282 3109 2353 partim
3165 2280 3565 2337 Alexandrina:
3597 2285 3701 2337 aut

2046 2370 2294 2425 aliarum
2326 2371 2662 2443 ignotarum
2718 2370 3100 2426 dialectorum
3154 2370 3489 2442 peculiaria.
3526 2393 3554 2420 »
3588 2371 3701 2426 Ha-

2048 2463 2251 2515 ctenus
2280 2459 2349 2513 V.
2384 2460 2445 2514 C.

2684 2583 2923 2639 CAPUT
2954 2583 3051 2638 VI.

2048 2673 2121 2727 De
2151 2674 2324 2727 variis
2345 2670 2583 2743 ejusdem
2605 2673 2868 2744 Epistolas
2889 2672 3221 2726 editionibus
3242 2688 3305 2725 ac
3323 2672 3664 2744 versionibus
3679 2689 3696 2725 :

2120 2745 2184 2798 in
2210 2744 2407 2814 primis
2438 2760 2562 2798 vero
2591 2743 2654 2799 de
2682 2748 2857 2799 vetere
2884 2745 3109 2813 Latina,
3142 2743 3235 2797 ubi
3271 2747 3323 2797 et
3356 2743 3601 2813 paucula
3624 2744 3697 2797 de

2119 2831 2251 2869 cura
2278 2818 2484 2869 nostra.

2120 2920 2251 2975 Jam
2283 2937 2414 2975 vero
2447 2937 2518 2975 ne
2549 2920 2739 2975 ofﬁcio
2771 2924 2969 2975 nostro
3000 2920 3233 2991 penitus
3264 2920 3465 2974 deesse
3506 2919 3698 2973 videa-

2050 3025 2204 3077 mur,
2236 3008 2306 3063 ad
2341 3008 2533 3064 varias
2561 3014 2617 3063 et
2646 3009 2880 3079 quidem
2915 3008 3169 3081 potiores
3198 3007 3471 3080 Epistolas
3518 3007 3698 3077 hujus

2049 3096 2334 3153 editiones
2348 3114 2414 3153 ac
2430 3097 2724 3152 versiones
2740 3098 3126 3153 recensendas
3144 3098 3512 3153 accedamus.
3534 3096 3697 3152 Illam

2050 3185 2247 3256 itaque
2296 3186 2526 3256 primus
2574 3185 2729 3257 prelo
2760 3187 3089 3257 subjecerat
3147 3185 3349 3241 Oxonii
3377 3202 3527 3240 anno
3559 3186 3697 3239 1643

2046 3274 2298 3329 Jacobus
2329 3273 2625 3341 Usserius,
2680 3275 2970 3342 «Verum,
3003 3274 3196 3346 inquit
3242 3273 3516 3343 Bellus”,
3570 3274 3698 3343 ejus

2048 3362 2213 3416 urbis
2246 3367 2407 3433 parte
2438 3379 2651 3433 magna
2683 3363 2843 3434 gravi
2891 3362 3160 3418 incendio
3190 3365 3473 3432 correpta,
3528 3365 3697 3432 typo-

2047 3449 2375 3522 grapheum
2408 3468 2541 3505 cum
2576 3455 2695 3505 tota
2727 3450 3108 3522 supellectile,
3143 3449 3374 3505 schedis
3404 3448 3706 3520 impressis

2046 3543 2102 3593 et
2130 3538 2445 3609 exemplari
2478 3541 2627 3610 ipso,
2656 3538 3055 3610 conflagravit.
3086 3561 3112 3586 ››
3317 3525 3327 3531 ’

2117 3629 2240 3693 Quo
2272 3631 2466 3681 autem
2498 3628 2678 3682 ferme
2709 3630 2969 3698 tempore
2998 3626 3199 3681 Oxonii
3242 3642 3408 3681 suam
3460 3624 3702 3696 parabat

2045 3715 2356 3770 editionem
2392 3714 2685 3783 Usserius,
2719 3715 2789 3769 de
2820 3714 2947 3785 ipsa
2986 3713 3243 3785 Epistola
3282 3712 3513 3768 Parisiis
3540 3713 3700 3768 evul-

2047 3804 2241 3875 ganda
2272 3802 2564 3875 cogitabat
2594 3807 2759 3875 Hugo
2789 3803 3127 3872 Menardus,
3159 3802 3483 3857 monachus
3516 3806 3701 3856 Bene-

2046 3891 2305 3945 dictinus
2335 3908 2365 3945 e
2415 3891 2863 3961 congregatione
2902 3891 2961 3944 S.
3002 3891 3205 3945 Mauri.
3265 3891 3516 3962 Jamque
3546 3890 3739 3967 typis,

2048 3985 2255 4050 praesto
2290 3984 2414 4034 erat
2442 3996 2611 4050 opus,
2643 3979 2889 4033 eruditis
2920 3979 3396 4034 adnotationibus
3442 3977 3697 4033 illustra-

2046 4072 2207 4134 tum;
2244 4069 2344 4123 sed
2379 4084 2529 4122 anno
2558 4068 2697 4121 1644
2744 4067 3000 4134 ineunte,
3034 4072 3220 4122 morte
3252 4070 3530 4139 prmrepto
3578 4066 3698 4121 viro

2045 4158 2234 4221 docto,
2255 4155 2412 4210 illius
2432 4156 2639 4210 edendi
2657 4172 2857 4210 curam
2877 4156 2935 4209 in
2955 4173 3016 4210 se
3033 4156 3247 4226 recepit
3264 4155 3389 4227 ejus
3403 4155 3705 4229 syncellita

2048 4244 2236 4299 Lucas
2261 4243 2602 4309 Dacherius,
2638 4244 2739 4315 qui
2766 4248 2821 4299 et
2844 4247 3082 4299 auctum
3106 4244 3440 4315 praefatione
3462 4260 3589 4310 sua,
3614 4244 3701 4297 in-

2049 4337 2330 4403 sequente
2360 4349 2513 4387 anno
2551 4334 2689 4386 1645
2714 4333 2772 4386 in
2808 4333 2996 4387 lucem
3028 4333 3244 4387 emisit.
3280 4332 3352 4388 Ut
3374 4338 3568 4388 autem
3591 4333 3705 4405 pri-

2050 4437 2155 4475 ma:
2188 4420 2369 4490 hujus
2391 4421 2663 4475 editionis
2697 4422 2844 4475 ratio
2870 4421 3071 4476 lectori
3094 4426 3391 4492 utcunque
3408 4426 3707 4492 comperta

284 4509 359 4563 IlI
391 4510 537 4583 Reg.
589 4527 719 4576 vm,
779 4511 971 4580 44-48,
1029 4509 1089 4564 in
1141 4508 1359 4580 quibus
1419 4524 1574 4562 nunc
1628 4507 1937 4581 προσεύξον-

2054 4508 2150 4579 sit,
2184 4509 2373 4580 ipsius
2406 4508 2477 4563 cl.
2511 4509 2755 4564 editoris
2785 4514 2959 4564 verba
2989 4509 3081 4564 hic
3113 4510 3440 4565 describere
3464 4508 3701 4579 juverit.

283 4615 436 4652 ται...
475 4594 603 4650 ὁδόν
635 4596 868 4669 legitur,
902 4614 1035 4653 cum
1089 4597 1401 4668 legendum
1454 4595 1530 4650 sit
1576 4591 1755 4648 οὐδόν.
1812 4598 1949 4652 Ado-

284 4685 485 4742 rabunt
516 4687 707 4753 limen,
742 4689 851 4741 etc.
886 4686 1065 4740 Sicuti
1117 4685 1292 4741 etiam
1326 4684 1375 4739 II
1419 4684 1608 4739 Paral.
1650 4700 1725 4750 vr,
1757 4685 1946 4739 34-38.

285 4774 409 4830 Non
470 4775 741 4830 inaudita
790 4779 880 4831 est
938 4776 1090 4847 apud
1147 4779 1367 4829 veteres
1427 4774 1638 4827 liminis
1678 4773 1946 4828 adoratio.

294 4862 525 4920 Scitum
550 4868 639 4919 est
660 4863 834 4919 etiam
859 4863 1131 4934 antiquos
1149 4883 1175 4915 ο
1199 4880 1301 4934 pro
1332 4862 1560 4934 integra
1589 4860 1950 4934 diphthongo

290 4968 365 5007 ou
398 4954 678 5026 primitus
718 4951 1024 5025 scripsisse
1054 4955 1143 5021 (ut
1192 4952 1250 5005 in
1310 4950 1569 5006 nummis
1603 4948 1948 5022 Συρακοσίων

287 5057 390 5112 pro
424 5040 836 5115 Συρακουσίων,
866 5045 923 5096 et
953 5044 1221 5096 sexcenta
1250 5039 1513 5110 ejusdem
1545 5039 1750 5109 modi,)
1796 5039 1951 5109 quod

285 5131 686 5200 postmodum,
717 5129 1189 5202 descriptoribus
1232 5127 1423 5183 fraudi
1475 5126 1674 5197 fuisse,
1708 5143 1824 5181 non
1865 5131 1953 5182 est

286 5215 696 5274 dubitandum.
729 5217 948 5273 Dixerit
1008 5216 1223 5288 aliquis
1250 5215 1310 5270 in
1342 5216 1516 5271 modo
1549 5215 1802 5271 laudatis
1848 5215 1947 5270 Se-

284 5304 540 5362 nioruml
578 5306 700 5363 ocis
729 5302 851 5359 666v
914 5321 1042 5362 esse
1091 5304 1483 5373 retinendum,
1539 5303 1679 5374 quia
1725 5302 1777 5359 ei
1840 5304 1945 5358 lle-

360 5574 404 5609 ίθ
435 5577 603 5631 Barn.
626 5573 835 5646 Epist.,
869 5589 920 5628 c.
942 5574 975 5624 7
1054 5574 1097 5608 ¹⁹
1125 5572 1197 5629 Il.
1230 5570 1433 5644 Steph,
1466 5569 1637 5640 Thes.,
1670 5573 1810 5626 tom.
1851 5573 1920 5638 II,
1953 5570 2063 5626 col.
2091 5570 2248 5625 1183.

2056 4598 2151 4653 Sic
2181 4598 2359 4669 igitur
2388 4597 2524 4653 ille:
2562 4621 2589 4647 ι(
2622 4598 2683 4651 In
2736 4598 3030 4653 Philastrii
3081 4599 3334 4669 episcopi
3396 4597 3705 4652 Brixiensis

2056 4685 2325 4741 volumen
2374 4702 2552 4740 manu
2596 4687 2878 4756 scriptum
2909 4703 2940 4740 e
2970 4686 3303 4741 Corbeiensi
3331 4686 3702 4751 monasterio,

2058 4790 2193 4829 cum
2223 4773 2525 4828 incidisset
2556 4772 2871 4844 aliquando
2902 4773 2968 4828 R.
3004 4778 3063 4827 Ρ.
3098 4775 3350 4830 domnus
3379 4773 3542 4843 Hugo
3586 4772 3705 4827 Me-

2059 4863 2299 4931 nardus,
2325 4862 2539 4916 ibidem
2572 4860 2834 4933 proxime
2863 4867 2995 4933 post
3025 4861 3340 4932 Epistolam
3361 4860 3706 4917 Tertulliani

2056 4952 2130 5006 De
2156 4952 2297 5006 cibis
2326 4949 2588 5015 Judaicis,
2622 4950 2896 5004 Barnabas
2929 4951 3164 5005 nomine
3195 4950 3538 5023 insignitam
3578 4949 3705 5021 Epi-

2057 5040 2261 5094 stolam
2292 5054 2409 5092 una
2441 5053 2573 5091 cum
2603 5036 2801 5091 Jacobi
2836 5036 3081 5109 apostoli
3112 5037 3705 5110 Epistoladeprehen-

2059 5127 2182 5181 dit:
2212 5141 2463 5196 moxque
2493 5124 2552 5179 in
2588 5125 2852 5179 animum
2910 5125 3160 5195 induxit,
3214 5142 3342 5182 eam
3383 5131 3448 5182 ut
3477 5143 3545 5182 ex
3574 5123 3703 5196 pul-

2057 5230 2187 5270 vere
2208 5218 2265 5269 et
2303 5212 2574 5285 squalore
2592 5218 2908 5281 excuteret,
2926 5214 3303 5286 appositeque
3326 5216 3477 5270 notis
3498 5212 3702 5268 diluci-

2056 5304 2239 5358 daret.
2272 5305 2347 5356 At
2376 5300 2515 5372 quia
2552 5317 2620 5355 ex
2677 5301 3032 5372 primoribus
3084 5302 3350 5358 Ecclesiae
3407 5300 3702 5369 Patribus,

2326 5567 2369 5603 ⁵ο
2400 5566 2563 5635 Fell.,
2598 5568 2821 5641 praefat.
2854 5569 2927 5625 ad
2945 5570 3125 5642 Epist.
3159 5568 3404 5624 Barnab.
