4014 6202
222 290 345 354 ⁸108

226 513 388 587 gorio
422 513 805 579 Nazianzeno,
838 512 1184 587 Hieronymo
1217 514 1463 585 aliisque
1498 531 1612 569 non
1646 513 1870 586 paucis,

224 602 334 658 hac
364 602 423 657 in
476 601 736 673 Epistola
792 602 1140 669 Barnabam,
1202 620 1306 658 seu
1340 604 1607 675 quemvis
1664 602 1867 666 alium,

224 695 415 747 Graeco
445 690 625 746 fuisse
655 690 914 747 locutum
943 691 1096 746 haud
1139 693 1315 748 dubie
1358 693 1661 759 didicerat,
1704 689 1872 746 haesit

229 796 343 836 non
360 780 944 852 parumimplicatus:
965 796 1068 836 nec
1090 781 1379 853 ejusmodi
1400 785 1870 845 monumentum,

226 868 311 924 sic
340 867 744 940 imperfectum
777 886 842 925 ac
872 871 1047 926 naevis
1078 876 1330 939 scatens,
1355 875 1420 925 ut
1440 870 1541 925 illa
1559 887 1671 940 qua
1695 870 1872 923 codex

225 957 553 1031 exscriptus
585 964 673 1012 est
702 962 843 1015 satas
872 960 1113 1025 ferebat,
1145 959 1202 1013 in
1237 958 1537 1031 publicum
1570 975 1749 1013 ausus
1784 962 1874 1011 est

225 1046 456 1101 inferre.
481 1047 698 1102 Verum
721 1048 1021 1119 suppetias
1034 1049 1267 1103 tandem
1288 1048 1486 1103 attulit
1499 1046 1872 1102 doctissimus

226 1134 594 1191 Sirmondus.
627 1136 931 1192 Societatis
960 1139 1093 1193 Jesu
1130 1138 1429 1209 presbyter
1453 1154 1464 1192 :
1490 1136 1539 1191 is
1563 1136 1778 1207 quippe
1802 1135 1871 1189 de

100 1294 119 1307 ν
200 1223 559 1301 ‘apographo
594 1225 810 1296 Graeco,
845 1227 999 1297 quod
1033 1227 1225 1282 Romae
1264 1226 1415 1281 inter
1446 1242 1588 1280 mss.
1621 1229 1677 1279 et
1707 1224 1872 1279 sche-

227 1312 334 1367 das
365 1313 429 1367 R.
462 1312 523 1367 Ρ.
550 1314 819 1370 Turriani
850 1314 1176 1370 eruditione
1205 1331 1271 1370 ac
1309 1330 1502 1369 rerum
1554 1312 1872 1367 multarum

231 1400 476 1456 scientia
504 1402 815 1458 clarissimi
850 1408 1159 1473 repererat,
1214 1402 1603 1458 libentissime
1653 1416 1873 1455 accom-

228 1489 483 1545 modavit
514 1490 809 1547 Menardo.
844 1490 1004 1548 Unde
1026 1497 1221 1547 autem
1244 1490 1613 1562 exscripserit
1634 1505 1873 1561 apogra—

228 1578 411 1650 phum
443 1578 788 1646 Turrianus,
822 1595 914 1635 res
952 1585 1041 1636 est
1071 1579 1240 1635 nobis
1271 1596 1511 1651 prorsus
1550 1578 1766 1650 ignota.
1800 1580 1873 1631 At

226 1683 362 1722 vero
393 1666 568 1723 veluti
601 1670 913 1739 genuinam
947 1670 1181 1723 nomine
1212 1669 1488 1723 Barnabaa
1530 1665 1868 1739 Epistolam,

228 1756 300 1854 ab
322 1755 1290 1854 antiquisscriptoribuslaudatam
1312 1762 1486 1828 atque
1504 1760 1868 1827 usurpatam,
1903 1790 1950 1854 Β

234 1843 436 1900 Versio
477 1843 606 1915 ipsa
625 1844 847 1912 Latina,
881 1845 1007 1901 sine
1025 1846 1202 1901 dubio
1216 1850 1348 1901 ante
1368 1861 1587 1900 annum
1610 1859 1870 1916 nongen-

228 1934 503 1988 tesimum
537 1932 757 2004 scripta
805 1935 1118 2005 persuadet
1152 1952 1166 2003 ;
1199 1951 1333 1989 cum
1386 1937 1565 1989 ierme
1595 1933 1873 1988 continuo

229 2020 411 2077 textui
440 2024 632 2077 Greco
663 2023 1013 2093 respondeat
1042 2023 1100 2078 in
1149 2023 1539 2078 omnibus.....
1600 2021 1872 2077 Mutilum

228 2112 319 2166 est
342 2109 625 2189 Graecum,
653 2110 859 2165 mutila
891 2110 1078 2166 versio
1120 2111 1342 2167 Latina.
1363 2113 1622 2166 Graecum
1638 2109 1871 2181 quidem

229 2196 458 2254 lacunis
488 2201 545 2253 et
575 2197 836 2254 hiatibus
868 2199 1033 2254 initio
1054 2204 1283 2255 tantum
1306 2199 1572 2271 Epistolas
1594 2199 1877 2254 deforma-

230 2290 443 2342 tur.....
473 2286 676 2341 Versio
706 2292 904 2343 autem
935 2291 1093 2343 caret
1121 2293 1281 2360 parte
1314 2293 1629 2359 postrema,
1665 2287 1755 2342 cui
1789 2303 1879 2343 ac-

231 2375 553 2431 cessionem
586 2393 731 2431 nova
778 2377 1253 2447 interpretatione
1301 2394 1369 2431 ex
1398 2381 1591 2432 Graeco
1623 2376 1876 2432 Romano

235 2463 431 2519 attulit
460 2464 891 2520 Menardus.....
924 2465 1195 2520 Codicem
1227 2465 1467 2521 unicum
1490 2465 1718 2535 habuit,
1742 2479 1876 2518 cum

236 2552 497 2609 Graecum
528 2556 654 2608 tum
692 2553 978 2622 Latinum,
1004 2570 1191 2624 neque
1214 2570 1425 2609 sanum
1452 2554 1667 2624 ubique
1700 2553 1876 2619 satis;

234 2644 301 2698 ut
325 2641 566 2713 proinde
596 2658 752 2696 nunc
794 2659 954 2708 cura,
989 2658 1146 2698 nunc
1193 2643 1527 2713 conjectura
1574 2641 1657 2696 illi
1706 2640 1881 2696 fuerit

206 2729 568 2785 'adhibenda
597 2747 609 2783 :
646 2731 801 2800 quod
834 2735 1030 2785 tamen
1062 2730 1144 2786 sic
1176 2747 1347 2802 parce
1375 2735 1433 2785 et
1463 2731 1781 2801 prudenter
1802 2729 1879 2783 fe-

235 2818 334 2885 cit,
371 2821 436 2873 ut
462 2817 521 2872 in
553 2817 709 2873 linea
737 2835 849 2873 non
884 2818 1049 2875 facile
1077 2818 1330 2874 litteram
1362 2822 1635 2887 mutaret,
1678 2818 1775 2872 sed
1808 2816 1879 2871 ad

236 2905 560 2977 marginem
592 2906 914 2961 adnotaret.
949 2930 977 2956 »
1010 2907 1133 2962 Huc
1162 2923 1349 2978 usque
1382 2906 1714 2961 Dacherius.

306 3011 538 3067 Postero
597 3028 749 3067 anno
806 3014 943 3068 1646
1005 3012 1421 3093 Amstelodami
1480 3012 1637 3085 typis
1688 3013 1879 3067 denuo

234 3100 632 3156 excudendam
646 3100 1144 3157 curaviteamdem
1160 3101 1473 3172 Epistolam
1496 3106 1725 3157 Isaacus
1738 3101 1877 3156 Vos-

1394 288 1458 353 S.
1504 284 1927 353 BARNABAS
1970 281 2454 347 APOSTOLUS.

225 422 523 481 Clemente
551 421 962 491 Alexandrino,
994 422 1259 497 Origene,
1301 423 1681 488 Tertulliano,
1727 426 1866 478 Gre-
1896 421 1950 488 Α
1980 419 2209 473 Patrum
2299 415 2723 487 apostolicorum

3415 268 3423 275 ’
3502 269 3630 334 τοι

2837 406 3177 467 collectione
3288 404 3626 464 Lodinensi.

2051 508 2207 562 Inter
2234 505 2529 575 versiones
2557 507 2751 559 autem
2782 500 2961 570 hujus
2989 496 3259 571 Epistolas
3301 496 3629 568 principem

1983 596 2170 651 locum
2203 594 2314 650 sibi
2345 593 2599 649 vindicat
2628 595 2794 647 vetus
2845 588 3089 644 Latina:
3125 587 3195 642 de
3244 602 3362 656 qua
3420 590 3634 656 praeter

1978 701 2046 741 ea
2075 701 2202 756 quae
2235 683 2483 754 sparsim
2516 681 2653 736 hinc
2683 679 2821 734 inde
2849 677 3174 749 attigimus,
3206 674 3291 730 sic
3319 678 3519 729 censet
3551 673 3627 728 el.

1979 772 2299 830 Cotelerius
2322 773 2365 807 ⁵η
2394 790 2407 839 ;
2448 790 2469 819 ι
2502 770 2684 824 Vetus
2716 766 3114 838 interpretatio
3146 761 3473 818 barbariem
3505 761 3633 816 ubi-

1980 878 2112 933 que,
2146 861 2359 931 ubique
2389 856 2803 931 negligentiam
2836 854 3129 919 ostendit;
3162 855 3366 923 estque
3414 850 3630 921 imper-

1980 951 2126 1006 fecta
2166 954 2223 1004 et
2289 947 2514 1011 mutila,
2567 952 2693 1001 tum
2747 942 2986 1015 passim,
3036 944 3166 995 tum
3213 939 3498 1009 praecipue
3555 937 3629 992 ad

1982 1040 2180 1105 finem,
2208 1036 2307 1092 ubi
2339 1034 2661 1108 posteriora
2691 1033 2883 1105 capita
2911 1031 3252 1085 resecantur
3277 1044 3289 1093 ;
3313 1027 3459 1082 forte
3490 1025 3634 1095 quia

1982 1128 2180 1182 minus
2204 1127 2374 1181 docta
2403 1125 2752 1179 videbantur
2781 1116 3109 1190 interpreti,
3128 1121 3303 1188 atque
3332 1116 3405 1170 ad
3439 1129 3632 1169 mores

1982 1215 2171 1288 magis
2202 1213 2591 1286 pertinentia:
2626 1211 2807 1283 igitur
2837 1206 3073 1265 omissis
3105 1205 3197 1274 iis,
3248 1202 3631 1275 colophonem

1983 1303 2451 1376 perdoxologiam
2500 1298 2770 1371 imponit.
2819 1299 3003 1353 Suum
3034 1299 3231 1350 tamen
3261 1291 3348 1347 illi
3377 1290 3632 1347 versioni

1981 1394 2232 1465 pretium
2268 1407 2280 1446 :
2316 1391 2408 1447 cui
2431 1390 2712 1445 debemus
2744 1383 3158 1457 prioracapita,
3192 1397 3328 1437 cum
3351 1397 3465 1435 non
3490 1395 3634 1450 pau-

1978 1482 2064 1537 cis
2082 1478 2592 1536 emendationibus
2610 1475 2788 1532 Graeci
2803 1476 3109 1530 contextus
3130 1489 3145 1539 ;
3164 1474 3230 1525 ut
3259 1468 3405 1524 nihil
3438 1469 3633 1523 dicam

1980 1571 2051 1626 de
2084 1568 2432 1640 antiquitate
2472 1565 2631 1620 illius
2650 1581 2716 1619 ac
2756 1561 3151 1634 simplicitate.
3175 1560 3516 1614 nAuctorem
3532 1572 3635 1611 au-

1979 1664 2098 1714 tem
2130 1658 2310 1729 hujus
2340 1654 2622 1711 versionis
2656 1653 2838 1708 fuisse
2858 1651 2917 1706 S.
2963 1646 3339 1705 Philastrium
3391 1645 3636 1700 Brixen-

1982 1763 2103 1803 sem
2118 1746 2456 1817 episcOpum
2474 1740 2720 1813 conjecit
2735 1736 3167 1812 Papebrochius
3180 1736 3248 1802 ²²,
3272 1750 3526 1805 eumque
3548 1746 3635 1788 se-

1983 1841 2157 1892 cutus
2188 1833 2487 1889 Fabricius
2508 1832 2575 1887 ²³.
2598 1833 2669 1885 At
2698 1828 2992 1884 immerito
3034 1841 3192 1881 sane.
3226 1824 3425 1896 Neque
3472 1821 3632 1877 enim

1985 1924 2223 1981 Menard
2234 1940 2323 1991 us,
2354 1922 2581 1995 primus
2598 1918 2806 1975 veteris
2832 1916 2996 1973 illius
3016 1910 3513 1985 interpretationis
3534 1909 3638 1964 de-

1983 2018 2188 2079 tector,
2253 2027 2440 2081 neque
2488 2008 2755 2073 Vossius,
2802 2022 2991 2077 neque
3042 2000 3380 2067 Cotelerius,
3442 2013 3637 2070 neque

1984 2103 2082 2159 alii
2114 2102 2211 2173 qui
2267 2100 2543 2170 deinceps
2601 2098 2753 2152 hanc
2803 2092 3122 2165 Epistolam
3177 2090 3518 2162 vulgarunt,
3577 2086 3638 2141 id

1985 2206 2246 2263 unquam
2274 2187 2483 2243 litteris
2504 2185 2814 2242 tradidere.
2840 2184 3011 2238 Error
3039 2184 3234 2236 autem
3256 2176 3639 2233 duumvirum

1985 2280 2219 2335 illorum
2251 2295 2281 2333 e
2311 2276 2502 2332 verbis
2537 2272 2797 2330 Dacherii
2828 2270 3001 2326 modo
3024 2267 3225 2324 relatis
3265 2266 3511 2321 fortasse
3539 2280 3640 2319 or-

1984 2373 2110 2435 tus;
2143 2367 2359 2439 quibus
2381 2365 2660 2419 docemur
2679 2384 2707 2411 «
2735 2359 3083 2416 Menardum
3115 2358 3172 2411 in
3196 2352 3493 2410 Philastrii
3520 2352 3643 2424 epi-

1987 2456 2146 2528 scopi
2180 2452 2500 2510 Brixiensis
2530 2450 2802 2506 volumen
2852 2464 2963 2504 ms.
2997 2462 3029 2501 e
3058 2443 3385 2500 Corbeiensi
3433 2456 3639 2497 mona-

1987 2544 2166 2601 sterio
2205 2542 2537 2598 incidisse»
2588 2540 2650 2594 in
2699 2554 2816 2609 quo
2849 2552 2968 2592 una
3009 2550 3143 2590 cum
3193 2531 3324 2589 aliis
3377 2534 3640 2586 veterum

1988 2631 2311 2705 opusculis,
2340 2633 2630 2686 vetustam
2660 2639 2897 2699 quoque
2925 2622 3202 2680 Barnabas
3251 2618 3519 2691 Epistole
3550 2618 3643 2672 in-

1987 2721 2465 2793 terpretationem
2496 2713 2898 2788 deprehendit,
2933 2726 3111 2784 quam
3132 2726 3201 2765 ex
3217 2708 3418 2765 eodem
3444 2706 3645 2761 codice

1988 2809 2298 2881 descripsit
2327 2808 2385 2862 in
2409 2807 2601 2863 lucem
2631 2804 2981 2860 emissurus.
3004 2799 3279 2855 Pluribus
3307 2795 3426 2868 egit
3446 2795 3557 2850 hac
3572 2794 3647 2850 de

1989 2917 2049 2955 re
2077 2898 2397 2954 Galeardus
2430 2896 2499 2951 V.
2531 2898 2590 2949 C.
2624 2894 2684 2948 in
2708 2891 3046 2964 praefatione
3075 2888 3145 2944 ad
3168 2884 3530 2942 luculentam
3551 2900 3644 2938 ve-

1986 2997 2179 3045 terum
2238 2991 2474 3042 Patrum
2537 2981 2816 3038 Brixianae
2864 2977 3135 3035 Ecclesia)
3186 2974 3588 3032 collectionem
3627 2996 3643 3039 ;

1990 3094 2186 3150 quem,
2221 3076 2270 3131 si
2295 3078 2483 3139 vacat,
2514 3072 2696 3128 lector
2724 3070 2893 3125 adeat
2912 3068 2979 3121 π.
3412 3062 3419 3063 “

236 3188 361 3245 sius
392 3188 464 3243 ad
487 3188 701 3244 calcem
724 3152 1738 3263 ΕρίειῐοΙατᾷἔι-έῗῖέέινέᾶἷλίίῖῐῖδίὶῂε
1909 3152 1952 3218 C
2062 3181 2501 3240 Recentioribus
2532 3195 2665 3234 vero
2694 3173 3065 3232 versionibus
3105 3173 3343 3242 praestat
3399 3156 3649 3239 Anglica

237 3277 407 3332 vibus
437 3277 537 3332 sed
577 3278 822 3333 eruditis
872 3277 1226 3334 illustratam
1261 3295 1272 3332 :
1315 3278 1485 3349 cujus
1535 3280 1884 3349 exemplare.

239 3364 527 3421 Salmasio
557 3365 745 3438 primo
768 3372 1071 3438 acceptum
1090 3366 1336 3422 contulit
1365 3383 1497 3421 cum
1520 3365 1709 3422 tribus
1736 3382 1879 3420 mss.

238 3453 559 3522 codicibus,
588 3470 657 3509 ex
686 3454 1054 3511 bibliothecis
1084 3455 1339 3511 Medicea
1380 3454 1732 3520 Florentina,
1766 3454 1884 3509 Va-

240 3543 437 3598 ticana
467 3548 523 3598 et
551 3543 970 3599 Theatinorum
1000 3544 1192 3599 Romae
1224 3544 1561 3615 degentium
1604 3542 1880 3614 repetitis.

241 3632 467 3697 Quibus
487 3632 770 3687 subsidiis
792 3634 1030 3704 adjutus
1051 3633 1519 3689 vetustissimum
1542 3632 1651 3687 hoc
1683 3647 1887 3686 monu-

243 3724 508 3776 mentum
541 3720 726 3775 multo
765 3721 1106 3791 castigatius
1146 3720 1468 3793 evulgavit:
1505 3743 1533 3771 «
1567 3737 1697 3776 cum
1730 3719 1885 3775 enim

244 3808 503 3865 Menardi
535 3808 730 3875 editio,
765 3814 829 3863 ut
857 3809 1106 3881 ipsemet
1134 3810 1232 3876 ait,
1257 3827 1325 3864 ex
1359 3826 1496 3874 uno,
1531 3807 1890 3880 promanarit

244 3896 462 3966 codice,
488 3896 610 3952 ﬁeri
635 3896 801 3951 aliter
830 3913 944 3951 non
974 3897 1162 3969 potuit
1182 3898 1325 3968 quin
1346 3895 1890 3953 inemendatissima

248 3985 527 4056 prodiret.
561 4008 589 4035 ››

321 4090 548 4161 Elapsis
575 4106 709 4145 vero
740 4090 943 4162 viginti
975 4108 1075 4146 sex
1100 4091 1271 4145 annis
1295 4109 1328 4145 a
1350 4091 1540 4163 prima
1568 4089 1756 4147 Vossii
1777 4090 1895 4144 edi-

250 4178 433 4247 tione,
465 4178 614 4233 hanc
645 4178 922 4234 Barnabas
974 4179 1293 4251 Epistolam
1325 4196 1560 4233 rursum
1593 4180 1652 4233 in
1684 4178 1894 4250 vulgus

251 4267 451 4323 emisit
479 4268 720 4323 Parisiis
752 4267 892 4323 4672
930 4285 1064 4324 cum
1111 4274 1303 4324 vetere
1352 4268 1556 4323 Latina
1608 4266 1891 4335 versione,

254 4372 402 4412 nova
429 4356 672 4429 insuper
718 4358 1215 4429 interpretatione,
1267 4358 1536 4428 notisque
1581 4354 1895 4411 luculentis

1992 3271 2288 3329 Guilielmi
2319 3268 2507 3327 Wakii
2540 3282 2674 3323 cum
2705 3262 2981 3334 Epistolis
3002 3258 3340 3326 Clementis,
3368 3255 3553 3329 lgnati
3585 3257 3648 3310 et

1992 3358 2314 3433 Polycarpi,
2349 3373 2455 3413 nec
2488 3373 2598 3411 non
2631 3358 2858 3409 Hermas
2886 3354 3131 3416 Pastore,
3183 3344 3428 3433 Londini
3488 3343 3651 3399 edita

1996 3432 2138 3507 ann.
2163 3448 2302 3502 1693
2333 3450 2387 3501 et
2419 3446 2574 3500 1710.
2622 3443 2703 3499 De
2732 3442 2841 3497 hac
2871 3443 3067 3495 autem
3097 3435 3362 3492 versione
3392 3432 3645 3503 loquens

1993 3540 2249 3595 Joannes
2277 3534 2532 3591 Clericus
2556 3533 2614 3587 in
2637 3529 2884 3603 epistola
2900 3524 3328 3597 nuncupatoria
3356 3519 3651 3594 posterio-

1996 3629 2076 3683 ris
2106 3628 2341 3681 Patrum
2371 3622 2785 3694 apostolicorum
2814 3616 3085 3673 editionis
3134 3609 3525 3676 Cotelerianaa,
3575 3609 3651 3664 ad

1997 3711 2568 3776 eumdem,Wakium
2588 3711 2713 3780 jam
2737 3705 3241 3775 archiepiscopum
3264 3698 3655 3755 Cautuarien-

1998 3821 2146 3874 sem,
2178 3803 2301 3858 haec
2329 3800 2544 3855 habet:
2574 3821 2594 3846 α
2627 3795 2757 3852 Fuit
2776 3798 2832 3849 et
2861 3792 2973 3848 alia
3004 3791 3171 3857 ratio,
3198 3805 3381 3859 eaque
3408 3786 3655 3858 majoris

1999 3891 2292 3967 ponderis,
2313 3892 2548 3962 propter
2570 3900 2745 3959 quam
2779 3880 3102 3939 existimavi
3126 3879 3232 3935 tibi
3253 3877 3403 3934 hanc
3421 3877 3659 3932 Patrum

2000 3964 2418 4054 apostolicorum
2465 3975 2779 4032 editionem
2809 3987 2924 4027 non
2984 3967 3435 4040 displicituram.
3470 3964 3657 4021 Nemo

2001 4052 2282 4126 nimirum
2314 4070 2459 4132 erat,
2511 4063 2612 4135 qui
2671 4061 2868 4117 minus
2897 4057 3315 4129 dedignaretur
3361 4052 3659 4124 ejusmodi

2003 4159 2319 4229 scriptores
2343 4173 2356 4221 ;
2392 4169 2641 4225 quorum
2662 4150 2989 4223 plerosque,
3004 4150 3062 4202 et
3091 4161 3191 4201 eos
3217 4143 3455 4215 quidem
3466 4143 3662 4213 genui-

2003 4262 2123 4314 nos,
2156 4249 2211 4299 S.
2272 4243 2623 4307 Barnabam,
2656 4240 2715 4296 S.
2753 4236 3067 4311 Ignatium,
3100 4238 3157 4288 8.
3188 4231 3548 4289 Clementem
3600 4234 3659 4285 et

2004 4339 2060 4390 8.
2119 4333 2525 4405 Polycarpum,
2552 4330 2623 4385 ad
2655 4343 2804 4399 quos
2856 4338 3150 4381 accessere
3179 4326 3373 4378 Pastor
3431 4319 3664 4374 Hei-ma:

252 4446 594 4502 adornatam
652 4447 907 4502 Joannes
953 4446 1217 4520 Baptista
1266 4446 1604 4511 Cotelerius,
1654 4462 1878 4515 eamqm

2006 4430 2064 4479 et
2084 4420 2649 4495 IgnatiiMartyrium,
2671 4416 2728 4470 in
2748 4413 3056 4486 Anglicum
3076 4424 3408 4467 sermonem
3422 4422 3662 4462 summa

2016 4514 2039 4520 _
2067 4513 2082 4520 -
2193 4515 2202 4520 .
2380 4508 2395 4520 ς
2559 4507 2591 4520 .·
2817 4519 2821 4520 ,
2862 4503 2874 4520 |
2913 4517 2963 4520 _-
2988 4518 2999 4520 _
3032 4499 3251 4520 n-_-L_L
3301 4496 3633 4520 -_.._-..L:.l.:

256 4582 538 4606 ,-..--..-_.
585 4582 701 4591 η..
734 4582 753 4591 ,
782 4582 963 4591 ........-
1012 4582 1426 4609 ..νννηηηηηη
1472 4582 1705 4591 -_-------
1738 4582 1861 4589 -..--

256 4623 392 4679 ruit.
425 4627 607 4688 Quam
642 4625 879 4696 quidem
912 4625 1226 4681 editionem
1259 4626 1368 4680 sub
1400 4625 1577 4679 ﬁnem
1636 4623 1878 4694 ejusden

2008 4609 2062 4657 et
2092 4597 2388 4673 prooemiis
2418 4592 2767 4667 pereruditis
2796 4588 3103 4659 acjudicio
3124 4602 3357 4643 summo
3399 4582 3657 4640 conscri-

2058 4688 2089 4696 ..
2339 4686 2373 4696 ,ο
2494 4683 2534 4696 ν.
2613 4680 2664 4696 ’.ι
2739 4680 2751 4693 ο
2909 4678 2987 4696 Λα
3006 4693 3037 4696 Α,
3081 4676 3308 4696 ---2.1-...
3345 4673 3400 4696 2..
3450 4672 3657 4696 __.2...:-

257 4672 392 4679 η--.
432 4672 607 4688 τη---
645 4672 879 4696 ηψπ---
915 4672 1226 4681 πώνην...
1259 4672 1367 4680 --η
1639 4672 1683 4694 η,
1700 4672 1878 4679 _-_-__

257 4712 473 4781 saeculi,
507 4730 658 4769 anno
694 4713 848 4779 1698,
882 4713 1214 4784 Antuerpias
1247 4730 1349 4768 seu
1380 4712 1574 4784 potius
1613 4710 1873 4766 Amstelo

2011 4672 2126 4761 ptis
2156 4686 2400 4742 ornasti.
2434 4706 2460 4732 ››
2494 4683 2580 4738 Ita
2608 4680 2883 4736 Clericus.
2908 4678 3042 4742 Qua:
3074 4676 3312 4748 quidem
3345 4673 3405 4728 in
3450 4672 3663 4745 primis

256 4800 415 4856 dami
447 4802 599 4874 typis
621 4800 985 4874 consignavit
1003 4764 1139 4856 cum
1163 4801 1315 4857 notis
1340 4764 1630 4855 variorum
1649 4800 1904 4855 Joannes
2011 4778 2107 4833 hic
2137 4773 2464 4874 ἀθείξνίδθτθ
2487 4770 2733 4871 ,ΡῙᾶξδυίῖι
2784 4772 2849 4822 Ut
2891 4768 3115 4865 οοῐξεῖθτ
3143 4764 3339 4874 ἱρεὲξτι
3398 4767 3662 4874 Plutus.“

262 4851 415 4856 ⁷“““’⁷⁷“
453 4851 493 4874 ’δ
513 4851 597 4873 τ’*
625 4851 983 4874 ““”””Ὀ“-““’“⁷
1008 4851 1135 4856 ’“““’“
1164 4851 1311 4857 """'
1354 4851 1359 4853 ⁷
1379 4851 1517 4855 """
1539 4851 1630 4855 “”““’
1652 4851 1670 4855 ⁷
1693 4851 1708 4854 ’
1728 4851 1793 4853 "n
1852 4851 1864 4853 '

256 4890 535 4955 Clericus,
603 4891 938 4962 iterumque
983 4890 1176 4946 saeculi
1224 4890 1512 4945 currentis
1563 4906 1714 4944 anno
1768 4888 1878 4941 1724

2013 4863 2400 4923 sententiam:
2452 4860 2745 4933 siquidem
2787 4859 2960 4912 antea
2988 4854 3049 4909 in
3089 4868 3198 4909 sua
3226 4853 3465 4907 Historia
3494 4851 3661 4906 eccle-

2051 4956 2061 4962 .
2162 4955 2171 4962 .
2254 4952 2296 4962 --
2359 4951 2369 4961 ι
2424 4949 2435 4960 ο
2479 4953 2488 4962 .
2667 4951 2676 4962 ι
2729 4946 2745 4962 1
2828 4948 2869 4962 ,1
2912 4944 2970 4962 Δ-
3006 4942 3038 4962 σ
3096 4939 3373 4962 n____L_
3404 4938 3658 4962 13-2.1-1-

262 4938 535 4955 ------_-,
604 4938 936 4962 ----_....,_-
983 4938 1176 4946 νη---
1228 4938 1510 4945 "um---
1565 4938 1711 4944 η---
1771 4938 1863 4941 __,_

259 4978 561 5035 nonnullis
590 4979 835 5036 Joannis
866 4978 1082 5035 Davisii
1109 4978 1348 5050 suisque
1382 4975 1871 5033 animadversioni

2011 4952 2298 5010 siastica”
2323 4949 2632 5006 sinistrum
2662 4946 2877 5001 tulerat
2903 4944 2977 4999 de
3006 4942 3062 4997 S.
3096 4939 3374 4997 Barnabas
3404 4938 3665 5011 Epistola

259 5029 973 5141 Βιᾷζεᾘὲὶὲιὲιῗῦξιὶῖρῖιὲ,
988 5029 1082 5123 ’ἷπῖ
1102 5029 1269 5135 an:
1283 5029 1722 5139 nonagies
1731 5029 1869 5137 aqu

2007 5041 2322 5115 judicium,
2375 5053 2554 5111 quam
2605 5036 2716 5091 hoc
2756 5032 2866 5090 loci
2921 5032 3161 5088 demum
3217 5029 3521 5101 genuinam
3561 5043 3665 5101 ap-

259 5160 680 5231 praztereamus
706 5130 1014 5227 editiones,
1056 5130 1319 5211 eamdem
1377 5130 1694 5227 Epistolam
1749 5130 1908 5226 prelo
2014 5130 2210 5204 Penat-

262 5224 561 5302 commisit
616 5244 943 5301 Richardus
997 5224 1207 5301 Russel
1262 5224 1444 5299 anno—
1475 5243 1634 5312 1746,
1694 5224 1765 5297 inv
1803 5258 1911 5297 sua
2088 5236 2399 5309 Reliquum
2430 5238 2521 5291 est
2550 5236 2616 5288 ut
2646 5229 2847 5305 paucis
2867 5228 3265 5285 edisseramus
3294 5242 3409 5297 qua
3438 5224 3665 5282 ratione

329 5463 372 5496 ²¹
405 5460 584 5516 Cotel.
610 5459 787 5517 Judic.
821 5458 885 5514 de
913 5460 1086 5529 Epist.
1121 5458 1176 5513 S.
1208 5459 1377 5512 Barn.
1410 5455 1670 5529 subiin.‘
1703 5455 1775 5529 Ρ
1808 5451 2198 5529 Papeb_r._A_ct.
2356 5447 2543 5529 Jun.,_
2578 5448 2728 5529 tom,
2756 5443 2960 5529 II,"p,‘
2995 5440 3253 5529 457-4995.
3323 5439 3377 5529 ς’
3400 5437 3660 5529 ⁸Ιῗειιῃήῆη

258 5508 1910 5601 Βίὺι.“ᾶὲῗ,“ίξ›ὶῆ”ῐιῖεἶρῗῖέζέῐρι-Ξέὲέιῐζεῐῐεῗὲιλίιμξινί
1964 5522 2329 5601 "Galeam,
2394 5508 2617 5575 Praefat.
2653 5514 2728 5573 ad
2774 5508 2981 5570 culléct.
3018 5516 3121 5568 υιι.
3154 5512 3261 5567 pp.
3314 5509 3475 5566 Brix.
3509 5508 3664 5573 acer,

260 5623 318 5679 p.
353 5594 611 5661 nix-xxvi.
690 5604 736 5638 ³⁵
767 5594 940 5669 Cler.,
974 5600 1119 5657 Hist.
1146 5594 1302 5673 ἔδει,
1337 5601 1410 5657 ad
1442 5614 1578 5655 ann.
1608 5600 1698 5668 71,
1733 5598 1841 5667 §2,
1874 5610 2006 5668 pag.
2041 5594 2164 5649 474.
