4014 6202
182 416 316 486 ’707

1368 425 1434 485 S.
1481 418 1906 484 BARNABAS
1950 424 1994 482 A
2008 420 2434 484 POSTOLUS.

3484 426 3613 489 ’708

197 559 270 613 ab
320 560 552 612 auctore
626 553 919 627 Epistolas,
969 572 1095 627 quae
1145 559 1210 610 D.
1271 556 1546 611 Barnabaa
1591 550 1850 625 apostolo
1879 555 1934 620 Α
1962 554 2225 611 videntes
2257 555 2395 611 salvi
2446 571 2572 611 esse
2618 558 2875 625 possent,
2929 570 3060 609 cum
3106 555 3368 613 videntes
3399 557 3611 627 solem,

197 645 367 717 vulgo
398 643 698 715 tribuitur,
723 661 838 700 non
864 648 971 713 est,
1006 645 1160 715 quod
1186 644 1435 709 mireris,
1461 643 1519 698 in
1545 648 1665 697 tam
1689 642 1844 697 brevi

199 732 462 805 epistola.

267 824 549 877 Caeterum
602 822 871 892 quamvis
930 826 1133 877 auctor
1180 821 1358 892 hujus
1412 819 1699 891 Epistolis,
1742 820 1844 888 ju-

196 910 428 965 dicibus
459 910 665 965 Vossio
709 913 883 980 atque
912 910 1095 965 Hodie
1127 909 1225 981 (9),
1277 926 1343 963 ex
1383 909 1579 963 Grmca
1609 913 1841 977 septua-

199 997 527 1071 gintavirali
573 997 836 1053 versione
884 999 942 1054 S.
992 998 1301 1070 Scriptura
1350 996 1477 1052 loca
1523 996 1845 1051 describere

198 1086 580 1152 consueverit,
626 1085 970 1157 plerumque
1022 1090 1213 1140 tamen
1259 1084 1601 1140 Hebraicam
1633 1082 1841 1139 verita-

196 1179 313 1231 tem
346 1180 582 1231 secutus
614 1174 744 1230 fuit.
776 1175 956 1244 Cujus
978 1174 1216 1245 quidem
1248 1174 1328 1228 rei
1360 1174 1625 1244 quaedam
1660 1188 1846 1227 exem-

196 1263 293 1335 pla
338 1263 397 1317 in
455 1263 716 1317 medium
775 1263 1031 1332 proferre
1081 1262 1267 1332 juvat.
1332 1262 1409 1315 Ex
1468 1260 1605 1314 LXX
1660 1261 1840 1314 Inter-

194 1356 422 1423 pretum
451 1351 717 1406 versione
750 1351 909 1405 Isaia:
940 1367 991 1405 c.
1038 1368 1231 1419 xxvm,
1264 1368 1317 1405 v.
1372 1351 1457 1416 16,
1492 1348 1611 1403 haec
1642 1348 1844 1402 recitat

193 1444 400 1495 auctor
428 1440 539 1510 (10)
566 1456 578 1493 :
611 1442 741 1494 Ecce
773 1441 1005 1494 immitto
1036 1441 1099 1493 in
1130 1440 1500 1508 fundamenta
1546 1438 1731 1492 Sionz's
1760 1438 1840 1491 la-

189 1527 373 1599 pidem
400 1530 721 1598 pretiosum,
750 1527 998 1596 electum,
1029 1528 1379 1594 angularem,
1426 1526 1801 1580 honorabilem
1822 1541 1840 1577 :

194 1613 333 1671 Ἰδοὺ
364 1608 630 1687 ἐμϐάλλοι)
661 1614 735 1675 εἰς
766 1616 832 1667 τὰ
881 1612 1105 1687 θεμέλια
1157 1615 1296 1667 Σιὼν
1346 1612 1495 1667 λίθον
1538 1609 1839 1682 πολυτελῆ,

193 1701 464 1773 ἐκλεκτὸν,
499 1703 913 1777 ἀκρογωνιαῖον,
963 1702 1200 1775 ἔντιμον.
1253 1703 1444 1759 Verba
1483 1708 1675 1757 tamen
1711 1716 1841 1772 pro-

189 1792 343 1848 xime
364 1793 782 1863 subsequentia
802 1809 870 1848 ex
895 1793 1128 1848 Hebraeo
1153 1793 1309 1847 fonte
1332 1790 1543 1863 repetit
1563 1792 1676 1857 (11)
1710 1808 1720 1845 :
1744 1787 1840 1841 Καὶ

1958 642 2058 713 qui
2090 643 2405 714 aliquando
2451 658 2578 699 esse
2610 642 2865 711 desierit,
2898 647 2955 697 et
3002 660 3150 714 opus
3194 648 3284 699 est
3320 662 3609 702 manuum

1954 732 2102 799 ejus,
2128 748 2241 786 non
2258 732 2486 803 possint
2507 731 2701 787 radios
2719 732 2845 802 ejus
2866 732 3090 787 diutius
3110 732 3324 788 intueri
3344 734 3371 788 ‘?
3390 758 3417 783 ››
3441 734 3612 791 Deni-

1955 836 2068 889 que
2115 821 2302 891 capite
2353 821 2439 887 12,
2492 820 2610 875 haec
2662 821 2731 875 de
2779 820 3083 875 Servatore
3131 825 3333 877 nostro
3390 822 3611 879 habet:

1953 912 2140 980 Ἔχεις
2183 907 2272 960 καὶ
2316 906 2365 961 ἐν
2414 906 2593 978 τούτῳ
2640 907 2739 974 τὴν
2787 904 2941 976 δόξαν
3000 911 3098 961 τοῦ
3146 913 3347 979 Ἰησοῦ,
3409 908 3491 963 ὅτι
3554 910 3609 965 ἐν

1951 994 2097 1066 αὖτῷ
2125 993 2318 1063 πάντα,
2382 996 2469 1050 καὶ
2520 995 2596 1057 εἰς
2655 994 2829 1050 αὐτόν.
2866 1020 2894 1047 ‹‹
2942 997 3127 1054 Habet
3181 998 3356 1054 etiam
3406 999 3466 1055 in
3498 1000 3611 1056 hoc

1951 1084 2197 1156 gloriam
2254 1086 2433 1141 Jesu:
2495 1086 2650 1157 quod
2710 1086 2768 1140 in
2826 1086 2953 1157 ipso
3008 1086 3128 1141 sint
3182 1087 3401 1159 omnia,
3460 1088 3609 1144 etin

1950 1172 2166 1244 ipsum.
2202 1196 2230 1223 »
2262 1174 2368 1229 Pro
2389 1174 2770 1246 explicatione
2795 1174 2974 1245 hujus
2994 1178 3188 1231 textus
3212 1177 3283 1231 de
3313 1178 3609 1233 creatione

1950 1279 2014 1317 ac
2049 1262 2485 1318 conversatione
2534 1262 2797 1317 omnium
2850 1278 3045 1318 rerum
3092 1280 3190 1333 per
3219 1268 3276 1319 et
3315 1264 3373 1319 in
3406 1264 3607 1337 ipsum

1951 1351 2202 1406 multum
2232 1350 2425 1407 valent
2455 1350 2732 1422 parallela
2760 1367 2999 1422 prorsus
3039 1352 3097 1407 S.
3131 1351 3294 1407 Pauli
3326 1354 3501 1409 verba
3529 1355 3605 1410 ad

1949 1439 2322 1495 Colossenses
2379 1441 2529 1510 (15):
2584 1441 2702 1492 ’Ὁτι
2760 1438 2811 1491 ἐν
2872 1438 3017 1510 αὐτῷ
3059 1438 3272 1509 ἐκτίσθη
3321 1441 3388 1493 τὰ
3432 1442 3606 1495 πάντα

1947 1527 2014 1579 τὰ
2064 1524 2114 1579 ἐν
2150 1531 2265 1586 τοῖς
2313 1526 2559 1601 οὐρανοῖς
2605 1527 2694 1580 καὶ
2741 1527 2806 1580 τὰ
2862 1525 2948 1581 ἐπὶ
3003 1534 3101 1597 τῆς
3147 1530 3266 1601 γῆς,
3316 1530 3381 1581 τὰ
3433 1530 3603 1602 ὁρατὰ

1949 1612 2039 1667 καί
2065 1616 2130 1668 τὰ
2159 1614 2379 1689 ἀόρατα,
2411 1636 2462 1669 κ.
2495 1637 2545 1671 τ.
2580 1614 2657 1683 λ.;
2719 1621 2774 1671 et
2805 1633 2976 1672 mox:
3006 1617 3079 1669 Τὰ
3110 1618 3279 1671 πάντα
3337 1614 3405 1670 δι’
3436 1618 3607 1671 αὐτοῦ

1949 1702 2037 1756 καὶ
2070 1702 2145 1764 εἷς
2194 1702 2350 1756 αὐτὸν
2410 1700 2666 1773 ἔκτισται,
2726 1722 2790 1760 ac
2849 1721 3018 1762 versu
3070 1708 3173 1763 17:
3224 1705 3299 1759 Τὰ
3345 1707 3518 1760 πάντα
3550 1706 3604 1761 ἐν

1950 1790 2095 1862 αὐτῷ
2126 1791 2433 1862 συνέστηκε.

188 1880 246 1942 ’ὀς
280 1878 486 1935 ἐλπίσει
538 1879 620 1934 ἐπ’
673 1878 829 1934 αὐτὸν
881 1881 1095 1949 ζήσεται
1154 1880 1227 1941 εἷς
1259 1879 1349 1933 τὸν
1410 1877 1592 1932 αἰῶνα.
1654 1880 1715 1932 Et
1746 1892 1829 1947 qua

751 1972 898 1986 ...
1371 1966 1829 1986 “nm...”

2023 1880 2233 1936 Veram
2268 1880 2393 1935 Filii
2416 1881 2777 1937 divinitatem
2800 1899 2916 1938 non
2948 1882 3145 1938 minus
3166 1884 3393 1956 egregie
3416 1883 3606 1941 decla—

186 1972 429 2042 sperarit
465 1972 525 2025 in
556 1971 673 2040 illo,
706 1972 847 2025 vivet
875 1972 934 2025 in
980 1979 1276 2034 aeternum,
1330 1969 1427 2023 ubi
1472 1968 1648 2022 LXX:
1685 1966 1781 2019 Καὶ
1814 1966 1841 2019 ὁ

186 2056 451 2112 πιστεύων
488 2058 563 2129 μὴ
614 2057 978 2132 καταίσχυνθῇ
1015 2076 1026 2111 :
1075 2059 1137 2112 Et
1182 2057 1403 2113 credens
1454 2073 1563 2111 non
1601 2057 1838 2126 confun-

185 2147 362 2203 detur.
396 2180 463 2188 —-
491 2146 642 2202 Alibi
691 2151 886 2203 autem
918 2163 986 2201 ex
1016 2146 1222 2201 Genes.
1278 2164 1337 2211 ιι,
1388 2148 1441 2214 ‘3,
1477 2145 1595 2199 haec
1625 2144 1834 2198 habet:

187 2234 285 2289 Καὶ
335 2232 665 2289 συνετέλεσεν
715 2236 765 2306 (ὁ
814 2234 966 2305 Θεὸς)
1035 2232 1085 2287 ἐν
1135 2237 1204 2306 τῇ
1255 2232 1435 2305 ἡμέρᾳ
1482 2235 1550 2304 τῇ
1609 2226 1837 2303 ἕϐδόμῃ,

187 2346 239 2381 κ.
271 2346 320 2378 τ.
355 2321 410 2379 λ.
445 2326 506 2379 Et
533 2326 928 2380 consummavit
967 2324 1149 2394 (Deus)
1181 2326 1241 2376 in
1287 2323 1373 2378 die
1397 2323 1651 2392 septima,
1685 2324 1793 2375 etc.
1821 2337 1834 2376 :

188 2418 247 2469 at
326 2412 499 2469 LXX:
588 2410 639 2464 ἐν
726 2411 907 2485 ἡμέρᾳ
988 2414 1055 2481 τῇ
1124 2406 1271 2482 ἕκτῃ,
1355 2413 1415 2464 in
1496 2409 1583 2464 die
1658 2418 1832 2465 serta.

187 2502 332 2557 Hinc
362 2503 419 2557 S.
468 2501 847 2572 Hieronymus
897 2500 955 2553 in
1003 2499 1443 2554 Traditionibus
1497 2497 1831 2553 Hebraicis:

186 2593 291 2647 Pro
346 2592 503 2646 sexta
558 2590 667 2659 die,
720 2591 781 2643 in
834 2590 1051 2643 Hebraeo
1105 2588 1254 2642 diem
1309 2588 1601 2658 septimam
1656 2585 1829 2640 habet.

185 2682 368 2745 Quem
418 2679 473 2734 in
532 2678 725 2733 locum
783 2676 951 2748 plura
1002 2676 1329 2731 observavit
1384 2675 1649 2730 eruditus
1693 2674 1832 2729 Gra-

184 2767 317 2823 bius
347 2768 460 2838 (12)
491 2767 669 2837 digna
713 2782 873 2834 sane,
925 2780 1047 2828 quas
1100 2764 1253 2835 apud
1306 2764 1500 2834 ipsum
1541 2760 1830 2833 legantur,

184 2856 312 2910 Alia
374 2871 502 2910 vero
562 2854 852 2924 ejusmodi
906 2852 1171 2925 exempla
1224 2867 1291 2906 ex
1348 2849 1605 2922 Epistola
1672 2865 1829 2920 repe-

186 2944 382 3000 tenda.

257 3036 284 3101 §
326 3034 394 3088 ll.
456 3038 532 3088 De
586 3031 717 3086 Filii
761 3032 855 3086 Dei
902 3030 1340 3102 praeexistentia,
1398 3026 1827 3083 consubstantia-

182 3123 359 3187 litate,
393 3125 501 3176 etc.
539 3152 604 3161 -—
640 3119 848 3174 Filium
895 3136 928 3174 a
980 3120 1094 3175 Deo
1144 3124 1311 3173 Patre
1354 3116 1614 3187 genitum
1649 3115 1827 3169 fuisse

180 3214 313 3265 ante
336 3211 497 3280 jacta
518 3209 722 3263 mundi
770 3208 1180 3273 fundamunta,
1213 3222 1427 3278 perque
1460 3206 1655 3275 ipsum
1687 3220 1825 3258 con-

1950 1974 2038 2025 rat
2067 1970 2161 2024 hic
2191 1974 2392 2025 auctor
2423 1986 2530 2025 sua
2558 1970 2616 2025 in
2649 1970 2924 2041 Epistola.
2957 1974 3104 2026 Nam
3142 1970 3223 2027 ibi
3252 1972 3462 2028 Filium
3495 1973 3603 2029 Dei

1949 2056 2203 2128 appellat
2221 2081 2248 2107 ‹‹
2266 2058 2424 2113 orbis
2445 2062 2730 2113 terrarum
2757 2058 3088 2125 Dominum,
3116 2084 3138 2112 ι
3170 2059 3347 2132 idque
3367 2066 3603 2117 antece-

1948 2150 2153 2201 denter
2175 2148 2263 2217 (ut
2291 2146 2612 2217 loquuntur
2640 2147 2870 2219 SChOlEB)
2903 2148 2974 2204 ad
3020 2149 3382 2205 oacononiam
3412 2150 3597 2221 illam,

1948 2252 2125 2303 quam
2186 2239 2396 2290 nostris
2456 2235 2662 2291 salutis
2731 2252 2909 2292 causa
2965 2237 3261 2309 suscipere
3319 2238 3599 2309 dignatus

1946 2327 2054 2377 est.

2018 2411 2111 2466 Ait
2140 2411 2315 2467 etiam
2339 2410 2583 2483 gloriam
2602 2413 2737 2468 Jesu
2759 2416 2985 2468 tantam
3007 2417 3179 2481 esset,
3207 2418 3271 2468 ut
3290 2430 3390 2485 per
3408 2416 3596 2485 ipsum

1943 2511 1997 2557 et
2018 2506 2248 2573 propter
2278 2504 2455 2572 ipsum
2484 2503 2599 2557 sint
2641 2504 2827 2557 omnia
2876 2501 3024 2574 (16);
3058 2502 3169 2557 hoc
3216 2507 3325 2567 est,
3359 2504 3431 2558 ab
3462 2502 3592 2575 ipso

1946 2596 2010 2645 ut
2038 2608 2216 2646 causa
2240 2590 2549 2658 efficiente,
2580 2591 2777 2646 omnia
2804 2591 2967 2659 ﬁant,
2999 2595 3056 2645 et
3097 2591 3170 2646 ad
3202 2590 3417 2662 ipsum,
3451 2596 3590 2647 tan-

1943 2696 2120 2751 quam
2145 2679 2317 2735 finem
2350 2679 2549 2734 omnia
2595 2680 2958 2734 referantur:
2991 2696 3119 2750 qua:
3153 2683 3305 2735 certe
3334 2681 3404 2735 de
3430 2696 3591 2735 crea-

1940 2773 2073 2824 tura
2100 2768 2227 2822 sine
2256 2766 2623 2838 blasphemia
2652 2766 2764 2821 dici
2790 2782 2903 2821 non
2934 2771 3201 2837 possunt.
3236 2768 3459 2835 Quibus
3490 2768 3596 2823 ad-

1940 2858 2045 2912 das
2075 2856 2362 2911 illustrem
2395 2854 2587 2910 locum
2639 2856 2695 2909 in
2737 2855 3002 2925 ejusdem
3052 2855 3310 2926 Epistola
3340 2856 3451 2927 (17)
3484 2857 3591 2912 ubi

1939 2945 2106 3000 docet
2129 2944 2461 3013 Dominum,
2490 2943 2590 3014 qui
2613 2943 2805 2998 omnia
2832 2943 3188 3015 presciverit,
3212 2943 3340 2999 ideo
3366 2944 3587 2999 dixisse

1937 3048 1999 3088 se
2044 3032 2255 3104 populo
2302 3048 2407 3087 suo
2459 3047 2557 3086 cor
2605 3030 2897 3103 lapideum
2948 3031 3301 3097 ablaturum,
3351 3031 3586 3104 ipsique

1936 3139 2031 3176 cor
2064 3138 2274 3177 novum
2308 3126 2364 3176 et
2409 3117 2684 3175 carneu'm
2735 3120 3082 3185 inditururn,
3134 3116 3216 3172 δτι
3260 3115 3491 3190 ἔμεΛλεν
3526 3119 3579 3173 ἐν

1934 3208 2087 3284 σαρκὶ
2128 3208 2501 3285 φανεροὺσθαι,
2552 3207 2639 3261 καὶ
2687 3205 2736 3260 ἐν
2770 3209 2904 3278 ἡμῖν
2948 3212 3237 3263 κατοικεῖν,
3289 3204 3429 3268 Ναὸς
3482 3207 3586 3282 γὰρ

180 3299 301 3354 dita
351 3298 529 3353 fuisse
585 3298 705 3352 hzec
764 3297 1034 3352 universa
1089 3301 1289 3350 auctor
1345 3292 1631 3365 Epistolas,
1694 3308 1820 3363 quae

1944 3299 2105 3372 Ξίγιος,
2142 3284 2365 3374 ἆδελροί
2394 3317 2519 3368 μου,
2542 3300 2619 3367 τῷ
2650 3294 2853 3371 Κυρίῳ,
2877 3295 2939 3349 τὸ
2968 3296 3390 3369 κατοικητήριον
3423 3298 3589 3367 ἡμῶν

182 3388 455 3443 Barnabaa
486 3386 847 3453 inscribitur,
878 3403 991 3441 non
1024 3385 1195 3456 longe
1238 3384 1309 3438 ab
1342 3382 1504 3436 initio
1536 3378 1825 3452 Epistolas,

174 3478 344 3547 juxta
373 3480 623 3530 veterem
658 3473 1100 3528 translationem
1138 3472 1401 3528 Latinam
1441 3473 1602 3543 (nam
1634 3470 1830 3524 Graeca

180 3564 262 3618 ibi
306 3563 732 3633 desiderantur)
795 3563 1096 3633 proﬁtetur
1153 3562 1221 3615 de
1277 3561 1578 3614 Servatore
1632 3562 1827 3612 nostro

181 3653 268 3708 sic
298 3653 575 3725 loquens:
612 3656 674 3707 Et
722 3651 791 3706 ad
841 3652 937 3706 hoc
974 3651 1236 3705 Dominus
1279 3650 1547 3704 sustinuit
1574 3646 1692 3719 pati
1728 3662 1828 3718 pro

183 3742 383 3797 anima
427 3744 645 3807 nostra,
697 3756 831 3794 cum
881 3740 928 3793 si
978 3739 1135 3793 orbis
1182 3743 1468 3793 terrarum
1513 3736 1827 3800 Dominus;

183 3831 275 3885 cui
308 3830 454 3885 dixit
486 3834 634 3883 Deus
676 3833 809 3882 ante
840 3826 1314 3882 constitutionem
1365 3823 1558 3879 saeculi
1586 3842 1598 3877 :
1638 3824 1828 3878 Facza-

180 3935 301 3973 mus
350 3918 625 3972 hominem
679 3916 749 3970 ad
801 3917 1104 3983 imaginem
1160 3918 1210 3969 et
1256 3912 1685 3967 similitudinem
1732 3927 1827 3966 no-

175 4015 357 4061 stram
386 4004 519 4076 (13).
558 4028 584 4053 ››
618 4006 687 4058 Et
717 4002 889 4075 paulo
923 4008 1071 4073 post,
1100 4001 1281 4057 solem
1302 4001 1443 4055 dicit
1472 4023 1499 4049 «
1534 4016 1682 4070 opus
1714 4016 1830 4053 ma-

179 4110 365 4148 nuum
396 4092 523 4147 Filii
548 4093 669 4147 Dei.
706 4114 733 4141 »
785 4092 967 4145 Locus
1000 4090 1247 4143 illustris
1292 4088 1463 4143 estin
1500 4088 1702 4143 eodem
1736 4104 1827 4141 ca-

181 4182 297 4254 pite
328 4181 480 4252 (14):
518 4202 545 4230 «
576 4181 740 4235 Tunc
771 4178 1025 4233 ostendit
1056 4194 1116 4233 se
1145 4193 1273 4231 esse
1306 4176 1518 4231 Filium
1557 4176 1675 4230 Dei.
1708 4175 1830 4230 Nisi

180 4271 339 4327 enim
372 4269 627 4325 venisset
660 4269 717 4323 in
750 4283 943 4334 carne,
990 4265 1280 4336 quomodo
1332 4264 1599 4319 homines
1633 4263 1828 4336 ipsum

250 4518 325 4589 (9)
357 4518 524 4573 Joan.
558 4516 801 4572 Vossius
828 4518 899 4570 De
928 4516 1185 4589 translat.
1239 4516 1364 4571 LXX
1382 4518 1544 4589 intt.,
1578 4531 1703 4586 cap.
1734 4514 1825 4589 21,

219 4588 311 4660 ag.
343 4590 432 4645 69.
468 4589 823 4644 Humfredus
854 4588 1094 4643 Hodius.
1146 4589 1219 4642 De
1250 4588 1436 4657 Blibl.,
1479 4590 1630 4642 textu
1660 4588 1822 4657 orig.,

205 4662 282 4716 ib.
316 4678 398 4728 ιιι,
432 4677 559 4731 cap.
595 4660 651 4725 3,
681 4676 815 4785 ἕεις.
847 4660 973 4715 277.

252 4731 365 4785 (10)
398 4732 645 4785 Barnab.
729 4734 888 4785 onst..
920 4747 973 4785 ca

276 4732 365 4801 10)
398 4732 645 4786 Barnab.
681 4731 888 4801 Epist.,
920 4747 1046 4801 cap.
1078 4731 1132 4784 6.

278 4802 568 4871 11)Ibid.,
600 4819 707 4872 cap
734 4802 818 4857 15.

284 4869 368 4943 12)
395 4869 877 4944 Grabius,_F.pist.
912 4873 981 4925 ad
1035 4870 1281 4925 Millium
1327 4871 1399 4925 De
1418 4869 1520 4944 tib.
1566 4870 1689 4925 Iud.
1723 4886 1829 4943 ge-

181 4946 343 4999 nuin.
380 4943 502 4997 LXX
529 4944 892 5014 interpretum
920 4944 1202 4997 versionis.
1238 4958 1368 5014 pag.
1401 4943 1489 4995 67.

256 5015 369 5085 (13)
400 5013 639 5086 Epistol.
675 5011 961 5086 Barnab.,
1013 5014 1199 5086 capite
1226 5014 1279 5066 5.
1332 5011 1830 5086 Lucemeridiana

182 5083 396 5141 clarius
430 5083 588 5156 patet
609 5102 676 5156 ex
698 5085 949 5140 laudatis
978 5083 1165 5139 verbis
1197 5083 1448 5137 auctoris
1474 5083 1615 5137 fides
1638 5083 1826 5156 quoad

180 5155 540 5211 divinitatem
594 5155 807 5222 Verbi;
860 5159 1192 5225 frustraque
1223 5158 1465 5225 conatus
1522 5158 1611 5207 est
1642 5155 1828 5225 Lucas

176 5228 494 5283 Mellierius
518 5243 615 5282 seu
639 5228 835 5298 potius
856 5224 1479 5298 Samuel’Crelliusvim
1500 5224 1829 5298 argumenti

175 5301 446 5355 eludere:
495 5295 715 5353 veteres
768 5298 1061 5368 siquidem
1113 5312 1316 5351 omnes
1371 5296 1486 5368 fere
1521 5295 1591 5368 in
1624 5296 1825 5368 eodem

175 5388 351 5427 sensu
384 5369 796 5425 intellexerunt
824 5365 925 5423 illa
956 5368 1249 5423 Geneseos
1279 5365 1473 5432 verba,
1517 5366 1706 5435 iisque
1738 5366 1829 5420 usi

178 5443 414 5499 fuerunt
444 5442 515 5497 ad
573 5440 1074 5512 comprobandum
1127 5438 1234 5512 hoc
1283 5438 1512 5512 dogma.
1534 5440 1827 5512 Caeterum

179 5514 450 5569 Crellium
484 5507 723 5583 egregie
742 5530 808 5567 ac
841 5517 1079 5583 strenue
1111 5508 1384 5583 refutavit
1414 5507 1685 5583 Grabius,

252 5586 364 5658 (1(1)
434 5576 579 5658 T61}
606 5576 980 5658 :Ezpayépwoev
1029 5580 1224 5658 Empta)!“
1270 5577 1389 5658 ἱξὶὸγ
1451 5581 1582 5629 Θεοῦ
1627 5576 1768 5658 εἶναι
1814 5621 1826 5633 ,

182 5644 490 5730 ΕἷῚγὰρμῖή
521 5644 686 5721 illis;
728 5644 1006 5730 éy'_capni,
1040 5654 1153 5730 πῷς
1199 5648 1570 5730 ἃνιξσλώθημεν
1617 5644 1827 5730 ᾆνθρω-

184 5666 245 5711 Et
276 5666 376 5730 γαρ
414 5666 490 5724 μη
521 5666 684 5721 ήΛυεν
728 5666 779 5707 εν
832 5666 1006 5727 σαρκί,
1040 5671 1153 5713 πως
1199 5666 1258 5703 αν
1293 5666 1570 5721 εσωθημεν
1620 5666 1715 5711 ave
1754 5669 1827 5701 ω-

179 5744 295 5805 ποι,
359 5722 651 5811 βλιποντες
708 5723 866 5784 αὐτόν
898 5742 913 5801 ;
947 5721 1029 5783 ὅτι
1077 5722 1167 5783 τὸν
1232 5717 1505 5803 μέλλοντα
1563 5719 1638 5799 μὴ
1697 5666 1830 5777 εἷναι

1934 3392 2035 3454 τῆς
2065 3382 2303 3461 καρδίας.
2339 3387 2397 3441 Id
2428 3390 2535 3454 est,
2567 3408 2595 3435 «
2629 3385 2903 3456 quoniam
2947 3385 3070 3456 ipse
3114 3385 3173 3439 in
3206 3401 3376 3440 carne
3406 3402 3589 3456 appa-

1936 3477 2156 3531 riturus
2187 3479 2359 3542 esset,
2411 3480 2467 3530 et
2516 3475 2573 3529 in
2607 3474 2774 3529 nobis
2826 3473 3219 3530 habitaturus.
3271 3474 3586 3545 Templum

1937 3564 2092 3619 enim
2141 3568 2409 3619 sanctum
2462 3568 2551 3619 est
2605 3563 2869 3631 Domino,
2930 3562 3137 3617 fratres
3197 3562 3332 3632 mei,
3392 3562 3591 3619 cordis

1939 3654 2125 3708 nostri
2183 3651 2569 3707 domicilium.
2631 3673 2658 3701 ››
2736 3650 2842 3706 Ubi
2902 3651 2974 3706 de
3049 3651 3315 3717 Domino,
3374 3652 3475 3721 qui
3534 3651 3595 3705 in

1938 3758 2110 3797 carne
2159 3740 2281 3795 sive
2336 3744 2548 3795 natura
2598 3739 2860 3794 humana
2916 3754 2977 3794 se
3037 3738 3451 3807 manifestavit,
3485 3739 3597 3795 hoc

1936 3835 2025 3885 est
2104 3830 2174 3884 de
2252 3828 2393 3882 Filio
2476 3828 2596 3897 Dei,
2679 3827 2896 3883 Diserte
2970 3826 3250 3897 loquitur,
3338 3844 3597 3899 eumque

1945 3938 1967 3965 α
1999 3918 2311 3973 Dominum
2343 3918 2401 3971 in
2441 3917 2717 3973 cordibus
2758 3921 3123 3983 sanctorum,
3159 3938 3186 3965 ››
3219 3921 3500 3987 tanquam
3535 3916 3596 3972 in

1939 4005 2217 4078 «templis
2231 4006 2345 4061 Deo
2359 4006 2731 4072 consecratis,
2746 4005 3009 4060 habitare
3022 4005 3210 4059 docet.
3232 4026 3253 4051 -
3270 4003 3402 4067 Quae
3415 4004 3596 4059 verba

1938 4099 2057 4150 tam
2074 4094 2225 4149 clare
2242 4094 2573 4166 exprimunt
2596 4093 2851 4147 divinam
2878 4092 3005 4147 Filii
3025 4094 3389 4163 majestatem
3414 4095 3593 4163 atque

1939 4182 2489 4255 omniprzesentiam,
2526 4186 2587 4236 ut
2634 4186 2834 4237 nostra
2875 4179 3256 4253 explicatione
3285 4196 3401 4235 non
3436 4180 3591 4235 indi-

1939 4274 2131 4342 geant.
2163 4270 2376 4325 Notatu
2407 4285 2640 4341 quoque
2688 4269 2867 4340 digna
2912 4274 3053 4324 sunt
3101 4268 3274 4324 verba
3314 4267 3591 4323 Barnabas

1937 4515 2118 4591 ἥλιον,
2153 4513 2305 4591 ἕργογ
2336 4518 2534 4591 χειρῶν
2568 4512 2730 4591 αὐτῷ
2760 4510 3444 4591 ὖξιτάρχοντςικβλὲποντεῇ
3492 4509 3595 4591 οὐχ

1940 4582 2236 4663 ioxéouciv'
2261 4582 2619 4663 εἷς’ἶᾲδὶτξγας-
2655 4585 2835 4663 αὐτοῦ.
2871 4582 3339 4663 ἆὺτοφθγαὶξμῆσαι.
3384 4584 3591 4663 “Epist.

1854 4647 1902 4713 D
1935 4647 2129 4738 Banrn,
2178 4675 2302 4738 cap_.
2361 4660 2415 4713 5.
2476 4657 2701 4738 Fierine
2749 4647 3081 4738 potestt'ut
3130 4647 3263 4727 quis
3306 4647 3597 4738 validiora

1937 4726 2139 4808 afferat
2179 4726 2377 4808 verba,
2420 4746 2545 4808 pro
2587 4726 2890 4808 divinitate
2939 4726 3596 4808 at_que_pra'existentia

1938 4802 2065 4857 Filii
2098 4800 2215 4867 Dei,
2247 4802 2385 4856 Jesu
2415 4797 2677 4855 Christi?
2726 4804 2783 4854 et
2825 4797 3032 4855 simul‘
3054 4797 3309 4853 nobilem
3340 4797 3493 4852 hanc
3522 4812 3594 4852 ac

1937 4873 2246 4929 sublimem
2271 4870 2585 4926 Salvatoris
2616 4869 2830 4935 ideam,
2880 4886 3014 4925 cum
3051 4870 3286 4924 notione
3316 4868 3593 4923 humana

1938 4953 2144 4999 nostrae
2176 4947 2391 4997 natura)
2433 4942 2647 4996 uniat?
2692 4942 2973 4995 Caeterum
3022 4939 3251 5011 opinior
3282 4945 3593 5011 auctorem

1938 5016 2092 5070 hunc
2126 5013 2446 5085 respexisse
2479 5013 2569 5066 hic
2610 5012 2681 5066 ad
2724 5012 2981 5085 aliquem
3030 5010 3595 5085 Scriptursslocum,

1937 5086 2037 5141 ubi
2057 5080 2303 5156 Spiritus
2326 5088 2567 5138 sanctus
2580 5099 2686 5156 nos
2706 5080 2890 5148 docet,
2916 5083 2972 5156 in
2999 5080 3170 5156 terris
3193 5080 3597 5156 neminem_vi-

1938 5159 2069 5211 dere
2097 5151 2503 5227 posseiDeum,
2536 5153 2688 5227 quin
2740 5158 2878 5227 post
2917 5152 3403 5227 hanc_visionem_
3434 5151 3594 5227 illico

1938 5222 2241 5283 moriatur.
2275 5226 2392 5280 Hoc
2422 5222 2639 5296 pOSito,
2675 5222 3050 5296 sit—adductis!
3084 5223 3262 5293 hujus
3292 5222 3600 5296 scriptoris

1936 5298 2130 5354 verbis
2161 5298 2241 5353 ita
2262 5292 2641 5367 comprobata
2664 5292 3270 5367 remanetorthodoxa
3285 5292 3429 5365 ejus
3442 5292 3600 5367 circa

1939 5370 2045 5494 (ioc
2075 5370 2289 5493 (:ogma
2311 5363 2476 5437 tidés,
2502 5372 2566 5421 ut
2600 5367 2670 5421 de
2691 5365 2792 5421 illa
2808 5365 3073 5421 dubitare
3097 5363 3351 5437 amplius
3372 5363 3603 5420 nemini

1965 5457 2086 5494 icea
2121 5483 2133 5494 .

1965 5441 2133 5495 iccat.

2011 5512 2122 5578 (15)
2152 5508 2333 5579 Epist.
2370 5508 2440 5561 ad
2473 5506 2713 5577 Coloss.,
2748 5522 2873 5579 cap.
2911 5524 2948 5577 ι,
2984 5522 3134 5563 vers.
3164 5506 3251 5577 16,
3284 5505 3376 5560 17.

2038 5582 2126 5647 16)
2158 5580 2296 5650 Cap.
2332 5579 2420 5650 12.

2038 5583 2126 5647 16)
2158 5583 2296 5650 Cap.
2332 5583 2420 5633 12.

2011 5583 2124 5727 (17)
2155 5650 2291 5725 Cap.
2323 5650 2359 5706 5
2388 5647 2569 5724 Epist.
2603 5648 2661 5706 S.
2691 5648 2942 5711 Barnab.
