  <div class='ocr_page' id='page_1' title='image "/cluster/home/n/w/nwhite01/storage/ocr_20150623/2/hvd.32044073501397/363.png"; bbox 0 0 4014 6202; ppageno 0'>
   <div class='ocr_carea' id='block_1_1' title="bbox 420 375 533 439">
    <p class='ocr_par' dir='ltr' id='par_1_1' title="bbox 420 375 533 439">
     <span class='ocr_line' id='line_1_1' title="bbox 420 375 533 439; baseline -0.018 0"><span class='ocrx_word' id='word_1_1' title='bbox 420 375 533 439; x_wconf 80' lang='lat'>711</span> 
     </span>
    </p>
   </div>
   <div class='ocr_carea' id='block_1_2' title="bbox 1591 372 2650 441">
    <p class='ocr_par' dir='ltr' id='par_1_2' title="bbox 1591 372 2650 441">
     <span class='ocr_line' id='line_1_2' title="bbox 1591 372 2650 441; baseline 0.005 -6"><span class='ocrx_word' id='word_1_2' title='bbox 1591 376 1656 436; x_wconf 92' lang='lat' dir='ltr'>S.</span> <span class='ocrx_word' id='word_1_3' title='bbox 1702 372 2124 439; x_wconf 79' lang='lat' dir='ltr'>BARNABAS</span> <span class='ocrx_word' id='word_1_4' title='bbox 2168 375 2650 441; x_wconf 81' lang='lat' dir='ltr'>APOSTOLUS.</span> 
     </span>
    </p>
   </div>
   <div class='ocr_carea' id='block_1_3' title="bbox 3659 388 3762 453">
    <p class='ocr_par' dir='ltr' id='par_1_3' title="bbox 3659 388 3762 453">
     <span class='ocr_line' id='line_1_3' title="bbox 3659 388 3762 453; baseline 0.019 -2"><span class='ocrx_word' id='word_1_5' title='bbox 3659 388 3762 453; x_wconf 70' lang='grc'>712</span> 
     </span>
    </p>
   </div>
   <div class='ocr_carea' id='block_1_4' title="bbox 421 480 3761 585">
    <p class='ocr_par' dir='ltr' id='par_1_4' title="bbox 421 480 3761 585">
     <span class='ocr_line' id='line_1_4' title="bbox 421 480 3761 585; baseline 0.004 -20"><span class='ocrx_word' id='word_1_6' title='bbox 421 509 725 583; x_wconf 85' lang='lat' dir='ltr'>pulchrius</span> <span class='ocrx_word' id='word_1_7' title='bbox 755 506 944 578; x_wconf 78' lang='lat' dir='ltr'>potest</span> <span class='ocrx_word' id='word_1_8' title='bbox 971 480 1082 560; x_wconf 89' lang='lat' dir='ltr'>dici</span> <span class='ocrx_word' id='word_1_9' title='bbox 1101 502 1173 560; x_wconf 92' lang='lat' dir='ltr'>iis</span> <span class='ocrx_word' id='word_1_10' title='bbox 1189 519 1316 576; x_wconf 88' lang='lat' dir='ltr'>quae</span> <span class='ocrx_word' id='word_1_11' title='bbox 1339 503 1431 560; x_wconf 91' lang='lat' dir='ltr'>hic</span> <span class='ocrx_word' id='word_1_12' title='bbox 1444 506 1621 563; x_wconf 83' lang='lat' dir='ltr'>tradit</span> <span class='ocrx_word' id='word_1_13' title='bbox 1643 512 1840 564; x_wconf 91' lang='lat' dir='ltr'>noster</span> <span class='ocrx_word' id='word_1_14' title='bbox 1860 514 2060 564; x_wconf 81' lang='lat' dir='ltr'>auctor</span> <span class='ocrx_word' id='word_1_15' title='bbox 2089 511 2144 575; x_wconf 79' lang='grc' dir='ltr'><strong>Α</strong></span> <span class='ocrx_word' id='word_1_16' title='bbox 2173 510 2364 566; x_wconf 91' lang='lat' dir='ltr'>denuo</span> <span class='ocrx_word' id='word_1_17' title='bbox 2396 511 2626 567; x_wconf 83' lang='lat' dir='ltr'>formati</span> <span class='ocrx_word' id='word_1_18' title='bbox 2676 529 2902 584; x_wconf 90' lang='lat' dir='ltr'>sumus,</span> <span class='ocrx_word' id='word_1_19' title='bbox 2953 514 3437 585; x_wconf 84' lang='lat' dir='ltr'>quemadmodum</span> <span class='ocrx_word' id='word_1_20' title='bbox 3485 534 3670 577; x_wconf 79' lang='lat' dir='ltr'>rursus</span> <span class='ocrx_word' id='word_1_21' title='bbox 3710 522 3761 577; x_wconf 90' lang='lat' dir='ltr'>in</span> 
     </span>
    </p>
   </div>
   <div class='ocr_carea' id='block_1_5' title="bbox 420 593 2055 669">
    <p class='ocr_par' dir='ltr' id='par_1_5' title="bbox 420 593 2055 669">
     <span class='ocr_line' id='line_1_5' title="bbox 420 593 2055 669; baseline -0.001 -16"><span class='ocrx_word' id='word_1_22' title='bbox 420 600 490 653; x_wconf 91' lang='lat' dir='ltr'>de</span> <span class='ocrx_word' id='word_1_23' title='bbox 523 596 769 651; x_wconf 93' lang='lat' dir='ltr'>miriﬁca</span> <span class='ocrx_word' id='word_1_24' title='bbox 798 593 1009 649; x_wconf 88' lang='lat' dir='ltr'>virtute</span> <span class='ocrx_word' id='word_1_25' title='bbox 1035 593 1217 648; x_wconf 87' lang='lat' dir='ltr'>divini</span> <span class='ocrx_word' id='word_1_26' title='bbox 1259 597 1610 651; x_wconf 81' lang='lat' dir='ltr'>sacramenti</span> <span class='ocrx_word' id='word_1_27' title='bbox 1663 596 2055 669; x_wconf 84' lang='lat' dir='ltr'>baptismatis,</span> 
     </span>
    </p>
   </div>
   <div class='ocr_carea' id='block_1_6' title="bbox 422 682 2058 757">
    <p class='ocr_par' dir='ltr' id='par_1_6' title="bbox 422 682 2058 757">
     <span class='ocr_line' id='line_1_6' title="bbox 422 682 2058 757; baseline -0.002 -15"><span class='ocrx_word' id='word_1_28' title='bbox 422 688 593 742; x_wconf 88' lang='lat' dir='ltr'>Docet</span> <span class='ocrx_word' id='word_1_29' title='bbox 621 684 777 740; x_wconf 91' lang='lat' dir='ltr'>enim</span> <span class='ocrx_word' id='word_1_30' title='bbox 809 682 986 754; x_wconf 92' lang='lat' dir='ltr'>quod,</span> <span class='ocrx_word' id='word_1_31' title='bbox 1020 682 1254 752; x_wconf 86' lang='lat' dir='ltr'>quando</span> <span class='ocrx_word' id='word_1_32' title='bbox 1288 683 1699 739; x_wconf 81' lang='lat' dir='ltr'>descendimus</span> <span class='ocrx_word' id='word_1_33' title='bbox 1732 686 1789 739; x_wconf 90' lang='lat' dir='ltr'>in</span> <span class='ocrx_word' id='word_1_34' title='bbox 1823 702 2058 757; x_wconf 89' lang='lat' dir='ltr'>aquam,</span> 
     </span>
    </p>
   </div>
   <div class='ocr_carea' id='block_1_7' title="bbox 419 771 2061 847">
    <p class='ocr_par' dir='ltr' id='par_1_7' title="bbox 419 771 2061 847">
     <span class='ocr_line' id='line_1_7' title="bbox 419 771 2061 847; baseline 0 -18"><span class='ocrx_word' id='word_1_35' title='bbox 419 773 576 847; x_wconf 86' lang='lat' dir='ltr'>pleni</span> <span class='ocrx_word' id='word_1_36' title='bbox 618 788 825 829; x_wconf 91' lang='lat' dir='ltr'>sumus</span> <span class='ocrx_word' id='word_1_37' title='bbox 873 771 1126 842; x_wconf 81' lang='lat' dir='ltr'>peccatis</span> <span class='ocrx_word' id='word_1_38' title='bbox 1171 775 1228 825; x_wconf 93' lang='lat' dir='ltr'>et</span> <span class='ocrx_word' id='word_1_39' title='bbox 1276 772 1595 840; x_wconf 86' lang='lat' dir='ltr'>sordibus;</span> <span class='ocrx_word' id='word_1_40' title='bbox 1631 775 1730 829; x_wconf 89' lang='lat' dir='ltr'>sed</span> <span class='ocrx_word' id='word_1_41' title='bbox 1764 775 1963 829; x_wconf 88' lang='lat' dir='ltr'>statim</span> <span class='ocrx_word' id='word_1_42' title='bbox 1988 790 2061 829; x_wconf 83' lang='lat' dir='ltr'>&#39;ac</span> 
     </span>
    </p>
   </div>
   <div class='ocr_carea' id='block_1_8' title="bbox 416 859 2059 934">
    <p class='ocr_par' dir='ltr' id='par_1_8' title="bbox 416 859 2059 934">
     <span class='ocr_line' id='line_1_8' title="bbox 416 859 2059 934; baseline -0.001 -15"><span class='ocrx_word' id='word_1_43' title='bbox 416 862 794 934; x_wconf 85' lang='lat' dir='ltr'>emergimus,</span> <span class='ocrx_word' id='word_1_44' title='bbox 826 859 1143 930; x_wconf 88' lang='lat' dir='ltr'>incipimus</span> <span class='ocrx_word' id='word_1_45' title='bbox 1174 860 1427 914; x_wconf 88' lang='lat' dir='ltr'>fructum</span> <span class='ocrx_word' id='word_1_46' title='bbox 1459 861 1662 917; x_wconf 83' lang='lat' dir='ltr'>aﬁ‘erre</span> <span class='ocrx_word' id='word_1_47' title='bbox 1692 861 1753 917; x_wconf 90' lang='lat' dir='ltr'>in</span> <span class='ocrx_word' id='word_1_48' title='bbox 1785 863 2059 918; x_wconf 81' lang='lat' dir='ltr'>cordibus</span> 
     </span>
    </p>
   </div>
   <div class='ocr_carea' id='block_1_9' title="bbox 418 947 2060 1022">
    <p class='ocr_par' dir='ltr' id='par_1_9' title="bbox 418 947 2060 1022">
     <span class='ocr_line' id='line_1_9' title="bbox 418 947 2060 1022; baseline -0.002 -14"><span class='ocrx_word' id='word_1_49' title='bbox 418 951 636 1008; x_wconf 80' lang='lat' dir='ltr'>nostris</span> <span class='ocrx_word' id='word_1_50' title='bbox 668 966 772 1022; x_wconf 88' lang='lat' dir='ltr'>per</span> <span class='ocrx_word' id='word_1_51' title='bbox 800 949 1070 1004; x_wconf 84' lang='lat' dir='ltr'>timorem</span> <span class='ocrx_word' id='word_1_52' title='bbox 1104 947 1202 1002; x_wconf 92' lang='lat' dir='ltr'>Dei</span> <span class='ocrx_word' id='word_1_53' title='bbox 1233 952 1289 1002; x_wconf 89' lang='lat' dir='ltr'>et</span> <span class='ocrx_word' id='word_1_54' title='bbox 1338 963 1502 1019; x_wconf 88' lang='lat' dir='ltr'>spem</span> <span class='ocrx_word' id='word_1_55' title='bbox 1552 949 1612 1003; x_wconf 93' lang='lat' dir='ltr'>in</span> <span class='ocrx_word' id='word_1_56' title='bbox 1657 950 1863 1006; x_wconf 84' lang='lat' dir='ltr'>Jesum</span> <span class='ocrx_word' id='word_1_57' title='bbox 1893 950 2060 1005; x_wconf 90' lang='lat' dir='ltr'>Chri-</span> 
     </span>
    </p>
   </div>
   <div class='ocr_carea' id='block_1_10' title="bbox 415 1035 2060 1110">
    <p class='ocr_par' dir='ltr' id='par_1_10' title="bbox 415 1035 2060 1110">
     <span class='ocr_line' id='line_1_10' title="bbox 415 1035 2060 1110; baseline -0.001 -14"><span class='ocrx_word' id='word_1_58' title='bbox 415 1044 781 1110; x_wconf 90' lang='lat' dir='ltr'>stum,quam</span> <span class='ocrx_word' id='word_1_59' title='bbox 807 1037 1023 1109; x_wconf 87' lang='lat' dir='ltr'>Spiritu</span> <span class='ocrx_word' id='word_1_60' title='bbox 1050 1040 1248 1091; x_wconf 89' lang='lat' dir='ltr'>sancto</span> <span class='ocrx_word' id='word_1_61' title='bbox 1276 1035 1511 1093; x_wconf 87' lang='lat' dir='ltr'>afflante</span> <span class='ocrx_word' id='word_1_62' title='bbox 1534 1037 1818 1094; x_wconf 87' lang='lat' dir='ltr'>habemus</span> <span class='ocrx_word' id='word_1_63' title='bbox 1844 1055 1857 1094; x_wconf 88' lang='lat'>:</span> <span class='ocrx_word' id='word_1_64' title='bbox 1897 1059 1923 1090; x_wconf 77' lang='grc' dir='ltr'><strong>α</strong></span> <span class='ocrx_word' id='word_1_65' title='bbox 1943 1039 2060 1095; x_wconf 91' lang='lat' dir='ltr'>Nos</span> 
     </span>
    </p>
   </div>
   <div class='ocr_carea' id='block_1_11' title="bbox 415 1124 2062 1198">
    <p class='ocr_par' dir='ltr' id='par_1_11' title="bbox 415 1124 2062 1198">
     <span class='ocr_line' id='line_1_11' title="bbox 415 1124 2062 1198; baseline -0.001 -14"><span class='ocrx_word' id='word_1_66' title='bbox 415 1127 829 1185; x_wconf 85' lang='lat' dir='ltr'>descendimus</span> <span class='ocrx_word' id='word_1_67' title='bbox 864 1124 1102 1196; x_wconf 87' lang='lat' dir='ltr'>quidem</span> <span class='ocrx_word' id='word_1_68' title='bbox 1151 1124 1209 1178; x_wconf 92' lang='lat' dir='ltr'>in</span> <span class='ocrx_word' id='word_1_69' title='bbox 1269 1141 1481 1195; x_wconf 90' lang='lat' dir='ltr'>aquam</span> <span class='ocrx_word' id='word_1_70' title='bbox 1516 1125 1669 1196; x_wconf 90' lang='lat' dir='ltr'>pleni</span> <span class='ocrx_word' id='word_1_71' title='bbox 1712 1142 1848 1198; x_wconf 84' lang='lat' dir='ltr'>pece</span> <span class='ocrx_word' id='word_1_72' title='bbox 1864 1128 1973 1182; x_wconf 83' lang='lat' dir='ltr'>atis</span> <span class='ocrx_word' id='word_1_73' title='bbox 2003 1132 2062 1183; x_wconf 91' lang='lat' dir='ltr'>et</span> 
     </span>
    </p>
   </div>
   <div class='ocr_carea' id='block_1_12' title="bbox 417 1214 2057 1283">
    <p class='ocr_par' dir='ltr' id='par_1_12' title="bbox 417 1214 2057 1283">
     <span class='ocr_line' id='line_1_12' title="bbox 417 1214 2057 1283; baseline -0.001 -12"><span class='ocrx_word' id='word_1_74' title='bbox 417 1216 688 1272; x_wconf 89' lang='lat' dir='ltr'>sordibus</span> <span class='ocrx_word' id='word_1_75' title='bbox 724 1232 737 1283; x_wconf 89' lang='lat'><strong>;</strong></span> <span class='ocrx_word' id='word_1_76' title='bbox 770 1214 907 1269; x_wconf 91' lang='lat' dir='ltr'>inde</span> <span class='ocrx_word' id='word_1_77' title='bbox 940 1217 1134 1268; x_wconf 90' lang='lat' dir='ltr'>autem</span> <span class='ocrx_word' id='word_1_78' title='bbox 1169 1214 1525 1283; x_wconf 89' lang='lat' dir='ltr'>emergimus</span> <span class='ocrx_word' id='word_1_79' title='bbox 1556 1214 1811 1268; x_wconf 87' lang='lat' dir='ltr'>fructum</span> <span class='ocrx_word' id='word_1_80' title='bbox 1845 1215 2057 1270; x_wconf 79' lang='lat' dir='ltr'>ati&#39;eren</span> 
     </span>
    </p>
   </div>
   <div class='ocr_carea' id='block_1_13' title="bbox 414 1302 2059 1379">
    <p class='ocr_par' dir='ltr' id='par_1_13' title="bbox 414 1302 2059 1379">
     <span class='ocr_line' id='line_1_13' title="bbox 414 1302 2059 1379; baseline -0.001 -20"><span class='ocrx_word' id='word_1_81' title='bbox 414 1308 522 1371; x_wconf 87' lang='lat' dir='ltr'>tes,</span> <span class='ocrx_word' id='word_1_82' title='bbox 554 1304 613 1359; x_wconf 90' lang='lat' dir='ltr'>in</span> <span class='ocrx_word' id='word_1_83' title='bbox 636 1304 808 1359; x_wconf 92' lang='lat' dir='ltr'>corde</span> <span class='ocrx_word' id='word_1_84' title='bbox 839 1302 1107 1357; x_wconf 85' lang='lat' dir='ltr'>timorem</span> <span class='ocrx_word' id='word_1_85' title='bbox 1139 1306 1194 1356; x_wconf 90' lang='lat' dir='ltr'>et</span> <span class='ocrx_word' id='word_1_86' title='bbox 1224 1302 1477 1379; x_wconf 15' lang='lat' dir='ltr'>spem‘in</span> <span class='ocrx_word' id='word_1_87' title='bbox 1524 1303 1729 1358; x_wconf 88' lang='lat' dir='ltr'>Jesum</span> <span class='ocrx_word' id='word_1_88' title='bbox 1779 1304 2059 1359; x_wconf 85' lang='lat' dir='ltr'>habentes</span> 
     </span>
    </p>
   </div>
   <div class='ocr_carea' id='block_1_14' title="bbox 412 1384 2056 1466">
    <p class='ocr_par' dir='ltr' id='par_1_14' title="bbox 412 1384 2056 1466">
     <span class='ocr_line' id='line_1_14' title="bbox 412 1384 2056 1466; baseline -0.003 -17"><span class='ocrx_word' id='word_1_89' title='bbox 412 1394 473 1449; x_wconf 87' lang='lat' dir='ltr'>in</span> <span class='ocrx_word' id='word_1_90' title='bbox 503 1393 716 1465; x_wconf 84' lang='lat' dir='ltr'>spiritu</span> <span class='ocrx_word' id='word_1_91' title='bbox 746 1393 913 1461; x_wconf 69' lang='lat' dir='ltr'>(25}.n</span> <span class='ocrx_word' id='word_1_92' title='bbox 949 1389 1135 1461; x_wconf 81' lang='grc' dir='ltr'>Ἡμεῖς</span> <span class='ocrx_word' id='word_1_93' title='bbox 1172 1389 1264 1461; x_wconf 70' lang='grc' dir='ltr'>μὲν</span> <span class='ocrx_word' id='word_1_94' title='bbox 1289 1384 1683 1462; x_wconf 73' lang='grc' dir='ltr'>καταϐαίνομεν</span> <span class='ocrx_word' id='word_1_95' title='bbox 1716 1391 1792 1452; x_wconf 55' lang='grc' dir='ltr'>εἷς</span> <span class='ocrx_word' id='word_1_96' title='bbox 1821 1391 1885 1445; x_wconf 84' lang='grc' dir='ltr'>τὸ</span> <span class='ocrx_word' id='word_1_97' title='bbox 1910 1387 2056 1466; x_wconf 73' lang='grc' dir='ltr'>ὕδωρ</span> 
     </span>
    </p>
   </div>
   <div class='ocr_carea' id='block_1_15' title="bbox 410 1473 2056 1556">
    <p class='ocr_par' dir='ltr' id='par_1_15' title="bbox 410 1473 2056 1556">
     <span class='ocr_line' id='line_1_15' title="bbox 410 1473 2056 1556; baseline -0.002 -21"><span class='ocrx_word' id='word_1_98' title='bbox 410 1478 671 1556; x_wconf 83' lang='grc' dir='ltr'>γέμοντες</span> <span class='ocrx_word' id='word_1_99' title='bbox 706 1480 982 1554; x_wconf 81' lang='grc' dir='ltr'>ἁμαρτιῶν</span> <span class='ocrx_word' id='word_1_100' title='bbox 1029 1477 1119 1531; x_wconf 80' lang='grc' dir='ltr'>καὶ</span> <span class='ocrx_word' id='word_1_101' title='bbox 1174 1477 1365 1553; x_wconf 78' lang='grc' dir='ltr'>ῥύπου,</span> <span class='ocrx_word' id='word_1_102' title='bbox 1399 1478 1486 1532; x_wconf 82' lang='grc' dir='ltr'>καὶ</span> <span class='ocrx_word' id='word_1_103' title='bbox 1540 1473 1895 1549; x_wconf 75' lang='grc' dir='ltr'>ἀναϐαίνομεν</span> <span class='ocrx_word' id='word_1_104' title='bbox 1929 1500 2056 1554; x_wconf 72' lang='grc' dir='ltr'>καρ-</span> 
     </span>
    </p>
   </div>
   <div class='ocr_carea' id='block_1_16' title="bbox 410 1561 2059 1649">
    <p class='ocr_par' dir='ltr' id='par_1_16' title="bbox 410 1561 2059 1649">
     <span class='ocr_line' id='line_1_16' title="bbox 410 1561 2059 1649; baseline -0.001 -25"><span class='ocrx_word' id='word_1_105' title='bbox 410 1574 794 1649; x_wconf 76' lang='grc' dir='ltr'>ποφοροῦντες,</span> <span class='ocrx_word' id='word_1_106' title='bbox 829 1566 879 1621; x_wconf 82' lang='grc' dir='ltr'>ἒν</span> <span class='ocrx_word' id='word_1_107' title='bbox 911 1570 980 1640; x_wconf 82' lang='grc' dir='ltr'>τῇ</span> <span class='ocrx_word' id='word_1_108' title='bbox 1028 1562 1222 1641; x_wconf 77' lang='grc' dir='ltr'>καρδίᾳ</span> <span class='ocrx_word' id='word_1_109' title='bbox 1264 1566 1354 1621; x_wconf 86' lang='grc' dir='ltr'>τὸν</span> <span class='ocrx_word' id='word_1_110' title='bbox 1401 1561 1567 1645; x_wconf 79' lang='grc' dir='ltr'>φόϐον</span> <span class='ocrx_word' id='word_1_111' title='bbox 1613 1567 1702 1621; x_wconf 86' lang='grc' dir='ltr'>καὶ</span> <span class='ocrx_word' id='word_1_112' title='bbox 1730 1568 1828 1635; x_wconf 76' lang='grc' dir='ltr'>τήν</span> <span class='ocrx_word' id='word_1_113' title='bbox 1865 1565 2059 1622; x_wconf 73' lang='grc' dir='ltr'>ἐλπίδα</span> 
     </span>
    </p>
   </div>
   <div class='ocr_carea' id='block_1_17' title="bbox 412 1650 2054 1731">
    <p class='ocr_par' dir='ltr' id='par_1_17' title="bbox 412 1650 2054 1731">
     <span class='ocr_line' id='line_1_17' title="bbox 412 1650 2054 1731; baseline -0.001 -19"><span class='ocrx_word' id='word_1_114' title='bbox 412 1657 488 1721; x_wconf 77' lang='grc' dir='ltr'>εἰς</span> <span class='ocrx_word' id='word_1_115' title='bbox 532 1658 622 1713; x_wconf 86' lang='grc' dir='ltr'>τὸν</span> <span class='ocrx_word' id='word_1_116' title='bbox 668 1657 874 1727; x_wconf 76' lang='grc' dir='ltr'>Ἰησοῦν</span> <span class='ocrx_word' id='word_1_117' title='bbox 928 1650 1148 1731; x_wconf 78' lang='grc' dir='ltr'>ἔχοντες</span> <span class='ocrx_word' id='word_1_118' title='bbox 1220 1653 1272 1709; x_wconf 82' lang='grc' dir='ltr'>ἐν</span> <span class='ocrx_word' id='word_1_119' title='bbox 1334 1659 1413 1727; x_wconf 79' lang='grc' dir='ltr'>τῷ</span> <span class='ocrx_word' id='word_1_120' title='bbox 1461 1654 1748 1728; x_wconf 77' lang='grc' dir='ltr'>πνεύματι.</span> <span class='ocrx_word' id='word_1_121' title='bbox 1811 1658 2054 1712; x_wconf 87' lang='lat' dir='ltr'>Textum</span> 
     </span>
    </p>
   </div>
   <div class='ocr_carea' id='block_1_18' title="bbox 410 1744 2058 1817">
    <p class='ocr_par' dir='ltr' id='par_1_18' title="bbox 410 1744 2058 1817">
     <span class='ocr_line' id='line_1_18' title="bbox 410 1744 2058 1817; baseline -0.003 -13"><span class='ocrx_word' id='word_1_122' title='bbox 410 1748 673 1804; x_wconf 70' lang='lat' dir='ltr'>Graecum</span> <span class='ocrx_word' id='word_1_123' title='bbox 703 1745 871 1802; x_wconf 86' lang='lat' dir='ltr'>attuli</span> <span class='ocrx_word' id='word_1_124' title='bbox 902 1744 994 1800; x_wconf 81' lang='lat' dir='ltr'>hic</span> <span class='ocrx_word' id='word_1_125' title='bbox 1027 1744 1515 1817; x_wconf 89' lang='lat' dir='ltr'>integrum,quia,</span> <span class='ocrx_word' id='word_1_126' title='bbox 1555 1750 1620 1800; x_wconf 91' lang='lat' dir='ltr'>ut</span> <span class='ocrx_word' id='word_1_127' title='bbox 1650 1746 1792 1800; x_wconf 80' lang='lat' dir='ltr'>mihi</span> <span class='ocrx_word' id='word_1_128' title='bbox 1828 1745 2058 1800; x_wconf 89' lang='lat' dir='ltr'>videtur</span> 
     </span>
    </p>
   </div>
   <div class='ocr_carea' id='block_1_19' title="bbox 411 1832 1953 1907">
    <p class='ocr_par' dir='ltr' id='par_1_19' title="bbox 411 1832 1953 1907">
     <span class='ocr_line' id='line_1_19' title="bbox 411 1832 1953 1907; baseline -0.003 -15"><span class='ocrx_word' id='word_1_129' title='bbox 411 1836 720 1892; x_wconf 88' lang='lat' dir='ltr'>utilitatem</span> <span class='ocrx_word' id='word_1_130' title='bbox 752 1851 1028 1906; x_wconf 86' lang='lat' dir='ltr'>magnam</span> <span class='ocrx_word' id='word_1_131' title='bbox 1057 1835 1117 1889; x_wconf 92' lang='lat' dir='ltr'>in</span> <span class='ocrx_word' id='word_1_132' title='bbox 1148 1850 1210 1889; x_wconf 89' lang='lat' dir='ltr'>re</span> <span class='ocrx_word' id='word_1_133' title='bbox 1233 1832 1560 1906; x_wconf 84' lang='lat' dir='ltr'>theologica</span> <span class='ocrx_word' id='word_1_134' title='bbox 1589 1852 1703 1907; x_wconf 80' lang='lat' dir='ltr'>prae</span> <span class='ocrx_word' id='word_1_135' title='bbox 1732 1851 1794 1890; x_wconf 92' lang='lat' dir='ltr'>se</span> <span class='ocrx_word' id='word_1_136' title='bbox 1828 1835 1953 1890; x_wconf 86' lang='lat' dir='ltr'>fert.</span> 
     </span>
    </p>
   </div>
   <div class='ocr_carea' id='block_1_20' title="bbox 481 1939 2054 1999">
    <p class='ocr_par' dir='ltr' id='par_1_20' title="bbox 481 1939 2054 1999">
     <span class='ocr_line' id='line_1_20' title="bbox 481 1939 2054 1999; baseline -0.002 0"><span class='ocrx_word' id='word_1_137' title='bbox 481 1941 750 1999; x_wconf 86' lang='lat' dir='ltr'>Ostendit</span> <span class='ocrx_word' id='word_1_138' title='bbox 778 1940 945 1996; x_wconf 90' lang='lat' dir='ltr'>nobis</span> <span class='ocrx_word' id='word_1_139' title='bbox 968 1939 1063 1996; x_wconf 93' lang='lat' dir='ltr'>hic</span> <span class='ocrx_word' id='word_1_140' title='bbox 1081 1944 1283 1996; x_wconf 89' lang='lat' dir='ltr'>auctor</span> <span class='ocrx_word' id='word_1_141' title='bbox 1311 1940 1711 1997; x_wconf 86' lang='lat' dir='ltr'>excellentiam</span> <span class='ocrx_word' id='word_1_142' title='bbox 1740 1941 2054 1997; x_wconf 87' lang='lat' dir='ltr'>Christiani</span> 
     </span>
    </p>
   </div>
   <div class='ocr_carea' id='block_1_21' title="bbox 410 2029 2052 2103">
    <p class='ocr_par' dir='ltr' id='par_1_21' title="bbox 410 2029 2052 2103">
     <span class='ocr_line' id='line_1_21' title="bbox 410 2029 2052 2103; baseline -0.001 -15"><span class='ocrx_word' id='word_1_143' title='bbox 410 2048 586 2103; x_wconf 91' lang='lat' dir='ltr'>super</span> <span class='ocrx_word' id='word_1_144' title='bbox 632 2030 957 2096; x_wconf 78' lang='lat' dir='ltr'>Hebraeum,</span> <span class='ocrx_word' id='word_1_145' title='bbox 1011 2029 1152 2084; x_wconf 91' lang='lat' dir='ltr'>dum</span> <span class='ocrx_word' id='word_1_146' title='bbox 1215 2030 1382 2084; x_wconf 90' lang='lat' dir='ltr'>docet</span> <span class='ocrx_word' id='word_1_147' title='bbox 1454 2046 1568 2085; x_wconf 94' lang='lat' dir='ltr'>non</span> <span class='ocrx_word' id='word_1_148' title='bbox 1633 2031 1902 2085; x_wconf 75' lang='lat' dir='ltr'>Hebrazos</span> <span class='ocrx_word' id='word_1_149' title='bbox 1953 2032 2052 2086; x_wconf 92' lang='lat' dir='ltr'>sed</span> 
     </span>
    </p>
   </div>
   <div class='ocr_carea' id='block_1_22' title="bbox 409 2117 2053 2176">
    <p class='ocr_par' dir='ltr' id='par_1_22' title="bbox 409 2117 2053 2176">
     <span class='ocr_line' id='line_1_22' title="bbox 409 2117 2053 2176; baseline -0.002 0"><span class='ocrx_word' id='word_1_150' title='bbox 409 2119 769 2176; x_wconf 88' lang='lat' dir='ltr'>Christianos</span> <span class='ocrx_word' id='word_1_151' title='bbox 802 2117 1170 2174; x_wconf 89' lang='lat' dir='ltr'>solummodo</span> <span class='ocrx_word' id='word_1_152' title='bbox 1201 2117 1564 2174; x_wconf 85' lang='lat' dir='ltr'>introductos</span> <span class='ocrx_word' id='word_1_153' title='bbox 1611 2136 1739 2174; x_wconf 84' lang='lat' dir='ltr'>osse</span> <span class='ocrx_word' id='word_1_154' title='bbox 1787 2136 1819 2173; x_wconf 92' lang='lat' dir='ltr'>a</span> <span class='ocrx_word' id='word_1_155' title='bbox 1850 2120 1963 2173; x_wconf 94' lang='lat' dir='ltr'>Deo</span> <span class='ocrx_word' id='word_1_156' title='bbox 1996 2120 2053 2173; x_wconf 92' lang='lat' dir='ltr'>in</span> 
     </span>
    </p>
   </div>
   <div class='ocr_carea' id='block_1_23' title="bbox 409 2206 2053 2279">
    <p class='ocr_par' dir='ltr' id='par_1_23' title="bbox 409 2206 2053 2279">
     <span class='ocr_line' id='line_1_23' title="bbox 409 2206 2053 2279; baseline -0.001 -14"><span class='ocrx_word' id='word_1_157' title='bbox 409 2214 626 2265; x_wconf 91' lang='lat' dir='ltr'>terram</span> <span class='ocrx_word' id='word_1_158' title='bbox 660 2208 868 2263; x_wconf 89' lang='lat' dir='ltr'>semini</span> <span class='ocrx_word' id='word_1_159' title='bbox 902 2206 1145 2261; x_wconf 83' lang='lat' dir='ltr'>Abrahae</span> <span class='ocrx_word' id='word_1_160' title='bbox 1197 2207 1550 2277; x_wconf 88' lang='lat' dir='ltr'>promissam</span> <span class='ocrx_word' id='word_1_161' title='bbox 1584 2224 1597 2263; x_wconf 92' lang='lat'><strong>:</strong></span> <span class='ocrx_word' id='word_1_162' title='bbox 1631 2231 1658 2257; x_wconf 83' lang='lat'><strong><em>«</em></strong></span> <span class='ocrx_word' id='word_1_163' title='bbox 1698 2210 1895 2279; x_wconf 86' lang='lat' dir='ltr'>Itaque</span> <span class='ocrx_word' id='word_1_164' title='bbox 1947 2225 2053 2263; x_wconf 92' lang='lat' dir='ltr'>nos</span> 
     </span>
    </p>
   </div>
   <div class='ocr_carea' id='block_1_24' title="bbox 411 2295 2051 2367">
    <p class='ocr_par' dir='ltr' id='par_1_24' title="bbox 411 2295 2051 2367">
     <span class='ocr_line' id='line_1_24' title="bbox 411 2295 2051 2367; baseline -0.002 -14"><span class='ocrx_word' id='word_1_165' title='bbox 411 2314 639 2366; x_wconf 92' lang='lat' dir='ltr'>sumus,</span> <span class='ocrx_word' id='word_1_166' title='bbox 681 2298 761 2351; x_wconf 89' lang='lat' dir='ltr'>ait</span> <span class='ocrx_word' id='word_1_167' title='bbox 805 2295 901 2350; x_wconf 92' lang='lat' dir='ltr'>ille</span> <span class='ocrx_word' id='word_1_168' title='bbox 951 2295 1179 2367; x_wconf 85' lang='lat' dir='ltr'>egregie</span> <span class='ocrx_word' id='word_1_169' title='bbox 1236 2297 1370 2367; x_wconf 75' lang='lat'>(26),</span> <span class='ocrx_word' id='word_1_170' title='bbox 1423 2312 1571 2366; x_wconf 91' lang='lat' dir='ltr'>quos</span> <span class='ocrx_word' id='word_1_171' title='bbox 1618 2295 1940 2350; x_wconf 86' lang='lat' dir='ltr'>introduxit</span> <span class='ocrx_word' id='word_1_172' title='bbox 1991 2296 2051 2350; x_wconf 90' lang='lat' dir='ltr'>in</span> 
     </span>
    </p>
   </div>
   <div class='ocr_carea' id='block_1_25' title="bbox 408 2384 2041 2455">
    <p class='ocr_par' dir='ltr' id='par_1_25' title="bbox 408 2384 2041 2455">
     <span class='ocr_line' id='line_1_25' title="bbox 408 2384 2041 2455; baseline -0.001 -14"><span class='ocrx_word' id='word_1_173' title='bbox 408 2391 624 2441; x_wconf 90' lang='lat' dir='ltr'>terram</span> <span class='ocrx_word' id='word_1_174' title='bbox 683 2386 915 2439; x_wconf 90' lang='lat' dir='ltr'>bonam.</span> <span class='ocrx_word' id='word_1_175' title='bbox 982 2407 1003 2433; x_wconf 75' lang='grc' dir='ltr'><strong>ι</strong></span> <span class='ocrx_word' id='word_1_176' title='bbox 1066 2384 1284 2439; x_wconf 89' lang='lat' dir='ltr'>Deinde</span> <span class='ocrx_word' id='word_1_177' title='bbox 1342 2388 1655 2455; x_wconf 89' lang='lat' dir='ltr'>postquam</span> <span class='ocrx_word' id='word_1_178' title='bbox 1736 2384 2041 2455; x_wconf 84' lang='lat' dir='ltr'>explicavit</span> 
     </span>
    </p>
   </div>
   <div class='ocr_carea' id='block_1_26' title="bbox 396 2472 2051 2545">
    <p class='ocr_par' dir='ltr' id='par_1_26' title="bbox 396 2472 2051 2545">
     <span class='ocr_line' id='line_1_26' title="bbox 396 2472 2051 2545; baseline -0.001 -16"><span class='ocrx_word' id='word_1_179' title='bbox 396 2474 760 2544; x_wconf 77' lang='lat' dir='ltr'>&#39;omnia,quae</span> <span class='ocrx_word' id='word_1_180' title='bbox 789 2473 849 2526; x_wconf 90' lang='lat' dir='ltr'>in</span> <span class='ocrx_word' id='word_1_181' title='bbox 878 2472 1066 2527; x_wconf 89' lang='lat' dir='ltr'>Veteri</span> <span class='ocrx_word' id='word_1_182' title='bbox 1081 2473 1453 2527; x_wconf 89' lang='lat' dir='ltr'>Testamento</span> <span class='ocrx_word' id='word_1_183' title='bbox 1475 2489 1578 2545; x_wconf 93' lang='lat' dir='ltr'>per</span> <span class='ocrx_word' id='word_1_184' title='bbox 1600 2474 1848 2543; x_wconf 90' lang='lat' dir='ltr'>ﬁguram</span> <span class='ocrx_word' id='word_1_185' title='bbox 1871 2474 2051 2545; x_wconf 89' lang='lat' dir='ltr'>signi-</span> 
     </span>
    </p>
   </div>
   <div class='ocr_carea' id='block_1_27' title="bbox 411 2562 2054 2633">
    <p class='ocr_par' dir='ltr' id='par_1_27' title="bbox 411 2562 2054 2633">
     <span class='ocr_line' id='line_1_27' title="bbox 411 2562 2054 2633; baseline -0.001 -13"><span class='ocrx_word' id='word_1_186' title='bbox 411 2565 666 2620; x_wconf 88' lang='lat' dir='ltr'>ﬁcabant</span> <span class='ocrx_word' id='word_1_187' title='bbox 686 2567 934 2618; x_wconf 88' lang='lat' dir='ltr'>mortem</span> <span class='ocrx_word' id='word_1_188' title='bbox 968 2562 1713 2633; x_wconf 82' lang='lat' dir='ltr'>Redemptoris,docet,haec</span> <span class='ocrx_word' id='word_1_189' title='bbox 1743 2562 2054 2619; x_wconf 87' lang='lat' dir='ltr'>manifesta</span> 
     </span>
    </p>
   </div>
   <div class='ocr_carea' id='block_1_28' title="bbox 411 2650 2055 2722">
    <p class='ocr_par' dir='ltr' id='par_1_28' title="bbox 411 2650 2055 2722">
     <span class='ocr_line' id='line_1_28' title="bbox 411 2650 2055 2722; baseline -0.001 -13"><span class='ocrx_word' id='word_1_190' title='bbox 411 2670 540 2709; x_wconf 92' lang='lat' dir='ltr'>esse</span> <span class='ocrx_word' id='word_1_191' title='bbox 568 2650 937 2717; x_wconf 89' lang='lat' dir='ltr'>Christianis,</span> <span class='ocrx_word' id='word_1_192' title='bbox 966 2650 1188 2705; x_wconf 69' lang='lat' dir='ltr'>Judaais</span> <span class='ocrx_word' id='word_1_193' title='bbox 1218 2667 1372 2717; x_wconf 91' lang='lat' dir='ltr'>vero,</span> <span class='ocrx_word' id='word_1_194' title='bbox 1407 2667 1473 2706; x_wconf 91' lang='lat' dir='ltr'>eo</span> <span class='ocrx_word' id='word_1_195' title='bbox 1504 2650 1641 2722; x_wconf 89' lang='lat' dir='ltr'>quia</span> <span class='ocrx_word' id='word_1_196' title='bbox 1671 2651 1961 2718; x_wconf 90' lang='lat' dir='ltr'>obdurati,</span> <span class='ocrx_word' id='word_1_197' title='bbox 1996 2655 2055 2707; x_wconf 89' lang='lat' dir='ltr'>et</span> 
     </span>
    </p>
   </div>
   <div class='ocr_carea' id='block_1_29' title="bbox 411 2738 2054 2810">
    <p class='ocr_par' dir='ltr' id='par_1_29' title="bbox 411 2738 2054 2810">
     <span class='ocr_line' id='line_1_29' title="bbox 411 2738 2054 2810; baseline -0.001 -14"><span class='ocrx_word' id='word_1_198' title='bbox 411 2742 568 2797; x_wconf 67' lang='lat' dir='ltr'>durae</span> <span class='ocrx_word' id='word_1_199' title='bbox 601 2739 1130 2808; x_wconf 88' lang='lat' dir='ltr'>cervicis,obscura</span> <span class='ocrx_word' id='word_1_200' title='bbox 1162 2755 1175 2792; x_wconf 86' lang='lat'>:</span> <span class='ocrx_word' id='word_1_201' title='bbox 1208 2761 1235 2788; x_wconf 85' lang='lat'><strong>«</strong></span> <span class='ocrx_word' id='word_1_202' title='bbox 1264 2738 1442 2794; x_wconf 90' lang='lat' dir='ltr'>Nobis</span> <span class='ocrx_word' id='word_1_203' title='bbox 1471 2740 1706 2810; x_wconf 87' lang='lat' dir='ltr'>quidem</span> <span class='ocrx_word' id='word_1_204' title='bbox 1741 2739 2054 2795; x_wconf 88' lang='lat' dir='ltr'>manifesta</span> 
     </span>
    </p>
   </div>
   <div class='ocr_carea' id='block_1_30' title="bbox 412 2827 2053 2898">
    <p class='ocr_par' dir='ltr' id='par_1_30' title="bbox 412 2827 2053 2898">
     <span class='ocr_line' id='line_1_30' title="bbox 412 2827 2053 2898; baseline -0.002 -12"><span class='ocrx_word' id='word_1_205' title='bbox 412 2835 570 2897; x_wconf 92' lang='lat' dir='ltr'>sunt,</span> <span class='ocrx_word' id='word_1_206' title='bbox 601 2829 817 2883; x_wconf 66' lang='lat' dir='ltr'>Judaeis</span> <span class='ocrx_word' id='word_1_207' title='bbox 862 2836 1057 2883; x_wconf 89' lang='lat' dir='ltr'>autem</span> <span class='ocrx_word' id='word_1_208' title='bbox 1111 2829 1381 2896; x_wconf 86' lang='lat' dir='ltr'>obscura,</span> <span class='ocrx_word' id='word_1_209' title='bbox 1413 2829 1551 2898; x_wconf 90' lang='lat' dir='ltr'>quia</span> <span class='ocrx_word' id='word_1_210' title='bbox 1581 2844 1693 2882; x_wconf 90' lang='lat' dir='ltr'>non</span> <span class='ocrx_word' id='word_1_211' title='bbox 1738 2827 2053 2883; x_wconf 90' lang='lat' dir='ltr'>audierunt</span> 
     </span>
    </p>
   </div>
   <div class='ocr_carea' id='block_1_31' title="bbox 410 2914 2055 2987">
    <p class='ocr_par' dir='ltr' id='par_1_31' title="bbox 410 2914 2055 2987">
     <span class='ocr_line' id='line_1_31' title="bbox 410 2914 2055 2987; baseline -0.002 -13"><span class='ocrx_word' id='word_1_212' title='bbox 410 2934 609 2974; x_wconf 89' lang='lat' dir='ltr'>vocem</span> <span class='ocrx_word' id='word_1_213' title='bbox 640 2916 928 2972; x_wconf 84' lang='lat' dir='ltr'>Domini.»</span> <span class='ocrx_word' id='word_1_214' title='bbox 957 2915 1133 2971; x_wconf 87' lang='lat' dir='ltr'>Juxta</span> <span class='ocrx_word' id='word_1_215' title='bbox 1162 2914 1320 2970; x_wconf 93' lang='lat' dir='ltr'>hunc</span> <span class='ocrx_word' id='word_1_216' title='bbox 1343 2919 1636 2970; x_wconf 87' lang='lat' dir='ltr'>auctorem</span> <span class='ocrx_word' id='word_1_217' title='bbox 1670 2916 1847 2987; x_wconf 87' lang='lat' dir='ltr'>igitur</span> <span class='ocrx_word' id='word_1_218' title='bbox 1876 2932 2055 2972; x_wconf 90' lang='lat' dir='ltr'>causa</span> 
     </span>
    </p>
   </div>
   <div class='ocr_carea' id='block_1_32' title="bbox 412 3003 2051 3075">
    <p class='ocr_par' dir='ltr' id='par_1_32' title="bbox 412 3003 2051 3075">
     <span class='ocr_line' id='line_1_32' title="bbox 412 3003 2051 3075; baseline -0.001 -14"><span class='ocrx_word' id='word_1_219' title='bbox 412 3005 817 3061; x_wconf 67' lang='lat' dir='ltr'>obcaecationis</span> <span class='ocrx_word' id='word_1_220' title='bbox 845 3004 1177 3059; x_wconf 76' lang='lat' dir='ltr'>Judzeorum</span> <span class='ocrx_word' id='word_1_221' title='bbox 1209 3020 1323 3059; x_wconf 94' lang='lat' dir='ltr'>non</span> <span class='ocrx_word' id='word_1_222' title='bbox 1357 3003 1473 3058; x_wconf 89' lang='lat' dir='ltr'>alia</span> <span class='ocrx_word' id='word_1_223' title='bbox 1505 3004 1818 3075; x_wconf 86' lang='lat' dir='ltr'>fuit,quam</span> <span class='ocrx_word' id='word_1_224' title='bbox 1848 3021 2051 3059; x_wconf 91' lang='lat' dir='ltr'>eorum</span> 
     </span>
    </p>
   </div>
   <div class='ocr_carea' id='block_1_33' title="bbox 413 3093 2045 3168">
    <p class='ocr_par' dir='ltr' id='par_1_33' title="bbox 413 3093 2045 3168">
     <span class='ocr_line' id='line_1_33' title="bbox 413 3093 2045 3168; baseline -0.001 -18"><span class='ocrx_word' id='word_1_225' title='bbox 413 3094 827 3168; x_wconf 64' lang='lat' dir='ltr'>praevaricatio,</span> <span class='ocrx_word' id='word_1_226' title='bbox 877 3099 933 3150; x_wconf 91' lang='lat' dir='ltr'>et</span> <span class='ocrx_word' id='word_1_227' title='bbox 974 3094 1112 3166; x_wconf 90' lang='lat' dir='ltr'>quia</span> <span class='ocrx_word' id='word_1_228' title='bbox 1158 3093 1403 3149; x_wconf 88' lang='lat' dir='ltr'>rebelles</span> <span class='ocrx_word' id='word_1_229' title='bbox 1452 3094 1683 3149; x_wconf 83' lang='lat' dir='ltr'>fuerant</span> <span class='ocrx_word' id='word_1_230' title='bbox 1723 3095 1894 3149; x_wconf 88' lang='lat' dir='ltr'>verbo</span> <span class='ocrx_word' id='word_1_231' title='bbox 1931 3095 2045 3149; x_wconf 88' lang='lat' dir='ltr'>Dei.</span> 
     </span>
    </p>
   </div>
   <div class='ocr_carea' id='block_1_34' title="bbox 412 3180 2044 3255">
    <p class='ocr_par' dir='ltr' id='par_1_34' title="bbox 412 3180 2044 3255">
     <span class='ocr_line' id='line_1_34' title="bbox 412 3180 2044 3255; baseline -0.002 -16"><span class='ocrx_word' id='word_1_232' title='bbox 412 3185 672 3239; x_wconf 88' lang='lat' dir='ltr'>Tandem</span> <span class='ocrx_word' id='word_1_233' title='bbox 703 3182 842 3237; x_wconf 86' lang='lat' dir='ltr'>dicit</span> <span class='ocrx_word' id='word_1_234' title='bbox 862 3185 1091 3255; x_wconf 87' lang='lat' dir='ltr'>Moysen</span> <span class='ocrx_word' id='word_1_235' title='bbox 1124 3197 1252 3237; x_wconf 90' lang='lat' dir='ltr'>vere</span> <span class='ocrx_word' id='word_1_236' title='bbox 1283 3181 1575 3252; x_wconf 87' lang='lat' dir='ltr'>accepisse</span> <span class='ocrx_word' id='word_1_237' title='bbox 1596 3180 1828 3236; x_wconf 87' lang='lat' dir='ltr'>tabulas</span> <span class='ocrx_word' id='word_1_238' title='bbox 1848 3182 1995 3254; x_wconf 88' lang='lat' dir='ltr'>legis</span> <span class='ocrx_word' id='word_1_239' title='bbox 2031 3199 2044 3236; x_wconf 88' lang='lat'><strong>:</strong></span> 
     </span>
    </p>
   </div>
   <div class='ocr_carea' id='block_1_35' title="bbox 413 3270 2049 3344">
    <p class='ocr_par' dir='ltr' id='par_1_35' title="bbox 413 3270 2049 3344">
     <span class='ocr_line' id='line_1_35' title="bbox 413 3270 2049 3344; baseline -0.001 -17"><span class='ocrx_word' id='word_1_240' title='bbox 413 3273 513 3328; x_wconf 90' lang='lat' dir='ltr'>sed</span> <span class='ocrx_word' id='word_1_241' title='bbox 548 3272 686 3344; x_wconf 91' lang='lat' dir='ltr'>quia</span> <span class='ocrx_word' id='word_1_242' title='bbox 716 3271 937 3326; x_wconf 61' lang='lat' dir='ltr'>Hebraei</span> <span class='ocrx_word' id='word_1_243' title='bbox 970 3275 1205 3342; x_wconf 84' lang='lat' dir='ltr'>propter</span> <span class='ocrx_word' id='word_1_244' title='bbox 1225 3286 1424 3325; x_wconf 86' lang='lat' dir='ltr'>eorum</span> <span class='ocrx_word' id='word_1_245' title='bbox 1458 3270 1860 3325; x_wconf 80' lang='lat' dir='ltr'>infidelitatem</span> <span class='ocrx_word' id='word_1_246' title='bbox 1889 3271 2049 3342; x_wconf 84' lang='lat' dir='ltr'>digni</span> 
     </span>
    </p>
   </div>
   <div class='ocr_carea' id='block_1_36' title="bbox 414 3357 2053 3430">
    <p class='ocr_par' dir='ltr' id='par_1_36' title="bbox 414 3357 2053 3430">
     <span class='ocr_line' id='line_1_36' title="bbox 414 3357 2053 3430; baseline -0.002 -15"><span class='ocrx_word' id='word_1_247' title='bbox 414 3376 529 3416; x_wconf 91' lang='lat' dir='ltr'>non</span> <span class='ocrx_word' id='word_1_248' title='bbox 560 3361 808 3427; x_wconf 84' lang='lat' dir='ltr'>fuerant,</span> <span class='ocrx_word' id='word_1_249' title='bbox 838 3357 1182 3413; x_wconf 91' lang='lat' dir='ltr'>Christianis</span> <span class='ocrx_word' id='word_1_250' title='bbox 1212 3358 1437 3413; x_wconf 74' lang='lat' dir='ltr'>traditas</span> <span class='ocrx_word' id='word_1_251' title='bbox 1470 3362 1629 3425; x_wconf 85' lang='lat' dir='ltr'>sunt,</span> <span class='ocrx_word' id='word_1_252' title='bbox 1676 3359 1777 3429; x_wconf 93' lang='lat' dir='ltr'>qui</span> <span class='ocrx_word' id='word_1_253' title='bbox 1822 3375 1919 3414; x_wconf 90' lang='lat' dir='ltr'>eas</span> <span class='ocrx_word' id='word_1_254' title='bbox 1951 3375 2053 3430; x_wconf 93' lang='lat' dir='ltr'>per</span> 
     </span>
    </p>
   </div>
   <div class='ocr_carea' id='block_1_37' title="bbox 413 3446 2052 3518">
    <p class='ocr_par' dir='ltr' id='par_1_37' title="bbox 413 3446 2052 3518">
     <span class='ocr_line' id='line_1_37' title="bbox 413 3446 2052 3518; baseline -0.001 -14"><span class='ocrx_word' id='word_1_255' title='bbox 413 3466 624 3505; x_wconf 91' lang='lat' dir='ltr'>manus</span> <span class='ocrx_word' id='word_1_256' title='bbox 655 3448 969 3504; x_wconf 89' lang='lat' dir='ltr'>Salvatoris</span> <span class='ocrx_word' id='word_1_257' title='bbox 999 3451 1367 3518; x_wconf 89' lang='lat' dir='ltr'>acceperunt,</span> <span class='ocrx_word' id='word_1_258' title='bbox 1396 3451 1452 3501; x_wconf 89' lang='lat' dir='ltr'>et</span> <span class='ocrx_word' id='word_1_259' title='bbox 1480 3447 1551 3501; x_wconf 94' lang='lat' dir='ltr'>ob</span> <span class='ocrx_word' id='word_1_260' title='bbox 1585 3446 1813 3503; x_wconf 89' lang='lat' dir='ltr'>inﬁnita</span> <span class='ocrx_word' id='word_1_261' title='bbox 1844 3446 2052 3503; x_wconf 88' lang='lat' dir='ltr'>merita</span> 
     </span>
    </p>
   </div>
   <div class='ocr_carea' id='block_1_38' title="bbox 408 3535 2049 3609">
    <p class='ocr_par' dir='ltr' id='par_1_38' title="bbox 408 3535 2049 3609">
     <span class='ocr_line' id='line_1_38' title="bbox 408 3535 2049 3609; baseline -0.002 -15"><span class='ocrx_word' id='word_1_262' title='bbox 408 3537 700 3609; x_wconf 89' lang='lat' dir='ltr'>passionis</span> <span class='ocrx_word' id='word_1_263' title='bbox 729 3536 854 3607; x_wconf 86' lang='lat' dir='ltr'>ejus</span> <span class='ocrx_word' id='word_1_264' title='bbox 888 3554 900 3591; x_wconf 89' lang='lat'>:</span> <span class='ocrx_word' id='word_1_265' title='bbox 939 3557 960 3584; x_wconf 70' lang='grc' dir='ltr'><strong><em>α</em></strong></span> <span class='ocrx_word' id='word_1_266' title='bbox 994 3535 1233 3608; x_wconf 79' lang='lat' dir='ltr'>Accepit</span> <span class='ocrx_word' id='word_1_267' title='bbox 1263 3535 1458 3606; x_wconf 89' lang='lat' dir='ltr'>itaque</span> <span class='ocrx_word' id='word_1_268' title='bbox 1502 3536 1729 3607; x_wconf 84' lang='lat' dir='ltr'>Moyses</span> <span class='ocrx_word' id='word_1_269' title='bbox 1760 3536 1872 3607; x_wconf 92' lang='lat' dir='ltr'>ipsi</span> <span class='ocrx_word' id='word_1_270' title='bbox 1917 3552 2049 3591; x_wconf 89' lang='lat' dir='ltr'>vero</span> 
     </span>
    </p>
   </div>
   <div class='ocr_carea' id='block_1_39' title="bbox 408 3623 2048 3700">
    <p class='ocr_par' dir='ltr' id='par_1_39' title="bbox 408 3623 2048 3700">
     <span class='ocr_line' id='line_1_39' title="bbox 408 3623 2048 3700; baseline -0.002 -18"><span class='ocrx_word' id='word_1_271' title='bbox 408 3627 571 3700; x_wconf 85' lang='lat' dir='ltr'>digni</span> <span class='ocrx_word' id='word_1_272' title='bbox 602 3643 714 3681; x_wconf 92' lang='lat' dir='ltr'>non</span> <span class='ocrx_word' id='word_1_273' title='bbox 749 3629 1005 3680; x_wconf 80' lang='lat' dir='ltr'>fuerunt.</span> <span class='ocrx_word' id='word_1_274' title='bbox 1038 3624 1339 3690; x_wconf 90' lang='lat' dir='ltr'>Quomodo</span> <span class='ocrx_word' id='word_1_275' title='bbox 1372 3640 1477 3678; x_wconf 91' lang='lat' dir='ltr'>nos</span> <span class='ocrx_word' id='word_1_276' title='bbox 1525 3623 1927 3687; x_wconf 86' lang='lat' dir='ltr'>habuerimus,</span> <span class='ocrx_word' id='word_1_277' title='bbox 1960 3624 2048 3678; x_wconf 90' lang='lat' dir='ltr'>di-</span> 
     </span>
    </p>
   </div>
   <div class='ocr_carea' id='block_1_40' title="bbox 407 3711 2048 3787">
    <p class='ocr_par' dir='ltr' id='par_1_40' title="bbox 407 3711 2048 3787">
     <span class='ocr_line' id='line_1_40' title="bbox 407 3711 2048 3787; baseline -0.002 -16"><span class='ocrx_word' id='word_1_278' title='bbox 407 3716 801 3787; x_wconf 84' lang='lat' dir='ltr'>scite.Moyses</span> <span class='ocrx_word' id='word_1_279' title='bbox 833 3731 967 3769; x_wconf 92' lang='lat' dir='ltr'>cum</span> <span class='ocrx_word' id='word_1_280' title='bbox 990 3718 1143 3769; x_wconf 88' lang='lat' dir='ltr'>esset</span> <span class='ocrx_word' id='word_1_281' title='bbox 1174 3711 1452 3780; x_wconf 89' lang='lat' dir='ltr'>famulus,</span> <span class='ocrx_word' id='word_1_282' title='bbox 1476 3728 1573 3767; x_wconf 90' lang='lat' dir='ltr'>eas</span> <span class='ocrx_word' id='word_1_283' title='bbox 1596 3712 1856 3784; x_wconf 87' lang='lat' dir='ltr'>accepit;</span> <span class='ocrx_word' id='word_1_284' title='bbox 1881 3712 2048 3767; x_wconf 92' lang='lat' dir='ltr'>nobis</span> 
     </span>
    </p>
   </div>
   <div class='ocr_carea' id='block_1_41' title="bbox 407 3799 2048 3875">
    <p class='ocr_par' dir='ltr' id='par_1_41' title="bbox 407 3799 2048 3875">
     <span class='ocr_line' id='line_1_41' title="bbox 407 3799 2048 3875; baseline -0.001 -17"><span class='ocrx_word' id='word_1_285' title='bbox 407 3808 605 3859; x_wconf 90' lang='lat' dir='ltr'>autem</span> <span class='ocrx_word' id='word_1_286' title='bbox 636 3804 761 3875; x_wconf 89' lang='lat' dir='ltr'>ipse</span> <span class='ocrx_word' id='word_1_287' title='bbox 788 3802 1193 3871; x_wconf 87' lang='lat' dir='ltr'>Dominus,cui</span> <span class='ocrx_word' id='word_1_288' title='bbox 1226 3817 1432 3856; x_wconf 90' lang='lat' dir='ltr'>sumus</span> <span class='ocrx_word' id='word_1_289' title='bbox 1462 3800 1521 3854; x_wconf 92' lang='lat' dir='ltr'>in</span> <span class='ocrx_word' id='word_1_290' title='bbox 1552 3799 1836 3872; x_wconf 90' lang='lat' dir='ltr'>populum</span> <span class='ocrx_word' id='word_1_291' title='bbox 1869 3800 2048 3857; x_wconf 66' lang='lat' dir='ltr'>haere-</span> 
     </span>
    </p>
   </div>
   <div class='ocr_carea' id='block_1_42' title="bbox 406 3888 2050 3961">
    <p class='ocr_par' dir='ltr' id='par_1_42' title="bbox 406 3888 2050 3961">
     <span class='ocr_line' id='line_1_42' title="bbox 406 3888 2050 3961; baseline -0.002 -13"><span class='ocrx_word' id='word_1_292' title='bbox 406 3891 874 3960; x_wconf 86' lang='lat' dir='ltr'>ditatis,tradidit</span> <span class='ocrx_word' id='word_1_293' title='bbox 902 3907 1004 3961; x_wconf 90' lang='lat' dir='ltr'>pro</span> <span class='ocrx_word' id='word_1_294' title='bbox 1036 3890 1206 3945; x_wconf 91' lang='lat' dir='ltr'>nobis</span> <span class='ocrx_word' id='word_1_295' title='bbox 1238 3906 1447 3961; x_wconf 90' lang='lat' dir='ltr'>passus</span> <span class='ocrx_word' id='word_1_296' title='bbox 1477 3889 1610 3960; x_wconf 84' lang='lat'>(27);</span> <span class='ocrx_word' id='word_1_297' title='bbox 1645 3888 1812 3944; x_wconf 86' lang='lat' dir='ltr'>»loca</span> <span class='ocrx_word' id='word_1_298' title='bbox 1836 3889 2050 3957; x_wconf 76' lang='lat' dir='ltr'>haec,et</span> 
     </span>
    </p>
   </div>
   <div class='ocr_carea' id='block_1_43' title="bbox 408 3977 2048 4052">
    <p class='ocr_par' dir='ltr' id='par_1_43' title="bbox 408 3977 2048 4052">
     <span class='ocr_line' id='line_1_43' title="bbox 408 3977 2048 4052; baseline -0.001 -17"><span class='ocrx_word' id='word_1_299' title='bbox 408 3980 479 4035; x_wconf 90' lang='lat' dir='ltr'>ad</span> <span class='ocrx_word' id='word_1_300' title='bbox 511 3980 783 4052; x_wconf 87' lang='lat' dir='ltr'>pietatem</span> <span class='ocrx_word' id='word_1_301' title='bbox 823 3978 1109 4044; x_wconf 91' lang='lat' dir='ltr'>alliciunt,</span> <span class='ocrx_word' id='word_1_302' title='bbox 1165 3982 1220 4032; x_wconf 90' lang='lat' dir='ltr'>et</span> <span class='ocrx_word' id='word_1_303' title='bbox 1268 3982 1523 4033; x_wconf 88' lang='lat' dir='ltr'>mentem</span> <span class='ocrx_word' id='word_1_304' title='bbox 1572 3978 1866 4032; x_wconf 91' lang='lat' dir='ltr'>erudiunt.</span> <span class='ocrx_word' id='word_1_305' title='bbox 1900 3977 2048 4033; x_wconf 86' lang='lat' dir='ltr'>Fieri</span> 
     </span>
    </p>
   </div>
   <div class='ocr_carea' id='block_1_44' title="bbox 408 4064 2046 4138">
    <p class='ocr_par' dir='ltr' id='par_1_44' title="bbox 408 4064 2046 4138">
     <span class='ocr_line' id='line_1_44' title="bbox 408 4064 2046 4138; baseline -0.001 -17"><span class='ocrx_word' id='word_1_306' title='bbox 408 4067 629 4138; x_wconf 88' lang='lat' dir='ltr'>nequit,</span> <span class='ocrx_word' id='word_1_307' title='bbox 661 4072 727 4121; x_wconf 90' lang='lat' dir='ltr'>ut</span> <span class='ocrx_word' id='word_1_308' title='bbox 755 4066 906 4123; x_wconf 89' lang='lat' dir='ltr'>serio</span> <span class='ocrx_word' id='word_1_309' title='bbox 938 4072 993 4122; x_wconf 90' lang='lat' dir='ltr'>et</span> <span class='ocrx_word' id='word_1_310' title='bbox 1021 4070 1240 4121; x_wconf 89' lang='lat' dir='ltr'>attento</span> <span class='ocrx_word' id='word_1_311' title='bbox 1272 4066 1467 4120; x_wconf 89' lang='lat' dir='ltr'>animo</span> <span class='ocrx_word' id='word_1_312' title='bbox 1518 4064 1734 4136; x_wconf 88' lang='lat' dir='ltr'>aliquis</span> <span class='ocrx_word' id='word_1_313' title='bbox 1775 4064 1901 4120; x_wconf 90' lang='lat' dir='ltr'>loca</span> <span class='ocrx_word' id='word_1_314' title='bbox 1928 4065 2046 4120; x_wconf 82' lang='lat' dir='ltr'>haec</span> 
     </span>
    </p>
   </div>
   <div class='ocr_carea' id='block_1_45' title="bbox 407 4152 2045 4227">
    <p class='ocr_par' dir='ltr' id='par_1_45' title="bbox 407 4152 2045 4227">
     <span class='ocr_line' id='line_1_45' title="bbox 407 4152 2045 4227; baseline -0.001 -17"><span class='ocrx_word' id='word_1_315' title='bbox 407 4160 725 4227; x_wconf 89' lang='lat' dir='ltr'>percurrat,</span> <span class='ocrx_word' id='word_1_316' title='bbox 760 4155 904 4227; x_wconf 89' lang='lat' dir='ltr'>quin</span> <span class='ocrx_word' id='word_1_317' title='bbox 936 4154 1113 4210; x_wconf 90' lang='lat' dir='ltr'>simul</span> <span class='ocrx_word' id='word_1_318' title='bbox 1145 4153 1382 4225; x_wconf 88' lang='lat' dir='ltr'>plurimi</span> <span class='ocrx_word' id='word_1_319' title='bbox 1426 4154 1602 4208; x_wconf 89' lang='lat' dir='ltr'>faciat</span> <span class='ocrx_word' id='word_1_320' title='bbox 1645 4152 2045 4209; x_wconf 82' lang='lat' dir='ltr'>excellentiam</span> 
     </span>
    </p>
   </div>
   <div class='ocr_carea' id='block_1_46' title="bbox 406 4241 2047 4313">
    <p class='ocr_par' dir='ltr' id='par_1_46' title="bbox 406 4241 2047 4313">
     <span class='ocr_line' id='line_1_46' title="bbox 406 4241 2047 4313; baseline -0.001 -14"><span class='ocrx_word' id='word_1_321' title='bbox 406 4247 616 4299; x_wconf 81' lang='lat' dir='ltr'>nostrae</span> <span class='ocrx_word' id='word_1_322' title='bbox 649 4243 1055 4310; x_wconf 91' lang='lat' dir='ltr'>vocationis,et</span> <span class='ocrx_word' id='word_1_323' title='bbox 1075 4247 1375 4298; x_wconf 85' lang='lat' dir='ltr'>auctorem</span> <span class='ocrx_word' id='word_1_324' title='bbox 1400 4242 1580 4312; x_wconf 90' lang='lat' dir='ltr'>hujus</span> <span class='ocrx_word' id='word_1_325' title='bbox 1612 4241 2047 4313; x_wconf 89' lang='lat' dir='ltr'>diligat.Caveat</span> 
     </span>
    </p>
   </div>
   <div class='ocr_carea' id='block_1_47' title="bbox 406 4329 2046 4404">
    <p class='ocr_par' dir='ltr' id='par_1_47' title="bbox 406 4329 2046 4404">
     <span class='ocr_line' id='line_1_47' title="bbox 406 4329 2046 4404; baseline -0.001 -18"><span class='ocrx_word' id='word_1_326' title='bbox 406 4332 818 4404; x_wconf 90' lang='lat' dir='ltr'>unusquisque</span> <span class='ocrx_word' id='word_1_327' title='bbox 888 4336 1178 4401; x_wconf 88' lang='lat' dir='ltr'>nostrum,</span> <span class='ocrx_word' id='word_1_328' title='bbox 1252 4347 1323 4386; x_wconf 92' lang='lat' dir='ltr'>ne</span> <span class='ocrx_word' id='word_1_329' title='bbox 1400 4331 1737 4386; x_wconf 62' lang='lat' dir='ltr'>Judeeorum</span> <span class='ocrx_word' id='word_1_330' title='bbox 1803 4329 2046 4385; x_wconf 91' lang='lat' dir='ltr'>calami-</span> 
     </span>
    </p>
   </div>
   <div class='ocr_carea' id='block_1_48' title="bbox 402 4419 2044 4493">
    <p class='ocr_par' dir='ltr' id='par_1_48' title="bbox 402 4419 2044 4493">
     <span class='ocr_line' id='line_1_48' title="bbox 402 4419 2044 4493; baseline -0.001 -18"><span class='ocrx_word' id='word_1_331' title='bbox 402 4425 581 4477; x_wconf 88' lang='lat' dir='ltr'>tatem</span> <span class='ocrx_word' id='word_1_332' title='bbox 613 4420 873 4477; x_wconf 89' lang='lat' dir='ltr'>incurrat</span> <span class='ocrx_word' id='word_1_333' title='bbox 900 4426 958 4476; x_wconf 93' lang='lat' dir='ltr'>et</span> <span class='ocrx_word' id='word_1_334' title='bbox 989 4438 1089 4493; x_wconf 91' lang='lat' dir='ltr'>per</span> <span class='ocrx_word' id='word_1_335' title='bbox 1121 4420 1414 4493; x_wconf 87' lang='lat' dir='ltr'>propriam</span> <span class='ocrx_word' id='word_1_336' title='bbox 1447 4419 1848 4475; x_wconf 77' lang='lat' dir='ltr'>infidelitatem</span> <span class='ocrx_word' id='word_1_337' title='bbox 1882 4435 1945 4475; x_wconf 88' lang='lat' dir='ltr'>se</span> <span class='ocrx_word' id='word_1_338' title='bbox 1984 4419 2044 4474; x_wconf 93' lang='lat' dir='ltr'>in</span> 
     </span>
    </p>
   </div>
   <div class='ocr_carea' id='block_1_49' title="bbox 404 4506 2042 4582">
    <p class='ocr_par' dir='ltr' id='par_1_49' title="bbox 404 4506 2042 4582">
     <span class='ocr_line' id='line_1_49' title="bbox 404 4506 2042 4582; baseline -0.001 -18"><span class='ocrx_word' id='word_1_339' title='bbox 404 4510 649 4582; x_wconf 89' lang='lat' dir='ltr'>dignum</span> <span class='ocrx_word' id='word_1_340' title='bbox 682 4511 887 4566; x_wconf 89' lang='lat' dir='ltr'>reddat</span> <span class='ocrx_word' id='word_1_341' title='bbox 916 4510 1142 4580; x_wconf 88' lang='lat' dir='ltr'>magnis</span> <span class='ocrx_word' id='word_1_342' title='bbox 1174 4509 1266 4564; x_wconf 93' lang='lat' dir='ltr'>his</span> <span class='ocrx_word' id='word_1_343' title='bbox 1297 4508 1672 4577; x_wconf 89' lang='lat' dir='ltr'>utilitatibus,</span> <span class='ocrx_word' id='word_1_344' title='bbox 1706 4525 1830 4578; x_wconf 68' lang='lat' dir='ltr'>qua:</span> <span class='ocrx_word' id='word_1_345' title='bbox 1880 4506 2042 4563; x_wconf 91' lang='lat' dir='ltr'>Chri-</span> 
     </span>
    </p>
   </div>
   <div class='ocr_carea' id='block_1_50' title="bbox 402 4598 1606 4670">
    <p class='ocr_par' dir='ltr' id='par_1_50' title="bbox 402 4598 1606 4670">
     <span class='ocr_line' id='line_1_50' title="bbox 402 4598 1606 4670; baseline -0.002 -17"><span class='ocrx_word' id='word_1_346' title='bbox 402 4598 726 4655; x_wconf 89' lang='lat' dir='ltr'>stianorum</span> <span class='ocrx_word' id='word_1_347' title='bbox 760 4598 1095 4670; x_wconf 88' lang='lat' dir='ltr'>religionem</span> <span class='ocrx_word' id='word_1_348' title='bbox 1130 4598 1500 4653; x_wconf 91' lang='lat' dir='ltr'>comitantur.</span> <span class='ocrx_word' id='word_1_349' title='bbox 1598 4657 1606 4665; x_wconf 53' lang='grc'>,</span> 
     </span>
    </p>
   </div>
   <div class='ocr_carea' id='block_1_51' title="bbox 471 4703 2044 4776">
    <p class='ocr_par' dir='ltr' id='par_1_51' title="bbox 471 4703 2044 4776">
     <span class='ocr_line' id='line_1_51' title="bbox 471 4703 2044 4776; baseline -0.002 -16"><span class='ocrx_word' id='word_1_350' title='bbox 471 4704 957 4761; x_wconf 87' lang='lat' dir='ltr'>Justificationem</span> <span class='ocrx_word' id='word_1_351' title='bbox 990 4721 1094 4776; x_wconf 90' lang='lat' dir='ltr'>per</span> <span class='ocrx_word' id='word_1_352' title='bbox 1126 4703 1577 4769; x_wconf 89' lang='lat' dir='ltr'>renovationem,</span> <span class='ocrx_word' id='word_1_353' title='bbox 1614 4719 1679 4757; x_wconf 93' lang='lat' dir='ltr'>ac</span> <span class='ocrx_word' id='word_1_354' title='bbox 1728 4718 1925 4758; x_wconf 85' lang='lat' dir='ltr'>veram</span> <span class='ocrx_word' id='word_1_355' title='bbox 1956 4718 2044 4757; x_wconf 90' lang='lat' dir='ltr'>re-</span> 
     </span>
    </p>
   </div>
   <div class='ocr_carea' id='block_1_52' title="bbox 401 4791 2046 4866">
    <p class='ocr_par' dir='ltr' id='par_1_52' title="bbox 401 4791 2046 4866">
     <span class='ocr_line' id='line_1_52' title="bbox 401 4791 2046 4866; baseline -0.001 -19"><span class='ocrx_word' id='word_1_356' title='bbox 401 4793 741 4849; x_wconf 90' lang='lat' dir='ltr'>missionem</span> <span class='ocrx_word' id='word_1_357' title='bbox 769 4798 1135 4866; x_wconf 87' lang='lat' dir='ltr'>peccatorum</span> <span class='ocrx_word' id='word_1_358' title='bbox 1169 4791 1651 4859; x_wconf 89' lang='lat' dir='ltr'>ﬁeri,clarissime</span> <span class='ocrx_word' id='word_1_359' title='bbox 1680 4791 1854 4846; x_wconf 86' lang='lat' dir='ltr'>etiam</span> <span class='ocrx_word' id='word_1_360' title='bbox 1879 4791 2046 4846; x_wconf 89' lang='lat' dir='ltr'>docet</span> 
     </span>
    </p>
   </div>
   <div class='ocr_carea' id='block_1_53' title="bbox 400 4878 2046 4951">
    <p class='ocr_par' dir='ltr' id='par_1_53' title="bbox 400 4878 2046 4951">
     <span class='ocr_line' id='line_1_53' title="bbox 400 4878 2046 4951; baseline -0.001 -17"><span class='ocrx_word' id='word_1_361' title='bbox 400 4880 494 4935; x_wconf 92' lang='lat' dir='ltr'>hic</span> <span class='ocrx_word' id='word_1_362' title='bbox 524 4885 747 4943; x_wconf 83' lang='lat' dir='ltr'>auctor.</span> <span class='ocrx_word' id='word_1_363' title='bbox 769 4882 853 4936; x_wconf 89' lang='lat' dir='ltr'>ita</span> <span class='ocrx_word' id='word_1_364' title='bbox 875 4880 1135 4936; x_wconf 91' lang='lat' dir='ltr'>scribens</span> <span class='ocrx_word' id='word_1_365' title='bbox 1166 4881 1276 4951; x_wconf 83' lang='lat'>(28)</span> <span class='ocrx_word' id='word_1_366' title='bbox 1310 4898 1323 4935; x_wconf 90' lang='lat'>:</span> <span class='ocrx_word' id='word_1_367' title='bbox 1359 4903 1386 4929; x_wconf 85' lang='lat'><strong>«</strong></span> <span class='ocrx_word' id='word_1_368' title='bbox 1421 4878 1529 4934; x_wconf 92' lang='lat' dir='ltr'>Ubi</span> <span class='ocrx_word' id='word_1_369' title='bbox 1560 4895 1696 4951; x_wconf 88' lang='lat' dir='ltr'>ergo</span> <span class='ocrx_word' id='word_1_370' title='bbox 1731 4896 1837 4934; x_wconf 89' lang='lat' dir='ltr'>nos</span> <span class='ocrx_word' id='word_1_371' title='bbox 1870 4880 2046 4934; x_wconf 84' lang='lat' dir='ltr'>refor-</span> 
     </span>
    </p>
   </div>
   <div class='ocr_carea' id='block_1_54' title="bbox 403 4966 2043 5041">
    <p class='ocr_par' dir='ltr' id='par_1_54' title="bbox 403 4966 2043 5041">
     <span class='ocr_line' id='line_1_54' title="bbox 403 4966 2043 5041; baseline -0.001 -18"><span class='ocrx_word' id='word_1_372' title='bbox 403 4968 709 5040; x_wconf 89' lang='lat' dir='ltr'>mavit,per</span> <span class='ocrx_word' id='word_1_373' title='bbox 738 4970 1142 5025; x_wconf 89' lang='lat' dir='ltr'>remissionem</span> <span class='ocrx_word' id='word_1_374' title='bbox 1173 4974 1545 5041; x_wconf 87' lang='lat' dir='ltr'>peccatorum</span> <span class='ocrx_word' id='word_1_375' title='bbox 1567 4968 1849 5034; x_wconf 82' lang='lat' dir='ltr'>eilecit,ut</span> <span class='ocrx_word' id='word_1_376' title='bbox 1870 4966 2043 5023; x_wconf 89' lang='lat' dir='ltr'>aliam</span> 
     </span>
    </p>
   </div>
   <div class='ocr_carea' id='block_1_55' title="bbox 402 5055 2045 5128">
    <p class='ocr_par' dir='ltr' id='par_1_55' title="bbox 402 5055 2045 5128">
     <span class='ocr_line' id='line_1_55' title="bbox 402 5055 2045 5128; baseline 0 -17"><span class='ocrx_word' id='word_1_377' title='bbox 402 5056 650 5112; x_wconf 87' lang='lat' dir='ltr'>formam</span> <span class='ocrx_word' id='word_1_378' title='bbox 684 5056 1056 5125; x_wconf 88' lang='lat' dir='ltr'>haberemus,</span> <span class='ocrx_word' id='word_1_379' title='bbox 1094 5058 1353 5112; x_wconf 89' lang='lat' dir='ltr'>animam</span> <span class='ocrx_word' id='word_1_380' title='bbox 1383 5072 1593 5128; x_wconf 90' lang='lat' dir='ltr'>nempe</span> <span class='ocrx_word' id='word_1_381' title='bbox 1642 5056 1850 5128; x_wconf 90' lang='lat' dir='ltr'>puerili</span> <span class='ocrx_word' id='word_1_382' title='bbox 1883 5055 2045 5111; x_wconf 89' lang='lat' dir='ltr'>simi-</span> 
     </span>
    </p>
   </div>
   <div class='ocr_carea' id='block_1_56' title="bbox 402 5143 2048 5218">
    <p class='ocr_par' dir='ltr' id='par_1_56' title="bbox 402 5143 2048 5218">
     <span class='ocr_line' id='line_1_56' title="bbox 402 5143 2048 5218; baseline 0.001 -19"><span class='ocrx_word' id='word_1_383' title='bbox 402 5143 539 5215; x_wconf 85' lang='lat' dir='ltr'>lem,</span> <span class='ocrx_word' id='word_1_384' title='bbox 594 5147 720 5218; x_wconf 89' lang='lat' dir='ltr'>ipse</span> <span class='ocrx_word' id='word_1_385' title='bbox 758 5146 915 5202; x_wconf 92' lang='lat' dir='ltr'>enim</span> <span class='ocrx_word' id='word_1_386' title='bbox 982 5145 1250 5202; x_wconf 83' lang='lat' dir='ltr'>formavit</span> <span class='ocrx_word' id='word_1_387' title='bbox 1319 5162 1445 5201; x_wconf 92' lang='lat' dir='ltr'>nos.</span> <span class='ocrx_word' id='word_1_388' title='bbox 1499 5146 1637 5201; x_wconf 88' lang='lat' dir='ltr'>Ecce</span> <span class='ocrx_word' id='word_1_389' title='bbox 1704 5144 1885 5216; x_wconf 85' lang='lat' dir='ltr'>igitur</span> <span class='ocrx_word' id='word_1_390' title='bbox 1942 5160 2048 5200; x_wconf 90' lang='lat' dir='ltr'>nos</span> 
     </span>
    </p>
   </div>
   <div class='ocr_carea' id='block_1_57' title="bbox 498 5393 1761 5467">
    <p class='ocr_par' dir='ltr' id='par_1_57' title="bbox 498 5393 1761 5467">
     <span class='ocr_line' id='line_1_57' title="bbox 498 5393 1761 5467; baseline 0.001 -18"><span class='ocrx_word' id='word_1_391' title='bbox 498 5393 587 5467; x_wconf 85' lang='lat'>25)</span> <span class='ocrx_word' id='word_1_392' title='bbox 618 5394 802 5467; x_wconf 90' lang='lat' dir='ltr'>Epist.</span> <span class='ocrx_word' id='word_1_393' title='bbox 836 5395 1108 5465; x_wconf 87' lang='lat' dir='ltr'>Barnab.,</span> <span class='ocrx_word' id='word_1_394' title='bbox 1141 5412 1263 5467; x_wconf 89' lang='lat' dir='ltr'>cap.</span> <span class='ocrx_word' id='word_1_395' title='bbox 1302 5396 1387 5463; x_wconf 83' lang='grc'>11,</span> <span class='ocrx_word' id='word_1_396' title='bbox 1421 5394 1530 5451; x_wconf 91' lang='lat' dir='ltr'>sub</span> <span class='ocrx_word' id='word_1_397' title='bbox 1564 5395 1761 5450; x_wconf 89' lang='lat' dir='ltr'>finem.</span> 
     </span>
    </p>
   </div>
   <div class='ocr_carea' id='block_1_58' title="bbox 496 5466 1030 5539">
    <p class='ocr_par' dir='ltr' id='par_1_58' title="bbox 496 5466 1030 5539">
     <span class='ocr_line' id='line_1_58' title="bbox 496 5466 1030 5539; baseline 0.004 -19"><span class='ocrx_word' id='word_1_398' title='bbox 496 5466 587 5539; x_wconf 70' lang='lat'>26)</span> <span class='ocrx_word' id='word_1_399' title='bbox 620 5466 788 5539; x_wconf 83' lang='lat' dir='ltr'>Ibid.,</span> <span class='ocrx_word' id='word_1_400' title='bbox 824 5483 950 5539; x_wconf 85' lang='lat' dir='ltr'>cap.</span> <span class='ocrx_word' id='word_1_401' title='bbox 977 5469 1030 5523; x_wconf 93' lang='lat'>6.</span> 
     </span>
    </p>
   </div>
   <div class='ocr_carea' id='block_1_59' title="bbox 498 5537 1035 5610">
    <p class='ocr_par' dir='ltr' id='par_1_59' title="bbox 498 5537 1035 5610">
     <span class='ocr_line' id='line_1_59' title="bbox 498 5537 1035 5610; baseline 0.004 -18"><span class='ocrx_word' id='word_1_402' title='bbox 498 5537 589 5610; x_wconf 65' lang='lat' dir='ltr'>e7)</span> <span class='ocrx_word' id='word_1_403' title='bbox 622 5538 789 5610; x_wconf 90' lang='lat' dir='ltr'>lbid.,</span> <span class='ocrx_word' id='word_1_404' title='bbox 825 5537 949 5610; x_wconf 80' lang='lat' dir='ltr'>cap.</span> <span class='ocrx_word' id='word_1_405' title='bbox 981 5540 1035 5594; x_wconf 88' lang='lat'>6.</span> 
     </span>
    </p>
   </div>
   <div class='ocr_carea' id='block_1_60' title="bbox 497 5540 1142 5752">
    <p class='ocr_par' dir='ltr' id='par_1_60' title="bbox 497 5540 1142 5752">
     <span class='ocr_line' id='line_1_60' title="bbox 498 5540 1035 5610; baseline 0.009 -21"><span class='ocrx_word' id='word_1_406' title='bbox 498 5540 567 5589; x_wconf 85' lang='lat'>27</span> <span class='ocrx_word' id='word_1_407' title='bbox 622 5540 789 5604; x_wconf 85' lang='lat' dir='ltr'>Ibid.,</span> <span class='ocrx_word' id='word_1_408' title='bbox 825 5555 949 5610; x_wconf 82' lang='lat' dir='ltr'>cap.</span> <span class='ocrx_word' id='word_1_409' title='bbox 981 5540 1035 5594; x_wconf 88' lang='lat'>6.</span> 
     </span>
     <span class='ocr_line' id='line_1_61' title="bbox 497 5540 1142 5752; baseline 0.012 -92"><span class='ocrx_word' id='word_1_410' title='bbox 497 5540 590 5752; x_wconf 49' lang='lat'>28%</span> <span class='ocrx_word' id='word_1_411' title='bbox 623 5609 866 5681; x_wconf 91' lang='lat' dir='ltr'>Ibidem,</span> <span class='ocrx_word' id='word_1_412' title='bbox 898 5626 1021 5681; x_wconf 90' lang='lat' dir='ltr'>cap.</span> <span class='ocrx_word' id='word_1_413' title='bbox 1056 5610 1142 5688; x_wconf 76' lang='lat'>14,</span> 
     </span>
     <span class='ocr_line' id='line_1_62' title="bbox 497 5676 1030 5752; baseline 0.004 -13"><span class='ocrx_word' id='word_1_414' title='bbox 497 5676 568 5735; x_wconf 82' lang='lat'>29</span> <span class='ocrx_word' id='word_1_415' title='bbox 619 5678 821 5743; x_wconf 87' lang='lat' dir='ltr'>Ezech.</span> <span class='ocrx_word' id='word_1_416' title='bbox 850 5696 911 5752; x_wconf 82' lang='grc' dir='ltr'>ιι,</span> <span class='ocrx_word' id='word_1_417' title='bbox 944 5681 1030 5742; x_wconf 85' lang='grc'>19.</span> 
     </span>
    </p>
   </div>
   <div class='ocr_carea' id='block_1_61' title="bbox 496 5676 1030 5756">
    <p class='ocr_par' dir='ltr' id='par_1_61' title="bbox 496 5676 1030 5756">
     <span class='ocr_line' id='line_1_63' title="bbox 496 5676 1030 5756; baseline 0.011 -21"><span class='ocrx_word' id='word_1_418' title='bbox 496 5676 589 5752; x_wconf 84' lang='grc'>29)</span> <span class='ocrx_word' id='word_1_419' title='bbox 619 5678 821 5743; x_wconf 88' lang='lat' dir='ltr'>Ezech.</span> <span class='ocrx_word' id='word_1_420' title='bbox 850 5676 911 5756; x_wconf 76' lang='lat' dir='ltr'>ll,</span> <span class='ocrx_word' id='word_1_421' title='bbox 944 5676 1030 5742; x_wconf 66' lang='grc'>1⁷9.</span> 
     </span>
    </p>
   </div>
   <div class='ocr_carea' id='block_1_62' title="bbox 476 5394 494 5761">
    <p class='ocr_par' dir='ltr' id='par_1_62' title="bbox 476 5394 494 5761">
     <span class='ocr_line' id='line_1_64' title="bbox 476 5394 494 5761; baseline 0 0"><span class='ocrx_word' id='word_1_422' title='bbox 476 5394 494 5761; x_wconf 72' lang='grc' dir='ltr'>ἒ</span> 
     </span>
    </p>
   </div>
   <div class='ocr_carea' id='block_1_63' title="bbox 2171 598 3760 681">
    <p class='ocr_par' dir='ltr' id='par_1_63' title="bbox 2171 598 3760 681">
     <span class='ocr_line' id='line_1_65' title="bbox 2171 598 3760 681; baseline 0.009 -29"><span class='ocrx_word' id='word_1_423' title='bbox 2171 598 2284 654; x_wconf 91' lang='lat' dir='ltr'>alio</span> <span class='ocrx_word' id='word_1_424' title='bbox 2325 600 2607 671; x_wconf 84' lang='lat' dir='ltr'>prOpheta</span> <span class='ocrx_word' id='word_1_425' title='bbox 2654 601 2795 656; x_wconf 91' lang='lat' dir='ltr'>dicit</span> <span class='ocrx_word' id='word_1_426' title='bbox 2828 618 2839 655; x_wconf 92' lang='lat'><strong>:</strong></span> <span class='ocrx_word' id='word_1_427' title='bbox 2876 606 3029 670; x_wconf 77' lang='lat' dir='ltr'>Ecce,</span> <span class='ocrx_word' id='word_1_428' title='bbox 3078 602 3271 675; x_wconf 90' lang='lat' dir='ltr'>inquit</span> <span class='ocrx_word' id='word_1_429' title='bbox 3318 606 3600 674; x_wconf 89' lang='lat' dir='ltr'>Dominus,</span> <span class='ocrx_word' id='word_1_430' title='bbox 3626 613 3760 681; x_wconf 76' lang='lat' dir='ltr'>aufe-</span> 
     </span>
    </p>
   </div>
   <div class='ocr_carea' id='block_1_64' title="bbox 2172 688 3760 767">
    <p class='ocr_par' dir='ltr' id='par_1_64' title="bbox 2172 688 3760 767">
     <span class='ocr_line' id='line_1_66' title="bbox 2172 688 3760 767; baseline 0.008 -27"><span class='ocrx_word' id='word_1_431' title='bbox 2172 705 2292 741; x_wconf 87' lang='lat' dir='ltr'>ram</span> <span class='ocrx_word' id='word_1_432' title='bbox 2320 689 2388 742; x_wconf 85' lang='lat' dir='ltr'>ab</span> <span class='ocrx_word' id='word_1_433' title='bbox 2417 691 2513 757; x_wconf 82' lang='lat' dir='ltr'>eis,</span> <span class='ocrx_word' id='word_1_434' title='bbox 2548 688 2657 744; x_wconf 91' lang='lat' dir='ltr'>hoc</span> <span class='ocrx_word' id='word_1_435' title='bbox 2685 694 2798 755; x_wconf 90' lang='lat' dir='ltr'>est,</span> <span class='ocrx_word' id='word_1_436' title='bbox 2835 690 2907 744; x_wconf 90' lang='lat' dir='ltr'>ab</span> <span class='ocrx_word' id='word_1_437' title='bbox 2958 692 3042 746; x_wconf 89' lang='lat' dir='ltr'>eis</span> <span class='ocrx_word' id='word_1_438' title='bbox 3092 707 3238 762; x_wconf 91' lang='lat' dir='ltr'>quos</span> <span class='ocrx_word' id='word_1_439' title='bbox 3284 693 3499 749; x_wconf 89' lang='lat' dir='ltr'>Domini</span> <span class='ocrx_word' id='word_1_440' title='bbox 3541 696 3760 767; x_wconf 88' lang='lat' dir='ltr'>Spiritus</span> 
     </span>
    </p>
   </div>
   <div class='ocr_carea' id='block_1_65' title="bbox 2171 776 3762 850">
    <p class='ocr_par' dir='ltr' id='par_1_65' title="bbox 2171 776 3762 850">
     <span class='ocr_line' id='line_1_67' title="bbox 2171 776 3762 850; baseline 0.008 -20"><span class='ocrx_word' id='word_1_441' title='bbox 2171 776 2527 847; x_wconf 87' lang='lat' dir='ltr'>providebat,</span> <span class='ocrx_word' id='word_1_442' title='bbox 2556 777 2721 833; x_wconf 83' lang='lat' dir='ltr'>corda</span> <span class='ocrx_word' id='word_1_443' title='bbox 2763 779 2999 850; x_wconf 82' lang='lat' dir='ltr'>lapidea,</span> <span class='ocrx_word' id='word_1_444' title='bbox 3047 788 3098 835; x_wconf 78' lang='lat' dir='ltr'>et</span> <span class='ocrx_word' id='word_1_445' title='bbox 3145 782 3437 838; x_wconf 78' lang='lat' dir='ltr'>immittam</span> <span class='ocrx_word' id='word_1_446' title='bbox 3490 785 3597 839; x_wconf 79' lang='lat' dir='ltr'>illis</span> <span class='ocrx_word' id='word_1_447' title='bbox 3623 787 3762 842; x_wconf 85' lang='lat' dir='ltr'>corda</span> 
     </span>
    </p>
   </div>
   <div class='ocr_carea' id='block_1_66' title="bbox 2168 865 3758 947">
    <p class='ocr_par' dir='ltr' id='par_1_66' title="bbox 2168 865 3758 947">
     <span class='ocr_line' id='line_1_68' title="bbox 2168 865 3758 947; baseline 0.007 -27"><span class='ocrx_word' id='word_1_448' title='bbox 2168 881 2369 920; x_wconf 83' lang='lat' dir='ltr'>carnea</span> <span class='ocrx_word' id='word_1_449' title='bbox 2398 865 2509 937; x_wconf 85' lang='lat'>(29)</span> <span class='ocrx_word' id='word_1_450' title='bbox 2546 891 2558 932; x_wconf 89' lang='lat'><strong>;</strong></span> <span class='ocrx_word' id='word_1_451' title='bbox 2591 867 2731 937; x_wconf 90' lang='lat' dir='ltr'>quia</span> <span class='ocrx_word' id='word_1_452' title='bbox 2780 869 3084 938; x_wconf 83' lang='lat' dir='ltr'>oportebat</span> <span class='ocrx_word' id='word_1_453' title='bbox 3130 886 3263 924; x_wconf 90' lang='lat' dir='ltr'>eum</span> <span class='ocrx_word' id='word_1_454' title='bbox 3313 870 3371 925; x_wconf 90' lang='lat' dir='ltr'>in</span> <span class='ocrx_word' id='word_1_455' title='bbox 3415 888 3575 929; x_wconf 90' lang='lat' dir='ltr'>carne</span> <span class='ocrx_word' id='word_1_456' title='bbox 3607 891 3758 947; x_wconf 87' lang='lat' dir='ltr'>appa-</span> 
     </span>
    </p>
   </div>
   <div class='ocr_carea' id='block_1_67' title="bbox 2168 953 3759 1032">
    <p class='ocr_par' dir='ltr' id='par_1_67' title="bbox 2168 953 3759 1032">
     <span class='ocr_line' id='line_1_69' title="bbox 2168 953 3759 1032; baseline 0.006 -24"><span class='ocrx_word' id='word_1_457' title='bbox 2168 958 2378 1019; x_wconf 88' lang='lat' dir='ltr'>rere,et</span> <span class='ocrx_word' id='word_1_458' title='bbox 2404 953 2671 1011; x_wconf 88' lang='lat' dir='ltr'>habitare</span> <span class='ocrx_word' id='word_1_459' title='bbox 2695 956 2754 1010; x_wconf 92' lang='lat' dir='ltr'>in</span> <span class='ocrx_word' id='word_1_460' title='bbox 2787 957 2987 1013; x_wconf 86' lang='lat' dir='ltr'>nobis:</span> <span class='ocrx_word' id='word_1_461' title='bbox 3011 956 3295 1029; x_wconf 86' lang='lat' dir='ltr'>templum</span> <span class='ocrx_word' id='word_1_462' title='bbox 3317 959 3467 1016; x_wconf 90' lang='lat' dir='ltr'>enim</span> <span class='ocrx_word' id='word_1_463' title='bbox 3498 967 3759 1032; x_wconf 84' lang='lat' dir='ltr'>sanctum,</span> 
     </span>
    </p>
   </div>
   <div class='ocr_carea' id='block_1_68' title="bbox 2170 1042 3763 1111">
    <p class='ocr_par' dir='ltr' id='par_1_68' title="bbox 2170 1042 3763 1111">
     <span class='ocr_line' id='line_1_70' title="bbox 2170 1042 3763 1111; baseline 0.007 -15"><span class='ocrx_word' id='word_1_464' title='bbox 2170 1042 2376 1097; x_wconf 84' lang='lat' dir='ltr'>fratres</span> <span class='ocrx_word' id='word_1_465' title='bbox 2409 1042 2542 1111; x_wconf 92' lang='lat' dir='ltr'>mei,</span> <span class='ocrx_word' id='word_1_466' title='bbox 2567 1044 2809 1099; x_wconf 92' lang='lat' dir='ltr'>Domino</span> <span class='ocrx_word' id='word_1_467' title='bbox 2842 1049 2932 1101; x_wconf 91' lang='lat' dir='ltr'>est</span> <span class='ocrx_word' id='word_1_468' title='bbox 2961 1045 3242 1103; x_wconf 89' lang='lat' dir='ltr'>habitatio</span> <span class='ocrx_word' id='word_1_469' title='bbox 3272 1047 3456 1104; x_wconf 88' lang='lat' dir='ltr'>cordis</span> <span class='ocrx_word' id='word_1_470' title='bbox 3484 1051 3763 1107; x_wconf 83' lang='lat' dir='ltr'>nostri.-Et</span> 
     </span>
    </p>
   </div>
   <div class='ocr_carea' id='block_1_69' title="bbox 2169 1129 3762 1206">
    <p class='ocr_par' dir='ltr' id='par_1_69' title="bbox 2169 1129 3762 1206">
     <span class='ocr_line' id='line_1_71' title="bbox 2169 1129 3762 1206; baseline 0.006 -22"><span class='ocrx_word' id='word_1_471' title='bbox 2169 1129 2306 1185; x_wconf 90' lang='lat' dir='ltr'>alibi</span> <span class='ocrx_word' id='word_1_472' title='bbox 2341 1132 2454 1203; x_wconf 90' lang='grc'>(30)</span> <span class='ocrx_word' id='word_1_473' title='bbox 2488 1149 2500 1186; x_wconf 91' lang='lat'><strong>:</strong></span> <span class='ocrx_word' id='word_1_474' title='bbox 2534 1134 2898 1204; x_wconf 83' lang='lat' dir='ltr'>«Antequam</span> <span class='ocrx_word' id='word_1_475' title='bbox 2930 1133 3046 1190; x_wconf 92' lang='lat' dir='ltr'>Deo</span> <span class='ocrx_word' id='word_1_476' title='bbox 3078 1135 3580 1206; x_wconf 90' lang='lat' dir='ltr'>crederemus,erat</span> <span class='ocrx_word' id='word_1_477' title='bbox 3598 1139 3762 1195; x_wconf 88' lang='lat' dir='ltr'>cordis</span> 
     </span>
    </p>
   </div>
   <div class='ocr_carea' id='block_1_70' title="bbox 2167 1220 3761 1294">
    <p class='ocr_par' dir='ltr' id='par_1_70' title="bbox 2167 1220 3761 1294">
     <span class='ocr_line' id='line_1_72' title="bbox 2167 1220 3761 1294; baseline 0.005 -21"><span class='ocrx_word' id='word_1_478' title='bbox 2167 1220 2347 1274; x_wconf 84' lang='lat' dir='ltr'>nostri</span> <span class='ocrx_word' id='word_1_479' title='bbox 2384 1220 2745 1275; x_wconf 88' lang='lat' dir='ltr'>domicilium</span> <span class='ocrx_word' id='word_1_480' title='bbox 2779 1221 3133 1293; x_wconf 90' lang='lat' dir='ltr'>corruptioni</span> <span class='ocrx_word' id='word_1_481' title='bbox 3170 1223 3498 1294; x_wconf 86' lang='lat' dir='ltr'>obnoxium,</span> <span class='ocrx_word' id='word_1_482' title='bbox 3528 1229 3581 1280; x_wconf 85' lang='lat' dir='ltr'>et</span> <span class='ocrx_word' id='word_1_483' title='bbox 3606 1226 3761 1282; x_wconf 90' lang='lat' dir='ltr'>imbe-</span> 
     </span>
    </p>
   </div>
   <div class='ocr_carea' id='block_1_71' title="bbox 2168 1305 3759 1381">
    <p class='ocr_par' dir='ltr' id='par_1_71' title="bbox 2168 1305 3759 1381">
     <span class='ocr_line' id='line_1_73' title="bbox 2168 1305 3759 1381; baseline 0.005 -20"><span class='ocrx_word' id='word_1_484' title='bbox 2168 1305 2317 1377; x_wconf 89' lang='lat' dir='ltr'>cille,</span> <span class='ocrx_word' id='word_1_485' title='bbox 2350 1306 2422 1362; x_wconf 92' lang='lat' dir='ltr'>ad</span> <span class='ocrx_word' id='word_1_486' title='bbox 2453 1308 2693 1363; x_wconf 92' lang='lat' dir='ltr'>modum</span> <span class='ocrx_word' id='word_1_487' title='bbox 2723 1308 2924 1380; x_wconf 89' lang='lat' dir='ltr'>templi</span> <span class='ocrx_word' id='word_1_488' title='bbox 2956 1326 3086 1364; x_wconf 89' lang='lat' dir='ltr'>vere</span> <span class='ocrx_word' id='word_1_489' title='bbox 3119 1324 3220 1381; x_wconf 89' lang='lat' dir='ltr'>per</span> <span class='ocrx_word' id='word_1_490' title='bbox 3249 1327 3455 1367; x_wconf 90' lang='lat' dir='ltr'>manus</span> <span class='ocrx_word' id='word_1_491' title='bbox 3485 1312 3759 1369; x_wconf 63' lang='lat' dir='ltr'>aediﬁcati:</span> 
     </span>
    </p>
   </div>
   <div class='ocr_carea' id='block_1_72' title="bbox 2166 1393 3764 1467">
    <p class='ocr_par' dir='ltr' id='par_1_72' title="bbox 2166 1393 3764 1467">
     <span class='ocr_line' id='line_1_74' title="bbox 2166 1393 3764 1467; baseline 0.006 -20"><span class='ocrx_word' id='word_1_492' title='bbox 2166 1393 2405 1466; x_wconf 88' lang='lat' dir='ltr'>plenum</span> <span class='ocrx_word' id='word_1_493' title='bbox 2424 1394 2715 1467; x_wconf 88' lang='lat' dir='ltr'>siquidem</span> <span class='ocrx_word' id='word_1_494' title='bbox 2736 1400 2860 1452; x_wconf 91' lang='lat' dir='ltr'>erat</span> <span class='ocrx_word' id='word_1_495' title='bbox 2882 1394 3172 1453; x_wconf 92' lang='lat' dir='ltr'>idolorum</span> <span class='ocrx_word' id='word_1_496' title='bbox 3194 1396 3374 1466; x_wconf 85' lang='lat' dir='ltr'>cultu,</span> <span class='ocrx_word' id='word_1_497' title='bbox 3389 1404 3444 1453; x_wconf 93' lang='lat' dir='ltr'>et</span> <span class='ocrx_word' id='word_1_498' title='bbox 3459 1400 3764 1457; x_wconf 88' lang='lat' dir='ltr'>eratdomus</span> 
     </span>
    </p>
   </div>
   <div class='ocr_carea' id='block_1_73' title="bbox 2167 1482 3762 1557">
    <p class='ocr_par' dir='ltr' id='par_1_73' title="bbox 2167 1482 3762 1557">
     <span class='ocr_line' id='line_1_75' title="bbox 2167 1482 3762 1557; baseline 0.004 -21"><span class='ocrx_word' id='word_1_499' title='bbox 2167 1482 2617 1551; x_wconf 67' lang='lat' dir='ltr'>daemoniorum;</span> <span class='ocrx_word' id='word_1_500' title='bbox 2652 1500 2769 1555; x_wconf 93' lang='lat' dir='ltr'>quo</span> <span class='ocrx_word' id='word_1_501' title='bbox 2802 1484 3402 1557; x_wconf 72' lang='lat' dir='ltr'>faceret,quaecunque</span> <span class='ocrx_word' id='word_1_502' title='bbox 3431 1485 3539 1542; x_wconf 92' lang='lat' dir='ltr'>Deo</span> <span class='ocrx_word' id='word_1_503' title='bbox 3567 1492 3762 1543; x_wconf 85' lang='lat' dir='ltr'>contra-</span> 
     </span>
    </p>
   </div>
   <div class='ocr_carea' id='block_1_74' title="bbox 2166 1570 3762 1631">
    <p class='ocr_par' dir='ltr' id='par_1_74' title="bbox 2166 1570 3762 1631">
     <span class='ocr_line' id='line_1_76' title="bbox 2166 1570 3762 1631; baseline 0.004 -7"><span class='ocrx_word' id='word_1_504' title='bbox 2166 1570 2253 1625; x_wconf 92' lang='lat' dir='ltr'>ria</span> <span class='ocrx_word' id='word_1_505' title='bbox 2282 1574 2439 1625; x_wconf 91' lang='lat' dir='ltr'>sunt.</span> <span class='ocrx_word' id='word_1_506' title='bbox 2480 1570 2880 1627; x_wconf 63' lang='lat' dir='ltr'>[Ediﬁcabitur</span> <span class='ocrx_word' id='word_1_507' title='bbox 2921 1576 3118 1628; x_wconf 89' lang='lat' dir='ltr'>autem</span> <span class='ocrx_word' id='word_1_508' title='bbox 3163 1573 3222 1628; x_wconf 91' lang='lat' dir='ltr'>in</span> <span class='ocrx_word' id='word_1_509' title='bbox 3273 1574 3503 1630; x_wconf 89' lang='lat' dir='ltr'>nomine</span> <span class='ocrx_word' id='word_1_510' title='bbox 3544 1574 3762 1631; x_wconf 88' lang='lat' dir='ltr'>Domini.</span> 
     </span>
    </p>
   </div>
   <div class='ocr_carea' id='block_1_75' title="bbox 2165 1659 3767 1735">
    <p class='ocr_par' dir='ltr' id='par_1_75' title="bbox 2165 1659 3767 1735">
     <span class='ocr_line' id='line_1_77' title="bbox 2165 1659 3767 1735; baseline 0.004 -22"><span class='ocrx_word' id='word_1_511' title='bbox 2165 1659 2548 1726; x_wconf 89' lang='lat' dir='ltr'>Attendite,ut</span> <span class='ocrx_word' id='word_1_512' title='bbox 2575 1659 2862 1733; x_wconf 89' lang='lat' dir='ltr'>templum</span> <span class='ocrx_word' id='word_1_513' title='bbox 2892 1660 3126 1717; x_wconf 91' lang='lat' dir='ltr'>Domini</span> <span class='ocrx_word' id='word_1_514' title='bbox 3154 1662 3461 1735; x_wconf 86' lang='lat' dir='ltr'>magniﬁce</span> <span class='ocrx_word' id='word_1_515' title='bbox 3488 1664 3767 1719; x_wconf 55' lang='lat' dir='ltr'>aediﬁcetur</span> 
     </span>
    </p>
   </div>
   <div class='ocr_carea' id='block_1_76' title="bbox 2167 1748 3764 1825">
    <p class='ocr_par' dir='ltr' id='par_1_76' title="bbox 2167 1748 3764 1825">
     <span class='ocr_line' id='line_1_78' title="bbox 2167 1748 3764 1825; baseline 0.004 -23"><span class='ocrx_word' id='word_1_516' title='bbox 2167 1748 2467 1812; x_wconf 88' lang='lat' dir='ltr'>Quomodo</span> <span class='ocrx_word' id='word_1_517' title='bbox 2479 1749 2506 1803; x_wconf 84' lang='lat'>‘?</span> <span class='ocrx_word' id='word_1_518' title='bbox 2522 1748 2728 1804; x_wconf 90' lang='lat' dir='ltr'>discite</span> <span class='ocrx_word' id='word_1_519' title='bbox 2746 1764 2760 1803; x_wconf 87' lang='lat'><strong>:</strong></span> <span class='ocrx_word' id='word_1_520' title='bbox 2786 1754 3024 1821; x_wconf 89' lang='lat' dir='ltr'>accepta</span> <span class='ocrx_word' id='word_1_521' title='bbox 3048 1751 3391 1807; x_wconf 89' lang='lat' dir='ltr'>remissione</span> <span class='ocrx_word' id='word_1_522' title='bbox 3408 1756 3764 1825; x_wconf 86' lang='lat' dir='ltr'>peccatorum,</span> 
     </span>
    </p>
   </div>
   <div class='ocr_carea' id='block_1_77' title="bbox 2167 1836 3763 1910">
    <p class='ocr_par' dir='ltr' id='par_1_77' title="bbox 2167 1836 3763 1910">
     <span class='ocr_line' id='line_1_79' title="bbox 2167 1836 3763 1910; baseline 0.003 -19"><span class='ocrx_word' id='word_1_523' title='bbox 2167 1840 2224 1891; x_wconf 89' lang='lat' dir='ltr'>et</span> <span class='ocrx_word' id='word_1_524' title='bbox 2254 1852 2356 1909; x_wconf 93' lang='lat' dir='ltr'>spe</span> <span class='ocrx_word' id='word_1_525' title='bbox 2386 1836 2587 1892; x_wconf 92' lang='lat' dir='ltr'>habita</span> <span class='ocrx_word' id='word_1_526' title='bbox 2614 1837 2676 1892; x_wconf 92' lang='lat' dir='ltr'>in</span> <span class='ocrx_word' id='word_1_527' title='bbox 2707 1838 3203 1906; x_wconf 86' lang='lat' dir='ltr'>nomenDomini,</span> <span class='ocrx_word' id='word_1_528' title='bbox 3242 1841 3378 1896; x_wconf 87' lang='lat' dir='ltr'>facti</span> <span class='ocrx_word' id='word_1_529' title='bbox 3409 1858 3606 1896; x_wconf 91' lang='lat' dir='ltr'>sumus</span> <span class='ocrx_word' id='word_1_530' title='bbox 3634 1841 3763 1910; x_wconf 85' lang='lat' dir='ltr'>novi,</span> 
     </span>
    </p>
   </div>
   <div class='ocr_carea' id='block_1_78' title="bbox 2165 1924 3765 1999">
    <p class='ocr_par' dir='ltr' id='par_1_78' title="bbox 2165 1924 3765 1999">
     <span class='ocr_line' id='line_1_80' title="bbox 2165 1924 3765 1999; baseline 0.003 -20"><span class='ocrx_word' id='word_1_531' title='bbox 2165 1924 2375 1980; x_wconf 89' lang='lat' dir='ltr'>iterum</span> <span class='ocrx_word' id='word_1_532' title='bbox 2394 1926 2464 1981; x_wconf 91' lang='lat' dir='ltr'>ab</span> <span class='ocrx_word' id='word_1_533' title='bbox 2483 1926 2708 1998; x_wconf 88' lang='lat' dir='ltr'>integro</span> <span class='ocrx_word' id='word_1_534' title='bbox 2739 1927 2914 1982; x_wconf 90' lang='lat' dir='ltr'>creati</span> <span class='ocrx_word' id='word_1_535' title='bbox 2950 1946 2962 1983; x_wconf 93' lang='lat'>:</span> <span class='ocrx_word' id='word_1_536' title='bbox 2996 1944 3176 1999; x_wconf 92' lang='lat' dir='ltr'>quare</span> <span class='ocrx_word' id='word_1_537' title='bbox 3197 1928 3256 1983; x_wconf 92' lang='lat' dir='ltr'>in</span> <span class='ocrx_word' id='word_1_538' title='bbox 3279 1928 3565 1985; x_wconf 92' lang='lat' dir='ltr'>domicilio</span> <span class='ocrx_word' id='word_1_539' title='bbox 3595 1932 3765 1985; x_wconf 87' lang='lat' dir='ltr'>nostro</span> 
     </span>
    </p>
   </div>
   <div class='ocr_carea' id='block_1_79' title="bbox 2162 2014 3767 2083">
    <p class='ocr_par' dir='ltr' id='par_1_79' title="bbox 2162 2014 3767 2083">
     <span class='ocr_line' id='line_1_81' title="bbox 2162 2014 3767 2083; baseline 0.002 -16"><span class='ocrx_word' id='word_1_540' title='bbox 2162 2028 2293 2069; x_wconf 87' lang='lat' dir='ltr'>vere</span> <span class='ocrx_word' id='word_1_541' title='bbox 2333 2014 2486 2070; x_wconf 90' lang='lat' dir='ltr'>Deus</span> <span class='ocrx_word' id='word_1_542' title='bbox 2535 2014 2767 2083; x_wconf 87' lang='lat' dir='ltr'>existit;</span> <span class='ocrx_word' id='word_1_543' title='bbox 2820 2016 3049 2072; x_wconf 88' lang='lat' dir='ltr'>habitat</span> <span class='ocrx_word' id='word_1_544' title='bbox 3097 2017 3158 2072; x_wconf 90' lang='lat' dir='ltr'>in</span> <span class='ocrx_word' id='word_1_545' title='bbox 3210 2016 3408 2083; x_wconf 89' lang='lat' dir='ltr'>nobis,</span> <span class='ocrx_word' id='word_1_546' title='bbox 3456 2017 3767 2082; x_wconf 81' lang='lat' dir='ltr'>Quomodo?</span> 
     </span>
    </p>
   </div>
   <div class='ocr_carea' id='block_1_80' title="bbox 2165 2102 3764 2178">
    <p class='ocr_par' dir='ltr' id='par_1_80' title="bbox 2165 2102 3764 2178">
     <span class='ocr_line' id='line_1_82' title="bbox 2165 2102 3764 2178; baseline 0.006 -25"><span class='ocrx_word' id='word_1_547' title='bbox 2165 2103 2403 2157; x_wconf 78' lang='lat' dir='ltr'>verbum</span> <span class='ocrx_word' id='word_1_548' title='bbox 2436 2105 2564 2174; x_wconf 88' lang='lat' dir='ltr'>ejus</span> <span class='ocrx_word' id='word_1_549' title='bbox 2593 2102 2749 2174; x_wconf 87' lang='lat' dir='ltr'>fidei,</span> <span class='ocrx_word' id='word_1_550' title='bbox 2782 2106 3002 2160; x_wconf 91' lang='lat' dir='ltr'>vocatio</span> <span class='ocrx_word' id='word_1_551' title='bbox 3052 2106 3181 2175; x_wconf 89' lang='lat' dir='ltr'>ejus</span> <span class='ocrx_word' id='word_1_552' title='bbox 3226 2105 3641 2178; x_wconf 91' lang='lat' dir='ltr'>promissionis,</span> <span class='ocrx_word' id='word_1_553' title='bbox 3688 2123 3764 2162; x_wconf 88' lang='lat' dir='ltr'>sa-</span> 
     </span>
    </p>
   </div>
   <div class='ocr_carea' id='block_1_81' title="bbox 2164 2191 3764 2266">
    <p class='ocr_par' dir='ltr' id='par_1_81' title="bbox 2164 2191 3764 2266">
     <span class='ocr_line' id='line_1_83' title="bbox 2164 2191 3764 2266; baseline 0.003 -23"><span class='ocrx_word' id='word_1_554' title='bbox 2164 2191 3204 2263; x_wconf 85' lang='lat' dir='ltr'>pientiajustificationum,mandata</span> <span class='ocrx_word' id='word_1_555' title='bbox 3237 2195 3511 2249; x_wconf 68' lang='lat' dir='ltr'>doctrinis</span> <span class='ocrx_word' id='word_1_556' title='bbox 3545 2212 3558 2249; x_wconf 85' lang='lat'>:</span> <span class='ocrx_word' id='word_1_557' title='bbox 3591 2194 3700 2266; x_wconf 89' lang='lat' dir='ltr'>ipse</span> <span class='ocrx_word' id='word_1_558' title='bbox 3718 2196 3764 2249; x_wconf 84' lang='lat' dir='ltr'>ia</span> 
     </span>
    </p>
   </div>
   <div class='ocr_carea' id='block_1_82' title="bbox 2163 2280 3769 2353">
    <p class='ocr_par' dir='ltr' id='par_1_82' title="bbox 2163 2280 3769 2353">
     <span class='ocr_line' id='line_1_84' title="bbox 2163 2280 3769 2353; baseline 0.002 -20"><span class='ocrx_word' id='word_1_559' title='bbox 2163 2280 2331 2335; x_wconf 87' lang='lat' dir='ltr'>nobis</span> <span class='ocrx_word' id='word_1_560' title='bbox 2389 2280 2732 2351; x_wconf 85' lang='lat' dir='ltr'>prophetat;</span> <span class='ocrx_word' id='word_1_561' title='bbox 2764 2280 2889 2353; x_wconf 93' lang='lat' dir='ltr'>ipse</span> <span class='ocrx_word' id='word_1_562' title='bbox 2939 2283 2998 2335; x_wconf 93' lang='lat' dir='ltr'>in</span> <span class='ocrx_word' id='word_1_563' title='bbox 3050 2282 3218 2337; x_wconf 92' lang='lat' dir='ltr'>nobis</span> <span class='ocrx_word' id='word_1_564' title='bbox 3270 2282 3590 2350; x_wconf 84' lang='lat' dir='ltr'>inhabitat;</span> <span class='ocrx_word' id='word_1_565' title='bbox 3623 2281 3769 2338; x_wconf 84' lang='lat' dir='ltr'>morti</span> 
     </span>
    </p>
   </div>
   <div class='ocr_carea' id='block_1_83' title="bbox 2162 2368 3767 2442">
    <p class='ocr_par' dir='ltr' id='par_1_83' title="bbox 2162 2368 3767 2442">
     <span class='ocr_line' id='line_1_85' title="bbox 2162 2368 3767 2442; baseline 0.002 -19"><span class='ocrx_word' id='word_1_566' title='bbox 2162 2368 2408 2423; x_wconf 81' lang='lat' dir='ltr'>addictis</span> <span class='ocrx_word' id='word_1_567' title='bbox 2441 2369 2610 2425; x_wconf 91' lang='lat' dir='ltr'>nobis</span> <span class='ocrx_word' id='word_1_568' title='bbox 2641 2370 2825 2441; x_wconf 91' lang='lat' dir='ltr'>aperit</span> <span class='ocrx_word' id='word_1_569' title='bbox 2856 2371 3005 2426; x_wconf 90' lang='lat' dir='ltr'>fores</span> <span class='ocrx_word' id='word_1_570' title='bbox 3040 2371 3261 2442; x_wconf 90' lang='lat' dir='ltr'>templi,</span> <span class='ocrx_word' id='word_1_571' title='bbox 3297 2370 3355 2426; x_wconf 91' lang='lat' dir='ltr'>id</span> <span class='ocrx_word' id='word_1_572' title='bbox 3387 2377 3473 2427; x_wconf 91' lang='lat' dir='ltr'>est</span> <span class='ocrx_word' id='word_1_573' title='bbox 3502 2389 3594 2439; x_wconf 89' lang='lat' dir='ltr'>os;</span> <span class='ocrx_word' id='word_1_574' title='bbox 3625 2372 3767 2427; x_wconf 86' lang='lat' dir='ltr'>nobis</span> 
     </span>
    </p>
   </div>
   <div class='ocr_carea' id='block_1_84' title="bbox 2162 2457 3766 2531">
    <p class='ocr_par' dir='ltr' id='par_1_84' title="bbox 2162 2457 3766 2531">
     <span class='ocr_line' id='line_1_86' title="bbox 2162 2457 3766 2531; baseline 0.002 -20"><span class='ocrx_word' id='word_1_575' title='bbox 2162 2457 2262 2511; x_wconf 88' lang='lat' dir='ltr'>dat</span> <span class='ocrx_word' id='word_1_576' title='bbox 2290 2457 2711 2529; x_wconf 70' lang='lat' dir='ltr'>paenitentiam,</span> <span class='ocrx_word' id='word_1_577' title='bbox 2736 2458 2935 2530; x_wconf 91' lang='lat' dir='ltr'>sicque</span> <span class='ocrx_word' id='word_1_578' title='bbox 2963 2459 3287 2515; x_wconf 87' lang='lat' dir='ltr'>introduxit</span> <span class='ocrx_word' id='word_1_579' title='bbox 3317 2460 3375 2515; x_wconf 87' lang='lat' dir='ltr'>iu</span> <span class='ocrx_word' id='word_1_580' title='bbox 3400 2460 3666 2531; x_wconf 85' lang='lat' dir='ltr'>templum</span> <span class='ocrx_word' id='word_1_581' title='bbox 3692 2458 3766 2514; x_wconf 90' lang='lat' dir='ltr'>in-</span> 
     </span>
    </p>
   </div>
   <div class='ocr_carea' id='block_1_85' title="bbox 2162 2549 2584 2617">
    <p class='ocr_par' dir='ltr' id='par_1_85' title="bbox 2162 2549 2584 2617">
     <span class='ocr_line' id='line_1_87' title="bbox 2162 2549 2584 2617; baseline -0.009 -18"><span class='ocrx_word' id='word_1_582' title='bbox 2162 2549 2523 2617; x_wconf 89' lang='lat' dir='ltr'>corruptum.</span> <span class='ocrx_word' id='word_1_583' title='bbox 2556 2568 2584 2595; x_wconf 88' lang='grc'><strong>››</strong></span> 
     </span>
    </p>
   </div>
   <div class='ocr_carea' id='block_1_86' title="bbox 2232 2633 3763 2708">
    <p class='ocr_par' dir='ltr' id='par_1_86' title="bbox 2232 2633 3763 2708">
     <span class='ocr_line' id='line_1_88' title="bbox 2232 2633 3763 2708; baseline 0.001 -20"><span class='ocrx_word' id='word_1_584' title='bbox 2232 2633 2312 2688; x_wconf 92' lang='lat' dir='ltr'>De</span> <span class='ocrx_word' id='word_1_585' title='bbox 2341 2633 2705 2689; x_wconf 90' lang='lat' dir='ltr'>confessione</span> <span class='ocrx_word' id='word_1_586' title='bbox 2736 2638 2929 2690; x_wconf 91' lang='lat' dir='ltr'>autem</span> <span class='ocrx_word' id='word_1_587' title='bbox 2961 2634 3054 2689; x_wconf 92' lang='lat' dir='ltr'>hic</span> <span class='ocrx_word' id='word_1_588' title='bbox 3085 2640 3293 2691; x_wconf 87' lang='lat' dir='ltr'>auctor</span> <span class='ocrx_word' id='word_1_589' title='bbox 3335 2651 3613 2708; x_wconf 86' lang='lat' dir='ltr'>exponens</span> <span class='ocrx_word' id='word_1_590' title='bbox 3640 2651 3763 2707; x_wconf 64' lang='lat' dir='ltr'>prie-</span> 
     </span>
    </p>
   </div>
   <div class='ocr_carea' id='block_1_87' title="bbox 2161 2719 3763 2795">
    <p class='ocr_par' dir='ltr' id='par_1_87' title="bbox 2161 2719 3763 2795">
     <span class='ocr_line' id='line_1_89' title="bbox 2161 2719 3763 2795; baseline 0.001 -19"><span class='ocrx_word' id='word_1_591' title='bbox 2161 2725 2329 2793; x_wconf 89' lang='lat' dir='ltr'>cepta</span> <span class='ocrx_word' id='word_1_592' title='bbox 2356 2719 2481 2776; x_wconf 73' lang='lat' dir='ltr'>VittB</span> <span class='ocrx_word' id='word_1_593' title='bbox 2516 2720 2779 2791; x_wconf 89' lang='lat' dir='ltr'>moralia,</span> <span class='ocrx_word' id='word_1_594' title='bbox 2814 2726 2871 2777; x_wconf 88' lang='lat' dir='ltr'>et</span> <span class='ocrx_word' id='word_1_595' title='bbox 2896 2722 3075 2778; x_wconf 91' lang='lat' dir='ltr'>vitam</span> <span class='ocrx_word' id='word_1_596' title='bbox 3108 2722 3280 2791; x_wconf 89' lang='lat' dir='ltr'>lucis,</span> <span class='ocrx_word' id='word_1_597' title='bbox 3317 2723 3399 2779; x_wconf 89' lang='lat' dir='ltr'>sic</span> <span class='ocrx_word' id='word_1_598' title='bbox 3430 2724 3511 2779; x_wconf 90' lang='lat' dir='ltr'>ait</span> <span class='ocrx_word' id='word_1_599' title='bbox 3535 2727 3655 2795; x_wconf 89' lang='lat' dir='ltr'>post</span> <span class='ocrx_word' id='word_1_600' title='bbox 3671 2739 3763 2778; x_wconf 72' lang='lat' dir='ltr'>caa-</span> 
     </span>
    </p>
   </div>
   <div class='ocr_carea' id='block_1_88' title="bbox 2160 2810 3759 2882">
    <p class='ocr_par' dir='ltr' id='par_1_88' title="bbox 2160 2810 3759 2882">
     <span class='ocr_line' id='line_1_90' title="bbox 2160 2810 3759 2882; baseline 0 -18"><span class='ocrx_word' id='word_1_601' title='bbox 2160 2813 2283 2864; x_wconf 88' lang='lat' dir='ltr'>tera</span> <span class='ocrx_word' id='word_1_602' title='bbox 2314 2827 2329 2863; x_wconf 92' lang='lat'><strong>:</strong></span> <span class='ocrx_word' id='word_1_603' title='bbox 2363 2831 2391 2859; x_wconf 82' lang='lat'><strong><em>«</em></strong></span> <span class='ocrx_word' id='word_1_604' title='bbox 2422 2810 2802 2865; x_wconf 91' lang='lat' dir='ltr'>Conﬁteberis</span> <span class='ocrx_word' id='word_1_605' title='bbox 2852 2815 3087 2882; x_wconf 87' lang='lat' dir='ltr'>peccata</span> <span class='ocrx_word' id='word_1_606' title='bbox 3113 2815 3214 2866; x_wconf 91' lang='lat' dir='ltr'>tua</span> <span class='ocrx_word' id='word_1_607' title='bbox 3240 2854 3253 2879; x_wconf 93' lang='lat'>,</span> <span class='ocrx_word' id='word_1_608' title='bbox 3291 2828 3407 2868; x_wconf 91' lang='lat' dir='ltr'>non</span> <span class='ocrx_word' id='word_1_609' title='bbox 3453 2812 3673 2867; x_wconf 89' lang='lat' dir='ltr'>accedes</span> <span class='ocrx_word' id='word_1_610' title='bbox 3700 2810 3759 2865; x_wconf 88' lang='lat' dir='ltr'>ad</span> 
     </span>
    </p>
   </div>
   <div class='ocr_carea' id='block_1_89' title="bbox 2161 2897 3563 2971">
    <p class='ocr_par' dir='ltr' id='par_1_89' title="bbox 2161 2897 3563 2971">
     <span class='ocr_line' id='line_1_91' title="bbox 2161 2897 3563 2971; baseline -0.003 -18"><span class='ocrx_word' id='word_1_611' title='bbox 2161 2897 2479 2953; x_wconf 88' lang='lat' dir='ltr'>orationem</span> <span class='ocrx_word' id='word_1_612' title='bbox 2514 2901 2677 2952; x_wconf 90' lang='lat' dir='ltr'>tuam</span> <span class='ocrx_word' id='word_1_613' title='bbox 2710 2897 2768 2953; x_wconf 91' lang='lat' dir='ltr'>in</span> <span class='ocrx_word' id='word_1_614' title='bbox 2800 2899 3157 2954; x_wconf 90' lang='lat' dir='ltr'>conscientia</span> <span class='ocrx_word' id='word_1_615' title='bbox 3186 2898 3345 2954; x_wconf 88' lang='lat' dir='ltr'>mala</span> <span class='ocrx_word' id='word_1_616' title='bbox 3374 2900 3503 2971; x_wconf 89' lang='grc'>(31).</span> <span class='ocrx_word' id='word_1_617' title='bbox 3538 2922 3563 2949; x_wconf 78' lang='lat' dir='ltr'>n</span> 
     </span>
    </p>
   </div>
   <div class='ocr_carea' id='block_1_90' title="bbox 2230 3004 3763 3078">
    <p class='ocr_par' dir='ltr' id='par_1_90' title="bbox 2230 3004 3763 3078">
     <span class='ocr_line' id='line_1_92' title="bbox 2230 3004 3763 3078; baseline 0.001 -19"><span class='ocrx_word' id='word_1_618' title='bbox 2230 3004 2535 3059; x_wconf 89' lang='lat' dir='ltr'>Disserens</span> <span class='ocrx_word' id='word_1_619' title='bbox 2566 3008 2762 3059; x_wconf 84' lang='lat' dir='ltr'>noster</span> <span class='ocrx_word' id='word_1_620' title='bbox 2780 3008 2982 3060; x_wconf 91' lang='lat' dir='ltr'>auctor</span> <span class='ocrx_word' id='word_1_621' title='bbox 3006 3005 3076 3060; x_wconf 92' lang='lat' dir='ltr'>de</span> <span class='ocrx_word' id='word_1_622' title='bbox 3097 3005 3332 3061; x_wconf 91' lang='lat' dir='ltr'>duabus</span> <span class='ocrx_word' id='word_1_623' title='bbox 3361 3005 3469 3061; x_wconf 91' lang='lat' dir='ltr'>viis</span> <span class='ocrx_word' id='word_1_624' title='bbox 3490 3005 3763 3078; x_wconf 85' lang='lat' dir='ltr'>oppositis,</span> 
     </span>
    </p>
   </div>
   <div class='ocr_carea' id='block_1_91' title="bbox 2158 3091 3763 3165">
    <p class='ocr_par' dir='ltr' id='par_1_91' title="bbox 2158 3091 3763 3165">
     <span class='ocr_line' id='line_1_93' title="bbox 2158 3091 3763 3165; baseline 0.001 -19"><span class='ocrx_word' id='word_1_625' title='bbox 2158 3091 2306 3146; x_wconf 91' lang='lat' dir='ltr'>lucis</span> <span class='ocrx_word' id='word_1_626' title='bbox 2336 3096 2393 3147; x_wconf 93' lang='lat' dir='ltr'>et</span> <span class='ocrx_word' id='word_1_627' title='bbox 2423 3092 2813 3161; x_wconf 89' lang='lat' dir='ltr'>tenebrarum,</span> <span class='ocrx_word' id='word_1_628' title='bbox 2849 3092 2974 3147; x_wconf 91' lang='lat' dir='ltr'>dari</span> <span class='ocrx_word' id='word_1_629' title='bbox 3006 3094 3090 3148; x_wconf 91' lang='lat' dir='ltr'>ait</span> <span class='ocrx_word' id='word_1_630' title='bbox 3113 3093 3358 3165; x_wconf 87' lang='lat' dir='ltr'>angelos</span> <span class='ocrx_word' id='word_1_631' title='bbox 3390 3095 3763 3160; x_wconf 87' lang='lat' dir='ltr'>bonos,etma-</span> 
     </span>
    </p>
   </div>
   <div class='ocr_carea' id='block_1_92' title="bbox 2161 3180 3767 3253">
    <p class='ocr_par' dir='ltr' id='par_1_92' title="bbox 2161 3180 3767 3253">
     <span class='ocr_line' id='line_1_94' title="bbox 2161 3180 3767 3253; baseline 0.001 -19"><span class='ocrx_word' id='word_1_632' title='bbox 2161 3180 2246 3236; x_wconf 91' lang='lat' dir='ltr'>los</span> <span class='ocrx_word' id='word_1_633' title='bbox 2283 3198 2294 3234; x_wconf 95' lang='lat'>:</span> <span class='ocrx_word' id='word_1_634' title='bbox 2331 3197 2577 3252; x_wconf 89' lang='lat' dir='ltr'>quorum</span> <span class='ocrx_word' id='word_1_635' title='bbox 2607 3180 2802 3251; x_wconf 89' lang='lat' dir='ltr'>primi,</span> <span class='ocrx_word' id='word_1_636' title='bbox 2833 3181 2933 3252; x_wconf 90' lang='lat' dir='ltr'>qui</span> <span class='ocrx_word' id='word_1_637' title='bbox 2964 3186 3104 3236; x_wconf 89' lang='lat' dir='ltr'>sunt</span> <span class='ocrx_word' id='word_1_638' title='bbox 3134 3182 3304 3238; x_wconf 92' lang='lat' dir='ltr'>missi</span> <span class='ocrx_word' id='word_1_639' title='bbox 3336 3200 3369 3238; x_wconf 93' lang='lat' dir='ltr'>a</span> <span class='ocrx_word' id='word_1_640' title='bbox 3399 3184 3535 3253; x_wconf 86' lang='lat' dir='ltr'>Deo,</span> <span class='ocrx_word' id='word_1_641' title='bbox 3571 3182 3767 3237; x_wconf 88' lang='lat' dir='ltr'>ducunt</span> 
     </span>
    </p>
   </div>
   <div class='ocr_carea' id='block_1_93' title="bbox 2160 3268 3769 3341">
    <p class='ocr_par' dir='ltr' id='par_1_93' title="bbox 2160 3268 3769 3341">
     <span class='ocr_line' id='line_1_95' title="bbox 2160 3268 3769 3341; baseline 0 -17"><span class='ocrx_word' id='word_1_642' title='bbox 2160 3286 2265 3325; x_wconf 88' lang='lat' dir='ltr'>nos</span> <span class='ocrx_word' id='word_1_643' title='bbox 2301 3286 2401 3341; x_wconf 91' lang='lat' dir='ltr'>per</span> <span class='ocrx_word' id='word_1_644' title='bbox 2430 3269 2550 3323; x_wconf 90' lang='lat' dir='ltr'>vias</span> <span class='ocrx_word' id='word_1_645' title='bbox 2582 3268 2729 3325; x_wconf 91' lang='lat' dir='ltr'>lucis</span> <span class='ocrx_word' id='word_1_646' title='bbox 2761 3288 2774 3337; x_wconf 86' lang='lat'><strong>;</strong></span> <span class='ocrx_word' id='word_1_647' title='bbox 2811 3269 2909 3324; x_wconf 92' lang='lat' dir='ltr'>alii</span> <span class='ocrx_word' id='word_1_648' title='bbox 2947 3271 3216 3341; x_wconf 85' lang='lat' dir='ltr'>vero,qui</span> <span class='ocrx_word' id='word_1_649' title='bbox 3250 3276 3393 3326; x_wconf 91' lang='lat' dir='ltr'>sunt</span> <span class='ocrx_word' id='word_1_650' title='bbox 3423 3270 3660 3327; x_wconf 89' lang='lat' dir='ltr'>ministri</span> <span class='ocrx_word' id='word_1_651' title='bbox 3679 3275 3769 3324; x_wconf 90' lang='lat' dir='ltr'>Sa—</span> 
     </span>
    </p>
   </div>
   <div class='ocr_carea' id='block_1_94' title="bbox 2158 3358 3763 3431">
    <p class='ocr_par' dir='ltr' id='par_1_94' title="bbox 2158 3358 3763 3431">
     <span class='ocr_line' id='line_1_96' title="bbox 2158 3358 3763 3431; baseline -0.001 -19"><span class='ocrx_word' id='word_1_652' title='bbox 2158 3361 2329 3423; x_wconf 66' lang='lat' dir='ltr'>tanm,</span> <span class='ocrx_word' id='word_1_653' title='bbox 2373 3362 2633 3428; x_wconf 64' lang='lat' dir='ltr'>praesunt</span> <span class='ocrx_word' id='word_1_654' title='bbox 2677 3358 2780 3413; x_wconf 66' lang='lat' dir='ltr'>vite</span> <span class='ocrx_word' id='word_1_655' title='bbox 2827 3359 3199 3415; x_wconf 90' lang='lat' dir='ltr'>tenebrarum</span> <span class='ocrx_word' id='word_1_656' title='bbox 3234 3377 3249 3415; x_wconf 94' lang='lat'>:</span> <span class='ocrx_word' id='word_1_657' title='bbox 3288 3382 3317 3409; x_wconf 88' lang='grc'>‹‹</span> <span class='ocrx_word' id='word_1_658' title='bbox 3349 3359 3457 3415; x_wconf 91' lang='lat' dir='ltr'>Uni</span> <span class='ocrx_word' id='word_1_659' title='bbox 3503 3358 3763 3431; x_wconf 88' lang='lat' dir='ltr'>siquidem</span> 
     </span>
    </p>
   </div>
   <div class='ocr_carea' id='block_1_95' title="bbox 2159 3443 3767 3519">
    <p class='ocr_par' dir='ltr' id='par_1_95' title="bbox 2159 3443 3767 3519">
     <span class='ocr_line' id='line_1_97' title="bbox 2159 3443 3767 3519; baseline 0 -19"><span class='ocrx_word' id='word_1_660' title='bbox 2159 3446 2281 3516; x_wconf 83' lang='lat' dir='ltr'>(viae</span> <span class='ocrx_word' id='word_1_661' title='bbox 2328 3445 2498 3516; x_wconf 87' lang='lat' dir='ltr'>lucis)</span> <span class='ocrx_word' id='word_1_662' title='bbox 2539 3446 2832 3517; x_wconf 68' lang='lat' dir='ltr'>praepositi</span> <span class='ocrx_word' id='word_1_663' title='bbox 2863 3450 3002 3501; x_wconf 89' lang='lat' dir='ltr'>sunt</span> <span class='ocrx_word' id='word_1_664' title='bbox 3029 3446 3177 3503; x_wconf 91' lang='lat' dir='ltr'>lucis</span> <span class='ocrx_word' id='word_1_665' title='bbox 3217 3447 3554 3516; x_wconf 89' lang='lat' dir='ltr'>consiliarii,</span> <span class='ocrx_word' id='word_1_666' title='bbox 3601 3443 3767 3519; x_wconf 82' lang='lat' dir='ltr'>angeli</span> 
     </span>
    </p>
   </div>
   <div class='ocr_carea' id='block_1_96' title="bbox 2158 3532 3766 3607">
    <p class='ocr_par' dir='ltr' id='par_1_96' title="bbox 2158 3532 3766 3607">
     <span class='ocr_line' id='line_1_98' title="bbox 2158 3532 3766 3607; baseline -0.001 -18"><span class='ocrx_word' id='word_1_667' title='bbox 2158 3534 2296 3589; x_wconf 91' lang='lat' dir='ltr'>Dei:</span> <span class='ocrx_word' id='word_1_668' title='bbox 2330 3532 2495 3588; x_wconf 89' lang='lat' dir='ltr'>alteri</span> <span class='ocrx_word' id='word_1_669' title='bbox 2537 3549 2671 3589; x_wconf 85' lang='lat' dir='ltr'>vero</span> <span class='ocrx_word' id='word_1_670' title='bbox 2718 3535 3109 3601; x_wconf 90' lang='lat' dir='ltr'>(tenebrarum</span> <span class='ocrx_word' id='word_1_671' title='bbox 3154 3534 3285 3607; x_wconf 65' lang='lat' dir='ltr'>viae)</span> <span class='ocrx_word' id='word_1_672' title='bbox 3338 3537 3529 3607; x_wconf 85' lang='lat' dir='ltr'>angeli</span> <span class='ocrx_word' id='word_1_673' title='bbox 3572 3535 3766 3591; x_wconf 69' lang='lat' dir='ltr'>Satanas</span> 
     </span>
    </p>
   </div>
   <div class='ocr_carea' id='block_1_97' title="bbox 2159 3621 3767 3694">
    <p class='ocr_par' dir='ltr' id='par_1_97' title="bbox 2159 3621 3767 3694">
     <span class='ocr_line' id='line_1_99' title="bbox 2159 3621 3767 3694; baseline 0.001 -19"><span class='ocrx_word' id='word_1_674' title='bbox 2159 3623 2304 3694; x_wconf 80' lang='lat'>(32);</span> <span class='ocrx_word' id='word_1_675' title='bbox 2343 3644 2371 3671; x_wconf 85' lang='lat'><strong>»</strong></span> <span class='ocrx_word' id='word_1_676' title='bbox 2403 3621 2565 3678; x_wconf 92' lang='lat' dir='ltr'>locus</span> <span class='ocrx_word' id='word_1_677' title='bbox 2595 3622 2690 3677; x_wconf 94' lang='lat' dir='ltr'>hic</span> <span class='ocrx_word' id='word_1_678' title='bbox 2713 3621 2872 3678; x_wconf 91' lang='lat' dir='ltr'>velut</span> <span class='ocrx_word' id='word_1_679' title='bbox 2892 3623 3199 3679; x_wconf 91' lang='lat' dir='ltr'>indubium</span> <span class='ocrx_word' id='word_1_680' title='bbox 3226 3624 3365 3681; x_wconf 89' lang='lat' dir='ltr'>ﬁdei</span> <span class='ocrx_word' id='word_1_681' title='bbox 3398 3622 3767 3681; x_wconf 87' lang='lat' dir='ltr'>testimonium</span> 
     </span>
    </p>
   </div>
   <div class='ocr_carea' id='block_1_98' title="bbox 2158 3709 3767 3783">
    <p class='ocr_par' dir='ltr' id='par_1_98' title="bbox 2158 3709 3767 3783">
     <span class='ocr_line' id='line_1_100' title="bbox 2158 3709 3767 3783; baseline 0 -18"><span class='ocrx_word' id='word_1_682' title='bbox 2158 3709 2492 3766; x_wconf 88' lang='lat' dir='ltr'>traditionis</span> <span class='ocrx_word' id='word_1_683' title='bbox 2523 3710 2677 3765; x_wconf 90' lang='lat' dir='ltr'>circa</span> <span class='ocrx_word' id='word_1_684' title='bbox 2705 3710 3047 3782; x_wconf 88' lang='lat' dir='ltr'>angelorum</span> <span class='ocrx_word' id='word_1_685' title='bbox 3094 3713 3432 3769; x_wconf 89' lang='lat' dir='ltr'>custodiam</span> <span class='ocrx_word' id='word_1_686' title='bbox 3462 3711 3667 3783; x_wconf 88' lang='lat' dir='ltr'>suscipi</span> <span class='ocrx_word' id='word_1_687' title='bbox 3685 3712 3767 3766; x_wconf 81' lang='lat' dir='ltr'>ds-</span> 
     </span>
    </p>
   </div>
   <div class='ocr_carea' id='block_1_99' title="bbox 2158 3798 3765 3871">
    <p class='ocr_par' dir='ltr' id='par_1_99' title="bbox 2158 3798 3765 3871">
     <span class='ocr_line' id='line_1_101' title="bbox 2158 3798 3765 3871; baseline 0 -18"><span class='ocrx_word' id='word_1_688' title='bbox 2158 3799 2271 3855; x_wconf 90' lang='lat' dir='ltr'>bet.</span> <span class='ocrx_word' id='word_1_689' title='bbox 2303 3798 2647 3855; x_wconf 91' lang='lat' dir='ltr'>Videbimus</span> <span class='ocrx_word' id='word_1_690' title='bbox 2678 3799 2830 3854; x_wconf 85' lang='lat' dir='ltr'>infra</span> <span class='ocrx_word' id='word_1_691' title='bbox 2860 3804 3068 3871; x_wconf 74' lang='lat' dir='ltr'>praeter</span> <span class='ocrx_word' id='word_1_692' title='bbox 3098 3804 3401 3857; x_wconf 88' lang='lat' dir='ltr'>auctorem</span> <span class='ocrx_word' id='word_1_693' title='bbox 3434 3801 3603 3871; x_wconf 91' lang='lat' dir='ltr'>hujus</span> <span class='ocrx_word' id='word_1_694' title='bbox 3625 3799 3765 3871; x_wconf 86' lang='lat' dir='ltr'>Epis-</span> 
     </span>
    </p>
   </div>
   <div class='ocr_carea' id='block_1_100' title="bbox 2157 3886 3767 3958">
    <p class='ocr_par' dir='ltr' id='par_1_100' title="bbox 2157 3886 3767 3958">
     <span class='ocr_line' id='line_1_102' title="bbox 2157 3886 3767 3958; baseline -0.002 -16"><span class='ocrx_word' id='word_1_695' title='bbox 2157 3886 2307 3957; x_wconf 76' lang='lat' dir='ltr'>tolaa,</span> <span class='ocrx_word' id='word_1_696' title='bbox 2358 3886 2500 3942; x_wconf 90' lang='lat' dir='ltr'>alios</span> <span class='ocrx_word' id='word_1_697' title='bbox 2550 3886 2752 3942; x_wconf 91' lang='lat' dir='ltr'>haberi</span> <span class='ocrx_word' id='word_1_698' title='bbox 2791 3892 3010 3944; x_wconf 87' lang='lat' dir='ltr'>veteres</span> <span class='ocrx_word' id='word_1_699' title='bbox 3085 3887 3356 3945; x_wconf 74' lang='lat' dir='ltr'>Ecclesiae</span> <span class='ocrx_word' id='word_1_700' title='bbox 3428 3890 3629 3954; x_wconf 88' lang='lat' dir='ltr'>Patres,</span> <span class='ocrx_word' id='word_1_701' title='bbox 3683 3886 3767 3958; x_wconf 87' lang='lat' dir='ltr'>qui</span> 
     </span>
    </p>
   </div>
   <div class='ocr_carea' id='block_1_101' title="bbox 2156 3973 3768 4047">
    <p class='ocr_par' dir='ltr' id='par_1_101' title="bbox 2156 3973 3768 4047">
     <span class='ocr_line' id='line_1_103' title="bbox 2156 3973 3768 4047; baseline -0.001 -16"><span class='ocrx_word' id='word_1_702' title='bbox 2156 3975 2589 4031; x_wconf 90' lang='lat' dir='ltr'>distinctionem</span> <span class='ocrx_word' id='word_1_703' title='bbox 2626 3974 2779 4031; x_wconf 90' lang='lat' dir='ltr'>hanc</span> <span class='ocrx_word' id='word_1_704' title='bbox 2826 3980 3052 4047; x_wconf 90' lang='lat' dir='ltr'>ponunt</span> <span class='ocrx_word' id='word_1_705' title='bbox 3100 3977 3287 4033; x_wconf 91' lang='lat' dir='ltr'>bonos</span> <span class='ocrx_word' id='word_1_706' title='bbox 3339 3979 3492 4034; x_wconf 89' lang='lat' dir='ltr'>inter</span> <span class='ocrx_word' id='word_1_707' title='bbox 3530 3984 3584 4033; x_wconf 89' lang='lat' dir='ltr'>et</span> <span class='ocrx_word' id='word_1_708' title='bbox 3609 3973 3768 4032; x_wconf 82' lang='lat' dir='ltr'>malos</span> 
     </span>
    </p>
   </div>
   <div class='ocr_carea' id='block_1_102' title="bbox 2156 4062 3768 4138">
    <p class='ocr_par' dir='ltr' id='par_1_102' title="bbox 2156 4062 3768 4138">
     <span class='ocr_line' id='line_1_104' title="bbox 2156 4062 3768 4138; baseline -0.001 -19"><span class='ocrx_word' id='word_1_709' title='bbox 2156 4063 2413 4136; x_wconf 89' lang='lat' dir='ltr'>angelos,</span> <span class='ocrx_word' id='word_1_710' title='bbox 2446 4063 2645 4119; x_wconf 88' lang='lat' dir='ltr'>habito</span> <span class='ocrx_word' id='word_1_711' title='bbox 2676 4069 2942 4135; x_wconf 89' lang='lat' dir='ltr'>respectu</span> <span class='ocrx_word' id='word_1_712' title='bbox 2982 4066 3055 4120; x_wconf 91' lang='lat' dir='ltr'>ad</span> <span class='ocrx_word' id='word_1_713' title='bbox 3103 4066 3439 4123; x_wconf 88' lang='lat' dir='ltr'>custodiam</span> <span class='ocrx_word' id='word_1_714' title='bbox 3488 4080 3651 4138; x_wconf 89' lang='lat' dir='ltr'>quam</span> <span class='ocrx_word' id='word_1_715' title='bbox 3680 4062 3768 4117; x_wconf 84' lang='lat' dir='ltr'>ho-</span> 
     </span>
    </p>
   </div>
   <div class='ocr_carea' id='block_1_103' title="bbox 2156 4153 2746 4224">
    <p class='ocr_par' dir='ltr' id='par_1_103' title="bbox 2156 4153 2746 4224">
     <span class='ocr_line' id='line_1_105' title="bbox 2156 4153 2746 4224; baseline -0.002 -16"><span class='ocrx_word' id='word_1_716' title='bbox 2156 4153 2416 4209; x_wconf 84' lang='lat' dir='ltr'>minibus</span> <span class='ocrx_word' id='word_1_717' title='bbox 2450 4155 2746 4224; x_wconf 64' lang='lat' dir='ltr'>praestant.</span> 
     </span>
    </p>
   </div>
   <div class='ocr_carea' id='block_1_104' title="bbox 2223 4258 3767 4329">
    <p class='ocr_par' dir='ltr' id='par_1_104' title="bbox 2223 4258 3767 4329">
     <span class='ocr_line' id='line_1_106' title="bbox 2223 4258 3767 4329; baseline -0.001 -17"><span class='ocrx_word' id='word_1_718' title='bbox 2223 4261 2250 4327; x_wconf 90' lang='lat'>§</span> <span class='ocrx_word' id='word_1_719' title='bbox 2290 4258 2379 4313; x_wconf 90' lang='lat' dir='ltr'>IV.</span> <span class='ocrx_word' id='word_1_720' title='bbox 2434 4259 2507 4313; x_wconf 87' lang='lat' dir='ltr'>De</span> <span class='ocrx_word' id='word_1_721' title='bbox 2558 4259 2757 4313; x_wconf 73' lang='lat' dir='ltr'>Veteris</span> <span class='ocrx_word' id='word_1_722' title='bbox 2812 4260 3140 4314; x_wconf 77' lang='lat' dir='ltr'>Testamentz&#39;</span> <span class='ocrx_word' id='word_1_723' title='bbox 3185 4260 3567 4329; x_wconf 80' lang='lat' dir='ltr'>abrogatione,</span> <span class='ocrx_word' id='word_1_724' title='bbox 3609 4270 3767 4312; x_wconf 67' lang='lat' dir='ltr'>nete:-</span> 
     </span>
    </p>
   </div>
   <div class='ocr_carea' id='block_1_105' title="bbox 2152 4346 3765 4404">
    <p class='ocr_par' dir='ltr' id='par_1_105' title="bbox 2152 4346 3765 4404">
     <span class='ocr_line' id='line_1_107' title="bbox 2152 4346 3765 4404; baseline -0.002 -3"><span class='ocrx_word' id='word_1_725' title='bbox 2152 4349 2318 4402; x_wconf 80' lang='lat' dir='ltr'>sz’tate</span> <span class='ocrx_word' id='word_1_726' title='bbox 2346 4349 2405 4401; x_wconf 79' lang='lat' dir='ltr'>in</span> <span class='ocrx_word' id='word_1_727' title='bbox 2433 4347 2613 4402; x_wconf 76' lang='lat' dir='ltr'>Iesum</span> <span class='ocrx_word' id='word_1_728' title='bbox 2643 4346 2938 4403; x_wconf 76' lang='lat' dir='ltr'>Christum.</span> <span class='ocrx_word' id='word_1_729' title='bbox 2963 4378 3033 4387; x_wconf 96' lang='lat'><strong><em>—</em></strong></span> <span class='ocrx_word' id='word_1_730' title='bbox 3062 4347 3225 4403; x_wconf 90' lang='lat' dir='ltr'>Circa</span> <span class='ocrx_word' id='word_1_731' title='bbox 3254 4348 3437 4404; x_wconf 89' lang='lat' dir='ltr'>Vetus</span> <span class='ocrx_word' id='word_1_732' title='bbox 3460 4348 3765 4402; x_wconf 83' lang='lat' dir='ltr'>Testamen-</span> 
     </span>
    </p>
   </div>
   <div class='ocr_carea' id='block_1_106' title="bbox 2152 4433 3765 4505">
    <p class='ocr_par' dir='ltr' id='par_1_106' title="bbox 2152 4433 3765 4505">
     <span class='ocr_line' id='line_1_108' title="bbox 2152 4433 3765 4505; baseline -0.002 -17"><span class='ocrx_word' id='word_1_733' title='bbox 2152 4438 2279 4489; x_wconf 92' lang='lat' dir='ltr'>tum</span> <span class='ocrx_word' id='word_1_734' title='bbox 2309 4438 2513 4489; x_wconf 89' lang='lat' dir='ltr'>auctor</span> <span class='ocrx_word' id='word_1_735' title='bbox 2542 4433 2805 4505; x_wconf 70' lang='lat' dir='ltr'>Epistolaa</span> <span class='ocrx_word' id='word_1_736' title='bbox 2828 4435 3132 4490; x_wconf 89' lang='lat' dir='ltr'>ostendere</span> <span class='ocrx_word' id='word_1_737' title='bbox 3153 4440 3405 4490; x_wconf 90' lang='lat' dir='ltr'>conatur</span> <span class='ocrx_word' id='word_1_738' title='bbox 3426 4433 3765 4491; x_wconf 79' lang='lat' dir='ltr'>inutilitatem</span> 
     </span>
    </p>
   </div>
   <div class='ocr_carea' id='block_1_107' title="bbox 2153 4520 3765 4580">
    <p class='ocr_par' dir='ltr' id='par_1_107' title="bbox 2153 4520 3765 4580">
     <span class='ocr_line' id='line_1_109' title="bbox 2153 4520 3765 4580; baseline -0.004 -1"><span class='ocrx_word' id='word_1_739' title='bbox 2153 4527 2210 4579; x_wconf 91' lang='lat' dir='ltr'>et</span> <span class='ocrx_word' id='word_1_740' title='bbox 2236 4521 2707 4579; x_wconf 86' lang='lat' dir='ltr'>inefﬁcacitatem</span> <span class='ocrx_word' id='word_1_741' title='bbox 2738 4522 3162 4579; x_wconf 89' lang='lat' dir='ltr'>sacriﬁciorum</span> <span class='ocrx_word' id='word_1_742' title='bbox 3212 4528 3270 4579; x_wconf 91' lang='lat' dir='ltr'>et</span> <span class='ocrx_word' id='word_1_743' title='bbox 3319 4520 3765 4580; x_wconf 64' lang='lat' dir='ltr'>caremoniarum</span> 
     </span>
    </p>
   </div>
   <div class='ocr_carea' id='block_1_108' title="bbox 2074 4587 3767 4683">
    <p class='ocr_par' dir='ltr' id='par_1_108' title="bbox 2074 4587 3767 4683">
     <span class='ocr_line' id='line_1_110' title="bbox 2074 4587 3767 4683; baseline -0.002 -16"><span class='ocrx_word' id='word_1_744' title='bbox 2074 4587 2122 4650; x_wconf 82' lang='lat' dir='ltr'>D</span> <span class='ocrx_word' id='word_1_745' title='bbox 2152 4611 2359 4667; x_wconf 89' lang='lat' dir='ltr'>veteris</span> <span class='ocrx_word' id='word_1_746' title='bbox 2388 4611 2533 4683; x_wconf 89' lang='lat' dir='ltr'>legis</span> <span class='ocrx_word' id='word_1_747' title='bbox 2562 4636 2576 4679; x_wconf 85' lang='lat'><strong>;</strong></span> <span class='ocrx_word' id='word_1_748' title='bbox 2607 4611 3098 4683; x_wconf 91' lang='lat' dir='ltr'>docetque,Deum</span> <span class='ocrx_word' id='word_1_749' title='bbox 3129 4612 3332 4668; x_wconf 90' lang='lat' dir='ltr'>omnia</span> <span class='ocrx_word' id='word_1_750' title='bbox 3364 4613 3486 4668; x_wconf 65' lang='lat' dir='ltr'>haec</span> <span class='ocrx_word' id='word_1_751' title='bbox 3516 4609 3767 4682; x_wconf 80' lang='lat' dir='ltr'>repulisse</span> 
     </span>
    </p>
   </div>
   <div class='ocr_carea' id='block_1_109' title="bbox 2155 4699 3765 4769">
    <p class='ocr_par' dir='ltr' id='par_1_109' title="bbox 2155 4699 3765 4769">
     <span class='ocr_line' id='line_1_111' title="bbox 2155 4699 3765 4769; baseline -0.004 -14"><span class='ocrx_word' id='word_1_752' title='bbox 2155 4704 2217 4755; x_wconf 92' lang='lat' dir='ltr'>ut</span> <span class='ocrx_word' id='word_1_753' title='bbox 2238 4700 2427 4755; x_wconf 90' lang='lat' dir='ltr'>locum</span> <span class='ocrx_word' id='word_1_754' title='bbox 2457 4699 2698 4755; x_wconf 83' lang='lat' dir='ltr'>haberet</span> <span class='ocrx_word' id='word_1_755' title='bbox 2726 4699 2940 4755; x_wconf 90' lang='lat' dir='ltr'>oblatio</span> <span class='ocrx_word' id='word_1_756' title='bbox 2974 4700 3235 4756; x_wconf 91' lang='lat' dir='ltr'>humana</span> <span class='ocrx_word' id='word_1_757' title='bbox 3256 4704 3394 4757; x_wconf 91' lang='lat' dir='ltr'>Jesu</span> <span class='ocrx_word' id='word_1_758' title='bbox 3429 4699 3765 4769; x_wconf 72' lang='lat' dir='ltr'>Cbristi,quas</span> 
     </span>
    </p>
   </div>
   <div class='ocr_carea' id='block_1_110' title="bbox 2154 4789 3766 4861">
    <p class='ocr_par' dir='ltr' id='par_1_110' title="bbox 2154 4789 3766 4861">
     <span class='ocr_line' id='line_1_112' title="bbox 2154 4789 3766 4861; baseline -0.004 -17"><span class='ocrx_word' id='word_1_759' title='bbox 2154 4789 2519 4845; x_wconf 86' lang='lat' dir='ltr'>necessitatis</span> <span class='ocrx_word' id='word_1_760' title='bbox 2527 4791 2740 4861; x_wconf 84' lang='lat' dir='ltr'>jugum</span> <span class='ocrx_word' id='word_1_761' title='bbox 2769 4806 2883 4845; x_wconf 89' lang='lat' dir='ltr'>non</span> <span class='ocrx_word' id='word_1_762' title='bbox 2909 4789 3160 4861; x_wconf 90' lang='lat' dir='ltr'>imponit</span> <span class='ocrx_word' id='word_1_763' title='bbox 3192 4808 3205 4845; x_wconf 88' lang='lat'><strong><em>:</em></strong></span> <span class='ocrx_word' id='word_1_764' title='bbox 3239 4813 3266 4839; x_wconf 89' lang='grc'><em>‹‹</em></span> <span class='ocrx_word' id='word_1_765' title='bbox 3304 4790 3437 4846; x_wconf 68' lang='lat' dir='ltr'>Haec</span> <span class='ocrx_word' id='word_1_766' title='bbox 3469 4798 3766 4861; x_wconf 83' lang='lat' dir='ltr'>ergovacua</span> 
     </span>
    </p>
   </div>
   <div class='ocr_carea' id='block_1_111' title="bbox 2156 4874 3764 4949">
    <p class='ocr_par' dir='ltr' id='par_1_111' title="bbox 2156 4874 3764 4949">
     <span class='ocr_line' id='line_1_113' title="bbox 2156 4874 3764 4949; baseline -0.004 -17"><span class='ocrx_word' id='word_1_767' title='bbox 2156 4877 2307 4945; x_wconf 90' lang='lat' dir='ltr'>fecit,</span> <span class='ocrx_word' id='word_1_768' title='bbox 2340 4877 2533 4949; x_wconf 91' lang='lat' dir='ltr'>inquit</span> <span class='ocrx_word' id='word_1_769' title='bbox 2572 4878 2690 4945; x_wconf 91' lang='lat' dir='ltr'>ille,</span> <span class='ocrx_word' id='word_1_770' title='bbox 2744 4880 2808 4932; x_wconf 84' lang='lat' dir='ltr'>ut</span> <span class='ocrx_word' id='word_1_771' title='bbox 2854 4893 3001 4935; x_wconf 90' lang='lat' dir='ltr'>nova</span> <span class='ocrx_word' id='word_1_772' title='bbox 3033 4882 3121 4932; x_wconf 88' lang='lat' dir='ltr'>lex</span> <span class='ocrx_word' id='word_1_773' title='bbox 3167 4877 3402 4933; x_wconf 90' lang='lat' dir='ltr'>Domini</span> <span class='ocrx_word' id='word_1_774' title='bbox 3452 4876 3629 4933; x_wconf 91' lang='lat' dir='ltr'>nostri</span> <span class='ocrx_word' id='word_1_775' title='bbox 3654 4874 3764 4930; x_wconf 85' lang='lat' dir='ltr'>Jesu</span> 
     </span>
    </p>
   </div>
   <div class='ocr_carea' id='block_1_112' title="bbox 2154 4966 3767 5039">
    <p class='ocr_par' dir='ltr' id='par_1_112' title="bbox 2154 4966 3767 5039">
     <span class='ocr_line' id='line_1_114' title="bbox 2154 4966 3767 5039; baseline -0.005 -16"><span class='ocrx_word' id='word_1_776' title='bbox 2154 4966 2391 5031; x_wconf 90' lang='lat' dir='ltr'>Christi,</span> <span class='ocrx_word' id='word_1_777' title='bbox 2426 4982 2552 5038; x_wconf 85' lang='lat' dir='ltr'>quae</span> <span class='ocrx_word' id='word_1_778' title='bbox 2587 4966 2873 5039; x_wconf 91' lang='lat' dir='ltr'>sinejugo</span> <span class='ocrx_word' id='word_1_779' title='bbox 2905 4966 3268 5022; x_wconf 88' lang='lat' dir='ltr'>necessitatis</span> <span class='ocrx_word' id='word_1_780' title='bbox 3312 4972 3428 5037; x_wconf 89' lang='lat' dir='ltr'>est,</span> <span class='ocrx_word' id='word_1_781' title='bbox 3477 4966 3767 5021; x_wconf 86' lang='lat' dir='ltr'>humanam</span> 
     </span>
    </p>
   </div>
   <div class='ocr_carea' id='block_1_113' title="bbox 2155 5049 3767 5127">
    <p class='ocr_par' dir='ltr' id='par_1_113' title="bbox 2155 5049 3767 5127">
     <span class='ocr_line' id='line_1_115' title="bbox 2155 5049 3767 5127; baseline -0.004 -18"><span class='ocrx_word' id='word_1_782' title='bbox 2155 5055 2368 5111; x_wconf 89' lang='lat' dir='ltr'>habeat</span> <span class='ocrx_word' id='word_1_783' title='bbox 2395 5054 2751 5111; x_wconf 89' lang='lat' dir='ltr'>oblationem</span> <span class='ocrx_word' id='word_1_784' title='bbox 2781 5055 2912 5126; x_wconf 91' lang='lat'>(33).</span> <span class='ocrx_word' id='word_1_785' title='bbox 2937 5075 2963 5107; x_wconf 74' lang='grc' dir='ltr'>ι)</span> <span class='ocrx_word' id='word_1_786' title='bbox 2998 5056 3217 5127; x_wconf 89' lang='lat' dir='ltr'>Jugum</span> <span class='ocrx_word' id='word_1_787' title='bbox 3248 5055 3507 5126; x_wconf 87' lang='lat' dir='ltr'>hoc,quo</span> <span class='ocrx_word' id='word_1_788' title='bbox 3533 5056 3677 5108; x_wconf 87' lang='lat' dir='ltr'>caret</span> <span class='ocrx_word' id='word_1_789' title='bbox 3694 5049 3767 5103; x_wconf 83' lang='lat' dir='ltr'>lex</span> 
     </span>
    </p>
   </div>
   <div class='ocr_carea' id='block_1_114' title="bbox 2156 5142 3770 5215">
    <p class='ocr_par' dir='ltr' id='par_1_114' title="bbox 2156 5142 3770 5215">
     <span class='ocr_line' id='line_1_116' title="bbox 2156 5142 3770 5215; baseline -0.004 -15"><span class='ocrx_word' id='word_1_790' title='bbox 2156 5143 2507 5215; x_wconf 83' lang='lat' dir='ltr'>evangelica,</span> <span class='ocrx_word' id='word_1_791' title='bbox 2538 5142 2682 5200; x_wconf 91' lang='lat' dir='ltr'>nihil</span> <span class='ocrx_word' id='word_1_792' title='bbox 2714 5143 2873 5199; x_wconf 90' lang='lat' dir='ltr'>aliud</span> <span class='ocrx_word' id='word_1_793' title='bbox 2900 5150 3007 5212; x_wconf 91' lang='lat' dir='ltr'>est,</span> <span class='ocrx_word' id='word_1_794' title='bbox 3051 5144 3222 5214; x_wconf 86' lang='lat' dir='ltr'>juxta</span> <span class='ocrx_word' id='word_1_795' title='bbox 3268 5143 3426 5199; x_wconf 87' lang='lat' dir='ltr'>hunc</span> <span class='ocrx_word' id='word_1_796' title='bbox 3481 5147 3770 5204; x_wconf 87' lang='lat' dir='ltr'>auctorem,</span> 
     </span>
    </p>
   </div>
   <div class='ocr_carea' id='block_1_115' title="bbox 2251 5393 3061 5466">
    <p class='ocr_par' dir='ltr' id='par_1_115' title="bbox 2251 5393 3061 5466">
     <span class='ocr_line' id='line_1_117' title="bbox 2251 5393 3061 5466; baseline -0.001 -19"><span class='ocrx_word' id='word_1_797' title='bbox 2251 5393 2340 5466; x_wconf 89' lang='lat'>30)</span> <span class='ocrx_word' id='word_1_798' title='bbox 2372 5393 2550 5466; x_wconf 85' lang='lat' dir='ltr'>Epist.</span> <span class='ocrx_word' id='word_1_799' title='bbox 2586 5393 2781 5463; x_wconf 91' lang='lat' dir='ltr'>Barn.,</span> <span class='ocrx_word' id='word_1_800' title='bbox 2815 5410 2942 5466; x_wconf 89' lang='lat' dir='ltr'>cap.</span> <span class='ocrx_word' id='word_1_801' title='bbox 2978 5395 3061 5449; x_wconf 85' lang='lat'>16.</span> 
     </span>
    </p>
   </div>
   <div class='ocr_carea' id='block_1_116' title="bbox 2249 5464 2821 5536">
    <p class='ocr_par' dir='ltr' id='par_1_116' title="bbox 2249 5464 2821 5536">
     <span class='ocr_line' id='line_1_118' title="bbox 2249 5464 2821 5536; baseline 0.002 -18"><span class='ocrx_word' id='word_1_802' title='bbox 2249 5464 2337 5533; x_wconf 88' lang='grc'>31)</span> <span class='ocrx_word' id='word_1_803' title='bbox 2372 5464 2541 5531; x_wconf 92' lang='lat' dir='ltr'>Ibid.,</span> <span class='ocrx_word' id='word_1_804' title='bbox 2572 5480 2697 5536; x_wconf 89' lang='lat' dir='ltr'>cap.</span> <span class='ocrx_word' id='word_1_805' title='bbox 2733 5466 2821 5536; x_wconf 84' lang='lat'>19.</span> 
     </span>
    </p>
   </div>
   <div class='ocr_carea' id='block_1_117' title="bbox 2250 5535 2817 5607">
    <p class='ocr_par' dir='ltr' id='par_1_117' title="bbox 2250 5535 2817 5607">
     <span class='ocr_line' id='line_1_119' title="bbox 2250 5535 2817 5607; baseline 0.004 -18"><span class='ocrx_word' id='word_1_806' title='bbox 2250 5536 2337 5607; x_wconf 79' lang='lat'>32)</span> <span class='ocrx_word' id='word_1_807' title='bbox 2370 5536 2537 5606; x_wconf 91' lang='lat' dir='ltr'>Ibid.,</span> <span class='ocrx_word' id='word_1_808' title='bbox 2570 5535 2695 5607; x_wconf 86' lang='lat' dir='ltr'>cap.</span> <span class='ocrx_word' id='word_1_809' title='bbox 2726 5535 2817 5607; x_wconf 73' lang='grc'>14.</span> 
     </span>
    </p>
   </div>
   <div class='ocr_carea' id='block_1_118' title="bbox 2250 5605 2790 5681">
    <p class='ocr_par' dir='ltr' id='par_1_118' title="bbox 2250 5605 2790 5681">
     <span class='ocr_line' id='line_1_120' title="bbox 2250 5605 2790 5681; baseline 0.002 -17"><span class='ocrx_word' id='word_1_810' title='bbox 2250 5606 2339 5681; x_wconf 80' lang='lat'>33)</span> <span class='ocrx_word' id='word_1_811' title='bbox 2371 5605 2542 5678; x_wconf 82' lang='lat' dir='ltr'>Ibid.,</span> <span class='ocrx_word' id='word_1_812' title='bbox 2576 5605 2703 5681; x_wconf 74' lang='lat' dir='ltr'>oa‘p.</span> <span class='ocrx_word' id='word_1_813' title='bbox 2735 5605 2790 5665; x_wconf 89' lang='lat'>2.</span> 
     </span>
    </p>
   </div>
  </div>
