4014 6202
186 296 293 355 713

1524 290 2142 355 PROLEGOMENA.

3421 292 3541 351 7H

178 442 332 499 quam
376 424 605 497 spiritus
661 423 975 493 servitutis,
1040 440 1142 497 per
1189 440 1364 496 quam
1419 426 1781 493 servitutem,
1814 426 1867 492 Α
1899 424 2205 497 superius:
2243 446 2271 471 «
2306 424 2469 492 Quia,
2501 423 2711 496 inquit,
2745 424 2793 480 si
2840 426 2901 481 in
2930 424 3087 481 hunc
3130 440 3246 482 non
3274 439 3545 497 sperave-

176 517 442 571 vetustum
490 512 673 567 foedus
720 528 754 566 a
785 529 930 567 novo
969 514 1308 582 secernitur,
1367 514 1536 583 juxta
1587 514 1786 568 divum

177 602 392 658 Paulum
449 602 515 655 ad
574 600 812 655 Galatas
879 601 1165 657 aientem:
1234 601 1378 655 State
1435 619 1494 655 in
1543 602 1789 656 libertate

176 692 431 761 Evangelii
456 691 577 745 Jesu
631 690 855 759 Christi,
893 699 943 745 et
987 691 1154 745 nolite
1197 692 1398 745 iterum
1436 691 1560 761 iugo
1608 692 1786 745 servi-

175 782 286 835 tutis
322 778 577 833 contineri
623 778 771 849 (34);
807 795 921 850 quo
970 796 1108 833 sane
1157 779 1214 832 in
1248 778 1371 833 loco
1422 784 1597 849 patet.
1635 788 1787 849 Apo-

177 866 363 924 stolum
386 866 540 937 loqui
563 867 633 921 de
650 866 776 939 lege
796 869 1023 939 Moysis.
1040 868 1215 922 Addit
1239 868 1410 939 paulo
1425 870 1573 923 infra
1594 874 1791 923 noster

176 956 257 1011 hic
301 960 505 1026 auctor,
548 956 779 1027 Moysen
828 956 1070 1027 fregisse
1118 957 1349 1012 tabulas
1399 957 1675 1029 lapideas,
1727 958 1785 1011 in

174 1044 359 1116 quibus
382 1043 470 1098 lex
498 1048 665 1099 vetus
702 1048 827 1098 erat
875 1044 1175 1116 inscripta,
1210 1062 1324 1100 non
1364 1050 1431 1100 ut
1460 1046 1790 1100 ostenderet

173 1136 378 1187 tantum
406 1130 659 1187 Hebraeis
691 1132 879 1187 fcedus
912 1149 1044 1187 cum
1078 1132 1192 1188 Deo
1218 1132 1427 1188 initum
1457 1149 1560 1205 per
1588 1148 1787 1188 eorum

170 1218 525 1276 idololatriam
575 1218 831 1275 solutum
880 1237 1028 1286 esse,
1088 1220 1255 1276 sicuti
1314 1222 1562 1293 explicat
1592 1220 1787 1276 locum

168 1307 304 1363 hunc
329 1307 525 1379 Fleury
554 1307 687 1378 (3‘),
720 1309 820 1362 sed
856 1313 920 1363 ut
950 1325 1113 1364 amor
1140 1308 1279 1365 Jesu
1318 1309 1530 1364 Christi
1564 1310 1621 1365 in
1655 1325 1786 1364 cor-

170 1395 318 1451 dibus
346 1395 555 1451 nostris
608 1397 1069 1468 consignaretur,
1112 1420 1140 1447 ‹‹
1175 1402 1230 1452 et
1286 1397 1527 1469 projecit
1563 1402 1788 1469 Moyses

168 1482 368 1539 tabulas
395 1482 657 1555 lapideas
697 1484 767 1540 de
798 1484 1069 1540 manibus
1107 1487 1249 1555 suis,
1283 1491 1349 1540 ut
1388 1486 1617 1541 dilectio
1648 1487 1783 1541 Jesu

167 1571 504 1642 consignatur
533 1571 592 1627 in
626 1572 959 1644 praecordiis
998 1574 1207 1629 vestris
1263 1574 1395 1646 (36).
1446 1598 1474 1625 »
1517 1575 1666 1630 Fieri
1694 1592 1789 1631 ne-

167 1661 293 1731 quit,
326 1661 460 1731 quin
506 1661 890 1733 dig‘hoscatur
920 1661 978 1716 in
1030 1661 1160 1729 hoc,
1208 1667 1265 1717 et
1312 1665 1369 1717 in
1403 1680 1579 1734 supra
1611 1664 1787 1719 allato

172 1752 308 1803 textu
321 1748 621 1804 diversitas
638 1750 789 1805 inter
810 1751 923 1805 duo
945 1750 1335 1814 Testamenta,
1361 1769 1487 1823 quae
1510 1752 1787 1809 intimore
1822 1790 1867 1853 Β

172 1854 225 1891 ac
272 1837 571 1892 dilectione
602 1838 790 1908 posita
819 1844 927 1893 est.
974 1839 1175 1894 Timor
1212 1839 1483 1896 Hebraeos
1516 1841 1785 1913 respicit;

166 1924 368 1980 dilectio
388 1924 776 1980 Christianos.

221 2012 367 2068 Circa
393 2013 925 2080 circumcisionem,
968 2015 1143 2070 tradit
1187 2021 1391 2071 auctor
1421 2034 1549 2071 eam
1578 2034 1785 2074 vanam

161 2117 268 2157 esse
287 2102 407 2157 sine
431 2102 883 2157 circumcisione
905 2103 1117 2169 cordis,
1142 2109 1199 2159 et
1216 2104 1327 2160 fide
1347 2105 1404 2159 in
1430 2106 1640 2161 Filium
1663 2107 1786 2161 Dei.

158 2190 348 2246 Judieis
386 2190 518 2245 dein
555 2196 687 2245 ante
723 2191 920 2246 oculos
964 2193 1125 2263 ponit
1159 2194 1400 2248 Abrahae
1432 2194 1786 2265 exemplum,

160 2280 244 2349 qui
272 2279 508 2350 primus,
536 2278 749 2351 inquit,
778 2302 805 2329 ‹‹
839 2280 1343 2336 circumcisionem
1374 2283 1551 2349 dedit,
1578 2284 1635 2336 in
1668 2284 1788 2354 spi-

159 2368 257 2423 ritu
271 2367 627 2439 prospiciens
650 2368 708 2421 in
731 2367 962 2431 Filium,
979 2369 1589 2442 circumciditaccepto
1609 2373 1788 2426 trium

158 2454 459 2512 litterarum
492 2460 847 2512 documento
874 2456 1009 2524 (37),
1062 2480 1089 2505 n
1121 2462 1230 2513 etc.
1281 2460 1421 2514 Eam
1455 2466 1649 2515 autem
1682 2462 1789 2515 cir-

162 2544 556 2601 cumcisionem
598 2561 792 2601 veram
820 2562 949 2601 esse
979 2546 1343 2601 demonstrat
1375 2564 1511 2619 qua,
1536 2565 1707 2604 aures
1737 2553 1795 2604 et

162 2647 247 2687 cor
287 2632 541 2688 hominis
590 2634 1169 2704 circumciderentur,
1206 2640 1269 2690 ,et
1308 2637 1504 2691 taliter
1552 2638 1791 2706 dociles,

162 2722 469 2778 obedientes
521 2722 941 2789 redderentur;
973 2723 1474 2781 circumcisionem
1516 2743 1651 2782 vero
1682 2743 1798 2786 cor.

163 2810 301 2880 poris
330 2811 489 2868 illam
525 2828 641 2867 non
675 2828 823 2877 esse,
849 2828 1025 2884 quam
1048 2815 1198 2868 Deus
1221 2814 1617 2885 principaliter
1639 2832 1800 2870 man-

165 2898 375 2955 dasset:
401 2922 428 2950 «
452 2900 628 2965 Nam,
650 2899 867 2970 inquit,
889 2917 1092 2956 omnes
1112 2901 1257 2973 Syri,
1285 2902 1510 2971 arabes,
1530 2904 1797 2976 lEgyptii,

164 2985 427 3043 idolorum
479 2988 801 3044 sacrificuli
834 2994 971 3043 sunt
1010 2989 1377 3059 circumcisi;
1432 3009 1573 3047 num
1606 2998 1800 3048 autem

164 3077 316 3131 etiam
346 3077 472 3133 ideo
504 3078 581 3131 de
610 3077 823 3132 {cedere
851 3077 1047 3133 divino
1097 3079 1346 3150 antiqui,
1378 3080 1465 3135 vel
1500 3082 1631 3136 novi
1660 3082 1799 3137 Tes-

163 3166 385 3219 tamenti
416 3166 816 3237 participant?
848 3188 876 3214 »

224 3252 532 3309 Occasione
562 3259 800 3325 sumpta
832 3254 904 3309 ab
955 3271 1043 3322 eo,
1075 3257 1231 3327 quod
1286 3257 1531 3313 refertur
1560 3258 1618 3312 in
1651 3258 1800 3313 Exo-

165 3342 228 3396 do
249 3342 371 3414 (38),
395 3343 625 3398 scilicet
646 3342 801 3414 quod
829 3343 1044 3397 Hebraei
1067 3350 1397 3416 pugnantes
1414 3350 1616 3401 contra
1637 3348 1804 3401 Ama-

167 3428 365 3497 lecitas,
396 3430 734 3502 vincebant,
759 3447 891 3485 cum
925 3430 1139 3487 levaret
1172 3437 1394 3505 Moyses
1428 3452 1677 3501 manus;
1712 3435 1801 3490 sin

167 3523 340 3573 autem
356 3518 669 3590 paululum
685 3518 1346 3592 remisisset,superahat
1369 3522 1808 3589 Amalec,tradit

168 3605 249 3660 hic
300 3596 526 3675 auctor,
597 3607 873 3663 debuisse
930 3608 1223 3665 lsraelitas
1267 3612 1402 3666 inde
1461 3628 1809 3683 cognoscere

168 3693 399 3751 salutem
432 3695 718 3767 consequi
747 3711 861 3750 non
886 3713 1054 3767 posse
1076 3698 1188 3753 nisi
1213 3715 1314 3769 per
1335 3716 1499 3770 spem
1522 3700 1581 3754 in
1606 3701 1806 3756 Jesum

169 3782 489 3852 Christum;
529 3787 587 3839 et
612 3801 713 3854 per
769 3800 933 3856 spem
992 3784 1050 3839 in
1110 3784 1265 3841 hunc
1316 3788 1595 3858 reportari
1642 3804 1811 3859 posse

168 3872 455 3928 victoriam
488 3872 567 3928 ab
598 3871 875 3928 inimicis.
920 3873 1034 3928 Cur
1078 3874 1185 3929 hoc
1208 3874 1235 3928 ?
1269 3898 1295 3923 ››
1328 3876 1408 3930 ait
1440 3875 1536 3931 ille
1566 3877 1812 3948 loquens

170 3959 233 4014 de
258 3960 500 4016 historia
525 3961 699 4016 modo
720 3960 895 4016 allata
916 3962 1049 4033 (39),
1076 3962 1220 4035 Πρὸς
1240 3962 1291 4016 τί
1317 3983 1329 4033 ;
1365 3987 1391 4015 (ι
1417 3964 1489 4020 Ut
1510 3981 1814 4037 cognosce-

170 4054 304 4116 rent,
335 4048 489 4105 illico
545 4049 877 4120 respondet,
932 4071 959 4099 «
1019 4052 1173 4121 quod
1218 4069 1331 4106 non
1384 4058 1653 4124 poterant
1696 4071 1814 4109 ser-

169 4136 302 4205 vari,
333 4138 446 4193 nisi
475 4154 583 4211 per
628 4154 792 4209 spem
824 4138 883 4195 in
937 4138 1105 4194 illum
1142 4162 1168 4188 ››
1222 4141 1470 4213 (Jesum)
1500 4160 1513 4209 ;
1560 4146 1616 4198 et
1644 4141 1816 4214 paulo

238 4386 345 4459 (34)
372 4387 460 4443 Ad
495 4386 687 4444 Galat.
718 4404 775 4455 v,
808 4388 859 4457 in
894 4389 944 4444 l.

261 4458 349 4515 35)
379 4460 447 4514 T.
485 4459 511 4514 Ι
545 4459 683 4515 Hist.
714 4460 843 4515 ecct.

266 4461 329 4513 35
379 4461 447 4514 Τ.
485 4461 511 4514 Ι
545 4461 683 4515 Hist.
714 4461 843 4515 ecct.

266 4461 351 4670 36)
382 4530 641 4613 Barnab.
672 4529 1041 4612 Epist.,.cap.
1076 4534 1123 4587 4.

266 4599 329 4653 37
383 4602 559 4669 Ibld.,
588 4618 637 4655 c.
662 4600 715 4654 9.
740 4601 821 4655 Cl.
845 4601 1123 4658 Tillemon

243 4599 351 4669 (3’7)
383 4601 559 4669 Ibid.,
588 4618 637 4655 c.
662 4599 821 4655 9.’Cl.
845 4599 1213 4658 Tille'montio
1236 4608 1292 4659 et
1310 4604 1594 4659 Marechal
1628 4608 1825 4659 nostro

180 4671 634 4746 reprehensione
655 4672 747 4746 hic
778 4672 988 4743 dignus
1020 4675 1247 4729 videtur
1282 4680 1501 4744 auctor,
1535 4676 1689 4746 quod
1721 4675 1822 4729 Ju-

180 4740 310 4817 déis
356 4740 871 4817 circumcisionem
922 4746 1113 4800 carnis
1174 4747 1359 4817 magis
1410 4740 1586 4817 quam
1636 4745 1827 4801 cordis
1870 4754 1878 4763 '

176 4812 551 4882 jactantibus,
605 4820 880 4889 reponat:
909 4847 1015 4889 λέ-Α
1054 4812 1477 4889 Umnis'b‘yrus
1528 4823 1592 4889 et
1622 4820 1828 4885 Arabs,

182 4889 235 4963 et
287 4888 855 4963 omnessacerdotes
904 4886 1215 4957 idolorum,
1250 4886 1460 4963 sed—Aet
1487 4888 1733 4963 .‘Egyptii
1770 4890 1829 4963 in

184 4958 625 5030 circumcisione
657 4964 815 5030 sunt,
850 4989 916 4999 -—
948 4976 1234 5030 quaerens,
1261 4978 1330 5013 an
1370 4960 1513 5013 forte
1554 4958 1609 5014 et
1636 4958 1727 5013 isti
1762 4959 1831 5013 de

183 5025 552 5101 Testamento
583 5029 722 5083 sint.
754 5025 1109 5101 Verum-non
1145 5032 1306 5085 video
1330 5031 1655 5101 quidquam
1684 5048 1834 5084 erro-

188 5112 350 5173 neum
384 5100 443 5152 in
478 5100 608 5153 hoc.
644 5105 720 5154 De
751 5100 1075 5173 Pythagora
1101 5103 1279 5156 totius
1308 5100 1646 5155 idololatriae
1680 5103 1833 5172 apud

187 5165 1041 5244 Graecosmystagogoflegifur,
1063 5174 1215 5244 quod
1244 5165 1834 5237 t‘ueritcircumcisus,

187 5240 1281 5316 utabdita'ingned'iensZEgyptiorum,
1319 5246 1621 5316 mysticam
1655 5246 1837 5298 disce-

189 5314 270 5363 ret
316 5310 771 5384 philosophiam,
823 5310 1720 5371 ritus'eciticetsacriﬁciorum
1771 5331 1836 5369 ac

190 5384 856 5458 consecrationumsNec
888 5392 1107 5458 pugnat
1150 5392 1352 5441 auctor
1390 5404 1523 5441 cum
1559 5388 1751 5458 seipso
1783 5391 1840 5440 et

191 5403 711 5439 consecrationum.
750 5403 856 5441 meo
888 5404 960 5457 pu
1010 5403 1107 5440 nat
1150 5403 1352 5441 auctor
1390 5404 1523 5441 cum
1559 5403 1751 5458 seipso
1783 5403 1837 5440 et

191 5467 318 5533 cum
351 5454 651 5533 Scriptura
682 5457 754 5510 ab
789 5458 912 5528 ipso
947 5403 1217 5533 ﬁlegata,
1268 5476 1383 5533 qua
1431 5458 1645 5513 dicitur
1673 5459 1837 5513 Jere-

192 5526 443 5599 miscix:
482 5548 508 5574 ‹‹
541 5526 754 5582 Omnes
786 5526 988 5599 gentes
1017 5526 1440 5585 in'circurﬁcise
1474 5536 1613 5585 sunt
1643 5546 1837 5595 carne,

196 5596 380 5651 omnis
403 5602 596 5653 autem
620 5596 1021 5656 domuslsrael
1046 5601 1453 5658 incircumciso
1476 5601 1646 5658 cOrde
1672 5620 1683 5672 ;
1711 5624 1739 5653 ››
1760 5601 1842 5656 ibi

519 5725 777 5793 Pareat.
825 5726 934 5788 Gs.
987 5726 1061 5789 Il.

1899 514 2033 582 rint,
2069 529 2299 583 semper
2320 513 2787 568 debellabuntur.
2818 537 2837 561 ι
2866 514 2989 569 Duo
3012 514 3133 569 haec
3160 513 3283 568 loca
3304 514 3548 570 maximi

1897 606 2035 654 sunt
2071 602 2373 665 momenti,
2409 608 2463 655 et
2492 620 2558 655 ex
2591 602 2682 655 his
2714 604 3043 667 innotescit,
3091 620 3360 673 quaenam
3391 606 3549 656 esset

1898 688 2155 742 ﬁdelium
2192 707 2357 743 mens
2392 691 2577 759 primo
2611 690 2871 745 Ecclesiae
2903 708 3017 745 aevo
3048 692 3200 744 circa
3230 691 3545 745 necessita-

1896 782 2010 831 tem
2044 778 2240 849 gratiae
2274 778 2638 832 medicinalis
2679 779 3017 848 Salvatoris,
3068 778 3201 833 fidei
3233 780 3291 833 in
3324 780 3543 851 ipsum,

1896 867 2141 936 ejusque
2173 867 2562 935 mediationis,
2595 868 2772 920 etiam
2806 872 2939 921 ante
2984 866 3469 922 Incarnationem.

1967 955 2162 1018 Quoad
2197 955 2351 1009 diem
2384 955 2618 1009 Sabbati
2664 954 2721 1008 in
2764 954 2888 1025 lege
2932 955 3141 1026 Moysis
3189 960 3543 1027 praeceptum

1898 1046 1961 1097 ut
1992 1048 2104 1098 Deo
2135 1060 2388 1111 sacrum,
2414 1048 2609 1099 noster
2631 1043 2721 1097 hic
2754 1048 2956 1098 auctor
2983 1044 3167 1113 docet,
3192 1043 3544 1099 Christiano-

1900 1149 2028 1186 rum
2060 1132 2382 1187 Sabbatum
2414 1149 2540 1187 esse
2566 1132 2719 1186 diem
2753 1136 3039 1199 octavum,
3073 1131 3281 1204 quiest
3310 1132 3434 1189 dies
3464 1150 3547 1189 re-

1898 1220 2278 1275 surrectionis
2306 1220 2443 1275 Jesu
2476 1220 2727 1276 Christi:
2760 1244 2779 1269 α
2819 1222 2976 1275 Diem
3017 1225 3284 1275 octavum
3315 1221 3374 1275 in
3403 1221 3548 1276 laeti-

1898 1308 1981 1363 tia
1996 1309 2317 1380 agimus,in
2342 1325 2456 1379 quo
2483 1309 2620 1364 Jesu
2645 1309 2959 1363 resurrexit
2989 1326 3022 1363 a
3052 1309 3301 1363 mortuis
3333 1308 3482 1380 (40);
3519 1330 3547 1357 »

1899 1398 2053 1468 quod
2085 1414 2223 1452 sane
2253 1414 2357 1468 pro
2390 1397 2574 1468 primo
2606 1397 2871 1452 Ecclesiae
2905 1396 3115 1451 saeculo
3160 1401 3382 1453 attenta
3418 1414 3552 1453 con-

1898 1484 2248 1540 sideratione
2281 1486 2525 1557 dignum
2585 1490 2691 1540 est.
2743 1486 2960 1541 Verum
3008 1484 3263 1540 declarat
3310 1485 3552 1557 insuper

1900 1574 2101 1627 eodem
2134 1573 2278 1643 loco,
2312 1573 2561 1628 alterum
2595 1574 2721 1628 dari
2760 1574 3076 1628 Sabbatum
3109 1573 3347 1628 omnino
3380 1574 3550 1645 spiri-

1898 1663 2077 1728 tuale,
2111 1662 2263 1732 quod
2297 1670 2381 1716 est
2412 1662 2643 1717 initium
2675 1666 2897 1717 aeterna:
2942 1662 3088 1729 vitze,
3123 1661 3297 1717 sicuti
3330 1662 3548 1719 Sabba-

1897 1754 2023 1804 tum
2055 1750 2521 1805 Christianorum
2549 1769 2560 1817 ;
2613 1767 2719 1806 nos
2749 1768 2815 1805 ex
2860 1752 2969 1805 hoc
3018 1751 3271 1806 Sabbato
3302 1753 3373 1806 ad
3406 1751 3551 1807 illud

1900 1840 2155 1907 tendere,
2188 1840 2421 1908 quando
2450 1839 2687 1894 veniens
2721 1840 2900 1894 Filius
2936 1844 3169 1911 tempus
3198 1840 3381 1911 iniqui
3411 1841 3549 1895 abo-

1902 1926 2055 1991 lebit,
2106 1944 2169 1981 ac
2204 1927 2494 1995 judicabit
2546 1928 2775 1998 impios,
2836 1932 2893 1981 et
2941 1928 3194 1982 mutabit
3250 1927 3432 1983 solem
3487 1945 3552 1983 ac

1898 2017 2101 2071 lunam
2135 2014 2489 2086 stellasque:
2525 2017 2676 2086 quod
2716 2016 2953 2086 quidem
2986 2016 3307 2071 Sabbatum
3339 2016 3553 2088 poteri-

1900 2121 2033 2159 mus
2066 2121 2173 2158 nos
2202 2103 2313 2174 ipsi
2347 2109 2613 2158 sanctum
2663 2106 2923 2175 reddere,
2962 2105 3134 2175 juxta
3162 2105 3319 2159 hunc
3352 2110 3553 2161 aucto-

1901 2210 2046 2257 rem,
2082 2209 2182 2263 per
2214 2195 2363 2247 bona
2393 2209 2568 2263 opera
2590 2193 2646 2247 in
2674 2193 2938 2263 praesenti
2966 2194 3079 2247 vita
3098 2194 3368 2249 exercita.
3398 2215 3426 2243 ‹‹
3450 2194 3554 2250 Ρο-

1901 2281 2259 2336 terimus.....
2322 2287 2462 2335 tunc
2522 2282 2790 2336 eumdem
2867 2282 3021 2336 diem
3094 2287 3364 2337 sanctum
3420 2282 3554 2338 red-

1903 2370 2057 2437 dere,
2090 2368 2202 2440 ipsi
2234 2369 2395 2440 prius
2427 2370 2612 2424 sancti
2642 2370 2847 2425 elfecti.
2884 2394 2912 2418 ››

1974 2458 2177 2513 Tradit
2210 2458 2451 2529 insuper
2480 2463 2680 2513 auctor
2709 2459 2826 2524 hic,
2860 2461 3013 2530 quod
3046 2460 3104 2514 in
3136 2476 3235 2515 sex
3265 2474 3554 2515 annorum

1905 2544 2166 2600 millibus
2198 2548 2768 2601 consummahuntur
2800 2548 3069 2602 universa
3094 2564 3104 2602 :
3133 2548 3333 2618 sicque
3354 2548 3411 2602 id
3431 2563 3558 2618 pro-

1906 2636 2005 2689 bat
2033 2634 2182 2703 (4|):
2218 2657 2245 2683 ‹‹
2278 2634 2589 2703 Advertite,
2622 2634 2746 2705 filii,
2795 2635 2935 2706 quid
2985 2636 3141 2691 dicat
3169 2636 3513 2708 (Scriptura)
3541 2655 3555 2694 :

1907 2722 2347 2778 Consummavit
2386 2714 2761 2792 (creationem
2814 2723 3040 2794 mundi)
3074 2724 3131 2778 in
3183 2740 3282 2779 sex
3311 2724 3553 2779 diebus:

1908 2810 2017 2866 hoc
2049 2810 2207 2878 dicit,
2237 2810 2372 2881 quia
2392 2811 2591 2865 omnia
2612 2812 3048 2867 consummabit
3078 2812 3357 2868 Dominus
3378 2812 3438 2867 in
3460 2829 3561 2868 sex

1912 2899 2173 2954 millibus
2205 2916 2525 2966 annorum;
2562 2902 2715 2971 apud
2750 2899 2916 2956 illum
2948 2901 3071 2956 dies
3119 2901 3562 2973 aequiparantur

1913 2988 2073 3043 mille
2086 2988 2277 3058 annis,
2294 2992 2357 3042 ut
2378 2988 2625 3059 ipsemet
2645 2993 2893 3043 testatur
2914 2988 2994 3059 (in
3009 2988 3303 3061 Psalmis),
3327 2989 3557 3045 dicens:

1914 3078 2041 3131 Ecce
2072 3076 2364 3131 hodiernus
2414 3076 2527 3131 dies
2584 3078 2687 3131 erit
2735 3080 3000 3149 tanquam
3054 3079 3209 3133 mille
3235 3080 3374 3133 anni
3405 3078 3558 3149 (42);

1829 3149 1872 3216 C
1910 3164 2270 3237 itaquc,filii,
2288 3165 2344 3218 in
2365 3181 2762 3220 sexannorum
2788 3166 3049 3221 millibus
3067 3168 3563 3222 consummabun—

1909 3259 2006 3309 tur
2036 3254 2324 3308 universa.
2358 3254 2487 3308 Haec
2534 3254 2728 3325 opinio
2778 3254 2912 3310 licet
2958 3254 3254 3327 aliquibus
3298 3255 3562 3328 singula-

1914 3343 1993 3397 ris
2024 3343 2200 3397 videri
2233 3346 2441 3412 potest,
2460 3342 2841 3397 nihilominus
2858 3344 3053 3414 plures
3075 3344 3342 3399 Ecclesiae
3368 3345 3563 3398 Patres

1915 3430 2121 3485 habuit
2150 3438 2629 3501 propugnatores.
2682 3434 3008 3486 Autumant
3055 3432 3230 3487 etiam
3272 3430 3563 3498 nonnulli,

1916 3519 2246 3591 opinionem
2278 3519 2427 3572 hanc
2457 3536 2525 3573 ex
2551 3518 2860 3589 Scripturis
2888 3537 3058 3591 posse
3089 3519 3475 3592 comprobari,
3509 3522 3568 3573 et

1918 3607 2114 3677 aliqua
2145 3608 2270 3677 ejus
2300 3606 2543 3679 vestigia
2572 3607 2771 3663 haberi
2803 3608 2862 3663 in
2905 3608 3157 3679 Epistola
3187 3608 3253 3662 D.
3298 3606 3463 3662 Pauli
3494 3606 3567 3662 ad

1923 3696 2185 3749 Hebraeos
2210 3695 2348 3765 (45),
2377 3695 2475 3748 ubi
2508 3696 2565 3748 in
2589 3696 2682 3750 die
2704 3697 2951 3767 septima
2976 3701 3031 3750 et
3054 3696 3109 3749 in
3139 3696 3389 3751 Sabbato
3411 3698 3570 3749 aeter-

1922 3800 2057 3839 nam
2091 3784 2352 3855 requiem
2384 3784 2665 3855 designat.
2706 3786 2821 3856 Ego
2854 3789 3049 3839 autem
3077 3784 3365 3856 optimum
3395 3785 3568 3851 duco,

1924 3872 2067 3928 nihil
2100 3872 2207 3926 hac
2237 3871 2295 3925 in
2329 3873 2647 3941 quaestione
2695 3890 3036 3944 proponere,
3078 3889 3142 3928 ac
3171 3872 3309 3928 Jesu
3341 3872 3570 3928 Christo

1925 3961 2217 4017 adhaerere
2265 3966 2321 4015 et
2371 3962 2497 4032 ejus
2550 3962 2831 4032 apostolis
2880 3962 3244 4033 docentibus,
3278 3962 3573 4017 neminem

1927 4049 2176 4121 novisse,
2208 4064 2333 4121 qum
2360 4052 2523 4104 Pater
2546 4052 2730 4121 posuit
2760 4053 2815 4105 in
2863 4055 3139 4121 potestate,
3199 4061 3253 4105 et
3283 4050 3576 4121 quomodo

1928 4143 2187 4195 extrema
2216 4138 2339 4193 dies
2371 4143 2615 4195 ventura
2669 4140 2765 4209 sit,
2800 4140 2966 4210 cujus
2997 4139 3381 4211 praecedentia
3409 4139 3580 4211 signa

1932 4389 2094 4462 enim
2123 4389 2389 4462 gentium
2438 4390 2674 4462 nomine
2706 4390 2910 4462 solum
2955 4388 3373 4462 intelliguntur
3400 4388 3582 4462 Phili-

1935 4461 2098 4517 sthaai
2113 4460 2459 4532 Syro-Graeci
2475 4468 2644 4530 atque
2656 4461 3051 4516 Alexandrini.
3078 4460 3225 4518 Nam
3246 4460 3584 4532 immediate

1876 4518 2203 4604 Dpraacedit
2231 4531 2447 4587 ibidem
2480 4518 2853 4588 comminatio
2883 4532 3233 4587 visitationis
3255 4531 3460 4604 divinae
3493 4548 3589 4603 su-

1937 4602 2039 4675 per
2067 4602 2399 4675 .Egyptum,
2434 4610 2491 4659 et
2520 4622 2695 4675 super
2727 4604 3063 4668 Idumaeam,
3098 4602 3584 4675 etsuperpEdom,

1938 4673 1993 4730 et
2018 4673 2389 4745 super‘filios
2437 4673 2708 4729 Ammon.
2760 4676 3069 4741 Arabibus,
3123 4673 3489 4745 .Ethiopidus
3533 4676 3591 4725 et

1939 4743 2242 4812 Nuhianis,
2303 4746 2549 4817 aliisque
2625 4745 2892 4816 plurimis
2968 4743 3339 4817 communem
3410 4743 3591 4797 fuisse

1941 4818 2258 4888 quamdam
2322 4816 2846 4879 circnmcisionem,
2899 4817 3115 4870 scilicet
3174 4816 3492 4888 politicami
3527 4829 3593 4888 ac

1942 4885 2267 4960 profanam,
2301 4905 2369 4942 ex
2400 4906 2574 4943 Causa
2632 4889 2800 4957 plane
2842 4888 3116 4951 naturali,
3162 4885 3346 4942 Johus
3384 4885 3591 4940 Ludol-

1944 4961 2094 5031 phus
2144 4961 2891 5031 demonstrat,Ethiopicis,
2941 4960 3157 5011 Judaeis
3208 4967 3400 5013 autem
3452 4974 3593 5027 prae-

1943 5030 2110 5100 cepta
2140 5031 2245 5083 fuit
2277 5030 2645 5101 signaculum
2682 5032 2809 5083 lidei
2845 5032 2912 5083 de
2942 5031 3238 5084 nescituro
3280 5047 3347 5084 ex
3377 5030 3596 5083 semine

1946 5103 2192 5156 Abrahae
2243 5103 2494 5169 MGSSIa;
2548 5105 2695 5173 quod
2750 5109 2949 5156 auctor
2998 5108 3197 5156 noster
3256 5104 3594 5156 nullatenus

1948 5178 2140 5241 negat.

2160 5244 2293 5319 βαρ.
2329 5261 2466 5319 xvii,
2498 5246 2550 5311 Ῡ.
2591 5245 2672 5298 11.

2017 5315 2129 5385 (39)
2164 5316 2334 5369 Barn.
2370 5316 2573 5386 Epist,
2604 5332 2729 5386 cap.
2764 5316 2848 5368 1‘3.

2044 5387 2129 5453 47)
2170 5387 2312 5439 Ibid.

2042 5458 2128 5524 40)
2164 5458 2331 5525 Ibid.,
2361 5473 2410 5511 ο.
2452 5459 2533 5510 15.

2046 5530 2134 5594 42)
2159 5528 2372 5583 Psalm.
2409 5545 2626 5597 Lxxxix,
2663 5528 2711 5582 4.

2048 5600 2137 5669 43)
2170 5599 2345 5672 Epist.
2381 5601 2450 5656 ad
2482 5600 2775 5667 Hebraeos,
2809 5617 2935 5673 cap.
2970 5617 3046 5658 1v.

3212 5726 3287 5789 23
