4014 6202
468 287 584 345 715
1438 271 1458 291 '
1663 295 1728 353 s.
1774 295 2185 358 BARNABAS
2229 298 2707 365 APOSTOLUS.
3709 316 3800 385 716

464 416 861 524 praepuntiapt
889 417 1149 524 quidem,
1180 418 1649 524 tem’p‘useute‘m'
1684 439 1797 524 non
1828 426 2106 482 determi-
2134 432 2189 496 Α
2220 435 2455 524 possent
2485 432 2543 486 in
2577 438 2977 524 contemptum
3008 436 3326 510 religionis,
3368 446 3580 503 tantum
3606 463 3803 524 progre-

464 510 626 572 nant,
661 508 831 560 sicuti
862 508 1085 578 peregit
1114 512 1314 564 auctor
1344 508 1520 579 hujus
1551 510 1838 583 Epistolas.
1878 548 1881 551 λ
2220 517 2378 573 ditur
2405 535 2537 575 cum
2570 521 2862 595 allegoria,
2899 529 2965 580 ut
2986 508 3191 583 doce—re
3212 508 3483 603 videatur,
3504 508 3664 592 Deuin
3688 508 3808 597 dun-

1399 672 1408 682 .
1728 674 1739 686 .
2219 622 2395 676 quam
2427 608 2679 666 voluisse
2700 614 3087 682 quorumdam
3113 616 3373 674 ciborum
3404 638 3565 678 usum
3594 624 3807 686 Hebreis

754 673 895 721 ΛΒΤ·
930 668 997 722 ῙῙ·
1032 700 1099 709 ““
1131 669 1534 726 Observationes
1563 674 1814 729 Μοναίθδ·
2219 693 2601 765 interdicere;
2633 668 2733 755 sed
2766 700 3133 759 solummodo
3166 705 3458 764 horrorem
3498 668 3808 783 ingererede

530 790 848 847 Videamus
881 793 1073 856 modo,
1109 809 1235 863 quae
1267 795 1418 849 circa
1449 812 1640 851 mores
1668 798 1861 851 tradat
1892 797 1982 852 hic
2008 815 2107 853 au-
2217 781 2289 837 iis
2321 784 2495 852 vitiis,
2528 802 2655 857 qua:
2688 804 2790 859 per
2818 791 3045 847 diversa
3075 792 3175 847 illa
3217 794 3485 852 animalia
3512 781 3808 871 significan-

460 883 601 934 ctor.
635 878 775 934 Post
800 881 1234 936 distinctionem
1263 884 1511 937 duarum
1546 885 1796 950 viarum,
1830 903 1978 956 quas
2009 903 2107 941 su-
2219 872 2348 923 tu“
2390 890 2409 917 α
2444 871 2665 943 Itaque»
2698 875 2779 929 ait
2810 876 2927 946 ille,
2974 880 3317 936 mandtium
3367 883 3462 938 DBi
3493 901 3600 941 non
3627 894 3721 953 est.
3750 907 3807 944 ne

460 986 565 1042 pra
597 970 934 1035 memoravi,
965 970 1273 1040 utriusque
1305 976 1469 1026 notas
1502 974 1750 1028 exhibet.
1784 975 2110 1046 lnsigniora
2219 959 2572 1015 manducent
2596 979 2608 1027 ἓ
2633 964 2733 1017 sed
2768 962 2994 1037 Moyses
3016 966 3075 1022 in
3093 968 3304 1040 Spiritu
3328 969 3807 1046 iocumseStUMﬂ

458 1058 609 1113 lucis
641 1075 817 1130 opera
845 1065 1019 1113 sunt:
1053 1060 1171 1114 imo
1203 1058 1441 1130 diligere
1480 1061 1808 1130 proximum
1841 1069 2106 1117 nostrum
2218 1046 2435 1115 Ορίηοτ
2472 1065 2574 1120 980
2604 1055 2823 1107 teXium
2871 1053 3028 1109 hunc
3060 1072 3177 1111 non
3209 1058 3289 1113 ita
3330 1059 3524 1115 stricta
3552 1066 3603 1116 et
3629 1062 3807 1120 littera-

460 1148 775 1218 plusquam
790 1147 1102 1217 ηοείρεοεε
1130 1170 1157 1195 (ι
1179 1146 1392 1217 Diliges
1412 1150 1740 1217 proximum
1764 1155 1930 1204 tuum
1956 1152 2109 1221 plus-
2219 1133 2347 1188 liter
2375 1136 2778 1207 accipiendum
2816 1158 2965 1207 esse,
2999 1147 3065 1198 ut
3085 1160 3201 1199 non
3242 1147 3425 1216 possit
3455 1147 3513 1203 in
3534 1149 3805 1209 orthodoxe

459 1253 634 1306 quam
653 1236 908 1290 animam
931 1240 1093 1288 tuam
1117 1234 1248 1304 (44),
1278 1258 1303 1282 η
1332 1236 1538 1305 Agitur
1560 1237 1671 1303 hic,
1708 1242 1771 1291 ut
1792 1239 2108 1310 unicuique
2218 1237 2394 1277 sensu
2417 1222 2691 1296 intelligi:
2726 1228 2773 1282 si
2812 1246 2974 1284 mens
3023 1232 3179 1287 enim
3217 1232 3398 1306 hujus
3427 1240 3661 1294 auctoris
3688 1248 3812 1298 recte

456 1324 787 1389 innotescit,
816 1324 886 1377 de
908 1322 1217 1377 dilectione
1239 1339 1376 1395 erga
1398 1325 1749 1394 proximum,
1775 1343 1899 1397 qua:
1928 1328 2106 1383 vitam
2216 1312 2626 1383 Perpendami‘,
2660 1319 2716 1369 et
2745 1314 2898 1384 ﬁnis,
2934 1334 3107 1389 quem
3140 1320 3252 1377 Sibi
3284 1325 3550 1395 Proponit
3575 1343 3679 1382 una
3701 1343 3809 1384 cum

456 1414 633 1469 etiam
666 1413 829 1467 daret
859 1428 959 1483 pro
987 1412 1111 1480 ejus
1151 1412 1359 1478 salute,
1394 1413 1442 1467 si
1474 1415 1706 1484 quando
1740 1431 1865 1470 sese
1896 1417 2109 1487 praebe-
2216 1403 2336 1454 toto
2369 1406 2657 1473 contextu,
2691 1404 2857 1460 facile
2904 1409 3197 1463 constabit
3243 1416 3537 1469 auctorem
3579 1414 3631 1470 id
3659 1433 3809 1474 unum

456 1506 544 1556 ret
573 1501 798 1555 occasio
825 1518 837 1566 ;
871 1506 927 1553 et
958 1499 1090 1554 licet
1119 1501 1336 1571 gradus
1357 1500 1451 1554 hic
1480 1501 1810 1557 dilectionis
1841 1504 1899 1558 in
1931 1512 2041 1575 perl

2223 1488 2421 1577 docere
2450 1490 2614 1559 velle,
2648 1492 2869 1548 scilicet
2889 1497 3233 1553 mandatum
3257 1498 3360 1555 Dei
3392 1500 3631 1559 Hebreis
3657 1504 3808 1577 impo-

454 1589 738 1644 ctioribus
770 1587 959 1643 solum
993 1587 1426 1654 adinveniatur,
1472 1589 1856 1645 nihilominus
1885 1598 2108 1649 certum
2218 1576 2397 1632 suum
2428 1579 2759 1635 εδείίυθηάί
2810 1598 2843 1636 ⁸
2872 1583 3231 1653 (ιιιίὺυεάειω
3281 1587 3449 1656 Cibis,
3483 1606 3591 1646 non
3619 1576 3809 1649 tantum

452 1682 542 1733 est
571 1694 638 1731 ex
686 1676 1023 1746 scripturis,
1084 1680 1135 1729 et
1172 1692 1241 1729 ex
1288 1676 1613 1745 traditione,
1661 1679 1731 1732 ad
1782 1679 1932 1734 hanc
1966 1681 2106 1736 due-
2162 1684 2163 1687 η
2217 1666 3492 1733 obstrinxisseillos,nevereacrealiterhisce
3512 1679 3810 1738 cibisvesce-

452 1767 706 1821 ctionem
748 1780 953 1818 omnes
1001 1763 1214 1817 Christi
1247 1764 1447 1819 fideles
1479 1765 1537 1818 in
1575 1782 1782 1836 genere
1813 1769 2016 1835 teneri,
2050 1775 2107 1825 et
2136 1789 2181 1853 B
2218 1760 2452 1853 ξ’θῖὶίξιῐξὲ
2488 1772 2683 1853 “frum
2716 1759 2913 1827 etiam,
2949 1766 3014 1816 ιη
3042 1778 3110 1818 θοι
3140 1770 3375 1835 Peccam
3399 1765 3682 1824 horrerent
3706 1788 3807 1842 qua

450 1869 691 1926 peccare
721 1853 861 1907 dum
895 1852 1229 1907 occasiones
1264 1852 1569 1924 negligunt
1618 1856 1687 1908 ad
1739 1855 2105 1926 implendum
2136 1842 2178 1853 “’
2215 1842 2273 1896 in
2306 1843 2452 1898 cibis
2482 1842 2600 1899 illis
2629 1845 3150 1917 signiﬁcabantur;
3185 1851 3322 1907 hinc
3363 1852 3678 1912 immediate
3702 1863 3811 1929 post

450 1946 829 2013 praeceptum,
865 1941 1018 2011 quod
1046 1939 1390 1995 naturaliter
1412 1942 1542 1995 ﬂuit
1563 1958 1627 1996 ex
1660 1950 1943 2015 praecepto
1968 1946 2105 2001 dile-
2214 1932 2533 1988 adducmm
2562 1938 2810 2006 mnum:
2843 1937 2943 2006 ait:
2982 1940 3159 1995 Deum
3191 1942 3276 1997 δίο
3307 1945 3638 2017 ΡτεεθθΡίεεθ
3664 1947 3809 2004 absii'

449 2030 659 2084 ctionis
682 2046 817 2101 erga
834 2029 1040 2083 Deum.
1064 2029 1356 2083 Tenemur
1372 2028 1610 2101 diligere
1629 2032 1954 2101 proximum
1978 2050 2104 2105 pro-
2212 2020 2471 2076 nentiam
2491 2038 2525 2077 ⁸
2545 2038 2717 2077 came
2739 2025 2997 2097 Ρονοίηθ,
3022 2027 3190 2098 (ἶυαεί
3212 2029 3261 2084 9i
3294 2031 3553 2100 diXiSSBi:
3581 2033 3807 2091 homine!

446 2121 573 2188 pter
604 2121 805 2183 Deum,
839 2121 895 2171 et
926 2121 1106 2170 Deum
1137 2117 1331 2187 ipsum
1365 2116 1423 2171 in
1452 2122 1646 2172 nostro
1678 2120 1939 2190 proximo
1972 2122 2100 2176 dili-
2213 2124 2326 2162 non
2349 2109 2557 2165 debere
2577 2111 3087 2185 adhaerereiis,qui
3111 2116 3487 2176 similessunt
3503 2122 3678 2193 porcis
3697 2124 3807 2197 (50).

445 2206 640 2276 gimus
666 2222 677 2260 :
713 2210 770 2259 at
795 2205 924 2275 quis
949 2204 1193 2257 inﬁciari
1218 2205 1475 2273 audebit,
1500 2206 1708 2262 debere
1732 2224 1836 2263 nos
1862 2209 2101 2281 diligere
2212 2196 2277 2250 Et
2304 2196 2455 2253 infra
2485 2197 2730 2270 loquens
2781 2218 3012 2273 semper
3051 2204 3123 2259 de
3170 2205 3434 2262 ciborum
3480 2209 3805 2268 distinctione

445 2293 631 2349 Deum
664 2293 972 2365 plusquam
997 2308 1104 2347 nos
1136 2293 1317 2363 ipsos,
1340 2298 1396 2347 et
1426 2294 1772 2365 sanguinem
1803 2297 2099 2354 effundere
2210 2290 2495 2358 Ρτθεοθρῐθο
2524 2287 2584 2341 in
2616 2287 2742 2360 1989
2771 2290 3008 2361 Μογείε,
3041 2293 3238 2360 tradit,
3285 2295 3521 2353 JUd‘BOB
3559 2298 3810 2371 δοοθρίεεο

445 2388 680 2455 propter
707 2383 835 2452 ejus
865 2398 1125 2436 amorem
1144 2380 1171 2434 ‘?
2121 2386 2127 2392 '
2206 2374 2380 2429 verba
2410 2375 2510 2430 illa
2539 2376 2773 2449 Moysis,
2798 2394 2864 2433 ac
2885 2379 2933 2434 si
2956 2380 3027 2436 de
3050 2382 3199 2438 escis
3228 2406 3249 2433 α
3280 2384 3620 2457 simpliciter
3639 2410 3665 2437 »
3685 2387 3807 2460 egis-

514 2472 753 2543 Oportet
782 2470 1037 2525 secundo
1079 2471 1513 2526 communicare
1554 2472 1612 2526 in
1658 2474 1931 2529 omnibus
1962 2492 2094 2531 eum
2207 2466 2294 2517 Set
2349 2463 2481 2535 (54)·
2539 2466 2895 2522 Αάνθτδίυω
2972 2468 3101 2538 hoc:
3182 2471 3546 2544 simpliciter.
3610 2492 3806 2533 omnem

444 2560 811 2633 proximo,et
833 2558 977 2613 nihil
1000 2558 1299 2629 proprium
1325 2560 1570 2614 retinere
1599 2578 1610 2615 :
1638 2584 1663 2610 ‹‹
1693 2562 2096 2629 Communica-
2204 2553 2416 2607 enodat
2468 2553 2874 2612 difficultatem
2922 2556 3082 2613 allati
3130 2562 3365 2629 textus;
3417 2567 3633 2620 constat
3658 2566 3804 2633 enim,

440 2650 533 2705 bis
564 2649 623 2703 in
656 2649 930 2703 omnibus
962 2664 1095 2702 cum
1145 2648 1407 2720 proximo
1453 2652 1575 2715 tuo,
1624 2665 1728 2705 nec
1768 2651 2091 2723 quidquam
2203 2639 2360 2695 hunc
2394 2648 2686 2698 auctorem
2703 2660 3007 2717 nunquam
3036 2646 3293 2705 voluisse
3309 2650 3545 2707 Judasos
3574 2652 3808 2710 solutosa

440 2738 599 2793 dices
632 2737 931 2808 proprium
965 2737 1097 2807 (45).
1137 2759 1157 2783 ι
1192 2735 1391 2808 Viguit
1419 2736 1512 2791 hic
1535 2754 1661 2792 mos
1685 2740 1837 2809 apud
1872 2742 2093 2810 primos
2202 2735 2487 2801 praecepto
2519 2731 2852 2787 abstinendi
2885 2733 3118 2791 realiter
3147 2753 3181 2791 a
3209 2737 3357 2794 cibis
3391 2739 3449 2793 in
3480 2745 3600 2812 lege
3628 2741 3805 2810 vetitis,

438 2826 661 2895 fideles,
695 2830 760 2879 ut
790 2828 1016 2879 constat
1041 2841 1109 2879 ex
1136 2826 1294 2879 Actis
1342 2825 1738 2896 apostolorum
1784 2829 1918 2895 (46).
1954 2830 2091 2885 Ter-
2202 2817 2301 2871 sed
2335 2818 2500 2875 υῐιίοθ
2530 2820 2853 2876 intendisse
2885 2838 2991 2894 0P9
3020 2822 3199 2894 huius
3227 2827 3592 2883 αδεῖίηθηιίδε
3617 2845 3703 2885 009
3730 2845 3802 2885 τε·

437 2914 517 2968 tio
549 2912 792 2983 diligere
822 2935 849 2962 «
885 2917 948 2967 ut
977 2912 1261 2984 pupillam
1294 2913 1692 2981 oculiomnes,
1728 2936 1755 2962 ››
1789 2917 1889 2986 qui
1921 2919 2090 2973 nobis
2201 2903 2431 2961 trahere
2462 2924 2494 2962 ει
2522 2908 2680 2963 νίῐίίε
2711 2909 2790 2963 ibi
2824 2911 3174 2967 counotatis.

436 3001 762 3073 loquuntur
785 3002 1024 3057 verbum
1047 3002 1148 3055 Dei
1172 3018 1184 3055 :
1208 3024 1235 3051 ‹‹
1270 3001 1503 3073 Diliges,
1529 3004 1893 3074 utpupillam
1914 3007 2085 3077 oculi,
2257 3071 2271 3082 Α
2412 3067 2488 3082 τη
2649 3068 2706 3082 Α,
2883 3073 2923 3082 η
3141 3074 3153 3082 _
3223 3074 3235 3082 _
3268 3075 3298 3082 __
3344 3076 3356 3082 _
3445 3078 3454 3082 Α
3727 3034 3734 3040 -

436 3107 671 3146 omnem
703 3092 803 3161 qui
830 3090 933 3144 tibi
964 3090 1224 3161 loquitur
1254 3091 1497 3145 verbum
1528 3091 1779 3146 Domini.
1815 3116 1842 3143 «
1871 3093 2021 3158 Quar

2240 3071 2379 3122 Aa'r.
2411 3067 2510 3124 Ill.
2545 3100 2610 3110 —
2642 3068 3050 3161 Observati'oa‘es
3175 3074 3551 3146 philologiam
3577 3094 3771 3136 sacram

433 3179 693 3235 confiteri
736 3183 973 3251 peccata
1028 3184 1261 3234 nostra:
1327 3202 1353 3228 ‹‹
1417 3181 1795 3236 Conﬁteberis
1852 3199 2018 3252 pecca

1586 3181 1795 3236 teberis
1852 3151 2086 3252 peccata
2118 3153 2160 3220 C
2851 3151 3171 3213 δρεοιαηιεδα

434 3274 551 3324 tua.
590 3290 617 3317 »
647 3269 905 3324 Tandem
937 3284 1155 3337 cavero,
1192 3284 1261 3321 ne
1292 3284 1551 3338 unquam
1588 3290 1615 3318 ‹‹
1635 3269 1694 3323 in
1719 3271 1976 3327 oratione
1999 3289 2085 3327 ac-
2268 3263 2417 3319 Dum
2448 3265 2723 3319 Barnabas
2761 3270 2926 3337 gesta
2957 3266 3082 3323 fuse
3134 3272 3528 3343 prosequitur,
3578 3273 3807 3345 miraque

431 3358 710 3413 cedamus
741 3358 813 3411 ad
837 3357 1020 3411 Deum
1044 3356 1101 3409 in
1125 3356 1480 3411 conscientia
1503 3357 1658 3412 mala
1678 3359 1809 3428 (47).
1836 3381 1862 3407 ››
1886 3361 2087 3415 Praci-
2195 3351 2413 3423 ingenii
2446 3353 2787 3409 dexteritate
2817 3354 3072 3411 illustrat
3118 3357 3205 3413 vir
3244 3359 3621 3418 doctissimus
3650 3365 3804 3417 Maso-

429 3463 557 3518 puae
588 3447 675 3501 hae
706 3452 847 3501 sunt
876 3450 1024 3500 notae
1056 3444 1158 3499 viae
1188 3444 1337 3499 lucis
1367 3462 1378 3499 :
1415 3469 1441 3495 ‹‹
1498 3447 1621 3501 Haec
1652 3452 1759 3515 est,
1811 3448 1953 3504 dicit
1980 3466 2082 3505 au-
2194 3441 2380 3511 Chius,
2413 3441 2635 3513 aliquot
2663 3442 2841 3497 etiam
2873 3445 3001 3515 ejus
3032 3446 3290 3517 epistolae
3321 3448 3452 3505 loca
3485 3451 3697 3523 egregie
3718 3466 3803 3522 pro

430 3540 574 3603 ctor,
603 3535 697 3590 via
724 3535 892 3589 lueis.
926 3557 953 3583 ››
2195 3544 2355 3584 more
2386 3546 2492 3586 suo
2524 3530 2793 3586 edisserit
2821 3548 2834 3586 :
2867 3536 2934 3587 ut
2964 3534 3209 3604 proinde
3238 3551 3431 3608 Operae
3466 3540 3700 3611 pretium
3726 3553 3801 3592 me

500 3629 845 3695 Interopera
864 3623 1621 3691 tenebrarum,notabiliora
1634 3629 1773 3680 sunt
1792 3625 2079 3682 idolorum
2193 3618 2484 3673 facturum
2507 3618 2923 3690 existimem,si
2945 3620 3276 3681 luculentas
3294 3623 3459 3681 illius
3491 3625 3803 3682 observatio-

430 3715 699 3783 servitus,
732 3712 1051 3779 temeritas,
1084 3712 1254 3767 elatio
1283 3713 1607 3783 potestatis,
1640 3713 1957 3781 simulatio,
1982 3733 2081 3772 cor
2190 3722 2294 3762 i168
2327 3723 2501 3762 380m
2531 3707 2861 3780 PhiiOIOSiIB
2888 3710 3081 3766 stadio
3107 3712 3470 3782 permultum
3502 3716 3797 3789 profuturas

430 3803 665 3874 duplex,
699 3802 1103 3871 homicidium,
1146 3802 1368 3871 rapina,
1404 3802 1595 3868 dolus,
1644 3803 1886 3871 malitia,
1920 3823 2077 3862 apro-
2189 3795 2297 3850 hoc
2323 3793 2447 3850 loco
2479 3796 2807 3851 describam
2839 3798 2970 3869 (52).
3005 3800 3196 3856 Prima
3239 3802 3570 3860 observatio
3597 3801 3799 3876 respicit

423 3891 643 3963 gantia,
701 3889 1066 3963 veneficium,
1131 3889 1340 3959 magia,
1402 3890 1665 3958 avaritia,
1721 3892 1918 3948 nullus
1974 3895 2077 3949 Dei
2188 3889 2362 3957 οειρυῐ
2391 3888 2620 3941 sextum
2651 3885 2927 3957 9Pi8i0183,
2960 3888 3116 3959 quod
3149 3889 3231 3945 Sic
3292 3890 3506 3964 incipit
3534 3891 3798 3964 (53)ε’()τε

418 3980 614 4034 timor.
652 3979 715 4033 In
747 3978 855 4033 hac
894 3978 1266 4032 tenebrarum
1310 3979 1403 4032 via
1451 3980 1822 4035 continentur
1860 3984 2003 4053 parit

2211 3971 2277 4025 ὧν
2311 3970 2561 4041 ἐποίησεν
2596 3971 2840 4044 ἐντολήν,
2892 3979 2997 4031 etc.
3032 3976 3175 4033 Cum
3226 3984 3431 4035 autem
3461 3981 3591 4037 fecit
3616 3995 3796 4053 prece-

419 4072 821 4139 persecutores
845 4068 1151 4135 bonorum,
1175 4083 1371 4122 osores
1400 4068 1681 4136 veritatis,
1707 4074 1763 4124 et
1785 4076 2075 4128 amatores
2186 4068 2352 4135 Pium
2385 4063 2717 4135 (Christus).
2746 4063 2887 4135 quid
2921 4064 3062 4120 dicit
3082 4066 3110 4120 ?
3137 4066 3246 4131 Οοί
3276 4073 3391 4138 est,
3425 4069 3799 4141 quijudicetur

419 4156 709 4213 mendacii
734 4173 746 4209 :
784 4178 811 4205 ‹‹
838 4157 899 4209 In
925 4172 1040 4226 qua
1062 4156 1458 4225 tenebrarum,
1483 4157 1576 4211 via
1606 4162 1763 4225 sunt,
1785 4159 2071 4217 bonorum
2186 4167 2414 4208 mecum
2435 4152 2463 4207 ’ἶ
2494 4175 2523 4203 ”
2552 4154 2623 4209 Et
2651 4168 2777 4224 (ἰυω
2821 4170 2991 4224 PONO
3040 4171 3109 4211 ex
3158 4154 3321 4211 Ῑεεὶίω
3356 4175 3409 4225 ιι,
3462 4159 3517 4227 8,
3545 4158 3579 4211 9
3605 4155 3794 4214 meim-

418 4248 843 4315 persecutores,
918 4260 1115 4299 osores
1190 4244 1472 4311 veritatis,
1551 4251 1841 4303 amatores
1910 4266 2069 4305 men-
2188 4244 2285 4298 Hic
2316 4243 2623 4297 observatu
2656 4257 2769 4297 non
2823 4241 3132 4314 indignum
3183 4250 3294 4313 est,
3345 4243 3596 4315 ἐντολήν,
3620 4259 3794 4318 ,υτ-εει·

419 4332 570 4388 dacii
601 4333 733 4403 (48).
797 4356 824 4383 »
881 4332 1151 4397 Quinimo
1206 4333 1328 4388 etii
1386 4350 1606 4399 omnes,
1664 4337 1761 4407 qui
1819 4338 2072 4410 diligunt
2179 4336 2354 4403 ptum,
2386 4330 2669 4399 absolute,
2721 4335 2777 4387 et
2821 4346 2925 4402 per
2974 4331 3379 4390 excellentiam
3428 4335 3612 4392 vocari
3639 4332 3795 4391 Patris

415 4437 585 4488 vana,
620 4425 1031 4476 consectantur
1060 4422 1615 4487 remunerationem,
1650 4441 1764 4480 non
1799 4425 2072 4482 miseren-
2174 4422 2504 4493 jussionem
2534 4420 2606 4475 de
2637 4419 3039 4476 Incarnatione
3068 4425 3125 4476 et
3153 4426 3273 4477 toto
3304 4422 3578 4481 humane
3602 4436 3797 4495 repara-

415 4514 512 4565 tur
542 4510 753 4583 inopis,
786 4527 900 4565 non
932 4510 1199 4565 laborant
1242 4511 1301 4567 in
1328 4511 1575 4582 gratiam
1627 4512 1806 4581 illius,
1847 4516 1942 4586 qui
1977 4515 2065 4570 la-
2098 4521 2143 4585 1)
2178 4510 2353 4566 tionis
2383 4509 2629 4580 negotio,
2663 4509 2817 4578 quod
2875 4506 3097 4570 ἐντολὰς
3128 4512 3226 4563 τοῦ
3276 4510 3514 4586 Πατρὸς,
3557 4512 3796 4586 praecepta

414 4600 554 4655 bore
585 4617 651 4654 ac
682 4599 959 4655 aerumnis
991 4600 1286 4655 confectus
1316 4606 1426 4668 est,
1460 4602 1530 4655 ad
1586 4603 2068 4661 obtrectationem
2182 4600 2387 4664 Patris,
2420 4601 2584 4653 vocat
2605 4597 2729 4669 ipse
2752 4597 3019 4654 Christus
3040 4599 3207 4654 Joan.
3238 4618 3330 4666 xv,
3360 4603 3447 4669 10,
3471 4619 3538 4658 ac
3567 4599 3795 4657 fortassis

415 4689 691 4761 prompti,
727 4694 1060 4745 aversantes
1092 4705 1359 4761 egenum,
1414 4689 1733 4761 affligentes
1764 4692 2066 4765 afflictum,
2182 4687 2464 4744 alluditur
2494 4704 2525 4741 a
2556 4687 2824 4741 Barnaba
2866 4687 2937 4742 ad
2989 4686 3134 4742 illud
3177 4688 3391 4760 psalmi
3444 4707 3631 4758 χχιιι,
3658 4688 3709 4756 8,
3732 4686 3791 4755 9i

418 4800 443 4827 ‹‹
481 4778 723 4832 divitum
754 4777 1039 4844 advocati,
1074 4795 1395 4848 pauperum
1420 4779 1648 4848 judices
1680 4780 1889 4851 iniqui.
1930 4806 1954 4831 υ
2182 4778 2326 4831 Tunc
2354 4776 2516 4831 dixi:
2552 4778 2693 4831 Ecce
2739 4776 2896 4831 venio
2929 4822 2942 4831 .
2980 4819 2992 4832 .
3031 4818 3044 4830 .
3081 4819 3093 4831 .
3127 4785 3188 4832 ut
3241 4780 3454 4848 faciam
3497 4780 3796 4836 voluntatem

483 4865 609 4921 Alio
640 4866 697 4920 in
729 4867 992 4937 ejusdem
1025 4866 1281 4937 epistolae
1316 4866 1463 4937 loco,
1505 4885 1619 4938 quo
1668 4870 1829 4923 abuti
1887 4871 2068 4943 aliqui
2181 4870 2372 4921 tuam:
2406 4881 2581 4937 quam
2625 4863 2983 4920 voluntatem
3035 4881 3171 4920 mox
3214 4867 3383 4938 legem
3437 4873 3638 4925 vocat:
3684 4865 3794 4921 Deus

481 5098 595 5172 (44)
626 5098 726 5170 Ep.
759 5098 1032 5171 Barnab,,
1067 5118 1192 5172 cap.
1231 5102 1315 5155 19.
1664 5116 1669 5121 ‘

483 5171 593 5226 (45)
626 5171 772 5224 Ibid.

2209 5098 2503 5226 ,dhaarlebis
2525 5097 2864 5154 hominibus
2885 5097 3121 5165 talibus,
3155 5098 3258 5172 qui
3279 5100 3509 5157 similes
3530 5101 3665 5157 sunt
3691 5109 3794 5169 por-

2214 5190 2283 5226 lS.
2307 5194 2334 5222 ι)
2395 5187 2511 5225 BlD.

695 5187 772 5224 10.
2178 5190 2283 5229 018.
2307 5194 2334 5222 ὶ)
2370 5187 2511 5226 lBlD.

483 5173 593 5243 (45)
626 5173 772 5224 ibid.
2178 5173 2283 5229 cis.
2307 5194 2334 5222 »
2370 5173 2511 5226 Iern.

480 5242 591 5309 (46)
620 5245 871 5297 Actuum
904 5259 1029 5314 cap.
1066 5260 1103 5297 ιι
1137 5247 1192 5299 et
1226 5261 1296 5298 ιν.
2247 5243 2362 5314 (51)
2396 5266 2423 5292 ‹‹
2458 5241 2685 5314 Moyses
2733 5240 2805 5295 de
2852 5242 3004 5314 escis
3034 5243 3145 5298 tria
3195 5244 3428 5299 decreta
3457 5242 3682 5314 locutus
3704 5239 3794 5314 est,

476 5314 589 5384 (47)
624 5338 648 5361 ‹‹
688 5314 809 5387 Non
839 5311 1077 5369 accedes
1128 5318 1197 5370 ad
1246 5315 1562 5369 orationem
1612 5320 1771 5370 tuam
1813 5315 1965 5371 mala
2002 5318 2057 5372 in
2179 5311 2265 5369 illi
2294 5311 2428 5370 vero
2458 5311 2665 5387 Judaei,
2696 5312 2864 5382 quasi
2906 5313 2975 5368 de
3019 5314 3168 5369 escis
3212 5315 3563 5387 simpliciter
3590 5312 3793 5385 egisset,

408 5385 783 5458 conscientia.
822 5408 841 5434 υ
881 5387 986 5457 Ep.
1029 5388 1222 5453 Barn.,
1258 5403 1380 5455 cap.
1420 5388 1502 5439 19.
2176 5389 2541 5458 acceperunt.
2580 5406 2607 5458 ξ)
2647 5385 2789 5458 Iam.

483 5457 592 5528 (48)
624 5463 735 5529 Ep.
761 5449 1064 5529 Bar.,'cap.
1104 5449 1216 5511 2οξ
1329 5449 1342 5455 ’
2245 5449 2357 5529 (5‘2)
2388 5454 3068 5529 Mazochgiqtlommentar.
3104 5455 3161 5511 in
3192 5462 3301 5512 vet.
3331 5460 3539 5512 Herm.
3574 5449 3793 5515 Kalend,

621 5525 763 5613 lb'iAd.
796 5525 919 5600 cupi.
957 5525 1044 5613 ¹10.
1107 5602 1115 5610 Π
1406 5602 1436 5613 Η
1646 5600 1653 5609 .
1698 5600 1735 5613 μ
1880 5605 1889 5613 ι
2173 5525 2568 5613 νθὲἠῌᾲρβε.
2599 5525 2859 5613 Ξ-ηῶγὶιι.

476 5600 586 5677 (50)
623 5620 649 5653 σι
678 5597 1040 5675 Quapropter
1070 5602 1152 5657 sic
1176 5616 1340 5657 suem
1366 5602 1466 5670 ait,
1491 5600 1657 5673 quasi
1681 5600 1920 5671 diceret,
1946 5618 2062 5661 non
2244 5600 2359 5681 (53)
2390 5597 2572 5677 Epist.
2604 5597 2879 5670 Barnab.,
2913 5615 3036 5671 cap.
3070 5602 3123 5657 6.
3159 5600 3243 5659 lit.
3282 5604 3337 5660 C.
