4014 6202
2568 296 2603 314 ρν

194 378 300 441 717
1551 374 1779 437 PROLI

1974 374 2163 435 'ENA.
3440 383 3559 443 718

192 528 327 569 mea:
350 510 510 578 volui,
540 514 592 564 et
622 510 791 579 legem
825 517 973 564 tuam
1006 510 1063 563 in
1094 508 1270 563 medio
1294 508 1476 564 cordis
1505 509 1633 563 mei.
1668 508 1801 561 Om-
1831 508 1887 574 Α
1916 507 2115 572 xisset,
2163 524 2227 561 ex
2286 512 2435 562 terra
2494 511 2807 565 formatum
2865 526 2991 566 esse
3051 513 3261 568 Adam.
3314 514 3383 569 Et
3444 515 3559 573 haec

190 600 312 656 nino
339 599 441 654 hac
474 598 855 671 praeceptione
887 597 1075 653 divina
1109 597 1292 670 plena:
1326 601 1467 653 sunt
1498 597 1805 668 utriusque
1916 595 2087 650 etiam
2120 596 2335 651 ibidem
2377 597 2618 652 totidem
2671 599 2861 653 verbis
2909 601 3171 657 Clemens
3217 602 3389 657 refert
3430 620 3558 677 cap.

190 687 415 743 Fasderis
442 687 692 758 paginae:
728 685 836 741 hoc
867 692 1099 741 tantum
1131 686 1224 741 hic
1257 702 1491 751 novum,
1552 687 1705 757 quod
1738 700 1805 739 ea
1910 684 2011 738 VII
2058 686 2190 754 (57),
2252 686 2422 739 sicuti
2482 687 2656 740 etiam
2716 689 2773 741 in
2824 690 3206 759 sequentibus
3246 692 3557 762 capitibus,

189 778 270 831 hic
297 775 548 831 absolute
574 784 905 847 praeceptum
935 782 1323 846 nuncupetur.
1357 780 1427 828 At
1451 774 1803 829 vetusinter-
1914 773 2133 843 pluries
2188 774 2328 828 illud
2398 774 2713 847 προσέχετε,
2792 779 3080 843 attendite,
3159 778 3556 849 intercaletur,

186 881 303 937 pres
330 866 422 920 Dei
447 869 788 935 praeceptum
817 864 1086 935 reddidit,
1122 869 1185 918 ut
1214 862 1471 918 insolens
1526 860 1802 933 loquendi
1913 863 2065 932 quod
2091 862 2379 933 peculiare
2400 868 2489 917 est
2535 860 3014 937 ἀλληγορούντων,
3050 867 3120 920 ad
3171 869 3552 926 attentionem

188 969 348 1025 genus
370 951 577 1007 clarius
590 953 863 1008 efﬁceret.

1964 952 2255 1006 :uendam.
2289 952 2425 1023 Cap.
2464 952 2531 1005 IX
2557 955 2704 1021 (58):
2742 950 2913 1006 Ἀλλὰ
2956 952 3042 1005 καὶ
3093 952 3195 1014 mi:
3241 955 3413 1021 Σύρος
3462 956 3549 1011 καὶ

246 1041 443 1096 Eodem
473 1041 531 1095 in
563 1043 750 1112 capite
779 1041 951 1113 paulo
982 1045 1113 1113 post
1142 1042 1254 1111 (5-4)
1287 1040 1524 1096 recitato
1586 1039 1800 1110 Moysis

1966 1040 2086 1111 ιραψ
2113 1038 2199 1091 καὶ
2233 1039 2421 1099 πάντες
2455 1039 2504 1091 οἱ
2547 1040 2707 1113 ἱερεῖς
2758 1044 2862 1091 τῶν
2920 1038 3185 1111 εἰδώλων,
3241 1050 3371 1113 elc.,
3424 1063 3551 1117 qum

184 1130 489 1185 testimonio
522 1131 592 1185 de
637 1130 1016 1201 adipiscenda
1068 1136 1221 1185 terra
1279 1130 1492 1183 ﬂuente
1551 1128 1696 1183 lacte
1743 1133 1800 1183 et
1911 1128 1991 1181 sic
2028 1129 2225 1184 Latine
2273 1132 2441 1184 vertit
2465 1129 2551 1182 vir
2575 1129 2939 1183 clarissimus
2988 1132 3304 1187 Cotelerius
3354 1134 3556 1191 doctor

182 1217 347 1288 melle,
381 1219 580 1273 statim
610 1218 731 1273 hac
762 1217 964 1273 subdit
1020 1218 1343 1273 Barnabas:
1386 1217 1588 1282 «Quid
1645 1216 1800 1270 dicat
1908 1217 2327 1273 Sorbonicus...
2389 1240 2413 1270 ιι
2444 1218 2657 1273 Verum
2690 1223 2747 1272 et
2775 1219 2965 1273 omnis
3015 1220 3194 1290 Syrus
3246 1226 3301 1275 et
3351 1223 3552 1291 Arabs,

181 1309 352 1359 Γνῶσιν
384 1308 665 1377 (cognitio,
714 1309 834 1362 sive
876 1306 1154 1376 scientia),
1208 1306 1440 1360 discite:
1469 1306 1705 1376 Sperate
1737 1304 1795 1358 in
1906 1309 1962 1359 et
1992 1321 2195 1361 omnes
2244 1306 2534 1361 idolorum
2590 1307 2918 1362 sacerdotes
2971 1308 3492 1365 circumciduntur.
3524 1334 3553 1362 ››

178 1395 491 1466 eum,quiin
516 1412 689 1450 carne
712 1395 1178 1450 manifestandus
1203 1394 1489 1463 estvobis,
1514 1394 1737 1448 Jesum.
1766 1416 1793 1441 »
1906 1394 2038 1458 Quae
2072 1395 2276 1449 merito
2310 1394 2716 1449 difficultatem
2741 1400 3029 1451 crearunt.
3056 1396 3271 1452 Verum
3296 1398 3415 1453 haec
3437 1416 3553 1455 non

177 1483 1109 1555 I‘vibaawz(scientiaa)nomine,aevo
1132 1482 1450 1554 apostolico
1472 1482 1793 1537 intellectas
1906 1487 2043 1536 sunt
2076 1484 2145 1537 ad
2180 1483 2524 1538 severiorem
2554 1484 2839 1538 trutinam
2874 1485 3175 1555 exigenda,
3211 1487 3309 1541 sed
3368 1506 3550 1561 παχυ-

174 1574 334 1628 fuisse
362 1589 606 1629 arcanas
638 1578 693 1628 et
722 1572 1063 1644 allegoricae
1094 1572 1303 1627 veteris
1325 1570 1578 1625 chderis
1610 1570 1792 1641 signi-
1900 1568 2092 1642 τὲρως,
2127 1573 2504 1638 crassz‘uscule,
2538 1573 2875 1643 accipienda
2906 1573 3061 1627 hunc
3104 1574 3285 1629 ferme
3314 1576 3373 1629 in
3423 1593 3550 1632 mo-

172 1661 463 1729 ﬁcationes,
498 1678 672 1717 nemo
706 1662 953 1732 ignorat.
987 1661 1068 1715 Ea
1096 1664 1185 1715 est
1210 1658 1388 1714 clavis
1420 1659 1696 1726 scientiae,
1733 1658 1791 1711 in
1903 1658 2075 1713 dum:
2112 1661 2306 1724 Quivis
2338 1662 2535 1731 Syrus,
2569 1661 2760 1730 quivis
2793 1662 3006 1730 Arabs,
3056 1664 3247 1731 quivis
3298 1664 3545 1721 simula-

171 1765 271 1820 qua
298 1750 402 1805 sibi
442 1748 592 1823 legis
624 1751 838 1822 peritos
897 1749 1205 1820 placuisse,
1256 1747 1522 1801 Christus
1572 1746 1793 1801 notavit
1904 1764 2134 1802 crorurn
2196 1750 2465 1803 sacerdos
2502 1748 3009 1804 circumcisionem
3060 1751 3335 1805 admittit.
3388 1755 3539 1809 Aut:

167 1838 284 1907 (55).
312 1840 381 1893 At
434 1838 549 1893 hoc
582 1837 835 1909 amplius
866 1838 960 1891 hic
1016 1836 1557 1903 animadvertimus,
1588 1837 1787 1887 Γνῶσιν
1822 1873 1868 1936 Β
1903 1836 1984 1893 Ne
2014 1837 2137 1907 Syri
2170 1838 2407 1908 quidem
2440 1842 2495 1891 et
2526 1839 2743 1892 Arabes
2776 1843 2832 1893 et
2875 1839 3097 1909 profani
3150 1841 3477 1895 sacerdotes
3509 1858 3543 1897 a

166 1928 447 1998 scientiam,
481 1928 650 1998 quasi
679 1926 891 1981 librum
923 1926 1109 1993 citari,
1142 1930 1199 1980 et
1258 1942 1326 1979 ex
1374 1941 1439 1978 eo
1488 1925 1661 1979 verba
1692 1922 1790 1978 illa
1822 1922 1868 1936 "
1900 1927 2342 1981 circumcisione
2371 1927 2703 1981 abhorrent.
2738 1928 2879 1981 Nam
2916 1928 3053 1997 quia
3084 1928 3233 1983 inter
3264 1928 3437 2000 Syros
3486 1935 3543 1985 et

166 2015 417 2085 proferri:
450 2019 711 2087 Sperate,
745 2020 851 2070 etc.
904 2015 1066 2080 Quod
1115 2012 1353 2085 quidem
1402 2029 1469 2067 ex
1499 2012 1788 2067 Clemente
1898 2016 2133 2084 Arabes,
2168 2016 2433 2085 interque
2480 2018 2752 2085 profanos
2803 2016 3131 2069 sacerdotes
3182 2022 3396 2087 essent,
3438 2018 3541 2088 qui

163 2102 525 2160 Alexandrino
556 2106 690 2175 (56),
748 2103 929 2159 multo
961 2108 1050 2159 est
1105 2102 1447 2170 evidentius,
1509 2101 1607 2155 ubi
1668 2102 1787 2155 haec
1898 2102 1995 2157 illo
2029 2120 2090 2158 se
2123 2104 2291 2158 modo
2327 2104 2665 2157 mundiores
2697 2108 3079 2174 praestarent;
3114 2104 3278 2159 licuit
3323 2110 3540 2161 Barna-

163 2193 313 2248 verba
340 2210 406 2249 ex
436 2194 709 2248 Barnaba
738 2194 821 2248 sic
855 2192 1189 2256 recitantur,
1214 2195 1276 2245 ut
1298 2189 1479 2265 φησίν,
1515 2190 1668 2261 quod
1694 2190 1786 2245 hic
1896 2194 1978 2247 ba:
2010 2192 2270 2263 apostolo
2302 2194 2511 2259 dicere,
2548 2192 3054 2246 circumcisionem
3088 2193 3419 2262 promiscue
3466 2195 3539 2249 ab

164 2281 319 2348 deest,
342 2281 873 2354 suppleaturzouid
894 2281 1047 2335 dicat
1062 2279 1575 2352 cognitio,discite:
1603 2275 1785 2331 Ἐλπί-
1893 2280 2010 2335 illis
2044 2281 2334 2352 usurpari.
2373 2280 2511 2346 Quis
2535 2298 2649 2335 non
2680 2280 2738 2334 in
2773 2279 2986 2335 talibus
3009 2280 3543 2352 similialoquitur?

164 2388 286 2437 σατε,
317 2368 498 2446 φησὶν,
534 2369 621 2424 ἐπὶ
650 2369 741 2423 τὸν
770 2374 905 2440 etc.,
938 2369 1182 2441 Sperate,
1243 2368 1455 2439 inquit,
1516 2370 1575 2421 in
1633 2384 1779 2435 eum,
1892 2373 2170 2423 Caeterum
2204 2370 2457 2423 Arabum
2494 2368 2778 2440 plurimos
2810 2368 2988 2423 fuisse
3019 2385 3244 2440 verpos,
3279 2369 3449 2425 sicuti
3482 2376 3541 2425 et

162 2461 388 2529 etc.,uti
408 2477 610 2532 supra.
646 2459 751 2513 Ubi
771 2457 1208 2522 animadvertis,
1234 2455 1379 2511 illud
1405 2453 1565 2530 φησιν
1590 2455 1780 2511 afferri
1893 2460 2220 2513 sacerdotes
2250 2457 2565 2529 Egyptios,
2600 2474 2713 2510 non
2757 2461 2845 2511 est
2894 2456 3159 2511 dubium.
3212 2462 3291 2511 Ac
3341 2475 3412 2512 ne
3463 2460 3535 2513 de

162 2562 217 2601 ex
245 2564 332 2603 ore
362 2549 659 2615 Barnabas,
693 2548 894 2618 utique
924 2564 992 2602 ex
1023 2544 1401 2617 Cognitionis,
1434 2546 1550 2599 sive
1583 2545 1778 2599 Scien-
1890 2547 2044 2617 Syris
2077 2546 2313 2617 quidem
2336 2551 2425 2599 est
2447 2544 2856 2609 dubitandum,
2881 2544 2929 2599 si
2955 2544 3186 2613 quidem
3210 2562 3409 2599 verum
3436 2546 3533 2613 sit,

161 2634 239 2689 tias
265 2635 403 2692 libro
443 2637 699 2692 citantis.
746 2635 947 2690 Plures
1005 2634 1143 2689 olim
1203 2634 1383 2688 fuisse
1440 2633 1777 2702 hujusmodi
1889 2636 2043 2707 quod
2075 2635 2297 2705 antiqui
2333 2634 2726 2699 crediderunt,
2760 2633 3059 2687 Phoenices
3090 2634 3392 2703 περιτομὴν
3424 2634 3534 2688 ad-

157 2722 392 2781 Βοίβηνἰᾶ
419 2725 604 2781 libros
645 2723 1040 2793 circumlatos,
1086 2723 1156 2776 ab
1200 2721 1418 2777 Judzeis
1469 2720 1779 2793 allegorica
1889 2724 2141 2779 misisse.
2177 2722 2452 2793 Origenes
2500 2723 2567 2775 ad
2627 2722 2790 2775 Rom.
2849 2738 2908 2789 ιι,
2958 2722 3047 2788 25,
3100 2722 3251 2775 inter
3299 2729 3534 2778 caiteros

157 2814 494 2868 sectantibus
526 2812 911 2882 conscriptos,
943 2827 1059 2865 non
1093 2814 1181 2865 est
1210 2810 1474 2864 dubium.
1534 2810 1615 2863 Ad
1680 2826 1776 2863 eos
1887 2812 2353 2867 circumcisionis
2385 2809 2634 2864 cultores
2666 2810 2842 2863 etiam
2878 2809 3177 2864 Phcenices
3206 2811 3533 2866 numeravit

155 2915 273 2972 ergo
305 2901 593 2956 Barnabas
622 2899 966 2972 plerumque
992 2897 1221 2969 ablegat
1251 2897 1513 2963 lectores,
1551 2896 1646 2951 ubi
1703 2898 1772 2951 ad
1886 2901 1978 2956 his
2008 2900 2231 2955 verbis:
2270 2921 2296 2947 ‹‹
2328 2899 2383 2952 Si
2421 2898 2711 2969 replicetis
2744 2898 3018 2952 historias
3068 2903 3313 2966 vestras,
3368 2898 3532 2954 inve-

152 2986 434 3060 allegorias
462 2988 811 3060 digreditur.
846 2986 1077 3041 Scimus
1107 2985 1423 3041 hodiedum
1462 2986 1522 3039 in
1566 2989 1774 3055 Targu—
1886 2989 2062 3044 nietis
2111 3006 2224 3043 non
2275 2987 2465 3041 solum
2488 2988 2884 3057 .Egyptiorum
2930 2988 3280 3057 sacerdotes,
3324 2988 3423 3042 sed
3475 2992 3532 3043 et

151 3078 267 3131 mim
294 3076 415 3133 loca
445 3074 751 3148 complura
778 3076 849 3129 ad
897 3074 1169 3130 Messiam
1222 3074 1458 3128 referri:
1521 3073 1675 3143 quod
1709 3089 1776 3127 ex
1883 3079 2105 3133 Arabas
2135 3082 2191 3132 et
2221 3077 2534 3149 /Egyptios,
2572 3075 2894 3143 Phoenices,
2945 3075 3227 3146 aliosque,
3280 3092 3531 3146 quorum

152 3166 330 3220 eadem
360 3165 565 3218 Γνώσει
599 3164 875 3219 manavit.
1815 3234 1843 3237 μ
1884 3167 2081 3222 studia
2136 3166 2322 3237 gratia
2380 3164 2722 3233 hujusmodi
2780 3164 3219 3234 superstitionis
3279 3164 3531 3220 nobilius

212 3253 537 3309 Notandum
570 3258 658 3308 est
690 3256 883 3307 autem
917 3252 975 3305 in
1008 3250 1260 3322 ascripto
1290 3250 1435 3319 loco,
1478 3251 1584 3305 etsi
1644 3267 1770 3304 om.
1802 3234 1843 3299 C
1883 3256 2095 3327 vigent,
2120 3234 2147 3303 ,ὲ

149 3341 233 3396 nia
250 3342 432 3397 verbis
462 3340 708 3396 totidem
741 3357 809 3396 ex
838 3338 1031 3392 Γνώσει
1052 3340 1386 3406 recitentur,
1413 3338 1554 3393 illud
1577 3347 1769 3393 tamen
1950 3346 2087 3414 Cap.
2107 3342 2256 3398 XVI:
2286 3366 2304 3391 ιι
2333 3342 2538 3396 Adhuc
2561 3347 2617 3396 et
2635 3342 2705 3396 de
2727 3340 2944 3412 templo
2968 3341 3158 3395 dicam
3180 3341 3362 3409 vobis,
3388 3357 3528 3411 quo-

150 3428 333 3495 Ἰησοῦν
363 3433 571 3499 Iesum,
605 3429 757 3500 quod
790 3428 861 3483 ad
911 3428 1086 3482 finem
1148 3428 1399 3494 additur,
1442 3444 1509 3483 ex
1554 3428 1735 3482 Barna

1942 3434 2048 3488 odo
2074 3435 2334 3487 errantes
2358 3430 2577 3499 miseri,
2608 3428 2693 3481 ἐπὶ
2723 3429 2821 3495 τὴν
2854 3425 2976 3481 ὁδὸν
3006 3424 3264 3498 ἤλπισαν,
3290 3430 3347 3483 in
3369 3430 3521 3483 viam

150 3517 223 3571 bis
272 3535 445 3574 manu
506 3518 853 3590 profectum,
915 3533 1031 3571 non
1082 3516 1154 3571 ab
1202 3521 1432 3571 auctore
1492 3515 1766 3581 Γνώσεως,
1878 3524 2277 3594 speraverunt,
2308 3524 2364 3573 et
2394 3535 2508 3573 non
2539 3517 2596 3571 in
2628 3518 2810 3572 Deum
2842 3519 3058 3588 ipsum,
3093 3517 3192 3587 qui
3226 3518 3360 3572 fecit
3398 3533 3516 3586 eos,

151 3621 305 3676 quem
332 3607 574 3679 quidem
604 3606 869 3660 Judaeum
902 3605 1083 3660 fuisse
1114 3620 1349 3660 necesse
1371 3609 1478 3672 est,
1510 3604 1767 3676 alioquin
1878 3608 2045 3680 quasi
2077 3610 2288 3663 domus
2318 3606 2418 3661 Dei
2446 3611 2598 3660 esset
2628 3606 2759 3676 (59).
2789 3628 2814 3653 ››
2844 3606 2946 3659 Hic
2982 3622 3097 3659 non
3127 3611 3216 3660 est
3244 3605 3512 3673 dubium,

148 3711 176 3748 a
200 3695 450 3752 Barnaba
489 3694 728 3765 Judasos
773 3694 1105 3749 convicturo
1154 3694 1398 3748 minime
1444 3694 1763 3749 citandum.
1877 3697 2017 3769 quin
2051 3693 2199 3763 ὁδοῦ,
2234 3696 2360 3761 vias,
2392 3695 2625 3749 nomine
2656 3694 2939 3765 templum
2968 3693 3198 3749 veniat:
3225 3711 3361 3749 nam
3384 3694 3518 3748 etin

143 3782 356 3841 Judaeus
385 3790 583 3841 autem
614 3783 881 3839 Messiam
937 3787 1125 3850 norat,
1183 3784 1382 3838 Iesum
1430 3799 1544 3837 non
1577 3788 1762 3837 norat.
1878 3786 2285 3859 templototam
2308 3785 2646 3839 Judaeorum
2673 3784 2943 3837 ﬁduciam
2975 3782 3156 3837 fuisse
3178 3782 3517 3854 repositam,

144 3871 331 3929 Statim
380 3874 607 3929 ibidem
644 3872 944 3943 sequitur:
1010 3894 1039 3920 «
1072 3871 1254 3926 Homo
1312 3871 1466 3925 enim
1526 3877 1595 3943 γῆ
1658 3870 1764 3923 ἐστι
1878 3881 2039 3931 notat
2070 3874 2169 3929 illa
2200 3873 2443 3929 celebris
2483 3871 2901 3927 conclamatio:
2940 3873 3213 3942 Templum
3264 3873 3515 3938 Domini,

143 3961 426 4035 πάσχουσα,
460 3968 620 4018 terra
648 3966 735 4016 est
764 3961 1009 4032 patiens.
1043 3982 1069 4008 »
1099 3961 1352 4031 Apparet
1409 3959 1503 4015 hic
1551 3960 1764 4015 Barna-
1874 3966 2137 4036 templum
2172 3965 2405 4032 Domini,
2430 3967 2485 4016 et
2515 3962 2667 4031 quod
2719 3961 2882 4015 initio
2943 3966 3135 4016 noster
3181 3962 3251 4015 de
3299 3960 3516 4033 templo

140 4050 279 4122 bam,
311 4057 409 4108 aut
437 4050 711 4122 quisquis
750 4054 838 4105 est
895 4052 1115 4114 auctor,
1175 4047 1537 4119 philosophis
1594 4065 1767 4103 aures
1876 4053 2180 4126 proposuit
2210 4053 2399 4106 dicere
2428 4056 2483 4105 et
2531 4050 2683 4120 quod
2732 4067 2864 4104 mox
2912 4050 3145 4117 subdit;
3199 4052 3358 4121 quasi
3405 4051 3519 4118 (via

142 4138 471 4196 admovisse.
493 4138 642 4193 Nam
661 4136 803 4192 illud
825 4136 1130 4209 πάσχουσα,
1151 4138 1395 4207 patiens,
1426 4138 1494 4191 ad
1517 4136 1768 4208 philoso-
1876 4143 2101 4199 scilicet
2130 4141 2251 4212 illa)
2282 4143 2469 4196 domus
2500 4140 2596 4193 Dei
2622 4146 2775 4193 esset.
2804 4138 2962 4192 Vidit
2993 4144 3047 4193 et
3077 4139 3184 4193 hoc
3214 4144 3382 4194 vetus
3428 4139 3520 4192 in-

141 4225 370 4296 pborum
400 4226 662 4301 τεχνικὴν
708 4221 952 4298 γλῶτταν
1014 4225 1352 4295 (terminum
1411 4224 1726 4280 technicun

1938 4248 2117 4303 rpres,
2178 4230 2275 4300 qui
2336 4245 2438 4299 pro
2497 4223 2638 4295 ὁδόν,
2708 4227 2895 4297 (viam)
2956 4228 3152 4298 posuit
3197 4227 3389 4283 cedem.
3422 4227 3516 4281 Sic

140 4320 220 4370 est
238 4317 626 4384 referendum,
660 4332 777 4387 qua
807 4313 1109 4369 materiam
1139 4315 1260 4384 pati
1287 4313 1575 4369 dicebant.
1599 4338 1625 4364 ‹‹
1655 4316 1766 4370 llo-
1877 4322 2031 4376 enim
2055 4319 2335 4375 reddidit:
2362 4321 2423 4372 In
2451 4318 2628 4373 (edem
2658 4333 2805 4388 spem
2833 4317 3164 4370 habuerunt.
3200 4315 3518 4370 Cotelerius

142 4419 246 4472 mo,
275 4406 487 4478 inquit,
549 4410 635 4460 est
677 4421 745 4459 ex
790 4407 1008 4473 terra,»
1070 4419 1183 4458 non
1243 4403 1480 4473 quidem
1540 4409 1763 4475 agente,
1877 4410 2113 4481 quidem
2147 4408 2218 4462 ad
2259 4408 2526 4478 quaedam
2559 4406 2866 4461 Seniorum
2907 4406 3032 4459 loca
3081 4404 3336 4459 allusum
3386 4420 3519 4458 sus-

141 4494 229 4547 sed
258 4496 536 4564 patiente.
568 4494 747 4563 Cujus
780 4492 977 4547 statim
1011 4492 1293 4547 rationem
1326 4492 1515 4546 reddit
1536 4491 1627 4547 his
1649 4509 1766 4547 ver-
1878 4498 2125 4569 picatur,
2159 4497 2214 4551 in
2250 4496 2461 4567 quibus
2493 4492 2614 4553 ὁδός
2649 4494 2918 4549 similiter
2948 4511 3049 4565 pro
3099 4493 3313 4565 templo
3364 4492 3520 4546 sumi

138 4580 246 4637 bis:
307 4607 333 4633 ‹‹
365 4582 505 4638 Ἀπὸ
562 4581 858 4655 προσώπου
916 4580 1014 4654 γὰρ
1074 4581 1171 4646 τῆς
1222 4581 1385 4653 γῆςὴ
1418 4576 1616 4640 πλάσις
1672 4601 1723 4634 τε

1935 4603 2049 4642 )sse
2079 4585 2323 4639 videtur.
2358 4585 2571 4639 Verum
2604 4588 2661 4637 et
2692 4583 2783 4637 hic
2807 4584 3124 4653 Barnabas,
3170 4588 3225 4637 et
3270 4582 3347 4636 ibi
3384 4579 3520 4634 LXX

139 4667 298 4743 Ἀδὰμ
327 4669 541 4746 ἐγένετο
575 4676 620 4725 Α
652 4670 794 4725 facie
852 4672 1008 4725 enim
1060 4674 1224 4724 terrae
1284 4669 1438 4724 fictio
1486 4669 1610 4741 (seu
1660 4670 1724 4726 fOl

1935 4671 2057 4743 >36v,
2085 4675 2275 4739 limen,
2308 4672 2615 4744 scripsisse
2644 4672 2932 4737 videntur,
2962 4676 3239 4726 consueto
3261 4670 3520 4724 schema-

137 4761 321 4833 matio)
353 4762 487 4818 Adae
520 4760 758 4817 exstitit.
794 4782 822 4808 ››
856 4758 965 4814 Ubi
995 4757 1389 4830 pulcherrima
1418 4758 1764 4814 Hellenista-
1878 4769 1931 4820 te
1962 4768 2208 4831 utentes,
2242 4779 2355 4835 quo
2389 4779 2521 4833 pars
2550 4778 2651 4831 pro
2683 4766 2799 4814 toto
2824 4761 3098 4825 sumitur,
3121 4765 3176 4814 et
3198 4776 3311 4829 quo
3330 4757 3525 4812 hodie-

138 4864 256 4903 rum
285 4850 503 4906 locutio
536 4848 807 4905 occurrit.
858 4848 1204 4903 Hebraicum
1250 4847 1405 4902 enim
1447 4857 1591 4909 7:57:
1633 4849 1765 4913 Mip-
1878 4855 2019 4907 dum
2054 4852 2293 4917 utimur,
2328 4851 2426 4903 ubi
2478 4850 2677 4902 limina
2725 4850 3092 4918 apostolorum
3136 4849 3382 4902 invisere
3432 4847 3527 4901 di-

134 4952 264 5006 pene
292 4940 473 5009 (quod
501 4938 685 4994 Judaei
717 4936 1045 4993 Hellenistaa
1078 4941 1379 5009 perpetuo,
1438 4934 1541 4988 ἀπὸ
1600 4956 1719 5010 προ‹

1941 4959 2085 4996 mur.
2122 4940 2459 5010 Legendum
2508 4943 2595 4991 est
2650 4937 2829 5007 igitur
2885 4935 2969 4988 ἐπὶ
3029 4936 3116 4988 τὸν
3180 4934 3405 4990 οὐδὸν...
3466 4938 3526 4990 in

138 5025 298 5095 ώπου,
334 5028 443 5084 hoc
471 5033 580 5096 est,
614 5045 651 5083 a
680 5029 823 5098 facie
851 5026 1124 5096 reddunt)
1156 5025 1476 5095 quamlibet
1507 5042 1765 5094 causam,
1880 5031 2095 5094 limine,
2134 5029 2234 5082 hoc
2268 5032 2373 5091 est,
2411 5026 2611 5096 templo
2658 5041 2806 5095 spem
2863 5024 3199 5080 collocanles
3247 5028 3526 5078 Caeterum

137 5115 301 5171 etiam
334 5116 720 5182 materialem,
764 5115 845 5170 uti
879 5114 1169 5186 philosohi
1214 5113 1556 5184 loquuntur,
1617 5114 1769 5170 desi-
1881 5119 1927 5174 si
1961 5118 2258 5172 Barnabas
2289 5116 2457 5179 vium,
2489 5114 2587 5179 τὴν
2623 5110 2769 5177 ὀδόν,
2816 5114 2901 5167 uti
2934 5131 3087 5167 nunc
3120 5113 3349 5185 legitur,
3384 5112 3527 5167 scri-

136 5210 282 5274 gnat.
309 5205 454 5278 Ergo
485 5204 855 5262 tantumdem
885 5208 992 5272 est,
1019 5220 1053 5257 a
1080 5204 1227 5273 facie
1257 5208 1437 5271 terrm,
1471 5220 1536 5259 ac
1585 5203 1634 5259 si
1677 5204 1769 5259 di-
1881 5208 2015 5263 bere
2047 5204 2342 5270 voluissst,
2370 5204 2440 5258 ad
2476 5204 2649 5257 linem
2684 5202 2841 5254 οὖσαν
2876 5204 3192 5273 posuisset,
3228 5218 3342 5256 non
3375 5195 3519 5266 ὄντα,

220 5473 308 5546 54)
340 5474 444 5545 Ep.
478 5475 748 5541 Barnab.,
783 5490 912 5546 cap.
952 5475 1006 5539 6,
1041 5475 1151 5529 sub
1184 5472 1269 5528 lit.
1307 5477 1366 5529 B.
1882 5476 2276 5533 Gallandium.

219 5544 308 5620 ἓξ)
344 5544 475 5600 ιὺο·
506 5549 703 5620 XI,_52-
856 5544 869 5546 ⁷
991 5617 998 5620 _
1026 5619 1035 5620 ί
1951 5550 2061 5620 (58)
2090 5549 2332 5620 Ibidem,
2368 5544 2567 5620 p.1_‘2,:5_.

220 5617 310 5689 {56)
340 5615 787 5689 Strom.,'lib.v,
821 5633 944 5685 cap.
980 5617 1069 5689 10.
1436 5687 1446 5689 ᾉ
1516 5688 1519 5689 ν

1436 5687 1446 5689 ο
1516 5688 1519 5689 ,
1948 5615 2060 5689 (59)
2096 5619 2338 5683 Ibidem,
2373 5615 2429 5687 p.
2464 5615 2593 5683 435,
2629 5619 2691 5675 Α,

221 5688 309 5761 57)
344 5688 828 5763 ΒατηαὺεΕρίεμ,
863 5704 987 5760 cap.
1020 5688 1075 5754 7,
1109 5703 1240 5761 pag.
1278 5688 1400 5759 122,
1434 5687 1471 5743 1.
1510 5688 1573 5758 D,
1616 5689 1769 5762 apud
