4014 6202
187 424 295 489 728

190 737 411 790 conatus
440 738 527 789 est
568 732 885 804 Epistolam
916 733 1190 788 Barnabaa
1221 735 1536 806 genuinam
1569 735 1803 806 quidem

185 838 317 883 esse.
347 824 440 877 sed
471 837 584 875 non
617 821 1255 893 integram,omnesque
1286 825 1414 892 ejus
1447 823 1806 893 partes,viris

185 910 350 967 doctis
377 907 811 981 displicentes,a
839 909 1184 980 therapeuta
1214 912 1496 981 quodam,
1526 910 1802 967 Christia-

184 1014 369 1055 norum
402 1014 564 1053 sacra
584 998 1095 1070 secuto,originem
1129 1000 1395 1069 traxisse,
1425 1000 1523 1070 qui
1558 1000 1807 1071 mystica

181 1102 275 1142 sua
300 1086 578 1157 sapientia
606 1086 713 1140 viri
746 1086 1048 1158 apostolici
1090 1086 1315 1142 litteras
1345 1104 1556 1158 augere
1594 1088 1671 1142 sit
1699 1105 1801 1142 au-

181 1191 287 1230 sus.
321 1174 430 1230 Nos
460 1178 662 1230 contra
693 1175 830 1230 alibi
880 1175 1271 1247 integritatem
1306 1176 1570 1246 Epistolas
1612 1176 1803 1231 defen-

176 1263 296 1320 dere
321 1263 654 1319 studuimus
684 1263 817 1335 (94).
873 1263 1081 1319 Paucis
1112 1280 1269 1318 nunc
1318 1280 1440 1318 rem
1479 1263 1796 1319 absolvam.

239 1406 282 1459 1.
311 1403 556 1461 Secunda
584 1420 688 1460 seu
735 1404 1083 1476 paraenetica
1124 1421 1257 1474 pars
1308 1404 1597 1476 Epistolas,
1648 1422 1697 1459 ο.
1735 1406 1799 1460 18

177 1524 235 1535 -
258 1493 469 1564 21,‹Ῑιιω
491 1494 621 1564 jam
651 1496 784 1548 ante
813 1492 1229 1549 Schenkelium
1258 1510 1292 1548 a
1322 1492 1593 1565 pluribus
1613 1493 1672 1548 in
1698 1495 1801 1549 du-

173 1581 317 1637 bium
334 1582 669 1650 vocabatur,
701 1580 913 1653 quippe
945 1598 1071 1652 quae
1101 1581 1161 1636 in
1192 1582 1369 1637 veteri
1398 1582 1659 1637 versione
1685 1583 1796 1637 La-

174 1670 282 1725 tina
304 1686 414 1726 non
440 1674 647 1738 exstet,

232 1797 281 1863 α)
299 1795 423 1866 jam
472 1796 551 1850 ab
597 1794 1028 1865 antiquissimis
1081 1792 1200 1847 illis
1249 1794 1651 1864 scriptoribus,
1694 1794 1794 1865 qui

327 1883 500 1955 primi
562 1881 832 1954 Epistola:
889 1881 1244 1938 mentionem
1297 1882 1609 1951 faciebant,
1676 1880 1795 1937 Cle-

326 1939 520 2027 inente
566 1939 628 2026 et
665 1969 949 2041 Origene,
1000 1967 1149 2025 lecta
1187 1972 1293 2035 est,
1346 1973 1403 2024 et
1454 1939 1691 2024 laudata
1746 1971 1799 2023 et
1832 1939 1878 2002 Β

329 2059 526 2115 citata.

234 2147 282 2219 β)
309 2148 524 2203 Eadem
558 2146 617 2201 in
650 2147 946 2215 omnibus,
971 2162 1119 2217 quos
1149 2145 1677 2213 habemus,Graecis
1708 2162 1798 2201 co-

322 2235 557 2291 dicibus
585 2238 792 2290 exstat.

228 2324 277 2396 γ)
316 2324 437 2379 Non
470 2322 674 2379 minus
694 2323 755 2379 in
782 2322 1198 2379 stichometriis
1227 2326 1486 2379 veterum
1513 2339 1647 2393 pars
1679 2322 1798 2378 haec

329 2412 590 2468 secunda
619 2411 1058 2467 numerabatur.

234 2497 281 2574 ὃ)
307 2501 503 2558 Sancti
538 2500 703 2557 Pauli
737 2516 968 2573 quoque
996 2499 1266 2571 Epistolas
1313 2501 1462 2571 parti
1503 2499 1797 2555 didacticae

329 2590 577 2646 alteram
608 2593 833 2662 partem
866 2589 1275 2661 paraaneticam
1308 2589 1654 2659 adjungunt.

236 2680 279 2749 ε)
308 2683 369 2734 In
416 2682 587 2751 parte
636 2678 892 2735 secunda
938 2678 1008 2732 de
1053 2677 1284 2733 duabus
1333 2676 1442 2732 viis
1471 2676 1798 2743 disseritur,

332 2783 589 2840 quarum
610 2767 737 2838 jam
770 2767 829 2821 in
860 2769 1025 2837 parte
1054 2765 1244 2837 prima
1273 2781 1399 2837 cap.
1433 2766 1464 2819 4
1495 2769 1552 2820 et
1579 2767 1613 2819 6
1642 2781 1804 2820 men-

326 2857 407 2913 tio
436 2857 633 2913 fuerat
660 2856 831 2911 facta.

228 2944 273 3015 ζ)
304 2944 445 3017 Styli
476 2943 879 3000 diversitatem
910 2958 978 2999 ex
1007 2942 1233 2998 diversa
1277 2942 1586 3010 utriusque
1616 2941 1802 3012 partis

328 3031 529 3089 indole
554 3035 739 3087 ortam
770 3047 899 3087 esse
931 3030 1094 3086 facile
1118 3030 1523 3103 perspicimus.

230 3122 281 3176 2.
312 3121 509 3177 Prima
540 3135 771 3192 quoque
800 3118 1073 3192 Epistolas
1104 3135 1239 3191 pars
1264 3118 1490 3190 integra
1520 3122 1576 3172 et
1606 3118 1677 3173 ab
1706 3118 1799 3173 in-

170 3207 643 3280 terpolationibus
674 3206 859 3263 libera
887 3211 975 3263 est
1004 3206 1346 3277 reputanda.

1550 424 2077 489 PROLEGOMEN
2092 427 2138 488 Α
2153 471 2166 487 .

248 555 310 612 ν.
339 553 486 613 Idem
511 552 600 611 vir
627 554 853 625 doctus,
899 553 1101 612 Daniel
1143 554 1427 614 Schenkel
1466 558 1600 629 (93),
1636 563 1703 613 ut
1731 557 1802 612 li-
1832 564 1883 630 Α

184 650 290 703 tem
329 645 397 700 de
445 643 743 700 authentia
793 642 1064 716 Epistolas
1124 650 1514 717 componeret,
1566 648 1808 718 probare

3440 431 3558 492 726

2092 558 2363 631 genuinis
2394 563 2534 615 sunt
2563 564 2845 632 reputate.
2899 560 3123 634 Ubique
3165 562 3320 620 idem
3369 563 3556 621 fervor

2093 652 2295 704 contra
2318 648 2692 705 Judaismum
2723 650 2889 706 nobis
2920 652 3187 707 occurrit.

1988 737 2033 805 ε)
2066 737 2371 809 Perperam
2403 738 2779 793 Schenkelius
2823 740 3091 806 afﬁrmat,
3129 742 3197 795 de
3230 742 3383 799 Novo
3412 759 3554 813 quo-

2094 841 2204 896 que
2236 827 2615 881 Testamento
2648 829 2937 883 contraria
2967 830 3159 883 doceri
3208 831 3265 884 in
3309 830 3552 887 diversis

2091 913 2398 985 capitibus.

1988 1002 2035 1071 ζ)
2067 1003 2191 1057 Jam
2225 1002 2492 1057 Clemens
2543 1002 2991 1069 Alexandrinus,
3026 1006 3125 1076 qui
3166 1006 3389 1077 primus
3419 1007 3552 1079 Epi-

2090 1090 2248 1145 stolae
2281 1098 2491 1145 nostras
2524 1091 3011 1163 meminit,capita
3046 1095 3157 1148 ista
3188 1094 3555 1167 displicentia

2089 1177 2230 1249 legit
2255 1184 2312 1233 et
2341 1178 2619 1244 laudavit,
2652 1184 2706 1234 et
2750 1198 2820 1235 ne
2853 1181 3162 1236 minimum
3196 1183 3432 1252 quidem
3464 1182 3553 1237 in-

2087 1268 2490 1338 terpolationis
2520 1269 2923 1324 testimonium
2967 1269 3131 1324 ullibi
3160 1275 3368 1325 exstat.

1979 1355 2071 1410 VI.
2112 1357 2185 1411 De
2216 1358 2480 1412 doctrina
2509 1358 2786 1413 Barnabas
2839 1360 2941 1413 cfr.
2989 1358 3249 1414 libellum
3300 1376 3495 1415 meum
3531 1378 3542 1414 :

1910 1448 2018 1499 Das
2060 1443 2457 1501 Sedschrez’ben
2490 1447 2542 1500 ά.
2598 1448 2661 1501 Α.
2715 1449 3017 1509 Barnabas,
3068 1452 3199 1519 etc.,
3245 1466 3299 1519 p.
3346 1450 3454 1503 242
3483 1480 3551 1490 -—

1906 1532 2117 1587 262.De
2146 1534 2346 1588 eadem
2381 1549 2439 1588 re
2470 1535 2848 1605 disputarunt
2878 1535 3185 1602 Franke,in
3218 1536 3547 1593 Rudelbach.

1907 1623 1963 1674 et
1992 1620 2240 1675 Gueribe
2275 1638 2287 1685 ;
2321 1622 2635 1691 Zeitschriﬂ‘
2658 1622 2757 1694 fur
2802 1624 2941 1677 lulh.
2980 1623 3183 1691 Theol.,
3215 1628 3347 1694 etc.,
3390 1626 3548 1693 1840,

1906 1711 2065 1763 Fasc.
2104 1726 2166 1778 II,
2198 1713 2254 1763 et
2281 1725 2390 1764 van
2443 1710 2618 1776 Gilse,
2671 1710 2861 1782 Heyns
2909 1714 2965 1765 et
3010 1712 3223 1765 Junius
3272 1712 3329 1766 in
3361 1712 3549 1768 tribus

1906 1798 2396 1853 commentatibus
2447 1799 2517 1853 de
2584 1798 2877 1871 theologia
2921 1800 3158 1854 Patrum
3212 1800 3554 1871 apostolico-

1910 1902 2041 1941 rum
2092 1884 2321 1955 morali,
2372 1886 2444 1941 ab
2496 1887 2805 1941 Academia
2850 1888 3368 1957 Lugdune-Batava
3414 1889 3553 1943 1833

1909 1973 2145 2045 praemio
2178 1974 2422 2029 ornatis.

1976 2062 2099 2115 VII.
2132 2062 2269 2116 Post
2297 2061 2685 2133 Nicephorum
2718 2061 3109 2133 patriarcham
3140 2062 3549 2119 Constantino-

1908 2148 2231 2219 politanum
2264 2150 2317 2220 (1L
2347 2150 2474 2217 828)
2505 2154 2562 2203 et
2615 2155 2911 2204 auctorem
2959 2150 3209 2220 antiquae
3241 2152 3549 2221 cujusdam

1908 2237 2347 2307 Stichometriee,
2381 2255 2414 2292 a
2445 2237 2727 2293 Cotelerio
2775 2234 3079 2308 pulicatze,’
3112 2255 3298 2310 usque
3342 2240 3413 2294 ad
3446 2256 3550 2295 sae-

1907 2325 2106 2380 culum
2133 2340 2250 2381 xvu
2273 2342 2442 2380 nemo
2464 2325 2729 2396 Epistola:
2753 2330 2961 2381 nostrae
2983 2326 3247 2381 notitiam
3272 2326 3552 2384 habuisse

1907 2412 2151 2468 videtur.

1979 2501 2211 2557 Primus
2238 2502 2453 2557 iterum
2484 2517 2635 2567 eam,
2662 2502 2918 2573 epistolae
2952 2502 3249 2574 Polycarpi
3279 2504 3551 2573 conjunc-

1907 2592 2050 2658 tam,
2081 2590 2331 2645 Iacobus
2361 2590 2708 2644 Sirmondus
2738 2590 2796 2644 S.
2829 2590 2884 2644 J.
2918 2590 2974 2643 in
3022 2589 3217 2643 codice
3266 2591 3552 2646 Turriano

1909 2678 2234 2749 detegebat.
2280 2677 2458 2732 Paulo
2498 2681 2629 2749 post
2662 2678 2719 2730 in
2746 2676 2875 2731 aliis
2914 2676 3103 2731 tribus
3127 2677 3444 2745 codicibus,
3468 2678 3557 2732 Bi-

1909 2765 2208 2821 bliotheca
2245 2765 2881 2830 Vaticanm,cardinalis
2913 2764 3208 2820 Columnae
3238 2771 3293 2822 et
3316 2767 3555 2821 Andreae

1907 2853 2124 2910 Schotti
2154 2855 2211 2909 S.
2244 2854 2325 2922 J.,
2377 2855 2581 2909 eadem
2630 2853 2889 2924 Epistola
2923 2854 3339 2924 reperiebatur.
3392 2855 3557 2926 Hugo

1911 2946 2105 2997 autem
2137 2943 2470 3010 Menardus,
2504 2958 2534 2995 e
2564 2941 3015 3013 congregatione
3057 2943 3115 2997 S.
3164 2942 3372 3010 Mauri,
3404 2942 3559 2998 anti—

1911 3046 2086 3102 quam
2120 3029 2385 3100 Epistola:
2418 3030 2743 3085 versionem
2796 3030 3063 3085 Latinam
3095 3030 3154 3085 in
3188 3031 3385 3086 codice
3414 3032 3555 3087 Cor-

1910 3118 2131 3173 beiensi
2164 3123 2298 3172 ante
2328 3134 2455 3172 saec.
2484 3121 2561 3184 1x)
2584 3117 2899 3173 invenerat.
2923 3117 3309 3189 Apographon
3341 3117 3557 3174 codicis

1912 3205 2236 3261 Schottiani
2256 3210 2310 3260 et
2331 3206 2542 3261 veteris
2566 3204 2723 3260 illius
2744 3205 3026 3260 versionis
3047 3205 3257 3259 Latinae
3279 3205 3555 3261 Claudius

233 3296 283 3367 α)
311 3295 562 3368 Singnla
610 3294 765 3351 enim
826 3294 1018 3367 capita
1064 3294 1241 3349 unius
1286 3294 1615 3366 argumenti
1665 3296 1806 3349 sunt
1835 3294 1877 3361 C
1915 3294 2242 3350 Salmasius
2272 3298 2469 3349 Isaaco
2499 3293 2725 3359 Vossio,
2757 3293 3000 3348 Vossius
3032 3293 3263 3347 Usserio
3290 3292 3553 3348 tradidit.

329 3388 560 3456 partes,
591 3398 844 3454 eumque
874 3382 1094 3438 habent
1122 3382 1321 3451 ﬁnem,
1354 3385 1420 3437 ut
1449 3382 1803 3437 demonstre-

328 3479 445 3541 tur,
471 3470 855 3527 Judaismum
883 3484 1011 3525 esse
1041 3468 1347 3533 abolitum,
1381 3485 1653 3540 novaeque
1669 3485 1802 3524 eum

331 3559 675 3617 oeconomiae
722 3558 929 3613 salutis
956 3557 1224 3624 cessisse,
1258 3573 1435 3628 quam
1467 3556 1621 3628 typis
1653 3574 1803 3628 prae-

327 3652 681 3713 monstrare,
697 3647 822 3718 jam
837 3646 908 3700 ab
920 3644 1109 3711 initio,
1122 3644 1415 3700 Judaismi
1430 3660 1646 3700 munus
1659 3648 1801 3699 erat.

234 3735 284 3809 β)
319 3736 559 3792 Falsum
592 3739 700 3805 est,
735 3734 889 3805 quod
938 3731 1322 3789 Schenkolius
1359 3732 1676 3799 contendit,
1709 3749 1804 3787 ca-

327 3830 438 3898 put
468 3828 704 3881 sextum
739 3839 853 3877 non
912 3837 1046 3877 cum
1096 3821 1367 3892 septimo,
1417 3821 1518 3875 sed
1567 3821 1804 3875 demum

331 3929 468 3969 cum
521 3911 694 3967 tertio
727 3910 974 3981 decimo,
1021 3908 1299 3965 orationis
1329 3924 1476 3963 nexu
1510 3924 1638 3963 esse
1669 3924 1807 3963 con-

329 4002 631 4071 iunctum.
673 3999 755 4054 Ea
807 3998 962 4054 enim
1008 3998 1217 4069 capita,
1265 4014 1390 4068 qua:
1428 3995 1807 4051 Schenkelius

340 4089 595 4145 delenda
624 4090 809 4159 putat,
841 4103 892 4141 c.
922 4087 956 4137 7
984 4116 1053 4127 -—
1083 4086 1152 4139 12
1182 4084 1344 4150 incl.,
1379 4084 1459 4139 nil
1491 4083 1672 4153 aliud,
1692 4084 1805 4139 nisi

337 4176 844 4234 continuationem
903 4174 1296 4229 antecedentis
1360 4172 1807 4228 demonstratio-

342 4266 459 4336 nis,
518 4278 734 4319 novam
786 4262 1171 4318 oeconomiam
1222 4278 1256 4315 a
1300 4261 1607 4316 Judaismo
1657 4261 1807 4331 typis

331 4354 523 4409 fuisse
554 4350 1142 4425 praamonstrandam,
1176 4349 1493 4405 continent.

228 4442 281 4513 γ)
313 4446 434 4498 Duo
470 4439 589 4496 alia
620 4456 852 4511 quoque
893 4439 1103 4511 capita,
1138 4438 1206 4492 15
1234 4442 1291 4493 et
1319 4439 1406 4506 16,
1432 4453 1557 4507 qua
1590 4435 1807 4491 Schen-

324 4529 480 4586 kelio
565 4526 899 4599 displicent,
965 4526 1208 4581 minime
1269 4529 1407 4580 sunt
1472 4523 1806 4595 rejicienda,

1914 3384 2035 3449 Quo
2070 3382 2218 3436 facto
2268 3382 2522 3436 Jacobus
2573 3380 2864 3446 Usserius,
2895 3380 3318 3445 Armachanus,
3353 3380 3555 3435 Hiber-

1913 3470 2021 3524 niaa
2070 3470 2313 3541 primas,
2369 3487 2401 3523 a
2451 3469 2589 3523 1643
2634 3467 2837 3523 Oxonii
2896 3467 3215 3538 Epistolam
3280 3468 3556 3522 Barnabas

1914 3557 2071 3629 prelo
2122 3556 2390 3627 subjecit.
2442 3558 2549 3611 Sed
2599 3556 2807 3628 ingens
2850 3556 3210 3622 incendium,
3253 3556 3407 3626 quod
3441 3573 3556 3611 non

1914 3645 2184 3717 exiguam
2218 3649 2441 3714 partem
2492 3644 2655 3698 urbis
2687 3644 3030 3698 Oxoniensis
3062 3643 3329 3710 vastavit,
3361 3643 3560 3699 omnia

1916 3749 2147 3803 quoque
2172 3730 2525 3802 exemplaria
2556 3731 2906 3800 absumpsit.

1986 3823 2107 3885 Quo
2136 3824 2330 3875 autem
2362 3820 2541 3874 ferme
2567 3823 2827 3889 tempore
2848 3818 3119 3874 Usserius
3144 3834 3311 3873 suam
3342 3834 3559 3888 praapa-

1916 3911 2079 3964 rabat
2107 3908 2520 3974 editionem,de
2542 3907 2669 3977 ipsa
2691 3906 2949 3977 Epistola
2970 3906 3211 3961 Parisiis
3232 3906 3561 3977 evulganda

1917 3997 2208 4068 cogitabat
2240 3996 2403 4066 Hugo
2437 3994 3099 4065 Menardus,monachus
3130 3993 3558 4050 Benedictinus.

1917 4090 2049 4156 Ipso
2080 4088 2309 4139 mortuo
2342 4083 2497 4149 1644,
2549 4084 2728 4138 Lucas
2762 4082 3094 4149 Dacherius,
3128 4082 3390 4152 ejusdem
3423 4098 3560 4137 con-

1917 4170 2560 4246 gregationis,Menardi
2577 4171 2889 4226 editionem
2912 4170 3117 4225 1645ἱη
3135 4169 3324 4225 lucem
3342 4169 3560 4235 emisit,

1917 4261 2099 4316 textui
2129 4260 2415 4315 Turriano
2446 4260 2707 4314 versione
2736 4258 3066 4315 Corbeiensi
3100 4258 3343 4328 adjecta.

1990 4347 2456 4403 Emendatiorem
2481 4347 2751 4402 Barnabas
2778 4346 3091 4417 Epistolam
3114 4346 3250 4400 1646
3278 4344 3564 4400 Amstelo-

1921 4436 2077 4491 dami
2100 4435 2277 4491 edidit
2298 4440 2534 4491 Isaacus
2553 4434 3092 4505 Vossius,p1uribus
3112 4434 3243 4489 aliis
3265 4433 3563 4489 codicibus

1920 4541 2084 4593 usus,
2120 4524 2470 4593 Florentino,
2504 4523 2783 4577 Vaticano
2833 4527 2889 4577 et
2936 4522 3195 4577 Romano
3246 4521 3562 4577 Theatino-

329 4618 555 4690 quippe
612 4633 740 4687 quas
823 4614 894 4669 ad
956 4614 1513 4670 demonstrationem
1575 4628 1811 4666 necesse
1840 4648 1887 4711 Β
1920 4626 2073 4667 rum.
2101 4610 2300 4665 Plures
2331 4610 2539 4664 deinde
2571 4613 2784 4664 secutaa
2816 4614 2955 4663 sunt
2983 4609 3289 4676 editiones,
3319 4624 3560 4678 praeser-

332 4706 689 4779 pertineant.
753 4704 915 4769 Quod
972 4702 1021 4757 si
1070 4701 1225 4757 enim
1256 4699 1493 4756 abolitio
1520 4698 1812 4754 Judaismi

333 4795 533 4850 fuerat
582 4792 1062 4858 demonstranda,
1113 4789 1289 4845 etiam
1339 4790 1411 4844 de
1440 4787 1813 4858 abrogatione

333 4882 566 4938 Sabbati
595 4882 668 4953 (c.
693 4881 781 4951 15)
814 4883 872 4935 et
903 4879 1094 4950 templi
1122 4879 1193 4950 (c.
1226 4877 1315 4948 l6)
1346 4876 1520 4932 verba
1548 4875 1814 4931 facienda

231 5054 281 5131 ὃ)
311 4974 526 5132 5:33:
573 5055 918 5115 Schenkelio
966 5053 1335 5127 displicentia
1381 5071 1495 5109 non
1547 5053 1713 5109 aliter
1742 5053 1813 5108 de

330 5147 535 5204 Veteri
574 5146 951 5203 Testamento
1004 5142 1327 5215 disputant,
1360 5158 1425 5197 ac
1455 5158 1522 5197 ea
1552 5157 1680 5213 quae
1710 5156 1812 5212 pro

165 5342 443 5471 6593328?
488 5340 805 5399 Ullmanni.
838 5344 950 5396 etc.
987 5354 1000 5393 :
1033 5337 1261 5394 Studien
1302 5336 1417 5391 und
1457 5336 1620 5401 Kril.,
1656 5334 1813 5401 1837,

1920 4699 2026 4754 tim
2059 4698 2343 4765 Cotelerii,
2374 4697 2623 4753 Russelii
2654 4702 2710 4751 et
2738 4696 3046 4762 Gallandii,
3080 4713 3256 4768 quam
3288 4695 3565 4766 posterio-

1924 4804 2046 4843 rem
2077 4804 2185 4842 nos
2216 4787 2503 4858 praecipue
2534 4787 2740 4840 ducem
2771 4785 3229 4855 babuimus,non
3261 4783 3563 4856 pedisequi

1920 4875 2108 4932 instar
2137 4891 2263 4930 eam
2296 4873 2499 4930 secuti.

1992 4964 2138 5018 VIII.
2200 4963 2530 5017 Notandum
2583 4961 2856 5033 denique,
2916 4961 2973 5015 in
3027 4960 3301 5015 omnibus
3351 4958 3565 5014 Graecis

1926 5051 2222 5107 codicibus
2272 5052 2473 5106 deesse
2529 5049 2719 5120 capita
2767 5050 2867 5103 1-4
2906 5048 3117 5104 inclus.
3159 5052 3215 5103 et
3252 5047 3565 5104 dimidium

1925 5140 2135 5211 quinti.

1999 5332 2113 5403 (94)
2146 5333 2687 5404 Ταὸἰηρηΐὴςοιοθ.
2739 5331 3179 5404 Quartalschrift.
3224 5330 3458 5404 1839,},
3506 5344 3564 5399 p.

1927 5400 2163 5473 60'sq'q.
2204 5407 2261 5457 et
2292 5400 2352 5458 in
2383 5402 2578 5458 libello
2612 5400 2739 5459 meo
2762 5400 2958 5474 supra
2987 5400 3180 5467 citato,
3214 5418 3269 5472 p.
3308 5400 3405 5457 196
3434 5413 3565 5470 sqq.
