4014 6202
323 366 436 431 733
1567 362 1951 428 EPISTOLA

2095 363 2460 429 THOLICA.
3609 358 3725 427 ’134

321 500 620 573 Scriptura
649 515 662 554 :
695 498 761 555 Et
785 498 897 568 fuit
930 499 1134 571 Moyses
1160 498 1219 554 in
1248 505 1428 555 monte
1465 498 1729 571 jejunans
1761 498 2126 570 quadraginta
2183 498 2390 566 diebus,
2441 502 2497 554 et
2553 497 2923 571 quadraginta
2976 497 3224 555 noctibus
3247 512 3267 553 .°
3314 500 3368 555 et
3408 498 3616 571 accepit
3643 502 3723 554 te-

315 596 642 667 stamentum
676 608 710 644 a
740 591 986 659 Domino,
1020 590 1237 645 tabulas
1268 588 1518 660 lapideas
1542 592 1777 659 scriptas
1801 606 1970 643 manu
2000 590 2099 644 Dei
2130 589 2192 642 ιο.
2227 589 2338 643 Sed
2373 588 2636 644 conversi
2666 589 2726 644 in
2756 588 2931 656 idola,
2965 588 3344 661 perdiderunt
3376 585 3519 642 illud
3547 604 3559 643 :
3585 587 3729 643 dicit

316 681 470 737 enim
501 680 785 734 Dominus
841 679 1057 751 Moysi:
1114 683 1353 749 Moyses,
1407 677 1667 733 descende
1696 679 1945 747 celerius,
2005 679 2139 748 quia
2193 680 2463 749 praeteriit
2512 679 2682 746 legem
2737 678 2972 749 populus
3003 685 3150 743 tuus,
3208 693 3368 748 quem
3394 676 3636 732 eduxisti
3662 677 3730 732 de

313 776 458 824 terra
488 770 711 839 rEgypti
742 770 807 820 η.
836 769 901 822 Et
927 768 1155 838 projecit
1201 768 1400 839 Moyses
1430 767 1649 822 tabulas
1700 766 1941 837 lapideas
1971 767 2042 821 de
2097 767 2355 821 manibus
2398 768 2515 821 suis
2550 767 2629 821 ¹²ε
2691 770 2749 820 et
2778 766 3138 820 confractum
3193 769 3282 821 est
3310 768 3726 821 testamentum

313 874 513 914 eorum
545 882 559 924 ;
593 861 655 911 ut
685 856 916 911 dilectio
945 856 1083 911 Jesu
1115 856 1570 927 consigneturin
1606 855 1939 927 priscordiis
1964 856 2196 923 vestris,
2232 855 2289 909 in
2323 871 2486 926 spem
2514 854 2668 922 ﬁdei,
2704 852 2880 909 illius.
2905 855 3145 925 Propter
3165 854 3315 923 quod
3346 854 3720 909 attendamus

312 945 648 1002 novissimis
679 945 905 1001 diebus.
940 944 1095 999 Nihil
1123 945 1279 1000 enim
1312 945 1569 1015 proderit
1591 944 1759 999 nobis
1791 959 1963 998 omne
1985 948 2218 1015 tempus
2248 944 2375 998 vitae
2408 948 2619 999 nostra:
2652 948 2705 999 et
2737 943 2890 1009 fidei,
2925 942 2973 998 si
3007 959 3119 997 non
3143 942 3273 998 odio
3304 942 3416 1014 (52)
3447 942 3717 1014 iniquum

314 1040 370 1090 et
398 1034 634 1089 futuras
664 1034 1009 1089 tontatienes
1038 1033 1359 1088 habeamus
1385 1050 1396 1098 ;
1432 1032 1584 1088 sicut
1613 1033 1754 1087 dicit
1783 1032 1965 1087 Filius
1995 1032 2093 1086 Dei
2118 1049 2131 1087 :
2166 1034 2502 1087 Resistamus
2530 1032 2641 1103 (53)
2672 1047 2821 1086 omni
2856 1032 3159 1103 iniquitati,
3191 1039 3244 1087 et
3272 1031 3392 1086 odio
3424 1030 3725 1085 habeamus

309 1140 447 1181 eam.
483 1128 629 1195 Ergo
661 1122 1026 1179 considerate
1056 1139 1232 1194 opera
1264 1121 1430 1177 malis
1460 1122 1582 1175 viae.
1615 1122 1739 1176 Non
1774 1121 2087 1193 separatim
2138 1122 2362 1176 debetis
2394 1122 2669 1176 seducere
2711 1138 2813 1175 vos
2845 1125 3119 1191 tanquam
3147 1120 3495 1190 justiﬁcati;
3526 1120 3628 1175 sed
3658 1119 3719 1174 in

308 1227 493 1269 unum
526 1212 936 1267 convenientes
968 1212 1080 1282 (54)
1113 1210 1414 1282 inquirite,
1445 1210 1596 1281 quod
1628 1210 2025 1265 communiter
2054 1208 2284 1264 dilectis
2327 1208 2631 1264 conveniat
2660 1213 2717 1264 et
2766 1209 2968 1281 prosit.
3002 1208 3154 1264 Dicit
3186 1208 3343 1264 enim
3376 1207 3679 1280 Scriptura
3706 1224 3719 1263 :

312 1302 398 1358 Vae
427 1300 569 1367 illis,
630 1302 725 1372 qui
748 1300 855 1355 sibi
909 1300 1254 1371 intelligunt,
1312 1303 1366 1353 et
1393 1299 1542 1368 apud
1595 1314 1654 1355 se
1707 1298 1851 1354 docti
1904 1298 2161 1353 videntur
2208 1299 2270 1352 1³.
2334 1297 2532 1353 Simus
2583 1296 2941 1370 spirituales,
3004 1297 3193 1353 simus
3248 1294 3537 1369 templum
3589 1296 3721 1367 (55),

307 1393 785 1446 consummatum
819 1389 974 1455 Deo;
1022 1389 1081 1444 in
1113 1391 1395 1459 quantum
1447 1392 1537 1442 est
1565 1386 1624 1441 in
1674 1385 1864 1453 nobis,
1898 1386 2253 1442 meditemur
2294 1384 2564 1441 timorem
2617 1386 2715 1441 Dei
2745 1386 2879 1455 (56),
2910 1388 2968 1441 et
3014 1384 3417 1441 custodiamus
3445 1385 3724 1441 mandata

306 1475 466 1533 illius
498 1477 631 1548 (57).

370 1565 662 1621 Dominus
692 1580 808 1620 non
841 1567 1078 1637 accepta
1125 1579 1375 1636 persona
1415 1564 1647 1634 judicat
1696 1563 2005 1618 mundum.
2058 1562 2471 1634 Unusquisque
2515 1564 2836 1619 secundum
2887 1580 3015 1635 qua
3066 1562 3203 1619 facit
3245 1562 3456 1633 accipit
3484 1562 3636 1634 (58):
3671 1561 3722 1617 si

302 1653 483 1710 fuerit
512 1654 722 1723 bonus,
754 1653 985 1709 bonitas
1008 1668 1144 1708 eum
1167 1651 1491 1719 antecedit;
1516 1652 1564 1708 si
1592 1668 1865 1723 nequam,
1899 1667 2119 1707 merces
2145 1651 2413 1723 nequitias
2437 1668 2571 1707 eum
2604 1652 2889 1723 sequitur.
2914 1651 3228 1719 Attendite,
3262 1666 3333 1707 ne
3358 1651 3469 1721 (59)
3489 1651 3720 1721 quando

302 1741 671 1815 quiescentes
693 1743 819 1813 jam
854 1743 1040 1798 vocati
1071 1742 1512 1798 addormiamus
1543 1742 1601 1796 in
1633 1741 1885 1814 peccatis
1915 1740 2133 1797 nostris
2160 1766 2174 1808 ;
2206 1744 2261 1796 et
2305 1757 2553 1812 nequam
2606 1740 2899 1813 accipiens
2930 1742 3275 1811 potestatem
3310 1741 3593 1807 nostram,
3624 1755 3723 1793 su-

303 1832 478 1888 scitet
508 1831 620 1903 (60)
652 1836 708 1886 et
736 1830 1003 1887 excludat
1032 1849 1065 1886 a
1097 1847 1274 1903 regno
1305 1831 1556 1886 Domini.
1589 1831 1795 1885 Adhuc
1825 1834 1882 1885 et
1911 1828 2055 1885 illud
2090 1829 2421 1901 intelligite,
2477 1846 2610 1885 cum
2640 1829 2902 1885 videritis
2934 1829 3046 1901 (61)
3078 1832 3241 1884 tanta
3272 1828 3439 1900 signa
3466 1831 3524 1883 et
3552 1842 3719 1883 mon-

302 1922 420 1975 stra
452 1920 518 1975 in
553 1919 765 1992 populo
795 1920 1152 1989 Iudaeorum,
1184 1927 1241 1975 et
1270 1920 1353 1975 sic
1376 1921 1489 1990 (62)
1510 1919 1643 1975 illos
1667 1918 2019 1988 derelinquit
2040 1918 2344 1975 Dominus.
2374 1919 2754 1975 Attendamus
2777 1934 2932 1991 ergo,
2966 1934 3040 1973 ne
3061 1918 3228 1989 forte,
3252 1916 3403 1973 sicut
3433 1916 3724 1989 scriptura

301 2012 405 2076 est,
439 2009 611 2063 multi
638 2010 833 2075 vocali,
859 2010 1029 2079 pauci
1052 2009 1224 2073 electi,
1259 2008 1627 2063 inveniamur
1660 2010 1726 2064 Ν.

591 2115 651 2169 V.
680 2114 891 2170 Movum
919 2114 1115 2185 fcedus,
1143 2116 1397 2185 passione
1430 2115 1635 2170 Christi
1662 2114 1981 2185 fundatum,
2012 2119 2089 2170 est
2118 2114 2273 2171 nobis
2304 2115 2375 2170 ad
2392 2115 2651 2182 salutem,
2682 2114 2893 2172 Iudaeis
2920 2114 2993 2169 ad
3021 2115 3331 2171 interitum.

377 2205 625 2275 Propter
655 2204 765 2258 hoc
793 2202 1076 2259 Dominus
1109 2203 1392 2258 sustinuit
1415 2205 1644 2259 tradere
1666 2220 1878 2274 corpus
1911 2220 2085 2259 suum
2108 2203 2167 2258 in
2189 2204 2623 2269 exterminium,
2651 2208 2714 2258 ut
2736 2204 3079 2259 remissione
3102 2207 3473 2275 peccatorum
3507 2201 3724 2257 sancti-

302 2293 571 2361 ﬂcemur,
605 2293 757 2363 quod
788 2296 877 2347 est
907 2292 1207 2364 sparsione
1239 2292 1548 2364 sanguinis
1581 2292 1739 2348 illius
1770 2292 1909 2364 (63).
1938 2293 2229 2364 Scriptum
2261 2296 2349 2348 est
2398 2293 2510 2360 (64)
2558 2293 2714 2347 enim
2746 2293 2817 2347 de
2846 2292 2968 2360 illo,
3020 2292 3283 2363 quasdam
3332 2292 3405 2347 ad
3436 2288 3719 2363 populum

300 2382 668 2451 Judazorum,
702 2380 968 2451 quaedam
999 2381 1069 2435 ad
1102 2397 1227 2436 nos.
1278 2381 1431 2436 Dicit
1460 2386 1656 2437 autem
1711 2380 1833 2437 sic:
1871 2382 2194 2437 Vulneratus
2239 2390 2317 2437 est
2358 2386 2586 2453 propter
2634 2382 2951 2453 iniquitates
3010 2389 3244 2447 nostras,
3284 2382 3335 2436 et
3393 2385 3620 2435 vexatus
3644 2394 3724 2444 es;

300 2476 526 2544 propter
556 2476 779 2537 peccata
806 2477 990 2525 nostra
1012 2489 1029 2523 :
1059 2472 1328 2539 sanguine
1357 2472 1469 2543 (65)
1502 2472 1655 2526 illius
1701 2473 1882 2527 sancti
1909 2486 2120 2525 sumus.
2158 2472 2432 2543 Tanquam
2486 2472 2599 2526 ovis
2629 2470 2699 2526 ad
2727 2472 3004 2526 victimrm
3032 2470 3294 2526 adductus
3349 2478 3430 2524 est
3450 2486 3469 2524 :
3495 2471 3549 2524 et
3586 2468 3726 2523 sicut

303 2575 483 2630 agnus
506 2574 695 2615 coram
719 2558 971 2614 tondente
998 2574 1072 2625 se,
1104 2560 1186 2614 sic
1213 2575 1323 2614 non
1338 2561 1553 2631 aperuit
1582 2575 1637 2615 os
1666 2575 1831 2614 suum
1859 2558 2411 2631 1'~‘.Supergratulari
2441 2576 2576 2632 ergo
2609 2560 2890 2615 debemus
2939 2559 3206 2629 Domino,
3237 2556 3373 2630 quia
3402 2561 3459 2613 et
3488 2560 3722 2630 praster-

303 2650 387 2707 ita
418 2647 593 2703 nobis
622 2647 896 2711 ostendit,
929 2650 985 2701 et
1012 2647 1305 2718 sapientes
1338 2648 1472 2703 fecit
1499 2665 1512 2714 ;
1541 2651 1597 2702 et
1626 2648 1695 2704 de
1726 2648 1940 2704 futuris
1980 2664 2097 2703 non
2140 2664 2352 2703 sumus
2403 2648 2529 2704 sine
2559 2648 2877 2703 intellectu.
2931 2647 3079 2703 Dicit
3108 2650 3305 2703 autem
3331 2665 3343 2702 :
3377 2647 3495 2702 Non
3520 2645 3724 2717 injuste

304 2738 614 2794 tenduntur
644 2738 783 2791 retia
811 2736 999 2791 avibus
1030 2737 1092 2790 ³⁸.
1120 2736 1239 2791 Hoc
1269 2736 1432 2807 dicit,
1460 2737 1596 2808 quia
1618 2738 1778 2808 juste
1799 2738 1981 2808 periet
2011 2737 2122 2807 (66)
2144 2736 2319 2793 homo
2341 2737 2565 2793 habens
2593 2737 2746 2792 viam
2771 2737 3052 2803 veritatis,
3085 2736 3385 2792 scientiam
3417 2736 3552 2807 (67),
3583 2737 3640 2789 et
3658 2750 3723 2789 se

378 2856 424 2897 ¹ο
456 2852 639 2907 Exod.
675 2868 863 2922 xxxiv,
894 2852 983 2907 28.
1064 2854 1105 2887 “
1138 2853 1314 2907 Exod.
1374 2869 1552 2919 xxxu,
1580 2855 1634 2907 7.
1669 2856 1725 2907 et
1779 2857 1945 2908 Deut.
1980 2870 2057 2923 1x,
2093 2854 2178 2906 12.
2260 2855 2303 2888 1³
2358 2854 2535 2909 Exod.
2569 2870 2746 2921 xxxii,
2781 2854 2866 2908 19.
2947 2854 2990 2889 ¹³
3022 2852 3132 2908 Isa.
3178 2869 3232 2920 ν,
3276 2851 3365 2906 21.
3446 2851 3491 2887 ιδ
3516 2850 3719 2906 Matth.

304 2941 397 2993 xx,
431 2924 500 2978 16
530 2941 544 2989 ;
576 2939 718 2990 xxn,
750 2924 837 2976 14.
916 2922 961 2958 ¹⁵
992 2924 1083 2978 Isa
1113 2940 1232 2991 Lm,
1265 2924 1320 2992 5,
1350 2924 1403 2976 7.
1486 2925 1529 2961 ¹⁶
1560 2924 1721 2979 Prov.
1757 2942 1795 2993 1,
1831 2926 1915 2978 17.

1682 3039 2068 3095 VARIORUM
2107 3039 2341 3095 NOT/E.

305 3130 710 3200 Testamentum
738 3126 809 3200 ad
858 3142 974 3194 nos,
1025 3144 1101 3182 an
1132 3126 1225 3200 ad
1272 3128 1395 3184 illos
1436 3129 1730 3200 pertinent.
1778 3130 1960 3194 Quam

2095 3133 2198 3193 tog,
2236 3150 2263 3200 fc
2295 3126 2426 3181 Οὐαὶ
2457 3128 2509 3182 οἱ
2542 3129 2748 3182 συνετοὶ
2798 3128 2940 3200 παρ(
2974 3128 3205 3200 tau-cois,
3237 3124 3326 3180 καὶ
3373 3125 3598 3181 ἐνώπιον
3627 3124 3720 3181 αὐ-

305 3198 861 3273 quidem__Barnabae
894 3198 1243 3273 sententiam
1293 3200 1351 3273 _S.
1382 3198 1676 3255 Justinius
1713 3198 1753 3253 1.
1789 3216 1849 3273 c.‘
1871 3200 1960 3255 his

2095 3203 2181 3252 τῶν
2233 3198 2611 3273 ἐπιστήμονες,
2666 3223 2693 3250 ››
2741 3198 3063 3273 προστάξας,
3111 3198 3378 3273 ἐπήγαγεν
3408 3214 3419 3228 ⁸
3472 3221 3500 3273 u
3560 3202 3721 3273 [lusu-

298 3264 494 3345 errbis
544 3268 803 3345 illustrat
831 3286 849 3345 :_
878 3266 941 3320 Εἰ
992 3264 1049 3321 δὲ
1093 3289 1193 3345 ⁸τις
1246 3270 1436 3345 eademet
1475 3273 1601 3345 Δθεῷ-ν
1650 3268 1962 3345 προχείρως

304 3338 628 3428 ᾀξξιῇξγεινδ
648 3338 985 3428 εξθισμὲνωνῖ
1041 3340 1113 3411 μὴ
1157 3324 1432 3428 κὴρίίνςτὰξ
1469 3324 1703 3428 βίϐλςουςι
1743 3324 1963 3428 τζᾶύέας,

304 3409 451 3466 ἆλλά
485 3405 1117 3481 Ἰουδαίοιςπροσῆκέινς
1153 3405 1240 3465 δίὰ
1285 3411 1347 3465 τὸ
1401 3405 1479 3467 ἔτί
1522 3411 1611 3465 καὶ
1641 3416 1731 3464 νῦν
1762 3411 1812 3465 ἐν
1845 3405 1963 3473 ταῖς

308 3485 648 3558 συναγωγαῖς
706 3479 900 3558 αὐτῶν.
936 3482 1197 3558 σῴζεσθεξι
1233 3528 1245 3552 ,
1306 3482 1393 3536 καὶ
1458 3481 1629 3558 μᾴτηγ
1701 3485 1848 3558 ἡμᾷς
1908 3482 1966 3536 ἐκ

304 3548 799 3628 τοῆτὼνξφάσξιειν
845 3553 943 3620 τήν
990 3548 1290 3628 Οξοσὲϐειὰν
1356 3548 1756 3628 ξειλαθηὶέναιἾ
1786 3552 1961 3628 λέγον

335 3624 499 3699 νώτῳ
536 3621 623 3699 ini:
654 3621 842 3699 αὐτῶν⁸
865 3627 987 3699 ficu
1033 3622 1084 3677 ἐν
1132 3630 1252 3699 ταῖς
1304 3621 1517 3699 βίϐλοις
1546 3621 1964 3699 γεγραμμξνὶρν,

335 3646 499 3678 νωτω
536 3643 620 3676 απ
654 3643 827 3676 αυτων
875 3643 981 3676 των
1033 3644 1084 3677 εν
1132 3645 1252 3685 ταις
1304 3643 1517 3699 βώλοις
1550 3644 1964 3699 γεγραμμενων,

302 3643 529 3772 ἓτιρρκ
558 3692 760 3772 αρτοῖς,
792 3691 924 3772 ᾁλλξ
966 3696 1100 3766 ἡμῖν
1133 3698 1167 3764 ἡ
1196 3695 1254 3749 ἐκ
1303 3697 1509 3751 τούτων
1543 3694 1780 3772 διαερέρει
1815 3692 1965 3749 διδα-

308 3763 528 3821 σκαλία.
575 3766 723 3834 Quod
752 3768 800 3821 si
829 3768 949 3836 quis
986 3763 1061 3839 ex
1083 3763 1163 3822 iis
1198 3770 1295 3839 qui
1323 3771 1551 3824 libenter
1591 3763 1968 3823 contradicere

309 3840 507 3905 solent,
550 3853 663 3910 non
709 3841 922 3893 nostros
976 3838 1070 3893 hos
1120 3838 1305 3903 libros,
1354 3841 1445 3896 sed
1490 3840 1809 3895 Judcz’orum
1838 3856 1963 3910 pro-

304 3913 451 3983 prios
482 3924 604 3965 esse
633 3909 797 3975 dicat,
831 3924 891 3964 eo
921 3910 1064 3980 quod
1106 3914 1413 3965 etiamnum
1463 3912 1524 3965 in
1571 3926 1761 3966 eorum
1788 3909 1964 3982 syna-

306 3983 458 4052 gogis
504 3988 873 4052 asserventur,
923 3997 987 4034 ac
1043 3983 1251 4051 frustra
1296 3983 1621 4049 religionem
1676 3984 1761 4037 his
1806 3983 1967 4037 libris

307 4051 601 4125 acceptam
629 4068 662 4125 a
690 4051 846 4125 nobis
871 4054 1085 4122 referri
1106 4070 1123 4106 :
1145 4055 1356 4108 nouerit
1387 4055 1484 4108 ille
1503 4069 1571 4108 ea:
1592 4054 1662 4108 iis
1693 4055 1826 4125 ipsis
1846 4070 1966 4124 qum

310 4124 394 4180 his
424 4125 488 4178 in
522 4123 679 4177 libris
727 4124 936 4192 scripta
982 4130 1131 4187 sunt,
1180 4141 1291 4179 non
1337 4124 1675 4189 Iudaeorum,
1713 4123 1822 4178 sed
1855 4123 1965 4179 ’no-

310 4199 483 4251 stram
517 4209 632 4249 esse
675 4193 871 4266 horum
918 4195 1191 4266 librorum
1243 4194 1504 4266 doctrina
1548 4197 1962 4266 possessionem.

312 4266 609 4322 Nimirum
624 4264 1054 4336 contendebant
1072 4265 1276 4335 Judaei,
1301 4284 1473 4321 suum
1498 4264 1646 4336 esse,
1670 4282 1785 4322 non
1807 4265 1966 4320 Chri-

312 4338 669 4408 stianorum,
723 4335 903 4391 Vetus
955 4337 1414 4408 Testamentum.
1478 4335 1637 4403 Quos
1690 4336 1966 4408 ergohic

311 4407 531 4480 refellit
559 4408 623 4480 S_.
664 4408 981 4461 Barnabas.
1015 4407 1131 4462 Hac
1180 4409 1250 4480 de
1281 4426 1341 4464 re
1387 4425 1618 4480 quoque
1646 4407 1963 4463 Eusebium

316 4478 560 4535 consule
591 4478 896 4533 Demonstr.
929 4494 1146 4546 evang.,
1178 4478 1279 4534 lib.
1316 4497 1354 4543 ι,
1393 4478 1605 4548 ὁθρξὸ.

382 4551 498 4619 (52)
530 4550 645 4604 Non
692 4550 841 4603 odio.
902 4549 1010 4605 Ms.
1066 4566 1178 4605 non
1225 4552 1398 4606 modo.
1446 4550 1640 4606 Usser.
1672 4566 1784 4605 non
1813 4549 1969 4605 modo

318 4624 596 4676 animum.
634 4620 796 4674 FELL.

384 4692 499 4761 (53)
532 4692 881 4747 Resistamus.
915 4695 1021 4746 etc.
1070 4695 1228 4747 Hanc
1279 4692 1487 4747 Christi
1520 4690 1869 4748 sententiam
1900 4690 1959 4745 in

314 4765 433 4817 toto
466 4761 780 4833 Evangelio
811 4779 924 4817 non
977 4763 1298 4833 repereris:
1351 4765 1452 4818 sed
1499 4764 1793 4819 Barnabas
1832 4780 1959 4817 eam

317 4834 539 4888 audivit
568 4834 640 4888 ab
670 4834 795 4904 ipso
843 4833 1091 4900 Christo,
1124 4839 1227 4889 aut
1272 4834 1344 4889 ab
1393 4834 1590 4904 aliquo
1634 4833 1957 4904 discipulo:

317 4905 509 4975 qualis
540 4909 628 4959 est
659 4907 780 4959 haec
815 4903 971 4959 Pauli
1004 4904 1315 4970 sententia,
1341 4911 1465 4961 Act.
1489 4903 1578 4975 XV,
1611 4906 1718 4959 35:
1755 4903 1822 4961 Et
1850 4922 1962 4959 me-

310 4978 537 5032 minisse
570 4976 722 5031 verbi
751 4977 971 5048 Domini
999 4978 1141 5041 Jesu,
1175 4978 1435 5048 quoniam
1470 4979 1582 5048 ipse
1611 4978 1754 5032 dixit
1773 4993 1791 5030 :
1824 4978 1959 5032 Bea-

315 5049 422 5102 tius
454 5056 535 5103 est
563 5048 739 5117 magis
766 5046 917 5116 dare,
949 5064 1115 5118 quam
1142 5046 1402 5119 accipere.
1436 5046 1583 5119 Man,

351 5119 506 5243 4(5245)
530 5121 599 5244 Ir];
624 5134 796 5173 unum
846 5117 1268 5175 convenientes.‘
1302 5122 1405 5174 His
1432 5117 1650 5175 similia
1697 5118 1868 5173 Hebr.
1902 5136 1958 5185 x,

388 5230 402 5244 .
514 5230 524 5242 .
602 5205 722 5243 ELL.

312 5191 402 5254 24,
432 5191 524 5243 25.
560 5191 722 5244 FELL.

387 5260 499 5333 (55)
532 5259 717 5317 Simus
742 5260 1023 5333 templum.
1057 5261 1117 5318 S.
1148 5260 1367 5316 Paulus
1388 5261 1512 5333 hac
1543 5259 1815 5333 loquendi
1839 5260 1959 5333 _for-

320 5330 655 5399 mula'seepe
687 5330 890 5397 utitur,
928 5332 945 5385 Ι
976 5335 1102 5387 Cor.
1139 5349 1221 5399 III,
1250 5332 1336 5399 16,
1372 5332 1441 5388 17
1470 5348 1484 5399 ;
1516 5349 1593 5394 νῐ,
1627 5332 1713 5387 19.
1747 5332 1796 5387 Ι[
1827 5331 1956 5387 Cor.

316 5416 394 5467 v1,
425 5403 530 5471 16;
564 5402 773 5473 Ephes.
808 5419 870 5471 ιι,
900 5402 965 5457 21
995 5420 1009 5470 ;
1044 5402 1089 5458 Il
1119 5403 1324 5459 Thess.
1362 5422 1422 5471 II,
1458 5405 1509 5458 4.
1542 5403 1707 5458 FELL.

390 5473 498 5544 (56)
554 5474 877 5529 Meditemur
934 5475 1192 5530 timorem
1244 5476 1361 5531 Dei.
1418 5474 1595 5531 Juxta
1646 5473 1793 5530 illud
1846 5475 1955 5530 Isa.

318 5558 513 5611 mm,
545 5546 610 5600 18
638 5563 650 5601 :
687 5544 790 5601 Cor
821 5548 936 5600 tum
963 5546 1323 5602 meditabitur
1355 5548 1628 5602 timorem.
1662 5550 1809 5601 MEN.

389 5615 501 5688 (57)
531 5619 692 5673 Hunc
723 5617 917 5673 locum
946 5615 1148 5691 laudat
1177 5617 1447 5691 Clemens
1493 5617 1673 5691 Aleia
1707 5622 1955 5691 Στρῳμ.,

320 5682 421 5742 lib.
455 5682 520 5759 li,
550 5705 675 5761 cap.
733 5693 784 5759 7,
845 5705 979 5762 pag.
1010 5689 1114 5745 447
1164 5688 1282 5747 εΚαὶ
1328 5684 1603 5766 Βαρνάϐας
1654 5688 1681 5741 ὁ
1728 5682 1956 5744 induto;

2078 3267 2663 3361 μαῖικςξὶ,’ἷῑεκίξῦμεθαζ
2712 3267 2839 3356 νεὸς
2894 3270 3103 3358 τέλειος
3138 3267 3243 3361 ’Ξῷ
3287 3267 3570 3361 Θειξνήἐφζ
3592 3267 3715 3361 ὅσω(

2075 3335 2213 3418 toria
2249 3340 2329 3418 ἐφ’
2360 3335 2519 3418 μέῖνξ
2573 3339 2886 3418 μελετῷμεν
2910 3342 3038 3418 ,τὸνι
3085 3335 3252 3418 φὸβρν
3296 3335 3392 3418 to?)
3422 3335 3593 3418 Δβεξῦ,
3627 3339 3716 3418 uel

2076 3408 2811 3501 φυλάξσὲιν”’ἆγωνίζοξμεθά
2843 3412 2962 3501 ’τὰς
3022 3408 3244 3473 ἐνὲολὰς
3288 3410 3473 3480 αὐτοῦ,
3524 3408 3619 3464 ’ἕνα
3662 3409 3713 3465 ἐν

2022 3510 2029 3517 ·
2074 3480 2196 3561 ’ἑοῖς
2220 3480 2579 3556 δικαιώμὰσιν
2608 3480 2776 3538 fabro?)
2808 3482 3207 3561 εὐφρανθωμεν.
3242 3507 3293 3561 ››ἐ

2147 3556 2259 3625 (58)
2290 3553 2513 3627 Accipit.
2550 3557 2697 3613 Edit.
2730 3553 2919 3611 Oxon'.'
2962 3553 3215 3628 accipiet.
3264 3554 3377 3628 Sic.
3411 3553 3433 3609 Ι
3461 3553 3606 3628 Cor._
3627 3570 3711 3628 In,

2075 3626 2527 3698 8:Unusquisque
2576 3636 2759 3683 autem
2802 3626 3092 3698 propriam
3133 3627 3441 3682 mercedem
3488 3626 3719 3696 accipiet

2074 3699 2373 3754 secundum
2401 3715 2561 3753 suum
2590 3700 2849 3754 laborem.

2147 3769 2259 3840 (59)
2292 3771 2578 3838 Attendite,
2610 3786 2699 3839 ne,
2731 3774 2846 3825 etc.
2886 3767 3112 3823 Alludit
3145 3769 3216 3824 ad
3247 3766 3585 3840 parabolam
3617 3767 3717 3822 de-

2076 3856 2199 3895 cem
2230 3840 2548 3909 virginum,
2579 3840 2785 3896 Matth.
2817 3858 2946 3895 xxv.
2979 3843 3125 3894 ΜΕΝ.

2146 3912 2257 3981 (60)
2314 3908 2586 3979 Nostram,
2643 3914 2883 3968 suscitet.
2941 3912 3211 3977 Nostram,
3265 3908 3322 3963 id
3380 3908 3718 3981 estinostri,

2074 3981 2132 4036 id
2194 3986 2282 4036 est
2336 3983 2395 4037 in
2454 4000 2581 4038 nos.
2638 3984 2887 4049 Suscitet,
2919 3981 3066 4049 lege,
3095 3983 3405 4044 suscitetur,
3436 3980 3718 4036 adversus

2076 4069 2183 4107 nos
2209 4054 2493 4109 videlicet.
2527 4055 2676 4110 ΜΕΝ.
2711 4086 2779 4094 ——
2800 4056 2869 4109 At
2898 4051 3091 4110 Fellus
3113 4057 3245 4125 post
3273 4053 3526 4119 suscitet,
3558 4051 3721 4107 addit

2075 4124 2284 4180 litteris
2316 4125 2576 4181 miniatis
2606 4143 2723 4182 nos.

2146 4196 2257 4267 (6|)
2289 4200 2425 4253 Cum
2458 4196 2720 4260 videritis,
2754 4201 2861 4253 etc.
2886 4197 3138 4253 Verbum
3175 4195 3425 4267 videritis
3454 4196 3721 4267 estprae-

2074 4265 2310 4339 teritum
2345 4268 2453 4339 hoc
2503 4268 2644 4322 loco.
2681 4268 2827 4323 Nam
2882 4268 3032 4339 infra
3059 4265 3319 4339 loquitur
3370 4266 3448 4339 d_e_
3480 4265 3719 4321 subver-

2076 4338 2471 4410 sionetempli
2504 4338 3011 4410 Hierosolymitani
3034 4336 3161 4410 jam
3193 4339 3362 4393 facta.
3395 4336 3547 4391 ΜΕΝ.

2148 4408 2259 4478 (62)
2290 4412 2355 4464 Et
2383 4408 2479 4465 sic.
2515 4411 2575 4465 Id
2606 4416 2714 4476 est,
2748 4408 2909 4476 Quod
2943 4408 3049 4466 sic.
3082 4409 3233 4465 MEN.

2148 4480 2256 4551 (63)
2289 4481 2585 4551 Sparsione
2641 4484 2935 4552 sanguinis
2985 4480 3208 4552 illius__I
3268 4479 3493 4543 Petr.1,
3540 4479 3611 4532 2:
3655 4480 3719 4531 In

2078 4550 2387 4622 aspersione
2415 4553 2702 4622 sanguinis
2728 4550 2861 4608 Jesu
2892 4552 3113 4607 Christi.
3147 4550 3298 4605 MEN.

2150 4624 2262 4693 (64)
2292 4617 2571 4694 Scriptum
2600 4626 2693 4678 est.
2729 4624 2835 4678 Pro
2889 4618 3448 4694 moreqinterpretis,
3479 4617 3717 4694 rectius,

2073 4687 2276 4764 scripta
2303 4687 2455 4749 sunt.
2490 4694 2579 4749 Sic
2608 4695 2765 4749 enim
2798 4694 3043 4764 fortasse
3068 4692 3209 4764 legit
3232 4687 3576 4764 εΤᾷχροεπσξαι
3607 4687 3707 4764 γὰρ

2071 4756 2193 4853 napi
2226 4763 2389 4817 αὐτοῦ
2417 4764 2484 4818 τὰ
2517 4764 2609 4836 μὲν
2661 4764 2798 4853 πρτρς
2844 4763 2937 4818 τὸν
2989 4756 3272 4817 λαὸΓτῶν
3320 4756 3719 4827 Ἰ’όυδαίων,’τ’ὰ

2246 4836 2258 4851 .
2341 4837 2353 4853 .
2417 4840 2443 4849 η
2531 4837 2572 4853 η
2772 4836 2811 4853 .,
2888 4840 2976 4853 ...

2072 4836 2149 4909 χέ
2164 4836 2299 4905 πρὸς
2330 4837 2496 4906 ἡμᾶς.
2530 4836 2821 4892 FELL.'Sic
2850 4840 2907 4891 et
2926 4840 3072 4890 ΜΕΝ.
3680 4898 3691 4917 I

2076 4908 2589 5033 M(25)F.:q:guine.
2641 4907 2873 4979 Legisse
2904 4907 3131 4963 videtur
3187 4905 3493 4977 interpres,
3523 4905 3601 4973 τῷ
3630 4900 3713 4954 αἷ-

2117 4998 2222 5032 om.
2259 4996 2415 5033 I‘ELL.

2117 4999 2222 5032 ατι.
2259 4999 2415 5033 l‘ELL.

2076 4999 2114 5049 μ
2143 5050 2254 5121 (66)
2288 5051 2491 5105 Periet.
2520 5048 2710 5105 Semel
2740 5048 3014 5121 lectorem
3046 5062 3276 5115 moneo,
3311 5062 3548 5121 menon
3582 5060 3709 5121 pro-

2070 5116 2208 5175 bare
2240 5116 2555 5176 maximam
2590 5124 2814 5191 partem
2842 5119 3177 5185 lectionum,
3220 5136 3373 5191 quas
3402 5116 3713 5191 Menardus

2070 5193 2143 5269 ad
2175 5186 2812 5269 oramhveteris'hujus
2868 5186 3385 5269 interpretationis.
3415 5186 3708 5269 apposuit.

2070 5262 2157 5317 Ita
2185 5264 2383 5332 peribit
2413 5262 2659 5317 correxit
2685 5259 2787 5333 p'ro
2815 5259 3181 5331 perietfcum
3225 5277 3341 5316 non
3371 5259 3482 5333 hoc
3512 5259 3712 5333 minus

2071 5329 2246 5404 quam
2277 5333 2548 5399 alterum,
2585 5334 2644 5387 in
2677 5329 2787 5389 usu
2815 5329 2994 5388 fuerit
3022 5350 3137 5388 aevo
3181 5329 3505 5404 posteriori.
3509 5329 3627 5404 _I_t_a
3655 5333 3712 5404 et

2068 5399 2229 5530 filibi,
2247 5406 2509 5529 galeriet,
2540 5406 2686 5460 exiet
2716 5411 2770 5461 el
2800 5406 3052 5467 transiet,
3086 5399 3262 5460 etiam
3308 5400 3460 5475 apud
3508 5399 3707 5457 Tibul-

2093 5493 2213 5530 um.
2298 5493 2414 5530 oss.

2093 5493 2213 5532 um.
2247 5480 2414 5532 Voss.

2140 5548 2254 5619 (67)
2288 5548 2499 5602 Habens
2546 5548 2697 5602 viam
2734 5548 3002 5614 veritatis,
3050 5546 3354 5619 scientiam.
3388 5540 3527 5599 Felli
3556 5541 3710 5599 edito

2067 5618 2270 5689 OxOn.,
2307 5619 2528 5674 Habeas
2558 5621 2665 5675 viae
2694 5620 2941 5676 veritatis
2973 5618 3278 5673 scientiam.
