4038 6210
339 351 446 419 731

1582 349 1963 413 EPISTOLA
2011 340 2476 413 CATHOLICA.

3616 351 3651 410 7
3657 352 3735 414 38

332 488 610 564 προφήτας
641 477 824 543 αὐτοῦ.
850 481 1053 537 Οὐκοῦν
1089 481 1162 543 εἰς
1196 484 1355 536 τοῦτο
1390 481 1638 553 ὑπέμεινε
1663 484 1796 555 (83).
1822 482 1972 555 Δὲγει
2003 483 2029 549 Α

2123 500 2188 538 us
2220 489 2327 539 est.
2352 484 2502 539 Dicit
2531 484 2689 539 enim
2720 484 2895 550 Deus,
2929 482 3161 554 plagam
3192 481 3386 538 carnis
3409 484 3537 554 ejus
3568 484 3640 539 ab
3674 484 3736 541 il-

337 578 438 652 γὰρ
471 577 498 630 6
527 573 674 635 Θεός⁶
705 574 804 641 τήν
833 573 946 644 (84)
979 570 1199 646 πληγήν
1231 577 1330 640 τῆς
1365 572 1560 644 σαρκὸς
1594 571 1777 641 αὐτοῦ,
1811 570 1892 625 ὅτι
1929 570 1979 639 ἐξ

332 665 526 734 αὐτῶν,
578 663 688 737 [καὶ
739 663 890 734 (85)}
947 664 1107 715 "O'mv
1159 661 1377 733 πατάξω
1427 659 1516 713 τὸν
1562 659 1814 732 ποιμένα,
1860 660 1981 714 τότε

332 753 786 827 σκορπισθήσεται
871 750 938 803 τὰ
987 743 1232 826 πρόϐαοα
1314 755 1414 816 τῆς
1490 747 1751 820 ποίμνης.
1815 746 1981 808 Αὐτὸς

331 840 596 912 ἠθέλησεν
632 838 774 894 οὕτω
804 839 1016 892 παθεῖν’
1053 834 1158 892 ἔδει
1191 837 1314 913 γὰρ,
1337 836 1424 890 τίνα
1469 834 1555 890 ἐπὶ
1604 835 1764 906 ξύλου
1814 838 1978 910 πάθῃ.

332 930 487 1006 Λέγει
517 931 621 1004 γὰρ
678 929 705 981 6
749 925 1110 1003 προφητεύων
1159 925 1240 979 ἐπ’
1287 925 1451 995 αὑτῷ-
1488 924 1677 978 Φεῖσαί
1731 945 1834 996 μου
1881 932 1982 992 τῆς

331 1025 529 1095 Ψυχῆς
599 1017 703 1071 ἀπὸ
783 1014 1072 1094 ῥομφαίας,
1133 1012 1456 1084 καθήλωσὸν
1528 1035 1632 1084 μου
1697 1015 1792 1074 τὰς
1856 1015 1981 1086 σάρ-

329 1130 445 1177 κας,
514 1105 600 1161 ὅτι
677 1104 1132 1180 πονηρευομένων
1228 1101 1533 1176 συναγωγαὶ
1622 1101 1980 1172 ἐπανέστησαν

331 1214 440 1270 μοι’
494 1195 595 1250 Καὶ
645 1191 810 1250 πάλιν
865 1193 1012 1268 λέγει
1060 1195 1199 1266 (86)’
1254 1188 1393 1245 Ἰδοὺ
1441 1189 1652 1254 τεθεικά
1733 1211 1836 1263 μου
1893 1190 1981 1244 τὸν

330 1288 498 1338 νῶτον
574 1283 651 1346 εἷς
715 1282 997 1358 μάστιγας,
1058 1281 1147 1336 καὶ
1206 1281 1301 1342 τὰς
1374 1279 1619 1354 σιαγόνας
1685 1278 1759 1340 εἷς
1825 1278 1984 1354 ῥαπί-

334 1391 530 1446 σματα,
562 1371 626 1426 τὸ
681 1367 739 1425 δὲ
784 1367 1076 1442 πρόσωπόν
1131 1389 1237 1442 μου
1282 1366 1453 1436 ἔθηκα
1494 1366 1570 1428 ὡς
1618 1367 1829 1442 στερεὰν
1890 1367 1982 1420 πε-

330 1479 457 1534 τραν
485 1460 626 1532 (87).

2093 570 2162 626 lis
2194 589 2320 626 esse
2357 574 2418 637 ‘9,
2452 572 2554 644 [et]
2586 591 2596 626 :
2633 575 2772 627 Cum
2800 573 3107 642 percutiam
3135 580 3428 642 pastorem,
3461 576 3594 627 tunc
3621 573 3738 628 dis-

2090 665 2387 730 pergentur
2415 677 2533 715 oves
2561 663 2738 732 gregis
2772 662 2835 713 ‘20.
2884 661 3010 731 Ipse
3056 660 3296 731 [autem]
3356 660 3439 715 sic
3491 662 3610 733 pati
3638 680 3736 718 vo-

2090 748 2201 802 luit
2235 768 2247 816 ;
2281 751 2584 821 oportebat
2617 751 2853 820 quippe,
2885 754 2954 802 ut
2984 749 3041 802 in
3073 749 3232 820 ligno
3266 751 3738 821 pateretur.Dicit

2092 837 2379 907 enim,qui
2413 839 2481 891 de
2515 837 2611 891 illo
2646 837 3009 908 prophetavit
3043 853 3055 889 :
3090 843 3261 892 Parce
3299 840 3514 895 anima?
3540 855 3681 897 meae
3704 858 3738 896 a

2091 925 2273 995 gladio
2307 927 2349 960 ²¹
2382 943 2402 987 ,·
2432 928 2604 980 clavis
2633 927 2841 995 conﬁge
2879 942 3070 979 carnes
3096 941 3245 980 meas
3269 927 3332 990 ²²,
3355 929 3483 998 quia
3503 931 3740 986 concilia

2092 1015 2532 1082 malignantium
2565 1017 2993 1068 insurrexerunt
3022 1015 3078 1068 in
3111 1031 3200 1068 me
3230 1015 3369 1069 ’3.Et
3391 1032 3595 1072 rursus
3626 1019 3734 1074 ait:

2094 1105 2224 1158 Ecce
2249 1107 2409 1174 posui
2436 1105 2657 1158 dorsum
2685 1120 2868 1160 meum
2897 1104 2967 1158 ad
3023 1103 3280 1176 flagella,
3338 1109 3390 1159 et
3443 1123 3612 1174 genas
3668 1108 3739 1164 ad

2095 1194 2286 1263 alapas
2313 1210 2333 1254 ;
2358 1196 2561 1264 faciem
2590 1201 2769 1248 autem
2798 1209 2977 1247 meam
3003 1195 3165 1264 posui
3247 1196 3388 1248 sicut
3415 1195 3459 1228 ²⁵
3507 1197 3739 1252 solidam

2090 1285 2305 1351 petram
2333 1284 2396 1334 ³⁵.

1025 1547 1120 1602 Vl.
1155 1546 1367 1602 Christi
1392 1562 1574 1618 passio
1604 1550 1654 1601 et
1685 1562 1882 1602 novum
1910 1548 2085 1618 foedus
2105 1550 2226 1620 jam
2255 1552 2304 1604 et
2333 1547 2614 1619 pr0p/ietis
2662 1551 3049 1604 annuntiatur.

399 1647 526 1699 Ὅτε
585 1642 675 1698 οὖν
724 1643 974 1712 ἐποίησεν
1028 1640 1277 1712 ἐντολήν,
1320 1641 1369 1695 τί
1419 1642 1566 1716 λέγει
1612 1645 1760 1713 (88);
1811 1643 1900 1704 Τίς
1961 1646 2029 1712 6]

2169 1649 2307 1700 Cum
2361 1651 2558 1701 autem
2609 1646 2761 1711 iecit,
2814 1647 2966 1716 quod
3029 1649 3384 1718 praeceptum
3447 1646 3497 1700 ei
3545 1647 3752 1715 fuerat,

330 1733 655 1808 κρινόμενός
728 1751 862 1805 μοι;
917 1733 1246 1800 Ἀντιστήτω
1300 1751 1411 1802 μοι.
1467 1732 1532 1784 Ἢ
1580 1731 1659 1792 τίς
1707 1733 1734 1784 6
1786 1729 1996 1799 δικαζό-

336 1822 488 1896 μενός
551 1838 682 1893 μοι;
717 1819 1014 1896 Ἐγγισάτω
1061 1824 1140 1891 τῷ
1191 1818 1342 1873 παιδὶ
1396 1819 1620 1895 Κυρίου,
1663 1819 1792 1873 Οὐαὶ
1846 1821 1992 1892 ὑμῖν

334 1909 412 1964 ὅτι
471 1907 670 1969 πάντες
745 1909 900 1980 ὑμεῖς
967 1906 1419 1978 παλαιωθήσεσθε
1486 1909 1559 1970 ὡς
1623 1905 1862 1980 ἱμάτιον,
1909 1910 1997 1962 καὶ

336 1999 431 2067 σὴς
460 1995 830 2075 καταφάγεται
885 1996 1044 2069 ὑμᾶς.
1079 1997 1175 2049 Καὶ
1226 1993 1395 2049 πάλιν
1444 1993 1591 2071 λέγει
1622 1997 1650 2050 6
1683 1999 1994 2074 προφήτης·

337 2087 487 2141 Ἐπεὶ
541 2086 618 2147 ὡς
667 2084 817 2146 λίθος
879 2083 1103 2160 ἰσχυρὸς
1163 2083 1316 2154 ἐτέθη
1379 2085 1453 2146 εἷς
1514 2080 1803 2160 συν-τριϐήν
1864 2089 1995 2159 (89)

341 2173 462 2229 ἰδοὺ
498 2168 772 2247 ἐμϐάλλοι)
804 2172 880 2234 εἰς
918 2173 985 2227 τὰ
1031 2172 1257 2245 Οεμὲλια
1307 2173 1449 2227 Σιὼν
1500 2172 1650 2236 λίθον
1694 2172 1997 2242 πολυτελῆ,

343 2261 624 2335 ἐκλεκτὸν,
697 2263 1106 2339 ἀκρογωνιαῖον,
1186 2259 1424 2334 ἔντιμον,
1497 2262 1627 2316 Εἶτα
1686 2262 1738 2317 τί
1814 2262 1995 2338 λέγει;

341 2352 438 2407 Καὶ
490 2353 555 2413 ὃς
609 2349 816 2405 ἐλπίσει
863 2349 944 2404 ἐπ’
992 2349 1173 2420 αὐτὸν,
1228 2351 1443 2420 ζήσεται
1513 2350 1587 2412 εἰς
1648 2352 1737 2405 τὸν
1810 2351 1994 2406 αἰῶνα.

343 2441 465 2496 Ἐπῖ
499 2439 654 2496 λίθον
697 2437 787 2493 οὖν
841 2441 1000 2511 ἡμῶν
1029 2441 1063 2509 ἡ
1099 2437 1254 2500 ἐλπίς
1279 2456 1292 2508 ;
1322 2434 1414 2507 Mi)
1444 2441 1654 2515 γένοιτο
1682 2441 1692 2495 ί
1731 2438 1854 2495 ἀλλ’
1885 2441 1997 2495 ἐπεὶ

345 2530 394 2586 ἐν
425 2527 611 2604 ἰσχύει
645 2526 804 2598 ἔθηκε
830 2529 928 2597 τὴν
970 2527 1138 2602 σάρκα
1325 2527 1489 2582 αὐτοῦ
1521 2529 1548 2583 6
1581 2527 1793 2602 Κύριος.
1843 2529 2000 2604 Λέγει

342 2618 462 2694 γάρ.
504 2615 609 2672 Καὶ
660 2614 821 2686 ἔθηκὲ
849 2619 961 2690 (91)
999 2637 1064 2689 με
1114 2617 1190 2678 ὡς
1240 2617 1454 2692 στερεὰν
1483 2618 1700 2691 πέτραν.
1737 2619 1893 2692 Λὲγει
1945 2615 2002 2672 δὲ

344 2705 516 2761 πάλιν
567 2706 594 2759 6
643 2706 956 2782 προφήτης·
1015 2705 1202 2774 Λίθον,
1255 2705 1311 2758 ὃν
1364 2703 1767 2778 ἀπεδοκίμασαν
1817 2707 1868 2760 οἱ
1920 2707 1999 2759 0".-

346 2792 738 2866 κοδομοῦντες,
801 2791 957 2854 οὗτος
1035 2793 1254 2869 ἐγενήθη
1316 2794 1390 2854 εἷς
1457 2793 1696 2871 κεφαλήν
1769 2795 1993 2870 γωνίας.

350 2882 446 2938 Καὶ
508 2880 676 2938 πάλιν
732 2879 902 2956 λέγει.
935 2880 1081 2951 Αὕτη
1129 2881 1268 2937 ἐστὶν
1301 2884 1334 2951 ἡ
1367 2881 1548 2957 ἡμέρα
1577 2885 1611 2952 ἡ
1649 2882 1857 2959 μεγάλη
1914 2886 2002 2939 καὶ

2106 1734 2207 1806 qui
2235 1734 2315 1789 ait
2346 1734 2372 1788 ?
2401 1735 2530 1802 Quis
2559 1743 2652 1798 est,
2687 1736 2781 1805 qui
2813 1736 2999 1805 litiget
3039 1750 3249 1789 mecum
3279 1739 3304 1788 .9
3335 1736 3557 1790 Resistet
3613 1735 3762 1790 nnhi

2111 1824 2197 1876 Vel
2252 1824 2376 1892 quis
2431 1827 2528 1891 est,
2589 1824 2686 1892 qui
2733 1822 3012 1892 judicium
3069 1825 3217 1877 ineat
3273 1823 3565 1877 advers-um
3611 1825 3752 1878 me?

2110 1913 2518 1983 ApprOpinquet
2542 1927 2713 1980 puero
2746 1912 2982 1965 Domini.
3032 1912 3111 1966 Vae
3168 1911 3333 1978 vobis,
3394 1913 3754 1982 quia’omnes

2109 2016 2200 2055 vos
2229 2001 2570 2054 veterascetis
2598 2001 2758 2070 quasi
2786 2002 3184 2069 vestimentum,
3216 2009 3269 2054 et
3296 2001 3446 2054 linea
3471 2001 3758 2055 devorabit

2111 2104 2200 2143 vos
2233 2087 2297 2141 '35.
2333 2092 2399 2141 Et
2431 2087 2644 2142 iterum
2678 2088 2820 2142 dicit
2850 2088 3130 2158 propheta
3159 2103 3171 2141 :
3209 2089 3358 2143 Sicut
3397 2088 3541 2159 lapis
3587 2090 3752 2159 fortis

2111 2187 2319 2248 positus
2350 2185 2426 2232 est
2460 2178 2516 2230 in
2561 2177 2950 2230 contritione-ru
2982 2177 3025 2210 ²⁶
3050 2193 3072 2237 ;
3101 2192 3218 2232 ecce
3247 2177 3484 2232 immitto
3517 2179 3571 2232 in
3619 2180 3751 2248 fun-

2111 2265 2366 2320 damenta
2399 2265 2580 2320 Sionis
2611 2266 2855 2336 lapidem
2880 2267 3204 2336 pretiosum,
3235 2266 3485 2333 electum,
3516 2266 3755 2336 angula-

2112 2371 2246 2419 rem,
2281 2354 2655 2409 honorabilem
2689 2354 2751 2408 2⁷.
2786 2353 3005 2409 Deinde
3037 2355 3176 2424 quid
3211 2353 3471 2427 loquitur
3499 2355 3527 2411 ?
3554 2358 3630 2411 Et
3662 2359 3761 2427 qui

2111 2445 2427 2514 speraverit
2457 2444 2516 2497 in
2547 2441 2883 2510 illum,vivct
2909 2446 2967 2496 in
2997 2447 3362 2499 aeternumJn
3393 2443 3587 2516 lapide
3621 2461 3758 2517 ergo

2113 2548 2244 2603 spes
2276 2537 2475 2586 nostra
2501 2531 2528 2585 ‘t
2559 2530 2762 2585 Absit!
2801 2531 2900 2586 sed
2935 2531 3075 2602 quia
3100 2531 3383 2588 Dominus
3427 2531 3487 2587 in
3524 2535 3754 2590 fortitu-

2112 2621 2246 2674 dine
2277 2621 2474 2692 posuit
2505 2637 2717 2691 corpus
2748 2637 2944 2674 suum.
3000 2619 3096 2674 Ait
3124 2636 3376 2692 namque
3410 2639 3422 2676 :
3456 2624 3528 2676 Et
3575 2626 3755 2693 posuit

2113 2725 2198 2763 me
2244 2710 2385 2763 sicut
2431 2707 2666 2763 solidam
2711 2712 2935 2780 petram
2984 2709 3049 2763 ²¹.
3112 2707 3319 2764 Adhuc
3369 2713 3564 2766 autem
3612 2710 3753 2766 dicit

2112 2797 2396 2869 propheta
2428 2818 2439 2847 :
2478 2797 2734 2867 Lapidem
2767 2813 2925 2868 quem
2968 2798 3395 2868 reprobaverunt
3424 2797 3755 2874 aediﬁcantes

2112 2889 2201 2942 hic
2218 2890 2400 2957 factus
2430 2895 2510 2940 est
2540 2887 2600 2941 in
2629 2893 2790 2958 caput
2818 2885 3020 2957 anguli
3050 2885 3114 2939 99.
3149 2885 3448 2958 Etiterum
3479 2885 3560 2941 ait
3589 2904 3601 2941 :
3636 2888 3755 2942 Hac

1756 3004 1913 3057 Vetus
1971 3005 2373 3074 interpretatio.

359 3102 535 3154 Parce
563 3098 776 3170 animae
803 3112 943 3154 mea?
971 3114 1006 3170 α
1032 3096 1234 3168 gladio.
1269 3101 1373 3152 Et:
1411 3098 1625 3168 Conﬁge
1654 3101 1823 3155 clavis
1853 3117 2045 3156 carnes
2085 3117 2228 3154 meas
2259 3118 2276 3153 :
2310 3101 2441 3170 quia
2487 3102 2943 3170 nequissimorum
2992 3108 3284 3154 conventus
3334 3101 3762 3156 insurrexerunt

357 3171 417 3224 in
445 3184 559 3224 me.
591 3169 658 3223 Et
689 3169 899 3224 iterum
931 3168 1073 3243 dicit
1107 3185 1119 3223 :
1154 3172 1285 3224 Ecce
1309 3172 1476 3243 posui
1504 3173 1732 3225 dorsum
1779 3188 1960 3226 meum
1991 3171 2059 3227 ad
2107 3168 2353 3240 ﬂagella,
2401 3179 2453 3224 et
2500 3168 2764 3225 maxillas
2805 3188 2958 3226 meas
3001 3171 3072 3225 ad
3118 3173 3329 3243 palmas
3363 3172 3494 3243 (92).
3545 3175 3761 3228 Faciem

357 3248 558 3312 autem
574 3256 753 3294 meam
778 3242 939 3311 posui
968 3248 1234 3312 tanquam
1260 3242 1499 3295 solidam
1525 3252 1760 3312 petram.

417 3304 498 3365 ‘VI
532 3311 678 3366 Cum
705 3304 900 3386 autem
931 3304 1196 3386 fecit-Dei
1227 3304 1605 3386 praeceptum,
1641 3315 1740 3384 qui
1791 3314 1975 3368 dicit?
2008 3315 2140 3382 Quis
2190 3318 2268 3366 est
2315 3316 2412 3385 qui
2457 3312 2784 3367 contradicit
2813 3316 2837 3365 .9
2867 3316 3080 3386 resistat
3130 3314 3287 3368 mihi.
3345 3313 3475 3381 Quis
3519 3315 3755 3386 aequalis

353 3382 584 3457 futurus
615 3390 690 3457 est
717 3382 840 3457 (93)
859 3383 999 3457 mihi
1025 3387 1050 3436 .9
1072 3385 1399 3457 propinquet
1423 3382 1594 3457 puero
1627 3382 1744 3457 Dei.
1763 3386 1839 3440 Vae
1870 3385 2176 3457 vobis,quia
2206 3401 2295 3439 vos
2323 3382 2512 3440 omnes
2541 3386 2886 3439 veterascitis
2918 3385 3027 3455 (94)
3059 3392 3320 3456 tanquam
3349 3382 3751 3445 vestimentum;

354 3461 405 3528 et
434 3455 597 3528 tinea
621 3453 905 3528 devorabit
929 3470 1039 3528 vos.
1072 3453 1298 3528 lterum
1321 3455 1464 3528 dicit
1494 3455 1776 3526 prepheta
1808 3475 1820 3512 :
1857 3453 2145 3528 Tamquam
2177 3457 2319 3524 lapis
2353 3499 2364 3509 .
2406 3498 2421 3528 γ.
2457 3457 2732 3528 expositus
2755 3459 2830 3509 est
2859 3453 3325 3526 ina/ﬂictionem.
3359 3458 3502 3528 Ecce
3531 3458 3758 3512 mittam

353 3525 413 3577 in
441 3523 979 3598 fundamentaSion
1009 3526 1247 3598 lapidem
1272 3523 1856 3596 pretiosum—electum
1890 3523 2022 3598 (95),

2061 3569 2074 3581 .
2121 3569 2131 3580 .
2179 3568 2191 3580 .
2226 3528 2291 3580 Et
2320 3527 2458 3597 quid
2498 3526 2687 3580 dicit?
2719 3528 2783 3581 Et
2822 3529 2918 3596 qui
2994 3528 3292 3582 crediderit
3341 3529 3401 3580 in
3430 3526 3617 3592 illum,
3648 3544 3757 3582 non.

352 3594 722 3666 confundetur
749 3596 882 3720 (96)).
917 3601 981 3650 In
1009 3594 1200 3667 lapide
1231 3594 1365 3668 ergo
1397 3598 1542 3652 fides
1573 3603 1773 3653 nostra
1799 3600 1826 3652 ‘t
1858 3594 2022 3654 Absit
2058 3599 2068 3653 !
2105 3599 2212 3654 Sed
2247 3594 2386 3668 quia
2415 3599 2473 3651 in
2509 3594 2848 3651 fortitudine
2881 3598 3075 3668 posuit
3121 3614 3332 3668 corpus
3363 3597 3521 3652 illius
3564 3639 3575 3651 .
3623 3639 3634 3650 .
3683 3642 3692 3652 .
3743 3640 3753 3650 .

357 3707 370 3719 .
415 3708 427 3719 .
473 3704 487 3717 .
540 3706 552 3719 .
599 3705 613 3720 .
658 3707 671 3720 .
719 3709 729 3720 .
777 3708 788 3720 .
885 3667 984 3720 icit
1013 3667 1226 3720 iterum
1259 3667 1578 3720 nronheta:
1616 3670 1876 3720 Lapidem
1908 3687 2065 3720 auem
2096 3671 2526 3720 renrobaverunt
2553 3668 2910 3720 aedificantes.
2969 3670 3056 3720 hic
3111 3671 3284 3720 factus
3342 3677 3420 3720 est
3478 3671 3537 3720 in
3592 3678 3753 3720 canat

357 3707 370 3719 .
415 3708 427 3719 .
473 3704 487 3717 .
519 3706 556 3740 _.
599 3705 613 3720 .
658 3707 671 3720 .
719 3709 729 3720 .
777 3708 788 3721 .
835 3667 984 3740 Dicit
1013 3667 1226 3722 iterum
1259 3667 1578 3739 propheta:
1616 3670 1876 3739 Lapidem
1908 3687 2065 3740 quem
2096 3667 2910 3739 reprobaveruntaedificantes,
2969 3670 3056 3723 hic
3109 3667 3284 3739 factus
3342 3677 3420 3724 est
3478 3671 3537 3723 in
3592 3678 3757 3740 caput

353 3736 574 3806 anguli.
623 3776 636 3789 .
684 3779 694 3790 .
742 3777 754 3790 .
790 3739 894 3792 Hic
918 3742 995 3792 est
1025 3741 1162 3801 dies,
1209 3779 1219 3791 .
1265 3736 1277 3790 ζ

1348 3782 1359 3794 .
1426 3780 1438 3793 .
1479 3756 1638 3794 auem
1686 3742 1813 3794 fecit
1861 3742 2094 3794 Dominu

356 3742 574 3806 anguli.
623 3776 636 3789 .
684 3779 694 3790 .
742 3777 754 3790 .
790 3742 894 3792 Hic
918 3742 995 3792 est
1025 3742 1162 3801 dies,
1209 3779 1219 3791 .
1266 3778 1277 3790 .
1348 3782 1359 3794 .
1426 3780 1438 3793 .
1479 3756 1638 3809 quem
1684 3742 1813 3810 fecit
1861 3742 2122 3795 Dominus
2226 3781 2238 3802 ,
2319 3781 2330 3792 .
2413 3781 2425 3794 .
2509 3782 2520 3793 .
2603 3781 2613 3793 .
2698 3782 2709 3792 .
2792 3781 2804 3793 .
2886 3782 2898 3793 .
2980 3781 2991 3792 .
3075 3781 3086 3792 .
3169 3781 3181 3793 .
3265 3783 3276 3795 .

356 3823 494 3882 ergo
527 3807 716 3882 dicit?
750 3848 762 3861 .
810 3849 821 3862 .
867 3809 1350 3864 Circumvener-unt
1374 3827 1460 3865 me
1488 3821 1778 3866 con-ventus
1808 3814 2268 3882 nequissimorum
2298 3830 2320 3875 ;
2348 3811 2692 3882 vallaverant
2727 3827 2808 3865 me
2839 3815 3100 3880 tanquam
3147 3827 3293 3875 apes.

355 3877 508 3933 diiit
541 3895 554 3933 :
591 3877 764 3949 Super
792 3884 988 3953 vestem
1019 3897 1199 3936 meam
1229 3889 1396 3953 sortes
1427 3883 1710 3938 miserunt.
1744 3884 1809 3937 In
1841 3877 2013 3938 carne
2043 3899 2178 3953 ergo
2210 3882 2522 3953 incipiente
2554 3880 2652 3937 illo
2681 3882 2893 3940 venire.
2942 3877 2953 3935 ζ

2226 3740 3755 3803 ,..............Quid

3342 3852 3352 3864 .
3403 3852 3415 3862 .
3449 3811 3518 3864 Et
3548 3811 3756 3865 iterum

3002 3924 3012 3935 .
3056 3887 3188 3936 ante
3206 3888 3437 3936 ostensa
3468 3885 3606 3936 sunt
3631 3897 3761 3952 qua:

356 3965 648 4021 passurus
679 3954 821 4004 erat.
853 3950 1005 4006 Dicit
1033 3967 1168 4023 ergo
1202 3952 1483 4024 prepheta
1513 3953 1584 4009 ad
1615 3953 1894 4010 Judaeos:
1940 3956 2027 4010 Vae
2073 3950 2280 4009 animus
2327 3950 2666 4022 iniquorum,
2714 3995 2724 4006 .
2772 3996 2784 4007 .
2832 3995 2842 4005 .
2889 3995 2901 4006 .
2950 3994 2961 4005 .
3008 3994 3022 4008 .
3070 3995 3081 4006 .
3127 3994 3140 4007 .
3187 3995 3198 4007 .
3246 3994 3258 4006 .
3291 3954 3385 4024 qui
3409 3952 3520 4024 (97)
3570 3950 3762 4008 dicunt

432 4074 480 4108 ¹⁹
527 4071 642 4127 Isai
691 4089 814 4140 Lm,
843 4072 914 4141 8;
949 4073 1117 4130 Zach.
1170 4092 1291 4140 xm,
1338 4077 1390 4130 6.

360 4143 407 4218 ξ’
437 4142 595 4218 Psal.
628 4159 822 4211 cxvm,
848 4144 978 4218 A120.
1037 4217 1058 4218 ί
1085 4146 1313 4218 ἕρδοι.
1342 4163 1459 4218 xxx,
1493 4149 1578 4202 17.

360 4301 536 4354 cxvn,
568 4285 660 4341 22.

1505 4077 1548 4111 *0
1595 4077 1764 4132 Zach.
1814 4096 1940 4145 x111,
1969 4079 2036 4144 7;
2074 4077 2256 4132 Matth
2301 4094 2452 4145 XXVI,
2485 4077 2588 4143 3|;
2643 4076 2816 4130 Marc.
2868 4093 2980 4142 xw,
3023 4077 3111 4130 27.

1505 4149 1556 4183 ΙἿ
1684 4150 1730 4183 24
1763 4149 1868 4183 lani
1929 4167 1946 4183 τ
2009 4151 2044 4183 R
2094 4150 2127 4183 ’Ἲ
2255 4149 2440 4183 251Ηὶιῖ
2523 4150 2556 4183 Ω
2607 4148 2641 4183 0
2741 4148 2786 4181 ‘36
2819 4152 2903 4183 Ian
2956 4163 3052 4183 ιηιτ
3105 4162 3111 4173 λ

365 4150 407 4177 ²²
437 4150 595 4198 Psal.
628 4159 822 4211 cxvm,
859 4150 978 4199 120.
1086 4150 1130 4178 2³
1162 4150 1313 4202 Psal.
1342 4163 1459 4218 xxx,
1493 4150 1578 4202 17.
1684 4150 1730 4183 2‘
1763 4150 1894 4204 lsai.
1929 4167 1980 4220 L,
2009 4151 2029 4202 Ε

365 4214 660 4288 braicum,
694 4232 808 4271 non
834 4216 1006 4286 juxta
1036 4216 1195 4272 LXX.
1277 4217 1319 4252 97
1351 4217 1462 4274 Isa.
1495 4235 1691 4288 xxvm,
1718 4222 1803 4288 16,
1840 4221 1944 4276 cfr.
1986 4221 2029 4276 R

2123 4151 2148 4204 '.
2255 4150 2296 4181 25
2323 4150 2490 4211 lbid.,
2523 4150 2576 4212 8,
2607 4150 2661 4202 9.
2741 4150 2786 4181 ‘36
2819 4152 2902 4201 lsa

2123 4240 2152 4274 ι.
2204 4237 2278 4286 ix,
2326 4221 2417 4288 22,
2465 4220 2484 4272 Ι
2531 4219 2680 4274 Petr.
2736 4236 2795 4287 II,
2849 4220 2902 4272 6.

3248 4078 3289 4110 ²¹
3324 4075 3475 4131 Psal.
3521 4093 3638 4131 xxx.
3668 4077 3760 4130 21.

2741 4148 2786 4181 ⁵³⁸
2819 4152 2926 4201 lsa.
2956 4163 3073 4216 vni,
3105 4148 3189 4217 14,
3215 4148 3388 4218 juxta
3413 4153 3633 4202 textum
3653 4146 3761 4201 He-

2981 4219 3023 4252 ²⁸
3073 4221 3184 4274 lsa.
3240 4237 3287 4289 L,
3333 4235 3432 4274 v11.
3539 4219 3584 4253 ’θ
3607 4218 3764 4274 Psal.

2255 4149 2296 4181 2⁵
2323 4150 2490 4211 lbid.,
2523 4150 2576 4212 8,
2607 4148 2661 4202 9.

1747 4371 2124 4428 VARIORUM
2163 4370 2389 4425 NOT/E.

430 4471 527 4543 (83
557 4471 781 4527 Profert
809 4473 984 4529 aliam
1034 4490 1274 4548 causam
1305 4476 1609 4548 adventus
1658 4478 1895 4545 Christi,
1953 4483 2015 4534 ut
2045 4465 2086 4530 C
2124 4481 2234 4533 vet.
2268 4477 2623 4548 Depalmare,
2658 4474 2988 4548 κολαφίζειν.
3021 4478 3190 4533 CLER.

363 4548 922 4615 consummarentur
953 4550 1187 4615 peccata
1206 4545 1544 4602 Judseorum
1569 4549 1769 4605 addita
1798 4551 2012 4606 Christi

363 4614 761 4690 κοπιᾷ-ΜΕΝ.
796 4615 899 4690 cfr.
936 4614 1144 4690 Matth,
1177 4635 1338 4672 χχιιι.
1370 4620 1432 4672 31
1472 4635 1598 4690 sqq.

397 4684 548 4766 ⁹(84)
582 4684 691 4740 Ms.
723 4687 930 4766 πηγήν.
963 4688 1091 4743 Vel.
1129 4688 1369 4761 interpr.
1408 4707 1420 4744 :
1451 4684 1618 4762 plaga
1665 4697 1908 4764 corporis
1939 4696 2013 4749 it-

366 4754 473 4809 lius
503 4754 693 4811 amnes
720 4754 909 4812 sanati
937 4775 1146 4814 sumus.

436 4826 550 4905 (85)
573 4828 668 4905 _lta
698 4829 940 4905 restituo
972 4847 1046 4905 ex_
1067 4830 1249 4905 veteri
1274 4831 1538 4887 versione
1571 4833 1721 4900 Lat.,
1757 4850 1882 4905 qua:
1915 4837 2013 4891 ha-

368 4896 466 4972 bet
507 4896 632 4952 {Et
687 4899 839 4953 alius
881 4901 1166 4972 propheta.
1217 4901 1435 4956 Sensus
1477 4909 1608 4958 est:
1643 4896 2018 4963 Annuntiavit

367 4965 527 5043 Deus
560 4987 663 5041 per
692 4965 1030 5043 prophetas,
1062 4973 1296 5028 Judteos
1323 4974 1620 5029 Christum
1655 4994 1782 5031 esse
1832 4979 2014 5034 inter—

369 5038 647 5114 fecturos,
675 5038 912 5114 ethunc
944 5061 1144 5099 necem
1177 5045 1321 5114 ipsis
1352 5045 1653 5101 interitum
1688 5049 1825 5103 fore.

439 5111 553 5250 (86)
581 5113 693 5168 Cfr.
718 5113 933 5170 Justin.
966 5117 1118 5187 Apol.
1156 5111 1285 5180 ιξῐι.
1319 5116 1407 5171 38.

464 5183 555 5250 87)
589 5184 814 5240 Faciem
846 5203 960 5241 non
993 5191 1278 5242 avertens.

464 5183 532 5236 87
589 5184 814 5240 Faciem
846 5203 960 5241 non
993 5183 1278 5242 avertens.

465 5186 556 5323 88)
584 5256 676 5311 Sc.
711 5256 895 5313 Patris
916 5259 1108 5323 jussio
1135 5259 1206 5312 de
1238 5258 1278 5312 ii

443 5253 556 5323 (88)
584 5256 676 5311 Sc.
711 5256 895 5313 Patris
916 5259 1108 5327 jussio
1135 5259 1206 5312 de
1238 5258 1638 5314 incarnatione
1671 5265 1726 5315 et
1757 5264 1878 5317 toto
1908 5262 2016 5316 hu-

374 5338 557 5400 mapaa
583 5328 1010 5400 incarnationis
1041 5330 1290 5400 negotio.

440 5394 551 5472 (89)
582 5397 850 5454 Veterem
883 5394 1256 5472 interpre'tem
1288 5401 1499 5455 imitati
1550 5419 1745 5457 vocem
1798 5401 1911 5457 ἐπεί
1958 5406 2014 5459 in

371 5466 882 5545 versionenostra
895 5466 1276 5545 negleximus.

442 5539 550 5662 (ἓξ)
579 5541 720 5616 Σάρξ
751 5539 1229 5616 Christi'propter
1259 5541 1413 5616 ἰσχύν
1438 5543 1720 5616 prOpheta
1744 5544 1894 5607 λίθος
1917 5564 2014 5602 vo-

373 5622 551 5665 catur.

464 5681 551 5750 91)
585 5682 794 5752 Ἔθηκα
823 5685 1003 5742 Oxon.
1039 5691 1096 5741 et
1126 5686 1284 5742 LXX.

441 5682 552 5835 (92)
577 5755 819 5816 Palmas.
851 5756 1142 5835 Golaphos
1170 5757 1284 5834 pali

463 5751 552 5832 92)
577 5751 819 5816 Palam.
851 5756 1142 5835 Colaphos
1170 5757 1401 5834 palmas
1429 5755 1742 5834 impactos.
1791 5760 2008 5821 Glossae

2195 4550 2308 4672 (93)
2339 4535 2468 4616 Quis
2506 4535 2739 4634 aequalis
2779 4535 3006 4618 futurus
3055 4553 3154 4602 est.
3206 4548 3495 4618 Interpres
3538 4545 3770 4616 legebat

2195 4639 2276 4671 ιασ
2317 4639 2474 4672 μενος
2498 4619 2621 4672 1000
2654 4617 3028 4672 οικαζὸμενος.
3064 4619 3215 4672 ΜΕΝ.

2126 4615 2474 4690 εἰὶασόμενος
2498 4615 2621 4674 loco
2654 4615 3028 4689 δικαζόμενος.
3064 4619 3215 4673 ΜΕΝ.

2198 4685 2325 4762 (94)
2350 4692 2706 4745 Vcterascitis.
2740 4692 2826 4744 Al.
2850 4685 3026 4744 'Forte
3057 4687 3584 4756 veterascetis,juxta
3613 4685 3766 4740 Grm-

2125 4761 2280 4817 cum.
2315 4762 2408 4816 Sic
2439 4768 2495 4816 et
2529 4761 2666 4815 Falli
2697 4763 2871 4816 editio
2902 4763 3082 4815 Oxon.
3427 4827 3431 4830 i

2195 4834 2308 4903 (9:3)
2339 4835 2466 4887 Ecce
2494 4835 2712 4887 mittam
2743 4835 2800 4886 in
2833 4833 3194 4903 fundamenta
3215 4831 3345 4884 Sion
3378 4827 3615 4903 lapidem
3645 4843 3763 4903 pro:

2127 4896 2341 4969 tiosurn,
2377 4896 3180 4968 electzun.Locus"mutilumet
3213 4896 3496 4973 legendus
3526 4905 3590 4953 ut
3611 4896 3764 4973 apud

2127 4977 2184 5030 S.
2220 4975 2595 5046 Cyprianum,
2631 4976 2729 5028 lib.
2765 4993 2825 5040 ιι,
2860 4976 2934 5028 De
2961 4971 3339 5029 testimoniis:
3371 4974 3500 5027 Ecce
3532 4971 3772 5046 immitto

2126 5049 2183 5100 in
2232 5044 2589 5115 fundamenta
2655 5047 2789 5100 Sion
2841 5046 3075 5116 lapidem
3138 5047 3458 5116 pretiosum,
3525 5044 3768 5102 electum,

2125 5135 2398 5171 summum
2429 5118 2754 5185 angularem
2785 5119 3106 5171 honoratum
3127 5134 3148 5178 ,°
3169 5118 3336 5186 juxta
3367 5119 3597 5186 textpm
3617 5117 3767 5165 Grae-

2127 5205 2260 5243 cum
2295 5178 2592 5259 Barnabas,
2625 5188 2812 5259 ubiin
2844 5188 3111 5259 praesenti
3157 5178 3369 5258 legitur
3399 5178 3686 5256 ἐμϐάλλω,
3708 5185 3771 5234 ut

2128 5262 2147 5313 Ῐ
2181 5263 2300 5315 Pet.
2335 5276 2394 5320 II,
2427 5261 2479 5312 6.
2513 5256 2650 5312 ’180³)
2687 5256 2900 5329 τίθημι,
2935 5280 2985 5312 κ.
3017 5279 3067 5312 τ.
3104 5262 3155 5314 λ.
3192 5256 3336 5311 ΜΕΝ.

2198 5331 2308 5401 (96)
2355 5331 2472 5384 Non
2526 5321 2907 5400 confundetur.
2966 5331 3049 5384 Ita
3080 5330 3244 5402 Rom.
3279 5345 3353 5394 ιχ,
3394 5327 3462 5378 33
3497 5343 3509 5380 :
3545 5321 3620 5402 οἱ
3636 5341 3763 5402 κατς

2127 5395 2564 5474 wex-nassam...
2603 5395 2672 5474 In
2697 5408 2853 5456 textu
2887 5403 3082 5457 Graeco
3121 5400 3522 5474 lsaimaxvm,
3559 5395 3624 5474 18
3659 5409 3669 5445 :
3706 5395 3767 5474 οὐ

2131 5465 2628 5544 μὴ’ξατκὶτχυνθῇ,
2664 5473 2719 5526 id
2771 5479 2858 5528 est
2908 5489 3016 5526 non
3066 5468 3457 5544 can/nudatur.
3500 5466 3562 5544 In
3605 5469 3767 5518 textu

2081 5601 2088 5608 .
2127 5531 2321 5599 Graeco
2357 5531 2630 5616 Barnabas
2667 5561 2678 5598 :
2716 5547 2818 5612 Qui
2840 5545 3079 5616 sperabit
3107 5531 3491 5595 in'cum.vivet
3522 5538 3582 5592 in
3609 5545 3770 5592 teter-

2126 5634 2280 5671 num.
2317 5615 2468 5669 Max.

2195 5689 2306 5762 (97)
2337 5688 2466 5759 Qui.
2504 5685 2591 5743 Ai.
2625 5690 2776 5760 quia.
2812 5685 3004 5742 Fellus
3036 5682 3243 5740 retinet
3273 5680 3390 5754 qui.
