4038 6210
355 300 472 362 743
1578 288 1645 357 S.
1688 295 1980 358 BARNA]

2129 299 2538 362 APOSTOLI.
3607 311 3710 374 7M

353 433 473 489 xit:
509 432 765 488 Crescunt
791 432 844 486 et
870 429 1100 500 praasint
1126 428 1387 500 piscibus.
1422 428 1560 495 Quis
1599 432 1791 501 potest
1837 446 1980 484 nunc

2120 430 2342 500 ζήσομεν
2375 429 2846 503 κατακυριεύοντες
2877 436 2976 500 τῆς
3007 433 3126 506 γῆς.
3161 431 3452 508 Προείρηκε
3504 436 3557 492 δὲ
3602 440 3714 496 ἐπά-

352 538 600 594 praeesse
631 519 854 588 bestiis,
885 518 971 573 vel
996 517 1274 589 piscibus,
1316 517 1403 572 vel
1436 516 1564 572 coeli
1619 518 1980 573 \olucribus‘.

2120 538 2202 587 ιω,
2237 517 2318 571 ὅτι
2379 517 2794 590 αὐξανέσθωσαν,
2845 519 2934 573 καὶ
2993 519 3302 595 ἀρχέτωσαν
3357 528 3455 577 τῶν
3508 525 3710 602 ῒχθῦων.

353 610 509 666 Scire
537 610 695 665 enim
721 608 1003 662 debemus
1021 621 1255 677 praeesse
1282 611 1630 672 potestatem
1662 607 1980 677 designare,

2120 604 2193 666 Γίς
2223 609 2335 678 (28)
2369 604 2460 659 οὖν
2492 608 2518 659 ὁ
2547 604 2836 679 δυνάμενος
2863 612 2953 660 νῦν
2989 606 3176 682 ἄρχειν
3208 610 3474 683 θηρίων,ἢ
3508 612 3710 688 ίχθῦων,

253 762 259 768 ,
351 705 417 755 ut
447 698 579 770 quis
609 697 857 776 imperet
891 712 956 750 ac
1014 695 1366 750 dominetur.
1428 696 1545 750 Etsi
1603 695 1659 748 id
1700 712 1855 748 nunc
1881 711 1980 748 nor.

2120 694 2138 761 ἣ
2173 699 2428 747 πετεινῶν
2457 699 2554 748 τοῦ
2581 694 2847 770 οὗρανοῦ;
2883 695 3227 758 Αἷσθάνεσθαι
3271 699 3372 773 γὰρ
3426 699 3710 776 ὀφείλομεν,

349 787 668 857 contingat,
693 783 962 856 promisit
994 783 1097 854 [id]
1129 800 1270 839 sane
1309 783 1495 838 nobis.
1531 783 1769 847 Quando
1802 782 1980 854 [fiet]?

2120 779 2186 834 iri
2216 782 2277 835 τὸ
2312 782 2496 857 ἄρχειν
2532 782 2741 854 ἐξουσία
2771 783 2931 854 ἐστὶν,
2960 781 3047 838 ’ίνα
3077 806 3158 846 τις
3193 784 3435 856 ἐπιτάξας
3464 790 3711 865 κυριεύσῃ.

349 880 490 932 Cum
515 879 572 931 et
599 874 714 946 ipsi
746 875 887 929 adeo
905 871 1144 945 perfecti
1169 871 1411 937 erimus,
1437 876 1501 926 ut
1523 872 1778 927 basredes
1806 871 1980 926 simus

2120 869 2167 926 Εἰ
2221 868 2309 924 οῦν
2358 870 2419 924 οὐ
2473 870 2676 946 γίνεται
2718 877 2878 926 τοῦτο
2929 877 3044 940 νῦν,
3077 872 3180 948 ἄρα
3221 877 3352 946 ἡμῖν
3399 873 3714 953 εἶ’ρηκε

348 963 685 1022 testamenti
719 962 966 1017 Domini.

2120 957 2276 1026 161a;
2310 961 2466 1014 Ὅταν
2501 959 2589 1014 καὶ
2622 960 2774 1015 αὐτοὶ
2816 961 3190 1035 τελειωθῶμεν
3249 962 3576 1039 κληρονόμοι
3621 975 3710 1036 τῆς

2103 1043 2337 1118 διαθήκη
2349 1069 2372 1110 ς
2397 1047 2596 1122 Κυρίου
2627 1050 2892 1122 γενέσθαι.

1417 1192 1536 1248 VII.
1568 1192 1849 1262 Jejunium
1879 1194 1928 1245 et
1959 1190 2135 1261 Caper
2162 1222 2230 1232 —
2261 1198 2420 1263 typus
2461 1191 2684 1248 Christi.

419 1300 730 1375 Intelligite
759 1315 915 1372 ergo,
941 1298 1048 1354 ﬁlii
1079 1297 1407 1354 dilectionis
1446 1314 1511 1352 ac
1565 1295 1797 1364 laetitiae,
1834 1296 1989 1367 quod

341 1391 536 1448 bonus
578 1388 861 1444 Dominus
917 1388 1115 1443 omnia
1162 1387 1330 1442 nobis
1390 1384 1876 1458 praemonstravit,
1929 1389 1980 1440 ut

2120 1383 2198 1446 ιὸς
2256 1384 2450 1457 Κύριος
2510 1385 2951 1462 προειρανέρωσεν
2993 1389 3151 1458 ἡμῖν,
3181 1385 3271 1442 ἵνα
3302 1392 3504 1463 γνῶμεν
3533 1391 3573 1461 ᾦ
3600 1392 3721 1448 κατὰ

340 1494 848 1552 cognosceremus,
911 1477 1004 1532 cui
1056 1477 1116 1530 in
1148 1474 1424 1531 omnibus
1454 1473 1673 1546 gratias
1703 1477 1872 1544 agere
1923 1489 1980 1528 ac

2120 1473 2270 1526 πάντα
2300 1472 2743 1549 εὐχαριστοῦντες
2779 1474 3072 1552 ὀφείλομεν
3127 1477 3312 1532 αἰνεῖν.
3349 1478 3410 1534 Εἰ
3441 1476 3528 1532 οῦν
3558 1480 3583 1533 6
3612 1481 3720 1544 Υἱὸς

337 1567 543 1624 laudes
574 1567 856 1623 debemus
880 1564 1100 1620 offerre.
1152 1563 1212 1618 Si
1243 1579 1380 1636 ergo
1421 1561 1515 1617 Dei
1545 1561 1741 1630 Filius,
1772 1561 1869 1632 qui
1902 1565 1980 1616 est

2120 1565 2191 1614 τοῦ
2223 1566 2374 1628 Θεοῦ,
2410 1559 2481 1614 ὢν
2516 1561 2733 1637 Κύριος,
2765 1563 2855 1617 καὶ
2891 1563 3111 1634 μέλλων
3146 1565 3349 1638 κρίνειν
3404 1571 3594 1634 ζῶντας
3639 1570 3718 1624 καὶ

340 1657 624 1714 Dominus
673 1658 730 1711 et
775 1654 1150 1725 judicaturus
1205 1655 1294 1707 est
1341 1652 1501 1707 vivos
1556 1667 1621 1706 ac
1699 1654 1980 1720 mortuos,

2129 1649 2338 1724 εκροὺς,
2374 1648 2586 1718 ἔπαθεν,
2613 1649 2703 1705 ’ίνα
2733 1653 2768 1719 ἡ
2802 1651 2991 1726 πληγὴ
3023 1652 3186 1708 αὐτοῦ
3220 1657 3532 1729 ζωοποιήσει
3567 1660 3718 1729 ἡμᾶς·

336 1763 548 1818 passus
580 1749 686 1812 est,
714 1748 779 1798 ut
809 1742 981 1814 plaga
1012 1741 1199 1812 ipsius
1243 1739 1466 1796 vividos
1519 1756 1624 1794 nos
1682 1739 1980 1803 redderet;

2120 1737 2484 1810 πιστεύσωμεν,
2520 1734 2602 1792 ὅτι
2637 1740 2664 1792 ὁ
2696 1740 2820 1801 Υἱὸς
2847 1744 2944 1794 τοῦ
3007 1746 3140 1796 Θεοῦ
3198 1742 3299 1796 οὐκ
3358 1740 3584 1812 ἠδύνατο
3629 1765 3718 1799 πα-

335 1836 667 1900 credamus,
716 1849 832 1887 non
863 1828 1124 1902 potuisse
1157 1827 1365 1884 Filium
1415 1827 1509 1883 Dei
1561 1828 1681 1898 pati
1715 1828 1828 1881 nisi
1862 1843 1980 1898 pro-

2120 1832 2226 1890 ιεῖν,
2259 1826 2303 1880 εἰ
2366 1829 2441 1899 μὴ
2495 1824 2581 1880 διὰ
2633 1831 2802 1900 ἡμᾶς.
2837 1827 3010 1882 Ἀλλᾶ
3067 1831 3155 1884 καὶ
3203 1832 3526 1907 παυρωθείς
3558 1832 3719 1889 ἐποτί-

334 1929 463 1997 pter
519 1939 646 1978 nos.
695 1920 860 1976 Cruci
918 1934 1058 1974 vero
1108 1917 1318 1972 afﬁxus
1350 1921 1509 1971 aceto
1559 1932 1625 1970 ac
1666 1914 1795 1970 felle
1823 1920 1980 1986 pota-

2120 1922 2214 1981 ζετο
2267 1915 2372 1985 ὅξει
2404 1917 2492 1969 καὶ
2525 1914 2694 1990 χολῇ.
2731 1916 3038 1984 Ἀκούσατε,
3072 1923 3189 1981 πῶς
3237 1922 3364 1995 περὶ
3404 1920 3591 1976 τούτου
3633 1941 3716 1976 πει

334 2014 528 2069 batur.
562 2010 794 2075 Audite,
829 2007 1122 2079 quomodo
1155 2007 1224 2062 de
1259 2005 1366 2060 bac
1388 2022 1448 2060 re
1477 2004 1691 2058 indicia
1722 2004 1980 2058 dederint

2120 2004 2398 2078 ›α·ιέρωκαν
2433 2006 2543 2075 (30)
2576 2005 2628 2057 οἱ
2657 2005 2822 2079 ἱερεῖς
2871 2011 2968 2060 τοῦ
3015 2007 3149 2061 λαοῦ
3177 2010 3315 2082 (31).
3350 2009 3716 2085 Γεγραμμένης

335 2100 665 2157 sacerdotes
696 2096 893 2169 populi
928 2094 1223 2167 [Judaici].
1269 2093 1497 2164 Scripto
1536 2097 1842 2164 praecepto,
1898 2096 1980 2162 ut,

2120 2091 2320 2161 ντολῆς
2352 2091 2535 2160 αὐτοῦ,
2569 2093 2628 2154 ὃς
2661 2093 2718 2147 ἂν
2754 2095 2828 2165 μή
2864 2095 3129 2168 νηστεύσῃ
3184 2098 3284 2164 τήν
3347 2097 3604 2170 νηστείαν,
3634 2100 3714 2153 θα-

334 2189 435 2262 qui
476 2187 774 2260 jejunium
826 2201 941 2242 non
975 2185 1289 2254 jejunaret,
1338 2186 1524 2238 morte
1566 2181 1980 2236 exterminare-

2120 2180 2232 2252 άτῳ
2290 2179 2813 2254 ἐξολοθρευθήσεται,
2849 2181 3147 2238 ἐνετείλατο
3207 2185 3429 2259 Κύριος,
3479 2186 3588 2242 ἐπεὶ
3638 2189 3715 2242 καὶ

331 2280 508 2348 tur",
540 2274 813 2349 praecepit
846 2273 1123 2329 Dominus
1151 2290 1164 2341 ;
1200 2272 1337 2342 quia
1368 2270 1567 2342 etipse
1598 2287 1699 2342 pro
1726 2269 1980 2342 peccatis

2120 2268 2249 2330 ίῦτὸς
2285 2269 2412 2344 ὑπὲρ
2443 2274 2549 2323 τῶν
2593 2270 2874 2346 ἡμετέρων
2938 2273 3214 2348 ἁμαρτιῶν
3275 2272 3497 2346 ἤμελλε
3552 2280 3718 2336 σκεῦος

331 2367 549 2424 nostris
581 2382 682 2421 vas
714 2362 956 2435 spiritus
982 2362 1073 2418 sui
1107 2360 1410 2416 oblaturus
1436 2364 1560 2414 erat
1584 2360 1644 2414 in
1685 2359 1937 2414 hostiam
1964 2375 1976 2426 ;

2122 2362 2182 2411 οῦ
2229 2356 2534 2429 πνεύματος
2571 2360 2683 2430 (32)
2712 2358 3032 2436 προσφέρειν
3093 2361 3303 2430 θυσίαν,
3329 2360 3422 2416 ’ίνα
3475 2364 3559 2417 καὶ
3589 2365 3614 2417 6
3641 2365 3719 2418 τύ-

333 2459 486 2511 utet
516 2452 858 2525 impleretur
889 2451 1077 2524 figura
1106 2450 1258 2504 facta
1301 2449 1360 2503 in
1411 2449 1592 2518 Isaac,
1647 2448 1745 2519 qui
1805 2463 1980 2518 super

2120 2467 2188 2508 τος
2221 2447 2248 2499 ὁ
2279 2445 2570 2520 γενόμενος
2631 2445 2716 2501 ἐπὶ
2748 2449 2944 2518 Ἰσαὰκ,
2976 2470 3069 2503 του
3128 2452 3581 2526 προσενεχθέντος
3633 2452 3711 2506 ἐπὶ

333 2543 515 2599 altare
546 2541 656 2598 fuit
686 2539 937 2596 oblatus.
972 2539 1120 2604 Quid
1151 2537 1331 2608 igitur
1359 2535 1496 2592 dicit
1525 2537 1678 2608 apud
1730 2535 1978 2607 prophe-

2120 2535 2146 2588 ὸ
2205 2537 2600 2608 θυσιαστήριον,
2631 2533 2882 2609 τελεσθῇ.
2913 2535 2973 2590 Τί
3033 2535 3127 2592 οῦν
3177 2538 3330 2614 λέγει
3388 2540 3441 2594 ἐν
3497 2545 3570 2612 τῷ
3597 2560 3713 2616 προς

331 2630 506 2687 tam?
536 2632 601 2685 Et
648 2628 977 2685 manducent
1031 2628 1099 2682 de
1155 2626 1330 2693 hirco,
1382 2627 1476 2697 qui
1530 2626 1590 2679 in
1647 2624 1735 2679 die
1781 2624 1980 2695 jejunii

2120 2625 2268 2697 ιήτῖη
2302 2625 2399 2678 Καὶ
2457 2623 2763 2698 φαγέτωσαν
2824 2623 2882 2679 ἐκ
2937 2630 3032 2680 τοῦ
3089 2630 3315 2703 τράγου,
3345 2633 3442 2683 τοῦ
3498 2649 3712 2707 προσφε-

333 2721 567 2791 offertur
583 2733 688 2790 pro
732 2716 988 2774 omnibus
1013 2717 1271 2786 peccatis.
1308 2713 1602 2769 Attendite
1625 2711 1934 2783 diligenter
1961 2729 1972 2766 :

2123 2711 2318 2785 ομένοο
2367 2715 2436 2784 τῇ
2493 2711 2715 2782 νηστείᾳ
2772 2712 2902 2787 ὑπὲρ
2994 2719 3180 2768 πασῶν
3262 2722 3374 2772 τῶν
3461 2718 3716 2793 ἁμαρτιῶν

330 2813 383 2864 et
412 2806 743 2864 manducent
779 2806 884 2862 soli
931 2821 993 2860 ac
1049 2819 1233 2860 omnes
1287 2804 1600 2858 sacerdotes
1657 2802 1978 2855 intestinum

2120 2803 2223 2873 33)..
2276 2799 2581 2876 Προσέχετε
2633 2797 2890 2877 ἀκριϐῶς·
2939 2803 3037 2858 Καὶ
3095 2804 3412 2881 φαγέτωσαν
3471 2807 3523 2860 οἱ
3569 2807 3715 2882 ἱερεῖς

330 2913 437 2952 non
471 2897 664 2964 totum,
695 2910 818 2950 cum
848 2897 1029 2949 aceto.
1065 2893 1148 2948 Ad
1180 2891 1320 2962 quid
1344 2891 1371 2944 ‘I
1405 2890 1691 2954 Quoniam
1745 2906 1852 2958 me,
1886 2890 1973 2945 in-

2120 2889 2246 2944 ιόνοι
2304 2890 2496 2950 πάντες
2570 2890 2632 2943 τὸ
2717 2885 2924 2964 ἔντερον
3015 2888 3249 2948 ἄπλυτον
3344 2895 3478 2967 μετά
3552 2891 3712 2965 ὄξους.

328 2985 477 3056 quit,
508 3000 610 3057 pro
642 2983 771 3038 novi
804 2980 1004 3054 p0puli
1063 2980 1292 3037 delictis
1357 2980 1692 3034 oblaturum
1741 2995 1973 3034 carnem

2120 2978 2226 3052 [ρὸς
2257 2976 2343 3045 τί,
2374 2975 2592 3046 Ἐπειδὴ
2628 2977 2743 3050 ἐμὲ,
2777 2979 2942 3048 εἶπεν,
2978 2981 3108 3056 ὑπὲρ
3141 2983 3422 3054 ἁμαρτιῶν
3459 2981 3714 3056 μέλλοντα

327 3089 542 3142 meam,
574 3070 827 3144 potaturi
850 3069 992 3124 estis
1020 3067 1152 3124 felle
1181 3085 1314 3124 cum
1349 3073 1510 3122 aceto
1545 3085 1557 3135 ;
1599 3067 1726 3122 ideo
1774 3083 1969 3122 come-

2120 3069 2178 3121 οῦ
2210 3063 2344 3120 λαοῦ
2374 3070 2469 3120 τοῦ
2500 3071 2686 3120 καινοῦ
2715 3069 3034 3145 προσφέρειν
3066 3071 3164 3138 τήν
3200 3072 3375 3146 σάρκα
3433 3092 3556 3144 μου,
3593 3069 3714 3145 μέλ-

329 3161 446 3217 dite
475 3177 578 3216 vos
607 3159 737 3227 soli,
770 3161 912 3214 dum
966 3158 1218 3229 populus
1257 3157 1509 3227 jejunat,
1542 3161 1598 3210 et
1654 3156 1883 3227 plangit
1911 3156 1971 3209 in

2125 3175 2206 3208 ετε
2237 3155 2472 3223 ποτίζειν
2504 3153 2682 3230 χολὴν
2722 3157 2854 3228 μετὰ
2883 3157 3057 3228 ὄξους·
3094 3157 3285 3236 φάγετε
3339 3161 3493 3232 ὑμεῖς
3553 3159 3716 3232 μόνοι,

332 3265 498 3305 sacco
531 3253 587 3304 et
613 3249 825 3304 cinere.
861 3246 1036 3317 [Haec]
1067 3250 1130 3300 ut
1159 3245 1507 3311 ostenderet,
1544 3244 1698 3315 quod
1746 3249 1972 3316 oporte-

2120 3247 2179 3296 οῦ
2205 3240 2340 3296 λαοῦ
2371 3243 2724 3312 νηστεύοντος
2756 3243 2844 3298 καὶ
2874 3245 3214 3318 κοπτομένου
3270 3247 3360 3301 ἐπὶ
3416 3247 3593 3320 σάκκῳ
3636 3246 3713 3301 καὶ

2170 1293 2373 1350 Οὐκοῦν
2433 1301 2622 1365 νοεῖτε,
2667 1297 2822 1352 τέκνα
2880 1297 3232 1373 εὐφροσύνης,
3264 1299 3346 1354 δτι
3397 1302 3560 1356 πάντα
3587 1305 3613 1358 6
3639 1325 3720 1359 κα-

1737 3361 1892 3416 Vetus
1933 3361 2334 3430 interpretatio.

403 3465 516 3519 VII.
551 3460 860 3533 Intelligite
901 3459 1060 3532 ergo,
1094 3459 1195 3533 filii
1226 3458 1444 3533 dilecti,
1477 3457 1611 3533 quia
1639 3458 2076 3533 omnigbonus
2127 3459 2406 3533 Dominus
2429 3458 2710 3533 voste‘ndit
2767 3458 2955 3533 nobis,
2987 3463 3070 3533 ut
3098 3459 3413 3533 sciremus,
3455 3477 3585 3516 cum
3630 3476 3718 3533 per

331 3535 528 3592 omnia
557 3535 670 3606 (34)
701 3528 919 3606 gratias
954 3528 1122 3604 agere
1146 3531 1489 3606 debeamus.
1523 3530 1750 3606 Siergo
1773 3529 1952 3606 Filius
1987 3529 2100 3594 Dei,
2129 3545 2266 3606 cum
2299 3529 2377 3582 sit
2425 3528 2704 3606 Dominus
2745 3531 2846 3600 qui
2897 3530 3135 3601 incipiet
3158 3528 3645 3606 judicarevivos'
3669 3535 3718 3586 et

331 3598 614 3672 mortuos,
651 3598 862 3676 passus
890 3598 1075 3676 esti-ut
1102 3601 1274 3674 plaga
1303 3601 1463 3656 illius
1493 3598 1806 3676 vivificaret
1836 3617 1940 3655 nos
1967 3617 1978 3669 ;
2005 3599 2341 3676 credamus,
2375 3598 2510 3676 quia
2531 3598 2739 3676 _Filiu_s
2767 3598 2896 3676 pon
2937 3598 3177 3676 poterat
3194 3603 3315 3676 pati
3349 3602 3462 3658 nisi
3502 3606 3718 3676 propter

329 3695 457 3733 nos.
492 3671 607 3733 Sed
636 3671 694 3731 et
723 3676 879 3731 cruci
908 3671 1137 3742 affixus,
1172 3671 1404 3746 potatur
1434 3679 1593 3746 aceto
1625 3677 1679 3746 et
1712 3671 2124 3746 felle._Audite,
2159 3671 2654 3746 quemadmodum
2687 3672 2757 3726 de
2787 3671 2894 3727 hoc
2925 3671 3388 3744 significasti/crint
3409 3671 3716 3729 sacerdotes

329 3749 556 3822 templi.
593 3747 880 3819 Inscripta
904 3745 1028 3822 lege
1058 3742 1348 3822 praecepti,
1385 3753 1447 3822 ut
1472 3743 1689 3822 siquis
1719 3760 1832 3798 non
1857 3742 2488 3822 jejunaretjejnuniurn,
2522 3746 2705 3822 morte
2741 3742 3085 3822 moreretur,
3121 3746 3419 3822 praecepit_
3457 3746 3715 3822 Dominus

331 3811 474 3900 quia
499 3820 624 3900 ipse
645 3835 747 3900 pro
779 3811 1029 3900 peccatis
1060 3811 1276 3900 nostris
1308 3811 1622 3887 incipiebat
1653 3832 1759 3900 vas.
1783 3811 2026 3900 spiritus
2057 3813 2148 3868 sui
2166 3811 2394 3900 ;ot_i'erre
2420 3811 2672 3900 hostiam
2693 3831 2711 3900 ¹;
2753 3811 3200 3900 ηενριηῧβιΠ-ἁω
3230 3811 3358 3900 quae
3392 3817 3581 3900 fuerat
3609 3815 3716 3898 sub

332 3883 495 3946 Isaac
523 3883 627 3955 qui
646 3883 885 3944 oblatus
912 3895 1000 3943 est
1021 3889 1092 3943 ad
1125 3903 1306 3952 aram,
1337 3883 1788 3942 consummaret.
1819 3883 1969 3948 Quid
2008 3927 2019 3939 .
2101 3925 2112 3936 .
2149 3884 2289 3938 dicit
2323 3925 2334 3936 .
2463 3883 2747 3955 propheta
2773 3885 2885 3955 (35)
2914 3886 2939 3939 ‘I
2971 3883 3048 3941 Et
3087 3883 3447 3943 manducent
3472 3889 3536 3943 de
3563 3888 3716 3952 hirco,

330 3978 491 4033 quem
509 3953 750 4017 oblaturi
768 3964 897 4015 sunt
925 3959 995 4013 ad
1015 3960 1294 4029 jeiunium
1325 3973 1426 4027 pro
1454 3957 1706 4033 omnibus
1727 3956 1985 4033 peccatis.
2021 3956 2317 4010 Attendite
2339 3953 2681 4033 diligent—er:
2715 3953 3128 4033 Etmandu‘cent
3164 3958 3469 4033 sacerdotes
3501 3959 3604 4033 soli
3621 4000 3633 4010 .
3705 3995 3715 4008 .

333 4026 658 4087 intestinum
678 4047 792 4085 non
819 4026 1159 4099 totum,'cum
1184 4026 1356 4084 aceto.
1391 4029 1503 4100 Ad,
1524 4028 1661 4100 quid
1681 4026 1708 4081 ‘I
1739 4027 2022 4100 Quoniam
2046 4041 2160 4091 me,
2195 4043 2315 4100 pro_
2327 4026 2578 4100 peccatis
2600 4027 2797 4100 populi
2830 4027 2942 4081 mei
2969 4028 3080 4098 (36)
3114 4027 3500 4100 incipientem
3530 4028 3716 4100 offerre

332 4119 545 4174 corpus
575 4117 794 4174 meum,
825 4095 1099 4173 potab'itis
1131 4104 1293 4174 aceto
1319 4115 1452 4152 cum
1481 4095 1610 4174 felle
1636 4115 1658 4174 :_
1683 4097 2031 4174 manducata
2054 4113 2163 4174 _vos
2199 4095 2345 4174 soli,
2379 4095 3032 4174 populo'jejunantetet
3063 4095 3351 4174 plangite
3405 4118 3506 4174 yos
3536 4101 3640 4174 (37)
3669 4098 3719 4152 in

330 4167 604 4229 cilicio-et
623 4167 844 4228 cinere.-
867 4177 932 4227 Et
963 4175 1028 4226 ut
1065 4170 1410 4237 ostenderet,
1443 4168 1580 4240 quia
1610 4169 1681 4224 ab
1703 4167 1819 4223 illis
1843 4169 1952 4239 (38)
1981 4169 2151 4224 debet
2177 4167 2318 4240 pati,
2345 4167 2427 4224 sic
2458 4167 2730 4240 praecepit
2757 4185 2769 4223 :
2808 4211 2821 4225 .
2903 4211 2916 4224 .
2937 4167 3160 4226 Sumite
3180 4167 3365 4228 hircos
3384 4172 3523 4228 duos
3542 4167 3716 4236 tonos,

399 4279 444 4314 ⁴²
475 4279 606 4334 Lev.
638 4293 801 4346 xxm,
823 4277 912 4332 29.

1715 4364 2087 4423 VARIORUM
2118 4365 2350 4422 NOT/E.

401 4472 514 4545 (28)
548 4472 658 4545 Ms.
680 4470 756 4541 τί,
793 4472 943 4529 male

403 4543 514 4669 (29)
547 4543 808 4600 Sensus:
843 4545 902 4599 in
937 4546 1201 4616 praesenti
1234 4544 1468 4616 quidem
1497 4543 1809 4615 imperium
1834 4544 1980 4599 illud

415 4633 485 4669 vo
514 4631 700 4669 ucres.
723 4621 855 4669 etc..
877 4633 990 4669 non
1010 4623 1298 4669 tenemus.
1324 4617 1423 4669 sed
1451 4617 1801 4669 promissam
1825 4616 1972 4669 hanc

332 4618 393 4672 in
415 4616 700 4688 volucres,
723 4621 990 4688 etc.,_non
1010 4623 1298 4684 tenemus,
1324 4617 1423 4671 sed
1451 4617 1801 4688 promissam
1825 4616 1972 4671 hanc

333 4687 791 4743 dominationem
823 4686 1132 4757 aliquando
1166 4686 1661 4759 recuperabimus.

402 4759 516 4882 (3(2))
537 4777 596 4882 αέ
631 4774 734 4884 εἰηο
763 4777 874 4826 ασι,
910 4764 972 4813 ut
1000 4759 1212 4830 saepius
1244 4763 1300 4813 in
1329 4764 1396 4812 N.
1426 4759 1492 4814 Τ.
1524 4759 1737 4826 Winer,
1778 4762 1971 4812 Gram.

433 4843 469 4881 ι·
521 4845 550 4882 e
599 4870 611 4882 .
720 4871 732 4883 .

379 4871 388 4882 .
422 4843 492 4882 λζ
521 4843 611 4882 ea.
644 4843 732 4883 ιν.

333 4847 388 4901 p.
433 4847 492 4882 ιι
521 4847 611 4882 ea.
644 4847 732 4884 ιν.

405 4899 516 4970 (3|)
550 4901 716 4955 Ναοῦ.
753 4900 906 4955 ΜΕΝ.

404 4973 573 5052 (32)1.
598 4987 1092 5056 φορτ-μονοῦσι.
1120 4971 1268 5026 ΜΕΝ.
1306 4972 1524 5052 Sensus
1555 4975 1676 5026 est:
1707 4971 1978 5056 mandato

336 5042 658 5166 deljugenio
687 5042 972 5098 Domin'us
1003 5049 1208 5114 typum
1243 5044 1536 5114 passionis
1567 5058 1688 5097 suae
1728 5043 1981 5114 praebere

336 5129 405 5166 vo
436 5130 490 5166 Ui
524 5153 537 5166 .

336 5129 537 5169 VOIUII.

415 5183 528 5254 (33)
559 5182 685 5238 Non
708 5187 796 5239 est
825 5185 884 5239 in
916 5201 1081 5240 sacra
1110 5184 1446 5256 Scriptura;
1491 5184 1588 5256 sed
1622 5183 1775 5238 inter
1823 5184 1982 5238 Chri-

339 5256 564 5311 stianos
597 5270 710 5310 sec.
738 5257 808 5320 ll,
841 5257 1184 5312 traditiones
1205 5255 1468 5325 quaedam
1493 5255 1649 5310 falsa:
1672 5256 1742 5310 de
1774 5256 1983 5310 ritibus

338 5326 575 5399 Judaici
604 5325 731 5399 festi
753 5328 1149 5398 expiationum
1183 5328 1490 5399 divulgataa
1516 5328 1694 5382 fuisse
1717 5328 1985 5399 videntur

341 5414 488 5470 quas
521 5397 615 5452 hic
638 5397 958 5466 Barnabas,
991 5400 1134 5454 alias
1161 5397 1434 5454 Justin'us
1463 5399 1636 5469 (Dial.
1668 5414 1717 5454 c.
1763 5397 1982 5468 Tryph..

341 5487 400 5524 n.
433 5469 521 5540 40)
569 5475 627 5524 et
674 5469 918 5526 Tertull.
977 5471 1112 5526 Adv.
1168 5469 1291 5526 Jud.
1345 5487 1472 5540 cap.
1536 5470 1766 5536 14,α‹1υ.
1812 5475 1982 5526 Marc.

341 5487 400 5524 n.
433 5484 521 5536 ao)
569 5484 627 5524 et
674 5484 918 5526 'i'ertuu.
977 5484 1112 5526 Αιιυ.
1168 5484 1291 5526 Jua.
1345 5487 1472 5536 cap.
1536 5484 1766 5536 14,0(111.
1812 5484 1982 5526 Marc.

341 5487 400 5524 n.
433 5487 521 5540 ιιυ)
569 5487 627 5524 et
674 5487 918 5526 'i'ertuu.
977 5487 1112 5526 Aav.
1168 5487 1291 5526 Jua.
1345 5487 1450 5542 cap

339 5555 424 5609 In,
453 5541 510 5608 '7,
543 5541 725 5595 secuti
759 5547 919 5597 sunt.

411 5611 525 5694 (34)
549 5611 685 5669 Cum
727 5629 830 5686 per
857 5616 1062 5672 omnia.
1097 5619 1231 5688 Leg.
1263 5615 1504 5687 cuip.o.
1548 5615 1716 5686 juxta
1762 5613 1982 5669 Graeca.

2092 4503 2156 4516 -—
2193 4472 2285 4527 Sic
2316 4487 2550 4542 quoque
2572 4470 2764 4528 Fellus
2787 4471 2845 4527 in
2871 4489 2980 4528 sua
3009 4472 3146 4528 edit.
3180 4473 3363 4529 Oxon.

2163 4544 2276 4614 (35)
2288 4543 2598 4616 iPropheta.
2636 4544 2823 4616 Forte,
2855 4546 2917 4599 in
2941 4544 3226 4616 propheta,
3253 4547 3427 4615 juxta
3455 4548 3718 4599 Graecum.

2084 4613 2176 4670 Sic
2202 4619 2258 4669 et
2285 4613 2424 4669 Felli
2457 4614 2594 4669 edit.
2629 4614 2811 4669 Oxon.

2159 4687 2274 4753 (36)
2302 4686 2504 4755 Populi
2539 4690 2664 4740 mei.
2703 4687 2761 4740 In
2805 4689 2964 4740 textu
3019 4685 3239 4752 Graeco,
3289 4682 3428 4738 λαοῦ
3481 4688 3574 4738 τοῦ
3618 4701 3723 4736 και·

2086 4759 2200 4824 νοῦ,
2232 4757 2288 4810 id
2321 4763 2407 4810 est
2426 4758 2614 4826 populi
2634 4759 2796 4812 novi:
2831 4773 2945 4811 non
2977 4756 3058 4811 ita
3089 4763 3276 4823 recte;
3303 4757 3445 4828 quia
3475 4755 3724 4828 Christus

2089 4845 2190 4901 pro
2225 4828 2489 4901 universo
2524 4829 2740 4882 mundo
2771 4845 2982 4897 passus
3023 4833 3129 4883 est.
3185 4827 3334 4883 ΜεΝζ
3369 4859 3441 4901 g-
3471 4831 3543 4882 At
3590 4827 3725 4881 Grae-

2088 4899 2216 4954 cam
2264 4899 2564 4953 lectionem
2615 4902 2958 4954 confirmare
3015 4901 3262 4954 fortasse
3294 4900 3431 4970 quis
3461 4903 3648 4970 posset
3669 4909 3728 4949 ex

2091 4971 2200 5025 isto
2224 4971 2479 5041 Apostoli
2514 4971 2660 5036 loco,
2683 4971 2727 5024 ll
2749 4977 2872 5024 Cor.
2906 4987 2961 5031 ν,
2991 4972 3048 5023 17
3075 4987 3089 5024 :
3122 4972 3282 5041 Ὥστε
3312 4967 3498 5041 tua;
3530 4968 3578 5023 ἐν
3605 4972 3724 5041 ,Χρι-

2091 5045 2217 5127 σῖῷ,
2247 5038 2404 5128 καινή
2447 5041 2638 5130 κτίσις⁹
2671 5041 2736 5094 τὰ
2788 5040 2990 5116 ἀρχαῖα
3037 5039 3333 5116 παρῆλθεν,
3391 5038 3510 5094 ἰδοὺ
3563 5038 3730 5113 γέγονε

2091 5133 2156 5165 τα
2187 5133 2356 5165 παντα
2383 5132 2557 5167 καινα.

2165 5183 2558 5255 (37)Plangite
2586 5201 2694 5255 vos.
2733 5185 2866 5255 Leg.
2907 5184 3227 5255 plangente,
3257 5187 3550 5254 expuncto
3606 5194 3728 5252 pro-

2095 5257 2330 5310 nomine
2351 5254 2460 5321 vas,
2495 5261 2560 5310 ut
2588 5254 2647 5310 in
2679 5261 2836 5310 textu
2869 5254 3063 5312 Graeco
3090 5255 3456 5326 κοπτομένου.
3481 5260 3620 5326 Nam
3645 5266 3728 5326 po-

2097 5327 2272 5400 pulus
2302 5327 2401 5380 illa
2431 5326 2523 5400 die
2541 5327 2799 5400 debebat
2828 5328 3085 5400 affligere
3116 5321 3344 5382 animas
3379 5321 3726 5396 jejuniofin

2096 5399 2286 5453 cinere
2318 5404 2374 5453 et
2403 5398 2610 5453 cilicio.
2645 5403 2793 5454 ΜΕΝ.

2169 5471 2278 5542 (38)
2311 5471 2451 5538 Quia
2474 5471 2694 5543 abillis,
2731 5476 2840 5543 etc.
2876 5471 3121 5543 Legebat
3150 5473 3314 5543 vetus
3343 5468 3636 5543 interpres
3653 5460 3728 5515 ὑπ’

2097 5537 2288 5596 αὐτῶν.
2325 5537 2469 5598 Vide
2499 5541 2582 5597 sis
2613 5542 2891 5598 Grabium
2919 5537 2980 5598 iri
3012 5543 3212 5597 Ann-ot.
3244 5542 3311 5596 ad
3347 5537 3725 5609 Rulli—Defuit.

2097 5613 2224 5671 Fid.
2255 5614 2373 5672 Nic.
2399 5616 2426 5683 §
2453 5615 2508 5686 5,
2532 5629 2663 5687 pag.
2697 5615 2785 5671 45.
