4038 6210
168 474 203 532 7
210 476 279 534 49

165 692 405 747 ὑσσώπου
461 689 601 743 ἷᾶται
644 690 779 761 (73).
832 688 930 741 Καὶ
981 685 1069 741 διὰ
1110 691 1271 741 τοῦτο
1336 686 1479 741 οὕτω
1543 687 1806 762 γενόμενα

1429 468 1815 529 EPISTULA
1862 468 2302 532 CATHOLICA

170 606 310 677 μεθα’
343 603 424 657 ὅτι
473 602 558 656 καὶ
608 598 787 675 ἀλγῶν
830 600 929 668 τὴν
983 600 1151 673 σάρκα
1198 604 1296 654 τοῦ
1343 598 1514 674 ῥύπου
1572 598 1661 654 διὰ
1706 605 1801 655 τοῦ

1921 603 1975 658 in
2020 604 2239 675 quibus
2284 621 2390 661 nos
2433 606 2802 661 servabimur
2850 624 2863 663 :

3448 474 3572 533 ’750

2916 606 3412 678 quandoquidem,
3463 606 3566 676 qui

1916 709 2156 765 corpore
2187 697 2491 766 aegrotat,a
2510 694 2781 751 sordibus
2814 712 2914 767 per
2945 694 3266 766 hyssopum
3299 700 3561 750 curatur.

164 784 289 853 ἡμῖν
339 780 433 852 μὲν
485 777 589 832 ἔστι
641 778 861 853 φανερὰ,
894 775 1117 839 ἐκείνοις
1169 774 1225 831 δὲ
1272 777 1536 831 σκοτεινά³
1572 776 1656 831 ὅτι
1705 775 1801 831 οὐκ

1921 781 1986 835 Et
2017 785 2251 852 propter
2281 782 2408 847 hoc,
2433 799 2557 852 qua:
2585 783 2667 837 ita
2696 798 2757 838 se
2791 782 3025 851 habent,
3046 781 3215 837 nobis
3248 780 3562 837 manifesta

162 867 388 938 ἤκουσαν
424 874 612 945 φωνῆς
640 870 737 920 τοῦ
770 865 992 941 Κυρίου.

1916 869 2202 937 sunt,illis
2232 870 2495 941 [Judaais]
2528 874 2725 927 autem
2756 870 3179 941 obscura,quia
3208 886 3325 925 non
3358 870 3562 926 audie-

1916 961 2055 1013 runt
2082 974 2281 1015 vocem
2314 958 2565 1015 Domini.

726 1100 819 1156 IX.
856 1102 929 1158 De
958 1101 1370 1157 circumcisione
1397 1100 1552 1156 auris
1580 1107 1631 1156 et
1653 1100 1849 1170 cordis,
1881 1102 2020 1157 etde
2064 1104 2482 1159 circumcisione
2525 1103 2706 1175 typica
2734 1102 3054 1159 Abrahami.

228 1216 377 1293 Λὲγει
407 1216 511 1294 γὰρ
542 1215 709 1272 πάλιν
763 1217 888 1294 περὶ
936 1221 1047 1272 τῶν
1097 1215 1294 1289 ὠτίων,
1326 1220 1443 1277 πῶς
1494 1214 1806 1291 περιέτεμεν

163 1311 328 1380 ἡμῶν,
359 1307 448 1361 καὶ
496 1308 597 1377 τὴν
646 1304 869 1382 καρδίαν
920 1308 1054 1380 (74).
1099 1304 1253 1382 Λέγει
1304 1306 1329 1361 6
1382 1304 1574 1382 Κύριος
1631 1305 1682 1359 ἐν
1730 1310 1810 1377 τῷ

162 1398 418 1474 προφήτῃ·
466 1396 563 1458 Εἷς
604 1395 772 1464 ἀκοὴν
823 1395 990 1451 ὠτίου
1045 1396 1353 1465 ὑπήκουσαν
1404 1416 1530 1467 μου.
1566 1394 1663 1449 Καὶ
1703 1394 1806 1448 πά-

165 1485 241 1541 λιν
289 1485 453 1560 λέγει·
498 1484 668 1559 Ἀκοῇ
710 1484 1031 1539 ἀκούσονται
1083 1485 1134 1538 οἱ
1182 1483 1486 1559 πόῤῥωθεν,
1537 1483 1570 1537 ἃ
1621 1483 1809 1553 ἐποίη-

166 1596 241 1643 σα,
311 1576 612 1649 γνώσονται
690 1576 821 1646 (75)·
904 1573 1023 1643 Καὶ,
1098 1574 1594 1649 Περιτμηθήσεσθε,
1655 1570 1805 1648 λέγει

166 1664 372 1740 Κύριος,
396 1664 495 1725 τὰς
543 1660 768 1738 καρδίας
819 1663 994 1736 ὑμῶν.
1030 1662 1127 1719 Καὶ
1170 1662 1335 1717 πάλιν
1379 1662 1547 1738 λέγει·
1583 1668 1801 1732 ”Δκουε,

1988 1219 2270 1293 Loquitur
2294 1236 2465 1293 porro
2488 1220 2791 1291 Scriptura
2812 1220 2883 1275 de
2905 1218 3148 1275 auribus
3172 1218 3569 1291 nostris,quo-

1920 1310 2092 1365 modo
2123 1326 2221 1365 eas
2253 1314 2310 1365 et
2340 1326 2441 1365 cor
2463 1313 2730 1365 nostrum
2762 1308 3193 1365 circumciderit
3213 1306 3564 1380 [Dominus].

1916 1398 2011 1453 Ait
2053 1398 2338 1454 Dominus
2386 1398 2542 1469 apud
2593 1396 2944 1470 Prophetam
3007 1415 3021 1453 :
3064 1398 3127 1453 In
3174 1396 3362 1452 auditu
3410 1396 3568 1452 auris

1917 1486 2233 1542 obedierunt
2261 1487 2404 1541 mihi
2431 1487 2499 1541 “.
2526 1489 2593 1540 Et
2624 1486 2836 1541 iterum
2868 1484 3008 1540 dicit
3040 1501 3053 1540 :
3086 1484 3292 1539 Auditu
3322 1482 3564 1550 audient,

1917 1577 2011 1646 qui
2037 1577 2193 1647 longe
2239 1577 2478 1643 absunt;
2508 1591 2625 1646 quae
2672 1575 2802 1646 feci,
2851 1576 3033 1631 scient
3068 1573 3113 1607 ³³
3156 1574 3224 1628 Et
3275 1590 3288 1629 :
3323 1573 3565 1628 Circum-

1912 1664 2079 1720 cidite
2108 1664 2275 1721 corda
2304 1672 2485 1720 vestra
2514 1665 2579 1731 ‘5,
2612 1662 2693 1719 ait
2722 1662 3024 1719 Dominus.
3072 1663 3142 1717 Et
3189 1678 3397 1718 rursus
3434 1660 3517 1716 ait
3546 1677 3562 1718 :

163 1750 390 1827 Ἰσραὴλ,
443 1751 528 1807 ὅτι
580 1750 706 1807 τάδε
756 1751 901 1826 λέγει
950 1753 978 1807 6
1023 1751 1217 1827 Κύριος
1268 1752 1296 1806 6
1348 1751 1475 1813 Θεὸς
1531 1772 1647 1809 σου,
1702 1751 1801 1807 Καὶ

1921 1753 2074 1821 Audi,
2118 1754 2312 1824 Israel,
2345 1753 2464 1810 hmo
2493 1752 2628 1808 dicit
2680 1753 2944 1808 Dominus
2986 1752 3129 1806 Deus
3173 1759 3297 1806 tuus
3340 1752 3405 1805 ‘7.
3454 1751 3564 1806 Ite-

164 1841 313 1896 πάλιν
340 1844 403 1897 τὸ
428 1845 644 1913 πνεῦμα
674 1840 871 1914 Κυρίου
901 1838 1255 1917 προφητεύει·
1287 1839 1382 1901 Τίς
1430 1839 1540 1894 ἐστι
1570 1840 1598 1894 6
1630 1838 1803 1894 θέλων

167 1936 308 1999 ζῆσαι
365 1930 444 1993 εἰς
501 1930 599 1985 τὸν
659 1928 850 2001 αἰῶνα,
898 1930 1068 2003 Ἀκοῇ
1127 1928 1410 1984 ἀκουσάτω
1464 1936 1564 1998 τῆς
1618 1935 1802 2002 φωνῆς

159 2024 246 2074 τοῦ
306 2017 507 2081 Παιδός
570 2040 696 2092 μου.
732 2018 830 2072 Καὶ
890 2016 1055 2072 πάλιν
1112 2015 1276 2094 λέγει’
1338 2019 1536 2073 Ἀκουε
1591 2016 1803 2093 οὖρανὲ,

166 2107 246 2161 καὶ
291 2108 552 2177 ἒνωτίζου
603 2110 638 2176 ἡ
688 2114 783 2182 γῆ,
816 2106 898 2161 ὅτι
950 2107 977 2160 6
1026 2106 1154 2167 Θεὸς
1186 2108 1298 2179 (76)
1340 2104 1594 2175 ἐλάλησε.
1626 2108 1807 2162 Ταῦτα

165 2196 230 2258 εἷς
264 2197 562 2271 μαρτύριον
591 2199 724 2271 (77).
759 2196 858 2249 Καὶ
889 2193 1053 2249 πάλιν
1093 2192 1258 2270 λέγει·
1295 2192 1587 2248 Ἀκούσατε
1636 2191 1802 2269 λόγον

164 2286 369 2358 Κυρίου,
402 2283 669 2361 ἄρχοντες
698 2288 797 2340 τοῦ
836 2282 972 2339 λαοῦ
1020 2282 1237 2338 τούτου.
1272 2282 1369 2338 Καὶ
1409 2281 1574 2338 πάλιν
1632 2281 1802 2357 λέγει·

162 2373 413 2447 Ἀκούετε,
461 2373 646 2445 τέκνα,
705 2379 803 2443 τῆς
875 2374 1058 2447 φωνῆς
1105 2373 1322 2447 βοώσης
1370 2371 1421 2425 ἐν
1470 2375 1538 2445 τῇ
1590 2371 1801 2445 ἐρήμῳ.

166 2463 355 2519 Οὐκοῦν
405 2462 721 2537 περιέτεμεν
768 2464 927 2535 ἡμῶν
976 2460 1072 2523 τὰς
1128 2458 1430 2533 ἀκοὰς,’ἶνα
1483 2460 1803 2522 ἀκούσαντες

164 2549 311 2628 λόγον
358 2552 725 2624 πιστεύωμεν·
755 2553 788 2619 ἡ
837 2550 939 2629 γὰρ
988 2551 1283 2626 περιτομὴ,
1315 2550 1395 2627 ἐφ’
1425 2548 1461 2624 ᾖ
1489 2548 1799 2623 πεποίθασι,

163 2643 502 2716 κατήργηται.
552 2641 864 2715 Περιτομήν
915 2640 1016 2717 γὰρ
1078 2635 1311 2713 εἷ’ρηκεν,
1346 2638 1406 2693 οὐ
1468 2637 1663 2713 σαρκὸς
1712 2658 1803 2713 γε·

159 2730 387 2798 νηθῆναι·
424 2727 575 2783 ἀλλὰ
605 2723 941 2803 παρέϐησαν,
975 2726 1059 2783 ὅτι
1109 2724 1344 2803 ἄγγελος
1396 2727 1637 2801 πονηρὸς
1685 2726 1803 2781 ἐσό-

162 2839 294 2895 φισεν
359 2817 576 2880 αὐτούς.
633 2816 930 2893 Λέγειπρὸς
1000 2814 1212 2877 αὐτούς’
1275 2813 1412 2870 Τάδε
1490 2814 1635 2891 λέγει
1705 2815 1803 2870 Κύ-

160 2925 262 2977 ριος
307 2908 333 2961 6
379 2907 507 2969 Θεὸς
573 2906 727 2980 ὑμῶν
778 2938 848 2948 -
896 2902 1003 2960 ὦδε
1059 2904 1290 2980 εὑρίσκω
1341 2905 1482 2977 [νέαν
1530 2906 1667 2978 (78)]
1717 2904 1799 2960 ἔν-

159 2994 312 3065 τολήν
367 3029 434 3039 -
496 2996 575 3069 μὴ
637 2994 893 3071 σπείρητε
951 2993 1034 3048 ἐπ’
1088 2992 1367 3062 ἀκάνθαις,
1427 2995 1803 3068 περιτμήθητε

163 3080 212 3137 δὲ
259 3089 331 3155 τῷ
386 3083 573 3160 Κυρίῳ
624 3084 797 3157 ὑμῶν.
830 3082 928 3137 Καὶ
976 3081 1029 3137 τί
1076 3083 1255 3161 Λέγει;
1310 3084 1691 3157 Περιτμήϐητε
1734 3083 1797 3138 τὸ

164 3171 379 3249 σκληρὸν
445 3182 548 3245 τῆς
625 3170 851 3250 καρδίας
929 3172 1105 3246 ὑμῶν,
1176 3173 1265 3228 καὶ
1336 3172 1429 3227 τὸν
1508 3171 1795 3247 τράχηλον

1915 1858 2165 1913 rumque
2196 1842 2440 1913 spiritus
2490 1840 2723 1896 Domini
2774 1840 3085 1913 prophetat
3116 1856 3129 1895 :
3165 1840 3296 1908 Quis
3340 1848 3438 1910 est,
3471 1840 3569 1910 qui

1914 1930 2037 1986 vult
2070 1932 2246 1986 vivere
2297 1932 2359 1985 in
2399 1933 2770 2002 perpetuum?
2808 1929 3099 1985 Auditione
3144 1928 3336 1984 audiat
3383 1943 3569 1984 vocem

1918 2019 2060 2076 Filii
2087 2021 2199 2075 mei
2229 2020 2293 2073 ‘3.
2328 2020 2399 2075 Et
2431 2018 2643 2074 iterum
2676 2018 2819 2074 dicit
2850 2035 2862 2073 :
2910 2018 3055 2074 Audi
3082 2018 3299 2085 crzlum,
3331 2027 3385 2073 et
3412 2018 3568 2073 auri-

1918 2110 2013 2163 bus
2038 2110 2281 2180 percipe,
2315 2112 2484 2175 terra,
2519 2110 2652 2180 quia
2698 2109 2839 2163 Deus
2871 2109 3082 2163 loculus
3119 2117 3197 2163 est
3230 2108 3294 2162 ‘9.
3345 2107 3477 2162 Haec
3506 2106 3568 2161 in

1916 2197 2341 2253 testimonium.
2394 2198 2737 2267 Rursusque
2779 2197 2862 2252 ait
2913 2197 3155 2255 :Audite
3203 2197 3423 2253 verbum
3466 2197 3569 2252 D0-

1912 2288 2075 2353 mini,
2108 2288 2384 2357 principes
2412 2287 2601 2357 populi
2630 2286 2793 2357 hujus
2842 2286 2906 2341 ⁶⁰.
2954 2286 3023 2340 Et
3070 2285 3261 2341 adhuc
3308 2303 3321 2341 :
3370 2286 3571 2341 Audite

1912 2376 2041 2447 ﬁlii,
2074 2390 2255 2431 vocem
2285 2376 2617 2430 clamantem
2647 2377 2705 2429 in
2735 2375 2947 2430 deserto
2981 2375 3051 2430 δι.
3083 2378 3230 2446 Ergo
3261 2373 3569 2429 circumci-

1914 2465 2001 2519 dit
2032 2481 2203 2520 aures
2236 2468 2488 2530 nostras,
2521 2468 2587 2518 ut
2617 2463 2816 2519 audito
2847 2463 3020 2518 verbo
3053 2463 3399 2529 credamus;
3454 2461 3567 2516 cir-

1914 2553 2196 2608 cumcisio
2254 2552 2431 2620 enim,
2468 2552 2527 2606 in
2559 2568 2675 2624 qua
2704 2550 2830 2622 [illi]
2866 2551 3257 2621 confidebant,
3289 2551 3568 2622 abrogata

1912 2645 2020 2698 est.
2082 2640 2359 2713 Praecepit
2416 2641 2566 2696 enim
2634 2640 2984 2711 [Dominus],
3052 2639 3561 2695 circumcisionem

1913 2748 2029 2787 non
2063 2732 2256 2787 carnis
2282 2746 2411 2787 esse
2440 2729 2765 2785 faciendam
2792 2747 2806 2798 ;
2843 2728 2928 2784 illi
2959 2732 3154 2784 autem
3188 2730 3565 2801 [praeceptum

1913 2820 2047 2891 hoc]
2078 2819 2435 2892 transgressi
2477 2823 2637 2886 sunt,
2673 2820 2813 2891 quia
2844 2819 3035 2874 malus
3067 2816 3308 2890 angelus
3342 2816 3568 2889 decepit

1912 2909 2065 2975 illos,
2097 2908 2187 2964 Ait
2233 2910 2303 2964 ad
2353 2925 2451 2964 eos
2502 2925 2515 2964 :
2559 2907 2674 2963 Hhc
2717 2908 2851 2963 dicit
2898 2909 3163 2963 Dominus
3210 2908 3348 2962 Deus
3393 2914 3569 2961 vester

1911 2998 1994 3070 [in
2022 2997 2114 3054 his
2144 2998 2339 3053 verbis
2370 2996 2602 3053 invenio
2634 3013 2846 3052 novam
2889 2996 3100 3069 legem]
3152 3012 3166 3050 :
3216 2996 3392 3052 Nolite
3417 3011 3569 3051 sere-

1910 3103 1971 3142 re
2016 3103 2181 3159 super
2219 3089 2429 3159 spinas,
2483 3086 2957 3142 circumcidimini
3004 3087 3244 3142 Domino
3280 3088 3456 3141 vestro
3497 3083 3565 3139 ⁸².

1911 3176 1981 3231 Et
2009 3175 2151 3248 quid
2176 3175 2301 3232 vult
2330 3174 2464 3248 [sibi
2496 3174 2783 3232 Dominus
2814 3175 2975 3231 hisce
3007 3174 3273 3246 verbis]?
3318 3174 3567 3231 Circum-

1566 3316 1723 3373 Vetus
1755 3318 2154 3391 interpretatio.

229 3434 306 3493 IX.
338 3434 485 3491 Dicit
516 3437 764 3507 autem].
809 3473 821 3486 .
854 3434 925 3489 de
956 3432 1219 3505 auribus,
1253 3450 1369 3505 quo
1401 3434 1569 3507 modo
1601 3434 1926 3491 circumdat
1968 3450 2139 3490 aures
2168 3433 2471 3507 praecordii
2501 3434 2707 3490 nostri.
2740 3433 2895 3489 Dixit
2927 3475 2940 3489 .
2987 3475 2998 3489 .
3032 3450 3136 3507 per
3182 3434 3557 3507 Prophetam.

168 3507 346 3561 Audita
375 3510 527 3563 auris
560 3505 851 3579 exaudivit
877 3522 981 3579 me.
1020 3507 1088 3579 Et
1122 3508 1334 3561 iterum
1367 3506 1508 3561 dicit
1542 3523 1553 3559 :
1588 3507 1877 3563 Auditione
1906 3505 2283 3579 audient,‘qui
2330 3508 2698 3579 longe_sunt;
2746 3513 2799 3579 et
2848 3521 2972 3578 qua:
2992 3505 3165 3579 faciet
3191 3505 3327 3579 ('79),
3357 3509 3555 3562 scient.

172 3618 181 3628 .
222 3618 232 3630 .
261 3579 659 3646 Circumcidile,
696 3577 837 3631 dicit
884 3578 1188 3644 Dominus,
1222 3594 1384 3631 aures
1420 3586 1625 3633 vestras
1656 3580 1788 3649 (80).
1809 3579 1878 3633 Et
1908 3578 2122 3633 iterum
2176 3578 2318 3632 dicit
2346 3594 2359 3633 :
2395 3577 2557 3633 Audi.
2590 3578 2787 3633 Israel.
2819 3577 2950 3649 quia
2981 3578 3096 3634 ha’c
3123 3577 3261 3649 dicit
3287 3577 3556 3634 Dominus

169 3649 290 3703 Deus
318 3654 458 3705 tuus.
492 3651 564 3705 Et
591 3649 810 3722 iterum
836 3649 1337 3722 spiritusADomini
1370 3648 1671 3722 prophetat
1705 3666 1717 3705 :
1752 3648 1893 3719 Quia
1924 3651 2035 3721 (81)
2064 3650 2161 3721 qui
2188 3650 2306 3722 vult
2330 3651 2510 3703 vivere
2547 3666 2603 3703 in
2631 3652 2998 3721 perpetuum?
3044 3648 3333 3705 Auditione
3359 3650 3559 3706 audiat

168 3736 321 3793 vocem
348 3725 509 3792 pueri
536 3723 669 3775 mei.
705 3726 770 3774 Et
798 3720 1010 3793 iterum
1046 3719 1233 3793 dicit:
1270 3722 1457 3789 Audit,
1478 3719 1701 3785 caelum,
1732 3727 1783 3776 et
1823 3719 2045 3793 percipe
2074 3719 2341 3793 auribus,
2375 3729 2545 3788 terra,
2576 3719 2706 3791 quia
2731 3719 3008 3775 Dominus
3038 3722 3246 3776 locutus
3274 3730 3369 3776 est.
3415 3764 3427 3777 .
3474 3762 3488 3775 .
3536 3763 3550 3775 .

170 3791 226 3843 Et
253 3791 448 3847 iterum
483 3794 630 3847 dicit
660 3808 673 3845 :
708 3792 903 3846 Audite
936 3792 1158 3846 verbum
1188 3792 1427 3859 Domini,
1460 3794 1733 3864 principes
1759 3791 1948 3864 populi
1978 3793 2163 3863 hujus.
2196 3792 2266 3847 Et
2294 3792 2506 3846 iterum
2537 3793 2716 3847 dicit:
2741 3792 2941 3847 Audite
2964 3833 2977 3846 .
3006 3834 3018 3847 .
3052 3808 3228 3847 vacem
3256 3794 3553 3848 clamantis

167 3864 216 3915 in
243 3879 424 3920 eremo.
458 3866 612 3935 Ergo
643 3863 1043 3935 circumcidite
1068 3865 1177 3934 (82)
1205 3879 1374 3918 aures
1408 3863 1657 3927 nostras,
1694 3870 1757 3918 ut
1786 3863 1985 3919 audito
2015 3865 2189 3919 verbo
2208 3864 2527 3935 credamus
2573 3906 2587 3918 .
2644 3906 2657 3919 .
2713 3906 2726 3917 .
2782 3906 2794 3919 .
2839 3905 2852 3918 .
3036 3864 3552 3921 Circumcisionem

167 3940 336 3989 autem
372 3934 685 4002 dixit,’non
718 3934 997 4004 corporis.
1035 3976 1045 3987 .

1086 3952 1098 4000 ;
1132 3932 1231 3989 sed
1266 3936 1668 4003 praeterierunt
1700 3936 1808 4007 (83)
1836 3954 1848 4002 ;
1882 3936 2022 4006 quia
2052 3934 2294 4007 angelus
2336 3950 2587 4007 nequam
2640 3935 2883 3990 docebat
2924 3932 3061 4007 illos
3094 3977 3108 3990 .

3155 3976 3166 3989 .
3210 3977 3225 3991 .
3259 3937 3381 3991 Hec
3422 3936 3555 3991 dicit

165 4006 398 4062 Dominus
426 4009 570 4062 Deus
604 4014 773 4078 vester
801 4024 820 4060 :
852 4007 949 4060 llic
978 4007 1196 4060 invenio
1226 4022 1421 4060 novam
1453 4007 1647 4075 legem.
1685 4008 1767 4061 Va:
1792 4004 1919 4061 illis
1950 4008 2048 4078 qui
2091 4004 2365 4061 séminant
2395 4004 2507 4076 (84)
2538 4008 2600 4061 in
2654 4007 2863 4077 spinis!
2906 4004 3289 4062 Circumcidile
3318 4024 3407 4063 vos
3444 4012 3555 4063 Do-

164 4078 292 4132 mino
318 4088 502 4134 vestro.
542 4120 555 4133 .

589 4120 602 4132 .
637 4077 752 4133 Hoc
784 4082 891 4141 est,
924 4078 1119 4149 audite
1162 4077 1476 4132 Dominum
1524 4082 1805 4147 vestrum,
1857 4083 1914 4133 et
1959 4077 2337 4133 circumcidite
2378 4079 2683 4149 nequitiam
2729 4079 2798 4133 de
2838 4078 3161 4148 praecordiis
3208 4081 3428 4135 vestris.
3484 4121 3497 4134 .
3543 4118 3557 4132 .

172 4148 303 4203 Dixit
332 4158 521 4205 autem
559 4150 772 4204 iterum
810 4165 822 4201 :
858 4151 1026 4203 Eccce
1055 4148 1187 4203 dicit
1232 4149 1543 4210 Dominus;
1593 4148 1787 4204 Omnes
1833 4151 2079 4204 nationes
2108 4151 2227 4204 sine
2256 4148 2677 4205 circumcisione
2704 4149 2944 4219 corporis
2990 4153 3134 4204 sunt.
3181 4191 3194 4204 .
3243 4192 3254 4205 .
3299 4194 3312 4207 .
3358 4194 3371 4207 .
3417 4168 3429 4206 :
3474 4150 3562 4206 hic

167 4230 332 4293 autem
357 4223 591 4292 papulas
620 4223 743 4275 sine
764 4222 1177 4275 circumcisione
1204 4220 1382 4293 cordis
1409 4225 1507 4293 est.
1541 4220 1672 4293 Sed.
1720 4264 1731 4276 .
1766 4221 1942 4276 etiam
1974 4221 2356 4275 circumcisus
2377 4226 2467 4293 est
2497 4220 2748 4293 populus
2780 4221 2837 4274 in
2870 4220 3105 4291 signum
3131 4239 3144 4289 ;
3182 4222 3283 4277 sed
3318 4226 3418 4279 et..
3448 4223 3560 4279 Ju-

168 4289 308 4346 dazus
336 4289 1054 4373 (85:)_.ent_5trabs,et.omnes
1085 4292 1417 4373 sacerdotes
1450 4291 1825 4373 id.olorum,e_t
1856 4293 2127 4373 Adgyptii.
2149 4293 2295 4373 Ergo
2324 4296 2381 4346 et
2412 4291 2470 4346 hi
2493 4289 2951 4373 dna—testamento
2978 4297 3196 4373 sunt.”
3237 4335 3255 4373 _.
3300 4335 3314 4349 .
3338 4335 3374 4373 _.
3422 4336 3434 4373 τ
3474 4336 3506 4373 _._
3541 4336 3554 4350 .

168 4376 299 4444 quos
322 4364 458 4419 dicit
489 4363 645 4444 {ili-os
678 4363 920 4444 Abrahae
952 4364 1024 4418 de
1053 4363 1327 4444 omnibus
1358 4364 1631 4444 gentibus
1667 4380 1678 4417 :
1713 4363 1853 4435 quia
1882 4363 2177 4419 Abraham
2210 4363 2439 4444 primus
2465 4363 2979 4444 circumcisionem
3021 4363 3202 4444 dedit,
3234 4365 3294 4444 in
3335 4365 3555 4444 Spiritu

168 4435 303 4501 quod
333 4435 723 4508 prospiciebat
747 4434 807 4489 in
836 4438 1060 4491 Jesum.
1092 4434 1488 4489 Circumcidit.
1534 4477 1546 4490 .
1592 4476 1605 4489 .
1651 4476 1665 4489 .
1832 4478 1845 4491 .

1892 4476 1904 4490 .
1951 4476 1964 4489 .
2002 4473 2020 4491 .
2060 4475 2074 4489 .
2121 4476 2134 4489 .
2180 4476 2193 4489 .
2216 4434 2252 4491 ⁷.
2298 4477 2311 4490 .
2345 4435 2418 4490 de
2449 4434 2622 4491 domo
2646 4452 2753 4491 sua
2782 4434 3045 4490 homines
3078 4434 3557 4493 trecentos—octo-

231 4550 271 4582 “
298 4550 443 4605 Psal.
474 4567 616 4616 xvn,
650 4551 737 4605 45.
793 4550 859 4622 ί⁴⁵
886 4568 1087 4621 xum,
1123 4552 1205 4605 13.
1283 4551 1327 4587 ⁴⁶
1354 4550 1473 4606 Jer.
1508 4568 1582 4618 Iv,
1616 4552 1667 4622 4,
1743 4551 1786 4585 ⁴⁷

1922 4594 1934 4606 .
1966 4568 2065 4619 vn,
2086 4551 2140 4605 2.
2218 4551 2262 4585 ⁴⁸
2293 4548 2447 4606 Psal.
2481 4566 2679 4619 xxxm,
2711 4549 2799 4606 43.
2880 4550 2928 4588 ⁴ο
2955 4548 3088 4606 Isai.
3125 4567 3163 4619 ι,
3196 4554 3250 4606 2.
3327 4552 3371 4587 ⁸ο
3400 4551 3548 4607 Ibid.

172 4619 247 4673 10.
317 4623 355 4657 δι
390 4624 498 4679 Isai
528 4639 621 4688 XL,
651 4622 704 4676 3.
781 4621 827 4657 ⁸²
854 4622 970 4678 Jer.
1004 4619 1080 4691 Iv,
1113 4623 1166 4677 3.

1532 4737 1914 4794 VARIORUM
1945 4737 2177 4794 ΝΟΤίΕ.

182 4852 338 4935 ’,(ἹΞ)
366 4854 450 4910 Ita
480 4855 603 4911 Cot.
641 4871 751 4911 ms.

184 4942 327 4980 ιαται.

238 4995 339 5069 (74)
370 4996 477 5054 Cir.
512 4999 583 5053 de
614 4997 1062 5053 circumcisione
1093 4998 1191 5069 Ep.
1226 4997 1296 5052 ad
1328 4996 1534 5069 Diogn.
1569 5014 1619 5053 c.
1654 4998 1707 5052 4.

240 5066 341 5136 (75)
372 5069 709 5124 Adhortatio
742 5068 1019 5124 audiendi
1068 5066 1306 5125 involvit
1339 5066 1800 5125 admonitionem

182 5136 243 5189 ad
272 5138 757 5196 circumcisionem
791 5141 1045 5196 aurium.

263 5208 345 5284 7&5)
378 5211 453 5284 ᾼΙ.
486 5209 706 5284 Κύριος.

261 5279 343 5354 Ῑῖ)
372 5282 460 5336 Sc.
492 5279 962 5354 circumcisionis
999 5287 1112 5336 Deo
1144 5287 1408 5354 acceplm.

258 5352 343 5424 78)
372 5354 513 5408 Add.
550 5352 693 5409 νέαν.
726 5358 876 5411 ΜΕΝ.
913 5355 1157 5424 lnterpr.
1190 5352 1407 5409 novam.

242 5421 343 5498 (Ψ)
373 5425 431 5498 Et
460 5441 582 5495 quae
609 5428 797 5498 faciet.
828 5436 958 5498 Leg.
993 5436 1041 5481 et
1074 5421 1197 5497 qua:
1224 5427 1351 5495 feci.

245 5491 345 5564 (80)
375 5491 539 5551 Aures
568 5491 792 5564 vestras,
840 5491 934 5552 Inv
953 5491 1112 5552 textu
1146 5491 1365 5562 Graeco,
1405 5494 1568 5552 corda
1600 5498 1779 5551 vestra

188 5540 354 5643 male;
386 5583 515 5621 nam
546 5586 749 5643 omnes
778 5540 875 5638 qui
908 5574 1242 5643 sequuntur
1283 5540 1391 5623 loci
1433 5570 1701 5643 spectant
1727 5540 1799 5623 ad

193 5586 354 5643 mue;
386 5586 515 5621 nam
546 5586 749 5624 omnes
778 5586 875 5638 qui
908 5586 1233 5639 sequuntur
1283 5586 1391 5623 ιοοι
1433 5586 1628 5695 ηὔξετο

193 5647 419 5701 aurium,
450 5655 561 5696 non
591 5642 663 5696 ad
695 5642 885 5697 cordis
916 5639 1443 5696 circumcisionem.
1536 5656 1628 5695 EN.

276 5705 358 5784 ἕξ)
389 5709 540 5784 quia.
574 5712 829 5784 Rectius,
861 5714 985 5784 quis
1012 5720 1111 5768 est.
1138 5712 1302 5784 FsLn.

277 5776 358 5852 82)
389 5776 777 5841 Circumcidite.
811 5776 945 5856 Lég.
977 5782 1337 5840 circumcidit.
1370 5786 1530 5839 Hanc
1561 5782 1800 5858 quidem

922 4854 1021 4908 Διὰ
1059 4850 1156 4907 τοῦ
1203 4852 1377 4929 ῥύπου
1422 4858 1520 4908 τοῦ
1554 4854 1805 4909 ὑσσώπου

1917 4854 2225 4911 lectionem
2256 4852 2524 4926 sequitur
2552 4852 2747 4909 Fellus
2769 4853 2826 4909 in
2850 4853 3169 4926 textu,licet
3198 4854 3255 4909 in
3289 4858 3427 4913 nota
3447 4854 3561 4913 lec-

1916 4927 2133 4999 tionem
2162 4926 2535 4999 circumcidite
2582 4926 2945 4999 retinendam
2995 4926 3311 4999 praecipiat.
3344 4926 3561 4985 Verum

1912 4998 1969 5053 id
2002 4998 2139 5053 vitio
2170 4998 2478 5068 typotheta:
2514 4998 2876 5052 vertendum.

1982 5070 2095 5139 (83)
2124 5067 2540 5124 Prmterierunt.
2577 5068 2636 5123 Id
2668 5074 2777 5133 est,
2816 5067 3170 5139 praevaricati
3201 5076 3556 5137 sunl,trans-

1911 5142 2096 5211 gressi
2128 5145 2288 5195 sunt.
2329 5140 2579 5214 EtPsal.
2624 5156 2844 5209 cxnvm,
2877 5142 2912 5214 6_
2942 5142 3321 5214 {Praeceptum
3350 5145 3556 5214 posuit,

1909 5219 1964 5287 c_t
1994 5227 2109 5287 non_
2130 5210 2457 5287 praeteribit.
2493 5211 2639 5265 Man.
2665 5241 2734 5251 —-
2764 5210 2918 5283 Apul
2953 5210 3556 5287 Fellum',praztéreunt.

1909 5283 2242 5355 Typothetae
2276 5282 2575 5337 mendum.

1981 5352 2093 5426 (84)
2130 5354 2210 5408 Vae
2240 5355 2355 5408 illis
2384 5355 2477 5424 qui
2504 5352 2793 5407 seminant.
2832 5352 3090 5424 Rectius,
3134 5356 3326 5411 nollite
3360 5370 3559 5426 serere.

1912 5425 2075 5480 FELL.
2107 5426 2215 5498 Qui
2263 5442 2330 5480 ea
2378 5442 2505 5496 quae
2561 5441 2693 5498 mox
2744 5431 3091 5498 sequuntur,
3150 5427 3231 5483 ita
3279 5425 3560 5498 supplet:

1909 5498 1976 5552 Et
2006 5497 2157 5570 quid,
2192 5497 2296 5570 hoc
2330 5495 2585 5570 estAquod
2615 5495 2772 5570 dicit,
2806 5495 3165 5570 audite,_etc.

1982 5567 2093 5639 (85)
2122 5568 2356 5639 Judwus.
2410 5568 2575 5622 Forte
2631 5567 2923 5632 Idumaeas,
2955 5568 3042 5624 vel
3091 5568 3281 5639 Syrus.
3314 5568 3555 5639 —7Hinc

1911 5638 2050 5695 Felli
2081 5640 2219 5694 edit.
2254 5638 2458 5695 Oxon..
2492 5640 2704 5711 rejecta
2752 5639 2988 5713 vulgata
3025 5638 3291 5712 lectione,
3324 5638 3558 5702 exhibet

1910 5712 2201 5767 ldumseus.

1972 5727 2201 5769 amatus.
