4038 6210
323 369 436 428 761

1593 360 1973 420 EPISTULA
2020 359 2460 420 CATHOLICA

3610 355 3727 413 762

325 499 478 575 Λὲγει
512 495 569 553 δὲ
596 494 704 552 πάλ
717 518 759 551 ιν
793 482 842 552 ἓν
874 499 953 567 τῷ
974 490 1601 568 Μωσῇ,ποΑεμοομένοι›
1621 487 1722 548 τοῖ’)
1751 489 1968 566 Ἰσραὴλ

2094 490 2240 546 ιιιιιοί
2273 490 2600 561 afﬁgendus
2631 487 3050 560 [praesagium].
3077 485 3283 544 Adhuc
3311 503 3446 544 vero
3475 487 3607 561 [hac
3656 490 3727 545 de

329 587 432 643 ὑπὸ
471 591 579 642 τῶν
635 583 968 664 ἀλλοφύλων
999 587 1132 658 (47).
1165 585 1261 638 Καὶ
1304 580 1397 637 ⁹ίνα
1445 584 1734 655 ὑπομνήσῃ
1776 578 1969 641 αὐτοὺς

326 673 802 750 πολεμουμένους,
835 673 917 729 ὅτι
952 671 1039 728 διὰ
1066 673 1162 734 τὰς
1205 671 1472 746 ἁμαρτίας
1520 670 1693 726 αὐτῶν
1736 666 1970 742 παρεδό-

329 777 496 836 θησαν
550 764 626 826 sic
675 763 921 835 Θάνατον,
955 761 1102 837 λέγει
1153 761 1228 824 εἷς
1279 761 1379 830 τὴν
1427 757 1648 834 καρδίαν
1692 762 1860 832 Μωσῇ
1909 758 1972 812 τὸ

327 857 569 927 Πνεῦμα,
596 851 688 908 ἵνα
717 855 922 928 ποιήσῃ
949 851 1116 907 τύπον
1167 855 1419 923 σταυροῦ,
1452 851 1541 905 καὶ
1588 855 1684 904 τοῦ
1737 847 1973 922 μέλλον-

325 963 418 1004 τος
465 942 716 1018 πάσχειν·
763 941 868 1013 ὅτι,
923 940 1010 995 ἐὰν
1060 942 1134 1014 μὴ
1189 939 1478 994 ἐλπίσωσιν
1547 939 1631 994 ἐπ’
1677 937 1842 1010 αὐτῷ,
1897 937 1972 998 εἰς

326 1032 417 1086 τὸν
470 1031 640 1086 αἰῶνα
687 1028 1169 1103 πολεμηθήσονται
1203 1032 1334 1101 (48).
1366 1028 1583 1099 Τίθησιν
1633 1028 1724 1082 οὗν
1773 1033 1975 1095 Μωσῆς

324 1121 380 1178 ’ἐι
415 1120 496 1198 ἐφ’
524 1121 579 1176 ’ἐν
612 1119 784 1175 ὅπλον
832 1118 884 1174 ἐν
932 1120 1078 1192 μέσῳ
1124 1125 1224 1188 τῆς
1274 1121 1454 1194 πήγης
1485 1119 1596 1190 (49)
1625 1117 1714 1171 καὶ
1767 1115 1975 1175 σταθεὶς

329 1209 668 1283 ὑψηλότερος
733 1207 970 1279 πάντων,
1020 1207 1236 1278 ἐξέτεινε
1300 1208 1396 1269 τὰς
1467 1211 1656 1282 χεῖρας
1701 1208 1842 1279 (50),
1885 1202 1973 1258 καὶ

328 1299 502 1360 οὓτως
533 1296 696 1353 πάλιν
731 1297 873 1352 ἐνίκα
904 1299 931 1352 ὁ
959 1295 1202 1374 Ἰσραήλ.
1237 1295 1386 1364 Εἶτα,
1419 1296 1614 1350 ὁπόταν
1647 1293 1810 1348 πάλιν
1842 1304 1978 1356 καθ-

329 1386 465 1455 εῖλε,
515 1386 677 1442 πάλιν
729 1386 1098 1450 ἐθανατοῦντο.
1153 1386 1294 1461 Πρὸς
1342 1384 1433 1453 τί,
1465 1386 1578 1441 ’Ἰνα
1624 1387 1845 1458 γνῶσιν,
1894 1381 1978 1436 ὅτι

328 1475 392 1530 οὗ
430 1474 676 1530 8-3νανται
729 1477 988 1544 σωθῆναι,
1021 1474 1106 1528 ἐὰν
1145 1475 1219 1546 μὴ
1255 1473 1338 1528 ἐπ’
1369 1472 1515 1544 αὖτῷ
1545 1475 1657 1544 (51)
1690 1470 1975 1526 ἐλπίσωσι.

329 1566 429 1619 Καὶ
492 1564 542 1618 ὲν
607 1565 776 1640 ἒτὲρῳ
831 1565 1085 1640 προφήτῃ
1149 1563 1316 1638 λέγει·
1367 1561 1538 1631 Ὅλην
1604 1562 1704 1629 τήν
1767 1561 1975 1634 ἡμέραν

330 1653 616 1723 ἐξεπέτασα
672 1655 765 1714 τὰς
824 1652 1015 1729 χεῖράς
1076 1674 1180 1724 μου
1229 1653 1363 1728 πρὸς
1433 1649 1563 1704 λαὸν
1634 1649 1976 1719 ἀπειθοῦντα,

327 1744 420 1796 καὶ
477 1741 826 1818 ἀντιλέγοντα
881 1739 991 1812 ὀδῷ
1057 1737 1238 1810 δικαίᾳ
1298 1759 1401 1812 μου
1456 1741 1587 1813 (52).
1651 1738 1748 1792 Καὶ
1812 1735 1976 1791 πάλιν

2080 583 2162 651 re]
2195 579 2335 635 dicit
2365 580 2424 634 in
2459 579 2638 643 Moss,
2671 579 2905 649 quando
2940 576 3115 633 Israel
3165 577 3624 650 impugnabatur
3653 579 3726 636 ab

2081 669 2488 741 alienigenis“.
2516 667 2581 722 Et
2611 672 2672 722 ut
2703 668 3225 722 commonefaceret
3254 684 3374 734 eos,
3407 669 3562 740 quod
3596 685 3728 741 pro-

2081 763 2209 831 pter
2239 761 2471 830 peccata
2509 773 2618 812 sua
2661 757 3032 811 traderentur
3077 757 3147 811 ad
3199 761 3468 823 mortem,
3519 758 3590 812 ad
3632 775 3730 814 cor

2082 848 2259 903 Mosis
2306 847 2446 902 dicit
2491 845 2763 917 Spiritus,
2814 849 2878 900 ut
2919 845 3090 900 faciat
3149 846 3398 916 ﬁguram
3439 847 3630 902 crucis
3672 851 3730 903 et

2083 938 2210 1008 ejus
2236 939 2335 1006 qui
2365 939 2489 990 erat
2520 951 2839 1007 passurus;
2867 933 3023 1002 quia,
3057 933 3105 987 si
3137 933 3196 988 in
3229 934 3385 988 hunc
3435 952 3547 990 non
3597 953 3726 1007 spe-

2085 1026 2357 1091 raverint,
2416 1024 2475 1079 in
2536 1029 2880 1096 perpetuum
2928 1023 3248 1079 vincentur.
3281 1024 3479 1079 Posuit
3531 1024 3727 1096 itaque

2087 1115 2276 1170 Moses
2307 1131 2470 1169 arma
2500 1130 2678 1185 super
2706 1112 2944 1167 armain
2972 1113 3160 1168 medio
3181 1112 3429 1184 aggeris,
3455 1117 3727 1169 etomnes

2085 1203 2531 1276 supereminens
2546 1218 2755 1256 manus
2777 1201 3261 1272 extendit;sicque
3275 1218 3480 1256 rursus
3499 1203 3727 1256 Israeli-

2085 1299 2156 1348 ta:
2183 1292 2508 1347 vincebant.
2542 1292 2687 1347 Cum
2715 1294 2911 1346 autem
2959 1290 3171 1346 iterum
3218 1307 3427 1345 manus
3468 1291 3729 1346 demitte-

2086 1382 2208 1450 bat,
2241 1380 2454 1436 iterum
2503 1379 2938 1436 occidebantur.
2972 1379 3086 1434 Cur
3114 1379 3260 1434 hoc?
3307 1379 3380 1435 Ut
3417 1394 3730 1451 cognosce-

2087 1473 2236 1537 rent,
2268 1470 2424 1541 quod
2456 1485 2574 1525 non
2609 1471 2848 1540 possent
2878 1468 3116 1536 servari,
3153 1467 3266 1522 nisi
3314 1484 3416 1540 per
3457 1484 3622 1540 spem
3672 1469 3729 1522 in

2086 1559 2276 1613 illum.
2312 1558 2376 1613 Et
2407 1558 2464 1613 in
2505 1557 2618 1612 alio
2668 1557 2950 1629 propheta
2983 1557 3160 1612 dicit:
3191 1559 3315 1613 Tota
3355 1557 3444 1613 die
3491 1557 3736 1629 expendi

2085 1663 2283 1702 manus
2312 1662 2460 1702 meas
2487 1646 2557 1701 ad
2582 1647 2848 1718 populum
2877 1646 3240 1712 incredulum,
3274 1651 3324 1701 et
3352 1646 3734 1702 contradicen-

2088 1740 2194 1792 lem
2241 1740 2349 1793 viae
2387 1737 2553 1807 justas
2598 1736 2802 1791 meae“.
2835 1735 2904 1789 Et
2935 1737 3145 1789 iterum
3190 1736 3380 1790 Moses
3428 1736 3567 1790 facit
3588 1738 3734 1807 ﬁgu-

327 1837 532 1900 Μωτῆς
565 1836 712 1885 ποιεῖ
744 1831 909 1885 τύπον
941 1834 1038 1884 τοῦ
1073 1831 1272 1898 Ἰησοῦ,
1305 1828 1386 1883 ὅτι
1432 1825 1513 1882 δεῖ
1559 1827 1714 1882 αὐτὸν
1770 1829 1976 1899 παθεῖν,

408 1920 419 1933 \
498 1919 510 1933 ο
562 1919 575 1933 \
658 1925 683 1933 μ
879 1926 902 1933 ..ι
1033 1921 1134 1933 [νην
1193 1919 1212 1933 'l
1307 1915 1330 1933 λ
1350 1917 1390 1933 IL
1583 1917 1596 1933 9
1692 1919 1704 1933 \
1772 1914 1792 1933 Χ
1878 1916 1886 1933 1

2094 1843 2215 1881 ram
2237 1827 2392 1891 .Iesu,
2417 1826 2570 1896 quod
2595 1841 2879 1896 passurus
2901 1829 3076 1891 esset,
3104 1829 3160 1879 et
3181 1825 3360 1880 vitam
3380 1825 3626 1896 praabitu
3638 1842 3736 1880 rus

325 1920 422 1974 καὶ
455 1919 613 1974 αὐτὸν
658 1925 998 1988 ζωοποιῆσαι
1028 1921 1160 1993 (53),
1193 1919 1250 1972 ὃν
1303 1915 1527 1989 δόξωσιν
1573 1914 1982 1972 ἀπολωλεκέναι

329 2006 384 2061 ἐν
444 2007 658 2079 σημείῳ
715 2010 848 2080 (54),
907 2007 1198 2068 πίπτοντος
1265 2011 1361 2060 τοῦ
1427 2005 1669 2077 Ἰσραήλ.
1729 2004 1985 2075 Ἐποίησε

327 2097 438 2170 γὰρ
505 2097 676 2149 πάντα
741 2091 862 2173 ὅφιν
933 2093 1136 2149 δάκνειν
1199 2094 1413 2160 αὐτοὺς,
1465 2094 1553 2148 καὶ
1622 2094 1981 2165 ἀπέθνησκον,

332 2182 524 2252 ἔπειδὴ
572 2187 606 2253 ἡ
656 2180 956 2257 παράϐασις
1011 2181 1098 2238 διὰ
1146 2189 1241 2238 τοῦ
1289 2180 1462 2261 ὄφεως
1513 2182 1564 2238 ἐν
1594 2181 1704 2254 Εὕα
1745 2181 1980 2258 γέγονεν·

336 2274 426 2326 ἶνα
457 2272 648 2348 ἑλὲγξη
678 2272 989 2344 αὐτοὺς,δτι
1023 2271 1111 2328 διὰ
1139 2274 1235 2341 τήν
1269 2267 1566 2348 παράϐασιν
1601 2272 1772 2327 αὐτῶν
1795 2271 1844 2326 ἐν
1871 2270 1987 2326 θλίο

334 2364 429 2435 ψει
486 2361 713 2416 Θανάτου
769 2359 1255 2437 παραδοθήσονται.
1317 2361 1487 2437 Πέρας
1545 2362 1606 2437 γὲ
1673 2381 1756 2415 τοι
1824 2359 1984 2422 αὐτὸς

337 2456 544 2519 Μωσῆς
618 2450 1009 2524 ἐντειλάμενος·
1085 2450 1194 2505 Οὐκ
1260 2449 1404 2504 ἔσται
1473 2449 1600 2523 ὑμῖν
1671 2449 1794 2504 οὕτε
1851 2447 1984 2525 γλυ-

333 2541 488 2611 πτὸν,
522 2535 646 2594 οὔτε
692 2537 965 2615 χωνευτὸν
1013 2538 1086 2600 εἷς
1144 2541 1259 2594 Θεὸν
1325 2540 1474 2612 ὑμῖν,
1525 2544 1692 2608 ποιεῖ,
1737 2536 1828 2592 ’ίνα
1891 2537 1984 2593 τύ-

333 2651 440 2684 πον
470 2634 567 2684 τοῦ
601 2631 776 2698 Ἰησοῦ
807 2627 968 2702 δείξῃ.
1005 2634 1156 2683 Ποιεῖ
1187 2627 1277 2683 οὖν
1312 2635 1511 2698 Μωσῆς
1552 2628 1795 2704 χαλκοῦν
1838 2625 1982 2704 ὄφινν

330 2716 425 2772 καὶ
472 2717 683 2788 τίθησιν
719 2717 768 2772 ἐν
815 2715 960 2789 δοκῷ
1009 2721 1144 2791 (55),
1191 2719 1280 2771 καὶ
1327 2716 1641 2793 κηρύγματι
1689 2714 1846 2771 καλεῖ
1891 2717 1982 2771 τὸν

329 2805 485 2862 λαόν.
540 2804 817 2869 Ἐλθόντες
875 2805 964 2860 οὖν
1018 2806 1103 2862 ἐπὶ
1153 2807 1215 2861 τὸ
1264 2806 1414 2878 αὐτὸ,
1468 2804 1680 2861 ἐδέοντο
1726 2806 1982 2875 Μωσέως,

322 2891 423 2949 ’ἶνα
456 2895 585 2969 ὑπὲρ
637 2895 810 2950 αὐτῶν
863 2895 1116 2970 ἀνενέγκῃ
1165 2893 1416 2968 δεόμενος
1467 2895 1589 2970 περὶ
1638 2901 1739 2963 τῆς
1792 2893 1981 2949 ἰάσεως

327 2982 532 3039 αὐτῶν.
587 2983 717 3038 Εἶπε
769 2981 826 3038 δὲ
875 2984 1009 3059 πρὸς
1064 2983 1258 3044 αὐτοὺς
1313 2986 1528 3050 Μωσῆςο
1586 2984 1776 3051 ”Οταν,
1827 2982 1980 3060 φησὶ,

325 3069 520 3148 δηχθῇ
567 3093 650 3134 τις
705 3073 877 3146 ὑμῶν,
911 3071 1116 3127 ἐλθέτω
1168 3070 1254 3126 ἐπὶ
1299 3071 1389 3125 τὸν
1440 3067 1560 3149 ὅφιν
1610 3072 1700 3125 τὸν
1751 3070 1837 3126 ἐπὶ
1886 3075 1982 3126 τοῦ

2093 1916 2240 1987 ipse,
2301 1931 2474 1986 quem
2535 1914 2822 1986 putabant
2870 1930 3111 1969 necasse
3160 1914 3215 1968 in
3270 1929 3461 1982 cruce,
3495 1915 3737 1969 cadente

2095 2003 2290 2060 Israel.
2333 2004 2616 2070 Quoniam
2650 2003 2806 2058 enim
2853 2008 3156 2074 peccatum
3189 2019 3289 2074 per
3318 2007 3647 2074 serpentem
3679 2002 3737 2056 in

2095 2095 2208 2150 Eva
2235 2093 2495 2165 contigit,
2527 2093 2715 2148 eil‘ecit
2744 2092 2919 2158 Deus,
2946 2096 3011 2146 ut
3040 2092 3232 2147 cuncti
3263 2097 3562 2164 serpentes
3587 2108 3738 2146 mor-

2095 2185 2298 2238 derent
2324 2197 2452 2248 eos;
2485 2186 2540 2236 et
2571 2181 2990 2248 moriebantur,
3024 2184 3090 2236 ut
3119 2185 3388 2252 argueret
3426 2197 3544 2250 eos,
3585 2181 3739 2252 quod

2095 2277 2330 2344 propter
2361 2275 2596 2344 peccata
2624 2287 2732 2326 sua
2761 2271 2819 2325 in
2852 2271 3156 2342 angustias
3181 2270 3385 2326 mortis
3402 2276 3601 2326 essent
3621 2275 3738 2324 tra-

2094 2362 2336 2418 dendi".
2371 2361 2630 2432 Denique
2663 2361 2876 2426 Moses,
2909 2361 3009 2432 qui
3057 2363 3441 2432 praeceperat:
3474 2360 3592 2415 Non
3638 2360 3745 2414 erit

2093 2451 2244 2507 vobis
2287 2467 2463 2523 neque
2489 2450 2762 2521 sculptile,
2809 2466 2985 2522 neque
3030 2451 3302 2520 conﬂatile
3352 2450 3415 2505 in
3461 2449 3626 2505 deum
3653 2465 3740 2504 ve-

2093 2541 2337 2609 strum",
2381 2539 2506 2612 ipse
2554 2539 2611 2593 id
2665 2538 2820 2609 facit,
2856 2543 2919 2594 ut
2964 2540 3233 2594 ostendat
3275 2539 3524 2610 figuram
3580 2539 3736 2593 .lesu.

2097 2628 2256 2684 Facit
2273 2644 2410 2700 ergo
2441 2628 2629 2683 Moses
2659 2633 2990 2695 serpentem
3019 2644 3264 2696 ausum,
3298 2645 3362 2682 ac
3392 2627 3634 2682 collocat
3681 2629 3738 2681 in

2093 2717 2256 2772 trabe
2278 2721 2452 2788 atque
2485 2733 2586 2787 per
2617 2733 2937 2788 praeconem
2965 2721 3239 2772 convocat
3272 2716 3570 2787 p0pu1um.
3592 2716 3738 2771 Con-

2095 2806 2317 2878 gregati
2350 2805 2528 2878 igitur
2557 2805 2804 2861 orabant
2835 2806 3055 2872 Mosen,
3083 2811 3260 2876 utpro
3283 2806 3426 2877 ipsis
3447 2806 3740 2860 sacriﬁca-

2095 2900 2200 2963 ret,
2234 2895 2554 2966 deprecans
2585 2912 2688 2966 pro
2712 2894 3014 2950 sanatione
3063 2911 3288 2950 eorum.
3352 2895 3502 2950 Dixit
3543 2899 3737 2949 autem

2093 2983 2284 3040 Moses
2314 2984 2385 3039 ad
2418 2983 2549 3039 illos
2585 3002 2598 3041 :
2634 2984 2790 3052 Cum,
2817 2983 3027 3055 inquit,
3060 2984 3263 3054 aliquis
3297 2998 3366 3038 ex
3394 2984 3541 3038 vobis
3589 2999 3740 3036 mor-

2091 3089 2182 3128 sus
2202 3075 2393 3144 fuerit,
2424 3075 2609 3129 veniat
2635 3073 2705 3129 ad
2734 3077 3038 3144 serpentem
3067 3074 3127 3127 iu
3175 3073 3331 3144 ligno
3381 3075 3637 3144 posilum,
3694 3080 3744 3126 et

1721 3189 1884 3250 Vetus
1917 3189 2356 3270 interpretatio.

331 3303 392 3353 et
415 3296 952 3354 cecideruntJudaai
977 3297 1048 3351 ab
1073 3295 1436 3368 alienigenis;
1472 3300 1537 3351 ut
1567 3295 1700 3351 illos
1720 3297 1839 3368 (56)
1867 3301 2374 3368 commemoraret,
2419 3297 2559 3351 dum
2601 3301 3033 3368 oppugnantur,
3069 3295 3206 3368 quia
3248 3301 3484 3368 propter
3506 3303 3744 3368 peccata

331 3386 443 3424 sua
474 3370 790 3425 trahuntur
821 3369 879 3422 in
911 3374 1178 3435 mortem,
1212 3367 1356 3422 dixit
1385 3368 1443 3421 in
1477 3369 1794 3440 precordiis
1827 3367 2005 3439 Moysi
2031 3368 2321 3440 Spiritus:
2349 3368 2456 3423 Fac
2481 3367 2727 3440 ﬁguram
2760 3367 2970 3424 crucis.
3075 3367 3101 3422 ,ί
3135 3408 3148 3422 .
3195 3410 3207 3422 .
3250 3367 3266 3422 ζ
3307 3385 3318 3422 :
3356 3367 3567 3440 quia’si
3627 3387 3736 3424 non

331 3441 687 3496 crediderint
717 3442 775 3494 in
809 3440 998 3505 illum,
1035 3440 1092 3493 in
1125 3443 1402 3511 perpetuo
1435 3438 1934 3511 oppugnabuntur
1956 3438 2090 3510 (57).
2123 3440 2191 3495 Et
2218 3441 2425 3494 iterum
2453 3481 2482 3511 ν.
2526 3438 2547 3493 ἶ
2591 3481 2604 3494 .
2651 3481 2665 3495 .
2711 3479 2725 3495 .
2768 3457 2782 3495 :
2816 3438 3320 3511 ascenditMoyses
3352 3439 3410 3494 in

917 3553 928 3564 .
963 3510 1174 3565 manus
1206 3511 1572 3576 extendebat,
1601 3510 1657 3565 et
1686 3528 1698 3566 :
1738 3553 1749 3565 .
1783 3510 2094 3565 vincebant
2117 3511 2300 3565 Judaei
2331 3528 2342 3565 :
2371 3510 2582 3565 deinde
2621 3527 2752 3565 cum
2786 3511 3156 3582 deposuerat,
3188 3510 3456 3582 vincebat
3481 3510 3735 3567 Amalec.

587 3584 761 3655 quid?
791 3582 864 3637 Ut
893 3581 1111 3655 scirent
1141 3582 1281 3653 quia
1315 3599 1426 3636 non
1459 3589 1707 3653 possunt
1735 3583 1993 3655 liberari,
2025 3583 2133 3655 nisi
2169 3582 2226 3636 in
2259 3598 2428 3636 cruce
2454 3581 2667 3636 Christi
2693 3581 3077 3655 speraverint.
3111 3583 3179 3655 Et
3226 3581 3439 3636 iterum
3491 3583 3632 3638 dicit
3679 3584 3738 3638 in

331 3528 482 3579 rem,
513 3517 569 3568 et
598 3517 760 3566 stans
795 3552 808 3564 .
855 3552 868 3566 .

332 3583 453 3639 Hoc
483 3585 554 3638 ad

3455 3481 3468 3494 .
3515 3478 3526 3492 .
3562 3456 3738 3512 agge-

332 3655 448 3709 alio
480 3653 802 3727 propheta;
835 3654 1089 3727 Expandi
1126 3670 1324 3727 manus
1353 3670 1509 3727 meas
1557 3658 1668 3709 tota
1712 3653 1799 3727 die
1847 3654 2230 3727 adupopulu-m
2276 3653 2895 3727 impersuqsibilemkel
2923 3653 3526 3727 contradicentemviae
3545 3655 3735 3725 juslae.

333 3723 736 3797 Item'Mo'ysss
768 3723 1176 3797 facit'ﬁguram
1208 3725 1370 3787 Jesu.
1404 3725 1541 3795 quia
1570 3725 1874 3797 oportebat
1911 3723 2076 3779 illum
2111 3723 2252 3797 pati,
2283 3729 2338 3779 et
2368 3725 2506 3794 quia
2535 3724 2659 3797 ipse
2691 3724 2995 3797 viviﬁcavit
3026 3725 3157 3793 (58),
3190 3741 3363 3797 quem
3392 3724 3472 3778 illi
3510 3723 3736 3795 pulave-

331 3802 471 3852 runt
499 3795 849 3869 perdidisse.
879 3838 890 3850 .
926 3837 938 3850 .
978 3795 997 3851 ζ
1039 3796 1294 3869 Cadente
1325 3798 1481 3850 enim
1517 3795 1728 3869 populo
1749 3795 2534 3869 Judzeorum,quiajuss_erat
2555 3795 2860 3869 Dominus,
2894 3801 2958 3850 ut
3008 3812 3204 3869 morsu
3251 3795 3502 3869 colubra;
3540 3837 3553 3850 .
3600 3837 3612 3850 .
3661 3839 3674 3851 .
3723 3840 3734 3851 .

331 3866 718 3931 morerentur.
754 3868 895 3939 quia
926 3867 1232 3938 prasteritio
1257 3868 1381 3922 Eva!
1415 3866 1845 3939 per’co’lubram
1880 3869 2066 3921 fuerat
2097 3867 2229 3937 (59),
2261 3867 2441 3939 voluit
2473 3867 2601 3922 illos
2634 3867 2954 3937 corripere;
2988 3871 3044 3920 et
3073 3866 3200 3921 ideo
3245 3910 3257 3921 .
3296 3909 3308 3920 .
3344 3907 3356 3921 .

3400 3909 3410 3920 .
3445 3867 3529 3922 sic
3567 3869 3735 3921 morti

327 3941 575 4006 tradere,
606 3939 705 4012 qui
737 3938 1016 3995 mandata
1043 3941 1170 4008 ejus
1201 3940 1618 4012 praterierunt.
1638 3938 1720 3993 Ad
1746 3943 2136 4012 summam,u_t
2168 3939 2294 4010 ipse
2326 3938 2553 4010 Moyses
2604 3939 2703 4009 qui
2739 3943 3110 4012 praeceperat,
3144 3939 3285 4012 dicit
3315 3939 3427 4008 (60)
3454 3956 3466 3992 :
3491 3938 3607 4012 Non
3637 3941 3740 3994 crit

330 4014 504 4080 vobis,
536 4010 711 4085 neque
730 4012 1031 4082 conﬂatile,
1059 4027 1234 4082 neque
1261 4011 1534 4082 sculptile.
1579 4051 1590 4064 .
1640 4052 1652 4064 .
1698 4051 1711 4065 .
1759 4050 1771 4062 .
1800 4026 1814 4076 ;
1853 4010 1974 4080 ipse
2005 4010 2140 4065 fecit
2171 4015 2500 4081 serpentem
2533 4025 2770 4075 areum,
2795 4015 2858 4064 ut
2908 4011 3159 4082 ﬁguram
3189 4010 3329 4066 Jesu
3360 4010 3687 4066 ostenderet
3723 4027 3734 4064 :

404 4119 448 4154 ⁸⁸
478 4119 652 4176 Exod.
683 4133 823 4185 xvu,
858 4117 945 4173 11.
1021 4118 1066 4153 ⁸⁸
1096 4115 1230 4174 Isai.
1266 4133 1389 4186 va,
1410 4120 1466 4172 2.
1542 4117 1586 4154 ⁷ο
1615 4115 1790 4173 Num.
1823 4117 1978 4187 xxr,€

2094 4131 2222 4172 oan.
2256 4132 2340 4185 ιιι,
2373 4117 2460 4172 14.
2539 4115 2583 4153 τί
2617 4119 2782 4173 Deut.
2817 4132 2987 4182 xxvu,
3014 4117 3098 4171 15.

1678 4235 2096 4299 VARIORUM
2144 4235 2402 4296 NOTAE.

402 4332 520 4405 (47)
549 4332 592 4390 I.
646 4347 697 4389 ε.
756 4332 993 4405 Amalec.
1050 4331 1164 4405 Cfr.
1203 4331 1420 4405 Justin.
1485 4332 1628 4388 Dial.
1680 4347 1727 4405 c_.
1780 4331 1976 4405 Tryph.
2011 4334 2054 4402 C
2164 4332 2279 4405 (56)
2310 4332 2458 4388 Illos.
2496 4331 2631 4405 Leg.
2664 4331 2809 4390 illis.
2837 4331 3564 4402 Mam—Moxlrahuntur,
3599 4335 3742 4392 forte

333 4403 420 4461 n.‘
447 4403 572 4473 Hl,
668 4445 681 4458 .
718 4404 843 4459 204:
876 4404 1030 4459 Tert.
1074 4403 1198 4458 adv.
1243 4403 1365 4460 Jud.
1400 4420 1449 4458 c.
1507 4405 1594 4472 10;
1641 4403 1764 4459 adv.

333 4493 421 4530 ιιι.
456 4475 545 4530 18.
580 4420 678 4530 ιιΕἱ
711 4475 887 4530 iidem
919 4474 1040 4530 tvni
1072 4474 1463 4530 reperiuntur.

333 4493 421 4543 ιιι,
456 4475 545 4545 18,
580 4474 678 4530 ubi
711 4475 887 4530 iidem
919 4474 1040 4546 typi
1072 4474 1463 4546 reperiuntur.

405 4548 518 4618 (47)
548 4548 609 4602 In
635 4555 967 4619 perpetuum
992 4548 1302 4619 vincentur,
1334 4546 1418 4602 ita
1446 4551 1512 4601 ut
1551 4562 1853 4619 nunquam
1894 4546 1982 4619 _vi-

334 4617 559 4674 ct0rum
582 4617 796 4688 jugum
825 4622 1090 4688 excutere
1122 4617 1386 4688 possint;
1429 4634 1564 4672 nam
1601 4618 1718 4672 haec
1766 4622 1854 4673 est
1891 4617 1979 4672 in-

333 4689 563 4745 terdum
586 4685 686 4744 vis
706 4689 864 4744 verbi
895 4685 1268 4759 πολεμοῧμαι.
1301 4689 1470 4744 Cum.

404 4761 515 4831 (49)
548 4760 705 4833 Ιιήγη
733 4787 814 4816 =
841 4756 988 4832 πάγη
1028 4756 1174 4833 locus
1227 4761 1473 4833 excelsus
1521 4760 1676 4831 apud
1719 4759 1976 4833 Hesych.

331 4830 504 4957 Kiess.
566 4830 678 4886 ms.
731 4830 984 4904 πηγμῆς,
1035 4831 1187 4887 male
1226 4831 1264 4886 l.
1311 4830 1601 4905 πήγματός
1650 4830 1978 4901 tabulatum,

395 4919 490 4956 ειν.

395 4919 490 4956 EN.

425 4975 494 5028 50
547 4971 746 5026 Stabat
777 4972 958 5043 igitur
987 4973 1046 5027 in
1079 4973 1264 5028 forma
1285 4972 1495 5029 crucis.

425 4974 516 5116 51)
544 5041 664 5097 Ἐπὶ
723 5047 935 5114 σταυρῷ
993 5044 1189 5100 ΠΑνιε.
1215 5045 1460 5116 Interpr.

397 5041 516 5127 (51)
544 5041 664 5097 Ἐπὶ
723 5041 935 5114 σταυρῷ
993 5044 1189 5100 ΠΑνιε.
1215 5045 1460 5116 Interpr.
1498 5061 1510 5100 :
1548 5045 1607 5100 In
1638 5060 1793 5100 cruce
1824 5044 1979 5100 Chri-

332 5123 516 5257 ³ιιίδῗι)
548 5186 769 5258 Sensus
803 5199 817 5240 :
855 5185 1092 5258 lnicruce
1119 5186 1354 5258 pependi
1382 5187 1444 5241 ob
1472 5188 1735 5258 populum
1773 5189 1978 5258 impro-

333 5257 478 5330 oum.
528 5257 773 5330 Eodem_
799 5257 971 5312 modo
999 5257 1190 5330 verba
1231 5257 1981 5330 prophetas’interpretatur

328 5328 601 5385 Justinus
633 5327 791 5396 Apol.
826 5344 955 5401 I_,_n.
989 5327 1247 5401 35;_DzalI
1282 5327 1557 5401 c.7Tryph.
1584 5348 1638 5386 ιι.
1671 5327 1760 5387 97.

399 5401 512 5469 (53)
548 5401 631 5455 Ita
652 5401 790 5455 Dav.
828 5399 934 5454 MS.
974 5399 1123 5454 male
1158 5417 1169 5454 :
1209 5399 1600 5469 ζωποιήσουσι.

398 5472 513 5596 (ἓξ)
546 5472 586 5526 Ι.
623 5487 886 5596 (B’cruce,
922 5474 986 5526 ut
1014 5472 1168 5543 apud
1217 5473 1434 5528 Justin.
1471 5474 1620 5528 Dial.
1671 5490 1718 5529 ε.
1747 5473 1980 5546 Thyph.,

498 5583 511 5597 .
549 5560 605 5596 n.
681 5563 729 5597 ι.

323 5557 833 5752 Σέέξίἑὲυὲὲιιη
866 5614 927 5668 in
947 5628 1126 5678 cruce,
1157 5618 1272 5669 vet.
1325 5614 1536 5685 interp.
1581 5629 1692 5669 ms.
1751 5610 1980 5684 ἐνδόξως

419 5701 502 5742 rio
568 5726 582 5740 .

419 5700 582 5742 1⁵1088.

1864 4420 1978 4460 arc.

2091 4403 2409 4462 traduntur.

2181 4476 2272 4546 57)
2329 4476 2392 4529 In
2449 4483 2705 4546 perpetuo
2754 4476 3230 4547 Oppugnabunlur.
3282 4473 3377 4537 Εἰς
3421 4475 3514 4530 τὸν
3569 4477 3738 4532 aiam

2088 4547 2573 4618 πολεμηθήσονται
2608 4564 2621 4602 :
2655 4547 2764 4602 hoc
2795 4552 2901 4614 est,
2935 4549 2993 4602 in
3039 4559 3361 4618 perpetuum
3408 4551 3740 4616 vincentur;

2090 4617 2172 4672 ita
2204 4622 2271 4690 ut
2299 4633 2601 4690 nunquam
2624 4617 3149 4690 victorumjugum’
3173 4624 3438 4690 excutere
3469 4622 3734 4689 possint:

2092 4705 2239 4761 nam
2260 4689 2380 4744 haec
2406 4688 2492 4744 εει
2519 4689 2812 4744 interdum
2844 4688 2945 4744 vis
2962 4688 3118 4744 verbi
3150 4688 3518 4761 nolepiopal.
3551 4692 3739 4748 Vertit

2089 4759 2430 4832 Cotelerius,
2455 4777 2668 4832 semper
2717 4761 3140 4817 debellabuntur
3169 4783 3188 4830 ;
3237 4759 3411 4832 quod,
3443 4763 3734 4832 signﬁcat,

2089 4831 2364 4887 omnibus
2419 4831 2584 4887 bellis
2635 4831 2938 4887 inferiores
2987 4831 3403 4889 futurosfSed
3436 4831 3516 4887 ἀεί
3568 4838 3623 4890 et
3662 4833 3737 4894 είς

2089 4901 2262 4977 αἰῶνα
2292 4904 2569 4977 diﬂ‘erunt
2600 4919 2611 4958 :
2645 4905 2798 4977 quod
2822 4904 3016 4977 imiror
3044 4905 3234 4959 virum
3263 4905 3628 4977 diligentem,
3681 4911 3739 4962 et

2089 4976 2264 5103 Eerba
2297 4991 2442 5048 pene
2473 4975 2532 5030 in
2567 4974 2949 5030 translatione
2979 4974 3465 5034 adnumerantem
3497 4979 3736 5051 fugisse,

2139 5063 2264 5102 nan.

2139 5063 2264 5102 LER.

2161 5119 2273 5190 (58)
2311 5117 2632 5192 Vivificavil.
2669 5118 2831 5173 Forte
2861 5119 3178 5189 viviﬁcabit.
3209 5119 3278 5176 Et
3309 5137 3464 5190 mox,
3510 5123 3740 5192 periisse

2090 5207 2194 5264 pro
2218 5190 2539 5316 perdidisse.

2162 5263 2216 5316 (5
2258 5269 2270 5316 ι
2301 5263 2539 5316 Praeteri

2162 5262 2270 5333 (59)
2301 5263 2619 5319 Praeleritio
2648 5262 2775 5318 Eva?
2791 5277 2894 5333 per
2922 5262 3264 5317 columbram
3290 5264 3493 5333 fuerat.
3529 5266 3736 5320 Praele-

2089 5335 2219 5388 ritio
2240 5338 2329 5388 est
2363 5334 2737 5405 trangressio,
2789 5334 3222 5406 praevaricatio:
3258 5339 3322 5388 ut
3371 5351 3519 5406 saape
3573 5337 3737 5406 ponit

2085 5407 2371 5476 praeterire
2429 5403 2531 5476 pro
2582 5403 2896 5472 lrangredi,
2947 5407 3328 5476 prazvaricari.
3395 5403 3538 5460 Dicit
3574 5403 3732 5462 'colu-

2093 5477 2246 5531 bram
2276 5476 2593 5544 feminime,
2625 5476 2948 5546 priscorum
2982 5477 3398 5542 more,Nonius
3428 5477 3734 5533 Marcellus

2091 5548 2523 5618 cap.3.Colubra
2551 5547 3106 5617 [eminine.Lucilius
3136 5549 3318 5618 Satyr.
3355 5547 3730 5604 lib.xx.MsN.

2092 5618 2440 5744 ἀ
2472 5618 2630 5674 dicit.
2655 5619 2822 5675 Forte
2851 5619 2962 5693 leg.
2995 5627 3132 5676 eL...
3164 5618 3377 5681 dicens;
3408 5624 3510 5676 aut
3538 5621 3736 5678 delen.
