4038 6210
327 316 443 376 765

1590 320 1981 383 EPISTOLA
2025 318 2464 383 CATHOLICA

3614 323 3733 382 766

624 450 771 509 XIII.
803 450 1171 521 Christianos,
1199 468 1314 509 non
1331 453 1567 523 Iudaeos,
1589 454 1804 527 fxderis
1826 454 2007 511 divini
2033 469 2147 510 esse
2176 452 2441 524 hxredes,
2466 455 2601 526 jam
2623 456 2681 511 in
2719 459 2773 515 V.
2807 459 2859 514 Τ.
2887 459 3293 515 annuntiatum
3323 462 3422 515 est.

396 546 554 602 Ἀλλ’
587 544 809 621 ἴδωμεν,
860 548 905 603 εἰ
966 547 1125 610 οὗτος
1177 551 1205 604 6
1257 549 1387 612 λαὸς
1429 550 1803 628 κληρονόμος,
1852 553 1888 620 ἢ
1944 552 1972 605 6
2002 556 2057 620 Α

322 640 563 709 πρῶτος,
595 635 685 690 καὶ
735 637 779 691 εἰ
827 640 861 706 ἡ
910 635 1141 709 διαθήκη
1189 639 1265 701 είς
1314 642 1483 713 ἡμᾶς,
1516 641 1551 709 ἢ
1595 641 1668 702 εἷς
1716 640 1968 703 ἐκείνους.

324 723 617 781 Ἀκούσατε
670 730 763 779 νῦν
817 726 940 802 περὶ
995 731 1093 781 τοῦ
1153 726 1308 798 )αοῦ,
1357 729 1409 783 τί
1461 728 1608 805 λέγει
1668 732 1702 799 ἡ
1760 732 1968 808 Γραφή.

326 810 823 869 ³Εδ“-δὲ’“
1347 825 1483 853 ~~
1776 819 1935 855 »ν’

424 834 534 868 ειιο
708 817 868 872 Ισαακ
915 836 1039 891 περι
1108 816 1366 879 Ρεοέκκα,
1417 838 1517 887 της
1576 839 1827 893 γυναικο,
1881 840 1971 872 αρτ

323 907 443 973 105,
476 901 559 957 ὅτι
616 909 798 979 στεῖρα
856 907 942 974 ἦν·
977 904 1065 960 καὶ
1124 901 1434 963 συνέλαϐεν.
1472 907 1601 962 Εἶτα
1642 907 1731 962 καὶ
1781 906 1973 980 ἐξῆλθε

324 987 578 1047 Ῥεϐέκκα
634 994 892 1047 πυθέσθαι
950 995 1095 1069 παρὰ
1151 994 1368 1071 Κυρίου,
1419 996 1507 1050 καὶ
1585 998 1701 1051 εἷπε
1775 997 1972 1073 Κύριος

325 1082 461 1157 πρὸς
516 1081 707 1152 αὐτήν.
768 1081 876 1136 Δύο
938 1081 1059 1153 ἔθνη
1122 1083 1173 1138 ἐν
1231 1084 1301 1161 τῇ
1349 1085 1541 1159 γαστρί
1587 1106 1703 1155 σου,
1736 1087 1825 1141 καὶ
1877 1083 1972 1140 δύο

325 1168 451 1225 λαοὶ
507 1170 558 1224 ἐν
610 1170 681 1244 τῇ
738 1169 923 1243 κοιλίᾳ
980 1193 1096 1245 σου,
1155 1173 1245 1227 καὶ
1305 1172 1436 1236 λαὸς
1496 1173 1632 1229 λαοῦ
1709 1175 1971 1249 ὑπερέξει,

322 1260 413 1313 καί
471 1260 499 1313 6
561 1259 761 1331 μείζων
821 1258 1101 1316 δουλεύσει
1164 1266 1243 1333 τῷ
1294 1261 1561 1317 ἐλάσσονι.
1622 1263 1972 1318 Αίσθάνεσθαι

326 1346 599 1425 ὀφείλετε,
638 1348 719 1410 τίς
769 1350 797 1403 6
830 1350 1027 1418 Ἰσαὰκ,
1076 1349 1157 1412 τίς
1209 1352 1244 1419 ἡ
1294 1346 1564 1421 Ῥεϐέκκα,
1613 1350 1702 1405 καὶ
1754 1351 1841 1406 ἐπὶ
1892 1351 1973 1405 τί-

321 1458 429 1491 νων
488 1434 750 1512 δέδειχεν,
797 1436 880 1491 ὅτι
932 1438 1128 1511 μείζων
1181 1440 1209 1493 ὁ
1259 1437 1389 1501 λαὸς
1440 1438 1624 1511 οὗτος,
1665 1441 1699 1510 ἢ
1747 1440 1971 1510 ἐκεῖνος,

325 1525 427 1582 Καὶ
461 1526 512 1580 ἐν
556 1526 700 1600 ἄλλῃ
745 1526 1051 1604 προφητείᾳ
1099 1525 1250 1602 λέγει
1302 1529 1668 1605 φανερώτερον
1719 1529 1747 1583 ὁ
1780 1525 1973 1586 Ἰακὼϐ

324 1615 463 1691 πρὸς
515 1615 607 1670 τὸν
638 1616 836 1693 Ἰωσὴφ
897 1615 988 1670 τὸν
1039 1615 1153 1671 υἱὸν
1200 1616 1384 1687 αὐτοῦ,
1420 1617 1619 1693 λέγων·
1669 1615 1829 1691 Ἰδοὺ,
1877 1619 1977 1675 οὐκ

327 1702 581 1778 ἰστέρησέ
659 1725 728 1777 με
785 1703 983 1780 Κύριος
1044 1708 1142 1759 τοῦ
1215 1706 1514 1781 προσώπου
1590 1726 1705 1760 σου·
1767 1709 1974 1783 προσά-

325 1794 463 1867 γαγέ
519 1814 609 1865 μοι
669 1791 795 1855 τοὺς
852 1792 1004 1856 υἱούς
1072 1815 1190 1864 σου,
1243 1793 1335 1849 ’ίνα
1409 1793 1698 1870 εὐλογήσω
1756 1795 1973 1859 αὐτούς.

326 1882 428 1937 Καὶ
476 1884 818 1957 προσήγαγεν
863 1883 975 1954 [τὸν
1009 1889 1263 1953 Μανασσῆ
1296 1884 1409 1957 καὶ]
1451 1886 1566 1958 (70)
1594 1885 1851 1961 Ἐφραὶμ,
1882 1886 1973 1940 τὸν
2005 1923 2053 1988 Β

322 1976 579 2041 Μανασσῆ
640 1970 811 2027 θέλων
860 1970 952 2026 τίνα
1000 1972 1271 2048 εὐλογηθῇ
1303 1976 1433 2048 (71),
1468 1973 1550 2028 ὅτι
1608 1969 1971 2051 πρεσϐύτερος

331 2061 422 2129 ἧν·
456 2061 484 2114 6
517 2060 619 2136 γὰρ
660 2061 859 2137 Ἰωσὴφ
898 2063 1239 2137 προσήγαγεν
1296 2062 1371 2123 είς
1428 2063 1529 2130 τὴν
1585 2059 1759 2135 δεξιὰν
1813 2069 1975 2139 χεῖρα

320 2154 419 2205 105
468 2150 670 2221 πατρὸς
717 2145 931 2205 Ἰακώϐ.
966 2148 1092 2207 Eme
1124 2148 1181 2204 δὲ
1214 2146 1406 2207 Ἰακὼϐ
1454 2150 1643 2223 τύπον,
1683 2151 1972 2224 πνεύματι,

319 2243 419 2293 105
478 2237 613 2293 λαοῦ
668 2242 764 2292 105
826 2238 1041 2311 μεταξύ.
1078 2239 1178 2295 Καί
1233 2239 1286 2294 τί
1344 2238 1528 2315 λέγεις
1565 2240 1661 2295 Καὶ
1722 2240 1971 2309 ἐποίησεν

322 2322 515 2385 Ἰακὼϐ
562 2325 790 2397 ἐναλλὰξ
835 2328 929 2389 τὰς
983 2334 1172 2404 χεῖρας
1222 2328 1408 2401 αὐτοῦ,
1460 2329 1551 2383 καὶ
1621 2326 1805 2400 ἔθηκεν
1852 2330 1972 2406 [τὴν

322 2414 519 2489 δεξιὰν]
566 2418 679 2490 (72)
726 2415 812 2471 ἐπὶ
858 2417 957 2485 τὴν
1004 2416 1245 2495 κεφαλὴν
1298 2418 1535 2494 Ἐφραὶμ
1578 2423 1675 2472 105
1723 2417 1975 2495 δευτέρου

323 2506 412 2560 καὶ
465 2506 754 2579 νεωτέρου,
796 2506 886 2559 καὶ
944 2505 1253 2582 ηὐλόγησεν
1311 2505 1493 2563 αὐτόν.
1544 2507 1645 2562 Καὶ
1696 2508 1811 2565 εἶπε
1865 2512 1977 2565 Ἰω-

327 2595 436 2671 σὴφ
494 2594 631 2671 πρὸς
682 2589 896 2652 Ἰακώϐ·
940 2594 1176 2659 Μετάθες
1224 2617 1320 2650 σου
1366 2597 1467 2665 τὴν
1519 2594 1692 2669 δεξιὰν
1741 2597 1829 2653 ἐπὶ
1874 2598 1974 2667 τὴν

324 2682 569 2761 κεφαλὴν
656 2685 938 2753 Μανασσὴ,
1019 2683 1101 2739 ὅτι
1186 2684 1537 2761 πρωτότοκός
1625 2685 1731 2760 μού
1834 2686 1974 2742 ἐστιν

328 2772 469 2836 υἱός.
526 2770 627 2827 Καὶ
706 2774 850 2828 εἶπεν
928 2768 1119 2828 Ἰακὼϐ
1198 2774 1335 2851 πρὸς
1408 2775 1633 2854 Ἰωσήφο
1685 2773 1838 2845 Οἶδα,
1895 2777 1978 2832 τέ-

327 2882 479 2930 κνον,
558 2859 696 2916 οἶδα·
772 2859 897 2918 ἀλλ’
958 2862 986 2917 6
1046 2862 1243 2936 μείζων
1318 2860 1597 2919 δουλεύσει
1664 2869 1744 2937 τῷ
1819 2862 1977 2920 ἐλάσ-

330 2972 467 3022 σονι,
524 2949 611 3005 καί
686 2948 842 3013 οὗτος
914 2949 971 3006 δὲ
1047 2951 1497 3026 εὐλογηθήσεται.
1572 2951 1822 3027 Βλέπετε,
1887 2953 1977 3010 ἰπὶ

320 3040 483 3096 τίνων
538 3039 761 3111 τέθεικε,
818 3040 910 3096 τὸν
966 3038 1097 3095 λαὸν
1154 3042 1287 3096 εἶναι
1347 3046 1539 3097 τοῦτον
1600 3046 1838 3118 πρῶτον,
1885 3043 1976 3099 καὶ

317 3137 420 3200 τῆς
483 3128 748 3200 διαθήκης
806 3128 1175 3205 κληρονόμον.
1209 3129 1273 3185 Εἴ
1328 3128 1420 3185 οὖν
1480 3126 1555 3185 ἔτι
1588 3132 1677 3185 καὶ
1737 3128 1826 3187 διὰ
1879 3136 1977 3188 105

321 3215 577 3296 ’Δϐραάμ
634 3218 899 3291 ἐμνήσθη,
934 3219 1234 3294 ἀπείχομεν
1293 3220 1355 3273 τὸ
1411 3217 1622 3273 τέλειον
1673 3226 1774 3289 τῆς
1830 3221 1973 3295 γνώ-

2158 553 2267 607 Sed
2298 553 2624 624 videamus,
2657 558 2851 611 utrum
2884 556 2976 611 hic
3008 556 3260 629 populus
3292 558 3473 612 haeres
3509 557 3607 627 sit,
3653 573 3725 612 an

2078 656 2212 697 vero
2243 643 2441 713 prior;
2474 646 2530 697 et
2560 647 2757 698 utrum
2792 649 3206 701 testamentum
3239 646 3309 701 ad
3344 662 3469 715 nos,
3530 662 3601 701 an
3652 646 3723 700 ad

2081 728 2214 784 illos
2240 729 2545 801 pertineat.
2607 732 2815 786 Audite
2848 750 3023 803 nunc,
3057 736 3194 805 quid
3226 736 3524 806 Scriptura
3571 734 3725 790 dicat

2083 817 2152 872 de
2184 818 2437 890 populo:
2474 818 2684 874 Orabat
2731 824 2963 877 lsaacus
3022 824 3289 877 Rebecca
3349 824 3543 879 uxoris
3602 840 3722 880 suae

2083 922 2281 974 causa,
2314 908 2467 979 quod
2501 914 2654 964 esset
2684 910 2938 979 sterilis;
2971 916 3023 966 et
3051 910 3150 966 illa
3180 912 3447 984 concepit
3490 912 3569 969 ἠε
3618 930 3722 984 po-

2083 1000 2207 1051 stea
2234 1013 2367 1051 vero
2402 997 2659 1053 Rebecca
2685 1014 2921 1069 egressa
2975 1004 3063 1054 est
3114 1000 3185 1054 ad
3240 1002 3722 1074 interrogandum

2085 1084 2424 1156 Dominum,
2457 1090 2512 1141 et
2542 1086 2687 1141 dixit
2717 1088 2996 1143 Dominus
3028 1089 3099 1143 ad
3132 1088 3325 1145 illam:
3363 1091 3491 1144 Dux
3543 1095 3724 1161 gentes

2084 1174 2146 1227 in
2203 1182 2354 1230 utero
2404 1184 2492 1230 tuo
2546 1184 2694 1242 sunt,
2755 1193 2819 1231 ac
2874 1177 2982 1231 duo
3037 1180 3228 1249 populi
3282 1181 3345 1233 in
3402 1187 3587 1234 ventre
3633 1184 3728 1235 tuo

2083 1270 2243 1334 atque
2288 1280 2433 1319 unus
2483 1266 2717 1335 populus
2772 1266 3012 1321 alterum
3093 1269 3371 1338 superabit
3418 1276 3469 1323 et
3542 1268 3725 1339 major

2086 1351 2272 1423 [natu]
2301 1354 2500 1407 serviet
2529 1355 2735 1409 minori
2757 1355 2819 1407 7°.
2860 1355 3088 1409 Debetis
3120 1355 3459 1425 intelligere,
3486 1356 3618 1427 quis
3649 1357 3725 1411 sit

2086 1439 2505 1509 Isaaccus,qute
2526 1442 2799 1507 Rebecca,
2832 1447 2887 1497 et
2908 1444 2977 1498 de
3004 1444 3360 1514 quibusnam
3395 1444 3721 1501 declarave-

2086 1528 2349 1600 rit,quod
2378 1530 2628 1601 populus
2659 1530 2753 1585 hic
2784 1531 2860 1585 sit
2882 1533 3272 1605 major,quam
3304 1532 3420 1589 ille.
3445 1534 3591 1589 Etin
3615 1533 3727 1589 alia

2085 1618 2390 1690 prophetia
2420 1618 2786 1675 manifestius
2817 1620 3074 1693 loquitur
3110 1622 3363 1679 Jacobus
3422 1624 3494 1678 ad
3538 1623 3727 1679 ﬁlium

2087 1725 2260 1763 suum
2299 1708 2643 1781 Josephum,
2679 1708 2909 1765 dicens:
2951 1713 3101 1778 Ecce,
3150 1713 3411 1768 Dominus
3449 1729 3560 1769 non
3607 1714 3729 1783 pri-

2090 1799 2235 1853 vavit
2263 1814 2349 1853 me
2376 1800 2671 1869 facielua;
2720 1798 2895 1854 adduc
2923 1801 3066 1855 mihi
3091 1800 3232 1870 ﬁlios
3278 1810 3421 1869 tuos,
3461 1810 3521 1857 ut
3568 1804 3732 1857 bene-

2086 1886 2263 1942 dicam
2328 1888 2486 1943 eis“.
2548 1888 2616 1943 Et
2673 1888 2915 1943 adduxit
2962 1888 3295 1961 [Manassen
3356 1892 3432 1961 et]
3483 1891 3728 1963 Ephrai-

2084 1993 2268 2044 mum,
2303 1976 2568 2049 cupiens,
2602 1981 2665 2031 ut
2724 1976 3024 2033 Manasses
3077 1979 3535 2046 benediceretur,
3587 1979 3727 2050 quia

2083 2068 2206 2119 erat
2237 2069 2378 2119 natu
2412 2066 2617 2135 major.
2654 2070 2854 2136 Itaque
2883 2065 3173 2137 Iosephus
3205 2067 3446 2121 adduxit
3477 2084 3610 2122 eum
3653 2068 3725 2122 ad

2084 2169 2325 2208 manum
2358 2154 2655 2209 dexteram
2690 2156 2872 2225 patris
2914 2154 3004 2209 sui
3049 2155 3271 2210 Jacobi.
3323 2156 3481 2210 Vidit
3527 2159 3724 2212 autem

2084 2243 2293 2314 spiritu
2322 2243 2571 2298 Iacobus
2606 2244 2856 2315 ﬁguram
2915 2243 3115 2315 populi
3170 2246 3419 2300 venturi.
3470 2246 3538 2300 Et
3586 2246 3727 2316 quid

2083 2335 2285 2387 narrat
2341 2331 2682 2402 Scriptura?
2733 2333 2799 2387 Et
2853 2335 3207 2389 commutavit
3252 2334 3480 2390 Iacobus
3528 2351 3729 2389 manus

2082 2437 2234 2489 suas,
2276 2428 2326 2476 et
2373 2420 2715 2493 [dexteram]
2746 2424 2931 2494 posuit
2983 2437 3146 2492 super
3201 2430 3363 2493 caput
3418 2423 3728 2495 Ephraimi,

2082 2512 2317 2565 minoris
2344 2526 2412 2566 ac
2448 2511 2695 2581 juniorzs
2742 2515 2796 2566 et
2854 2511 3133 2567 benedixit
3188 2511 3279 2566 illi
3332 2513 3591 2584 Dixitque
3642 2514 3732 2569 Io-

2082 2598 2278 2671 sephus
2308 2598 2385 2654 ad
2411 2598 2669 2654 Iacobum
2688 2616 2706 2653 :
2740 2600 2994 2669 Transfer
3036 2599 3318 2655 dexteram
3365 2608 3517 2654 tuam
3571 2616 3734 2671 super

2084 2694 2244 2760 caput
2276 2688 2569 2755 Manassis,
2620 2689 2752 2759 quia
2804 2689 3123 2759 primitivus
3168 2688 3318 2757 ﬁlius
3348 2706 3499 2745 meus
3545 2694 3621 2745 est
3658 2690 3727 2745 ⁸⁸.

2084 2779 2160 2833 Et
2188 2776 2465 2849 respondit
2501 2778 2727 2833 Iacobus
2767 2778 3030 2849 Iosepho:
3084 2776 3229 2843 Scio,
3280 2778 3385 2847 ﬁli,
3436 2781 3581 2844 scio;
3633 2779 3725 2835 sed

2084 2868 2264 2938 major
2312 2867 2511 2922 serviet
2566 2868 2809 2929 minari;
2874 2867 3215 2923 benedicitur
3294 2872 3482 2923 autem
3561 2868 3729 2923 etiam

2085 2955 2191 3011 ille
2216 2956 2281 3009 ⁸³.
2316 2955 2591 3026 Aspicite,
2625 2956 2695 3010 de
2726 2956 3081 3027 quibusnam
3114 2954 3386 3025 voluerit,
3413 2973 3542 3012 esse
3573 2957 3730 3012 hunc

2086 3044 2345 3117 primum
2379 3043 2661 3115 populum
2694 3048 2749 3100 et
2778 3045 3113 3101 testamenti
3146 3044 3456 3100 haeredem.
3490 3045 3549 3100 Si
3593 3062 3729 3116 ergo

2086 3134 2280 3190 adhuc
2305 3136 2363 3188 et
2393 3149 2496 3203 per
2525 3133 2923 3188 Abrahamum
2956 3134 3209 3205 populus
3254 3133 3349 3189 ille
3376 3150 3731 3189 commemo-

2087 3227 2252 3278 ratus
2279 3226 2391 3289 est,
2424 3226 2564 3277 tunc
2596 3222 2841 3277 scientia
2872 3227 3071 3278 nostra
3101 3224 3171 3277 ad
3201 3222 3612 3295 perfectionem
3646 3226 3735 3278 est

321 3277 457 3369 σεως
506 3277 688 3380 ἠιμῶν..
738 3277 799 3361 'I't
860 3277 950 3361 οἶν
1008 3277 1159 3381 λέγει
1216 3306 1297 3380 τῷ
1344 3302 1630 3384 Ἀϐραάμ;
1692 3277 1972 3364 "G1t.511l-

2090 3277 2341 3367 redacta.
2374 3277 2519 3377 Quid
2554 3310 2733 3383 igitur
2761 3311 2904 3367 dicit
2963 3277 3113 3366 Deus
3158 3277 3487 3367 Abrahamo
3506 3277 3538 3366 ‘l
3588 3312 3728 3380 Quo-

320 3416 561 3469 στευσας,
634 3394 785 3468 ἐτέθη
862 3398 939 3459 εἰς
1016 3393 1381 3466 δικαιοσύνην*
1435 3392 1553 3451 ἰδοὺ
1628 3395 1842 3461 υέθεικά
1913 3419 1972 3454 σε

2090 3400 2236 3456 niam
2290 3398 2589 3470 credidisti,
2650 3399 2752 3455 tibi
2808 3402 2865 3454 in
2907 3401 3189 3473 justitiam
3243 3403 3353 3469 fuit
3404 3402 3729 3457 attributum

1738 3524 1895 3580 Vetus
1922 3524 2325 3597 interpretatio.

326 3672 340 3686 .
421 3670 435 3685 .
515 3666 529 3680 .
610 3668 623 3683 .
703 3668 718 3683 .
801 3668 813 3681 .
894 3669 907 3683 .
988 3669 1003 3683 .
1084 3668 1097 3683 .
1180 3668 1193 3684 .
1274 3666 1287 3681 .
1371 3630 1608 3685 .Iterum
1642 3628 1784 3685 dicit
1812 3631 2213 3690 DavidzDixit
2243 3631 2505 3686 Dominus
2526 3630 2761 3686 Domino
2791 3629 3201 3686 meo:Sedead
3221 3631 3725 3696 dexterammeam,

322 3701 489 3773 donec
513 3715 719 3771 ponam
737 3700 1139 3773 inimicosluos
1154 3702 1254 3755 sub
1275 3700 1499 3772 pedibus
1522 3702 1654 3757 tuis.
1687 3702 1758 3773 Et
1788 3702 2001 3759 iterum
2034 3704 2173 3760 dicit
2193 3703 2412 3757 Isaias:
2448 3701 2537 3756 Sic
2564 3702 2697 3757 dicit
2734 3703 2992 3758 Dominus
3034 3703 3247 3758 Christo
3276 3719 3418 3773 meo,
3459 3719 3576 3758 meo
3614 3706 3727 3773 (73)

323 3772 577 3846 Domino,
600 3773 756 3846 cujus
785 3772 945 3846 tenui
970 3770 1297 3846 dexteram}
1322 3772 1621 3829 exaudient
1652 3772 1826 3829 illum
1850 3784 2058 3846 gentes,
2091 3783 2142 3846 et
2171 3776 2427 3829 virtutem
2476 3789 2671 3842 regum
2718 3790 3086 3844 corrumpam.
3126 3774 3341 3841 Videte,
3393 3770 3509 3845 quo
3561 3770 3733 3830 modo

324 3842 490 3898 illum
525 3842 819 3915 propheta
851 3842 1191 3915 Dominum,
1272 3884 1287 3899 .
1370 3886 1382 3899 .
1463 3884 1475 3898 .
1558 3884 1571 3899 .

1653 3862 1768 3900 non
1803 3845 2033 3901 tantum
2064 3845 2275 3901 Filium
2297 3846 2523 3900 dicunt.

395 3913 1148 3988 XIIII‘ngeramusigitur,
1181 3916 1230 3971 si
1264 3915 1356 3970 hic
1388 3914 1639 3987 populus
1670 3916 2068 3973 haereditalem
2099 3917 2297 3988 capit,.
2379 3959 2391 3971 .

2477 3957 2489 3969 .
2572 3956 2583 3969 .
2619 3919 2675 3969 et
2706 3918 3127 3971 testamentum
3162 3916 3220 3970 in
3254 3914 3370 3971 illis
3402 3920 3509 3979 est,
3539 3920 3640 3970 aut
3672 3916 3728 3970 in

326 3986 520 4070 nobis.
556 3985 636 4042 De
666 3985 776 4070 hog
807 3985 1043 4070 audite;
1078 3987 1161 4042 sic
1188 3985 1482 4070 scriptum
1508 3992 1598 4070 est
1646 3990 1795 4070 (74):
1849 3989 2094 4070 Rogabal
2141 3985 2293 4070 Isaac
2336 3987 2726 4070 pro-“Rebecca
2768 4003 2940 4070 uxore
2980 3990 3287 4070 sua,“quia
3342 3989 3547 4070 sterilis
3585 3993 3726 4070 erat.

326 4062 416 4114 Et.
496 4097 510 4113 .
587 4099 605 4132 _.
687 4097 700 4112 .
734 4058 968 4132 Rebecca
997 4059 1273 4130 quaerebat
1298 4056 1332 4113 ἁ
1364 4060 1617 4128 Domino,
1641 4056 1781 4131 quid
1814 4056 2104 4132 portaret:
2137 4066 2189 4116 et
2218 4056 2367 4115 dixit
2406 4056 2502 4113 illi
2530 4060 2794 4132 Dominus
2817 4077 2835 4113 .-
2859 4060 3011 4132 Duae
3034 4056 3284 4132 nationes
3310 4060 3392 4132 Ain
3420 4064 3586 4132 pulcro
3636 4069 3727 4114 tuo

325 4137 453 4184 sunt
481 4133 532 4185 et
558 4130 670 4184 duo
694 4130 890 4200 populi
916 4145 987 4185 ex
1014 4136 1167 4186 utero
1197 4135 1289 4186 tuo
1308 4134 1602 4186 nascentur
1620 4130 1671 4192 ,·.“
1741 4174 1754 4187 .
1816 4130 1847 4186 ’.

1932 4174 1944 4187 .
2027 4173 2039 4187 .
2070 4139 2121 4187 et
2148 4132 2563 4204 major_serviet
2590 4131 2815 4186 minori.
2850 4128 3197 4204 Intelligite_:
3225 4130 3461 4204 quis_sit
3483 4131 3729 4204 Isaac,ct

328 4218 456 4272 quae
490 4202 745 4256 Rebecca
774 4217 786 4255 :
822 4204 899 4255 et.
980 4242 994 4257 .
1078 4242 1090 4256 .
1170 4244 1183 4257 .
1266 4242 1279 4255 .
1314 4202 1411 4272 qui
1446 4202 1696 4272 populus
1719 4202 1930 4270 minor,
1964 4206 2064 4257 aut
2094 4201 2299 4273 major.
2331 4202 2569 4258 lterum.
2651 4242 2664 4256 .
2745 4242 2758 4256 .
2840 4242 2853 4256 .
2938 4242 2949 4255 .
2984 4201 3126 4257 dicit
3153 4202 3332 4257 Jacob
3358 4202 3574 4273 Joseph
3608 4203 3727 4257 ﬁlio

329 4290 436 4327 suo
463 4288 490 4345 :7
511 4313 531 4345 ,ί
608 4313 635 4345 .A
655 4274 783 4327 Ecce
814 4273 1074 4327 Dominus
1101 4289 1216 4345 non
1231 4272 1512 4345 fraudavit
1535 4289 1624 4345 me
1653 4290 1721 4329 ex
1748 4290 1945 4345 genere
1972 4288 2066 4329 tuo
2096 4272 2206 4345 (75)
2235 4292 2249 4331 :
2278 4274 2484 4345 perduc
2504 4274 2573 4329 ad
2602 4288 2689 4345 me
2738 4273 2882 4343 ﬁlios
2911 4280 3030 4328 tuos
3051 4290 3072 4334 ;
3120 4279 3174 4327 et
3223 4272 3537 4345 benedicam
3584 4274 3727 4328 illos.

328 4348 395 4399 Et
425 4343 667 4399 adduxit
700 4348 1003 4416 Manassen
1035 4343 1416 4416 etiEphraim.
1446 4344 1660 4400 Volens
1690 4343 1887 4400 autem
1918 4343 2222 4401 Manassen
2254 4343 2519 4401 benedici
2579 4344 2718 4415 quia
2760 4346 2949 4416 major
2988 4348 3133 4410 erat,
3184 4345 3392 4400 statuit
3442 4344 3634 4398 illum.
3719 4385 3731 4399 .

326 4416 398 4471 ad
426 4416 721 4471 dexteram
752 4415 938 4486 patris
968 4414 1058 4471 sui
1087 4414 1287 4471 JaCob.
1314 4415 1476 4470 Vidit
1504 4420 1700 4471 autem
1729 4416 1909 4472 Jacob
1961 4417 2021 4471 in
2062 4416 2271 4488 spiritu
2320 4417 2569 4487 ﬁguram
2598 4414 2836 4487 populi,
2855 4414 3225 4488 _qui,postea
3282 4418 3517 4471 futurus
3572 4419 3729 4488 erat:

330 4492 408 4543 et.
489 4527 507 4560 ._
584 4526 596 4541 .
677 4526 702 4560 ._
721 4488 985 4560 convertit
1011 4502 1227 4551 manus,
1259 4492 1309 4542 et
1340 4488 1622 4543 transtulit
1642 4488 1935 4560 dexteram
1955 4486 2124 4560 super
2139 4496 2303 4559 caput
2335 4486 2602 4557 Ephraim
2620 4486 2857 4543 minoris
2876 4486 2971 4560 {et
2992 4486 3284 4560 benedixit
3304 4487 3486 4542 illum.
3509 4488 3573 4541 Et
3593 4486 3736 4541 dixit

328 4631 395 4685 Et
424 4631 574 4710 dixit
616 4631 765 4685 Iacol

328 4717 458 4755 esse
489 4716 765 4771 primum.

329 4557 523 4683 Iosffh
549 4557 703 4627 patri
727 4574 830 4613 suo
853 4575 871 4612 :
908 4559 1166 4627 Transfer
1192 4574 1420 4613 manum
1448 4566 1600 4614 luam
1619 4558 1899 4615 dexteram
1926 4557 2095 4630 super
2134 4557 2295 4632 caput
2342 4563 2641 4626 Manassae,
2692 4560 2826 4628 quia
2870 4559 3185 4629 primitivus
3228 4559 3380 4629 ﬁlius
3428 4573 3580 4613 meus
3628 4562 3726 4612 est.

329 4631 395 4683 Et
466 4631 574 4683 ixit
616 4630 817 4683 Iacob:
842 4628 982 4683 Scio.
1016 4630 1118 4683 ﬁli.
1150 4631 1261 4683 scio
1283 4647 1302 4683 :
1320 4630 1411 4683 sed
1441 4632 1621 4683 maior
1670 4634 1873 4683 serviet
1919 4632 2163 4683 minori:
2210 4630 2305 4683 sed
2347 4635 2400 4683 et
2447 4630 2536 4683 hic
2585 4630 2950 4683 benedicetur.
2998 4629 3202 4683 Videte
3256 4645 3429 4683 ouem
3486 4627 3726 4683 voluerit

466 4631 574 4701 ixit
616 4630 817 4685 Iacob:
842 4628 982 4696 Scio,
1013 4630 1118 4699 ﬁli,
1150 4631 1261 4685 scio
1283 4647 1302 4685 :
1320 4630 1411 4685 sed
1441 4632 1621 4701 major
1670 4634 1873 4686 serviet
1919 4628 2163 4692 minori;
2198 4628 2305 4685 sed
2347 4635 2400 4685 et
2447 4630 2536 4684 hic
2585 4630 2950 4701 benedicetur.
2998 4629 3202 4685 Videte
3229 4628 3233 4629 ⁷
3256 4645 3452 4701 quem_
3486 4628 3730 4701 voluerit

848 4741 861 4754 .
941 4743 955 4755 .
997 4771 1007 4774 _
1038 4741 1050 4755 .
1082 4701 1417 4774 testamenti
1448 4699 1756 4757 hairedem.
1790 4702 1883 4758 Sic
1914 4718 2049 4774 ergo
2081 4702 2193 4774 (76)
2225 4707 2281 4757 et
2309 4717 2411 4773 per
2440 4700 2732 4774 Abraham
2766 4699 3397 4774 commemoratusest,
3441 4699 3724 4774 habemus

327 4770 895 4845 consummationem
929 4771 1183 4845 scientiae
1214 4778 1447 4827 nostrai.
1480 4774 1627 4839 Quid
1654 4789 1788 4845 ergo
1823 4774 1967 4829 dicit
1982 4770 2327 4838 'Abraham;
2350 4790 2483 4827 cum
2517 4772 2677 4827 solus
2710 4772 3070 4838 credidisset,
3102 4776 3157 4828 et
3189 4773 3414 4844 positus
3463 4776 3618 4827 esset
3667 4770 3727 4824 in

320 4844 555 4915 justitia
574 4843 602 4898 ?
628 4845 763 4899 Ecce
786 4846 946 4914 posui
976 4848 1027 4900 te
1046 4844 1337 4912 Abraham,
1367 4848 1579 4915 patrem
1597 4843 1911 4917 nationum,
1944 4860 2070 4918 qua:
2095 4845 2323 4901 credunt
2344 4846 2571 4900 Domino
2600 4860 2709 4899 non
2729 4846 3085 4901 circumcisae.

398 4960 443 4995 ⁷⁸
473 4962 615 5015 Gen.
644 4976 775 5029 xxv,
808 4960 870 5014 21
901 4977 915 5029 ;
948 4960 1052 5016 ctr.
1086 4960 1253 5016 Rom.
1316 4976 1395 5029 ιχ,
1453 4964 1631 5017 ῑΟ-ι2.
1708 4962 1752 4997 ⁷⁸
1781 4965 1922 5018 Gen.
1955 4979 1972 5017 1

2136 4962 2228 5017 23.
2303 4961 2349 4997 ⁸ο
2393 4960 2536 5017 Gen.
2590 4977 2785 5027 XLVIII,
2831 4960 2889 5029 9,
2948 4961 3035 5015 11.
3111 4960 3153 4995 ⁸¹
3203 4962 3345 5015 Gen.
3394 4976 3589 5026 xnvm,
3640 4958 3724 5013 18.

330 5030 377 5067 ⁸³
409 5032 552 5089 Gen.
582 5033 775 5097 XLVIII,
808 5031 897 5087 49.

1710 5130 2080 5188 VARIORUM
2116 5131 2349 5188 NOTAE.

329 5312 353 5363 ι
546 5235 732 5292 Verba
761 5234 930 5292 uncis
958 5234 1187 5292 inclusa
1214 5252 1282 5291 ex
1312 5236 1611 5309 interpret.
1648 5238 1771 5293 Lat.
1805 5237 1977 5293 resti-

356 5323 414 5363 ιιι
536 5323 628 5362 en.

356 5310 444 5363 uit
474 5310 628 5363 Men.

419 5379 512 5452 71)
545 5374 929 5452 Εὐλογηθῇναι
965 5380 1100 5433 DuV.
1136 5378 1390 5434 benedici
1418 5381 1546 5452 Vet.
1580 5376 1795 5451 interp.

419 5449 508 5519 7‘2)
544 5452 629 5505 Ita
658 5449 726 5505 ei
756 5449 864 5521 vel.
899 5451 1110 5521 interp.
1148 5450 1597 5506 restituendum.

399 5520 511 5593 (73)
546 5522 673 5578 Meo.
706 5520 966 5578 Alterum
1002 5520 1284 5577 abundat.
1319 5521 1509 5577 Fellus
1533 5525 1725 5575 tamen
1748 5526 1977 5577 utrum-

330 5609 446 5665 que
474 5592 732 5665 retinuit.

403 5666 519 5736 (74)
542 5664 630 5720 Sic
647 5665 915 5735 scriptum
934 5668 1035 5720 est.
1058 5664 1243 5732 Forte,
1268 5661 1404 5735 quid
1440 5662 1700 5733 scriptum
1739 5668 1839 5720 est.
1892 5666 1981 5721 Ita

2088 5238 2226 5294 edit.
2260 5237 2439 5293 Oxon.

2155 5309 2268 5381 (75)
2300 5310 2383 5363 Ex
2414 5320 2611 5381 genere
2651 5312 2760 5381 tuo.
2821 5305 2919 5361 Gr.
2967 5308 3453 5381 _cpnspectu__tuo:_
3512 5302 3726 5381 rectius

2080 5376 2503 5451 juita'sacram
2556 5377 2917 5451 Scripturam
2967 5376 3122 5433 Man;
3168 5409 3233 5418 —
3267 5376 3388 5431 Vet.
3440 5376 3727 5447 interpres

2083 5449 2313 5508 Videtur
2343 5449 2556 5522 legisse

2158 5453 2313 5507 Ietur
2343 5449 2556 5522 legisse
2586 5446 2798 5575 γὲνόυς.
2836 5451 2980 5504 Fam.
3606 5446 3611 5447 ⁷

2158 5523 2270 5594 (76)
2301 5523 2565 5594 Sigergo.
2649 5521 2924 5594 enardus,
2956 5520 3018 5575 Si
3044 5520 3315 5594 hocergo,
3350 5517 3435 5571 Al.
3468 5518 3533 5574 Si
3578 5533 3726 5589 ergo.

2088 5590 2181 5650 Sic
2212 5590 2270 5650 et
2299 5590 2489 5663 Fellus
2514 5615 2528 5658 ;
2562 5592 2661 5663 qui
2693 5592 2865 5663 paulo
2896 5597 3029 5663 post
3049 5590 3279 5663 exhibet
3298 5607 3311 5658 ;
3332 5605 3729 5648 commemora-

2088 5669 2207 5720 tum
2236 5674 2337 5733 est,
2370 5662 2605 5736 vulgata
2635 5662 3148 5734 lcetione’rejeata.
