4038 6210
346 314 460 371 767

1565 316 1628 380 S.
1680 318 2071 381 BAllNAB/E
2114 318 2522 383 APOSTOLI.

3589 322 3691 385 768

347 461 466 501 erce
489 449 656 518 posui
674 456 728 504 te
755 456 971 519 patrem
998 454 1269 519 gentium,
1295 467 1415 524 qua
1447 453 1509 508 in
1559 455 1833 526 przputio
1872 471 1986 511 cre-

2104 454 2302 531 πατέρα
2356 454 2522 510 ἐθνῶν
2579 455 2685 508 τῶν
2769 447 3130 506 πιστευόντων
3217 446 3305 505 διὰ
3375 448 3689 529 ἀκροϐυστίας

347 534 484 592 dunt
508 537 736 593 Domino
765 537 833 592 ⁸³.

2094 548 2173 617 τῷ
2207 542 2414 619 Κυρίῳ.

948 636 1091 693 XIV.
1126 639 1525 697 Testamentum
1553 643 1692 715 quod
1710 642 1872 701 Moses
1898 646 2101 716 accepit
2126 648 2179 700 et
2207 644 2477 710 contrivit,
2510 643 2771 699 Dominus
2800 640 2953 696 nobis
2972 639 3139 696 dedit.

419 731 524 788 Sed
558 747 695 788 sene
715 749 1068 804 quaeramus,
1095 753 1167 792 an
1187 738 1409 794 dederit
1431 741 1759 813 [Dominus]
1819 746 1989 798 testa-

2171 739 2272 794 Ναὶ
2329 738 2475 795 ἀλλὰ
2522 740 2623 808 τήν
2676 737 2966 807 διαθήκην,
2995 736 3057 806 ἣν
3110 729 3291 808 ὤμοσε
3333 739 3446 798 τοῖς
3472 738 3694 813 πατράσι,

350 825 637 889 mentum,
670 823 825 892 quod
851 824 1346 897 patribusjuravit
1367 844 1428 883 se
1450 829 1664 900 populo
1686 831 1982 887 daturum.

350 908 518 965 Dedit
547 909 823 981 quidem;
857 929 1059 968 verum
1088 913 1172 968 illi
1204 920 1441 987 propter
1476 922 1710 989 peccata
1740 936 1848 974 sua
1898 920 1984 975 in-

350 998 509 1071 digni
545 999 794 1062 fuerant.
828 1002 926 1072 qui
959 1002 1302 1075 acciperent.
1335 1005 1485 1061 Dicit
1504 1006 1655 1063 enim
1671 1008 1982 1079 prOpbeta:

357 1091 420 1143 Et
448 1089 612 1145 Moses
636 1090 695 1143 in
724 1097 912 1146 monte
939 1093 1079 1148 Sina
1094 1094 1375 1165 jejunavit
1403 1095 1771 1166 quadraginta
1799 1097 1987 1152 diebus

349 1186 399 1232 et
427 1177 795 1250 quadraginta
819 1180 1085 1250 noctibus,
1132 1186 1193 1238 ut
1234 1187 1619 1240 testamentum
1663 1186 1885 1241 Domini
1918 1185 1988 1241 ad

350 1267 623 1338 pupulum
663 1270 928 1340 acciperet
980 1270 1047 1324 δί’.
1109 1272 1178 1326 Et
1224 1274 1446 1344 accepit
1476 1290 1510 1328 a
1540 1273 1782 1329 Domino
1839 1275 1988 1330 duas

349 1354 579 1410 tabulas
612 1356 860 1428 scriptas
892 1358 1071 1429 digito
1103 1376 1312 1415 manus
1343 1361 1593 1430 Domini,
1626 1362 1683 1415 in
1735 1363 1943 1434 spiritu
1971 1380 1984 1431 ;

352 1438 740 1515 sumptasque
770 1446 958 1502 Moses
980 1448 1275 1504 deferebat
1295 1451 1365 1505 ad
1391 1449 1693 1522 populum,
1718 1456 1783 1505 ut
1802 1452 1988 1507 trade-

350 1537 437 1588 ret
464 1533 527 1585 ⁸⁸.
561 1534 626 1587 Et
655 1534 802 1589 dixit
834 1535 1116 1591 Dominus
1149 1539 1218 1592 ad
1252 1537 1489 1594 Mosen:
1550 1541 1734 1611 Moses,
1786 1544 1985 1609 Moses,

350 1621 610 1678 descende
638 1624 933 1687 celeriter;
977 1628 1166 1697 inique
1220 1629 1367 1681 enim
1413 1644 1468 1684 se
1521 1631 1682 1700 gessit
1733 1630 1985 1701 populus,

353 1714 499 1779 tuus,
533 1728 691 1783 quem
711 1714 781 1768 de
811 1723 957 1768 terra
986 1715 1206 1786 Egypti
1224 1717 1465 1773 eduxisti
1493 1717 1554 1771 ⁸⁵.
1584 1718 1989 1791 Iutellexitque

354 1801 563 1867 Moses,
600 1803 751 1872 quod
784 1802 997 1858 iterum
1026 1804 1280 1860 fecerant
1308 1806 1615 1878 imagines,
1651 1813 1708 1863 et
1747 1809 1991 1880 projecit

353 1888 422 1943 de
458 1890 725 1945 manibus
756 1890 1007 1960 tabulas,
1051 1895 1426 1966 contritaeque
1476 1901 1615 1951 sunt
1661 1896 1873 1951 tabulae
1905 1901 1988 1952 te-

353 1978 627 2032 stamenti
662 1978 969 2035 Dominici.
1022 1982 1257 2054 Accepit
1308 1983 1504 2055 itaque
1555 1990 1737 2041 Moses
1786 1984 1986 2058 [testa-

352 2068 680 2139 mentum];
714 2068 827 2140 ipsi
854 2084 985 2125 vero
1018 2070 1176 2142 digni
1207 2088 1321 2126 non
1381 2073 1637 2129 fuerunt.
1689 2075 1989 2141 Quomodo

351 2170 458 2209 nos
490 2156 594 2227 [id]
624 2158 1041 2229 acceperimus,
1076 2160 1302 2216 discite.
1337 2161 1524 2218 Moses
1556 2179 1689 2217 cum
1716 2168 1872 2219 esset
1902 2163 1990 2218 fa-

352 2243 551 2300 mulus
580 2245 644 2316 97,
677 2245 821 2300 illud
856 2248 1113 2321 accepit;
1149 2249 1318 2305 nobis
1339 2255 1534 2306 autem
1560 2251 1685 2323 ipse
1704 2251 1990 2307 Dominus

351 2333 560 2388 tribuit
587 2333 757 2405 [esse]
796 2335 855 2391 in
906 2338 1187 2409 populum
1243 2338 1617 2407 baereditatis,
1674 2357 1776 2411 pro
1822 2339 1991 2396 nobis

355 2439 592 2493 passus.
633 2425 917 2495 Apparuit
945 2442 1096 2501 vero,
1132 2430 1196 2481 ut
1228 2435 1349 2481 tum
1383 2427 1466 2483 illi
1496 2427 1724 2501 [Judaei]
1753 2428 1813 2483 in
1855 2445 1992 2500 pec-

354 2512 502 2566 catis
524 2498 1093 2582 cousummaren‘tur,
1115 2519 1242 2570 tum
1266 2533 1374 2572 nos
1391 2498 1714 2590 per—ipsum
1732 2518 1991 2574 hwredes

354 2600 489 2656 facti
522 2600 750 2657 Domini
778 2602 920 2658 Jesu
950 2606 1371 2660 testamentum
1417 2606 1836 2678 acciperemus,
1889 2607 1991 2679 qui

355 2688 684 2747 destinatus
714 2697 855 2760 erat,
886 2697 951 2747 ut
980 2710 1083 2765 per
1103 2694 1416 2749 adventum
1466 2711 1640 2750 suum
1673 2696 1992 2768 praecordia

356 2784 575 2848 nostra,
599 2780 725 2849 jam
758 2797 791 2835 a
821 2786 1005 2837 morte
1053 2789 1361 2855 assumpta
1407 2788 1466 2839 et
1511 2785 1728 2840 tradita
1777 2785 1991 2840 erroris

350 2867 668 2940 iniquitati,
704 2869 996 2926 redimens
1026 2888 1057 2926 θ
1083 2872 1364 2937 tenebris,
1395 2874 1567 2929 verbo
1593 2875 1747 2946 [suo]
1793 2874 1989 2946 dispo-

350 2962 451 3011 nat
479 2957 539 3011 in
570 2956 739 3013 nobis
768 2962 1206 3016 testamentum.
1266 2962 1562 3034 Scriptum
1610 2962 1826 3035 quippe
1876 2968 1984 3031 est,

353 3048 646 3117 quomodo
670 3047 857 3118 Pater,
889 3049 1301 3119 redempturus
1340 3068 1447 3107 nos
1496 3069 1531 3107 a
1576 3052 1854 3121 tenebris,
1904 3052 1990 3109 illi

348 3135 734 3204 mandaverit,
777 3140 841 3192 ut
897 3137 1009 3193 sibi
1068 3144 1299 3211 pararet
1354 3140 1642 3213 populum
1695 3145 1987 3199 sanctum.

2096 825 2279 883 δοῦναι
2338 832 2416 899 τῷ
2474 826 2610 900 λαῷ,
2644 826 2688 881 εί
2721 823 2947 896 δέδωκε,
2990 827 3241 897 ζητῶμεν
3281 825 3412 898 (77).
3464 822 3693 881 Δέδωκεν·

2096 915 2248 971 αὐτοὶ
2282 914 2337 971 δὲ
2371 916 2471 971 οὐκ
2498 915 2746 992 ἐγένοντο
2778 912 2914 985 ἄξιοι
2948 908 3135 968 λαϐεῖν
3187 909 3276 967 διὰ
3318 912 3411 974 τὰς
3464 914 3694 989 ἁμαρτίας

2094 1004 2292 1064 αὐτῶν.
2348 1004 2501 1082 Λέγει
2573 1004 2677 1081 γὰρ
2737 1005 2765 1059 6
2836 1004 3145 1081 προφήτης
3225 1001 3323 1057 Καὶ
3394 1002 3456 1072 ἦν
3523 1006 3694 1073 Μωσῆς

2094 1092 2364 1165 νηστεύων
2420 1094 2471 1149 ἐν
2531 1089 2647 1170 ὅρει
2706 1098 2856 1165 Σινᾶ,
2914 1095 3012 1147 τοῦ
3070 1084 3256 1146 Ααϐεῖν
3313 1090 3408 1159 τὴν
3469 1087 3696 1162 διαθήκην

2094 1183 2291 1259 Κυρίου
2349 1182 2489 1259 πρὸς
2537 1183 2630 1237 τὸν
2705 1180 2859 1255 λαὸν,
2918 1179 3129 1254 ἡμέρας
3204 1177 3576 1256 τεσσαράκοντα
3624 1179 3699 1235 καὶ

2093 1272 2286 1335 νύκτας
2341 1270 2736 1348 τεσσαράκοντα
2790 1272 2925 1344 (78).
2974 1268 3075 1325 Καὶ
3134 1262 3297 1325 ἔλαϐε
3348 1270 3487 1345 παρὰ
3533 1269 3698 1345 Κυρίου

2092 1363 2187 1425 τὰς
2239 1358 2334 1416 δύο
2382 1360 2597 1422 πλάκας
2644 1359 3024 1436 γεγραμμένας
3066 1361 3147 1429 τῷ
3195 1354 3443 1430 δακτύλῳ
3488 1364 3579 1427 τῆς
3606 1376 3701 1433 χει-

2097 1451 2189 1527 ρὸς
2249 1449 2446 1526 Κυρίου
2506 1449 2557 1504 έν
2615 1447 2900 1521 πνεύματι·
2946 1445 3037 1501 καὶ
3095 1440 3280 1500 λαϐὼν
3339 1447 3529 1514 Μωσῆς
3572 1444 3696 1500 κατέ-

2095 1560 2223 1618 φερε
2278 1538 2415 1615 πρὸς
2470 1536 2563 1593 τὸν
2618 1536 2747 1593 λαὸν
2809 1534 3016 1593 δοῦναι.
3048 1534 3147 1590 Καὶ
3192 1536 3312 1589 εἷπε
3358 1533 3541 1609 Κύριος
3587 1534 3698 1610 πρὸς

2096 1634 2317 1698 Μωσῆν·
2388 1630 2583 1699 Μωσῆ,
2662 1632 2857 1696 Μωσῆ,
2928 1619 3197 1693 κατάϐηθι
3268 1622 3332 1678 τὸ
3404 1624 3582 1698 τάχος,
3632 1622 3698 1678 ὅτι

2095 1717 2370 1790 ἠνόμησεν
2428 1717 2456 1771 6
2515 1714 2645 1778 Λαός
2704 1736 2820 1784 σου,
2882 1713 2973 1776 οὓς
3046 1713 3310 1788 ἐξήγαγες
3368 1710 3426 1767 έκ
3476 1718 3572 1786 γῆς
3619 1712 3699 1768 Αἱ-

2096 1805 2325 1883 γύπτου.
2387 1804 2485 1860 Καὶ
2545 1810 2743 1874 συνῆκε
2797 1809 3025 1872 Μωσῆς,
3083 1800 3166 1856 ὅτι
3246 1799 3497 1870 ἐποίησαν
3565 1798 3699 1854 πάλιν

2097 1893 2444 1972 χωνεύματα,
2475 1894 2565 1949 καὶ
2596 1890 2810 1971 ἔρριψεν
2845 1891 2904 1947 ἐκ
2949 1895 3058 1946 τῶν
3113 1894 3319 1966 χειρῶν
3361 1889 3452 1950 τὰς
3502 1886 3701 1955 πλάκας,

2096 1983 2186 2039 καὶ
2244 1976 2630 2058 συνετρίϐησαν
2686 1981 2740 2035 αἱ
2796 1978 3002 2041 πλάκες
3056 1985 3158 2048 τῆς
3206 1975 3471 2048 διαθήκης
3514 1975 3699 2050 Κυρίου.

2098 2078 2299 2143 Μωσῆς
2336 2072 2429 2145 μὲν
2461 2070 2563 2146 γὰρ
2595 2063 2809 2141 ἔΑαϐεν,
2840 2067 2995 2123 αὐτοὶ
3026 2064 3083 2122 δὲ
3135 2065 3236 2122 οὐκ
3285 2065 3517 2143 ἐγένοντο
3569 2064 3700 2135 ἄξιοι.

2100 2165 2224 2222 Πῶς
2280 2161 2444 2233 ἡμεῖς
2504 2152 2795 2232 ἐλάϐομεν,
2828 2158 3042 2231 μάθετε.
3101 2161 3310 2224 Μωσῆς
3368 2154 3594 2229 θεράπων
3640 2149 3700 2207 ὢν

2098 2244 2312 2321 ἔλαϐεν,
2342 2248 2503 2311 αὐτὸς
2552 2245 2609 2302 δὲ
2638 2247 2666 2302 6
2698 2244 2895 2321 Κύριος
2942 2247 3079 2318 ἡμῖν
3138 2239 3363 2311 ἔδωκεν,
3392 2244 3411 2317 [
3439 2244 3543 2317 (79)
3577 2241 3703 2314 εἶναι]

2100 2338 2177 2402 εἷς
2224 2336 2354 2394 λαὸν
2404 2334 2799 2413 κληρονομίάς,
2843 2332 2933 2390 διὰ
2980 2336 3132 2407 ἡμᾶς
3161 2331 3476 2405 ὑπομείνας.
3522 2332 3705 2409 Ἐφανι-

2102 2428 2248 2504 ρώθη
2305 2423 2382 2496 δὲ,
2408 2422 2498 2480 ’ίνα
2539 2426 2778 2480 κάκεῖνοι
2824 2421 3154 2479 τελειωθῶσι
3202 2426 3324 2485 τοῖς
3371 2421 3704 2496 ἁμαρτήμασι,

2098 2516 2187 2572 καὶ
2247 2517 2409 2590 ἡμεῖς
2460 2512 2529 2570 δι’
2570 2513 2734 2568 αὐτοῦ
2789 2510 3277 2588 κληρονομοῦντες
3336 2508 3585 2579 διαθήκην
3612 2510 3705 2581 (80)

2100 2604 2300 2682 Κυρίου
2334 2606 2511 2674 Ἰησοῦ
2542 2598 2819 2675 λάϐωμεν,
2852 2602 2912 2663 ’ὸς
2945 2601 3020 2663 είς
3066 2604 3230 2656 τοῦτο
3261 2600 3562 2671 ἡτοιμάσθη
3592 2600 3702 2669 (81),

2093 2692 2204 2763 τίνοι,
2261 2692 2420 2755 αὐτὸς
2477 2690 2680 2769 φανεὶς,
2737 2689 2832 2752 τὰς
2890 2686 2998 2760 ἤδη
3084 2685 3525 2758 δεδαπανημένας
3574 2687 3707 2758 ἡμῶν

2099 2780 2321 2859 καρδίας
2353 2778 2572 2856 (82)τῷ
2620 2779 2852 2851 θανάτῳ,
2901 2777 2991 2832 καὶ
3041 2773 3485 2853 παραδεδομένας
3524 2777 3585 2848 τῇ
3624 2779 3709 2841 τῆς

2097 2870 2313 2943 πλάνης
2361 2868 2577 2943 ἀνομίᾳ,
2612 2866 3029 2944 λυτρωσάμενος
3078 2865 3138 2921 έκ
3182 2869 3289 2921 τοῦ
3336 2864 3573 2936 σκότους,
3612 2859 3709 2916 διάο

2100 2972 2258 3031 θηται
2306 2958 2358 3015 έν
2404 2961 2539 3032 ἡμῖν
2591 2956 2856 3027 διαθήκην
2906 2953 3078 3032 λόγῳ.
3133 2955 3443 3031 Γέγραπται
3471 2952 3587 3029 γὰρ,
3612 2955 3710 3011 πῶς

2098 3049 2246 3122 αὐτῷ
2298 3049 2326 3103 6
2386 3048 2571 3124 Πατὴρ
2628 3043 2959 3116 ἐντέλλεται,
3019 3045 3440 3119 Λυτρωσάμενος
3492 3043 3625 3115 ἡμᾶς
3665 3038 3709 3093 is

2096 3142 2193 3195 τοῦ
2261 3136 2510 3207 σκότους,
2565 3134 2847 3209 ἑτοιμάσαι
2904 3134 3077 3207 έαυτῷ
3145 3131 3281 3189 λαὸν
3359 3133 3523 3208 ἅγιον.
3578 3129 3712 3203 Λέγει

1745 3239 1902 3296 Vetus
1936 3238 2343 3312 interpretatio.

417 3328 560 3413 XIV.
591 3331 702 3413 S_ed
732 3335 1340 3413 testamentumquod
1363 3335 1586 3407 juravit
1615 3337 1955 3408 parentibus
1986 3341 2051 3394 ut
2099 3338 2264 3413 daret
2313 3332 2546 3413 populo,
2588 3350 2661 3413 an
2695 3330 2932 3413 dedegit
2974 3345 3335 3413 quaeramus.
3389 3327 3580 3413 Dedit:
3626 3325 3709 3409 sed

345 3402 430 3459 illi
462 3420 592 3480 non_
606 3404 847 3480 fuerunt
875 3405 1037 3480 digni
1068 3402 1326 3478 accipere
1365 3402 1863 3480 promer-peccata
1892 3426 2019 3465 sua.
2055 3408 2204 3464 Dicit
2251 3402 2407 3480 enim
2465 3404 2789 3480 pr0pbeta_:
2846 3405 2915 3480 Et
2950 3402 3087 3480 erat
3128 3402 3338 3480 Moyses
3360 3402 3712 3480 jejunanshiu

342 3482 527 3557 monte
554 3474 709 3557 Sina,
733 3480 793 3557 ut
820 3473 1089 3557 acciperet
1119 3473 1498 3557 testamentum
1525 3498 1560 3537 a
1587 3473 1834 3557 Domino,
1867 3481 2259 3557 quadraginta
2285 3473 2484 3557 diebus
2522 3473 2592 3557 ςῐ
2620 3473 3313 3557 quadragintanoct‘ibus‘.
3460 3487 3568 3557 acc!

591 3540 824 3624 tabu1as
849 3540 1098 3624 scriptas
1130 3567 1308 3624 manu
1344 3551 1462 3624 Dei.
1494 3590 1510 3607 .
1551 3593 1564 3607 .
1598 3553 1665 3606 Et
1695 3557 1759 3607 ut
1788 3540 2025 3624 accepit,
2061 3540 2452 3624 .'.7deferebat
2479 3549 2549 3603 ad
2584 3540 2964 3624 populumut
2998 3544 3115 3600 illis
3139 3544 3329 3624 daret.
3360 3540 3601 3624 Et_Dixit
3621 3540 3687 3624 Do

351 3547 486 3605 Deo.
526 3588 539 3601 .

3406 3469 3435 3528 ί
3466 3469 3663 3541 accepit
3686 3484 3712 3523 ιι

347 3619 545 3695 minus
589 3634 601 3673 :
650 3615 1147 3695 Moy_ses,i_Moyses,
1196 3622 1451 3679 descende
1497 3624 1752 3691 celerius,
1808 3615 1939 3695 quia
1987 3615 2213 3695 populus
2260 3631 2386 3695 tuus
2410 3615 2601 3695 __queni
2641 3615 2899 3695 eduagisti
2926 3616 2992 3695 de
3034 3625 3181 3671 terra
3213 3616 3468 3695 {:Egypti,
3508 3615 3711 3695 praeter:

345 3692 415 3746 iit
440 3689 637 3767 legem.
662 3689 1042 3749 Etintellcxit
1072 3689 1316 3767 Moyses,
1353 3695 1489 3766 quia
1519 3689 1777 3751 fecerunt
1807 3689 1918 3751 sibi
1948 3689 2159 3767 iterum
2191 3689 2483 3767 conﬂatile
2507 3708 2520 3747 :
2546 3695 2632 3767 et
2667 3689 2911 3767 projecit
2958 3689 3029 3743 de
3073 3689 3349 3767 manibus
3393 3691 3441 3767 te

1597 3808 1609 3820 .
1644 3766 1904 3837 accepit;
1938 3767 2037 3821 sed
2066 3765 2149 3821 illi
2180 3782 2297 3819 non
2329 3759 2925 3837 fueruntdig'niJQuo
2966 3759 3137 3837 modo
3181 3759 3711 3837 acceperimusnos.

347 3762 649 3837 confracta:
684 3768 842 3818 sunt.
920 3804 936 3821 .
1020 3806 1032 3819 .
1115 3762 1409 3837 .Moyses.
1497 3806 1509 3824 .

2667 3689 2911 3763 projecit
2958 3688 3029 3743 de
3073 3683 3627 3763 manibus'tabulas,
3667 3686 3715 3736 et

348 3832 591 3912 discite:
676 3874 689 3888 .
773 3874 785 3889 .
1040 3875 1070 3912 _.
1158 3877 1170 3891 .
1259 3826 1279 3891 Ῐ
1308 3837 1399 3912 cui
1433 3854 1536 3893 nos
1578 3837 1638 3891 in
1687 3826 2085 3912 haereditatem
2136 3837 2269 3912 (83),
2321 3839 2556 3912 propter
2603 3826 2956 3912 nos__qmnia
2985 3829 3295 3912 sustinens
3325 3826 3716 3912 'apparuit,nut

346 3904 433 3959 illi
456 3906 874 3984 consummati
888 3906 1007 3984 sint
1036 3906 1094 3960 in
1136 3910 1410 3984 peccatis,
1432 3914 1501 3984 et
1516 3926 1753 3984 nosper
1763 3909 1939 3984 illum
1963 3894 2363 3984 haereditatem
2388 3894 2721 3984 testamenti
2742 3901 3002 3984 [Domini
3018 3901 3206 3984 postri
3228 3894 3715 3984 Jesppbristiwtﬂ

349 3975 730 4047 accipiamus,
765 3976 830 4031 Et
860 3975 1073 4033 iterum
1106 3973 1557 4051 propheta'dicit
1575 3973 1688 4053 (85)
1714 3998 1726 4036 :
1752 3982 1919 4037 Posui
1936 3985 1987 4036 te
2013 3982 2073 4036 in
2103 3981 2283 4036 lucem
2311 3979 2623 4047 nationum,
2654 3985 2715 4031 ut
2736 3979 2807 4031 sit
2852 3974 3112 4030 sanctitas
3161 3981 3257 4028 tua
3310 3973 3425 4043 (86)
3472 3985 3628 4042 usque
3667 3973 3717 4021 in

418 4071 861 4147 "990;",5;
893 4081 1031 4141 xvii,
1064 4077 1097 4132 4
1127 4095 1141 4146 ;
1175 4076 1342 4134 Rom.
1370 4094 1445 4146 ιν,
1476 4079 1530 4135 3.
1605 4079 1652 4114 ⁸⁸
1680 4079 1857 4135 Exod.
1892 4094 2047 4147 xx1v,
2080 4078 2169 4134 18.
2242 4077 2287 4114 ⁸⁸
2316 4075 2495 4132 Exod.
2553 4090 2706 4145 xxxi,
2759 4075 2845 4131 18.
2923 4071 2969 4108 ⁸⁸
2998 4071 3175 4128 Exod.
3230 4070 3412 4135 xxxii.
3454 4069 3526 4138 7;
3570 4067 3713 4123 Deut.

347 4161 425 4215 ix,
461 4145 549 4202 12.
624 4144 670 4181 ⁸⁷
700 4146 870 4204 Hebr.
894 4156 980 4215 ιιι,
1009 4148 1064 4203 5.

1724 4247 2098 4306 VARIORUM
2134 4245 2366 4304 NOTIE.

572 4343 658 4428 ita
683 4357 751 4397 ex
780 4346 892 4399 vet.
926 4342 1135 4428 interp.
1170 4344 1358 4402 restit.
1390 4345 1526 4403 st.
1560 4345 1668 4403 Ms.
1703 4348 1994 4419 ζητοῦμεν.
2028 4355 2071 4424 α
2112 4416 2124 4428 .
2178 4342 2546 4428 (83).Dm‘nini
2570 4332 3714 4428 nostrilesuChristigspp‘veqbaLetiam

425 4414 539 4486 (78)
570 4413 695 4486 Cfr.
720 4431 900 4486 supra
927 4432 979 4472 ο.
1010 4417 1063 4473 4.

424 4485 538 4555 (79)
571 4486 656 4541 Ita
685 4485 824 4555 Dav.

427 4553 539 4630 (80)
570 4560 675 4632 Ms.
710 4553 799 4610 διὰ
825 4560 922 4632 τοῦ
947 4554 1455 4632 κληρονομοῦντος,
1504 4561 1674 4617 male.
1725 4561 1876 4616 Men.
1928 4555 1997 4614 δι’

352 4625 531 4702 αὖ·ὲοῦ⁷
550 4625 924 4702 κληρονομίαν
959 4625 1246 4700 διαθήκης.

425 4701 537 4773 (81)
568 4700 673 4756 Hic
702 4701 761 4757 in
796 4700 907 4775 ms.
941 4707 998 4758 et
1035 4703 1391 4775 editionibus
1423 4702 1591 4775 male
1637 4701 1997 4775 transposita

352 4769 651 4845 leguntur,
694 4790 839 4845 quas
888 4773 1045 4831 intra
1102 4774 1267 4830 uncis
1324 4773 1535 4841 inclus,
1613 4780 1670 4831 et
1714 4792 1747 4831 ιι
1803 4769 1994 4845 nobis,

353 4843 510 4918 duce
531 4843 708 4898 veteri
730 4843 1083 4918 interprete,
1107 4845 1232 4918 loco
1263 4863 1370 4903 suo
1401 4846 1671 4903 restituta
1691 4850 1848 4902 sunt.
1877 4843 1991 4903 Cfr.

354 4913 619 5041 libiggm
652 4931 848 4973 meum
873 4913 1022 4974 {Das
1057 4916 1433 4975 Sendschreib.
1464 4924 1519 4973 α.
1564 4918 1624 4975 Α.
1679 4919 1991 4986 Barnabas,

354 5002 410 5041 ι).
556 5027 568 5040 .

445 5058 538 5198 8⁸2)
568 5057 677 5113 Ms.
708 5056 921 5126 κακίας,
952 5059 1121 5117 male.
1157 5064 1284 5117 νει.
1309 5060 1558 5133 iuterp.:
1586 5059 1918 5133 praecordia.

446 5129 516 5185 83
566 5129 671 5185 Cui
694 5146 793 5187 nos
822 5132 884 5186 in
912 5132 1320 5198 haereditatem,
1352 5136 1460 5188 etc.
1512 5132 1848 5197 Menardus,
1898 5147 1918 5185 c

446 5129 535 5198 83)
566 5129 671 5185 Cui
694 5146 793 5187 nos
822 5132 884 5186 in
912 5132 1320 5199 nereditatem,
1352 5129 1485 5188 etc.‘
1512 5129 1848 5197 Menardus,
1898 5132 1992 5187 cui

352 5200 474 5257 hac
503 5209 779 5273 corrupta
806 5203 1098 5271 videntur,
1130 5205 1214 5260 sic
1244 5203 1420 5273 legit:
1455 5205 1561 5271 Qui
1587 5220 1687 5261 nos
1716 5205 1778 5260 in
1810 5204 1991 5260 haere-

351 5274 579 5346 ditatem
598 5274 783 5343 elegit,
810 5278 1035 5346 propter
1063 5282 1170 5331 etc.
1208 5274 1400 5331 Fellus
1432 5274 1577 5331 nihil
1623 5280 1849 5331 mutat:
1895 5290 1990 5329 ve-

352 5362 482 5419 rum
502 5345 584 5419 ita
605 5345 924 5419 distinguit
942 5364 954 5403 :
977 5348 1081 5403 Cui
1095 5348 1559 5404 nos...sustinens.
1583 5348 1987 5419 Apparuit,eto.

352 5418 424 5491 At
452 5418 686 5491 duabus
715 5417 936 5491 voculis
971 5419 1325 5490 subauditis,
1380 5419 1550 5491 lectio
1596 5417 1831 5491 vulgata
1883 5417 1991 5491 rite

351 5487 461 5564 sibi
497 5489 762 5564 cohaeret.
796 5488 890 5546 Sic
920 5506 1168 5564 nempe:
1202 5487 1419 5546 Discite.
1453 5490 1594 5563 (ille)
1642 5487 1733 5546 cui
1778 5505 1875 5564 nos
1928 5490 1991 5544 in

349 5558 722 5636 hereditatem
748 5564 1024 5636 (sumus),
1062 5558 1291 5636 propter
1335 5578 1433 5618 nos
1460 5558 1665 5620 omnia
1717 5562 1990 5617 sustinens

344 5634 627 5704 apparuit,
655 5639 718 5690 ut
746 5634 858 5703 illi,
890 5638 999 5692 etc.

2108 4405 2353 4472 in‘tex'tu
2386 4415 2603 4484 Greco,
2636 4411 2868 4484 uncinis
2897 4411 3097 4484 clausa
3125 4409 3362 4484 exhibet
3412 4405 3713 4484 Menardus,

2106 4486 2400 4616 Etlittqris
2430 4476 2691 4542 miniatis
2739 4483 2947 4540 Fellus.
2996 4481 3178 4538 Aliter
3219 4481 3391 4537 editt.
3437 4476 3629 4537 Clerici
3668 4479 3716 4531 ot

2158 4576 2292 4615 usse
2320 4575 2381 4613 ιι.

2158 4575 2381 4615 11886111.

2174 4632 2375 4703 (85)Et
2402 4630 2607 4703 iterum
2624 4626 2896 4703 prppheta
2942 4625 3073 4680 dicit
3088 4641 3112 4703 Δε
3154 4624 3333 4703 Posui
3367 4626 3496 4678 te...
3543 4620 3715 4703 litera-

2104 4693 2191 4775 uit‘
2213 4693 2374 4758 Deus.
2408 4700 2473 4756 In
2503 4698 2666 4775 cood.
2700 4693 2794 4753 hic
2819 4698 2986 4775 locus
3017 4700 3107 4751 est
3137 4693 3291 4775 male
3318 4693 3712 4775 transpositps.

2104 4773 2252 4832 Nam
2283 4776 2415 4845 post
2437 4771 2679 4827 verbum
2711 4769 3047 4845 accipiamus
3073 4766 3380 4845 sequitur;
3414 4760 3523 4833 Qui
3550 4760 3716 4845 innhoc

2139 4834 2328 4900 oratus
2355 4846 2452 4911 est,
2487 4855 2673 4912 usque
2702 4840 2774 4896 ad
2806 4834 2906 4895 illa
2932 4838 3109 4912 verba
3125 4834 3361 4912 liberati
3377 4852 3583 4912 sumus.
3605 4834 3698 4912 Qui

2145 4933 2216 4973 us
2245 4904 2449 4973 statim
2478 4904 2815 4970 subduntur
2844 4912 2989 4967 ista:
3025 4911 3086 4965 Et
3110 4910 3313 4965 iterum
3341 4907 3629 4981 prapheta‘
3650 4904 3715 4981 di-

2298 4987 2465 5043 Posui
2511 4988 2631 5040 te...
2683 4983 2938 5039 liberavit
3001 4982 3161 5037 Deus.
3207 4976 3453 5051 lterumi'
3479 4976 3716 5051 propheta

2101 5060 2269 5119 dicit:
2318 5058 2557 5129 Spiritus
2602 5055 2840 5129 Domini,
2859 5058 3003 5129 _Vetc_.
3037 5068 3243 5129 usque
3287 5051 3359 5129 ad
3404 5047 3598 5106 ﬁnem.
3647 5047 3715 5100 Ita

2102 5147 2164 5187 se
2193 5121 2412 5185 habent
2452 5127 2703 5183 Menardi
2755 5121 3053 5183 et'Clerici
3100 5121 3266 5178 editt.
3304 5121 3423 5177 Nos
3460 5136 3590 5178 vero
3633 5132 3716 5174 eas

2101 5202 2408 5273 sequimur
2436 5215 2580 5270 quas
2612 5196 2808 5254 Fellus
2838 5201 2894 5253 et
2915 5193 3222 5253 Russelius
3252 5198 3551 5263 curarunt,
3582 5189 3713 5246 Gru-

2102 5272 2607 5343 cis’inhaarentes.
2882 5338 2913 5343 _
3002 5338 3038 5343 _
3194 5336 3208 5343 _
3365 5334 3566 5343 ___,_
3688 5331 3710 5343 ,

2172 5344 2284 5417 (86)
2313 5343 2398 5417 Sit
2424 5342 2693 5417 sanctitas
2723 5350 2840 5396 tua.
2872 5338 2971 5417 Gr.
3002 5336 3301 5417 Barnabaa_
3325 5338 3385 5391 et
3430 5334 3589 5417 I_._XX,
3632 5334 3713 5417 τοᾷ

2101 5405 2230 5469 εἶναί
2260 5405 2318 5467 σε
2341 5413 2417 5474 είς
2447 5409 2718 5487 σωτηρίαν
2741 5429 2755 5466 :
2788 5420 2848 5466 ut
2876 5412 2955 5487 sis
2985 5418 3046 5465 tu
3074 5411 3139 5464 in
3158 5408 3414 5487 salutem.
3439 5405 3711 5487 Expuncto

2100 5503 2236 5559 ergo
2264 5471 2437 5541 verbo
2466 5471 2745 5540 vocabulo
2800 5487 2914 5549 tua,
2938 5481 3064 5564 lege
3088 5498 3101 5536 :
3126 5483 3198 5562 .ut
3232 5479 3305 5533 sis
3336 5486 3396 5532 tu
3414 5471 3636 5541 sanitas,
3662 5471 3711 5526 id

2098 5563 2189 5614 est
2217 5556 2401 5613 salus.
2435 5556 2582 5613 Msa.
2614 5586 2677 5597 —
2706 5528 2793 5611 Al.
2826 5562 2885 5609 ut
2912 5569 2989 5609 sis
3008 5556 3223 5608 sanitas
3254 5552 3369 5606 tua.
3404 5548 3612 5614 Fellus,
3664 5544 3712 5599 ut

2387 5598 2401 5611 ο
2436 5586 2582 5613 "Ib".
2614 5586 2677 5597 -’
2706 5586 2793 5611 ΠΙ·
2828 5586 2885 5609 ιιι
2912 5586 2987 5609 οι.
3008 5586 3222 5608 ouuqu
3254 5586 3369 5606 unus
3404 5586 3612 5614 L'UIIUU'

2097 5631 2171 5687 sit
2194 5629 2345 5688 salus
2374 5636 2494 5686 tua.
