4038 6210
422 346 535 408 769

1689 340 2073 402 EPISTULA
2117 337 2549 400 CATHOLICA

3696 342 3831 403 770-

415 481 504 536 οὗν
585 481 613 535 6
688 478 1023 554 προφήτης·
1082 475 1227 550 Ἐγὼ
1301 473 1546 551 Κύριος,
1604 475 1630 529 6
1710 471 1838 536 Θεός
1914 494 2057 545 σου,

2181 472 2321 529 Dicit
2376 472 2553 545 igitur
2610 471 2897 544 propheta
2930 488 2943 529 :
2976 475 3083 545 Ego
3129 474 3413 546 Dominus,
3470 478 3609 534 Deus
3666 482 3814 545 tuus,

413 568 641 626 έκάλεσά
714 588 771 622 σε
848 567 899 621 έν
995 564 1306 639 δικαιοσύνῃ
1354 609 1370 636 ,
1447 563 1537 618 καὶ
1612 565 1868 639 κρατήσω
1962 568 2063 631 τῆς

413 658 603 736 χειρός
706 679 823 728 σου,
914 655 1006 711 καὶ
1090 652 1361 729 ένισχύσω
1445 673 1522 723 σε,
1605 651 1694 707 καὶ
1774 649 1951 706 ἔδωκά
2008 670 2066 705 σε

417 749 491 811 εἰς
578 745 842 817 διαθήκην
919 744 1157 821 γένους,
1217 743 1291 805 εἷς
1366 746 1480 821 φῶς
1554 741 1719 806 ἐθνῶν
1758 784 1772 812 ,
1855 739 2060 810 ἀνοῖξαι

418 836 733 916 ὀφθαλμοὺς
810 833 1031 913 τυφλῶν
1076 879 1091 906 ,
1178 831 1268 887 καὶ
1350 830 1623 906 έξαγαγειν
1705 828 1765 884 ἐκ
1849 826 2061 901 δεσμῶν

416 923 827 997 πεπεδημένους
860 964 875 990 ,
967 920 1017 992 ἐξ
1119 917 1271 976 οἷ’κου
1374 918 1623 998 φυλακῆς
1724 918 2064 991 καθημένους

418 1016 468 1071 έν
526 1013 707 1070 σκότει
761 1014 924 1085 (87).
978 1010 1271 1065 Γινώσκετε
1327 1008 1419 1063 οὗν
1460 1049 1475 1075 ,
1532 1007 1691 1062 πόθεν
1751 1004 2065 1081 ἐλυτρώθη-

420 1125 514 1178 μεν
552 1147 566 1160 .
626 1101 752 1176 (Καὶ
811 1098 977 1156 πάλιν
1037 1100 1065 1155 6
1121 1100 1410 1177 προφήτης
1476 1094 1623 1171 λέγει
1680 1097 1815 1168 (88)·
1878 1092 2017 1150 Ἰδοὺ
2050 1139 2065 1167 ,

416 1190 632 1249 τέθεικά
688 1212 747 1246 σε
804 1188 883 1252 εἰς
936 1192 1049 1267 φῶς
1108 1187 1314 1259 έθνῶν,
1370 1190 1469 1241 τοῦ
1521 1184 1654 1239 εἶναι
1711 1206 1769 1239 σε
1824 1183 1900 1246 εἷς
1960 1205 2066 1239 σω-

416 1282 611 1358 τηρίαν
667 1276 771 1342 ἕως
834 1278 1066 1354 ἐσχάτου
1119 1283 1220 1347 τῆς
1278 1283 1405 1352 γῆς,
1440 1274 1589 1349 λέγει
1639 1272 1838 1347 Κύριος
1898 1274 1927 1327 6
1968 1271 2064 1328 λυ-

416 1368 765 1447 τρωσάμενός
822 1388 880 1421 σε
937 1361 1065 1427 Θεός
1118 1367 1261 1440 (89).
1321 1364 1419 1419 Καὶ
1471 1360 1636 1418 πάλιν
1692 1362 1721 1417 6
1778 1364 2067 1440 προφήτης

418 1458 633 1534 λέγει·
718 1460 940 1528 Πνεῦμα
1040 1456 1246 1529 Κυρίου
1344 1452 1426 1507 ἐπ’
1508 1451 1603 1525 ἐμὲ
1647 1497 1662 1522 ,
1745 1449 1807 1506 οὗ
1889 1450 2066 1507 ἕνεκεν

419 1545 603 1625 ἔχρισέ
662 1567 728 1620 με
760 1590 775 1617 ,
837 1541 1284 1619 εὐαγγελίσασθαι
1339 1547 1614 1603 ταπεινοῖς
1671 1539 1873 1617 χάρινο
1934 1540 2068 1596 ἀπέ-

419 1636 618 1693 σταλκέ
696 1656 763 1709 με
800 1680 814 1704 ,
894 1632 1136 1688 ἰάσασθαι
1209 1630 1336 1693 τοὺς
1408 1629 1897 1707 συντετριμμένους
1967 1631 2066 1699 τήν

418 1723 639 1800 καρδίαν
673 1772 688 1797 ,
759 1722 987 1799 κηρύξαι
1067 1718 1453 1797 αἰχμαλώτοις
1524 1717 1705 1798 ἄφεσιν
1742 1763 1757 1789 ,
1814 1718 1904 1774 καὶ
1976 1740 2069 1775 τυ-

2171 563 2359 618 vocavi
2388 565 2438 618 te
2472 563 2531 616 in
2557 562 2807 633 justitia,
2837 570 2889 618 et
2917 563 3103 619 tenebo
3148 581 3375 621 manum
3412 575 3584 634 tuam,
3612 573 3671 624 et
3705 586 3820 625 cor-

2172 651 2441 707 roborabo
2468 653 2555 715 te;
2582 656 2636 707 et
2685 650 2810 706 dedi
2842 659 2895 706 te
2933 653 2998 707 in
3041 658 3424 710 testamentum
3470 672 3711 729 generis,
3760 660 3822 715 in

2173 748 2351 804 lucem
2388 741 2655 811 gentium,
2687 738 2757 794 ad
2803 741 3168 811 aperiendum
3204 744 3388 801 oculos
3433 761 3728 819 caecorum,
3770 752 3823 805 et

2172 831 2244 886 ad
2271 828 2604 885 educendum
2642 828 2708 884 de
2734 828 2968 884 vinculis
2998 830 3265 900 illigatos,
3287 834 3353 890 de
3398 836 3562 893 domo
3591 844 3823 898 carceris

2173 918 2415 975 sedentes
2447 920 2508 974 in
2538 917 2847 973 tenebris“.
2879 919 3187 991 Agnoscite
3217 937 3375 995 ergo,
3427 926 3582 982 unde
3635 929 3825 987 simus

2175 1006 2485 1079 redempti.
2508 1006 2599 1078 (Et
2626 1004 2840 1062 iterum
2867 1007 3149 1080 propheta
3178 1009 3319 1067 dicit
3350 1029 3363 1069 :
3397 1015 3532 1071 Ecce
3578 1022 3742 1088 posui
3760 1025 3818 1076 te

2175 1099 2235 1153 in
2266 1097 2440 1152 lucem
2466 1096 2737 1166 gentium,
2761 1098 2821 1150 ut
2838 1098 2914 1152 sis
2924 1098 2985 1152 in
2995 1098 3227 1155 salutem
3238 1116 3408 1173 usque
3421 1102 3497 1159 ad
3513 1114 3824 1167 extremum

2176 1193 2376 1248 terrae;
2404 1184 2569 1257 [hinc]
2607 1184 2745 1241 dicit
2784 1185 3053 1242 Dominus
3081 1188 3400 1263 Redemptor
3427 1195 3640 1267 tuus").
3674 1198 3824 1255 Rur-

2177 1291 2280 1331 sus
2340 1272 2622 1346 propheta
2668 1272 2810 1329 dicit
2867 1291 2882 1330 :
2935 1274 3173 1347 Spiritus
3222 1279 3445 1337 Domini
3497 1299 3664 1352 super
3712 1304 3822 1358 me,

2170 1368 2393 1437 propter
2421 1363 2562 1436 quod
2588 1364 2754 1419 unxit
2780 1380 2888 1431 me,
2918 1366 3302 1436 evangeliaare
3322 1368 3653 1437 humilibus;
3674 1378 3827 1433 misit

2174 1469 2280 1519 me,
2307 1469 2503 1508 sanare
2533 1455 2792 1509 contritas
2820 1453 2995 1522 corde,
3022 1456 3329 1526 praedicare
3370 1463 3601 1531 captivis
3630 1468 3822 1521 remis-

2173 1545 2386 1599 sionem
2404 1546 2457 1597 et
2483 1543 2643 1599 caecis
2672 1544 2873 1610 visum,
2903 1547 2955 1599 et
2978 1547 3238 1602 nuntiare
3263 1565 3474 1606 annum
3502 1552 3721 1609 Domini
3740 1571 3825 1612 ac-

2176 1634 2413 1704 ceptum,
2444 1636 2497 1687 et
2525 1630 2673 1687 diem
2700 1631 3097 1703 retributionis,
3127 1637 3401 1695 consolari
3426 1655 3611 1699 omnes
3642 1643 3826 1715 lugen-

2177 1721 2322 1777 tes”.

420 1814 581 1894 φλοῖς
615 1807 929 1887 ἀνάϐλεψιν,
955 1810 1047 1867 καὶ
1073 1808 1299 1865 καλέσαι
1329 1808 1565 1863 ἐνιαυτὸν
1600 1806 1798 1883 Κυρίου
1969 1805 2176 1884 δεκτὸν,
2220 1808 2309 1864 καὶ
2340 1807 2550 1882 ἡμέραν
2580 1805 3007 1879 ἀνταποδόσιως,
3036 1810 3405 1889 παρακαλέσαι
3452 1816 3651 1884 πάντας
3697 1819 3826 1886 τοὺς

419 1905 746 1965 πενθοῦντας
779 1902 913 1977 (91).

1053 2015 1170 2073 XV.
1201 2015 1503 2074 Sabbatum
1533 2012 1851 2072 Judmorum
1879 2030 1988 2071 non
2029 2023 2111 2072 est
2137 2030 2374 2077 verum;
2408 2014 2514 2071 Deo
2543 2018 2821 2087 acceptum
2847 2018 3171 2077 Sabbatum.

490 2119 607 2172 Ἔτι
639 2114 729 2170 καὶ
757 2111 880 2188 περῖ
909 2117 1010 2169 τοῦ
1042 2107 1326 2168 Σαϐϐάτου
1356 2112 1656 2187 γέγραπται
1694 2110 1744 2166 έν
1774 2116 1890 2173 τοῖς
1940 2109 2067 2166 δέκα

2244 2113 2448 2169 Adhuc
2479 2116 2535 2168 et
2562 2112 2633 2168 de
2662 2114 2915 2171 Sabbato
2955 2117 3237 2189 scriptum
3270 2124 3359 2177 est
3407 2121 3467 2179 in
3517 2125 3823 2200 [Decalogo

422 2204 630 2282 λόγοις,
662 2203 713 2258 έν
746 2205 827 2266 οἷς
860 2201 1128 2273 ἐλάλησεν
1161 2199 1211 2255 ἐν
1260 2204 1339 2273 τῷ
1391 2194 1505 2274 ὄρει
1536 2204 1666 2255 Σινᾶ
1703 2200 1837 2276 πρὸς
1870 2202 2070 2269 Μωσῆν

420 2294 558 2349 κατὰ
613 2292 905 2370 πρόσωπον
936 2311 948 2324 ·
1015 2290 1111 2345 Καὶ
1190 2287 1443 2365 ἁγιάσατε
1498 2289 1562 2344 τὸ
1630 2283 1909 2345 Σάϐϐατον
1968 2295 2071 2344 Κυ-

425 2381 546 2460 ρίου
631 2382 789 2457 χερσὶ
863 2383 1122 2455 καθαραῖς
1211 2379 1301 2433 καὶ
1373 2373 1570 2452 καρδίᾳ
1649 2378 1856 2453 καθαρᾷ
1898 2418 1914 2434 .
1972 2375 2073 2431 Καὶ

426 2472 483 2527 έν
543 2466 713 2543 έτέρῳ
769 2468 966 2544 λέγει·
1031 2468 1153 2523 Ἐὰν
1214 2464 1519 2546 φυλάξωσιν
1576 2465 1629 2522 οἱ
1685 2466 1793 2522 υἱοὶ
1851 2486 1954 2541 μου
2009 2464 2077 2521 τὰ

432 2554 710 2629 Σάϐϐατα,
767 2558 891 2614 τὸτε
946 2556 1186 2629 ἐπιθήσω
1240 2557 1303 2612 τὸ
1358 2550 1512 2619 ἔλεός
1574 2576 1677 2629 μου
1734 2554 1818 2611 έπ’
1856 2554 2075 2618 αὐτούς.

428 2650 501 2705 Τὸ
532 2643 810 2704 Σάϐϐατον
862 2645 1011 2725 λέγει
1061 2646 1113 2701 έν
1164 2644 1313 2722 ἀρχῇ
1359 2652 1461 2716 τῆς
1507 2644 1753 2708 κτίσεως
1789 2645 1888 2701 Καὶ
1937 2643 2082 2700 ἐποί-

433 2759 563 2811 ησεν
618 2739 647 2793 ὁ
705 2737 835 2800 Θεὸς
888 2736 940 2791 έν
998 2736 1054 2807 ’ἐξ
1110 2736 1343 2811 ἡμέραις
1398 2734 1466 2790 τὰ
1525 2732 1654 2810 ἔργα
1706 2737 1813 2789 τῶν
1873 2738 2077 2810 χειρῶν

436 2827 622 2897 αὐτοῦ,
676 2826 769 2881 καὶ
834 2822 1169 2881 συνετέλεσεν
1224 2823 1277 2879 έν
1333 2822 1402 2898 τῇ
1459 2824 1642 2899 ἡμέρᾳ
1694 2826 1763 2897 τῇ
1822 2818 2030 2897 ἐϐδόμῃ
2065 2868 2080 2893 ,

428 2915 521 2972 καὶ
578 2915 903 2972 κατέπαυσεν
963 2912 1016 2968 ἐν
1075 2912 1233 2987 αὐτῇ,
1290 2911 1380 2967 καὶ
1440 2911 1659 2989 ἡγίασεν
1722 2910 1888 2983 αὐτήν
1943 2914 2079 2987 (92).

2179 2205 2306 2271 seu]
2333 2202 2531 2258 decem
2560 2203 2776 2272 verbis,
2825 2221 2951 2277 quae
2998 2209 3281 2267 Dominus
3331 2211 3391 2268 in
3440 2220 3638 2271 monte
3686 2217 3827 2273 Sina

2178 2289 2410 2347 locutus
2456 2295 2545 2348 est
2586 2292 2660 2348 ad
2710 2292 2933 2362 Mosen,
2986 2312 3052 2353 os
3108 2299 3181 2354 ad
3234 2316 3339 2359 os:
3374 2306 3441 2359 Et
3493 2306 3831 2377 sanctiﬁcate

2180 2378 2480 2435 Sabbatum
2527 2379 2749 2439 Domini
2790 2385 3050 2442 manibus
3073 2388 3295 2445 mundis
3322 2394 3377 2447 et
3404 2409 3543 2462 pura
3598 2395 3826 2451 corde“.

2182 2467 2255 2523 Et
2308 2468 2445 2524 alibi
2490 2470 2631 2526 dicit
2670 2487 2686 2529 :
2736 2471 2798 2528 Si
2841 2475 3196 2534 custodierint
3244 2480 3354 2550 ﬁlii
3392 2484 3504 2538 mei
3565 2482 3825 2552 Sabbala,

2185 2564 2315 2613 tunc
2337 2573 2542 2630 ponam
2568 2561 3004 2620 misericordiam
3032 2582 3209 2623 meam
3237 2584 3402 2641 super
3436 2570 3637 2629 illos".
3688 2574 3831 2628 Sab-

2186 2646 2306 2703 bati
2339 2648 2606 2704 meminit
2634 2650 2981 2728 [Scriptura]
3024 2655 3083 2711 in
3136 2656 3420 2731 principio
3471 2661 3830 2720 creationis:

2186 2737 2432 2809 Fecitque
2473 2739 2607 2794 Deus
2637 2741 2694 2794 in
2724 2757 2823 2797 sex
2852 2742 3042 2800 diebus
3078 2762 3243 2816 opera
3283 2764 3549 2805 manuum
3580 2766 3829 2819 suarum,

2188 2830 2245 2882 et
2274 2825 2438 2882 desiit
2462 2826 2551 2884 die
2579 2831 2829 2901 septima,
2852 2836 2903 2888 et
2922 2849 2989 2889 ea
3026 2838 3313 2906 requievit,
3372 2848 3422 2894 et
3478 2841 3837 2910 sanctiﬁcavit

2188 2916 2378 2972 eam”.
2408 2917 2681 2987 Avertite,
2726 2919 2852 2990 ﬁlii,
2904 2922 3045 2995 quid
3097 2925 3252 2981 dicat
3284 2944 3298 2982 :
3333 2928 3747 2985 Consummavit
3774 2932 3832 2985 in

434 3006 740 3082 Προσέχετε
774 3049 789 3075 ,
845 3003 1005 3059 τέκνα
1037 3044 1053 3071 ,
1109 3001 1162 3058 τί
1217 3000 1363 3079 λέγει
1412 3002 1473 3056 τὸ
1531 3000 1865 3056 συνετέλεσεν
1926 2999 1977 3055 έν
2025 2999 2069 3072 ’ἐξ

2189 3020 2286 3061 sex
2311 3004 2524 3062 diebus.
2569 3008 2630 3062 Id
2667 3008 2749 3063 ait
2779 3025 2793 3065 :
2822 3012 3021 3068 omnia
3066 3017 3501 3072 consummabit
3550 3018 3835 3075 Dominus

431 3095 685 3173 ἡμέραις.
729 3097 897 3151 Τοῦτο
930 3090 1080 3170 λέγει
1120 3090 1206 3149 ὅτι
1245 3089 1489 3148 συντελεῖ
1523 3092 1638 3165 (93)
1669 3090 1698 3146 ὁ
1727 3090 1855 3153 Θεὸς
1883 3089 2069 3166 Κύριοι

2194 3097 2345 3150 Deus
2372 3094 2431 3150 in
2465 3112 2565 3153 sex
2601 3096 2866 3157 millibus
2905 3118 3233 3173 annorum;
3284 3123 3423 3163 nam
3472 3109 3623 3180 apud
3667 3107 3836 3165 illum

1831 3209 2003 3271 Vetus
2027 3209 2461 3291 interpretatio.

424 3320 786 3402 novissimum
814 3324 998 3402 terrae,
1028 3318 1175 3402 sicut
1197 3316 1330 3373 dicit
1345 3316 1641 3402 .Dominus,
1669 3316 1770 3388 qui
1789 3322 1838 3402 te
1854 3315 2109 3402 liberauit
2140 3316 2342 3402 Densi.
2360 3317 2460 3400 qui
2475 3318 2544 3401 _in
2564 3318 2677 3402 hoc
2694 3326 2938 3402 paratus
2963 3328 3144 3402 est,ut
3167 3327 3482 3402 adventum
3517 3330 3623 3402 (94)
3646 3329 3835 3402 ipsius

424 3393 741 3477 praecordia
770 3396 974 3477 nostra
1002 3408 1128 3477 qua;
1151 3391 1278 3461 jam
1309 3389 1625 3477 absumpta
1651 3394 1818 3477 erant
1847 3405 1879 3477 a
1910 3392 2093 3477 m‘orte
2109 3389 2389 3477 ettradi‘ta
2408 3389 3119 3477 iniquitati,liberareta
3148 3400 3426 3477 tenebris,
3444 3389 3840 3477 attestaretur

426 3460 488 3521 in
520 3465 690 3521 nobis
718 3460 1138 3521 testamentum
1169 3477 1469 3534 servorum
1497 3460 1616 3534 (95)
1646 3476 1909 3534 suorum.
1944 3460 2236 3534 Scriptum
2252 3464 2341 3534 est
2360 3460 2834 3534 enim‘quomodo
2856 3465 2939 3521 illi
2963 3473 3132 3523 Pater
3153 3460 3604 3534 mandaverit.ut
3623 3472 3834 3529 libera-

429 3516 1030 3604 Efﬁcié'a'iéhéﬁéig,’
1048 3516 1373 3605 eti—pararet
1396 3516 1519 3586 sibi
1542 3516 1823 3603 populum
1856 3516 2145 3586 sanctum.
2178 3532 2327 3586 Dicit
2375 3549 2510 3605 ergo
2543 3516 2985 3660 (propheta

429 3610 621 3660 vocavi
648 3612 700 3660 te
730 3607 792 3660 in
818 3609 1084 3660 aeauitate
1114 3623 1133 3658 :
1164 3606 1353 3660 tenebo
1380 3620 1609 3658 manum
1635 3607 1788 3657 tuam
1815 3611 1866 3657 et
1889 3605 2085 3660 fortem
2112 3606 2163 3658 te
2191 3605 2398 3660 faciam
2427 3622 2446 3659 :
2476 3604 2539 3659 de
2581 3609 2601 3660 i
2653 3610 2706 3660 te
2738 3610 2796 3660 in
2820 3612 3189 3660 testimonium
3237 3618 3488 3660 nentihm
3522 3618 3639 3660 (9m
3697 3622 3747 3660 ρι
3780 3620 3838 3660 in

426 3610 621 3689 uocaui
648 3612 700 3663 te
730 3607 792 3689 in
818 3609 1084 3689 aequitate
1114 3623 1133 3658 :
1164 3606 1353 3688 tenebo
1380 3620 1609 3689 manum
1635 3607 1788 3657 tuam
1815 3611 1866 3657 et
1888 3605 2085 3689 fortem
2112 3606 2163 3658 te
2190 3605 2398 3689 faciam
2476 3604 2601 3689 dedi
2738 3610 2796 3689 in
2820 3604 3189 3667 testimonium
3219 3618 3488 3689 Agentibus
3522 3618 3661 3689 (96),
3697 3622 3747 3673 et
3780 3604 3842 3689 in

431 3674 938 3760 lumennationum
955 3686 1072 3760 _;.ut
1099 3678 1316 3747 aperias
1345 3676 1846 3760 oculos‘ezecoru‘m,
1878 3674 2164 3760 etedf‘tcas.
2312 3676 2545 3732 vinculis
2593 3678 2870 3760 alligatos.
2916 3722 2930 3737 .
2978 3723 3007 3760 ._
3035 3722 3049 3737 .
3096 3723 3110 3738 .
3156 3725 3179 3760 ._
3213 3674 3427 3760 Scitote
3477 3674 3840 3760 ergofunde

430 3749 661 3807 liberati
690 3766 919 3823 sumus.
954 3745 1171 3804 Iterum
1203 3746 1486 3819 propheta
1516 3746 1669 3823 dicit;
1691 3745 1975 3823 {Spiritus
2006 3747 2227 3823 Domini
2254 3762 2422 3823 super
2448 3764 2553 3816 me,
2603 3745 2824 3821 propter
2867 3752 3008 3823 quod
3039 3758 3201 3811 unxit
3248 3774 3337 3813 me
3356 3775 3378 3820 ;
3410 3745 3841 3814 ὺεηθυπὶιηιίανσ

431 3823 745 3901 hominibus
796 3821 909 3894 (97)
952 3822 1121 3901 misit
1150 3816 1259 3901 me,
1307 3816 1517 3901 curare
1550 3817 1946 3875 contribulatos
1991 3816 2168 3873 corde.
2228 3816 2540 3889 prédicare
2603 3816 2839 3894 captivis
2873 3816 3290 3901 remissionem,
3337 3816 3389 3885 et
3435 3832 3598 3888 caecis
3642 3832 3843 3900 visum,

431 3899 481 3950 et
507 3910 699 3950 vocare
729 3890 941 3948 annum
970 3892 1187 3947 Domini
1215 3890 1623 3960 acceptabilem.
1671 3929 1685 3943 .
1730 3929 1744 3944 .
1788 3928 1803 3944 .
1848 3929 1862 3944 .
1907 3930 1921 3944 .
1967 3930 1981 3943 .
2027 3928 2040 3943 .
2085 3928 2100 3944 .
2146 3929 2159 3944 .
2205 3931 2219 3944 .
2263 3929 2277 3945 .

575 3964 689 4021 XV.
723 3964 929 4045 Adhuc
961 3964 1118 4045 etde
1148 3962 1402 4045 Sabbato
1424 3960 1826 4045 scriptum-est
1857 3960 1913 4014 in
1947 3962 2146 4045 decem
2168 3960 2602 4045 verb.is,quibus
2628 3962 2859 4045 locutus
2885 3973 2982 4045 est
3008 3969 3298 4045 iumento
3328 3972 3470 4045 Sina
3501 3974 3570 4027 ad
3608 3977 3845 4045 Moysen

435 4076 450 4092 .
492 4073 508 4089 .
555 4077 569 4091 .
614 4077 628 4092 .
672 4077 687 4092 .
730 4077 743 4091 .
791 4051 827 4091 .:
861 4035 1208 4104 Sanctiﬁcate
1236 4032 1532 4089 Sabbutum
1560 4032 1782 4104 Domini
1810 4033 2070 4104 manibus
2114 4033 2355 4099 mundis,
2389 4032 2439 4089 et
2468 4050 2609 4103 puro
2653 4038 2827 4091 corde.
2883 4039 2949 4093 Et
2997 4040 3132 4096 alibi
3166 4043 3309 4098 dicit
3341 4059 3355 4100 :
3386 4044 3446 4099 Si
3487 4032 3850 4100 custodiérint

432 4107 542 4186 Elii
570 4108 681 4186 mei
702 4107 1018 4173 Sabbatum,
1050 4102 1184 4160 tunc
1209 4106 1415 4186 faciam
1442 4102 1881 4186 misericordiam
1898 4104 1973 4186 .in
2171 4105 2490 4186 Sabbatum
2524 4106 2664 4186 dicit
2695 4108 2927 4186 initium
2957 4112 3068 4182 (98)
3108 4116 3546 4172 constitutionis
3580 4134 3593 4172 :
3628 4118 3688 4171 El
3718 4117 3847 4186 fecit

602 4179 691 4234 die
716 4187 868 4234 sexto
897 4194 1077 4254 opera,
1097 4194 1218 4243 sua,
1250 4175 1729 4254 etconsummavit
1757 4175 1937 4254 indie
1964 4176 2211 4246 septimo,
2242 4180 2593 4254 etrequiegzt
2623 4180 2681 4234 in
2713 4179 2816 4235 illo
2843 4175 2973 4254 die,
3009 4225 3023 4238 .
3051 4175 3082 4239 ’.
3127 4225 3140 4240 .
3186 4226 3199 4241 .
3240 4175 3849 4254 Αιιειιάίιε,61ίί,ᾀυίι1

433 4250 599 4316 dicit,
633 4246 1030 4306 consummavit
1056 4252 1119 4304 in
1146 4264 1244 4303 sea:
1271 4247 1407 4302 dies.
1445 4246 1882 4319 Hoc‘dicit,quia
1912 4248 2343 4319 consummavit
2373 4246 2484 4319 (90)
2514 4249 2667 4307 Deus
2692 4253 2892 4307 omnia
2920 4246 2980 4308 in
3012 4271 3114 4310 sex
3152 4256 3340 4313 millia
3370 4246 3687 4315 annorum:
3714 4246 3849 4314 Dies

433 4322 589 4401 enim
624 4323 775 4401 apud
808 4321 998 4401 illum2
1033 4319 1192 4376 mille
1221 4320 1357 4401 anni
1382 4316 1676 4400 sunt.lpse
1710 4317 2051 4401 mihi‘testis
2079 4316 2398 4383 est,dicens
2433 4339 2444 4375 :
2477 4322 2611 4376 Ecce
2630 4322 2930 4401 bodiernus
2954 4325 3071 4401 dies
3096 4329 3478 4401 erjttanquam
3508 4332 3667 4385 mille
3688 4331 3850 4385 anni.

432 4387 781 4472 I_Jnde_s_cire
809 4387 1065 4472 debetis,
1089 4433 1102 4447 .
1135 4433 1148 4447 .
1185 4432 1198 4447 .
1232 4391 1368 4472 quia
1402 4430 1415 4444 .
1453 4432 1465 4445 .
1496 4428 1513 4445 .
1550 4387 1609 4443 in
1642 4387 2256 4472 sexﬁmilliaaunorum
2288 4394 2862 4472 consummabuntur
2886 4397 3102 4472 omnia.
3128 4400 3202 4472 Et
3223 4387 3363 4472 qui'd
3397 4403 3849 4472 dicit,Requievit

431 4447 688 4543 Deus'die
709 4447 990 4543 septima?
1016 4447 1135 4543 ΙΪρο
1165 4447 1273 4531 εει)
1307 4478 1442 4543 cum
1459 4459 1706 4543 _ve‘nerit
1727 4459 1908 4543 Filius
1940 4459 2197 4543 illius,et.
2217 4464 2549 4543 amputabit
2578 4447 2824 4543 tempus
2841 4447 3850 4543 inﬁnitatis;

433 4539 492 4592 et
541 4531 795 4592 mutabit
840 4536 1045 4606 solem,
1076 4534 1280 4607 lunam
1334 4537 1393 4588 et
1424 4531 1659 4607 stellas);
1692 4534 1833 4607 tunc
1864 4531 2008 4587 bene
2030 4531 2357 4607 requiescet
2382 4534 2441 4590 in
2464 4535 2559 4592 die
2580 4531 3263 4607 septimaAd'summam
3290 4531 3403 4599 hoc
3426 4545 3600 4599 dicit:
3624 4531 3848 4599 Sancti;

431 4607 622 4679 ficabis
652 4608 818 4664 illum
846 4607 993 4664 diem
1021 4602 1282 4662 manibus
1308 4604 1553 4673 mundis,
1584 4606 1638 4660 et
1663 4602 1825 4659 corde
1846 4602 2199 4675 puro.Quém
2232 4606 2375 4675 (100)
2398 4623 2533 4679 ergo
2556 4602 2711 4663 die'm
2744 4612 3129 4669 sanctiﬁcavit
3157 4614 3473 4686 Deus,quis
3498 4618 3689 4687 potest
3714 4632 3847 4670 san-

502 4702 549 4744 ⁸⁸
578 4704 688 4760 Isa.
718 4719 855 4773 xm,
886 4704 941 4774 6,
971 4703 1030 4761 7.
1101 4701 1148 4740 '9
1177 4701 1288 4760 Isa.
1319 4717 1471 4770 χιιι,
1500 4700 1555 4757 6.
1634 4699 1678 4735 ⁰⁰
1705 4698 1818 4756 Isa.
1851 4715 1964 4772 LXI,
1998 4700 2052 4758 1.

432 4774 480 4812 ”
509 4774 652 4833 Gen.
685 4792 749 4833 ιι.
781 4778 835 4831 2.
1010 4826 1011 4829 η

2211 4701 2255 4739 ⁸⁸
2286 4704 2465 4759 Exod.
2498 4720 2594 4769 xx,
2639 4704 2709 4771 8;
2746 4704 2913 4761 Deut.
2944 4723 3002 4776 v,
3036 4709 3124 4764 12.
3200 4711 3245 4747 θ’
3294 4711 3412 4765 Jer.
3468 4727 3604 4777 xvu,
3634 4711 3725 4779 24,
3755 4710 3846 4766 25.

640 4817 652 4831 .
688 4817 749 4847 ..,
782 4817 835 4831 ..η

1816 4858 2199 4917 VARIORUM
2239 4860 2473 4918 NOTAE.

505 4961 622 5043 (87)
653 4961 781 5018 Aea
832 4972 937 5034 per
981 4957 1323 5033 prophetam
1354 4955 1511 5014 Deus
1559 4954 1729 5013 Pater
1775 4954 1848 5011 ad
1882 4955 2096 5015 Filium
2278 4957 2391 5043 (9ft)
2422 4958 2739 5043 diluculum.
2761 4962 2875 5043 Aut
2904 4963 3102 5037 suppl.
3144 4968 3409 5043 perfect
3443 4968 3559 5043 leg.
3598 4968 3850 5024 adventu.

438 5033 725 5105 loquitur.
841 5033 848 5034 ⁷
2276 5033 2389 5101 (95)
2418 5039 2740 5105 Sct'vorum.
2772 5033 2857 5090 Al.
2906 5033 3255 5097 sermonum.
3296 5033 3536 5098 Fellus”:
3565 5055 3845 5097 servorum

508 5104 623 5183 (88)
653 5112 770 5168 Ct‘r.
804 5127 1002 5184 supra.
1032 5113 1153 5184 n_ot.
1184 5110 1274 5165 81.
1307 5180 1320 5184 _
1354 5179 1459 5184 ____
1502 5141 1504 5145 ν
1600 5177 1614 5184 _
1746 5176 1780 5184 __

2204 5111 2427 5184 suorum
2444 5121 2555 5184 ‘per
2580 5104 2822 5184 uerbum.

531 5175 623 5254 89)
656 5175 1028 5254 Iterum'hazc
1055 5182 1224 5239 Pater
1253 5180 1325 5237 ad
1354 5179 1569 5235 Filium
1600 5176 1883 5250 loquitur.
2275 5176 2388 5254 (9g)
2421 5176 2694 5254 gentibus.
2728 5175 2818 5254 Al.
2846 5180 3044 5254 gentis.

531 5186 623 5254 89)
656 5188 875 5239 Iterum
906 5186 1028 5238 haec
1055 5186 1224 5239 Pater
1253 5186 1325 5237 ad
1356 5186 1569 5235 Filium
1601 5186 1883 5250 loquitur.
2275 5186 2388 5246 (90)
2421 5186 2694 5231 Gentibus.
2728 5186 2818 5231 A1.
2848 5186 3044 5248 gentis.

506 5186 622 5396 ἕω)
652 5254 739 5309 ΑΙ,
772 5252 976 5338 Κυρςφ,
1158 5324 1168 5336 .
2275 5246 2387 5318 (97)
2420 5248 2760 5330 Hominibus.
2790 5250 2878 5303 Al.
2914 5249 3216 5337 humilibus
3248 5253 3394 5336 nihil
3418 5258 3608 5336 mutat
3642 5251 3851 5309 Fellus.

528 5327 618 5394 9|)
652 5327 776 5381 Haec
806 5325 987 5382 Filius
1016 5324 1275 5393 loquitur
1307 5340 1407 5396 per
1438 5320 1808 5396 prophetam.
1848 5394 1854 5396 _
1927 5391 1949 5396 _
1976 5390 2064 5396 ____
2274 5318 2385 5396 (98)
2418 5319 2668 5396 Initium.
2704 5318 2771 5374 Al
2801 5320 3031 5396 _mal_unt
3064 5335 3245 5381 initio.
3297 5326 3392 5380 Sic
3421 5327 3604 5381 edidit
3636 5324 3851 5381 Fellus.

2274 5318 2385 5387 (98)
2418 5319 2668 5374 Initium.
2704 5318 2771 5374 Al
2806 5320 3031 5376 malunt
3064 5326 3245 5381 initio.
3297 5326 3392 5380 Sic
3421 5326 3604 5381 edidit
3636 5324 3851 5381 Fellus.

504 5388 618 5469 (92)
650 5397 792 5454 Gen.
825 5414 897 5469 ιιι
921 5399 978 5466 2,
1009 5388 1335 5453 secundum
1364 5388 1685 5450 He'brfnon
1727 5393 1900 5463 juxta
1927 5390 2088 5460 LXX,
2252 5390 2385 5469 _(99)
2419 5388 2849 5459 Consummavit,
2897 5393 3063 5450 Forte
3109 5398 3525 5453 consummabit.
3578 5397 3664 5453 Ita
3713 5396 3853 5452 Felli

434 5464 534 5542 qui
570 5464 790 5525 habent
823 5484 837 5526 :
871 5464 1021 5543 έκτῃ.

501 5540 623 5665 (93)
655 5540 934 5627 _Davisius
982 5537 1260 5623 postulat.
1305 5531 1631 5602 συντελέσει,
1703 5532 1904 5602 male;
1950 5550 2069 5590 nan

434 5630 585 5665 συντε
629 5630 676 5665 ει
706 5617 797 5665 est
843 5615 1109 5665 futurum
1160 5616 1319 5665 attlo.
1368 5609 1591 5665 Buttm.
1645 5605 1904 5663 Gramm.
1937 5604 1967 5665 8
1995 5607 2067 5661 86

2674 5531 2761 5589 ΑΙ·
2797 5534 2858 5591 δέ
2883 5550 3062 5608 quem:
3107 5539 3277 5610 juxta
3317 5539 3608 5598 Graecum.
3658 5537 3854 5595 Fellus

432 5603 797 5741 auvﬁXclizest
843 5603 1109 5674 futurum
1160 5609 1319 5670 attic.
1368 5609 1591 5666 Buttm.
1645 5605 1904 5663 Gramm.
1937 5604 1967 5680 §
1995 5607 2089 5675 86,
2199 5603 2347 5662 nihil
2382 5604 2573 5664 addit.

432 5700 493 5743 n.
603 5727 621 5757 ,
722 5726 738 5745 .
2342 5753 2353 5757 -

528 5320 618 5394 9t)
652 5327 776 5381 Haec
806 5320 987 5382 Filius
1016 5324 1275 5393 loquitur
1307 5340 1407 5396 per
1438 5320 1808 5396 prophetam.
