4038 6210
349 378 461 434 ’771
1582 372 1644 434 S.
1694 372 2092 435 BARNAB/E
2133 371 2543 435 APOSTOLI.
3635 380 3738 443 772

346 508 472 563 dies
502 505 895 578 aequiperatur
924 504 1084 560 mille
1127 506 1366 561 annis“.
1403 509 1653 578 lpsemet
1700 508 1857 562 enim
1906 511 1952 561 te

2104 504 2156 559 ἐν
2196 502 2586 580 ἑξακισχιλίοις
2635 500 2772 558 ἔτεσι
2819 505 2884 558 τὰ
2926 504 3117 560 πάντα’
3170 508 3203 574 ἠ
3253 508 3358 581 γὰρ
3404 509 3581 583 ἡμὲρα
3626 514 3739 585 παρ’

349 600 558 663 statur,
609 596 855 650 dicens:
892 598 1025 649 Ecce
1072 595 1370 650 hodiernus
1418 597 1530 651 dies
1576 598 1685 651 erit
1734 599 1952 667 tanquai

2104 593 2250 665 αὐτῷ
2282 592 2441 669 χιλια
2497 592 2615 662 ἔτη.
2677 592 2849 653 Αὐτὸς
2899 591 2955 647 δὲ
3009 600 3290 669 μαρτυρεῖ,
3345 595 3550 670 λέγων’
3596 597 3735 672 Ἰδοὺ,

348 685 503 738 mitte
521 685 724 738 anni“.
760 684 973 753 Itaque,
1008 682 1134 753 lilii,
1167 683 1226 737 in
1260 700 1357 738 sex
1388 684 1617 754 diebus,
1646 684 1754 740 hoc
1784 687 1893 751 est,
1935 683 1951 737 i

2106 684 2345 758 σήμερον
2415 681 2597 756 ἡμέρα
2669 676 2813 735 ἔσται
2891 682 2967 742 ὡς
3042 682 3203 757 χίλια
3281 680 3373 754 ἔτη
3430 729 3442 741 .
3492 685 3734 758 Οὐκοῦν,

350 790 450 828 sex
478 788 765 827 annorum
806 771 1067 826 millibus
1095 774 1665 827 consummabuntur
1700 771 1952 826 universa

2101 771 2282 840 τέκνα,
2343 770 2394 825 ἐν
2555 769 2811 843 ἡμέραις,
2870 770 2920 824 ἐν
2978 777 3094 832 τοῖς
3152 770 3546 848 ἑξακισχιλίοις
3594 773 3735 849 ἔτεσι,

346 864 412 917 Et
442 863 707 932 requievit
743 861 834 916 die
869 863 1117 931 septima.
1152 860 1268 915 Hoc
1312 860 1392 916 ait
1425 879 1436 915 :
1475 863 1708 931 quando
1759 861 1952 915 venien

2105 859 2576 930 συντελεσθήσεται
2660 858 2727 933 τά
2799 859 2971 913 πάντα
3027 902 3041 915 .
3121 860 3221 916 Καὶ
3313 861 3603 918 κατέπαυσε
3677 865 3734 941 τῇ

349 951 478 1022 ejus
511 949 690 1005 Filius
723 952 954 1020 tempus
984 948 1171 1020 iniqui
1194 948 1468 1017 abolebit,
1494 949 1863 1020 acjudicabit
1885 949 1952 1003 im

2103 949 2285 1022 ἡμέρᾳ
2337 946 2406 1023 τῇ
2466 943 2693 1021 ἐϐδόμῃ.
2750 951 2919 1002 Τοῦτο
2977 946 3145 1024 λέγει*
3181 948 3308 1004 ὅταν
3373 948 3734 1017 excavare:

354 1040 502 1111 pios,
534 1043 592 1094 et
629 1038 881 1095 mutabit
908 1036 1087 1093 solem
1119 1054 1184 1093 ac
1215 1037 1416 1094 lunam
1467 1037 1812 1109 stellasque;
1859 1045 1952 1092 tun

2102 1035 2267 1092 αὐτοῦ
2323 1036 2411 1092 καὶ
2458 1038 2785 1112 καταργήσει
2842 1036 2934 1092 τὸν
2988 1037 3177 1113 καὶρὸν
3236 1038 3446 1112 ἀνόμου
3502 1042 3611 1115 (1),
3657 1043 3733 1098 καὶ

352 1128 596 1199 pulchre
610 1126 1066 1199 resquiescetdie
1088 1128 1357 1198 septima.
1374 1127 1635 1198 Denique
1658 1127 1739 1181 ait
1756 1145 1769 1182 :
1785 1126 1951 1182 Sanct

2102 1131 2277 1200 κρινεῖ
2329 1125 2457 1189 τοὺς
2517 1120 2771 1198 ἀσεϐεῖς,
2826 1125 2916 1181 καὶ
2977 1124 3204 1197 ἀλλάξει
3258 1128 3353 1183 τὸν
3413 1128 3604 1203 ἥλιον,
3658 1133 3733 1187 καὶ

345 1217 538 1287 ﬁcabis
564 1234 685 1274 eam
722 1217 981 1272 manibus
1024 1217 1240 1271 mundis
1285 1221 1335 1271 et
1369 1218 1526 1272 corde
1572 1232 1728 1287 puro.
1768 1216 1826 1270 Si
1858 1231 1952 1288 erg

2100 1216 2199 1286 τὴν
2249 1214 2504 1286 σελήνην,
2557 1216 2647 1269 καὶ
2693 1214 2820 1278 τοὺς
2869 1214 3095 1292 ἀστέρας
3125 1261 3138 1285 ,
3189 1217 3317 1272 τότε
3361 1219 3547 1281 καλῶς
3592 1241 3732 1277 κατα-

338 1322 511 1375 quam
544 1306 697 1361 diem
730 1306 884 1361 Deus
919 1306 1325 1371 sanctiﬁcavit,
1362 1305 1578 1377 aliquis
1613 1321 1763 1359 nunc
1800 1308 1952 1375 potes

2100 1304 2361 1359 παύσεται
2410 1304 2463 1359 ἐν
2504 1309 2574 1379 τῇ
2625 1306 2807 1379 ἡμέρᾳ
2852 1309 2921 1378 τῇ
2974 1300 3184 1380 ἐϐδόμῃ
3363 1308 3534 1380 Πὲρας
3562 1311 3617 1385 γὲ
3661 1330 3732 1366 τοι

334 1395 725 1463 sanctiﬁcare,
776 1395 886 1450 nisi
937 1394 1014 1448 sit
1083 1411 1184 1466 per
1235 1395 1432 1449 omnia
1482 1395 1738 1449 mundus
1796 1394 1952 1448 corde

2101 1392 2245 1470 λέγει
2281 1413 2294 1425 ⁶
2355 1392 2624 1470 Ἃγιάσεις
2699 1393 2865 1463 αὐτὴν
2938 1393 2989 1447 ἐν
3068 1393 3229 1470 χερσί
3304 1398 3604 1473 καθαραῖς,
3656 1401 3731 1455 καὶ

336 1485 681 1539 erravimus.
726 1483 870 1538 Vide
928 1498 1109 1554 ergo:
1145 1488 1297 1538 certe
1353 1487 1491 1537 tunc
1546 1482 1784 1554 pulchre
1831 1482 1952 1553 quis

2098 1481 2296 1559 καρδίᾳ
2349 1484 2554 1558 καθαρᾷ
2742 1484 2807 1539 Εἰ
2856 1481 2974 1549 οὖν,
3004 1485 3067 1553 ἣν
3117 1485 3247 1545 Θεὸς
3298 1485 3510 1560 ἡμέραν
3541 1488 3729 1563 ἡγίασε,

341 1588 511 1627 scens
569 1572 897 1626 sanctificat
944 1571 1204 1643 [aliquis]
1260 1588 1418 1637 eam,
1473 1588 1606 1626 cum
1666 1572 1952 1643 poterimu

2098 1576 2188 1625 νῦν
2235 1594 2317 1634 τις
2377 1569 2596 1627 δύναται
2655 1571 2895 1647 ἁγιάσαι,
2930 1572 2975 1626 εἷ
3010 1574 3086 1645 μή
3119 1574 3356 1649 καθαρὸς
3390 1572 3462 1628 ὢν
3510 1580 3576 1649 τῇ
3623 1599 3732 1653 καρ-

336 1660 451 1732 ipsi
474 1662 637 1730 justo
668 1662 919 1730 [facere],
955 1664 1189 1732 accepta
1221 1660 1628 1731 promissione,
1662 1660 1850 1715 deleta
1878 1660 1952 1715 ini

2099 1658 2187 1732 δίᾳ
2236 1660 2286 1716 ἐν
2342 1667 2494 1733 πᾶσι,
2552 1659 2969 1733 πεπλανήμεθα.
3029 1658 3128 1717 Ἴδ³
3182 1662 3298 1716 οὖν·
3363 1660 3465 1739 ἄρα
3520 1666 3592 1737 (4)
3628 1666 3732 1721 τότε

341 1750 601 1821 quitate,
654 1750 879 1804 novatis
934 1765 1067 1804 vero
1118 1749 1344 1804 cunctis
1397 1767 1431 1805 a
1487 1749 1769 1804 Domino.
1827 1750 1951 1804 Tun

2095 1749 2281 1812 καλῶς
2330 1749 2776 1822 καταπαυόμενος
2827 1750 3033 1824 ἁγιάζει
3092 1749 3259 1820 αὐτὴν
3312 1754 3414 1825 (5),
3466 1751 3551 1807 ὅτε
3592 1751 3731 1825 δυνη-

336 1838 659 1910 poterimus
686 1838 839 1893 diem
872 1838 1031 1893 illam
1066 1838 1516 1903 sanctiﬁcare,si
1549 1855 1654 1893 nos
1685 1838 1797 1909 ipsi
1822 1839 1952 1910 prin

2099 1838 2305 1911 σόμεθα
2351 1838 2503 1894 αὐτοὶ
2558 1836 2780 1894 δίκαια⁶
2834 1834 3202 1902 ἀπολαϐόντες
3251 1842 3357 1910 τὴν
3404 1840 3729 1917 ἐπαγγελίαν,

2137 1928 2149 1943 .
2204 1930 2213 1943 .
2357 1924 2383 1943 ,ι
2549 1929 2562 1943 .
2691 1928 2701 1943 .
3021 1928 3032 1943 .
3201 1927 3245 1943 ει.
3434 1935 3461 1943 _
3598 1932 3607 1943 .

332 1926 620 1981 fuerimus
650 1926 981 1982 santiticati.
1006 1926 1254 1981 Demum
1290 1925 1407 1981 illis
1466 1926 1606 1981 dicit
1640 1944 1652 1981 :
1684 1926 1952 1982 Noviluni

2096 1928 2273 1983 οὐκετι
2322 1924 2489 1999 οὔσης
2539 1928 2791 2001 ἀνομίας,
2839 1928 3144 2004 γεγονότων
3198 1927 3256 1984 δὲ
3305 1935 3501 1985 καινῶν
3544 1932 3729 1987 πάντων

334 2019 507 2070 vestra
553 2022 602 2070 et
652 2015 889 2070 Sabbata
944 2019 1124 2069 vestra
1174 2031 1289 2070 non
1329 2016 1514 2085 fero“.
1565 2016 1813 2083 Cernite,
1848 2033 1952 2087 quc

2097 2016 2198 2071 ὑπὸ
2259 2016 2457 2093 Κυρίου
2664 2016 2794 2071 Τότε
2852 2013 3197 2089 δυνησόμεθα
3254 2017 3426 2088 αὐτὴν
3487 2021 3725 2095 ἁγιάσαι,

329 2104 499 2159 modo
534 2103 844 2175 loquatur:
870 2120 988 2158 non
1020 2103 1167 2158 mihi
1198 2108 1435 2175 accepta
1484 2110 1624 2159 sunt
1677 2105 1952 2175 praesenti.

2091 2104 2243 2160 αὐτοὶ
2320 2105 2655 2181 ἁγιασθέντες
2729 2110 2988 2180 πρῶτον.
3052 2105 3223 2182 Πέρας
3305 2107 3371 2183 γε
3444 2129 3526 2163 τοι
3600 2107 3722 2185 λέγει

332 2192 605 2258 Sabbala,
640 2193 739 2247 sed
771 2192 892 2260 illa,
928 2210 1054 2263 quae
1100 2209 1205 2263 ego
1256 2194 1430 2260 fecit;
1475 2194 1707 2264 quando
1738 2193 1952 2249 scilicet

2091 2193 2274 2257 αὐτοῖς
2309 2216 2321 2228 ·
2382 2195 2485 2256 Τὰς
2560 2194 2856 2266 νεομηνίας
2933 2195 3085 2267 ὑμῶν
3117 2243 3133 2268 ,
3185 2196 3276 2250 καὶ
3355 2197 3423 2251 τὰ
3496 2193 3723 2252 Σαϐϐατα

333 2281 617 2355 universis
650 2282 821 2336 tinem
856 2282 1184 2351 imponens,
1229 2282 1411 2337 octavi
1449 2283 1561 2336 diei
1612 2281 1819 2337 faciam
1868 2282 1950 2338 ini

2092 2283 2243 2356 ὑμῶν
2302 2282 2401 2338 οὐκ
2450 2283 2742 2359 ἀνέχομαι.
2794 2288 2998 2355 Ὁρᾶτε,
3059 2288 3179 2347 πῶς
3235 2283 3410 2361 λέγει’
3465 2286 3535 2341 Οὐ
3559 2287 3619 2342 τὰ
3644 2291 3721 2341 νῦν

332 2373 502 2441 tium,
540 2372 645 2426 bcc
698 2375 807 2437 est,
842 2369 1075 2424 initium
1126 2370 1367 2425 alterius
1419 2370 1643 2425 mundi.
1681 2370 1896 2426 Idcirco
1922 2388 1952 2427 e

2089 2366 2343 2427 Σάϐϐατα
2392 2371 2515 2445 ἐμοὶ
2568 2370 2748 2441 δεκτᾶ,
2799 2370 2925 2427 ἀλλ’
2973 2372 3006 2427 ἃ
3050 2374 3347 2447 πεποίηκα,
3394 2374 3445 2431 ἐν
3494 2377 3537 2447 ᾧ
3582 2397 3719 2430 κατα-

331 2461 483 2515 diem
531 2466 796 2515 octavum
848 2459 905 2513 in
952 2457 1151 2512 laetitia
1206 2459 1476 2531 agimus;
1538 2476 1653 2530 quo
1702 2464 1760 2515 et
1802 2460 1952 2515 Jesu:

2084 2460 2291 2523 παύσας
2332 2462 2401 2515 τὰ
2447 2460 2637 2529 πάντα,
2687 2460 2866 2537 ἀρχὴν
2908 2460 3119 2538 ἡμέρας
3165 2460 3374 2538 ὀγδόης
3423 2466 3648 2534 ποιήσω,
3692 2462 3718 2518 8

328 2548 646 2605 resurrexit
677 2565 710 2603 a
742 2548 1011 2614 mortuis,
1043 2551 1255 2602 etcum
1288 2548 1677 2620 apparuisset,
1713 2549 1946 2604 ascendi

2084 2550 2215 2623 ἐστι,
2267 2548 2441 2605 ἄλλου
2490 2550 2701 2623 κόσμου
2760 2551 2938 2627 ἀρχήν
3145 2554 3221 2625 (8)
3271 2554 3368 2607 Διὸ
3415 2554 3503 2607 καὶ
3534 2555 3709 2627 ἄγομεν

326 2639 394 2693 ad
430 2637 623 2694 oculos.
2078 2641 2181 2708 τήν
2234 2640 2443 2716 ἡμέραν
2499 2642 2599 2709 τήν
2654 2638 2853 2715 ὀγδόην
2915 2639 2991 2702 εἷς
3052 2640 3414 2718 εὐφροσύνην,
3462 2640 3510 2696 ἐν
3634 2642 3708 2696 καὶ

2081 2728 2109 2782 ὁ
2139 2730 2347 2798 Ἰησοῦς
2375 2728 2568 2799 ἀνέστη
2603 2727 2661 2783 ἐκ
2688 2734 2915 2803 νεκρῶν,
2947 2728 3036 2784 καὶ
3076 2730 3409 2808 φανερωθεῖς
3443 2733 3518 2805 (9)
3564 2726 3708 2802 ἀνέϐη

2079 2816 2157 2879 εἷς
2181 2816 2309 2879 τοὺς
2341 2816 2627 2894 οὐρανούς.

753 2913 894 2969 XVI.
928 2914 1043 2968 Non
1075 2914 1334 2984 templum
1360 2913 1696 2985 Iudaeorum,
1728 2914 1821 2969 sed
1848 2917 2141 2987 spirituale
2170 2917 2432 2989 templum
2460 2919 2907 2975 Christianorum
2938 2923 3047 2974 Deo
3074 2919 3308 2991 placuit.

477 3000 676 3056 Adhuc
708 3002 863 3058 etde
892 3001 1113 3073 templo
1156 3003 1286 3058 dica
1329 3002 1515 3074 vobis,
1561 3004 1849 3073 quomodo
1880 3020 1952 3059 er«

2151 3005 2271 3059 Ἔτι
2300 3004 2390 3059 καὶ
2418 3004 2543 3082 περὶ
2571 3008 2668 3059 τοῦ
2710 3009 2841 3060 ναοῦ
2877 3003 2983 3080 ἐρῶ
3035 3005 3183 3079 ὑμῖνο
3216 3010 3338 3069 πῶς
3385 3003 3711 3079 πλανώμενοι

1713 3110 1883 3171 Vetus
1912 3112 2352 3194 interpretatio.

326 3205 579 3294 ctiﬁeage
612 3204 804 3294 modo,
839 3204 953 3261 nisi
976 3205 1075 3278 qui
1109 3206 1187 3262 sit
1204 3206 1424 3263 mundo
1455 3206 1627 3262 corde
1655 3207 1712 3261 in
1746 3208 2058 3294 omnibus?
2085 3210 2210 3265 Non
2244 3211 2561 3294 erravimus
2590 3211 2995 3294 (10).”Yidens
3020 3227 3179 3294 ergo
3227 3212 3335 3284 qui
3365 3212 3711 3294 refrigeratis

323 3276 710 3356 sanctiﬁcavit
738 3276 942 3345 illum;
980 3276 1109 3356 7.
1148 3319 1223 3356 7.77,
1269 3319 1282 3333 .
1327 3320 1409 3356 ._._
1444 3318 1457 3332 .
1503 3316 1516 3330 .
1563 3319 1576 3356 ε
1621 3317 1634 3332 .
1679 3320 1692 3333 .
1739 3320 1752 3333 .
1794 3284 1853 3334 et
1883 3296 1988 3336 nos
2026 3286 2166 3356 tunc
2196 3284 2519 3354 poterimus
2576 3276 2965 3356 sanctiﬁcare,
3016 3276 3140 3356 ipsi
3184 3276 3553 3340 sa'nctiticati'
3604 3283 3709 3355 pri-

323 3365 510 3426 gnum:
532 3349 615 3426 Ad
650 3364 943 3426 summam
976 3348 1117 3403 dicit
1144 3349 1262 3426 illis
1294 3350 1468 3426 :_D_i_es
1497 3349 1763 3426 solemnes
1783 3359 2013 3426 uestros,
2037 3357 2091 3426 et
2120 3348 2358 3426 Saibata
2378 3372 2489 3409 non
2516 3357 2776 3410 sustineo.
2809 3348 3181 3426 Vide'tefquo
3214 3357 3391 3411 modo
3422 3356 3580 3419 dicit,
3605 3348 3706 3410 non

325 3421 447 3497 haec
478 3420 732 3497 sabbata
761 3420 1019 3497 sibinon
1052 3425 1286 3497 accepta
1312 3421 1449 3497 (11),
1483 3421 1584 3497 sed
1616 3438 1741 3497 quae
1773 3422 1927 3490 fecit,
1961 3428 2018 3478 et
2046 3425 2105 3478 in
2138 3425 2230 3479 die
2261 3442 2367 3480 suo
2390 3427 2821 3482 consummavit
2850 3420 3347 3497 omnia,'initium
3398 3432 3589 3483 octava
3626 3426 3707 3480 die

330 3494 484 3571 facie
514 3492 647 3562 (12),
682 3491 783 3562 qui
814 3490 1171 3571 estalterius
1190 3490 1387 3571 seaculi
1412 3490 1930 3571 'initiuni7.7Propter
1960 3497 2365 3571 quodagimus
2389 3498 2540 3554 diem
2570 3504 2838 3553 octavum
2859 3499 2917 3553 in
2937 3490 3286 3571 legationem
3309 3517 3322 3568 ;
3344 3500 3405 3554 in
3427 3498 3704 3571 quem(l3)

333 3567 390 3619 et
409 3563 584 3636 Jesus
616 3562 929 3636 resurrexit
960 3581 993 3619 a
1022 3564 1299 3636 mortuis;
1333 3569 1389 3620 et
1418 3565 1710 3636 apparuit,
1747 3562 2095 3622 et'ascendit
2116 3562 2400 3623 iniiccelos.

399 3634 523 3711 XVI
553 3634 756 3711 Adhuc
787 3647 849 3711 et
873 3635 942 3711 de
975 3635 1191 3711 templo
1222 3634 1645 3711 dicemus—(14),
1680 3634 1998 3711 quomodo
2029 3646 2284 3695 errantes
2314 3641 2372 3693 in
2404 3640 2584 3694 aedem
2610 3655 2771 3711 spem
2806 3640 3141 3697 habuerunt
3182 3645 3463 3711 tanquam
3509 3640 3564 3695 in
3606 3638 3701 3711 D70-

327 3707 553 3782 minum
586 3706 1005 3782 (15),_qui_7illos
1037 3706 1170 3782 fecit
1199 3709 1374 3782 quasi
1391 3706 1711 3782 sit7domus
1735 3709 1870 3765 Dei:
1904 3715 2184 3782 tanquam
2209 3711 2552 3782 ethnici(16)
2584 3706 3378 3782 co'nservaverunttt7)illu'm
3402 3714 3460 3767 in
3484 3709 3699 3781 templo.

331 3779 440 3833 Sed
474 3795 586 3849 quo
620 3779 793 3833 modo
825 3778 979 3833 dicat
1014 3778 1312 3855 Dominus,
1347 3779 1574 3855 discite,
1608 3797 1868 3855 vacuum
1889 3778 2108 3837 faciens
2138 3785 2409 3853 templum
2444 3778 2459 3839 ὲ
2496 3778 2626 3851 Quis
2653 3786 2869 3839 mensus
2899 3788 2978 3838 est
3007 3778 3201 3840 castum
3227 3786 3435 3855 palmo,
3468 3794 3556 3838 aut
3598 3778 3703 3847 quis

323 3854 490 3904 totum
520 3856 733 3904 terram
758 3866 944 3920 pugno
971 3851 1356 3923 apprehendit?
1383 3853 1571 3923 Nonne
1596 3851 1737 3906 mihi
1766 3852 1899 3923 (18),
1933 3855 2065 3908 dicit
2095 3851 2377 3922 Dominus,
2412 3859 2608 3909 cretum
2637 3855 2866 3910 thronus
2896 3859 2994 3920 est,
3028 3865 3173 3910 terra
3200 3851 3387 3910 autem
3424 3851 3704 3910 'scabcltum

314 3923 516 3997 pedum
544 3938 792 3997 meorum
819 3924 923 3976 est?
952 3923 1201 3997 Qualem
1215 3921 1614 3997 7domum_mihi
1642 3921 2015 3991 azdiﬁcabztis,
2051 3935 2145 3980 aut
2190 3929 2312 3996 quis
2370 3928 2518 3981 locus
2571 3930 2677 3981 erit
2714 3929 3073 3997 requietionis
3122 3944 3272 3981 mete.
3307 3927 3471 3982 Unde
3520 3940 3704 3997 cogno-

319 3994 506 4057 scitis,
540 3996 675 4063 quia
703 4009 853 4047 vana
882 4009 1015 4064 spes
1047 3999 1137 4048 est
1165 3993 1413 4049 illorum.
1445 3994 1507 4048 Et
1530 3997 1739 4049 iterum
1774 4011 1787 4050 :
1834 4037 1846 4049 .
1891 4034 1907 4050 .
1953 4036 1966 4050 .
2011 3999 2115 4064 Qui
2142 3992 2511 4069 deposuerunt
2539 3992 2806 4070 templum
2836 4000 2954 4067 hoc,
2988 4000 3095 4071 ipsi
3126 3999 3266 4054 illud
3294 4004 3347 4054 et
3379 3992 3702 4068 wdiﬁcabunt

390 4082 435 4115 9‘
467 4079 582 4137 Ct'r.
616 4084 650 4135 2
681 4081 834 4137 Petr.
882 4098 968 4151 ιιι,
1003 4086 1055 4138 8.
1134 4082 1178 4118 9⁵
1206 4082 1358 4139 Psal.
1393 4100 1618 4151 LXXXIX,
1650 4083 1702 4137 4.
1781 4084 1824 4118 ⁹⁶
1856 4085 1966 4139 Isa.
2001 4100 2041 4155 ι,
2075 4085 2162 4139 13.

1670 4184 2079 4245 νΑιιιΟιιυΜ
2128 4186 2362 4247 ΝΟΤλΕ

393 4277 471 4351 (1)
502 4281 589 4351 ita
619 4275 758 4332 Fel].
792 4276 939 4332 duce
968 4282 1083 4351 vet.
1126 4278 1369 4351 interpr.
1420 4278 1529 4335 Ms.
1570 4275 1756 4345 αὐτοῦ,
1791 4279 1962 4335 male.
2074 4283 2408 4349 erravimus,
2446 4282 2617 4347 Vides,
2650 4286 2759 4338 etc.
2803 4282 2994 4339 Fellus
3042 4286 3236 4338 autem
3285 4282 3371 4337 sic
3403 4298 3416 4336 :
3448 4282 3570 4340 Nisi
3592 4281 3699 4351 quis

393 4350 471 4421 (2)
502 4349 544 4403 Ι.
579 4366 629 4404 e.
662 4366 862 4404 verum
891 4350 1207 4406 Sabbatum
1240 4349 1558 4406 (secundo
1592 4351 1828 4405 demum
1860 4352 1967 4407 ori-
2000 4398 2040 4421 η
2075 4354 2150 4407 sit
2179 4354 2381 4410 mundo
2430 4355 2588 4410 corde
2622 4372 2635 4409 :
2671 4356 2731 4409 in
2787 4357 3041 4410 omnibus
3088 4371 3185 4410 nos
3222 4356 3549 4409 erravimus.
3592 4349 3699 4406 Vide

319 4398 683 4498 ιρὶξζςῐτῖέιί
701 4398 997 4498 ﬂgiti."
1008 4398 1967 4498 HéféiiﬁiQEIfoeaiﬁlbeviEia
1996 4398 2043 4463 D
2072 4398 3695 4498 maestast};1155.13.33;Ii“isa}."gaitf.ii1'i§&;2;;5

318 4492 585 4550 libellum
635 4510 829 4549 meum
865 4511 879 4551 :
912 4493 1258 4550 Sendscheib.
1309 4494 1363 4550 d.
1412 4495 1476 4551 A.
1527 4496 1696 4550 Barn.
1750 4511 1807 4566 p.
1859 4495 1963 4550 109
2074 4492 2573 4570 ριῐίατείτιὶρεναηδ
2600 4492 2994 4570 sdnctiﬁcabit,
3026 4501 3135 4553 etc.

314 4581 445 4636 Βίίίῖ·
1751 4563 1771 4566 “
2081 4563 2098 4567 “
2144 4568 2256 4694 (11)
2287 4563 2408 4625 Non
2436 4563 2796 4640 acceptaDelc
2836 4586 2944 4626 non
2997 4586 3131 4625 cum
3173 4567 3319 4623 Fello
3352 4567 3609 4639 aliisque.
3637 4563 3694 4619 Et

381 4638 438 4694 3)
470 4637 512 4691 Ι.
546 4652 596 4692 e.
630 4637 688 4692 Si
712 4636 1051 4693 Judaeorum
1100 4636 1356 4693 Sabbata
1384 4654 1517 4694 vera
1544 4640 1763 4694 essent.
1798 4653 1902 4692 nos
1932 4653 1965 4691 a
2073 4656 2207 4694 mox
2260 4656 2363 4694 eae
2395 4656 2408 4694 :
2436 4642 2498 4694 in
2526 4641 2613 4694 die
2640 4658 2769 4694 auo.
2801 4647 2903 4694 aut
2933 4641 3148 4694 notius.
3180 4639 3237 4694 id
3264 4639 3354 4694 die
3381 4642 3614 4694 septimo.

381 4638 438 4708 3)
470 4637 512 4713 I7.
546 4652 596 4692 e.
630 4637 688 4713 Si
712 4636 1051 4693 Judaeorum
1100 4636 1356 4713 sabbata
1384 4654 1517 4694 vera
1544 4640 1763 4704 essent,
1798 4653 1902 4713 nos
1932 4653 1965 4691 a
2073 4636 2217 4713 mox7
2236 4636 2363 4713 lege
2395 4656 2408 4695 :
2436 4642 2498 4695 in
2526 4636 2613 4713 die
2640 4658 2769 4713 quo,
2801 4647 2907 4713 aut
2933 4641 3148 4713 potius,
3180 4639 3237 4695 id
3264 4639 3354 4695 die
3381 4636 3614 4713 septimo.

314 4713 426 4764 Deo
462 4709 684 4781 decepti
718 4724 1006 4781 essemus,
1040 4708 1141 4782 qui
1172 4713 1429 4781 postulat
1458 4726 1672 4766 manus
1711 4709 1964 4765 mundas
2092 4781 2103 4783 _
2144 4712 2253 4782 (12)
2296 4708 2506 4768 Dctava
2554 4708 2853 4783 die'facta.
2900 4708 3065 4783 Degit
3120 4708 3479 4767 Menardus':
3528 4712 3692 4765 octavo

318 4784 375 4835 et
405 4796 828 4855 cor_pui~um._7
946 4849 960 4855 Α
1226 4848 1250 4855 __
1587 4851 1600 4855 _
1767 4850 1782 4855 7
2071 4781 2159 4838 die
2187 4787 2454 4850 faciams.
2491 4781 2725 4839 Fellus:
2762 4781 3221 4841 initiumioctavee
3248 4783 3364 4838 diei
3387 4788 3640 4855 facturus.

387 4852 461 4926 (4)
494 4847 577 4926 Ita
597 4852 744 4926 Dav.
776 4853 883 4908 Ms.
905 4849 963 4926 Δεἰ
997 4847 1044 4926 δ’
1074 4848 1188 4905 οὐδ’
1220 4848 1338 4925 ἄρα.
1382 4851 1563 4907 Aliter
1587 4851 1743 4926 hunc
1767 4850 1963 4907 locum
2072 4925 2109 4926 ί
2141 4847 2253 4926 (i3)
2286 4856 2349 4909 In
2379 4856 2734 4924 legationem;
2764 4858 2825 4910 in
2853 4873 3030 4926 quem.
3051 4847 3396 4919 Μεθονάυεξ
3410 4857 3469 4909 in
3499 4851 3690 4907 latitia.

314 4923 563 4993 explicui
594 4923 651 4977 in
683 4924 1125 4981 Seadschreiben
1159 4943 1211 4980 a.
1239 4923 1305 4982 Ᾱ.
1336 4926 1506 4979 Barn.
1541 4941 1597 4995 p.
1624 4925 1747 4978 110.
2071 4924 2264 4980 Fellus
2296 4927 2380 4981 sic
2416 4923 2443 4981 εί
2463 4928 2519 4981 in
2546 4923 2986 4998 laeti/irationem.
3017 4927 3108 4981 Al.
3144 4930 3200 4982 in
3230 4926 3692 4983 laetationeiimlox

382 4995 459 5049 (5l
490 4995 579 5049 Sc.
614 5014 720 5049 τις.
2072 5000 2373 5049 omnes.in
2406 5015 2529 5049 auo.

490 5012 579 5050 δο.
614 5014 720 5056 τις.

2081 5013 2296 5065 omnes,
2317 5015 2373 5053 in
2406 5015 2529 5065 quo.

404 4996 440 5049 5
490 4995 579 5050 Sc.
614 5014 720 5056 τις.
2072 5013 2296 5065 omnes,
2317 5000 2373 5053 in
2406 5015 2529 5069 quo.
2658 4995 2665 4998 ”

381 4995 459 5138 (6i
491 5067 591 5143 Hic
624 5070 905 5143 punctum
942 5068 1282 5140 ponendum
1326 5070 1487 5140 puto.
1538 5064 1714 5122 Aliter
1752 5064 1962 5122 distin-
2140 5070 2251 5143 (14)
2282 5071 2551 5143 Dicemus.
2585 5069 2710 5143 Vet.
2738 5070 3026 5142 interpres
3054 5069 3305 5143 legebat,
3333 5066 3572 5143 ἐροῦμεν.

381 5072 459 5138 (6)
491 5072 591 5121 Hic
624 5072 905 5139 punctum
942 5072 1282 5140 ponendum
1326 5072 1487 5140 puto.
1538 5072 1714 5122 Aliter
1752 5072 1962 5122 distin-
2140 5072 2230 5138 (14
2282 5072 2551 5125 Dicemus.
2585 5072 2710 5125 Vet.
2738 5072 3026 5142 interpres
3054 5072 3305 5141 legebat,
3333 5072 3572 5143 ἐροῦμεν.

309 5139 668 5213 guunt7Dav.
703 5142 760 5194 et
788 5139 914 5213 Cler
1320 5210 1333 5213 7
1414 5211 1423 5213 _
1643 5208 1683 5213 7_
1797 5210 1808 5213 _
1845 5209 1855 5213 _
2088 5212 2097 5213 7
2140 5072 2251 5212 (15)
2286 5142 2561 5213 Tanquam
2592 5142 2651 5196 in
2682 5143 2993 5197 Dominum.
3031 5141 3261 5196 Rectius
3284 5140 3353 5196 ad
3381 5141 3687 5196 contextum

377 5211 451 5283 (7)
485 5210 587 5266 llla
617 5228 717 5289 sex
748 5210 935 5289 millia
967 5227 1257 5289 annorum
1303 5210 1600 5289 desinung
1628 5208 1722 5264 die
1752 5209 1963 5264 ultima
2069 5208 2353 5289 Gnaeum,
2384 5208 2434 5268 et
2462 5230 2571 5268 non
2602 5216 2659 5268 in
2694 5215 3006 5289 Dominum.
3043 5214 3207 5268 FELL.
3265 5283 3280 5289 7
3470 5283 3485 5289 _
3574 5280 3583 5289 _

306 5282 321 5333 i
356 5282 460 5338 pe.
506 5283 781 5356 septima)
825 5282 1045 5337 ultimae
1094 5282 1491 5356 hebdomadis.
1543 5283 1676 5356 7Ego
1742 5298 1959 5356 novum
2140 5285 2252 5356 (16)
2290 5286 2573 5356 Tanquam
2602 5286 2831 5340 ethnici.
2872 5286 3033 5340 Adde
3078 5302 3149 5356 ex
3178 5283 3306 5339 cod.
3337 5290 3430 5339 aut
3454 5282 3685 5351 forsitan.

306 5288 321 5333 i
356 5319 367 5331 .
409 5299 460 5338 e.
506 5288 781 5354 septima)
825 5288 1045 5337 ultimae
1094 5288 1491 5337 hebdomade.
1560 5288 1676 5353 Ego
1742 5298 1959 5337 novum
2167 5288 2252 5351 16)
2290 5288 2573 5356 Tanquam
2602 5288 2831 5340 ethnici.
2872 5288 3033 5340 Adde
3078 5302 3149 5339 ex
3178 5288 3306 5339 cod.
3337 5290 3430 5339 aut
3454 5288 3685 5351 forsitan.

304 5370 514 5421 aevum,
547 5355 645 5410 Dei
680 5372 952 5427 regnum,
985 5354 1256 5428 sequenti
1296 5359 1500 5428 octava
1525 5354 1619 5410 die
1647 5353 1874 5428 incipit.
2138 5288 2250 5427 (l7)
2286 5357 2769 5412 Conservaverunt.
2803 5357 2939 5428 ch,
2972 5372 3040 5411 ex
3091 5355 3324 5428 Graecis,
3372 5363 3685 5428 consecrare-

378 5427 455 5500 (8)
491 5421 786 5483 Barnabas
815 5421 1193 5483 testatur-hic
1231 5425 1680 5483 celebrationem
1703 5421 1815 5481 diei
1849 5430 1957 5481 Do-
2064 5421 2214 5500 runt.
2234 5421 2433 5492 'Quam
2465 5429 2703 5500 quidem
2733 5421 3042 5485 lecticinem
3070 5425 3257 5484 Fellus
3278 5427 3334 5481 in
3364 5428 3577 5481 textum
3607 5421 3683 5475 iu-

309 5498 534 5571 minicae
568 5500 719 5571 apud
756 5500 1050 5570 antiquos.
1204 5568 1221 5571 7
1320 5568 1333 5571 7
1396 5570 1407 5571 7
1528 5570 1535 5571 7
1666 5568 1741 5571 77
2065 5497 2218 5553 tulil.

379 5566 1157 5646 (9)77Cfr._'l7ibellum'menm:
1191 5568 1952 5627 Sendschreiben.d.A.Barn.
2064 5641 2104 5646 _
2136 5572 2247 5646 (18)
2276 5572 2467 5646 Nonne
2495 5573 2654 5646 mihi.
2680 5569 2743 5627 Al
2801 5571 3183 5646 interserunt_,
3208 5566 3466 5646 7ego._7Si_c
3501 5566 3679 5646 autem

304 5638 679 5717 p,i1_12,7_tl3.
1382 5714 1398 5717 _
1519 5710 1552 5717 77
1627 5712 1641 5717 _
1726 5714 1736 5717 _
1856 5712 1895 5717 _7
2062 5638 2256 5700 Fellus
2295 5643 2606 5717 distinguit
2637 5661 2651 5702 :
2682 5646 2871 5702 Nonne
2906 5645 3052 5715 ego?
3079 5643 3218 5701 Mihi
3259 5638 3384 5699 eicit
3416 5638 3674 5695 Dominus.

376 5714 486 5791 (10)
516 5712 635 5773 Non
663 5717 991 5788 erravimus,
1023 5716 1134 5774 etc.
1165 5714 1478 5773 Menardus
1515 5710 1600 5770 ita
1626 5712 1768 5791 legit
1800 5731 1814 5775 :
1850 5712 1952 5773 Nos
