4038 6210
318 374 421 434 773

1566 364 1949 430 EPISTOLA
1993 362 2434 431 CATHOLICA

3580 374 3699 436 774

315 508 361 560 οἱ
410 501 741 578 ταλαίπωροι
801 500 888 556 ἐπὶ
935 500 1025 555 τὸν
1055 496 1226 574 δόμον
1284 501 1398 574 (19)
1429 496 1692 569 ἤλπισαν,
1723 499 1813 554 καὶ
1846 498 1946 553 οὐκ

2089 506 2257 557 antes
2284 502 2503 573 miseri,
2554 521 2670 559 non
2728 503 2785 558 in
2848 504 3044 575 ipsum
3102 503 3309 577 Deum,
3370 506 3699 562 effectorem

311 593 391 647 ἐπὶ
414 592 501 646 τὸν
534 590 657 645 Θεὸν
704 588 885 658 αὐτὸν,
933 588 1024 643 τὸν
1071 590 1376 658 ποιήσαντα
1426 586 1647 661 αὐτοὺς,
1695 585 1820 641 ἀλλ’
1872 587 1946 648 ὡς

311 668 433 736 ὅντα
465 679 606 734 οἶκον
638 682 793 733 Θεοῦ.
835 675 1044 752 Σχεδὸν
1067 677 1193 752 γὰρ,
1233 676 1308 737 ὡς
1348 677 1411 730 τὰ
1456 671 1604 747 ἔθνη,
1651 675 1955 753 ἀφιὲρωσαν

314 769 460 824 αὐτὸν
506 767 555 821 ἐν
600 771 680 838 τῷ
725 770 859 838 ναῷ.
897 764 1076 821 Ἀλλὰ
1105 771 1224 826 πῶς
1255 762 1400 841 λέγει
1424 764 1643 839 Κύριος,
1670 767 1953 839 καταργῶν

317 859 484 929 αὐτὸν,
562 858 800 930 μάθετε·
858 854 949 916 Τίς
1026 853 1293 929 ἐμὲτρησε
1364 852 1456 908 τὸν
1531 852 1754 929 οὐρανὸν
1830 874 1953 907 σπι-

314 948 470 1020 θαμῇ,
499 946 588 1000 καὶ
616 943 703 1006 τίς
728 944 827 1013 τήν
859 950 964 1018 γῆν
993 941 1152 1019 δρακί
1184 961 1200 1012 ;
1225 942 1336 998 Οὐκ
1365 941 1471 1018 ἐγώ
1503 959 1519 1011 ;
1554 943 1713 1018 Λὲγει
1739 943 1953 1015 Κύριοςσ

314 1037 367 1090 Ὀ
394 1034 620 1110 οὐρανός
669 1054 764 1106 μοι
812 1033 1031 1110 θρόνος,
1080 1034 1116 1101 ἡ
1168 1029 1226 1086 δὲ
1274 1038 1346 1106 γῆ
1400 1029 1695 1086 ὑποπόδιον
1722 1035 1832 1086 τῶν
1861 1052 1963 1093 πο,

316 1123 411 1180 δῶν
462 1145 563 1197 μου
588 1141 602 1154 ·
642 1128 802 1178 ποῖον
847 1122 993 1177 οἶκον
1036 1118 1431 1193 οἰκοδομήσετέ
1478 1123 1593 1195 (20)
1640 1140 1755 1193 μοι,
1796 1120 1831 1188 ἢ
1871 1118 1956 1181 τίς

308 1214 463 1274 τόπος
504 1219 604 1282 τῆς
654 1211 1037 1273 καταπαύσεώς
1088 1231 1192 1283 μου
1237 1229 1251 1279 ;
1294 1213 1507 1280 Γνῶτε,
1554 1207 1639 1263 ὅτι
1687 1207 1885 1279 ματαία
1920 1208 1956 1276 ἡ

312 1302 453 1363 ἐλπῖς
489 1301 663 1356 αὐτῶν
705 1302 841 1375 (21).
880 1302 1054 1376 Πέρας
1096 1304 1228 1374 γοῦν
1268 1296 1434 1353 πάλιν
1476 1296 1647 1373 λέγει·
1701 1294 1861 1368 Ἰδοὺ,
1905 1289 1960 1352 οἳ

312 1390 618 1455 καθελόντες
687 1390 779 1443 τὸν
850 1390 975 1443 ναὸν
1052 1392 1244 1442 τοῦτον
1336 1385 1489 1440 αὐτοὶ
1575 1385 1733 1440 αὐτὸν
1817 1384 1964 1438 οἶκο-

315 1479 633 1552 δομήσουσι.
675 1478 881 1533 Γίνεται
939 1479 1074 1551 (22)·
1107 1477 1205 1530 Διὰ
1232 1476 1333 1552 γὰρ
1364 1476 1428 1530 τὸ
1458 1474 1724 1547 πολεμεῖν
1765 1472 1960 1535 αὐτοὺς

313 1568 570 1643 καθῃρέθη
633 1566 736 1621 ὑπὸ
788 1570 896 1621 τῶν
960 1565 1194 1641 ἐχθρῶνο
1255 1569 1346 1617 νῦν
1402 1564 1494 1618 καὶ
1550 1562 1704 1618 αὐτοὶ
1756 1564 1807 1617 οἱ
1856 1566 1960 1616 τῶν

317 1658 517 1734 ἐχθρῶν
553 1654 817 1731 ὑπηρέται
866 1651 1392 1727 ἀνοικοδομήσουσιν
1442 1651 1622 1708 αὐτόν.
1657 1649 1855 1720 Πάλιν,
1888 1651 1962 1713 ὡς

316 1744 550 1819 ἤμελλεν
580 1747 616 1814 ἡ
650 1741 813 1806 πόλις
844 1745 933 1798 καὶ
963 1744 990 1797 6
1020 1743 1148 1804 ναὸς
1178 1744 1267 1797 καὶ
1300 1743 1328 1796 6
1360 1740 1491 1803 λαὸς
1536 1738 1756 1817 Ἰσραὴλ
1792 1760 1964 1815 παρα-

320 1832 577 1905 δίδοσθαι,
612 1832 945 1912 ἐφανερώθη.
998 1834 1158 1907 Λὲγει
1206 1831 1312 1907 γὰρ
1360 1832 1395 1900 ἡ
1437 1832 1647 1907 Γραφήο
1682 1828 1787 1884 Καὶ
1818 1824 1962 1901 ἔσται

320 1923 395 1977 ἐπ’
450 1922 697 1997 ἐσχάτων
756 1924 1022 1998 ἡμερῶν,
1082 1917 1390 1995 παραδώσει
1448 1918 1645 1995 Κύριος
1699 1920 1768 1972 τὰ
1822 1917 1961 1993 πρό-

322 2007 452 2066 ϐατα
504 2014 607 2081 τῆς
660 2014 882 2084 νομῇς,
934 2009 1023 2064 καὶ
1077 2010 1178 2078 τὴν
1237 2005 1472 2084 μάνδραν
1529 2008 1619 2061 καὶ
1674 2008 1765 2062 τὸν
1826 2005 1963 2082 πύρ-

320 2123 410 2176 γον
456 2100 635 2155 αὐτῶν
687 2099 765 2161 εἷς
802 2098 1141 2177 καταφθοράν
1194 2100 1327 2170 (23).
1378 2098 1477 2151 Καὶ
1526 2096 1730 2172 ἐγένετο
1774 2097 1894 2149 καθ’
1932 2094 1966 2148 ’ἁ

320 2188 552 2258 ἐλάλησε
607 2187 826 2263 Κύριος.
877 2188 1211 2259 Ζητήσωμεν
1264 2185 1375 2255 οὖν,
1436 2184 1482 2239 εἰ
1515 2180 1623 2239 ἔστι
1655 2184 1783 2246 ναὸς
1828 2188 1966 2238 Θεοῦ

320 2280 444 2352 (24).
480 2280 685 2332 Ἕστιν’
719 2275 856 2330 ὅπου
885 2274 1045 2336 αὐτὸς
1096 2273 1244 2348 λέγει
1277 2279 1452 2328 ποιεῖν
1479 2273 1569 2327 καὶ
1608 2272 1964 2345 καταρτίζειν.

320 2369 621 2442 Γέγραπται
696 2365 797 2440 γάρ
835 2384 847 2396 ·
906 2363 1005 2417 Καὶ
1064 2359 1209 2417 ἔσται
1245 2406 1259 2433 ,
1317 2365 1417 2432 τῆς
1487 2358 1790 2435 ἑϐδομάδος
1845 2382 1967 2416 συν-

320 2455 657 2528 τελουμένης
742 2452 1237 2526 οἰκοδομηθήσεται
1333 2452 1456 2515 ναὸς
1543 2456 1675 2505 Θεοῦ
1760 2449 1970 2523 ἔνδοξος

320 2547 431 2617 (25)
463 2544 551 2598 ἐπὶ
582 2548 662 2616 τῷ
714 2542 941 2614 ὀνόματι
992 2540 1211 2615 Κυρίου,
1261 2538 1512 2613 Εὑρίσκω
1560 2538 1674 2612 οὖν,
1725 2539 1809 2594 ὅτι
1860 2537 1969 2594 ἔστι

321 2635 461 2695 ναός.
496 2636 624 2695 Πῶς
654 2630 745 2687 οὖν
806 2628 1299 2704 οἰκοδομηθήσεται
1353 2630 1405 2684 ἐν
1455 2628 1681 2702 ὀνόματι
1722 2628 1920 2704 Κυρίου
1953 2647 1968 2699 ;

328 2723 515 2796 μάθετε
768 2721 880 2796 Πρὸ
936 2724 1033 2774 τοῦ
1091 2721 1239 2792 ἡμᾶς
1286 2723 1565 2773 πιστεῦσαι
1610 2723 1690 2790 τῷ
1722 2723 1855 2791 Θεῷ,
1905 2721 1969 2787 ἦν

328 2815 482 2885 ἡμῶν
544 2812 610 2865 τὸ
655 2811 1079 2884 κατοικητήριον
1132 2815 1235 2877 τῆς
1310 2804 1534 2883 καρδίας
1595 2808 1825 2885 φθαρτὸν
1884 2807 1973 2862 καὶ

330 2901 564 2971 ἀσθενὲς,
624 2899 697 2960 ὡς
754 2897 975 2969 ἀληθῶς
1026 2894 1389 2969 οἷκοδομητὸς
1439 2897 1564 2957 ναὸς
1627 2893 1716 2950 διὰ
1765 2896 1971 2973 χειρός’

332 2990 410 3044 ὅτι
456 2992 522 3058 ἦν
590 2986 812 3063 πλήρης
874 2986 967 3059 μὲν
1027 2982 1483 3061 εἶδωλολατρείας
1531 2988 1668 3058 (27),
1718 2985 1853 3058 [καὶ]
1906 2986 1974 3055 ἦν

331 3080 475 3140 οἶκος
528 3075 851 3149 δαιμονίων,
902 3072 989 3129 διὰ
1024 3075 1087 3129 τὸ
1134 3079 1328 3146 ποιεῖν,
1381 3072 1479 3128 ὅσα
1525 3075 1592 3143 ἦν
1638 3073 1847 3129 ἐναντία
1896 3078 1977 3147 τῷ

330 3173 460 3239 Θεῷ.
516 3164 1026 3238 Οἷκοδομηθήσεται
1083 3162 1140 3218 δὲ
1197 3162 1285 3217 ἐπὶ
1338 3167 1419 3235 τῷ
1480 3162 1704 3226 ὀνόματι
1755 3163 1973 3239 Κυρίου,

2068 606 2291 661 eorum,
2312 607 2473 663 spem
2498 592 2847 657 habuerunt,
2873 594 2974 648 sed
2999 593 3055 647 in
3076 595 3279 659 aedem,
3300 595 3468 666 quasi
3491 597 3701 652 domus

2071 679 2165 735 Dei
2190 684 2363 735 esset.
2388 680 2533 735 Nam
2558 682 2672 736 fere
2693 681 2877 736 instar
2895 683 3155 753 gentium
3187 682 3355 737 illum
3383 684 3441 739 in
3482 685 3704 756 templo

2064 768 2320 822 venerati
2360 772 2520 823 sunt.
2568 769 2678 823 Sed
2728 771 3020 840 quomodo
3076 771 3356 826 Dominus
3406 772 3701 843 loquatur,

2064 855 2468 927 templumque
2499 857 2730 912 irritum
2788 858 2981 926 faciat,
3035 858 3518 916 animadvertite:
3574 862 3703 929 Quis

2063 957 2283 997 mensus
2314 951 2395 999 est
2419 944 2613 999 caelum
2640 945 2945 1015 spithama,
2978 954 3030 1000 et
3069 948 3195 1016 quis
3221 949 3427 1002 terram
3462 949 3654 1020 palma
3675 950 3709 1004 ?

2064 1034 2260 1087 Nonne
2289 1048 2383 1103 ego
2402 1034 2443 1067 9"
2463 1036 2488 1086 .9
2514 1034 2655 1088 Dicit
2682 1035 2944 1089 Dominus
2965 1051 2985 1088 :
3036 1034 3241 1091 Cazlum
3293 1037 3434 1092 mihi
3481 1037 3708 1094 thronus

2066 1125 2165 1191 est,
2198 1125 2346 1177 terra
2386 1124 2572 1177 autem
2628 1123 2928 1178 scabeltum
2970 1124 3168 1194 pedum
3216 1141 3480 1181 meorum.
3533 1128 3708 1195 Quam

2068 1210 2209 1264 mihi
2237 1210 2457 1265 domum
2511 1210 2879 1280 aediﬁcabitis,
2939 1216 3035 1267 aut
3091 1215 3211 1284 quis
3267 1215 3411 1270 locus
3448 1218 3711 1286 requietis

2071 1314 2201 1353 meae
2222 1299 2264 1333 ⁸⁸
2286 1298 2313 1352 ‘?
2343 1300 2871 1372 Cognoscite,quod
2905 1318 3054 1356 vana
3084 1307 3173 1357 est
3202 1320 3337 1374 spes
3366 1303 3624 1360 illorum.
3646 1306 3712 1360 Et

2072 1388 2310 1442 tandem
2341 1405 2547 1442 rursus
2580 1388 2660 1443 ait
2685 1405 2697 1443 :
2722 1391 2873 1458 Ecce,
2896 1392 2998 1461 qui
3016 1390 3408 1447 destruxerunt
3456 1395 3716 1464 templum

2072 1475 2189 1543 hoc,
2218 1477 2326 1547 ipsi
2376 1477 2515 1531 illud
2564 1478 2919 1546 aediﬁcabant
2939 1480 3002 1534 9°.
3064 1480 3243 1551 quue
3301 1482 3509 1536 evenit.
3568 1483 3713 1537 Nam

2073 1564 2210 1635 quia
2239 1564 2451 1620 bellum
2484 1574 2813 1637 gesserunt,
2838 1568 2907 1622 ab
2934 1567 3201 1623 hostibus
3237 1570 3605 1625 destructum
3631 1575 3719 1626 est

2073 1654 2357 1726 templum
2379 1672 2562 1722 ;nunc
2580 1659 2636 1709 et
2658 1655 2770 1727 ipsi
2800 1655 3064 1711 hostium
3091 1657 3342 1712 ministri
3368 1660 3716 1714 remdiﬁcant

2073 1741 2671 1814 illud.Iterum,quod
2706 1744 2990 1799 tradenda
3012 1750 3163 1800 esset
3184 1746 3390 1802 civitas
3431 1764 3549 1803 una
3580 1764 3715 1803 cum

2073 1831 2292 1902 templo
2324 1836 2382 1886 et
2411 1847 2543 1886 cum
2578 1831 2791 1902 populo
2826 1833 3165 1903 Israelitico,
3194 1838 3283 1889 est
3332 1835 3715 1891 declaratum.

2070 1918 2165 1974 Ait
2185 1918 2399 1990 quippe
2420 1919 2722 1990 Scriptura
2748 1921 2844 1974 :Et
2886 1923 2995 1975 erit
3044 1923 3106 1976 in
3148 1923 3461 1977 novissimis
3506 1926 3720 1994 diebus,

2070 2009 2256 2063 tradet
2284 2009 2545 2062 Dominus
2576 2023 2696 2063 oves
2725 2011 2920 2079 pascui
2948 2012 2996 2064 et
3029 2011 3177 2064 ovile
3207 2014 3256 2065 et
3285 2013 3486 2065 turrim
3532 2029 3722 2069 eorum

2073 2099 2134 2152 in
2164 2098 2627 2167 exitiumAtque
2649 2096 2913 2168 contigit,
2948 2099 3445 2169 quemadmodum
3490 2100 3719 2157 locutus

2073 2189 2163 2242 est
2197 2184 2492 2240 Dominus.
2528 2187 2867 2251 Quaeramus
2898 2186 3122 2257 itaque,
3154 2204 3225 2241 an
3259 2193 3443 2243 exstet
3482 2190 3716 2262 [adhuc]

2075 2272 2360 2345 templum
2397 2274 2513 2328 Dei.
2550 2274 2806 2341 Exsistit,
2827 2276 2931 2329 ubi
2960 2275 3210 2347 ipsemet
3242 2294 3302 2331 se
3334 2278 3477 2333 illud
3531 2278 3717 2335 facere

2078 2378 2144 2417 ac
2176 2363 2448 2432 [erﬁcere
2477 2366 2743 2418 testatur.
2790 2363 3084 2434 Scriptum
3135 2365 3289 2420 enim
3340 2373 3461 2422 est:
3496 2369 3558 2422 Et
3589 2371 3715 2437 erit,

2078 2450 2406 2505 heddomoda
2434 2452 2720 2522 completa,
2752 2452 3130 2520 aediﬁcabatur
3176 2456 3532 2525 magniﬁcum
3587 2460 3721 2511 tem-

2073 2540 2231 2611 plum
2260 2541 2375 2604 Dei,
2410 2541 2467 2594 in
2497 2541 2721 2594 nomine
2739 2541 2955 2595 Domini
2979 2542 3060 2595 ¹⁰⁰.
3089 2542 3319 2597 Invenio
3345 2524 3540 2615 igitur,
3567 2546 3720 2616 quod
3830 2524 3835 2537 λ

2082 2627 2368 2700 templum
2401 2628 2648 2683 exsistit.
2681 2630 2804 2695 Qua
2836 2630 3059 2685 ratione
3088 2647 3224 2704 ergo
3254 2632 3635 2687 mdiﬁcabitur
3663 2634 3723 2689 in

2083 2718 2318 2773 nomine
2340 2717 2590 2785 Domini,
2607 2717 2833 2773 discite.
2851 2720 3178 2791 Antequam
3194 2720 3308 2775 Deo
3331 2721 3723 2791 crederemus,

2083 2812 2208 2863 erat
2228 2806 2420 2862 cordis
2434 2806 2620 2863 nostri
2638 2806 3000 2863 domicilium
3024 2810 3385 2881 corruptioni
3410 2811 3722 2867 obnoxium

2084 2903 2141 2952 et
2167 2895 2478 2963 imbecille,
2512 2896 2582 2951 ad
2616 2897 2855 2951 modum
2916 2897 3121 2969 templi
3181 2914 3311 2954 vere
3370 2915 3473 2971 per
3513 2917 3724 2956 manus

2086 2985 2389 3052 aediﬁcati;
2425 2985 2663 3057 plenum
2696 2985 2980 3055 siquidem
3040 2990 3164 3041 erat
3208 2986 3498 3042 idolorum
3539 2989 3722 3055 cultu,

2086 3080 2144 3130 et
2169 3079 2294 3130 erat
2324 3075 2535 3130 domus
2556 3075 2901 3145 daemonum,
2926 3074 3060 3145 quia
3086 3075 3727 3149 fecimus,quecunque

2089 3164 2203 3220 Deo
2233 3162 2525 3218 contraria
2555 3168 2714 3217 sunt.
2737 3163 3144 3219 IEdiﬁcabitur
3172 3169 3387 3236 autem,
3425 3168 3726 3236 attendite,

327 3235 647 3333 προσέχετε,
673 3235 766 3308 ’ἶνα
795 3254 823 3307 6
853 3253 978 3315 ναὸς
1027 3251 1224 3327 Κυρίου
1274 3249 1501 3323 ἐνδόξως
1533 3254 1646 3325 (28)
1684 3235 1968 3325 οἰκοδομηζ

2092 3252 2149 3307 in
2184 3252 2420 3307 nomine
2452 3250 2701 3319 Domini,
2736 3256 2800 3306 ut
2828 3252 3115 3324 templum
3147 3253 3381 3309 Domini
3427 3257 3733 3327 magniﬁce

327 3348 410 3420 θῇ.
463 3349 642 3413 Πῶς;
696 3344 910 3415 μάθετε.
962 3336 1233 3403 Λαϐόντες
1282 3342 1381 3409 τὴν
1432 3342 1613 3418 ἄφεσιν
1665 3345 1771 3394 τῶν
1808 3342 1977 3417 ἁμαρ-

324 3439 471 3502 τιῶν,
529 3432 624 3487 καὶ
684 3430 991 3491 ἐλπίσαντες
1034 3428 1120 3484 ἐπὶ
1172 3430 1251 3501 τῷ
1308 3428 1534 3501 ὀνόματι
1591 3434 1689 3484 τοῦ
1748 3428 1974 3504 Κυρίου,

326 3523 622 3598 ἐγενόμεθα
650 3519 846 3589 καινοὶ,
892 3518 1056 3573 πάλιν
1109 3519 1159 3588 ἐξ
1212 3518 1394 3593 ἀρχῆς
1426 3518 1758 3592 κτιζόμενοι.
1796 3519 1887 3572 Διὸ
1919 3516 1970 3571 ἐν

2087 3341 2421 3396 aediﬁcetur.
2456 3341 2755 3405 Quomodo
2776 3341 2803 3395 ?
2836 3341 3068 3397 Discite.
3100 3344 3350 3414 Accepta
3389 3345 3733 3401 remissione

2086 3434 2454 3501 peccatorum
2489 3434 2545 3484 et
2575 3446 2677 3500 spe
2709 3429 2908 3485 habita
2941 3431 3001 3485 in
3035 3432 3269 3487 nomine
3303 3433 3548 3498 Domini,
3591 3434 3729 3488 facti

2085 3535 2291 3574 sumus
2316 3517 2467 3586 novi,
2490 3517 2703 3573 iterum
2732 3519 2803 3574 ab
2836 3519 3059 3591 integro
3083 3521 3280 3576 creati.
3300 3521 3430 3577 Ideo
3450 3522 3507 3576 in
3532 3522 3723 3591 nobis,

1739 3637 1894 3691 Vetus
1925 3634 2322 3705 interpretatio.

329 3739 390 3794 Et
421 3738 518 3793 ﬁet
544 3735 691 3807 (29):
727 3733 1055 3807 dum_enim
1085 3730 1509 3807 belligerarent,
1543 3732 1874 3807 depositum
1907 3737 1995 3807 est
2025 3731 2096 3807 ab
2130 3728 2384 3807 inimicis
2413 3730 2526 3807 (30)
2560 3772 2620 3807 ἓ.
2656 3773 2670 3786 .

330 3820 433 3879 tas,
477 3852 490 3864 .

533 3802 560 3861 .’
584 3848 598 3861 .
632 3802 688 3860 et
718 3804 971 3877 p0pulus
1004 3809 1161 3859 totus
1190 3803 1731 3877 Judzeorumtradi,
1774 3803 2116 3876 propalavit.
2167 3802 2317 3877 Dicit
2361 3802 2875 3877 enim‘SAcriptura
2919 3844 2932 3858 .

2730 3732 2944 3787 Iterum
3003 3733 3157 3788 sicut
3214 3734 3528 3806 incipiebat
3579 3734 3723 3790 civi-

2965 3846 2978 3858 .
3019 3845 3030 3858 .
3079 3808 3139 3860 In
3189 3808 3499 3863 novissimis
3538 3808 3726 3861 diebus

328 3874 500 3937 tradet
532 3874 811 3935 Dominus
832 3891 951 3931 oves
978 3890 1216 3947 pascuae,
1240 3878 1290 3930 et
1318 3876 1496 3930 cubile
1524 3876 1660 3949 (31),
1690 3880 1742 3929 et
1767 3874 1981 3949 turre/2i
2004 3890 2191 3949 eorum
2216 3876 2278 3928 in
2286 3874 2722 3949 exterminium.
2756 3876 2836 3949 Et;
2852 3875 3067 3949 factum
3099 3881 3187 3931 est
3227 3880 3555 3933 secundum
3601 3896 3729 3949 quae

335 3954 616 4008 Dominus
644 3950 875 4004 locutus
906 3945 1013 4002 est.
1048 3949 1388 4012 Quaeramus
1417 3945 1574 4018 ergo,
1609 3948 1658 4001 si
1687 3953 1777 4001 est
1808 3946 2093 4018 templum
2127 3945 2262 4001 Deo.
2286 3946 2424 4018 Est:
2459 3945 2557 4018 ubi
2610 3946 2734 4016 ipse
2783 3946 2924 4000 dicit
2973 3949 3159 4003 facere
3208 3954 3263 4003 et
3293 3945 3728 4004 consummare.

330 4026 628 4096 Scriptum
660 4062 672 4074 .
708 4061 720 4074 .
759 4026 935 4096 ._est:
980 4021 1073 4096 _Et_
1104 4020 1236 4096 erit,
1277 4016 1507 4096 septimo
1531 4020 1636 4096 _die
1682 4016 2052 4096 consummito
2102 4018 2234 4096 (32),
2267 4016 2662 4096 .mdiﬁcabitur
2695 4019 3089 4096 temptarunco
3113 4020 3390 4096 praeclare
3414 4024 3474 4075 in
3512 4022 3733 4076 nomine

330 4088 570 4151 Domini.
608 4091 863 4164 Invenio,
892 4091 1033 4161 quia
1059 4089 1346 4164 templum
1380 4094 1486 4144 est.
1523 4091 1643 4154 Quo
1675 4091 1844 4144 modo
1877 4106 2012 4161 ergo
2044 4088 2515 4164 aediﬁcabitur‘in
2550 4090 2784 4164 nomine
2815 4091 3089 4164 Domini?
3114 4088 3358 4147 Discite.
3388 4096 3731 4164 Antequam

330 4169 701 4223 crederemus
733 4163 869 4234 Deo,
904 4160 1030 4234 erat
1057 4161 1338 4234 habitatio
1371 4164 1572 4234 nostra
1602 4201 1616 4216 .
1649 4201 1663 4215 .
1699 4203 1715 4234 ._
1741 4160 2014 4234 corrupta
2042 4164 2098 4216 et
2126 4160 2380 4227 infirma,
2411 4160 2565 4234 sicut
2594 4160 3066 4234 templumquod
3097 4179 3198 4234 per
3226 4180 3455 4219 manus.

332 4240 577 4295 ﬁcatur:
610 4235 749 4307 quia
780 4232 934 4313 pleni
967 4248 1201 4313 eramus
1232 4231 1990 4313 adorationih‘us“idolorum
2026 4273 2041 4303 ._
2074 4274 2095 4313 ._
2124 4274 2137 4286 .
2170 4237 2227 4287 et
2255 4237 2379 4313 erat
2408 4231 2619 4311 domus
2651 4232 2895 4313 daemoni

332 4304 778 4378 ceremus,'quae
808 4305 926 4378 Deo
958 4308 1155 4378 essent
1183 4304 1500 4378 contraria1
1537 4304 1945 4378 {Ediﬁcabitur
2004 4309 2199 4378 autem
2259 4304 2318 4357 in
2378 4305 2620 4378 nomine
2671 4304 2920 4371 Domini,

3498 4206 3509 4217 .
3548 4206 3561 4218 .
3595 4164 3734 4218 aadi-

2074 4274 2087 4286 .
2124 4274 2137 4286 .
2170 4237 2227 4287 et
2255 4237 2379 4307 erat
2408 4231 2619 4307 domus
2651 4231 3114 4307 daemoniorumi
3164 4242 3399 4307 propter
3449 4237 3600 4307 quod
3650 4237 3733 4289 fa-

2958 4345 2971 4358 .
3008 4346 3020 4358 .
3060 4346 3071 4359 .
3117 4312 3387 4377 praeclare
3422 4349 3436 4362 .
3474 4348 3487 4361 .
3525 4348 3538 4361 .
3594 4312 3737 4361 tem-

335 4383 491 4464 plum
528 4373 1012 4464 De’ofﬁttendite.
1046 4376 1114 4431 Et
1143 4392 1258 4447 quo
1291 4374 1786 4464 mord‘o‘tDiscite:
1824 4380 1889 4431 ut
1919 4374 2215 4464 accipiatis
2249 4373 2664 4464 remissionem
2688 4382 3079 4464 pecpatorum‘.
3117 4373 3284 4460 'Cum_
3321 4378 3742 4464 crediderimus

334 4445 391 4511 in
420 4453 659 4509 nomine
689 4449 943 4515 Domini,
976 4464 1093 4502 non
1124 4445 1332 4503 sumus
1362 4446 1475 4519 (33)
1503 4446 1625 4517 jam
1655 4445 1820 4517 tales,
1850 4446 2053 4518 quales
2086 4448 2157 4501 ab
2188 4446 2355 4501 initio
2387 4445 2564 4501 creati
2592 4461 2605 4500 :
2639 4452 2876 4517 propter
2908 4449 3062 4517 quod
3099 4489 3112 4502 .
3149 4488 3161 4503 .
3195 4490 3208 4504 .

3270 4449 3330 4505 in
3379 4450 3549 4505 nobis
3606 4464 3738 4504 vere

405 4552 469 4625 (τ’
500 4555 616 4606 Isa.
650 4564 740 4614 χε,
775 4546 860 4601 12.
938 4544 981 4580 ⁸⁸
1006 4548 1122 4601 Isa.
1164 4560 1309 4614 vai,
1344 4545 1395 4600 1.
1472 4544 1517 4580 ⁹⁹
1548 4544 1659 4600 Isa.
1691 4560 1841 4611 χιιι,
1875 4544 1963 4600 17.

2089 4544 2109 4579 ⁰
2139 4542 2285 4598 Dan.
2319 4559 2397 4609 xx,
2426 4543 2520 4611 24,
2550 4543 2643 4611 25,
2674 4542 2783 4611 27;
2816 4545 2959 4616 Agg.
2990 4561 3059 4612 ιι,
3093 4546 3179 4600 10.

1707 4658 2092 4717 VARIORUM
2131 4660 2367 4715 NOTAE.

411 4765 524 4837 (19)
558 4763 642 4837 Ita
672 4761 796 4815 Cot.
829 4757 974 4837 οἶκον
1009 4758 1249 4837 Men:_et
1278 4752 1635 4837 ΡοΙΙκρῷδόν,
1668 4758 1836 4837 tidem
1870 4758 1988 4814 Ma-

347 4826 518 4894 zoch:
544 4836 725 4890 cedem
752 4835 864 4886 vet.
896 4830 1107 4901 interp.
1142 4830 1251 4885 Ms.
1282 4829 1381 4897 τὴν
1415 4826 1559 4901 ὁδόν,
1596 4826 1766 4901 male.

437 4910 529 4979 20)
564 4907 649 4961 Ita
861 4906 917 4957 et
944 4898 1069 4957 vet:
1088 4902 1334 4972 interpr.
1367 4901 1477 4957 Ms.
1512 4898 1931 4972 οἷκοδομήσατε.

438 4975 529 5034 21)
564 4980 607 5032 Ι.
641 4993 690 5031 e.
720 4975 1080 5031 Judaeorum.

413 5042 528 5120 (22)
563 5046 1084 5120 Spiritualiter,_ut_
1106 5060 1241 5120 mox
1272 5042 1582 5099 videbitur.
1619 5043 1765 5099 Mss.

418 5116 530 5194 (23)
556 5116 916 5194 Haec,_prout
937 5116 1380 5194 _hic_habentur,
1417 5132 1531 5171 non
1575 5121 1716 5172 sunt
1763 5116 1823 5170 in
1871 5118 1996 5171 tota

350 5187 673 5266 Scriptura.
707 5187 860 5266 ΜΕΝ.
895 5189 1000 5266 cfr.
1032 5187 1147 5266 Jer.
1181 5187 1454 5266 ειη-ζει
1478 5204 1534 5242 v.

421 5256 534 5335 (21’1)
565 5266 695 5319 Jam
728 5263 1027 5335 destructo
1059 5258 1275 5330 templo
1320 5256 1626 5335 Hie_rosp_1.,
1683 5257 1891 5330 quaerit
1920 5274 1994 5312 an

354 5329 598 5393 alterum
626 5332 915 5405 templum
944 5329 1357 5405 successurum
1391 5329 1467 5384 sit
1520 5330 1670 5405 Msa.

446 5409 536 5480 25)
568 5408 689 5480 vet.
721 5398 968 5480 interpr.
985 5403 1113 5480 _l_eg.
1149 5398 1721 5480 ideﬁwcLPrazclare.

570 5479 749 5535 Clem.
782 5471 941 5551 ale—1.
974 5471 1172 5551 Sinam.
1208 5491 1271 5551 ιι,
1302 5489 1351 5527 c.
1382 5473 1563 5551 20,.p.
1596 5471 1719 5526 490.

435 5541 542 5623 (27)
573 5552 660 5605 Ita
688 5566 757 5604 ex
785 5547 965 5623 Clem.
1007 5545 1189 5623 ‘Alexs
1224 5550 1281 5600 et
1329 5550 1435 5623 vet.
1473 5541 1712 5623 interp..
1731 5541 1997 5623 restitpo.

366 5609 596 5679 In‘mss.
631 5625 781 5695 post.
802 5609 1806 5695 εἷδωλολατρείας,αδαηᾶαιιῐίοῖκος
1836 5609 2001 5669 εἰδω-

369 5690 680 5755 λολατρεία.

408 5711 680 5771 οΛατρεια.

2172 4758 2281 4831 (28)
2315 4756 2604 4831 [ιαΟΙειιι.
2642 4761 2699 4812 et
2724 4761 2836 4813 vet.
2869 4758 3079 4831 interp.
3117 4760 3222 4815 Ms.
3259 4754 3485 4830 ἔνδοξος.

2171 4829 2286 4903 (29)
2308 4829 2505 4903 Etﬁet.
2524 4828 2657 4903 Leg.
2683 4831 2749 4883 Et
2767 4831 2847 4903 ﬁt.
2876 4831 2960 4885 Ita
2982 4828 3216 4903 quoque
3236 4831 3373 4887 Felli
3390 4828 3535 4885 edit.
3554 4831 3738 4885 Oxon.

2170 4902 2284 4969 (30)
2315 4900 2391 4954 Ab
2421 4901 2682 4974 inimicis.
2710 4902 2858 4974 Add.
2894 4917 2962 4956 ex
2999 4900 3137 4958 _vet.'
3166 4904 3291 4959 cod.
3344 4904 3497 4958 Nunc
3543 4911 3593 4957 et
3630 4904 3741 4974 ipsi

2103 4972 2459 5027 inimicorum
2486 4972 2740 5026 ministri
2767 4973 2833 5026 ab
2867 4974 3030 5029 initio
3058 4976 3341 5044 aediﬁcant
3372 4975 3530 5029 illud.

2170 5044 2283 5115 (3i)
2318 5044 2528 5109 Cubile,
2561 5049 2669 5098 etc.
2704 5044 2850 5115 Lege
2879 5046 3039 5114 ovile,
3080 5051 3144 5100 ut
3200 5048 3257 5101 in
3313 5051 3472 5102 textu
3522 5045 3739 5109 Graeco,

2106 5111 2364 5188 μάνδραν.
2392 5116 2457 5169 Et
2487 5124 2709 5188 turrum
2737 5111 2948 5188 eorum.
2974 5111 3197 5173 Alludit
3218 5119 3289 5173 ad
3311 5118 3520 5173 turrim
3553 5116 3737 5183 illam,

2104 5188 2174 5241 de
2206 5186 2323 5259 qua
2353 5186 2411 5259 in
2446 5186 2717 5259 parabole
2746 5187 2923 5242 vineas
2954 5190 3107 5259 apud
3139 5192 3270 5246 Isai.
3299 5207 3350 5246 v.
3387 5190 3536 5243 Mss.

2176 5258 2307 5328 (32).
2342 5257 2575 5327 Septimo
2606 5257 3111 5328 dieconsumm—ato.
3172 5263 3233 5317 In
3294 5263 3486 5317 Graeco
3527 5257 3741 5328 legitur

2105 5323 2462 5404 exibaniel'e,
2491 5334 2591 5396 τῆς
2625 5323 2927 5404 ἑϐδομάδος
2955 5328 3407 5404 συντελουμένης,
3439 5336 3503 5386 ut
3530 5323 3743 5383 intelli-

2107 5404 2278 5472 gatur
2308 5400 2636 5470 septimana
2665 5418 2733 5456 ex
2764 5403 2935 5457 annis
2966 5400 3253 5459 constare.
3291 5405 3451 5459 FELL.

2179 5471 2291 5543 (337)
2327 5468 2390 5528 Ut
2415 5474 2767 5543 accipiatis...
2799 5490 2910 5527 non
2938 5491 3143 5530 sumus.
3177 5481 3341 5530 Hunc
3371 5474 3565 5528 locum
3608 5468 3737 5525 Fel-

2106 5541 2200 5597 lus
2232 5542 2315 5598 sic
2346 5541 2613 5598 exhibet:
2648 5544 3155 5617 quodaccipientes
3200 5547 3579 5603 remissionem
3613 5558 3737 5617 pec;

2106 5622 2371 5685 catmum,
2412 5627 2469 5670 et
2509 5630 2638 5671 cum
2692 5614 3083 5674 crediderimus
3128 5621 3189 5675 in
3230 5618 3451 5675 nomine
3498 5614 3737 5690 Domini,

2107 5702 2205 5745 nos
2231 5703 2440 5761 sumus,
2473 5690 2584 5743 etc.
