4038 6210
213 487 327 547 777

1465 483 1848 546 EPISTOLA
1892 481 2336 545 GATHOLICA
2351 527 2364 544 .

3499 486 3620 547 778

209 613 303 670 δύο
338 611 502 674 ὁδῶν.
535 615 650 691 Ἐφ’
678 616 742 683 ἧς
777 613 871 688 μὲν
917 611 1021 690 γᾶρ
1069 612 1172 668 εἷ’σι
1212 613 1528 691 τεταγμένοι
1580 635 1849 704 φωταγω-

1974 631 2100 670 vero
2133 614 2321 672 multa
2350 616 2601 672 duarum
2630 617 2878 674 viarum.
2911 616 3021 673 Uni
3068 616 3367 688 siquidem
3397 634 3621 692 praepo-

209 706 295 780 γοὶ
325 702 546 780 ἄγγελοι
577 708 674 758 τοῦ
705 708 860 774 Θεοῦ,
893 703 974 781 ἐφ’
1003 706 1070 772 ἧς
1102 701 1159 758 δὲ
1207 702 1430 780 ἄγγελοι
1476 707 1574 758 τοῦ
1622 701 1856 760 Σατανᾶ.

207 795 364 849 Καὶὸ
400 794 496 867 μὲν
548 789 658 848 ἔστι
692 792 888 868 Κύριος
939 793 1029 848 ἀπ’
1073 793 1286 848 αἰώνων
1337 793 1413 855 εἰς
1469 791 1589 855 τοὺς
1640 791 1858 862 αἰῶνας,

208 885 235 939 ὁ
264 880 322 938 δὲ
352 879 540 958 ἄρχων
571 886 764 958 καιροῦ
794 885 898 952 τῆς
931 881 1185 956 ἀνομίας.

1971 704 2068 759 siti
2105 709 2246 760 sunt
2277 705 2465 777 angeli
2498 706 2599 762 Dei
2630 705 2816 762 locem
2865 707 3254 777 praferentes,
3296 706 3463 764 alteri
3492 724 3626 764 vero

1970 792 2162 865 angeli
2194 795 2421 850 Satanas
2457 797 2494 849 ί.
2523 800 2604 850 Ac
2633 794 2730 851 ille
2762 795 3000 868 quidem
3036 796 3316 853 Dominus
3345 801 3436 853 est
3467 814 3502 853 a
3524 813 3628 854 sm-

1972 881 2121 938 culis
2177 881 2238 937 in
2296 882 2563 952 secula;
2624 883 2720 940 hic
2776 887 2971 941 autem
3021 883 3293 958 princeps
3338 885 3624 958 temporis

1972 987 2182 1043 iniqui.

1628 1096 1774 1150 XIX.
1816 1096 1889 1152 De
1919 1097 2013 1151 via
2039 1096 2198 1151 lucis.

278 1205 339 1258 Ἡ
387 1201 480 1258 οὖν
535 1200 660 1264 ὁδὸς
709 1205 806 1257 τοῦ
855 1201 1032 1280 φωτός
1073 1200 1212 1264 ἐςτιν
1264 1199 1422 1272 αὕτη.
1471 1200 1592 1254 Ἐάν
1631 1222 1714 1263 τις
1769 1201 1855 1265 θέ-

212 1291 317 1348 λων
345 1294 462 1367 (52)
483 1289 688 1346 ὁδεύειν
723 1289 810 1346 ἐπὶ
841 1291 933 1345 τὸν
967 1291 1267 1367 ὡρισμένον
1289 1289 1478 1360 τόπον,
1499 1288 1715 1344 σπεύσει
1741 1294 1858 1350 τοῖς

210 1377 388 1458 ἔργοις
439 1380 624 1436 αὐτοῦ.
660 1382 840 1435 Ἔστιν
884 1378 972 1434 οὖν
1005 1383 1040 1450 ἡ
1073 1377 1291 1443 δοθεῖσα
1336 1381 1472 1450 ἡμῖν
1522 1383 1720 1453 γνῶσις
1761 1381 1858 1432 τοῦ

210 1474 518 1546 περιπατεῖν
599 1469 650 1524 ἐν
724 1468 882 1543 αὐτῇ,
939 1468 1187 1538 τοιαύτη.
1251 1469 1576 1542 Ἀγαπήσεις
1646 1466 1737 1521 τόν
1803 1487 1860 1520 σε

208 1561 534 1629 ποιήσαντα,
586 1555 824 1630 δοξάσεις
872 1555 962 1610 τόν
1012 1577 1070 1611 σε
1119 1555 1535 1632 λυτρωσάμενον
1583 1553 1643 1609 ἐκ
1702 1553 1858 1608 θανά-

206 1667 317 1702 του.
351 1653 486 1720 Ἔσῃ
518 1645 726 1708 ἁπλοῦς
759 1645 828 1720 τῇ
879 1642 1091 1722 καρδίᾳ,
1123 1645 1211 1699 καὶ
1255 1642 1522 1705 πλούσιος
1571 1648 1650 1715 τῷ
1699 1643 1857 1697 πνεύ-

211 1756 354 1807 ματι.
388 1734 464 1788 Ού
496 1733 823 1807 κολληθήσῃ
858 1735 991 1806 μετά
1035 1739 1143 1787 τῶν
1204 1733 1585 1807 πορευομένων
1650 1731 1700 1785 ἐν
1751 1729 1862 1803 ὁδῷ

209 1824 430 1878 θανάτου
461 1827 577 1898 (53)
608 1825 866 1894 Μιςήσεις
898 1829 1096 1891 ποιεῖν,
1129 1823 1158 1876 ὃ
1189 1821 1287 1876 ούκ
1336 1822 1555 1897 ἀρεστὸν
1607 1825 1684 1893 τῷ
1725 1825 1858 1892 Θεῷ,

209 1914 454 1985 μισ-ήςεις
488 1917 661 1966 πᾶσαν
710 1912 1015 1988 ὑπόκρισιν.
1049 1911 1120 1964 Ού
1174 1912 1250 1983 μὴ
1297 1909 1660 1985 ἐγκαταλίπῃς
1709 1908 1861 1964 ἐντο-

209 1999 302 2063 λὰς
335 2001 560 2077 Κυρίου.
592 2003 706 2073 (54)
737 2000 855 2076 Ούχ
889 2001 1122 2074 ύψώσεις
1159 2001 1397 2072 σεαυτὸν,
1431 1994 1523 2071 ἔσῃ
1571 1996 1629 2054 δὲ
1674 2019 1863 2053 ταπει-

206 2089 435 2165 νόφρων.
471 2089 587 2148 Ούκ
625 2089 772 2162 ἀρεῖς
806 2087 889 2143 ἐπὶ
927 2089 1143 2142 σεαυτὸν
1196 2085 1370 2158 δόξαν.
1403 2087 1475 2142 Οὐ
1531 2087 1680 2162 λήψῃ
1735 2089 1860 2163 βου-

207 2177 305 2247 λὴν
337 2179 588 2253 πονηρὰν
619 2177 756 2232 κατὰ
782 2178 873 2231 τὸν
906 2175 1140 2246 πλησίον
1171 2197 1286 2232 σου.
1321 2175 1394 2230 Ού
1429 2173 1621 2239 δώσεις
1663 2175 1731 2250 τῇ
1763 2179 1862 2250 ψυ-

311 2268 536 2343 θράσος.
716 2265 788 2320 Οὐ
815 2264 1150 2338 πορνεύσεις,
1185 2265 1248 2319 ού
1280 2263 1616 2340 μοιχεύσεις,
1649 2264 1710 2319 οὐ
1741 2286 1864 2318 παι..

208 2353 586 2434 δοφθορεύσεις
617 2358 733 2428 (56)
765 2355 837 2409 Οὐ
872 2357 946 2427 μή
983 2375 1065 2408 σοι
1099 2355 1128 2408 ὁ
1161 2353 1324 2430 λόγός
1362 2358 1460 2408 τοῦ
1490 2358 1624 2408 Θεοῦ
1677 2353 1864 2427 ἐξέλθῃ

207 2443 258 2499 ἐν
286 2444 592 2520 ἀκαθαρσίᾳ
617 2448 800 2500 τινῶν.
836 2446 950 2518 (57)
978 2441 1050 2497 Οὐ
1102 2440 1255 2516 λήψῃ
1307 2442 1600 2518 πρόσωπον
1645 2440 1863 2517 ἐλέγξας

206 2533 318 2589 τινὰ
345 2533 433 2588 ἐπὶ
465 2535 584 2607 (58)
612 2533 1032 2608 παραπτώματι.
1065 2537 1198 2606 ’Έσῃ
1228 2530 1423 2608 πραῢς,
1460 2528 1552 2604 ἔσῃ
1600 2531 1860 2607 ἡσύχως.

207 2628 334 2696 ’Έσῃ
360 2624 582 2698 τρέμων
614 2619 740 2684 τοὺς
775 2620 998 2696 λόγους,
1031 2620 1124 2682 οὓς
1162 2617 1426 2688 ἤκουσας.
1459 2618 1532 2673 Οὐ
1589 2620 1664 2691 μή
1719 2641 1861 2692 μνη-

205 2712 496 2784 σικακήσῃς
525 2715 607 2782 τῷ
630 2707 850 2786 ἀδελφῷ
887 2729 1001 2764 σου.
1037 2710 1148 2782 (59)
1183 2707 1255 2762 Ού
1291 2710 1365 2781 μή
1401 2705 1734 2783 διψυχήσῃς,
1765 2708 1861 2764 πό-

208 2820 353 2876 τερον
533 2797 707 2868 ἔσται,
736 2801 772 2867 ἢ
813 2795 896 2854 οὗ.
925 2796 997 2852 Ού
1032 2799 1106 2869 μή
1143 2794 1314 2871 λάϐῃς
1368 2797 1454 2852 ἐπὶ
1503 2797 1717 2870 ματαίῳ
1747 2800 1858 2871 (61)

208 2883 378 2961 ὄνομα
406 2887 635 2964 Κυρίου.
670 2888 1000 2962 ’Δγαπησεις
1034 2887 1124 2940 τὸν
1169 2884 1404 2956 πλησίον
1441 2906 1536 2940 σου
1583 2886 1714 2961 ὑπὲρ
1763 2887 1862 2956 τὴν

209 2980 384 3053 ψυχήν
436 2999 561 3032 σου.
596 2970 810 3050 (62)ού
866 2974 1139 3054 φονεύσεις
1184 2976 1367 3030 τέκνον
1422 2973 1472 3029 ἐν
1507 2976 1704 3052 φθορᾷ,
1737 2973 1860 3030 ούδέ

211 3065 368 3122 πάλιν
411 3066 672 3142 γεννηθὲν
721 3062 950 3126 ἀνελεῖς.
985 3066 1097 3137 (63)
1125 3063 1198 3118 Ού
1250 3065 1326 3136 μή
1376 3063 1504 3139 ἄρῃς
1549 3065 1647 3131 τὴν
1700 3061 1860 3140 χεῖρά

210 3174 301 3210 σου
329 3155 437 3210 ἀπὸ
463 3159 568 3210 τοῦ
598 3155 718 3208 υίοῦ
750 3174 867 3226 σου,
901 3153 937 3224 ἢ
969 3152 1075 3208 ἀπὸ
1121 3160 1222 3222 τῆς
1269 3151 1533 3227 Θυγατρός
1583 3173 1699 3221 σου,
1731 3150 1858 3206 ἀλλ’

210 3245 308 3299 ἀπὸ
335 3244 596 3314 νεότητος
645 3240 876 3313 διδάξεις
909 3235 1078 3320 φόϐον
1115 3241 1334 3318 Κυρίου.
1367 3240 1440 3295 Οὐ
1474 3242 1551 3315 μή
1582 3241 1708 3316 γὲνῃ
1740 3241 1856 3295 ἐπι-

1893 1956 1941 2022 Β

2039 1203 2145 1258 Via
2174 1202 2354 1275 igitur
2382 1203 2531 1259 lucis
2562 1203 2684 1259 haec
2713 1209 2838 1260 est:
2873 1205 2932 1261 Si
2965 1206 3098 1278 quis
3129 1205 3290 1278 cupit
3318 1205 3615 1278 pervenire

1968 1292 2039 1346 ad
2076 1292 2427 1363 praefinitum
2471 1291 2687 1360 locum,
2739 1293 2863 1349 suis
2911 1293 3186 1366 operibus
3229 1293 3286 1348 id
3336 1294 3615 1367 consequi

1970 1380 2219 1435 studeat.
2253 1380 2518 1452 Cognitio
2570 1381 2769 1453 itaque
2800 1383 2968 1438 nobis
2998 1383 3132 1438 data
3161 1382 3220 1437 in
3252 1382 3347 1438 hic
3374 1383 3468 1438 via
3491 1399 3614 1438 am-

1970 1467 2212 1524 bulandi
2270 1470 2560 1540 ejusmodi
2608 1475 2717 1526 est.
2779 1471 2991 1543 Diliges
3049 1471 3381 1528 Creatorem
3422 1476 3616 1539 tuum,

1969 1555 2155 1629 gloria
2185 1557 2427 1624 efﬁcies,
2460 1575 2620 1625 eum,
2653 1559 2754 1630 qui
2804 1559 3052 1615 redemit
3081 1563 3136 1615 te
3183 1577 3217 1614 a
3258 1555 3460 1616 morte.
3496 1559 3622 1617 Eris

1971 1645 2142 1701 corde
2177 1645 2427 1718 simplex
2457 1651 2514 1702 et
2546 1647 2758 1718 spiritu
2808 1648 2987 1703 dives.
3039 1648 3164 1704 Non
3195 1648 3519 1705 adhwrebis
3550 1649 3621 1705 ad

1971 1749 2091 1800 eos,
2123 1734 2223 1805 qui
2257 1735 2534 1790 incedunt
2564 1735 2621 1789 in
2653 1740 2746 1790 via
2773 1736 3002 1792 mortis.
3035 1735 3180 1793 Odio
3213 1737 3458 1792 habebis
3489 1754 3620 1808 per-

1973 1826 2198 1894 petrare
2229 1824 2386 1895 quod
2426 1823 2542 1878 Deo
2576 1840 2690 1879 non
2724 1824 2935 1896 placet,
2975 1825 3108 1880 odio
3139 1825 3355 1881 habeas
3385 1841 3621 1881 omnem

1974 1911 2433 1968 simulationem.
2458 1912 2538 1967 Ne
2565 1911 2939 1982 derelinquas
2962 1914 3239 1969 mandata
3267 1913 3520 1968 Domini.
3544 1913 3622 1970 Te

1973 2001 2169 2072 ipsum
2200 2017 2315 2056 non
2347 2001 2626 2068 exatabis,
2678 2001 2793 2056 eris
2845 2007 3034 2057 autem
3072 2001 3334 2058 humilis.
3368 2003 3491 2058 Non
3521 2019 3620 2058 as-

1975 2105 2172 2145 sumes
2201 2089 2307 2144 tibi
2340 2088 2606 2160 gloriam.
2656 2089 2782 2144 Non
2815 2090 3009 2160 capies
3041 2091 3263 2146 malum
3307 2089 3620 2146 consilium

1975 2179 2255 2233 adversus
2286 2177 2617 2248 proximum
2653 2182 2844 2233 tuum.
2876 2179 3001 2234 Non
3034 2179 3201 2235 dabis
3232 2179 3439 2236 animas
3473 2179 3622 2236 inso-

1973 2265 2237 2321 lentiam.
2271 2266 2396 2322 Non
2430 2266 2830 2334 fornicaberis,
2865 2284 2979 2323 non
3029 2267 3380 2324 adulterium
3424 2268 3623 2336 facies,

1973 2369 2186 2424 pueros
2219 2370 2333 2407 non
2365 2369 2739 2424 corrumpes.
2793 2353 2917 2410 Non
2967 2372 3035 2411 ex
3064 2360 3118 2411 te
3149 2355 3388 2412 verbum
3431 2355 3532 2410 Dei
3565 2356 3625 2411 in

1973 2442 2370 2513 quorumdam
2400 2440 2738 2514 impuritate
2768 2447 2953 2499 exeat.
2985 2443 3111 2499 Non
3143 2443 3393 2516 accipies
3422 2459 3622 2517 perso-
3671 2509 3676 2512 _

1973 2547 2111 2586 nam
2144 2529 2204 2585 in
2237 2531 2536 2602 arguendo
2566 2531 2898 2603 cujuspiam
2943 2532 3132 2604 lapsu.
3184 2533 3309 2589 Eris
3351 2548 3626 2590 mansue-

1975 2623 2088 2687 tus,
2121 2618 2238 2674 eris
2267 2619 2524 2690 quietus.
2555 2621 2979 2677 Gontremisces
3020 2623 3092 2677 ad
3134 2621 3329 2691 verba,
3362 2638 3488 2694 quas
3520 2639 3626 2678 au-

1971 2708 2107 2764 disti
2141 2709 2182 2761 9.
2217 2708 2405 2764 Fratri
2435 2712 2535 2764 tuo
2568 2709 2854 2781 ignosces.
2907 2711 3030 2766 Non
3075 2710 3362 2782 ambigas,
3423 2714 3620 2766 utrum

1971 2797 2233 2852 futurum
2265 2797 2359 2867 sit,
2393 2813 2598 2854 necne.
2638 2799 2720 2853 Ne
2767 2815 3036 2854 assumas
3076 2799 3135 2854 in
3162 2815 3375 2854 vanum
3407 2815 3619 2856 nomen

1971 2885 2221 2941 Domini.
2255 2885 2474 2957 Diliges
2525 2887 2856 2958 proximum
2901 2892 3070 2943 tuum
3118 2887 3253 2960 plus
3281 2905 3460 2960 quam
3492 2888 3619 2944 ani-

1969 2989 2126 3028 mam
2159 2978 2342 3029 tuam.
2376 2974 2500 3030 Non
2534 2975 2848 3031 interﬁcies
2879 2976 3060 3032 fetum
3092 2977 3151 3031 in
3185 2977 3616 3046 abortione,nec

1969 3062 2144 3118 etiam
2178 3062 2477 3119 interimes
2508 3067 2640 3135 post
2670 3064 3050 3120 nativitatem.
3099 3065 3180 3122 Ne
3224 3067 3455 3122 auferas
3486 3083 3611 3122 ma-

1969 3167 2113 3206 num
2144 3159 2308 3206 tuam
2336 3169 2370 3206 a
2397 3151 2516 3207 ﬁlio
2543 3157 2666 3220 tuo,
2698 3152 2787 3209 vel
2818 3171 2852 3209 a
2880 3153 3003 3209 ﬁlia
3030 3158 3168 3221 tua;
3220 3155 3321 3211 sed
3356 3172 3389 3211 a
3420 3157 3613 3227 pueri-

1967 3239 2050 3295 tia
2081 3239 2315 3296 docebis
2345 3256 2443 3296 eos
2466 3240 2737 3296 timorem
2773 3242 3023 3297 Domini.
3058 3243 3218 3299 Bona
3242 3244 3488 3315 proximi
3522 3244 3610 3299 tui

211 3338 386 3406 θυμῶν
419 3333 486 3388 τὰ
514 3335 614 3387 τοῦ
640 3329 876 3402 πλησίον
911 3352 1006 3385 σου
1035 3332 1168 3404 (64),
1203 3327 1327 3385 οὐδὲ
1361 3331 1435 3403 μὴ
1488 3331 1618 3404 γένῃ
1663 3328 1860 3384 πλεονὲ

1974 3344 2086 3384 non
2118 3328 2516 3401 concupisces,
2550 3345 2653 3385 nec
2682 3330 2798 3385 eris
2830 3347 3058 3386 avarus.
3098 3330 3296 3403 Neque
3321 3349 3390 3387 ex
3419 3333 3617 3390 anima

211 3443 357 3491 κτης.
389 3419 530 3477 Ούδέ
579 3419 905 3494 κολληθήσῃ
945 3419 1005 3474 ἐκ
1046 3424 1232 3494 ψυχῆς
1280 3440 1376 3474 σου
1427 3419 1561 3491 μετὰ
1607 3417 1857 3492 ὑψηλῶν,

215 3508 348 3567 ἀλλά
383 3511 523 3584 μετά
555 3507 777 3565 δικαίων
809 3509 900 3563 καὶ
929 3512 1196 3563 ταπεινῶν
1242 3508 1612 3584 ἀναγραφήσῃ.
1645 3508 1758 3580 (65)
1787 3508 1861 3560 Τὰ

214 3595 578 3672 συμϐαίνοντά
633 3620 717 3653 σοι
772 3600 884 3671 (66)
929 3598 1284 3673 ἐνεργήματα,
1333 3597 1409 3658 ὡς
1460 3597 1650 3672 ἀγαθὰ,
1691 3590 1858 3671 πρόσ-

217 3684 372 3760 δεξαι.
402 3691 519 3763 (67)
551 3687 662 3743 Ούκ
690 3683 785 3761 ἔσῇ
825 3684 1116 3761 δίγνωμος,
1151 3683 1276 3740 οὐδὲ
1329 3683 1658 3759 δίγλωσσοςο
1703 3684 1862 3759 παγὶς

216 3778 309 3850 γὰρ
357 3778 592 3842 θανάτου
642 3775 784 3831 ἐστὶν
837 3777 871 3844 ἡ
917 3773 1235 3848 διγλωσσία.
1270 3775 1607 3848 Ὑποταγησῃ
1660 3772 1861 3844 Κυρίῳ,

218 3866 417 3942 κυρίοις
470 3867 548 3927 ὡς
593 3865 748 3937 τύπῳ
795 3868 952 3931 Θεοῦ,
1003 3863 1054 3918 ἐν
1106 3861 1338 3938 αἰσχύνῃ
1385 3862 1474 3916 καὶ
1525 3857 1700 3940 φόϐῳ.
1751 3863 1864 3934 (68)

219 3953 286 4008 Ού
368 3957 442 4027 μὴ
526 3953 774 4026 ἐπιτάξῃς
830 3953 866 4021 ἢ
923 3949 1107 4024 δούλῳ
1175 3972 1270 4005 σου
1352 3949 1402 4005 ἐν
1482 3949 1690 4026 πικρίᾳ,
1746 3955 1862 4011 τοῖς

222 4040 302 4095 ἐπὶ
330 4043 419 4097 τὸν
473 4043 637 4098 αὐτὸν
672 4041 975 4110 ἐλπίζουσι,
1013 4043 1086 4114 μή
1138 4061 1270 4096 ποτε
1321 4039 1385 4094 ού
1435 4034 1726 4117 φοϐηθήσῃ
1771 4040 1862 4094 τὸν

224 4127 297 4182 ἐπ’
342 4130 672 4207 ἀμφοτέροις
721 4128 872 4184 Θεόν’
925 4127 1008 4183 ὅτι
1068 4127 1234 4197 ἦλθεν
1285 4127 1385 4182 οὐκ
1433 4127 1518 4181 ἐπὶ
1569 4125 1863 4202 πρόσωπον

221 4215 454 4290 καλέσαι,
487 4217 616 4273 ἀλλ’
647 4216 726 4295 ἐφ’
759 4217 851 4280 οὖς
897 4219 960 4272 τὸ
1007 4223 1227 4291 Πνεῦμα
1274 4216 1560 4289 ἡτοίμασε.
1596 4218 1706 4289 (69)
1739 4221 1863 4269 Κοι-

223 4309 472 4377 νωνήσεις
506 4307 560 4362 ἐν
593 4312 721 4361 πᾶσι
753 4312 833 4379 τῷ
874 4305 1110 4377 πλησίον
1160 4327 1276 4375 σου,
1310 4305 1409 4361 ούκ
1454 4304 1594 4380 ἐρεῖς
1648 4302 1776 4359 ἴδια⁶
1821 4304 1867 4358 εί

225 4396 319 4470 γὰρ
347 4395 396 4450 ἐν
427 4401 546 4458 τοῖς
579 4394 870 4474 ἀφθάρτοις
901 4395 1153 4451 κοινωνοί
1187 4395 1323 4466 ἐστε,
1363 4395 1518 4467 πόσῳ
1574 4391 1786 4467 μᾶλλον
1815 4392 1866 4447 ἐν

227 4489 333 4545 τοῖς
364 4485 660 4562 φθαρτοῖς;
694 4483 803 4539 Ούκ
847 4479 938 4558 ἔσῃ
983 4483 1357 4561 πρόγλωσσος·
1390 4482 1549 4559 παγίς
1595 4484 1697 4558 γὰρ
1748 4476 1869 4536 στό-

232 4592 301 4645 μα
328 4573 572 4629 Θανάτου.
603 4575 761 4628 Ὅσον
797 4571 1041 4646 δύνασαι,
1073 4575 1186 4646 (70)
1215 4573 1339 4646 περὶ
1387 4573 1484 4640 τήν
1536 4572 1721 4645 ψυχήν
1775 4590 1870 4623 σου

1971 3420 2075 3472 tua
2094 3416 2417 3473 adhaerebis
2434 3417 2733 3490 superbis;
2755 3419 2855 3474 sed
2875 3436 3008 3474 cum
3025 3419 3207 3491 justis
3224 3425 3399 3492 atque
3420 3421 3498 3475 hu
3509 3420 3616 3476 mi-

1972 3504 2128 3561 libus
2178 3506 2507 3563 ascriberis.
2551 3507 2685 3570 Quae
2736 3508 2842 3562 tibi
2873 3508 3221 3580 contingunt
3262 3508 3614 3578 vexationes,

1973 3599 2256 3665 tanquam
2287 3595 2447 3650 bona
2469 3596 2864 3651 admitte.Non
2895 3596 3011 3652 eris
3043 3598 3382 3654 inconstans
3411 3614 3514 3653 nec
3535 3597 3620 3653 bi-

1971 3682 2227 3755 linguis;
2271 3683 2518 3753 laqueus
2567 3685 2725 3740 enim
2773 3685 2978 3742 mortis
3019 3690 3109 3741 est
3152 3685 3352 3758 lingua
3381 3685 3614 3758 duplex.

1974 3772 2316 3842 Subjicieris
2362 3773 2601 3828 Domino
2661 3773 2843 3844 [Deo],
2893 3773 3150 3830 dominis
3197 3791 3351 3842 vero,
3401 3780 3467 3830 ut
3513 3774 3615 3831 Dei

1973 3861 2239 3932 imagini,
2274 3861 2330 3916 in
2363 3862 2711 3917 verecundia
2741 3867 2798 3916 et
2829 3862 3044 3918 timore
3063 3865 3102 3896 ³·
3139 3863 3222 3921 Ne
3252 3863 3310 3918 in
3341 3864 3618 3919 amaritu-

1973 3950 2108 4005 dine
2137 3950 2392 4022 imperes
2421 3949 2642 4006 ancillze
2672 3955 2774 4006 aut
2803 3967 2966 4007 servo
2989 3956 3108 4022 tuo,
3134 3951 3232 4023 qui
3266 3953 3322 4007 in
3346 3953 3619 4008 eumdem

1975 4043 2247 4110 sperant;
2284 4055 2356 4095 ne
2404 4040 2549 4095 forte
2606 4056 2720 4095 non
2781 4040 2992 4096 timeas
3051 4040 3257 4111 Deum,
3298 4041 3400 4111 qui
3447 4057 3624 4114 super

1977 4132 2298 4199 utrumque
2328 4128 2723 4200 est,quoniam
2753 4145 2869 4184 non
2891 4128 3050 4184 venit
3071 4144 3272 4185 vocare
3295 4131 3622 4186 secundum

1976 4233 2290 4288 personam
2323 4219 2366 4283 ‘,
2395 4218 2495 4272 sed
2529 4219 2855 4273 secundum
2887 4233 2986 4274 eos
3016 4233 3166 4290 quos
3194 4218 3447 4289 Spiritus
3477 4235 3624 4291 pra:-

1979 4306 2802 4378 paraverit5.Communicabis
2822 4307 2882 4361 in
2905 4306 3182 4362 omnibus
3201 4323 3334 4362 cum
3359 4307 3624 4379 proximo

1980 4400 2103 4462 tuo,
2131 4410 2236 4449 nec
2268 4395 2592 4466 quidquam
2623 4396 2781 4451 dices
2811 4395 3110 4467 proprium
3139 4413 3152 4464 ;
3183 4395 3233 4452 si
3262 4396 3418 4452 enim
3449 4396 3509 4450 in
3541 4397 3626 4450 in-

1980 4483 2273 4554 corruptis
2303 4487 2603 4538 consOrtes
2633 4484 2794 4554 estis,
2830 4487 3048 4554 quanto
3082 4485 3273 4556 magis
3305 4485 3362 4539 in
3395 4484 3623 4556 iis,quaa

1981 4573 2476 4644 corrumpuntur6
2494 4572 2522 4626 ‘?
2552 4572 2677 4627 Non
2700 4573 2814 4628 eris
2841 4572 3041 4644 lingua
3065 4589 3351 4645 praeceps;
3385 4589 3450 4628 os
3466 4573 3623 4628 enim

299 4701 314 4736 ¹
347 4700 396 4755 ΙΙ
425 4699 559 4756 Cor.
591 4716 692 4768 xu,
722 4701 776 4755 7.
855 4702 876 4736 ²
904 4701 1017 4758 Isa.
1052 4717 1200 4771 um,
1230 4701 1303 4767 2;
1338 4697 1550 4770 Philip.
1585 4714 1645 4752 ιι.
1681 4696 1766 4751 12.
1843 4696 1864 4730 ³
1893 4695 2103 4767 Ephes.
2135 4713 2212 4767 v1,
2243 4697 2298 4752 5.
2373 4697 2395 4730 ⁴
2425 4696 2634 4769 Ephes.
2677 4713 2752 4764 v1,
2804 4696 2858 4750 9.
2935 4697 2956 4730 ⁵
3003 4697 3170 4753 Rom.
3221 4713 3344 4764 vm,
3391 4697 3484 4766 29,
3533 4697 3625 4754 30.

235 4772 254 4807 ⁸
278 4773 397 4828 Act.
429 4789 510 4840 IV,
543 4771 632 4827 32.

1605 4867 1990 4927 VARIORUM
2028 4866 2262 4924 NOTAE.

303 4990 409 5063 (52)
438 4988 823 5063 Participium
855 4987 980 5044 loco
1029 4986 1186 5043 verbi
1217 4984 1388 5053 finiti,
1434 4989 1497 5040 ut
1528 5002 1707 5058 supra
1735 5001 1788 5042 c.
1819 4986 1875 5053 6,

243 5067 352 5118 not.
386 5061 472 5128 15,
510 5061 621 5118 col.
650 5061 777 5116 741.

306 5133 410 5204 (53)
444 5135 661 5189 Eadem
690 5133 748 5187 in
785 5131 964 5186 Const.
999 5134 1194 5204 (φρει,
1225 5145 1324 5198 νιι,
1360 5128 1447 5182 14.

309 5205 414 5276 (54)
447 5207 629 5262 Const.
666 5205 862 5276 apost.,
894 5219 997 5266 vu,
1027 5205 1082 5276 ξ.

448 5278 629 5332 Const.
665 5265 1000 5347 apost.,v11,
1031 5272 1086 5326 2.

447 5318 1532 5418 praedicansmulla
1564 5341 1729 5412 parte
1763 5356 1879 5395 mo-

249 5433 380 5490 rum,
400 5420 480 5475 sis
513 5419 802 5490 impurus.

312 5489 417 5559 (57)
451 5486 633 5548 Const.
669 5496 842 5561 apost.
876 5486 1099 5561 vn,_10.

313 5551 420 5633 (58)
469 5566 550 5618 Ita
600 5551 845 5617 restituo
875 5575 944 5614 ex
962 5551 1156 5612 Const.
1206 5563 1412 5627 aposl.,
1442 5570 1554 5609 ms.
1588 5551 1884 5623 παραπτώ-

257 5648 403 5699 ματα.

315 5702 422 5775 (59)
454 5703 631 5760 Const.
665 5707 863 5775 apost.,
895 5716 995 5775 vix,
1029 5699 1262 5775 11..Cfr.
1313 5696 1496 5770 Epist.
1532 5696 1553 5753 Ι
1606 5694 1776 5753 clem.
1811 5694 1885 5752 ad

253 5770 372 5832 Cor.
402 5770 450 5832 ο.
479 5791 533 5833 x1
561 5779 619 5834 et
644 5770 808 5844 mu,
838 5775 894 5830 et
920 5771 1045 5827 Jac.
1079 5787 1097 5824 ι
1128 5770 1184 5825 8.

521 5904 762 5966 ΡΑΤιιυι.
833 5899 946 5961 Gs.
991 5897 1066 5961 ΙΙ.

2062 4982 2174 5054 (60)
2205 4981 2298 5054 βο.
2334 4980 2489 5052 quod
2523 4984 2672 5054 Deus
2703 4980 2991 5054 promisit.

2081 5049 2170 5122 61)
2203 5049 2606 5123 Ροεᾘματαίῳ,
2634 5049 2837 5106 ἰιιῖηε.
2871 5051 3129 5108 abundat
3162 5049 3258 5111 εἷς.

2083 5123 2173 5194 62)
2203 5122 2383 5178 Const.
2419 5141 2534 5194 ap.,
2567 5139 2665 5190 vn,
2694 5123 2746 5176 3.

2083 5195 2174 5265 63)
2205 5194 2377 5265 Ibid.,
2414 5195 2500 5250 12.

2161 5267 2176 5335 )

2063 5194 2377 5266 (63)It1id.,
2414 5195 2500 5250 12.

2062 5264 2176 5334 (64)
2207 5264 2344 5320 Ibid.
2377 5266 2430 5320 4.

2066 5336 2179 5408 (65)
2210 5335 2372 5408 ibat,
2403 5338 2457 5408 8.

2063 5405 2176 5478 (66)
2207 5407 2473 5478 Operatio
2503 5405 2813 5475 laboriosa,
2848 5406 3138 5463 molestia.

2063 5477 2177 5550 (67)
2211 5477 2388 5550 Const.
2421 5482 2593 5550 apost.
2631 5495 2692 5545 ιι,
2725 5480 2796 5545 6;
2827 5496 2926 5547 vn,
2961 5481 3012 5535 4.

2065 5549 2178 5620 (68)
2211 5549 2389 5605 Const.
2421 5549 2619 5620 (φρει,
2641 5566 2740 5616 νιι,
2776 5551 2862 5604 13.

2064 5621 2177 5692 (69)
2211 5620 2394 5675 Const.
2425 5627 2624 5692 apost.,
2656 5637 2758 5692 v11,
2808 5623 2895 5676 12.

2066 5691 2178 5770 (70)
2210 5697 2295 5750 lta
2330 5691 2486 5766 DavJ,
2519 5707 2631 5753 ms.
2666 5691 2820 5769 ὑπὲρ.

3289 5890 3364 5958 95
