4038 6210
444 441 561 501 779

1685 437 1752 496 S.
1796 432 2193 495 BARNABE
2235 432 2616 493 APOSTOLI

3665 440 3767 501 780

443 571 687 642 laqueus
734 572 824 625 est
866 569 1094 623 mortis.
1155 569 1450 632 Quantum
1508 573 1696 639 potes,
1745 570 1945 622 castus
2001 564 2079 620 sis

2197 560 2488 637 ἁγνεύσεις.
2523 562 2638 634 (71)
2668 561 2758 628 Μὴ
2788 560 2942 636 γίνου
2973 561 3110 636 πρὸς
3143 561 3237 633 μὲν
3268 561 3328 615 τὸ
3352 557 3518 617 λαϐεῖν
3557 563 3766 622 ἐκτείνων

443 656 828 716 anima.«Noli
854 657 1148 729 porrigere
1170 673 1380 711 manus
1406 659 1540 712 tuas
1562 656 1633 710 ad
1657 653 2084 726 accipiendum,

441 749 513 805 ad
544 748 805 803 dandum
827 763 962 802 vero
992 745 1338 801 contrahere
1357 747 1397 796 τ.
1430 767 1458 794 ››
1481 743 1696 816 Diliges
1719 749 1782 798 ut
1801 741 2085 815 pupillam

441 837 591 894 oculi
626 836 710 891 tui
740 835 1103 908 omnem,qui
1133 835 1236 889 tibi
1271 833 1542 905 loquetur
1559 833 1800 888 verbum
1833 831 2084 886 Domini.

439 926 500 982 in
531 925 876 982 memoriam
924 930 1090 980 tuam
1133 927 1300 978 nocte
1332 939 1397 976 ac
1434 922 1527 976 die
1558 921 1853 976 revocabis
1875 919 2086 990 judicii

440 1015 617 1071 diem.
649 1013 933 1084 Exquiras
965 1012 1225 1084 quotidie
1272 1010 1471 1065 vultus
1511 1014 1870 1075 sanctorum,
1923 1012 1980 1063 et
2025 1012 2084 1062 in

439 1119 706 1160 sermone
735 1119 833 1157 eos
863 1105 1258 1173 perscrutans,
1309 1103 1366 1153 et
1414 1099 1484 1153 ad
1529 1099 1958 1153 exhortandum
1990 1097 2084 1151 in-

438 1194 671 1260 cedens,
705 1196 762 1247 et
788 1191 1100 1257 meditans,
1125 1190 1416 1260 quomodo
1446 1188 1703 1242 animam
1735 1187 1908 1242 verbo
1940 1186 2083 1257 [tuo]

440 1297 669 1338 servare
701 1283 913 1352 possis.
947 1281 1012 1334 Et
1042 1279 1318 1334 manibus
1349 1277 1466 1331 tuis
1499 1275 1832 1347 operaberis
1872 1276 1944 1330 ad
1995 1291 2079 1329 re-

440 1369 838 1442 demptionem
870 1372 1237 1440 peccatorum
1271 1371 1505 1422 tuorum
1535 1365 1708 1422 8.Non
1743 1363 2083 1420 dubitandis

439 1459 601 1526 dare,
659 1472 849 1529 neque
913 1454 1333 1522 murmurabis,
1394 1471 1528 1509 cum
1585 1455 1710 1508 das.
1774 1452 1937 1506 Omni
1985 1468 2080 1523 pe-

437 1547 581 1602 tenti
608 1554 660 1600 te
678 1546 858 1600 tribue
885 1545 942 1610 9;
972 1559 1289 1616 cognosces
1320 1546 1542 1606 autem,
1576 1542 1710 1612 quis
1760 1542 1838 1596 sit
1892 1541 2083 1596 bonus

439 1633 725 1690 mercedis
754 1631 1087 1688 retributor.
1123 1630 1411 1699 Servabis,
1472 1646 1602 1700 quae
1648 1628 1943 1699 accepisti,
1976 1645 2081 1683 nec

437 1723 678 1792 addens,
707 1737 810 1775 nec
840 1721 1102 1775 demens.
1128 1718 1315 1774 Malus
1337 1718 1576 1773 odiosus
1600 1718 1705 1772 tibi
1736 1717 1845 1772 erit
1865 1718 1924 1771 in
1958 1733 2082 1789 per-

433 1815 700 1883 petuum.
729 1809 896 1864 Juste
917 1807 1369 1878 judicabis.Non
1401 1807 1578 1862 facies
1609 1806 1944 1874 dissidium;
1973 1806 2074 1862 sed

434 1915 638 1971 pacem
670 1896 1012 1953 conciliabis
1067 1896 1220 1950 inter
1276 1895 1713 1961 contendentes,
1773 1911 1870 1949 eos
1915 1911 2078 1950 asso-

435 1987 616 2043 cians.
675 1984 1050 2041 Conﬁteberis
1097 1987 1331 2056 peccata
1360 1987 1480 2038 tua.
1535 1983 1660 2038 Non
1691 1983 1974 2038 accedens
2005 1983 2076 2039 ad

436 2076 757 2133 orationem
786 2079 950 2130 tuam
979 2072 1040 2127 in
1091 2071 1447 2128 conscientia
1497 2071 1671 2127 mala.
1714 2104 1780 2113 —
1828 2071 1958 2127 Haec
1990 2076 2080 2128 est

433 2164 527 2222 via
553 2163 725 2220 lucis.

2193 652 2290 711 τὰς
2330 655 2544 725 χεῖρας,
2579 650 2714 725 πρὸς
2773 647 2830 703 δὲ
2885 647 2948 702 τὸ
2980 646 3161 703 δοῦναι
3214 653 3438 706 συσπῶν.
3467 652 3772 725 Ἀγαπήσεις,

2195 739 2269 800 ὡς
2300 738 2470 813 κόρην
2505 736 2796 813 ὀφθαλμοῦ
2829 758 2945 809 σου,
2981 739 3156 791 πάντα
3182 737 3275 791 τὸν
3303 735 3554 794 λαλοῦντά
3579 762 3654 795 σοι
3695 740 3773 797 λό-

2193 849 2293 902 γον
2337 832 2432 882 τοῦ
2463 827 2658 901 Κυρίου
2689 829 2807 899 (72)
2835 827 3128 899 Μνησθήσῃ
3157 825 3312 882 αὐτὸν
3344 828 3538 903 ἡμέρας
3565 830 3778 904 κρίσεως,

2193 915 2386 976 νυκτὸς
2435 915 2525 969 καὶ
2572 917 2802 990 ἡμέρας.
2855 916 3203 985 Ἐκζητήσεις
3262 918 3376 977 καθ’
3419 917 3624 987 ἑκάστην
3666 919 3779 991 ἡμέ-

2196 1024 2288 1079 ραν
2319 1005 2386 1058 τὰ
2415 1003 2682 1079 πρόσωπα
2709 1008 2816 1057 τῶν
2867 1002 3058 1077 ἁγίων,
3090 1002 3180 1056 καὶ
3213 1005 3324 1075 (73)
3365 1002 3448 1058 διὰ
3490 1002 3643 1080 λόγου
3688 1028 3783 1062 σκοο

2194 1097 2309 1146 πῶν
2357 1093 2444 1145 καὶ
2492 1092 2861 1168 πορευόμενος
2911 1092 2986 1152 εἷς
3035 1091 3097 1145 τὸ
3136 1090 3514 1166 παρακαλέσαι,
3539 1095 3619 1148 καὶ
3648 1094 3780 1167 μελε·

2191 1186 2298 1235 τῶν
2332 1182 2405 1242 εἷς
2438 1182 2499 1234 τὸ
2539 1186 2704 1235 σῶσαι
2747 1181 2929 1256 ψσχήν
2960 1185 3039 1252 τῷ
3100 1180 3268 1256 λόγῳ.
3303 1183 3411 1254 (74)
3442 1183 3530 1234 Καὶ
3577 1179 3656 1237 διὰ
3694 1188 3780 1238 τῶν

2193 1275 2393 1346 χειρῶν
2450 1292 2545 1324 σου
2602 1269 2796 1346 ἐργάσῃ
2870 1269 2948 1331 εἷς
3030 1268 3298 1346 λύτρωσιν
3371 1274 3471 1323 τῶν
3547 1272 3780 1348 ἁμαρτιῶν

2192 1381 2307 1415 σου.
2341 1362 2451 1433 (75)
2481 1359 2555 1413 Οὐ
2587 1357 2853 1421 διστάσεις
2901 1357 3106 1429 δοῦναι,
3141 1356 3264 1413 οὐδὲ
3312 1356 3484 1420 διδοὺς
3524 1359 3780 1436 γογγύσεις.

2192 1449 2358 1503 Παντὶ
2405 1448 2642 1502 αἶ’τοῦντί
2691 1469 2749 1502 σε
2801 1445 2972 1502 δίδου’
3025 1449 3209 1522 γνώσῃ
3261 1445 3338 1518 δὲ,
3386 1448 3464 1510 τίς
3519 1449 3546 1502 ὁ
3587 1453 3672 1503 τοῦ
3715 1472 3784 1521 μι-

2193 1540 2319 1592 σθοῦ
2360 1537 2526 1599 καλὸς
2577 1534 2972 1607 ἀνταποδότης.
3012 1539 3126 1610 (76)
3174 1535 3458 1607 Φυλάξεις,
3502 1536 3534 1591 ἃ
3583 1537 3781 1610 παρέλα-

2191 1621 2303 1700 ϐες,
2341 1629 2480 1700 μήτε
2525 1627 2825 1703 προστιθεὶ,
2871 1629 3010 1700 μήτε
3054 1627 3298 1704 ἀφαιρῶν
3330 1626 3420 1688 Εἰς
3469 1626 3615 1688 τέλος
3661 1631 3788 1699 μισή·

2189 1738 2295 1778 σεις
2326 1717 2418 1770 τὸν
2447 1715 2707 1789 πονηρόν.
2742 1717 2856 1789 (77)
2887 1720 3095 1790 Κρινεῖς
3128 1712 3374 1777 δικαίως.
3406 1717 3516 1788 (78)
3543 1715 3609 1769 Ού
3655 1717 3786 1784 ποιή-

2191 1825 2300 1867 σεις
2332 1804 2558 1880 σχίσμα,
2593 1803 2921 1880 εἷρηνεύσεις
2953 1801 3010 1858 δὲ
3044 1805 3408 1880 μαχομένους
3437 1804 3674 1879 συνάγων.
3701 1806 3788 1877 (79)

2190 1892 2602 1970 Ἐξομολογήσῃ
2658 1892 2744 1948 ἐπὶ
2795 1892 3080 1968 ἁμαρτίαις
3123 1913 3239 1949 σου.
3272 1894 3386 1967 (80)
3419 1891 3531 1967 Οὐχ
3581 1892 3707 1962 ἥξεις
3745 1891 3784 1945 ἐν

2187 1986 2471 2060 προσευχῇ
2521 2004 2616 2037 σου
2667 1981 2719 2036 έν
2768 1979 3067 2052 συνειδήσει
3117 1986 3348 2058 πονηρᾷ.
3403 1980 3543 2051 Αὕτη
3592 1981 3712 2036 ἐστὶν
3753 1983 3780 2050 ἡ

2189 2069 2314 2133 ὁδὸς
2342 2075 2440 2126 τοῦ
2471 2070 2672 2148 φωτός,

711 2291 736 2318 ο
1766 2276 1882 2332 ΧΧ.
1923 2279 1996 2334 De
2020 2279 2114 2333 via
2141 2280 2516 2334 tenebrarum.

506 2395 616 2450 Via
661 2398 859 2451 autem
916 2393 1294 2448 tenebrarum
1343 2392 1582 2465 obliqua
1647 2397 1736 2449 est
1795 2393 2083 2466 plenaque

437 2482 992 2542 maledictionis.Est
1020 2481 1177 2537 enim
1207 2481 1301 2536 via
1323 2482 1528 2537 mortis
1549 2484 1772 2536 aeternae
1789 2497 1924 2537 cum
1947 2498 2082 2553 sup-

439 2572 634 2646 plicio,
664 2571 722 2626 in
755 2588 870 2643 qua
897 2575 1056 2640 sunt,
1110 2587 1236 2641 quae
1268 2570 1520 2640 perdunt
1563 2570 1822 2626 animam
1873 2570 2082 2642 [homi-

441 2664 629 2730 num]
663 2677 676 2715 :
710 2658 1059 2726 idololatria,
1095 2658 1417 2729 temeritas,
1443 2658 1612 2713 elatio
1644 2660 1714 2714 ob
1743 2660 2082 2730 potentiam,

440 2748 759 2817 simulatio,
793 2764 892 2803 cor
915 2747 1148 2818 duplex,
1171 2746 1546 2813 adulterium,
1580 2747 2085 2816 homicidium,ra-

441 2837 601 2909 pina,
635 2836 928 2907 superbia,
961 2835 1372 2906 transgressio,
1419 2834 1608 2902 dolus,
1647 2834 1888 2905 malitia,
1923 2853 2084 2892 arro-

443 2926 662 2998 gantia,
711 2924 1078 2990 veneﬁcium,
1113 2924 1327 2996 magia,
1360 2923 1620 2992 avaritia,
1653 2924 1850 2981 nullus
1881 2926 1982 2980 Dei
2012 2925 2086 2980 ti-

449 3031 596 3069 mor.
632 3014 717 3082 [In
750 3029 868 3085 qua
913 3012 1074 3083 sunt]
1106 3012 1393 3068 bonorum
1427 3017 1852 3084 persecutores,
1888 3030 2088 3070 osores

441 3102 722 3172 veritatis,
780 3106 1071 3156 amatores
1134 3101 1489 3172 [mendacii],
1525 3118 1637 3157 non
1671 3106 2086 3173 cognoscentes

443 3192 769 3246 mercedem
793 3190 1059 3261 justitiaa,
1089 3207 1204 3245 non
1231 3189 1490 3261 adjuncti
1520 3191 1591 3244 ad
1625 3189 1865 3260 bonum,
1900 3191 2085 3245 vidua:

446 3283 502 3335 et
529 3277 750 3351 pupillo
783 3295 899 3334 non
930 3282 1177 3333 attentos
1227 3295 1295 3333 ex
1330 3279 1492 3348 justo
1540 3278 1784 3347 judicio,
1836 3279 2086 3350 vigilan-

351 3437 354 3440 Α
444 3371 534 3424 tes
564 3384 680 3423 non
703 3368 770 3423 ad
805 3367 1071 3422 timorem
1104 3366 1332 3435 Dei,sed
1365 3367 1435 3422 ad
1470 3367 1776 3438 malitiam,
1811 3385 1844 3422 a
1873 3367 2087 3439 quibus

445 3455 618 3528 longe
647 3473 713 3512 ac
744 3455 945 3528 procul
976 3460 1116 3511 sunt
1145 3457 1533 3511 mansuetudo
1563 3461 1620 3511 et
1658 3456 1956 3528 patientia,
1989 3458 2087 3528 qui

446 3544 702 3618 diligunt
726 3561 894 3615 vana,
929 3549 1343 3600 consectantur
1366 3545 1913 3614 remunerationem,
1971 3564 2085 3602 non

445 3634 798 3690 miserentur
826 3633 1040 3705 inopis,
1072 3650 1189 3689 non
1218 3633 1485 3689 laborant
1532 3634 1592 3689 in
1649 3635 1897 3706 gratiam
1926 3635 2084 3692 illius

445 3721 548 3794 qui
576 3721 772 3778 labore
805 3739 872 3778 ac
900 3721 1178 3777 aerumnis
1209 3723 1508 3778 confectus
1548 3727 1657 3790 est,
1694 3725 1765 3778 ad
1797 3725 2080 3780 obtrecta-

425 3812 660 3867 ~tionem
684 3811 1083 3882 prompti,non
1106 3816 1520 3882 cognoscentes
1536 3815 1861 3868 Creatorem
1883 3830 2080 3885 suum,

443 3897 763 3955 liberorum
813 3898 1258 3970 interemptores
1312 3900 1394 3970 [in
1443 3900 1786 3970 abortione],
1822 3919 2078 3958 corrum-

441 3992 645 4058 pentes
675 3987 776 4042 Dei
825 3992 1176 4054 creaturam,
1221 3993 1552 4044 aversantes
1581 4005 1850 4061 egenum,
1885 3991 2080 4063 oppri-

441 4079 670 4132 mentes
701 4075 1007 4146 afﬂictum,
1030 4074 1275 4131 divitum
1307 4077 1590 4146 advocati,
1623 4095 1946 4150 pauperum
1976 4080 2082 4135 ini-

441 4163 788 4236 quijudices
813 4182 826 4232 ;
861 4180 963 4235 per
991 4164 1191 4220 omnia
1221 4169 1571 4236 peccatores.

2263 2394 2374 2466 (81)
2402 2398 2463 2447 Ἡ
2494 2389 2552 2446 δὲ
2579 2395 2675 2446 τοῦ
2711 2388 2945 2464 μέλανος
2975 2387 3098 2452 ὁδός
3149 2389 3258 2453 ἐςτι
3309 2389 3519 2462 σκολιὰ,
3547 2389 3629 2445 καὶ
3669 2390 3775 2444 κατά

2193 2501 2286 2557 ρας
2322 2482 2513 2554 μεστή.
2545 2483 2695 2535 Ἔστι
2726 2480 2825 2556 γὰρ
2858 2477 2983 2541 ὁδὸς
3010 2483 3106 2534 τοῦ
3150 2481 3381 2534 θανάτου
3430 2478 3637 2533 αἰωνίου
3684 2479 3788 2550 μετὰ

2192 2571 2459 2646 τιμωρίας
2492 2569 2543 2624 έν
2634 2569 2742 2624 ἐστι
2789 2568 2857 2623 τὰ
2903 2565 3214 2623 ἀπολοῦντα
3263 2570 3367 2638 τὴν
3411 2569 3587 2643 ψυχὴν
3627 2567 3785 2621 αὐτῶν·

2194 2657 2637 2734 εἷδωλολατρεία,
2671 2657 2964 2733 θρασύτης,
3017 2657 3150 2730 ὕψος
3183 2654 3486 2730 δυνάμεως,
3527 2656 3783 2730 ὑπόκρισις,

2194 2745 2575 2822 διπλοκαρδία,
2638 2746 2879 2823 μοιχεία,
2939 2746 3124 2823 φόνος,
3183 2747 3426 2821 ἁρπαγὴ,
3478 2744 3784 2821 ὑπερηφανία,

2192 2833 2516 2914 παράϐασις,
2568 2834 2750 2906 δόλος,
2800 2835 2982 2907 κακία,
3033 2833 3312 2904 αὐθάδεια,
3359 2833 3667 2912 φαρμακεία,
3715 2851 3789 2905 μα·

2193 2927 2333 3002 γεία,
2365 2925 2667 2997 πλεονεξία,
2700 2920 2898 3003 ἀφοϐία
2925 2929 3079 2983 Θεοῦ.
3109 2926 3226 2998 (82)
3271 2928 3502 2978 Διῶκται
3551 2927 3648 2977 τῶν
3693 2921 3791 2995 ἀγα-

2195 3018 2323 3088 θῶν,
2387 3020 2661 3089 μισοῦντες
2726 3013 3007 3084 ἀλήθειαν,
3056 3013 3375 3087 ἀγαπῶντες
3430 3013 3538 3086 (83)
3589 3007 3790 3084 ψεῦδος),
3950 3019 3951 3082 ᾖ

2195 3105 2256 3160 οὐ
2296 3107 2652 3180 γινώσκοντες
2704 3104 2892 3178 μισθὸν
2945 3100 3319 3172 δικαιοσύνης,
3378 3101 3439 3157 οὐ
3487 3099 3791 3171 κολλώμενοι

2196 3127 2256 3160 ου
2296 3127 2652 3180 γινώσκοντες
2704 3127 2892 3178 μισυον
2945 3127 3319 3172 οικαιοσυνης,
3378 3127 3439 3157 ου
3487 3127 3791 3171 κοΛΛωμενυι

2196 3195 2401 3269 ἀγαθῷ,
2436 3193 2498 3248 ού
2524 3194 2696 3270 κρίσει
2728 3190 2908 3264 δικαίᾳ
2939 3193 3091 3268 χήρᾳ
3127 3191 3216 3246 καὶ
3269 3191 3488 3269 ὀρφανῷ
3533 3183 3786 3265 προσέχον-

2192 3304 2300 3354 τες,
2350 3284 2740 3358 ἀγρυπνοῦντες
2786 3280 2884 3336 οὐκ
2931 3280 3006 3342 είς
3057 3274 3225 3356 φόϐον
3278 3284 3435 3349 Θεοῦ,
3478 3275 3595 3333 ἀλλ’
3633 3275 3708 3331 ἐπὶ
3749 3274 3797 3328 τὸ

2193 3372 2450 3447 πονηρὸν,
2509 3372 2580 3425 ὧν
2636 3371 2840 3446 μακρὰν
2887 3371 2976 3424 καὶ
3024 3367 3214 3445 πόῤῥω
3263 3369 3507 3445 πραΰτης
3567 3365 3646 3420 καὶ
3691 3364 3793 3418 ὑπο-

2201 3462 2358 3536 μονὴ,
2392 3461 2699 3535 ἀγαπῶντες
2753 3459 2971 3532 μάταια,
3003 3455 3296 3521 διώκοντες
3348 3452 3696 3528 ἀνταπόδομα,
3719 3451 3797 3506 οὐκ

2196 3549 2469 3611 ἐλεοῦντες
2508 3548 2755 3623 πτωχὸν,
2790 3546 2850 3600 ού
2900 3549 3190 3607 πονοῦντες
3240 3543 3330 3599 ἐπὶ
3381 3549 3459 3616 τῷ
3503 3559 3796 3597 καταπονου-

2202 3638 2368 3710 μένῳ,
2419 3637 2660 3713 εῦγερεῖς
2723 3635 2775 3689 ἐν
2839 3631 3163 3705 καταλαλίᾳ,
3219 3634 3284 3687 οῦ
3350 3634 3688 3708 γινώσκοντες
3726 3625 3798 3682 τὸν

2195 3729 2495 3797 ποιήσαντα
2533 3724 2749 3792 αὐτοὺς,
2782 3729 2961 3802 φονεῖς
2992 3724 3213 3791 τέκνων,
3247 3729 3470 3800 φθορεῖς
3516 3715 3794 3791 πλάσματος

2191 3820 2344 3887 Θεοῦ,
2407 3814 2832 3892 ἀποτρεφόμενοι
2905 3813 2996 3867 τὸν
3071 3810 3414 3884 ἐνδεόμενον,
3471 3809 3789 3865 καταπονοῦν-

2190 3925 2274 3966 τες
2319 3903 2411 3958 τὸν
2464 3898 2808 3977 θλιϐόμενον,
2855 3898 3133 3956 πλουσίων
3173 3899 3544 3977 παράκλητοι,
3591 3895 3796 3964 πενήτων

2192 3992 2382 4066 ἄνομοι
2422 3993 2624 4068 κριταὶ,
2655 3991 3120 4067 πανταμάρτητοι.

1692 4285 1834 4342 ΧΧΙ.
1877 4288 2155 4347 Conclusio
2186 4291 2577 4348 admonitoria.

503 4378 754 4453 Equum
814 4380 992 4454 igitur
1057 4385 1166 4452 est,
1226 4385 1289 4436 ut
1363 4380 1538 4436 homo
1606 4383 1846 4440 edoctus
1905 4403 2074 4442 man-

432 4467 569 4526 data
617 4470 870 4540 Domini,
904 4475 1190 4542 quotquot
1220 4470 1384 4542 prius
1433 4471 1651 4544 scripta
1693 4479 1852 4538 sunt,
1902 4476 1960 4531 in
1991 4477 2076 4532 eis

430 4557 712 4615 ambulet.
745 4560 851 4625 Qui
883 4560 1039 4615 enim
1069 4576 1137 4615 ea
1165 4559 1410 4631 perﬁcit,
1443 4560 1502 4614 in
1534 4576 1713 4634 regno
1760 4563 1859 4620 Dei
1892 4564 2077 4637 gloria

430 4647 865 4714 cumulabitur;
903 4652 1000 4721 qui
1024 4665 1155 4704 vero
1175 4649 1291 4704 alia
1310 4647 1546 4720 elegerit
1576 4651 1752 4706 simul
1775 4669 1910 4708 cum
1950 4654 2075 4710 suis

2257 4385 2434 4442 Καλὸν
2487 4384 2576 4441 οὖν
2636 4384 2768 4456 ἐστι,
2832 4383 3066 4458 μαθόντα
3106 4382 3174 4438 τὰ
3217 4380 3565 4456 δικαιώματα
3609 4374 3793 4451 Κυρίου,

2186 4476 2283 4531 ὅσα
2348 4475 2779 4552 προγέγραπται,
2834 4473 2885 4528 ἐν
2943 4471 3160 4535 τούτοις
3224 4475 3563 4549 περιπατεῖν.
3613 4470 3662 4521 Ὁ
3711 4465 3790 4552 τάξ

2182 4570 2350 4620 ταῦτα
2381 4550 2553 4620 ποιῶν
2582 4563 2633 4618 ἐν
2659 4567 2730 4637 τῇ
2765 4559 3015 4639 βασιλείᾳ
3041 4565 3140 4616 τοῦ
3179 4565 3314 4616 Θεοῦ
3366 4557 3744 4630 δοξασθήσεταυ
3769 4550 3791 4604 ὁ

2186 4653 2362 4709 ἐκεῖνα
2391 4655 2502 4728 (84)
2531 4651 2915 4729 ἐκλεγόμενος,
2947 4651 3081 4724 μετά
3125 4653 3230 4704 τῶν
3280 4645 3454 4726 ἔργων
3495 4646 3647 4702 αὐτοῦ
3693 4662 3788 4729 crgv-

431 4736 702 4808 operibus
751 4738 981 4810 peribit.
1036 4742 1347 4809 Propterea
1377 4742 1739 4811 resurrectio,
1774 4747 2075 4814 propterea

2195 4741 2488 4799 ιπολεῖται.
2523 4742 2619 4796 Διά
2643 4744 2804 4796 τοῦτο
2854 4738 3154 4809 ἀνάστασις,
3187 4735 3277 4792 διὰ
3323 4741 3486 4792 τοῦτο
3536 4726 3788 4790 ἀνταπόδο-

424 4823 748 4882 retributio.
787 4827 944 4900 Rogo
973 4843 1094 4894 vos,
1125 4843 1412 4898 proceres,
1453 4828 1502 4881 si
1535 4829 1799 4902 accipitis
1831 4833 2069 4905 aliquod

2183 4854 2285 4894 σις.
2337 4833 2557 4906 Ἐρωτῶ
2599 4828 2725 4892 τοὺς
2769 4829 3156 4906 ὑπερέχοντας,
3186 4823 3238 4880 si’
3279 4827 3401 4880 τινα
3458 4845 3563 4899 μου
3601 4820 3790 4898 γνώμης

493 4940 512 4973 ⁷
543 4941 717 4996 Eccli.
753 4959 826 5012 1v,
859 4943 950 5012 31,
981 4943 1068 4997 36.
1145 4942 1165 4976 ⁸
1199 4944 1219 4997 Ι
1252 4944 1378 4999 Cor.
1413 4960 1488 5010 IV,
1525 4945 1607 4998 12.
1687 4947 1708 4980 θ
1736 4947 1941 5002 Matth.
1979 4967 2009 5003 v
2039 4951 2079 5004 42

2195 4952 2316 5005 Luc.
2353 4967 2433 5021 v1,
2466 4951 2556 5005 30.

1806 5063 2185 5121 VARIORUM
2226 5064 2440 5121 NOT/E

492 5154 605 5228 (71)
639 5154 821 5228 Const.
857 5165 1052 5228 apost.,
1085 5173 1185 5226 v11,
1218 5157 1303 5209 11.

491 5225 604 5295 (72)
636 5227 794 5295 una,
827 5230 881 5282 9.

487 5297 603 5365 (73)
635 5297 691 5353 F.
726 5297 815 5351 καὶ
849 5295 1142 5371 διαλόγους
1193 5303 1292 5365 [$0.
1327 5295 1526 5369 αὐτῶν]
1559 5304 1800 5371 σκοπῶν,
1841 5320 2061 5360 sermo-

413 5381 531 5442 nes
552 5384 752 5442 eorum
786 5378 1178 5442 perscrutans.

483 5439 598 5508 (74)
631 5439 806 5514 Const:
849 5451 1047 5514 aposl.,
1083 5460 1181 5514 vn,
1223 5441 1491 5514 _12._Aut.
1553 5441 1718 5514 labor
1775 5461 2056 5501 manuum

411 5511 1016 5582 commendatur-{aut
1051 5511 1382 5567 distributio
1423 5512 1764 5569 facultatum
1817 5517 1873 5570 in
1909 5517 2055 5573 elee-

409 5593 676 5652 mosyna.
711 5589 840 5641 Co'r.

623 5656 800 5730 Qonst.
833 5667 1006 5730 (ipost.
1042 5657 1077 5711 Ι.
1112 5674 1162 5711 c.

478 5722 589 5798 (76)
625 5727 812 5786 Const.
839 5722 1039 5804 dpost.,
1070 5745 1192 5800 V111,
1229 5727 1314 5784 14.

2247 5164 2358 5234 (77)
2391 5162 2569 5218 Const.
2603 5170 2796 5234 apost.,
2827 5178 2927 5228 vn,
2962 5162 3051 5215 10.

2266 5229 2358 5304 78)
2388 5234 2552 5306 ibid”
2586 5229 2696 5289 nis.
2731 5239 2997 5306 exigua...
3028 5229 3366 5306 μαχομένος.

2265 5305 2356 5377 79)
2390 5305 2568 5377 Const.
2599 5304 2905 5374 (ipost—vn,
2941 5304 3026 5358 14.

2242 5377 2356 5446 (80)
2385 5376 2547 5441 una,
2582 5377 2668 5432 17.

2262 5448 2324 5501 81
2335 5452 2356 5516 >
2386 5447 2513 5502 Ibid
2543 5492 2557 5517 ,
2593 5448 2680 5502 48.

2259 5509 2349 5582 82)
2382 5509 2639 5572 Subaudi
2673 5535 2742 5573 ex
2769 5517 3248 5574 antecedentibus
3274 5512 3322 5568 έν
3356 5513 3396 5582 ᾗ
3429 5509 3529 5566 εἶσι

2237 5589 2350 5659 (83)
2382 5590 2441 5660 ld
2469 5590 2618 5644 addo
2651 5606 2719 5644 ex
2748 5590 2926 5645 Const.
2962 5606 3052 5660 op.
3082 5589 3122 5644 Ι.
3173 5605 3228 5643 c.

2236 5651 2347 5733 (84)
2380 5659 2587 5733 Ἐκεῖνα
2610 5687 2673 5706 =
2705 5677 2832 5732 quae
2863 5651 3068 5716 divine
3099 5657 3384 5715 voluntati
3417 5658 3556 5713 sunt
3584 5651 3776 5708 contra-

2198 5732 2284 5807 ia,
2320 5732 2391 5790 de
2425 5732 2641 5808 quibus
2682 5749 2733 5791 ο.
2763 5734 2836 5791 20
2864 5734 3265 5792 fueratsermo.
