4038 6210
266 474 377 535 781

1524 476 1903 539 EPISTOLA
1947 474 2413 538 CATHOLICA.

3548 475 3665 539 782

265 602 470 679 ἀγαθῆς
520 598 825 678 λαμϐάνετε
882 600 1217 679 συμϐουλίαν
1250 625 1262 639 ⁸
1298 604 1470 683 ἔχετε,
1526 608 1603 670 εἱς
1635 607 1727 671 οὓς
1761 607 1947 684 εὐερκ

2026 609 2193 664 bonae
2219 606 2536 664 voluntatis
2552 622 2689 663 meae
2714 605 3024 663 consilium
3050 622 3064 663 :
3086 606 3317 665 habetis
3337 608 3663 675 vobiscum,

261 693 490 768 γάσασθε
523 737 537 763 ,
596 695 710 765 μεθ’
769 695 971 749 ἑαυτῶν
999 713 1010 725 ·
1078 696 1153 767 μή
1213 694 1613 770 ἐγκαταλίπητε
1644 740 1656 752 .
1720 696 1911 773 Ἐγγὺς

261 782 363 857 γὰρ
423 780 624 857 ἡμέρα,
684 781 734 835 ἐν
888 782 1267 838 συναπολεῖται
1328 782 1500 839 πάντα
1544 789 1623 857 τῷ
1664 789 1907 859 πονηρῷ.

280 869 453 947 Εγγὺς
510 871 537 923 ὁ
589 871 781 947 Κύριος
829 872 918 926 καὶ
970 872 998 926 ὁ
1053 872 1239 945 μισθὸς
1294 872 1476 931 αὐτοῦ.
1529 879 1649 928 Ἔτι
1693 873 1783 928 καὶ
1832 870 1909 928 ἔτι

263 958 453 1034 ἐρωτῶ
486 960 648 1032 ὑμᾶς·
702 960 901 1015 ἑαυτῶν
950 960 1159 1037 γίνεσθε
1198 964 1489 1034 νομοθέται
1534 962 1741 1037 ἀγαθοὶ.
1792 962 1909 1017 ἑαυ-

261 1052 369 1101 τῶν
408 1046 591 1120 μένετε
638 1044 942 1122 σύμϐουλοι
993 1050 1198 1117 πιστοὶ,
1242 1048 1403 1126 ἄρατε
1450 1050 1500 1120 ἐξ
1544 1051 1695 1123 ὑμῶν
1740 1057 1911 1105 πᾶσαν

264 1136 562 1212 ὑπόκρισιν.
776 1140 832 1192 Ὀ
863 1136 921 1193 δὲ
974 1140 1125 1207 Θεὸς,
1158 1140 1185 1193 ὁ
1216 1140 1414 1201 παντὸς
1461 1144 1555 1193 τοῦ
1586 1139 1794 1212 κόσμου
1821 1162 1910 1194 κυ-

264 1224 476 1300 ριεύων,
531 1223 645 1298 δῴη
696 1227 820 1300 ὑμῖν
872 1227 1083 1303 σοφίαν,
1134 1226 1466 1300 ἐπιστήμην,
1508 1227 1735 1297 σύνεσιν,
1766 1234 1909 1303 γνῶ-

263 1334 345 1367 σιν
368 1319 476 1369 τῶν
520 1312 901 1388 δικαιωμάτων
950 1316 1137 1386 αὐτοῦ,
1170 1316 1221 1370 ἐν
1270 1318 1541 1390 ὑπομονῇ.
1590 1317 1803 1371 Γίνεσθε
1855 1315 1913 1371 δὲ

264 1400 624 1474 θεοδίδακτοι,
659 1404 1029 1476 ἐκζητοῦντες,
1076 1405 1129 1459 τί
1181 1410 1332 1475 ζητεῖ
1378 1405 1574 1480 Κύριος
1623 1406 1713 1483 ἀφ’
1757 1406 1907 1479 ὑμῶν

260 1494 349 1545 καί
380 1498 607 1562 ποιεῖτε,
650 1492 743 1547 τίνα
791 1502 1003 1565 σωθῆτε
1046 1494 1097 1549 ἐν
1147 1494 1329 1569 ἡμέρᾳ
1365 1494 1614 1569 κρίσεως.
1649 1494 1718 1549 Εἴ
1744 1492 1801 1549 δέ
1829 1495 1910 1556 τίς

263 1579 403 1635 ἐστιν
456 1582 659 1657 ἀγαθοῦ
712 1583 883 1656 μνεία,
948 1583 1315 1656 μνημονεύετέ
1377 1605 1521 1657 μου,
1583 1582 1911 1655 μελεὸῶντες

260 1674 447 1742 ταῦτα,
502 1668 595 1725 ’ίνα
640 1671 728 1726 καὶ
786 1675 821 1741 ἡ
874 1672 1130 1746 ἐπιθυμια
1186 1673 1275 1726 καὶ
1323 1674 1357 1741 ἡ
1416 1672 1681 1748 ἀγρυπνία
1738 1670 1812 1734 εἷς
1856 1693 1907 1727 τι

262 1759 462 1833 ἀγαθὸν
513 1763 763 1835 χωρήσῃ.
829 1762 1048 1835 Ἐρωτῶ
1106 1762 1267 1836 ὑμᾶς,
1319 1762 1480 1836 χάριν
1540 1760 1861 1834 αἰτούμενος
1894 1805 1907 1819 .

260 1849 349 1909 Ὠς
383 1847 458 1901 ἔτι
489 1849 551 1903 τὸ
580 1846 746 1903 καλὸν
796 1852 909 1922 (86)
961 1849 1149 1910 σκεῦός
1188 1848 1297 1905 ἐστι
1334 1851 1450 1921 μεθ’
1499 1850 1674 1922 ὑμῶν,
1714 1852 1788 1921 μὴ
1821 1850 1905 1905 ἐκ·

261 1933 490 2006 λείπητε
524 1934 715 2009 μηδενὶ
746 1936 943 2009 αὐτῶν,
976 1936 1123 1993 ἀλλὰ
1150 1942 1395 2014 συνεχῶς
1425 1936 1696 2007 ἐκζητεῖτε
1717 1944 1905 2008 ταῦτα,

255 2024 345 2077 καὶ
404 2023 779 2100 ἀναπληροῦτε
834 2026 1004 2079 πὰσαν
1066 2025 1290 2096 ἐντολήν
1328 2070 1340 2084 .
1400 2022 1508 2081 ἔστι
1584 2026 1687 2102 γὰρ
1739 2031 1904 2081 ταῦτα

261 2110 401 2183 ἄξια.
435 2115 528 2167 Διὸ
566 2111 775 2186 μᾶλλον
830 2112 1131 2169 ἐσπούδασα
1179 2115 1404 2190 γράψαι,
1456 2116 1543 2190 ἀφ’
1593 2118 1664 2169 ὧν
1710 2113 1910 2187 ἠδυνή-

264 2212 387 2271 θην,
434 2201 509 2263 εἷς
554 2204 617 2255 τὸ
666 2202 920 2280 εὐφρᾶναι
967 2204 1127 2275 ὑμᾶς.
1181 2205 1450 2273 Σώζεσθε,
1494 2204 1711 2279 ἀγάπης
1756 2204 1911 2259 τέκνα

258 2290 350 2343 καὶ
383 2290 624 2365 εἰρήνης.
658 2296 711 2345 '0
742 2291 937 2367 Κύριος
967 2299 1067 2361 τῆς
1121 2290 1280 2363 δόξης
1330 2294 1420 2348 καὶ
1468 2292 1643 2363 πάσης
1683 2292 1908 2369 χάριτος

264 2378 401 2451 μετὰ
423 2383 521 2433 τοῦ
550 2380 857 2453 πνεύματος
888 2381 1062 2453 ὐμῶν.
1096 2384 1290 2454 Ἀμήν.

2021 699 2237 771 quibus
2269 698 2415 753 bene
2463 696 2721 764 fecistis;
2757 714 2826 752 ne
2858 712 2955 752 eos
2998 696 3441 769 derelinquatis.
3484 698 3665 770 Prope

2019 786 2172 842 enim
2207 790 2296 842 est
2326 786 2471 853 dies,
2522 785 2582 840 in
2629 802 2746 856 qua
2776 785 2971 841 omnia
3002 802 3136 840 cum
3170 785 3322 841 malo
3366 786 3660 858 peribunt.

2021 876 2201 947 Prope
2255 879 2343 931 est
2384 874 2671 930 Dominus
2718 878 2774 929 et
2820 890 3040 930 merces
3085 876 3235 945 ejus.
3268 875 3454 931 Etiam
3486 880 3664 949 atque

2019 966 2194 1021 etiam
2221 980 2360 1037 rogo
2391 980 2524 1019 vos:
2551 968 2737 1019 estote
2758 964 2924 1019 vobis
2953 963 3087 1019 boni
3111 962 3661 1036 legislatores,vobis

2020 1057 2251 1108 manete
2293 1051 2611 1108 consiliarii
2660 1050 2879 1119 fideles,
2911 1050 3096 1107 tollite
3136 1068 3205 1107 ex
3232 1052 3395 1109 vobis
3425 1068 3660 1110 omnem

2019 1141 2393 1213 bypocrisim.
2427 1145 2580 1195 Deus
2613 1144 2831 1210 autem,
2866 1139 2966 1211 qui
3002 1140 3273 1196 universo
3305 1142 3525 1197 mundo
3557 1142 3660 1198 do-

2021 1230 2299 1298 minatur,
2333 1230 2431 1284 det
2460 1228 2626 1284 vobis
2669 1228 3038 1299 sapientiam,
3086 1229 3412 1299 scientiam,
3444 1229 3664 1286 intelli-

2016 1319 2276 1391 gentiam
2319 1317 2712 1389 cognitionem
2761 1318 3172 1373 mandatorum
3222 1334 3489 1385 suorum,
3528 1336 3663 1375 cum

2019 1404 2468 1478 perseverantia.
2502 1404 2854 1459 Efﬁciamini
2888 1409 3089 1460 autem
3138 1405 3291 1461 docti
3334 1423 3367 1461 a
3397 1406 3534 1475 Deo,
3567 1422 3663 1463 ex-

2020 1494 2341 1567 quirentes,
2375 1494 2517 1567 quid
2553 1510 2586 1548 a
2616 1493 2780 1549 vobis
2814 1494 3074 1565 requirat
3103 1493 3423 1563 Dominus;
3456 1501 3513 1551 et
3541 1496 3665 1552 efﬁ-

2018 1583 2147 1649 cite,
2194 1588 2259 1638 ut
2289 1582 2433 1638 salvi
2464 1582 2596 1637 sitis
2627 1582 2685 1636 in
2719 1582 3062 1653 diejudicii.
3087 1582 3147 1638 Si
3178 1600 3294 1654 qua
3322 1600 3454 1640 vero
3476 1589 3565 1641 est
3582 1586 3665 1656 [in

2016 1671 2205 1742 vobis]
2231 1672 2367 1726 boni
2403 1670 2746 1739 recordatio,
2771 1675 3123 1727 mementote
3154 1672 3290 1740 mei,
3315 1672 3437 1729 haec
3471 1674 3669 1743 [verba

2020 1765 2167 1827 mea]
2227 1760 2574 1827 mediantes,
2636 1762 2701 1813 ut
2755 1763 2810 1814 et
2868 1759 3226 1816 desiderium
3278 1764 3334 1815 et
3363 1761 3667 1834 vigilantia

2018 1849 2190 1921 [mea]
2226 1850 2280 1902 in
2314 1847 2549 1919 aliquod
2579 1847 2798 1903 bonum
2829 1848 3054 1902 evadat.
3089 1848 3246 1920 Rogo
3275 1866 3378 1904 vos
3411 1851 3662 1921 gratiam

2018 1935 2503 2009 postulans.Cum
2528 1934 2717 1989 adhuc
2746 1933 2805 1989 in
2834 1950 2969 1990 vase
3000 1934 3229 2003 estis,in
3256 1934 3417 1990 nullo
3448 1936 3661 1993 horum

2016 2023 2474 2094 [mandatorum]
2504 2021 2861 2091 deﬁcite,sed
2893 2022 3289 2078 indesinenter
3316 2023 3437 2080 haac
3458 2025 3661 2095 exqui-

2022 2116 2148 2183 rite,
2187 2117 2243 2168 et
2270 2112 2585 2184 adimplete
2631 2127 2804 2167 omne
2835 2112 3173 2167 mandatum
3207 2130 3219 2167 :
3254 2112 3373 2168 haec
3405 2130 3662 2186 namque

2021 2204 2198 2276 oigna
2241 2206 2399 2257 sunt.
2452 2201 2639 2265 Quare
2698 2200 3076 2271 potissimum
3124 2201 3181 2256 id
3213 2218 3451 2273 operam
3498 2203 3654 2272 dedi,

2022 2296 2310 2365 quantum
2340 2290 2399 2343 in
2440 2304 2533 2343 me
2556 2289 2685 2358 luit,
2704 2293 2769 2343 ut
2798 2289 3113 2344 scriberem
3137 2290 3324 2361 vobis,
3355 2307 3470 2362 quo
3502 2291 3662 2347 exhi~

2020 2381 2266 2437 lararem
2298 2394 2419 2433 vos.
2454 2376 2701 2447 Salvete,
2735 2376 2838 2431 filii
2870 2376 3199 2433 dilectionis
3248 2382 3305 2433 et
3341 2378 3518 2450 pacis.
3552 2385 3662 2436 Do-

2022 2470 2220 2526 minus
2249 2466 2447 2540 gloriae
2477 2470 2535 2522 et
2564 2466 2755 2522 omnis
2784 2466 2985 2537 gratias
3016 2466 3093 2522 sit
3130 2483 3261 2523 cum
3295 2467 3506 2540 spiritu
3534 2483 3661 2526 ves-

2019 2564 2130 2616 tro.
2164 2561 2368 2613 Amen.

1630 2711 2018 2771 VARIORUM
2058 2711 2296 2766 NOTzE.

327 2830 445 2900 (85)
478 2830 608 2887 Haec
637 2829 841 2886 recitat
869 2830 1048 2885 Clem.
1081 2830 1238 2887 Alex.
1271 2832 1467 2887 Strom.
1502 2848 1563 2899 ιι,
1596 2847 1645 2885 c.
1681 2831 1766 2901 18,
1799 2847 1856 2902 p.
1889 2829 2014 2885 472.

2270 2826 2382 2897 (86)
2416 2824 2476 2879 Id
2509 2827 2599 2879 est
2626 2839 2842 2897 corpus,
2873 2828 2939 2879 ut
2966 2823 3199 2895 saepius.

921 3164 1402 3259 DIGTUM
1455 3164 1548 3258 S.
1623 3156 2283 3256 BARNABzE
2346 3152 2995 3250 APOSTOLI.

1160 3381 1339 3453 Quod
1368 3381 1435 3441 in
1464 3381 1599 3458 ejus
1630 3377 1947 3440 Catholica
1973 3374 2251 3456 Epistola
2280 3391 2400 3434 non
2428 3372 2761 3452 reperitur.

938 3557 1275 3629 (GALLAND.,
1313 3560 1420 3615 νει.
1452 3559 1606 3613 Patr.
1639 3554 1924 3624 Biblioth.,
1957 3554 2001 3623 Ι,
2035 3552 2159 3618 140,
2185 3566 2257 3607 ex
2282 3548 2460 3607 codice
2487 3550 2681 3604 Barac.
2715 3547 2990 3620 XXXIX.)

335 3742 611 3818 Βαρνάϐας
642 3749 669 3802 ὁ
700 3750 1007 3815 ἀπόστολος
1049 3751 1173 3830 ἔφη’
1206 3759 1290 3808 Ἐν
1344 3751 1609 3827 ἁμίλλαις
1646 3754 1909 3824 πονηραῖς

259 3832 598 3911 ἀθλιώτερος
649 3839 678 3892 ὁ
727 3843 974 3912 νικήσας,
1027 3839 1163 3897 διότι
1214 3842 1508 3919 ἀπέρχεται
1556 3838 1722 3896 πλέον
1765 3835 1908 3915 ἔχων

258 3924 363 3990 τῆς
395 3924 677 4001 ἁμαρτίας.

2093 3745 2391 3801 Barnabas
2421 3742 2720 3816 apostolus
2768 3743 2848 3799 ait
2879 3761 2891 3798 :
2928 3743 2992 3798 In
3035 3742 3207 3800 malis
3246 3745 3664 3801 certaminibus

2022 3836 2307 3893 infelicior
2335 3839 2446 3904 est,
2480 3833 2581 3906 qui
2609 3832 2788 3889 vincit
2838 3849 2851 3889 :
2899 3832 3021 3889 abit
3067 3832 3247 3901 enim,
3279 3833 3411 3907 plus
3440 3834 3665 3891 habens

2021 3926 2263 4000 peccati.
