  <div class='ocr_page' id='page_1' title='image "/cluster/home/n/w/nwhite01/storage/ocr_20150623/2/hvd.32044073501397/399.png"; bbox 0 0 4038 6210; ppageno 0'>
   <div class='ocr_carea' id='block_1_1' title="bbox 499 531 3854 581">
    <p class='ocr_par' dir='ltr' id='par_1_1' title="bbox 499 531 3854 581">
     <span class='ocr_line' id='line_1_1' title="bbox 499 531 3854 581; baseline 0.001 -4"><span class='ocrx_word' id='word_1_1' title='bbox 499 531 3854 581; x_wconf 63' lang='lat' dir='ltr'>M</span> 
     </span>
    </p>
   </div>
   <div class='ocr_carea' id='block_1_2' title="bbox 925 806 3474 1037">
    <p class='ocr_par' dir='ltr' id='par_1_2' title="bbox 925 806 3474 1037">
     <span class='ocr_line' id='line_1_2' title="bbox 925 806 3474 1037; baseline 0.002 -70"><span class='ocrx_word' id='word_1_2' title='bbox 925 807 1071 968; x_wconf 85' lang='lat' dir='ltr'><strong>s.</strong></span> <span class='ocrx_word' id='word_1_3' title='bbox 1214 806 2232 969; x_wconf 83' lang='lat' dir='ltr'><strong>MATTHIAS</strong></span> <span class='ocrx_word' id='word_1_4' title='bbox 2372 806 3474 972; x_wconf 85' lang='lat' dir='ltr'><strong>APOSTOLUS</strong></span> 
     </span>
    </p>
   </div>
   <div class='ocr_carea' id='block_1_3' title="bbox 1684 1401 2712 1544">
    <p class='ocr_par' dir='ltr' id='par_1_3' title="bbox 1684 1401 2712 1544">
     <span class='ocr_line' id='line_1_3' title="bbox 1684 1401 2712 1544; baseline 0.01 -14"><span class='ocrx_word' id='word_1_5' title='bbox 1684 1401 2712 1544; x_wconf 81' lang='lat' dir='ltr'><strong>FRAGMENTA.</strong></span> 
     </span>
    </p>
   </div>
   <div class='ocr_carea' id='block_1_4' title="bbox 497 1707 3855 1869">
    <p class='ocr_par' dir='ltr' id='par_1_4' title="bbox 497 1707 3855 1869">
     <span class='ocr_line' id='line_1_4' title="bbox 497 1707 3855 1869; baseline -0.001 -99"><span class='ocrx_word' id='word_1_6' title='bbox 497 1708 611 1790; x_wconf 81' lang='lat' dir='ltr'><strong>(Ex</strong></span> <span class='ocrx_word' id='word_1_7' title='bbox 640 1707 954 1771; x_wconf 84' lang='lat' dir='ltr'><strong>Clemente</strong></span> <span class='ocrx_word' id='word_1_8' title='bbox 984 1708 1431 1783; x_wconf 86' lang='lat' dir='ltr'><strong>Alexandrino,</strong></span> <span class='ocrx_word' id='word_1_9' title='bbox 1466 1708 1694 1772; x_wconf 84' lang='lat' dir='ltr'><strong>Strom.</strong></span> <span class='ocrx_word' id='word_1_10' title='bbox 1742 1707 1851 1771; x_wconf 91' lang='lat' dir='ltr'><strong>lib.</strong></span> <span class='ocrx_word' id='word_1_11' title='bbox 1884 1726 1950 1785; x_wconf 87' lang='lat' dir='ltr'><strong>II,</strong></span> <span class='ocrx_word' id='word_1_12' title='bbox 1988 1728 2125 1803; x_wconf 76' lang='lat' dir='ltr'><strong>cap.</strong></span> <span class='ocrx_word' id='word_1_13' title='bbox 2173 1713 2272 1851; x_wconf 43' lang='grc' dir='ltr'><strong>ςξῆ</strong></span> <span class='ocrx_word' id='word_1_14' title='bbox 2302 1710 2411 1869; x_wconf 43' lang='lat' dir='ltr'><strong>lib.</strong></span> <span class='ocrx_word' id='word_1_15' title='bbox 2457 1726 2551 1783; x_wconf 85' lang='lat' dir='ltr'><strong>III,</strong></span> <span class='ocrx_word' id='word_1_16' title='bbox 2585 1728 2721 1789; x_wconf 91' lang='lat' dir='ltr'><strong>cap.</strong></span> <span class='ocrx_word' id='word_1_17' title='bbox 2755 1714 2832 1785; x_wconf 79' lang='lat'><strong>4;</strong></span> <span class='ocrx_word' id='word_1_18' title='bbox 2867 1711 3025 1790; x_wconf 87' lang='lat' dir='ltr'><strong>Opp.</strong></span> <span class='ocrx_word' id='word_1_19' title='bbox 3061 1716 3214 1772; x_wconf 89' lang='lat' dir='ltr'><strong>tom.</strong></span> <span class='ocrx_word' id='word_1_20' title='bbox 3248 1712 3298 1785; x_wconf 88' lang='grc' dir='ltr'>Ι,</span> <span class='ocrx_word' id='word_1_21' title='bbox 3330 1708 3433 1772; x_wconf 92' lang='lat' dir='ltr'><strong>ed.</strong></span> <span class='ocrx_word' id='word_1_22' title='bbox 3467 1709 3673 1771; x_wconf 81' lang='lat' dir='ltr'><strong>Venet.</strong></span> <span class='ocrx_word' id='word_1_23' title='bbox 3705 1708 3855 1784; x_wconf 76' lang='lat' dir='ltr'><strong>i757,</strong></span> 
     </span>
     <span class='ocr_line' id='line_1_5' title="bbox 2085 1809 2293 1851; baseline 0 0"><span class='ocrx_word' id='word_1_24' title='bbox 2085 1810 2183 1851; x_wconf 89' lang='lat' dir='ltr'><strong>m-</strong></span> <span class='ocrx_word' id='word_1_25' title='bbox 2215 1809 2250 1851; x_wconf 93' lang='grc' dir='ltr'>ο</span> <span class='ocrx_word' id='word_1_26' title='bbox 2279 1835 2293 1851; x_wconf 91' lang='grc'><strong>.</strong></span> 
     </span>
    </p>
   </div>
   <div class='ocr_carea' id='block_1_5' title="bbox 2085 1809 2293 1851">
    <p class='ocr_par' dir='ltr' id='par_1_5' title="bbox 2085 1809 2293 1851">
     <span class='ocr_line' id='line_1_6' title="bbox 2085 1809 2293 1851; baseline 0 0"><span class='ocrx_word' id='word_1_27' title='bbox 2085 1809 2293 1851; x_wconf 79' lang='lat' dir='ltr'><strong>IIl-101.</strong></span> 
     </span>
    </p>
   </div>
   <div class='ocr_carea' id='block_1_6' title="bbox 2182 2270 2231 2328">
    <p class='ocr_par' dir='ltr' id='par_1_6' title="bbox 2182 2270 2231 2328">
     <span class='ocr_line' id='line_1_7' title="bbox 2182 2270 2231 2328; baseline 0 0"><span class='ocrx_word' id='word_1_28' title='bbox 2182 2270 2231 2328; x_wconf 91' lang='grc' dir='ltr'>Ι.</span> 
     </span>
    </p>
   </div>
   <div class='ocr_carea' id='block_1_7' title="bbox 574 2442 2169 2520">
    <p class='ocr_par' dir='ltr' id='par_1_7' title="bbox 574 2442 2153 2519">
     <span class='ocr_line' id='line_1_8' title="bbox 574 2442 2153 2519; baseline -0.004 -18"><span class='ocrx_word' id='word_1_29' title='bbox 574 2443 790 2513; x_wconf 79' lang='grc' dir='ltr'>Ταύτης</span> <span class='ocrx_word' id='word_1_30' title='bbox 842 2442 898 2498; x_wconf 74' lang='grc' dir='ltr'><strong>δὲ</strong></span> <span class='ocrx_word' id='word_1_31' title='bbox 945 2446 1065 2517; x_wconf 84' lang='grc' dir='ltr'>(τῆς</span> <span class='ocrx_word' id='word_1_32' title='bbox 1115 2442 1391 2513; x_wconf 79' lang='grc' dir='ltr'><strong>ἀληθείας)</strong></span> <span class='ocrx_word' id='word_1_33' title='bbox 1442 2444 1589 2519; x_wconf 77' lang='grc' dir='ltr'><strong>ἀρχῆ</strong></span> <span class='ocrx_word' id='word_1_34' title='bbox 1648 2442 1711 2498; x_wconf 82' lang='grc' dir='ltr'><strong>τὸ</strong></span> <span class='ocrx_word' id='word_1_35' title='bbox 1767 2442 2032 2515; x_wconf 77' lang='grc' dir='ltr'><strong>Θαυμάσαι</strong></span> <span class='ocrx_word' id='word_1_36' title='bbox 2086 2446 2153 2497; x_wconf 76' lang='grc' dir='ltr'><strong>τὰ</strong></span> 
     </span>
    </p>
   </div>
   <div class='ocr_carea' id='block_1_8' title="bbox 2253 2442 3848 2520">
    <p class='ocr_par' dir='ltr' id='par_1_8' title="bbox 2333 2444 3848 2520">
     <span class='ocr_line' id='line_1_9' title="bbox 2333 2444 3848 2520; baseline -0.001 -20"><span class='ocrx_word' id='word_1_37' title='bbox 2333 2446 2474 2517; x_wconf 85' lang='lat' dir='ltr'><strong>Ejus</strong></span> <span class='ocrx_word' id='word_1_38' title='bbox 2504 2451 2699 2503; x_wconf 88' lang='lat' dir='ltr'><strong>autem</strong></span> <span class='ocrx_word' id='word_1_39' title='bbox 2728 2445 3034 2518; x_wconf 80' lang='lat' dir='ltr'><strong>(veritatis)</strong></span> <span class='ocrx_word' id='word_1_40' title='bbox 3066 2451 3156 2503; x_wconf 90' lang='lat' dir='ltr'><strong>est</strong></span> <span class='ocrx_word' id='word_1_41' title='bbox 3188 2446 3547 2520; x_wconf 86' lang='lat' dir='ltr'><strong>principium</strong></span> <span class='ocrx_word' id='word_1_42' title='bbox 3578 2462 3661 2502; x_wconf 84' lang='lat' dir='ltr'><strong>res</strong></span> <span class='ocrx_word' id='word_1_43' title='bbox 3705 2444 3848 2500; x_wconf 87' lang='lat' dir='ltr'><strong>admi-</strong></span> 
     </span>
    </p>
   </div>
   <div class='ocr_carea' id='block_1_9' title="bbox 500 2530 2095 2609">
    <p class='ocr_par' dir='ltr' id='par_1_9' title="bbox 500 2530 2094 2609">
     <span class='ocr_line' id='line_1_10' title="bbox 500 2530 2094 2609; baseline -0.001 -21"><span class='ocrx_word' id='word_1_44' title='bbox 500 2534 837 2609; x_wconf 78' lang='grc' dir='ltr'><strong>πράγματα,</strong></span> <span class='ocrx_word' id='word_1_45' title='bbox 892 2533 964 2593; x_wconf 83' lang='grc' dir='ltr'><strong>ὡς</strong></span> <span class='ocrx_word' id='word_1_46' title='bbox 1038 2530 1266 2587; x_wconf 81' lang='grc' dir='ltr'><strong>Πλάτων</strong></span> <span class='ocrx_word' id='word_1_47' title='bbox 1344 2532 1731 2604; x_wconf 59' lang='grc' dir='ltr'>ἐνιθεαιτὴτῳ</span> <span class='ocrx_word' id='word_1_48' title='bbox 1805 2530 1951 2607; x_wconf 72' lang='grc' dir='ltr'>λέγει</span> <span class='ocrx_word' id='word_1_49' title='bbox 1989 2550 2000 2564; x_wconf 75' lang='grc'><strong>⁸</strong></span> <span class='ocrx_word' id='word_1_50' title='bbox 2060 2553 2094 2586; x_wconf 88' lang='grc' dir='ltr'>κ</span> 
     </span>
    </p>
   </div>
   <div class='ocr_carea' id='block_1_10' title="bbox 2249 2530 3844 2609">
    <p class='ocr_par' dir='ltr' id='par_1_10' title="bbox 2264 2532 3844 2601">
     <span class='ocr_line' id='line_1_11' title="bbox 2264 2532 3844 2601; baseline -0.001 -12"><span class='ocrx_word' id='word_1_51' title='bbox 2264 2535 2402 2601; x_wconf 90' lang='lat' dir='ltr'><strong>rari,</strong></span> <span class='ocrx_word' id='word_1_52' title='bbox 2454 2539 2518 2589; x_wconf 90' lang='lat' dir='ltr'><strong>ut</strong></span> <span class='ocrx_word' id='word_1_53' title='bbox 2568 2535 2710 2591; x_wconf 89' lang='lat' dir='ltr'><strong>dicit</strong></span> <span class='ocrx_word' id='word_1_54' title='bbox 2758 2535 2917 2591; x_wconf 90' lang='lat' dir='ltr'><strong>Plato</strong></span> <span class='ocrx_word' id='word_1_55' title='bbox 2968 2535 3027 2591; x_wconf 92' lang='lat' dir='ltr'><strong>in</strong></span> <span class='ocrx_word' id='word_1_56' title='bbox 3072 2536 3393 2598; x_wconf 59' lang='lat' dir='ltr'><strong>Thewteto;</strong></span> <span class='ocrx_word' id='word_1_57' title='bbox 3444 2540 3499 2591; x_wconf 91' lang='lat' dir='ltr'><strong>et</strong></span> <span class='ocrx_word' id='word_1_58' title='bbox 3545 2532 3844 2590; x_wconf 82' lang='lat' dir='ltr'><strong>MATTHIAS</strong></span> 
     </span>
    </p>
   </div>
   <div class='ocr_carea' id='block_1_11' title="bbox 502 2619 2097 2697">
    <p class='ocr_par' dir='ltr' id='par_1_11' title="bbox 502 2619 2097 2697">
     <span class='ocr_line' id='line_1_12' title="bbox 502 2619 2097 2697; baseline -0.003 -18"><span class='ocrx_word' id='word_1_59' title='bbox 502 2624 812 2679; x_wconf 78' lang='grc' dir='ltr'><strong>ΜΑΤΘΙΑΣ</strong></span> <span class='ocrx_word' id='word_1_60' title='bbox 865 2622 916 2676; x_wconf 78' lang='grc' dir='ltr'>ἐν</span> <span class='ocrx_word' id='word_1_61' title='bbox 967 2627 1086 2683; x_wconf 81' lang='grc' dir='ltr'>ταῖς</span> <span class='ocrx_word' id='word_1_62' title='bbox 1136 2619 1467 2697; x_wconf 74' lang='grc' dir='ltr'>Παραδόσεσι</span> <span class='ocrx_word' id='word_1_63' title='bbox 1518 2624 1814 2697; x_wconf 81' lang='grc' dir='ltr'><strong>παραινῶν·</strong></span> <span class='ocrx_word' id='word_1_64' title='bbox 1851 2645 1879 2671; x_wconf 92' lang='grc'><strong>‹‹</strong></span> <span class='ocrx_word' id='word_1_65' title='bbox 1928 2619 2097 2693; x_wconf 76' lang='grc' dir='ltr'>Θαύμι</span> 
     </span>
    </p>
   </div>
   <div class='ocr_carea' id='block_1_12' title="bbox 2252 2619 3847 2697">
    <p class='ocr_par' dir='ltr' id='par_1_12' title="bbox 2262 2620 3847 2693">
     <span class='ocr_line' id='line_1_13' title="bbox 2262 2620 3847 2693; baseline -0.003 -16"><span class='ocrx_word' id='word_1_66' title='bbox 2262 2622 2581 2678; x_wconf 88' lang='lat' dir='ltr'><strong>adhortans</strong></span> <span class='ocrx_word' id='word_1_67' title='bbox 2599 2623 2657 2678; x_wconf 92' lang='lat' dir='ltr'><strong>in</strong></span> <span class='ocrx_word' id='word_1_68' title='bbox 2685 2622 3093 2679; x_wconf 83' lang='lat' dir='ltr'><strong>Traditionibus</strong></span> <span class='ocrx_word' id='word_1_69' title='bbox 3119 2640 3132 2679; x_wconf 91' lang='lat'>:</span> <span class='ocrx_word' id='word_1_70' title='bbox 3162 2646 3191 2673; x_wconf 93' lang='grc'><strong>‹‹</strong></span> <span class='ocrx_word' id='word_1_71' title='bbox 3213 2623 3521 2678; x_wconf 87' lang='lat' dir='ltr'><strong>Admirare</strong></span> <span class='ocrx_word' id='word_1_72' title='bbox 3541 2620 3847 2693; x_wconf 67' lang='lat' dir='ltr'><strong>presentia,»</strong></span> 
     </span>
    </p>
   </div>
   <div class='ocr_carea' id='block_1_13' title="bbox 501 2705 2096 2786">
    <p class='ocr_par' dir='ltr' id='par_1_13' title="bbox 501 2709 2096 2786">
     <span class='ocr_line' id='line_1_14' title="bbox 501 2709 2096 2786; baseline -0.002 -21"><span class='ocrx_word' id='word_1_73' title='bbox 501 2721 592 2765; x_wconf 82' lang='grc' dir='ltr'><strong>σόν</strong></span> <span class='ocrx_word' id='word_1_74' title='bbox 650 2712 716 2764; x_wconf 81' lang='grc' dir='ltr'><strong>τὰ</strong></span> <span class='ocrx_word' id='word_1_75' title='bbox 771 2709 1010 2786; x_wconf 73' lang='grc' dir='ltr'>παρόντα</span> <span class='ocrx_word' id='word_1_76' title='bbox 1068 2712 1167 2780; x_wconf 72' lang='grc'><strong>(4),</strong></span> <span class='ocrx_word' id='word_1_77' title='bbox 1228 2734 1255 2761; x_wconf 84' lang='grc'><strong>››</strong></span> <span class='ocrx_word' id='word_1_78' title='bbox 1312 2709 1519 2785; x_wconf 76' lang='grc' dir='ltr'><strong>βαθμὸν</strong></span> <span class='ocrx_word' id='word_1_79' title='bbox 1566 2714 1757 2764; x_wconf 76' lang='grc' dir='ltr'>τοῦτον</span> <span class='ocrx_word' id='word_1_80' title='bbox 1808 2714 2024 2784; x_wconf 73' lang='grc' dir='ltr'><strong>πρῶτον</strong></span> <span class='ocrx_word' id='word_1_81' title='bbox 2051 2717 2096 2765; x_wconf 62' lang='grc' dir='ltr'><strong>τῆ</strong></span> 
     </span>
    </p>
   </div>
   <div class='ocr_carea' id='block_1_14' title="bbox 2252 2705 3847 2786">
    <p class='ocr_par' dir='ltr' id='par_1_14' title="bbox 2261 2705 3847 2785">
     <span class='ocr_line' id='line_1_15' title="bbox 2261 2705 3847 2785; baseline -0.004 -18"><span class='ocrx_word' id='word_1_82' title='bbox 2261 2727 2396 2767; x_wconf 90' lang='lat' dir='ltr'><strong>eum</strong></span> <span class='ocrx_word' id='word_1_83' title='bbox 2413 2726 2541 2768; x_wconf 89' lang='lat' dir='ltr'><strong>esse</strong></span> <span class='ocrx_word' id='word_1_84' title='bbox 2558 2712 2814 2783; x_wconf 91' lang='lat' dir='ltr'><strong>primum</strong></span> <span class='ocrx_word' id='word_1_85' title='bbox 2843 2712 3092 2785; x_wconf 90' lang='lat' dir='ltr'><strong>gradum</strong></span> <span class='ocrx_word' id='word_1_86' title='bbox 3110 2716 3384 2768; x_wconf 87' lang='lat' dir='ltr'><strong>statuens</strong></span> <span class='ocrx_word' id='word_1_87' title='bbox 3409 2710 3685 2768; x_wconf 76' lang='lat' dir='ltr'><strong>ulterioris</strong></span> <span class='ocrx_word' id='word_1_88' title='bbox 3700 2705 3847 2779; x_wconf 82' lang='lat' dir='ltr'><strong>cogni-</strong></span> 
     </span>
    </p>
   </div>
   <div class='ocr_carea' id='block_1_15' title="bbox 502 2798 2463 2873">
    <p class='ocr_par' dir='ltr' id='par_1_15' title="bbox 502 2798 2463 2873">
     <span class='ocr_line' id='line_1_16' title="bbox 502 2798 2463 2873; baseline 0.001 -20"><span class='ocrx_word' id='word_1_89' title='bbox 502 2798 741 2853; x_wconf 74' lang='grc' dir='ltr'><strong>ἐπέκεινα</strong></span> <span class='ocrx_word' id='word_1_90' title='bbox 768 2799 1019 2873; x_wconf 86' lang='grc' dir='ltr'><strong>γνώσεως</strong></span> <span class='ocrx_word' id='word_1_91' title='bbox 1055 2798 1437 2872; x_wconf 73' lang='grc' dir='ltr'><strong>ὑποτιθέμενος</strong></span> <span class='ocrx_word' id='word_1_92' title='bbox 1453 2841 1463 2854; x_wconf 92' lang='grc'><strong><em>.</em></strong></span> <span class='ocrx_word' id='word_1_93' title='bbox 2262 2799 2463 2857; x_wconf 78' lang='lat' dir='ltr'><strong>tionis.</strong></span> 
     </span>
    </p>
   </div>
   <div class='ocr_carea' id='block_1_16' title="bbox 2170 3032 2248 3094">
    <p class='ocr_par' dir='ltr' id='par_1_16' title="bbox 2170 3032 2248 3094">
     <span class='ocr_line' id='line_1_17' title="bbox 2170 3032 2248 3094; baseline 0 -1"><span class='ocrx_word' id='word_1_94' title='bbox 2170 3032 2248 3094; x_wconf 85' lang='grc' dir='ltr'>ΙΙ.</span> 
     </span>
    </p>
   </div>
   <div class='ocr_carea' id='block_1_17' title="bbox 579 3211 2174 3292">
    <p class='ocr_par' dir='ltr' id='par_1_17' title="bbox 579 3211 2147 3292">
     <span class='ocr_line' id='line_1_18' title="bbox 579 3211 2147 3292; baseline -0.002 -21"><span class='ocrx_word' id='word_1_95' title='bbox 579 3215 811 3292; x_wconf 79' lang='grc' dir='ltr'><strong>Λέγουσι</strong></span> <span class='ocrx_word' id='word_1_96' title='bbox 840 3217 889 3292; x_wconf 87' lang='grc' dir='ltr'><strong>γ’</strong></span> <span class='ocrx_word' id='word_1_97' title='bbox 936 3216 1027 3270; x_wconf 83' lang='grc' dir='ltr'>οὗν</span> <span class='ocrx_word' id='word_1_98' title='bbox 1092 3216 1180 3269; x_wconf 77' lang='grc' dir='ltr'>καὶ</span> <span class='ocrx_word' id='word_1_99' title='bbox 1235 3214 1327 3270; x_wconf 83' lang='grc' dir='ltr'><strong>τὸν</strong></span> <span class='ocrx_word' id='word_1_100' title='bbox 1373 3219 1676 3269; x_wconf 78' lang='grc' dir='ltr'><strong>ΜΑΤΘΙΑΝ</strong></span> <span class='ocrx_word' id='word_1_101' title='bbox 1713 3213 1887 3276; x_wconf 74' lang='grc' dir='ltr'>οὕτως</span> <span class='ocrx_word' id='word_1_102' title='bbox 1918 3211 2147 3285; x_wconf 71' lang='grc' dir='ltr'>διδάξαιο</span> 
     </span>
    </p>
   </div>
   <div class='ocr_carea' id='block_1_18' title="bbox 2242 3211 3837 3292">
    <p class='ocr_par' dir='ltr' id='par_1_18' title="bbox 2330 3213 3837 3290">
     <span class='ocr_line' id='line_1_19' title="bbox 2330 3213 3837 3290; baseline -0.004 -18"><span class='ocrx_word' id='word_1_103' title='bbox 2330 3216 2543 3273; x_wconf 89' lang='lat' dir='ltr'><strong>Dicunt</strong></span> <span class='ocrx_word' id='word_1_104' title='bbox 2571 3217 2769 3289; x_wconf 82' lang='lat' dir='ltr'><strong>itaque</strong></span> <span class='ocrx_word' id='word_1_105' title='bbox 2798 3216 3186 3274; x_wconf 83' lang='lat' dir='ltr'><strong>MATTHIAM</strong></span> <span class='ocrx_word' id='word_1_106' title='bbox 3235 3233 3471 3290; x_wconf 89' lang='lat' dir='ltr'><strong>quoque</strong></span> <span class='ocrx_word' id='word_1_107' title='bbox 3502 3216 3580 3272; x_wconf 86' lang='lat' dir='ltr'><strong>sic</strong></span> <span class='ocrx_word' id='word_1_108' title='bbox 3607 3213 3837 3274; x_wconf 83' lang='lat' dir='ltr'><strong>docuisse,</strong></span> 
     </span>
    </p>
   </div>
   <div class='ocr_carea' id='block_1_19' title="bbox 514 3299 2109 3379">
    <p class='ocr_par' dir='ltr' id='par_1_19' title="bbox 514 3302 2109 3379">
     <span class='ocr_line' id='line_1_20' title="bbox 514 3302 2109 3379; baseline 0.001 -23"><span class='ocrx_word' id='word_1_109' title='bbox 514 3330 535 3356; x_wconf 74' lang='grc' dir='ltr'><strong>ι</strong></span> <span class='ocrx_word' id='word_1_110' title='bbox 574 3305 743 3379; x_wconf 83' lang='grc' dir='ltr'>Σαρκὶ</span> <span class='ocrx_word' id='word_1_111' title='bbox 778 3306 870 3378; x_wconf 77' lang='grc' dir='ltr'><strong>μὲν</strong></span> <span class='ocrx_word' id='word_1_112' title='bbox 907 3305 1169 3379; x_wconf 80' lang='grc' dir='ltr'><strong>μάχεσθαι</strong></span> <span class='ocrx_word' id='word_1_113' title='bbox 1218 3302 1306 3357; x_wconf 77' lang='grc' dir='ltr'>χαί</span> <span class='ocrx_word' id='word_1_114' title='bbox 1353 3306 1755 3379; x_wconf 72' lang='grc' dir='ltr'><strong>παραχρῆσθαι,</strong></span> <span class='ocrx_word' id='word_1_115' title='bbox 1811 3304 1975 3376; x_wconf 73' lang='grc' dir='ltr'>μηθὲν</span> <span class='ocrx_word' id='word_1_116' title='bbox 2014 3303 2109 3358; x_wconf 84' lang='grc' dir='ltr'><strong>αὐτ</strong></span> 
     </span>
    </p>
   </div>
   <div class='ocr_carea' id='block_1_20' title="bbox 2244 3299 3839 3379">
    <p class='ocr_par' dir='ltr' id='par_1_20' title="bbox 2268 3299 3839 3379">
     <span class='ocr_line' id='line_1_21' title="bbox 2268 3299 3839 3379; baseline -0.004 -19"><span class='ocrx_word' id='word_1_117' title='bbox 2268 3327 2294 3359; x_wconf 78' lang='grc' dir='ltr'><strong>α</strong></span> <span class='ocrx_word' id='word_1_118' title='bbox 2324 3306 2468 3362; x_wconf 89' lang='lat' dir='ltr'><strong>Cum</strong></span> <span class='ocrx_word' id='word_1_119' title='bbox 2500 3323 2672 3363; x_wconf 86' lang='lat' dir='ltr'><strong>carne</strong></span> <span class='ocrx_word' id='word_1_120' title='bbox 2720 3306 2958 3379; x_wconf 86' lang='lat' dir='ltr'><strong>quidem</strong></span> <span class='ocrx_word' id='word_1_121' title='bbox 2998 3322 3260 3379; x_wconf 90' lang='lat' dir='ltr'><strong>pugnare</strong></span> <span class='ocrx_word' id='word_1_122' title='bbox 3305 3312 3365 3363; x_wconf 93' lang='lat' dir='ltr'><strong>et</strong></span> <span class='ocrx_word' id='word_1_123' title='bbox 3409 3323 3479 3363; x_wconf 86' lang='lat' dir='ltr'><strong>ea</strong></span> <span class='ocrx_word' id='word_1_124' title='bbox 3522 3306 3619 3376; x_wconf 89' lang='lat' dir='ltr'><strong>uti,</strong></span> <span class='ocrx_word' id='word_1_125' title='bbox 3662 3300 3779 3359; x_wconf 86' lang='lat' dir='ltr'>nihil</span> <span class='ocrx_word' id='word_1_126' title='bbox 3803 3299 3839 3355; x_wconf 86' lang='lat' dir='ltr'><strong>ei</strong></span> 
     </span>
    </p>
   </div>
   <div class='ocr_carea' id='block_1_21' title="bbox 506 3388 2101 3470">
    <p class='ocr_par' dir='ltr' id='par_1_21' title="bbox 506 3388 2101 3470">
     <span class='ocr_line' id='line_1_22' title="bbox 506 3388 2101 3470; baseline -0.003 -20"><span class='ocrx_word' id='word_1_127' title='bbox 506 3394 641 3470; x_wconf 82' lang='grc' dir='ltr'><strong>πρὸς</strong></span> <span class='ocrx_word' id='word_1_128' title='bbox 670 3391 871 3464; x_wconf 79' lang='grc' dir='ltr'>ἡδονὴν</span> <span class='ocrx_word' id='word_1_129' title='bbox 903 3392 1201 3448; x_wconf 85' lang='grc' dir='ltr'>ἀκόλαστον</span> <span class='ocrx_word' id='word_1_130' title='bbox 1235 3389 1525 3447; x_wconf 81' lang='grc' dir='ltr'>ἐνδιδόντα·</span> <span class='ocrx_word' id='word_1_131' title='bbox 1558 3394 1741 3467; x_wconf 79' lang='grc' dir='ltr'>ψυχὴν</span> <span class='ocrx_word' id='word_1_132' title='bbox 1770 3389 1827 3447; x_wconf 74' lang='grc' dir='ltr'><strong>δὲ</strong></span> <span class='ocrx_word' id='word_1_133' title='bbox 1859 3388 2031 3462; x_wconf 72' lang='grc' dir='ltr'>αὔξειν</span> <span class='ocrx_word' id='word_1_134' title='bbox 2064 3390 2101 3447; x_wconf 57' lang='grc' dir='ltr'><strong>δι</strong></span> 
     </span>
    </p>
   </div>
   <div class='ocr_carea' id='block_1_22' title="bbox 2247 3388 3842 3470">
    <p class='ocr_par' dir='ltr' id='par_1_22' title="bbox 2262 3394 3842 3469">
     <span class='ocr_line' id='line_1_23' title="bbox 2262 3394 3842 3469; baseline -0.004 -19"><span class='ocrx_word' id='word_1_135' title='bbox 2262 3396 2629 3467; x_wconf 90' lang='lat' dir='ltr'><strong>impudicum</strong></span> <span class='ocrx_word' id='word_1_136' title='bbox 2677 3395 2977 3469; x_wconf 81' lang='lat' dir='ltr'><strong>largiendo</strong></span> <span class='ocrx_word' id='word_1_137' title='bbox 3007 3396 3080 3452; x_wconf 88' lang='lat' dir='ltr'><strong>ad</strong></span> <span class='ocrx_word' id='word_1_138' title='bbox 3109 3394 3475 3469; x_wconf 90' lang='lat' dir='ltr'><strong>voluptatem</strong></span> <span class='ocrx_word' id='word_1_139' title='bbox 3500 3413 3513 3464; x_wconf 89' lang='lat'><strong>;</strong></span> <span class='ocrx_word' id='word_1_140' title='bbox 3544 3407 3728 3466; x_wconf 86' lang='lat' dir='ltr'><strong>augere</strong></span> <span class='ocrx_word' id='word_1_141' title='bbox 3766 3406 3842 3445; x_wconf 84' lang='lat' dir='ltr'><strong>au-</strong></span> 
     </span>
    </p>
   </div>
   <div class='ocr_carea' id='block_1_23' title="bbox 502 3481 2097 3559">
    <p class='ocr_par' dir='ltr' id='par_1_23' title="bbox 502 3481 1217 3559">
     <span class='ocr_line' id='line_1_24' title="bbox 502 3481 1217 3559; baseline 0.001 -22"><span class='ocrx_word' id='word_1_142' title='bbox 502 3481 738 3546; x_wconf 82' lang='grc' dir='ltr'><strong>πίστεως</strong></span> <span class='ocrx_word' id='word_1_143' title='bbox 766 3482 855 3537; x_wconf 84' lang='grc' dir='ltr'>καὶ</span> <span class='ocrx_word' id='word_1_144' title='bbox 883 3482 1152 3559; x_wconf 80' lang='grc' dir='ltr'><strong>γνώσεως.</strong></span> <span class='ocrx_word' id='word_1_145' title='bbox 1187 3506 1217 3532; x_wconf 87' lang='grc'><strong>››</strong></span> 
     </span>
    </p>
   </div>
   <div class='ocr_carea' id='block_1_24' title="bbox 2020 3481 3615 3559">
    <p class='ocr_par' dir='ltr' id='par_1_24' title="bbox 2259 3484 3615 3558">
     <span class='ocr_line' id='line_1_25' title="bbox 2259 3484 3615 3558; baseline 0 -19"><span class='ocrx_word' id='word_1_146' title='bbox 2259 3487 2379 3539; x_wconf 92' lang='lat' dir='ltr'><strong>tem</strong></span> <span class='ocrx_word' id='word_1_147' title='bbox 2411 3484 2668 3541; x_wconf 87' lang='lat' dir='ltr'><strong>animam</strong></span> <span class='ocrx_word' id='word_1_148' title='bbox 2699 3501 2803 3557; x_wconf 91' lang='lat' dir='ltr'><strong>per</strong></span> <span class='ocrx_word' id='word_1_149' title='bbox 2831 3485 3007 3541; x_wconf 81' lang='lat' dir='ltr'><strong>ﬁdem</strong></span> <span class='ocrx_word' id='word_1_150' title='bbox 3036 3488 3095 3542; x_wconf 91' lang='lat' dir='ltr'><strong>et</strong></span> <span class='ocrx_word' id='word_1_151' title='bbox 3122 3485 3537 3558; x_wconf 74' lang='lat' dir='ltr'><strong>cognitionem.</strong></span> <span class='ocrx_word' id='word_1_152' title='bbox 3572 3507 3615 3539; x_wconf 77' lang='grc' dir='ltr'>ι.</span> 
     </span>
    </p>
   </div>
   <div class='ocr_carea' id='block_1_25' title="bbox 1831 3873 2584 3973">
    <p class='ocr_par' dir='ltr' id='par_1_25' title="bbox 1831 3873 2584 3973">
     <span class='ocr_line' id='line_1_26' title="bbox 1831 3873 2584 3973; baseline -0.003 -3"><span class='ocrx_word' id='word_1_153' title='bbox 1831 3873 2584 3973; x_wconf 86' lang='lat' dir='ltr'><strong>ADNOTATIO.</strong></span> 
     </span>
    </p>
   </div>
   <div class='ocr_carea' id='block_1_26' title="bbox 574 4126 3833 4208">
    <p class='ocr_par' dir='ltr' id='par_1_26' title="bbox 574 4126 3833 4208">
     <span class='ocr_line' id='line_1_27' title="bbox 574 4126 3833 4208; baseline -0.002 -16"><span class='ocrx_word' id='word_1_154' title='bbox 574 4138 652 4208; x_wconf 89' lang='grc'><strong>(1)</strong></span> <span class='ocrx_word' id='word_1_155' title='bbox 680 4136 860 4193; x_wconf 88' lang='lat' dir='ltr'><strong>Vetus</strong></span> <span class='ocrx_word' id='word_1_156' title='bbox 888 4138 976 4191; x_wconf 89' lang='lat' dir='ltr'><strong>est</strong></span> <span class='ocrx_word' id='word_1_157' title='bbox 1004 4135 1159 4207; x_wconf 83' lang='lat' dir='ltr'><strong>apud</strong></span> <span class='ocrx_word' id='word_1_158' title='bbox 1187 4135 1545 4191; x_wconf 81' lang='lat' dir='ltr'><strong>Clementem</strong></span> <span class='ocrx_word' id='word_1_159' title='bbox 1574 4134 2029 4190; x_wconf 83' lang='lat' dir='ltr'><strong>Alexandrinum</strong></span> <span class='ocrx_word' id='word_1_160' title='bbox 2060 4135 2119 4190; x_wconf 90' lang='lat' dir='ltr'><strong>in</strong></span> <span class='ocrx_word' id='word_1_161' title='bbox 2142 4136 2397 4192; x_wconf 88' lang='lat' dir='ltr'><strong>secundo</strong></span> <span class='ocrx_word' id='word_1_162' title='bbox 2428 4136 2753 4192; x_wconf 89' lang='lat' dir='ltr'><strong>Stromateo</strong></span> <span class='ocrx_word' id='word_1_163' title='bbox 2787 4135 3031 4208; x_wconf 90' lang='lat' dir='ltr'><strong>apostoli</strong></span> <span class='ocrx_word' id='word_1_164' title='bbox 3068 4135 3325 4193; x_wconf 69' lang='lat' dir='ltr'><strong>Matthiae</strong></span> <span class='ocrx_word' id='word_1_165' title='bbox 3361 4137 3596 4205; x_wconf 89' lang='lat' dir='ltr'><strong>dictum,</strong></span> <span class='ocrx_word' id='word_1_166' title='bbox 3616 4133 3667 4188; x_wconf 89' lang='lat' dir='ltr'><strong>in</strong></span> <span class='ocrx_word' id='word_1_167' title='bbox 3692 4126 3833 4186; x_wconf 74' lang='lat' dir='ltr'><strong>Tradi-</strong></span> 
     </span>
    </p>
   </div>
   <div class='ocr_carea' id='block_1_27' title="bbox 498 4223 3832 4297">
    <p class='ocr_par' dir='ltr' id='par_1_27' title="bbox 498 4223 3832 4297">
     <span class='ocr_line' id='line_1_28' title="bbox 498 4223 3832 4297; baseline -0.002 -17"><span class='ocrx_word' id='word_1_168' title='bbox 498 4226 739 4281; x_wconf 82' lang='lat' dir='ltr'><strong>tionibus</strong></span> <span class='ocrx_word' id='word_1_169' title='bbox 767 4224 920 4296; x_wconf 94' lang='lat' dir='ltr'><strong>quod</strong></span> <span class='ocrx_word' id='word_1_170' title='bbox 951 4224 1224 4279; x_wconf 85' lang='lat' dir='ltr'><strong>admirari</strong></span> <span class='ocrx_word' id='word_1_171' title='bbox 1248 4224 1416 4295; x_wconf 90' lang='lat' dir='ltr'><strong>jubet</strong></span> <span class='ocrx_word' id='word_1_172' title='bbox 1442 4226 1765 4295; x_wconf 71' lang='lat' dir='ltr'><strong>praesentia,</strong></span> <span class='ocrx_word' id='word_1_173' title='bbox 1791 4240 1856 4279; x_wconf 90' lang='lat' dir='ltr'><strong>ac</strong></span> <span class='ocrx_word' id='word_1_174' title='bbox 1889 4240 1990 4295; x_wconf 87' lang='lat' dir='ltr'><strong>per</strong></span> <span class='ocrx_word' id='word_1_175' title='bbox 2019 4241 2085 4279; x_wconf 91' lang='lat' dir='ltr'><strong>ea</strong></span> <span class='ocrx_word' id='word_1_176' title='bbox 2114 4240 2221 4280; x_wconf 89' lang='lat' dir='ltr'><strong>nos</strong></span> <span class='ocrx_word' id='word_1_177' title='bbox 2252 4225 2545 4296; x_wconf 83' lang='lat' dir='ltr'><strong>gradatim</strong></span> <span class='ocrx_word' id='word_1_178' title='bbox 2572 4226 2643 4281; x_wconf 90' lang='lat' dir='ltr'><strong>ad</strong></span> <span class='ocrx_word' id='word_1_179' title='bbox 2676 4223 3034 4297; x_wconf 79' lang='lat' dir='ltr'><strong>ulteriorem,</strong></span> <span class='ocrx_word' id='word_1_180' title='bbox 3067 4225 3176 4281; x_wconf 90' lang='lat' dir='ltr'><strong>hoc</strong></span> <span class='ocrx_word' id='word_1_181' title='bbox 3205 4229 3299 4282; x_wconf 87' lang='lat' dir='ltr'><strong>est</strong></span> <span class='ocrx_word' id='word_1_182' title='bbox 3331 4224 3643 4281; x_wconf 83' lang='lat' dir='ltr'><strong>divinarum</strong></span> <span class='ocrx_word' id='word_1_183' title='bbox 3668 4230 3832 4274; x_wconf 83' lang='lat' dir='ltr'><strong>rerum-</strong></span> 
     </span>
    </p>
   </div>
   <div class='ocr_carea' id='block_1_28' title="bbox 501 4305 3832 4386">
    <p class='ocr_par' dir='ltr' id='par_1_28' title="bbox 501 4305 3832 4386">
     <span class='ocr_line' id='line_1_29' title="bbox 501 4305 3832 4386; baseline -0.001 -17"><span class='ocrx_word' id='word_1_184' title='bbox 501 4313 895 4386; x_wconf 89' lang='lat' dir='ltr'><strong>cognitionem</strong></span> <span class='ocrx_word' id='word_1_185' title='bbox 929 4311 1214 4369; x_wconf 86' lang='lat' dir='ltr'><strong>attollere.</strong></span> <span class='ocrx_word' id='word_1_186' title='bbox 1266 4314 1389 4367; x_wconf 89' lang='lat' dir='ltr'><strong>lmo</strong></span> <span class='ocrx_word' id='word_1_187' title='bbox 1419 4312 1559 4383; x_wconf 89' lang='lat' dir='ltr'><strong>quia</strong></span> <span class='ocrx_word' id='word_1_188' title='bbox 1586 4328 1694 4367; x_wconf 84' lang='lat' dir='ltr'><strong>vox</strong></span> <span class='ocrx_word' id='word_1_189' title='bbox 1722 4312 1849 4383; x_wconf 89' lang='lat' dir='ltr'><strong>ipsa</strong></span> <span class='ocrx_word' id='word_1_190' title='bbox 1879 4312 2169 4384; x_wconf 81' lang='grc' dir='ltr'>θαυμάζειν</span> <span class='ocrx_word' id='word_1_191' title='bbox 2214 4329 2327 4367; x_wconf 89' lang='lat' dir='ltr'><strong>non</strong></span> <span class='ocrx_word' id='word_1_192' title='bbox 2358 4314 2567 4369; x_wconf 89' lang='lat' dir='ltr'><strong>mirari</strong></span> <span class='ocrx_word' id='word_1_193' title='bbox 2608 4311 2824 4381; x_wconf 91' lang='lat' dir='ltr'><strong>solum,</strong></span> <span class='ocrx_word' id='word_1_194' title='bbox 2858 4314 2961 4369; x_wconf 89' lang='lat' dir='ltr'><strong>sed</strong></span> <span class='ocrx_word' id='word_1_195' title='bbox 2992 4313 3167 4369; x_wconf 85' lang='lat' dir='ltr'><strong>etiam</strong></span> <span class='ocrx_word' id='word_1_196' title='bbox 3198 4313 3426 4383; x_wconf 85' lang='lat' dir='ltr'><strong>discere,</strong></span> <span class='ocrx_word' id='word_1_197' title='bbox 3459 4329 3523 4368; x_wconf 88' lang='lat' dir='ltr'><strong>ac</strong></span> <span class='ocrx_word' id='word_1_198' title='bbox 3573 4305 3832 4379; x_wconf 74' lang='lat' dir='ltr'><strong>discipulum</strong></span> 
     </span>
    </p>
   </div>
   <div class='ocr_carea' id='block_1_29' title="bbox 496 4390 3832 4475">
    <p class='ocr_par' dir='ltr' id='par_1_29' title="bbox 496 4390 3832 4475">
     <span class='ocr_line' id='line_1_30' title="bbox 496 4390 3832 4475; baseline -0.002 -18"><span class='ocrx_word' id='word_1_199' title='bbox 496 4418 613 4458; x_wconf 82' lang='lat' dir='ltr'><strong>esse</strong></span> <span class='ocrx_word' id='word_1_200' title='bbox 644 4402 956 4475; x_wconf 84' lang='lat' dir='ltr'><strong>significat,</strong></span> <span class='ocrx_word' id='word_1_201' title='bbox 990 4406 1054 4457; x_wconf 92' lang='lat' dir='ltr'><strong>ut</strong></span> <span class='ocrx_word' id='word_1_202' title='bbox 1082 4402 1451 4475; x_wconf 82' lang='lat' dir='ltr'><strong>grammatici</strong></span> <span class='ocrx_word' id='word_1_203' title='bbox 1483 4402 1710 4467; x_wconf 90' lang='lat' dir='ltr'><strong>docent,</strong></span> <span class='ocrx_word' id='word_1_204' title='bbox 1768 4406 1825 4456; x_wconf 91' lang='lat' dir='ltr'><strong>et</strong></span> <span class='ocrx_word' id='word_1_205' title='bbox 1882 4402 2031 4458; x_wconf 90' lang='lat' dir='ltr'><strong>inter</strong></span> <span class='ocrx_word' id='word_1_206' title='bbox 2061 4418 2160 4458; x_wconf 93' lang='lat' dir='ltr'><strong>eos</strong></span> <span class='ocrx_word' id='word_1_207' title='bbox 2188 4401 2531 4474; x_wconf 82' lang='lat' dir='ltr'><strong>Hesychius,</strong></span> <span class='ocrx_word' id='word_1_208' title='bbox 2565 4402 2658 4458; x_wconf 91' lang='lat' dir='ltr'><strong>his</strong></span> <span class='ocrx_word' id='word_1_209' title='bbox 2686 4402 2846 4459; x_wconf 91' lang='lat' dir='ltr'><strong>velut</strong></span> <span class='ocrx_word' id='word_1_210' title='bbox 2878 4403 3176 4475; x_wconf 85' lang='lat' dir='ltr'><strong>magistris</strong></span> <span class='ocrx_word' id='word_1_211' title='bbox 3208 4420 3277 4459; x_wconf 89' lang='lat' dir='ltr'><strong>ao</strong></span> <span class='ocrx_word' id='word_1_212' title='bbox 3309 4401 3649 4469; x_wconf 84' lang='lat' dir='ltr'><strong>doctoribus,</strong></span> <span class='ocrx_word' id='word_1_213' title='bbox 3677 4396 3735 4451; x_wconf 87' lang='lat' dir='ltr'><strong>ad</strong></span> <span class='ocrx_word' id='word_1_214' title='bbox 3759 4390 3832 4446; x_wconf 88' lang='lat' dir='ltr'><strong>Dei</strong></span> 
     </span>
    </p>
   </div>
   <div class='ocr_carea' id='block_1_30' title="bbox 493 4480 3827 4563">
    <p class='ocr_par' dir='ltr' id='par_1_30' title="bbox 493 4480 3827 4563">
     <span class='ocr_line' id='line_1_31' title="bbox 493 4480 3827 4563; baseline -0.004 -16"><span class='ocrx_word' id='word_1_215' title='bbox 493 4492 761 4547; x_wconf 86' lang='lat' dir='ltr'><strong>notitiam</strong></span> <span class='ocrx_word' id='word_1_216' title='bbox 790 4492 1086 4563; x_wconf 79' lang='lat' dir='ltr'><strong>proficere,</strong></span> <span class='ocrx_word' id='word_1_217' title='bbox 1119 4507 1185 4546; x_wconf 91' lang='lat' dir='ltr'><strong>ac</strong></span> <span class='ocrx_word' id='word_1_218' title='bbox 1218 4490 1303 4545; x_wconf 89' lang='lat' dir='ltr'><strong>sic</strong></span> <span class='ocrx_word' id='word_1_219' title='bbox 1333 4494 1615 4562; x_wconf 88' lang='lat' dir='ltr'><strong>tanquam</strong></span> <span class='ocrx_word' id='word_1_220' title='bbox 1646 4489 1706 4544; x_wconf 90' lang='lat' dir='ltr'><strong>in</strong></span> <span class='ocrx_word' id='word_1_221' title='bbox 1739 4489 1877 4545; x_wconf 94' lang='lat' dir='ltr'><strong>ludo</strong></span> <span class='ocrx_word' id='word_1_222' title='bbox 1905 4491 2161 4561; x_wconf 89' lang='lat' dir='ltr'><strong>quodam</strong></span> <span class='ocrx_word' id='word_1_223' title='bbox 2191 4494 2247 4545; x_wconf 89' lang='lat' dir='ltr'><strong>et</strong></span> <span class='ocrx_word' id='word_1_224' title='bbox 2276 4489 2477 4545; x_wconf 89' lang='lat' dir='ltr'><strong>schola</strong></span> <span class='ocrx_word' id='word_1_225' title='bbox 2508 4490 2713 4545; x_wconf 72' lang='lat' dir='ltr'><strong>divinae</strong></span> <span class='ocrx_word' id='word_1_226' title='bbox 2744 4491 3279 4563; x_wconf 89' lang='lat' dir='ltr'><strong>contemplationis,</strong></span> <span class='ocrx_word' id='word_1_227' title='bbox 3314 4493 3375 4547; x_wconf 93' lang='lat' dir='ltr'><strong>in</strong></span> <span class='ocrx_word' id='word_1_228' title='bbox 3407 4491 3513 4547; x_wconf 89' lang='lat' dir='ltr'><strong>hac</strong></span> <span class='ocrx_word' id='word_1_229' title='bbox 3542 4501 3708 4544; x_wconf 88' lang='lat' dir='ltr'><strong>rerum</strong></span> <span class='ocrx_word' id='word_1_230' title='bbox 3732 4480 3827 4536; x_wconf 85' lang='lat' dir='ltr'><strong>uni-</strong></span> 
     </span>
    </p>
   </div>
   <div class='ocr_carea' id='block_1_31' title="bbox 490 4568 3828 4652">
    <p class='ocr_par' dir='ltr' id='par_1_31' title="bbox 490 4568 3828 4652">
     <span class='ocr_line' id='line_1_32' title="bbox 490 4568 3828 4652; baseline -0.001 -16"><span class='ocrx_word' id='word_1_231' title='bbox 490 4580 765 4637; x_wconf 87' lang='lat' dir='ltr'><strong>versitate</strong></span> <span class='ocrx_word' id='word_1_232' title='bbox 794 4579 1011 4635; x_wconf 89' lang='lat' dir='ltr'><strong>versari</strong></span> <span class='ocrx_word' id='word_1_233' title='bbox 1045 4596 1149 4635; x_wconf 89' lang='lat' dir='ltr'><strong>nos</strong></span> <span class='ocrx_word' id='word_1_234' title='bbox 1181 4579 1410 4635; x_wconf 90' lang='lat' dir='ltr'><strong>volebat</strong></span> <span class='ocrx_word' id='word_1_235' title='bbox 1440 4578 1760 4650; x_wconf 88' lang='lat' dir='ltr'><strong>apostolus.</strong></span> <span class='ocrx_word' id='word_1_236' title='bbox 1780 4580 2009 4634; x_wconf 89' lang='lat' dir='ltr'><strong>Tritum</strong></span> <span class='ocrx_word' id='word_1_237' title='bbox 2042 4578 2189 4634; x_wconf 92' lang='lat' dir='ltr'><strong>illud</strong></span> <span class='ocrx_word' id='word_1_238' title='bbox 2219 4583 2308 4635; x_wconf 90' lang='lat' dir='ltr'><strong>est</strong></span> <span class='ocrx_word' id='word_1_239' title='bbox 2338 4596 2450 4634; x_wconf 92' lang='lat' dir='ltr'><strong>usu</strong></span> <span class='ocrx_word' id='word_1_240' title='bbox 2482 4579 2834 4652; x_wconf 89' lang='lat' dir='ltr'><strong>scriptorum</strong></span> <span class='ocrx_word' id='word_1_241' title='bbox 2865 4580 3156 4649; x_wconf 89' lang='lat' dir='ltr'><strong>omnium,</strong></span> <span class='ocrx_word' id='word_1_242' title='bbox 3179 4597 3245 4636; x_wconf 88' lang='lat' dir='ltr'><strong>ac</strong></span> <span class='ocrx_word' id='word_1_243' title='bbox 3278 4594 3545 4637; x_wconf 84' lang='lat' dir='ltr'><strong>sermone</strong></span> <span class='ocrx_word' id='word_1_244' title='bbox 3574 4568 3828 4632; x_wconf 70' lang='lat' dir='ltr'><strong>communi.</strong></span> 
     </span>
    </p>
   </div>
   <div class='ocr_carea' id='block_1_32' title="bbox 493 4653 3828 4741">
    <p class='ocr_par' dir='ltr' id='par_1_32' title="bbox 493 4653 3828 4741">
     <span class='ocr_line' id='line_1_33' title="bbox 493 4653 3828 4741; baseline -0.003 -16"><span class='ocrx_word' id='word_1_245' title='bbox 493 4670 649 4741; x_wconf 90' lang='lat' dir='ltr'><strong>quod</strong></span> <span class='ocrx_word' id='word_1_246' title='bbox 681 4685 929 4741; x_wconf 88' lang='lat' dir='ltr'><strong>magnus</strong></span> <span class='ocrx_word' id='word_1_247' title='bbox 958 4667 1053 4723; x_wconf 91' lang='lat' dir='ltr'><strong>ille</strong></span> <span class='ocrx_word' id='word_1_248' title='bbox 1086 4667 1434 4739; x_wconf 81' lang='lat' dir='ltr'><strong>praedicabat</strong></span> <span class='ocrx_word' id='word_1_249' title='bbox 1479 4667 1767 4723; x_wconf 87' lang='lat' dir='ltr'><strong>Antonius</strong></span> <span class='ocrx_word' id='word_1_250' title='bbox 1804 4686 1815 4723; x_wconf 92' lang='lat'><strong>:</strong></span> <span class='ocrx_word' id='word_1_251' title='bbox 1850 4668 2132 4740; x_wconf 81' lang='lat' dir='ltr'><strong>grandem</strong></span> <span class='ocrx_word' id='word_1_252' title='bbox 2162 4683 2289 4723; x_wconf 87' lang='lat' dir='ltr'><strong>esse</strong></span> <span class='ocrx_word' id='word_1_253' title='bbox 2320 4667 2536 4722; x_wconf 89' lang='lat' dir='ltr'><strong>librum</strong></span> <span class='ocrx_word' id='word_1_254' title='bbox 2573 4669 2861 4724; x_wconf 90' lang='lat' dir='ltr'><strong>mundum</strong></span> <span class='ocrx_word' id='word_1_255' title='bbox 2904 4669 3063 4724; x_wconf 88' lang='lat' dir='ltr'><strong>hunc</strong></span> <span class='ocrx_word' id='word_1_256' title='bbox 3090 4668 3151 4723; x_wconf 89' lang='lat' dir='ltr'><strong>in</strong></span> <span class='ocrx_word' id='word_1_257' title='bbox 3201 4685 3341 4741; x_wconf 91' lang='lat' dir='ltr'><strong>quo,</strong></span> <span class='ocrx_word' id='word_1_258' title='bbox 3383 4667 3539 4724; x_wconf 88' lang='lat' dir='ltr'><strong>velut</strong></span> <span class='ocrx_word' id='word_1_259' title='bbox 3582 4653 3828 4731; x_wconf 75' lang='lat' dir='ltr'><strong>antiquarii</strong></span> 
     </span>
    </p>
   </div>
   <div class='ocr_carea' id='block_1_33' title="bbox 492 4745 3825 4830">
    <p class='ocr_par' dir='ltr' id='par_1_33' title="bbox 492 4745 3825 4830">
     <span class='ocr_line' id='line_1_34' title="bbox 492 4745 3825 4830; baseline -0.002 -17"><span class='ocrx_word' id='word_1_260' title='bbox 492 4758 661 4830; x_wconf 90' lang='lat' dir='ltr'><strong>periti</strong></span> <span class='ocrx_word' id='word_1_261' title='bbox 698 4775 875 4814; x_wconf 91' lang='lat' dir='ltr'><strong>manu</strong></span> <span class='ocrx_word' id='word_1_262' title='bbox 906 4756 1317 4829; x_wconf 84' lang='lat' dir='ltr'><strong>pulcherrimis</strong></span> <span class='ocrx_word' id='word_1_263' title='bbox 1360 4755 1687 4812; x_wconf 90' lang='lat' dir='ltr'><strong>litterarum</strong></span> <span class='ocrx_word' id='word_1_264' title='bbox 1738 4758 1891 4812; x_wconf 89' lang='lat' dir='ltr'><strong>notis</strong></span> <span class='ocrx_word' id='word_1_265' title='bbox 1937 4756 2190 4812; x_wconf 87' lang='lat' dir='ltr'><strong>auctoris</strong></span> <span class='ocrx_word' id='word_1_266' title='bbox 2220 4756 2407 4828; x_wconf 90' lang='lat' dir='ltr'><strong>ipsius</strong></span> <span class='ocrx_word' id='word_1_267' title='bbox 2454 4762 2799 4812; x_wconf 88' lang='lat' dir='ltr'><strong>ornamenta</strong></span> <span class='ocrx_word' id='word_1_268' title='bbox 2840 4757 3137 4829; x_wconf 88' lang='lat' dir='ltr'><strong>descripta</strong></span> <span class='ocrx_word' id='word_1_269' title='bbox 3184 4762 3343 4812; x_wconf 88' lang='lat' dir='ltr'><strong>sunt.</strong></span> <span class='ocrx_word' id='word_1_270' title='bbox 3399 4758 3460 4812; x_wconf 87' lang='lat' dir='ltr'><strong>In</strong></span> <span class='ocrx_word' id='word_1_271' title='bbox 3487 4745 3825 4830; x_wconf 58' lang='lat' dir='ltr'><strong>pulchritudiﬂt</strong></span> 
     </span>
    </p>
   </div>
   <div class='ocr_carea' id='block_1_34' title="bbox 492 4828 3824 4918">
    <p class='ocr_par' dir='ltr' id='par_1_34' title="bbox 492 4828 3824 4918">
     <span class='ocr_line' id='line_1_35' title="bbox 492 4828 3824 4918; baseline -0.002 -17"><span class='ocrx_word' id='word_1_272' title='bbox 492 4828 617 4902; x_wconf 68' lang='lat' dir='ltr'><strong>caeli</strong></span> <span class='ocrx_word' id='word_1_273' title='bbox 646 4856 696 4902; x_wconf 91' lang='lat' dir='ltr'><strong>et</strong></span> <span class='ocrx_word' id='word_1_274' title='bbox 723 4851 882 4902; x_wconf 75' lang='lat' dir='ltr'><strong>terrae</strong></span> <span class='ocrx_word' id='word_1_275' title='bbox 908 4828 1015 4918; x_wconf 46' lang='lat' dir='ltr'><strong>(ait</strong></span> <span class='ocrx_word' id='word_1_276' title='bbox 1044 4850 1245 4900; x_wconf 86' lang='lat' dir='ltr'><strong>auctor</strong></span> <span class='ocrx_word' id='word_1_277' title='bbox 1265 4844 1532 4917; x_wconf 70' lang='lat' dir='ltr'><strong>Epistolas</strong></span> <span class='ocrx_word' id='word_1_278' title='bbox 1565 4846 1633 4900; x_wconf 90' lang='lat' dir='ltr'><strong>ad</strong></span> <span class='ocrx_word' id='word_1_279' title='bbox 1669 4845 2118 4911; x_wconf 87' lang='lat' dir='ltr'><strong>Demetriadem,</strong></span> <span class='ocrx_word' id='word_1_280' title='bbox 2135 4862 2262 4916; x_wconf 65' lang='lat' dir='ltr'><strong>quas</strong></span> <span class='ocrx_word' id='word_1_281' title='bbox 2285 4849 2373 4900; x_wconf 89' lang='lat' dir='ltr'><strong>est</strong></span> <span class='ocrx_word' id='word_1_282' title='bbox 2394 4845 2544 4899; x_wconf 90' lang='lat' dir='ltr'><strong>inter</strong></span> <span class='ocrx_word' id='word_1_283' title='bbox 2564 4846 2983 4902; x_wconf 89' lang='lat' dir='ltr'><strong>Ambrosianas</strong></span> <span class='ocrx_word' id='word_1_284' title='bbox 3002 4828 3092 4918; x_wconf 71' lang='lat'><strong>33)</strong></span> <span class='ocrx_word' id='word_1_285' title='bbox 3118 4862 3129 4902; x_wconf 93' lang='lat'>:</span> <span class='ocrx_word' id='word_1_286' title='bbox 3156 4847 3406 4917; x_wconf 62' lang='lat' dir='ltr'><strong>quaedam</strong></span> <span class='ocrx_word' id='word_1_287' title='bbox 3432 4848 3556 4900; x_wconf 87' lang='lat' dir='ltr'><strong>sunt</strong></span> <span class='ocrx_word' id='word_1_288' title='bbox 3573 4828 3824 4913; x_wconf 55' lang='lat' dir='ltr'><strong>puniat.“</strong></span> 
     </span>
    </p>
   </div>
   <div class='ocr_carea' id='block_1_35' title="bbox 493 4926 3821 5007">
    <p class='ocr_par' dir='ltr' id='par_1_35' title="bbox 493 4926 3821 5007">
     <span class='ocr_line' id='line_1_36' title="bbox 493 4926 3821 5007; baseline -0.004 -16"><span class='ocrx_word' id='word_1_289' title='bbox 493 4936 740 4991; x_wconf 87' lang='lat' dir='ltr'><strong>omnium</strong></span> <span class='ocrx_word' id='word_1_290' title='bbox 769 4936 952 4991; x_wconf 85' lang='lat' dir='ltr'><strong>oculos</strong></span> <span class='ocrx_word' id='word_1_291' title='bbox 982 4951 1193 5007; x_wconf 86' lang='lat' dir='ltr'><strong>semper</strong></span> <span class='ocrx_word' id='word_1_292' title='bbox 1216 4939 1488 5006; x_wconf 83' lang='lat' dir='ltr'><strong>patentes,</strong></span> <span class='ocrx_word' id='word_1_293' title='bbox 1520 4943 1570 4989; x_wconf 86' lang='lat' dir='ltr'><strong>et</strong></span> <span class='ocrx_word' id='word_1_294' title='bbox 1600 4939 1876 4989; x_wconf 85' lang='lat' dir='ltr'><strong>auctorem</strong></span> <span class='ocrx_word' id='word_1_295' title='bbox 1900 4951 2065 4989; x_wconf 87' lang='lat' dir='ltr'><strong>suum</strong></span> <span class='ocrx_word' id='word_1_296' title='bbox 2094 4950 2375 5004; x_wconf 78' lang='lat' dir='ltr'><strong>nunquam</strong></span> <span class='ocrx_word' id='word_1_297' title='bbox 2406 4938 2666 4999; x_wconf 79' lang='lat' dir='ltr'><strong>tacentes,</strong></span> <span class='ocrx_word' id='word_1_298' title='bbox 2710 4950 2945 5005; x_wconf 89' lang='lat' dir='ltr'><strong>quarum</strong></span> <span class='ocrx_word' id='word_1_299' title='bbox 2996 4938 3291 5007; x_wconf 86' lang='lat' dir='ltr'><strong>potestatio</strong></span> <span class='ocrx_word' id='word_1_300' title='bbox 3320 4934 3610 4989; x_wconf 77' lang='lat' dir='ltr'><strong>doctrinam</strong></span> <span class='ocrx_word' id='word_1_301' title='bbox 3636 4926 3821 5007; x_wconf 44' lang='lat' dir='ltr'><strong>imitat?</strong></span> 
     </span>
    </p>
   </div>
   <div class='ocr_carea' id='block_1_36' title="bbox 492 5003 3818 5094">
    <p class='ocr_par' dir='ltr' id='par_1_36' title="bbox 492 5003 3818 5094">
     <span class='ocr_line' id='line_1_37' title="bbox 492 5003 3818 5094; baseline -0.002 -17"><span class='ocrx_word' id='word_1_302' title='bbox 492 5025 904 5094; x_wconf 85' lang='lat' dir='ltr'><strong>magistrorum,</strong></span> <span class='ocrx_word' id='word_1_303' title='bbox 937 5033 989 5079; x_wconf 89' lang='lat' dir='ltr'><strong>et</strong></span> <span class='ocrx_word' id='word_1_304' title='bbox 1019 5003 1233 5094; x_wconf 75' lang='lat' dir='ltr'><strong>eloquia</strong></span> <span class='ocrx_word' id='word_1_305' title='bbox 1261 5024 1697 5093; x_wconf 85' lang='lat' dir='ltr'><strong>Scripturarum.</strong></span> <span class='ocrx_word' id='word_1_306' title='bbox 1760 5024 1970 5094; x_wconf 86' lang='lat' dir='ltr'><strong>Atque,</strong></span> <span class='ocrx_word' id='word_1_307' title='bbox 2012 5027 2077 5077; x_wconf 90' lang='lat' dir='ltr'><strong>ut</strong></span> <span class='ocrx_word' id='word_1_308' title='bbox 2124 5003 2434 5077; x_wconf 86' lang='lat' dir='ltr'><strong>Facundus</strong></span> <span class='ocrx_word' id='word_1_309' title='bbox 2470 5003 2904 5079; x_wconf 78' lang='lat' dir='ltr'><strong>llermianensis</strong></span> <span class='ocrx_word' id='word_1_310' title='bbox 2935 5003 3083 5079; x_wconf 77' lang='lat' dir='ltr'><strong>lihro</strong></span> <span class='ocrx_word' id='word_1_311' title='bbox 3112 5041 3191 5078; x_wconf 74' lang='grc' dir='ltr'>χιι</span> <span class='ocrx_word' id='word_1_312' title='bbox 3222 5022 3445 5091; x_wconf 88' lang='lat' dir='ltr'><strong>scribit,</strong></span> <span class='ocrx_word' id='word_1_313' title='bbox 3471 5021 3611 5077; x_wconf 85' lang='lat' dir='ltr'><strong>Sicut</strong></span> <span class='ocrx_word' id='word_1_314' title='bbox 3635 5014 3755 5071; x_wconf 67' lang='lat' dir='ltr'><strong>nobis</strong></span> <span class='ocrx_word' id='word_1_315' title='bbox 3775 5003 3818 5060; x_wconf 63' lang='lat' dir='ltr'><strong>ad</strong></span> 
     </span>
    </p>
   </div>
   <div class='ocr_carea' id='block_1_37' title="bbox 490 5097 3815 5185">
    <p class='ocr_par' dir='ltr' id='par_1_37' title="bbox 490 5097 3815 5185">
     <span class='ocr_line' id='line_1_38' title="bbox 490 5097 3815 5185; baseline 0.001 -19"><span class='ocrx_word' id='word_1_316' title='bbox 490 5127 680 5166; x_wconf 86' lang='lat' dir='ltr'><strong>rerum</strong></span> <span class='ocrx_word' id='word_1_317' title='bbox 724 5113 1185 5181; x_wconf 81' lang='lat' dir='ltr'><strong>signiﬁcationem</strong></span> <span class='ocrx_word' id='word_1_318' title='bbox 1231 5112 1397 5166; x_wconf 85' lang='lat' dir='ltr'><strong>verba</strong></span> <span class='ocrx_word' id='word_1_319' title='bbox 1442 5115 1569 5165; x_wconf 86' lang='lat' dir='ltr'><strong>sunt</strong></span> <span class='ocrx_word' id='word_1_320' title='bbox 1620 5110 1770 5178; x_wconf 90' lang='lat' dir='ltr'><strong>data,</strong></span> <span class='ocrx_word' id='word_1_321' title='bbox 1819 5115 1898 5165; x_wconf 88' lang='lat' dir='ltr'><strong>sic</strong></span> <span class='ocrx_word' id='word_1_322' title='bbox 1944 5102 2284 5183; x_wconf 83' lang='lat' dir='ltr'><strong>omnipotens</strong></span> <span class='ocrx_word' id='word_1_323' title='bbox 2314 5111 2473 5178; x_wconf 83' lang='lat' dir='ltr'><strong>Deus,</strong></span> <span class='ocrx_word' id='word_1_324' title='bbox 2506 5113 2670 5182; x_wconf 86' lang='lat' dir='ltr'><strong>cujus</strong></span> <span class='ocrx_word' id='word_1_325' title='bbox 2710 5115 2970 5182; x_wconf 72' lang='lat' dir='ltr'><strong>potestati</strong></span> <span class='ocrx_word' id='word_1_326' title='bbox 2996 5115 3237 5185; x_wconf 85' lang='lat' dir='ltr'><strong>subjecta</strong></span> <span class='ocrx_word' id='word_1_327' title='bbox 3266 5121 3395 5168; x_wconf 91' lang='lat' dir='ltr'><strong>sunt</strong></span> <span class='ocrx_word' id='word_1_328' title='bbox 3422 5111 3618 5177; x_wconf 87' lang='lat' dir='ltr'><strong>omnia,</strong></span> <span class='ocrx_word' id='word_1_329' title='bbox 3646 5097 3815 5168; x_wconf 70' lang='lat' dir='ltr'><strong>:3th&quot;</strong></span> 
     </span>
    </p>
   </div>
   <div class='ocr_carea' id='block_1_38' title="bbox 490 5200 3809 5277">
    <p class='ocr_par' dir='ltr' id='par_1_38' title="bbox 490 5200 3809 5277">
     <span class='ocr_line' id='line_1_39' title="bbox 490 5200 3809 5277; baseline -0.001 -22"><span class='ocrx_word' id='word_1_330' title='bbox 490 5202 763 5272; x_wconf 74' lang='lat' dir='ltr'><strong>sapientia</strong></span> <span class='ocrx_word' id='word_1_331' title='bbox 791 5202 1152 5271; x_wconf 86' lang='lat' dir='ltr'><strong>singulariter</strong></span> <span class='ocrx_word' id='word_1_332' title='bbox 1172 5201 1322 5255; x_wconf 88' lang='lat' dir='ltr'><strong>novit</strong></span> <span class='ocrx_word' id='word_1_333' title='bbox 1352 5202 1410 5254; x_wconf 88' lang='lat' dir='ltr'><strong>in</strong></span> <span class='ocrx_word' id='word_1_334' title='bbox 1441 5216 1601 5253; x_wconf 86' lang='lat' dir='ltr'><strong>usum</strong></span> <span class='ocrx_word' id='word_1_335' title='bbox 1630 5200 1899 5255; x_wconf 71' lang='lat' dir='ltr'><strong>doctrinae</strong></span> <span class='ocrx_word' id='word_1_336' title='bbox 1928 5202 2098 5255; x_wconf 88' lang='lat' dir='ltr'><strong>etiam</strong></span> <span class='ocrx_word' id='word_1_337' title='bbox 2128 5201 2473 5255; x_wconf 85' lang='lat' dir='ltr'><strong>voluntarios</strong></span> <span class='ocrx_word' id='word_1_338' title='bbox 2499 5203 2839 5255; x_wconf 85' lang='lat' dir='ltr'><strong>nescentium</strong></span> <span class='ocrx_word' id='word_1_339' title='bbox 2870 5206 3047 5257; x_wconf 85' lang='lat' dir='ltr'><strong>motus</strong></span> <span class='ocrx_word' id='word_1_340' title='bbox 3076 5204 3461 5257; x_wconf 80' lang='lat' dir='ltr'><strong>convenienter</strong></span> <span class='ocrx_word' id='word_1_341' title='bbox 3487 5202 3672 5269; x_wconf 76' lang='lat' dir='ltr'><strong>aptare,</strong></span> <span class='ocrx_word' id='word_1_342' title='bbox 3696 5200 3809 5277; x_wconf 64' lang='lat' dir='ltr'><strong>Mf</strong></span> 
     </span>
    </p>
   </div>
   <div class='ocr_carea' id='block_1_39' title="bbox 487 5280 3805 5363">
    <p class='ocr_par' dir='ltr' id='par_1_39' title="bbox 487 5280 3805 5363">
     <span class='ocr_line' id='line_1_40' title="bbox 487 5280 3805 5363; baseline -0.005 -18"><span class='ocrx_word' id='word_1_343' title='bbox 487 5306 698 5360; x_wconf 80' lang='lat' dir='ltr'><strong>cunque</strong></span> <span class='ocrx_word' id='word_1_344' title='bbox 728 5306 811 5345; x_wconf 89' lang='lat' dir='ltr'><strong>res</strong></span> <span class='ocrx_word' id='word_1_345' title='bbox 845 5291 1099 5357; x_wconf 80' lang='lat' dir='ltr'><strong>voluerit,</strong></span> <span class='ocrx_word' id='word_1_346' title='bbox 1131 5296 1261 5344; x_wconf 89' lang='lat' dir='ltr'><strong>actu</strong></span> <span class='ocrx_word' id='word_1_347' title='bbox 1288 5292 1559 5343; x_wconf 69' lang='lat' dir='ltr'><strong>creaturae</strong></span> <span class='ocrx_word' id='word_1_348' title='bbox 1594 5304 1701 5342; x_wconf 59' lang='lat' dir='ltr'><strong>sum</strong></span> <span class='ocrx_word' id='word_1_349' title='bbox 1729 5290 2021 5359; x_wconf 85' lang='lat' dir='ltr'><strong>signiﬁcat.</strong></span> <span class='ocrx_word' id='word_1_350' title='bbox 2046 5321 2113 5328; x_wconf 91' lang='lat'><strong>——</strong></span> <span class='ocrx_word' id='word_1_351' title='bbox 2147 5288 2608 5355; x_wconf 83' lang='lat' dir='ltr'><strong>Quemadmodum</strong></span> <span class='ocrx_word' id='word_1_352' title='bbox 2636 5291 2831 5359; x_wconf 87' lang='lat' dir='ltr'><strong>igitur,</strong></span> <span class='ocrx_word' id='word_1_353' title='bbox 2864 5295 2928 5345; x_wconf 91' lang='lat' dir='ltr'><strong>ut</strong></span> <span class='ocrx_word' id='word_1_354' title='bbox 2962 5292 3272 5363; x_wconf 83' lang='lat' dir='ltr'><strong>Augustini</strong></span> <span class='ocrx_word' id='word_1_355' title='bbox 3303 5288 3490 5345; x_wconf 84' lang='lat' dir='ltr'><strong>verbis</strong></span> <span class='ocrx_word' id='word_1_356' title='bbox 3520 5280 3805 5341; x_wconf 59' lang='lat' dir='ltr'><strong>absolvam,”</strong></span> 
     </span>
    </p>
   </div>
   <div class='ocr_carea' id='block_1_40' title="bbox 486 5367 3804 5453">
    <p class='ocr_par' dir='ltr' id='par_1_40' title="bbox 486 5367 3804 5453">
     <span class='ocr_line' id='line_1_41' title="bbox 486 5367 3804 5453; baseline -0.002 -20"><span class='ocrx_word' id='word_1_357' title='bbox 486 5378 709 5434; x_wconf 85' lang='lat' dir='ltr'><strong>litteras</strong></span> <span class='ocrx_word' id='word_1_358' title='bbox 753 5379 1021 5448; x_wconf 82' lang='lat' dir='ltr'><strong>pulchras</strong></span> <span class='ocrx_word' id='word_1_359' title='bbox 1068 5378 1278 5433; x_wconf 83' lang='lat' dir='ltr'><strong>alicubi</strong></span> <span class='ocrx_word' id='word_1_360' title='bbox 1334 5377 1747 5447; x_wconf 84' lang='lat' dir='ltr'><strong>inspiceremus,</strong></span> <span class='ocrx_word' id='word_1_361' title='bbox 1801 5394 1911 5431; x_wconf 87' lang='lat' dir='ltr'><strong>non</strong></span> <span class='ocrx_word' id='word_1_362' title='bbox 1978 5378 2135 5431; x_wconf 85' lang='lat' dir='ltr'><strong>nobis</strong></span> <span class='ocrx_word' id='word_1_363' title='bbox 2192 5378 2465 5447; x_wconf 77' lang='lat' dir='ltr'><strong>sufﬁceret</strong></span> <span class='ocrx_word' id='word_1_364' title='bbox 2515 5376 2741 5432; x_wconf 85' lang='lat' dir='ltr'><strong>laudare</strong></span> <span class='ocrx_word' id='word_1_365' title='bbox 2788 5381 3071 5450; x_wconf 76' lang='lat' dir='ltr'><strong>scriptoris</strong></span> <span class='ocrx_word' id='word_1_366' title='bbox 3121 5379 3442 5443; x_wconf 82' lang='lat' dir='ltr'><strong>articulum,</strong></span> <span class='ocrx_word' id='word_1_367' title='bbox 3492 5367 3713 5445; x_wconf 76' lang='lat' dir='ltr'><strong>quomodo</strong></span> 
     </span>
    </p>
   </div>
   <div class='ocr_carea' id='block_1_41' title="bbox 477 5426 3907 5543">
    <p class='ocr_par' dir='ltr' id='par_1_41' title="bbox 477 5426 3907 5543">
     <span class='ocr_line' id='line_1_42' title="bbox 486 5426 3802 5453; baseline -0.002 -4"><span class='ocrx_word' id='word_1_368' title='bbox 486 5426 706 5434; x_wconf 66' lang='grc' dir='ltr'><strong>--σ-νι--ν</strong></span> <span class='ocrx_word' id='word_1_369' title='bbox 753 5426 1017 5448; x_wconf 65' lang='grc' dir='ltr'><strong>,νπ---ν-πν</strong></span> <span class='ocrx_word' id='word_1_370' title='bbox 1070 5426 1273 5433; x_wconf 54' lang='lat' dir='ltr'><strong>Mm&quot;</strong></span> <span class='ocrx_word' id='word_1_371' title='bbox 2516 5426 2734 5432; x_wconf 61' lang='grc' dir='ltr'><strong>-η--ππη</strong></span> <span class='ocrx_word' id='word_1_372' title='bbox 2788 5426 3067 5450; x_wconf 58' lang='grc' dir='ltr'><strong>πηνα-η</strong></span> <span class='ocrx_word' id='word_1_373' title='bbox 3122 5426 3442 5443; x_wconf 65' lang='grc' dir='ltr'><strong>-η--π-η---ν</strong></span> <span class='ocrx_word' id='word_1_374' title='bbox 3494 5426 3575 5445; x_wconf 51' lang='grc' dir='ltr'>ιη</span> <span class='ocrx_word' id='word_1_375' title='bbox 3796 5446 3802 5453; x_wconf 61' lang='grc'><em>,</em></span> 
     </span>
     <span class='ocr_line' id='line_1_43' title="bbox 477 5426 3907 5543; baseline -0.003 -20"><span class='ocrx_word' id='word_1_376' title='bbox 477 5470 715 5539; x_wconf 86' lang='lat' dir='ltr'><strong>parites,</strong></span> <span class='ocrx_word' id='word_1_377' title='bbox 747 5469 1000 5539; x_wconf 68' lang='lat' dir='ltr'><strong>aequales,</strong></span> <span class='ocrx_word' id='word_1_378' title='bbox 1030 5469 1365 5537; x_wconf 81' lang='lat' dir='ltr'><strong>decorasque</strong></span> <span class='ocrx_word' id='word_1_379' title='bbox 1393 5466 1544 5537; x_wconf 82' lang='lat' dir='ltr'><strong>fecit,</strong></span> <span class='ocrx_word' id='word_1_380' title='bbox 1577 5467 1688 5520; x_wconf 85' lang='lat' dir='ltr'><strong>nisi</strong></span> <span class='ocrx_word' id='word_1_381' title='bbox 1743 5468 1909 5521; x_wconf 86' lang='lat' dir='ltr'><strong>etiam</strong></span> <span class='ocrx_word' id='word_1_382' title='bbox 1953 5467 2267 5536; x_wconf 81' lang='lat' dir='ltr'><strong>legerimus,</strong></span> <span class='ocrx_word' id='word_1_383' title='bbox 2320 5466 2452 5537; x_wconf 82' lang='lat' dir='ltr'><strong>quid</strong></span> <span class='ocrx_word' id='word_1_384' title='bbox 2498 5465 2655 5521; x_wconf 76' lang='lat' dir='ltr'><strong>nobis</strong></span> <span class='ocrx_word' id='word_1_385' title='bbox 2681 5483 2785 5537; x_wconf 89' lang='lat' dir='ltr'><strong>per</strong></span> <span class='ocrx_word' id='word_1_386' title='bbox 2815 5466 2958 5523; x_wconf 81' lang='lat' dir='ltr'><strong>illas</strong></span> <span class='ocrx_word' id='word_1_387' title='bbox 3010 5469 3334 5524; x_wconf 78' lang='lat' dir='ltr'><strong>indicaverit</strong></span> <span class='ocrx_word' id='word_1_388' title='bbox 3361 5484 3379 5519; x_wconf 89' lang='lat'><strong><em>:</em></strong></span> <span class='ocrx_word' id='word_1_389' title='bbox 3411 5466 3487 5520; x_wconf 89' lang='lat' dir='ltr'><strong>ita</strong></span> <span class='ocrx_word' id='word_1_390' title='bbox 3506 5462 3597 5518; x_wconf 81' lang='lat' dir='ltr'><strong>Dei</strong></span> <span class='ocrx_word' id='word_1_391' title='bbox 3618 5462 3798 5543; x_wconf 45' lang='grc' dir='ltr'><strong>θρωπε</strong></span> <span class='ocrx_word' id='word_1_392' title='bbox 3902 5498 3905 5543; x_wconf 30' lang='grc' dir='ltr'><em>Α</em></span> 
     </span>
    </p>
   </div>
   <div class='ocr_carea' id='block_1_42' title="bbox 480 5540 3791 5627">
    <p class='ocr_par' dir='ltr' id='par_1_42' title="bbox 480 5540 3791 5627">
     <span class='ocr_line' id='line_1_44' title="bbox 480 5540 3791 5627; baseline -0.001 -18"><span class='ocrx_word' id='word_1_393' title='bbox 480 5563 695 5611; x_wconf 89' lang='lat' dir='ltr'><strong>tantum</strong></span> <span class='ocrx_word' id='word_1_394' title='bbox 723 5558 969 5627; x_wconf 84' lang='lat' dir='ltr'><strong>inspicit,</strong></span> <span class='ocrx_word' id='word_1_395' title='bbox 1018 5556 1319 5611; x_wconf 88' lang='lat' dir='ltr'><strong>delectatur</strong></span> <span class='ocrx_word' id='word_1_396' title='bbox 1362 5553 1778 5625; x_wconf 85' lang='lat' dir='ltr'><strong>pulchritudine</strong></span> <span class='ocrx_word' id='word_1_397' title='bbox 1825 5556 2023 5624; x_wconf 85' lang='lat' dir='ltr'><strong>operis,</strong></span> <span class='ocrx_word' id='word_1_398' title='bbox 2074 5559 2137 5609; x_wconf 89' lang='lat' dir='ltr'><strong>ut</strong></span> <span class='ocrx_word' id='word_1_399' title='bbox 2184 5553 2492 5609; x_wconf 88' lang='lat' dir='ltr'><strong>admiretur</strong></span> <span class='ocrx_word' id='word_1_400' title='bbox 2537 5555 2805 5624; x_wconf 85' lang='lat' dir='ltr'><strong>artiﬁcem</strong></span> <span class='ocrx_word' id='word_1_401' title='bbox 2824 5572 2845 5616; x_wconf 87' lang='grc'><em>;</em></span> <span class='ocrx_word' id='word_1_402' title='bbox 2877 5557 2972 5627; x_wconf 91' lang='lat' dir='ltr'><strong>qui</strong></span> <span class='ocrx_word' id='word_1_403' title='bbox 3000 5560 3190 5613; x_wconf 86' lang='lat' dir='ltr'><strong>autem</strong></span> <span class='ocrx_word' id='word_1_404' title='bbox 3220 5554 3489 5624; x_wconf 85' lang='lat' dir='ltr'><strong>intelligit,</strong></span> <span class='ocrx_word' id='word_1_405' title='bbox 3536 5540 3791 5619; x_wconf 63' lang='lat' dir='ltr'><strong>qwiW&#39;</strong></span> 
     </span>
    </p>
   </div>
   <div class='ocr_carea' id='block_1_43' title="bbox 482 5634 2077 5716">
    <p class='ocr_par' dir='ltr' id='par_1_43' title="bbox 482 5640 2077 5716">
     <span class='ocr_line' id='line_1_45' title="bbox 482 5640 2077 5716; baseline 0.001 -18"><span class='ocrx_word' id='word_1_406' title='bbox 482 5643 599 5698; x_wconf 88' lang='lat' dir='ltr'><strong>Hoc</strong></span> <span class='ocrx_word' id='word_1_407' title='bbox 616 5649 706 5699; x_wconf 90' lang='lat' dir='ltr'><strong>est</strong></span> <span class='ocrx_word' id='word_1_408' title='bbox 731 5663 743 5700; x_wconf 91' lang='lat'><strong>:</strong></span> <span class='ocrx_word' id='word_1_409' title='bbox 767 5644 1054 5716; x_wconf 80' lang='grc' dir='ltr'>θαυμάζειν</span> <span class='ocrx_word' id='word_1_410' title='bbox 1076 5642 1141 5696; x_wconf 75' lang='grc' dir='ltr'><strong>τὰ</strong></span> <span class='ocrx_word' id='word_1_411' title='bbox 1162 5640 1545 5716; x_wconf 77' lang='grc' dir='ltr'><strong>παρόντα,ηο[ι</strong></span> <span class='ocrx_word' id='word_1_412' title='bbox 1569 5642 1824 5697; x_wconf 88' lang='lat' dir='ltr'><strong>otiosum</strong></span> <span class='ocrx_word' id='word_1_413' title='bbox 1847 5647 2077 5715; x_wconf 46' lang='lat' dir='ltr'><strong>spectati</strong></span> 
     </span>
    </p>
   </div>
   <div class='ocr_carea' id='block_1_44' title="bbox 2197 5634 3792 5716">
    <p class='ocr_par' dir='ltr' id='par_1_44' title="bbox 2197 5634 3792 5713">
     <span class='ocr_line' id='line_1_46' title="bbox 2197 5634 3792 5713; baseline 0.001 -16"><span class='ocrx_word' id='word_1_414' title='bbox 2197 5658 2233 5697; x_wconf 88' lang='lat' dir='ltr'><strong>n</strong></span> <span class='ocrx_word' id='word_1_415' title='bbox 2276 5646 2333 5697; x_wconf 90' lang='lat' dir='ltr'><strong>et</strong></span> <span class='ocrx_word' id='word_1_416' title='bbox 2360 5642 2773 5698; x_wconf 88' lang='lat' dir='ltr'><strong>admiratorem</strong></span> <span class='ocrx_word' id='word_1_417' title='bbox 2793 5660 2941 5713; x_wconf 89' lang='lat' dir='ltr'><strong>esse,</strong></span> <span class='ocrx_word' id='word_1_418' title='bbox 2966 5648 3065 5702; x_wconf 89' lang='lat' dir='ltr'><strong>sed</strong></span> <span class='ocrx_word' id='word_1_419' title='bbox 3090 5645 3331 5703; x_wconf 88' lang='lat' dir='ltr'><strong>docilem</strong></span> <span class='ocrx_word' id='word_1_420' title='bbox 3349 5634 3792 5710; x_wconf 71' lang='lat' dir='ltr'><strong>intelligentom‘lne</strong></span> 
     </span>
    </p>
   </div>
   <div class='ocr_carea' id='block_1_45' title="bbox 482 5730 3089 5807">
    <p class='ocr_par' dir='ltr' id='par_1_45' title="bbox 482 5730 3089 5807">
     <span class='ocr_line' id='line_1_47' title="bbox 482 5730 3089 5807; baseline 0.001 -17"><span class='ocrx_word' id='word_1_421' title='bbox 482 5731 859 5805; x_wconf 86' lang='lat' dir='ltr'><strong>discipulum.</strong></span> <span class='ocrx_word' id='word_1_422' title='bbox 882 5764 950 5775; x_wconf 89' lang='lat'><strong>-</strong></span> <span class='ocrx_word' id='word_1_423' title='bbox 978 5738 1277 5805; x_wconf 65' lang='lat' dir='ltr'><strong>Pmavws,</strong></span> <span class='ocrx_word' id='word_1_424' title='bbox 1304 5730 1616 5801; x_wconf 86' lang='lat' dir='ltr'><strong>Theotogica</strong></span> <span class='ocrx_word' id='word_1_425' title='bbox 1645 5730 1932 5807; x_wconf 85' lang='lat' dir='ltr'><strong>Dogmata,</strong></span> <span class='ocrx_word' id='word_1_426' title='bbox 1966 5737 2008 5790; x_wconf 91' lang='lat' dir='ltr'><strong>t.</strong></span> <span class='ocrx_word' id='word_1_427' title='bbox 2044 5732 2139 5803; x_wconf 89' lang='lat' dir='ltr'><strong>IIl,</strong></span> <span class='ocrx_word' id='word_1_428' title='bbox 2171 5733 2244 5790; x_wconf 89' lang='lat' dir='ltr'><strong>De</strong></span> <span class='ocrx_word' id='word_1_429' title='bbox 2272 5732 2490 5807; x_wconf 81' lang='lat' dir='ltr'><strong>opiﬁcio</strong></span> <span class='ocrx_word' id='word_1_430' title='bbox 2519 5748 2577 5792; x_wconf 73' lang='grc' dir='ltr'>γι</span> <span class='ocrx_word' id='word_1_431' title='bbox 2603 5731 2839 5805; x_wconf 82' lang='lat' dir='ltr'><strong>dierum,</strong></span> <span class='ocrx_word' id='word_1_432' title='bbox 2873 5751 2931 5807; x_wconf 91' lang='lat' dir='ltr'><strong>p.</strong></span> <span class='ocrx_word' id='word_1_433' title='bbox 2963 5736 3089 5794; x_wconf 85' lang='grc'><strong>221.</strong></span> 
     </span>
    </p>
   </div>
   <div class='ocr_carea' id='block_1_46' title="bbox 3944 3376 3962 4004">
    <p class='ocr_par' dir='ltr' id='par_1_46' title="bbox 3944 3510 3957 4004">
     <span class='ocr_line' id='line_1_48' title="bbox 3955 3510 3957 3559; baseline 0 0"><span class='ocrx_word' id='word_1_434' title='bbox 3955 3510 3957 3559; x_wconf 82' lang='grc'><strong>1</strong></span> 
     </span>
     <span class='ocr_line' id='line_1_49' title="bbox 3954 3570 3955 3635; baseline 0 0"><span class='ocrx_word' id='word_1_435' title='bbox 3954 3570 3955 3635; x_wconf 97' lang='grc'><strong>1</strong></span> 
     </span>
     <span class='ocr_line' id='line_1_50' title="bbox 3946 3896 3947 3945; baseline 0 0"><span class='ocrx_word' id='word_1_436' title='bbox 3946 3896 3947 3945; x_wconf 84' lang='grc'><strong>1</strong></span> 
     </span>
     <span class='ocr_line' id='line_1_51' title="bbox 3944 3954 3945 4004; baseline 0 0"><span class='ocrx_word' id='word_1_437' title='bbox 3944 3954 3945 4004; x_wconf 84' lang='grc'><strong>1</strong></span> 
     </span>
    </p>
   </div>
   <div class='ocr_carea' id='block_1_47' title="bbox 3941 3222 3966 4126">
    <p class='ocr_par' dir='ltr' id='par_1_47' title="bbox 3941 3510 3957 4099">
     <span class='ocr_line' id='line_1_52' title="bbox 3955 3510 3957 3559; baseline 0 0"><span class='ocrx_word' id='word_1_438' title='bbox 3955 3510 3957 3559; x_wconf 84' lang='grc'><strong>1</strong></span> 
     </span>
     <span class='ocr_line' id='line_1_53' title="bbox 3954 3570 3955 3635; baseline 0 0"><span class='ocrx_word' id='word_1_439' title='bbox 3954 3570 3955 3635; x_wconf 97' lang='grc'><strong>1</strong></span> 
     </span>
     <span class='ocr_line' id='line_1_54' title="bbox 3952 3656 3953 3713; baseline 0 0"><span class='ocrx_word' id='word_1_440' title='bbox 3952 3656 3953 3713; x_wconf 97' lang='grc'><strong>1</strong></span> 
     </span>
     <span class='ocr_line' id='line_1_55' title="bbox 3949 3720 3951 3789; baseline 0 0"><span class='ocrx_word' id='word_1_441' title='bbox 3949 3720 3951 3789; x_wconf 97' lang='grc'><strong>1</strong></span> 
     </span>
     <span class='ocr_line' id='line_1_56' title="bbox 3947 3800 3949 3867; baseline 0 0"><span class='ocrx_word' id='word_1_442' title='bbox 3947 3800 3949 3867; x_wconf 97' lang='grc'><strong>1</strong></span> 
     </span>
     <span class='ocr_line' id='line_1_57' title="bbox 3941 3896 3947 4099; baseline 0 -154"><span class='ocrx_word' id='word_1_443' title='bbox 3941 3954 3945 4099; x_wconf 29' lang='grc' dir='ltr'>ἦ</span> 
     </span>
    </p>
   </div>
  </div>
