4038 6210
267 724 433 890 S.
566 724 2279 893 BARTHOLOM/EUS
2413 725 3653 895 APOSTOLUS.

1134 1325 2078 1449 SENTENTIA
2163 1328 2782 1453 BREVIS

1878 1619 1911 1665 Ο
1920 1617 2039 1658 UAM

398 1797 548 1859 SUB
593 1797 897 1858 NOMINE
945 1797 1525 1859 BARTHOLOMJEI
1572 1799 1956 1862 APOSTOLI
2002 1800 2313 1862 AFFERT
2369 1802 2437 1863 S.
2484 1801 2909 1866 DIONYSIUS
2955 1804 3491 1875 ABEOPAGITA.

475 1999 576 2071 (De
602 1999 849 2073 mystica
875 2000 1162 2074 theologia.
1193 2017 1319 2074 cap.
1351 2001 1405 2074 4,
1438 2000 1581 2075 Opp.
1614 2005 1760 2059 tom.
1805 2004 1851 2074 Ι,
1884 2004 1977 2061 ed.
2008 2002 2286 2076 Corderii,
2316 2003 2601 2075 Venetiis,
2632 2004 2791 2076 1755,
2822 2005 3083 2077 in-folio,
3114 2022 3248 2081 pag.
3276 2007 3430 2079 544.)

310 2426 467 2483 Οὕτω
513 2433 644 2504 γοῦν
688 2432 717 2485 ὁ
775 2431 923 2492 θεῖος
980 2433 1509 2488 ΒΑΡΘΟΛΟΜΑΙΟΣ
1564 2453 1695 2509 φησι
1731 2456 1759 2483 ‹‹
1802 2434 1893 2487 καὶ

2076 2435 2194 2491 Hac
2223 2434 2427 2506 utique
2466 2433 2693 2490 ratione
2733 2433 2899 2489 divus
2943 2434 3540 2492 BARTHOLOMZEUS
3573 2436 3655 2492 ait

239 2514 466 2587 πολλὴν
525 2520 623 2587 τὴν
684 2518 970 2594 θεολογίαν
1021 2520 1156 2575 εἶναι
1203 2518 1291 2573 καὶ
1342 2518 1654 2595 ἐλαχίστην·
1714 2521 1834 2575 καὶι

2068 2527 2126 2579 et
2155 2523 2451 2596 copiosam
2474 2540 2602 2579 esse
2630 2522 2986 2595 theologiam
3018 2528 3075 2578 et
3116 2523 3443 2593 minimam,
3477 2529 3652 2596 atque

241 2605 576 2682 Εὖαγγέλιον
629 2608 805 2664 πλατὸ
860 2607 948 2663 καὶ
1010 2607 1165 2684 μέγα,
1218 2609 1306 2662 καὶ
1362 2606 1511 2671 αὖθις
1573 2630 1836 2683 συντετμη

2056 2611 2387 2683 vangelium
2421 2610 2682 2684 amplum
2713 2615 2766 2667 et
2800 2627 3104 2684 magnum,
3136 2616 3193 2668 et
3223 2629 3428 2669 rursus
3458 2614 3651 2669 conci-

247 2715 407 2766 μενον
418 2740 431 2752 .
468 2720 497 2747 ›)

2010 2717 2164 2757 sum.
2200 2723 2226 2749 ))

1083 3150 1681 3247 CORDERII
1746 3149 2796 3248 COMMENTARIUM

314 3397 424 3449 Hal
459 3393 647 3465 utique
674 3396 888 3450 ratione
934 3396 998 3449 D.
1031 3392 1486 3451 Barzholoma’us.
1521 3391 1682 3448 Unde
1720 3391 2037 3466 colligitur,
2068 3396 2339 3449 sanctum
2378 3392 2867 3450 Bartholomaeum
2901 3392 3097 3465 aliqua
3123 3394 3294 3449 etiam
3327 3394 3657 3467 theologica

241 3480 580 3553 scripsisse,
613 3481 698 3536 uti
730 3485 787 3537 et
817 3481 963 3538 alios
992 3480 1291 3553 apostolos
1324 3479 1653 3536 verosimile
1681 3482 1868 3549 est,de
1898 3482 2072 3537 rebus
2103 3498 2168 3536 ac
2198 3480 2622 3552 quaestionibus
2654 3481 2865 3538 divinis
2896 3498 2998 3554 per
3026 3481 3331 3552 epistolam
3358 3498 3460 3553 pro
3486 3498 3655 3538 occa-

237 3570 405 3626 sione
434 3569 841 3641 interrogatos,
873 3570 945 3625 de
974 3569 1185 3626 iisdem
1213 3569 1390 3625 verba
1419 3569 1626 3624 saltem
1660 3570 1872 3642 scripto
1904 3570 2295 3642 respondisse,
2321 3575 2377 3625 et
2399 3570 2846 3641 sublimissima,
2883 3588 3009 3642 quas
3041 3587 3108 3625 ex
3138 3571 3266 3643 ipso
3297 3571 3413 3627 Deo
3443 3570 3661 3626 hause-
3700 3588 3705 3593 ’

240 3662 379 3714 rant
413 3656 669 3725 oracula,
699 3658 1033 3725 tradidisse,
1069 3675 1195 3730 quae
1230 3657 1594 3730 aliquandiu,
1630 3658 1712 3713 uti
1745 3657 1935 3714 solent
1963 3656 2243 3729 epistolae,
2294 3658 2767 3725 asservabantur,
2812 3663 2869 3714 et
2907 3658 3216 3714 Catholicis
3263 3658 3661 3715 communica-

237 3746 593 3815 bantur,sed
624 3748 1000 3818 postmodum
1030 3753 1366 3820 temporum
1398 3746 1633 3818 injuriis
1665 3747 2083 3803 interciderint.
2102 3746 2197 3802 Ait
2226 3754 2280 3801 et
2308 3747 2581 3818 copiosam
2605 3764 2720 3802 esse
2750 3747 3093 3815 theologiam,
3115 3747 3169 3801 id
3201 3750 3289 3802 est
3318 3746 3665 3819 fusam,qua

234 3839 406 3908 parte
432 3833 701 3890 videlicet
730 3851 799 3890 ex
830 3834 1110 3891 creaturis
1144 3839 1209 3891 ut
1237 3834 1779 3907 effectis,tanquam
1813 3852 1847 3890 a
1876 3834 2217 3906 posteriore,
2250 3839 2316 3889 ut
2344 3834 2509 3890 aiunt
2537 3834 2893 3906 philosophi,
2928 3835 2985 3889 in
3037 3834 3315 3890 creatoris
3361 3852 3427 3890 ac
3469 3851 3660 3891 causa

234 3924 442 3997 prima:
466 3922 733 3979 notitiam
765 3923 1090 3991 devenitur,
1124 3941 1252 3996 quae
1284 3924 1519 3996 quidem
1554 3941 1689 3996 pars
1721 3928 1810 3979 est
1840 3922 2144 3995 theologia
2175 3922 2657 3989 demonstrantis,
2689 3923 2776 3979 vel
2809 3926 2962 3979 certe
3010 3940 3125 3994 qua
3152 3926 3314 3995 parte
3344 3923 3665 3996 symbolice

237 4016 353 4082 est,
386 4027 514 4084 quae
544 4015 693 4069 teste
718 4011 994 4085 Dionysio
1026 4029 1153 4086 cap.
1186 4029 1288 4085 seq
1320 4012 1490 4085 longe
1522 4013 1829 4068 fusissima
1871 4012 2099 4069 exsistit
2127 4021 2177 4067 et
2205 4014 2524 4083 minimam,
2555 4013 2611 4067 id
2646 4016 2733 4068 est
2763 4016 2851 4068 est
2891 4012 3319 4082 brevissimam,
3353 4028 3469 4083 qua
3499 4015 3663 4084 parte

236 4100 524 4157 nimirum
555 4100 803 4173 mystica
822 4103 929 4168 est,
957 4105 1023 4156 ut
1054 4100 1269 4157 ibidem
1302 4101 1617 4173 Dionysius
1648 4100 1931 4173 explicat;
1961 4101 2049 4156 vel
2080 4105 2231 4157 certe
2263 4100 2401 4172 quia
2431 4101 2585 4157 Deus
2617 4118 2649 4156 a
2682 4100 2859 4172 priori
2890 4100 3433 4157 indemonstrabilis
3463 4105 3573 4167 est,
3597 4105 3665 4158 ut

235 4204 467 4245 carens.
499 4189 666 4260 Atque
692 4190 1054 4258 Evangelium
1099 4191 1346 4262 amplum
1392 4194 1442 4246 et
1487 4205 1776 4259 magnum,
1829 4189 2052 4245 scilicet
2099 4193 2334 4261 propter
2382 4206 2575 4245 rerum
2619 4206 2766 4260 quas
2817 4188 3075 4244 continet
3118 4187 3571 4260 amplitudinem
3601 4193 3661 4246 et

238 4276 653 4351 granditatem,
686 4282 738 4333 et
766 4293 959 4332 rursus
986 4280 1267 4334 concisum
1299 4296 1402 4334 seu
1431 4278 1881 4348 contractum,id
1910 4282 1999 4333 est
2028 4279 2114 4350 (ut
2143 4294 2248 4350 ego
2272 4278 2507 4349 quidem
2534 4277 2903 4350 interpretor)
2925 4276 3077 4332 mole
3100 4277 3336 4348 quidem
3359 4278 3658 4351 exiguum,

239 4380 423 4422 sensu
473 4369 668 4422 autem
716 4368 773 4421 et
824 4365 1178 4437 perfectione
1228 4367 1571 4422 maximum.
1626 4367 1787 4422 Unde
1830 4366 2146 4438 Apostolus
2177 4367 2350 4438 (Rom.
2402 4384 2478 4433 ιχ,
2526 4366 2616 4437 28)
2662 4365 2919 4438 appellat
2946 4366 3188 4422 verbum
3233 4366 3658 4435 abbreviatum,

237 4459 445 4529 utpote
475 4456 781 4512 continens
811 4455 1225 4512 brevissimum
1250 4456 1381 4511 fidei
1413 4460 1469 4511 et
1497 4446 1829 4512 dilectionis
1860 4460 2236 4528 preceptum,
2270 4457 2422 4527 quod
2451 4473 2555 4528 pro
2585 4457 2812 4511 cunctis
2843 4456 3093 4513 sinuosae
3123 4456 3269 4528 legis
3300 4455 3661 4512 caeremoniis

240 4543 553 4602 successit.
579 4544 663 4600 Ita
690 4542 1004 4600 Anselmus
1026 4548 1083 4600 et
1111 4543 1523 4603 (Ecumenius.
1547 4544 1642 4601 Vel
1667 4544 1805 4617 quia
1832 4545 2089 4601 continet
2107 4544 2363 4600 Verbum
2386 4545 2854 4611 incarnatum,ad
2874 4544 3132 4601 hominis
3164 4561 3352 4617 usque
3384 4547 3655 4600 naturam

238 4632 648 4691 abbreviatum
679 4636 738 4688 et
766 4630 1154 4703 exinanitum,
1186 4633 1341 4705 quod
1374 4631 1567 4689 salvas
1599 4633 1734 4688 fecit
1762 4631 2040 4704 reliquias
2073 4632 2270 4690 Israel.
