4038 6210
435 436 3789 481 5

1058 666 2425 873 ANACLETUS
2612 674 3223 876 PAPA

1775 1262 2505 1387 NOTITIA.

1146 1563 1249 1635 (Ex
1285 1562 1427 1621 libro
1452 1564 1773 1637 pontiﬁcali
1800 1564 2037 1621 Damasi
2068 1581 2251 1637 papas,
2283 1582 2377 1638 ap.
2411 1564 2622 1635 MANSI,
2657 1566 2889 1637 Concil.,
2920 1568 2967 1635 Ι,
2996 1568 3147 1639 597.)

516 1801 830 1859 Anacletus
861 1803 936 1875 (1)
967 1804 1202 1860 natione
1233 1805 1468 1861 Graecus
1500 1807 1516 1839 ¹
1548 1820 1616 1860 ex
1647 1809 1808 1876 patre
1838 1804 2136 1872 Antiocho,
2170 1805 2323 1861 sedit
2373 1821 2560 1861 annos
2607 1822 2835 1877 novem,
2870 1822 3100 1864 menses
3148 1812 3267 1864 tres
3300 1810 3433 1877 [cod.
3468 1814 3614 1876 Luc.,
3644 1811 3803 1883 duos],

450 1890 574 1946 dies
604 1891 802 1946 decem
831 1910 844 1959 ;
876 1892 985 1948 fuit
1013 1897 1207 1950 autem
1239 1893 1603 1966 temporibus
1635 1893 1951 1949 Domitiani
1982 1894 2083 1965 (2),
2133 1911 2167 1949 a
2223 1893 2532 1949 consulatu
2583 1893 2899 1951 Domitiani
2946 1895 3172 1952 decimo
3202 1901 3261 1953 et
3300 1897 3519 1969 Sabini,
3556 1915 3722 1970 usque
3746 1902 3802 1955 ad

447 1978 847 2036 Domitianum
881 1981 1107 2037 decimo
1141 1983 1392 2055 septimo
1423 1983 1499 2055 (3)
1529 1988 1587 2039 et
1629 1983 1984 2039 Clementem
2014 1981 2305 2039 consules.
2354 1982 2458 2039 Hic
2502 1984 2844 2040 memoriam
2877 1985 3029 2041 beati
3062 1986 3213 2041 Petri
3261 1987 3582 2043 construxit
3607 1992 3659 2044 et
3682 2005 3807 2045 com-

446 2068 645 2140 posuit
675 2070 777 2139 (4),
811 2070 952 2125 dum
986 2072 1287 2144 presbyter
1316 2073 1503 2128 factus
1532 2072 1742 2128 fuisset
1764 2072 1932 2128 beato
1962 2072 2261 2138 Petro,seu
2291 2071 2406 2127 alia
2426 2070 2575 2139 loca,
2596 2073 2696 2128 ubi
2726 2074 2981 2145 episcopi
3011 2076 3467 2131 reconderentur
3494 2076 3767 2148 sepultura
3794 2096 3805 2145 ;

444 2157 545 2212 ubi
587 2162 781 2214 autem
814 2163 872 2214 et
901 2159 1025 2231 ipse
1070 2161 1337 2231 sepultus
1368 2165 1459 2217 est
1487 2161 1546 2215 in
1574 2177 1736 2233 pace,
1760 2162 1931 2233 juxta
1962 2177 2173 2232 corpus
2203 2161 2355 2217 beati
2387 2162 2563 2229 Patri,
2597 2162 2767 2218 tertio
2798 2163 2933 2218 Idus
2962 2163 3119 2219 Julii.
3162 2164 3265 2221 Hic
3298 2165 3431 2220 fecit
3459 2166 3804 2223 ordinationes

443 2246 592 2303 duas
624 2248 802 2318 [iuxta
832 2249 1135 2319 Plotinam,
1170 2252 1372 2320 unam]
1404 2258 1810 2321 per'mensem
1860 2249 2263 2315 Decembrem,
2309 2250 2677 2322 presbyteros
2724 2251 3004 2323 quinque,
3050 2252 3329 2309 diaconos
3377 2258 3515 2322 tres,
3544 2254 3804 2327 episcopos

442 2349 546 2407 per
572 2335 799 2393 diversa
826 2336 955 2393 loca
982 2355 1227 2395 numero
1260 2355 1379 2395 sex.
1411 2340 1480 2395 Et
1510 2338 1759 2395 cessavit
1784 2338 2155 2412 episcopatus
2182 2338 2307 2395 dies
2335 2356 2458 2395 xm.

512 2489 530 2525 ¹
565 2487 647 2545 De
670 2478 931 2547 Athenis.

2030 2684 2261 2741 NOTIE.

515 2894 592 2966 (1)
640 2892 952 2948 Anacletus.
1002 2896 1139 2949 Post
1200 2892 1603 2964 interregnum
1651 2895 1904 2964 quatuor
1933 2906 2097 2951 men-

444 2982 601 3039 sium
632 2985 689 3038 et
746 2983 947 3039 decem
999 2982 1249 3048 dierum,
1306 2998 1461 3037 anno
1518 2980 1731 3037 Christi
1768 2982 1869 3036 103
1927 2981 2097 3052 [102],

445 3070 687 3145 Trajani
717 3071 1089 3143 imperatoris
1139 3087 1214 3139 iv,
1248 3071 1418 3126 tertia
1465 3069 1557 3127 die
1588 3070 1808 3126 mensis
1867 3068 2095 3141 Aprilis,

444 3161 764 3219 Anacletus
795 3159 998 3216 multis
1030 3160 1205 3215 rebus
1259 3159 1533 3231 praeclare
1582 3158 1763 3231 gestis
1795 3157 2102 3213 celeberri-

447 3267 602 3318 mus,
636 3249 979 3304 Christianae
1011 3248 1310 3321 religionis
1341 3264 1641 3303 summum
1690 3247 2100 3319 pontificatum

446 3338 713 3411 adeptus,
746 3336 1027 3393 Clementi
1058 3353 1160 3409 per
1189 3336 1531 3409 martyrium
1562 3334 1795 3392 sublato
1825 3335 2104 3406 subroga-

447 3433 564 3484 tur.
599 3428 763 3491 Quod
794 3427 955 3482 Liber
982 3427 1324 3498 pontiﬁcalis
1354 3427 1413 3481 in
1464 3426 1599 3481 Vita
1630 3424 1944 3481 Clementis
1974 3423 2099 3496 epi-

448 3520 756 3589 scopatum
787 3516 1060 3571 Romanis
1106 3515 1373 3571 Ecclesiae
1405 3514 1611 3587 viginti
1660 3513 1866 3569 diebus
1896 3516 1953 3568 et
1983 3529 2100 3568 uno

450 3622 713 3662 cessasse
743 3605 963 3674 scribit,
1011 3604 1104 3660 vix
1134 3608 1223 3661 est
1263 3603 1560 3670 credibile,
1616 3619 1749 3658 cum
1780 3607 1901 3657 tam
1942 3600 2099 3657 brevi

451 3695 735 3767 temporis
766 3694 953 3765 spatio
982 3693 1329 3761 martyrium
1362 3692 1698 3760 Clementis,
1738 3692 2099 3747 Chersoneso

453 3788 619 3840 trans
650 3785 900 3840 Pontum
932 3784 1066 3850 sita,
1099 3785 1342 3839 Romam
1376 3782 1635 3838 nuntiari
1670 3798 1784 3837 non
1826 3779 2098 3853 potuerit.

454 3878 663 3929 Baron.
711 3889 865 3928 anno
917 3874 1041 3937 102,
1076 3888 1239 3926 num.
1285 3874 1343 3939 2,
1375 3875 1431 3925 et
1460 3886 1584 3943 seq.
1617 3886 1789 3937 anno,
1833 3886 1999 3927 num.
2042 3873 2096 3923 2.

454 3961 620 4017 Unde
664 3961 940 4017 acciderit
968 3961 1125 4030 quod
1176 3959 1491 4014 Anacletus
1536 3977 1569 4014 a
1611 3958 1945 4015 Tertuliano
1975 3957 2096 4014 Cle-

456 4050 634 4105 menti
670 4052 1076 4121 anteponatur,
1106 4048 1176 4103 ab
1215 4047 1539 4119 Epiphanio
1573 4052 1767 4126 agtem
1795 4046 2002 4103 haeresi
2028 4047 2099 4100 27

456 4138 628 4211 plane
654 4138 979 4206 omittatur,
1026 4154 1203 4208 supra
1233 4135 1488 4191 diximus
1536 4135 1593 4190 in
1626 4135 2101 4192 adnotationibus

457 4228 529 4283 ad
559 4226 753 4282 Vitam
782 4224 1113 4283 Clementis.
1146 4225 1273 4280 Sev.
1308 4225 1527 4280 BINIUS.

529 4362 605 4434 (2)
635 4363 760 4417 Fuit
784 4364 976 4417 autem
1025 4357 1353 4430 temporibus
1399 4358 1726 4413 Domitiani.
1760 4358 1907 4414 Mira
1947 4360 2105 4413 Libri

458 4451 790 4524 pontificalis
837 4448 1085 4505 varietas
1122 4452 1179 4504 et
1226 4446 1612 4519 repugnantia
1672 4463 1685 4503 :
1743 4463 1877 4501 cum
1925 4464 2104 4518 supra

460 4540 817 4596 Clementem
862 4536 1116 4593 Anacleti
1178 4538 1665 4609 praedecessorem
1723 4536 1893 4591 tertio
1946 4553 2100 4591 anno

459 4628 693 4700 Trajani
723 4643 754 4682 e
782 4627 901 4682 vita
959 4625 1260 4681 sublatum
1294 4642 1421 4680 esse
1453 4624 1773 4697 scripserit,
1798 4623 2105 4680 Anacletus

461 4734 577 4773 non
610 4718 722 4772 sub
753 4715 1214 4782 Domitiano,sed
1235 4714 1428 4769 verius
1459 4713 1569 4769 sub
1600 4714 1852 4784 Trajano
1884 4713 2105 4769 sedisse

458 4805 671 4878 potuit.
705 4806 786 4859 In.

532 4939 611 5011 (3)
640 4939 680 4993 A
712 4942 997 4994 consulatu
1046 4938 1343 4994 Domitiani
1388 4955 1425 4992 x
1469 4945 1520 4993 et
1569 4937 1772 4992 Sabini
1817 4951 1987 5008 usque
2034 4935 2103 4990 ad

457 5029 807 5085 consulatum
853 5030 1156 5083 Domitiani
1190 5045 1330 5082 xvn.
1374 5026 1568 5083 Novus
1612 5042 1773 5081 error
1822 5024 2098 5081 auctoris.

459 5117 519 5174 Si
542 5115 854 5172 Anacletus
879 5117 988 5172 sub
1012 5116 1307 5171 adnotatis
1331 5114 1673 5171 consulibus
1697 5114 2101 5187 pontificatum

456 5206 666 5272 tenuit,
699 5221 835 5261 eum
889 5204 1245 5261 Clementem
1303 5204 1707 5269 antecessisse,
1760 5203 1877 5257 imo
1926 5201 2104 5257 simul

458 5309 591 5349 cum
624 5291 781 5347 Cleto
812 5295 869 5347 et
898 5289 1192 5345 Clemente
1221 5290 1443 5346 sedisse
1472 5291 1745 5362 oportuit.
1779 5289 1925 5344 Nam
1948 5288 2102 5344 deci-

459 5398 594 5438 mus
627 5379 944 5437 Domitiani
988 5379 1330 5435 consulatus
1380 5396 1511 5434 cum
1564 5396 1715 5435 anno
1769 5378 1985 5433 Christi
2034 5380 2105 5431 86

460 5472 594 5543 [84],
629 5468 942 5527 Domitiani
978 5468 1345 5539 imperatoris
1400 5487 1462 5524 ιιι
1503 5468 1797 5524 coincidit.
1833 5467 2104 5523 Decimus

461 5562 747 5631 septimus
772 5575 905 5613 vero
936 5558 1201 5628 ejusdem
1226 5558 1565 5613 consulatus
1596 5574 1730 5613 cum
1762 5573 1913 5610 anno
1934 5556 2105 5610 Chri-

462 5648 541 5705 sti
589 5652 659 5705 91
709 5649 843 5720 [02],
896 5646 1211 5703 Domitiani
1266 5646 1634 5719 imperatoris
1682 5664 1737 5701 χι
1786 5645 2099 5702 concurrit.

2212 2893 2355 2945 Cum
2388 2890 2570 2963 igitur
2598 2891 2883 2963 Clemens,
2934 2894 3112 2967 hujus
3140 2894 3401 2951 Anacleti
3449 2893 3803 2967 predecessor,

2212 2996 2364 3035 anno
2395 2998 2459 3035 ιιι
2481 2981 2716 3053 Trajani
2738 2982 3102 3054 imperatoris
3124 2982 3251 3038 "vita
3267 2982 3447 3039 simul
3476 2988 3531 3039 et
3559 2983 3803 3054 ponﬁcatu

2211 3069 2519 3125 defunctus
2548 3069 2643 3140 sit,
2679 3074 2743 3125 ut
2772 3076 2977 3143 praeter
3006 3076 3304 3128 auctorem
3335 3072 3510 3144 hujus
3536 3071 3673 3139 libri,
3702 3069 3802 3126 Hie-

2211 3174 2435 3230 ronym.
2472 3159 2538 3214 Et
2565 3158 2774 3215 Euseb.
2807 3159 2948 3216 locis
2984 3178 3165 3233 supra
3197 3162 3373 3217 dictis
3402 3165 3688 3225 testantur,
3714 3174 3802 3215 non

2208 3246 2372 3302 video
2422 3264 2540 3318 qua
2592 3249 2814 3304 ratione
2845 3249 2955 3305 dici
2989 3249 3177 3321 possit
3204 3250 3544 3307 Anacletum
3570 3252 3687 3305 ante
3712 3248 3802 3303 im-

2210 3334 2439 3407 perium
2480 3336 2717 3407 Trajani
2755 3338 3114 3409 pontificium
3149 3340 3355 3395 cedem
3396 3339 3801 3396 administrasse.

2210 3424 2295 3477 ID.

2285 3512 2359 3584 (4)
2410 3514 2508 3568 Hic
2551 3514 2696 3570 beati
2761 3517 2915 3571 Petri
2958 3518 3277 3573 memoriam
3336 3518 3628 3574 construxit
3676 3524 3802 3586 atque

2211 3603 2528 3673 composuit.
2595 3606 2706 3658 Per
2775 3606 3120 3660 memoriam
3187 3606 3343 3661 beati
3394 3606 3539 3662 Petri
3593 3602 3803 3674 intelligo

2213 3691 2533 3761 quamdam
2590 3691 2818 3747 aediﬁcii
2869 3698 3227 3749 structuram
3277 3695 3354 3750 ab
3391 3694 3662 3761 Anacleto,
3692 3695 3800 3747 dum

2215 3778 2405 3833 adhuc
2448 3780 2747 3852 presbyter
2793 3785 2967 3849 esset,
3026 3782 3085 3837 in
3144 3783 3425 3840 Vaticano
3481 3785 3799 3845 exstructam,

2213 3884 2391 3938 quam
2416 3868 2553 3923 olim
2579 3868 2900 3941 antiquitas
2921 3870 3199 3927 usitatius
3220 3872 3525 3929 ecclesiam
3554 3871 3801 3928 nominare

2214 3957 2535 4012 consuevit.
2571 3957 2717 4014 Nam
2749 3963 2807 4012 et
2834 3962 3082 4031 August.
3114 3961 3187 4017 De
3225 3963 3388 4017 civit.
3433 3962 3527 4016 Dei
3567 3958 3657 4014 lib.
3693 3972 3801 4020 xm,

2214 4061 2263 4100 ο.
2298 4047 2362 4099 10
2396 4062 2409 4101 :
2443 4047 2569 4113 Nos,
2601 4046 2814 4118 inquit,
2853 4050 3187 4121 martyribus
3233 4050 3439 4106 nostris
3478 4066 3578 4106 non
3621 4045 3798 4117 templa.

2212 4136 2348 4190 sicut
2373 4134 2506 4202 diis,
2556 4135 2647 4190 sed
2688 4138 3000 4205 memorias,
3055 4139 3196 4193 sicut
3237 4138 3550 4194 hominibus
3594 4134 3796 4195 mortuis

2212 4240 2445 4295 quorum
2474 4223 2623 4294 apud
2651 4224 2819 4279 Deum
2855 4226 3046 4281 vivunt
3071 4228 3323 4298 spiritus,
3353 4229 3688 4299 fabricamus.
3710 4220 3797 4277 Has

2216 4311 2422 4367 merito
2454 4311 2625 4367 Caius
2655 4312 2933 4384 antiquus
2978 4313 3309 4387 theologus,
3342 4316 3443 4387 qui
3473 4320 3701 4385 tempore
3723 4309 3797 4364 Ze-

2218 4400 2450 4473 phyrini
2481 4400 2773 4473 pontiﬁcis
2818 4401 3041 4469 claruit,
3073 4407 3222 4459 teste
3251 4404 3495 4460 Eusebio
3532 4402 3622 4457 lib.
3652 4416 3701 4455 ιιι
3726 4398 3797 4452 Ηί-

2214 4492 2532 4557 storiarum,
2563 4490 2654 4553 24,
2685 4495 2900 4562 tropaea
2930 4491 3183 4564 appellat
3214 4509 3226 4546 :
3261 4494 3479 4566 quippe
3518 4507 3631 4564 qua
3656 4488 3795 4542 victo-

2219 4578 2334 4633 rias
2352 4578 2747 4650 apostolorum
2767 4580 2839 4634 de
2859 4580 3118 4635 subactis
3136 4580 3406 4637 hostibus
3424 4576 3796 4653 repraesentant.

2216 4669 2403 4722 Verba
2454 4666 2612 4722 illius
2651 4668 2804 4739 apud
2866 4669 3181 4724 Eusebium
3230 4671 3500 4741 praedicto
3558 4667 3668 4723 loco
3708 4663 3798 4717 hac

2218 4760 2354 4812 sunt
2414 4774 2426 4812 :
2486 4758 2595 4828 Ego
2643 4758 3019 4826 apostolorum
3067 4766 3274 4829 tropaa
3317 4760 3589 4831 perspicue
3625 4763 3798 4827 possum

2214 4844 2493 4900 ostendere
2521 4865 2539 4900 :
2569 4862 2703 4900 nam
2730 4847 2781 4900 si
2814 4845 2970 4902 lubet
2997 4863 3057 4901 in
3093 4848 3419 4904 Vaticanum
3440 4843 3706 4919 proﬁcisci,
3726 4839 3799 4893 αιά

2218 4936 2279 4989 in
2310 4935 2459 4989 viam
2514 4948 2639 5005 qua
2697 4934 2953 4989 Ostiensis
2982 4934 3210 5003 dicitur,
3256 4940 3309 4992 te
3353 4935 3597 5008 conferre
3636 4935 3798 5000 tropaea

2218 5039 2407 5079 eorum
2444 5024 2540 5094 qui
2596 5025 2762 5078 istam
2806 5024 3104 5079 Ecclesium
3147 5041 3245 5081 suo
3274 5040 3519 5081 sermone
3559 5026 3605 5078 et
3642 5017 3798 5075 virtute

2218 5113 2589 5179 stabzlierunl,
2649 5114 2916 5168 invenies.
2975 5112 3135 5168 Hanc
3180 5113 3469 5187 insignem
3522 5111 3796 5176 claramque

2218 5200 2557 5257 memoriam
2580 5218 2613 5255 a
2632 5200 2868 5256 turbine
2889 5203 3311 5273 persecutionis
3334 5219 3445 5259 non
3468 5200 3632 5257 fuisse
3657 5194 3795 5265 dejec-

2216 5298 2359 5357 tam,
2413 5291 2515 5345 sed
2561 5291 2781 5358 maiore
2839 5290 3033 5362 potius
3085 5292 3145 5346 in
3192 5292 3317 5347 dies
3364 5288 3613 5363 singulos
3652 5278 3792 5358 gloria

2218 5384 2710 5449 auctam,omnem
2736 5379 3184 5435 admirationem
3216 5385 3469 5453 superat.
3495 5380 3789 5434 Baron.anno

2222 5471 2343 5535 106,
2404 5485 2459 5521 ιι.
2509 5470 2544 5521 2
2587 5472 2644 5522 et
2691 5469 2744 5522 3.
2779 5468 3181 5541 Magdeburg.,
3224 5469 3321 5542 qui
3353 5466 3580 5524 hanoob
3608 5468 3788 5518 causam

2217 5555 2555 5612 Anacletum
2588 5556 3043 5627 reprehendunt,
3075 5574 3109 5612 a
3137 5558 3402 5613 Bellarm.
3437 5556 3527 5611 lib.
3557 5570 3606 5608 Iv
3630 5552 3691 5605 De
3712 5546 3787 5599 RO-

2218 5662 2368 5713 man,
2398 5644 2623 5719 ponti/1,
2654 5661 2704 5700 ο.
2738 5647 2791 5715 8,
2824 5645 2896 5701 de
2925 5643 3223 5704 calumnia
3251 5648 3530 5705 notantur.
3550 5644 3625 5701 lo,
