4038 6210
302 378 420 444 ’189

3592 384 3712 447 790

494 858 1469 1017 ANACLETI
1605 859 2351 1017 ROMANI
2485 859 3549 1019 PONTIFICIS

938 1236 1779 1371 EPISTOL/E
1890 1240 2089 1366 ET
2194 1224 3045 1368 DECRETA“)

1494 1559 1725 1631 (MANSI,
1756 1560 1989 1617 Concil..
2024 1562 2065 1613 t.
2101 1564 2298 1631 I,pag.
2331 1559 2481 1628 598.)

745 1852 1092 1908 EPISTOLA
1125 1852 1199 1923 (2)
1230 1852 1478 1908 PRIMA.

273 1996 295 2029 ³
329 1996 404 2051 De
434 1996 779 2066 oppressione
810 1994 1251 2051 Christianorum
1275 1998 1325 2050 et
1353 1995 1419 2049 de
1446 1995 1796 2051 accusatione
1820 1996 1931 2065 epi-

346 2068 517 2138 sc0pi,
548 2066 613 2121 de
650 2066 994 2121 ordinatione
1062 2066 1591 2137 archiepiscoporum
1665 2074 1715 2121 et
1768 2074 1929 2120 caste-

345 2142 629 2265 rorumteet_
674 2138 739 2193 de
767 2138 1101 2208 primatibus
1139 2146 1193 2193 et
1237 2138 1595 2209 patriarchis,
1630 2153 1929 2207 eorumque

345 2226 517 2265 minis
577 2225 678 2264 rio.

345 2225 678 2265 ministerio.

350 2383 703 2448 Amemus,
729 2396 930 2436 servus
959 2380 1169 2435 Christi
1220 2381 1376 2447 Iesu,
1429 2380 1488 2434 in
1538 2380 1673 2434 sede
1704 2383 1930 2451 aposto-

277 2469 392 2525 lica
421 2469 671 2525 Domino
694 2469 973 2532 serviens,
996 2468 1286 2542 episcopis
1308 2469 1604 2535 omnibus,
1631 2472 1686 2523 et
1706 2467 1929 2523 cazteris

278 2558 508 2614 cunctis
540 2556 834 2627 ﬁdelibus,
867 2558 967 2630 qui
1010 2557 1363 2630 coaequalem
1396 2557 1703 2613 nobiscum
1737 2556 1926 2612 sortiti

274 2650 416 2703 sunt
442 2646 642 2713 tidem,
687 2646 877 2718 gratia
922 2646 1089 2702 vobis
1135 2651 1192 2702 et
1234 2663 1345 2717 pax
1391 2650 1566 2717 atque
1609 2644 1927 2701 consolatio

274 2734 747 2806 multiplicentur
777 2752 810 2790 a
838 2735 1084 2791 Domino
1106 2735 1165 2790 in
1199 2734 1428 2791 saecula.

344 2824 671 2878 Benedictus
728 2824 869 2878 Deus
942 2832 992 2879 et
1046 2828 1213 2879 Pater
1283 2823 1508 2879 Domini
1568 2824 1747 2879 nostri
1804 2824 1929 2879 Jesu

274 2912 500 2980 Christi,
534 2914 631 2982 qui
658 2912 957 2967 secundum
1003 2929 1260 2981 magnam
1307 2912 1744 2967 misericordiam
1771 2928 1928 2965 suam

270 3003 620 3071 regeneravit
648 3017 749 3057 nos
777 3004 837 3056 in
883 3018 1034 3073 spem
1081 3004 1280 3067 vivam,
1328 3018 1428 3072 per
1472 3002 1926 3057 resurrectionem

270 3094 403 3148 Jesu
434 3091 640 3147 Christi
670 3107 741 3145 ex
768 3092 1019 3157 mortuis,
1052 3092 1112 3145 in
1134 3090 1516 3147 haereditatem
1545 3091 1927 3160 incorruptibi-

271 3178 465 3237 tem‘et
492 3180 1017 3247 incontaminatam,
1067 3188 1119 3234 et
1161 3179 1677 3234 immarcescibilem
1713 3196 1924 3233 conser-

274 3278 460 3325 vatam
492 3270 552 3324 in
580 3270 749 3336 castis,
783 3271 843 3323 in
865 3270 1035 3338 vobis,
1077 3285 1173 3339 qui
1202 3271 1261 3323 in
1310 3270 1513 3323 virtute
1558 3269 1653 3321 Dei
1688 3268 1922 3323 custodi-

272 3360 420 3415 mini
442 3374 548 3429 per
568 3358 730 3428 ﬁdem
762 3359 820 3412 in
854 3357 1085 3412 salutem
1132 3361 1379 3427 paratam
1432 3358 1672 3412 revelari
1700 3358 1757 3410 in
1783 3362 1922 3411 tem-

272 3463 406 3519 pore
438 3446 733 3502 novissimo
758 3465 776 3501 :
805 3449 863 3500 in
902 3462 1005 3518 quo
1044 3446 1411 3509 exsultabitis,
1462 3444 1733 3500 modicum
1782 3462 1927 3499 nunc

272 3538 325 3590 si
352 3538 563 3605 oportet
595 3537 915 3592 contristari
960 3536 1019 3589 in
1050 3536 1225 3589 variis
1254 3536 1669 3600 tentatiombus,
1700 3541 1762 3588 ut
1796 3551 1924 3605 pro-

274 3626 436 3681 batio
454 3633 651 3683 vestrae
688 3624 815 3695 ﬁdei
854 3624 1026 3679 multo
1052 3625 1348 3692 pretiosior
1374 3626 1445 3678 sit
1474 3639 1631 3692 auro,
1665 3623 1805 3694 quod
1830 3640 1929 3695 per

272 3716 459 3786 ignem
469 3714 739 3786 probatur
757 3713 798 3778 ³,
815 3712 863 3767 si
887 3716 1082 3767 tamen
1106 3712 1165 3767 in
1187 3710 1664 3766 tribulationibus
1686 3710 1925 3782 experti,

274 3802 509 3876 probati
539 3800 943 3858 inveniamini.
979 3800 1266 3855 Patientes
1298 3804 1501 3866 estote,
1535 3798 1924 3866 dilectissimi,

274 3893 412 3963 quia
448 3890 724 3962 patientia
758 3889 1133 3960 probationem
1181 3892 1459 3957 operatur,
1505 3888 1760 3959 probatio
1805 3904 1927 3944 vero

272 3996 458 4050 spem,
497 3994 617 4049 spes
645 3986 827 4033 autem
864 3993 973 4033 non
1003 3977 1289 4047 confundit
1319 3976 1357 4030 ⁸.
1391 3979 1525 4032 Ecce
1553 3978 1803 4049 agricola
1833 3994 1926 4033 ex-

274 4072 479 4141 spectat
524 4070 821 4140 pretiosum
864 4068 1109 4137 fructum
1163 4072 1348 4131 terrae,
1398 4068 1676 4137 patienter
1720 4068 1929 4135 ferens,

277 4160 448 4215 donec
477 4159 714 4229 accipiat
744 4164 1151 4228 temporaneum
1186 4160 1237 4211 et
1276 4156 1575 4210 serotinum
1606 4156 1645 4209 ⁵.
1681 4155 1739 4210 Si
1772 4155 1929 4227 agri-

280 4248 421 4303 colas
452 4246 573 4302 haec
603 4246 891 4318 patienter
921 4246 1114 4300 terunt
1143 4261 1245 4315 pro
1276 4244 1697 4315 temporalibus
1729 4244 1931 4299 fructi-

279 4336 416 4404 bus,
449 4340 667 4407 quanto
716 4334 904 4407 magis
948 4349 1049 4389 vos
1090 4350 1195 4405 pro
1228 4333 1458 4388 aeternis
1487 4332 1774 4404 patientes
1804 4349 1932 4389 esse

354 4544 375 4578 ³
405 4544 479 4599 De
508 4542 856 4613 oppressione
884 4543 933 4594 et
965 4536 1306 4613 laceratione
1336 4537 1779 4613 Christianorum
1802 4555 1823 4599 ;
1870 4543 1921 4594 et

1965 1854 2019 1916 Α
2050 1848 2319 1905 debetis?
2346 1853 2525 1905 Estote
2562 1865 2693 1920 ergo
2732 1852 3031 1920 patientes,
3076 1855 3128 1906 et
3169 1851 3485 1920 conﬁrmato
3530 1851 3695 1908 corda

2040 1941 2216 1993 vestra
2245 1939 2286 2003 ⁵,
2320 1941 2383 1993 ut
2408 1938 2753 1993 adveniente
2768 1939 2969 2009 judice
2991 1938 3240 2006 Christo,
3259 1938 3375 1993 laeti
3395 1943 3451 1993 et
3466 1941 3693 2010 probati

2040 2043 2169 2083 esse
2198 2026 2465 2083 valeatis.
2514 2028 2700 2083 Nolite
2747 2030 3112 2100 ingemiscere
3148 2030 3207 2083 in
3255 2028 3600 2097 alterutrum,
3632 2036 3694 2085 ut

2038 2116 3225 2188 nonjudicemini.Ecoejudex,antejanuam
3249 2117 3689 2172 assistit.Ea:em-

2033 2206 2190 2276 plum
2219 2205 3028 2276 accipite,charissimi,laboris
3058 2210 3108 2260 et
3130 2208 3422 2277 patientiae
3450 2206 3691 2277 prophe-

2039 2304 2141 2365 tas,
2170 2296 2265 2365 qui
2296 2295 2469 2350 locuti
2498 2297 2558 2349 in
2590 2297 2816 2350 nomine
2830 2296 3048 2349 Domini
3060 2297 3291 2350 sunt.En
3315 2295 3689 2364 beatiﬁcamus

2038 2398 2128 2439 eos
2159 2385 2255 2454 qui
2289 2385 2694 2438 sustinuerunt.
2728 2384 3117 2455 Suﬁerentiam
3149 2385 3242 2439 Job
3272 2383 3522 2451 audistis,
3558 2387 3607 2439 et
3625 2385 3689 2453 [i-

2036 2488 2163 2527 nem
2186 2473 2410 2527 Domini
2436 2472 2675 2539 vidistis,
2708 2474 2967 2543 quoniam
2986 2474 3291 2527 misericors
3320 2476 3372 2526 et
3401 2473 3688 2527 miserator

2036 2561 2302 2615 Dominus
2334 2566 2411 2615 est
2442 2562 2479 2613 ⁷.
2512 2559 2943 2615 Tribulationes
2972 2564 3192 2614 vestras
3225 2559 3557 2615 audivimus
3584 2560 3683 2631 (3),

2038 2648 2265 2717 fratres,
2292 2656 2409 2703 tam
2442 2665 2545 2719 per
2574 2653 2806 2703 nostros
2836 2649 2877 2719 ⁸,
2928 2665 3105 2720 quam
3142 2652 3199 2703 et
3236 2664 3337 2720 per
3386 2647 3637 2703 aliorum
3666 2649 3687 2683 θ

2038 2736 2468 2808 apocrisiarius,
2493 2754 2671 2808 super
2693 2736 2907 2807 quibus
2924 2736 3091 2792 valde
3113 2734 3688 2806 dolemus,vobisque

2037 2825 2447 2897 compatimur,
2482 2830 2538 2880 et
2570 2825 2851 2881 auxilium
2884 2827 3033 2880 ferre
3074 2824 3415 2896 (proutipse
3445 2823 3690 2896 largitus

2036 2915 2229 2982 fuerit,
2264 2917 2363 2987 qui
2389 2932 2491 2987 pro
2513 2916 2682 2970 nobis
2706 2932 2819 2970 non
2838 2915 3029 2970 solum
3052 2914 3493 2984 tribulatus,sed
3512 2914 3687 2968 etiam

2036 3022 2249 3075 passus
2278 3006 2386 3077 est)
2420 3004 2605 3075 parati
2642 3021 2868 3061 sumus.
2897 3003 3083 3059 Nolite
3100 3002 3683 3071 mirari,charissimi,

2038 3093 2137 3164 qui
2171 3093 2599 3164 persecutiones
2631 3093 2918 3165 patimini,
2953 3095 3112 3165 quasi
3138 3094 3269 3149 novi
3294 3092 3443 3147 vobis
3471 3092 3684 3163 aliquid

2036 3184 2313 3252 contingat
2354 3200 2372 3235 :
2426 3182 2517 3235 sed
2566 3181 3029 3238 communicantes
3086 3180 3287 3235 Christi
3336 3181 3683 3251 passionibus

2033 3271 2282 3341 gaudete,
2330 3274 2389 3324 ut
2438 3274 2487 3325 et
2537 3272 2592 3323 in
2646 3271 2977 3325 reuelatione
3016 3270 3209 3339 gloriw
3251 3272 3370 3336 eius
3398 3268 3679 3339 gaudeatis

2033 3361 2388 3413 exsultantes.
2463 3360 2523 3413 Si
2578 3360 2999 3429 exprobramini
3068 3362 3123 3413 in
3176 3360 3396 3413 nomine
3456 3357 3675 3425 Christi,

2036 3447 2176 3502 beati
2223 3449 2418 3509 eritis;
2468 3449 2734 3517 quoniam
2782 3447 2920 3517 quod
2967 3455 3042 3501 est
3092 3446 3334 3511 honoris,
3383 3447 3575 3516 gloriae
3632 3452 3683 3499 et

2036 3536 2260 3589 virtutis
2308 3537 2423 3604 Dei,
2473 3544 2523 3590 et
2568 3537 2665 3607 qui
2712 3542 2788 3590 est
2833 3536 2947 3601 eius
2986 3537 3235 3607 spiritus,
3263 3550 3427 3605 super
3454 3549 3545 3589 vos
3591 3548 3676 3588 re-

2035 3625 2280 3694 quiescit.
2314 3625 2476 3678 Nemo
2524 3629 2705 3678 aulem
2748 3633 2982 3678 vestrum
3026 3626 3273 3695 patiatur
3315 3624 3476 3693 quasi
3504 3621 3677 3677 homi-

2036 3712 2180 3779 cida,
2210 3721 2304 3766 aut
2331 3713 2451 3785 fur,
2485 3722 2582 3767 aut
2632 3713 2950 3777 maledicus,
3002 3722 3097 3769 aut
3125 3714 3437 3768 alienorum
3483 3711 3684 3784 appeti-

2034 3804 2138 3856 tor.
2172 3800 2233 3855 Si
2287 3809 2470 3856 autem
2517 3809 2577 3855 ut
2627 3800 2991 3872 Christianus,
3020 3819 3131 3857 non
3158 3801 3435 3857 erubescat
3467 3819 3485 3854 :
3512 3801 3684 3871 glori-

2036 3890 2158 3959 ﬁcet
2188 3897 2367 3943 autem
2419 3894 2592 3945 Deum
2621 3891 2680 3943 in
2726 3892 2829 3944 isto
2860 3893 3081 3945 nomine
3112 3909 3129 3945 :
3176 3891 3439 3961 quoniam
3478 3893 3686 3960 tempus

2037 3982 2116 4033 est
2154 3982 2215 4033 ut
2272 3980 2504 4050 incipiat
2553 3977 2831 4049 judicium
2884 3996 2918 4031 a
2969 3978 3128 4034 domo
3173 3980 3287 4033 Dei.
3346 3978 3407 4033 Si
3443 3987 3627 4033 autem
3656 3994 3691 4032 a

2036 4068 2193 4122 nobis
2224 4069 2469 4136 primum
2492 4086 2515 4131 ;
2543 4069 2666 4137 quis
2696 4068 2825 4137 finis
2855 4082 3047 4122 eorum.
3077 4069 3173 4137 qui
3200 4083 3311 4122 non
3338 4066 3565 4121 credunt
3599 4065 3693 4121 Dei

2042 4158 2331 4225 Evangelio
2384 4158 2499 4211 ?Et
2548 4159 2597 4210 si
2654 4159 2751 4211 via:
2800 4158 2976 4222 iustus
3025 4156 3349 4223 salvabitur,
3400 4157 3603 4227 impius
3640 4162 3692 4210 et

2034 4250 2287 4317 peccator
2335 4246 2431 4299 ubi
2470 4245 2778 4316 parebunt?
2823 4247 3006 4316 Itaque
3050 4249 3101 4299 et
3157 4244 3215 4298 hi
3262 4247 3357 4315 qui
3392 4246 3693 4316 patiuntur

2036 4334 2335 4391 secundum
2366 4334 2699 4390 voluntatem
2722 4334 2838 4401 Dei,
2860 4333 3018 4405 ﬁdeli
3047 4333 3289 4389 Creatori
3316 4331 3691 4389 commendent

1976 4540 2117 4610 quod
2168 4542 2413 4595 Ecclesia
2460 4540 2593 4610 navi
2618 4542 3007 4610 comparetur;
3046 4542 3205 4610 atque
3252 4539 3321 4610 de
3341 4538 3559 4610 pateris
3607 4535 3687 4610 ibi

280 4616 503 4670 insertis
532 4606 802 4685 negotiis;
831 4610 1087 4685 omnibus
1116 4611 1631 4685 episcopisscripta.
1662 4609 1745 4685 Ita
1785 4625 1897 4665 ms.
1930 4606 2298 4685 Collectionis
2348 4610 2552 4685 Is_idfori_
2582 4609 2640 4685 in
2674 4606 3019 4685 bibliotheca
3065 4606 3291 4685 collegii
3338 4606 3685 4685 {arisiensis

279 4687 408 4742 Soc.
458 4676 622 4749 Jesu',
682 4700 713 4739 θ
767 4698 880 4752 quo
938 4684 1077 4737 sunt
1133 4676 1215 4735 hac
1273 4676 1566 4735 variantes
1594 4679 1891 4737 lectiones.
1946 4682 1968 4715 ³
2024 4686 2047 4735 I
2103 4686 2253 4737 Petr.
2314 4699 2354 4749 1,
2385 4683 2503 4736 3-7.
2538 4680 2743 4735 ‘Rom.
2794 4697 2848 4748 v,
2883 4680 2935 4747 4,
2978 4680 3033 4733 5.
3070 4676 3244 4735 “Jac:
3277 4695 3330 4745 v,
3360 4680 3416 4731 7.
3451 4676 3619 4741 Ibid.,
3649 4676 3685 4730 6

277 4759 297 4792 ⁷
328 4758 502 4828 Ibid.,
533 4756 690 4811 9-41.
724 4754 744 4789 ³
772 4758 1017 4809 vestros.
1048 4753 1069 4787 θ
1100 4752 1355 4807 notanda
1382 4768 1511 4806 vox.

356 4966 434 5091 ς)
466 4963 581 5019 Has
612 4958 890 5087 egstolas
920 4974 1036 5013 non
1069 4972 1251 5012 ausus
1289 4958 1377 5011 est
1428 4953 1815 5010 Bellarminus
1844 4954 1933 5009 in-
1966 4959 2009 5025 C
2048 4972 2117 5011 ex
2145 4954 2217 5010 iis
2261 4972 2386 5026 quae
2429 4954 2500 5009 de
2548 4969 2790 5034 numero
2848 4969 2914 5007 ac
2962 4951 3167 5006 ordine
3185 4948 3537 5032 pontiﬁcum
3577 4949 3691 5005 sibi

284 5039 365 5093 du
404 5036 583 5091 itatas
607 5049 640 5089 a
709 5045 921 5093 rmare,
944 5045 1049 5085 nec
1067 5031 1239 5093 negat
1260 5027 1319 5081 in
1340 5042 1439 5081 eas
1460 5025 1687 5093 aliquos
1710 5042 1936 5082 errores
2047 5025 2486 5082 succedentium
2522 5025 2775 5080 dixunus
2797 5039 2976 5093 supra
2996 5022 3055 5076 in
3079 5024 3231 5077 notis
3252 5021 3323 5077 ad
3342 5020 3537 5077 Vitam
3568 5020 3691 5076 Cle-

326 5054 365 5093 ιι

404 5025 583 5091 {tatas
607 5025 921 5098 afﬁrmare,
944 5045 1049 5085 nec
1067 5031 1239 5098 negat
1260 5027 1319 5098 in
1340 5042 1439 5098 eas
1460 5025 1687 5098 aliquos
1710 5042 1936 5082 errores

286 5106 616 5179 irrepsisse.
642 5102 906 5159 Eruditis
932 5116 1067 5157 vero
1098 5097 1399 5154 catholicis
1430 5097 1701 5153 videntur
1727 5114 1935 5170 suppo-

284 5177 430 5236 sitan
466 5177 673 5232 MANSI.

359 5250 446 5331 (2).
472 5247 737 5331 Epistola.
769 5242 1111 5331 A‘nacletum
1134 5241 1282 5321 duas
1296 5238 1933 5331 decretales‘epistolajs,

286 5311 449 5378 omni
468 5311 756 5391 sapientia
772 5315 973 5388 plenas
991 5311 1740 5391 conscripsisse,vetustam
1758 5312 1936 5391 quod-

288 5394 426 5449 dam
455 5382 752 5462 exemplar
769 5382 1260 5462 jmanuscriptum
1294 5382 1451 5462 Libri
1484 5383 1823 5462 pontiﬁcalis
1848 5386 1936 5462 te-

288 5468 517 5521 statur:
546 5453 701 5533 qubd
726 5459 825 5514 ubi
842 5459 1033 5533 _sit,_e_t
1063 5453 1218 5510 unde
1248 5453 1776 5533 acceptumfuerit,
1808 5453 1937 5507 vide

286 5523 644 5606 Turrianum
677 5548 802 5603 cap.
835 5530 925 5596 20,
959 5527 1060 5583 lib.
1106 5544 1161 5594 v,
1194 5523 1934 5606 contra’lltagdeburgenses:

289 5625 325 5664 a
352 5596 992 5678 amatoribus-magna
1039 5614 1172 5654 cum
1215 5596 1434 5667 injuria
1483 5596 1773 5678 redargui,
1807 5596 1935 5678 ideo

288 5678 448 5752 quod
476 5677 830 5735 Clementem
848 5670 1276 5731 antecessorem
1294 5684 1468 5725 suum
1492 5670 1937 5740 nominet,patet

2047 5020 2486 5082 succedentium
2522 5025 2775 5080 diximus
2797 5039 2976 5095 supra
2996 5022 3055 5076 in
3079 5020 3231 5077 notis
3252 5021 3323 5077 ad
3342 5020 3537 5077 Vitam
3568 5020 3691 5076 Cle-

2048 5098 2282 5153 mentis.
2318 5098 2446 5151 Sav.
2482 5097 2705 5151 Bmxus.

2117 5170 2192 5239 (3)
2230 5168 2630 5223 Tribulationes
2676 5170 2884 5239 vestras
2933 5164 3264 5239 audiuimus.
3314 5162 3695 5239 Notaqoontr‘a

2049 5235 2540 5322 novatores‘quod
2573 5236 2885 5322 anacl‘etus
2917 5236 2987 5289 de
3018 5236 3192 5322 rebus
3215 5235 3688 5322 'horum‘tempo:

2048 5328 2199 5377 rum,
2264 5306 2422 5364 verbi
2475 5309 2680 5380 gratia,
2722 5306 3346 5380 deﬂpersecutionibus
3401 5306 3690 5380 patienter

2046 5373 2308 5452 exemplo
2353 5373 2577 5452 Christi,
2626 5373 2907 5452 ferendis,
2956 5377 3218 5452 scribat;
3279 5376 3538 5452 adeoque
3597 5373 3685 5428 his

2046 5447 2303 5524 epistolae
2336 5451 2650 5524 decretales
2666 5449 2973 5524 immerito
2990 5447 3489 5524 reprehendantur
3511 5459 3686 5524 ac‘re-

2038 5514 2341 5594 ji‘ciantur,
2375 5522 2542 5594 quasi
2576 5521 2634 5575 in
2666 5521 2759 5594 his
2793 5519 2955 5575 nulla
2984 5514 3316 5574 méntiotiat
3346 5531 3541 5570 rerum
3574 5514 3685 5571 hoc

2045 5601 2305 5667 tempore
2326 5593 2644 5665 gestarum.
2680 5593 2760 5646 In.
