4038 6210
401 373 515 436 79!

1772 367 1876 429 AN
1881 366 2164 431 ACLETI
2207 367 2439 429 PAPJE

3678 369 3785 432 792

408 510 629 565 animas
656 522 783 563 suas
815 506 873 560 in
908 504 1199 575 benefactis
1232 503 1293 558 ίο.
1318 502 1489 575 Nam,
1521 507 1586 558 ut
1610 503 1689 558 ait
1708 502 2056 559 beatusCle-
2087 502 2140 569 Α
2171 501 2316 557 fecto
2350 506 2817 575 transgressores
2850 501 2995 576 legis
3028 502 3132 559 Dei
3160 504 3220 559 et
3247 504 3683 576 contemptores,
3712 510 3786 560 at-

421 614 588 653 mens
618 599 954 650 antecessor
983 598 1179 649 noster
1211 592 1497 660 “,similis
1528 598 1617 648 est
1641 593 1833 648 omnis
1862 592 2062 648 Eccle-
2171 608 2282 662 que
2314 591 2711 649 inobedientes
2741 593 2870 663 ejus
2901 591 3203 663 praeceptis
3231 591 3538 647 exsistunt.
3571 591 3720 648 Unde
3740 598 3789 649 et

413 686 510 741 sie:
543 688 729 739 status
763 684 893 737 navi
929 699 1153 754 magna:
1209 699 1333 753 qua:
1366 698 1466 752 per
1497 682 1789 736 undosum
1820 681 2061 753 pelagus
2170 680 2233 733 B.
2265 680 2518 735 Jacobus
2550 680 2849 752 apostolus
2879 682 2997 736 ait:
3022 682 3085 736 Si
3110 681 3347 752 diligitis
3376 684 3647 751 proximos
3671 686 3790 738 sicut

412 771 658 829 diversis
708 788 739 826 e
795 771 939 826 locis
995 776 1050 825 et
1101 770 1439 842 regionibus
1486 770 1643 825 viros
1673 775 1863 841 portat
1893 771 1957 833 '9,
1990 770 2059 824 ad

413 877 591 917 unam
643 861 896 932 potentis
949 860 1111 931 regni
1146 860 1349 913 urbem
1397 876 1706 929 properare
1738 858 2056 930 cupientes.

415 950 503 1006 Sit
532 966 669 1022 ergo
701 949 865 1004 navis
896 954 1098 1003 auctor
1129 948 1327 1019 hujus,
1381 948 1666 1002 Dominus
1716 947 1841 1018 ipse
1874 947 2063 1001 omni-

413 1044 619 1111 potens
654 1040 839 1093 Deus:
874 1040 1228 1111 gubernator
1276 1053 1408 1091 vero
1465 1036 1541 1089 sit
1596 1036 1900 1091 Christus:
1936 1041 2063 1091 tum

415 1127 627 1182 deinde
657 1130 900 1198 proreta:
927 1126 1186 1181 ofﬁcium
1204 1124 1515 1196 episcopus
1546 1124 1787 1195 impleat
1811 1124 2069 1196 :presby-

412 1215 522 1271 teri
566 1219 901 1283 nautarum,
955 1214 1181 1269 diaconi
1232 1214 1704 1284 dispensatorum
1738 1214 1930 1269 locum
1981 1219 2065 1269 te-

415 1309 593 1360 neant
620 1322 632 1358 :
677 1304 735 1358 hi
770 1304 869 1374 qui
892 1303 1272 1367 catechizant,
1297 1301 1625 1373 nautologis
1654 1302 2063 1358 conferantur:

417 1392 667 1465 epibatis
722 1398 939 1462 autem,
992 1392 1173 1446 totius
1220 1389 1597 1445 fraternitatis
1644 1390 1958 1445 multitudo
1992 1390 2069 1445 sit

421 1481 656 1537 similis.
692 1486 894 1554 Ipsum
927 1498 1159 1552 quoque
1183 1497 1342 1535 mare
1358 1479 1453 1534 hic
1482 1479 1741 1533 mundus
1762 1479 2064 1534 habeatur.

419 1573 743 1626 Ventorum
790 1586 923 1625 vero
970 1571 1278 1625 varietates
1322 1573 1378 1623 et
1442 1568 1765 1634 turbinum,
1822 1568 2068 1624 diversis

419 1660 847 1716 tentationibus
892 1660 1304 1714 conferantur:
1340 1657 1792 1729 persecutiones,
1824 1656 2068 1712 tribula-

422 1747 612 1803 tiones
643 1748 764 1802 sive
798 1746 1074 1818 pericula,
1113 1746 1388 1801 ﬂuctibus
1413 1751 1806 1816 exaequentur.
1830 1745 2069 1801 Terreni

2172 784 2261 823 vos
2291 770 2453 840 ipsos,
2497 770 2833 840 bene/acitis.
2878 771 2942 824 Si
2982 779 3169 825 autem
3230 786 3495 841 personas
3549 773 3790 842 accipitis,

2169 862 2445 930 peccatum
2482 861 2815 930 operamini,
2870 858 3154 929 redarguti
3182 876 3218 913 α
3277 860 3408 929 lege,
3459 862 3614 930 quasi
3641 864 3796 916 trans-

2170 962 2447 1017 gressores
2480 948 2544 1015 ιδ,
2587 952 2696 1003 etc.
2729 950 2799 1002 Et
2828 948 3033 1003 beatus
3060 947 3456 1020 praedecessor
3484 952 3671 1003 noster
3688 948 3793 1004 Cle-

2174 1052 2338 1091 mens
2362 1037 2449 1091 vir
2468 1036 2844 1108 apostolicus,
2862 1042 2918 1092 et
2945 1037 3159 1109 spiritu
3183 1037 3282 1091 Dei
3307 1037 3537 1108 plenus,
3559 1054 3668 1092 una
3680 1054 3793 1094 cum

2175 1123 2412 1194 reliquis
2470 1125 2687 1181 sanctis
2747 1124 2987 1197 collegis
3040 1125 3165 1180 suis
3224 1125 3453 1193 statuit,
3503 1124 3691 1182 dicens
3722 1128 3792 1180 ηε

2176 1213 2222 1247 ²⁰
2233 1214 2559 1269 Accusandi
2572 1214 2658 1269 vel
2676 1213 3027 1269 testiﬁcandi
3041 1213 3277 1270 licentia
3292 1214 3608 1285 denegetur
3621 1214 3699 1270 his
3711 1216 3795 1288 qui

2175 1300 2513 1357 Christiana
2547 1301 2845 1375 religionis
2875 1308 2932 1357 et
2961 1301 3216 1358 nominis
3249 1301 3795 1375 dignitatem,etsna2

2176 1389 2320 1461 legis
2348 1390 2436 1445 vel
2464 1391 2555 1446 sui
2586 1391 2864 1462 propositi
2888 1408 3177 1461 normam,
3210 1395 3313 1445 aut
3336 1390 3673 1463 regulariter
3692 1409 3799 1463 pro-

2178 1478 2360 1534 hibita
2388 1479 2769 1552 neglexerint.
2788 1481 3275 1551 Transgressores
3292 1480 3453 1535 enim
3473 1480 3799 1553 spontelegis

2177 1584 2315 1637 suis,
2368 1569 2612 1639 ejusque
2666 1568 2974 1625 violatores
3023 1574 3079 1624 et
3136 1569 3511 1639 recedentes,
3556 1574 3799 1642 apostatte

2178 1656 2577 1712 nominantur.
2626 1657 2828 1712 Omnis
2862 1656 3018 1713 enim
3051 1660 3318 1729 apostata
3369 1658 3703 1714 refutandus
3726 1666 3799 1714 est

2178 1748 2311 1800 ante
2349 1744 2738 1801 reversionem
2769 1762 2958 1816 suam,
3000 1761 3117 1801 non
3165 1744 3224 1800 in
3269 1746 3637 1802 accusatione
3675 1751 3803 1803 recte

423 1852 560 1891 vero
574 1833 2071 1907 spiritus,quiveldetorrentibus,veldeconvallibus
2103 1864 2151 1929 Β
2182 1834 2503 1905 agentium,
2537 1838 2639 1889 aut
2684 1832 3022 1889 testimonio
3072 1832 3526 1905 suscipiendus;
3573 1834 3702 1906 quia
3732 1836 3805 1889 vir

426 1926 674 1997 spirant,
692 1923 1337 1995 pseudoprophetarum
1353 1927 1409 1977 et
1420 1921 1925 1993 seductorum,seu
1941 1940 2076 1995 pra-

422 2029 504 2069 vae
518 2012 796 2069 doctrinae
808 2012 984 2068 verba
996 2012 1923 2068 doceantur”.Promontoriavero
1936 2011 2081 2067 etlo-

424 2118 488 2158 ca
500 2100 931 2173 confragosa,hi
946 2101 1046 2173 qui
1068 2101 1128 2155 in
1152 2100 1543 2173 potestatibus
1563 2099 1756 2155 saeculi
1775 2105 1913 2156 sunt
1918 2101 2079 2172 judi-

424 2194 603 2255 ces,et
617 2190 719 2262 qui
737 2189 997 2261 pericula
1011 2190 1311 2244 minantur
1328 2205 1394 2244 ac
1424 2193 1661 2243 mortes.
1674 2187 2001 2244 Dithalassa
2034 2191 2079 2225 ¹⁶

425 2295 562 2335 vero
591 2278 742 2345 loca,
775 2295 902 2350 quas
961 2278 1295 2350 duplicibus
1354 2277 1524 2333 undae
1573 2276 1793 2332 fallacis
1842 2277 2079 2334 aestibus

425 2368 827 2432 verberantur,
879 2368 1072 2423 dubiis
1118 2371 1330 2435 mente,
1363 2372 1419 2421 et
1450 2368 1519 2421 de
1554 2367 2077 2437 repromissionum

421 2457 664 2514 veritate
695 2457 1064 2523 nutantibus,
1118 2457 1513 2520 conferantur,
1546 2459 1722 2526 atque
1754 2455 1843 2511 his
1874 2456 1973 2526 qui
2005 2456 2076 2510 ir-

428 2545 763 2602 rationabili
793 2546 965 2601 ﬁdem
1000 2549 1260 2601 nostram
1293 2545 1515 2599 ratione
1537 2544 2076 2617 discutiunt.Hypo-

432 2634 587 2691 critm
615 2651 749 2690 vero
773 2640 829 2689 et
856 2633 1065 2705 dolosi,
1098 2633 1308 2705 piratis
1333 2633 1563 2689 simites
1592 2633 2075 2689 habeanturJam

430 2739 566 2779 vero
590 2723 832 2795 rapidus
861 2726 1080 2791 vortex,
1112 2727 1169 2777 et
1198 2726 1449 2777 tartarea
1477 2721 1815 2793 Charybdis,
1837 2727 1895 2777 et
1923 2722 2079 2777 saxis

430 2812 586 2868 illisa
633 2812 960 2885 naufragia,
1008 2828 1074 2866 ac
1105 2811 1414 2868 mortiferae
1445 2809 1905 2879 submersiones,
1936 2811 2077 2883 quid

435 2901 593 2956 aliud
635 2901 980 2957 aestimanda
1021 2904 1360 2971 sunt,quam
1378 2902 1612 2971 peccata
1630 2899 1860 2954 ‘?Restat
1880 2900 2079 2971 igitur,

436 2994 503 3045 ut
537 2990 652 3045 haec
696 2989 863 3044 navis
912 3006 1087 3045 cursu
1128 3005 1403 3060 prospero
1436 2992 1562 3043 tuta
1612 2988 1798 3059 possit
1844 2993 2077 3059 portum

348 3066 353 3069 ’
433 3078 773 3134 desideratis
804 3078 965 3134 urbis
1005 3078 1244 3145 intrare,
1277 3078 1359 3132 ita
1419 3079 1527 3133 Deo
1580 3091 1809 3149 precem
1839 3078 2079 3133 fundere

435 3167 801 3239 navigantes,
835 3171 901 3222 ut
930 3169 1267 3222 mereantur
1296 3165 1507 3221 audiri.

1239 3335 1280 3389 Ι.

785 3460 859 3514 De
889 3457 960 3513 iis
990 3461 1088 3529 qui
1114 3458 1417 3513 sacerdotes
1447 3460 1724 3512 accusant.

501 3611 814 3676 Audimus,
860 3610 1087 3676 fratres,
1138 3609 1293 3680 quod
1343 3608 1580 3680 quidam
1634 3607 1968 3677 detrahunt,
2022 3612 2080 3663 et

427 3704 708 3758 accusant
737 3700 1069 3756 sacerdotes
1095 3699 1211 3768 Dei,
1232 3698 1531 3770 cupientes
1548 3714 1647 3753 eos
1669 3697 2075 3769 damnari,non

426 3790 819 3862 intelligentes
849 3788 1115 3859 forsitan,
1165 3788 1321 3859 quod
1353 3786 1572 3858 injuria
1602 3786 1970 3841 sacerdotum
2005 3788 2075 3841 ad

427 3879 721 3935 Christum
754 3877 1025 3949 pertinet,
1074 3877 1246 3946 cujus
1276 3876 1396 3931 vice
1448 3876 1793 3948 funguntur.
1824 3874 1939 3931 Nec
1968 3875 2079 3933 hoc

427 3967 742 4039 aspiciunt,
795 3966 952 4035 quod
1002 3966 1064 4019 B.
1097 3968 1306 4020 Petrus
1336 3964 1608 4035 princeps
1654 3962 2074 4034 apostolorum,

2188 1922 2401 1994 duplex
2430 1923 2650 1988 animo,
2676 1922 3017 1978 inconstans
3037 1927 3127 1977 est
3156 1922 3216 1977 in
3241 1923 3524 1978 omnibus
3554 1922 3656 1978 viis
3682 1924 3804 1979 suis.

2189 2012 2506 2082 Quicunque
2534 2017 2744 2080 autem,
2777 2015 2841 2066 ut
2881 2011 2962 2066 ait
2991 2010 3292 2083 apostolus
3344 2011 3619 2079 Jacobus,
3667 2017 3807 2068 totam

2188 2102 2361 2170 legem
2388 2103 2710 2168 servaverit,
2741 2100 3037 2172 oﬂenderit
3066 2110 3257 2156 autem
3307 2102 3372 2155 in
3403 2117 3532 2167 uno,
3556 2100 3721 2174 factus
3743 2107 3808 2158 est

2188 2206 2312 2245 reus
2361 2192 2629 2246 o-mnium.
2684 2190 2790 2257 Qui
2836 2193 2985 2245 enim
3041 2189 3227 2244 dixit:
3277 2191 3400 2245 Non
3443 2192 3804 2259 machaberis;

2186 2278 2330 2334 dixit
2382 2283 2482 2336 et:
2540 2281 2657 2334 Non
2708 2278 2936 2334 occides.
3001 2278 3149 2346 Quod
3205 2280 3257 2333 si
3309 2295 3427 2334 non
3464 2280 3803 2349 maechaberis,

2186 2368 2399 2423 occidas
2428 2376 2628 2434 autem,
2662 2370 2843 2439 factus
2874 2384 2928 2423 es
2946 2375 3325 2440 transgressor
3356 2368 3513 2439 legis.
3545 2371 3632 2426 Sic
3657 2370 3804 2441 loqui-

2186 2459 2351 2527 mini,
2386 2460 2433 2512 et
2463 2458 2545 2514 sic
2572 2460 2757 2528 facite,
2815 2458 2963 2513 sicut
3002 2474 3107 2528 per
3163 2458 3336 2526 legem
3394 2458 3661 2513 libertatis
3688 2460 3803 2512 iaci-

2182 2548 2387 2617 pientes
2425 2546 2694 2618 judicari.
2755 2546 3032 2601 Iudicium
3091 2548 3239 2601 enim
3287 2548 3414 2602 sine
3461 2548 3805 2603 misericordia

2184 2634 2276 2703 ﬁet
2310 2637 2418 2706 illi,
2473 2637 2570 2707 qui
2626 2650 2735 2689 non
2790 2636 2923 2705 fecit
2952 2635 3423 2691 misericordiam.
3457 2636 3804 2707 Supereealtat

2185 2733 2368 2780 autem
2423 2724 2813 2779 misericordia
2832 2722 3111 2794 judicium
3158 2724 3227 2777 9‘.
3288 2724 3352 2778 Et
3389 2725 3666 2780 Dominus
3697 2725 3802 2780 ait:

2185 2813 2322 2868 Nolo
2352 2816 2585 2867 mortem
2616 2814 2942 2883 peccatoris,
2969 2812 3061 2867 sed
3080 2816 3142 2866 ut
3157 2816 3591 2885 convertatur,et
3620 2814 3803 2868 vivat”-

2186 2904 2254 2955 Et
2283 2900 2468 2956 multa
2491 2899 2649 2968 talia,
2675 2899 3006 2972 horumque
3025 2899 3263 2956 similia.
3286 2902 3459 2957 Nemo
3478 2901 3807 2973 enim,inquit

2186 2988 2518 3062 Apostolus,
2561 2993 2810 3043 nostrum
2852 2988 2961 3043 sibi
2998 2990 3147 3056 vivit,
3180 2993 3233 3044 et
3261 3006 3427 3045 nemo
3455 2991 3565 3046 sibi
3585 2994 3805 3047 moritur.

2186 3079 2312 3135 Sive
2339 3094 2465 3150 ergo
2497 3079 2747 3146 vivimus,
2789 3077 2905 3132 sive
2948 3079 3245 3144 morimur,
3277 3079 3512 3135 Domini
3536 3095 3728 3134 sumus.
3759 3081 3807 3135 In

2190 3169 2287 3224 hoc
2316 3169 2465 3224 cnim
2496 3166 2741 3222 Christus
2778 3170 3028 3223 mortuus
3056 3171 3157 3238 est,
3210 3172 3262 3223 et
3290 3168 3517 3234 revixit,
3548 3170 3621 3223 ut
3669 3174 3715 3223 et
3741 3170 3807 3221 vi-

2191 3273 2385 3313 vorum
2413 3265 2464 3312 et
2511 3258 2853 3311 mortuorum
2878 3256 3216 3312 dominetur.
3250 3258 3326 3313 Tu
3373 3265 3559 3313 autem
3588 3257 3707 3329 quid
3728 3259 3806 3328 ju-

2190 3346 2339 3402 dicas
2393 3347 2623 3416 fratrem
2670 3352 2828 3399 tuum
2854 3348 2879 3396 .9
2908 3349 3008 3399 aut
3052 3352 3113 3400 tu
3160 3361 3331 3416 quare
3372 3348 3587 3417 spernis
3610 3348 3807 3416 fratrem

2188 3438 2390 3490 tuum?
2420 3434 2617 3489 Omnes
2644 3435 2794 3488 enim
2847 3433 3123 3489 stabimus
3171 3441 3302 3488 ante
3341 3435 3594 3490 tribunal
3645 3438 3734 3490 De:
3752 3433 3804 3490 ³³.

2189 3523 2487 3595 Scriptum
2516 3526 2607 3578 est
2635 3521 2791 3577 enim
2827 3538 2839 3577 :
2878 3522 3001 3578 Vivo
3049 3538 3162 3594 ego,
3210 3522 3342 3577 dicit
3382 3526 3669 3592 Dominus,
3696 3538 3805 3595 quo-

2186 3611 2506 3667 niam‘mihi
2534 3613 2778 3677 ﬂectetur
2806 3626 2965 3666 omne
2993 3625 3158 3679 genu,
3189 3616 3241 3666 et
3268 3614 3453 3668 omnis
3484 3614 3665 3685 lingua
3691 3627 3803 3667 oon-

2184 3701 2429 3773 fitebitur
2475 3700 2601 3754 Deo.
2647 3701 2834 3771 Itaque
2861 3700 3234 3770 unusquisque
3260 3709 3519 3756 nostrum
3543 3717 3637 3773 pro
3662 3717 3711 3756 se
3734 3716 3805 3754 ra-

2185 3790 2395 3845 tionem
2443 3787 2625 3842 reddet
2678 3789 2803 3843 Deo.
2858 3788 2970 3843 Non
3002 3803 3130 3855 ergo
3167 3789 3410 3860 amplius
3440 3791 3667 3844 invicem
3688 3787 3805 3856 iudi-

2185 3893 2385 3948 cemus,
2434 3876 2527 3931 sed
2576 3876 2674 3931 hoc
2694 3876 2941 3947 judicate
2967 3877 3161 3947 magis,
3191 3892 3260 3932 ne
3284 3882 3513 3948 ponatis
3540 3877 3804 3950 oﬂendicu—

2188 3967 2303 4020 tum
2348 3966 2524 4035 fratri
2552 3967 2633 4019 vel
2673 3964 3015 4019 scandalum
3074 3964 3136 4018 ²⁴.
3187 3965 3426 4022 Scimus
3473 3966 3644 4037 enim,
3695 3964 3804 4035 quis

425 4055 747 4111 instructor
778 4057 997 4119 noster,
1029 4054 1110 4108 ait
1143 4071 1155 4109 :
1189 4056 1517 4124 Deponentes
1538 4053 1707 4122 igitur
1733 4068 1947 4108 omnem
1966 4070 2077 4108 ma-
2186 4052 2441 4108 multum
2468 4054 2515 4088 ²⁵
2551 4053 2848 4124 derogatio
2897 4052 3191 4124 praevalet,
3243 4056 3487 4125 quando
3531 4056 3802 4126 derogator

427 4144 626 4213 litium,
658 4147 711 4198 et
737 4158 953 4197 omnem
981 4142 1186 4209 dolum,
1208 4147 1259 4197 et
1294 4141 1691 4205 simulationes,
1721 4146 1775 4196 et
1803 4142 2073 4208 invidias,
2185 4142 2444 4197 creditur
2468 4141 2583 4196 ﬁde
2613 4141 2847 4213 dignus.
2881 4141 3033 4211 Ideo,
3060 4142 3292 4208 fratres,
3323 4144 3505 4199 variis
3531 4139 3801 4198 detractio-

424 4237 479 4288 et
510 4247 692 4287 omnes
722 4231 1104 4299 detractiones,
1138 4233 1279 4286 sicut
1308 4230 1460 4288 modo
1486 4232 1656 4301 geniti
1685 4231 1949 4301 infantes,
1982 4248 2073 4287 ra-
2185 4232 2360 4287 nibus
2391 4233 2450 4285 et
2499 4230 2976 4285 accusationibus
3008 4246 3124 4285 non
3156 4235 3384 4302 oportet
3433 4234 3477 4267 ²⁶
3504 4227 3799 4288 labefactari

424 4321 695 4378 tionabile
726 4321 916 4388 “,sine
942 4320 1066 4375 dolo
1089 4321 1174 4375 lac
1192 4322 1639 4391 concupiscite,ut
1665 4321 1725 4373 in
1743 4335 1803 4374 eo
1818 4323 2073 4376 crescatis
2175 4320 2409 4392 judices
2438 4323 2495 4375 et
2523 4318 2805 4390 primates
2832 4316 3101 4374 Ecclesia;
3132 4319 3230 4391 (4),
3264 4321 3363 4375 sed
3386 4321 3574 4393 magis
3600 4321 3799 4391 aposto-

422 4411 484 4465 in
504 4410 741 4465 salutem
765 4410 828 4464 ιθ.
848 4412 915 4464 Et
934 4409 1218 4465 Dominus
1240 4425 1343 4481 per
1364 4408 1710 4480 Prophetam
1732 4407 1941 4478 inquit:
1970 4410 2075 4477 Qui
2182 4408 2370 4464 lorum
2394 4411 2448 4462 et
2477 4407 2781 4462 doctorum
2804 4405 3022 4479 regulis
3041 4407 3341 4463 informari
3364 4409 3446 4481 (5)
3467 4426 3533 4465 ac
3553 4404 3795 4464 roborari.

417 4498 536 4555 vult
564 4500 738 4556 vitam
784 4498 1041 4567 diligere,
1092 4507 1143 4554 et
1182 4497 1371 4554 videre
1425 4496 1537 4553 dies
1598 4497 1778 4563 bonos,
1834 4507 2074 4553 coerceat
2180 4498 2344 4553 Unde
2367 4498 2597 4567 justum
2628 4500 2735 4565 est,
2795 4512 3000 4551 omnes
3027 4495 3086 4551 in
3132 4497 3405 4553 universo
3438 4498 3795 4553 Romanorum

421 4588 679 4661 linguam
725 4602 886 4642 suam
932 4603 967 4641 a
1011 4587 1177 4653 malo,
1220 4591 1271 4642 et
1318 4586 1468 4641 labia
1508 4585 1621 4655 ejus
1666 4601 1740 4638 ne
1768 4586 2069 4656 loquantur
2100 4592 2147 4657 Ι)
2180 4587 2317 4643 orbe
2348 4587 2614 4640 doctores
2641 4584 2810 4657 legis,
2847 4601 2915 4641 ea
2944 4601 3073 4656 qua:
3112 4584 3260 4658 legis
3289 4590 3429 4642 sunt
3450 4590 3601 4643 recte
3626 4596 3796 4655 sapere

414 4674 600 4733 dolum
628 4678 692 4746 ιτ,
723 4680 834 4732 etc.
868 4673 977 4739 Qui
1006 4679 1202 4731 autem
1231 4674 1345 4730 ista
1372 4672 1900 4744 transgrediuntur,
1933 4691 2062 4745 pro-
2169 4682 2226 4733 et
2257 4673 2506 4747 operari,
2554 4678 2611 4729 et
2637 4690 2753 4728 non
2792 4673 3025 4746 regulas
3056 4675 3354 4731 nascentis
3382 4674 3648 4731 Ecclesia
3669 4688 3794 4728 con-

490 4873 586 4953 ί⁰.Ι
644 4876 796 4956 Petr.
842 4890 921 4956 iv,
974 4872 1160 4956 1.2719.
1197 4871 1669 4956 u.Inhepisntoli'il
1728 4874 1797 4956 ad
1854 4874 2163 4956 Jacobum.
2228 4877 2273 4911 ¹²
2328 4873 2505 4956 verba
2558 4876 2697 4956 sunt
2749 4870 3082 4956 interpretis
3140 4871 3352 4956 Ruﬁni,
3404 4866 3791 4956 quintrecentis

414 4942 586 5027 annpi's
627 4949 767 5027 post
824 4943 1172 5027 anacletum
1223 4939 1420 5027 vixit."
1467 4946 1509 4979 ¹³
1556 4944 1859 5027 dicantur,
1912 4945 2592 5027 εῖιισαηειιῖ,Λυιιςεεῖιεανι
2637 4944 2695 5027 ιιι
2753 4939 3088 5027 bithalassa'.
3140 4943 3199 5027 ‘5‘
3241 4958 3366 4998 ms.
3421 4939 3791 5027 ἓτιιέοῃαρίιᾳξτ

416 5014 459 5049 ¹⁸
488 5016 513 5067 Ι
544 5011 695 5095 Patr.
730 5032 793 5095 ῃ,
827 5015 881 5095 4.,
910 5017 965 5070 2.
1019 5016 1061 5050 ¹⁷
1108 5014 1262 5095 Ρεειι.
1311 5017 1761 5095 xxx_1_1_l,.13,_lll.
1819 5017 1879 5095 ιδ.
1904 5017 2071 5095 Jac._i

2184 5011 2297 5087 1,9.
2328 5018 2374 5095 ff
2405 5021 2467 5095 In
2503 5014 2674 5095 epist.
2710 5031 2817 5095 sua
2870 5018 2914 5082 Ι,
2939 5014 3011 5069 ad
3039 5012 3329 5095 Jacobum
3350 5011 3790 5095 sententialiter;

414 5099 587 5208 ιιι,
623 5086 675 5152 4,
729 5089 932 5141 Beatus
979 5089 1362 5156 prwdecessor.
1419 5083 1584 5141 Et'in
1643 5091 1805 5143 Decr.
1860 5088 1975 5152 Ivo,
2033 5088 2071 5143 li

414 5155 534 5208 1Ο-1
586 5196 598 5208 .
634 5156 681 5189 ²²
710 5155 916 5208 Ezech.
948 5174 1110 5208 xvm.
1144 5159 1235 5208 32.
1294 5158 1338 5192 ²³
1370 5158 1536 5208 Rom.
1595 5174 1707 5208 xxv-
1766 5160 1915 5208 7-10.
1973 5160 2018 5193 ²⁴

2192 5083 2265 5143 iv.
2326 5090 2370 5123 ²⁰
2416 5083 2680 5142 Anianus
2712 5085 2813 5140 lib.
2863 5100 2976 5153 xv1,
3009 5090 3195 5140 const.
3243 5086 3295 5155 1,
3343 5085 3435 5141 tit.
3465 5087 3522 5139 7.
3554 5085 3595 5119 ²¹
3626 5083 3717 5139 Jac
3740 5095 3789 5144 ιι,

2184 5160 2247 5208 Ι--
2300 5160 2490 5208 14-13·
2543 5159 2589 5193 2⁸
2639 5156 2966 5208 Trinartitaa
3023 5155 3161 5208 hist.
3217 5173 3303 5208 ιιι-
3361 5158 3414 5208 8.
3476 5156 3594 5208 hac
3645 5151 3789 5208 verbs

414 5151 598 5231 lOLl3.
630 5155 916 5231 ζει-Επειδὴ.
948 5151 1235 5231 ιζνιιιλ32.
1284 5158 1338 5231 -²³
1369 5158 1536 5213 Rom.
1595 5160 1915 5231 x1v,_7:10.
1973 5160 2018 5193 ²⁴
2073 5159 2247 5231 Ibid.,
2300 5160 2490 5231 14-13·
2543 5159 2589 5193 2⁸
2639 5151 2969 5231 Tripartitai
3023 5151 3326 5231 ιιι-ειᾴβιιι,⁸
3361 5158 3414 5223 8,
3468 5156 3594 5231 haec
3645 5151 3790 5231 verba

407 5225 1069 5354 ἒίεὲεόὲἕὲξιὲἑὶὲθξὲῐ.
1098 5223 1158 5297 ’1,
1194 5229 1396 5284 eadem
1424 5223 1768 5301 usurpatf26
1798 5229 2085 5287 Damasus
2117 5248 2207 5303 ep.
2229 5223 2313 5287 'ad
2346 5230 2652 5303 episcopos
2678 5223 2911 5301 Illyrici,
2945 5228 3098 5300 apud
3131 5223 3353 5283 Theo’d.
3377 5231 3434 5283 et
3461 5227 3588 5284 Sos.
3604 5223 3788 5296 scripta

409 5312 475 5353 8X
504 5312 765 5355 Romano
788 5312 1054 5355 00001110.

479 5493 556 5568 (4i
582 5495 1029 5568 Accusationibus
1054 5510 1163 5568 non
1195 5501 1401 5567 oportet
1442 5497 1767 5568 labefactari
1794 5499 2063 5567 primates

407 5564 684 5641 Ecclesia).
719 5566 869 5641 Vide
888 5584 1013 5638 quae
1044 5564 1293 5623 dicimus
1325 5568 1383 5623 in
1402 5564 1655 5625 notis-ad
1685 5564 1892 5625 canon.
1922 5586 2063 5641 apo-

406 5633 540 5691 stol.
573 5638 660 5691 74.
694 5641 817 5694 Ssv.
843 5633 1069 5696 Bfmus.

2243 5498 2321 5570 (5)
2351 5498 2721 5570 Apostolorum
2752 5496 2955 5570 regulis
3003 5496 3324 5570 informari.
3372 5501 3626 5552 Canones
3668 5504 3780 5562 apo-

2173 5566 2481 5639 stoldru'm,
2503 5570 2594 5638 54,
2625 5569 2695 5622 73
2723 5572 2781 5624 et
2807 5568 2877 5621 74
2906 5566 3199 5639 intelligit.
3234 5572 3316 5623 In.
