4038 6210
339 307 457 373 793

1834 308 2263 375 EPISTOLE.

3617 306 3741 376 794

338 442 599 511 fundere,
651 445 751 499 aut
796 443 994 511 ﬁdem,
1042 447 1144 501 aut
1203 442 1527 501 doctrinam
1580 442 1975 518 apostolorum
2006 448 2060 514 Α
2094 443 2304 501 vinitae
2333 439 2624 501 immensa
2650 444 2716 514 3°,
2747 440 3113 516 tempestatis
3144 440 3365 499 incerta
3389 438 3542 499 bono
3575 456 3734 499 sere-

336 531 518 588 variis
548 532 841 589 maculare
872 534 1175 603 doctrinis,
1221 552 1323 591 nec
1373 536 1579 591 fratres
1610 534 1885 591 infestare
1916 537 1981 589 Ἦ.

338 622 383 656 ³⁸
416 621 473 676 Si
506 629 703 676 autem
736 624 933 678 omnia
958 625 1015 678 in
1047 625 1154 679 hoc
1193 624 1405 680 smculo
1452 624 1742 679 vindicata
1790 629 1987 680 essent

340 709 535 766 locum
569 711 763 766 divina
786 712 1009 783 judicia
1039 730 1151 767 non
1196 714 1497 769 haberent.
1530 715 1574 747 ²⁹
1603 712 1986 785 Supervacuis

342 799 500 855 enim
532 801 603 854 ad
655 801 938 857 beneﬁcia
996 802 1222 858 laborat
1274 803 1611 875 impendiis,
1672 802 1768 873 qui
1803 802 1985 857 solem

341 893 526 945 certat
557 889 778 945 facivus
809 891 1104 961 adjuvare.
1142 894 1271 947 Ideo
1331 892 1379 945 si
1433 892 1647 963 aliquis
1696 897 1885 963 putat,
1926 907 1986 946 se

342 981 456 1032 Deo
490 977 547 1031 in
582 977 692 1033 hoc
723 978 975 1049 placere,
1011 981 1164 1051 quod
1198 997 1393 1036 servos
1445 998 1584 1036 suos
1616 984 1853 1036 accusat
1886 998 1899 1048 ;
1933 982 1988 1035 et

342 1071 411 1121 ut
454 1065 727 1123 meliores
778 1068 942 1133 fiant,
985 1068 1126 1123 dicit
1167 1086 1227 1124 se
1276 1069 1386 1123 hoc
1439 1085 1646 1141 agere;
1684 1070 1740 1123 in
1772 1086 1985 1124 vanum

341 1154 589 1222 laborat,
621 1161 677 1210 et
705 1155 839 1226 plus
896 1156 1124 1212 invidiae
1181 1158 1440 1213 stimulis
1498 1159 1774 1229 agitatur,
1809 1175 1984 1229 quam

341 1242 647 1300 charitatis
680 1262 693 1299 :
730 1245 1009 1316 quoniam
1059 1246 1258 1318 gratiae
1307 1246 1607 1319 plenitudo
1666 1247 1987 1318 adjectione

341 1350 457 1387 non
493 1333 737 1403 indiget,
772 1350 876 1389 nec
911 1334 1030 1389 ulla
1060 1335 1303 1405 requirit
1333 1336 1858 1391 commendationis
1889 1353 1986 1391 au-

339 1428 601 1493 gmenta.
636 1423 681 1457 3°
711 1422 895 1494 Erigit
926 1440 1062 1495 ergo
1094 1425 1358 1480 doctores
1386 1424 1743 1481 conscientia
1774 1442 1899 1494 sua,
1931 1429 1988 1480 et

340 1510 391 1567 si
424 1512 659 1582 quando
691 1511 932 1568 incertis
964 1518 1294 1585 temporum
1346 1514 1581 1569 ﬂatibus
1613 1518 1987 1586 opponuntur

338 1600 639 1655 sustinent
670 1600 980 1672 mala,quaa
1005 1602 1234 1657 saeculis
1258 1602 1444 1675 magis
1475 1607 1614 1658 sunt
1643 1604 1988 1660 ascribenda

340 1705 519 1761 quam
552 1689 793 1745 meritis.
830 1692 872 1725 ³¹
904 1691 1114 1746 Datam
1148 1692 1303 1746 enim
1331 1692 1551 1747 scimus
1582 1696 1803 1747 Satanas
1832 1696 1987 1764 pote-

342 1781 579 1846 statem,
626 1782 691 1833 ut
749 1794 947 1835 servos
1006 1780 1219 1836 Christi
1276 1780 1556 1836 cribraret
1588 1798 1600 1835 :
1633 1786 1698 1836 ut
1728 1782 1881 1852 quod
1914 1782 1985 1835 de

339 1866 538 1923 tritico
570 1867 817 1923 inveniri
848 1868 1294 1940 posset,horreis
1316 1869 1711 1941 ingereretur:
1746 1874 1804 1925 et
1832 1870 1985 1941 quod

340 1957 415 2012 de
445 1956 729 2028 paleis,ad
762 1958 988 2030 ignium
1022 1958 1702 2015 alimentatransiret.Ad
1734 1976 1835 2015 vos
1856 1976 1985 2032 spe-

336 2045 564 2101 cialiter
610 2045 830 2101 dictum
880 2050 969 2102 est
1015 2064 1026 2101 :
1078 2047 1254 2103 Nolite
1303 2046 1497 2104 timere
1540 2049 1779 2119 pusillus
1852 2065 1988 2117 grex

332 2136 473 2207 quia
502 2135 829 2205 complacuit
860 2136 1019 2190 Patri
1047 2144 1218 2191 vestro
1274 2136 1405 2191 dari
1458 2138 1604 2191 vobis
1655 2153 1884 2208 regnum
1916 2139 1983 2192 39.

334 2222 511 2278 Venit
541 2223 692 2278 inter
743 2240 844 2278 vos
900 2224 1136 2295 gladius
1181 2226 1562 2295 perfidorum,
1611 2228 1674 2279 ut
1729 2225 1988 2281 marcida

336 2311 609 2367 Ecclesiae
643 2313 907 2369 membra
928 2318 1298 2381 resecaret,et
1316 2315 1385 2369 ad
1414 2313 1706 2369 cmlestem
1739 2314 1985 2385 gloriam

334 2417 485 2456 sana
506 2402 866 2472 perduceret.
892 2402 1046 2465 Quos
1062 2402 1275 2458 habeat
1305 2402 1571 2457 Christus
1600 2403 1838 2469 milites,
1872 2420 1986 2459 cer-

334 2492 533 2545 tamen
588 2491 847 2546 ostendit
886 2492 1030 2562 :qui
1076 2492 1442 2563 triumphum
1497 2497 1850 2561 mereantur,
1886 2510 1987 2565 per

335 2576 493 2633 bella
522 2584 956 2650 cognoscuntur
985 2580 1049 2632 ³³.
1084 2579 1315 2635 Scimus
1346 2584 1543 2635 autem
1577 2581 1792 2636 multos
1823 2583 1894 2637 ob
1925 2581 1983 2637 id

340 2666 617 2721 infestare
647 2668 932 2734 doctores,
967 2673 1031 2722 ut
1064 2685 1161 2723 eos
1192 2670 1458 2739 perdant,
1493 2673 1551 2724 et
1610 2670 1852 2741 propriae
1884 2687 1981 2725 vo-

338 2754 586 2809 luntatis
613 2754 827 2827 placita
858 2756 1236 2828 adimpleant.
1269 2758 1395 2812 Non
1455 2762 1756 2829 propterea
1786 2764 1982 2814 tamen

337 2844 606 2899 doctores
634 2844 717 2911 (in
741 2850 1027 2917 quantum
1051 2846 1201 2901 vires
1226 2847 1783 2918 suppetunt)arecta
1812 2866 1985 2904 acmu-

338 2929 557 2987 latione
586 2940 641 2987 et
670 2933 1164 2989 bonaintentione
1184 2935 1448 2990 recedere
1478 2936 1981 3003 debent,scientes,

326 3022 472 3093 quia
502 3022 647 3077 beati
677 3024 777 3093 qui
801 3025 1232 3094 persecutionem
1252 3026 1546 3093 patiuntur
1568 3030 1790 3096 propter
1808 3027 1985 3097 justi-

339 3112 482 3166 tiam
510 3111 573 3165 ⁸⁸.
611 3112 655 3146 ³⁵
685 3111 839 3166 Nihil
871 3116 1069 3167 autem
1104 3112 1200 3167 illo
1254 3118 1343 3168 est
1392 3117 1625 3185 pastore
1686 3114 1981 3185 miserius,

2095 534 2295 590 nitatis
2325 551 2606 590 amovere.
2641 534 2707 588 Et
2731 534 2872 605 quid
2904 531 3082 599 aliud,
3116 531 3164 587 si
3203 530 3469 609 Christus
3518 547 3730 603 passus

2093 628 2182 677 est
2238 640 2338 694 pro
2389 622 2576 689 nobis,
2639 622 2806 677 nobis
2874 620 3210 693 relinquens
3258 618 3617 692 exemplum,
3672 624 3729 677 et

2098 711 2345 783 apostoli
2377 710 2533 782 passi
2565 716 2722 775 sunt,
2762 714 3075 781 sequentes
3125 710 3253 781 ejus
3284 708 3638 781 exemplum,
3668 713 3727 765 et

2096 800 2302 871 reliqui
2336 805 2550 871 patres,
2609 799 2723 854 nisi
2772 804 2836 852 ut
2883 815 3201 869 sequamur
3248 802 3369 854 tam
3403 798 3727 853 doctrinam

2094 906 2295 944 eorum
2327 906 2503 960 quam
2534 890 2887 960 exemplum,
2930 893 2987 943 et
3019 888 3313 959 patiamur
3361 888 3603 943 adversa
3628 903 3731 959 pro

2095 978 2343 1044 Christo,
2392 982 2449 1033 et
2499 994 2630 1033 cum
2695 976 2959 1049 patribus
3024 981 3198 1047 atque
3264 992 3399 1031 cum
3453 974 3731 1031 fratribus

2096 1082 2325 1121 crucem
2360 1071 2680 1138 portemus,
2714 1082 3033 1137 eorumque
3061 1063 3538 1120 tribulationibus
3568 1080 3732 1119 com-

2096 1155 2407 1227 patiamur,
2469 1159 2533 1210 ut
2588 1154 2801 1209 Christi
2847 1153 2966 1209 veri
3010 1151 3281 1225 discipuli
3342 1151 3731 1219 inveniamur,

2096 1246 2195 1315 qui
2227 1244 2371 1299 dixit
2404 1262 2415 1300 :
2454 1244 2557 1311 Qui
2585 1244 2700 1299 vult
2724 1250 2844 1315 post
2872 1259 2958 1297 me
2984 1244 3189 1307 venire,
3248 1241 3488 1313 abneget
3540 1246 3730 1295 semet-

2094 1335 2295 1405 ipsum,
2328 1342 2379 1388 et
2408 1334 2563 1389 tollat
2617 1349 2838 1388 crucem
2894 1349 3071 1398 suam,
3128 1339 3180 1387 et
3231 1338 3489 1402 sequatur
3544 1346 3632 1384 me
3685 1328 3733 1363 ‘0

2094 1425 2151 1476 et
2198 1422 2477 1493 reliqua?
2540 1424 2582 1457 ιι
2648 1421 3033 1492 Prassumptio
3080 1424 3188 1484 est,
3248 1420 3298 1474 si
3354 1418 3727 1475 dominorum

2093 1511 2372 1566 beneficia
2403 1512 2605 1567 famuli
2639 1529 2753 1567 non
2794 1515 3132 1583 sequantur.
3185 1508 3545 1581 Obsequium
3596 1522 3731 1579 ergo

2094 1600 2502 1655 aestimandum
2536 1606 2698 1673 puto,
2732 1600 2885 1673 quod
2916 1600 3214 1671 pariturus
3258 1597 3552 1670 impendo.
3586 1595 3735 1660 Quid

2093 1692 2183 1743 est
2213 1689 2389 1757 enim,
2417 1690 2569 1761 quod
2586 1688 2716 1761 plus
2745 1689 3000 1744 creditur
3023 1688 3127 1743 ﬁlii
3148 1685 3493 1743 vocabulum
3514 1684 3731 1755 valere,

2096 1792 2273 1847 quam
2305 1777 2678 1849 obsequium,
2712 1781 2769 1833 et
2800 1794 2913 1832 non
2944 1776 3244 1847 quaeritur,
3262 1774 3404 1846 quid
3434 1774 3493 1829 in
3516 1772 3735 1829 amoris

2099 1864 2263 1919 lance
2294 1882 2656 1937 promoveas,
2689 1866 2789 1922 sed
2822 1864 2991 1937 quale
3021 1865 3092 1921 ad
3140 1863 3549 1937 praejudicium
3580 1861 3735 1917 aesti-

2098 1954 2283 2008 manti
2315 1970 2524 2011 nomen
2556 1970 2977 2027 apponas,cum
3003 1954 3159 2026 apud
3180 1954 3496 2025 prudentes
3517 1951 3735 2005 frustra

2097 2042 2357 2098 sobolem
2417 2043 2668 2098 dicimus
2703 2085 2716 2108 ,
2778 2041 2890 2097 nisi
2931 2041 3197 2097 exhibeat
3228 2042 3383 2112 quod
3440 2042 3678 2096 vocatur
3706 2038 3734 2092 ?

2096 2132 2214 2203 Ego
2245 2148 2378 2188 vero
2409 2132 2542 2187 nolo
2574 2148 2765 2187 errore
2795 2147 2924 2186 meo
2956 2130 3177 2187 alienas
3216 2128 3419 2202 culpas
3452 2143 3731 2195 asserere,

2097 2226 2163 2275 ut
2212 2222 2451 2287 factum,
2505 2222 2659 2292 quod
2718 2220 2882 2276 doleo
2930 2221 2996 2285 ‘9,
3045 2218 3354 2275 admisisse
3402 2218 3730 2275 convincar.

2097 2311 2287 2377 Odisti,
2347 2311 2541 2382 inquit
2599 2310 2878 2365 Dominus
2960 2326 3062 2382 per
3116 2308 3487 2381 Prophetam,
3552 2324 3734 2365 omnes

2096 2409 2384 2471 operantes
2415 2402 2790 2473 iniquitatem,
2820 2400 3007 2466 perdes
3057 2400 3330 2470 loquentes
3385 2399 3732 2455 mendacium

2102 2492 2289 2545 Virum
2317 2492 2651 2560 sanguinum
2679 2497 2731 2545 et
2753 2489 2999 2545 dolosum
3030 2488 3443 2544 abominabitur
3470 2489 3733 2544 Dominus

2094 2594 2191 2647 ego
2220 2586 2405 2633 autem
2437 2580 2494 2633 in
2524 2577 2884 2633 multitudine
2908 2576 3302 2632 misericordiae
3334 2585 3447 2633 tua?
3496 2576 3733 2634 introibo

2097 2669 2155 2721 in
2186 2668 2400 2723 domum
2434 2675 2604 2735 tuam,
2637 2666 2975 2738 adoraboque
3006 2668 3065 2720 in
3095 2666 3291 2738 templo
3337 2675 3526 2723 sancto
3556 2674 3646 2722 tuo
3672 2667 3734 2721 in

2095 2758 2291 2811 timore
2317 2759 2429 2810 tuo.
2465 2758 2707 2821 Domine,
2739 2756 2912 2811 deduc
2940 2771 3025 2809 me
3054 2757 3115 2809 in
3135 2756 3361 2825 justitia
3390 2762 3483 2810 tua
3506 2763 3734 2827 propter

2096 2844 2346 2899 inimicos
2378 2860 2539 2910 meos,
2571 2846 2754 2915 dirige
2784 2853 2913 2899 ante
2940 2845 3142 2914 [aciem
3168 2859 3353 2897 meam
3384 2843 3528 2898 viam
3558 2846 3732 2898 tuam.

2095 2934 2211 2989 Non
2237 2942 2314 2989 est
2340 2935 2488 2989 enim
2520 2936 2578 2987 in
2602 2949 2697 2989 ore
2717 2949 2905 2989 eorum
2946 2940 3152 2987 rectum
3181 2932 3521 3002 ‘3,interiora
3549 2947 3740 2987 eorum

2095 3022 2336 3079 insidia}.
2385 3023 2703 3093 Sepulcrum
2758 3026 2947 3092 patens
2998 3023 3188 3092 guttur
3212 3014 3421 3091 eorum,
3484 3020 3741 3092 linguam

2093 3127 2251 3166 suam
2282 3112 2583 3181 leniﬁcant.
2619 3111 2927 3167 Condemna
2955 3126 3063 3181 eos,
3094 3111 3257 3180 Deus,
3278 3109 3528 3166 decidant
3554 3128 3589 3165 a
3615 3126 3741 3166 con-

336 3198 445 3271 qui
478 3198 750 3271 luporum
778 3198 1054 3255 laudibus
1084 3200 1388 3271 gloriatur.
1422 3201 1645 3265 Quibus
1675 3202 1724 3257 si
1755 3203 1982 3274 placere
2012 3190 2056 3253 C
2094 3202 2239 3255 siliis
2268 3201 2382 3255 suis
2411 3218 2429 3254 :
2453 3200 2622 3271 juxta
2649 3199 3075 3255 multitudinem
3104 3201 3367 3257 scelerum
3414 3214 3601 3255 eorum
3638 3215 3735 3256 ea:-

335 3286 566 3355 volerit,
617 3292 793 3359 atque
852 3289 922 3343 ab
980 3288 1075 3343 his
1135 3290 1318 3344 amari
1376 3288 1675 3362 delegerit,
1708 3290 1817 3347 erit
1848 3291 1985 3347 hinc

334 3376 547 3432 ovibus
578 3393 793 3449 magna
839 3378 1149 3449 pernicies.
1200 3377 1411 3433 Nullus
1460 3395 1595 3450 ergo
1654 3384 1979 3451 pastorum,

328 3465 560 3537 placere
591 3466 747 3539 lupis
795 3470 851 3521 et
899 3467 1175 3539 gregibus
1224 3466 1417 3522 ovium
1468 3471 1677 3539 potest.
1712 3468 1756 3501 ³⁵
1787 3469 1983 3523 Perdit

324 3554 485 3609 enim
511 3554 727 3611 laboris
762 3555 1105 3611 memoriam
1131 3572 1295 3611 mens
1314 3556 1561 3611 terrenis
1580 3556 1835 3628 obligata
1855 3574 1980 3613 car-

327 3644 585 3699 ceribus.
620 3645 662 3678 ³⁷
695 3644 855 3699 Sicut
885 3645 1099 3699 artium
1136 3644 1192 3699 in
1226 3662 1334 3700 suo
1362 3661 1594 3716 quoque
1625 3661 1797 3716 opere
1830 3646 1981 3701 inve-

328 3732 495 3786 nitur
524 3737 711 3787 mater
742 3732 1043 3799 instantia,
1076 3734 1156 3787 ita
1212 3750 1453 3789 noverca
1512 3734 1857 3789 eruditionis
1889 3739 1979 3789 est

328 3819 707 3892 negligentia.
742 3821 952 3879 Nullus
984 3838 1120 3893 ergo
1152 3822 1553 3893 prasjudicium
1581 3822 1747 3877 alteri
1778 3822 1974 3889 faciat,

330 3924 523 3979 neque
562 3910 718 3981 quod
771 3910 883 3966 sibi
939 3910 1061 3965 fieri
1112 3927 1225 3965 non
1273 3910 1416 3977 vult,
1468 3914 1746 3966 exerceat.
1796 3912 1975 3967 Nemo

330 3996 553 4053 dictum
587 3998 657 4053 de
690 3998 885 4071 aliquo
918 3999 1243 4067 inveniat,38
1273 4001 1429 4071 quod
1460 4001 1518 4055 in
1562 4001 1689 4071 ejus
1746 3999 1975 4056 actibus

326 4101 443 4140 non
478 4090 777 4159 agnoscat.
811 4087 928 4159 Ego
960 4090 1154 4141 autem
1188 4086 1593 4143 labefactatam
1635 4105 1750 4143 non
1779 4089 1973 4145 solum

325 4174 588 4245 quietem
618 4176 951 4240 meam,sed
984 4179 1040 4230 et
1070 4175 1725 4247 salutem,inimicorum
1757 4178 1974 4234 valetu-

324 4262 461 4318 dine
484 4268 540 4319 et
572 4280 873 4320 rumorum
906 4264 1177 4337 procellis
1211 4282 1486 4339 agnosco.
1520 4269 1730 4324 Potens
1758 4272 1846 4325 est
1875 4268 1970 4324 Di-

2088 3291 2233 3362 pelle
2261 3306 2367 3357 eos,
2426 3292 2684 3362 quoniam
2736 3295 3160 3361 prouocauerunt
3214 3294 3285 3347 te.
3353 3291 3419 3344 Et
3476 3289 3736 3347 laetentur

2092 3395 2274 3435 omnes
2306 3380 2403 3449 qui
2430 3387 2650 3451 sperant
2680 3380 2739 3433 in
2768 3384 2842 3445 te,
2878 3382 2935 3433 in
2984 3383 3257 3436 wternum
3312 3378 3632 3434 laudabunt.
3664 3384 3735 3435 Et

2087 3470 2309 3537 protege
2339 3483 2446 3537 eos,
2476 3475 2528 3523 et
2558 3468 2902 3523 laetabuntur
2932 3470 2987 3522 in
3012 3476 3083 3533 te,
3116 3469 3213 3538 qui
3266 3466 3508 3535 diligunt
3534 3482 3733 3521 nomen

2094 3557 2536 3625 tuum,quoniam
2568 3559 2628 3609 tu
2660 3556 2947 3612 benedices
2967 3557 3138 3627 justo.
3162 3558 3477 3623 Domine,ut
3504 3558 3662 3611 hasta
3690 3558 3735 3589 “

2086 3645 2498 3714 placabititutis
2536 3646 2819 3701 coronabis
2866 3661 2988 3699 eum
3036 3645 3098 3698 ⁸⁵.
3132 3645 3249 3700 Deo
3298 3645 3455 3701 enim
3504 3643 3732 3700 sacrifi-

2087 3738 2284 3788 cantes
2313 3734 2583 3804 pertecte,
2612 3750 2725 3787 non
2756 3733 2969 3787 debent
2988 3733 3199 3801 vexari,
3259 3734 3360 3789 sed
3419 3732 3637 3805 portari
3666 3734 3730 3800 ⁸⁸,

2086 3821 2397 3891 consolari,
2432 3826 2609 3892 atque
2639 3822 2710 3876 ab
2741 3822 3017 3877 omnibus
3048 3814 3331 3877 venerari.

2875 3992 2941 4046 ΙΙ.

2159 4116 2220 4171 Ut
2245 4116 2528 4186 episcopus
2562 4116 2667 4170 Deo
2696 4116 3017 4185 sacriﬁcans
3046 4121 3198 4171 testes
3225 4131 3405 4171 secum
3435 4116 3657 4173 habeat.

2157 4267 2270 4339 Ipsi
2303 4270 2519 4337 autem,
2553 4267 2784 4339 quando
2815 4266 3058 4321 Domino
3109 4266 3443 4324 sacrificant
3472 4269 3569 4343 (6),
3616 4286 3731 4326 non

392 4496 439 4570 '7
472 4494 609 4570 Luc.
643 4496 769 4550 cod.
805 4496 1013 4570 inserit
1041 4495 1135 4551 hic
1166 4496 1322 4570 hunc
1354 4497 1593 4552 titulum
1628 4513 1639 4551 :
1672 4500 1805 4553 Item
1836 4499 1903 4553 de
1929 4514 1995 4555 ea
2027 4515 2085 4554 re
2113 4499 2402 4555 Anacletus
2434 4500 2496 4554 in
2522 4499 2710 4569 prima
2736 4498 2971 4570 epistola
3000 4501 3086 4554 ita
3116 4500 3197 4553 ait
3232 4515 3243 4554 :
3275 4500 3357 4567 Si,
3389 4503 3497 4554 etc.
3580 4500 3622 4541 ἐ
3652 4516 3729 4569 vr,

320 4582 379 4641 q.
416 4568 465 4620 1.
500 4566 562 4621 Si
590 4569 776 4623 omnia
805 4570 888 4641 in,
976 4569 1022 4641 3°
1052 4568 1351 4641 Ennodius
1381 4586 1441 4637 ιι,
1475 4571 1564 4633 22,
1594 4573 1649 4623 et
1679 4570 1818 4624 dict.
1850 4573 1903 4623 9.
1941 4572 2006 4625 Et
2034 4570 2127 4625 hic
2150 4571 2304 4625 enim
2338 4566 2629 4641 incipiunt
2650 4566 2970 4624 Enn'odiani
2995 4574 3271 4641 centones
3303 4571 3525 4641 fraudis
3556 4566 3733 4641 atque

319 4637 660 4708 imposturaa
693 4638 1162 4694 manifestissimi
1193 4639 1434 4695 indices.

320 4710 364 4745 ³1
401 4710 543 4764 Enn.
580 4727 642 4776 II,
674 4712 758 4765 14.
848 4711 891 4746 ³³
921 4715 1058 4765 Luc.
1103 4728 1206 4777 xu,
1233 4714 1321 4765 32.

320 4781 408 4835 43.
444 4780 659 4837 Scimus
687 4789 866 4837 autem
893 4783 1111 4837 multos.

312 4938 391 4989 Ix,
424 4925 512 4979 23.

1526 4641 1570 4679 3°
1596 4641 1825 4723 Erigeth
1854 4657 1984 4723 ergo
2036 4642 2281 4723 doctores
2322 4640 2924 4723 conscientiamsuam
2950 4658 2971 4723 ί
3001 4640 3089 4696 vel
3123 4643 3246 4696 Erit
3275 4656 3420 4723 ergo
3472 4640 3729 4723 dqctoris.

1196 4714 1321 4777 .32.
1409 4712 1453 4745 ³³
1480 4715 1849 4784 cognoscitur,
1895 4713 2069 4768 habet
2113 4713 2291 4769 editio
2322 4713 2569 4767 Ennodii
2621 4730 2653 4766 a
2696 4712 3006 4793 Sirmondo
3058 4711 3437 4782 accurata,'p.
3469 4711 3559 4781 58,
3587 4712 3724 4767 dist.

1196 4783 1240 4821 3‘
1279 4783 1481 4839 Matth.
1517 4801 1569 4839 v.
1610 4785 1690 4837 10.
1782 4784 1826 4818 ³⁵
1874 4784 2018 4839 Dist.
2072 4786 2157 4838 38.
2214 4785 2369 4839 Nihil
2417 4783 2536 4838 illo.
2623 4784 2667 4817 3“
2708 4784 2856 4839 Enn.
2905 4784 3042 4837 dict.
3096 4785 3148 4837 8.
3236 4786 3277 4817 ³⁷
3327 4783 3481 4838 Idem
3532 4786 3591 4838 et
3644 4785 3724 4839 11.

312 4850 359 4887 ³³
391 4852 540 4937 Epp.
573 4871 646 4918 IV,
677 4854 717 4937 ἓ
744 4856 800 4907 et
828 4854 919 4907 24.
1073 4855 1358 4937 immensae
1385 4829 1834 4937 tempegtatisnita
1856 4871 1978 4937 me.
2009 4860 2067 4910 et
2094 4855 2387 4937 Sirmondi
2421 4854 2620 4937 editio,
2655 4871 2711 4925 p.
2748 4856 2868 4909 126.
2920 4856 2999 4937 nf"
3036 4854 3261 4937 Matth...
3294 4872 3401 4937 25w,

599 4930 642 4997 ξι
679 4925 822 4978 Enn.
857 4941 921 4997 ex
954 4923 1197 4997 libriiv.
1230 4927 1284 4993 4,
1319 4928 1373 4989 8,
1411 4923 1503 4995 19,
1535 4925 1818 4997 epistolis.
1851 4926 2010 4981 Obiit
2040 4944 2169 4981 vero
2200 4926 2526 4981 Ticinensis
2561 4923 2778 4996 ille—ep.
2814 4926 3048 4981 an.Chr.
3081 4925 3441 4995 521,Valerio
3462 4925 3722 4981 consule.

2623 4784 2667 4817 3“
2708 4784 2856 4839 Enn.
2905 4784 3042 4837 dict.
3096 4785 3148 4837 8.
3236 4786 3277 4817 ³⁷
3327 4783 3481 4838 Idem
3532 4786 3591 4838 et
3644 4785 3726 4839 Ῑ1ο

2655 4871 2711 4925 p.
2748 4856 2868 4909 126.
2954 4856 2999 4889 ‘0
3036 4854 3238 4908 Matth.
3294 4872 3407 4921 xvr,
3439 4854 3509 4907 24
3543 4872 3555 4921 ;
3589 4854 3725 4910 Luc.

311 4994 357 5029 ⁴²
388 4999 459 5076 με,
480 4996 621 5067 quod
647 4996 1071 5080 [actum-doleo,
1096 4994 1488 5080 habet_editio
1510 4994 1828 5080 Sirmondi,
1865 5016 1917 5080 p.
1958 4998 2081 5080 122,
2114 5002 2287 5080 atque
2320 4998 2440 5080 hinc
2472 4998 2557 5080 vel
2590 4994 2812 5080 sola—ex
2843 4997 3105 5080 Ennodio
3135 4994 3291 5080 furta
3336 4998 3727 5080 impostqram

310 5067 765 5141 cuivisgcordato
798 5067 1098 5141 detegunt.
1176 5070 1231 5141 “3
1263 5069 1341 5124 Ex
1370 5085 1519 5124 vers.
1555 5067 1888 5140 Hieronymi
1920 5069 2019 5141 qui
2053 5067 2643 5141 posteriorrAnacleto
2669 5069 2941 5124 trecentis
2971 5068 3160 5124 annis.
3225 5070 3269 5104 “
3298 5067 3467 5126 scuto.
3501 5070 3544 5105 ‘3
3576 5067 3727 5124 Psal.

311 5153 366 5205 v,
398 5138 555 5194 7-13.
639 5138 683 5172 ⁴⁶
712 5140 898 5203 Quam
930 5138 1147 5195 absunt
1176 5138 1295 5194 haec
1326 5157 1359 5195 a
1389 5138 1851 5211 praecedentibus
1884 5138 2133 5197 Ennodii
2166 5140 2395 5197 laciniis
2425 5141 2436 5194 l

378 5368 453 5436 (6)
484 5369 596 5439 Ipsi
623 5376 831 5445 autem,
864 5370 1084 5445 quando
1114 5373 1348 5445 Domino
1372 5374 1947 5445 sacriﬁcant.Contir-

306 5444 503 5516 matur
529 5440 849 5516 apostolica
872 5440 1375 5516 constitutioista,
1428 5440 1543 5515 qua
1594 5445 1947 5516 prmcipitur,

307 5515 371 5566 ut
402 5511 658 5584 episCOpi
691 5511 1143 5584 solemnioribus
1177 5514 1386 5570 diebus
1434 5511 1567 5571 cum
1594 5511 1949 5571 'ministerio

306 5582 631 5639 multorum
663 5582 831 5640 altari
870 5585 1192 5641 astantium
1248 5590 1305 5640 et
1357 5586 1798 5644 inservientium
1857 5604 1949 5643 so-

300 5652 494 5712 lemne
526 5654 881 5715 sacrificium
928 5656 1044 5715 Deo
1093 5657 1359 5727 offerant,
1412 5659 1643 5732 ipsique
1693 5658 1950 5717 ministri

2061 5390 2266 5429 omnes
2297 5378 2431 5445 post
2471 5372 2803 5445 absolutum
2857 5372 3215 5431 sacrificium
3266 5370 3723 5445 communicent,

2062 5446 2174 5500 nisi
2208 5462 2273 5500 ex
2300 5443 2597 5499 rationali
2642 5448 2700 5498 et
2739 5446 2905 5511 justa
2953 5461 3128 5499 causa
3176 5446 3543 5499 exeusentur.
3576 5443 3723 5498 Vide

2096 5516 2470 5643 gmldicimus
2504 5516 2561 5570 in
2599 5515 2752 5571 notis
2785 5517 2853 5571 ad
2887 5531 3136 5571 canones
3178 5514 3572 5587 apostolorum
3601 5516 3637 5571 9
3666 5519 3722 5570 et

2138 5632 2147 5643 .
2212 5605 2262 5642 ι).

2138 5632 2147 5644 .
2184 5605 2262 5643 lD.
