4038 6210
359 323 476 393 795

1730 324 2119 392 ANACLETI
2163 328 2392 393 PAPIE

3629 330 3733 395 796

363 462 474 519 soli
506 461 616 520 hoc
649 477 818 535 agere
849 457 1083 530 debent,
1099 461 1200 518 sed
1231 464 1408 519 testes
1436 477 1634 518 secum
1664 462 2002 531 adhibeant,
2031 463 2088 529 Α
2116 463 2355 519 adventu
2383 465 2520 537 ejus.
2553 462 2613 521 Si
2659 467 2809 522 scitis
2865 467 3127 538 quoniam
3173 466 3359 538 justus
3411 469 3509 538 est,
3566 467 3743 524 scitote

362 557 430 610 ut
461 552 705 609 Domino
723 551 972 623 perfecte
995 551 1054 606 in
1086 553 1331 608 sacratis
1361 552 1475 608 Deo
1506 553 1833 608 sacrificare
1861 551 2006 608 locis

365 643 705 714 probentur.
738 639 837 695 Ait
867 657 1122 712 namque
1182 641 1495 696 auctoritas
1554 640 1701 714 legis
1749 641 1953 695 divinis
1989 658 2001 696 :

374 731 503 788 Vide
528 747 596 786 ne
624 731 824 804 offeras
864 730 1176 786 holocausta
1206 739 1302 786 tua
1357 732 1420 785 in
1475 732 1625 786 omni
1681 731 1793 786 loco
1849 745 2008 800 quem

362 819 690 886 videris,sed
721 821 785 874 in
807 820 918 874 loco
931 835 1091 890 quem
1113 820 1346 892 elegerit
1357 819 1619 874 Dominus
1639 823 1786 872 Deus
1809 819 2002 872 tuus”.

371 910 416 945 "
448 909 770 981 Episcopus
804 914 916 963 Deo
947 908 1304 975 sacrificans,
1338 913 1520 962 testes
1578 910 1667 978 (ut
1706 908 2006 979 prazlixum

377 998 484 1070 est)
517 1013 716 1054 secum
747 997 980 1063 habeat,
1011 1001 1068 1051 et
1095 996 1292 1068 plures
1323 1013 1498 1066 quam
1531 996 1684 1050 alius
1715 997 2004 1052 sacerdos.

365 1087 530 1143 Sicut
551 1087 708 1142 enim
735 1085 973 1157 majoris
991 1085 1229 1141 honoris
1251 1087 1435 1156 gradu
1466 1085 1790 1154 fruitur,sic
1824 1087 2011 1155 major

371 1175 452 1232 ris
482 1176 804 1232 testimonii
835 1176 1191 1231 incremento
1223 1174 1532 1246 indiget.ln
1558 1175 2009 1230 solemnioribus

367 1265 586 1338 quippe
618 1264 845 1333 diebus,
878 1269 978 1318 aut
1007 1268 1252 1335 septem,
1295 1270 1397 1318 aut
1448 1263 1726 1335 quinque,
1761 1270 1860 1318 aut
1893 1270 2010 1318 tres

369 1355 666 1418 diaconos,
700 1354 800 1426 qui
831 1354 957 1424 ejus
989 1352 1136 1408 oculi
1169 1353 1463 1422 dicuntur,
1505 1359 1562 1407 et
1619 1353 2008 1409 subdiaconos

370 1447 545 1514 atque
585 1441 842 1514 reliquos
873 1442 1174 1498 ministros
1203 1459 1400 1497 secum
1434 1442 1662 1508 habeat,
1697 1443 1794 1514 qui
1828 1444 2012 1498 sacris

376 1529 568 1587 induti
599 1531 984 1596 vestimentis,
1017 1531 1076 1585 in
1110 1532 1296 1586 fronte
1330 1536 1384 1585 et
1411 1548 1443 1585 a
1474 1536 1655 1602 tergo,
1689 1536 1746 1585 et
1774 1533 2011 1603 presby-

370 1621 478 1676 teri
508 1637 539 1676 e
571 1620 805 1693 regione
835 1621 1037 1676 dextra
1058 1619 1592 1690 laevaque,contrito
1623 1620 1793 1675 corde
1824 1626 1880 1675 et
1910 1620 2014 1675 hu-

373 1709 598 1765 miliato
629 1709 858 1781 spiritu,
892 1726 956 1764 ac
988 1725 1167 1780 prono
1199 1713 1354 1764 stent
1401 1709 1586 1775 vultu,
1619 1709 2014 1766 custodientes

370 1815 507 1855 eum
537 1817 571 1854 a
593 1797 895 1854 malevolis
919 1797 1337 1868 hominibus,et
1353 1814 1705 1854 consensum
1728 1801 1854 1868 ejus
1877 1817 2015 1870 praz-
2046 1833 2094 1896 B

371 1889 548 1944 beant
568 1888 1116 1943 sacriﬁcio.Peracta
1134 1902 1326 1942 autem
1351 1888 2014 1951 consecratione,omnes

377 1977 831 2042 communicent,
873 1977 971 2047 qui
1024 1975 1320 2031 noluerint
1368 1976 1780 2032 ecclesiasticis
1823 1995 2017 2032 carere

375 2064 703 2121 liminibus.
735 2066 826 2119 Sic
865 2065 1018 2120 enim
1061 2069 1118 2119 et
1165 2065 1407 2136 apostoli
1460 2070 1790 2120 statuerunt
1821 2067 1919 2136 (7),
1961 2072 2018 2122 et

377 2159 582 2210 sancta
614 2155 876 2210 Romana
904 2159 1062 2208 tenet
1093 2153 1363 2209 Ecclesia.
1397 2155 1620 2220 Servite,
1680 2155 1873 2226 inquit
1903 2157 2018 2212 Do-

375 2245 573 2300 minus
601 2260 704 2316 per
732 2242 1074 2315 prophetam
1108 2243 1306 2313 David,
1341 2245 1397 2297 in
1457 2245 1672 2309 timore,
1735 2248 1786 2299 et
1834 2247 2020 2300 exsul-

378 2337 495 2389 tate
524 2335 581 2389 ei
608 2349 735 2388 cum
763 2335 1015 2388 tremore.
1050 2333 1094 2367 ‘9
1117 2331 1353 2387 Adorate
1379 2348 1616 2402 pure,ne
1638 2334 1782 2403 forte
1813 2335 2018 2390 irasca-

375 2427 469 2479 tur
505 2431 556 2479 et
583 2423 825 2492 pereatis
855 2421 919 2475 de
973 2422 1078 2475 via.
1138 2421 1182 2455 ⁵ο
1219 2419 1318 2476 Ille
1357 2420 1512 2474 enim
1572 2438 1686 2476 non
1742 2424 1891 2493 perit
1950 2425 2021 2479 de

374 2510 597 2582 via,qui
626 2514 780 2566 recte
807 2509 1096 2582 graditur;
1128 2513 1185 2564 ot
1219 2513 1504 2580 praecepta
1549 2512 1804 2566 custodit
1834 2513 2018 2582 majo-

377 2617 531 2656 rum.

453 2687 658 2745 Doceri
688 2703 824 2760 ergo
855 2703 1058 2742 omnes
1088 2691 1335 2758 oportet,
1370 2687 1468 2759 qui
1501 2687 1728 2742 Domini
1762 2691 2024 2744 sacerdo-

380 2777 461 2833 tio
493 2777 839 2848 funguntur,
872 2780 936 2830 ut
965 2779 1020 2830 et
1049 2776 1599 2831 caeterosinstruant
1626 2783 1683 2831 et
1711 2777 1821 2832 sibi
1855 2779 2025 2849 proﬁ-

357 2866 562 2923 xciant.
595 2865 892 2936 Scriptum
925 2869 1014 2918 est
1039 2869 1234 2918 autem
1261 2881 1278 2918 :
1312 2863 1416 2931 Qui
1471 2865 1614 2919 docti
1657 2868 1886 2936 fuerint,
1917 2867 2026 2938 ful-

381 2955 581 3026 gebunt
611 2953 769 3024 quasi
796 2953 1054 3024 splendor
1099 2955 1438 3022 ﬁrmamenti
1463 2972 1480 3008 :
1511 2963 1562 3008 et
1616 2957 1710 3024 qui
1765 2955 1834 3009 ad
1854 2957 2022 3025 justi-

386 3045 520 3100 tiam
578 3041 840 3098 erudiunt
884 3044 1104 3112 multos,
1169 3044 1331 3114 quasi
1387 3043 1559 3097 stella:
1615 3045 1673 3097 in
1737 3049 2026 3116 perpetuas

382 3135 720 3191 aeternitates
749 3132 811 3184 δι.
842 3131 908 3185 Et
932 3130 1070 3186 alibi
1105 3149 1116 3186 :
1152 3133 1393 3202 Populus
1421 3138 1608 3186 autem
1654 3136 1830 3188 sciens
1860 3136 2026 3189 Deum

2115 555 2376 624 quoniam
2403 562 2454 609 et
2480 555 2656 610 omnis
2685 557 2781 627 qui
2807 558 2945 626 facit
2977 558 3292 628 justitiam,
3321 572 3392 612 ea:
3439 557 3552 628 ipso
3589 561 3740 614 natus

2114 651 2195 697 est
2225 644 2287 696 ⁵⁸.
2325 642 2499 699 Videte
2527 645 2747 715 qualem
2793 647 3117 700 charitatem
3160 645 3316 701 dedit
3370 647 3528 700 nobis
3572 647 3737 716 Pater,

2116 739 2176 785 ut
2206 732 2316 798 ﬁlii
2344 734 2454 787 Dei
2479 736 2830 788 nominemur
2855 742 2907 789 et
2935 737 3370 805 simus.Propter
3399 734 3498 789 hoc
3522 735 3736 788 mundus

2115 836 2222 875 non
2254 824 2408 876 novit
2433 839 2549 892 nos,
2581 824 2712 894 quia
2739 840 2847 880 non
2875 825 3025 880 novit
3052 840 3198 878 eum.
3235 823 3584 892 Charissimi,
3612 841 3742 877 nunc

2117 908 2232 977 ﬁlii
2256 911 2354 966 Dei
2375 927 2588 982 sumus,
2619 917 2668 967 et
2698 914 2952 969 nondum
2977 915 3238 985 apparuit
3259 913 3394 982 quid
3423 913 3744 967 erimus.Sci-

2118 1015 2238 1052 mus
2279 1002 2540 1071 quoniam
2585 1019 2710 1057 cum
2757 1004 3100 1074 apparuerit,
3148 1002 3366 1058 similes
3439 1003 3494 1056 ei
3535 1003 3742 1070 erimus,

2119 1090 2379 1158 quoniam
2410 1090 2710 1146 videbimus
2735 1108 2855 1147 eum
2885 1093 3048 1146 sicuti
3075 1094 3172 1146 est.
3207 1093 3272 1145 Et
3304 1093 3482 1145 omnis
3536 1093 3627 1161 qui
3653 1091 3741 1144 ha-

2121 1175 2206 1231 bet
2232 1194 2381 1248 spem
2411 1179 2552 1234 hanc
2582 1182 2641 1234 in
2674 1166 3065 1250 eo,sanctificat
3089 1182 3313 1248 se,sicut
3342 1184 3398 1234 et
3429 1179 3525 1233 ille
3550 1184 3744 1234 sanctus

2119 1272 2212 1319 est.
2245 1267 2431 1321 Omnis
2461 1270 2557 1337 qui
2581 1271 2719 1338 facit
2749 1279 3049 1340 peccatum,
3081 1277 3135 1324 et
3175 1269 3534 1340 iniquitatem
3559 1270 3746 1337 facit,et

2117 1363 2396 1422 peccatum
2419 1363 2494 1410 est
2525 1357 2882 1428 iniquitas.Et
2911 1359 3063 1412 scitis
3093 1357 3229 1428 quia
3258 1354 3366 1410 ille
3403 1358 3670 1427 apparuit:
3693 1363 3745 1412 ut

2118 1449 2337 1515 peccata
2370 1445 2665 1512 tolleret,et
2692 1454 2980 1517 peccatum
3010 1446 3071 1501 in
3099 1461 3162 1501 eo
3191 1461 3307 1501 non
3336 1452 3438 1500 est.
3466 1444 3643 1499 Omnis
3660 1447 3745 1514 qui

2125 1537 2183 1589 in
2208 1549 2270 1590 eo
2300 1543 2618 1601 manet,non
2646 1543 2830 1606 peccat
2853 1550 2867 1589 :
2887 1541 2940 1590 et
2968 1536 3146 1591 omnis
3167 1535 3266 1605 qui
3286 1542 3601 1606 peccat,non
3619 1535 3745 1589 vidit

2121 1637 2272 1688 cum,
2303 1638 2403 1676 nec
2430 1623 2677 1690 cognovit
2706 1624 3225 1692 eam.Filioli,nemo
3257 1637 3360 1677 vos
3397 1621 3636 1676 seducat.
3657 1623 3748 1689 Qui

2122 1716 2256 1785 facit
2273 1712 2579 1779 justitiam,
2598 1716 2793 1783 justus
2845 1720 2944 1781 est,
2984 1714 3126 1766 sicut
3177 1714 3230 1766 et
3289 1709 3390 1764 ille
3436 1711 3614 1780 justus
3663 1714 3745 1766 est.

2127 1803 2233 1869 Qui
2259 1803 2392 1872 facit
2415 1808 2710 1871 peccatum,
2743 1818 2812 1856 ea:
2839 1801 3057 1857 diabolo
3083 1804 3181 1867 est,
3205 1800 3473 1870 quoniam
3506 1800 3574 1854 ab
3604 1801 3747 1854 initia

2125 1891 2374 1944 diabolus
2404 1895 2606 1960 peccat.
2640 1892 2698 1944 In
2755 1891 2854 1945 hoc
2881 1892 3141 1961 apparuit
3170 1891 3350 1945 Mlius
3387 1889 3504 1959 Dei,
3536 1892 3593 1942 ut
3645 1887 3742 1942 dis-

2126 1980 2298 2034 solvat
2327 1995 2489 2050 opera
2517 1978 2743 2033 diaboli.
2781 1978 2968 2033 Omnis
3013 1980 3110 2050 qui
3154 1982 3323 2033 natus
3382 1987 3463 2034 est
3513 1993 3580 2031 ex
3637 1978 3742 2042 Deo,

2125 2070 2404 2138 peccatum
2446 2084 2555 2122 non
2601 2069 2738 2136 facit
2766 2084 2784 2120 :
2819 2083 3080 2137 quoniam
3141 2083 3331 2122 semen
3382 2068 3552 2138 ipsius
3609 2069 3662 2119 in
3700 2081 3750 2120 eo

2126 2161 2328 2225 manet,
2362 2161 2415 2210 et
2447 2173 2552 2211 non
2583 2165 2756 2226 potest
2783 2172 3028 2226 peccare,
3061 2159 3326 2227 quoniam
3357 2173 3428 2210 ea:
3477 2157 3576 2210 Deo
3611 2161 3749 2208 natus

2128 2247 2224 2298 est.
2254 2247 2316 2299 In
2357 2245 2453 2299 hoc
2498 2246 2782 2314 manifesti
2824 2254 2954 2300 sunt
2999 2247 3110 2315 filii
3156 2245 3252 2300 Dei
3299 2249 3351 2300 et
3399 2244 3507 2314 ﬁlii
3546 2243 3746 2297 diaboli.

2131 2334 2323 2389 Omnis
2350 2335 2447 2403 qui
2473 2348 2580 2386 non
2613 2338 2691 2387 est
2710 2335 2913 2404 justus,
2947 2350 3057 2389 non
3086 2343 3162 2389 est
3190 2334 3260 2389 ex
3290 2335 3419 2400 Deo,
3470 2341 3521 2388 et
3549 2333 3638 2402 qui
3655 2347 3746 2386 non

2127 2422 2310 2490 diligit
2335 2424 2566 2492 fratrem
2593 2438 2758 2476 suum
2790 2440 2808 2476 :
2838 2423 3108 2492 quoniam
3143 2424 3258 2477 hac
3287 2430 3366 2477 est
3421 2421 3746 2475 annuntiatio

2129 2528 2295 2582 quam
2332 2511 2567 2565 audistis
2613 2511 2681 2565 ab
2732 2512 2912 2578 initio,
2963 2519 3024 2566 ut
3067 2511 3374 2580 diligamus
3419 2511 3745 2566 alterutrum.

2130 2601 2245 2656 Non
2274 2601 2414 2654 sicut
2444 2599 2604 2666 Cain,
2635 2601 2731 2670 qui
2758 2615 2829 2655 ea:
2853 2600 3099 2670 maligno
3149 2603 3289 2671 erat,
3321 2604 3378 2656 et
3421 2598 3609 2654 occidit
3649 2600 3750 2667 fra-

2132 2698 2272 2744 trem
2318 2705 2500 2743 suum.
2529 2691 2593 2743 Et
2634 2697 2855 2760 propter
2896 2689 2994 2744 hoc
3066 2689 3264 2744 occidit
3309 2705 3457 2755 eum,
3515 2689 3746 2759 quoniam

2131 2793 2298 2849 Opera
2328 2778 2445 2848 ejus
2473 2778 2723 2846 maligna
2751 2781 2929 2845 erant,
2977 2779 3172 2848 fratris
3226 2785 3416 2832 autem
3463 2778 3624 2848 justo.
3664 2776 3748 2830 No-

2133 2868 2229 2921 lite
2256 2867 2481 2934 mirari,
2511 2869 2732 2936 fratres,
2763 2867 2820 2921 si
2845 2867 2960 2920 odit
2995 2882 3088 2920 vos
3117 2865 3379 2920 mundus.
3434 2866 3536 2920 Nos
3580 2865 3755 2918 scimus

2133 2971 2394 3026 quoniam
2424 2955 2688 3009 translati
2710 2971 2900 3009 sumus
2941 2954 3007 3008 de
3046 2971 3157 3008 mor
3173 2963 3223 3010 te
3279 2955 3364 3010 ad
3419 2955 3612 3019 vitam,
3642 2953 3750 3022 quia

2135 3045 2420 3113 diligimus
2445 3045 2666 3112 fratres.
2720 3044 2826 3110 Qui
2869 3059 2982 3099 non
3025 3043 3228 3113 diligit,
3281 3045 3467 3097 manet
3502 3043 3556 3096 in
3586 3045 3755 3095 morte.

2138 3136 2314 3188 omnis
2343 3132 2444 3202 qui
2470 3131 2582 3186 odit
2611 3132 2850 3202 fratrem
2879 3148 3058 3197 suum,
3091 3131 3371 3186 homicida
3411 3137 3506 3186 est.
3539 3131 3599 3185 Et
3624 3130 3752 3183 scitis

387 3239 570 3289 suum,
601 3221 886 3285 obtinebit,
915 3225 967 3276 et
997 3223 1186 3292 faciet,
1219 3194 1270 3276 et
1324 3221 1467 3276 docti
1522 3223 1581 3276 in
1639 3224 1837 3293 populo
1869 3225 2027 3277 doee-
2060 3194 2102 3259 (ἶ
2141 3194 2402 3293 quoniam
2431 3194 2905 3275 omnis-homicida
2936 3194 3053 3275 non
3092 3221 3253 3274 habet
3303 3222 3480 3274 vitam
3525 3225 3760 3274 aeternam

393 3312 525 3366 bunt
548 3311 818 3381 plurimos
847 3311 912 3365 ⁵³.
945 3310 1075 3378 Ipsa
1105 3309 1258 3364 enim
1305 3310 1526 3364 Veritas
1586 3327 1688 3380 per
1743 3327 1803 3366 se
1859 3310 2035 3365 infert

390 3404 448 3456 et
477 3399 619 3455 dicit
651 3415 663 3454 :
694 3401 894 3454 Beatus
924 3407 1001 3454 est
1031 3401 1127 3469 qui
1154 3415 1264 3453 non
1311 3399 1488 3471 fuerit
1543 3399 1944 3454 scandalizatus
1974 3402 2034 3454 in

389 3505 475 3544 me
503 3489 566 3544 ⁵³.
599 3489 645 3522 ⁵⁴
675 3487 777 3543 Ille
809 3489 1010 3560 procul
1067 3487 1244 3542 dubio
1302 3487 1657 3542 scandalizat
1712 3489 1768 3542 in
1826 3490 2031 3555 Deum,

390 3578 491 3652 qui
522 3581 678 3635 recte
708 3593 824 3632 non
856 3577 1111 3642 docet,et
1141 3576 1241 3648 qui
1275 3578 1402 3646 ejus
1434 3576 1790 3632 scandalizat
1818 3579 2037 3649 episco-

389 3684 532 3740 pum
565 3665 651 3722 vel
683 3666 1065 3723 sacerdotem.
1102 3666 1285 3738 lmpie
1314 3683 1570 3737 namque
1610 3671 1867 3738 agentes,
1900 3672 2039 3722 sunt

391 3755 580 3828 impii,
624 3771 816 3827 neque
847 3753 1176 3826 intelligent
1203 3771 1409 3810 omnes
1449 3754 1634 3825 impii,
1664 3771 1832 3826 porro
1885 3757 2037 3811 docti

391 3844 739 3917 intelligent.
775 3845 976 3900 Omnes
1006 3846 1152 3898 enim
1188 3845 1421 3898 invicem
1478 3844 1850 3899 humilitatem
1899 3847 2036 3900 insi-

395 3941 584 4000 nuate,
616 3935 754 4005 quia
780 3937 923 3988 Deus
953 3933 1202 4004 superbis
1249 3934 1472 4000 resistit,
1531 3933 1832 3988 humilibus
1861 3938 2041 3989 autem

400 4023 493 4078 dat
515 4025 756 4092 gratiam
774 4021 1246 4091 “.Nolite,inquit
1264 4022 1521 4076 Joannes
1545 4021 1865 4093 apostolus,
1892 4024 2045 4076 omni

399 4112 629 4184 spiritui
655 4110 1018 4180 crederefsed
1047 4111 1551 4181 probatefspiritus,
1579 4113 1631 4166 si
1658 4127 1726 4166 ea:
1757 4113 1858 4167 Deo
1886 4120 2012 4166 sunt
2023 4129 2043 4173 ,-

400 4202 710 4273 quoniam;
738 4199 1215 4270 pseudoprophetw
1245 4202 1502 4255 exierunt
1522 4203 1578 4254 in
1609 4202 1878 4256 mundum
1907 4202 2048 4256 “Et

399 4291 555 4345 idem
588 4289 726 4360 ipsa:
757 4288 893 4342 alibi
927 4289 1133 4344 ait:l’os
1155 4289 1292 4360 quod
1317 4289 1553 4344 audistis
1574 4289 1641 4343 ab
1683 4291 1935 4358 mitio,in
1960 4305 2048 4344 vos

405 4380 487 4434 bis
515 4385 853 4450 permaneat.
886 4377 947 4432 Si
979 4379 1037 4432 in
1066 4377 1213 4432 vobis
1237 4379 1604 4448 permanserit
1625 4378 1763 4449 quod
1791 4379 1858 4433 ab
1890 4379 2049 4433 initio

406 4467 638 4524 audistis
667 4475 718 4522 et
749 4483 838 4522 vos
869 4469 929 4521 in
958 4467 1097 4522 Filio
1128 4471 1179 4521 el
1209 4469 1373 4523 Patre
1415 4467 1798 4522 manebitis.Et
1828 4473 1942 4523 huic
1971 4471 2050 4522 est

2144 3313 2204 3365 in
2233 3326 2288 3364 se
2315 3318 2646 3364 manentem.
2682 3308 2740 3361 1η
2770 3307 2867 3363 hoc
2920 3311 3267 3379 cognovimus
3315 3308 3633 3363 charitatem
3658 3307 3757 3369 Dei,

2146 3401 2407 3470 quoniam
2439 3398 2534 3451 ille
2574 3413 2673 3468 pro
2702 3397 2858 3452 nobis
2906 3398 3154 3451 animam
3193 3412 3354 3451 suam
3382 3398 3575 3467 posuit,
3605 3398 3650 3449 et
3676 3408 3756 3447 nos

2143 3487 2402 3542 debemus
2431 3502 2526 3557 pro
2557 3486 2825 3556 fratribus
2853 3486 3071 3540 animas
3114 3501 3342 3555 ponere.
3393 3485 3498 3552 Qui
3541 3482 3761 3537 habuerit

2144 3577 2509 3632 substantiam
2539 3574 2701 3644 hujus
2747 3573 2960 3641 mundi,
3012 3582 3063 3628 et
3107 3573 3308 3628 viderit
3350 3576 3584 3643 fratrem
3625 3586 3761 3625 suum

2146 3667 2520 3721 necessitatem
2550 3663 2770 3725 habere,
2803 3666 2856 3716 et
2882 3662 3145 3717 clauserit
3191 3663 3403 3716 viscera
3449 3678 3549 3716 sua
3587 3660 3647 3714 ab
3692 3673 3759 3720 eo,

2147 3753 2408 3826 quo-modo
2467 3753 2712 3808 charitas
2773 3752 2870 3806 Dei
2924 3754 3108 3806 manet
3175 3752 3232 3804 in
3289 3749 3608 3806 eotFilioli
3654 3746 3760 3810 mei,

2148 3857 2260 3895 non
2306 3839 2606 3910 diligamus
2657 3840 2814 3894 verba
2861 3855 3034 3908 neque
3099 3838 3320 3908 lingua,
3403 3837 3492 3893 sed
3542 3852 3688 3907 opere
3725 3839 3766 3886 et

2152 3931 2399 3985 veritate.
2451 3930 2512 3982 In
2563 3927 2664 3982 hoc
2711 3929 3086 3996 cognoscimus
3132 3928 3403 3998 quoniam
3466 3943 3537 3980 ea:
3572 3925 3765 3980 veritate

2151 4035 2361 4086 sumus,
2395 4025 2444 4072 et
2477 4019 2533 4071 in
2563 4021 2846 4087 conspectu
2882 4017 2998 4088 ejus
3044 4017 3340 4071 suademus
3391 4014 3544 4071 cordi
3586 4017 3761 4067 nostra.

2156 4109 2424 4177 Quoniam
2449 4108 2498 4160 si
2526 4106 2937 4177 reprehenderit
2962 4121 3061 4161 nos
3089 4121 3185 4160 cor
3211 4112 3488 4171 nostrum,
3522 4103 3682 4173 major
3704 4107 3766 4154 est

2158 4200 2295 4253 Deus
2344 4195 2501 4250 corde
2549 4198 2750 4259 nostro,
2802 4199 2856 4248 et
2902 4195 3053 4249 novit
3098 4195 3306 4249 omnia.
3363 4191 3688 4259 Charissimi,
3729 4187 3768 4240 si

2156 4303 2251 4343 cor—
2276 4290 2526 4340 nostrum
2554 4299 2665 4339 non
2694 4283 3111 4354 reprehenderit
3154 4297 3274 4350 nos,
3325 4283 3586 4352 ﬁduciam
3629 4276 3766 4332 habe-

2157 4392 2282 4431 mus
2328 4373 2398 4428 ad
2445 4375 2614 4428 Deum
2647 4389 2659 4426 :
2692 4378 2746 4427 et
2778 4371 3042 4443 quidquid
3083 4372 3434 4443 petierimus,
3477 4369 3768 4440 accipiemus

2159 4466 2226 4521 ab
2255 4479 2339 4534 eo,
2371 4463 2631 4533 quoniam
2657 4460 2918 4515 mandata
2961 4461 3076 4532 ejus
3122 4460 3479 4526 custodimus,
3507 4461 3558 4513 et
3585 4472 3642 4512 ea
3666 4465 3769 4525 quat

409 4559 953 4628 repromissio,quam
987 4557 1098 4627 ipse
1123 4556 1407 4625 pollicitus
1435 4564 1511 4610 est
1540 4557 1690 4611 vobis
1712 4557 1878 4610 vitam
1906 4565 2059 4612 κίεν·
2087 4562 2131 4625 ς)
2164 4558 2292 4609 sunt
2317 4553 2523 4624 placita
2551 4566 2735 4605 coram
2759 4565 2844 4617 eo,
2871 4551 3128 4620 facimus.
3162 4549 3228 4603 Et
3258 4549 3357 4604 hoc
3385 4551 3462 4603 est
3488 4543 3772 4601 mandatum

412 4665 545 4704 nam
574 4647 638 4700 ⁵⁷.
672 4650 810 4702 Haec
839 4646 1042 4716 scripsi
1068 4645 1216 4699 vobis
1257 4645 1321 4700 de
1366 4645 1455 4700 his
1501 4647 1602 4716 qui
1645 4645 1908 4701 seducunt
1955 4664 2069 4702 vos.

413 4741 489 4794 Et
517 4738 700 4793 unctio
733 4751 896 4806 quam
924 4735 1210 4805 accepistis
1239 4735 1305 4788 ab
1336 4751 1416 4801 eo,
1449 4738 1676 4790 maneat
1707 4735 1762 4789 in
1795 4736 1962 4791 vobis.
1997 4737 2064 4790 Et

415 4842 525 4883 non
553 4841 763 4881 necesse
793 4825 999 4879 habetis
1043 4831 1106 4878 ut
1152 4824 1352 4894 aliquis
1399 4824 1587 4878 doceat
1618 4840 1706 4879 vos
1733 4842 1751 4878 :
1781 4824 1875 4879 sed
1920 4827 2065 4879 sicut

414 4917 598 4972 unctio
629 4916 745 4985 ejus
793 4914 948 4969 docet
1005 4929 1095 4968 vos
1131 4913 1199 4968 de
1253 4913 1527 4980 omnibus,
1577 4921 1628 4967 et
1657 4929 1851 4968 verum
1881 4923 1980 4981 est,
2014 4917 2066 4967 et

409 5020 520 5060 non
549 5011 627 5059 est
658 5002 1027 5058 mendacium.
1062 5003 1127 5056 Et
1157 5003 1298 5056 sicut
1345 5002 1527 5057 docuit
1576 5017 1685 5071 vos,
1737 5011 1956 5058 manete
2006 5005 2066 5056 in

410 5110 491 5151 eo.
522 5094 587 5149 Et
615 5108 782 5159 nunc,
813 5091 998 5160 ﬁlioli,
1031 5099 1249 5146 manete
1281 5093 1338 5146 in
1367 5107 1447 5155 eo,
1484 5099 1563 5158 ut,
1618 5107 1745 5146 cum
1793 5108 2067 5162 apparue-

415 5185 514 5254 rit,
543 5182 840 5237 habeamus
869 5180 1214 5251 ﬁduciam,et
1245 5197 1358 5234 non
1383 5180 1794 5250 conf‘undamur
1825 5182 1892 5235 ab
1923 5197 1986 5235 eo
2007 5183 2069 5234 in

2181 4645 2295 4711 eius
2326 4659 2343 4695 :
2379 4642 2441 4697 Ut
2467 4640 2760 4696 credamus
2784 4639 2845 4692 in
2874 4639 3097 4693 nomine
3125 4637 3259 4692 Filii
3307 4638 3428 4706 ejus
3474 4637 3595 4692 Iesu
3642 4629 3774 4685 Chri-

2171 4735 2263 4804 sti,
2295 4738 2354 4786 ut
2383 4729 2686 4797 diligamus
2710 4728 3063 4795 alterutrum,
3109 4728 3250 4781 sicut
3297 4725 3451 4782 dedit
3493 4720 3776 4780 mandatum

2172 4822 2349 4877 nobis.
2381 4820 2448 4873 Et
2476 4819 2571 4888 qui
2599 4824 2780 4872 servat
2819 4816 3081 4872 mandata
3126 4819 3248 4887 ejus
3293 4817 3355 4870 in
3408 4815 3505 4869 illo
3532 4812 3715 4874 manet,
3739 4808 3777 4860 et

2175 4914 2290 4983 ipse
2318 4911 2378 4964 in
2411 4923 2492 4963 eo.
2524 4907 2589 4962 Et
2617 4910 2677 4961 in
2707 4906 2804 4960 hoc
2830 4906 3056 4971 scimus,
3099 4906 3358 4975 quoniam
3404 4905 3584 4958 manet
3611 4903 3660 4954 in
3697 4909 3778 4949 no-

2178 5001 2261 5055 bis
2284 4998 2349 5052 de
2375 4997 2580 5067 spiritu
2611 5011 2771 5066 quem
2799 4994 2951 5049 dedit
2974 4993 3129 5050 nobis
3159 4992 3249 5046 ‘3'.
3284 4993 3328 5027 δ’
3358 4993 3429 5048 Et
3482 4991 3628 5046 sicut
3653 4985 3777 5042 Deus

2177 5085 2523 5155 creator,qui
2556 5083 2852 5138 hominem
2886 5082 2956 5138 ad
2987 5080 3435 5137 similitudinem
3469 5092 3630 5135 suam
3657 5086 3780 5130 crea-

2177 5177 2279 5245 vit,
2312 5180 2400 5230 est
2422 5173 2704 5239 charitas,
2725 5176 2814 5226 est
2843 5171 3057 5240 bonus,
3075 5170 3304 5240 justus,
3347 5167 3594 5240 patiens,
3637 5166 3779 5229 atque

488 5311 531 5345 ιτ
566 5311 730 5365 Deut.
761 5326 863 5374 xu,
897 5310 982 5363 13.
1043 5309 1085 5342 ⁴⁸
1117 5307 1196 5362 De
1227 5323 1484 5362 consecr.
1521 5307 1658 5362 dist.
1697 5308 1746 5375 1,
1770 5308 2058 5376 Episcopus
2079 5305 2184 5358 Deo
2215 5300 2553 5376 sacriﬁcans.
2616 5299 2759 5376 ‘fAex
2781 5294 3239 5376 yieronymiana
3259 5292 3571 5376 versiones

421 5400 480 5448 ιι,
518 5353 730 5447 ίῇνῖἑῖ
763 5353 1007 5435 ’ὶί”ι)ἀ”τί.
1041 5353 1746 5448 χιιῗῖδ.”έέ”ὐξι’τὲ.ἒέζὲεξῖ
1770 5353 2029 5432 "ansa

2138 5353 2191 5443 ii,
2502 5353 2599 5435 vix,
2629 5369 2746 5448 23;
2767 5353 3205 5448 _“Apistin.'9§.
3266 5363 3369 5420 Ille
3413 5353 3780 5448 procul

417 5455 463 5488 ⁵⁵
491 5453 511 5508 Ι
542 5456 692 5508 Petr.
756 5470 810 5519 v,
841 5455 892 5507 5.

419 5527 463 5563 ‘9
493 5525 553 5581 S.
586 5525 790 5582 Ambr.
821 5525 922 5580 lib.
960 5528 1040 5579 De
1067 5522 1336 5593 dignitate
1367 5521 1628 5587 hominis,
1662 5538 1711 5575 c.
1746 5522 1798 5577 3.

957 5451 1000 5485 ⁵⁸
1032 5452 1053 5505 Ι
1081 5429 1244 5506 Joan.
1283 5467 1355 5518 ιν,
1391 5451 1442 5504 1.
1520 5450 1561 5484 ⁵⁷
1586 5429 1765 5514 nobis,
1800 5451 1910 5504 vita
1960 5455 2028 5503 art

2138 5429 2191 5512 αξ
2264 5429 2552 5513 si“IJoan,
2587 5429 2666 5511 '11,
2718 5440 2906 5494 24-29.
2962 5439 3030 5473 ⁵⁸·
3080 5437 3102 5492 Ι
3149 5437 3322 5493 Joan.
3374 5429 3436 5490 ιιί
3487 5447 3586 5505 per
3629 5429 3778 5482 ῐοῒυω

489 5632 567 5705 (7)
593 5632 682 5688 Sic
704 5634 852 5689 enim
881 5638 934 5688 et
959 5628 1188 5703 apostoli
1215 5630 1547 5685 statuerunt.
1579 5628 1809 5686 Canone
1839 5628 1874 5682 9
1902 5629 1959 5682 et
1993 5627 2076 5680 10.
2109 5623 2234 5681 Ssv.
2262 5622 2488 5679 Bmms.
