4038 6210
321 311 437 374 ’197

1811 313 2240 378 EPISTOL/E.

3615 317 3736 384 798

320 445 484 503 mitis
511 448 571 503 et
600 443 953 519 misericors,
986 451 1044 506 et
1075 450 1279 507 caetera
1309 451 1643 508 sanctarum
1688 448 1966 506 vii-tutum
1996 451 2053 517 Α
2080 451 2140 505 in
2169 457 2439 507 wternum
2466 450 2878 521 ﬂuctuationem
2922 451 3072 525 justo
3100 450 3165 508 δι.
3199 452 3244 488 ⁸⁸
3301 450 3507 510 Omnis
3560 454 3719 509 enim

316 534 596 608 insignia,
646 554 773 609 quae
830 538 900 594 de
958 556 1022 594 eo
1054 539 1466 613 legenturzita
1513 541 1687 597 homo
1746 545 1975 596 creatus

316 629 407 681 est
437 630 502 681 ut
523 626 864 684 charitatem
897 627 1158 694 haberet,
1183 634 1245 684 ut
1268 631 1457 686 bonus
1487 636 1642 686 esset
1671 635 1727 685 et
1750 630 1973 701 justus,

314 719 383 770 ut
412 716 643 787 patiens
674 720 849 787 atque
875 718 1055 785 mitis,
1084 720 1343 775 mundus
1364 724 1422 775 et
1444 720 1773 775 misericors
1808 719 1973 773 foret.

313 806 469 868 Quas
499 804 743 860 virtutes
774 810 994 876 quanto
1018 806 1150 877 plus
1203 808 1457 879 quisque
1490 808 1547 861 in
1571 808 1762 879 seipse
1782 806 1975 875 habet,

313 896 476 948 tanto
506 894 744 965 propior
767 898 855 949 est
886 899 996 950 Deo
1024 900 1080 951 et
1110 898 1300 967 major
1331 901 1439 963 est,
1474 914 1539 951 ac
1582 897 1671 951 sui
1718 894 1973 950 condito-

316 981 399 1036 ris
430 982 582 1053 gerit
610 982 1075 1040 similitudinem.
1102 984 1159 1039 Si
1182 1002 1338 1051 vero,
1372 987 1527 1057 quod
1553 985 1705 1041 absit
1729 985 1740 1039 l
1763 983 1978 1055 aliquis

316 1087 420 1143 per
449 1071 614 1127 devia
643 1072 915 1129 vitiorum
946 1079 1001 1129 et
1046 1075 1292 1130 divortia
1346 1076 1683 1141 criminum,
1734 1074 1807 1129 ab
1863 1072 1972 1127 hac

317 1159 688 1217 nobilissima
718 1163 809 1217 sui
842 1163 1157 1219 conditoris
1189 1164 1572 1220 similitudine
1601 1166 1851 1236 degener
1871 1161 1970 1215 ab-

317 1252 491 1317 erret,
526 1253 666 1305 tunc
695 1250 794 1306 fiet
822 1252 893 1307 de
924 1268 989 1307 eo
1016 1254 1172 1323 quod
1206 1253 1489 1324 scriptum
1535 1256 1623 1307 est
1658 1270 1670 1307 :
1705 1253 1768 1305 Et
1823 1256 1976 1305 homo

318 1352 444 1391 cum
468 1338 527 1391 in
565 1339 766 1395 honore
792 1350 952 1410 esset,
1001 1357 1107 1396 non
1159 1343 1433 1397 intellexit
1468 1360 1479 1397 :
1513 1350 1855 1412 comparatus
1902 1346 1981 1394 est

308 1419 584 1491 jumentis
632 1429 1040 1500 insipientibus,
1073 1439 1126 1485 et
1172 1431 1376 1485 similis
1433 1432 1619 1503 factus
1649 1434 1726 1485 est
1771 1430 1881 1483 illis
1913 1428 1976 1479 ⁸ο.

320 1516 428 1581 Qui
462 1517 650 1588 major
671 1518 858 1573 honor
902 1520 1090 1590 potuit
1120 1518 1343 1574 homini
1376 1536 1528 1585 esse,
1579 1535 1755 1590 quam
1788 1521 1853 1572 ut
1908 1516 1979 1571 ad

319 1604 773 1662 similitudinem
820 1608 911 1661 sui
957 1608 1191 1663 factoris
1246 1609 1613 1677 conderetur,
1655 1612 1711 1663 et
1762 1606 1981 1662 eisdem

318 1692 609 1750 virtutum
641 1694 1009 1751 vestimentis
1046 1700 1374 1757 ornaretur.
1432 1696 1649 1767 quibus
1689 1699 1746 1750 et
1776 1693 1981 1749 condi-

328 1784 469 1839 tor?
523 1784 597 1838 De
648 1801 762 1855 quo
796 1784 1055 1857 legitur:
1110 1787 1379 1840 Dominus
1418 1788 1686 1857 regnavit,
1732 1785 1980 1839 decorem

320 1858 547 1928 indutus
576 1882 657 1928 est
685 1874 726 1908 ⁶¹
752 1892 764 1941 ;
789 1873 845 1928 id
878 1878 965 1929 est
994 1874 1256 1929 omnium
1307 1874 1589 1929 virtutum
1648 1873 1978 1945 splendore,

320 1966 381 2017 et
412 1961 595 2017 totius
627 1962 906 2017 bonitatis
935 1963 1139 2018 decore
1170 1968 1430 2018 ornatus.
1471 1963 1564 2018 Vel
1597 1964 1750 2035 quod
1784 1964 1977 2033 majus

318 2050 552 2106 homini
584 2055 773 2123 potest
800 2068 929 2107 esse
961 2053 1213 2107 dedecus
1238 2093 1251 2118 ,
1284 2057 1385 2107 aut
1412 2052 1697 2107 infelicior
1717 2050 1974 2117 miseria,

320 2157 503 2211 quam
538 2140 741 2195 uthac
800 2140 1207 2196 similitudinis
1264 2140 1451 2213 gloria
1509 2140 1597 2195 sui
1659 2140 1976 2195 conditoris

320 2229 564 2299 amissa,
598 2229 668 2284 ad
700 2228 1009 2285 informem
1044 2234 1100 2284 et
1155 2228 1615 2284 irrationabilem
1666 2229 1974 2283 brutorum

310 2317 841 2389 jumentorumque
871 2316 1317 2374 similitudinem
1349 2317 1698 2373 delabatur?
1726 2318 1978 2388 Quapro-

319 2409 451 2478 pter
498 2407 747 2479 quisque
786 2405 1129 2479 diligentius
1165 2407 1428 2462 attendat
1458 2406 1662 2478 primae
1690 2406 1975 2461 conditio-

317 2495 415 2551 nis
446 2512 565 2551 suae
612 2493 1029 2563 excellentiam,
1075 2499 1140 2549 ut
1187 2496 1574 2551 venerandam
1607 2498 1820 2550 sanctis
1851 2495 1975 2549 Tri-

329 2583 535 2640 nitatis
565 2584 625 2639 in
654 2600 717 2639 se
744 2584 872 2655 ipso
902 2583 1219 2656 imaginem
1251 2589 1549 2657 agnoscat,
1576 2584 1977 2653 honoremque

322 2670 734 2728 similitudinis
765 2671 995 2742 divinas,
1026 2672 1097 2727 ad
1130 2689 1307 2743 quam
1339 2676 1568 2728 creatus
1626 2676 1715 2727 est
1764 2670 1976 2727 nobili-

322 2766 507 2817 tatem
541 2762 587 2795 °'-’
619 2777 871 2827 morum,
906 2760 1334 2817 exsecutionem
1383 2761 1689 2826 virtutum,
1723 2760 1975 2831 dignita-

318 2855 442 2907 tem
477 2851 820 2906 meritorum
846 2850 1061 2905 habere
1090 2850 1435 2917 contendat;
1487 2855 1551 2905 ut
1602 2851 1835 2921 quando
1881 2867 1977 2921 ap-

322 2941 583 3013 paruerit
614 2939 805 3012 qualis
855 2939 952 3009 sit,
985 2943 1122 2993 tunc
1178 2938 1387 2993 similis
1419 2939 1469 2993 ei
1521 2944 1814 3011 appareat,
1875 2938 1974 3008 qui

323 3046 388 3086 se
418 3028 766 3083 mirabiliter
812 3028 882 3082 ad
941 3027 1392 3083 similitudinem
1453 3046 1622 3083 suam
1682 3028 1737 3081 in
1788 3028 1975 3098 primo

319 3120 505 3174 Adam
535 3117 812 3184 condidit,
865 3116 1313 3188 mirabiliusque
1370 3116 1429 3171 in
1489 3116 1743 3171 secundo
1796 3117 1973 3170 refor-

320 3207 521 3263 mavit.

394 3296 597 3351 Omnis
628 3311 763 3365 ergo
794 3296 989 3364 homo,
1049 3295 1148 3365 qui
1180 3296 1251 3349 ad
1285 3294 1599 3367 imaginem
1637 3295 1730 3349 Dei
1783 3295 1970 3349 factus

322 3390 433 3451 est,
466 3384 635 3439 illum
660 3384 832 3439 debet
859 3384 1099 3451 imitari,
1127 3385 1298 3454 cujus
1325 3384 1395 3439 ad
1418 3383 1735 3455 imaginem
1770 3382 1967 3438 condi-

318 3477 419 3529 tus
441 3478 530 3528 est
556 3489 567 3527 :
594 3472 753 3528 illius
784 3472 955 3529 debet
976 3474 1138 3544 sequi
1172 3473 1434 3544 vestigia,
1458 3472 1557 3543 qui
1582 3488 1716 3527 eum
1730 3473 1798 3527 ad
1818 3472 1969 3526 ima-

320 3562 518 3635 ginem
552 3562 645 3617 sui
679 3561 955 3617 condidit.
987 3560 1394 3617 Consiliarium
1426 3577 1558 3615 vero
1591 3577 1656 3615 ac
1688 3565 1970 3632 protecto-

321 3668 446 3707 rem
476 3650 773 3706 meliorem
798 3650 1049 3722 reperire
1079 3667 1193 3705 non
1213 3649 1442 3722 poterit,
1468 3667 1642 3721 quam
1677 3649 1843 3703 illum
1867 3649 1968 3721 qui

322 3756 458 3797 eum
491 3740 561 3795 ad
593 3739 905 3811 imaginem
941 3738 1030 3793 sui
1064 3738 1340 3807 condidit,
1385 3738 1483 3809 qui
1535 3754 1665 3794 eum
1718 3738 1967 3809 pretioso

323 3829 613 3901 sanguine
644 3843 745 3883 suo
780 3826 1045 3893 redemit,
1078 3831 1135 3881 et
1165 3830 1401 3898 propter
1430 3842 1563 3881 eum
1622 3827 1797 3883 homo
1845 3828 1969 3881 ﬁeri

323 3933 441 3973 non
477 3921 567 3972 est
596 3916 969 3987 dedignatus.
1005 3916 1185 3979 Quem
1219 3914 1419 3986 procul
1478 3916 1656 3969 dubio
1695 3914 1969 3983 inveniet,

322 4008 374 4063 si
408 4007 466 4061 in
498 4022 631 4060 eum
666 4010 848 4059 totam
880 4020 1044 4075 spem
1077 4020 1267 4071 suam,
1291 4006 1461 4074 juxta
1492 4004 1819 4059 Psalmistaa
1869 4022 1972 4060 vo-

316 4111 469 4161 cem,
501 4092 829 4165 projecerit.
861 4094 956 4147 Ait
987 4094 1330 4161 namque”:
1388 4095 1601 4163 Projice
1646 4110 1810 4164 super
1862 4100 1973 4149 Do-

318 4199 537 4238 minum
565 4182 890 4237 charitatcm
910 4184 1085 4249 tuam,
1104 4190 1154 4236 et
1186 4182 1299 4252 ipse
1328 4190 1381 4236 te
1408 4184 1663 4250 enutrict,
1696 4199 1793 4239 nec
1822 4183 1973 4239 dabit

389 4396 609 4453 60Psal.
665 4412 859 4461 XLVIII,
915 4396 1002 4449 13.
1082 4396 1124 4429 ⁶¹
1159 4396 1311 4451 Psal.
1374 4413 1505 4450 xcu.
1540 4397 1594 4451 4.

315 4469 475 4523 Hier.
554 4470 599 4512 6‘
622 4467 777 4539 Psal.
810 4484 921 4520 LIv.
944 4467 1033 4519 23.
1111 4467 1155 4500 6⁵
1186 4468 1458 4539 Eangith.
1501 4467 1802 4539 abbatissa
1832 4468 1890 4521 in
1921 4485 2011 4539 ep.
2048 4468 2119 4522 ad
2152 4469 2210 4523 S.
2244 4466 2607 4539 Bonifacium
2670 4466 2923 4538 archiep.
2984 4466 3392 4539 Moguntinum

322 4556 477 4595 anno
524 4540 651 4593 754.
696 4538 897 4593 Cicero
954 4542 1040 4592 De
1086 4537 1359 4606 amicitia,
1420 4537 1701 4593 Martinus
1768 4537 2131 4601 Bracarensi,
2192 4544 2249 4593 et
2307 4538 2426 4593 alii.
2504 4539 2549 4572 ⁶⁶
2580 4539 2687 4592 Ms.

2088 539 2262 596 homo
2294 540 2352 593 in
2384 556 2492 595 sua
2539 556 2717 596 causa
2759 540 3055 612 deficiens,
3088 546 3146 597 et
3194 542 3255 599 in
3286 542 3411 599 suis
3455 541 3734 599 hasitans

2086 628 2366 698 consiliis,
2392 628 2599 699 quaerit
2622 631 2732 685 sibi
2757 630 3011 686 amicum
3036 631 3287 699 fidelem,
3319 632 3377 687 in
3400 632 3571 703 cujus
3602 647 3737 688 con-

2088 717 2257 787 siliis,
2288 718 2565 785 confidat,
2589 719 2686 789 qui
2721 718 2779 773 in
2803 719 2926 775 suis
2944 720 3280 775 diffidebat:
3306 724 3361 775 et
3380 719 3557 775 talem
3588 720 3738 777 fidu-

2087 806 2237 862 ciam
2269 806 2443 862 habet
2469 807 2529 861 in
2561 806 2680 875 illo,
2715 812 2779 861 ut
2799 824 2971 863 omne
3021 813 3309 864 secretum
3348 809 3439 864 sui
3486 810 3735 881 pectoris

2086 896 2137 951 ei
2169 896 2384 967 pandat
2414 900 2471 950 et
2501 895 2742 968 aperiat.
2777 897 2883 962 Qui
2925 896 3154 953 dulcius
3212 904 3301 953 est
3332 914 3506 969 quam
3540 902 3605 953 ut
3631 898 3737 953 ha-

2085 985 2226 1039 beas
2246 982 2414 1039 illum
2432 986 2497 1051 5°,
2515 1002 2649 1040 cum
2674 1002 2787 1057 quo
2810 986 3006 1041 omnia
3025 985 3215 1057 possis
3236 985 3393 1056 loqui
3419 990 3486 1042 ut
3504 987 3739 1042 tecum?

2088 1073 2147 1128 Si
2178 1072 2290 1128 ista
2338 1090 2471 1128 cum
2531 1074 2871 1129 hominibus
2927 1075 3098 1142 fiunt,
3129 1078 3347 1145 quanto
3379 1075 3569 1147 magis
3598 1091 3734 1132 cum

2089 1162 2204 1217 Deo
2236 1162 2344 1217 hoc
2367 1167 2455 1217 est
2484 1163 2797 1234 agendum,
2831 1162 2931 1234 qui
2962 1179 3165 1219 omnes
3195 1163 3320 1219 vult
3348 1162 3538 1219 salvos
3585 1164 3734 1231 fieri,

2089 1256 2147 1306 et
2178 1251 2471 1306 neminem
2504 1251 2795 1322 perire?”
2829 1251 2974 1309 Nam
3008 1252 3058 1308 si
3088 1252 3367 1307 veraciter
3395 1252 3578 1307 Deum
3610 1268 3732 1308 cre-

2089 1339 2307 1409 dimus,
2332 1356 2584 1410 eumque
2605 1339 2905 1411 diligimus
2939 1343 3002 1395 ut
3023 1340 3323 1405 debemus,
3357 1345 3413 1396 et
3441 1340 3734 1412 proximos

2089 1428 2242 1484 sicut
2298 1429 2713 1501 nosmetipsos,
2761 1430 2819 1485 in
2850 1446 2985 1485 eum
3045 1446 3276 1501 quoque
3328 1434 3513 1486 totam
3572 1446 3738 1501 spem

2090 1518 2509 1589 projecerimus
2541 1524 2802 1573 nostram
2835 1536 2849 1587 ;
2878 1520 3002 1590 ipse
3033 1535 3138 1574 nos
3160 1518 3365 1591 eripiet
3391 1522 3447 1575 et
3474 1518 3741 1575 consola-

2090 1607 2267 1661 bitur.
2302 1607 2371 1661 Et
2393 1607 2545 1662 sicut
2577 1624 2679 1679 per
2699 1608 2970 1680 angelum
2998 1608 3479 1675 suum,Habacuc
3499 1607 3745 1680 prophe-

2091 1698 2209 1750 tam
2247 1712 2381 1750 cum
2432 1697 2674 1768 prandio
2702 1697 2760 1750 in
2792 1696 2985 1752 lacum
3020 1698 3253 1752 leonum
3312 1698 3384 1752 ad
3442 1696 3741 1754 Danielem

2089 1790 2278 1839 vatem
2313 1786 2472 1840 misit
2492 1786 2557 1855 ⁸⁸,
2590 1790 2646 1839 et
2676 1785 3034 1857 Philippum,
3060 1803 3244 1842 unum
3276 1786 3346 1842 de
3369 1791 3592 1859 septem
3624 1785 3743 1842 dia-

2090 1873 2355 1941 conibus,
2389 1874 2460 1928 ad
2510 1874 2845 1929 eunuchum
2867 1876 2931 1940 σθ,
2965 1875 3047 1931 ita
3079 1876 3242 1931 dabit
3271 1876 3440 1931 nobis
3472 1873 3741 1931 consola-

2086 1961 2303 2017 tionem
2337 1967 2393 2017 et
2423 1962 2847 2018 liberationem.
2881 1964 3009 2018 Haec
3041 1964 3362 2031 sectamini,
3388 1964 3742 2031 charissimi,

2086 2056 2144 2107 et
2175 2050 2322 2106 nulli
2356 2068 2617 2123 unquam
2655 2056 2870 2107 nocete.
2906 2054 3137 2108 Fratres
3167 2053 3330 2122 estis,
3365 2053 3611 2108 invicem
3641 2070 3743 2109 vos

2088 2139 2332 2211 diligite,
2368 2146 2431 2195 ut
2460 2140 2580 2196 veri
2610 2141 2840 2196 Domini
2874 2142 3147 2214 discipuli
3189 2142 3340 2197 efﬁci
3372 2141 3739 2198 mereamini.

2087 2228 2232 2286 Nam
2265 2230 2362 2300 qui
2395 2229 2632 2284 rancida
2661 2231 2837 2285 corda
2864 2230 3120 2285 virorum
3152 2231 3197 2265 7°
3218 2229 3437 2302 inficit,‘
3457 2229 3744 2287 malitiam

2086 2317 2238 2372 inter
2268 2318 2538 2373 homines
2583 2320 2807 2391 spargit
2840 2336 2853 2374 ε
2886 2324 2943 2373 et
2973 2320 3071 2391 qui
3101 2319 3355 2375 detrahit
3383 2319 3547 2375 fratri
3606 2336 3734 2386 suo,

2085 2405 2379 2462 homicida
2408 2411 2515 2462 est.
2549 2408 2591 2443 ⁷¹
2626 2408 2695 2461 Et
2723 2408 2819 2479 qui
2851 2407 3157 2464 abstulerit
3186 2407 3405 2480 aliquid
3448 2407 3598 2479 patri
3650 2406 3738 2463 vel

2087 2495 2282 2561 matri,
2315 2495 2571 2568 dicitque
2604 2495 2713 2551 hoc
2744 2500 3046 2567 peccatum
3078 2513 3194 2552 non
3224 2513 3371 2564 esse,
3424 2496 3731 2552 homicidas

2085 2584 2375 2656 particeps
2405 2589 2513 2640 est.
2545 2588 2716 2641 Pater
2735 2589 2935 2640 noster
2958 2584 3083 2641 sine
3104 2585 3280 2640 dubio
3311 2589 3463 2641 Deus
3493 2591 3602 2655 est,
3634 2584 3741 2657 qui

2086 2690 2193 2728 nos
2223 2673 2441 2729 creavit
2472 2690 2485 2727 :
2511 2678 2697 2729 mater
2724 2689 2860 2729 vero
2891 2678 3092 2730 nostra
3146 2672 3423 2743 Ecclesia,
3454 2690 3582 2745 quas
3630 2690 3737 2730 nos

2086 2762 2145 2816 in
2206 2761 2503 2833 baptismo
2562 2761 2948 2834 spiritualiter
3005 2762 3388 2834 regeneravit.
3442 2764 3587 2833 Ergo
3640 2761 3741 2834 qui

2086 2850 2303 2907 Christi
2335 2851 2614 2922 pecunias
2634 2857 2692 2907 et
2721 2851 2990 2907 Ecclesia:
3021 2852 3193 2923 rapit,
3226 2850 3417 2907 aufert
3444 2852 3532 2907 vel
3583 2851 3744 2906 frau-

2087 2940 2206 3009 dat,
2232 2940 2525 2995 homicida
2546 2945 2655 3007 est,
2686 2945 2861 3011 atque
2890 2940 3187 2996 homicida
3206 2944 3339 2995 ante
3362 2944 3741 3012 conspectum

2078 3028 2226 3099 justi
2252 3028 2472 3099 judicis
2504 3046 2631 3084 esse
2661 3030 3057 3101 deputabitur.
3088 3029 3196 3092 Qui
3239 3030 3391 3100 rapit
3433 3028 3740 3102 pecuniam

2085 3117 2338 3188 proximi
2371 3118 2485 3188 sui,
2518 3118 2891 3190 iniquitatem
2924 3124 3230 3189 operatur:
3264 3117 3364 3189 qui
3400 3121 3594 3173 autem
3644 3134 3741 3189 pe-

1999 3188 2041 3253 C
2084 3206 2317 3261 cuniam
2351 3207 2437 3262 vel
2472 3225 2562 3263 res
2588 3188 2854 3265 Ecclesiae
2885 3188 3213 3273 abstulerit,
3245 3188 3621 3278 sacrilegium
3650 3188 3738 3262 fa-

2079 3296 2244 3351 cit".
2280 3296 2587 3368 Privilegia
2618 3298 2774 3352 enim
2827 3295 3204 3352 ecclesiarum
3255 3300 3313 3350 et
3345 3296 3737 3361 sacerdotum,

2080 3385 2273 3440 sancti
2333 3384 2599 3456 apostoli,
2640 3388 2817 3457 jussu
2878 3384 3215 3452 Salvatoris,
3278 3383 3628 3439 intemerata
3683 3387 3742 3437 et

2078 3471 2356 3528 inviolata
2433 3473 2708 3529 omnibus
2786 3474 3166 3529 decreverunt
3221 3484 3459 3527 manere
3505 3474 3739 3540 tempo-

2078 3560 2258 3618 ribus.

2862 3731 2961 3785 lli.

2224 3857 2299 3909 De
2352 3856 2659 3927 peregrinis
2709 3864 2762 3910 et
2812 3853 3247 3927 provincialibus
3293 3850 3593 3924 judicibus.

2154 4012 2330 4079 Leges
2346 4006 2609 4062 Ecclesiae
2630 4005 2948 4077 apostolica
2968 4006 3275 4060 firmamus
3298 4000 3660 4072 auctoritate,
3681 4004 3740 4055 et

2082 4096 2389 4168 peregrina
2411 4095 2639 4165 judicia
2668 4096 3083 4151 submovemus
3129 4094 3228 4164 (8).
3266 4091 3422 4149 Unde
3451 4093 3508 4147 et
3538 4090 3739 4146 Domi—

2086 4202 2200 4240 nus
2230 4184 2591 4240 mentionem
2639 4184 2857 4240 faciens
2898 4182 3024 4251 Lot,
3057 4198 3159 4254 per
3198 4181 3431 4253 Moysen
3461 4178 3736 4250 loquitur,

1672 4397 1717 4430 ⁶²
1750 4397 2068 4464 nobilitate,
2127 4401 2236 4453 etc.
2301 4399 2359 4450 in
2417 4412 2527 4450 ms.
2587 4397 2740 4452 Just.
2800 4400 2857 4450 et
2904 4398 2961 4450 in
3011 4396 3148 4450 edit.
3206 4391 3539 4464 Ambrosii._
3595 4392 3644 4464 θῆ
3671 4406 3738 4464 ex

2726 4466 2923 4538 'chiep.
2984 4466 3392 4538 Moguntinum
3444 4462 3543 4532 qui
3595 4460 3740 4515 obiit

2726 4555 2889 4609 quam
2919 4538 3115 4609 habere
3146 4536 3354 4609 illum1
3420 4534 3462 4567 ⁸⁷
3513 4533 3532 4586 Ι
3579 4531 3731 4609 Tim.

324 4629 391 4681 II,
416 4612 468 4665 4.
547 4613 589 4645 ⁸⁸
618 4610 765 4664 Dan.
797 4626 893 4663 xw
965 4610 1009 4642 ⁶⁹
1040 4610 1157 4681 Act.
1190 4627 1314 4664 VIII.
1347 4603 1353 4606 ’
1393 4610 1438 4643 7°
1458 4612 1725 4663 vivorum.
1780 4612 1865 4665 Ita
1897 4628 2008 4665 ms.
2086 4611 2126 4643 ⁷¹
2154 4609 2479 4681 Bonifacius
2512 4626 2602 4681 ep.
2659 4603 2747 4677 15,
2778 4611 2848 4681 ad
2892 4608 3268 4663 Etbibaldum
3298 4606 3384 4669 12,
3442 4603 3729 4681 quaestui.

321 4684 433 4751 Qui
463 4681 777 4737 abstulerit.
829 4681 898 4734 Et
926 4680 1141 4751 partim
1196 4681 1411 4735 ibidem
1443 4697 1494 4735 c.
1552 4683 1663 4750 Qui
1721 4681 1922 4736 Christi

318 4754 490 4825 rapit.
528 4753 591 4807 Et
621 4753 681 4806 in
714 4753 868 4807 decr.

1974 4685 2258 4753 pecunias
2308 4685 2373 4754 Et
2400 4680 2459 4754 in
2492 4680 2643 4734 decr.
2671 4680 2831 4734 Lucii
2890 4696 3257 4754 papae,_xvu,
3292 4680 3493 4747 quaest.
3511 4680 3545 4754 ,ἐξ

965 4750 1286 4834 ucii'p‘apae
1300 4769 1451 4832 .xxv,
1482 4744 1796 4834 quaestione
1820 4744 2223 4834 2‘,_Privileg_ia_
2268 4752 2739 4834 ecclesiarumnet'
2769 4744 3034 4833 sacerdbt.
3057 4744 3156 4803 'Et
3200 4766 3282 4834 iii,
3307 4744 3662 4834 “quaestione
3682 4744 3737 4808 6,

3292 4672 3493 4747 quaest.
3519 4674 3570 4747 4.
3633 4672 3738 4747 Qui

316 4815 489 4895 Le'ges
518 4825 906 4880 ecclesiarum.
986 4823 1031 4856 7’
1060 4815 1609 4879 Vide‘Hincniflib.
1644 4841 1732 4886 ιν,
1766 4840 1813 4879 c.
1844 4824 1931 4889 15,
1979 4829 2036 4879 et
2082 4815 2242 4879 Dial.
2301 4821 2364 4877 de
2419 4829 2559 4876 statu
2612 4823 2887 4888 Ecclesiae,
2950 4839 3013 4876 ac
3073 4819 3276 4875 concil.
3339 4815 3736 4873 Carisiacense

319 4913 411 4952 an.
444 4896 569 4950 856.

391 5102 469 5172 (8)
500 5100 809 5170 Peregrina
825 5098 1044 5171 judicia
1065 5098 1455 5172 submovemus.
1489 5096 1757 5172 Christus
1788 5098 1978 5172 pomi-

322 5169 589 5253 nuskqui
614 5169 733 5253 fuit
774 5169 959 5253 rex'et
997 5170 1270 5253 sacerdos
1319 5169 1678 5253 secundum”
1711 5171 1974 5253 ordinem

316 5238 766 5307 Melchisedech,
794 5242 851 5295 in
887 5240 1144 5296 Ecclesia
1176 5238 1369 5311 regale
1393 5240 1786 5295 sacerdotium
1808 5242 1974 5296 insti-

319 5315 461 5379 tuit,
495 5312 792 5394 apostolis.
827 5328 1145 5394 eorumque
1192 5312 1641 5394 successoribus
1687 5313 1974 5394 epiSCOpis

318 5382 556 5457 regendi
588 5389 644 5439 et
665 5384 971 5457 jrudicandi
1020 5386 1365 5457 potestatem
1396 5382 1643 5457 contulit
1666 5400 1687 5457 7:
1727 5382 1974 5457 ideoque

318 5454 429 5512 hac
496 5454 741 5525 epistola
784 5472 892 5510 sua
955 5454 1270 5509 Anacletus
1320 5454 1595 5525 pontifex,
1648 5456 1969 5510 doctrinam

319 5474 429 5512 Hac
496 5474 523 5511 Β
548 5474 741 5511 Πειοιθ.
784 5474 892 5510 sua
955 5474 1270 5509 Ληᾶοιθιυε
1320 5474 1595 5525 ponuIex,
1648 5474 1969 5510 αορῐῐῚιηὶηι

319 5529 378 5584 S.
414 5474 574 5605 Paul.
655 5529 733 5605 ad
757 5531 1461 5605 Co_r.,_cap.‘_v1,_secutus,
1494 5530 1664 5605 recte.
1692 5527 1970 5605 decernit,

320 5617 393 5657 ne
422 5598 738 5657 Christiani
769 5598 985 5655 ethnici
1004 5596 1267 5667 alicujus
1300 5602 1402 5654 aut
1448 5596 1702 5653 infidelis
1753 5598 1973 5674 judicis

2084 5099 2341 5155 tribunal
2422 5099 2650 5164 adeant,
2731 5095 3043 5167 litiumque
3122 5112 3363 5153 suarum
3420 5090 3736 5167 discussio-

2084 5188 2240 5237 nem,
2267 5170 2563 5241 judicium
2596 5161 2661 5241 ac
2694 5161 3094 5241 definitio-nem
3155 5172 3373 5241 petant.
3433 5167 3558 5230 Qua
3612 5161 3738 5233 lege

2084 5238 2387 5314 politicum
2434 5240 2805 5314 imperiuma
2855 5238 3175 5314 Deo‘bene
3232 5238 3567 5314 institutum
3617 5248 3733 5314 non

2083 5304 2331 5379 tollitur,
2371 5313 2472 5368 sed
2517 5304 2803 5366 'Ecclesiae
2850 5310 3110 5365 dominio
3142 5326 3207 5364 ac
3263 5306 3535 5380 potestati
3592 5304 3731 5358 sub-

2075 5385 2298 5455 jicitur.
2352 5384 2494 5439 Vide
2540 5385 2741 5455 Baron.
2805 5399 2899 5455 an.
2960 5382 3049 5445 57,
3112 5380 3403 5455 θυαμ-’24
3461 5382 3517 5432 et
3572 5390 3731 5455 seqq.

2084 5447 2271 5527 usque
2302 5456 2371 5509 ad
2407 5456 2493 5508 42.
2530 5453 2793 5509 Bellarm.
2829 5454 2902 5508 De
2932 5455 3083 5509 Rom.
3113 5455 3265 5522 pont.
3301 5450 3399 5505 lib.
3433 5465 3485 5515 v,
3520 5464 3570 5502 c.
3604 5447 3635 5500 4
3678 5451 3735 5501 et

2082 5542 2246 5597 seqq.
2280 5528 2361 5581 In.
