4038 6210
381 338 501 402 ’199

1754 339 2140 405 ANAGLE'I‘I
2182 339 2419 403 PAPJE
3637 346 3738 410 800

378 473 577 530 dicens
610 476 625 530 Ξ
679 478 964 546 Ingressus
1017 488 1073 530 es
1126 473 1363 546 quidem,
1399 476 1677 548 inquiunt,
1724 486 1783 533 ut
1810 478 2019 533 aduena
2048 477 2101 545 Α
2134 476 2253 531 rint
2281 476 2655 548 quaestiones,
2689 478 2791 531 aut
2818 473 3227 548 episcoporum
3258 474 3346 533 vel
3371 476 3639 550 majorum
3660 484 3739 553 ju-

376 563 627 634 nunquid
657 569 721 618 ut
741 562 958 634 judices
977 564 1022 608 τ³
1041 564 1069 619 ?
1097 566 1141 599 7‘
1180 564 1554 638 Unaquaeque
1585 567 1882 639 provincia
1904 571 2022 622 tam

367 653 539 723 juxta
568 651 836 708 Ecclesiae
869 670 1040 724 quam
1066 655 1236 725 juxta
1266 656 1456 711 saeculi
1482 656 1659 729 leges,
1692 674 1832 712 suos
1854 656 2025 711 debet

365 742 560 813 justos
583 746 640 797 et
669 759 784 796 non
814 742 1049 814 iniquos
1077 743 1290 801 habere
1310 745 1563 814 judices,
1597 750 1654 801 et
1700 763 1813 801 non
1844 750 2024 801 exter-

368 846 499 901 nos,
532 830 643 886 nisi
676 832 1003 902 apostolica;
1036 834 1192 889 sedis
1222 834 1400 905 hujus
1424 836 1741 891 decreverit
1772 834 2019 891 auctori-

370 924 479 986 tas,
515 924 804 991 quatenus
851 921 1187 994 quicunque
1227 940 1465 979 causam
1514 924 1805 995 habuerit,
1866 924 2017 995 apud

374 1024 517 1064 suos
536 1010 1181 1081 “judicesjudicetur;
1218 1018 1273 1067 et
1303 1030 1415 1068 non
1450 1014 1523 1068 ad
1552 1013 1809 1081 alienos,»
1845 1030 2021 1069 causa

368 1098 639 1169 vagandi,
658 1098 1000 1155 stimulante
1029 1101 1334 1171 protervia,
1360 1119 1529 1157 suam
1554 1103 1884 1173 despiciens
1917 1119 2017 1172 pa-

369 1186 568 1255 triam,
598 1191 878 1257 transeat,
911 1191 1011 1245 sed
1042 1192 1113 1245 ad
1144 1192 1187 1226 ⁷⁶
1217 1191 1527 1247 duodecim
1570 1193 1836 1263 ejusdem
1888 1209 2015 1263 pro-

367 1274 569 1331 vincias
594 1278 847 1347 judices,
881 1280 952 1333 ad
984 1295 1233 1350 quorum
1258 1281 1550 1351 judicium
1582 1296 1785 1335 omnes
1830 1298 2017 1336 causae

370 1363 668 1420 civitatum
692 1367 1041 1439 referuntur,
1074 1369 1366 1424 deferatur
1387 1370 1703 1442 negotium.
1732 1370 1788 1425 Si
1820 1376 2016 1425 autem

371 1452 547 1507 fuerit
572 1452 1032 1509 ecclesiasticum
1063 1458 1214 1526 apud
1248 1458 1552 1528 episcopos
1576 1457 2017 1527 (interveniente

372 1542 663 1613 primate),
688 1543 979 1613 siquidem
1003 1546 1188 1615 major
1212 1562 1388 1601 causa
1418 1547 1625 1601 fuerit:
1661 1548 1710 1601 si
1744 1562 1874 1601 vero
1908 1547 2016 1599 mi-

372 1647 498 1700 nor,
531 1632 1013 1703 metropolitano;
1049 1633 1097 1689 si
1126 1651 1259 1689 vero
1300 1636 1472 1691 fuerit
1518 1634 1817 1703 saeculare,
1860 1636 2016 1706 apud

372 1720 635 1790 ejusdem
667 1721 886 1776 ordinis
920 1722 1324 1793 viros,judicio
1356 1729 1549 1780 tamen
1577 1725 2015 1796 episcoporum;

2135 566 2307 632 dicia,
2339 570 2440 621 aut
2470 566 2721 637 majores
2760 582 2947 620 causa:
2976 565 3190 620 fuerint
3215 583 3227 631 ;
3252 566 3297 601 ⁸³
3316 566 3385 621 ad
3412 567 3595 623 sedem
3622 585 3738 642 apo-

2135 655 2395 711 stolicam
2456 656 2527 724 (si
2584 654 2940 727 appellatum
3002 654 3194 726 fuerit)
3250 655 3561 712 referantur
3606 660 3736 729 (10);

2134 744 2410 815 quoniam
2446 743 2690 817 apostoli
2729 743 2836 801 hoc
2862 747 3196 799 statuerunt
3226 744 3332 814 (11)
3355 743 3605 815 jussione
3636 746 3737 801 Sal-

2132 834 2367 901 vatoris,
2429 837 2493 888 ut
2568 834 2820 904 majores
2878 836 2933 887 et
3004 831 3359 888 difficiliores
3406 834 3736 907 quaestiones,

2133 938 2365 993 semper
2410 924 2479 977 ad
2525 923 2723 978 sedem
2777 922 3115 977 deferantur
3145 921 3534 993 apostolicam,
3591 939 3738 995 super

2131 1028 2310 1083 quam
2367 1011 2636 1068 Christus
2682 1012 3013 1067 universam
3062 1010 3388 1067 construxit
3440 1011 3735 1081 Ecclesium,

2130 1102 2357 1159 dicente
2387 1102 2512 1173 ipso
2544 1101 2615 1156 ad
2642 1101 2875 1157 beatum
2907 1100 3229 1172 principem
3262 1105 3636 1171 apostolorum
3655 1102 3736 1157 Pe-

2136 1198 2329 1245 trum:
2365 1192 2439 1244 Tu
2468 1206 2540 1258 es,
2586 1190 2796 1261 inquit,
2841 1191 3055 1255 Petrus,
3089 1195 3142 1244 et
3180 1204 3349 1261 super
3379 1188 3516 1244 hanc
3562 1197 3739 1260 petram

2133 1278 2420 1349 aediﬁcabo
2472 1278 2767 1333 Ecclesium
2820 1294 2999 1333 meam
3030 1278 3097 1344 ⁸³,
3130 1281 3188 1332 et
3218 1276 3458 1349 reliqua.
3485 1276 3563 1331 Sit
3608 1294 3737 1349 ergo,

2136 1370 2367 1435 fratres,
2400 1368 2730 1423 constantia
2756 1370 2949 1423 vestra
2970 1367 3250 1422 adversus
3271 1366 3646 1422 contentiones
3663 1382 3738 1422 eo—

2131 1475 2262 1513 rum
2295 1458 2391 1528 qui
2426 1458 2673 1513 adversa
2693 1456 2950 1528 sapiunt,
2976 1460 3032 1511 et
3068 1472 3185 1511 non
3217 1471 3341 1527 quae
3371 1455 3466 1510 Dei
3518 1459 3639 1509 sunt
3663 1471 3739 1510 sa-

2130 1547 2319 1618 piunt,
2353 1551 2411 1601 et
2440 1546 2550 1602 erit
2581 1546 2784 1601 fortior
2813 1548 2976 1616 petra
3006 1544 3339 1600 constantia
3365 1547 3565 1614 vestra,
3605 1543 3733 1599 sicut

2128 1636 2411 1707 scriptum
2444 1639 2565 1690 est:
2599 1635 2674 1689 Ne
2703 1634 3003 1689 timueritis
3031 1633 3102 1689 ab
3130 1634 3238 1701 his,
3261 1648 3433 1705 neque
3461 1634 3737 1688 terreamini

2128 1743 2162 1780 a
2207 1727 2356 1793 facie
2409 1740 2599 1779 eorum
2646 1725 2740 1796 qui
2768 1739 2961 1794 corpus
3011 1722 3295 1790 occidunt,
3326 1722 3562 1776 animam
3586 1723 3739 1776 autem

372 1825 507 1864 cum
555 1809 864 1881 Apostolus
896 1812 1252 1882 privatorum
1286 1812 1752 1869 Christianorum
1809 1830 2017 1869 causas
2052 1853 2097 1916 Β
2127 1830 2239 1870 non
2264 1816 2489 1884 possunt
2546 1812 2874 1868 occidere“.
2906 1811 3063 1881 Quod
3120 1819 3304 1867 autem
3352 1813 3410 1865 in
3436 1827 3568 1865 aure
3610 1811 3743 1865 audi~

375 1897 564 1968 magis
578 1897 837 1954 ecclesiis
859 1899 1090 1968 deferri,
1126 1900 1413 1957 etibidem
1440 1902 2022 1974 sacerdotalijudicio

376 1986 680 2041 terminari
708 1986 892 2043 voluit
916 1990 978 2042 7".

1156 2162 1243 2215 IV.

378 2303 440 2358 Ut
478 2317 764 2377 oppressus
810 2303 1021 2377 judicio
1068 2306 1428 2360 saecularium
1476 2308 1711 2377 appellet
1757 2306 2025 2372 judicium

442 2374 821 2448 sacerdotum,
886 2385 935 2429 et
988 2376 1082 2448 de,
1116 2378 1417 2448 majoribus
1484 2374 1665 2433 causis
1721 2378 1788 2433 ad
1845 2378 2023 2433 scllem

444 2447 803 2516 apostolicam
832 2447 1152 2517 referendis.

445 2614 487 2646 ⁷⁸
516 2613 721 2669 Omnis
752 2615 909 2669 enim
970 2632 1307 2687 oppressus,
1344 2619 1387 2652 79
1418 2616 1599 2672 libere
1652 2620 2023 2673 sacerdotum

377 2700 449 2771 (si
480 2701 746 2774 voluerit)
779 2704 1359 2776 appelletjudicium,
1393 2711 1449 2761 et
1486 2724 1519 2761 a
1542 2706 1699 2762 nullo
1726 2708 2029 2778 prohibea-

376 2793 494 2861 tur,
520 2791 620 2846 sed
654 2792 723 2847 ab
746 2792 837 2847 his
869 2792 1142 2849 fulciatur
1161 2794 1527 2851 etliberetur.
1563 2796 1621 2851 Si
1655 2800 1848 2851 autem
1881 2796 2029 2850 diffi-

378 2878 519 2934 ciles
548 2896 759 2951 causae,
793 2885 892 2935 aut
941 2883 1163 2953 majora
1218 2883 1451 2955 negotia
1481 2888 1611 2939 orta
1660 2884 1895 2952 fuerint,
1954 2886 2025 2939 ad

380 2967 660 3036 majorem
693 2969 891 3024 sedem
942 2972 1284 3026 referantur.
1318 2973 1385 3026 Et
1416 2973 1465 3026 si
1515 2971 1634 3027 illic
1694 2972 1858 3028 facile
1907 2974 2026 3028 dis-

377 3054 534 3110 cerni
565 3071 680 3110 non
714 3061 1004 3128 poterunt,
1037 3060 1315 3131 autjuste
1346 3060 1669 3130 terminari,
1708 3062 1802 3116 ubi
1854 3063 2029 3117 fuerit

379 3160 746 3200 summorum
781 3152 1130 3219 congregata
1160 3150 1553 3220 congregatio,
1587 3166 1713 3220 quae
1757 3167 1856 3221 per
1903 3151 2023 3205 sin-

2131 1905 2220 1969 tis,
2251 1902 2556 1974 pradicant
2584 1904 2642 1957 in
2675 1902 2903 1968 lumine,
2944 1902 3110 1956 illum
3162 1902 3412 1955 timentes
3464 1900 3555 1970 qui
3599 1905 3741 1969 potest

2132 1994 2385 2048 animam
2442 1998 2493 2046 et
2549 2006 2745 2061 corpus
2799 1990 3044 2047 occidere
3096 1993 3148 2045 et
3202 1990 3419 2044 mittere
3464 1991 3521 2043 in
3572 1987 3739 2058 gehen-

2090 2112 2093 2113 ν
2131 2098 2264 2136 nam
2289 2081 2352 2133 ⁸⁵.
2384 2085 2606 2136 Fratres
2633 2080 2761 2149 mei,
2807 2081 2867 2133 in
2904 2095 3069 2134 carne
3122 2077 3483 2146 ambulantes,
3537 2092 3633 2130 non
3678 2090 3739 2130 se-

2133 2170 2376 2225 cundum
2406 2185 2630 2223 carnem
2660 2169 2986 2223 militamus.
3019 2168 3187 2222 Arma
3228 2167 3377 2222 enim
3428 2166 3634 2221 militiae
3656 2180 3737 2218 no-

2131 2267 2265 2315 strae
2293 2274 2401 2314 non
2448 2260 2722 2324 carnalia,
2777 2258 2876 2313 sed
2898 2258 3148 2329 potentia
3179 2261 3313 2322 Deo,
3371 2254 3438 2310 ad
3467 2254 3739 2309 destructio-

2132 2366 2257 2405 nem
2313 2350 2709 2415 munitionum,
2766 2347 2998 2401 consilia
3051 2346 3405 2409 destruentes,
3458 2348 3505 2399 el
3558 2358 3738 2399 omnem

2133 2439 2527 2493 exultationem
2568 2437 2913 2491 extollentem
2943 2452 3000 2490 se
3037 2436 3299 2489 adversus
3328 2435 3604 2488 scientiam
3644 2432 3736 2496 Dei,

2135 2531 2183 2581 et
2240 2530 2296 2581 in
2363 2528 2731 2597 captivitatem
2763 2526 3066 2595 redigentes
3115 2538 3333 2578 omnem
3380 2522 3738 2591 cogitationem,

2133 2627 2189 2672 et
2222 2619 2281 2671 in
2310 2618 2629 2685 obsequium
2662 2614 2869 2670 Christo
2922 2614 3282 2685 perducentes
3310 2612 3373 2664 ⁸⁸.
3435 2615 3514 2665 De
3560 2616 3737 2672 caetero,

2133 2710 2354 2777 fratres,
2384 2704 2777 2775 confortamini
2823 2706 2883 2758 in
2912 2704 3163 2770 Domino,
3194 2707 3252 2756 et
3281 2703 3344 2755 in
3383 2700 3613 2770 potentia
3648 2700 3741 2767 for-

2136 2795 2394 2851 titudinis
2423 2794 2618 2865 ejus“,
2662 2798 2726 2847 ut
2755 2809 2866 2863 pax
2893 2791 3057 2847 vobis
3088 2790 3279 2845 multa
3306 2794 3363 2846 et
3390 2788 3566 2861 gratia
3593 2803 3623 2841 a
3646 2785 3738 2839 Deo

2135 2888 2191 2939 et
2212 2883 2457 2939 Domino
2488 2884 2688 2937 nostro
2739 2881 2876 2937 Jesu
2926 2880 3157 2937 Christo
3207 2878 3579 2934 ministretur.
3630 2876 3738 2929 Am-

2138 2971 2449 3043 plectimur
2480 2974 2536 3026 et
2567 2968 2925 3034 osculamur,
2958 2986 3024 3024 ac
3055 2967 3105 3023 si
3136 2971 3473 3038 praesentes,
3524 2963 3739 3020 charito-

2136 3066 2254 3115 tem
2286 3064 2560 3125 vestram,
2593 3060 2653 3112 in
2688 3058 2915 3113 unitate
2972 3057 3243 3128 Spiritus,
3280 3056 3339 3111 in
3369 3053 3585 3110 vinculo
3615 3049 3747 3124 pacis

2139 3154 2195 3204 et
2225 3149 2526 3203 charitatis
2556 3146 2789 3201 Christi.
2836 3149 3071 3218 Propter
3114 3146 3278 3215 quod,
3328 3142 3640 3207 charissimi,
3675 3155 3749 3194 ex-

376 3232 547 3305 gulos
578 3250 763 3290 annos
794 3236 883 3291 bis
911 3236 1035 3291 fieri
1074 3236 1221 3293 solet
1276 3240 1374 3309 (9),
1409 3242 1465 3293 et
1520 3238 1730 3305 debet;
1757 3241 1918 3309 juste
1976 3243 2033 3294 et
2062 3222 2105 3289 C
2142 3244 2460 3311 spectantes,
2495 3241 2731 3304 satagzte
2760 3236 3103 3290 immaculatt
3142 3242 3193 3289 et
3250 3233 3503 3289 inviolati
3550 3227 3748 3285 inveniri

380 3322 496 3379 Deo
527 3322 737 3393 placita
768 3341 961 3380 coram
996 3326 1331 3396 patriarcha
1361 3331 1461 3381 aut
1490 3328 1738 3398 primate
1768 3327 2036 3383 ecclesia-

2145 3330 2203 3383 in
2227 3342 2382 3398 pace,
2434 3330 2489 3380 et
2518 3326 2744 3379 Domini
2797 3325 2973 3379 nostri
3029 3324 3521 3393 longanimitatem,
3556 3318 3747 3373 salutem

382 3410 547 3482 stico,
608 3415 665 3466 et
717 3428 910 3468 coram
968 3414 1208 3485 patricio
1240 3418 1281 3459 ⁸ο
1330 3415 1591 3471 saeculari
1625 3417 1667 3451 ⁸1
1694 3417 2038 3486 judicentur
2147 3416 2520 3482 arbitremini,
2580 3415 2623 3448 ⁸⁸
2652 3416 2792 3468 sicut
2866 3421 2917 3468 et
2980 3413 3351 3467 charissimus
3396 3414 3561 3482 frater
3603 3412 3753 3461 noster

386 3499 618 3572 negotia
648 3500 705 3555 in
738 3517 1064 3557 commune.
1100 3505 1260 3567 Quod
1294 3505 1346 3559 si
1375 3504 1732 3559 difficiliores
1764 3510 1901 3560 ortae
1922 3506 2039 3560 fue-

460 3716 504 3750 ⁷³
534 3716 742 3772 Genes.
795 3733 911 3787 Xix,
970 3719 1023 3771 9.
1102 3720 1145 3759 τι
1200 3735 1285 3781 iii,

385 3789 440 3859 2,
470 3804 526 3859 q.
559 3789 613 3841 6.
692 3788 738 3829 76
767 3790 934 3842 Cone.
969 3789 1237 3859 Carthag.
1271 3806 1351 3853 x1,
1385 3792 1466 3843 lO.

390 3858 572 3925 titili,
604 3863 789 3913 const.
824 3861 857 3912 8
883 3863 939 3913 et
966 3862 1019 3913 9.
1054 3858 1223 3914 Cone.
1259 3860 1451 3915 Colon.
1512 3862 1634 3915 887.

384 3930 623 4000 praside
669 3930 912 4001 reponit.
1019 3930 1063 3965 δι
1098 3949 1203 3986 ms.
1258 3933 1571 3986 scccularia.

1336 3722 1538 3788 quaest.
1564 3790 1579 3792 (ί
1594 3720 1647 3772 6.
1703 3720 2035 3792 Unaquaequ

2143 3720 2419 3792 trovincia.
2470 3738 2474 3742 ·
2523 3720 2566 3752 ⁷⁵
2597 3720 2802 3792 Codex.
2863 3720 3084 3792 _Theod.
3147 3720 3249 3768 lib.
3307 3720 3463 3792 ihtit

1563 3790 1604 3823 ττ
1638 3792 1657 3845 1
1688 3776 1943 3844 Corinth.
1967 3776 2033 3845 ’γι

1563 3862 1634 3912 η.
1741 3862 1784 3898 so
1826 3862 1963 3912 Vide
2019 3876 2035 3912 ι

2143 3791 2174 3825 ’⁸
2208 3808 2289 3858 ili,
2351 3794 2557 3861 quaest.
2592 3793 2645 3853 (3,
2708 3789 2897 3869 Omnis
2950 3802 3252 3912 oppressus.
3334 3776 3377 3819 ⁷⁵
3408 3784 3523 3838 Lib.
3556 3800 3588 3847 ι,
3638 3776 3745 3852 Cod;

2143 3862 2582 3912 .Aueustinum
2642 3860 2701 3912 in
2759 3864 2911 3912 notis
2968 3876 3000 3912 a
3073 3856 3201 3912 coll.
3268 3857 3439 3910 Hadr.
3476 3871 3519 3908 c.
3572 3854 3621 3912 9,
3670 3849 3745 3903 ubi

1741 3862 1784 3898 ⁸ο
1826 3862 1963 3916 Vide
2019 3864 2151 3916 Ant.
2185 3862 2583 3933 Augustinum
2642 3860 2701 3933 in
2759 3860 2911 3933 notis
2968 3876 3000 3913 a

2147 3505 2358 3560 Paulus
2384 3504 2685 3559 secundum
2728 3503 2914 3557 datam
2941 3502 3046 3556 sibi
3082 3502 3421 3572 sapientiam
3447 3499 3647 3569 scripsit
3685 3508 3751 3548 vo-

2523 3719 2566 3752 τε
2597 3717 2802 3773 Codex.
2868 3715 3084 3771 Theod.
3147 3714 3249 3768 lib.
3307 3731 3369 3779 u,
3403 3713 3470 3767 tit
3522 3713 3543 3765 1
3596 3709 3743 3779 cons!-

3073 3856 3201 3912 coll.
3268 3857 3439 3910 Hadr.
3476 3871 3519 3908 c.
3572 3842 3621 3914 9,
3670 3842 3747 3903 ubi

1677 3934 1722 3966 ⁸2
1756 3933 1951 4005 Innoc.
1988 3936 2030 4002 l,

2146 3977 2156 3987 .
2216 3918 2309 4003 x1:
2356 3950 2481 4003 cap.
2518 3934 2582 4005 3.,
2648 3932 2692 4005 ἐξ
2722 3930 2921 3985 Matth.
2982 3946 3094 4005 xvi,
3138 3930 3224 3983 18.
3306 3929 3350 3961 ⁸⁸
3398 3927 3527 4005 Luc.
3580 3938 3675 4005 iiii,

460 3990 752 4083 fflt‘llatth:
774 4019 829 4071 Χ,
1012 4002 1070 4083 ,⁸⁸
1102 4003 1151 4056 ΙΙ
1180 4002 1305 4083 ρος.
1337 4020 1421 4083 x,‘
1453 4004 1569 4083 3-5Ἰ
1619 4004 1689 4083 ’⁸⁷
1722 4004 1963 4083 AEphes.‘
2012 3990 2035 4057 ὖ

2152 4005 2237 4083 1⁸0,
2282 3990 2487 4083 ’88_H‘ae
2539 4001 2897 4083 similesque.
2928 3990 3148 4073 passim
3208 4001 3541 4054 occurentes
3588 3990 3750 4048 lac-ina

390 4087 421 4126 e
451 4070 650 4128 bibliis
681 4070 983 4143 descriptae
1012 4072 1183 4145 longe
1215 4073 1431 4128 absunt
1462 4091 1495 4128 a
1525 4073 1672 4145 stylo
1704 4070 1988 4142 Anacleti,
2022 4070 2334 4131 alteriusve
2364 4074 2608 4129 Romani
2643 4070 2952 4145 pontiﬁcis:

463 4283 837 4378 (Piper;
851 4286 1132 4378 ΔΞξτῖραιοδ
1162 4286 1632 4378 annosLbjisjieri
1657 4288 1810 4378 solet.
1841 4287 2043 4378 Si]???
2078 4315 2125 4378 D

393 4355 791 4427 apostolorum
824 4356 1008 4429 legem
1040 4374 1105 4412 ac
1130 4358 1613 4413 consuetudinem
1642 4375 1652 4412 :
1688 4360 1756 4413 de
1779 4376 1895 4429 qua
1916 4360 2044 4414 vide

390 4442 598 4483 canon.
632 4428 875 4497 apostol.
905 4429 993 4483 38.
1027 4429 1153 4484 Ssv.
1188 4434 1412 4484 BINIUB.

463 4498 578 4569 (10)
609 4500 834 4571 Maiores
864 4515 1112 4564 causae...
1142 4502 1221 4555 ad
1264 4502 1449 4554 sedem
1497 4500 1860 4568 apostolicam
1914 4504 2047 4571 refe-

397 4572 616 4625 rantur.
651 4569 767 4625 Hoc
798 4571 1051 4626 Anacleti
1082 4572 1379 4626 decretum
1411 4572 1557 4626 bene
1579 4576 1635 4626 et
1657 4573 1817 4642 justo
1863 4569 2046 4627 latum

404 4656 533 4713 esse
554 4656 622 4695 ex
650 4657 716 4696 eo
745 4647 922 4712 patet,
956 4644 1110 4713 quod
1142 4642 1467 4698 universale
1496 4649 1550 4698 et
1571 4642 1896 4713 legitimum
1920 4645 2048 4699 Sar-

300 4744 311 4751 ι
405 4712 640 4786 dicence
670 4712 989 4769 concilium
1015 4732 1237 4786 canone
1267 4716 1295 4768 /i
1318 4720 1375 4769 et
1404 4712 1661 4786 7,7plan’e
1703 4715 1857 4769 idem
1916 4732 2049 4770 con-

403 4784 695 4857 stituerit;
728 4787 1000 4857 quodque
1025 4785 1290 4841 Gelasius
1312 4786 1369 4839 in
1392 4784 1654 4855 epistolis
1673 4787 1741 4840 ad
1773 4788 2051 4842 Faustum

404 4859 461 4909 et
491 4856 564 4937 ad
595 4855 1243 4937 episcoposiDardapiai
1264 4856 1501 4937 scribat,
1534 4858 1856 4937 secundum
1886 4875 2054 4937 cano-

404 4942 508 4981 nes
532 4926 675 4993 fieri,
704 4926 867 5008 _quod
898 4930 1078 4984 totius
1096 4929 1383 5008 _Ecclesiae
1416 4928 1834 5008 appellationes
1857 4928 1926 4984 ad
1951 4931 2052 4984 Bo-

403 5013 592 5073 maiize
622 4998 1047 5073 sediseiiamen
1076 5000 1434 5073 deferantur,
1454 4998 1541 5054 ab
1576 5000 1931 5073 ipsahautem
1958 5018 2053 5073 ap-

402 5067 868 5154 pelllareOnemini
891 5072 1291 5154 permittatur.
1328 5075 1495 5154 Hanc
1548 5067 1878 5154 appellandi
1906 5067 2053 5154 cori:

401 5138 774 5196 suetudinem
808 5138 1283 5213 antiquissimam
1302 5158 1430 5197 esse
1463 5144 1519 5197 S.
1555 5138 1684 5214 Leo,
1717 5142 1963 5214 epistola
1982 5145 2053 5197 89

401 5215 671 5285 testatur,
701 5216 757 5267 et
794 5214 1341 5285 antiquissimorum
1374 5214 1443 5267 ad
1479 5213 1675 5268 sedem
1731 5213 2052 5270 Romanam

404 5283 827 5366 appellantium
842 5283 1113 5366 exempla
1135 5286 1499 5366 confirmant.
1526 5285 1777 5366 Marcion
1797 5286 1955 5366 enim
1980 5287 2052 5341 ab

404 5355 675 5427 episcopo
722 5355 781 5410 in
842 5355 1036 5412 Ponto
1078 5358 1577 5419 excomunicatus,
1639 5362 1765 5412 uta
1796 5359 2053 5413 Romano

446 5428 679 5482 ontiﬁce
709 5428 1122 5495 absolveretur,
1180 5430 1424 5483 Romani
1458 5430 1631 5482 venit.
1690 5429 2054 5500 Epiphanius

404 5444 679 5552 pontiuce
709 5444 1122 5495 ausoweretur,
1182 5444 1424 5483 uomam
1458 5444 1631 5482 venit.
1691 5444 2049 5500 ripipnanius

404 5500 715 5581 haeresi/e2.
746 5501 1095 5581 fortunatus
1119 5506 1171 5555 et
1205 5500 1447 5581 _Felix'in
1472 5500 1662 5581 Africa
1685 5517 1717 5554 a
1746 5502 2049 5581 Cypriano,

404 5570 685 5651 basilides
743 5572 810 5651 in
842 5572 1143 5651 Hispania,
1183 5570 1577 5651 depositi,_ad
1613 5570 1942 5651 Cornelium
2000 5579 2056 5651 et

404 5640 765 5712 Stephanum
780 5640 1050 5701 Romanae
1068 5640 1334 5700 Ecclesia:
1350 5643 1653 5716 pontifices
1666 5643 2052 5717 appellarunt.

2156 4286 2658 4359 Cyprianuslibro
2682 4286 2891 4359 primo,
2926 4282 3172 4359 epistola
3193 4282 3227 4335 3
3269 4287 3327 4359 et
3355 4283 3404 4336 4.
3456 4272 3750 4359 Athanasius

2157 4345 2642 4415 ab‘orientalibus
2665 4345 2988 4428 depositus,
3020 4355 3092 4409 ad
3124 4355 3455 4428 pontificem
3476 4345 3750 4428 appellavi}.

2157 4436 2212 4485 et
2244 4432 2315 4484 ab
2347 4448 2413 4485 eo
2446 4415 2755 4484 restitutus
2794 4434 2895 4482 est.
2934 4415 3295 4482 szonienus
3325 4425 3423 4479 lib.
3473 4415 3747 4494 ii'i,'cap.u7;

2157 4502 2491 4627 Plurazz'idle
2521 4501 2674 4572 apud
2708 4499 2977 4554 Bellarm.
3011 4497 3108 4552 lib.
3144 4514 3207 4567 Il,
3239 4498 3317 4551 De
3352 4484 3569 4552 Roman.
3591 4484 3749 4561 pontii.

2162 4591 2289 4627 can.
2400 4616 2411 4627 .
2474 4590 2522 4627 ο.

2162 4591 2289 4629 can.
2322 4576 2411 4628 21.
2446 4576 2522 4627 In.

2233 4591 2655 4715 Filflézlgniam
2692 4641 2923 4715 apostoli
2952 4641 3420 4715 hoc_statuerunt.
3452 4635 3595 4715 Hanc
3641 4642 3753 4715 apo-

2162 4703 2444 4772 stolorum
2504 4703 3292 4786 constitutionem_clemens
3343 4710 3383 4763 Ι.
3431 4723 3474 4786 ρ

2162 4804 2213 4843 c.
2248 4788 2335 4853 43,
2368 4804 2435 4842 ex
2465 4784 2943 4858 interpretatione
2988 4780 3283 4858 Tun-iani,
3341 4795 3411 4835 ex
3434 4775 3583 4858 _B_ovii
3609 4775 3755 4858 inter-

2162 4842 2482 4941 pretatione
2511 4842 2705 4940 autem
2736 4873 2784 4911 c.
2819 4856 2907 4923 49,
2932 4857 3193 4909 recenset
3214 4842 3310 4907 his
3336 4848 3521 4905 verbis
3542 4862 3556 4901 :
3576 4866 3604 4895 «
3634 4842 3751 4897 Pra-

2163 4929 2321 4986 clara
2350 4930 2662 4985 Christiani
2694 4928 2821 4983 laus
2852 4930 2959 4986 est.
2984 4940 3117 4980 cum
3173 4921 3336 4978 nullo
3368 4920 3569 4976 habere
3616 4926 3752 4986 nego-

2351 4968 2535 5064 “6de
2684 5016 2751 5055 ex
2810 4968 3010 5069 aliqua
3046 4994 3347 5069 vexatione
3377 4996 3433 5069 et
3485 4984 3754 5069 tentationg

2162 5072 2335 5128 alicui
2356 5062 2428 5127 lis
2468 5062 3008 5144 oriatur,gcur_et-ut
3046 5083 3112 5122 ea
3155 5064 3532 5144 transigatur,
3570 5062 3756 5144 etiam?

2163 5124 2589 5199 detrimentum
2601 5124 2982 5215 pati—debeat
3002 5157 3032 5215 r;_
3061 5153 3167 5215 nec
3205 5136 3276 5192 ad
3319 5124 3601 5215 ethnicum
3629 5124 3754 5215 jugl-

2162 5193 2740 5290 Ei'dhi'E'cEeEiii,_’gEa
2770 5193 2879 5290 nec
2892 5193 3173 5290 :patiatur
3228 5193 3753 5290 mundanosnmfgl:

2166 5266 2413 5343 giEinug'
2426 5266 2693 5361 dent-ibis
2712 5266 2833 5357 just
2846 5266 3039 5361 dicere
3062 5297 3075 5337 :
3098 5295 3258 5361 nam_
3269 5274 3514 5361 peroi‘llos
3528 5266 3748 5361 diagboltlf

2162 5376 2358 5415 servos
2390 5360 2487 5414 Dei
2519 5348 2788 5423 vexatfet
2817 5354 2985 5411 nobis
3016 5356 3216 5409 notam
3244 5348 3444 5426 inurit,
3472 5348 3747 5426 quasina!

2163 5412 2487 5486 habeamus
2517 5412 2837 5501 nosunum
2877 5426 3233 5501 sapientem,
3261 5420 3359 5492 qui
3424 5412 3600 5501 possit
3628 5412 3749 5501 inter

2164 5508 2358 5573 partes
2377 5506 2478 5573 jus
2526 5495 2966 5558 administrare-
2994 5500 3050 5553 et
3107 5495 3515 5551 controversias
3551 5495 3746 5555 compo-

2164 5590 2319 5630 nere.
2365 5598 2391 5623 )›
2416 5580 2493 5628 ID.
