4038 6210
396 448 514 508 803

1752 441 2140 502 ANACLETI
2185 440 2416 501 PAP/E
3652 446 3750 507 804

396 580 593 651 potius
623 578 695 633 ab
726 576 1000 633 omnibus
1031 576 1098 613 ¹⁰⁰
1126 574 1399 631 fidelibus
1430 575 1721 646 portendi,
1754 575 1881 647 ipso
1930 576 2035 630 Do-
2066 576 2121 641 Α
2150 574 2308 629 tibus
2357 573 2684 629 consentire
2732 591 2745 641 ;
2783 573 2937 645 quia
2980 589 3095 627 non
3147 572 3335 628 solum
3394 574 3489 644 qui
3537 575 3747 634 faciunt’

397 667 557 723 mino
587 665 920 738 exemplum
951 665 1387 736 dante,quando
1419 682 1519 737 per
1549 664 1894 735 seipsum,et
1925 681 2039 719 non

397 772 499 828 per
529 755 731 821 alium,
764 755 1103 823 vendentes,
1125 758 1181 809 et
1210 757 1469 808 ementes
1500 754 1668 823 ejecit
1699 753 1768 806 de
1800 751 2038 824 templo.

397 850 454 901 et
483 860 718 900 mensas
733 842 1262 898 nummulariorum
1278 848 1333 898 et
1346 843 1652 897 cathedras
1666 842 2039 897 vendentium

398 934 634 1006 proprio
664 933 871 989 evertit
902 932 1221 1004 ﬂagello,et
1252 932 1420 1001 ejecit
1448 933 1517 985 de
1547 932 1861 1002 templo.Et
1894 933 2045 985 sicut

401 1021 538 1077 alibi
571 1022 652 1077 ait
683 1039 695 1075 :
730 1024 867 1075 Deus
913 1021 1062 1075 stetit
1092 1022 1151 1074 in
1183 1036 1461 1091 synagoga
1491 1020 1733 1085 deorum,
1766 1021 1823 1072 in
1867 1018 2043 1071 medio

397 1114 583 1165 autem
611 1110 734 1165 deos
766 1112 781 1144 ί
815 1110 1057 1164 decernit
1086 1110 1105 1141 2
1133 1127 1145 1175 ;
1179 1112 1235 1162 et
1261 1107 1433 1162 alibi:
1456 1109 1569 1179 Ego
1598 1108 1751 1161 dixi:
1774 1108 1866 1161 Dii
1893 1108 2039 1172 estis,

392 1207 444 1254 et
472 1200 582 1269 ﬁlii
614 1200 822 1253 Excelsi
852 1213 1034 1252 omnes
1062 1198 1103 1249 3.
1140 1196 1346 1252 Nullus
1392 1197 1549 1251 enim
1583 1196 1673 1266 (ut
1705 1196 1851 1265 reor)
1885 1195 2041 1248 inve-

394 1287 558 1342 nitur
586 1288 738 1342 inter
788 1303 915 1353 nos,
951 1286 1051 1356 qui
1101 1285 1235 1339 velit
1276 1301 1452 1339 suum
1504 1301 1732 1339 servum
1787 1285 1856 1337 ab
1907 1283 2039 1349 alio,

393 1393 570 1449 quam
602 1394 635 1431 a
665 1393 746 1446 se,
773 1374 1023 1446 judicari
1062 1392 1073 1428 :
1109 1375 1259 1443 quod
1295 1375 1342 1428 si
1378 1377 1801 1445 praesumptum
1846 1371 2040 1438 fuerit,

386 1470 487 1521 aut
518 1465 702 1520 multa
749 1465 873 1535 ipse
905 1462 1303 1533 indignatione
1355 1462 1657 1526 irascitur,
1695 1465 1793 1515 aut
1846 1460 2041 1531 potius

387 1553 671 1610 ultionem
705 1552 912 1624 quaerit
937 1569 1115 1623 super
1145 1567 1301 1605 eum.
1336 1551 1395 1605 Si
1428 1568 1560 1605 vero
1612 1550 1720 1605 hoc
1754 1550 1907 1603 inter
1937 1549 2041 1603 ho-

391 1643 581 1698 mines
611 1642 823 1713 agitur,
858 1641 997 1710 quid
1032 1640 1250 1711 putatis
1282 1640 1454 1693 faciet
1488 1639 1641 1693 Deus
1690 1639 1953 1703 deorum,
1986 1642 2042 1691 et

393 1731 674 1787 Dominus
706 1729 1159 1798 dominantium,
1188 1729 1287 1799 qui
1324 1728 1605 1783 ultionem
1640 1744 1879 1782 suorum
1920 1744 2042 1796 pro-

396 1820 559 1875 misit
590 1836 704 1874 non
738 1817 965 1871 differre
997 1833 1296 1872 servorum
1322 1816 1514 1871 ?Unde
1544 1820 1600 1871 et
1634 1816 1758 1886 ipse
1790 1832 1889 1886 per
1914 1815 2042 1869 Pro-

393 1911 629 1981 phetam
661 1905 937 1978 loquitur,
972 1906 1173 1960 dicens
1210 1922 1222 1960 :
1258 1907 1395 1960 Deus
1424 1906 1698 1959 ultionum
1745 1907 2040 1973 Dominus,

316 2028 319 2029 ν
393 2002 537 2053 Deus
566 1996 841 2051 ultionum
881 1995 1050 2048 libere
1078 1995 1187 2063 egit
1219 1993 1238 2025 ‘
1272 2011 1283 2046 ε
1315 1998 1372 2048 et
1401 1992 1645 2064 reliqua.
1678 1994 1746 2046 Et
1793 1996 2038 2063 Aposto—

390 2087 483 2141 lus
514 2084 747 2156 inquit:
784 2084 855 2138 Tu
884 2085 1006 2153 quis
1035 2098 1109 2148 es,
1142 2083 1237 2154 qui
1258 2082 1477 2153 judicas
1507 2098 1724 2137 servum
1757 2082 2043 2135 alienum?

389 2175 497 2231 Suo
526 2176 679 2229 enim
726 2173 948 2227 domino
976 2179 1083 2226 stat
1127 2173 1221 2225 aut
1267 2170 1411 2225 cadit
1439 2171 1478 2223 ⁵.
1526 2172 1597 2225 Et
1643 2170 1781 2241 ipsa:
1818 2188 1829 2223 :
1864 2170 2043 2225 Nolite

383 2264 639 2337 judicare
672 2262 928 2330 invicem,
960 2260 1054 2316 sed
1083 2261 1179 2315 hoc
1198 2260 1443 2331 judicate
1474 2262 1668 2329 magis,
1702 2275 1771 2313 ne
1818 2258 2041 2330 ponatis

393 2353 777 2426 oﬂendiculum
807 2353 977 2422 fratri
1006 2351 1089 2405 vel
1116 2350 1442 2404 scandalum
1470 2351 1510 2402 δ.
1530 2353 1593 2403 Et
1625 2348 1908 2403 Dominus
1942 2365 2042 2418 per

396 2442 739 2516 prophetam
790 2439 983 2510 inquit
1016 2454 1028 2494 :
1064 2440 1169 2506 Qui
1213 2454 1301 2493 vos
1332 2439 1527 2508 tangit,
1559 2439 1742 2505 tangit
1768 2436 2042 2507 pupillam

396 2533 546 2588 oculi
573 2532 683 2585 mei
710 2530 749 2580 ⁷.
783 2528 924 2583 Nam
970 2527 1019 2583 si
1051 2526 1264 2598 aliquis
1295 2543 1449 2580 nunc
1480 2526 1539 2579 in
1573 2524 1793 2580 malum
1842 2524 2041 2579 oculos

392 2620 643 2689 alicujus
672 2618 693 2651 ⁸
724 2615 1005 2688 principis
1037 2614 1243 2685 incipit
1272 2618 1541 2679 tractare,
1568 2613 1875 2668 manifeste
1907 2629 2041 2668 reus

394 2706 719 2779 majestatis
745 2704 1130 2775 judicatur,et
1159 2702 1402 2757 infamis
1434 2702 1814 2768 efﬁcitur,aut
1844 2702 2041 2773 potius

397 2795 624 2868 capitali
679 2792 978 2849 sententiae
1037 2792 1319 2862 subjacet.
1376 2793 1522 2856 Haec,
1585 2792 1812 2855 fratres,
1874 2790 2040 2846 valde

398 2886 652 2941 cavenda
698 2886 855 2948 sunt,
890 2886 946 2936 et
992 2882 1144 2952 quod
1176 2881 1444 2936 homines
1493 2880 1697 2935 nolunt
1743 2880 1853 2934 sibi
1896 2880 2037 2948 fieri,

402 2976 517 3030 Deo
549 2974 790 3028 deorum
826 2988 939 3026 non
971 2970 1184 3025 debent
1213 2971 1443 3036 inferre,
1479 2986 1548 3023 ne
1580 2970 1724 3024 forte
1757 2970 2043 3024 irascatur

402 3061 706 3130 Dominus,
739 3064 795 3115 et
825 3058 998 3114 faciat
1024 3059 1340 3113 vindictam
1388 3074 1610 3124 eorum,
1644 3057 1820 3113 etiam
1851 3057 1910 3112 in
1942 3074 2041 3113 eos

406 3150 506 3221 qui
521 3166 633 3205 non
650 3151 1060 3221 peccaverunt;
1078 3147 1216 3218 quia
1236 3146 1381 3218 perit
1394 3145 1923 3217 szepissimejustus
1937 3163 2039 3217 pro

398 3238 599 3311 impio.
651 3237 978 3294 Imitandus
1008 3240 1097 3291 est
1142 3238 1317 3291 etiam
1374 3235 1675 3305 Propheta,
1710 3251 1812 3306 per
1860 3251 2035 3306 quem

2151 664 2525 728 damnantur,
2577 664 2677 717 sed
2729 663 2829 733 qui
2880 662 3253 717 consentiunt
3302 662 3643 719 facientibus.
3686 668 3749 723 De

2150 751 2367 806 talibus
2408 755 2464 806 et
2504 751 2599 806 his
2647 750 2941 806 similibus
2991 752 3117 821 ipsa
3164 751 3387 805 Veritas
3432 752 3548 807 ait:
3590 755 3750 827 Vulpes

2149 842 2330 910 foveas
2360 841 2583 903 habent,
2615 850 2665 895 et
2712 841 2958 895 volucres
2986 838 3118 894 caeli
3163 839 3320 895 nidos
3352 860 3367 895 :
3399 842 3557 896 Filius
3597 854 3749 899 autem

2151 929 2393 983 hominis
2417 945 2527 984 non
2555 929 2713 983 habet
2744 931 2841 983 ubi
2868 938 3029 1000 caput
3058 945 3223 984 suum
3253 930 3479 984 reclinet
3512 932 3571 995 ιδ,
3601 932 3647 986 id
3682 940 3751 990 est

2152 1018 2211 1071 in
2242 1018 2462 1073 talibus
2493 1034 2607 1072 non
2641 1017 2867 1072 habitat
2884 1017 3300 1088 Dominus,nec
3330 1018 3437 1089 ipsi
3461 1026 3675 1075 manent
3700 1022 3746 1077 in

2152 1106 2313 1161 eo.Et
2342 1107 2618 1161 Salomon
2648 1106 2927 1177 loquitur,
2963 1106 3163 1161 dicens
3196 1124 3207 1161 :
3244 1107 3350 1174 Qui
3376 1107 3507 1176 fodit
3542 1110 3745 1181 foveam,

2150 1195 2357 1250 incidet
2386 1198 2445 1249 in
2488 1212 2609 1250 eam
2639 1212 2651 1249 :
2686 1203 2737 1249 et
2764 1196 2860 1265 qui
2888 1195 3057 1249 volvit
3105 1196 3367 1265 lapidem,
3396 1205 3667 1251 revertetur
3694 1199 3748 1253 ad

2152 1300 2297 1339 eum.
2333 1286 2543 1354 Lingua
2571 1285 2765 1355 fallar
2792 1299 2902 1338 non
2932 1292 3081 1338 amat
3108 1285 3413 1352 veritatem,
3443 1292 3495 1337 et
3523 1301 3575 1339 os
3603 1286 3747 1340 lubri-

2150 1390 2273 1427 cum
2303 1382 2559 1445 operatur
2588 1374 2786 1428 ruinas
2820 1374 2883 1427 ‘7.
2920 1372 3091 1428 Grave
3116 1377 3196 1428 est
3238 1389 3456 1439 samum,
3485 1383 3532 1428 et
3560 1391 3747 1431 onerosa

2150 1478 2321 1517 arena
2349 1480 2366 1515 :
2397 1463 2499 1517 sed
2530 1465 2616 1517 ira
2660 1463 2837 1529 stulti,
2871 1466 3098 1532 utroque
3143 1463 3365 1532 gravior
3396 1463 3456 1515 ¹⁸.
3507 1464 3745 1519 Hominem

2150 1552 2247 1621 qui
2273 1552 2655 1607 calumniatur
2700 1552 2900 1605 animm
2929 1553 3276 1622 sanguinem,
3309 1553 3360 1605 si
3406 1567 3563 1623 usque
3588 1552 3647 1607 ad
3684 1553 3747 1607 la-

2148 1655 2273 1693 cum
2302 1641 2527 1709 fugerit,
2576 1654 2732 1694 nemo
2759 1640 3008 1694 sustinet.
3061 1641 3168 1707 Qui
3196 1655 3253 1694 se
3282 1641 3448 1707 iactat
3474 1644 3519 1695 et
3559 1639 3744 1708 dilatat,

2140 1730 2338 1798 jurgia
2369 1730 2619 1782 concitat.
2674 1729 2786 1796 Qui
2814 1732 2998 1797 sperat
3049 1729 3115 1782 in
3160 1729 3413 1793 Domino,
3462 1729 3741 1784 salvabitur.

2152 1818 2261 1883 Qui
2307 1816 2527 1885 conﬁdit
2575 1833 2635 1869 in
2682 1816 2839 1871 corde
2872 1823 3005 1883 suo,
3053 1817 3258 1870 stultus
3306 1823 3431 1871 est:
3469 1819 3558 1887 qui
3599 1821 3746 1872 autem

2148 1904 2409 1973 graditur
2452 1904 2747 1975 sapienter,
2780 1906 2893 1974 ipse
2942 1904 3271 1959 laudabitur
3325 1906 3387 1958 ιθ.
3421 1905 3523 1973 Qui
3565 1906 3746 1975 fortiter

2144 1995 2350 2064 premit
2377 1995 2545 2047 ubera
2577 1992 2645 2047 ad
2678 1992 3007 2047 eliciendum
3038 1994 3141 2057 lac,
3174 1996 3436 2063 exprimit
3476 1996 3703 2064 butyrum
3731 2011 3745 2047 :

2150 2084 2246 2153 qui
2294 2082 2639 2137 vehementer
2680 2084 2948 2151 emungit,
2999 2082 3147 2136 elicit
3192 2085 3557 2151 sanguinem:
3584 2088 3629 2137 et
3671 2099 3745 2153 qui

2148 2176 2399 2242 provocat
2448 2172 2583 2237 iras,
2630 2170 2885 2241 producit
2933 2170 3237 2225 discordias
3285 2173 3349 2227 ³ο.
3394 2176 3514 2225 Haec
3562 2176 3610 2225 et
3655 2171 3745 2226 alia

2152 2258 2479 2330 periculosa
2532 2260 2968 2314 considerantes
3027 2259 3277 2330 apostoli
3318 2263 3644 2323 statuerunt,
3687 2275 3743 2314 ne

2150 2347 2316 2402 facile
2374 2352 2909 2415 commoverentur,
2959 2352 3060 2402 aut
3088 2347 3498 2415 lacerarentur,
3543 2347 3620 2403 vel
3672 2364 3744 2402 ac-

2151 2440 2497 2491 cusarentur
2552 2436 2835 2491 columnas
2893 2441 3103 2491 sancta:
3164 2437 3265 2491 Dei
3321 2436 3591 2503 Ecclesiae,
3641 2452 3742 2507 que

2151 2525 2399 2597 apostoli
2448 2530 2505 2580 et
2534 2540 2899 2581 successores
2948 2541 3150 2580 eorum
3202 2543 3320 2581 non
3368 2526 3633 2581 immerito
3673 2525 3742 2579 di-

2151 2619 2382 2669 cuntur.
2417 2615 2460 2649 ²¹
2497 2615 2608 2669 Sed
2659 2614 2707 2668 si
2739 2614 2873 2684 quis
2921 2615 3201 2670 adversus
3251 2631 3350 2670 eos
3394 2614 3478 2670 vel
3514 2612 3742 2669 ecclesias

2151 2719 2351 2759 eorum
2410 2707 2741 2758 commotus
2800 2702 2995 2769 fuerit,
3054 2708 3157 2758 aut
3214 2719 3422 2759 causas
3478 2702 3738 2767 habuerit;

2152 2792 2313 2863 prius
2346 2793 2417 2847 ad
2449 2808 2547 2847 eos
2578 2797 2838 2847 recurrat
2858 2791 3162 2848 charitatis
3194 2792 3488 2861 studio,ut
3516 2789 3743 2846 familiari

2152 2880 2438 2951 colloquio
2469 2880 2807 2936 commoniti
2840 2896 2908 2935 ea
2939 2884 3169 2947 sanent,
3189 2898 3320 2952 quae
3352 2880 3596 2935 sananda
3615 2883 3742 2944 sunt,

2150 2974 2207 3025 et
2253 2969 2592 3024 charitative
2640 2970 2969 3032 emendant,
3022 2986 3150 3040 quae
3194 2971 3361 3040 justo
3428 2968 3745 3024 emendanda

2151 3058 2510 3130 agnoverint.
2544 3058 2599 3111 Si
2648 3062 2843 3112 autem
2893 3056 3071 3127 aliqui
3119 3074 3240 3128 eos,
3296 3058 3616 3130 priusquam
3658 3056 3743 3111 hoc

2149 3146 2394 3218 egerint,
2424 3146 2698 3213 lacerare,
2732 3162 3026 3212 accusare,
3063 3151 3164 3201 aut
3195 3146 3468 3203 infestare
3508 3160 3743 3217 praesum-

2149 3234 2391 3306 pserint,
2424 3235 3017 3301 excommunicentur,
3038 3239 3095 3289 et
3125 3235 3371 3291 minime
3400 3233 3743 3298 absolvantur,

390 3309 677 3384 Dominus
724 3326 805 3381 ait
837 3350 850 3382 :
881 3325 1344 3380 Perambulabam
1373 3326 1431 3377 in
1478 3324 1835 3394 simplicitate
1863 3323 2039 3378 cordis
2068 3309 2110 3376 C
2150 3326 2464 3394 antequam
2510 3339 2613 3394 per
2643 3320 3103 3379 satisfactionem
3133 3327 3224 3393 (ut
3248 3326 3374 3395 jam
3409 3324 3612 3378 dictum
3654 3320 3739 3389 est)

397 3418 525 3484 mei,
558 3418 619 3471 in
649 3414 822 3470 medio
852 3414 1040 3469 domus
1068 3428 1207 3469 meae
1234 3431 1251 3466 :
1284 3412 1400 3467 Non
1427 3428 1634 3482 ponam
1662 3427 1846 3467 coram
1866 3414 1886 3446 ⁹
1914 3428 2038 3467 ocu-

402 3506 468 3560 lis
496 3506 631 3560 meis
657 3504 877 3559 verbum
907 3500 1087 3557 Betial
1117 3502 1530 3572 ‘°.Loquentem
1564 3504 1603 3535 “
1638 3502 1699 3555 in
1727 3501 2042 3557 abscondito

402 3602 592 3649 contra
617 3594 943 3666 proximum
975 3592 1019 3626 η
1049 3607 1227 3654 suum,
1278 3591 1422 3645 hunc
1452 3591 1777 3659 tuter/ictam
1809 3591 1939 3645 13-“.
1974 3591 2043 3645 Et

397 3683 459 3737 hi
483 3682 723 3738 cavendi
758 3685 919 3747 sunt,
951 3681 1022 3735 de
1053 3680 1267 3751 quibus
1298 3679 1570 3735 Salomon
1604 3678 1683 3733 ait
1714 3695 1726 3732 :
1761 3679 1912 3734 Sicut
1942 3695 2039 3735 no-

390 3773 520 3827 :cius
549 3776 627 3827 est
672 3772 772 3843 qui
813 3770 983 3823 mittit
1014 3769 1247 3835 lanceas,
1279 3774 1333 3823 et
1382 3769 1617 3836 sagittas
1668 3769 1729 3822 in
1779 3774 2037 3838 mortem,

389 3862 468 3916 sic
516 3862 602 3915 vir
649 3860 746 3930 qui
792 3858 1187 3930 fraudulenter
1229 3865 1385 3912 nocet
1426 3857 1602 3912 amico
1648 3872 1766 3921 suo,
1818 3861 1868 3912 et
1914 3874 2043 3913 cum

342 3992 349 3995 .
387 3951 564 4021 fuerit
611 3946 982 4019 deprehensus
1007 3945 1143 4002 dicit
1173 3963 1191 3998 :
1224 3945 1434 4000 Ludens
1481 3947 1609 4016 feci.
1642 3945 1797 4000 Sicut
1842 3948 2041 4003 carbo-

393 4053 491 4093 nes
519 4035 590 4092 ad
616 4051 845 4105 prunas,
868 4042 918 4090 et
949 4035 1103 4103 ligna
1131 4033 1202 4088 ad
1230 4035 1522 4103 ignem,sic
1551 4039 1707 4089 homo
1734 4036 2041 4091 iracundus

395 4127 618 4181 suscitat
660 4125 839 4179 rixas.
878 4123 1053 4179 Verba
1097 4124 1415 4177 susurronis
1455 4124 1615 4193 quasi
1658 4124 1958 4194 simplicia,
1990 4128 2043 4180 et

394 4218 517 4288 ipsa
539 4214 864 4286 perveniunt
879 4212 954 4268 ad
984 4213 1183 4267 intima
1214 4211 1417 4266 ventris
1450 4212 1590 4266 “Et
1606 4211 1655 4266 si
1688 4211 2041 4269 detractores

395 4318 882 4376 quorumcunque
930 4300 1182 4373 graviter
1222 4299 1585 4371 judicantur,
1632 4305 1687 4355 et
1736 4301 1794 4355 in
1847 4302 2039 4373 perdi-

394 4392 573 4450 tionis
630 4391 905 4462 laqueum
965 4390 1201 4457 cadunt;
1263 4388 1451 4445 multo
1509 4390 1698 4463 magis
1759 4390 2037 4447 lacerato-

395 4500 509 4554 res,
567 4486 624 4538 et
672 4482 1027 4536 detractores
1083 4483 1259 4549 atque
1316 4482 1684 4535 accusatores
1754 4495 2039 4535 memora-

393 4578 590 4627 torum
622 4569 724 4626 Dei
758 4567 1111 4623 famulorum
1161 4570 1334 4638 atque
1381 4571 1826 4638 persecutorum
1875 4568 2040 4623 dam-

2150 3412 2499 3483 condignam
2531 3412 2754 3484 egerint
2806 3412 3232 3484 paenitentiam,
3268 3412 3534 3485 quoniam
3563 3410 3740 3482 injuria

2150 3517 2351 3555 eorum
2404 3501 2473 3555 ad
2521 3500 2817 3556 Christum
2868 3501 3120 3571 pertinet
3172 3502 3244 3568 9’,
3286 3502 3455 3570 cujus
3501 3498 3740 3572 legatione

2150 3591 2493 3660 funguntur.
2549 3589 2663 3644 Nec
2711 3589 2821 3644 hoc
2850 3589 3085 3661 mirum,
3119 3589 3263 3661 quia
3312 3590 3362 3645 si
3392 3589 3619 3662 quisque
3658 3602 3737 3642 no-

2151 3684 2339 3733 strum
2372 3678 2603 3733 cuidam
2635 3694 2936 3733 servorum
2968 3679 3014 3713 ³³
3045 3678 3398 3751 legationem
3439 3678 3736 3749 injungeret,

2150 3773 2207 3822 et
2237 3784 2270 3821 a
2300 3783 2594 3837 quoquam
2647 3767 3050 3839 impediretur,
3085 3772 3189 3822 aut
3241 3769 3314 3824 ab
3345 3768 3528 3840 aliquo
3577 3761 3737 3821 subdi-

2150 3872 2345 3927 torum
2387 3872 2627 3910 suorum
2660 3855 3100 3927 despiceretur;
3133 3873 3268 3912 mox
3318 3856 3629 3928 indignatus
3655 3852 3741 3905 ira.

2150 3949 2430 4014 sceretur,
2464 3950 2563 4000 aut
2615 3944 2757 4000 talia
2786 3946 2984 4016 (prout
3010 3946 3234 4015 posset)
3265 3942 3583 4011 vindicaret,
3611 3946 3657 3996 et
3681 3938 3737 3995 ad

2150 4034 2429 4105 injuriam
2461 4050 2526 4089 ac
2557 4032 2972 4089 contumeliam
3026 4049 3197 4089 suam
3231 4033 3339 4089 hoc
3373 4033 3575 4089 factum
3601 4044 3736 4100 repu-

2150 4127 2301 4178 taret
2329 4127 2385 4178 et
2414 4122 2713 4183 talioneml
2719 4122 2768 4177 si
2798 4122 2858 4176 in
2890 4122 3165 4193 praesenti
3195 4139 3312 4178 non
3343 4120 3553 4194 posset)
3566 4115 3737 4175 futuris

2151 4211 2514 4284 temporibus
2545 4210 2983 4266 redderet.Nam
3016 4211 3067 4266 si
3098 4210 3157 4266 in
3188 4210 3445 4267 hominis
3473 4206 3737 4265 causahac

2151 4301 2320 4367 ﬁunt,
2361 4300 2501 4371 quid
2550 4299 2770 4372 putatis
2799 4299 2952 4355 Deus
3000 4299 3173 4356 faciet
3220 4301 3293 4355 de
3340 4298 3479 4366 suis,
3525 4296 3613 4370 qui
3653 4307 3736 4348 nec

2151 4387 2426 4460 capillum
2458 4387 2664 4460 capitis
2703 4405 2905 4444 eorum
2954 4388 3143 4461 perire
3170 4388 3381 4445 dixerit
3407 4389 3452 4423 ²⁴
3473 4389 3499 4442 ‘l
3535 4383 3671 4441 Unde
3694 4384 3738 4435 et

2151 4477 2435 4533 Dominus
2465 4493 2568 4549 per
2596 4477 2828 4533 Nahum
2858 4477 3203 4549 prophetam
3234 4477 3509 4550 loquitur,
3537 4474 3737 4529 dicens:

2150 4567 2288 4621 Deus
2340 4566 2655 4635 aemulator,
2713 4570 2765 4622 et
2819 4567 3083 4623 ulciscens
3138 4569 3422 4635 Dominus,
3477 4573 3525 4621 et
3569 4562 3741 4618 habent

395 4664 631 4727 nuntur,
663 4663 721 4715 et
769 4658 828 4712 in
880 4655 1245 4727 barathrum,
1297 4655 1411 4711 nisi
1461 4672 1521 4711 se
1571 4656 1942 4722 correxerint,
1984 4661 2042 4712 et
2071 4678 2118 4742 D
2148 4654 2416 4729 furorem,
2465 4655 2729 4710 ulciscens
2776 4657 3039 4712 Dominus
3068 4658 3131 4711 in
3181 4657 3357 4713 hostes
3400 4670 3539 4721 suos,
3564 4660 3609 4707 et
3648 4652 3738 4703 ira-

397 4767 501 4822 per
529 4765 732 4806 eorum
781 4744 1242 4803 satisfactionem
1274 4745 1627 4815 condignam
1672 4745 1897 4817 egerint
1928 4763 2043 4817 poe-

400 4838 728 4908 nitentiam,
757 4834 1159 4892 indubitanter
1186 4834 1487 4903 vadunt,et
1514 4833 1843 4889 vindicibus
1875 4833 2043 4889 ﬂam-

402 4928 514 4984 mis
566 4928 907 4981 exuruntur.
939 4924 1300 4995 Quapropter
1346 4927 1571 4994 oportet
1602 4939 1805 4977 omnes
1839 4924 1909 4978 ab
1948 4922 2043 4980 his

402 5031 624 5086 cavere,
657 5018 714 5069 et
759 5029 875 5069 non
906 5011 1099 5069 solum
1132 5030 1247 5069 non
1295 5011 1502 5081 facere,
1536 5011 1637 5067 sed
1686 5027 1791 5067 nec
1821 5010 2040 5068 facien-

476 5320 543 5357 ¹⁰⁰
599 5316 929 5377 hominibus.
1046 5330 1061 5364 1
1111 5318 1390 5376 discernit.

1506 5322 1526 5354 ²
1590 5318 1740 5375 Psal.
1792 5337 1976 5386 Lxm,
2034 5314 2088 5374 4.

2152 4761 2302 4800 scens
2349 4746 2463 4816 ipse
2510 4745 2754 4799 inimicis
2798 4747 2953 4813 suis;
2984 4749 3109 4800 ante
3135 4748 3338 4816 faciem
3390 4738 3741 4812 indignationis

2152 4835 2267 4905 ejus
2296 4835 2418 4905 quis
2458 4834 2625 4888 stabit
2644 4834 2671 4888 1?
2694 4842 2746 4889 et
2774 4835 2896 4906 quis
2926 4836 3139 4889 resistet
3169 4836 3229 4889 in
3259 4836 3346 4889 ira
3393 4831 3589 4904 furoris
3615 4826 3742 4898 ejus!

2152 4923 2472 4993 Indignatio
2501 4923 2618 4977 eius
2646 4923 2818 4995 effusa
2850 4932 2927 4979 est
2954 4925 3093 4979 sicut
3129 4925 3292 4995 ignis,
3324 4931 3378 4978 et
3401 4925 3559 4994 petra:
3600 4916 3739 4971 disso-

2154 5013 2288 5069 luta:
2316 5015 2443 5067 sunt
2487 5012 2554 5067 ab
2584 5027 2663 5069 eo.
2715 5013 2898 5068 Bonus
2942 5016 3017 5069 est
3064 5013 3346 5080 Dominus,
3384 5019 3432 5067 et
3475 5007 3740 5077 confortans

2198 5318 2219 5351 ³
2276 5313 2442 5383 ibid.,
2501 5316 2555 5370 6.
2671 5311 2875 5369 ‘Psal.
2930 5324 3086 5379 chII,
3119 5312 3172 5367 l.
3282 5308 3514 5383 {Roma
3547 5315 3648 5383 XIV;

402 5396 424 5429 ο
455 5369 1035 5462 ίδίά.ξῖέξ”’³ιῖἐιοιπ.
1071 5369 1470 5460 ιιξ’ἐῖ”έ”ᾖοι.
1524 5369 1746 5447 vos"?
1774 5369 2141 5462 gestatam
2188 5369 2549 5462 antea—culos.
2630 5387 2674 5420 ιο
2702 5384 2784 5462 Ex
2833 5369 3012 5440 citato
3053 5369 3449 5462 ιῇιεεροιῐεξεὶί,
3484 5369 3734 5462 βίξίξχτῖῗῖιέ

409 5444 1216 5526 nasvdriantesilectiones-
1254 5444 1543 5535 decerpSit
1566 5444 1943 5535 illarduinus.
1990 5444 2112 5517 iMs.
2145 5476 2329 5535 coram
2383 5460 2559 5535 oculis
2605 5456 2843 5535 perbum
2875 5472 3033 5535 oris.
3063 5456 3267 5535 Belial.
3346 5444 3393 5487 ίῖ
3417 5444 3734 5535 Mra/“ﬁgi?

410 5538 455 5573 ’⁵
486 5536 743 5591 sodalem.
823 5522 945 5577 ’3-1‘
1005 5536 1156 5592 Psal.
1190 5551 1243 5603 c,
1274 5536 1329 5605 2,
1362 5522 1444 5589 ex‘
1486 5534 1725 5604 interpr.
1757 5535 1815 5587 S.
1876 5532 2229 5604 Hieronymi.
2262 5531 2370 5605 Ms.
2431 5530 2811 5605 Detrahenlcm
2860 5529 2922 5582 in
2945 5522 3737 5605 nqbscondito_sodalem#ffﬂ{;"

408 5609 552 5662 hunc
606 5578 1337 5677 interﬁciebam.uxszovl
1397 5623 1548 5673 xxvr,
1610 5578 1795 5660 ill-22.
1878 5606 1919 5640 ιδ
1951 5578 2115 5660 μυρί’
2146 5621 2221 5677 υς,
2270 5601 2885 5677 58ζ¹7³1ξτρνζκχνῃ
2943 5598 3247 5677 27-28.___19
3302 5578 3731 5677 Prov.Mx§}:I§

408 5680 453 5752 ξφ
485 5678 648 5733 Prov.
682 5663 883 5752 xx'viu,
916 5681 1004 5751 17,
1034 5680 1124 5752 25,
1154 5678 1242 5736 26.
1300 5663 1369 5713 Ἲ²⁰
1399 5663 1561 5736 Prov.
1610 5694 1739 5748 xxx,
1779 5678 1865 5734 33.
1944 5678 1988 5715 ει
2022 5687 2040 5733 Λ

2151 5663 2219 5732 el:
2248 5692 2303 5745 v,
2338 5674 2423 5729 17.
2501 5674 2547 5707 ²²
2580 5673 2638 5730 S.
2671 5663 2987 5744 Greg.,'ep.
3022 5670 3109 5741 32,
3137 5668 3239 5725 lib.
3271 5684 3389 5724 xm.
3463 5663 3506 5698 ²³
3533 5665 3730 5717 suorum.

409 5750 457 5792 8⁸
486 5753 623 5807 Luc.
653 5764 767 5823 xxx,
802 5751 889 5810 18.
