  <div class='ocr_page' id='page_1' title='image "/cluster/home/n/w/nwhite01/storage/ocr_20150623/2/hvd.32044073501397/410.png"; bbox 0 0 4038 6210; ppageno 0'>
   <div class='ocr_carea' id='block_1_1' title="bbox 265 421 3641 495">
    <p class='ocr_par' dir='ltr' id='par_1_1' title="bbox 265 421 3641 495">
     <span class='ocr_line' id='line_1_1' title="bbox 265 421 3641 495; baseline -0.001 -1"><span class='ocrx_word' id='word_1_1' title='bbox 265 432 371 495; x_wconf 70' lang='lat'><em>805</em></span> <span class='ocrx_word' id='word_1_2' title='bbox 1693 421 2127 488; x_wconf 65' lang='lat' dir='ltr'><em>EPISTOLxE.</em></span> <span class='ocrx_word' id='word_1_3' title='bbox 3523 427 3641 490; x_wconf 88' lang='lat'><em>806</em></span> 
     </span>
    </p>
   </div>
   <div class='ocr_carea' id='block_1_2' title="bbox 264 557 3643 630">
    <p class='ocr_par' dir='ltr' id='par_1_2' title="bbox 264 557 3643 630">
     <span class='ocr_line' id='line_1_2' title="bbox 264 557 3643 630; baseline -0.002 -9"><span class='ocrx_word' id='word_1_4' title='bbox 264 567 322 622; x_wconf 85' lang='lat' dir='ltr'><em>in</em></span> <span class='ocrx_word' id='word_1_5' title='bbox 347 561 430 618; x_wconf 90' lang='lat' dir='ltr'><em>die</em></span> <span class='ocrx_word' id='word_1_6' title='bbox 458 558 844 624; x_wconf 75' lang='lat' dir='ltr'><em>tribulationis,</em></span> <span class='ocrx_word' id='word_1_7' title='bbox 875 565 926 613; x_wconf 92' lang='lat' dir='ltr'><em>et</em></span> <span class='ocrx_word' id='word_1_8' title='bbox 976 557 1155 614; x_wconf 88' lang='lat' dir='ltr'><em>sciens</em></span> <span class='ocrx_word' id='word_1_9' title='bbox 1184 565 1463 629; x_wconf 79' lang='lat' dir='ltr'><em>sperantes</em></span> <span class='ocrx_word' id='word_1_10' title='bbox 1513 559 1573 612; x_wconf 88' lang='lat' dir='ltr'><em>in</em></span> <span class='ocrx_word' id='word_1_11' title='bbox 1610 573 1666 611; x_wconf 79' lang='lat' dir='ltr'><em>se</em></span> <span class='ocrx_word' id='word_1_12' title='bbox 1711 559 1776 624; x_wconf 68' lang='grc' dir='ltr'><em>π,</em></span> <span class='ocrx_word' id='word_1_13' title='bbox 1831 561 1887 612; x_wconf 90' lang='lat' dir='ltr'><em>et</em></span> <span class='ocrx_word' id='word_1_14' title='bbox 1917 559 1972 625; x_wconf 82' lang='grc' dir='ltr'><strong>Α</strong></span> <span class='ocrx_word' id='word_1_15' title='bbox 2001 558 2208 612; x_wconf 81' lang='lat' dir='ltr'><em>lineam</em></span> <span class='ocrx_word' id='word_1_16' title='bbox 2234 563 2283 614; x_wconf 90' lang='lat' dir='ltr'><em>et</em></span> <span class='ocrx_word' id='word_1_17' title='bbox 2328 560 2591 628; x_wconf 77' lang='lat' dir='ltr'><em>tunicam,</em></span> <span class='ocrx_word' id='word_1_18' title='bbox 2625 563 2677 613; x_wconf 87' lang='lat' dir='ltr'><em>et</em></span> <span class='ocrx_word' id='word_1_19' title='bbox 2723 557 3193 630; x_wconf 80' lang='lat' dir='ltr'><em>superhamerale,</em></span> <span class='ocrx_word' id='word_1_20' title='bbox 3244 566 3294 613; x_wconf 85' lang='lat' dir='ltr'><em>cl</em></span> <span class='ocrx_word' id='word_1_21' title='bbox 3346 559 3643 628; x_wconf 75' lang='lat' dir='ltr'><em>rationale,</em></span> 
     </span>
    </p>
   </div>
   <div class='ocr_carea' id='block_1_3' title="bbox 263 645 3647 723">
    <p class='ocr_par' dir='ltr' id='par_1_3' title="bbox 263 645 3647 723">
     <span class='ocr_line' id='line_1_3' title="bbox 263 645 3647 723; baseline -0.001 -14"><span class='ocrx_word' id='word_1_22' title='bbox 263 652 491 723; x_wconf 86' lang='lat' dir='ltr'><em>reliqua.</em></span> <span class='ocrx_word' id='word_1_23' title='bbox 525 649 796 712; x_wconf 60' lang='lat' dir='ltr'><em>Quaedam</em></span> <span class='ocrx_word' id='word_1_24' title='bbox 830 652 1024 702; x_wconf 90' lang='lat' dir='ltr'><em>autem</em></span> <span class='ocrx_word' id='word_1_25' title='bbox 1059 664 1126 702; x_wconf 89' lang='lat' dir='ltr'><em>cx</em></span> <span class='ocrx_word' id='word_1_26' title='bbox 1157 646 1270 713; x_wconf 89' lang='lat' dir='ltr'><em>his,</em></span> <span class='ocrx_word' id='word_1_27' title='bbox 1292 647 1418 717; x_wconf 87' lang='lat' dir='ltr'><em>jam</em></span> <span class='ocrx_word' id='word_1_28' title='bbox 1451 645 1581 700; x_wconf 90' lang='lat' dir='ltr'><em>aliis</em></span> <span class='ocrx_word' id='word_1_29' title='bbox 1613 646 1890 701; x_wconf 73' lang='lat' dir='ltr'><em>fratribus</em></span> <span class='ocrx_word' id='word_1_30' title='bbox 1999 649 2142 718; x_wconf 87' lang='lat' dir='ltr'><em>quod</em></span> <span class='ocrx_word' id='word_1_31' title='bbox 2167 650 2517 717; x_wconf 86' lang='lat' dir='ltr'><em>constringes</em></span> <span class='ocrx_word' id='word_1_32' title='bbox 2547 648 2719 702; x_wconf 87' lang='lat' dir='ltr'><em>balteo</em></span> <span class='ocrx_word' id='word_1_33' title='bbox 2771 663 2783 700; x_wconf 89' lang='lat'>:</span> <span class='ocrx_word' id='word_1_34' title='bbox 2837 656 2886 702; x_wconf 87' lang='lat' dir='ltr'><em>et</em></span> <span class='ocrx_word' id='word_1_35' title='bbox 2932 664 3096 718; x_wconf 87' lang='lat' dir='ltr'><em>pones</em></span> <span class='ocrx_word' id='word_1_36' title='bbox 3134 649 3343 702; x_wconf 79' lang='lat' dir='ltr'><em>tiaram</em></span> <span class='ocrx_word' id='word_1_37' title='bbox 3373 647 3432 702; x_wconf 88' lang='lat' dir='ltr'><em>in</em></span> <span class='ocrx_word' id='word_1_38' title='bbox 3462 650 3647 720; x_wconf 85' lang='lat' dir='ltr'><em>capite</em></span> 
     </span>
    </p>
   </div>
   <div class='ocr_carea' id='block_1_4' title="bbox 264 733 3647 810">
    <p class='ocr_par' dir='ltr' id='par_1_4' title="bbox 264 733 3647 810">
     <span class='ocr_line' id='line_1_4' title="bbox 264 733 3647 810; baseline -0.001 -14"><span class='ocrx_word' id='word_1_39' title='bbox 264 739 612 810; x_wconf 81' lang='lat' dir='ltr'><em>scripsimus,</em></span> <span class='ocrx_word' id='word_1_40' title='bbox 663 753 791 807; x_wconf 65' lang='lat' dir='ltr'><em>quis</em></span> <span class='ocrx_word' id='word_1_41' title='bbox 838 734 1012 790; x_wconf 84' lang='lat' dir='ltr'><em>toties</em></span> <span class='ocrx_word' id='word_1_42' title='bbox 1074 739 1213 790; x_wconf 88' lang='lat' dir='ltr'><em>sunt</em></span> <span class='ocrx_word' id='word_1_43' title='bbox 1261 733 1614 805; x_wconf 87' lang='lat' dir='ltr'><em>replicanda,</em></span> <span class='ocrx_word' id='word_1_44' title='bbox 1666 733 1892 804; x_wconf 90' lang='lat' dir='ltr'><em>quoties</em></span> <span class='ocrx_word' id='word_1_45' title='bbox 2002 738 2139 806; x_wconf 85' lang='lat' dir='ltr'><em>ejus,</em></span> <span class='ocrx_word' id='word_1_46' title='bbox 2184 741 2236 792; x_wconf 83' lang='lat' dir='ltr'><em>et</em></span> <span class='ocrx_word' id='word_1_47' title='bbox 2287 738 2556 791; x_wconf 81' lang='lat' dir='ltr'><em>laminam</em></span> <span class='ocrx_word' id='word_1_48' title='bbox 2606 739 2854 790; x_wconf 87' lang='lat' dir='ltr'><em>sanctam</em></span> <span class='ocrx_word' id='word_1_49' title='bbox 2903 753 3064 807; x_wconf 84' lang='lat' dir='ltr'><strong><em>super</em></strong></span> <span class='ocrx_word' id='word_1_50' title='bbox 3111 739 3333 803; x_wconf 79' lang='lat' dir='ltr'><em>tiaram,</em></span> <span class='ocrx_word' id='word_1_51' title='bbox 3377 744 3429 792; x_wconf 86' lang='lat' dir='ltr'><em>et</em></span> <span class='ocrx_word' id='word_1_52' title='bbox 3466 737 3647 792; x_wconf 87' lang='lat' dir='ltr'><em>oleum</em></span> 
     </span>
    </p>
   </div>
   <div class='ocr_carea' id='block_1_5' title="bbox 2002 825 3651 896">
    <p class='ocr_par' dir='ltr' id='par_1_5' title="bbox 2002 825 3651 896">
     <span class='ocr_line' id='line_1_5' title="bbox 2002 825 3651 896; baseline 0.002 -18"><span class='ocrx_word' id='word_1_53' title='bbox 2002 828 2278 882; x_wconf 75' lang='lat' dir='ltr'><em>unctioais</em></span> <span class='ocrx_word' id='word_1_54' title='bbox 2331 825 2529 896; x_wconf 81' lang='lat' dir='ltr'><strong><em>fundes</em></strong></span> <span class='ocrx_word' id='word_1_55' title='bbox 2586 842 2752 892; x_wconf 77' lang='lat' dir='ltr'><em>super</em></span> <span class='ocrx_word' id='word_1_56' title='bbox 2802 830 2965 892; x_wconf 82' lang='lat' dir='ltr'><em>caput</em></span> <span class='ocrx_word' id='word_1_57' title='bbox 3019 826 3152 894; x_wconf 80' lang='lat' dir='ltr'><em>ejus,</em></span> <span class='ocrx_word' id='word_1_58' title='bbox 3204 833 3362 896; x_wconf 88' lang='lat' dir='ltr'><em>atque</em></span> <span class='ocrx_word' id='word_1_59' title='bbox 3410 825 3506 880; x_wconf 86' lang='lat' dir='ltr'><em>hoc</em></span> <span class='ocrx_word' id='word_1_60' title='bbox 3537 827 3651 881; x_wconf 85' lang='lat' dir='ltr'><em>ritu</em></span> 
     </span>
    </p>
   </div>
   <div class='ocr_carea' id='block_1_6' title="bbox 2005 913 3653 985">
    <p class='ocr_par' dir='ltr' id='par_1_6' title="bbox 2005 913 3653 985">
     <span class='ocr_line' id='line_1_6' title="bbox 2005 913 3653 985; baseline 0.001 -17"><span class='ocrx_word' id='word_1_61' title='bbox 2005 916 2430 970; x_wconf 83' lang='lat' dir='ltr'><em>eonsecrabitur.</em></span> <span class='ocrx_word' id='word_1_62' title='bbox 2501 916 2666 968; x_wconf 81' lang='lat' dir='ltr'><em>Filios</em></span> <span class='ocrx_word' id='word_1_63' title='bbox 2735 931 2944 985; x_wconf 69' lang='lat' dir='ltr'><em>quoque</em></span> <span class='ocrx_word' id='word_1_64' title='bbox 3007 913 3167 968; x_wconf 86' lang='lat' dir='ltr'><em>illius</em></span> <span class='ocrx_word' id='word_1_65' title='bbox 3217 915 3540 985; x_wconf 85' lang='lat' dir='ltr'><em>applicabis,</em></span> <span class='ocrx_word' id='word_1_66' title='bbox 3603 923 3653 970; x_wconf 90' lang='lat' dir='ltr'><em>et</em></span> 
     </span>
    </p>
   </div>
   <div class='ocr_carea' id='block_1_7' title="bbox 2010 1003 3651 1072">
    <p class='ocr_par' dir='ltr' id='par_1_7' title="bbox 2010 1003 3651 1072">
     <span class='ocr_line' id='line_1_7' title="bbox 2010 1003 3651 1072; baseline 0 -14"><span class='ocrx_word' id='word_1_67' title='bbox 2010 1006 2204 1058; x_wconf 84' lang='lat' dir='ltr'><em>indues</em></span> <span class='ocrx_word' id='word_1_68' title='bbox 2241 1006 2446 1058; x_wconf 79' lang='lat' dir='ltr'><em>tunicis</em></span> <span class='ocrx_word' id='word_1_69' title='bbox 2495 1005 2679 1070; x_wconf 86' lang='lat' dir='ltr'><em>lineis,</em></span> <span class='ocrx_word' id='word_1_70' title='bbox 2729 1003 3010 1072; x_wconf 86' lang='lat' dir='ltr'><em>cingesque</em></span> <span class='ocrx_word' id='word_1_71' title='bbox 3062 1003 3236 1057; x_wconf 90' lang='lat' dir='ltr'><em>balteo</em></span> <span class='ocrx_word' id='word_1_72' title='bbox 3275 1004 3452 1058; x_wconf 82' lang='lat' dir='ltr'><em>Aaron</em></span> <span class='ocrx_word' id='word_1_73' title='bbox 3502 1012 3551 1059; x_wconf 92' lang='lat' dir='ltr'><em>et</em></span> <span class='ocrx_word' id='word_1_74' title='bbox 3583 1003 3651 1058; x_wconf 87' lang='lat' dir='ltr'><em>li-</em></span> 
     </span>
    </p>
   </div>
   <div class='ocr_carea' id='block_1_8' title="bbox 2011 1093 3652 1163">
    <p class='ocr_par' dir='ltr' id='par_1_8' title="bbox 2011 1093 3652 1163">
     <span class='ocr_line' id='line_1_8' title="bbox 2011 1093 3652 1163; baseline 0 -16"><span class='ocrx_word' id='word_1_75' title='bbox 2011 1093 2160 1147; x_wconf 82' lang='lat' dir='ltr'><em>beros</em></span> <span class='ocrx_word' id='word_1_76' title='bbox 2191 1094 2327 1163; x_wconf 83' lang='lat' dir='ltr'><em>ejus,</em></span> <span class='ocrx_word' id='word_1_77' title='bbox 2378 1098 2432 1146; x_wconf 87' lang='lat' dir='ltr'><em>et</em></span> <span class='ocrx_word' id='word_1_78' title='bbox 2482 1094 2729 1162; x_wconf 81' lang='lat' dir='ltr'><em>impones</em></span> <span class='ocrx_word' id='word_1_79' title='bbox 2776 1094 2971 1145; x_wconf 84' lang='lat' dir='ltr'><em>mitras</em></span> <span class='ocrx_word' id='word_1_80' title='bbox 3013 1094 3112 1158; x_wconf 84' lang='lat' dir='ltr'><em>eis,</em></span> <span class='ocrx_word' id='word_1_81' title='bbox 3163 1097 3430 1162; x_wconf 87' lang='lat' dir='ltr'><em>eruntque</em></span> <span class='ocrx_word' id='word_1_82' title='bbox 3471 1108 3652 1147; x_wconf 87' lang='lat' dir='ltr'><em>sacer-</em></span> 
     </span>
    </p>
   </div>
   <div class='ocr_carea' id='block_1_9' title="bbox 2011 1180 3654 1250">
    <p class='ocr_par' dir='ltr' id='par_1_9' title="bbox 2011 1180 3654 1250">
     <span class='ocr_line' id='line_1_9' title="bbox 2011 1180 3654 1250; baseline -0.001 -14"><span class='ocrx_word' id='word_1_83' title='bbox 2011 1183 2159 1237; x_wconf 86' lang='lat' dir='ltr'><em>dotes</em></span> <span class='ocrx_word' id='word_1_84' title='bbox 2200 1182 2344 1236; x_wconf 83' lang='lat' dir='ltr'><em>mihi</em></span> <span class='ocrx_word' id='word_1_85' title='bbox 2371 1182 2636 1248; x_wconf 76' lang='lat' dir='ltr'><em>religione</em></span> <span class='ocrx_word' id='word_1_86' title='bbox 2664 1184 2921 1250; x_wconf 67' lang='lat' dir='ltr'><em>perpetua</em></span> <span class='ocrx_word' id='word_1_87' title='bbox 2951 1181 3016 1232; x_wconf 71' lang='lat'><em>39.</em></span> <span class='ocrx_word' id='word_1_88' title='bbox 3059 1183 3180 1245; x_wconf 80' lang='lat' dir='ltr'><em>Quo</em></span> <span class='ocrx_word' id='word_1_89' title='bbox 3220 1180 3344 1234; x_wconf 92' lang='lat' dir='ltr'><em>loco</em></span> <span class='ocrx_word' id='word_1_90' title='bbox 3392 1184 3654 1236; x_wconf 90' lang='lat' dir='ltr'><em>contem-</em></span> 
     </span>
    </p>
   </div>
   <div class='ocr_carea' id='block_1_10' title="bbox 2015 1268 3657 1342">
    <p class='ocr_par' dir='ltr' id='par_1_10' title="bbox 2015 1268 3657 1342">
     <span class='ocr_line' id='line_1_10' title="bbox 2015 1268 3657 1342; baseline 0.001 -19"><span class='ocrx_word' id='word_1_91' title='bbox 2015 1270 2160 1342; x_wconf 90' lang='lat' dir='ltr'><em>plari</em></span> <span class='ocrx_word' id='word_1_92' title='bbox 2193 1274 2438 1341; x_wconf 79' lang='lat' dir='ltr'><em>oportet,</em></span> <span class='ocrx_word' id='word_1_93' title='bbox 2471 1274 2659 1322; x_wconf 81' lang='lat' dir='ltr'><em>Aaron</em></span> <span class='ocrx_word' id='word_1_94' title='bbox 2710 1285 3011 1321; x_wconf 84' lang='lat' dir='ltr'><em>summum</em></span> <span class='ocrx_word' id='word_1_95' title='bbox 3061 1268 3444 1338; x_wconf 75' lang='lat' dir='ltr'><em>sacerdotem,</em></span> <span class='ocrx_word' id='word_1_96' title='bbox 3477 1269 3533 1322; x_wconf 90' lang='lat' dir='ltr'><em>id</em></span> <span class='ocrx_word' id='word_1_97' title='bbox 3568 1274 3657 1324; x_wconf 88' lang='lat' dir='ltr'><em>est</em></span> 
     </span>
    </p>
   </div>
   <div class='ocr_carea' id='block_1_11' title="bbox 2017 1355 3657 1429">
    <p class='ocr_par' dir='ltr' id='par_1_11' title="bbox 2017 1355 3657 1429">
     <span class='ocr_line' id='line_1_11' title="bbox 2017 1355 3657 1429; baseline -0.001 -16"><span class='ocrx_word' id='word_1_98' title='bbox 2017 1358 2356 1429; x_wconf 83' lang='lat' dir='ltr'><em>episcopum</em></span> <span class='ocrx_word' id='word_1_99' title='bbox 2392 1357 2594 1422; x_wconf 77' lang='lat' dir='ltr'><em>fuisse,</em></span> <span class='ocrx_word' id='word_1_100' title='bbox 2628 1373 2796 1427; x_wconf 88' lang='lat' dir='ltr'><em>porro</em></span> <span class='ocrx_word' id='word_1_101' title='bbox 2840 1355 2986 1410; x_wconf 77' lang='lat' dir='ltr'><em>filios</em></span> <span class='ocrx_word' id='word_1_102' title='bbox 3017 1357 3144 1424; x_wconf 88' lang='lat' dir='ltr'><em>ejus</em></span> <span class='ocrx_word' id='word_1_103' title='bbox 3187 1357 3657 1428; x_wconf 83' lang='lat' dir='ltr'><em>presbyterorum</em></span> 
     </span>
    </p>
   </div>
   <div class='ocr_carea' id='block_1_12' title="bbox 2020 1445 3661 1516">
    <p class='ocr_par' dir='ltr' id='par_1_12' title="bbox 2020 1445 3661 1516">
     <span class='ocr_line' id='line_1_12' title="bbox 2020 1445 3661 1516; baseline -0.001 -15"><span class='ocrx_word' id='word_1_104' title='bbox 2020 1448 2453 1501; x_wconf 82' lang='lat' dir='ltr'><em>demonstrasse</em></span> <span class='ocrx_word' id='word_1_105' title='bbox 2483 1446 2752 1516; x_wconf 80' lang='lat' dir='ltr'><em>ﬁguram.</em></span> <span class='ocrx_word' id='word_1_106' title='bbox 2803 1445 2920 1499; x_wconf 84' lang='lat' dir='ltr'><em>Hoc</em></span> <span class='ocrx_word' id='word_1_107' title='bbox 2968 1445 3122 1499; x_wconf 88' lang='lat' dir='ltr'><em>enim</em></span> <span class='ocrx_word' id='word_1_108' title='bbox 3157 1445 3265 1500; x_wconf 82' lang='lat' dir='ltr'><em>fuit</em></span> <span class='ocrx_word' id='word_1_109' title='bbox 3293 1446 3444 1501; x_wconf 90' lang='lat' dir='ltr'><em>inter</em></span> <span class='ocrx_word' id='word_1_110' title='bbox 3471 1447 3661 1500; x_wconf 84' lang='lat' dir='ltr'><em>Aaron</em></span> 
     </span>
    </p>
   </div>
   <div class='ocr_carea' id='block_1_13' title="bbox 2022 1534 3666 1605">
    <p class='ocr_par' dir='ltr' id='par_1_13' title="bbox 2022 1534 3666 1605">
     <span class='ocr_line' id='line_1_13' title="bbox 2022 1534 3666 1605; baseline -0.001 -15"><span class='ocrx_word' id='word_1_111' title='bbox 2022 1551 2322 1590; x_wconf 89' lang='lat' dir='ltr'><em>summum</em></span> <span class='ocrx_word' id='word_1_112' title='bbox 2355 1535 2734 1600; x_wconf 80' lang='lat' dir='ltr'><em>sacerdotem,</em></span> <span class='ocrx_word' id='word_1_113' title='bbox 2771 1537 2826 1588; x_wconf 90' lang='lat' dir='ltr'><em>et</em></span> <span class='ocrx_word' id='word_1_114' title='bbox 2856 1534 3008 1589; x_wconf 82' lang='lat' dir='ltr'><em>ﬁlios</em></span> <span class='ocrx_word' id='word_1_115' title='bbox 3046 1537 3174 1602; x_wconf 77' lang='lat' dir='ltr'><em>ejus</em></span> <span class='ocrx_word' id='word_1_116' title='bbox 3205 1535 3305 1605; x_wconf 86' lang='lat' dir='ltr'><em>qui</em></span> <span class='ocrx_word' id='word_1_117' title='bbox 3337 1535 3666 1590; x_wconf 82' lang='lat' dir='ltr'><em>sacerdotes</em></span> 
     </span>
    </p>
   </div>
   <div class='ocr_carea' id='block_1_14' title="bbox 2024 1622 3669 1694">
    <p class='ocr_par' dir='ltr' id='par_1_14' title="bbox 2024 1622 3669 1694">
     <span class='ocr_line' id='line_1_14' title="bbox 2024 1622 3669 1694; baseline 0 -16"><span class='ocrx_word' id='word_1_118' title='bbox 2024 1629 2208 1690; x_wconf 90' lang='lat' dir='ltr'><em>erant,</em></span> <span class='ocrx_word' id='word_1_119' title='bbox 2243 1623 2397 1694; x_wconf 89' lang='lat' dir='ltr'><em>quod</em></span> <span class='ocrx_word' id='word_1_120' title='bbox 2429 1630 2619 1677; x_wconf 83' lang='lat' dir='ltr'><em>Aaron</em></span> <span class='ocrx_word' id='word_1_121' title='bbox 2652 1639 2829 1692; x_wconf 87' lang='lat' dir='ltr'><em>super</em></span> <span class='ocrx_word' id='word_1_122' title='bbox 2853 1623 3114 1676; x_wconf 88' lang='lat' dir='ltr'><em>tunicam</em></span> <span class='ocrx_word' id='word_1_123' title='bbox 3147 1622 3466 1694; x_wconf 88' lang='lat' dir='ltr'><em>accipiebat</em></span> <span class='ocrx_word' id='word_1_124' title='bbox 3497 1624 3669 1694; x_wconf 89' lang='lat' dir='ltr'><em>pode-</em></span> 
     </span>
    </p>
   </div>
   <div class='ocr_carea' id='block_1_15' title="bbox 263 823 1895 894">
    <p class='ocr_par' dir='ltr' id='par_1_15' title="bbox 263 823 1895 894">
     <span class='ocr_line' id='line_1_15' title="bbox 263 823 1895 894; baseline -0.004 -10"><span class='ocrx_word' id='word_1_125' title='bbox 263 827 464 884; x_wconf 84' lang='lat' dir='ltr'><em>fuerint</em></span> <span class='ocrx_word' id='word_1_126' title='bbox 491 824 821 880; x_wconf 87' lang='lat' dir='ltr'><em>necessaria</em></span> <span class='ocrx_word' id='word_1_127' title='bbox 844 825 957 878; x_wconf 68' lang='lat'><em>’5.”</em></span> <span class='ocrx_word' id='word_1_128' title='bbox 978 823 1331 893; x_wconf 88' lang='lat' dir='ltr'><em>Ejectionem</em></span> <span class='ocrx_word' id='word_1_129' title='bbox 1353 840 1586 894; x_wconf 91' lang='lat' dir='ltr'><em>quoque</em></span> <span class='ocrx_word' id='word_1_130' title='bbox 1607 823 1693 894; x_wconf 90' lang='lat' dir='ltr'><em>(ut</em></span> <span class='ocrx_word' id='word_1_131' title='bbox 1715 840 1895 894; x_wconf 88' lang='lat' dir='ltr'><em>supra</em></span> 
     </span>
    </p>
   </div>
   <div class='ocr_carea' id='block_1_16' title="bbox 261 912 1892 983">
    <p class='ocr_par' dir='ltr' id='par_1_16' title="bbox 261 912 1892 983">
     <span class='ocr_line' id='line_1_16' title="bbox 261 912 1892 983; baseline -0.005 -10"><span class='ocrx_word' id='word_1_132' title='bbox 261 918 630 973; x_wconf 88' lang='lat' dir='ltr'><em>memoratum</em></span> <span class='ocrx_word' id='word_1_133' title='bbox 664 913 772 983; x_wconf 90' lang='lat' dir='ltr'><em>est)</em></span> <span class='ocrx_word' id='word_1_134' title='bbox 807 929 1175 968; x_wconf 86' lang='lat' dir='ltr'><em>summorum</em></span> <span class='ocrx_word' id='word_1_135' title='bbox 1226 912 1595 967; x_wconf 88' lang='lat' dir='ltr'><em>sacerdotum</em></span> <span class='ocrx_word' id='word_1_136' title='bbox 1639 912 1747 966; x_wconf 84' lang='lat' dir='ltr'><em>sibi</em></span> <span class='ocrx_word' id='word_1_137' title='bbox 1782 912 1892 966; x_wconf 94' lang='lat' dir='ltr'><em>Do-</em></span> 
     </span>
    </p>
   </div>
   <div class='ocr_carea' id='block_1_17' title="bbox 262 1001 1897 1071">
    <p class='ocr_par' dir='ltr' id='par_1_17' title="bbox 262 1001 1897 1071">
     <span class='ocr_line' id='line_1_17' title="bbox 262 1001 1897 1071; baseline -0.004 -10"><span class='ocrx_word' id='word_1_138' title='bbox 262 1005 446 1061; x_wconf 88' lang='lat' dir='ltr'><em>minus</em></span> <span class='ocrx_word' id='word_1_139' title='bbox 477 1001 807 1071; x_wconf 83' lang='lat' dir='ltr'><em>reservavit,</em></span> <span class='ocrx_word' id='word_1_140' title='bbox 843 1001 978 1056; x_wconf 91' lang='lat' dir='ltr'><em>licet</em></span> <span class='ocrx_word' id='word_1_141' title='bbox 1006 1001 1348 1056; x_wconf 85' lang='lat' dir='ltr'><em>electionem</em></span> <span class='ocrx_word' id='word_1_142' title='bbox 1385 1018 1586 1055; x_wconf 91' lang='lat' dir='ltr'><em>eorum</em></span> <span class='ocrx_word' id='word_1_143' title='bbox 1620 1001 1788 1055; x_wconf 85' lang='lat' dir='ltr'><em>bonis</em></span> <span class='ocrx_word' id='word_1_144' title='bbox 1811 1018 1897 1055; x_wconf 90' lang='lat' dir='ltr'><em>sa-</em></span> 
     </span>
    </p>
   </div>
   <div class='ocr_carea' id='block_1_18' title="bbox 262 1089 1896 1160">
    <p class='ocr_par' dir='ltr' id='par_1_18' title="bbox 262 1089 1896 1160">
     <span class='ocr_line' id='line_1_18' title="bbox 262 1089 1896 1160; baseline -0.004 -12"><span class='ocrx_word' id='word_1_145' title='bbox 262 1091 577 1148; x_wconf 87' lang='lat' dir='ltr'><em>cerdotibus</em></span> <span class='ocrx_word' id='word_1_146' title='bbox 626 1095 684 1144; x_wconf 89' lang='lat' dir='ltr'><em>et</em></span> <span class='ocrx_word' id='word_1_147' title='bbox 731 1089 1138 1160; x_wconf 88' lang='lat' dir='ltr'><em>spiritualibus</em></span> <span class='ocrx_word' id='word_1_148' title='bbox 1200 1089 1431 1160; x_wconf 87' lang='lat' dir='ltr'><em>populis</em></span> <span class='ocrx_word' id='word_1_149' title='bbox 1489 1089 1896 1143; x_wconf 86' lang='lat' dir='ltr'><em>concessisset.</em></span> 
     </span>
    </p>
   </div>
   <div class='ocr_carea' id='block_1_19' title="bbox 263 1176 1896 1248">
    <p class='ocr_par' dir='ltr' id='par_1_19' title="bbox 263 1176 1896 1248">
     <span class='ocr_line' id='line_1_19' title="bbox 263 1176 1896 1248; baseline -0.004 -13"><span class='ocrx_word' id='word_1_150' title='bbox 263 1179 599 1235; x_wconf 88' lang='lat' dir='ltr'><em>Electionem</em></span> <span class='ocrx_word' id='word_1_151' title='bbox 650 1177 806 1232; x_wconf 90' lang='lat' dir='ltr'><em>enim</em></span> <span class='ocrx_word' id='word_1_152' title='bbox 859 1177 1092 1232; x_wconf 90' lang='lat' dir='ltr'><em>illorum</em></span> <span class='ocrx_word' id='word_1_153' title='bbox 1164 1178 1359 1231; x_wconf 85' lang='lat' dir='ltr'><em>taliter</em></span> <span class='ocrx_word' id='word_1_154' title='bbox 1407 1176 1721 1248; x_wconf 89' lang='lat' dir='ltr'><em>Apostolus</em></span> <span class='ocrx_word' id='word_1_155' title='bbox 1773 1176 1896 1231; x_wconf 81' lang='lat' dir='ltr'><em>fleri</em></span> 
     </span>
    </p>
   </div>
   <div class='ocr_carea' id='block_1_20' title="bbox 258 1267 1903 1338">
    <p class='ocr_par' dir='ltr' id='par_1_20' title="bbox 258 1267 1903 1338">
     <span class='ocr_line' id='line_1_20' title="bbox 258 1267 1903 1338; baseline -0.002 -16"><span class='ocrx_word' id='word_1_156' title='bbox 258 1270 412 1338; x_wconf 84' lang='lat' dir='ltr'><em>jubet</em></span> <span class='ocrx_word' id='word_1_157' title='bbox 445 1284 456 1321; x_wconf 95' lang='lat'>:</span> <span class='ocrx_word' id='word_1_158' title='bbox 489 1267 552 1321; x_wconf 87' lang='lat' dir='ltr'><em>Si</em></span> <span class='ocrx_word' id='word_1_159' title='bbox 580 1269 702 1337; x_wconf 83' lang='lat' dir='ltr'><em>quis</em></span> <span class='ocrx_word' id='word_1_160' title='bbox 731 1269 852 1322; x_wconf 83' lang='lat' dir='ltr'><em>sine</em></span> <span class='ocrx_word' id='word_1_161' title='bbox 878 1268 1114 1321; x_wconf 85' lang='lat' dir='ltr'><em>crimine</em></span> <span class='ocrx_word' id='word_1_162' title='bbox 1142 1274 1238 1336; x_wconf 86' lang='lat' dir='ltr'><em>est,</em></span> <span class='ocrx_word' id='word_1_163' title='bbox 1279 1268 1445 1320; x_wconf 86' lang='lat' dir='ltr'><em>unius</em></span> <span class='ocrx_word' id='word_1_164' title='bbox 1475 1267 1666 1320; x_wconf 74' lang='lat' dir='ltr'><em>uxoris</em></span> <span class='ocrx_word' id='word_1_165' title='bbox 1698 1267 1903 1329; x_wconf 78' lang='lat' dir='ltr'><em>virum,</em></span> 
     </span>
    </p>
   </div>
   <div class='ocr_carea' id='block_1_21' title="bbox 268 1355 1904 1426">
    <p class='ocr_par' dir='ltr' id='par_1_21' title="bbox 268 1355 1904 1426">
     <span class='ocr_line' id='line_1_21' title="bbox 268 1355 1904 1426; baseline -0.001 -15"><span class='ocrx_word' id='word_1_166' title='bbox 268 1357 399 1426; x_wconf 83' lang='lat' dir='ltr'><em>ﬁlios</em></span> <span class='ocrx_word' id='word_1_167' title='bbox 446 1356 734 1410; x_wconf 82' lang='lat' dir='ltr'><em>habentem</em></span> <span class='ocrx_word' id='word_1_168' title='bbox 775 1355 982 1424; x_wconf 80' lang='lat' dir='ltr'><em>ﬁdeles,</em></span> <span class='ocrx_word' id='word_1_169' title='bbox 1030 1370 1136 1409; x_wconf 88' lang='lat' dir='ltr'><em>non</em></span> <span class='ocrx_word' id='word_1_170' title='bbox 1172 1357 1233 1408; x_wconf 87' lang='lat' dir='ltr'><em>in</em></span> <span class='ocrx_word' id='word_1_171' title='bbox 1261 1357 1606 1410; x_wconf 72' lang='lat' dir='ltr'><em>accusatione</em></span> <span class='ocrx_word' id='word_1_172' title='bbox 1634 1356 1904 1423; x_wconf 69' lang='lat' dir='ltr'><em>luxuriae,</em></span> 
     </span>
    </p>
   </div>
   <div class='ocr_carea' id='block_1_22' title="bbox 269 1442 1908 1514">
    <p class='ocr_par' dir='ltr' id='par_1_22' title="bbox 269 1442 1908 1514">
     <span class='ocr_line' id='line_1_22' title="bbox 269 1442 1908 1514; baseline -0.002 -13"><span class='ocrx_word' id='word_1_173' title='bbox 269 1449 358 1501; x_wconf 88' lang='lat' dir='ltr'><em>aut</em></span> <span class='ocrx_word' id='word_1_174' title='bbox 384 1461 490 1500; x_wconf 89' lang='lat' dir='ltr'><em>non</em></span> <span class='ocrx_word' id='word_1_175' title='bbox 519 1444 766 1499; x_wconf 79' lang='lat' dir='ltr'><em>subditos</em></span> <span class='ocrx_word' id='word_1_176' title='bbox 798 1444 864 1510; x_wconf 63' lang='lat'><em>9.9;</em></span> <span class='ocrx_word' id='word_1_177' title='bbox 898 1448 954 1498; x_wconf 89' lang='lat' dir='ltr'><em>et</em></span> <span class='ocrx_word' id='word_1_178' title='bbox 984 1442 1230 1514; x_wconf 90' lang='lat' dir='ltr'><em>reliqua.</em></span> <span class='ocrx_word' id='word_1_179' title='bbox 1280 1443 1326 1476; x_wconf 80' lang='grc' dir='ltr'><em>³ο</em></span> <span class='ocrx_word' id='word_1_180' title='bbox 1355 1444 1412 1497; x_wconf 91' lang='lat' dir='ltr'><em>Si</em></span> <span class='ocrx_word' id='word_1_181' title='bbox 1458 1443 1613 1498; x_wconf 87' lang='lat' dir='ltr'><em>enim</em></span> <span class='ocrx_word' id='word_1_182' title='bbox 1643 1444 1767 1499; x_wconf 89' lang='lat' dir='ltr'><em>sine</em></span> <span class='ocrx_word' id='word_1_183' title='bbox 1799 1445 1908 1498; x_wconf 91' lang='lat' dir='ltr'><em>cri-</em></span> 
     </span>
    </p>
   </div>
   <div class='ocr_carea' id='block_1_23' title="bbox 282 1530 1911 1603">
    <p class='ocr_par' dir='ltr' id='par_1_23' title="bbox 282 1530 1911 1603">
     <span class='ocr_line' id='line_1_23' title="bbox 282 1530 1911 1603; baseline -0.001 -16"><span class='ocrx_word' id='word_1_184' title='bbox 282 1533 426 1587; x_wconf 88' lang='lat' dir='ltr'><em>mine</em></span> <span class='ocrx_word' id='word_1_185' title='bbox 473 1532 746 1588; x_wconf 88' lang='lat' dir='ltr'><em>sacerdos</em></span> <span class='ocrx_word' id='word_1_186' title='bbox 777 1531 910 1603; x_wconf 84' lang='lat' dir='ltr'><em>eligi</em></span> <span class='ocrx_word' id='word_1_187' title='bbox 944 1530 1297 1602; x_wconf 71' lang='lat' dir='ltr'><em>praecipitur,</em></span> <span class='ocrx_word' id='word_1_188' title='bbox 1331 1531 1668 1586; x_wconf 88' lang='lat' dir='ltr'><em>nullatenus</em></span> <span class='ocrx_word' id='word_1_189' title='bbox 1699 1533 1772 1587; x_wconf 86' lang='lat' dir='ltr'><em>ab</em></span> <span class='ocrx_word' id='word_1_190' title='bbox 1802 1532 1911 1586; x_wconf 78' lang='lat' dir='ltr'><em>ho-</em></span> 
     </span>
    </p>
   </div>
   <div class='ocr_carea' id='block_1_24' title="bbox 283 1619 1912 1676">
    <p class='ocr_par' dir='ltr' id='par_1_24' title="bbox 283 1619 1912 1676">
     <span class='ocr_line' id='line_1_24' title="bbox 283 1619 1912 1676; baseline -0.001 -1"><span class='ocrx_word' id='word_1_191' title='bbox 283 1621 530 1676; x_wconf 88' lang='lat' dir='ltr'><em>minibus</em></span> <span class='ocrx_word' id='word_1_192' title='bbox 579 1619 926 1676; x_wconf 88' lang='lat' dir='ltr'><em>criminibus</em></span> <span class='ocrx_word' id='word_1_193' title='bbox 974 1620 1215 1675; x_wconf 88' lang='lat' dir='ltr'><em>irretitis</em></span> <span class='ocrx_word' id='word_1_194' title='bbox 1264 1619 1526 1675; x_wconf 87' lang='lat' dir='ltr'><em>accusari</em></span> <span class='ocrx_word' id='word_1_195' title='bbox 1559 1626 1661 1676; x_wconf 87' lang='lat' dir='ltr'><em>aut</em></span> <span class='ocrx_word' id='word_1_196' title='bbox 1689 1620 1912 1676; x_wconf 90' lang='lat' dir='ltr'><em>calum-</em></span> 
     </span>
    </p>
   </div>
   <div class='ocr_carea' id='block_1_25' title="bbox 284 1707 1916 1781">
    <p class='ocr_par' dir='ltr' id='par_1_25' title="bbox 284 1707 1916 1781">
     <span class='ocr_line' id='line_1_25' title="bbox 284 1707 1916 1781; baseline 0.001 -17"><span class='ocrx_word' id='word_1_197' title='bbox 284 1710 421 1765; x_wconf 89' lang='lat' dir='ltr'><em>niari</em></span> <span class='ocrx_word' id='word_1_198' title='bbox 474 1709 858 1781; x_wconf 85' lang='lat' dir='ltr'><em>permittitur,</em></span> <span class='ocrx_word' id='word_1_199' title='bbox 892 1725 996 1763; x_wconf 92' lang='lat' dir='ltr'><em>nec</em></span> <span class='ocrx_word' id='word_1_200' title='bbox 1028 1709 1099 1763; x_wconf 90' lang='lat' dir='ltr'><em>ab</em></span> <span class='ocrx_word' id='word_1_201' title='bbox 1150 1707 1301 1779; x_wconf 90' lang='lat' dir='ltr'><em>aliis,</em></span> <span class='ocrx_word' id='word_1_202' title='bbox 1351 1725 1526 1779; x_wconf 88' lang='lat' dir='ltr'><em>quam</em></span> <span class='ocrx_word' id='word_1_203' title='bbox 1559 1710 1630 1764; x_wconf 90' lang='lat' dir='ltr'><em>ab</em></span> <span class='ocrx_word' id='word_1_204' title='bbox 1681 1709 1771 1763; x_wconf 88' lang='lat' dir='ltr'><em>his</em></span> <span class='ocrx_word' id='word_1_205' title='bbox 1816 1710 1916 1780; x_wconf 90' lang='lat' dir='ltr'><em>qui</em></span> 
     </span>
    </p>
   </div>
   <div class='ocr_carea' id='block_1_26' title="bbox 281 1795 1918 1867">
    <p class='ocr_par' dir='ltr' id='par_1_26' title="bbox 281 1795 1918 1867">
     <span class='ocr_line' id='line_1_26' title="bbox 281 1795 1918 1867; baseline -0.001 -13"><span class='ocrx_word' id='word_1_206' title='bbox 281 1798 397 1854; x_wconf 90' lang='lat' dir='ltr'><em>sine</em></span> <span class='ocrx_word' id='word_1_207' title='bbox 426 1798 674 1854; x_wconf 88' lang='lat' dir='ltr'><em>crimine</em></span> <span class='ocrx_word' id='word_1_208' title='bbox 700 1801 862 1864; x_wconf 89' lang='lat' dir='ltr'><em>sunt,</em></span> <span class='ocrx_word' id='word_1_209' title='bbox 893 1802 950 1852; x_wconf 93' lang='lat' dir='ltr'><em>et</em></span> <span class='ocrx_word' id='word_1_210' title='bbox 971 1797 1140 1867; x_wconf 79' lang='lat' dir='ltr'><em>juxta</em></span> <span class='ocrx_word' id='word_1_211' title='bbox 1173 1795 1511 1851; x_wconf 89' lang='lat' dir='ltr'><em>electionem</em></span> <span class='ocrx_word' id='word_1_212' title='bbox 1544 1797 1610 1865; x_wconf 73' lang='grc' dir='ltr'><em>δι,</em></span> <span class='ocrx_word' id='word_1_213' title='bbox 1645 1797 1692 1852; x_wconf 88' lang='lat' dir='ltr'><em>si</em></span> <span class='ocrx_word' id='word_1_214' title='bbox 1725 1814 1918 1853; x_wconf 89' lang='lat' dir='ltr'><em>neces-</em></span> 
     </span>
    </p>
   </div>
   <div class='ocr_carea' id='block_1_27' title="bbox 281 1885 1919 1958">
    <p class='ocr_par' dir='ltr' id='par_1_27' title="bbox 281 1885 1919 1958">
     <span class='ocr_line' id='line_1_27' title="bbox 281 1885 1919 1958; baseline 0 -16"><span class='ocrx_word' id='word_1_215' title='bbox 281 1887 413 1942; x_wconf 86' lang='lat' dir='ltr'><em>sitas</em></span> <span class='ocrx_word' id='word_1_216' title='bbox 443 1886 639 1951; x_wconf 82' lang='lat' dir='ltr'><em>fuerit,</em></span> <span class='ocrx_word' id='word_1_217' title='bbox 665 1890 765 1941; x_wconf 91' lang='lat' dir='ltr'><em>aut</em></span> <span class='ocrx_word' id='word_1_218' title='bbox 794 1885 908 1956; x_wconf 86' lang='lat' dir='ltr'><em>ipsi</em></span> <span class='ocrx_word' id='word_1_219' title='bbox 941 1885 1187 1940; x_wconf 90' lang='lat' dir='ltr'><em>volendo</em></span> <span class='ocrx_word' id='word_1_220' title='bbox 1217 1885 1464 1940; x_wconf 92' lang='lat' dir='ltr'><em>Domino</em></span> <span class='ocrx_word' id='word_1_221' title='bbox 1495 1887 1706 1941; x_wconf 89' lang='lat' dir='ltr'><em>servire</em></span> <span class='ocrx_word' id='word_1_222' title='bbox 1738 1887 1919 1958; x_wconf 85' lang='lat' dir='ltr'><em>elege-</em></span> 
     </span>
    </p>
   </div>
   <div class='ocr_carea' id='block_1_28' title="bbox 280 1974 1914 2046">
    <p class='ocr_par' dir='ltr' id='par_1_28' title="bbox 280 1974 1914 2046">
     <span class='ocr_line' id='line_1_28' title="bbox 280 1974 1914 2046; baseline -0.002 -14"><span class='ocrx_word' id='word_1_223' title='bbox 280 1977 410 2044; x_wconf 89' lang='lat' dir='ltr'><em>rint,</em></span> <span class='ocrx_word' id='word_1_224' title='bbox 432 1977 476 2011; x_wconf 70' lang='grc'><em>⁵³</em></span> <span class='ocrx_word' id='word_1_225' title='bbox 508 1977 958 2046; x_wconf 86' lang='lat' dir='ltr'><em>sacerdotesque</em></span> <span class='ocrx_word' id='word_1_226' title='bbox 989 1975 1116 2029; x_wconf 88' lang='lat' dir='ltr'><em>sine</em></span> <span class='ocrx_word' id='word_1_227' title='bbox 1146 1974 1388 2028; x_wconf 88' lang='lat' dir='ltr'><em>crimine</em></span> <span class='ocrx_word' id='word_1_228' title='bbox 1418 1975 1537 2029; x_wconf 80' lang='lat' dir='ltr'><em>ﬁeri</em></span> <span class='ocrx_word' id='word_1_229' title='bbox 1572 1980 1628 2030; x_wconf 91' lang='lat' dir='ltr'><em>et</em></span> <span class='ocrx_word' id='word_1_230' title='bbox 1660 1975 1914 2030; x_wconf 88' lang='lat' dir='ltr'><em>ordinari</em></span> 
     </span>
    </p>
   </div>
   <div class='ocr_carea' id='block_1_29' title="bbox 280 2061 1915 2136">
    <p class='ocr_par' dir='ltr' id='par_1_29' title="bbox 280 2061 1915 2136">
     <span class='ocr_line' id='line_1_29' title="bbox 280 2061 1915 2136; baseline -0.003 -16"><span class='ocrx_word' id='word_1_231' title='bbox 280 2064 516 2136; x_wconf 86' lang='lat' dir='ltr'><em>possint,</em></span> <span class='ocrx_word' id='word_1_232' title='bbox 568 2067 628 2119; x_wconf 88' lang='lat' dir='ltr'><em>et</em></span> <span class='ocrx_word' id='word_1_233' title='bbox 671 2063 818 2118; x_wconf 89' lang='lat' dir='ltr'><em>tales</em></span> <span class='ocrx_word' id='word_1_234' title='bbox 863 2080 964 2134; x_wconf 90' lang='lat' dir='ltr'><em>per</em></span> <span class='ocrx_word' id='word_1_235' title='bbox 1011 2061 1210 2117; x_wconf 88' lang='lat' dir='ltr'><em>omnia</em></span> <span class='ocrx_word' id='word_1_236' title='bbox 1241 2062 1478 2129; x_wconf 87' lang='lat' dir='ltr'><em>fuerint,</em></span> <span class='ocrx_word' id='word_1_237' title='bbox 1529 2062 1729 2134; x_wconf 88' lang='lat' dir='ltr'><em>quales</em></span> <span class='ocrx_word' id='word_1_238' title='bbox 1780 2063 1915 2134; x_wconf 84' lang='lat' dir='ltr'><em>eligi</em></span> 
     </span>
    </p>
   </div>
   <div class='ocr_carea' id='block_1_30' title="bbox 282 2150 1916 2224">
    <p class='ocr_par' dir='ltr' id='par_1_30' title="bbox 282 2150 1916 2224">
     <span class='ocr_line' id='line_1_30' title="bbox 282 2150 1916 2224; baseline -0.002 -16"><span class='ocrx_word' id='word_1_239' title='bbox 282 2153 612 2209; x_wconf 86' lang='lat' dir='ltr'><em>sacerdotes</em></span> <span class='ocrx_word' id='word_1_240' title='bbox 636 2152 940 2224; x_wconf 91' lang='lat' dir='ltr'><em>jubentur.</em></span> <span class='ocrx_word' id='word_1_241' title='bbox 967 2151 1012 2185; x_wconf 83' lang='grc'>³³</span> <span class='ocrx_word' id='word_1_242' title='bbox 1055 2150 1228 2206; x_wconf 89' lang='lat' dir='ltr'><em>Porro</em></span> <span class='ocrx_word' id='word_1_243' title='bbox 1260 2155 1316 2205; x_wconf 91' lang='lat' dir='ltr'><em>et</em></span> <span class='ocrx_word' id='word_1_244' title='bbox 1345 2150 1527 2223; x_wconf 91' lang='lat' dir='ltr'><em>Moysi</em></span> <span class='ocrx_word' id='word_1_245' title='bbox 1559 2151 1916 2223; x_wconf 69' lang='lat' dir='ltr'><em>praecipitur,</em></span> 
     </span>
    </p>
   </div>
   <div class='ocr_carea' id='block_1_31' title="bbox 282 2239 1922 2314">
    <p class='ocr_par' dir='ltr' id='par_1_31' title="bbox 282 2239 1922 2314">
     <span class='ocr_line' id='line_1_31' title="bbox 282 2239 1922 2314; baseline -0.002 -18"><span class='ocrx_word' id='word_1_246' title='bbox 282 2247 343 2296; x_wconf 90' lang='lat' dir='ltr'><em>ut</em></span> <span class='ocrx_word' id='word_1_247' title='bbox 369 2241 546 2314; x_wconf 88' lang='lat' dir='ltr'><em>eligat</em></span> <span class='ocrx_word' id='word_1_248' title='bbox 577 2241 966 2313; x_wconf 86' lang='lat' dir='ltr'><em>presbyteros.</em></span> <span class='ocrx_word' id='word_1_249' title='bbox 990 2240 1035 2273; x_wconf 72' lang='grc'><em>³⁵</em></span> <span class='ocrx_word' id='word_1_250' title='bbox 1067 2239 1229 2294; x_wconf 90' lang='lat' dir='ltr'><em>Unde</em></span> <span class='ocrx_word' id='word_1_251' title='bbox 1259 2242 1314 2293; x_wconf 88' lang='lat' dir='ltr'><em>et</em></span> <span class='ocrx_word' id='word_1_252' title='bbox 1335 2239 1394 2294; x_wconf 90' lang='lat' dir='ltr'><em>in</em></span> <span class='ocrx_word' id='word_1_253' title='bbox 1429 2239 1754 2295; x_wconf 88' lang='lat' dir='ltr'><em>Proverbiis</em></span> <span class='ocrx_word' id='word_1_254' title='bbox 1783 2239 1922 2294; x_wconf 88' lang='lat' dir='ltr'><em>dici-</em></span> 
     </span>
    </p>
   </div>
   <div class='ocr_carea' id='block_1_32' title="bbox 281 2327 1920 2387">
    <p class='ocr_par' dir='ltr' id='par_1_32' title="bbox 281 2327 1920 2387">
     <span class='ocr_line' id='line_1_32' title="bbox 281 2327 1920 2387; baseline -0.002 -1"><span class='ocrx_word' id='word_1_255' title='bbox 281 2334 414 2386; x_wconf 85' lang='lat' dir='ltr'><em>tur:</em></span> <span class='ocrx_word' id='word_1_256' title='bbox 450 2331 650 2387; x_wconf 84' lang='lat' dir='ltr'><em>Gloria</em></span> <span class='ocrx_word' id='word_1_257' title='bbox 689 2345 881 2384; x_wconf 88' lang='lat' dir='ltr'><em>senum</em></span> <span class='ocrx_word' id='word_1_258' title='bbox 931 2330 1160 2384; x_wconf 88' lang='lat' dir='ltr'><em>canities</em></span> <span class='ocrx_word' id='word_1_259' title='bbox 1201 2328 1264 2383; x_wconf 78' lang='grc'><em>³⁵.</em></span> <span class='ocrx_word' id='word_1_260' title='bbox 1316 2332 1449 2383; x_wconf 82' lang='lat' dir='ltr'><em>Haec</em></span> <span class='ocrx_word' id='word_1_261' title='bbox 1494 2345 1625 2384; x_wconf 90' lang='lat' dir='ltr'><em>vero</em></span> <span class='ocrx_word' id='word_1_262' title='bbox 1677 2327 1920 2384; x_wconf 85' lang='lat' dir='ltr'><em>canities</em></span> 
     </span>
    </p>
   </div>
   <div class='ocr_carea' id='block_1_33' title="bbox 283 2413 1922 2491">
    <p class='ocr_par' dir='ltr' id='par_1_33' title="bbox 283 2413 1922 2491">
     <span class='ocr_line' id='line_1_33' title="bbox 283 2413 1922 2491; baseline -0.002 -16"><span class='ocrx_word' id='word_1_263' title='bbox 283 2419 629 2491; x_wconf 89' lang='lat' dir='ltr'><em>sapientiam</em></span> <span class='ocrx_word' id='word_1_264' title='bbox 662 2413 1034 2490; x_wconf 44' lang='lat' dir='ltr'><em>designanda</em></span> <span class='ocrx_word' id='word_1_265' title='bbox 1057 2434 1171 2488; x_wconf 85' lang='lat' dir='ltr'><em>qua</em></span> <span class='ocrx_word' id='word_1_266' title='bbox 1204 2416 1488 2488; x_wconf 88' lang='lat' dir='ltr'><em>scriptum</em></span> <span class='ocrx_word' id='word_1_267' title='bbox 1521 2422 1645 2473; x_wconf 89' lang='lat' dir='ltr'><em>est:</em></span> <span class='ocrx_word' id='word_1_268' title='bbox 1682 2419 1922 2472; x_wconf 77' lang='lat' dir='ltr'><em>Canities</em></span> 
     </span>
    </p>
   </div>
   <div class='ocr_carea' id='block_1_34' title="bbox 284 2506 1924 2579">
    <p class='ocr_par' dir='ltr' id='par_1_34' title="bbox 284 2506 1924 2579">
     <span class='ocr_line' id='line_1_34' title="bbox 284 2506 1924 2579; baseline -0.002 -15"><span class='ocrx_word' id='word_1_269' title='bbox 284 2507 562 2564; x_wconf 82' lang='lat' dir='ltr'><em>hominum</em></span> <span class='ocrx_word' id='word_1_270' title='bbox 609 2507 907 2579; x_wconf 75' lang='lat' dir='ltr'><em>prudentia</em></span> <span class='ocrx_word' id='word_1_271' title='bbox 949 2511 1028 2561; x_wconf 89' lang='lat' dir='ltr'><em>est</em></span> <span class='ocrx_word' id='word_1_272' title='bbox 1076 2506 1140 2560; x_wconf 75' lang='grc'><strong>³⁸.</strong></span> <span class='ocrx_word' id='word_1_273' title='bbox 1189 2510 1450 2577; x_wconf 90' lang='lat' dir='ltr'><em>Cumque</em></span> <span class='ocrx_word' id='word_1_274' title='bbox 1499 2511 1822 2578; x_wconf 86' lang='lat' dir='ltr'><em>nongentos</em></span> <span class='ocrx_word' id='word_1_275' title='bbox 1869 2510 1924 2560; x_wconf 91' lang='lat' dir='ltr'><em>et</em></span> 
     </span>
    </p>
   </div>
   <div class='ocr_carea' id='block_1_35' title="bbox 285 2594 1924 2670">
    <p class='ocr_par' dir='ltr' id='par_1_35' title="bbox 285 2594 1924 2670">
     <span class='ocr_line' id='line_1_35' title="bbox 285 2594 1924 2670; baseline -0.002 -17"><span class='ocrx_word' id='word_1_276' title='bbox 285 2597 535 2670; x_wconf 89' lang='lat' dir='ltr'><em>amplius</em></span> <span class='ocrx_word' id='word_1_277' title='bbox 556 2613 741 2652; x_wconf 88' lang='lat' dir='ltr'><em>annos</em></span> <span class='ocrx_word' id='word_1_278' title='bbox 774 2595 844 2651; x_wconf 87' lang='lat' dir='ltr'><em>ad</em></span> <span class='ocrx_word' id='word_1_279' title='bbox 875 2596 1058 2650; x_wconf 90' lang='lat' dir='ltr'><em>Adam</em></span> <span class='ocrx_word' id='word_1_280' title='bbox 1080 2611 1264 2666; x_wconf 89' lang='lat' dir='ltr'><em>usque</em></span> <span class='ocrx_word' id='word_1_281' title='bbox 1296 2595 1366 2649; x_wconf 87' lang='lat' dir='ltr'><em>ad</em></span> <span class='ocrx_word' id='word_1_282' title='bbox 1389 2595 1682 2650; x_wconf 86' lang='lat' dir='ltr'><em>Abraham</em></span> <span class='ocrx_word' id='word_1_283' title='bbox 1712 2594 1924 2649; x_wconf 85' lang='lat' dir='ltr'><em>vixisse</em></span> 
     </span>
    </p>
   </div>
   <div class='ocr_carea' id='block_1_36' title="bbox 285 2683 1925 2757">
    <p class='ocr_par' dir='ltr' id='par_1_36' title="bbox 285 2683 1925 2757">
     <span class='ocr_line' id='line_1_36' title="bbox 285 2683 1925 2757; baseline -0.002 -17"><span class='ocrx_word' id='word_1_284' title='bbox 285 2685 553 2742; x_wconf 87' lang='lat' dir='ltr'><em>homines</em></span> <span class='ocrx_word' id='word_1_285' title='bbox 603 2684 943 2757; x_wconf 87' lang='lat' dir='ltr'><em>legerimus,</em></span> <span class='ocrx_word' id='word_1_286' title='bbox 993 2683 1191 2739; x_wconf 91' lang='lat' dir='ltr'><em>nullus</em></span> <span class='ocrx_word' id='word_1_287' title='bbox 1221 2683 1372 2739; x_wconf 86' lang='lat' dir='ltr'><em>alius</em></span> <span class='ocrx_word' id='word_1_288' title='bbox 1404 2683 1568 2756; x_wconf 90' lang='lat' dir='ltr'><em>prius</em></span> <span class='ocrx_word' id='word_1_289' title='bbox 1600 2683 1925 2756; x_wconf 88' lang='lat' dir='ltr'><em>appellatus</em></span> 
     </span>
    </p>
   </div>
   <div class='ocr_carea' id='block_1_37' title="bbox 286 2772 1927 2845">
    <p class='ocr_par' dir='ltr' id='par_1_37' title="bbox 286 2772 1927 2845">
     <span class='ocr_line' id='line_1_37' title="bbox 286 2772 1927 2845; baseline -0.003 -15"><span class='ocrx_word' id='word_1_290' title='bbox 286 2781 369 2830; x_wconf 89' lang='lat' dir='ltr'><em>est</em></span> <span class='ocrx_word' id='word_1_291' title='bbox 416 2774 741 2845; x_wconf 85' lang='lat' dir='ltr'><em>presbyter,</em></span> <span class='ocrx_word' id='word_1_292' title='bbox 788 2773 846 2827; x_wconf 92' lang='lat' dir='ltr'><em>id</em></span> <span class='ocrx_word' id='word_1_293' title='bbox 896 2777 985 2827; x_wconf 92' lang='lat' dir='ltr'><em>est</em></span> <span class='ocrx_word' id='word_1_294' title='bbox 1033 2773 1244 2842; x_wconf 89' lang='lat' dir='ltr'><em>senior,</em></span> <span class='ocrx_word' id='word_1_295' title='bbox 1298 2773 1411 2827; x_wconf 89' lang='lat' dir='ltr'><em>nisi</em></span> <span class='ocrx_word' id='word_1_296' title='bbox 1457 2773 1773 2842; x_wconf 88' lang='lat' dir='ltr'><em>Abraham,</em></span> <span class='ocrx_word' id='word_1_297' title='bbox 1829 2772 1927 2842; x_wconf 90' lang='lat' dir='ltr'><em>qui</em></span> 
     </span>
    </p>
   </div>
   <div class='ocr_carea' id='block_1_38' title="bbox 288 2861 1928 2934">
    <p class='ocr_par' dir='ltr' id='par_1_38' title="bbox 288 2861 1928 2934">
     <span class='ocr_line' id='line_1_38' title="bbox 288 2861 1928 2934; baseline -0.001 -16"><span class='ocrx_word' id='word_1_298' title='bbox 288 2863 466 2918; x_wconf 85' lang='lat' dir='ltr'><em>multo</em></span> <span class='ocrx_word' id='word_1_299' title='bbox 520 2862 898 2934; x_wconf 85' lang='lat' dir='ltr'><em>paucioribus</em></span> <span class='ocrx_word' id='word_1_300' title='bbox 944 2861 1155 2916; x_wconf 88' lang='lat' dir='ltr'><em>vixisse</em></span> <span class='ocrx_word' id='word_1_301' title='bbox 1187 2861 1357 2916; x_wconf 88' lang='lat' dir='ltr'><em>annis</em></span> <span class='ocrx_word' id='word_1_302' title='bbox 1389 2861 1769 2916; x_wconf 89' lang='lat' dir='ltr'><em>convincitur.</em></span> <span class='ocrx_word' id='word_1_303' title='bbox 1804 2862 1928 2916; x_wconf 91' lang='lat' dir='ltr'><em>Non</em></span> 
     </span>
    </p>
   </div>
   <div class='ocr_carea' id='block_1_39' title="bbox 287 2950 1932 3024">
    <p class='ocr_par' dir='ltr' id='par_1_39' title="bbox 287 2950 1932 3024">
     <span class='ocr_line' id='line_1_39' title="bbox 287 2950 1932 3024; baseline -0.002 -17"><span class='ocrx_word' id='word_1_304' title='bbox 287 2968 416 3024; x_wconf 86' lang='lat' dir='ltr'><em>ergo</em></span> <span class='ocrx_word' id='word_1_305' title='bbox 447 2956 689 3023; x_wconf 88' lang='lat' dir='ltr'><em>propter</em></span> <span class='ocrx_word' id='word_1_306' title='bbox 717 2950 1070 3022; x_wconf 89' lang='lat' dir='ltr'><em>decrepitam</em></span> <span class='ocrx_word' id='word_1_307' title='bbox 1120 2954 1498 3020; x_wconf 88' lang='lat' dir='ltr'><em>senectutem,</em></span> <span class='ocrx_word' id='word_1_308' title='bbox 1545 2951 1643 3005; x_wconf 90' lang='lat' dir='ltr'><em>sed</em></span> <span class='ocrx_word' id='word_1_309' title='bbox 1698 2955 1932 3022; x_wconf 88' lang='lat' dir='ltr'><em>propter</em></span> 
     </span>
    </p>
   </div>
   <div class='ocr_carea' id='block_1_40' title="bbox 289 3038 1933 3111">
    <p class='ocr_par' dir='ltr' id='par_1_40' title="bbox 289 3038 1933 3111">
     <span class='ocr_line' id='line_1_40' title="bbox 289 3038 1933 3111; baseline -0.002 -16"><span class='ocrx_word' id='word_1_310' title='bbox 289 3039 636 3111; x_wconf 83' lang='lat' dir='ltr'><em>sapientiam</em></span> <span class='ocrx_word' id='word_1_311' title='bbox 663 3038 978 3110; x_wconf 84' lang='lat' dir='ltr'><em>presbyteri</em></span> <span class='ocrx_word' id='word_1_312' title='bbox 1015 3038 1412 3093; x_wconf 89' lang='lat' dir='ltr'><em>nominantur.</em></span> <span class='ocrx_word' id='word_1_313' title='bbox 1443 3039 1484 3072; x_wconf 76' lang='grc'>³⁷</span> <span class='ocrx_word' id='word_1_314' title='bbox 1519 3039 1753 3094; x_wconf 89' lang='lat' dir='ltr'><em>lnitium</em></span> <span class='ocrx_word' id='word_1_315' title='bbox 1776 3039 1933 3093; x_wconf 88' lang='lat' dir='ltr'><em>enim</em></span> 
     </span>
    </p>
   </div>
   <div class='ocr_carea' id='block_1_41' title="bbox 290 3126 1935 3199">
    <p class='ocr_par' dir='ltr' id='par_1_41' title="bbox 290 3126 1935 3199">
     <span class='ocr_line' id='line_1_41' title="bbox 290 3126 1935 3199; baseline -0.002 -14"><span class='ocrx_word' id='word_1_316' title='bbox 290 3128 598 3185; x_wconf 87' lang='lat' dir='ltr'><em>sacerdotii</em></span> <span class='ocrx_word' id='word_1_317' title='bbox 630 3131 820 3182; x_wconf 87' lang='lat' dir='ltr'><em>Aaron</em></span> <span class='ocrx_word' id='word_1_318' title='bbox 871 3127 996 3194; x_wconf 77' lang='lat' dir='ltr'><em>fuit,</em></span> <span class='ocrx_word' id='word_1_319' title='bbox 1047 3126 1180 3182; x_wconf 90' lang='lat' dir='ltr'><em>licet</em></span> <span class='ocrx_word' id='word_1_320' title='bbox 1226 3126 1604 3182; x_wconf 80' lang='lat' dir='ltr'><em>Melchisedec</em></span> <span class='ocrx_word' id='word_1_321' title='bbox 1643 3127 1800 3199; x_wconf 91' lang='lat' dir='ltr'><em>prior</em></span> <span class='ocrx_word' id='word_1_322' title='bbox 1831 3128 1935 3182; x_wconf 90' lang='lat' dir='ltr'><em>ob-</em></span> 
     </span>
    </p>
   </div>
   <div class='ocr_carea' id='block_1_42' title="bbox 289 3215 1934 3286">
    <p class='ocr_par' dir='ltr' id='par_1_42' title="bbox 289 3215 1934 3286">
     <span class='ocr_line' id='line_1_42' title="bbox 289 3215 1934 3286; baseline 0 -15"><span class='ocrx_word' id='word_1_323' title='bbox 289 3216 486 3273; x_wconf 90' lang='lat' dir='ltr'><em>tulerit</em></span> <span class='ocrx_word' id='word_1_324' title='bbox 519 3215 898 3282; x_wconf 82' lang='lat' dir='ltr'><em>sacriﬁcium,</em></span> <span class='ocrx_word' id='word_1_325' title='bbox 950 3219 1006 3270; x_wconf 92' lang='lat' dir='ltr'><em>et</em></span> <span class='ocrx_word' id='word_1_326' title='bbox 1035 3220 1166 3286; x_wconf 89' lang='lat' dir='ltr'><em>post</em></span> <span class='ocrx_word' id='word_1_327' title='bbox 1212 3216 1368 3270; x_wconf 90' lang='lat' dir='ltr'><em>hunc</em></span> <span class='ocrx_word' id='word_1_328' title='bbox 1403 3216 1718 3286; x_wconf 87' lang='lat' dir='ltr'><em>Abraham,</em></span> <span class='ocrx_word' id='word_1_329' title='bbox 1755 3216 1934 3282; x_wconf 89' lang='lat' dir='ltr'><em>Isaac,</em></span> 
     </span>
    </p>
   </div>
   <div class='ocr_carea' id='block_1_43' title="bbox 2027 1711 3662 1782">
    <p class='ocr_par' dir='ltr' id='par_1_43' title="bbox 2027 1711 3662 1782">
     <span class='ocr_line' id='line_1_43' title="bbox 2027 1711 3662 1782; baseline 0.001 -16"><span class='ocrx_word' id='word_1_330' title='bbox 2027 1729 2169 1782; x_wconf 92' lang='lat' dir='ltr'><em>rem,</em></span> <span class='ocrx_word' id='word_1_331' title='bbox 2191 1711 2404 1767; x_wconf 84' lang='lat' dir='ltr'><em>stolam</em></span> <span class='ocrx_word' id='word_1_332' title='bbox 2436 1715 2783 1779; x_wconf 89' lang='lat' dir='ltr'><em>sanctam,et</em></span> <span class='ocrx_word' id='word_1_333' title='bbox 2812 1726 3085 1765; x_wconf 89' lang='lat' dir='ltr'><em>coronam</em></span> <span class='ocrx_word' id='word_1_334' title='bbox 3117 1727 3376 1778; x_wconf 88' lang='lat' dir='ltr'><em>auream,</em></span> <span class='ocrx_word' id='word_1_335' title='bbox 3402 1712 3662 1781; x_wconf 87' lang='lat' dir='ltr'><em>mitram,</em></span> 
     </span>
    </p>
   </div>
   <div class='ocr_carea' id='block_1_44' title="bbox 2028 1798 3667 1870">
    <p class='ocr_par' dir='ltr' id='par_1_44' title="bbox 2028 1798 3667 1870">
     <span class='ocr_line' id='line_1_44' title="bbox 2028 1798 3667 1870; baseline 0 -16"><span class='ocrx_word' id='word_1_336' title='bbox 2028 1804 2084 1854; x_wconf 88' lang='lat' dir='ltr'><em>et</em></span> <span class='ocrx_word' id='word_1_337' title='bbox 2120 1817 2324 1854; x_wconf 88' lang='lat' dir='ltr'><em>zonam</em></span> <span class='ocrx_word' id='word_1_338' title='bbox 2374 1816 2632 1867; x_wconf 87' lang='lat' dir='ltr'><em>auream,</em></span> <span class='ocrx_word' id='word_1_339' title='bbox 2681 1804 2738 1853; x_wconf 91' lang='lat' dir='ltr'><em>et</em></span> <span class='ocrx_word' id='word_1_340' title='bbox 2786 1798 3286 1870; x_wconf 86' lang='lat' dir='ltr'><em>superhumerale,</em></span> <span class='ocrx_word' id='word_1_341' title='bbox 3337 1803 3392 1854; x_wconf 91' lang='lat' dir='ltr'><em>et</em></span> <span class='ocrx_word' id='word_1_342' title='bbox 3441 1800 3667 1870; x_wconf 87' lang='lat' dir='ltr'><em>reliqua</em></span> 
     </span>
    </p>
   </div>
   <div class='ocr_carea' id='block_1_45' title="bbox 2029 1886 3669 1960">
    <p class='ocr_par' dir='ltr' id='par_1_45' title="bbox 2029 1886 3669 1960">
     <span class='ocr_line' id='line_1_45' title="bbox 2029 1886 3669 1960; baseline -0.001 -16"><span class='ocrx_word' id='word_1_343' title='bbox 2029 1906 2158 1960; x_wconf 73' lang='lat' dir='ltr'><em>quae</em></span> <span class='ocrx_word' id='word_1_344' title='bbox 2190 1889 2417 1959; x_wconf 65' lang='lat' dir='ltr'><em>praeﬁxa</em></span> <span class='ocrx_word' id='word_1_345' title='bbox 2443 1892 2582 1942; x_wconf 90' lang='lat' dir='ltr'><em>sunt</em></span> <span class='ocrx_word' id='word_1_346' title='bbox 2633 1904 2646 1942; x_wconf 91' lang='lat'><strong>:</strong></span> <span class='ocrx_word' id='word_1_347' title='bbox 2700 1886 2802 1942; x_wconf 81' lang='lat' dir='ltr'><em>filii</em></span> <span class='ocrx_word' id='word_1_348' title='bbox 2833 1893 3028 1942; x_wconf 90' lang='lat' dir='ltr'><em>autem</em></span> <span class='ocrx_word' id='word_1_349' title='bbox 3064 1892 3273 1954; x_wconf 85' lang='lat' dir='ltr'><em>Aaron,</em></span> <span class='ocrx_word' id='word_1_350' title='bbox 3307 1904 3484 1960; x_wconf 88' lang='lat' dir='ltr'><em>super</em></span> <span class='ocrx_word' id='word_1_351' title='bbox 3512 1888 3669 1942; x_wconf 88' lang='lat' dir='ltr'><em>tuni-</em></span> 
     </span>
    </p>
   </div>
   <div class='ocr_carea' id='block_1_46' title="bbox 2027 1975 3674 2044">
    <p class='ocr_par' dir='ltr' id='par_1_46' title="bbox 2027 1975 3674 2044">
     <span class='ocr_line' id='line_1_46' title="bbox 2027 1975 3674 2044; baseline 0 -13"><span class='ocrx_word' id='word_1_352' title='bbox 2027 1994 2123 2032; x_wconf 89' lang='lat' dir='ltr'><em>cas</em></span> <span class='ocrx_word' id='word_1_353' title='bbox 2153 1977 2336 2031; x_wconf 87' lang='lat' dir='ltr'><em>lineas</em></span> <span class='ocrx_word' id='word_1_354' title='bbox 2362 1977 2532 2031; x_wconf 89' lang='lat' dir='ltr'><em>cincti</em></span> <span class='ocrx_word' id='word_1_355' title='bbox 2558 1976 2962 2030; x_wconf 88' lang='lat' dir='ltr'><em>tantummodo</em></span> <span class='ocrx_word' id='word_1_356' title='bbox 2993 1981 3048 2031; x_wconf 90' lang='lat' dir='ltr'><em>et</em></span> <span class='ocrx_word' id='word_1_357' title='bbox 3077 1976 3293 2044; x_wconf 89' lang='lat' dir='ltr'><em>tiarati,</em></span> <span class='ocrx_word' id='word_1_358' title='bbox 3319 1975 3674 2031; x_wconf 84' lang='lat' dir='ltr'><em>assistebant</em></span> 
     </span>
    </p>
   </div>
   <div class='ocr_carea' id='block_1_47' title="bbox 2026 2065 3668 2135">
    <p class='ocr_par' dir='ltr' id='par_1_47' title="bbox 2026 2065 3668 2135">
     <span class='ocr_line' id='line_1_47' title="bbox 2026 2065 3668 2135; baseline -0.001 -13"><span class='ocrx_word' id='word_1_359' title='bbox 2026 2066 2310 2122; x_wconf 80' lang='lat' dir='ltr'><em>sacrificio</em></span> <span class='ocrx_word' id='word_1_360' title='bbox 2358 2065 2609 2120; x_wconf 90' lang='lat' dir='ltr'><em>Domini.</em></span> <span class='ocrx_word' id='word_1_361' title='bbox 2659 2065 2704 2098; x_wconf 74' lang='lat'><em>‘°</em></span> <span class='ocrx_word' id='word_1_362' title='bbox 2751 2067 2813 2119; x_wconf 91' lang='lat' dir='ltr'><em>In</em></span> <span class='ocrx_word' id='word_1_363' title='bbox 2866 2081 3009 2120; x_wconf 87' lang='lat' dir='ltr'><em>novo</em></span> <span class='ocrx_word' id='word_1_364' title='bbox 3059 2070 3253 2120; x_wconf 89' lang='lat' dir='ltr'><em>autem</em></span> <span class='ocrx_word' id='word_1_365' title='bbox 3298 2069 3668 2135; x_wconf 88' lang='lat' dir='ltr'><em>testamento,</em></span> 
     </span>
    </p>
   </div>
   <div class='ocr_carea' id='block_1_48' title="bbox 2028 2153 3675 2228">
    <p class='ocr_par' dir='ltr' id='par_1_48' title="bbox 2028 2153 3675 2228">
     <span class='ocr_line' id='line_1_48' title="bbox 2028 2153 3675 2228; baseline -0.001 -18"><span class='ocrx_word' id='word_1_366' title='bbox 2028 2159 2159 2228; x_wconf 90' lang='lat' dir='ltr'><em>post</em></span> <span class='ocrx_word' id='word_1_367' title='bbox 2189 2155 2486 2210; x_wconf 87' lang='lat' dir='ltr'><em>Christum</em></span> <span class='ocrx_word' id='word_1_368' title='bbox 2524 2153 2854 2220; x_wconf 91' lang='lat' dir='ltr'><em>Dominum,</em></span> <span class='ocrx_word' id='word_1_369' title='bbox 2897 2171 2931 2208; x_wconf 92' lang='lat' dir='ltr'><em>a</em></span> <span class='ocrx_word' id='word_1_370' title='bbox 2962 2155 3124 2209; x_wconf 89' lang='lat' dir='ltr'><em>Petro</em></span> <span class='ocrx_word' id='word_1_371' title='bbox 3155 2154 3530 2210; x_wconf 87' lang='lat' dir='ltr'><em>sacerdotalis</em></span> <span class='ocrx_word' id='word_1_372' title='bbox 3557 2171 3675 2209; x_wconf 74' lang='lat' dir='ltr'><em>cm-</em></span> 
     </span>
    </p>
   </div>
   <div class='ocr_carea' id='block_1_49' title="bbox 2031 2241 3676 2314">
    <p class='ocr_par' dir='ltr' id='par_1_49' title="bbox 2031 2241 3676 2314">
     <span class='ocr_line' id='line_1_49' title="bbox 2031 2241 3676 2314; baseline -0.001 -17"><span class='ocrx_word' id='word_1_373' title='bbox 2031 2243 2115 2314; x_wconf 91' lang='lat' dir='ltr'><em>pit</em></span> <span class='ocrx_word' id='word_1_374' title='bbox 2145 2243 2307 2307; x_wconf 90' lang='lat' dir='ltr'><em>ordo,</em></span> <span class='ocrx_word' id='word_1_375' title='bbox 2339 2243 2478 2313; x_wconf 91' lang='lat' dir='ltr'><em>quia</em></span> <span class='ocrx_word' id='word_1_376' title='bbox 2505 2241 2617 2314; x_wconf 91' lang='lat' dir='ltr'><em>ipsi</em></span> <span class='ocrx_word' id='word_1_377' title='bbox 2673 2243 2861 2313; x_wconf 89' lang='lat' dir='ltr'><em>primo</em></span> <span class='ocrx_word' id='word_1_378' title='bbox 2905 2242 3279 2313; x_wconf 84' lang='lat' dir='ltr'><em>pontiﬁcatus</em></span> <span class='ocrx_word' id='word_1_379' title='bbox 3309 2242 3368 2297; x_wconf 91' lang='lat' dir='ltr'><em>in</em></span> <span class='ocrx_word' id='word_1_380' title='bbox 3417 2241 3676 2298; x_wconf 88' lang='lat' dir='ltr'><em>Ecclesia</em></span> 
     </span>
    </p>
   </div>
   <div class='ocr_carea' id='block_1_50' title="bbox 2031 2331 3669 2398">
    <p class='ocr_par' dir='ltr' id='par_1_50' title="bbox 2031 2331 3669 2398">
     <span class='ocr_line' id='line_1_50' title="bbox 2031 2331 3669 2398; baseline 0 -12"><span class='ocrx_word' id='word_1_381' title='bbox 2031 2331 2241 2386; x_wconf 84' lang='lat' dir='ltr'><em>Christi</em></span> <span class='ocrx_word' id='word_1_382' title='bbox 2275 2332 2445 2386; x_wconf 88' lang='lat' dir='ltr'><em>datus</em></span> <span class='ocrx_word' id='word_1_383' title='bbox 2477 2336 2585 2396; x_wconf 90' lang='lat' dir='ltr'><em>est,</em></span> <span class='ocrx_word' id='word_1_384' title='bbox 2619 2331 2845 2386; x_wconf 85' lang='lat' dir='ltr'><em>dicente</em></span> <span class='ocrx_word' id='word_1_385' title='bbox 2888 2331 3135 2386; x_wconf 88' lang='lat' dir='ltr'><em>Domino</em></span> <span class='ocrx_word' id='word_1_386' title='bbox 3167 2332 3234 2386; x_wconf 87' lang='lat' dir='ltr'><em>ad</em></span> <span class='ocrx_word' id='word_1_387' title='bbox 3270 2347 3404 2386; x_wconf 91' lang='lat' dir='ltr'><em>eum</em></span> <span class='ocrx_word' id='word_1_388' title='bbox 3441 2349 3452 2386; x_wconf 96' lang='lat'>:</span> <span class='ocrx_word' id='word_1_389' title='bbox 3491 2332 3563 2385; x_wconf 87' lang='lat' dir='ltr'><em>Tu</em></span> <span class='ocrx_word' id='word_1_390' title='bbox 3595 2347 3669 2398; x_wconf 90' lang='lat' dir='ltr'><em>es,</em></span> 
     </span>
    </p>
   </div>
   <div class='ocr_carea' id='block_1_51' title="bbox 2030 2419 3675 2491">
    <p class='ocr_par' dir='ltr' id='par_1_51' title="bbox 2030 2419 3675 2491">
     <span class='ocr_line' id='line_1_51' title="bbox 2030 2419 3675 2491; baseline 0 -17"><span class='ocrx_word' id='word_1_391' title='bbox 2030 2419 2244 2491; x_wconf 89' lang='lat' dir='ltr'><em>inquit,</em></span> <span class='ocrx_word' id='word_1_392' title='bbox 2276 2422 2471 2474; x_wconf 84' lang='lat' dir='ltr'><em>Petrus</em></span> <span class='ocrx_word' id='word_1_393' title='bbox 2501 2427 2552 2474; x_wconf 84' lang='lat' dir='ltr'><em>et</em></span> <span class='ocrx_word' id='word_1_394' title='bbox 2577 2435 2740 2490; x_wconf 83' lang='lat' dir='ltr'><em>super</em></span> <span class='ocrx_word' id='word_1_395' title='bbox 2769 2419 2911 2474; x_wconf 88' lang='lat' dir='ltr'><em>hanc</em></span> <span class='ocrx_word' id='word_1_396' title='bbox 2934 2423 3148 2490; x_wconf 87' lang='lat' dir='ltr'><em>petram</em></span> <span class='ocrx_word' id='word_1_397' title='bbox 3175 2419 3456 2488; x_wconf 74' lang='lat' dir='ltr'><em>aediﬁcabo</em></span> <span class='ocrx_word' id='word_1_398' title='bbox 3485 2421 3675 2474; x_wconf 82' lang='lat' dir='ltr'><em>Eccle-</em></span> 
     </span>
    </p>
   </div>
   <div class='ocr_carea' id='block_1_52' title="bbox 2030 2507 3675 2580">
    <p class='ocr_par' dir='ltr' id='par_1_52' title="bbox 2030 2507 3675 2580">
     <span class='ocr_line' id='line_1_52' title="bbox 2030 2507 3675 2580; baseline -0.001 -17"><span class='ocrx_word' id='word_1_399' title='bbox 2030 2510 2176 2563; x_wconf 89' lang='lat' dir='ltr'><em>siam</em></span> <span class='ocrx_word' id='word_1_400' title='bbox 2203 2523 2400 2574; x_wconf 86' lang='lat' dir='ltr'><em>meam,</em></span> <span class='ocrx_word' id='word_1_401' title='bbox 2433 2512 2482 2562; x_wconf 87' lang='lat' dir='ltr'><em>et</em></span> <span class='ocrx_word' id='word_1_402' title='bbox 2508 2511 2683 2578; x_wconf 68' lang='lat' dir='ltr'><em>porta:</em></span> <span class='ocrx_word' id='word_1_403' title='bbox 2713 2509 2882 2578; x_wconf 86' lang='lat' dir='ltr'><em>in/eri</em></span> <span class='ocrx_word' id='word_1_404' title='bbox 2908 2524 3017 2562; x_wconf 90' lang='lat' dir='ltr'><em>non</em></span> <span class='ocrx_word' id='word_1_405' title='bbox 3063 2508 3446 2580; x_wconf 73' lang='lat' dir='ltr'><em>praevalebunt</em></span> <span class='ocrx_word' id='word_1_406' title='bbox 3483 2507 3675 2563; x_wconf 88' lang='lat' dir='ltr'><em>adver-</em></span> 
     </span>
    </p>
   </div>
   <div class='ocr_carea' id='block_1_53' title="bbox 2033 2596 3676 2669">
    <p class='ocr_par' dir='ltr' id='par_1_53' title="bbox 2033 2596 3676 2669">
     <span class='ocr_line' id='line_1_53' title="bbox 2033 2596 3676 2669; baseline -0.002 -17"><span class='ocrx_word' id='word_1_407' title='bbox 2033 2614 2123 2652; x_wconf 87' lang='lat' dir='ltr'><em>sus</em></span> <span class='ocrx_word' id='word_1_408' title='bbox 2147 2613 2290 2663; x_wconf 87' lang='lat' dir='ltr'><em>eam,</em></span> <span class='ocrx_word' id='word_1_409' title='bbox 2322 2605 2372 2651; x_wconf 87' lang='lat' dir='ltr'><em>et</em></span> <span class='ocrx_word' id='word_1_410' title='bbox 2400 2596 2505 2651; x_wconf 81' lang='lat' dir='ltr'><em>tibi</em></span> <span class='ocrx_word' id='word_1_411' title='bbox 2555 2596 2690 2650; x_wconf 85' lang='lat' dir='ltr'><em>dabo</em></span> <span class='ocrx_word' id='word_1_412' title='bbox 2720 2597 2897 2652; x_wconf 88' lang='lat' dir='ltr'><em>claves</em></span> <span class='ocrx_word' id='word_1_413' title='bbox 2935 2598 3104 2669; x_wconf 81' lang='lat' dir='ltr'><em>regni</em></span> <span class='ocrx_word' id='word_1_414' title='bbox 3147 2597 3407 2652; x_wconf 71' lang='lat' dir='ltr'><em>caelorum</em></span> <span class='ocrx_word' id='word_1_415' title='bbox 3455 2598 3518 2650; x_wconf 84' lang='lat'><em>“.</em></span> <span class='ocrx_word' id='word_1_416' title='bbox 3573 2596 3676 2650; x_wconf 87' lang='lat' dir='ltr'><em>Hic</em></span> 
     </span>
    </p>
   </div>
   <div class='ocr_carea' id='block_1_54' title="bbox 2036 2684 3677 2757">
    <p class='ocr_par' dir='ltr' id='par_1_54' title="bbox 2036 2684 3677 2757">
     <span class='ocr_line' id='line_1_54' title="bbox 2036 2684 3677 2757; baseline 0.001 -19"><span class='ocrx_word' id='word_1_417' title='bbox 2036 2703 2170 2756; x_wconf 71' lang='lat' dir='ltr'><em>ergo</em></span> <span class='ocrx_word' id='word_1_418' title='bbox 2203 2685 2420 2756; x_wconf 87' lang='lat' dir='ltr'><em>ligandi</em></span> <span class='ocrx_word' id='word_1_419' title='bbox 2455 2690 2627 2756; x_wconf 72' lang='lat' dir='ltr'><em>atque</em></span> <span class='ocrx_word' id='word_1_420' title='bbox 2658 2684 2914 2740; x_wconf 88' lang='lat' dir='ltr'><em>solvendi</em></span> <span class='ocrx_word' id='word_1_421' title='bbox 2951 2689 3293 2757; x_wconf 89' lang='lat' dir='ltr'><em>potestatem</em></span> <span class='ocrx_word' id='word_1_422' title='bbox 3328 2685 3552 2757; x_wconf 90' lang='lat' dir='ltr'><em>primus</em></span> <span class='ocrx_word' id='word_1_423' title='bbox 3585 2701 3677 2739; x_wconf 81' lang='lat' dir='ltr'><em>ac—</em></span> 
     </span>
    </p>
   </div>
   <div class='ocr_carea' id='block_1_55' title="bbox 2038 2773 3685 2845">
    <p class='ocr_par' dir='ltr' id='par_1_55' title="bbox 2038 2773 3685 2845">
     <span class='ocr_line' id='line_1_55' title="bbox 2038 2773 3685 2845; baseline -0.001 -16"><span class='ocrx_word' id='word_1_424' title='bbox 2038 2774 2190 2844; x_wconf 88' lang='lat' dir='ltr'><em>cepit</em></span> <span class='ocrx_word' id='word_1_425' title='bbox 2213 2791 2246 2828; x_wconf 86' lang='lat' dir='ltr'><em>a</em></span> <span class='ocrx_word' id='word_1_426' title='bbox 2276 2773 2542 2842; x_wconf 92' lang='lat' dir='ltr'><em>Domino,</em></span> <span class='ocrx_word' id='word_1_427' title='bbox 2567 2774 2909 2844; x_wconf 87' lang='lat' dir='ltr'><em>primusque</em></span> <span class='ocrx_word' id='word_1_428' title='bbox 2941 2775 3011 2828; x_wconf 90' lang='lat' dir='ltr'><em>ad</em></span> <span class='ocrx_word' id='word_1_429' title='bbox 3045 2775 3219 2829; x_wconf 80' lang='lat' dir='ltr'><em>ﬁdem</em></span> <span class='ocrx_word' id='word_1_430' title='bbox 3253 2773 3532 2845; x_wconf 81' lang='lat' dir='ltr'><em>populum</em></span> <span class='ocrx_word' id='word_1_431' title='bbox 3564 2773 3685 2828; x_wconf 81' lang='lat' dir='ltr'><em>vir-</em></span> 
     </span>
    </p>
   </div>
   <div class='ocr_carea' id='block_1_56' title="bbox 2038 2861 3684 2933">
    <p class='ocr_par' dir='ltr' id='par_1_56' title="bbox 2038 2861 3684 2933">
     <span class='ocr_line' id='line_1_56' title="bbox 2038 2861 3684 2933; baseline 0 -16"><span class='ocrx_word' id='word_1_432' title='bbox 2038 2868 2160 2918; x_wconf 88' lang='lat' dir='ltr'><em>tute</em></span> <span class='ocrx_word' id='word_1_433' title='bbox 2206 2880 2326 2917; x_wconf 74' lang='lat' dir='ltr'><em>suzn</em></span> <span class='ocrx_word' id='word_1_434' title='bbox 2377 2861 2802 2933; x_wconf 71' lang='lat' dir='ltr'><em>praedicationis</em></span> <span class='ocrx_word' id='word_1_435' title='bbox 2855 2862 3114 2917; x_wconf 85' lang='lat' dir='ltr'><em>adduxit.</em></span> <span class='ocrx_word' id='word_1_436' title='bbox 3149 2863 3348 2917; x_wconf 60' lang='lat' dir='ltr'><em>Crateri</em></span> <span class='ocrx_word' id='word_1_437' title='bbox 3382 2878 3514 2917; x_wconf 91' lang='lat' dir='ltr'><em>vero</em></span> <span class='ocrx_word' id='word_1_438' title='bbox 3547 2879 3684 2933; x_wconf 87' lang='lat' dir='ltr'><em>apo-</em></span> 
     </span>
    </p>
   </div>
   <div class='ocr_carea' id='block_1_57' title="bbox 2041 2951 3684 3024">
    <p class='ocr_par' dir='ltr' id='par_1_57' title="bbox 2041 2951 3684 3024">
     <span class='ocr_line' id='line_1_57' title="bbox 2041 2951 3684 3024; baseline -0.001 -17"><span class='ocrx_word' id='word_1_439' title='bbox 2041 2952 2175 3007; x_wconf 90' lang='lat' dir='ltr'><em>stoli</em></span> <span class='ocrx_word' id='word_1_440' title='bbox 2210 2968 2344 3006; x_wconf 89' lang='lat' dir='ltr'><em>cum</em></span> <span class='ocrx_word' id='word_1_441' title='bbox 2376 2951 2576 3006; x_wconf 90' lang='lat' dir='ltr'><em>eodem</em></span> <span class='ocrx_word' id='word_1_442' title='bbox 2601 2951 2725 3022; x_wconf 90' lang='lat' dir='ltr'><em>pari</em></span> <span class='ocrx_word' id='word_1_443' title='bbox 2747 2951 3036 3007; x_wconf 89' lang='lat' dir='ltr'><em>consortio</em></span> <span class='ocrx_word' id='word_1_444' title='bbox 3058 2951 3336 3007; x_wconf 84' lang='lat' dir='ltr'><em>honorem</em></span> <span class='ocrx_word' id='word_1_445' title='bbox 3359 2957 3414 3007; x_wconf 91' lang='lat' dir='ltr'><em>et</em></span> <span class='ocrx_word' id='word_1_446' title='bbox 3438 2956 3684 3024; x_wconf 89' lang='lat' dir='ltr'><em>potesta-</em></span> 
     </span>
    </p>
   </div>
   <div class='ocr_carea' id='block_1_58' title="bbox 2042 3039 3684 3111">
    <p class='ocr_par' dir='ltr' id='par_1_58' title="bbox 2042 3039 3684 3111">
     <span class='ocr_line' id='line_1_58' title="bbox 2042 3039 3684 3111; baseline 0 -16"><span class='ocrx_word' id='word_1_447' title='bbox 2042 3045 2158 3095; x_wconf 89' lang='lat' dir='ltr'><em>tem</em></span> <span class='ocrx_word' id='word_1_448' title='bbox 2193 3044 2560 3110; x_wconf 88' lang='lat' dir='ltr'><em>acceperunt,</em></span> <span class='ocrx_word' id='word_1_449' title='bbox 2592 3039 2906 3110; x_wconf 86' lang='lat' dir='ltr'><em>ipsumque</em></span> <span class='ocrx_word' id='word_1_450' title='bbox 2950 3040 3272 3111; x_wconf 89' lang='lat' dir='ltr'><em>principem</em></span> <span class='ocrx_word' id='word_1_451' title='bbox 3322 3057 3524 3095; x_wconf 90' lang='lat' dir='ltr'><em>eorum</em></span> <span class='ocrx_word' id='word_1_452' title='bbox 3555 3055 3684 3095; x_wconf 88' lang='lat' dir='ltr'><em>esse</em></span> 
     </span>
    </p>
   </div>
   <div class='ocr_carea' id='block_1_59' title="bbox 2045 3127 3682 3197">
    <p class='ocr_par' dir='ltr' id='par_1_59' title="bbox 2045 3127 3682 3197">
     <span class='ocr_line' id='line_1_59' title="bbox 2045 3127 3682 3197; baseline 0.001 -15"><span class='ocrx_word' id='word_1_453' title='bbox 2045 3129 2371 3183; x_wconf 88' lang='lat' dir='ltr'><em>voluerunt.</em></span> <span class='ocrx_word' id='word_1_454' title='bbox 2405 3127 2511 3192; x_wconf 90' lang='lat' dir='ltr'><em>Qui</em></span> <span class='ocrx_word' id='word_1_455' title='bbox 2543 3127 3002 3197; x_wconf 87' lang='lat' dir='ltr'><em>etiam,jubente</em></span> <span class='ocrx_word' id='word_1_456' title='bbox 3028 3128 3361 3195; x_wconf 90' lang='lat' dir='ltr'><em>Domino,in</em></span> <span class='ocrx_word' id='word_1_457' title='bbox 3394 3133 3512 3184; x_wconf 92' lang='lat' dir='ltr'><em>toto</em></span> <span class='ocrx_word' id='word_1_458' title='bbox 3544 3129 3682 3184; x_wconf 90' lang='lat' dir='ltr'><em>orbe</em></span> 
     </span>
    </p>
   </div>
   <div class='ocr_carea' id='block_1_60' title="bbox 2046 3215 3689 3289">
    <p class='ocr_par' dir='ltr' id='par_1_60' title="bbox 2046 3215 3689 3289">
     <span class='ocr_line' id='line_1_60' title="bbox 2046 3215 3689 3289; baseline 0 -18"><span class='ocrx_word' id='word_1_459' title='bbox 2046 3216 2296 3289; x_wconf 88' lang='lat' dir='ltr'><em>dispersi</em></span> <span class='ocrx_word' id='word_1_460' title='bbox 2333 3215 2707 3286; x_wconf 79' lang='lat' dir='ltr'><em>Evangelium</em></span> <span class='ocrx_word' id='word_1_461' title='bbox 2742 3217 3201 3288; x_wconf 62' lang='lat' dir='ltr'><em>praedicaverunt</em></span> <span class='ocrx_word' id='word_1_462' title='bbox 3235 3234 3246 3272; x_wconf 87' lang='lat'>:</span> <span class='ocrx_word' id='word_1_463' title='bbox 3283 3217 3426 3288; x_wconf 89' lang='lat' dir='ltr'><em>ipsis</em></span> <span class='ocrx_word' id='word_1_464' title='bbox 3456 3231 3689 3289; x_wconf 88' lang='lat' dir='ltr'><em>quoque</em></span> 
     </span>
    </p>
   </div>
   <div class='ocr_carea' id='block_1_61' title="bbox 287 3293 3693 3376">
    <p class='ocr_par' dir='ltr' id='par_1_61' title="bbox 287 3293 3693 3376">
     <span class='ocr_line' id='line_1_61' title="bbox 287 3293 3693 3376; baseline -0.001 -15"><span class='ocrx_word' id='word_1_465' title='bbox 287 3310 340 3361; x_wconf 87' lang='lat' dir='ltr'><em>et</em></span> <span class='ocrx_word' id='word_1_466' title='bbox 366 3305 548 3362; x_wconf 88' lang='lat' dir='ltr'><em>Jacob</em></span> <span class='ocrx_word' id='word_1_467' title='bbox 592 3306 739 3360; x_wconf 89' lang='lat' dir='ltr'><em>:sed</em></span> <span class='ocrx_word' id='word_1_468' title='bbox 771 3305 831 3359; x_wconf 89' lang='lat' dir='ltr'><em>hi</em></span> <span class='ocrx_word' id='word_1_469' title='bbox 879 3309 1200 3376; x_wconf 89' lang='lat' dir='ltr'><em>spontanea</em></span> <span class='ocrx_word' id='word_1_470' title='bbox 1245 3306 1562 3370; x_wconf 88' lang='lat' dir='ltr'><em>voluntate,</em></span> <span class='ocrx_word' id='word_1_471' title='bbox 1597 3322 1710 3360; x_wconf 88' lang='lat' dir='ltr'><em>non</em></span> <span class='ocrx_word' id='word_1_472' title='bbox 1741 3323 1930 3362; x_wconf 84' lang='lat' dir='ltr'><em>sacer-</em></span> <span class='ocrx_word' id='word_1_473' title='bbox 1964 3293 2006 3358; x_wconf 84' lang='lat' dir='ltr'><em>C</em></span> <span class='ocrx_word' id='word_1_474' title='bbox 2046 3305 2479 3374; x_wconf 88' lang='lat' dir='ltr'><em>decedentibus,</em></span> <span class='ocrx_word' id='word_1_475' title='bbox 2530 3305 2588 3359; x_wconf 90' lang='lat' dir='ltr'><em>in</em></span> <span class='ocrx_word' id='word_1_476' title='bbox 2639 3305 2832 3360; x_wconf 90' lang='lat' dir='ltr'><em>locum</em></span> <span class='ocrx_word' id='word_1_477' title='bbox 2881 3322 3082 3360; x_wconf 90' lang='lat' dir='ltr'><em>eorum</em></span> <span class='ocrx_word' id='word_1_478' title='bbox 3132 3311 3541 3361; x_wconf 88' lang='lat' dir='ltr'><em>successerunt</em></span> <span class='ocrx_word' id='word_1_479' title='bbox 3569 3305 3693 3376; x_wconf 92' lang='lat' dir='ltr'><em>epi-</em></span> 
     </span>
    </p>
   </div>
   <div class='ocr_carea' id='block_1_62' title="bbox 288 3394 1930 3460">
    <p class='ocr_par' dir='ltr' id='par_1_62' title="bbox 288 3394 1930 3460">
     <span class='ocr_line' id='line_1_62' title="bbox 288 3394 1930 3460; baseline 0 -10"><span class='ocrx_word' id='word_1_480' title='bbox 288 3395 460 3451; x_wconf 85' lang='lat' dir='ltr'><em>dotali</em></span> <span class='ocrx_word' id='word_1_481' title='bbox 491 3394 860 3460; x_wconf 87' lang='lat' dir='ltr'><em>auctoritate,</em></span> <span class='ocrx_word' id='word_1_482' title='bbox 897 3394 1012 3449; x_wconf 88' lang='lat' dir='ltr'><em>ista</em></span> <span class='ocrx_word' id='word_1_483' title='bbox 1042 3394 1321 3449; x_wconf 82' lang='lat' dir='ltr'><em>fecerunt.</em></span> <span class='ocrx_word' id='word_1_484' title='bbox 1345 3395 1388 3428; x_wconf 78' lang='grc'><em>³⁸</em></span> <span class='ocrx_word' id='word_1_485' title='bbox 1420 3398 1700 3450; x_wconf 68' lang='lat' dir='ltr'><em>Caeterum</em></span> <span class='ocrx_word' id='word_1_486' title='bbox 1741 3399 1930 3451; x_wconf 83' lang='lat' dir='ltr'><em>Aaron</em></span> 
     </span>
    </p>
   </div>
   <div class='ocr_carea' id='block_1_63' title="bbox 285 3482 1931 3557">
    <p class='ocr_par' dir='ltr' id='par_1_63' title="bbox 285 3482 1931 3557">
     <span class='ocr_line' id='line_1_63' title="bbox 285 3482 1931 3557; baseline -0.001 -17"><span class='ocrx_word' id='word_1_487' title='bbox 285 3485 510 3557; x_wconf 90' lang='lat' dir='ltr'><em>primus</em></span> <span class='ocrx_word' id='word_1_488' title='bbox 565 3484 625 3538; x_wconf 90' lang='lat' dir='ltr'><em>in</em></span> <span class='ocrx_word' id='word_1_489' title='bbox 681 3482 806 3554; x_wconf 88' lang='lat' dir='ltr'><em>lege</em></span> <span class='ocrx_word' id='word_1_490' title='bbox 854 3482 1212 3538; x_wconf 88' lang='lat' dir='ltr'><em>sacerdotale</em></span> <span class='ocrx_word' id='word_1_491' title='bbox 1261 3499 1470 3538; x_wconf 90' lang='lat' dir='ltr'><em>nomen</em></span> <span class='ocrx_word' id='word_1_492' title='bbox 1521 3484 1760 3554; x_wconf 90' lang='lat' dir='ltr'><em>accepit,</em></span> <span class='ocrx_word' id='word_1_493' title='bbox 1814 3484 1931 3556; x_wconf 86' lang='lat' dir='ltr'><em>pri-</em></span> 
     </span>
    </p>
   </div>
   <div class='ocr_carea' id='block_1_64' title="bbox 287 3571 1928 3645">
    <p class='ocr_par' dir='ltr' id='par_1_64' title="bbox 287 3571 1928 3645">
     <span class='ocr_line' id='line_1_64' title="bbox 287 3571 1928 3645; baseline -0.001 -16"><span class='ocrx_word' id='word_1_494' title='bbox 287 3590 537 3645; x_wconf 90' lang='lat' dir='ltr'><em>musque</em></span> <span class='ocrx_word' id='word_1_495' title='bbox 569 3571 888 3644; x_wconf 82' lang='lat' dir='ltr'><em>pontiﬁcali</em></span> <span class='ocrx_word' id='word_1_496' title='bbox 939 3572 1090 3628; x_wconf 89' lang='lat' dir='ltr'><em>stola</em></span> <span class='ocrx_word' id='word_1_497' title='bbox 1130 3572 1373 3627; x_wconf 87' lang='lat' dir='ltr'><em>indutus</em></span> <span class='ocrx_word' id='word_1_498' title='bbox 1403 3572 1668 3628; x_wconf 88' lang='lat' dir='ltr'><em>victimas</em></span> <span class='ocrx_word' id='word_1_499' title='bbox 1699 3573 1928 3640; x_wconf 91' lang='lat' dir='ltr'><em>obtulit,</em></span> 
     </span>
    </p>
   </div>
   <div class='ocr_carea' id='block_1_65' title="bbox 279 3659 1930 3733">
    <p class='ocr_par' dir='ltr' id='par_1_65' title="bbox 279 3659 1930 3733">
     <span class='ocr_line' id='line_1_65' title="bbox 279 3659 1930 3733; baseline 0 -17"><span class='ocrx_word' id='word_1_500' title='bbox 279 3663 523 3733; x_wconf 87' lang='lat' dir='ltr'><em>jubente</em></span> <span class='ocrx_word' id='word_1_501' title='bbox 578 3662 818 3717; x_wconf 89' lang='lat' dir='ltr'><em>Domino</em></span> <span class='ocrx_word' id='word_1_502' title='bbox 873 3676 938 3714; x_wconf 92' lang='lat' dir='ltr'><em>ac</em></span> <span class='ocrx_word' id='word_1_503' title='bbox 981 3659 1254 3732; x_wconf 88' lang='lat' dir='ltr'><em>loquente</em></span> <span class='ocrx_word' id='word_1_504' title='bbox 1287 3661 1356 3715; x_wconf 89' lang='lat' dir='ltr'><em>ad</em></span> <span class='ocrx_word' id='word_1_505' title='bbox 1400 3661 1635 3732; x_wconf 89' lang='lat' dir='ltr'><em>Moysen</em></span> <span class='ocrx_word' id='word_1_506' title='bbox 1673 3678 1684 3716; x_wconf 91' lang='lat'><strong>:</strong></span> <span class='ocrx_word' id='word_1_507' title='bbox 1719 3664 1930 3732; x_wconf 78' lang='lat' dir='ltr'><em>Accipe,</em></span> 
     </span>
    </p>
   </div>
   <div class='ocr_carea' id='block_1_66' title="bbox 285 3750 1934 3823">
    <p class='ocr_par' dir='ltr' id='par_1_66' title="bbox 285 3750 1934 3823">
     <span class='ocr_line' id='line_1_66' title="bbox 285 3750 1934 3823; baseline -0.001 -18"><span class='ocrx_word' id='word_1_508' title='bbox 285 3751 492 3823; x_wconf 88' lang='lat' dir='ltr'><em>inquit.</em></span> <span class='ocrx_word' id='word_1_509' title='bbox 534 3757 728 3806; x_wconf 67' lang='lat' dir='ltr'><em>Aaron</em></span> <span class='ocrx_word' id='word_1_510' title='bbox 774 3759 824 3805; x_wconf 87' lang='lat' dir='ltr'><em>et</em></span> <span class='ocrx_word' id='word_1_511' title='bbox 853 3750 994 3818; x_wconf 79' lang='lat' dir='ltr'><em>filios</em></span> <span class='ocrx_word' id='word_1_512' title='bbox 1044 3751 1182 3820; x_wconf 86' lang='lat' dir='ltr'><em>ejus,</em></span> <span class='ocrx_word' id='word_1_513' title='bbox 1213 3754 1267 3804; x_wconf 89' lang='lat' dir='ltr'><em>et</em></span> <span class='ocrx_word' id='word_1_514' title='bbox 1297 3750 1600 3821; x_wconf 86' lang='lat' dir='ltr'><em>applicabis</em></span> <span class='ocrx_word' id='word_1_515' title='bbox 1629 3752 1703 3806; x_wconf 88' lang='lat' dir='ltr'><em>ad</em></span> <span class='ocrx_word' id='word_1_516' title='bbox 1733 3753 1934 3806; x_wconf 86' lang='lat' dir='ltr'><em>ostium</em></span> 
     </span>
    </p>
   </div>
   <div class='ocr_carea' id='block_1_67' title="bbox 285 3840 1934 3910">
    <p class='ocr_par' dir='ltr' id='par_1_67' title="bbox 285 3840 1934 3910">
     <span class='ocr_line' id='line_1_67' title="bbox 285 3840 1934 3910; baseline -0.001 -16"><span class='ocrx_word' id='word_1_517' title='bbox 285 3840 633 3896; x_wconf 85' lang='lat' dir='ltr'><em>tabernaculi</em></span> <span class='ocrx_word' id='word_1_518' title='bbox 681 3841 1002 3895; x_wconf 86' lang='lat' dir='ltr'><em>testimonii.</em></span> <span class='ocrx_word' id='word_1_519' title='bbox 1053 3842 1294 3909; x_wconf 83' lang='lat' dir='ltr'><em>Cumque</em></span> <span class='ocrx_word' id='word_1_520' title='bbox 1321 3840 1518 3893; x_wconf 89' lang='lat' dir='ltr'><em>laveris</em></span> <span class='ocrx_word' id='word_1_521' title='bbox 1560 3847 1771 3910; x_wconf 87' lang='lat' dir='ltr'><em>patrem</em></span> <span class='ocrx_word' id='word_1_522' title='bbox 1811 3855 1934 3895; x_wconf 84' lang='lat' dir='ltr'><em>cum</em></span> 
     </span>
    </p>
   </div>
   <div class='ocr_carea' id='block_1_68' title="bbox 288 3927 1934 4001">
    <p class='ocr_par' dir='ltr' id='par_1_68' title="bbox 288 3927 1934 4001">
     <span class='ocr_line' id='line_1_68' title="bbox 288 3927 1934 4001; baseline -0.002 -16"><span class='ocrx_word' id='word_1_523' title='bbox 288 3930 419 4001; x_wconf 81' lang='lat' dir='ltr'><em>ﬁliis</em></span> <span class='ocrx_word' id='word_1_524' title='bbox 471 3946 638 4000; x_wconf 85' lang='lat' dir='ltr'><em>aqua,</em></span> <span class='ocrx_word' id='word_1_525' title='bbox 690 3927 882 3983; x_wconf 89' lang='lat' dir='ltr'><em>indues</em></span> <span class='ocrx_word' id='word_1_526' title='bbox 930 3929 1112 3983; x_wconf 81' lang='lat' dir='ltr'><em>Aaron</em></span> <span class='ocrx_word' id='word_1_527' title='bbox 1176 3929 1509 3983; x_wconf 86' lang='lat' dir='ltr'><em>vestimentis</em></span> <span class='ocrx_word' id='word_1_528' title='bbox 1550 3929 1685 3995; x_wconf 83' lang='lat' dir='ltr'><em>suis,</em></span> <span class='ocrx_word' id='word_1_529' title='bbox 1751 3928 1811 3982; x_wconf 86' lang='lat' dir='ltr'><em>id</em></span> <span class='ocrx_word' id='word_1_530' title='bbox 1855 3932 1934 3983; x_wconf 88' lang='lat' dir='ltr'><em>est</em></span> 
     </span>
    </p>
   </div>
   <div class='ocr_carea' id='block_1_69' title="bbox 359 4152 1074 4220">
    <p class='ocr_par' dir='ltr' id='par_1_69' title="bbox 359 4152 1074 4220">
     <span class='ocr_line' id='line_1_69' title="bbox 359 4152 1074 4220; baseline -0.003 -11"><span class='ocrx_word' id='word_1_531' title='bbox 359 4153 403 4188; x_wconf 70' lang='grc'><em>’⁵</em></span> <span class='ocrx_word' id='word_1_532' title='bbox 430 4153 665 4209; x_wconf 89' lang='lat' dir='ltr'><em>Nahum</em></span> <span class='ocrx_word' id='word_1_533' title='bbox 725 4169 764 4219; x_wconf 81' lang='grc' dir='ltr'><em>ι,</em></span> <span class='ocrx_word' id='word_1_534' title='bbox 794 4155 849 4218; x_wconf 84' lang='grc'><em>2,</em></span> <span class='ocrx_word' id='word_1_535' title='bbox 907 4154 964 4220; x_wconf 89' lang='lat'><em>6,</em></span> <span class='ocrx_word' id='word_1_536' title='bbox 1020 4152 1074 4207; x_wconf 86' lang='lat'><em>7.</em></span> 
     </span>
    </p>
   </div>
   <div class='ocr_carea' id='block_1_70' title="bbox 291 4224 1375 4294">
    <p class='ocr_par' dir='ltr' id='par_1_70' title="bbox 291 4224 1375 4294">
     <span class='ocr_line' id='line_1_70' title="bbox 291 4224 1375 4294; baseline 0.002 -16"><span class='ocrx_word' id='word_1_537' title='bbox 291 4225 539 4282; x_wconf 85' lang='lat' dir='ltr'><em>sacerdos</em></span> <span class='ocrx_word' id='word_1_538' title='bbox 587 4227 724 4280; x_wconf 89' lang='lat' dir='ltr'><em>sine.</em></span> <span class='ocrx_word' id='word_1_539' title='bbox 818 4225 860 4260; x_wconf 86' lang='grc'>³¹</span> <span class='ocrx_word' id='word_1_540' title='bbox 895 4226 1051 4294; x_wconf 78' lang='lat' dir='ltr'><em>justa</em></span> <span class='ocrx_word' id='word_1_541' title='bbox 1092 4224 1375 4280; x_wconf 87' lang='lat' dir='ltr'><em>electione.</em></span> 
     </span>
    </p>
   </div>
   <div class='ocr_carea' id='block_1_71' title="bbox 290 4295 926 4367">
    <p class='ocr_par' dir='ltr' id='par_1_71' title="bbox 290 4295 926 4367">
     <span class='ocr_line' id='line_1_71' title="bbox 290 4295 926 4367; baseline 0.003 -20"><span class='ocrx_word' id='word_1_542' title='bbox 290 4295 343 4349; x_wconf 87' lang='lat'><em>7.</em></span> <span class='ocrx_word' id='word_1_543' title='bbox 417 4297 466 4330; x_wconf 79' lang='grc'><strong>³⁵</strong></span> <span class='ocrx_word' id='word_1_544' title='bbox 498 4301 665 4351; x_wconf 89' lang='lat' dir='ltr'><em>Prov.</em></span> <span class='ocrx_word' id='word_1_545' title='bbox 696 4313 789 4367; x_wconf 84' lang='lat' dir='ltr'><em>xx,</em></span> <span class='ocrx_word' id='word_1_546' title='bbox 839 4297 926 4350; x_wconf 83' lang='lat'><em>29.</em></span> 
     </span>
    </p>
   </div>
   <div class='ocr_carea' id='block_1_72' title="bbox 290 4367 594 4426">
    <p class='ocr_par' dir='ltr' id='par_1_72' title="bbox 290 4367 594 4426">
     <span class='ocr_line' id='line_1_72' title="bbox 290 4367 594 4426; baseline 0.007 -6"><span class='ocrx_word' id='word_1_547' title='bbox 290 4383 440 4426; x_wconf 72' lang='lat' dir='ltr'><strong>xxxx.</strong></span> <span class='ocrx_word' id='word_1_548' title='bbox 475 4367 594 4422; x_wconf 84' lang='grc'><strong>4-9.</strong></span> 
     </span>
    </p>
   </div>
   <div class='ocr_carea' id='block_1_73' title="bbox 293 4427 722 4507">
    <p class='ocr_par' dir='ltr' id='par_1_73' title="bbox 293 4427 722 4507">
     <span class='ocr_line' id='line_1_73' title="bbox 293 4427 722 4507; baseline 0 -13"><span class='ocrx_word' id='word_1_549' title='bbox 293 4438 338 4473; x_wconf 79' lang='grc'>⁴³</span> <span class='ocrx_word' id='word_1_550' title='bbox 369 4427 510 4495; x_wconf 82' lang='lat' dir='ltr'><em>Luc.</em></span> <span class='ocrx_word' id='word_1_551' title='bbox 544 4456 600 4507; x_wconf 88' lang='lat' dir='ltr'><em>x,</em></span> <span class='ocrx_word' id='word_1_552' title='bbox 638 4438 722 4494; x_wconf 88' lang='grc'><em>16.</em></span> 
     </span>
    </p>
   </div>
   <div class='ocr_carea' id='block_1_74' title="bbox 1180 4151 2316 4225">
    <p class='ocr_par' dir='ltr' id='par_1_74' title="bbox 1180 4151 2316 4225">
     <span class='ocr_line' id='line_1_74' title="bbox 1180 4151 2316 4225; baseline 0.002 -19"><span class='ocrx_word' id='word_1_553' title='bbox 1180 4152 1293 4206; x_wconf 75' lang='grc'><strong>²⁶.²⁸</strong></span> <span class='ocrx_word' id='word_1_554' title='bbox 1353 4151 1712 4225; x_wconf 35' lang='grc' dir='ltr'><em>ῡὶειὶη.η79,</em></span> <span class='ocrx_word' id='word_1_555' title='bbox 1781 4154 2108 4225; x_wconf 84' lang='lat' dir='ltr'><em>Ejeetionem</em></span> <span class='ocrx_word' id='word_1_556' title='bbox 2167 4170 2316 4210; x_wconf 90' lang='lat' dir='ltr'><em>vero.</em></span> 
     </span>
    </p>
   </div>
   <div class='ocr_carea' id='block_1_75' title="bbox 1470 4223 2142 4295">
    <p class='ocr_par' dir='ltr' id='par_1_75' title="bbox 1470 4223 2142 4295">
     <span class='ocr_line' id='line_1_75' title="bbox 1470 4223 2142 4295; baseline 0.003 -17"><span class='ocrx_word' id='word_1_557' title='bbox 1470 4226 1515 4258; x_wconf 64' lang='grc'><strong>³³</strong></span> <span class='ocrx_word' id='word_1_558' title='bbox 1565 4223 1740 4280; x_wconf 89' lang='lat' dir='ltr'><em>Hadr.</em></span> <span class='ocrx_word' id='word_1_559' title='bbox 1773 4223 1926 4295; x_wconf 75' lang='lat' dir='ltr'><em>c011,,</em></span> <span class='ocrx_word' id='word_1_560' title='bbox 1961 4241 2009 4280; x_wconf 92' lang='lat' dir='ltr'><em>c.</em></span> <span class='ocrx_word' id='word_1_561' title='bbox 2058 4227 2142 4280; x_wconf 83' lang='grc'><em>19.</em></span> 
     </span>
    </p>
   </div>
   <div class='ocr_carea' id='block_1_76' title="bbox 1021 4292 3477 4368">
    <p class='ocr_par' dir='ltr' id='par_1_76' title="bbox 1021 4292 3477 4368">
     <span class='ocr_line' id='line_1_76' title="bbox 1021 4292 3477 4368; baseline -0.002 -18"><span class='ocrx_word' id='word_1_562' title='bbox 1021 4297 1064 4329; x_wconf 74' lang='grc'><em>³⁵</em></span> <span class='ocrx_word' id='word_1_563' title='bbox 1114 4295 1244 4350; x_wconf 84' lang='lat' dir='ltr'><em>Job.</em></span> <span class='ocrx_word' id='word_1_564' title='bbox 1277 4313 1377 4359; x_wconf 75' lang='lat' dir='ltr'><em>xu,</em></span> <span class='ocrx_word' id='word_1_565' title='bbox 1411 4300 1468 4350; x_wconf 91' lang='lat' dir='ltr'><em>et</em></span> <span class='ocrx_word' id='word_1_566' title='bbox 1515 4296 1650 4368; x_wconf 90' lang='lat' dir='ltr'><em>Sap.</em></span> <span class='ocrx_word' id='word_1_567' title='bbox 1708 4313 1780 4350; x_wconf 88' lang='lat' dir='ltr'><em>IV.</em></span> <span class='ocrx_word' id='word_1_568' title='bbox 1859 4292 2095 4352; x_wconf 62' lang='lat' dir='ltr'><em>“idem</em></span> <span class='ocrx_word' id='word_1_569' title='bbox 2127 4296 2264 4351; x_wconf 86' lang='lat' dir='ltr'><em>Isid.</em></span> <span class='ocrx_word' id='word_1_570' title='bbox 2300 4313 2426 4368; x_wconf 89' lang='lat' dir='ltr'><em>cap.</em></span> <span class='ocrx_word' id='word_1_571' title='bbox 2468 4299 2522 4350; x_wconf 88' lang='lat'><em>5.</em></span> <span class='ocrx_word' id='word_1_572' title='bbox 2602 4297 2644 4329; x_wconf 82' lang='grc'><strong>³⁸</strong></span> <span class='ocrx_word' id='word_1_573' title='bbox 2677 4295 2854 4350; x_wconf 89' lang='lat' dir='ltr'><em>Clem.</em></span> <span class='ocrx_word' id='word_1_574' title='bbox 2900 4297 3083 4350; x_wconf 79' lang='lat' dir='ltr'><em>Const.</em></span> <span class='ocrx_word' id='word_1_575' title='bbox 3115 4311 3199 4368; x_wconf 73' lang='lat' dir='ltr'><em>vi,</em></span> <span class='ocrx_word' id='word_1_576' title='bbox 3229 4295 3321 4368; x_wconf 87' lang='lat'><em>20_.</em></span> <span class='ocrx_word' id='word_1_577' title='bbox 3433 4292 3477 4326; x_wconf 73' lang='lat'><em>3°</em></span> 
     </span>
    </p>
   </div>
   <div class='ocr_carea' id='block_1_77' title="bbox 703 4363 3696 4438">
    <p class='ocr_par' dir='ltr' id='par_1_77' title="bbox 703 4363 3696 4438">
     <span class='ocr_line' id='line_1_77' title="bbox 703 4363 3696 4438; baseline -0.002 -18"><span class='ocrx_word' id='word_1_578' title='bbox 703 4368 747 4402; x_wconf 73' lang='lat'><em>‘0</em></span> <span class='ocrx_word' id='word_1_579' title='bbox 775 4363 865 4422; x_wconf 42' lang='lat'><em>&#39;21</em></span> <span class='ocrx_word' id='word_1_580' title='bbox 923 4367 1083 4432; x_wconf 89' lang='lat' dir='ltr'><em>dist.,</em></span> <span class='ocrx_word' id='word_1_581' title='bbox 1141 4371 1205 4421; x_wconf 86' lang='lat' dir='ltr'><em>In</em></span> <span class='ocrx_word' id='word_1_582' title='bbox 1233 4383 1367 4422; x_wconf 85' lang='lat' dir='ltr'><em>novo</em></span> <span class='ocrx_word' id='word_1_583' title='bbox 1424 4371 1569 4437; x_wconf 59' lang='lat' dir='ltr'><em>test,</em></span> <span class='ocrx_word' id='word_1_584' title='bbox 1595 4363 1663 4423; x_wconf 51' lang='lat' dir='ltr'><em>&#39;et</em></span> <span class='ocrx_word' id='word_1_585' title='bbox 1704 4369 1760 4422; x_wconf 91' lang='lat' dir='ltr'><em>in</em></span> <span class='ocrx_word' id='word_1_586' title='bbox 1799 4368 1952 4423; x_wconf 88' lang='lat' dir='ltr'><em>Decr.</em></span> <span class='ocrx_word' id='word_1_587' title='bbox 2015 4370 2158 4423; x_wconf 88' lang='lat' dir='ltr'><em>lvon.</em></span> <span class='ocrx_word' id='word_1_588' title='bbox 2203 4368 2302 4422; x_wconf 90' lang='lat' dir='ltr'><em>lib.</em></span> <span class='ocrx_word' id='word_1_589' title='bbox 2363 4363 2448 4422; x_wconf 70' lang='lat' dir='ltr'><em>in.</em></span> <span class='ocrx_word' id='word_1_590' title='bbox 2527 4368 2567 4402; x_wconf 80' lang='grc'><strong>⁴¹</strong></span> <span class='ocrx_word' id='word_1_591' title='bbox 2598 4368 2798 4422; x_wconf 83' lang='lat' dir='ltr'><em>Matth.</em></span> <span class='ocrx_word' id='word_1_592' title='bbox 2844 4384 2960 4438; x_wconf 78' lang='lat' dir='ltr'><em>XVI,</em></span> <span class='ocrx_word' id='word_1_593' title='bbox 2991 4368 3072 4436; x_wconf 89' lang='lat'>(8)</span> <span class='ocrx_word' id='word_1_594' title='bbox 3106 4366 3189 4420; x_wconf 83' lang='grc'><em>19.</em></span> <span class='ocrx_word' id='word_1_595' title='bbox 3269 4365 3315 4399; x_wconf 69' lang='grc'><strong>⁴²</strong></span> <span class='ocrx_word' id='word_1_596' title='bbox 3355 4363 3696 4435; x_wconf 71' lang='lat' dir='ltr'><em>praetaxato.</em></span> 
     </span>
    </p>
   </div>
   <div class='ocr_carea' id='block_1_78' title="bbox 2042 3377 3695 3465">
    <p class='ocr_par' dir='ltr' id='par_1_78' title="bbox 2042 3377 3695 3465">
     <span class='ocr_line' id='line_1_78' title="bbox 2042 3377 3695 3465; baseline -0.003 -15"><span class='ocrx_word' id='word_1_597' title='bbox 2042 3395 2198 3465; x_wconf 87' lang='lat' dir='ltr'><em>scopi</em></span> <span class='ocrx_word' id='word_1_598' title='bbox 2227 3396 2360 3465; x_wconf 85' lang='grc'><em>(13),</em></span> <span class='ocrx_word' id='word_1_599' title='bbox 2385 3411 2634 3465; x_wconf 75' lang='lat' dir='ltr'><em>quorum</em></span> <span class='ocrx_word' id='word_1_600' title='bbox 2661 3377 2950 3448; x_wconf 87' lang='lat' dir='ltr'><em>ordinatio</em></span> <span class='ocrx_word' id='word_1_601' title='bbox 2982 3399 3252 3465; x_wconf 69' lang='lat' dir='ltr'><em>prmtacto</em></span> <span class='ocrx_word' id='word_1_602' title='bbox 3286 3395 3330 3428; x_wconf 72' lang='grc'><em>⁵²</em></span> <span class='ocrx_word' id='word_1_603' title='bbox 3362 3393 3486 3447; x_wconf 82' lang='lat' dir='ltr'><em>ﬁeri</em></span> <span class='ocrx_word' id='word_1_604' title='bbox 3520 3393 3695 3447; x_wconf 89' lang='lat' dir='ltr'><em>debet</em></span> 
     </span>
    </p>
   </div>
   <div class='ocr_carea' id='block_1_79' title="bbox 2043 3481 3692 3554">
    <p class='ocr_par' dir='ltr' id='par_1_79' title="bbox 2043 3481 3692 3554">
     <span class='ocr_line' id='line_1_79' title="bbox 2043 3481 3692 3554; baseline -0.004 -15"><span class='ocrx_word' id='word_1_605' title='bbox 2043 3484 2244 3539; x_wconf 88' lang='lat' dir='ltr'><em>ordine</em></span> <span class='ocrx_word' id='word_1_606' title='bbox 2282 3489 2339 3537; x_wconf 92' lang='lat' dir='ltr'><em>et</em></span> <span class='ocrx_word' id='word_1_607' title='bbox 2370 3484 2540 3537; x_wconf 92' lang='lat' dir='ltr'><em>modo</em></span> <span class='ocrx_word' id='word_1_608' title='bbox 2577 3500 2588 3536; x_wconf 91' lang='lat'><strong>:</strong></span> <span class='ocrx_word' id='word_1_609' title='bbox 2623 3500 2770 3554; x_wconf 91' lang='lat' dir='ltr'><em>quos</em></span> <span class='ocrx_word' id='word_1_610' title='bbox 2802 3482 2903 3554; x_wconf 90' lang='lat' dir='ltr'><em>qui</em></span> <span class='ocrx_word' id='word_1_611' title='bbox 2936 3483 3140 3554; x_wconf 90' lang='lat' dir='ltr'><em>recipit</em></span> <span class='ocrx_word' id='word_1_612' title='bbox 3169 3486 3226 3536; x_wconf 91' lang='lat' dir='ltr'><em>et</em></span> <span class='ocrx_word' id='word_1_613' title='bbox 3258 3481 3432 3536; x_wconf 89' lang='lat' dir='ltr'><em>verba</em></span> <span class='ocrx_word' id='word_1_614' title='bbox 3463 3495 3692 3546; x_wconf 91' lang='lat' dir='ltr'><em>eorum,</em></span> 
     </span>
    </p>
   </div>
   <div class='ocr_carea' id='block_1_80' title="bbox 2043 3570 3694 3642">
    <p class='ocr_par' dir='ltr' id='par_1_80' title="bbox 2043 3570 3694 3642">
     <span class='ocr_line' id='line_1_80' title="bbox 2043 3570 3694 3642; baseline -0.002 -16"><span class='ocrx_word' id='word_1_615' title='bbox 2043 3573 2226 3626; x_wconf 89' lang='lat' dir='ltr'><em>Deum</em></span> <span class='ocrx_word' id='word_1_616' title='bbox 2258 3572 2462 3642; x_wconf 88' lang='lat' dir='ltr'><em>recipit</em></span> <span class='ocrx_word' id='word_1_617' title='bbox 2494 3587 2507 3625; x_wconf 87' lang='lat'><strong>:</strong></span> <span class='ocrx_word' id='word_1_618' title='bbox 2541 3573 2640 3642; x_wconf 88' lang='lat' dir='ltr'><em>qui</em></span> <span class='ocrx_word' id='word_1_619' title='bbox 2675 3575 2871 3626; x_wconf 90' lang='lat' dir='ltr'><em>autem</em></span> <span class='ocrx_word' id='word_1_620' title='bbox 2927 3587 3026 3625; x_wconf 90' lang='lat' dir='ltr'><em>eos</em></span> <span class='ocrx_word' id='word_1_621' title='bbox 3074 3570 3316 3641; x_wconf 90' lang='lat' dir='ltr'><em>spernit,</em></span> <span class='ocrx_word' id='word_1_622' title='bbox 3349 3585 3483 3624; x_wconf 91' lang='lat' dir='ltr'><em>eum</em></span> <span class='ocrx_word' id='word_1_623' title='bbox 3517 3585 3550 3623; x_wconf 90' lang='lat' dir='ltr'><em>a</em></span> <span class='ocrx_word' id='word_1_624' title='bbox 3579 3585 3694 3640; x_wconf 92' lang='lat' dir='ltr'><em>quo</em></span> 
     </span>
    </p>
   </div>
   <div class='ocr_carea' id='block_1_81' title="bbox 2045 3657 3690 3732">
    <p class='ocr_par' dir='ltr' id='par_1_81' title="bbox 2045 3657 3690 3732">
     <span class='ocr_line' id='line_1_81' title="bbox 2045 3657 3690 3732; baseline -0.002 -18"><span class='ocrx_word' id='word_1_625' title='bbox 2045 3661 2210 3715; x_wconf 88' lang='lat' dir='ltr'><em>missi</em></span> <span class='ocrx_word' id='word_1_626' title='bbox 2241 3666 2398 3727; x_wconf 90' lang='lat' dir='ltr'><em>sunt,</em></span> <span class='ocrx_word' id='word_1_627' title='bbox 2433 3665 2488 3713; x_wconf 91' lang='lat' dir='ltr'><em>et</em></span> <span class='ocrx_word' id='word_1_628' title='bbox 2530 3661 2699 3731; x_wconf 86' lang='lat' dir='ltr'><em>cujus</em></span> <span class='ocrx_word' id='word_1_629' title='bbox 2749 3662 3074 3732; x_wconf 79' lang='lat' dir='ltr'><em>funguntur</em></span> <span class='ocrx_word' id='word_1_630' title='bbox 3102 3659 3410 3729; x_wconf 88' lang='lat' dir='ltr'><em>legatione,</em></span> <span class='ocrx_word' id='word_1_631' title='bbox 3443 3657 3690 3730; x_wconf 86' lang='lat' dir='ltr'><em>spernit,</em></span> 
     </span>
    </p>
   </div>
   <div class='ocr_carea' id='block_1_82' title="bbox 2043 3745 3690 3820">
    <p class='ocr_par' dir='ltr' id='par_1_82' title="bbox 2043 3745 3690 3820">
     <span class='ocr_line' id='line_1_82' title="bbox 2043 3745 3690 3820; baseline -0.002 -17"><span class='ocrx_word' id='word_1_632' title='bbox 2043 3754 2098 3803; x_wconf 91' lang='lat' dir='ltr'><em>et</em></span> <span class='ocrx_word' id='word_1_633' title='bbox 2130 3748 2240 3820; x_wconf 90' lang='lat' dir='ltr'><em>ipsi</em></span> <span class='ocrx_word' id='word_1_634' title='bbox 2275 3748 2672 3803; x_wconf 90' lang='lat' dir='ltr'><em>indubitanter</em></span> <span class='ocrx_word' id='word_1_635' title='bbox 2701 3754 3006 3820; x_wconf 81' lang='lat' dir='ltr'><em>spernatur</em></span> <span class='ocrx_word' id='word_1_636' title='bbox 3035 3766 3066 3803; x_wconf 92' lang='lat' dir='ltr'><em>a</em></span> <span class='ocrx_word' id='word_1_637' title='bbox 3098 3747 3345 3803; x_wconf 90' lang='lat' dir='ltr'><em>Domino</em></span> <span class='ocrx_word' id='word_1_638' title='bbox 3377 3745 3440 3800; x_wconf 77' lang='lat'><em>‘3.</em></span> <span class='ocrx_word' id='word_1_639' title='bbox 3473 3745 3690 3800; x_wconf 83' lang='lat' dir='ltr'><em>Viden-</em></span> 
     </span>
    </p>
   </div>
   <div class='ocr_carea' id='block_1_83' title="bbox 2045 3834 3696 3910">
    <p class='ocr_par' dir='ltr' id='par_1_83' title="bbox 2045 3834 3696 3910">
     <span class='ocr_line' id='line_1_83' title="bbox 2045 3834 3696 3910; baseline -0.002 -18"><span class='ocrx_word' id='word_1_640' title='bbox 2045 3842 2130 3893; x_wconf 91' lang='lat' dir='ltr'><em>tes</em></span> <span class='ocrx_word' id='word_1_641' title='bbox 2182 3843 2376 3893; x_wconf 88' lang='lat' dir='ltr'><em>autem</em></span> <span class='ocrx_word' id='word_1_642' title='bbox 2423 3837 2532 3908; x_wconf 91' lang='lat' dir='ltr'><em>ipsi</em></span> <span class='ocrx_word' id='word_1_643' title='bbox 2582 3837 2830 3910; x_wconf 88' lang='lat' dir='ltr'><em>apostoli</em></span> <span class='ocrx_word' id='word_1_644' title='bbox 2882 3855 3132 3893; x_wconf 90' lang='lat' dir='ltr'><em>messem</em></span> <span class='ocrx_word' id='word_1_645' title='bbox 3163 3853 3292 3892; x_wconf 88' lang='lat' dir='ltr'><em>esse</em></span> <span class='ocrx_word' id='word_1_646' title='bbox 3330 3834 3599 3903; x_wconf 87' lang='lat' dir='ltr'><em>multam,</em></span> <span class='ocrx_word' id='word_1_647' title='bbox 3633 3837 3696 3890; x_wconf 86' lang='lat' dir='ltr'><em>et</em></span> 
     </span>
    </p>
   </div>
   <div class='ocr_carea' id='block_1_84' title="bbox 2044 3923 3693 3998">
    <p class='ocr_par' dir='ltr' id='par_1_84' title="bbox 2044 3923 3693 3998">
     <span class='ocr_line' id='line_1_84' title="bbox 2044 3923 3693 3998; baseline -0.004 -16"><span class='ocrx_word' id='word_1_648' title='bbox 2044 3926 2338 3998; x_wconf 89' lang='lat' dir='ltr'><em>operarios</em></span> <span class='ocrx_word' id='word_1_649' title='bbox 2373 3942 2608 3997; x_wconf 87' lang='lat' dir='ltr'><em>paucos,</em></span> <span class='ocrx_word' id='word_1_650' title='bbox 2645 3932 2993 3998; x_wconf 89' lang='lat' dir='ltr'><em>rogaverunt</em></span> <span class='ocrx_word' id='word_1_651' title='bbox 3021 3926 3328 3982; x_wconf 89' lang='lat' dir='ltr'><em>dominum</em></span> <span class='ocrx_word' id='word_1_652' title='bbox 3361 3923 3593 3988; x_wconf 89' lang='lat' dir='ltr'><em>messis,</em></span> <span class='ocrx_word' id='word_1_653' title='bbox 3625 3925 3693 3977; x_wconf 89' lang='lat' dir='ltr'><em>ut</em></span> 
     </span>
    </p>
   </div>
   <div class='ocr_carea' id='block_1_85' title="bbox 2434 4153 3128 4221">
    <p class='ocr_par' dir='ltr' id='par_1_85' title="bbox 2434 4153 3128 4221">
     <span class='ocr_line' id='line_1_85' title="bbox 2434 4153 3128 4221; baseline -0.003 -13"><span class='ocrx_word' id='word_1_654' title='bbox 2434 4154 2480 4188; x_wconf 80' lang='grc'><em>²⁹</em></span> <span class='ocrx_word' id='word_1_655' title='bbox 2536 4153 2650 4208; x_wconf 87' lang='lat' dir='ltr'><em>Tit.</em></span> <span class='ocrx_word' id='word_1_656' title='bbox 2694 4170 2733 4215; x_wconf 83' lang='grc' dir='ltr'><em>ι,</em></span> <span class='ocrx_word' id='word_1_657' title='bbox 2772 4154 2826 4206; x_wconf 87' lang='grc'><strong>6.</strong></span> <span class='ocrx_word' id='word_1_658' title='bbox 2940 4153 2984 4188; x_wconf 75' lang='grc' dir='ltr'><em>⁸ο</em></span> <span class='ocrx_word' id='word_1_659' title='bbox 3050 4169 3128 4221; x_wconf 83' lang='lat' dir='ltr'><em>Vi,</em></span> 
     </span>
    </p>
   </div>
   <div class='ocr_carea' id='block_1_86' title="bbox 2239 4192 3700 4345">
    <p class='ocr_par' dir='ltr' id='par_1_86' title="bbox 2239 4192 3700 4345">
     <span class='ocr_line' id='line_1_86' title="bbox 2239 4192 3700 4345; baseline -0.006 -64"><span class='ocrx_word' id='word_1_660' title='bbox 2239 4192 2294 4260; x_wconf 55' lang='grc' dir='ltr'><em>θεῖ</em></span> <span class='ocrx_word' id='word_1_661' title='bbox 2315 4225 2524 4280; x_wconf 90' lang='lat' dir='ltr'><em>Distin.</em></span> <span class='ocrx_word' id='word_1_662' title='bbox 2559 4226 2649 4288; x_wconf 73' lang='grc'><em>84,</em></span> <span class='ocrx_word' id='word_1_663' title='bbox 2683 4195 2851 4280; x_wconf 61' lang='grc' dir='ltr'><em>βοννο</em></span> <span class='ocrx_word' id='word_1_664' title='bbox 2899 4192 3074 4280; x_wconf 66' lang='grc' dir='ltr'><em>Μοεί.ν</em></span> <span class='ocrx_word' id='word_1_665' title='bbox 3111 4192 3358 4276; x_wconf 56' lang='grc' dir='ltr'><strong>’θῖιῐεὶὼ</strong></span> <span class='ocrx_word' id='word_1_666' title='bbox 3392 4222 3465 4275; x_wconf 92' lang='lat' dir='ltr'><em>De</em></span> <span class='ocrx_word' id='word_1_667' title='bbox 3495 4192 3586 4345; x_wconf 55' lang='lat' dir='ltr'><em>0g).</em></span> <span class='ocrx_word' id='word_1_668' title='bbox 3620 4235 3700 4284; x_wconf 72' lang='grc' dir='ltr'><em>χι,</em></span> 
     </span>
     <span class='ocr_line' id='line_1_87' title="bbox 2239 4289 3698 4345; baseline -0.001 0"><span class='ocrx_word' id='word_1_669' title='bbox 2239 4307 2264 4345; x_wconf 70' lang='lat' dir='ltr'><em>l.</em></span> <span class='ocrx_word' id='word_1_670' title='bbox 2300 4313 2426 4345; x_wconf 82' lang='lat' dir='ltr'><em>can.</em></span> <span class='ocrx_word' id='word_1_671' title='bbox 2468 4299 2522 4345; x_wconf 83' lang='lat'><em>5.</em></span> <span class='ocrx_word' id='word_1_672' title='bbox 2602 4297 2644 4329; x_wconf 81' lang='grc'><em>³⁸</em></span> <span class='ocrx_word' id='word_1_673' title='bbox 2677 4295 2854 4345; x_wconf 84' lang='lat' dir='ltr'><em>Clem.</em></span> <span class='ocrx_word' id='word_1_674' title='bbox 2900 4297 3083 4345; x_wconf 79' lang='lat' dir='ltr'><em>Const.</em></span> <span class='ocrx_word' id='word_1_675' title='bbox 3123 4311 3199 4345; x_wconf 86' lang='lat' dir='ltr'><em>Vl.</em></span> <span class='ocrx_word' id='word_1_676' title='bbox 3229 4295 3321 4345; x_wconf 82' lang='lat'><em>20.</em></span> <span class='ocrx_word' id='word_1_677' title='bbox 3433 4292 3477 4326; x_wconf 72' lang='lat'><em>3°</em></span> <span class='ocrx_word' id='word_1_678' title='bbox 3563 4289 3698 4344; x_wconf 70' lang='grc' dir='ltr'><em>χοᾶ.</em></span> 
     </span>
    </p>
   </div>
   <div class='ocr_carea' id='block_1_87' title="bbox 3563 4289 3698 4344">
    <p class='ocr_par' dir='ltr' id='par_1_87' title="bbox 3563 4289 3698 4344">
     <span class='ocr_line' id='line_1_88' title="bbox 3563 4289 3698 4344; baseline 0 0"><span class='ocrx_word' id='word_1_679' title='bbox 3563 4289 3698 4344; x_wconf 82' lang='lat' dir='ltr'><em>xod.</em></span> 
     </span>
    </p>
   </div>
   <div class='ocr_carea' id='block_1_88' title="bbox 358 4642 3703 4732">
    <p class='ocr_par' dir='ltr' id='par_1_88' title="bbox 358 4642 3703 4732">
     <span class='ocr_line' id='line_1_89' title="bbox 358 4642 3703 4732; baseline -0.004 -26"><span class='ocrx_word' id='word_1_680' title='bbox 358 4652 475 4732; x_wconf 58' lang='lat' dir='ltr'><em>(l3)</em></span> <span class='ocrx_word' id='word_1_681' title='bbox 503 4649 563 4706; x_wconf 86' lang='grc' dir='ltr'><em>1η</em></span> <span class='ocrx_word' id='word_1_682' title='bbox 595 4652 778 4732; x_wconf 69' lang='lat' dir='ltr'><em>locum</em></span> <span class='ocrx_word' id='word_1_683' title='bbox 807 4657 1394 4732; x_wconf 33' lang='lat' dir='ltr'><em>eorum_su‘cceaserunt</em></span> <span class='ocrx_word' id='word_1_684' title='bbox 1421 4652 1677 4732; x_wconf 74' lang='lat' dir='ltr'><em>episcopi.</em></span> <span class='ocrx_word' id='word_1_685' title='bbox 1713 4653 1947 4732; x_wconf 38' lang='lat' dir='ltr'><em>llochest</em></span> <span class='ocrx_word' id='word_1_686' title='bbox 1980 4655 2024 4719; x_wconf 78' lang='grc' dir='ltr'><em>Ι)</em></span> <span class='ocrx_word' id='word_1_687' title='bbox 2055 4652 2178 4732; x_wconf 64' lang='lat' dir='ltr'><em>Non</em></span> <span class='ocrx_word' id='word_1_688' title='bbox 2235 4652 2404 4732; x_wconf 83' lang='lat' dir='ltr'><em>aliter</em></span> <span class='ocrx_word' id='word_1_689' title='bbox 2454 4658 2650 4732; x_wconf 73' lang='lat' dir='ltr'><em>autem</em></span> <span class='ocrx_word' id='word_1_690' title='bbox 2701 4647 3326 4732; x_wconf 53' lang='lat' dir='ltr'><em>episcoposuapostolis</em></span> <span class='ocrx_word' id='word_1_691' title='bbox 3373 4642 3703 4732; x_wconf 60' lang='lat' dir='ltr'><em>succedere,</em></span> 
     </span>
    </p>
   </div>
   <div class='ocr_carea' id='block_1_89' title="bbox 290 4721 1944 4794">
    <p class='ocr_par' dir='ltr' id='par_1_89' title="bbox 290 4721 1944 4794">
     <span class='ocr_line' id='line_1_90' title="bbox 290 4721 1944 4794; baseline 0.001 -18"><span class='ocrx_word' id='word_1_692' title='bbox 290 4721 445 4793; x_wconf 84' lang='lat' dir='ltr'><em>quod</em></span> <span class='ocrx_word' id='word_1_693' title='bbox 480 4723 631 4794; x_wconf 89' lang='lat' dir='ltr'><em>psal.</em></span> <span class='ocrx_word' id='word_1_694' title='bbox 665 4740 816 4786; x_wconf 73' lang='grc' dir='ltr'><em>κων,</em></span> <span class='ocrx_word' id='word_1_695' title='bbox 852 4721 1134 4794; x_wconf 87' lang='lat' dir='ltr'><em>propheta</em></span> <span class='ocrx_word' id='word_1_696' title='bbox 1184 4722 1356 4794; x_wconf 84' lang='lat' dir='ltr'><em>David</em></span> <span class='ocrx_word' id='word_1_697' title='bbox 1389 4721 1731 4793; x_wconf 72' lang='lat' dir='ltr'><em>przediXerat</em></span> <span class='ocrx_word' id='word_1_698' title='bbox 1763 4741 1774 4778; x_wconf 92' lang='lat'>:</span> <span class='ocrx_word' id='word_1_699' title='bbox 1810 4725 1944 4778; x_wconf 85' lang='lat' dir='ltr'><em>Pro-</em></span> 
     </span>
    </p>
   </div>
   <div class='ocr_carea' id='block_1_90' title="bbox 287 4793 1946 4865">
    <p class='ocr_par' dir='ltr' id='par_1_90' title="bbox 287 4793 1946 4865">
     <span class='ocr_line' id='line_1_91' title="bbox 287 4793 1946 4865; baseline 0 -17"><span class='ocrx_word' id='word_1_700' title='bbox 287 4793 543 4864; x_wconf 83' lang='lat' dir='ltr'><em>patribus</em></span> <span class='ocrx_word' id='word_1_701' title='bbox 575 4795 683 4848; x_wconf 86' lang='lat' dir='ltr'><em>tuis</em></span> <span class='ocrx_word' id='word_1_702' title='bbox 712 4796 832 4848; x_wconf 88' lang='lat' dir='ltr'><em>nati</em></span> <span class='ocrx_word' id='word_1_703' title='bbox 855 4797 984 4848; x_wconf 85' lang='lat' dir='ltr'><em>sunt</em></span> <span class='ocrx_word' id='word_1_704' title='bbox 1003 4793 1110 4848; x_wconf 89' lang='lat' dir='ltr'><em>tibi</em></span> <span class='ocrx_word' id='word_1_705' title='bbox 1137 4793 1263 4863; x_wconf 88' lang='lat' dir='ltr'><em>ﬁlii.</em></span> <span class='ocrx_word' id='word_1_706' title='bbox 1293 4793 1434 4850; x_wconf 89' lang='lat' dir='ltr'><em>Nam</em></span> <span class='ocrx_word' id='word_1_707' title='bbox 1455 4793 1783 4865; x_wconf 86' lang='lat' dir='ltr'><em>Augustino</em></span> <span class='ocrx_word' id='word_1_708' title='bbox 1808 4811 1946 4865; x_wconf 72' lang='lat' dir='ltr'><em>thB-</em></span> 
     </span>
    </p>
   </div>
   <div class='ocr_carea' id='block_1_91' title="bbox 293 4864 1944 4937">
    <p class='ocr_par' dir='ltr' id='par_1_91' title="bbox 293 4864 1944 4937">
     <span class='ocr_line' id='line_1_92' title="bbox 293 4864 1944 4937; baseline -0.001 -17"><span class='ocrx_word' id='word_1_709' title='bbox 293 4865 431 4920; x_wconf 90' lang='lat' dir='ltr'><em>dicti</em></span> <span class='ocrx_word' id='word_1_710' title='bbox 463 4865 578 4920; x_wconf 92' lang='lat' dir='ltr'><em>loci</em></span> <span class='ocrx_word' id='word_1_711' title='bbox 611 4866 943 4937; x_wconf 86' lang='lat' dir='ltr'><em>interprete,</em></span> <span class='ocrx_word' id='word_1_712' title='bbox 997 4869 1189 4937; x_wconf 89' lang='lat' dir='ltr'><em>patres</em></span> <span class='ocrx_word' id='word_1_713' title='bbox 1221 4865 1467 4935; x_wconf 87' lang='lat' dir='ltr'><em>apostoli</em></span> <span class='ocrx_word' id='word_1_714' title='bbox 1515 4871 1673 4935; x_wconf 87' lang='lat' dir='ltr'><em>sunt,</em></span> <span class='ocrx_word' id='word_1_715' title='bbox 1708 4864 1822 4919; x_wconf 82' lang='lat' dir='ltr'><em>filii</em></span> <span class='ocrx_word' id='word_1_716' title='bbox 1844 4883 1944 4936; x_wconf 90' lang='lat' dir='ltr'><em>pro</em></span> 
     </span>
    </p>
   </div>
   <div class='ocr_carea' id='block_1_92' title="bbox 295 4935 1946 5062">
    <p class='ocr_par' dir='ltr' id='par_1_92' title="bbox 295 4935 1946 5062">
     <span class='ocr_line' id='line_1_93' title="bbox 295 4935 1946 5062; baseline 0.001 -72"><span class='ocrx_word' id='word_1_717' title='bbox 295 4937 566 5062; x_wconf 54' lang='lat' dir='ltr'><em>patribus</em></span> <span class='ocrx_word' id='word_1_718' title='bbox 616 4935 780 5000; x_wconf 27' lang='lat' dir='ltr'><em>nati,‘</em></span> <span class='ocrx_word' id='word_1_719' title='bbox 803 4935 1202 5006; x_wconf 83' lang='lat' dir='ltr'><em>apostOlorum</em></span> <span class='ocrx_word' id='word_1_720' title='bbox 1252 4952 1619 4992; x_wconf 88' lang='lat' dir='ltr'><em>successores</em></span> <span class='ocrx_word' id='word_1_721' title='bbox 1667 4935 1946 5007; x_wconf 83' lang='lat' dir='ltr'><em>episcopi.</em></span> 
     </span>
     <span class='ocr_line' id='line_1_94' title="bbox 341 5007 1946 5062; baseline 0 0"><span class='ocrx_word' id='word_1_722' title='bbox 341 5007 624 5062; x_wconf 89' lang='lat' dir='ltr'><em>oncilium</em></span> <span class='ocrx_word' id='word_1_723' title='bbox 650 5007 1045 5062; x_wconf 87' lang='lat' dir='ltr'><em>Florentinum</em></span> <span class='ocrx_word' id='word_1_724' title='bbox 1077 5007 1133 5060; x_wconf 93' lang='lat' dir='ltr'><em>in</em></span> <span class='ocrx_word' id='word_1_725' title='bbox 1158 5007 1540 5062; x_wconf 90' lang='lat' dir='ltr'><em>instructione</em></span> <span class='ocrx_word' id='word_1_726' title='bbox 1560 5011 1946 5062; x_wconf 88' lang='lat' dir='ltr'><em>Armenorum</em></span> 
     </span>
    </p>
   </div>
   <div class='ocr_carea' id='block_1_93' title="bbox 341 5007 1947 5063">
    <p class='ocr_par' dir='ltr' id='par_1_93' title="bbox 341 5007 1947 5063">
     <span class='ocr_line' id='line_1_95' title="bbox 341 5007 1947 5063; baseline -0.001 0"><span class='ocrx_word' id='word_1_727' title='bbox 341 5007 624 5063; x_wconf 89' lang='lat' dir='ltr'><em>oncilium</em></span> <span class='ocrx_word' id='word_1_728' title='bbox 650 5007 1045 5062; x_wconf 87' lang='lat' dir='ltr'><em>Florentinum</em></span> <span class='ocrx_word' id='word_1_729' title='bbox 1077 5007 1133 5060; x_wconf 93' lang='lat' dir='ltr'><em>in</em></span> <span class='ocrx_word' id='word_1_730' title='bbox 1158 5007 1540 5062; x_wconf 90' lang='lat' dir='ltr'><em>instructione</em></span> <span class='ocrx_word' id='word_1_731' title='bbox 1560 5011 1947 5062; x_wconf 89' lang='lat' dir='ltr'><em>Armenorum</em></span> 
     </span>
    </p>
   </div>
   <div class='ocr_carea' id='block_1_94' title="bbox 299 5077 1947 5150">
    <p class='ocr_par' dir='ltr' id='par_1_94' title="bbox 299 5077 1947 5150">
     <span class='ocr_line' id='line_1_96' title="bbox 299 5077 1947 5150; baseline 0 -16"><span class='ocrx_word' id='word_1_732' title='bbox 299 5083 355 5134; x_wconf 88' lang='lat' dir='ltr'><em>et</em></span> <span class='ocrx_word' id='word_1_733' title='bbox 385 5077 596 5135; x_wconf 90' lang='lat' dir='ltr'><em>concil.</em></span> <span class='ocrx_word' id='word_1_734' title='bbox 639 5079 962 5134; x_wconf 89' lang='lat' dir='ltr'><em>Tridentin.</em></span> <span class='ocrx_word' id='word_1_735' title='bbox 1015 5095 1160 5150; x_wconf 88' lang='lat' dir='ltr'><em>sess.</em></span> <span class='ocrx_word' id='word_1_736' title='bbox 1212 5080 1303 5148; x_wconf 86' lang='lat'><em>23,</em></span> <span class='ocrx_word' id='word_1_737' title='bbox 1338 5095 1462 5150; x_wconf 89' lang='lat' dir='ltr'><em>cap.</em></span> <span class='ocrx_word' id='word_1_738' title='bbox 1513 5083 1564 5150; x_wconf 73' lang='grc'><em>4,</em></span> <span class='ocrx_word' id='word_1_739' title='bbox 1600 5080 1754 5134; x_wconf 89' lang='lat' dir='ltr'><em>idem</em></span> <span class='ocrx_word' id='word_1_740' title='bbox 1784 5095 1947 5134; x_wconf 87' lang='lat' dir='ltr'><em>asse-</em></span> 
     </span>
    </p>
   </div>
   <div class='ocr_carea' id='block_1_95' title="bbox 299 5149 1947 5221">
    <p class='ocr_par' dir='ltr' id='par_1_95' title="bbox 299 5149 1947 5221">
     <span class='ocr_line' id='line_1_97' title="bbox 299 5149 1947 5221; baseline 0 -16"><span class='ocrx_word' id='word_1_741' title='bbox 299 5156 457 5205; x_wconf 91' lang='lat' dir='ltr'><em>runt.</em></span> <span class='ocrx_word' id='word_1_742' title='bbox 495 5151 780 5205; x_wconf 90' lang='lat' dir='ltr'><em>Dicuntur</em></span> <span class='ocrx_word' id='word_1_743' title='bbox 808 5155 1004 5206; x_wconf 90' lang='lat' dir='ltr'><em>autem</em></span> <span class='ocrx_word' id='word_1_744' title='bbox 1035 5149 1289 5221; x_wconf 90' lang='lat' dir='ltr'><em>episcopi</em></span> <span class='ocrx_word' id='word_1_745' title='bbox 1316 5149 1593 5221; x_wconf 81' lang='lat' dir='ltr'><em>apostolis</em></span> <span class='ocrx_word' id='word_1_746' title='bbox 1621 5151 1947 5219; x_wconf 89' lang='lat' dir='ltr'><em>succedere,</em></span> 
     </span>
    </p>
   </div>
   <div class='ocr_carea' id='block_1_96' title="bbox 300 5221 1951 5303">
    <p class='ocr_par' dir='ltr' id='par_1_96' title="bbox 300 5221 1951 5303">
     <span class='ocr_line' id='line_1_98' title="bbox 300 5221 1951 5303; baseline 0 -27"><span class='ocrx_word' id='word_1_747' title='bbox 300 5238 421 5303; x_wconf 76' lang='lat' dir='ltr'><em>non</em></span> <span class='ocrx_word' id='word_1_748' title='bbox 451 5222 774 5303; x_wconf 29' lang='lat' dir='ltr'><em>proprie‘eo</em></span> <span class='ocrx_word' id='word_1_749' title='bbox 805 5223 977 5303; x_wconf 41' lang='lat' dir='ltr'><em>m‘odo</em></span> <span class='ocrx_word' id='word_1_750' title='bbox 1028 5237 1143 5303; x_wconf 65' lang='lat' dir='ltr'><em>quo</em></span> <span class='ocrx_word' id='word_1_751' title='bbox 1189 5221 1498 5303; x_wconf 78' lang='lat' dir='ltr'><em>episcopus</em></span> <span class='ocrx_word' id='word_1_752' title='bbox 1530 5221 1818 5303; x_wconf 45' lang='lat' dir='ltr'><em>api-scopo,</em></span> <span class='ocrx_word' id='word_1_753' title='bbox 1854 5238 1951 5276; x_wconf 87' lang='lat' dir='ltr'><em>rex</em></span> 
     </span>
    </p>
   </div>
   <div class='ocr_carea' id='block_1_97' title="bbox 301 5291 1952 5365">
    <p class='ocr_par' dir='ltr' id='par_1_97' title="bbox 301 5291 1952 5365">
     <span class='ocr_line' id='line_1_99' title="bbox 301 5291 1952 5365; baseline 0.001 -18"><span class='ocrx_word' id='word_1_754' title='bbox 301 5293 423 5365; x_wconf 84' lang='lat' dir='ltr'><em>regi</em></span> <span class='ocrx_word' id='word_1_755' title='bbox 453 5291 738 5359; x_wconf 73' lang='lat' dir='ltr'><em>succedit,</em></span> <span class='ocrx_word' id='word_1_756' title='bbox 772 5293 873 5348; x_wconf 85' lang='lat' dir='ltr'><em>sed</em></span> <span class='ocrx_word' id='word_1_757' title='bbox 905 5291 1137 5365; x_wconf 79' lang='lat' dir='ltr'><em>duplici</em></span> <span class='ocrx_word' id='word_1_758' title='bbox 1174 5291 1290 5365; x_wconf 77' lang='lat' dir='ltr'><em>alia</em></span> <span class='ocrx_word' id='word_1_759' title='bbox 1333 5291 1581 5348; x_wconf 52' lang='lat' dir='ltr'><em>ratione:</em></span> <span class='ocrx_word' id='word_1_760' title='bbox 1608 5291 1824 5357; x_wconf 82' lang='lat' dir='ltr'><em>Primo,</em></span> <span class='ocrx_word' id='word_1_761' title='bbox 1858 5310 1952 5348; x_wconf 87' lang='lat' dir='ltr'><em>ra-</em></span> 
     </span>
    </p>
   </div>
   <div class='ocr_carea' id='block_1_98' title="bbox 301 5363 1952 5436">
    <p class='ocr_par' dir='ltr' id='par_1_98' title="bbox 301 5363 1952 5436">
     <span class='ocr_line' id='line_1_100' title="bbox 301 5363 1952 5436; baseline 0 -18"><span class='ocrx_word' id='word_1_762' title='bbox 301 5363 462 5436; x_wconf 41' lang='lat' dir='ltr'><em>tio—ne</em></span> <span class='ocrx_word' id='word_1_763' title='bbox 484 5365 630 5420; x_wconf 89' lang='lat' dir='ltr'><em>sacri</em></span> <span class='ocrx_word' id='word_1_764' title='bbox 649 5363 1275 5436; x_wconf 28' lang='lat' dir='ltr'><em>episc0palis’ordinis;</em></span> <span class='ocrx_word' id='word_1_765' title='bbox 1312 5365 1590 5430; x_wconf 89' lang='lat' dir='ltr'><em>secundo,</em></span> <span class='ocrx_word' id='word_1_766' title='bbox 1611 5381 1712 5435; x_wconf 90' lang='lat' dir='ltr'><em>per</em></span> <span class='ocrx_word' id='word_1_767' title='bbox 1741 5381 1952 5435; x_wconf 90' lang='lat' dir='ltr'><em>quam-</em></span> 
     </span>
    </p>
   </div>
   <div class='ocr_carea' id='block_1_99' title="bbox 299 5435 1951 5518">
    <p class='ocr_par' dir='ltr' id='par_1_99' title="bbox 299 5435 1951 5518">
     <span class='ocr_line' id='line_1_101' title="bbox 299 5435 1951 5518; baseline 0.001 -29"><span class='ocrx_word' id='word_1_768' title='bbox 299 5435 450 5518; x_wconf 32' lang='lat' dir='ltr'><em>dam‘</em></span> <span class='ocrx_word' id='word_1_769' title='bbox 465 5435 910 5518; x_wconf 61' lang='lat' dir='ltr'><em>similitudinem</em></span> <span class='ocrx_word' id='word_1_770' title='bbox 936 5436 1482 5518; x_wconf 33' lang='lat' dir='ltr'><em>etproportionem‘;</em></span> <span class='ocrx_word' id='word_1_771' title='bbox 1509 5436 1646 5518; x_wconf 86' lang='lat' dir='ltr'><em>quia</em></span> <span class='ocrx_word' id='word_1_772' title='bbox 1664 5436 1951 5518; x_wconf 65' lang='lat' dir='ltr'><em>nimirum</em></span> 
     </span>
    </p>
   </div>
   <div class='ocr_carea' id='block_1_100' title="bbox 299 5507 1954 5577">
    <p class='ocr_par' dir='ltr' id='par_1_100' title="bbox 299 5507 1954 5577">
     <span class='ocr_line' id='line_1_102' title="bbox 299 5507 1954 5577; baseline 0.001 -17"><span class='ocrx_word' id='word_1_773' title='bbox 299 5507 460 5561; x_wconf 86' lang='lat' dir='ltr'><em>sicut</em></span> <span class='ocrx_word' id='word_1_774' title='bbox 489 5507 718 5562; x_wconf 87' lang='lat' dir='ltr'><em>Christo</em></span> <span class='ocrx_word' id='word_1_775' title='bbox 764 5507 823 5561; x_wconf 90' lang='lat' dir='ltr'><em>in</em></span> <span class='ocrx_word' id='word_1_776' title='bbox 869 5507 1037 5562; x_wconf 87' lang='lat' dir='ltr'><em>terris</em></span> <span class='ocrx_word' id='word_1_777' title='bbox 1084 5507 1317 5573; x_wconf 89' lang='lat' dir='ltr'><em>viventi,</em></span> <span class='ocrx_word' id='word_1_778' title='bbox 1365 5507 1538 5577; x_wconf 87' lang='lat' dir='ltr'><em>primi</em></span> <span class='ocrx_word' id='word_1_779' title='bbox 1588 5508 1697 5562; x_wconf 91' lang='lat' dir='ltr'><em>sub</em></span> <span class='ocrx_word' id='word_1_780' title='bbox 1727 5507 1954 5562; x_wconf 89' lang='lat' dir='ltr'><em>Christo</em></span> 
     </span>
    </p>
   </div>
   <div class='ocr_carea' id='block_1_101' title="bbox 299 5578 1955 5649">
    <p class='ocr_par' dir='ltr' id='par_1_101' title="bbox 299 5578 1955 5649">
     <span class='ocr_line' id='line_1_103' title="bbox 299 5578 1955 5649; baseline 0.001 -17"><span class='ocrx_word' id='word_1_781' title='bbox 299 5583 473 5649; x_wconf 86' lang='lat' dir='ltr'><em>erant</em></span> <span class='ocrx_word' id='word_1_782' title='bbox 503 5578 751 5649; x_wconf 90' lang='lat' dir='ltr'><em>apostoli</em></span> <span class='ocrx_word' id='word_1_783' title='bbox 785 5579 1115 5645; x_wconf 89' lang='lat' dir='ltr'><em>duodecim,</em></span> <span class='ocrx_word' id='word_1_784' title='bbox 1167 5579 1376 5632; x_wconf 90' lang='lat' dir='ltr'><em>deinde</em></span> <span class='ocrx_word' id='word_1_785' title='bbox 1423 5579 1798 5649; x_wconf 89' lang='lat' dir='ltr'><em>septuaginta</em></span> <span class='ocrx_word' id='word_1_786' title='bbox 1839 5579 1955 5634; x_wconf 90' lang='lat' dir='ltr'><em>duo</em></span> 
     </span>
    </p>
   </div>
   <div class='ocr_carea' id='block_1_102' title="bbox 298 5648 1957 5722">
    <p class='ocr_par' dir='ltr' id='par_1_102' title="bbox 298 5648 1957 5722">
     <span class='ocr_line' id='line_1_104' title="bbox 298 5648 1957 5722; baseline 0 -18"><span class='ocrx_word' id='word_1_787' title='bbox 298 5648 578 5722; x_wconf 80' lang='lat' dir='ltr'><em>discipuli</em></span> <span class='ocrx_word' id='word_1_788' title='bbox 599 5669 610 5706; x_wconf 93' lang='lat'>:</span> <span class='ocrx_word' id='word_1_789' title='bbox 631 5651 709 5706; x_wconf 89' lang='lat' dir='ltr'><em>ita</em></span> <span class='ocrx_word' id='word_1_790' title='bbox 732 5666 886 5706; x_wconf 91' lang='lat' dir='ltr'><em>nunc</em></span> <span class='ocrx_word' id='word_1_791' title='bbox 911 5649 1083 5722; x_wconf 88' lang='lat' dir='ltr'><em>primi</em></span> <span class='ocrx_word' id='word_1_792' title='bbox 1103 5649 1213 5722; x_wconf 82' lang='lat' dir='ltr'><em>sub</em></span> <span class='ocrx_word' id='word_1_793' title='bbox 1236 5648 1787 5722; x_wconf 12' lang='lat' dir='ltr'><em>Romano’pointiﬁce</em></span> <span class='ocrx_word' id='word_1_794' title='bbox 1816 5654 1957 5706; x_wconf 90' lang='lat' dir='ltr'><em>sunt</em></span> 
     </span>
    </p>
   </div>
   <div class='ocr_carea' id='block_1_103' title="bbox 300 5720 1953 5798">
    <p class='ocr_par' dir='ltr' id='par_1_103' title="bbox 300 5720 1953 5798">
     <span class='ocr_line' id='line_1_105' title="bbox 300 5720 1953 5798; baseline 0 -17"><span class='ocrx_word' id='word_1_795' title='bbox 300 5720 586 5798; x_wconf 84' lang='lat' dir='ltr'><em>episcopi,</em></span> <span class='ocrx_word' id='word_1_796' title='bbox 639 5726 774 5796; x_wconf 88' lang='lat' dir='ltr'><em>post</em></span> <span class='ocrx_word' id='word_1_797' title='bbox 819 5720 928 5781; x_wconf 77' lang='lat' dir='ltr'><em>eos</em></span> <span class='ocrx_word' id='word_1_798' title='bbox 967 5721 1312 5796; x_wconf 85' lang='lat' dir='ltr'><em>presbyteri,</em></span> <span class='ocrx_word' id='word_1_799' title='bbox 1360 5721 1496 5780; x_wconf 87' lang='lat' dir='ltr'><em>inde</em></span> <span class='ocrx_word' id='word_1_800' title='bbox 1520 5720 1791 5795; x_wconf 46' lang='lat' dir='ltr'><em>‘diaconi,</em></span> <span class='ocrx_word' id='word_1_801' title='bbox 1841 5726 1953 5781; x_wconf 89' lang='lat' dir='ltr'><em>etc.</em></span> 
     </span>
    </p>
   </div>
   <div class='ocr_carea' id='block_1_104' title="bbox 2059 4712 3705 4798">
    <p class='ocr_par' dir='ltr' id='par_1_104' title="bbox 2059 4712 3705 4798">
     <span class='ocr_line' id='line_1_106' title="bbox 2059 4712 3705 4798; baseline -0.007 -21"><span class='ocrx_word' id='word_1_802' title='bbox 2059 4723 2192 4778; x_wconf 92' lang='lat' dir='ltr'><em>inde</em></span> <span class='ocrx_word' id='word_1_803' title='bbox 2225 4728 2402 4798; x_wconf 84' lang='lat' dir='ltr'><em>patet,</em></span> <span class='ocrx_word' id='word_1_804' title='bbox 2435 4723 2588 4794; x_wconf 88' lang='lat' dir='ltr'><em>quod</em></span> <span class='ocrx_word' id='word_1_805' title='bbox 2637 4712 3169 4798; x_wconf 51' lang='lat' dir='ltr'><em>episcopinulla&#39;m</em></span> <span class='ocrx_word' id='word_1_806' title='bbox 3200 4735 3343 4798; x_wconf 66' lang='lat' dir='ltr'><em>verae</em></span> <span class='ocrx_word' id='word_1_807' title='bbox 3365 4712 3705 4798; x_wconf 65' lang='lat' dir='ltr'><em>apostolicae</em></span> 
     </span>
    </p>
   </div>
   <div class='ocr_carea' id='block_1_105' title="bbox 2057 4789 3706 4864">
    <p class='ocr_par' dir='ltr' id='par_1_105' title="bbox 2057 4789 3706 4864">
     <span class='ocr_line' id='line_1_107' title="bbox 2057 4789 3706 4864; baseline -0.007 -15"><span class='ocrx_word' id='word_1_808' title='bbox 2057 4789 2420 4849; x_wconf 76' lang='lat' dir='ltr'><em>auctoritatis</em></span> <span class='ocrx_word' id='word_1_809' title='bbox 2444 4789 2975 4864; x_wconf 44' lang='lat' dir='ltr'><em>partem-habeant;</em></span> <span class='ocrx_word' id='word_1_810' title='bbox 3011 4790 3257 4863; x_wconf 87' lang='lat' dir='ltr'><em>apostoli</em></span> <span class='ocrx_word' id='word_1_811' title='bbox 3288 4789 3539 4854; x_wconf 88' lang='lat' dir='ltr'><em>enim,ut</em></span> <span class='ocrx_word' id='word_1_812' title='bbox 3568 4800 3706 4864; x_wconf 78' lang='lat' dir='ltr'><em>con-</em></span> 
     </span>
    </p>
   </div>
   <div class='ocr_carea' id='block_1_106' title="bbox 2059 4856 3708 4936">
    <p class='ocr_par' dir='ltr' id='par_1_106' title="bbox 2059 4856 3708 4936">
     <span class='ocr_line' id='line_1_108' title="bbox 2059 4856 3708 4936; baseline -0.007 -16"><span class='ocrx_word' id='word_1_813' title='bbox 2059 4871 2174 4921; x_wconf 88' lang='lat' dir='ltr'><em>stat</em></span> <span class='ocrx_word' id='word_1_814' title='bbox 2204 4866 2409 4920; x_wconf 82' lang='lat' dir='ltr'><em>Matth.</em></span> <span class='ocrx_word' id='word_1_815' title='bbox 2436 4856 2491 4920; x_wconf 73' lang='grc' dir='ltr'><em>ἐι</em></span> <span class='ocrx_word' id='word_1_816' title='bbox 2513 4866 2688 4920; x_wconf 87' lang='lat' dir='ltr'><em>Marc.</em></span> <span class='ocrx_word' id='word_1_817' title='bbox 2722 4882 2848 4936; x_wconf 87' lang='lat' dir='ltr'><em>cap.</em></span> <span class='ocrx_word' id='word_1_818' title='bbox 2877 4856 3230 4936; x_wconf 76' lang='lat' dir='ltr'><em>ultimo,to_to</em></span> <span class='ocrx_word' id='word_1_819' title='bbox 3260 4866 3546 4936; x_wconf 75' lang='lat' dir='ltr'><em>terrarum</em></span> <span class='ocrx_word' id='word_1_820' title='bbox 3569 4856 3708 4912; x_wconf 87' lang='lat' dir='ltr'><em>orbe</em></span> 
     </span>
    </p>
   </div>
   <div class='ocr_carea' id='block_1_107' title="bbox 2058 4931 3706 5008">
    <p class='ocr_par' dir='ltr' id='par_1_107' title="bbox 2058 4931 3706 5008">
     <span class='ocr_line' id='line_1_109' title="bbox 2058 4931 3706 5008; baseline -0.007 -17"><span class='ocrx_word' id='word_1_821' title='bbox 2058 4937 2395 5008; x_wconf 69' lang='lat' dir='ltr'><em>praedicare,</em></span> <span class='ocrx_word' id='word_1_822' title='bbox 2429 4936 2572 4990; x_wconf 89' lang='lat' dir='ltr'><em>alias</em></span> <span class='ocrx_word' id='word_1_823' title='bbox 2603 4940 2773 5008; x_wconf 85' lang='lat' dir='ltr'><em>atque</em></span> <span class='ocrx_word' id='word_1_824' title='bbox 2796 4931 2945 4991; x_wconf 71' lang='lat' dir='ltr'><em>alias</em></span> <span class='ocrx_word' id='word_1_825' title='bbox 2978 4933 3260 4988; x_wconf 80' lang='lat' dir='ltr'><em>Ecclesiae</em></span> <span class='ocrx_word' id='word_1_826' title='bbox 3317 4931 3583 5008; x_wconf 68' lang='lat' dir='ltr'><em>fundare,</em></span> <span class='ocrx_word' id='word_1_827' title='bbox 3615 4943 3706 4982; x_wconf 87' lang='lat' dir='ltr'><em>ca-</em></span> 
     </span>
    </p>
   </div>
   <div class='ocr_carea' id='block_1_108' title="bbox 2061 5001 3704 5082">
    <p class='ocr_par' dir='ltr' id='par_1_108' title="bbox 2061 5001 3704 5082">
     <span class='ocr_line' id='line_1_110' title="bbox 2061 5001 3704 5082; baseline -0.007 -19"><span class='ocrx_word' id='word_1_828' title='bbox 2061 5001 2310 5082; x_wconf 78' lang='lat' dir='ltr'><em>nonicos</em></span> <span class='ocrx_word' id='word_1_829' title='bbox 2329 5007 2508 5062; x_wconf 88' lang='lat' dir='ltr'><em>libros</em></span> <span class='ocrx_word' id='word_1_830' title='bbox 2530 5001 2782 5062; x_wconf 45' lang='lat' dir='ltr'><em>scrib—ere</em></span> <span class='ocrx_word' id='word_1_831' title='bbox 2809 5010 3104 5082; x_wconf 76' lang='lat' dir='ltr'><em>poterant:</em></span> <span class='ocrx_word' id='word_1_832' title='bbox 3131 5020 3299 5082; x_wconf 73' lang='lat' dir='ltr'><em>porro</em></span> <span class='ocrx_word' id='word_1_833' title='bbox 3326 5001 3472 5057; x_wconf 89' lang='lat' dir='ltr'><em>nihil</em></span> <span class='ocrx_word' id='word_1_834' title='bbox 3494 5001 3704 5082; x_wconf 78' lang='lat' dir='ltr'><em>horum</em></span> 
     </span>
    </p>
   </div>
   <div class='ocr_carea' id='block_1_109' title="bbox 2059 5075 3710 5151">
    <p class='ocr_par' dir='ltr' id='par_1_109' title="bbox 2059 5075 3710 5151">
     <span class='ocr_line' id='line_1_111' title="bbox 2059 5075 3710 5151; baseline -0.007 -17"><span class='ocrx_word' id='word_1_835' title='bbox 2059 5079 2314 5151; x_wconf 88' lang='lat' dir='ltr'><em>episcopi</em></span> <span class='ocrx_word' id='word_1_836' title='bbox 2337 5075 3208 5151; x_wconf 77' lang='lat' dir='ltr'><em>potuerunt.Przeterea,donum</em></span> <span class='ocrx_word' id='word_1_837' title='bbox 3226 5075 3442 5145; x_wconf 62' lang='lat' dir='ltr'><em>linguae</em></span> <span class='ocrx_word' id='word_1_838' title='bbox 3462 5075 3520 5128; x_wconf 90' lang='lat' dir='ltr'><em>et</em></span> <span class='ocrx_word' id='word_1_839' title='bbox 3536 5075 3710 5125; x_wconf 88' lang='lat' dir='ltr'><em>mira-</em></span> 
     </span>
    </p>
   </div>
   <div class='ocr_carea' id='block_1_110' title="bbox 2061 5148 3707 5221">
    <p class='ocr_par' dir='ltr' id='par_1_110' title="bbox 2061 5148 3707 5221">
     <span class='ocr_line' id='line_1_112' title="bbox 2061 5148 3707 5221; baseline -0.007 -16"><span class='ocrx_word' id='word_1_840' title='bbox 2061 5148 2355 5205; x_wconf 49' lang='lat' dir='ltr'><em>culorum—</em></span> <span class='ocrx_word' id='word_1_841' title='bbox 2380 5149 2713 5221; x_wconf 86' lang='lat' dir='ltr'><em>habuerunt</em></span> <span class='ocrx_word' id='word_1_842' title='bbox 2764 5148 3060 5221; x_wconf 88' lang='lat' dir='ltr'><em>apostoli,_</em></span> <span class='ocrx_word' id='word_1_843' title='bbox 3085 5164 3200 5203; x_wconf 91' lang='lat' dir='ltr'><em>non</em></span> <span class='ocrx_word' id='word_1_844' title='bbox 3248 5151 3455 5221; x_wconf 72' lang='lat' dir='ltr'><em>autem</em></span> <span class='ocrx_word' id='word_1_845' title='bbox 3483 5154 3707 5221; x_wconf 41' lang='lat' dir='ltr'><em>“omnes</em></span> 
     </span>
    </p>
   </div>
   <div class='ocr_carea' id='block_1_111' title="bbox 2014 5211 3709 5344">
    <p class='ocr_par' dir='ltr' id='par_1_111' title="bbox 2014 5211 3709 5344">
     <span class='ocr_line' id='line_1_113' title="bbox 2014 5211 3709 5344; baseline -0.008 -68"><span class='ocrx_word' id='word_1_846' title='bbox 2014 5235 2024 5246; x_wconf 86' lang='lat'>&#39;</span> <span class='ocrx_word' id='word_1_847' title='bbox 2061 5222 2338 5292; x_wconf 87' lang='lat' dir='ltr'><em>episcopi.</em></span> <span class='ocrx_word' id='word_1_848' title='bbox 2386 5220 2677 5344; x_wconf 67' lang='lat' dir='ltr'><em>Apostolis</em></span> <span class='ocrx_word' id='word_1_849' title='bbox 2730 5211 3024 5275; x_wconf 79' lang='lat' dir='ltr'><em>omnibus</em></span> <span class='ocrx_word' id='word_1_850' title='bbox 3047 5217 3384 5274; x_wconf 89' lang='lat' dir='ltr'><em>immediate</em></span> <span class='ocrx_word' id='word_1_851' title='bbox 3414 5233 3446 5270; x_wconf 89' lang='lat' dir='ltr'><em>a</em></span> <span class='ocrx_word' id='word_1_852' title='bbox 3477 5211 3709 5295; x_wconf 69' lang='lat' dir='ltr'><em>Christo</em></span> 
     </span>
     <span class='ocr_line' id='line_1_114' title="bbox 2063 5291 3709 5344; baseline -0.005 0"><span class='ocrx_word' id='word_1_853' title='bbox 2063 5294 2395 5344; x_wconf 87' lang='lat' dir='ltr'><em>universam</em></span> <span class='ocrx_word' id='word_1_854' title='bbox 2451 5292 2743 5344; x_wconf 71' lang='lat' dir='ltr'><em>.cclesiam</em></span> <span class='ocrx_word' id='word_1_855' title='bbox 2768 5291 3133 5344; x_wconf 68' lang='lat' dir='ltr'><em>gubernandi</em></span> <span class='ocrx_word' id='word_1_856' title='bbox 3157 5293 3410 5344; x_wconf 80' lang='lat' dir='ltr'><em>potestas</em></span> <span class='ocrx_word' id='word_1_857' title='bbox 3443 5301 3510 5339; x_wconf 85' lang='lat' dir='ltr'><em>ac</em></span> <span class='ocrx_word' id='word_1_858' title='bbox 3540 5296 3709 5344; x_wconf 79' lang='lat' dir='ltr'><em>luris-</em></span> 
     </span>
    </p>
   </div>
   <div class='ocr_carea' id='block_1_112' title="bbox 2063 5282 3714 5366">
    <p class='ocr_par' dir='ltr' id='par_1_112' title="bbox 2063 5282 3714 5366">
     <span class='ocr_line' id='line_1_115' title="bbox 2063 5282 3714 5366; baseline -0.008 -19"><span class='ocrx_word' id='word_1_859' title='bbox 2063 5282 2395 5366; x_wconf 69' lang='lat' dir='ltr'><em>uhiversam</em></span> <span class='ocrx_word' id='word_1_860' title='bbox 2433 5282 2743 5366; x_wconf 66' lang='lat' dir='ltr'><em>Ecclesium</em></span> <span class='ocrx_word' id='word_1_861' title='bbox 2768 5291 3133 5366; x_wconf 80' lang='lat' dir='ltr'><em>gubernandi</em></span> <span class='ocrx_word' id='word_1_862' title='bbox 3157 5293 3410 5366; x_wconf 76' lang='lat' dir='ltr'><em>potestas</em></span> <span class='ocrx_word' id='word_1_863' title='bbox 3433 5301 3510 5366; x_wconf 44' lang='lat' dir='ltr'><em>&#39;ac</em></span> <span class='ocrx_word' id='word_1_864' title='bbox 3539 5282 3714 5366; x_wconf 34' lang='lat' dir='ltr'><em>ituris:</em></span> 
     </span>
    </p>
   </div>
   <div class='ocr_carea' id='block_1_113' title="bbox 2063 5353 3715 5434">
    <p class='ocr_par' dir='ltr' id='par_1_113' title="bbox 2063 5353 3715 5434">
     <span class='ocr_line' id='line_1_116' title="bbox 2063 5353 3715 5434; baseline -0.008 -15"><span class='ocrx_word' id='word_1_865' title='bbox 2063 5365 2242 5419; x_wconf 89' lang='lat' dir='ltr'><em>dictio</em></span> <span class='ocrx_word' id='word_1_866' title='bbox 2273 5364 2484 5418; x_wconf 86' lang='lat' dir='ltr'><em>collata</em></span> <span class='ocrx_word' id='word_1_867' title='bbox 2513 5370 2619 5426; x_wconf 91' lang='lat' dir='ltr'><em>est,</em></span> <span class='ocrx_word' id='word_1_868' title='bbox 2651 5353 2821 5417; x_wconf 71' lang='lat' dir='ltr'><em>Joaii.</em></span> <span class='ocrx_word' id='word_1_869' title='bbox 2876 5379 2999 5434; x_wconf 87' lang='lat' dir='ltr'><em>cap.</em></span> <span class='ocrx_word' id='word_1_870' title='bbox 3034 5365 3123 5426; x_wconf 80' lang='lat'><em>20,</em></span> <span class='ocrx_word' id='word_1_871' title='bbox 3159 5353 3248 5415; x_wconf 83' lang='lat' dir='ltr'><em>his</em></span> <span class='ocrx_word' id='word_1_872' title='bbox 3289 5355 3479 5434; x_wconf 87' lang='lat' dir='ltr'><em>verbis</em></span> <span class='ocrx_word' id='word_1_873' title='bbox 3515 5353 3715 5408; x_wconf 59' lang='lat' dir='ltr'><em>{Sicut</em></span> 
     </span>
    </p>
   </div>
   <div class='ocr_carea' id='block_1_114' title="bbox 2062 5433 3714 5506">
    <p class='ocr_par' dir='ltr' id='par_1_114' title="bbox 2062 5433 3714 5506">
     <span class='ocr_line' id='line_1_117' title="bbox 2062 5433 3714 5506; baseline -0.008 -17"><span class='ocrx_word' id='word_1_874' title='bbox 2062 5437 2214 5490; x_wconf 89' lang='lat' dir='ltr'><em>misit</em></span> <span class='ocrx_word' id='word_1_875' title='bbox 2245 5452 2330 5490; x_wconf 88' lang='lat' dir='ltr'><em>me</em></span> <span class='ocrx_word' id='word_1_876' title='bbox 2363 5435 2542 5490; x_wconf 86' lang='lat' dir='ltr'><em>vivens</em></span> <span class='ocrx_word' id='word_1_877' title='bbox 2572 5437 2753 5501; x_wconf 89' lang='lat' dir='ltr'><em>Pater,</em></span> <span class='ocrx_word' id='word_1_878' title='bbox 2795 5438 2846 5489; x_wconf 87' lang='lat' dir='ltr'><em>et</em></span> <span class='ocrx_word' id='word_1_879' title='bbox 2891 5433 2997 5506; x_wconf 74' lang='lat' dir='ltr'><em>ego</em></span> <span class='ocrx_word' id='word_1_880' title='bbox 3026 5435 3184 5487; x_wconf 87' lang='lat' dir='ltr'><em>mitto</em></span> <span class='ocrx_word' id='word_1_881' title='bbox 3234 5446 3322 5484; x_wconf 88' lang='lat' dir='ltr'><em>vos</em></span> <span class='ocrx_word' id='word_1_882' title='bbox 3354 5433 3714 5496; x_wconf 86' lang='lat' dir='ltr'><em>(quanquam</em></span> 
     </span>
    </p>
   </div>
   <div class='ocr_carea' id='block_1_115' title="bbox 2066 5505 3714 5578">
    <p class='ocr_par' dir='ltr' id='par_1_115' title="bbox 2066 5505 3714 5578">
     <span class='ocr_line' id='line_1_118' title="bbox 2066 5505 3714 5578; baseline -0.007 -18"><span class='ocrx_word' id='word_1_883' title='bbox 2066 5506 2362 5561; x_wconf 89' lang='lat' dir='ltr'><em>ordinaria</em></span> <span class='ocrx_word' id='word_1_884' title='bbox 2386 5505 2742 5578; x_wconf 85' lang='lat' dir='ltr'><em>jurisdictio,</em></span> <span class='ocrx_word' id='word_1_885' title='bbox 2793 5505 3012 5578; x_wconf 10' lang='lat' dir='ltr'><em>qumgin</em></span> <span class='ocrx_word' id='word_1_886' title='bbox 3042 5508 3304 5578; x_wconf 86' lang='lat' dir='ltr'><em>posteros</em></span> <span class='ocrx_word' id='word_1_887' title='bbox 3345 5514 3447 5578; x_wconf 72' lang='lat' dir='ltr'><em>per</em></span> <span class='ocrx_word' id='word_1_888' title='bbox 3476 5510 3714 5578; x_wconf 72' lang='lat' dir='ltr'><em>succes-</em></span> 
     </span>
    </p>
   </div>
   <div class='ocr_carea' id='block_1_116' title="bbox 2066 5569 3717 5649">
    <p class='ocr_par' dir='ltr' id='par_1_116' title="bbox 2066 5569 3717 5649">
     <span class='ocr_line' id='line_1_119' title="bbox 2066 5569 3717 5649; baseline -0.007 -17"><span class='ocrx_word' id='word_1_889' title='bbox 2066 5579 2291 5632; x_wconf 89' lang='lat' dir='ltr'><em>sionem</em></span> <span class='ocrx_word' id='word_1_890' title='bbox 2323 5569 2758 5649; x_wconf 67' lang='lat' dir='ltr'><em>transferretur,</em></span> <span class='ocrx_word' id='word_1_891' title='bbox 2793 5569 3119 5649; x_wconf 70' lang='lat' dir='ltr'><em>soliPetro,</em></span> <span class='ocrx_word' id='word_1_892' title='bbox 3151 5569 3610 5649; x_wconf 72' lang='lat' dir='ltr'><em>extraordinaria</em></span> <span class='ocrx_word' id='word_1_893' title='bbox 3634 5581 3717 5649; x_wconf 65' lang='lat' dir='ltr'><em>re:</em></span> 
     </span>
    </p>
   </div>
   <div class='ocr_carea' id='block_1_117' title="bbox 2067 5646 3716 5721">
    <p class='ocr_par' dir='ltr' id='par_1_117' title="bbox 2067 5646 3716 5721">
     <span class='ocr_line' id='line_1_120' title="bbox 2067 5646 3716 5721; baseline -0.007 -18"><span class='ocrx_word' id='word_1_894' title='bbox 2067 5649 2248 5721; x_wconf 91' lang='lat' dir='ltr'><em>liquis</em></span> <span class='ocrx_word' id='word_1_895' title='bbox 2271 5647 2548 5721; x_wconf 89' lang='lat' dir='ltr'><em>apostolis</em></span> <span class='ocrx_word' id='word_1_896' title='bbox 2577 5663 2851 5721; x_wconf 73' lang='lat' dir='ltr'><em>concessa</em></span> <span class='ocrx_word' id='word_1_897' title='bbox 2876 5646 3220 5721; x_wconf 73' lang='lat' dir='ltr'><em>sit):omnes</em></span> <span class='ocrx_word' id='word_1_898' title='bbox 3239 5646 3716 5721; x_wconf 69' lang='lat' dir='ltr'><em>autemepiscopi</em></span> 
     </span>
    </p>
   </div>
   <div class='ocr_carea' id='block_1_118' title="bbox 2066 5709 3712 5800">
    <p class='ocr_par' dir='ltr' id='par_1_118' title="bbox 2066 5709 3712 5800">
     <span class='ocr_line' id='line_1_121' title="bbox 2066 5709 3712 5800; baseline -0.009 -20"><span class='ocrx_word' id='word_1_899' title='bbox 2066 5737 2100 5780; x_wconf 79' lang='grc' dir='ltr'><strong>θ.</strong></span> <span class='ocrx_word' id='word_1_900' title='bbox 2128 5709 2684 5800; x_wconf 53' lang='grc' dir='ltr'><em>Ῥθιπίξειιοοθεεοτθ</em></span> <span class='ocrx_word' id='word_1_901' title='bbox 2733 5709 2990 5778; x_wconf 77' lang='lat' dir='ltr'><em>Romano</em></span> <span class='ocrx_word' id='word_1_902' title='bbox 3022 5714 3319 5796; x_wconf 80' lang='lat' dir='ltr'><em>pontiﬁce,</em></span> <span class='ocrx_word' id='word_1_903' title='bbox 3363 5711 3458 5771; x_wconf 87' lang='lat' dir='ltr'><em>cui</em></span> <span class='ocrx_word' id='word_1_904' title='bbox 3487 5709 3712 5786; x_wconf 71' lang='lat' dir='ltr'><em>dictum</em></span> 
     </span>
    </p>
   </div>
   <div class='ocr_carea' id='block_1_119' title="bbox 3170 4145 3809 4222">
    <p class='ocr_par' dir='ltr' id='par_1_119' title="bbox 3170 4145 3809 4222">
     <span class='ocr_line' id='line_1_122' title="bbox 3170 4145 3809 4222; baseline -0.013 -15"><span class='ocrx_word' id='word_1_905' title='bbox 3170 4150 3492 4222; x_wconf 67' lang='lat' dir='ltr'><em>quaestione</em></span> <span class='ocrx_word' id='word_1_906' title='bbox 3533 4147 3586 4222; x_wconf 62' lang='lat'><em>1,</em></span> <span class='ocrx_word' id='word_1_907' title='bbox 3643 4145 3705 4201; x_wconf 89' lang='lat' dir='ltr'><em>Si</em></span> <span class='ocrx_word' id='word_1_908' title='bbox 3797 4158 3809 4170; x_wconf 85' lang='lat'>&#39;</span> 
     </span>
    </p>
   </div>
  </div>
