4038 6210
419 431 534 493 807

1770 411 2155 474 ANACLETI
2200 411 2428 473 ΡΑΡΑΞ

3666 412 3771 475 808

418 562 675 618 mitteret
703 552 997 631 operarios
1034 552 1094 609 in
1142 564 1394 609 messem
1426 566 1594 605 suam
1625 549 1688 602 “.
1721 546 1858 603 Inde
1890 545 2058 602 electi
2087 545 2140 611 Α
2170 544 2452 612 civitates,
2486 562 2615 617 quae
2647 544 2902 600 minores
2925 541 3156 614 judices
3186 541 3471 598 habebant
3499 543 3645 615 (licet
3672 562 3773 602 ma-

418 654 558 710 sunt
585 648 657 705 ab
688 647 771 704 eis
803 644 1176 718 septuaginta
1224 643 1337 696 duo
1382 641 1425 675 ‘5
1474 636 1765 710 discipuli,
1810 653 2059 707 quorum

414 744 620 813 typum
650 740 861 811 gerunt
884 731 1203 807 presbyteri
1225 731 1538 803 (l4),atque
1559 727 1616 782 in
1643 724 1843 781 eorum
1866 725 2059 780 locum

418 812 558 885 sunt
586 824 891 883 constituti
922 823 982 879 in
1014 821 1285 891 Ecclesia,
1310 820 1380 875 de
1410 832 1661 889 quorum
1695 812 2060 871 ordinatione

414 920 472 973 et
518 913 879 987 reliquorum
926 911 1353 978 ministrorum,
1404 906 1618 962 dixisse
1666 920 1845 976 supra
1888 901 2060 957 suffi-

417 1003 550 1060 ciat.

1192 1170 1285 1223 IIl.

415 1282 576 1351 Quod
617 1284 804 1336 minus
835 1295 1065 1351 quama
1110 1272 1597 1351 tribus__epis_copis
1642 1271 1919 1341 episcopus
1948 1282 2059 1321 non

980 1350 1169 1404 debeat
1202 1346 1473 1401 ordinari.

476 1496 519 1531 ⁸⁸
550 1496 727 1551 Porro
760 1492 917 1564 quod
946 1491 1257 1563 episcopus
1291 1505 1407 1544 non
1436 1487 1508 1543 ab
1540 1502 1679 1551 uno,
1712 1484 1813 1539 sed
1849 1500 1881 1537 a
1912 1498 2054 1537 cun-

409 1585 541 1654 ctis,
564 1598 854 1639 consensu
885 1586 986 1635 aut
1016 1578 1333 1651 praesentia
1364 1572 2057 1647 comprovincialium,est

410 1672 794 1737 ordinandus,
847 1674 903 1725 et
950 1669 1286 1725 nullatenus
1332 1666 1530 1720 minus
1570 1680 1747 1735 quam
1782 1679 1814 1716 a
1843 1661 2052 1725 tribus,

412 1762 634 1818 caeteris
655 1758 1153 1817 consentientibus
1185 1756 1439 1823 cunctis;
1470 1750 2055 1834 idcirco,instituente

409 1850 681 1918 Domino,
712 1849 837 1904 fieri
859 1848 1122 1919 jubetur,
1159 1862 1230 1901 ne
1258 1843 1479 1915 aliquid
1511 1846 1714 1897 contra
1745 1840 1916 1894 {idem
1951 1839 2054 1892 Ec-

410 1938 600 1995 clesia:
641 1938 818 1993 unius
842 1936 1149 2009 tyrannica
1178 1932 1496 1990 auctoritas
1527 1930 1852 1995 moliretur,
1883 1930 1937 1981 et
1967 1942 2053 1980 re-
2086 1915 2132 1979 B

408 2028 550 2101 gula
578 2027 667 2083 vel
698 2027 846 2083 ﬁdes
876 2025 1333 2081 confunderetur
1362 2020 1743 2078 credentium.

1187 2195 1281 2248 IV.

410 2310 478 2360 In
506 2304 701 2377 quibus
731 2302 1043 2358 civitatibus
1070 2302 1354 2377 primates,
1404 2300 1467 2353 in
1498 2297 1692 2368 quibus
1740 2295 2056 2364 metr0poli-

966 2374 1087 2428 tani
1114 2388 1225 2427 esse
1258 2371 1504 2426 debeant.

483 2521 525 2553 ‘7
554 2517 865 2574 Provinciae
897 2521 1091 2571 autem
1126 2514 1308 2568 multo
1341 2517 1473 2568 ante
1502 2511 1713 2568 Christi
1741 2512 2055 2564 adventum

412 2614 675 2680 tempore
706 2606 901 2663 divisa:
934 2609 1074 2659 sunt
1125 2603 1376 2658 maxima
1421 2619 1489 2657 ex
1520 2605 1700 2672 parte,
1754 2604 1811 2653 et
1858 2602 2059 2669 postea

412 2698 482 2752 ab
510 2694 792 2768 apostolis
813 2698 870 2749 et
899 2697 1063 2748 beato
1089 2691 1382 2747 Clemente
1404 2690 1827 2761 praedecessore
1858 2691 2056 2741 nostro

409 2786 541 2859 ipsa
570 2784 775 2840 divisio
805 2787 895 2838 est
925 2785 1215 2837 renovata.
1252 2781 1295 2814 ‘3
1328 2784 1397 2834 Et
1426 2779 1484 2833 in
1519 2777 1707 2849 capite
1737 2775 2058 2848 provincia-

409 2891 564 2940 rum,
599 2872 697 2928 ubi
732 2872 956 2927 dudum
988 2870 1267 2942 primates
1298 2868 1444 2941 legis
1473 2869 1517 2902 ‘9
1548 2866 1742 2921 saeculi
1774 2869 1957 2935 erant,
1989 2881 2055 2920 ac

411 2962 601 3035 prima
623 2960 940 3033 judiciaria
969 2958 1328 3030 potestas,ad
1362 2974 1509 3029 quos
1542 2956 1641 3027 qui
1672 2972 1773 3027 per
1804 2953 2053 3025 reliquas

411 3050 674 3107 civitates
706 3049 1241 3116 commorabantur,
1264 3047 1498 3119 quando
1530 3046 1613 3101 eis
1644 3060 1880 3099 necesse
1910 3047 2052 3106 erat,

412 3140 514 3213 qui
545 3140 613 3195 ad
649 3136 844 3195 aulam
868 3137 1239 3209 imperatoris
1268 3135 1354 3191 vel
1374 3151 1575 3207 regum
1599 3133 1909 3205 confugere
1940 3150 2054 3187 non

408 3232 696 3299 poterant,
729 3228 818 3283 vel
848 3226 1065 3299 quibus
1095 3224 1448 3298 permissum
1503 3240 1615 3278 non
1661 3226 1803 3290 erat,
1851 3221 2053 3276 confu-

2160 636 2321 704 jores
2377 635 2687 691 comitibus
2734 634 2972 704 essent),
3014 633 3295 687 haberent
3335 634 3772 705 metropolitanos

2168 740 2328 792 suos,
2362 724 2461 796 qui
2493 722 2785 796 pradictis
2824 723 2983 793 juste
3012 722 3056 756 ⁵ο
3087 720 3388 776 obedirent
3432 721 3770 796 primatibus,

2168 812 2322 867 sicut
2350 818 2405 868 et
2434 813 2492 867 in
2525 812 2755 886 legibus
2794 810 2991 867 saeculi
3024 809 3167 865 olim
3196 809 3525 866 ordinatum
3554 813 3772 885 erat,qui

2169 918 2285 957 non
2316 902 2656 973 primatum,
2708 900 2809 955 sed
2844 903 2944 955 aut
2974 898 3549 971 metropolitanorum
3577 905 3670 955 aut
3696 918 3772 957 ar-

2170 989 2675 1062 chiepiscoporum
2703 988 2940 1045 nomine
2973 988 3292 1044 fuerentur.
3317 987 3387 1043 Et
3406 987 3534 1044 licet
3561 989 3770 1061 singulae

2169 1078 2519 1150 metropoles
2564 1078 2827 1134 civitates
2886 1092 3024 1132 suas
3076 1075 3403 1148 provincias
3432 1076 3684 1144 habeant,
3726 1084 3773 1134 et

2166 1183 2305 1222 suos
2332 1166 2807 1239 metropolitanos
2824 1166 3053 1236 judices
3078 1166 3294 1221 habere
3312 1165 3554 1221 debeant
3579 1166 3771 1237 episco-

2167 1272 2273 1326 pos
2312 1255 2465 1311 sicut
2505 1256 2668 1327 prius
2719 1254 3197 1325 metropolitanos
3241 1254 3472 1325 judices
3518 1254 3771 1311 habebant

2165 1345 2493 1411 saeculares,
2540 1345 2821 1415 primates
2869 1347 3067 1398 tamen
3116 1344 3203 1413 (ut
3250 1342 3545 1415 praefixum
3591 1344 3685 1413 est)
3725 1349 3771 1399 et

2162 1436 2303 1487 tunc
2333 1438 2389 1488 et
2419 1450 2573 1487 nunc
2603 1432 2819 1487 habere
2854 1433 3040 1502 jussae
3072 1436 3231 1501 sunt,
3281 1432 3352 1486 ad
3385 1448 3527 1502 quos
3556 1438 3671 1503 post
3696 1448 3769 1488 se-

2164 1522 2297 1577 dem
2345 1521 2725 1593 apostolicam
2777 1537 3013 1575 summa
3070 1520 3305 1592 negotia
3353 1519 3693 1592 conveniant,
3720 1526 3770 1577 ut

2163 1609 2401 1675 ibidem,
2456 1610 2669 1680 quibus
2702 1625 2935 1663 necesse
2990 1608 3180 1675 fuerit,
3217 1608 3539 1664 releventur
3566 1610 3770 1679 etjuste

2164 1698 2566 1763 restituantur,
2618 1702 2674 1752 et
2709 1697 2767 1751 hi
2818 1698 2918 1768 qui
2950 1696 3169 1767 injuste
3200 1696 3620 1769 opprimuntur,
3644 1699 3769 1767 juste

2164 1788 2553 1842 reformentur
2638 1790 2811 1857 atque
2888 1785 3223 1856 fulciantur,
3295 1786 3770 1859 cpiscoporumque

2165 1892 2375 1943 causae,
2430 1880 2487 1931 et
2536 1891 2906 1930 summorum
2957 1874 3324 1947 negotiorum
3372 1874 3585 1945 judicia
3622 1874 3771 1943 (salva

2166 1964 2494 2036 apostolicae
2527 1964 2683 2020 sedis
2713 1964 3078 2033 auctoritate)
3121 1963 3455 2035 justissime
3493 1964 3775 2020 terminen-

2164 2058 2278 2107 tur.
2328 2054 2453 2108 Haec
2486 2054 2556 2108 ab
2604 2052 2865 2123 antiquis
2898 2053 2964 2119 δι,
3000 2051 3119 2107 haec
3172 2053 3245 2107 ab
3282 2052 3573 2124 apostolis,
3618 2053 3767 2108 haece

2166 2142 2384 2197 sanctis
2415 2141 2682 2196 Patribus
2740 2140 3095 2211 accepimus,
3146 2142 3431 2213 vobisque
3478 2143 3559 2213 (ut
3602 2147 3767 2213 postu-

2166 2230 2357 2301 lastis)
2392 2230 2741 2298 rimanda,et
2771 2228 2983 2284 futuris
3014 2228 3270 2283 tenenda
3297 2230 3639 2301 temporibus
3658 2230 3766 2284 mit-

2166 2318 2368 2387 timus,
2403 2322 2459 2372 et
2490 2317 2731 2389 reliquis
2761 2317 3043 2371 fratribus
3075 2318 3464 2389 praedicanda,
3486 2336 3546 2375 ac
3575 2320 3763 2375 cunctis

2167 2406 2439 2461 fidelibus
2470 2408 2745 2461 tradenda
2780 2406 3152 2476 mandamus,
3190 2423 3265 2461 ne
3296 2412 3587 2479 pastorum
3616 2408 3765 2480 impe-

2167 2495 2320 2563 ritia,
2366 2496 2412 2529 ³³
2458 2496 2557 2567 qui
2611 2500 2957 2566 sequuntur,
3008 2495 3325 2551 deteriores
3376 2497 3530 2568 fiant,
3579 2498 3765 2553 dicente

2166 2584 2413 2639 Domino
2444 2600 2547 2655 per
2579 2587 2923 2655 prOphetam
2960 2600 2972 2637 :
3006 2586 3117 2655 Ipsi
3145 2594 3391 2656 pastores
3429 2588 3767 2654 ignoraverunt

2166 2675 2593 2743 intelligentiam
2621 2674 2684 2727 ⁵³.

2238 2782 2394 2844 Quos
2420 2797 2627 2835 rursus
2660 2781 2944 2836 Dominus
2966 2782 3310 2853 detestatur,
3340 2783 3533 2839 dicens
3571 2801 3582 2839 :
3613 2785 3670 2839 Et
3709 2792 3766 2840 te-

2163 2876 2371 2925 mentes
2402 2871 2592 2940 legem,
2627 2872 2940 2925 nescierunt
2969 2888 3055 2925 me
3082 2872 3146 2925 5‘.
3180 2871 3402 2927 Nesciri
3432 2890 3559 2945 ergo
3587 2874 3767 2929 Veritas

2165 2976 2227 3014 se
2256 2959 2327 3013 ab
2358 2958 2440 3013 eis
2485 2959 2881 3031 conqueritur,
2931 2963 2987 3014 et
3034 2960 3255 3015 nescire
3306 2977 3368 3015 se
3424 2960 3766 3032 principatum

2165 3043 2976 3117 nescientium'protestatur;
3029 3047 3167 3118 quia
3198 3048 3457 3119 profecto
3488 3049 3543 3104 hi
3586 3050 3671 3121 qui
3696 3067 3765 3119 ea,

2165 3153 2291 3207 quae
2324 3140 2463 3190 sunt
2492 3136 2747 3202 Domini,
2779 3136 3067 3206 nesciunt,
3114 3153 3145 3191 a
3175 3136 3425 3193 Domino
3452 3140 3763 3207 nesciuntur,

2167 3224 2343 3279 Paulo
2375 3228 2706 3291 attestante,
2742 3224 2841 3297 qui
2875 3225 2956 3280 ait
2990 3243 3002 3281 :
3036 3225 3098 3280 Si
3129 3226 3249 3296 quis
3280 3228 3496 3297 ignorat
3524 3228 3764 3298 ignorabi-

407 3317 645 3391 giebant
700 3333 803 3389 pro
871 3314 1350 3387 oppressionibus
1398 3312 1486 3367 vel
1543 3311 1852 3382 injustitiis
1906 3310 2053 3375 suis,
2085 3282 2127 3348 δ
2166 3320 2264 3368 tur
2294 3314 2355 3367 ⁵⁵.
2392 3312 2534 3367 Hinc
2564 3318 2622 3368 et
2657 3313 2989 3384 Psalmista,
3023 3331 3137 3369 non
3170 3316 3429 3386 optantis
3459 3316 3655 3385 animo,
3683 3317 3761 3371 sed

408 3408 688 3479 ipsosque
732 3404 1125 3477 appellabant,
1177 3402 1405 3474 quoties
1436 3418 1584 3473 opus
1622 3405 1767 3465 erat,
1801 3400 1951 3455 sicut
1996 3398 2054 3452 in

409 3496 536 3568 lege
566 3510 769 3550 eorum
814 3496 1166 3565 praeceptum
1194 3496 1318 3547 erat
1350 3509 1362 3546 :
1398 3491 1543 3562 ipsis
1572 3506 1807 3561 quoque
1837 3490 1895 3544 in
1925 3490 2057 3544 civi-

410 3584 633 3639 tatibus
662 3581 751 3639 vel
784 3581 927 3638 locis
970 3580 1206 3649 nostris,
1241 3579 1602 3652 patriarchas
1636 3579 1721 3634 vel
1754 3579 2057 3651 primates,

415 3673 519 3744 qui
547 3688 723 3727 unam
748 3673 994 3727 formam
1016 3668 1620 3736 tenent,licetdiversa
1651 3668 1770 3724 sint
1798 3668 2055 3737 nomina,

412 3762 574 3833 leges
596 3760 804 3815 divina:
825 3768 884 3815 et
905 3758 1308 3814 ecclesiastica:
1334 3758 1468 3829 poni
1493 3762 1549 3812 et
1577 3774 1705 3813 esse
1726 3758 2057 3828 jusserunt,

414 3850 486 3904 ad
531 3866 679 3920 quos
723 3846 979 3919 episcOpi
1029 3847 1100 3917 (si
1132 3863 1367 3902 necesse
1414 3846 1608 3917 fuerit)
1660 3847 2056 3919 confugerent,

414 3954 625 4007 eosque
673 3936 1079 4008 appellarent,
1157 3939 1212 3989 et
1288 3936 1398 4006 ipsi
1451 3936 1768 4006 primatum
1827 3934 2061 3990 nomine

414 4026 764 4093 fruerentur,
789 4029 847 4081 et
869 4040 981 4079 non
1014 4023 1131 4081 alii.
1152 4023 1406 4095 Reliquae
1437 4040 1570 4079 vero
1604 4024 2061 4097 metrOpolitanaa

486 4259 531 4292 “
560 4256 763 4313 Matth.
800 4273 876 4324 ιιι,
919 4257 1032 4325 37;
1078 4258 1214 4312 Luc.
1258 4274 1313 4322 x,
1354 4258 1388 4310 2

417 4396 681 4473 capitum.
726 4396 803 4473 ’Ψ
832 4396 1499 4473 πρῳτονομοδιδάσκᾳλοι.
1597 4402 1640 4434 ⁸ο

417 4471 541 4528 haec
571 4471 884 4543 scripsisse
910 4472 1150 4543 fingitur
1190 4471 1521 4526 Anacletus.

414 4545 634 4599 missis.
713 4544 755 4577 ⁵³
788 4544 895 4597 Isa.
930 4560 1038 4613 LVI,
1076 4544 1159 4597 11.
1237 4544 1281 4576 ⁸⁸
1307 4543 1520 4598 Jerem.
1554 4560 1614 4612 ιι,
1646 4544 1700 4596 8.
1779 4544 1821 4576 ⁵⁵
1854 4544 1873 4597 Ι

413 4617 489 4671 De
532 4615 871 4672 Pastoribus.

414 4850 505 4901 est
539 4863 550 4900 :
582 4848 749 4901 Pasce
778 4862 897 4901 oves
926 4861 1096 4915 meas,
1141 4861 1301 4916 pasce
1345 4861 1512 4916 agnos
1559 4861 1704 4901 meos
1732 4846 1907 4916 (Joan.
1941 4862 2057 4913 xm,

420 4917 872 4988 l7),immediate
892 4934 1060 4972 suam
1084 4917 1555 4988 jurisdictionem
1581 4917 1752 4972 certis
1772 4917 2062 4973 limitibus

418 4988 717 5069 deﬁnitam
746 4994 1210 5069 consequuntur.
1265 4989 1688 5069 Denique,_non
1732 4989 2062 5069 succeditur

461 5060 651 5131 roprie
700 5060 812 5115 nisi
846 5058 1235 5131 praecedenti;
1282 5065 1342 5131 at
1388 5058 1564 5115 simul
1598 5076 1731 5114 cum
1783 5061 2062 5131 apostolis

445 5130 656 5187 uerunt
706 5132 765 5185 in
814 5130 1071 5187 Ecclesia
1125 5130 1490 5198 Timotheus,
1544 5131 1733 5195 Titus,
1791 5130 2060 5197 E’vodius,

416 5202 631 5275 aliique
663 5202 859 5274 plures
889 5204 1169 5275 episcopi.
1194 5202 1253 5275 δί
1289 5203 1464 5275 igitur
1494 5203 1757 5275 episcopi
1785 5204 2062 5274 apostolis

415 5274 1157 5356 succedﬁuptﬁuiepiscopo
1187 5274 1351 5356 Titus
1371 5274 1398 5327 ?
1429 5274 1519 5356 cui
1551 5274 1893 5356 Timotheus
1930 5291 2059 5356 suc-

413 5348 636 5403 cessit?
667 5350 831 5401 Patet
862 5345 1040 5417 igitur
1089 5362 1203 5400 non
1253 5345 1420 5417 aliter
1450 5345 1572 5417 haec
1601 5345 1857 5401 Anacleti
1889 5348 2063 5401 verba

413 5418 661 5491 intelligi
694 5415 941 5491 debere,
967 5415 1399 5491 quamhduplici
1428 5416 1529 5470 illa
1556 5417 1796 5483 ratione,
1831 5418 1900 5472 de
1947 5434 2064 5489 qua

417 5486 795 5560 supraTVide
829 5486 1099 5543 Bellarm.
1126 5486 1224 5543 lib.
1261 5486 1336 5554 iv,
1370 5489 1442 5542 De
1473 5491 1623 5543 Rom.
1657 5490 1878 5559 pontiﬁ,
1912 5486 2061 5556 c323,

414 5562 485 5618 24
516 5565 573 5615 et
599 5562 689 5617 25.
721 5565 850 5616 Sev.
885 5561 1112 5615 BINIUS.

486 5631 598 5704 (14)
630 5631 991 5703 Septuaginta
1017 5632 1124 5687 duo
1152 5630 1430 5704 discipuli,
1457 5646 1692 5703 quorum
1729 5634 1929 5704 typum
1968 5646 2061 5704 ge-

416 5702 554 5766 runt
579 5702 900 5780 presbyteri.
932 5702 1259 5779 Presbyteri
1286 5702 1679 5778 septuaginta
1709 5702 1942 5763 duobus
1970 5703 2063 5761 di-

1495 4258 1539 4291 “
1580 4257 1717 4312 Luc.
1760 4258 1886 4312 cod.
1929 4262 2262 4331 constanter
2298 4258 2437 4331 legit
2474 4261 2849 4331 septuaginta.

418 4346 533 4401 quo
564 4334 620 4385 et
651 4329 970 4400 superiora.
1052 4331 1093 4363 ‘7
1129 4328 1333 4401 Distin.
1364 4329 1454 4401 99,
1498 4330 1811 4385 Prouincia:
1839 4330 2027 4385 multo.
2063 4331 2131 4384 Et
2162 4331 2219 4385 in
2252 4328 2401 4385 Deci.
2438 4328 2592 4386 Ivon.
2627 4328 2731 4385 lib.
2766 4348 2844 4387 ιν.

2166 3401 2567 3474 prophetantis
2590 3402 2861 3474 mysterio
2894 3403 3219 3473 denuntiat,
3246 3404 3449 3461 dicens
3475 3423 3487 3461 :
3514 3406 3763 3461 Obscureno

2166 3500 2257 3546 tur
2281 3492 2433 3547 oculi
2460 3506 2667 3556 eorum,
2699 3508 2767 3547 ne
2795 3492 3038 3563 videant,
3072 3497 3123 3547 et
3167 3492 3397 3549 dorsum
3444 3511 3624 3549 eorum
3649 3511 3767 3550 sem-

2163 3596 2270 3652 per
2298 3582 2527 3635 incurva
2556 3582 2620 3634 εδ.
2643 3580 2983 3636 Obscuratis
3013 3597 3149 3653 ergo
3179 3583 3387 3652 oculis,
3421 3584 3672 3640 deorsum
3692 3584 3769 3639 tle-

2169 3670 2344 3724 ctitur
2373 3688 2385 3737 ;
2420 3669 2699 3741 quoniam
2730 3686 2865 3725 cum
2916 3669 3115 3725 lumen
3147 3672 3405 3727 scientiae
3436 3674 3665 3745 perdunt
3690 3672 3769 3743 qui

2169 3759 2588 3830 przeeunt,sine
2620 3760 2797 3814 dubio
2828 3760 2898 3814 ad
2931 3761 3217 3830 portanda
3244 3767 3605 3832 peccatorum
3632 3778 3773 3818 onera

2170 3846 2533 3902 inclinantur
2564 3852 2897 3919 sequentes.
2940 3849 2981 3881 δτ
3016 3848 3115 3903 Hic
3148 3864 3288 3921 ergo
3321 3851 3468 3907 inter
3497 3868 3683 3907 manus
3708 3850 3771 3904 la-

2170 3941 2405 3991 tronum
2427 3941 2484 3992 et
2502 3938 2703 3992 dentes
2725 3937 3045 3992 furentium
3080 3937 3357 4009 luporum
3391 3946 3661 4012 utcunque
3681 3953 3774 3995 ver-

2171 4042 2391 4080 samur.
2429 4026 2561 4081 Ideo
2618 4031 2675 4080 et
2730 4027 2933 4081 docere
2994 4025 3157 4096 alios,
3204 4032 3261 4083 et
3312 4046 3417 4085 nos
3448 4030 3596 4101 ipsos
3621 4029 3774 4100 (prout

2962 4259 3004 4293 ‘6
3064 4259 3202 4314 Isid.
3261 4261 3336 4315 De
3386 4261 3478 4331 oﬂ‘.
3520 4258 3677 4331 x55,
3719 4270 3771 4308 ex

2959 4331 3002 4365 ⁸⁸
3048 4331 3242 4403 Hinm.
3297 4329 3661 4403 cap.’15,lib.
3704 4341 3768 4393 LV,

1680 4401 1855 4474 jure:
1906 4402 1945 4434 5‘
1996 4404 2041 4456 A
2096 4403 2370 4474 martyrio
2422 4403 2478 4456 S.
2534 4403 2683 4457 Petri
2736 4402 2997 4457 nondum
3045 4402 3115 4474 60
3162 4401 3449 4457 flexerant
3500 4401 3621 4457 anni
3663 4412 3766 4452 cum

1616 4472 1667 4545 δέ
1710 4473 1785 4545 S.
1817 4472 1986 4545 Greg.
2036 4477 2185 4528 Past.
2221 4472 2265 4528 1.'
2314 4491 2350 4543 1,
2386 4474 2739 4545 quibusdam
2773 4490 2875 4545 pro
2909 4489 3067 4529 more
3102 4473 3468 4544 interpolatis
3497 4477 3549 4527 et
3574 4474 3767 4545 prater-

1967 4560 2049 4599 or.
2090 4561 2207 4610 xxv,
2252 4539 2344 4599 38.
2402 4539 2463 4579 ’⁵⁸
2495 4544 2646 4600 Psal.
2684 4539 2873 4613 vam,
2906 4546 2995 4599 24.
3074 4545 3137 4598 ⁵⁷.
3171 4545 3230 4599 S.
3257 4539 3512 4618 'August.
3545 4539 3591 4598 οῖ
3616 4544 3663 4612 7,
3690 4539 3767 4593 lib.

2170 4845 2412 4918 scipulis
2442 4845 2671 4901 Domini
2704 4862 2815 4919 non
2849 4844 3016 4919 aliter
3041 4862 3216 4918 quam
3242 4862 3346 4919 per
3366 4842 3766 4919 similitudinem

2171 4915 2489 4991 quamdam
2524 4918 2833 4991 succedere
2866 4915 3163 4991 dicuntur,
3198 4915 3349 4991 sicut
3390 4915 3651 4991 apostolis
3674 4915 3767 4991 epi-

2171 4988 2349 5060 scopi.
2382 4990 2543 5054 Quod
2578 4995 2771 5045 autem
2809 5004 2919 5043 non
2953 4988 3120 5045 aliter
3151 4988 3484 5059 succedant,
3518 4989 3631 5060 haec
3644 4988 3763 5060 ratio

2170 5056 2466 5117 evidenter
2511 5062 2779 5134 probat_:
2827 5062 3210 5134 Septuaginta
3241 5063 3354 5134 duo
3401 5056 3765 5134 diecipulino}!

2172 5134 2409 5213 fuerunt
2439 5126 2778 5215 presbyteri,
2814 5126 2921 5186 nee
2942 5126 3128 5187 ulldm
3162 5132 3422 5215 ordinem
3455 5126 3764 5215 au'thurisdi-

2171 5200 2481 5259 ctionema
2502 5200 2726 5259 Christo
2750 5210 3169 5275 susceperunt:
3200 5204 3487 5275 siquidem
3512 5200 3762 5321 Philippus

2171 5280 2226 5321 et.
2255 5276 2587 5321 Stenhnnns
2641 5281 2696 5321 et.
2726 5275 2820 5321 alii
2857 5275 3115 5321 nninmm
3156 5276 3380 5321 dim-nni
3415 5275 3485 5321 ah
3512 5277 3758 5321 nnolelS.

2170 5280 2226 5330 et
2255 5276 2620 5349 Stephanus,
2641 5281 2696 5330 et
2726 5275 2822 5349 alii
2857 5275 3381 5349 quinqueidiaconi
3415 5275 3485 5349 ab
3512 5275 3758 5349 apostoli;

2171 5345 2373 5401 Actor.’
2398 5364 2473 5416 v1,
2501 5346 2751 5401 ordinati
2782 5345 2945 5401 erant
2976 5363 3045 5403 ex
3087 5348 3157 5401 72
3205 5345 3507 5418 discipulis
3552 5345 3758 5399 Domini,

2173 5422 2237 5490 ut
2266 5418 2433 5473 docet
2462 5418 3008 5490 Epiphan.,haeresi
3039 5420 3146 5485 20;
3180 5435 3292 5474 non
3324 5417 3564 5474 fuissent
3599 5417 3755 5490 autent

2174 5489 2401 5565 diaconi
2435 5487 2707 5565 ordinati,
2742 5489 2790 5543 si
2829 5491 2959 5565 _j_am
3000 5487 3756 5565 ante__ordinem_presbytefi|

2172 5560 2537 5691 habuizséserlit.
2570 5553 2714 5617 Vide
2744 5553 3082 5618 Bellarmin.
3118 5560 3219 5619 lib.
3254 5579 3302 5618 1v
3334 5562 3403 5617 De
3436 5553 3558 5615 Rom
3580 5553 3756 5631 ponti],

2173 5648 2299 5691 can.
2406 5675 2417 5689 .
2486 5649 2540 5691 υ.
2952 5684 2956 5689 .

2173 5648 2299 5708 cap.
2330 5648 2417 5690 κθ.
2458 5648 2540 5691 ω.
