4038 6210
233 317 353 381 809

1719 305 2150 369 EPISTOLIE.

3519 314 3639 375 810

237 448 524 509 Dominus
551 446 796 519 dederit)
824 444 1129 519 providere
1158 443 1460 500 debemus.
1493 441 1539 477 ⁵⁸
1567 441 1718 498 Sane
1748 456 1877 512 per-
1905 438 1962 507 Α
1991 437 2336 504 destrueret,
2368 443 2424 493 et
2454 455 2573 507 eos,
2606 456 2753 513 quos
2783 441 2843 497 in
2873 442 3133 499 tenebris
3156 446 3215 499 et
3244 442 3455 501 umbra
3481 461 3641 500 mor-

238 556 444 596 cussor
466 537 565 594 ille
594 538 796 593 doctor
824 536 1058 604 dicitur,
1101 533 1200 605 qui
1229 549 1495 589 sermone
1524 530 1716 587 inutili
1748 546 1883 585 con-

236 627 546 685 scientiam
576 625 826 698 percutit
845 624 1216 707 igﬁrmorum
1248 622 1454 677 5°.ldeo
1488 625 1683 677 tenere
1712 622 1887 675 voset

234 732 439 773 omnes
484 714 688 771 fideles
729 718 956 785 oportet
1007 729 1152 779 eum,
1207 711 1302 782 qui
1344 709 1643 766 secundum
1678 709 1885 764 doctri-

228 823 366 862 nam
396 808 496 873 est,
529 804 746 874 ﬁdelem
774 817 1124 868 sermonem;
1163 809 1225 856 ut
1248 804 1439 872 potens
1489 800 1561 854 sit
1610 798 1889 854 consolari

231 898 295 952 in
324 895 583 952 doctrina
611 909 777 964 sana,
807 896 860 949 et
887 891 1316 949 contradicentes
1361 889 1690 960 redarguere
1731 889 1795 960 ⁸ο,
1830 891 1888 943 et

234 987 394 1041 recte
420 983 701 1049 viventes,
729 985 906 1053 atque
935 984 1151 1036 rectam
1182 979 1355 1035 fidem
1385 982 1649 1034 tenentes
1680 993 1889 1033 conso-

237 1074 445 1129 lidare.
470 1070 590 1128 Illis
619 1085 757 1142 ergo
780 1069 875 1140 qui
908 1069 1289 1140 dicunt,quod
1307 1066 1486 1123 Filius
1507 1067 1569 1121 in
1599 1083 1665 1122 eo
1696 1066 1890 1122 minor

237 1166 351 1231 est,
383 1162 521 1232 quia
548 1158 829 1233 propheta
873 1158 1068 1229 inquit
1099 1175 1112 1214 :
1152 1158 1381 1214 Verbum
1425 1157 1592 1228 faciet
1626 1156 1889 1210 Dominus

240 1253 549 1307 breviatum
590 1250 845 1304 universo
876 1248 997 1303 orbi
1022 1248 1067 1282 δι
1121 1264 1135 1303 :
1183 1246 1266 1302 ita
1298 1245 1771 1318 respondendum
1801 1247 1891 1299 est

239 1340 457 1397 divinis
486 1337 839 1395 testimoniis
864 1353 877 1392 :
902 1337 946 1371 ⁵³
967 1336 1226 1392 Verbum
1256 1335 1579 1391 breviatum
1611 1334 1766 1406 quod
1789 1338 1892 1389 Do-

240 1431 443 1486 minus
470 1428 644 1484 faciet
664 1443 842 1499 super
870 1430 1229 1491 terram,non
1251 1423 1635 1481 minutionem
1658 1423 1890 1479 deitatis

238 1520 303 1574 in
342 1518 483 1575 Filio
516 1517 615 1572 Dei
646 1515 1064 1589 signiﬁcat,sed
1086 1513 1585 1585 dispensationem
1608 1515 1889 1585 suscepta:

240 1607 436 1664 carnis
457 1604 770 1662 annuntiat
794 1623 807 1673 ;
841 1604 902 1658 in
925 1600 1084 1676 quali
1104 1602 1542 1674 dispensatione
1564 1619 1679 1657 non
1701 1601 1892 1658 solum

239 1696 411 1752 Patre
440 1694 698 1751 hominis
730 1691 960 1761 Filium,
1010 1691 1111 1748 sed
1161 1691 1340 1747 etiam
1388 1690 1610 1763 angelis
1639 1690 1891 1763 legimus

240 1779 809 1877 minoratum,Paulo
839 1784 1152 1877 attestante
1172 1780 1435 1877 apostolo
1469 1798 1483 1836 :
1515 1781 1655 1835 Eum
1683 1788 1887 1877 autem,
1919 1810 1969 1877 B

237 1873 452 1946 inquit,
481 1872 693 1929 modice
720 1873 908 1927 minus
939 1872 1006 1928 ab
1040 1870 1254 1941 angelis
1281 1871 1625 1925 minoratum
1656 1869 1894 1925 vidimus

236 1966 444 2030 Iesum,
484 1970 708 2035 propter
748 1963 1069 2033 passionem
1114 1960 1335 2030 mortis,
1382 1960 1565 2028 gloria
1610 1962 1661 2016 et
1693 1960 1896 2016 honore

240 2060 599 2114 coronatum;
631 2054 688 2107 et
714 2050 867 2106 infra
890 2051 1149 2120 :Propter
1177 2064 1347 2121 quam
1374 2064 1598 2105 causam
1624 2065 1736 2104 non
1764 2065 1892 2106 con-

242 2141 510 2210 funditur
535 2142 734 2212 fratres
763 2154 853 2194 eos
881 2153 1096 2209 vocare,
1126 2137 1312 2193 dicens
1342 2155 1360 2190 :
1401 2137 1766 2194 Annuntzabo
1794 2154 1895 2194 no-

242 2248 376 2287 men
405 2234 562 2286 tuum
586 2228 861 2304 fratribus
886 2228 1045 2295 meis,
1090 2228 1153 2282 in
1191 2226 1367 2282 medio
1396 2229 1632 2283 ecclesiae
1662 2228 1896 2284 laudabo

246 2328 301 2376 te
330 2321 395 2375 ⁸³.
428 2318 496 2374 Et
524 2317 812 2390 PrOpheta
843 2316 1031 2386 inquit
1063 2331 1077 2370 :
1109 2316 1392 2372 Minorasti
1419 2332 1547 2371 eum
1593 2317 1760 2388 paulo
1783 2317 1896 2372 mi-

245 2426 357 2465 nus
386 2408 452 2464 ab
478 2407 713 2477 angelis,
761 2403 957 2474 gloria
1000 2412 1053 2461 et
1098 2404 1305 2460 honore
1349 2407 1624 2461 coronasli
1673 2422 1799 2461 eum
1826 2406 1893 2459 εδ.

247 2498 321 2553 Et
353 2502 418 2554 ut
454 2496 701 2553 verbum
743 2494 846 2550 Dei
895 2493 1081 2549 Patris
1127 2493 1452 2549 breviatum
1496 2494 1557 2549 in
1604 2493 1749 2550 Filio
1781 2510 1898 2549 non

249 2602 383 2643 esse
407 2586 743 2651 doceamus,
772 2583 925 2638 hanc
954 2581 1114 2638 Isaiai
1144 2581 1439 2654 prophetas
1472 2582 1766 2638 volumine
1796 2598 1898 2654 ap-

244 2675 570 2748 probamus
624 2670 993 2729 sententiam.
1042 2670 1304 2743 Nunquid
1349 2671 1394 2705 ⁶⁵
1423 2671 1778 2727 abbreviatus
1808 2673 1898 2743 fa-

246 2770 371 2822 ctus
398 2766 478 2820 est
506 2777 680 2819 sermo
706 2768 978 2829 meus,aut
1008 2761 1090 2816 ita
1117 2776 1319 2832 parvus
1347 2765 1511 2830 est,ut
1540 2763 1621 2817 ita
1644 2777 1756 2817 non
1773 2776 1900 2833 pos-

244 2855 359 2910 sim
384 2851 672 2919 redimere,
697 2854 794 2906 aut
820 2866 931 2906 non
959 2853 1039 2905 est
1058 2851 1117 2905 in
1132 2865 1220 2905 me
1239 2851 1418 2905 virtus
1443 2849 1515 2905 ad
1548 2851 1903 2906 liberandum

245 2943 390 2999 dicit
418 2942 679 2997 Dominus
706 2941 1045 3011 omnipotens
1073 2939 1118 2973 ⁵⁸
1135 2955 1158 3002 ,·
1210 2942 1269 2994 et
1298 2938 1511 2995 iterum
1563 2956 1576 2995 :
1619 2941 1741 2996 Haec
1768 2940 1905 2997 dicit

249 3033 521 3087 Dominus
568 3031 910 3100 omnipotens
962 3045 976 3084 :
1030 3028 1287 3100 Nunquid
1329 3028 1614 3086 abreviata
1659 3039 1738 3086 est
1781 3046 1901 3085 ma-

250 3136 365 3175 nus
394 3136 541 3189 mea,
564 3122 624 3173 ut
651 3119 866 3174 salvare
892 3133 1006 3175 non
1029 3119 1250 3189 possit?
1281 3122 1396 3173 Aut
1422 3135 1537 3174 non
1565 3124 1734 3191 potest
1762 3120 1902 3175 vivi-

252 3212 426 3281 ﬁcare
454 3224 547 3265 cor
577 3207 884 3264 humilium
915 3215 968 3263 et
992 3208 1256 3277 spiritum
1303 3209 1667 3264 contritorum
1694 3210 1740 3243 ⁸⁸
1768 3208 1796 3263 ?
1833 3209 1904 3266 Et

254 3302 330 3354 ut
356 3295 661 3353 brachium
690 3295 1034 3367 Patris,qum
1066 3311 1276 3351 manus
1296 3294 1623 3365 est,Filium
1652 3314 1781 3354 esse
1802 3299 1903 3354 do-

254 3388 434 3455 ceret,
464 3383 685 3452 intulit,
716 3383 917 3438 dicens
970 3398 983 3438 :
1035 3384 1261 3439 Paravit
1303 3383 1569 3439 Dominus
1614 3384 1905 3442 brachium

250 3478 508 3545 sanctum
553 3488 719 3528 suum
765 3474 828 3527 in
873 3472 1045 3527 oculis
1072 3474 1319 3527 omnium
1346 3473 1614 3542 gentium,
1661 3484 1712 3531 et
1752 3476 1902 3532 vide-

252 3563 393 3618 bunt
419 3578 602 3619 omnes
639 3563 777 3634 ﬁnes
804 3570 974 3619 terra?
1015 3562 1264 3617 salutare
1308 3562 1426 3631 eius
1470 3562 1535 3617 ⁸⁸.
1567 3566 1711 3619 Nam
1754 3569 1812 3620 et
1841 3564 1901 3621 in

249 3651 579 3707 novissimo
605 3654 868 3722 tempore
896 3649 992 3705 hic
1024 3666 1235 3707 sensus
1264 3667 1382 3706 non
1411 3650 1662 3708 inaniter
1691 3654 1905 3725 poterit

249 3739 564 3812 cooptari;
599 3738 661 3794 in
691 3754 805 3810 quo
850 3741 1112 3810 tempore
1158 3738 1446 3795 Dominus
1492 3741 1538 3775 ⁸ο
1587 3756 1657 3797 ex
1686 3740 1903 3798 ccelesti

259 3828 402 3885 aula
434 3845 499 3884 ac
529 3843 800 3901 empyreo
832 3826 1125 3883 domicilio
1163 3828 1405 3900 pessimi
1451 3829 1735 3886 daemonis
1775 3833 1903 3903 jam

248 3919 402 3975 ferre
433 3917 756 3990 dedignans
783 3916 1177 3990 tyrannidem,
1198 3917 1259 3973 in
1282 3922 1580 3976 creaturas
1607 3937 1746 3976 suas
1778 3938 1906 3976 cru-

249 4006 558 4065 delissime
586 4006 941 4076 saevientem,
974 4004 1250 4078 plasmati
1298 4008 1636 4080 condolens,
1686 4026 1754 4066 ac
1784 4027 1904 4067 sua:

249 4098 558 4151 immensae
588 4094 894 4151 charitatis
922 4095 1267 4151 thesaurum
1290 4112 1549 4153 reserare
1588 4098 1810 4167 volens,
1843 4099 1905 4155 in

254 4183 603 4241 castissima
646 4182 903 4257 Virginis
955 4184 1341 4255 purissimum
1401 4188 1655 4257 uterum,
1714 4190 1907 4245 omnis

251 4274 367 4331 tori
395 4272 580 4329 virilis
608 4273 893 4342 nescium,
927 4273 1305 4330 inenarrabili
1336 4276 1636 4347 mysterio,
1682 4295 1785 4350 pro
1815 4295 1907 4335 re-

248 4363 593 4435 demptione
621 4366 824 4419 nostra
853 4379 1087 4420 carnem
1118 4363 1445 4435 suscipiens
1475 4365 1540 4435 ⁷ο,
1573 4366 1827 4436 advenit,
1846 4372 1912 4424 ut

1994 527 2071 582 tis
2102 527 2363 599 captivos
2392 529 2961 601 subegerat,virtutis
2983 549 3101 587 suis
3131 532 3391 604 potentia
3421 533 3482 589 in
3512 533 3640 606 ipso

1994 632 2169 688 parvo
2202 621 2260 672 et
2290 617 2483 690 exigui
2514 619 2795 690 temporis
2844 620 3032 693 spatio
3078 620 3371 678 liberaret.
3421 626 3502 679 De
3530 622 3640 679 hoc

1995 706 2172 761 etiam
2202 706 2411 779 exiguo
2441 711 2704 780 tempore
2734 709 3055 782 discipulos
3096 711 3446 781 instruebat,
3500 712 3643 767 dum

1996 811 2095 851 eos
2126 796 2185 851 in
2217 795 2430 864 lucem,
2463 814 2597 853 cum
2648 796 2838 854 adhuc
2867 802 3098 873 tempus
3147 801 3449 869 haberent,
3482 800 3643 857 ince-

1996 885 2130 941 dere
2156 886 2551 958 przemonebat
2583 903 2595 942 :
2626 886 2815 943 Adhuc
2843 889 3367 961 modicum,inquit,
3399 891 3461 945 in
3492 890 3641 945 vobis

1998 975 2185 1030 lumen
2212 985 2312 1035 est.
2342 976 2485 1031 Dum
2513 977 2690 1032 lucem
2716 977 2950 1046 habetis,
3000 979 3284 1035 ambulate
3312 982 3374 1036 in
3402 980 3542 1045 luce,
3573 995 3643 1036 ne

1996 1080 2087 1120 vos
2120 1066 2364 1122 tenebrae
2383 1065 2837 1138 comprehendant
2860 1067 3005 1122 “.Et
3031 1067 3093 1123 in
3112 1068 3158 1102 ⁷⁷
3188 1067 3482 1124 canonicis
3503 1085 3641 1141 apo-

1998 1151 2281 1208 stolorum
2310 1153 2525 1226 legitur
2563 1155 2838 1226 Epistolis
2867 1174 2886 1211 :
2916 1156 3124 1227 Filioli,
3155 1159 3455 1213 novissima
3510 1156 3646 1213 hora

1998 1244 2132 1314 quia
2160 1244 2325 1299 multi
2366 1243 2845 1317 pseudoprophetis
2874 1245 3129 1301 exierunt
3171 1248 3233 1301 in
3279 1246 3424 1302 hunc
3475 1264 3644 1301 mun-

1998 1332 2129 1387 dum
2156 1332 2220 1386 “3.
2252 1334 2322 1388 Et
2351 1333 2573 1389 Paulus
2626 1333 2925 1407 apostolus
2982 1351 2995 1390 :
3046 1336 3269 1407 Tempus
3314 1337 3463 1391 enim
3494 1336 3649 1392 breve

1998 1426 2095 1477 est.
2146 1426 2217 1477 Et
2271 1422 2486 1479 iterum
2545 1441 2558 1478 :
2611 1425 2873 1481 Praeterit
2928 1426 3080 1480 enim
3133 1425 3313 1497 ﬁgura
3366 1426 3411 1459 ⁷⁸
3484 1425 3650 1497 hujus

1997 1511 2196 1568 mundi
2225 1513 2365 1567 75.Et
2390 1512 2603 1569 iterum
2635 1518 2649 1568 ε
2684 1513 2884 1570 Omnia
2913 1513 3035 1571 haec
3071 1514 3143 1570 ad
3187 1516 3579 1572 correctionem
3606 1516 3651 1550 ⁷⁶

1998 1610 2245 1658 nostram
2273 1603 2427 1672 facta
2456 1607 2604 1670 sunt,
2638 1604 2700 1657 in
2737 1619 2869 1674 quos
2896 1604 2939 1638 ⁷⁷
2964 1604 3101 1673 ﬁnes
3134 1606 3466 1662 saeculorum
3494 1605 3650 1662 obve-

1998 1694 2204 1747 nerunt
2233 1690 2298 1744 ⁷⁸.
2339 1691 2487 1747 Nam
2530 1691 2815 1749 Dominus
2859 1693 2919 1748 in
2968 1693 3098 1765 ipsa
3142 1694 3404 1750 oratione
3449 1694 3649 1752 Domi-

2001 1779 2132 1837 nica
2161 1781 2206 1817 ⁷⁹
2234 1780 2514 1837 breviavit
2543 1781 2712 1838 nobis
2742 1798 3094 1853 sermonem,
3127 1781 3268 1839 dum
3301 1800 3410 1841 nos
3430 1801 3466 1840 a
3490 1784 3649 1841 mul-

2000 1869 2248 1943 tiloquio
2272 1868 2614 1943 prohibens,
2644 1887 2833 1943 pauca
2862 1870 3022 1943 loqui
3052 1872 3335 1940 docuerit,
3367 1889 3496 1945 quae
3525 1888 3650 1946 per-

2002 1958 2189 2016 tinent
2233 1959 2278 1993 θθ
2328 1958 2400 2014 ad
2450 1958 2721 2015 salutem.
2781 1958 2917 2016 Cum
2962 1962 3156 2027 oratis,
3204 1960 3421 2034 inquit,
3478 1962 3649 2019 nolite

2002 2049 2242 2105 multum
2270 2048 2422 2120 loqui
2465 2049 2533 2103 εί.
2565 2049 2636 2105 Et
2680 2048 2831 2105 infra
2872 2064 2885 2103 :
2939 2049 3035 2106 Vos
3080 2054 3266 2106 autem
3305 2067 3431 2106 cum
3459 2058 3649 2123 oratis,

2004 2137 2165 2194 dicite
2195 2156 2214 2191 :
2244 2138 2412 2193 Pater
2438 2137 2742 2209 noster,qui
2768 2153 2825 2193 es
2856 2140 2917 2193 in
2944 2139 3094 2194 caelis
3122 2139 3309 2207 ",etc.
3340 2138 3466 2196 Non
3497 2140 3654 2196 enim

2005 2227 2290 2301 propheta
2318 2226 2530 2282 Filium
2555 2226 2658 2282 Dei
2687 2226 2749 2283 in
2767 2226 2876 2283 hoc
2902 2227 3158 2300 capitulo
3179 2228 3540 2284 minoratum
3560 2228 3657 2284 de.

2005 2316 2259 2389 signavit
2286 2316 2347 2370 in
2375 2316 2571 2381 verbo,
2605 2316 2883 2387 quoniam
2914 2315 3041 2389 ipse
3079 2316 3139 2372 in
3170 2316 3471 2390 prophetis
3502 2320 3656 2373 retro

2004 2409 2264 2476 tempore
2295 2404 2659 2478 loquebatur,
2703 2404 2805 2477 qui
2835 2405 3012 2461 etiam
3042 2422 3197 2461 nunc
3227 2422 3331 2478 per
3362 2405 3657 2479 apostolos

2006 2499 2063 2551 et
2092 2494 2441 2568 apostolicos
2470 2494 2625 2550 viros
2666 2493 2985 2550 novissimo
3034 2499 3297 2567 tempore
3343 2494 3606 2567 loquitur
3638 2511 3651 2551 ε

2006 2586 2135 2657 Ego,
2186 2583 2398 2655 inquit,
2430 2584 2531 2654 qui
2577 2582 2853 2654 loquebar,
2893 2581 2953 2637 in
2985 2598 3181 2639 servos
3212 2598 3373 2639 meos
3402 2582 3653 2655 prophe-

2007 2678 2120 2744 tas,
2150 2688 2267 2729 ecce
2294 2671 2498 2729 adsum
2524 2672 2588 2729 ⁸⁸.
2620 2676 2690 2727 Et
2716 2670 2867 2727 alius
2906 2670 3191 2743 propheta
3241 2688 3254 2727 :
3298 2674 3456 2735 Sicut
3482 2675 3561 2728 est
3589 2672 3657 2727 ab

2008 2764 2173 2821 initio
2201 2779 2371 2835 usque
2399 2764 2461 2817 in
2489 2762 2772 2833 smculum,
2793 2778 2967 2834 neque
2994 2762 3277 2833 adjectum
3302 2765 3380 2818 est
3407 2765 3659 2835 ei,neque

2008 2855 2293 2909 minuetur
2347 2852 2461 2923 illi,
2492 2853 2752 2923 quoniam
2790 2853 2907 2922 ipse
2954 2860 3033 2907 est
3085 2851 3348 2908 Dominus
3387 2855 3660 2909 creaturae

2007 2942 2360 3000 suae”.Ecce
2390 2940 2562 3012 quale
2581 2939 2824 2996 verbum
2854 2938 3182 2997 breviatum
3202 2940 3339 2997 fecit
3368 2940 3659 2997 Dominus

2010 3032 2070 3088 in
2101 3032 2239 3088 orbe
2268 3038 2578 3087 terrarum.
2610 3030 2738 3088 Non
2769 3029 2928 3102 quia,
2960 3033 3026 3085 ut
3054 3028 3138 3085 illi
3170 3033 3399 3103 putant,
3423 3030 3661 3087 inferio-

2015 3138 2138 3179 rem
2169 3125 2338 3178 Patre
2366 3121 2429 3175 8‘.
2450 3119 2750 3176 intimaret
2768 3118 3103 3176 hominibus
3126 3119 3361 3189 Filium,
3390 3121 3492 3176 sed
3524 3120 3664 3193 quia

2016 3211 2402 3268 novissimum
2432 3211 2561 3282 ejus
2587 3208 2965 3265 annuntiaret
2990 3209 3326 3265 adventum.
3358 3209 3404 3244 ⁸⁵
3434 3210 3495 3266 Si
3525 3226 3661 3282 ergo

2012 3302 2102 3375 (ut
2142 3300 2481 3373 praedictum
2523 3299 2634 3370 est)
2678 3299 2870 3354 Aaron
2918 3296 3023 3353 lilii
3070 3298 3137 3365 ⁸⁸,
3184 3298 3659 3371 presbyterorum

2012 3391 2265 3463 ﬁguram
2295 3390 2627 3461 gestabant,
2661 3392 2719 3443 et
2748 3392 2941 3443 Aaron
2971 3385 3190 3442 summi
3224 3386 3566 3453 sacerdotis,
3597 3387 3658 3442 id

2012 3476 2102 3528 est
2130 3470 2406 3543 episcopi,
2441 3470 2669 3541 Moyses
2720 3467 3122 3523 indubitanter
3166 3466 3380 3523 Christi
3427 3468 3663 3523 tenebat

2012 3561 2260 3616 formam
2287 3577 2302 3627 ;
2342 3558 2621 3629 quoniam
2653 3556 2764 3611 fuit
2791 3554 3115 3611 similitudo
3145 3554 3503 3611 mediatioris
3532 3554 3659 3627 Dei,

2012 3650 2110 3721 qui
2139 3652 2231 3705 est
2266 3648 2420 3703 inter
2464 3646 2650 3701 Deum
2696 3648 2755 3701 et
2799 3644 3095 3700 hominem
3143 3642 3317 3700 Jesus
3366 3643 3654 3713 Christus,

2013 3738 2114 3811 qui
2142 3742 2231 3794 est
2257 3752 2431 3792 verus
2460 3736 2579 3791 dux
2601 3732 3037 3806 populorum,et
3063 3749 3235 3789 verus
3264 3732 3537 3805 princeps
3562 3750 3657 3789 sa-

2012 3827 2335 3893 cerdotum,
2355 3828 2414 3880 et
2443 3824 2727 3879 Dominus
2755 3820 3117 3894 pontiﬁcum,
3146 3821 3239 3877 cui
3271 3825 3361 3877 est
3389 3823 3575 3879 honor
3597 3827 3656 3879 et

2013 3915 2198 3989 gloria
2226 3916 2285 3970 in
2318 3913 2530 3970 sacula
2561 3911 2930 3968 saeculorum.
2964 3914 3171 3966 Amen.

2530 4020 2875 4077 EPISTULA
2911 4018 2986 4075 III
3013 4019 3147 4091 (15).

2019 4118 2090 4173 De
2116 4111 2449 4192 patriarchas
2476 4118 2528 4166 et
2552 4110 2912 4192 primatibus,
2962 4125 3027 4192 ac
3078 4108 3310 4192 reliquis
3345 4109 3613 4192 episcopis
3642 4126 3661 4165 :

2086 4180 2138 4243 et
2164 4186 2302 4259 quod
2331 4180 2573 4241 Romani:
2596 4182 2846 4238 Ecclesia
2862 4180 3025 4237 cardo
3043 4182 3117 4236 sit
3139 4184 3191 4236 et
3221 4189 3387 4253 caput
3415 4184 3663 4236 omnium

2087 4260 2472 4315 Ecclesiarum.

2090 4366 2429 4421 Amemus
2459 4376 2663 4418 servus
2691 4358 2903 4414 Christi
2932 4357 3161 4426 Jesu,in
3194 4356 3515 4430 apostolica
3531 4358 3667 4415 sede

250 4456 311 4508 et
338 4451 511 4508 illum
542 4452 643 4525 qui
674 4451 928 4509 habebat
954 4451 1161 4509 mortis
1206 4452 1541 4525 imperium,
1575 4470 1684 4512 sua
1715 4460 1902 4513 morte
1932 4443 1981 4510 D
2012 4474 2047 4514 a
2078 4453 2321 4512 Domino
2346 4450 2727 4517 constitutus,
2758 4449 2817 4503 et
2846 4463 2880 4502 a
2909 4450 3110 4503 sancto
3157 4449 3328 4503 Petro
3368 4446 3667 4519 apostolo-

328 4673 373 4707 ⁸⁸
402 4671 612 4728 Distin.
642 4672 733 4741 45,
766 4672 914 4729 Rana

960 4688 1262 4748 percussor.
1354 4672 1416 4748 [⁵⁷
1450 4677 1509 4729 S.
1540 4676 1724 4748 Hier.,
1772 4678 2013 4735 ibidem.

2106 4679 2153 4714 ⁸ο
2181 4676 2297 4733 Tit.
2331 4693 2371 4744 ι,
2401 4674 2456 4728 9.
2531 4673 2576 4707 δι
2610 4671 2775 4744 Bom.
2809 4674 2890 4734 ix,
2918 4670 3009 4744 28.
3077 4670 3150 4744 ξεί
3180 4669 3434 4744 Ithacius
3464 4667 3671 4744 Clarus

256 4743 536 4821 quisquis
562 4744 801 4821 tandem
833 4741 1009 4800 fuerit
1036 4744 1137 4821 lib.
1171 4746 1314 4821 κίεις).
1353 4746 1606 4821 Ψανὶηο.
1641 4741 1728 4803 43ξ
1805 4751 1850 4786 ⁶³
1881 4751 2054 4806 Hebr.
2087 4766 2149 4821 ιι,
2166 4749 2221 4817 9,
2257 4741 2477 4821 11,’12ζ
2541 4744 2588 4821 δέ
2610 4742 2909 4821 Rsal._v1u,
2940 4742 2994 4796 6.
3069 4742 3257 4821 “ms.
3283 4741 3669 4821 adbrevigtus.

252 4812 302 4851 σῖ
334 4812 447 4889 Isa.
480 4833 532 4882 ι,
564 4816 619 4889 2.
696 4816 1112 4889 ‘7_Isa._L1x,i.
1187 4816 1232 4851 ⁸⁸
1264 4817 1370 4873 Isa.
1408 4819 1594 4889 Ln,40
1666 4822 1713 4857 ⁶⁹
1744 4821 1867 4877 haec
1897 4823 2115 4878 absunt
2134 4812 2215 4874 'in'
2238 4812 2347 4874 ms.
2368 4834 2419 4872 c.
2445 4813 2698 4889 Justelli.
2838 4828 2959 4889 ius.
2985 4812 3349 4889 suscipiendo.
3373 4814 3470 4889 m7:
3500 4812 3670 4889 ann.

255 4904 365 4953 xu,
397 4888 486 4965 ἓξ.
564 4887 612 4965 ff
641 4886 818 4965 verba
845 4883 1050 4965 lthacii
1104 4889 1363 4965 notanda
1409 4883 1538 4960 quae
1576 4892 1968 4965 imposturam
2019 4896 2275 4965 arguunt
2327 4884 2689 4965 Mercatoris;
2723 4884 2813 4965 '7:
2836 4888 2860 4936 Ι
2888 4883 3061 4965 ,ἶοιληἶ
3085 4883 3296 4965 viuLl:
3373 4883 3420 4917 ⁷⁸
3450 4885 3513 4938 In
3544 4886 3671 4965 Cor,

257 4974 364 5029 vn,
397 4958 486 5012 29.
565 4958 610 4992 ⁷³
662 4957 809 5013 Ibid.
843 4959 932 5012 31.
1008 4960 1052 4993 ⁷⁸
1093 4957 1501 5031 correptionem.
1579 4964 1622 4998 ⁷⁷
1655 4957 1766 5021 fns.

260 5045 334 5084 ea
372 5045 480 5085 vox
510 5031 822 5086 Dominica.
898 5031 943 5065 ⁸ο
990 5047 1103 5086 ms.

256 5099 333 5135 ⁸³⁸
376 5099 554 5157 Eccli.
594 5118 727 5169 xm,
766 5102 858 5168 21,
916 5102 1006 5158 22.
1118 5099 1164 5137 δέ
1202 5120 1313 5158 ms.
1358 5105 1536 5161 Patri.

262 5172 386 5247 fere
458 5173 651 5247 capita
708 5170 1019 5245 descripsit
1087 5175 1667 5247 pseudo—Isidorus.

263 5243 399 5313 ﬁlii,
431 5246 541 5299 etc.

337 5446 452 5524 (15)
480 5448 744 5524 Epistola.
776 5448 1219 5524 Hascuepistola,
1251 5452 1403 5521 quod
1437 5452 1618 5508 trium
1664 5453 1918 5524 patriar-

261 5518 535 5575 chalium’
557 5521 790 5596 sodium
820 5518 1426 5596 ordinem,ipsumque
1449 5518 1917 5596 patriarcharum

265 5607 484 5646 nomen
513 5592 795 5667 a_J_udas_is
815 5599 871 5667 et
890 5610 924 5649 a
951 5587 1228 5667 gentibus
1259 5587 1631 5667 usurpatum,
1664 5599 1723 5652 et
1751 5597 1823 5652 ab
1845 5596 1920 5652 iis
2026 5600 2086 5652 et
2106 5587 2488 5667 Antiochena,
2520 5608 2586 5667 eo
2619 5590 2771 5667 quod
2806 5607 2841 5645 a
2872 5590 3035 5645 Petro
3079 5587 3477 5667 apostolorum

1811 4966 1950 5036 ﬁnes
1979 4954 2305 5036 saeculorum
2324 4960 2570 5036 obvenit.
2602 4954 2745 5036 "78.1
2776 4956 2903 5011 Cor.
2937 4957 3152 5036 xuii;
3204 4956 3335 5036 71in
3366 4971 3478 5010 ms.
3511 4956 3678 5036 abest

1154 5027 1484 5101 pertineant.
1562 5036 1605 5070 ⁶¹
1646 5027 1855 5092 Matth.
1898 5055 1977 5101 v1,
2029 5038 2084 5091 7.
2160 5035 2207 5070 ⁸⁷
2253 5032 2424 5100 Ibid.,
2471 5032 2525 5085 9.
2602 5028 2662 5101 ⁸⁷
2693 5027 2815 5101 Isa._
2857 5043 2953 5101 ιη,
2994 5029 3067 5095 6;
3114 5027 3286 5101 Eccli.
3340 5041 3529 5101 xxxvi,
3587 5028 3675 5081 17.

1648 5107 1693 5142 ⁸⁵
1729 5108 1868 5215 181ῗέ

2031 5110 2108 5163 De
2161 5106 2256 5232 014ί
2318 5106 2371 5171 5,
2411 5097 2693 5156 succedit
2753 5097 2991 5167 lthacio,
3051 5100 3220 5169 cujus
3260 5115 3413 5171 saepe
3449 5100 3679 5169 integra

2049 5195 2162 5235 ms.
2263 5192 2342 5231 sec
2400 5173 2576 5229 verba
2632 5168 2892 5235 quinque
2950 5186 3064 5225 non
3131 5170 3428 5235 leguntur,
3496 5170 3679 5226 Aaron

1954 5197 1990 5234 Ι]
2049 5195 2162 5235 ms.
2221 5193 2307 5232 na:

2313 5168 2364 5231 c'
2400 5173 2576 5229 verba
2632 5168 2892 5243 quinque
2950 5186 3064 5225 non
3124 5168 3428 5242 leguntur,
3496 5168 3679 5226 Aaron

2030 5452 2347 5518 contineat,
2375 5444 3071 5519 novatoribusrdisciplet.
3100 5444 3247 5501 Vide
3278 5444 3486 5519 Baron.
3530 5459 3684 5519 anno

2030 5526 2155 5591 112,
2188 5515 2352 5596 num.
2386 5524 2439 5575 2.
2474 5523 2615 5577 Tres
2642 5515 3254 5596 Ecclesigiﬂomana,
3286 5515 3688 5596 Alexandrina

3562 5603 3689 5641 ΗΠ·-

263 5680 409 5721 cum
442 5663 646 5720 multis
677 5663 807 5721 aliis
837 5666 897 5720 in
944 5657 1259 5723 Ecolesiam
1289 5657 1533 5724 feliciter
1562 5657 1919 5728 translatum
2028 5667 2157 5741 cipe
2186 5666 2441 5725 fundatae
2475 5657 2655 5735 ’sint,‘
2678 5661 2816 5719 solae
2864 5678 2930 5718 ac
2982 5657 3215 5733 semper
3264 5657 3690 5730 patriarchales

560 5791 826 5857 ΡΑιιιιοι..
874 5793 985 5857 Gn.
1032 5794 1111 5859 ll.

3329 5787 3408 5849 26
