4038 6210
223 388 343 449 813

998 519 1091 574 ΙΙΙ.

413 611 488 664 De
515 608 843 664 discretione
870 611 1245 680 episcoporum
1274 618 1325 663 ct
1352 610 1662 665 civitatum.

295 698 715 771 Episcoporum
743 714 876 754 vero
908 698 1048 753 ordo
1078 715 1231 753 unus
1290 701 1377 753 est
1413 696 1548 754 licet
1578 698 1696 753 sint
1743 697 1858 769 pri-

223 793 409 844 mates
432 787 516 842 illi
547 787 646 859 qui
679 787 897 858 primas
927 787 1186 843 civitates
1210 791 1426 852 tenent,
1449 786 1550 858 qui
1571 791 1628 843 et
1647 787 1708 842 in
1731 787 1859 858 qui-

219 877 471 933 busdam
501 875 645 932 locis
675 875 1016 948 patriarchas
1046 894 1080 932 a
1109 875 1406 932 nonnullis
1435 881 1732 931 vocantur.
1771 875 1860 930 Illi

215 972 415 1024 autem
446 965 547 1038 qui
577 965 637 1020 in
659 965 964 1037 metrOpoli
987 983 1021 1020 a
1043 966 1209 1021 beato
1231 969 1399 1020 Petro
1422 965 1683 1037 apostolo
1706 965 1859 1020 ordi-

217 1063 398 1114 nante
430 1055 696 1124 Domino,
728 1059 785 1109 et
815 1071 848 1110 a
905 1055 1326 1126 predecessors
1356 1060 1551 1110 nostro
1583 1054 1859 1126 praedicto

218 1149 426 1202 sancto
457 1143 772 1215 Clemente,
805 1160 906 1200 seu
939 1161 972 1199 a
999 1144 1168 1199 nobis
1198 1143 1495 1200 constituti
1535 1147 1694 1211 sunt,
1743 1161 1857 1199 non

219 1251 428 1291 omnes
456 1233 735 1308 primates
763 1231 852 1289 vel
884 1232 1225 1304 patriarchas
1263 1249 1390 1288 esse
1437 1237 1712 1304 possunt:
1756 1233 1858 1288 sed

213 1322 332 1378 illas
354 1323 683 1396 urbes,quae
702 1321 956 1393 praefatis
979 1325 1034 1376 et
1056 1321 1264 1393 priscis
1284 1322 1646 1393 temporibus
1676 1322 1721 1356 9‘
1741 1324 1858 1393 pri-

215 1416 444 1468 matum
480 1415 738 1481 tenuere,
779 1411 821 1445 95
873 1410 1333 1482 patriarcharum
1384 1415 1486 1466 aut
1541 1411 1858 1481 primatum

213 1501 454 1557 nomine
485 1502 790 1566 fruantur;
823 1499 1056 1570 reliqua:
1081 1516 1212 1555 vero
1237 1499 1604 1572 metropoles,
1634 1499 1859 1555 archie-

211 1591 588 1662 piscoporum
620 1593 721 1645 aut
751 1587 1352 1659 metropolitanorum,
1383 1593 1441 1644 et
1472 1606 1586 1644 non
1610 1589 1856 1660 patriar-

214 1679 460 1734 charum
492 1683 594 1734 aut
633 1678 950 1750 primatum
1001 1681 1241 1732 utantur
1289 1678 1662 1746 nominibus;
1720 1677 1858 1749 quia

209 1767 338 1823 haec
367 1768 570 1824 eadem
601 1772 658 1822 et
684 1767 840 1839 leges
871 1765 1065 1824 saeculi
1095 1766 1156 1822 in
1180 1767 1304 1822 suis
1323 1771 1622 1823 continent
1639 1766 1857 1839 princi-

1706 386 2133 450 EPISTOLZE.

1890 523 1946 588 Α
2056 543 2081 574 κ
2106 521 2372 578 Secunda
2394 527 2587 580 autem
2618 527 2787 583 sedes
2818 529 2971 599 apud
3003 527 3426 599 Alexandriam,
3460 533 3612 589 beati

3497 402 3613 463 814

1972 610 2121 665 Petri
2153 612 2406 682 nomine,
2439 631 2472 669 a
2502 614 2698 670 Marco
2730 617 2857 686 ejus
2889 617 3176 688 discipulo
3207 624 3382 691 atque
3434 638 3610 678 evan-

1968 698 2178 770 gelista
2205 706 2541 757 consecrata
2571 708 2694 770 est;
2729 704 2866 776 quia
2895 705 3020 777 ipse
3050 710 3106 762 et
3129 707 3190 762 in
3221 709 3462 781 {Egypto
3491 712 3609 782 pri-

1969 804 2133 842 mum
2161 791 2403 845 verbum
2432 791 2713 861 veritatis,
2746 793 3002 850 directus
3032 812 3065 850 a
3089 800 3278 868 Petro,
3331 800 3605 869 praedica-

1965 877 2067 945 vit,
2100 882 2155 932 et
2183 877 2504 950 gloriosum
2533 880 2792 953 suscepit
2821 884 3186 956 martyrium.
3220 887 3323 942 Cui
3370 904 3606 944 venera-

1967 966 2101 1021 bilis
2132 969 2416 1024 successit
2436 970 2661 1026 Abilius
2681 972 2722 1024 δ.

2041 1078 2068 1105 ‹‹
2101 1056 2295 1112 Tertia
2325 1061 2521 1112 autem
2553 1059 2721 1115 sedes
2753 1061 2907 1138 apud
2938 1061 3324 1130 Antiochiam,
3343 1066 3606 1136 ejusdem

1968 1144 2047 1216 (id
2085 1150 2173 1201 est
2195 1146 2347 1202 beati
2377 1146 2552 1218 Petri)
2583 1147 2828 1219 apostoli
2855 1152 3091 1207 nomine
3128 1151 3376 1208 habetur
3420 1154 3608 1211 hono-

1967 1233 2204 1289 rabilis:
2239 1235 2377 1306 quia
2405 1234 2546 1303 illic,
2580 1236 2926 1309 priusquam
2957 1240 3203 1296 Romam
3233 1241 3478 1311 veniret,
3511 1244 3612 1300 ha-

1967 1322 2189 1393 bitavit,
2222 1328 2278 1378 et
2306 1325 2602 1395 Ignatium
2633 1325 2974 1399 episcopum
3004 1329 3025 1362 3
3055 1330 3377 1396 constituit,
3400 1335 3459 1386 et
3489 1331 3609 1389 illic

1968 1411 2223 1482 primum
2255 1429 2466 1468 nomen
2490 1414 2957 1472 Christianorum
2988 1417 3224 1473 novellae
3245 1420 3436 1490 gentis
3452 1437 3612 1478 exor-

1966 1504 2092 1555 tum
2124 1505 2229 1556 est.
2265 1501 2540 1573 Reliquas
2565 1519 2698 1559 vero
2730 1508 2794 1558 ut
2819 1505 3190 1576 praediximus
3241 1509 3301 1563 in
3350 1510 3608 1579 quodam

1965 1591 2143 1657 tomo,
2189 1590 2576 1661 prolixitatem
2621 1592 2869 1648 vitantes
2926 1594 3201 1665 epistolas,
3259 1597 3422 1653 vobis
3469 1615 3609 1654 con-

1964 1678 2213 1750 scriptas
2241 1679 2581 1735 direximus.
2607 1681 2627 1716 9
2657 1682 2797 1737 Inde
2823 1699 3076 1755 namque
3105 1689 3162 1740 et
3181 1685 3334 1741 beati
3358 1688 3609 1758 apostoli

1965 1768 2117 1824 inter
2147 1785 2209 1823 se
2240 1772 2596 1836 statuerunt,
2629 1775 2695 1826 ut
2725 1771 2980 1844 episcopi
3006 1772 3372 1845 singularum
3394 1776 3610 1834 scirent

211 1858 390 1930 pibus
417 1875 430 1925 ;
461 1858 505 1892 9‘
535 1855 660 1912 aliae
691 1860 884 1912 autem
933 1855 1133 1930 prima;
1182 1855 1439 1912 civitates
1491 1873 1638 1928 quas
1693 1855 1856 1912 vobis
1888 1888 1936 1954 Β
1965 1857 2249 1930 gentium,
2293 1858 2336 1894 ιο
2371 1859 2503 1930 quis
2533 1859 2684 1915 inter
2713 1876 2812 1916 eos
2842 1860 3069 1932 primus
3099 1867 3270 1931 esset,
3319 1869 3608 1935 quatenus

214 1945 580 2018 conscriptas
610 1946 669 2000 in
720 1946 976 2017 quodam
1031 1949 1189 2002 tomo
1233 1945 1544 2012 mittimus,
1576 1964 1610 2002 a
1639 1945 1859 2002 sanctis

207 2035 513 2108 apostolis,
546 2038 602 2091 et
630 2052 664 2090 a
690 2035 860 2090 beato
914 2033 1226 2103 Clemente,
1275 2034 1395 2091 sive
1425 2052 1459 2091 a
1486 2035 1680 2102 nobis,
1725 2036 1846 2108 pri-

213 2131 408 2180 mates
429 2124 836 2196 prasdicatores
856 2127 1221 2195 acceperunt.
1247 2123 1376 2179 Haec
1400 2141 1533 2180 vero
1556 2142 1858 2181 sacrosan-

205 2219 306 2270 cta
327 2218 590 2271 Romana
601 2216 657 2269 et
678 2211 996 2285 apostolica
1018 2212 1297 2282 Ecclesia,
1321 2230 1434 2269 non
1459 2215 1531 2269 ab
1554 2213 1858 2286 apostolis,

217 2303 325 2359 sed
356 2303 427 2357 ab
474 2302 598 2374 ipso
656 2301 896 2357 Domino
949 2301 1246 2358 Salvatore
1301 2307 1500 2359 nostro
1549 2304 1592 2338 9⁷
1640 2303 1858 2375 prima-

217 2396 346 2447 tum
378 2391 649 2460 obtinuit,
683 2396 738 2446 et
767 2390 1145 2446 eminentiam
1175 2392 1480 2463 potestatis
1521 2408 1697 2464 super
1734 2394 1860 2448 uni-

213 2496 416 2536 versas
449 2479 732 2536 Ecclesiae
762 2496 827 2535 ac
857 2485 1042 2535 totum
1069 2479 1382 2536 Christiani
1406 2481 1602 2554 populi
1624 2497 1858 2555 gregem

221 2573 493 2624 assecuta
521 2573 628 2636 est,
662 2568 814 2624 sicut
853 2569 976 2641 ipse
1029 2569 1094 2623 B.
1155 2569 1320 2624 Petro
1370 2571 1632 2642 apostolo
1676 2571 1858 2626 dixit:

226 2659 305 2713 Tu
334 2674 390 2713 es
418 2665 630 2724 Petrus,
656 2663 709 2713 et
735 2674 898 2729 super
928 2658 1070 2712 hanc
1124 2663 1346 2729 petram
1373 2659 1650 2730 aediﬁcabo
1679 2661 1859 2716 Eccle-

213 2749 364 2802 siam
392 2762 589 2818 meam,
621 2751 677 2801 et
693 2751 872 2818 portae
901 2747 1071 2818 inferi
1089 2762 1200 2802 non
1213 2748 1591 2818 prxvalebunt
1606 2748 1862 2805 adversus

215 2852 385 2892 eam:
416 2839 466 2891 et
491 2836 591 2890 tibi
617 2835 752 2890 dabo
781 2835 960 2890 claves
998 2837 1154 2906 regni
1181 2839 1464 2892 caelorum.
1499 2839 1565 2892 Et
1600 2854 1858 2910 quaecun-

218 2940 328 2997 que
381 2926 634 2996 ligaveris
672 2941 842 2996 super
869 2929 1094 2996 terram,
1118 2928 1277 2980 erunt
1299 2926 1532 2996 ligataet
1557 2929 1791 2983 inccelo:
1813 2935 1866 2983 et

219 3029 560 3087 quacunque
589 3015 812 3070 solveris
839 3029 1006 3083 super
1033 3020 1264 3081 terram,
1296 3025 1456 3071 erunt
1483 3015 1668 3071 soluta
1705 3026 1758 3074 et
1801 3018 1862 3071 in

219 3104 362 3159 ccelo
390 3103 454 3158 9⁸.
484 3102 760 3158 Adhibita
789 3107 876 3158 est
899 3102 1073 3159 etiam
1100 3103 1344 3160 societas
1394 3105 1454 3158 in
1493 3106 1694 3160 eadem
1746 3105 1862 3161 Ro-

223 3209 404 3248 mana
427 3192 568 3248 urbe
589 3191 916 3248 beatissimi
937 3192 1358 3263 apostoliPauli
1372 3193 1524 3249 vasis
1542 3193 1858 3266 electionis,

1967 1947 2040 2002 ad
2072 1963 2205 2002 eum
2227 1947 2416 2018 potior
2445 1964 2647 2004 eorum
2677 1948 3006 2005 sollicitudo
3027 1951 3361 2022 pertineret.
3389 1957 3430 1990 “
3458 1955 3608 2011 Nam

1966 2039 2024 2090 et
2053 2036 2203 2092 inter
2232 2037 2434 2094 beatos
2465 2038 2761 2110 apostolos
2791 2039 3058 2110 quaedam
3089 2039 3200 2096 fuit
3223 2042 3515 2100 discretio.
3539 2045 3610 2100 Et

1965 2123 2099 2180 licet
2127 2140 2331 2180 omnes
2364 2127 2405 2161 ¹²
2425 2130 2620 2182 essent
2646 2126 2912 2199 apostoli,
2944 2128 3110 2185 Petro
3139 2134 3333 2186 tamen
3366 2148 3400 2188 a
3418 2132 3610 2188 Domi-

1967 2230 2041 2269 no
2072 2218 2160 2268 est
2189 2230 2552 2283 concessum,
2584 2219 2641 2270 et
2668 2215 2780 2287 ipsi
2804 2216 2956 2272 inter
3000 2233 3061 2273 se
3109 2218 3368 2291 idipsum
3407 2220 3610 2277 volue-

1967 2307 2127 2372 runt,
2160 2306 2225 2357 ut
2255 2303 2496 2374 reliquis
2553 2305 2829 2361 omnibus
2877 2312 3154 2377 praeesset
3200 2309 3502 2381 apostolis,
3551 2315 3610 2367 et

1967 2389 2214 2462 Cephas,
2239 2390 2297 2445 id
2328 2394 2436 2455 est,
2469 2397 2643 2462 caput
2669 2395 2726 2447 et
2751 2392 2794 2428 ¹⁸
2815 2392 3171 2465 principium
3197 2398 3421 2450 teneret
3439 2412 3609 2467 apos-

1966 2479 2214 2545 tolatus;
2249 2480 2349 2550 qui
2381 2483 2438 2534 et
2469 2481 2733 2536 eamdem
2783 2481 3034 2537 formam
3086 2483 3212 2539 suis
3260 2485 3609 2541 successori-

1970 2568 2097 2634 bus,
2130 2575 2186 2624 et
2216 2569 2425 2639 reliqui
2457 2568 2707 2640 apostoli
2737 2570 3030 2642 episcopis
3059 2573 3372 2628 tenendam
3428 2574 3608 2629 tradi-

1968 2660 2196 2714 derunt.
2230 2660 2297 2713 Et
2325 2675 2440 2713 non
2471 2657 2661 2713 solum
2693 2658 2801 2714 hoc
2831 2659 2890 2714 in
2922 2677 3069 2716 novo
3127 2665 3474 2718 testamento
3523 2668 3611 2720 est

1968 2748 2372 2817 constitutum,
2405 2747 2508 2802 sed
2540 2749 2714 2802 etiam
2746 2747 2805 2802 in
2835 2749 3013 2803 veteri
3055 2749 3184 2806 fuit.
3232 2750 3419 2817 Unde,
3466 2751 3609 2806 scri-

1968 2842 2134 2910 ptum
2162 2840 2273 2906 est,
2303 2836 2503 2908 Moyses
2530 2843 2582 2892 et
2610 2837 2788 2892 Aaron
2816 2838 2878 2891 in
2901 2837 3272 2894 sacerdotibus
3301 2840 3420 2910 ejus
3444 2840 3508 2908 υ,
3548 2840 3607 2894 id

1967 2929 2056 2982 est
2088 2925 2260 2998 primi
2293 2924 2444 2980 inter
2480 2941 2578 2980 eos
2609 2925 2863 2982 fuerunt.
2896 2926 2964 2980 Et
3003 2927 3270 2997 quamvis
3325 2927 3407 2983 ita
3454 2927 3607 2984 ordi-

1969 3017 2172 3070 natum
2206 3012 2394 3080 fuerit,
2429 3029 2598 3070 nemo
2628 3018 2823 3070 tamen
2843 3015 2998 3085 quod
3021 3032 3196 3072 suum
3226 3019 3332 3084 est,
3363 3020 3606 3087 quaerat,
3648 3013 3663 3027 '

1969 3104 2070 3159 sed
2103 3103 2258 3174 quod
2290 3101 2548 3158 alterius.
2581 3103 2745 3158 Unde
2776 3103 2856 3158 ait
2892 3103 3099 3160 beatus
3129 3105 3428 3177 apostolus
3457 3106 3609 3162 Pau-

1969 3191 2102 3247 lus:
2138 3193 2512 3263 Unusquisque
2533 3192 2749 3263 placeat
2774 3192 3022 3264 proximo
3047 3209 3142 3249 suo
3187 3196 3247 3248 in
3296 3195 3494 3250 bonum
3539 3195 3610 3251 ad

224 3280 332 3353 qui
360 3297 475 3336 uno
506 3281 616 3347 die,
651 3297 765 3336 uno
797 3258 1027 3352 quoque
1066 3285 1346 3353 tempore,
1379 3281 1632 3353 gloriosa
1678 3258 1863 3339 morte
1892 3258 1935 3326 α
1971 3258 2388 3351 κάίᾑσαίὶοπέτη
2414 3258 2477 3336 ἶδ.
2533 3258 2607 3335 Εἰς
2663 3258 2816 3336 sicut
2869 3281 2995 3352 ipse
3051 3281 3311 3339 Salvator
3360 3284 3484 3340 suis
3531 3283 3614 3340 ait

225 3386 363 3425 cum
396 3369 581 3440 Petro,
613 3369 720 3425 sub
753 3368 1012 3440 principe
1043 3369 1267 3426 Nerone
1319 3370 1652 3441 agonizans,
1702 3386 1865 3426 coro-

224 3462 404 3513 natus
436 3461 546 3528 est,
580 3461 636 3513 et
665 3458 835 3513 ambo
862 3460 1124 3513 sanctam
1183 3458 1503 3514 Romanam
1552 3458 1866 3515 Eoclesiam

225 3551 666 3611 consecrarunt,
707 3545 956 3617 aliisque
987 3547 1263 3603 omnibus
1303 3547 1550 3603 urbibus
1599 3547 1867 3604 universo

229 3637 454 3691 mundo
485 3652 611 3692 eam
643 3653 752 3691 sua
782 3636 1093 3707 praesentia
1115 3639 1288 3707 atque
1310 3637 1638 3692 venerando
1669 3636 1873 3692 trium-

227 3724 348 3796 pho
378 3723 784 3795 praetulerunt.
826 3724 870 3760 99
899 3725 967 3779 Et
997 3723 1130 3779 licet
1159 3741 1261 3796 pro
1311 3725 1586 3780 omnibus
1635 3725 1872 3780 assidua

231 3813 389 3884 apud
420 3813 602 3869 Deum
633 3813 898 3868 omnium
928 3817 1263 3868 sanctorum
1302 3813 1637 3869 effundatur
1666 3813 1870 3882 oratio,

231 3902 331 3957 his
358 3906 554 3958 tamen
585 3902 778 3957 verbis
807 3901 1022 3957 Paulus
1045 3901 1422 3958 beatissimus
1443 3902 1741 3973 apostolus
1760 3901 1872 3957 Ro-

234 3991 431 4046 manis
462 3991 693 4064 proprio
726 3990 1108 4062 chirographo
1141 3989 1464 4062 pollicetur,
1497 3990 1732 4047 dicens:
1784 3992 1876 4046 Te-

233 4083 341 4136 stis
368 4081 518 4135 enim
546 4088 624 4135 est
647 4079 794 4135 mihi
820 4084 983 4148 Deus,
1008 4081 1100 4135 cui
1125 4082 1299 4136 servio
1329 4082 1390 4135 in
1417 4081 1622 4152 spiritu
1658 4096 1776 4136 meo
1816 4081 1878 4134 in

233 4170 533 4241 Evangelia
561 4169 693 4224 Filii
722 4169 861 4240 ejus,
890 4168 1029 4240 quod
1074 4170 1193 4224 sine
1237 4171 1644 4226 intermissione
1682 4183 1880 4225 memo-

235 4259 386 4314 riam
413 4259 584 4314 vestri
609 4259 758 4329 facio
785 4273 996 4329 semper
1022 4259 1085 4312 in
1113 4258 1456 4314 orationibus
1481 4259 1616 4314 meis
1647 4258 1733 4314 ¹⁰⁰.

315 4350 331 4383 ¹
364 4346 562 4403 Prima
591 4346 612 4380 ³
642 4362 776 4418 ergo
807 4346 974 4402 sedes
1005 4349 1095 4402 est
1122 4345 1340 4402 caelesti
1368 4346 1647 4403 beneficio
1669 4346 1878 4402 Roma-

238 4453 328 4492 na
357 4434 628 4491 Ecclesia:
662 4451 840 4507 quam
879 4438 969 4505 (ut
1015 4439 1404 4492 memoratum
1455 4436 1564 4506 est)
1611 4434 1881 4491 beatissi-

238 4523 324 4580 mi
353 4528 559 4579 Petrus
587 4529 644 4580 et
673 4522 888 4579 Paulus
948 4541 1054 4580 suo
1112 4524 1390 4596 martyrio
1444 4525 1879 4580 consecrarunt.

1975 3368 2315 3441 discipulis:
2351 3369 2456 3437 Qui
2482 3374 2664 3437 major
2691 3377 2768 3424 est
2796 3374 3060 3440 vestrum,
3089 3370 3197 3425 erit
3223 3372 3479 3426 minister
3522 3386 3613 3427 ve-

1974 3468 2090 3515 ster
2120 3459 2183 3526 ¹⁶,
2211 3462 2267 3514 et
2289 3456 2534 3529 reliqua.
2569 3458 2637 3512 Et
2665 3456 2799 3513 licet
2850 3474 3026 3529 super
3067 3458 3161 3514 his
3211 3458 3409 3530 aliqua
3461 3459 3619 3514 dicta

1977 3546 2212 3613 fuerint,
2246 3549 2568 3617 repetentes
2600 3549 2797 3602 tamen
2829 3546 3064 3617 saepius,
3106 3547 3517 3614 admonemus,
3549 3551 3616 3602 ut

1979 3651 2211 3706 semper
2240 3634 2300 3688 in
2332 3634 2606 3689 omnibus
2637 3638 2694 3688 et
2724 3634 2796 3689 ab
2827 3633 3101 3689 omnibus
3131 3634 3392 3690 vitentur
3421 3634 3622 3690 elatio-

1980 3741 2083 3780 nes
2114 3723 2329 3779 mentis
2358 3727 2415 3778 et
2439 3721 2720 3794 corporis.
2755 3723 2823 3778 Et
2845 3725 3061 3794 quanto
3088 3713 3277 3794 major
3299 3724 3619 3793 unusquis-

1980 3829 2092 3882 que
2118 3812 2346 3868 videtur
2373 3827 2522 3879 esse,
2556 3815 2718 3866 tanto
2750 3809 3139 3879 sithumilior,
3165 3812 3319 3867 sicut
3336 3812 3621 3868 Dominus

1979 3901 2236 3957 Salvator
2265 3903 2461 3955 noster
2487 3915 2598 3955 non
2624 3901 2777 3956 venit
2820 3900 3154 3966 ministrari,
3199 3900 3291 3956 sed
3337 3902 3622 3956 ministra-

1982 4006 2041 4045 re
2072 3990 2114 4026 ¹⁷
2145 3990 2232 4043 Et:
2260 3990 2313 4043 si
2339 3989 2512 4059 frater
2540 3988 2744 4059 aliquis
2768 3996 3178 4060 praeoccupatus
3207 3991 3376 4060 fuerit
3405 3991 3467 4044 in
3514 3989 3624 4044 ali-

1983 4094 2086 4150 quo
2109 4078 2324 4145 delicto,
2355 4093 2465 4147 vos,
2499 4079 2595 4149 qui
2635 4078 2958 4149 spirituales
3003 4079 3152 4147 estis,
3203 4080 3462 4135 instruite
3499 4094 3626 4134 eum

1985 4168 2047 4223 in
2073 4169 2271 4239 spiritu
2302 4167 2546 4223 lenitatis
2576 4166 2619 4202 ¹⁸

2757 4308 2850 4365 1V.

2063 4399 2126 4456 Ut
2153 4399 2501 4473 difﬁciliores
2528 4410 2713 4456 causae
2745 4397 2826 4523 adt
2857 4396 3040 4454 sedem
3082 4397 3440 4468 apostolicam
3482 4401 3627 4472 refe-

2698 4485 2801 4523 ran
2833 4486 2918 4523 ur.

2698 4485 2918 4524 rantur.

239 4613 428 4669 Roma
448 4628 573 4684 quae
588 4611 750 4684 prius
770 4616 894 4667 erat
913 4610 1595 4669 cacodmmonisartificio
1616 4611 1880 4668 omnium
1908 4619 1956 4685 D
2059 4613 2104 4649 ιθ
2123 4610 2184 4668 Si
2215 4628 2340 4682 quas
2368 4626 2500 4667 vero
2531 4626 2718 4666 causae
2743 4610 3103 4666 difﬁciliores
3126 4611 3172 4647 ³ο
3201 4611 3354 4666 inter
3380 4626 3480 4667 vos
3529 4627 3628 4667 or-

239 4717 506 4758 errorum
538 4704 724 4756 mater
753 4701 774 4734 ⁴
805 4703 862 4755 et
891 4700 1083 4769 altrix,
1113 4703 1373 4757 excussis
1401 4699 1675 4770 tenebris,
1707 4703 1763 4756 et
1782 4717 1882 4756 va-
1989 4704 2060 4756 tte
2090 4699 2324 4767 fuerint,
2356 4701 2426 4755 ad
2446 4699 2622 4770 hujus
2643 4702 2855 4754 sanctas
2878 4699 3035 4754 sedis
3067 4698 3288 4771 apicem
3313 4715 3430 4767 eas,
3455 4699 3627 4770 quasi

240 4789 336 4846 nis
369 4789 854 4862 superstitionum
884 4788 1095 4845 ritibus
1144 4789 1407 4860 abjectis,
1454 4788 1709 4844 ﬁliorum
1758 4788 1885 4857 Dei,
1995 4788 2066 4844 ad
2093 4792 2284 4860 caput,
2308 4787 2616 4856 referte,ut
2632 4785 2948 4858 apostolico
2971 4787 3358 4843 terminentur
3369 4786 3623 4858 judicio:

242 4883 441 4936 exorto
489 4877 890 4950 solejustitiai,
922 4878 1074 4935 facta
1103 4883 1192 4936 est
1221 4879 1455 4950 copiosa
1493 4871 1882 4954 propagatrix.
1996 4875 2135 4948 quia
2164 4876 2248 4933 sic
2280 4876 2588 4934 Dominum
2616 4873 2783 4942 velle,
2816 4876 2886 4931 ab
2918 4890 3101 4948 eoque
3131 4875 3214 4932 ita
3249 4875 3632 4932 constitutum

321 5147 367 5180 9‘
394 5162 506 5202 ms.
532 5148 850 5218 primatem.
883 5147 1066 5203 Hnno.
1127 5147 1169 5182 9“
1200 5145 1336 5203 Isid.
1369 5146 1626 5218 Etymols
1647 5161 1743 5213 vn,
1776 5146 1862 5200 12.
1912 5144 2337 5218 “,Bincmarus
2367 5142 2526 5197 citat.
2563 5143 2788 5218 σιμ-24
2823 5143 2894 5198 De
2892 5141 3404 5218 frzdestinatione
3441 5159 3497 5218 p_.
3535 5143 3625 5199 151

248 5223 395 5290 tom.
430 5219 472 5289 Ι,
504 5213 561 5274 et
590 5235 720 5290 pag.
753 5220 894 5287 li29;
925 5223 1067 5290 tom.
1102 5217 1169 5290 II,
1203 5213 1573 5290 cap.715,_op.
1607 5217 1699 5271 Lr.
1769 5233 1892 5290 qq.,
1929 5215 2084 5290 dist.
2109 5219 2224 5290 22,
2276 5214 2640 5290 Sacrosancta
2686 5213 2837 5290 Ro_m:
2892 5213 2961 5290 Et
3007 5214 3066 5290 in
3114 5213 3268 5267 Decr.
3323 5213 3502 5290 Ivo.’l.
3547 5230 3630 5279 iv,

247 5291 291 5325 97
327 5284 497 5344 Cone.
544 5284 711 5346 Rom.
766 5284 890 5346 sub
934 5284 1182 5345 Gelasio.
1257 5284 1300 5323 9'3
1330 5284 1537 5344 Matth:
1596 5304 1710 5356 xvr,
1774 5284 1859 5352 {8,
1918 5287 2006 5341 19.
2081 5287 2126 5324 9°
2180 5287 2462 5341 hactenus
2510 5285 2685 5356 verba
2742 5284 2954 5356 Gelasii
3014 5284 3289 5356 iniconc.
3350 5285 3630 5356 Romano.

251 5360 520 5432 '°°,Rom.
554 5378 593 5431 ι,
623 5363 678 5432 9,
714 5363 800 5416 10.
880 5364 897 5398 ¹
931 5361 1003 5416 ab
1034 5360 1128 5415 his
1156 5360 1580 5432 verbisﬁusque
1611 5354 1961 5432 adLsecunda
2003 5361 2184 5432 autem
2209 5358 2446 5432 desunt
2491 5354 2693 5432 omnia
2742 5355 2802 5432 in
2835 5360 2967 5410 Luc.
3018 5355 3065 5432 _9
3095 5355 3248 5432 idem
3303 5355 3634 5432 conc_.___sub

247 5431 503 5507 Gelasio.
579 5425 603 5466 3
633 5425 744 5489 ms.
776 5436 1026 5507 Romana
1053 5433 1314 5488 Ecclesia.
1346 5425 1575 5507 Hann.“
1608 5431 1628 5464 ⁴
1661 5430 1874 5486 absunt
1904 5447 1938 5485 a
1967 5446 2078 5485 ms.
2101 5501 2120 5507 _
2155 5428 2176 5463 ⁸
2205 5429 2358 5507 idem
2388 5444 2567 5507 conc:_
2615 5428 2641 5507 .6
2667 5426 2947 5507 amarius.
2979 5429 3036 5481 et
3064 5431 3194 5507 post
3209 5426 3365 5507 hunc
3385 5425 3632 5507 Abilius.

246 5505 458 5586 lidenm
493 5521 652 5560 conc.
788 5504 1142 5586 Zacchaaung,
1179 5500 1870 5586 postea_Evodium,npost
1896 5518 2066 5573 quem
2101 5500 2416 5586 Egnatium.
2463 5500 2483 5532 θ
2682 5500 2772 5564 22,
2805 5498 3154 5586 Sacros‘anetq
3175 5499 3351 5586 “Rom.
3430 5498 3633 5586 ¹⁰ΙίῗαηΖ

247 5578 351 5646 ΑΡ·
386 5576 476 5642 35,
509 5592 571 5630 ex
604 5577 864 5632 versione
897 5577 1060 5647 Dion.
1093 5568 1556 5647 Exigui‘oitatur.
1581 5643 1612 5647 _
1638 5568 1764 5647 “S.
1828 5574 1863 5628 L

1980 5590 2052 5647 ep
2105 5568 2301 5647 εἵη-ο.
2363 5571 2451 5624 11.
2539 5570 3023 5647 ’ἱμανςδηεξξςηιο
3104 5568 3286 5647 ¹³εὲιῖο
3333 5570 3638 5647 εῑὶιέίνμβδ

251 5639 660 5722 1130996912-
693 5648 862 5722 (μιαθὶ
890 5645 997 5722 ἀπὸ
1032 5639 1437 5722 saevam.
1504 5644 1548 5678 ”
1579 5643 1733 5722 P981.
1780 5661 1863 5722 ξω

1974 5639 2117 5722 .13.-
2159 5642 2204 5722 ἐξ
2230 5642 2401 5697 Rom.
2454 5656 2526 5722 xv
2705 5639 2751 5722 ff
2771 5639 2976 5722 Matth.
3026 5639 3288 5709 xxul,ll.
3369 5639 3636 5701 "Matth,

247 5735 347 5788 xx,
374 5718 468 5774 28.
517 5709 589 5756 ἰδ
617 5709 771 5790 Psal,
802 5736 879 5788 vx,
912 5720 965 5778 1.
1042 5709 1250 5775 is"dist'.
1278 5709 1368 5773 22.
1400 5715 1754 5777 Sacrosancta
1780 5717 1934 5777 Rom.
1962 5709 1970 5712 ⁷
2010 5715 2056 5753 ²⁰
2086 5713 2140 5773 S.
2173 5714 2307 5783 Leo,
2341 5727 2434 5792 ep.
2463 5710 2555 5786 84,
2588 5709 2765 5784 Vigil.
2795 5727 2888 5785 ep.
2913 5711 2970 5770 2.
