4038 6210
557 387 677 447 8ιῦ

1923 386 2313 449 ANACLBTI
2356 388 2455 449 PA
2467 389 2592 450 PIE

558 534 708 586 esse,
739 516 1048 575 antedictis
1092 517 1444 573 testimoniis
1495 517 1844 575 declaratur.
1891 522 2023 574 Haec
2065 534 2199 575 vero
2224 518 2282 586 Α
2311 525 2537 589 cusent,
2571 525 2635 578 ut
2663 523 2709 557 ³⁵
2738 523 3029 596 (plebibus
3058 524 3553 600 languescentibus
3577 532 3734 601 “,vel
3756 535 3887 592 mala

560 606 877 679 apostolica
906 608 1077 663 sedes
1097 607 1269 663 cardo
1291 611 1348 663 et
1371 608 1637 679 caput(ut
1658 610 1996 679 praetectum
2018 609 2063 645 ²ί
2086 612 2199 675 est,

560 697 823 754 omnium
852 696 1265 767 Ecclesiarum,
1290 714 1324 752 a
1342 696 1609 763 Domino,
1628 702 1684 753 et
1715 715 1829 754 non
1853 698 1924 753 ab
1947 698 2080 766 alio,
2113 701 2204 753 est

560 787 897 844 constituta.
929 787 1000 843 Et
1028 786 1181 842 sicut
1199 786 1433 842 cardine
1463 787 1679 842 ostium
1702 786 1941 858 regitur.
1973 786 2058 841 sic
2088 786 2199 841 hu-

552 877 657 948 jus
686 880 899 932 sanctae
930 876 1086 932 sedis
1117 876 1460 933 auctoritate
1502 892 1706 932 omnes
1748 874 2036 943 Ecclesiae,
2087 874 2199 931 Do-

560 964 720 1022 mino
749 964 1113 1037 disponente,
1146 967 1449 1036 reguntur.

556 1168 679 1223 Non
706 1162 1070 1221 admittendos
1106 1162 1175 1217 ad
1225 1163 1623 1217 accusationem
1674 1162 1790 1215 sive
1836 1160 1906 1214 ad
1951 1160 2197 1215 testimo-

556 1238 715 1292 nium
743 1253 837 1309 qui
856 1239 1021 1291 antea
1048 1236 1267 1289 inimici
1275 1236 1524 1305 fuerunt,
1553 1233 1683 1289 etde
1705 1240 1945 1288 extremo
1955 1230 2191 1303 judicio.

626 1342 673 1377 ²²
702 1344 1083 1399 Accusatores
1114 1344 1309 1397 autem
1341 1343 1399 1395 et
1422 1342 1601 1395 testes
1630 1354 1759 1395 esse
1787 1354 1901 1393 non
1925 1340 2193 1410 possunt,

558 1431 657 1504 qui
688 1436 820 1488 ante
848 1431 1186 1488 hesternum
1207 1429 1363 1485 diem
1395 1432 1494 1484 aut
1511 1427 1725 1484 nudius
1746 1427 1951 1483 tertius
1971 1426 2195 1482 inimici

557 1522 812 1589 fuerunt,
846 1537 920 1576 ne
949 1519 1104 1592 irati,
1135 1534 1341 1575 nocere
1360 1516 1615 1589 cupiant,
1629 1517 1717 1573 vel
1736 1516 1878 1585 Imsi,
1910 1532 1973 1572 se
1994 1515 2195 1573 ulcisci

555 1609 804 1666 velint.”
830 1609 1198 1665 Innoﬁ‘ensus
1226 1607 1407 1681 igitur
1436 1610 1843 1662 accusatorum
1874 1608 1931 1660 et
1950 1605 2193 1661 testium

557 1700 797 1757 affectus
827 1697 1175 1770 quaerendus
1202 1702 1311 1765 est,
1342 1700 1399 1754 et
1428 1712 1544 1753 non
1580 1698 1907 1769 suspectus.
1942 1693 2193 1750 Causam

557 1788 712 1844 enim
752 1791 1009 1845 vestram
1058 1786 1245 1843 alieno
1296 1784 1475 1841 nolite
1520 1784 1885 1841 committere
1925 1782 2189 1854 judicio:

553 1875 723 1933 valde
747 1876 905 1933 enim
925 1875 1197 1947 iniquum
1229 1878 1339 1944 est,
1368 1878 1434 1930 ut
1463 1873 1699 1930 omissis
1728 1872 1875 1939 suis,
1916 1871 2014 1927 alii
2063 1871 2192 1943 qui-
2221 1893 2271 1960 Β

554 1965 698 2023 libet
718 1966 966 2023 aliorum
983 1980 1045 2021 se
1061 1963 1253 2021 causis
1271 1963 1645 2019 immisceant
1670 1988 1685 2031 ;
1709 1962 1985 2033 quoniam
2010 1958 2190 2017 nullis

554 2056 616 2112 in
647 2055 789 2113 locis
810 2054 1135 2130 spiritualis
1157 2054 1205 2089 ³³
1227 2070 1367 2110 cura
1393 2052 1612 2120 deficit,
1643 2052 1743 2108 sed
1765 2067 1827 2107 se
1850 2066 1951 2124 per
1973 2050 2189 2120 omnia,

552 2161 903 2218 quocunque
930 2160 1143 2200 nomen
1175 2142 1275 2199 Dei
1318 2142 1685 2215 praedicatur,
1733 2140 2007 2197 extendit.
2057 2140 2191 2196 Stu-

552 2235 809 2293 dendum
834 2238 923 2290 est
952 2233 1248 2300 omnibus,
1280 2247 1352 2288 ne
1384 2232 1471 2303 (ut
1498 2231 1656 2301 sunt)
1703 2229 2102 2285 aemulationes
2148 2229 2193 2264 ²⁴

551 2324 741 2393 malae,
789 2324 891 2380 sed
942 2324 1050 2397 piae
1107 2322 1225 2378 sint
1253 2321 1404 2377 inter
1430 2337 1532 2376 vos
1561 2320 1926 2387 dilectiones;
1962 2320 2101 2391 quia
2130 2319 2189 2374 in

551 2413 662 2471 hoc
689 2430 792 2470 vos
823 2428 1025 2470 omnes
1055 2412 1274 2467 Domini
1302 2410 1597 2482 discipulos
1634 2424 1762 2465 esse
1808 2424 1973 2464 veros
2019 2423 2189 2464 nove-

553 2502 700 2572 ritis,
732 2504 784 2558 si
809 2502 1163 2558 dilectionem
1191 2499 1490 2556 habueritis
1518 2498 1586 2554 ad
1616 2500 1866 2554 invicem.
1902 2498 1983 2552 Ex
2031 2495 2190 2552 omni

552 2607 689 2665 ergo
744 2606 954 2665 genere
1008 2589 1297 2664 plurimos
1342 2588 1497 2644 Deus
1544 2588 1822 2660 dignatur
1876 2586 2187 2655 attrahere,

553 2696 702 2753 quos
730 2680 775 2713 ³⁵
803 2682 999 2737 erutos
1027 2678 1097 2733 de
1125 2680 1412 2749 potestate
1440 2676 1834 2748 tenebrarum,
1875 2676 2193 2731 transferat

552 2770 613 2825 in
642 2784 889 2841 regnum
922 2767 1051 2823 Filii
1071 2765 1373 2823 charitatis
1402 2782 1542 2835 sum,
1565 2770 1621 2820 et
1640 2766 1711 2820 de
1730 2765 1994 2822 vasisirae
2018 2764 2192 2821 faciat

550 2874 687 2914 vasa
744 2855 1175 2913 misericordiae.
1223 2855 1389 2909 Unde
1436 2854 1605 2909 nobis
1657 2870 2026 2926 summopere
2072 2860 2191 2910 stu-

552 2947 809 3003 dendum
850 2948 957 3013 est,
1010 2948 1075 3000 ut
1122 2946 1522 3015 cooperatores
1575 2942 1763 2997 simus
1810 2943 2008 3014 gratias
2056 2943 2186 3013 Dei;

551 3035 691 3111 quia
720 3035 791 3090 ad
824 3034 931 3090 hoc
962 3032 1147 3088 vocati
1180 3048 1409 3100 sumus,
1440 3031 1687 3103 ejusque
1716 3030 1990 3087 familiari
2015 3030 2188 3088 collo-

551 3124 689 3197 quio
721 3122 947 3189 sociati,
988 3125 1045 3178 et
1095 3122 1424 3177 sacerdotes
1474 3118 1707 3189 sacrati,
1749 3124 1815 3175 ut
1861 3121 2189 3177 fructuosos

547 3211 637 3268 illi
668 3210 1001 3284 manipulos
1030 3212 1414 3282 reportemus,
1448 3212 1793 3281 cooperante
1821 3208 2010 3280 gratia
2038 3210 2186 3281 ejus.

550 3300 596 3335 ³⁸
624 3300 869 3357 Necesse
899 3303 989 3356 est
1018 3299 1196 3365 enim,
1225 3302 1292 3353 ut
1311 3301 1561 3354 rectores
1590 3316 1625 3353 a
1656 3298 1908 3354 subditis
1937 3298 2185 3354 timean-

549 3394 665 3460 tur,
698 3390 769 3446 ab
799 3389 1060 3463 ipsisque
1091 3387 1474 3460 corrigantur,
1507 3391 1572 3442 ut
1603 3387 1861 3443 humana
1879 3387 2188 3443 formidine

551 3496 789 3553 peccare
817 3480 1100 3548 metuant,
1134 3476 1233 3549 qui
1262 3476 1454 3531 divina
1475 3476 1700 3546 judicia
1715 3492 1831 3532 non
1849 3476 2185 3533 formidant.

552 3571 597 3604 ²⁷
625 3568 953 3626 Deteriores
982 3567 1196 3639 quippe
1225 3568 1385 3634 sunt,
1406 3565 1508 3637 qui
1535 3566 1836 3621 doctorum
1856 3566 2037 3622 vitam
2067 3582 2189 3622 mo-

553 3674 761 3731 resque
790 3659 1189 3728 corrumpunt,
1244 3653 1339 3711 his
1388 3654 1488 3726 qui
1537 3654 1896 3710 substantias
1937 3655 2184 3713 aliorum

544 3747 878 3821 praediaque
902 3746 948 3781 2'
978 3743 1279 3816 diripiunt.
1316 3743 1432 3816 Ipsi
1461 3742 1617 3798 enim
1648 3743 1695 3778 ²⁹
1741 3760 1810 3799 ea
1854 3760 1980 3816 qua:
2024 3749 2185 3802 extra

545 3852 675 3894 nos.
706 3834 841 3890 licet
869 3836 1070 3889 nostra
1101 3836 1258 3902 sunt,
1308 3832 1620 3887 auferunt:
1680 3831 1866 3888 nostri
1912 3837 2106 3889 autem
2137 3834 2183 3869 ³⁰

540 3925 915 3989 detractores,
943 3924 1001 3977 et
1032 3936 1262 3977 morum
1285 3924 1654 3992 corruptores
1684 3925 2040 3991 nostrorum,
2060 3922 2180 3979 sive

543 4012 644 4084 qui
674 4012 953 4067 adversus
984 4025 1090 4065 nos
1119 4012 1446 4078 armantur,
1471 4008 1703 4080 proprie
1751 4025 1857 4066 nos
1888 4009 2047 4082 ipsos
2076 4011 2178 4067 de-

540 4103 787 4173 cerpunt
813 4101 882 4154 3i.
910 4100 979 4155 Et
1007 4099 1135 4155 ideo
1160 4099 1318 4169 juste
1339 4097 1587 4153 infames
1613 4102 1773 4164 sunt,
1794 4102 1852 4154 et
1871 4099 2079 4155 merito
2102 4100 2174 4155 ab

538 4188 792 4245 Ecclesia
821 4190 1077 4244 extorres
1106 4186 1273 4241 ﬁunt.
1304 4186 1349 4221 ³²
1377 4189 1487 4241 Pro
1516 4186 1740 4242 meritis
1770 4203 1906 4260 ergo
1963 4187 2170 4261 plebis,

538 4294 690 4350 saepe
719 4280 981 4349 pastores
1009 4276 1401 4347 depravantur
1430 4273 1717 4343 Ecclesiae,
1750 4280 1815 4330 ut
1858 4277 2172 4348 proclivius

533 4370 810 4424 corruant
866 4365 966 4437 qui
1022 4368 1328 4436 sequntur.
1376 4363 1575 4437 Capite
1620 4364 1887 4421 videlicet
1930 4364 2169 4439 langue-

530 4454 983 4523 scente,faoilius
1003 4454 1229 4525 reliqua
1248 4453 1511 4509 membra
1530 4454 1788 4525 corporis
1804 4454 2164 4526 inﬁciuntur,

528 4551 594 4602 ut
623 4546 907 4618 scriptum
940 4547 1061 4599 est:
1106 4543 1273 4598 Omne
1321 4547 1486 4614 caput
1530 4542 1872 4614 languidum,
1908 4552 1959 4599 et
2003 4561 2165 4601 omne

525 4651 621 4693 cor
646 4650 899 4693 mens.
924 4634 963 4688 A
993 4633 1189 4703 planta
1216 4632 1367 4704 pedis
1396 4648 1565 4703 usque
1593 4632 1673 4688 ad
1700 4635 1959 4688 verticem
2013 4637 2163 4707 capi-

527 4728 618 4793 tis,
648 4740 762 4781 non
789 4728 868 4780 est
898 4724 958 4778 in
984 4738 1045 4779 eo
1075 4724 1285 4777 sanitas
1310 4722 1354 4755 ³³
1383 4722 1745 4793 Quapropter
1785 4723 2160 4780 manifestum

525 4818 631 4881 est,
665 4812 963 4869 diabolum
994 4813 1091 4883 qui
1118 4813 1257 4865 sicut
1287 4812 1367 4867 leo
1405 4812 1627 4881 rugiens
1676 4812 1876 4866 circuit
1916 4829 2161 4883 quaerens

521 4918 679 4972 quem
703 4903 878 4973 possit
900 4901 1162 4957 devorare
1192 4900 1257 4970 3‘)
1289 4899 1563 4955 cordibus
1594 4898 1852 4971 plebium
1892 4903 2156 4974 suadere,

521 4994 589 5047 ut
616 4990 880 5047 doctores
905 4994 1077 5062 atque
1106 4993 1368 5061 pastores
1398 5004 1537 5044 suos
1566 4988 2021 5048 detractionibus
2063 5008 2157 5047 ac-

590 5236 633 5270 ²¹
668 5251 779 5314 ms.
811 5235 1044 5314 factum,
1077 5230 1221 5314 forte
1253 5230 1556 5314 familiast
1574 5230 1658 5314 ab
1698 5248 1763 5288 eo
1786 5233 2009 5314 absunt
2043 5233 2170 5288 duas
2225 5232 2537 5314 sequentes
2594 5244 2762 5285 voces
2806 5230 3072 5314 omnium“
3104 5228 3479 5314 Εςέειεεςίαιηιιιξζ

516 5295 867 5362 Accusatores
896 5295 1077 5360 autem
1102 5310 1153 5356 et
1182 5295 1356 5356 testes.
1390 5301 1457 5355 Et
1476 5300 1534 5355 in
1572 5306 1723 5358 Decr.
1786 5303 1901 5361 Ivo.
1936 5303 2038 5359 lib.
2090 5321 2163 5359 IV.

2306 5295 2369 5359 Β.
2408 5301 2608 5356 Ambr.
2667 5317 2758 5372 ep.
2803 5300 2891 5356 64.
2968 5302 3013 5337 ⁸³
3040 5302 3094 5357 S.
3154 5298 3296 5355 Ccel.
3332 5312 3419 5368 ep.
3449 5295 3500 5347 2.

516 5377 909 5457 nonpaemulﬁaﬁt.
1063 5373 1221 5428 Idem
1252 5389 1320 5457 ep
1353 5373 1394 5427 Ι.
1430 5388 1477 5427 c.
1502 5372 1600 5457 1.
1680 5375 1724 5409 ²⁶
1755 5374 1816 5429 S.
1851 5374 2182 5457 Greg.n}_9as_t

2291 5392 2388 5457 λιι,
2428 5390 2478 5429 c.
2642 5372 2685 5407 ²⁷
2714 5388 2874 5457 v.1,iq'

514 5450 661 5505 Sent.
698 5467 781 5521 ιιι,
812 5448 900 5503 38.
976 5446 1024 5480 ³⁸
1052 5461 1161 5499 ms.
1220 5443 1422 5499 autem.
1500 5444 1545 5478 ³ο
1574 5460 1683 5500 ms.
1732 5443 1994 5529 guaque.’
2040 5446 2082 5481 ³¹
2135 5447 2182 5502 ἀι

515 5522 561 5556 ³³
594 5520 725 5573 Isai.
783 5538 822 5573 ι.
882 5518 936 5573 4.
964 5518 1017 5573 6.
1093 5516 1139 5551 ⁸⁵
1171 5519 1195 5569 Ι
1225 5520 1375 5570 Petr.
1402 5531 1458 5573 ν.
1488 5515 1540 5569 8.
1647 5517 1692 5550 ³⁵
1720 5523 1968 5573 irroaent
2005 5517 2111 5572 vel.

2291 5447 2413 5501 iunt
2472 5444 2639 5509 alias,
2698 5443 2810 5498 diri
2852 5445 2993 5499 iunt.
3068 5444 3116 5480 ³³
3140 5444 3195 5499 S.
3263 5443 3397 5496 Isid.
3443 5450 3515 5491 sei

2291 5517 2665 5573 anauenlibus.
2743 5459 2972 5571 "fdem
3032 5515 3170 5570 Isid.
3244 5505 3515 5573 “1|,q.7

515 5524 561 5556 ³³
594 5524 725 5577 Isai.
783 5538 822 5584 ι,
882 5524 936 5583 4,
964 5524 1017 5574 6.
1093 5524 1139 5551 ³⁵
1171 5524 1195 5569 I
1225 5524 1375 5570 Petr.
1402 5531 1458 5579 ν,
1488 5524 1540 5569 δ.
1647 5524 1968 5597 3firrogent
2005 5524 2111 5572 vel.
2187 5524 2231 5557 ⁸⁵
2263 5524 2665 5588 languentibus.
2743 5524 2783 5548 ³⁷
2816 5524 2972 5571 Idem
3032 5524 3170 5570 Isid.
3244 5524 3288 5547 "
3316 5527 3373 5577 ιι,
3493 5524 3533 5572 ’ρ
3584 5524 3767 5555 mw"

515 5591 698 5673 Citam.
778 5592 823 5626 3°
851 5589 995 5645 Gen.
1028 5604 1103 5643 ιιι.
1178 5588 1223 5623 ⁸ο
1256 5586 1317 5642 In
1339 5587 1494 5669 ρεστ.
1517 5586 1631 5642 Ivo.
1663 5586 1765 5642 11b.
1797 5604 1873 5643 ιν.
1905 5590 1947 5624 ὀι
1976 5588 2136 5645 Idem
2166 5589 2301 5671 Isid.
2379 5588 2425 5623 ⁴²
2459 5586 2615 5671 Psal.
2646 5602 2833 5656 LXXXI,
2994 5586 3039 5621 ⁴³
3064 5602 3212 5670 sxw,
3330 5582 3389 5665 3ζ
3425 5562 3767 5681 etum

516 5664 561 5688 ιιι
596 5664 704 5688 ἶιιαοι
773 5663 892 5688 0-...
924 5678 983 5688 η-
1047 5661 1106 5688 La
1278 5659 1435 5688 ἴπ-υηι
1493 5659 1511 5688 Α
1580 5659 1645 5688 ιιι-³
1704 5659 1973 5688 Ῐηηηι-η--νι
2062 5676 2126 5688 Α-
2180 5661 2655 5688 .-ιη-νι-Λδιιιιηκη
2700 5657 2890 5688 Dein-au
2968 5661 3022 5688 ιιι
3050 5659 3161 5688 δοκι
3209 5656 3246 5688 Ο
3336 5652 3383 5688 ρο
3412 5648 3650 5688 ιηδῼιίω.
3680 5635 3716 5688 ά

515 5522 561 5556 ³³
594 5520 725 5577 Isai.
768 5515 822 5584 ἰ,
882 5518 936 5583 4,
964 5518 1017 5574 6.
1093 5516 1139 5551 ⁸⁵
1171 5519 1195 5569 Ι
1225 5520 1375 5570 Petr.
1402 5531 1458 5579 ν,
1488 5515 1540 5569 8.

2309 610 2642 682 agentibus,
2676 628 2792 668 non
2812 614 3151 672 tenentibus
3180 617 3503 688 pastoribus
3524 619 3676 677 fresa
3690 627 3885 693 eorum)

2308 697 2638 768 lasciviant,
2670 705 2844 773 atque
2874 703 2933 757 in
2966 704 3088 760 ima
3116 710 3311 762 ruant.
3333 707 3377 743 ⁸’τ
3407 707 3640 766 Multum
3667 727 3788 768 vero
3812 710 3883 770 di-

2307 790 2467 843 stant
2494 788 2713 846 damna
2741 806 2975 847 morum
2999 807 3034 848 a
3049 793 3280 851 damnis
3292 812 3481 852 rerum
3500 799 3882 871 temporalium,

2307 892 2442 932 cum
2472 876 2587 934 ista
2614 882 2777 935 extra
2807 896 2913 936 nos
2944 880 3082 952 sint,
3114 882 3217 938 illa
3240 900 3373 941 vero
3401 884 3459 941 in
3488 887 3664 944 nobis.
3687 888 3729 924 ³⁸
3766 890 3882 946 Sen-

2305 964 2487 1021 tentia
2517 982 2748 1038 quoque
2776 966 2958 1025 Cham
2988 970 3093 1024 ﬁiii
3120 970 3241 1027 Noe
3273 973 3615 1031 damnantur
3640 977 3732 1048 qui
3773 993 3882 1034 suo-

2306 1070 2439 1109 rum
2463 1056 2767 1113 doctorum
2796 1058 2886 1113 vel
2925 1059 3370 1131 praepositorum
3400 1062 3623 1135 culpam
3648 1066 3880 1138 produnt,

2305 1159 2410 1198 ceu
2441 1142 2641 1213 Cbam,
2690 1145 2790 1217 qui
2834 1148 3017 1218 patris
3065 1149 3340 1219 pudenda
3383 1168 3496 1208 non
3537 1154 3760 1224 operuit,
3800 1157 3877 1212 sed

2306 1233 2494 1305 magis
2524 1233 2843 1291 deridenda
2870 1239 3217 1294 monstravit
3239 1240 3306 1295 ³ο.
3333 1241 3381 1277 ⁴⁰
3409 1241 3611 1298 Doctor
3627 1242 3877 1300 autede

2301 1326 2501 1393 pastor
2528 1321 2816 1391 Ecclesia,
2844 1325 2894 1381 si
2923 1342 2958 1381 a
2986 1327 3101 1383 ﬁde
3130 1327 3547 1401 exorbitaverit,
3577 1332 3679 1388 erit
3714 1348 3747 1387 a
3768 1332 3877 1387 fide-

2302 1409 2458 1467 libus
2487 1412 2902 1485 corrigendus:
2935 1415 3035 1471 sed
3065 1432 3168 1488 pro
3188 1418 3450 1490 reprobis
3469 1419 3713 1477 moribus
3728 1422 3875 1494 magis

2300 1502 2390 1554 est
2415 1498 2773 1568 tolerandas,
2787 1517 2966 1573 quam
2988 1503 3352 1578 distringend
3362 1524 3451 1580 us,
3468 1508 3602 1580 quia
3612 1510 3655 1546 ⁴¹
3676 1514 3873 1567 lectores

2302 1587 2569 1645 Ecclesia
2599 1606 2634 1645 a
2660 1589 2777 1647 Deo
2800 1592 3107 1662 judicandj
3136 1599 3300 1664 sunt,
3321 1596 3472 1653 sicut
3500 1597 3581 1654 ait
3604 1598 3871 1672 propheta:

2298 1679 2442 1735 Deus
2480 1681 2634 1735 stetit
2661 1681 2723 1735 in
2775 1680 3072 1754 Synagoga
3123 1683 3377 1757 deorum,
3416 1688 3478 1743 in
3529 1687 3693 1745 medie
3728 1693 3869 1745 alia

2300 1766 2423 1824 deos
2449 1767 2716 1840 dijudicat
2744 1769 2810 1825 “.
2844 1771 3011 1828 Unde
3038 1776 3269 1845 oportet
3294 1790 3747 1850 unumquemque
3768 1776 3870 1833 fids-

2300 1855 2438 1925 lem,
2471 1856 2520 1912 si
2548 1856 2757 1914 viderit
2783 1862 2884 1914 aut
2914 1862 3248 1934 cognoverit
3275 1862 3475 1936 plebes
3503 1866 3753 1923 adversus
3786 1882 3866 1938 pr

2300 1949 2518 2002 storem
2549 1963 2725 2002 suum
2746 1950 3091 2019 tumescere,
3125 1954 3229 2007 aut
3246 1956 3448 2010 contra
3474 1953 3676 2012 clerum
3718 1954 3864 2011 deti-a-

2300 2035 2590 2092 ctionibus
2616 2050 2841 2104 vacare,
2872 2036 2983 2093 hoc
3002 2036 3210 2095 vitium
3229 2056 3337 2112 pro
3356 2041 3572 2099 viribus
3589 2042 3862 2116 exstirpare,

2298 2124 2731 2196 prudenterque
2762 2126 3046 2198 corrigere
3073 2131 3326 2201 satagat.
3357 2130 3472 2187 Nec
3500 2132 3657 2188 eisin
3675 2132 3862 2205 quibus-

2298 2230 2531 2286 cunque
2559 2214 2808 2287 negotiis
2838 2214 3091 2283 misceri,
3121 2216 3174 2273 si
3201 2218 3616 2293 incorrigibiles
3639 2235 3861 2294 apparue-

2299 2302 2437 2373 rint,
2466 2306 2781 2374 antequam
2812 2320 2918 2360 suo
2948 2304 3395 2363 reconcilientur
3430 2308 3653 2379 doctori,
3694 2325 3859 2382 praesu-

2300 2396 2422 2448 mat
2449 2408 2461 2447 :
2495 2392 2774 2465 quoniam
2804 2394 2850 2427 ‘3
2876 2396 2997 2450 tam
3026 2394 3074 2429 “
3103 2396 3460 2464 sacerdotes,
3506 2414 3667 2470 quam
3701 2396 3856 2469 reliqui

2298 2480 2501 2537 fideles
2524 2498 2747 2549 omnes,
2763 2498 3059 2539 summam
3069 2500 3274 2541 curam
3297 2485 3507 2543 habere
3525 2488 3713 2543 debent
3730 2485 3856 2542 dehis

2300 2570 2401 2641 qui
2432 2574 2698 2642 pereunt,
2729 2575 3019 2642 quatenus
3048 2589 3253 2631 eorum
3272 2574 3662 2648 redargutione
3676 2579 3759 2632 aut
3771 2591 3853 2631 cor

2299 2659 2567 2731 rigantur
2594 2677 2629 2716 a
2658 2661 2929 2732 peccatis,
2962 2665 3084 2728 aut,
3110 2662 3159 2718 si
3189 2662 3605 2738 incorrigibiles
3637 2679 3851 2738 appenn-

2299 2749 2438 2817 rint,
2478 2749 2551 2805 ab
2581 2748 2840 2806 Ecclesia
2864 2754 3231 2822 separentur.

2366 2857 2413 2892 ⁸⁸
2441 2860 2528 2912 Ita
2556 2872 2692 2929 ergo
2712 2856 2758 2891 ⁴⁶
2787 2857 2993 2912 beatus
3023 2857 3298 2932 princeps
3320 2858 3685 2931 apostolorum
3700 2861 3847 2915 Petrus

2298 2946 2369 3001 de
2399 2948 2599 3002 sancto
2629 2945 3050 3017 praedecessore
3078 2951 3279 3003 nostro
3326 2947 3605 3006 Clemente
3644 2947 3846 3020 plebibus

2298 3034 2685 3107 praedicando,
2720 3034 2950 3107 quando
2981 3034 3230 3091 docebat
3259 3053 3357 3093 eas
3403 3036 3635 3110 qualiter
3671 3036 3713 3091 ei
3751 3035 3843 3090 obe-

2300 3124 2425 3179 dire
2477 3123 2771 3192 deberent,
2812 3139 3065 3195 eumque
3121 3124 3451 3193 observare,
3515 3126 3649 3181 inter
3700 3127 3844 3179 cetera

2298 3212 2381 3268 ait
2403 3213 2447 3246 ‘7
2483 3234 2504 3262 ι
2537 3212 2595 3266 Si
2651 3211 2927 3268 inimicus
2982 3216 3072 3268 est
3125 3212 3301 3271 alicui
3352 3230 3453 3287 pro
3504 3212 3701 3269 actibus
3740 3210 3840 3275 suis,
3952 3212 3955 3287 ἶ

2299 3317 2398 3357 vos
2426 3299 2603 3356 nolite
2631 3304 2981 3372 exspectare,
3010 3308 3073 3357 ut
3100 3302 3228 3372 ipse
3256 3282 3420 3358 vobis
3447 3300 3605 3356 diost.
3633 3303 3746 3355 Cum
3774 3294 3839 3351 illo
3950 3282 3953 3371 ς

2298 3389 2473 3445 nolite
2494 3388 2665 3445 amici
2695 3404 2824 3445 esse
2847 3406 2861 3445 :
2894 3390 2996 3445 sed
3018 3389 3337 3461 prudenter
3356 3391 3638 3446 observare
3660 3386 3836 3453 debetis,
3948 3410 3949 3437 ι

2296 3482 2354 3533 et
2378 3476 2668 3534 voluntati
2696 3478 2825 3548 ejus
2869 3478 3091 3551 absque
3144 3478 3585 3535 commonitione
3624 3475 3836 3533 obsecun-

2295 3568 2454 3635 dare,
2501 3571 2559 3623 et
2599 3570 2856 3623 avertere
2901 3566 2974 3623 ab
3025 3582 3113 3634 eo,
3164 3567 3261 3623 cui
3304 3568 3494 3640 ipsum
3538 3564 3730 3622 sentitis
3762 3561 3833 3617 sd-

2291 3672 2526 3712 versum
2551 3672 2566 3711 :
2587 3655 2689 3711 sed
2713 3671 2817 3711 nec
2836 3654 2995 3727 loqui
3017 3654 3110 3711 his
3131 3656 3352 3727 quibus
3372 3656 3493 3729 ipse
3510 3671 3611 3712 non
3623 3650 3828 3725 loquitur,

2291 3749 2357 3802 ut
2385 3744 2793 3817 unusquisque
2822 3744 2922 3816 qui
2950 3743 3011 3799 in
3043 3744 3218 3816 culpa
3262 3750 3369 3815 est,
3416 3746 3549 3801 dum
3588 3740 3719 3815 cupit
3744 3753 3827 3794 om-

2290 3833 2455 3890 nium
2482 3837 2741 3890 vestrum
2770 3831 3058 3889 amicitias
3088 3832 3258 3899 ferre,
3280 3832 3509 3891 festinet
3527 3831 3675 3888 citius
3690 3841 3826 3884 recon-

2287 3922 2471 3979 ciliari
2500 3923 2551 3979 ei
2581 3923 2681 3995 qui
2711 3921 2980 3978 omnibus
3010 3926 3238 3993 praeest,
3272 3926 3337 3979 ut
3364 3938 3464 3995 per
3488 3922 3587 3977 hoc
3611 3912 3821 3976 redeam

2285 4012 2559 4081 salutem,
2590 4027 2723 4067 cum
2754 4010 2990 4067 obedire
3018 4010 3257 4083 omperit
3273 4009 3503 4068 monitis
3526 3999 3818 4082 prandentis.

2283 4101 2343 4158 Si
2372 4117 2505 4158 vero
2535 4100 2635 4174 qui
2665 4099 2887 4157 amicus
2916 4099 3091 4156 fuerit
3128 4099 3223 4156 his
3252 4099 3464 4172 quibus
3492 4099 3605 4170 ipse
3627 4109 3717 4150 nos
3745 4090 3816 4153 ϐπ,

2281 4195 2337 4247 et
2366 4189 2596 4246 locutus
2637 4188 2811 4244 fuerit
2866 4187 2959 4244 bis
3010 4188 3229 4260 quibus
3284 4188 3409 4260 ipse
3462 4202 3566 4243 non
3614 4177 3814 4252 loquitur.

2279 4296 2433 4336 unus
2464 4283 2553 4336 est
2579 4280 2637 4334 et
2664 4277 2789 4349 ipse
2817 4293 2886 4334 ex
2918 4276 3035 4333 illis
3066 4277 3167 4349 qui
3193 4276 3567 4333 exterminare
3590 4271 3672 4328 Dei
3688 4264 3815 4324 Eccle-

2278 4368 2424 4424 siam
2452 4367 2655 4424 volunt
2681 4385 2695 4435 ;
2733 4389 2756 4416 ιι
2790 4370 2847 4422 et
2876 4365 3118 4438 reliqua.
3152 4366 3256 4422 His
3287 4364 3523 4437 aliisque
3548 4373 3694 4434 quam
3727 4352 3812 4426 plu-

2275 4457 2442 4513 rimis
2499 4455 2886 4526 documentis,
2947 4453 3113 4511 facile
3161 4454 3557 4527 unusquisque
3598 4445 3809 4505 advertere

2272 4551 2463 4618 potest
2492 4545 2740 4618 qualiter
2767 4544 2999 4600 obedire
3027 4548 3084 4600 et
3112 4544 3504 4616 obtemperare
3544 4537 3683 4594 debet
3716 4540 3808 4618 prf-

2193 4620 2241 4686 D
2272 4612 2476 4708 positis
2506 4612 2649 4703 suis,
2682 4637 2739 4690 et
2768 4633 3020 4706 qualiter
3046 4633 3199 4689 circa
3220 4612 3331 4689 eos
3351 4629 3616 4704 agendum
3640 4612 3807 4708 sit,

2271 4726 2383 4781 bus
2414 4724 2527 4796 ipsi
2558 4726 2659 4779 aut
2688 4722 2860 4779 amici
2882 4725 3043 4789 sunt,
3074 4726 3175 4777 aut
3204 4702 3444 4777 inimici.
3474 4718 3526 4774 Si
3554 4713 3665 4788 quis

2270 4813 2389 4868 haec
2418 4794 2705 4885 praecepta
2733 4827 2848 4867 non
2899 4810 3308 4877 observaverit,
3348 4805 3523 4864 hostis
3548 4805 3625 4860 est
3658 4794 3799 4885 anilill

2269 4918 2386 4957 sua:
2414 4882 2437 4957 ἶ
2459 4905 2517 4957 et
2545 4882 2660 4956 non
2690 4904 2919 4956 tantum
2949 4899 3208 4970 infamis,
3241 4898 3341 4955 sed
3369 4900 3426 4953 et
3441 4882 3797 4952 excommuniﬂ'

2268 4994 2384 5058 tus,
2416 4994 2589 5061 atque
2619 4988 2843 5045 alienus
2875 4988 2947 5045 ab
2978 4987 3229 5045 Ecclesia
3258 4986 3557 5051 efﬁciatur;
3600 4970 3792 5050 quoniﬂm

3547 5218 3589 5255 “
3610 5230 3678 5276 ιιι,
3692 5224 3731 5279 q.
3747 5201 3781 5279 δε

3568 5271 3617 5323 ιι
3630 5271 3716 5339 in":
3746 5271 3782 5325 sl

2834 5342 2893 5443 ἐξ
2930 5373 2983 5438 ι,
3011 5342 3311 5428 υἲιενῗῖνὶξς
3324 5342 3499 5443 filiai
3544 5360 3593 5443 f'
3612 5360 3671 5443 8:
3693 5342 3778 5443 Ii:
3868 5430 3871 5441 ἦ

3263 5413 3577 5496 iEiéf'Eient.
3623 5440 3688 5486 ιιι,

3263 5513 3288 5547 ³
3316 5527 3371 5555 n_
3402 5524 3457 5555 ιι-
3484 5505 3533 5555 7.
3584 5492 3773 5555 Scuta“

516 5645 731 5735 mea.
766 5663 892 5717 Sent
916 5678 1006 5735 ιιι,
1041 5661 1128 5713 46.
1206 5658 1457 5735 “_Epist.
1493 5659 1544 5735 ι,
1578 5659 1647 5713 ad
1695 5659 1998 5735 Jacobum,
2037 5676 2130 5735 _ex
2180 5658 2657 5735 interpretatione
2699 5645 2914 5729 Rufini,
2968 5661 3026 5714 et
3049 5658 3181 5714 dist.
3199 5645 3651 5722 ’θέμςίὑιᾶηίαιο

513 5733 725 5791 decret.
759 5732 962 5789 Leonis
988 5748 1173 5806 papas.
1250 5732 1294 5767 ⁴⁶
1326 5745 1436 5786 ms.
1468 5730 1561 5786 Ait
1597 5746 1740 5803 ergo.
1818 5732 1862 5770 ἠ
1884 5748 1995 5789 ms.
2027 5731 2125 5792 ita.
