4038 6210
267 410 383 477 817
1751 412 2175 478 ΕΡῙΞΤΟΒΛΕ.
3542 414 3663 479 818

266 560 505 604 necesse
533 550 623 605 est
650 562 721 604 ea
745 544 890 604 vitia
918 546 1069 605 ferro
1095 548 1433 607 abscindere
1463 565 1590 622 qua:
1623 548 1752 607 aliis
1782 564 1905 605 me-
1934 549 1988 616 Α
2021 547 2163 604 mini
2192 547 2467 619 nocentis,
2519 551 2809 621 quatenus
2856 552 2913 606 et
2960 548 3031 606 ab
3071 546 3413 607 hominibus
3443 547 3657 606 bonam

266 635 659 693 dicaminibus
690 653 804 693 non
848 641 1151 694 sanantur.
1204 638 1407 695 Parcat
1448 640 1847 710 unusquisque
1876 656 1911 694 a
2018 638 2337 710 acquiratis
2372 639 2609 707 famam,
2642 642 2700 695 et
2728 656 2761 693 a
2791 639 2907 695 Deo
2941 638 3224 695 mercedis
3260 638 3564 711 prazmium
3596 638 3656 694 in

262 726 614 783 laceratione
641 726 731 782 vel
760 727 805 761 ⁸⁸
826 728 1182 784 detractione
1200 727 1413 801 lingua:
1443 732 1907 800 suae,caveatque
2017 730 2230 784 aeterna
2255 727 2614 783 beatitudine
2645 728 2938 799 percipere
2960 727 3321 783 mereamini.
3346 728 3414 781 Et
3442 726 3491 783 si
3513 727 3654 799 quid

263 831 339 871 ne
366 818 467 871 aut
495 814 758 887 linguam
782 819 882 870 aut
902 832 1071 872 aures
1102 816 1316 873 habeat
1336 817 1684 890 prurientes,
1715 817 1773 872 id
1795 821 1904 884 est,

260 919 337 960 ne
368 907 470 960 aut
518 903 649 960 aliis
689 904 943 977 deroget,
1003 904 1381 976 detrahatque
1437 906 1903 977 quibuscunquc,

255 997 362 1050 aut
390 993 535 1049 alios
564 993 767 1049 audiat
795 992 1140 1066 derogantes
1163 994 1249 1050 vel
1277 995 1646 1052 detrahentes
1671 1012 1683 1049 :
1717 999 1904 1051 custo-

254 1082 497 1155 diatque
527 1081 776 1154 quisque
806 1098 1107 1139 sermones
1138 1100 1301 1151 suos,
1334 1086 1391 1141 et
1410 1084 1578 1155 sciat,
1613 1084 1750 1157 quia
1779 1083 1906 1156 qui-

253 1188 482 1244 cunque
511 1172 582 1227 de
613 1170 742 1227 aliis
771 1170 1052 1243 loquitur,
1080 1188 1187 1227 sua
1206 1172 1493 1228 sententia
1514 1172 1898 1243 judicabitur.

252 1260 466 1318 Caveat
494 1260 675 1317 etiam
706 1260 898 1317 omnis
930 1260 1140 1325 fidelis,
1172 1278 1245 1317 ne
1291 1262 1623 1334 derogando
1654 1262 1809 1333 quod
1840 1263 1897 1317 in

252 1350 430 1407 domo
462 1350 815 1423 cujusquam
845 1350 1057 1422 agitur,
1092 1349 1205 1406 alia
1252 1351 1463 1407 domus
1510 1368 1611 1423 per
1639 1367 1769 1407 eum
1804 1368 1897 1407 co-

251 1443 519 1513 gnoscat,
546 1439 647 1496 sed
679 1438 944 1494 omnium
975 1438 1440 1496 Christianorum
1493 1441 1697 1496 domos
1728 1441 1897 1511 quasi

249 1526 521 1601 proprias
552 1532 726 1584 amet.
758 1528 940 1583 Nemo
971 1528 1128 1584 enim
1160 1528 1340 1585 invito
1368 1530 1620 1585 auditori
1655 1530 1897 1585 libenter

248 1618 448 1673 refert.
477 1617 679 1690 Sitque
710 1618 1181 1690 uniuscujusque
1232 1618 1512 1686 studium,
1559 1635 1674 1674 non
1703 1618 1893 1675 solum

248 1706 456 1762 oculos
485 1708 676 1762 castos
712 1722 961 1774 servare,
996 1707 1096 1762 sed
1127 1709 1184 1761 et
1212 1706 1496 1779 linguam.
1534 1710 1645 1762 Vos
1677 1711 1892 1774 autem,

245 1793 606 1864 cbarissimi,
639 1794 738 1867 qui
768 1795 908 1851 estis
935 1796 1046 1851 sub
1077 1796 1310 1852 Domini
1341 1796 1649 1868 disciplina
1678 1796 1892 1853 consti-

238 1883 471 1953 tuti,sic
498 1900 601 1941 vos
630 1883 914 1952 exhibete,
946 1887 1012 1940 ut
1037 1884 1459 1988 verinministri
1488 1889 1546 1940 et
1571 1884 1621 1985 ξ’
1662 1884 1895 1957 dispen-

241 1978 474 2031 sotores
528 1974 936 2047 mysteriorum
995 1974 1125 2045 ejus
1154 1972 1218 2042 ³⁷,
1275 1976 1339 2029 ut
1384 1990 1501 2029 non
1530 1973 1893 2046 vituperetur

239 2061 640 2119 ministerium
668 2065 949 2132 vestrum,
978 2078 1051 2119 ne
1080 2063 1182 2119 fiat
1226 2062 1286 2119 in
1317 2062 1508 2129 nobis,
1539 2062 1713 2119 sicuti
1741 2063 1882 2119 scri-

237 2154 413 2223 ptum
443 2154 533 2208 est
554 2168 573 2206 :
602 2150 669 2207 Et
693 2152 799 2207 erit
824 2150 990 2209 sicuti
1004 2151 1263 2224 populus,
1292 2152 1371 2208 sic
1392 2150 1639 2209 sacerdos
1666 2152 1757 2209 δυ’.
1789 2152 1884 2208 Sic

238 2240 403 2296 enim
432 2255 554 2309 vos,
584 2242 944 2312 vestrosque,
986 2244 1044 2296 et
1071 2244 1313 2297 cunctos
1360 2240 1651 2312 corripite,
1687 2244 1752 2296 ut
1780 2256 1879 2296 ne-

2014 816 2239 871 adversi
2271 818 2341 872 de
2367 816 2590 872 unitate
2621 816 2884 874 Ecclesia)
2910 818 3204 884 acciderit,
3230 816 3507 873 radicitus
3538 833 3658 872 am-

2014 908 2270 977 putetur,
2304 909 2367 961 ut
2396 905 2497 961 Dei
2529 905 2802 973 Ecclesia,
2838 906 3179 977 fructusque
3209 922 3507 961 servorum
3528 907 3657 977 ejus

2014 999 2288 1050 maneant
2317 995 2685 1050 inconcussa.
2720 996 2953 1066 Propter
2980 995 3140 1067 quod,
3193 994 3525 1061 charissimi,
3557 1010 3654 1049 ea:-

2009 1091 2302 1155 spectantes
2331 1086 2581 1155 satagite,
2642 1084 2986 1139 immaculati
3031 1086 3085 1139 ei
3130 1084 3372 1138 inveniri
3413 1085 3473 1137 in
3499 1099 3653 1155 pace,

2009 1176 2062 1228 et
2094 1174 2319 1228 Domini
2345 1175 2524 1227 nostri
2568 1174 2697 1229 Jesu
2740 1173 2945 1228 Christi
2997 1173 3465 1244 longanimitatem
3502 1172 3652 1227 salu-

2008 1267 2116 1317 tem
2144 1263 2597 1317 arbitramini“.
2652 1265 2841 1318 Estote
2885 1278 3009 1333 ergo
3065 1262 3375 1333 prudentes,
3435 1264 3485 1316 et
3514 1262 3651 1332 vigi-

2010 1350 2117 1406 late
2149 1352 2207 1406 in
2239 1352 2622 1407 orationibus:
2677 1360 2801 1407 ante
2840 1353 3031 1406 omnia
3077 1356 3259 1407 autem
3311 1358 3562 1406 mutuam
3592 1352 3653 1405 in

2006 1440 2401 1511 nobismetipsis
2429 1438 2753 1496 charitatem
2809 1442 3134 1496 continuam
3181 1439 3437 1496 habentes
3457 1457 3477 1501 ;
3521 1441 3653 1511 quia

2004 1529 2245 1585 Charitas
2276 1530 2448 1600 operit
2496 1529 2904 1585 multitudinem
2941 1534 3304 1601 peccatorum.
3348 1529 3651 1601 Hospitales

2003 1618 2235 1673 invicem
2264 1620 2383 1673 sine
2427 1620 2884 1675 murmuratione.
2938 1619 3333 1691 Unusquisque,
3379 1620 3523 1673 sicut
3553 1635 3651 1673 ac-

2002 1708 2141 1778 cepit
2166 1708 2425 1775 gratiam,
2480 1707 2539 1761 in
2595 1708 2925 1762 alterutrum
2971 1708 3128 1762 illam
3174 1708 3647 1777 administrantes,

2000 1797 2143 1851 sicut
2172 1795 2299 1851 boni
2335 1796 2731 1867 dispensatores
2777 1798 3142 1867 multiformis
3196 1798 3394 1867 gratiae
3442 1798 3558 1852 Dei.
3592 1796 3652 1853 Si

2003 1886 2123 1956 quis
2152 1884 2413 1957 loquitur,
2446 1886 2593 1941 sicut
2621 1902 2894 1941 sermones
2937 1885 3039 1940 Dei
3058 1904 3076 1939 :
3105 1886 3156 1940 si
3202 1886 3325 1957 quis
3346 1886 3649 1955 ministrat,

2000 1977 2264 2045 tanquam
2290 1988 2363 2029 ea:
2388 1975 2613 2046 virtute,
2661 1990 2827 2045 quam
2873 1973 3227 2030 administrat
3277 1978 3448 2041 Deus,
3499 1982 3560 2030 ut
3587 1976 3649 2029 in

1991 2063 2243 2120 omnibus
2298 2063 2685 2133 honoriﬁcetur
2740 2065 2879 2119 Deus
2947 2079 3049 2136 per
3103 2066 3287 2120 Jesum
3344 2063 3646 2130 Christum,

1991 2154 2083 2208 cui
2109 2156 2189 2209 est
2233 2152 2414 2223 gloria
2453 2157 2504 2209 et
2562 2154 2861 2225 imperium
2914 2154 2976 2208 in
3022 2154 3234 2211 saecula
3288 2153 3640 2211 seeetdorum.

1991 2242 2161 2298 Amen
2188 2241 2254 2297 ‘I.

1059 2561 1315 2651 DUO
1372 2560 1901 2655 DECRETA
1962 2564 2515 2655 ANACLETI
2570 2566 2861 2652 PAPXE

1695 2767 1788 2824 EX
1815 2768 2196 2825 GRATIANO.

337 2962 516 3031 Quare
545 2962 684 3019 laici
709 2964 771 3018 in
802 2962 1145 3091 accuséitimtie
1175 2966 1545 3036 episcoporum
1572 2980 1681 3020 non
1710 2981 1810 3020 au-

982 3051 1081 3090 tun
1107 3051 1192 3089 ur.

982 3051 1192 3090 tuntur.

324 3140 367 3179 ⁸⁸
394 3139 547 3197 Laici
571 3139 633 3196 in
656 3140 1026 3197 accusatione
1046 3140 1452 3215 episcoporum
1477 3142 1753 3197 audiendi
1782 3158 1897 3198 non

245 3232 412 3297 sunt,
444 3229 584 3302 quia
611 3229 826 3302 oppido
851 3230 939 3287 eis
968 3231 1209 3302 quidam
1241 3230 1437 3287 infesti
1467 3234 1624 3287 sunt.
1658 3234 1726 3285 Et
1746 3230 1897 3287 indi-

246 3334 435 3392 gnum
463 3320 553 3375 est
582 3322 648 3374 ut
678 3318 750 3376 ab
780 3318 865 3375 eis
894 3323 1264 3388 accusentur,
1296 3320 1397 3392 qui
1427 3336 1628 3376 eorum
1658 3320 1901 3391 gravita-

246 3410 371 3463 tem
402 3405 613 3463 nolunt
639 3406 877 3462 imitari.

245 3513 503 3585 Singulis
529 3515 705 3587 annis,
724 3514 1097 3586 apostolorum
1142 3514 1343 3569 limina
1392 3513 1609 3587 visitent
1635 3516 1898 3587 episcopi,

464 3586 560 3655 qui
585 3585 1025 3641 ordinationibus
1053 3587 1361 3658 apostolicis
1384 3585 1686 3657 subjacent’.

322 3672 367 3707 “
383 3672 559 3730 Juxta
580 3678 921 3731 sanctorum
945 3674 1179 3731 Patrum
1204 3678 1262 3731 et
1282 3691 1581 3731 canonum
1604 3674 1900 3741 instituta,

1926 2965 1968 3031 C
2009 2980 2214 3020 omnes
2246 2964 2525 3037 episcopi,
2551 2965 2651 3038 qui
2674 2966 2849 3036 hujus
2880 2964 3206 3038 apostolicae
3231 2964 3387 3021 sedis
3421 2966 3655 3022 ordina-

2012 3053 2158 3109 tioni
2190 3055 2516 3125 subjacent,
2549 3059 2607 3111 et
2636 3056 2734 3127 qul
2760 3054 3070 3128 propinqui
3090 3059 3249 3122 sunt,
3281 3071 3475 3111 annue
3504 3054 3657 3111 circa

2010 3143 2148 3199 ldus
2176 3143 2311 3199 Maii
2332 3148 2668 3200 sanctorum
2722 3144 3051 3217 principum
3072 3144 3220 3200 Petri
3242 3148 3298 3200 et
3318 3144 3479 3201 Pauli
3504 3144 3657 3200 limi-

2012 3230 2189 3287 nibus
2218 3235 2665 3304 przssententur,
2697 3233 2857 3289 omni
2911 3232 3211 3289 occasione
3243 3232 3516 3305 seposita.
3547 3232 3655 3298 Qui

2010 3335 2146 3376 vero
2178 3320 2247 3377 de
2276 3319 2596 3394 longinquo
2621 3325 2780 3394 sunt,
2797 3323 2969 3394 juxta
2997 3321 3453 3395 chirographum
3475 3338 3653 3377 suum

2014 3406 2316 3480 impleant.
2374 3410 2482 3473 Qui
2537 3415 2733 3467 autem
2812 3410 3153 3482 hujusmodi
3222 3408 3656 3467 constitutionis

2013 3502 2375 3570 contemptor
2431 3499 2737 3569 exstiterit,
2797 3503 3184 3571 prmterquam
3249 3498 3299 3554 si
3356 3499 3655 3571 aegritudi-

1940 3637 1951 3653 ,
2015 3603 2085 3642 ne
2118 3587 2291 3642 fuerit
2337 3588 2633 3656 detentus,
2690 3589 2835 3644 sciat
2891 3604 2953 3644 se
3008 3587 3305 3645 canonicis
3353 3587 3655 3658 subjacere

2010 3675 2334 3732 sententiis.

326 3869 588 3942 “Inep.
646 3871 779 3927 2D.
838 3871 1073 3926 Hieron.
1125 3871 1197 3926 ad
1258 3870 1666 3942 Nepotianum,
1698 3872 1868 3941 cujus
1923 3871 2098 3927 verba
2128 3871 2272 3927 mire
2327 3871 2651 3927 deformata
2707 3873 3019 3942 mangonio
3078 3873 3260 3928 nostri
3291 3872 3647 3927 Mercatoris.

254 3938 496 3996 "Z‘ach.
529 3938 593 3998 ca
640 3984 655 3997 .
689 3943 743 4011 3,
818 3956 881 3997 ro
913 3958 1072 3997 more
1103 3938 1467 4015 interpolata.
1546 3938 1791 3999 r'°ICor‘.
1830 3960 1904 4012 ιν,
1939 3946 1988 3997 1.
2065 3944 2133 3977 50'
2190 3944 2298 3998 Isa.
2332 3960 2482 4008 xxiv,
2515 3945 2569 3997 2.
2646 3944 2687 3977 δι
2722 3942 2769 3997 ΙΙ
2812 3938 2961 3998 Patr.
3020 3961 3101 4011 ιιι,
3140 3945 3223 4008 14,
3256 3944 3343 3999 45.
3419 3944 3429 3977 ⁸

254 4015 325 4067 fr.
388 4026 462 4068 ιν.
510 4014 566 4068 7.
598 3958 687 4068 ᾖ.
764 3954 812 4048 5g
842 4031 904 4068 ιι.
937 4018 1140 4068 ausast.
1198 4014 1253 4068 '7.
1284 4016 1441 4068 Laici
1465 4017 1853 4068 episcoporum.
1918 4014 2131 4068 Eadem
2164 4013 2282 4068 fere
2312 4016 2487 4068 verba
2518 4014 2808 4068 habentur
2835 4015 2893 4068 in
2927 4014 3171 4068 epistola
3198 4014 3429 4068 Eusebii

628 4013 687 4087 ’4.
764 4013 810 4048 ⁸³
842 4031 904 4082 ιι,
937 4018 1140 4085 quaest.
1198 4013 1441 4081 7,'Laici
1465 4017 1853 4085 episcoporum.
1918 4014 2131 4087 Eadem
2164 4013 2282 4070 fere
2312 4016 2487 4069 verba
2518 4014 2808 4070 habentur
2835 4015 2893 4069 in
2927 4014 3171 4086 epistola
3198 4014 3432 4071 Eusebii
3465 4031 3647 4087 papas.

252 4015 325 4067 fr.
388 4026 462 4080 ιν,
510 4014 566 4080 7,

2646 3944 2687 3977 δί
2722 3942 2769 3997 ΙΙ
2812 3943 2961 3998 Petr.
3020 3961 3101 4011 ιιι,
3140 3945 3223 4008 14,
3256 3944 3343 3999 45.
3419 3944 3465 3977 ⁵⁵
3497 3944 3517 3997 Ι
3548 3943 3651 3998 Pe-

252 4084 303 4119 “
328 4083 424 4152 93,
454 4083 593 4141 dist.
626 4086 678 4141 1.
706 4086 876 4142 Ιιιωεα
902 4083 1217 4143 sanctorum
1242 4088 1494 4155 Patrum,
1525 4090 1585 4143 ct
1610 4083 1669 4141 in
1698 4091 1859 4142 Decr.
1890 4084 2177 4142 Zacharias
2209 4102 2390 4158 papa}.
