4038 6210
394 508 3800 541 ψ

1004 717 2051 919 SANGTUS
2181 710 3155 915 HERMAS

1410 1064 1639 1157 VIR
1746 1064 2747 1157 AP'OSTOLICUS.

529 1395 1306 1530 VETERUM
1401 1392 2124 1528 TESTIMO

2041 1392 2410 1528 DNIA
2500 1394 2709 1523 DE
2801 1393 2922 1523 S.
3024 1390 3636 1522 ΗΕΒΜΑ.

906 1648 1244 1721 (GALLAND.,
1277 1649 1522 1707 Veterum
1546 1650 1777 1706 Patrum
1805 1648 2164 1718 Bibliotheca,
2197 1651 2239 1704 t.
2268 1648 2314 1715 Ι,
2343 1647 2498 1704 Vens

1677 1664 1777 1705 'um
1805 1648 2164 1718 Bibliotheca,
2197 1651 2239 1704 t.
2268 1648 2314 1715 Ι,
2343 1644 2620 1716 Venetiis,
2651 1645 2811 1719 1765,
2841 1643 3036 1702 in-fol.
3068 1661 3126 1718 p.
3156 1644 3272 1718 5i.)

2066 1827 2119 1888 I.

978 1946 1035 1999 S.
1068 1943 1357 2012 IRRNEUS,
1388 1945 1668 2002 adversus
1698 1945 1976 2014 Hereses,
2008 1944 2108 2000 lib.
2141 1960 2218 2015 1v,
2246 1958 2368 2016 cap.
2396 1942 2490 2012 20,
2518 1958 2675 1997 num.
2704 1941 2761 2008 2,
2795 1940 2929 1999 edit.
2956 1940 3208 1999 Massuet.

476 2085 624 2159 Bene
652 2100 788 2159 ergo
817 2085 1216 2158 pronuntiavit
1242 2086 1558 2159 Scriptura,
1592 2102 1720 2158 quae
1751 2086 1927 2143 dicit:
1976 2087 2170 2143 Primo
2198 2087 2445 2142 omnium
2489 2084 2961 2159 crede,iquoniam
2988 2101 3135 2141 unus
3188 2090 3268 2142 est
3296 2086 3453 2154 Deus,
3484 2088 3584 2159 qui
3608 2090 3807 2144 omnia

476 2104 624 2141 nene
652 2104 788 2159 ergo
817 2104 1216 2158 pronuntiem
1242 2104 1360 2143 acri
1408 2104 1558 2155 tura,
1592 2104 1720 2158 quae
1751 2104 1927 2143 dicit:
1976 2104 2170 2143 Primo
2198 2104 2445 2142 omnium
2489 2104 2666 2153 crede,
2703 2104 2961 2157 quoniam
2988 2104 3135 2141 unus
3188 2104 3268 2142 est
3296 2104 3453 2154 ueus,
3484 2104 3581 2159 qui
3608 2104 3806 2144 omnm

400 2104 1471 2287 Ὲὶξῖίὲἔεῖέᾶᾝδῧῖιηέρυὲἃῗρρἱί
1496 2175 1569 2215 ea:
1595 2174 1655 2216 eo
1710 2159 1852 2231 quod
1877 2173 1993 2215 non
2042 2160 2184 2228 erat,
2217 2161 2278 2213 ut
2312 2159 2488 2215 essent
2537 2158 2761 2214 omnia:
2792 2157 3039 2213 omnium
3067 2173 3261 2231 capax,
3317 2162 3371 2216 et
3395 2159 3495 2231 qui
3515 2176 3552 2215 a
3578 2161 3806 2218 nemine

399 2229 676 2302 capiatur.
705 2229 909 2287 Exstat
935 2229 1039 2286 lib.
1073 2246 1138 2302 n,
1164 2229 1363 2287 maud.
1395 2248 1436 2286 ι.

2052 2355 2127 2411 II.

1148 2472 1417 2529 CLEMENS
1440 2472 1621 2544 Alex.,
1655 2476 1877 2548 Στρωμ.
1909 2472 2012 2528 lib.
2046 2489 2088 2541 ι,
2116 2486 2246 2543 cap.
2276 2470 2363 2527 17.
2393 2486 2524 2542 pag.
2554 2470 2681 2543 369,
2711 2486 2742 2527 e

1455 2472 1621 2544 item,
1655 2476 1877 2548 Στρωμ.
1909 2472 2012 2528 lib.
2046 2489 2088 2541 ι,
2116 2486 2246 2543 cap.
2276 2470 2363 2527 17.
2393 2486 2524 2542 pag.
2554 2470 2681 2543 369,
2711 2470 2845 2527 edit.
2877 2471 3050 2528 Oxon.

468 2613 619 2669 Dicit
674 2617 869 2672 autem
899 2619 957 2672 et
990 2618 1207 2681 Pastor,
1236 2615 1493 2689 Angelus
1540 2614 1911 2687 paenitentiae,
1961 2615 2033 2670 ad

2221 2613 2375 2688 Λέγει
2407 2609 2465 2666 δὲ
2493 2610 2642 2666 καὶὸ
2694 2612 2934 2685 Ποιμήν,
2990 2612 3018 2667 ὁ
3065 2609 3295 2689 ἄγγελος
3352 2619 3453 2683 τῆς
3489 2614 3796 2686 μετανοίας,

397 2703 693 2772 Hermam,
726 2705 797 2760 de
828 2704 1372 2777 pseudoprOpheta:
1412 2705 1673 2773 Quadam
1701 2705 1851 2759 enim
1876 2705 1992 2759 veri

2198 2705 2452 2776 ῥἙρμᾷ,
2500 2700 2624 2776 περὶ
2675 2704 2772 2755 τοῦ
2819 2698 3273 2779 ψευδοπροφήτου
3308 2746 3320 2758 .
3371 2702 3501 2757 Τινά
3546 2704 3647 2779 γὰρ
3695 2704 3793 2778 {51$-

400 2809 533 2848 vera
560 2794 823 2867 loquitur.
855 2794 1110 2849 Diabolus
1142 2794 1288 2849 enim
1307 2809 1431 2848 eum
1478 2793 1668 2864 implet
1696 2808 1791 2848 suo
1820 2793 1995 2863 spirit:

2201 2811 2297 2845 ατα
2349 2787 2529 2860 ἀληθῆ
2592 2786 2771 2845 λαλεῖ.
2829 2795 2883 2843 Ὁ
2938 2791 3043 2866 γὰρ
3102 2785 3359 2853 διάϐολος
3410 2791 3577 2847 αὐτὸν
3621 2790 3737 2862 πλη
3771 2826 3796 2836 —

401 2882 454 2937 si
478 2896 639 2953 quem
656 2883 830 2954 possit
858 2898 929 2939 ea:
945 2883 1113 2955 justis
1151 2885 1431 2953 frangere.
1483 2881 1613 2937 Lib.
1655 2898 1717 2949 ιι,
1749 2881 1949 2938 mand.
1982 2899 1996 2936 1

2202 2883 2242 2933 ›ῖ
2266 2881 2345 2950 τῷ
2376 2876 2567 2932 ἑαυτοῦ
2613 2876 2901 2951 πνεύματι,
2930 2873 2986 2932 εἷ’
3023 2898 3145 2933 τινα
3191 2875 3473 2949 δυνήσεται
3506 2878 3663 2955 ῥῆξαι
3691 2884 3797 2934 τῶν

403 2985 532 3042 cap.
571 2971 623 3025 1.

2153 2965 2392 3023 δικαίων.

1622 3127 1791 3191 IDEM,
1824 3122 1984 3193 ibid.,
2013 3138 2137 3195 cap.
2169 3122 2260 3191 29,
2286 3137 2418 3194 pag.
2449 3121 2575 3176 426.

474 3245 676 3303 Divine
705 3261 841 3321 ergo
871 3250 1136 3305 Potestas
1164 3248 1262 3304 illa
1283 3265 1408 3320 qua:
1445 3253 1670 3306 Hermae
1698 3246 1961 3318 loquitur
1983 3245 2046 3301 in

2229 3244 2397 3307 Θείως
2427 3243 2606 3299 τοίνυν
2654 3246 2690 3314 ἡ
2740 3243 2976 3318 Δύναμις
3022 3246 3058 3315 ἡ
3088 3249 3166 3317 τῷ
3212 3246 3386 3321 Ἐρμᾷ
3432 3245 3569 3301 κατὰ
3595 3246 3797 3303 ἀποκά-

403 3334 791 3393 revelatione:
828 3337 1084 3408 Visiones,
1115 3338 1323 3410 inquit,
1364 3346 1415 3394 et
1441 3338 1799 3395 revelationes
1821 3339 1998 3409 propa

2203 3336 2319 3408 υψιν
2374 3330 2636 3389 λαλοῦσα.
2694 3332 2770 3387 Τὰ
2820 3332 3086 3408 ὁράματα,
3147 3335 3302 3413 φησὶ,
3354 3334 3444 3390 καὶ
3494 3336 3560 3391 τὰ
3599 3336 3798 3392 ἀποκα-

403 3441 493 3482 eos
521 3427 619 3498 qui
640 3434 770 3482 sunt
797 3425 1008 3499 duplici
1034 3427 1213 3495 corde,
1262 3427 1361 3500 qui
1387 3427 1669 3500 disputant
1697 3426 1755 3482 in
1786 3424 1998 3483 cordibi

2201 3422 2464 3497 όμματα,
2526 3419 2616 3477 διὰ
2667 3421 2794 3484 τοὺς
2850 3420 3150 3499 διψύχους,
3207 3423 3333 3486 τοὺς
3391 3422 3796 3500 διαλογιζομέ-

402 3514 540 3587 suis,
568 3516 681 3571 sint
706 3531 791 3585 ea,
820 3531 922 3572 nec
947 3532 1038 3573 ne.
1070 3516 1193 3573 Lib.
1224 3533 1266 3587 1,
1296 3516 1404 3572 vis.
1437 3532 1521 3583 111,
1549 3532 1677 3589 cap.
1704 3516 1757 3571 4.

2200 3533 2282 3575 auc
2316 3510 2367 3567 ἐν
2399 3516 2517 3574 ταῖς
2544 3508 2793 3589 καρδίαις
2823 3510 3021 3582 αὐτῶν,
3053 3513 3099 3569 εἰ
3130 3514 3234 3590 ἄρα
3263 3511 3373 3569 ἐστί
3419 3518 3607 3586 ταῦτα,
3638 3516 3674 3583 ἦ
3702 3514 3795 3570 οὐκ

2156 3622 2243 3656 εστ
2253 3622 2316 3659 ιν.

1633 3748 1798 3815 InnM,
1831 3746 1927 3802 tib.
1960 3763 2022 3815 ιι,
2055 3761 2174 3818 cap.
2205 3744 2260 3817 4,
2287 3760 2416 3817 pag.
2448 3744 2573 3800 430.

480 3872 630 3929 Dicit
657 3872 837 3941 enim,
870 3888 997 3945 quas
1026 3873 1252 3929 Hermas
1281 3873 1342 3929 in
1371 3872 1593 3929 visione
1622 3872 1915 3945 apparuit,
1943 3875 2054 3927 Po-

2235 3866 2379 3939 Φησὶ
2408 3867 2510 3945 γὰρ
2540 3866 2591 3922 ἐν
2634 3872 2714 3940 τῷ
2760 3866 2993 3944 ὁράματι
3039 3872 3118 3941 τῷ
3163 3869 3339 3945 Ἑρμᾷ
3386 3872 3420 3939 ἡ
3476 3869 3706 3943 Δύναμις
3754 3872 3787 3938 ἡ

408 3966 628 4019 testas:
686 3962 837 4031 Quod
891 3964 999 4018 tibi
1049 3964 1311 4034 contingit
1371 3964 1627 4029 revelari,
1696 3960 2003 4018 revelabitu:

2194 3962 2385 4013 ανεῖσα
2417 3974 2429 3988 ’
2490 3959 2553 4012 Ὃ
2611 3956 2698 4014 ἐὰν
2760 3956 3033 4036 ἐνδέχεται
3090 3957 3588 4038 ἀποκαλυφθῆναι,
3642 3961 3739 4015 ἀπο
3768 3993 3789 4002 -

411 4050 538 4108 Lib.
562 4069 604 4123 1,
633 4050 741 4108 vis.
774 4067 863 4118 ιιι,
891 4067 1018 4124 cap.
1048 4052 1104 4107 3.

985 4069 1018 4106 ).
1048 4052 1104 4107 3.
2158 4045 2580 4125 καλυφθήσεται.

1655 4194 1818 4267 IDEM,
1856 4193 2022 4263 ibid.,
2046 4208 2167 4267 cap.
2196 4192 2253 4262 9,
2278 4208 2408 4265 pag.
2438 4192 2564 4248 452.

478 4320 676 4377 Pastor
703 4321 899 4376 autem
930 4319 1003 4375 de
1032 4318 1105 4375 iis
1154 4318 1294 4375 solis
1323 4318 1421 4390 qui
1471 4319 1848 4389 dormissent,
1878 4319 2055 4376 verba

2234 4317 2291 4371 Ὀ
2314 4317 2531 4390 Ποιμήν
2584 4314 2662 4386 δὲ,
2695 4313 2885 4379 ἁπλῶς
2933 4314 3021 4371 ἐπὶ
3072 4319 3180 4371 τῶν
3229 4317 3645 4392 κεκοιμημένων
3691 4316 3790 4379 θεὶς

410 4408 652 4478 faciens,
682 4407 843 4465 novit
873 4407 1157 4480 quosdam
1176 4408 1373 4479 justos
1401 4407 1461 4463 in
1488 4407 1761 4480 gentibus
1792 4410 1848 4463 et
1875 4406 1936 4462 in
1957 4407 2005 4462 J1

2195 4406 2262 4475 ὴν
2292 4404 2454 4479 λέξιν,
2489 4402 2731 4468 δικαίους
2780 4403 2893 4461 οἶδέ
2938 4426 3083 4468 τινας
3128 4403 3181 4461 ἐν
3232 4404 3405 4461 ἔθνεσι
3450 4407 3541 4462 καὶ
3573 4407 3624 4461 ἐν
3671 4413 3790 4463 Ἰου-

410 4497 573 4569 daais,
606 4514 722 4554 non
753 4497 944 4553 solum
976 4501 1110 4554 ante
1140 4498 1455 4553 adventum
1486 4496 1717 4553 Domini
1747 4497 1848 4553 sed
1879 4496 2005 4552 etiai

2198 4494 2359 4566 αίοις,
2419 4494 2482 4549 οὐ
2543 4494 2705 4567 μόνον
2764 4495 2867 4568 πρὸ
2924 4497 3022 4564 τῆς
3070 4499 3168 4550 τοῦ
3224 4495 3423 4572 Κυρίου
3476 4496 3791 4571 παρουσίας,

409 4591 544 4643 ante
573 4586 782 4661 legem,
814 4585 914 4658 qui
971 4586 1088 4642 Deo
1137 4587 1288 4660 grati
1337 4586 1675 4659 acceptique
1705 4585 1959 4654 fuerint;
1995 4604 2004 4639 ι

2200 4583 2310 4640 λλά
2337 4583 2426 4638 καὶ
2457 4585 2563 4660 πρὸ
2611 4583 2804 4657 νόμου,
2836 4584 2970 4657 μετά
3016 4585 3115 4653 τήν
3169 4585 3305 4659 πρὸς
3353 4585 3482 4640 Θεὸν
3520 4585 3790 4662 εὐαρέστη-

409 4676 574 4749 Abel,
607 4680 674 4732 ut
705 4676 846 4743 Noe,
889 4679 956 4730 ut
1002 4674 1052 4731 si
1098 4676 1233 4746 quis
1261 4675 1412 4731 alius
1459 4677 1681 4747 justus.
1714 4674 1868 4729 Dicit
1896 4690 2004 4747 ergi

2201 4694 2269 4743 ιν,
2318 4674 2394 4735 ὡς
2443 4668 2636 4741 Ἅϐελ,
2687 4673 2760 4734 ὡς
2812 4678 2950 4741 Νῶε,
3004 4675 3079 4735 ὡς
3131 4671 3184 4728 εἷ’
3222 4695 3304 4736 τις
3355 4671 3541 4751 ἕτερος
3576 4672 3793 4736 δίκαιος.

411 4765 704 4838 apostolos
732 4769 789 4820 et
818 4764 1084 4820 doctores
1123 4763 1222 4835 qui
1268 4765 1658 4837 prmdicarunt
1686 4779 1900 4818 nomen
1928 4763 2006 4817 Fil

2201 4761 2310 4833 »ησὶ
2365 4765 2496 4837 γοῦν
2542 4760 2668 4824 τοὺς
2716 4760 3053 4825 ἀποστόλους
3111 4762 3199 4817 καὶ
3252 4759 3636 4837 διδασκάλους,
3681 4764 3796 4825 τοὺς

409 4855 534 4923 Dei,
567 4854 742 4910 etiam
765 4869 903 4910 cum
934 4853 1333 4921 dormiissent,
1356 4856 1641 4926 potestate
1670 4869 1737 4908 ac
1768 4853 1881 4909 ﬁde
1910 4869 2004 4924 pra

2205 4850 2497 4924 ηρύξαντας
2541 4851 2605 4905 τὸ
2654 4845 2829 4923 ὄνομα
2873 4855 2969 4905 τοῦ
3018 4852 3146 4905 Υἱοῦ
3194 4855 3350 4920 Θεοῦ,
3392 4852 3484 4907 καὶ
3513 4855 3800 4927 mmet».

408 4943 636 4999 dicasse
666 4943 740 4997 iis
769 4941 870 5014 qui
900 4945 1037 4997 ante
1067 4942 1442 4998 dormierunt.
1473 4941 1691 4998 Deinde
1713 4940 1914 4997 subdit
1940 4944 2003 4997 :1

2202 4960 2277 5013 ας,
2325 4944 2393 5015 τῇ
2423 4936 2647 5013 δυνάμει
2694 4940 2784 4995 καὶ
2830 4943 2900 5015 τῇ
2948 4940 3123 4996 πίστει
3168 4941 3395 5016 κηρύξαι
3442 4947 3560 5003 τοῖς
3610 4963 3797 5019 προκε-

407 5033 536 5106 ipsi,
569 5036 679 5088 etc.
712 5032 833 5087 Lib.
866 5048 954 5103 111,
984 5032 1158 5087 simil.
1192 5048 1268 5099 1x,
1298 5047 1417 5104 cap.
1452 5031 1540 5088 16.

2160 5029 2546 5105 κοιμημὲνοις.
2579 5030 2710 5086 Εἶτα
2740 5028 3003 5108 ἐπιφέρει·
3034 5030 3133 5085 Καὶ
3162 5029 3333 5103 αὐτοὶ,
3364 5050 3418 5088 κ.
3447 5051 3498 5089 τ.
3530 5030 3587 5088 λ.

1640 5178 1799 5241 Iona,
1830 5174 1989 5242 ibid.,
2021 5190 2141 5243 cap.
2173 5172 2264 5241 42,
2292 5191 2418 5246 pag.
2455 5175 2577 5230 458.

474 5294 609 5359 Quae
639 5306 777 5364 ergo
806 5290 1064 5348 continet
1107 5291 1450 5361 Ecclesium,
1499 5295 1566 5348 ut
1612 5293 1807 5348 Pastor
1832 5291 2046 5363 inquit,

2226 5290 2290 5344 Ἡ
2324 5287 2504 5343 τοίνυν
2550 5287 2851 5365 συνέχουσα
2895 5290 2993 5359 τήν
3037 5289 3382 5362 Ἐκκλησίαν,
3434 5288 3512 5353 ὥς
3560 5312 3725 5369 φησιν
3777 5292 3802 5345 ὁ

400 5382 608 5453 virtus,
639 5381 785 5437 ﬁdes
815 5385 924 5452 est,
956 5396 1059 5454 per
1103 5398 1279 5453 quam
1333 5381 1480 5437 salvi
1510 5382 1661 5436 fiunt
1710 5380 1871 5437 electi
1906 5381 1995 5436 Dei

2209 5380 2395 5452 οιμήν,
2431 5378 2616 5454 ἀρετὴ,
2648 5380 2683 5447 ἡ
2734 5378 2913 5441 πίστις
2964 5376 3097 5446 ἐστὶ,
3130 5375 3199 5432 δι’
3226 5382 3295 5448 ἧς
3338 5379 3600 5448 σώζονται
3643 5382 3698 5434 οἱ
3724 5380 3804 5434 ἐκ-

400 5488 526 5543 que
557 5475 751 5526 autem
798 5469 1045 5525 viriliter
1090 5470 1229 5543 agit,
1288 5471 1660 5526 abstinentia.
1712 5472 1995 5542 Sequunt1

2205 5467 2339 5523 εκτοῖ
2368 5471 2465 5522 τοῦ
2497 5471 2649 5521 Θεοῦ*
2681 5468 2715 5519 i‘.
2768 5464 2826 5521 δὲ
2872 5464 3253 5543 ἀνδριζομὲνη,
3308 5468 3610 5544 ἐγκράτεια.
3644 5473 3800 5525 ’Ἐπε-

398 5577 534 5617 vero
581 5577 681 5616 eas
730 5558 1099 5631 simplicitas,
1151 5560 1482 5632 disciplina,
1528 5559 1881 5629 innocentia,
1924 5576 1993 5613 mc

2203 5579 2241 5610 ιι
2276 5555 2331 5611 δὲ
2360 5556 2545 5618 αὐτοῖς
2577 5555 2842 5626 ἁπλότης,
2895 5555 3194 5630 ἐπιστήμη,
3244 5557 3457 5627 ἀκακία,
3508 5560 3798 5631 σεμνότης,

403 5648 593 5704 destia
624 5648 898 5705 charitas.
933 5646 1053 5703 Illas
1082 5652 1278 5705 autem
1328 5665 1531 5705 omnes
1560 5652 1699 5706 sunt
1729 5646 1859 5703 ﬁliae
1892 5648 1998 5703 fide

1974 5647 2043 5703 ei.
2158 5647 2360 5723 ἀγάπη.
2396 5652 2568 5701 Πᾶσαι
2598 5642 2658 5702 δὲ
2676 5645 2830 5701 αὗται
2860 5645 3095 5708 πίστεώς
3127 5646 3229 5702 εἰσι
3258 5647 3567 5724 θυγατέρες.

400 5736 520 5795 Lib.
552 5753 590 5808 1,
626 5738 840 5811 risum,
870 5752 993 5810 cap.
1023 5739 1079 5794 8.
