4038 6210
185 440 289 505 821

1434 431 1775 497 PASTOR.
1798 462 1887 495 η·-
1916 433 2323 499 PROJEMIA.

3460 436 3583 500 822

1498 594 1663 663 IDEM,
1712 594 1837 651 ibid
1876 596 2093 667 paula,
2118 603 2263 669 post.

258 707 521 782 Φοϐητέον
572 708 664 795 οὖν
709 710 799 766 τὸν
848 710 1067 795 Κύριον,
1114 706 1287 784 λέγει,
1336 708 1413 771 εἷς
1489 706 1853 784 οἶκοδομήνη

1998 712 2149 768 Dicit
2178 713 2396 786 itaque,
2427 713 2757 771 timendum
2787 730 2915 772 esse
2944 713 3261 770 Dominum
3292 712 3364 769 ad
3395 712 3574 769 aediﬁ-

193 800 312 859 ἀλλ’
338 799 396 855 οὐ
424 801 514 855 τὸν
542 794 799 856 διάϐολον
843 794 921 863 εἷς
975 800 1374 877 καταστροφήν.
1410 795 1687 872 ’Έμπαλιν
1742 796 1817 870 δὲ,

189 892 250 947 τὰ
280 890 370 963 μὲν
407 887 537 966 ἔργα
581 893 678 943 τοῦ
724 888 946 965 Κυρίου,
976 889 1217 943 τουτέστι
1264 887 1359 949 τὰς
1408 886 1648 959 ἐντολὰς,
1681 887 1819 962 ἀγα-

188 979 373 1050 πητέον
401 978 491 1033 καὶ
519 978 806 1048 ποιητέον·
831 979 900 1033 τὰ
930 976 987 1033 δὲ
1016 972 1144 1053 ἔργα
1180 980 1277 1033 τοῦ
1327 971 1609 1047 διαϐόλου,
1644 971 1817 1055 φοϐη-

185 1067 292 1124 τέον
323 1067 410 1122 καὶ
441 1066 502 1122 οὐ
532 1068 811 1138 ποιητὲον.

1929 800 2240 869 cationem,
2277 804 2377 858 sed
2430 821 2546 859 non
2599 804 2899 859 diabolum
2930 805 3000 859 ad
3061 804 3442 859 eversionem.
3504 806 3573 857 Et

1928 906 2133 946 rursus
2166 909 2179 947 :
2214 892 2401 964 Opera
2424 893 2664 965 quidem
2697 892 2947 959 Domini,
2980 892 3085 948 hoc
3114 895 3204 947 est
3261 895 3567 964 praicepta,

1926 995 2056 1035 esse
2089 980 2387 1053 diligenda
2418 987 2474 1038 et
2502 983 2804 1049 facienda;
2840 998 3015 1053 opera
3058 996 3192 1037 vero
3233 979 3449 1037 diaboli
3496 980 3570 1035 ti-

1927 1069 2142 1125 menda
2170 1086 2317 1140 esse,
2342 1074 2399 1127 et
2428 1087 2542 1127 non
2573 1071 2841 1127 facienda
2870 1070 2985 1127 Lib.
3019 1087 3037 1125 ι
3065 1115 3081 1141 ,
3100 1069 3286 1125 mand.
3319 1085 3417 1125 vn.

1401 1209 1566 1278 InsM,
1598 1210 1759 1276 ibid.,
1796 1212 1991 1281 paucis
2027 1212 2344 1282 interiectis.

247 1327 302 1381 Ὀ
330 1321 386 1380 δὲ
440 1323 601 1385 αὐτὸς
658 1322 748 1378 καὶ
806 1325 905 1392 τήν
970 1323 1252 1397 μετάνοιαν
1285 1323 1488 1378 σύνεσιν
1522 1323 1655 1377 εἷναί
1686 1345 1814 1401 φησι

188 1413 424 1491 μεγάλην.
486 1414 775 1473 Μετανοῶν
844 1414 944 1489 γὰρ
1005 1412 1086 1491 ἐφ’
1144 1414 1225 1474 οἷς
1287 1410 1527 1489 ἔδρασεν,
1584 1412 1684 1467 οὐκ
1740 1410 1817 1467 ἔτι

185 1503 374 1571 ποιεῖῆ
406 1500 580 1578 λέγει.
614 1501 917 1571 Βασανίζων
952 1500 1009 1557 δὲ
1058 1502 1137 1580 ἐφ’
1167 1505 1249 1565 οἷς
1290 1501 1502 1576 ἥμαρτε
1548 1503 1647 1569 τὴν
1699 1503 1818 1556 ἐαυ-

180 1596 265 1648 τοῦ
290 1591 492 1667 ψυχὴν,
527 1592 868 1667 ἆγαθοεργεῖ.
901 1592 1120 1669 Ἀφεσις
1161 1590 1336 1645 τοίνυν
1391 1592 1668 1666 ἁμαρτιῶν
1724 1611 1819 1662 με-

180 1679 377 1742 τανοίας
419 1677 684 1758 διαφέρει·
713 1681 879 1758 ἄμφω
920 1679 979 1735 δὲ
1019 1678 1247 1735 δείκνυσι
1296 1681 1363 1734 τὰ
1410 1679 1491 1757 ἐφ’
1527 1682 1684 1753 ἡμῖν.
1716 1679 1814 1733 Τὸν

179 1768 258 1826 οὖν
308 1767 574 1847 εἰληφότα
629 1771 727 1838 τὴν
791 1766 974 1847 ἄφεσιν
1043 1772 1151 1823 τῶν
1222 1770 1521 1843 ἁμαρτιῶν,
1575 1767 1673 1823 οὐκ
1738 1766 1815 1822 ἔτι

2000 1327 2161 1383 Idem
2190 1331 2385 1384 autem
2406 1332 2463 1385 et
2510 1328 2669 1395 dicit,
2700 1328 3101 1401 paenitentiam
3149 1343 3279 1384 esse
3332 1341 3574 1383 sensum

1927 1431 2229 1488 magnum.
2265 1418 2372 1482 Qui
2422 1419 2579 1473 enim
2612 1417 3016 1490 paenitentiam
3068 1416 3188 1488 agit
3215 1432 3418 1472 eorum
3449 1433 3575 1488 quae

1926 1505 2079 1572 fecit,
2130 1523 2246 1561 non
2280 1507 2533 1580 amplius
2589 1507 2728 1562 facit
2757 1507 2847 1563 vel
2891 1506 3046 1561 dicit.
3085 1507 3387 1577 Torquens
3440 1521 3574 1561 vero

1927 1594 2184 1649 animam
2214 1611 2383 1650 suam
2430 1600 2667 1668 prOpter
2696 1612 2764 1651 ea
2808 1613 2938 1667 quae
2978 1595 3255 1667 peccavit,
3303 1597 3577 1665 operatur

1926 1683 2092 1739 bene.
2124 1684 2411 1739 Remissio
2441 1699 2579 1757 ergo
2610 1688 2980 1756 peccatorum
3012 1684 3205 1739 diﬁ‘ert
3233 1701 3268 1739 a
3297 1684 3574 1755 poeniten-

1924 1772 2043 1827 tia:
2077 1773 2250 1828 ambo
2280 1779 2478 1829 autem
2509 1775 2831 1829 oatendunt
2883 1790 2952 1829 ea
2998 1789 3127 1829 esse
3156 1773 3215 1827 in
3247 1778 3449 1829 nostra
3476 1790 3575 1845 po-

175 1860 479 1935 άμαρτάνειν
548 1860 687 1933 χρήο
720 1857 807 1912 ἐπὶ
853 1859 955 1935 γὰρ
991 1861 1062 1931 τῇ
1111 1859 1301 1933 πρώτῃ
1347 1857 1437 1912 καὶ
1474 1856 1611 1931 μόνῃ
1664 1863 1853 1929 μετα-ξ

1941 1864 2151 1916 zestate.
2176 1864 2322 1915 Eum
2344 1860 2526 1933 igitur
2546 1861 2646 1933 qui
2679 1860 2909 1932 accepit
2942 1859 3348 1916 remissionem
3379 1877 3575 1932 pecca-

183 1948 294 2020 νοίᾳ
338 1951 445 2003 τῶν
507 1949 788 2023 ἁμαρτιῶν
815 1946 973 2021 (αὕτη
1033 1946 1095 2001 ἂν
1155 1946 1239 2017 εἴη
1297 1951 1406 2001 τῶν
1449 1946 1822 2020 προϋπαρξάν-

184 2057 281 2093 των
308 2036 441 2093 κατᾶ
468 2037 564 2091 τὸν
595 2036 799 2091 ἐθνικὸν
831 2035 920 2091 καὶ
949 2040 1165 2113 πρῶτον
1214 2034 1353 2111 βίον⁶
1398 2036 1489 2090 τὸν
1536 2035 1587 2090 ἐν
1639 2036 1825 2112 ἀγνοίᾳ

187 2124 339 2202 λέγω)
379 2125 576 2181 αὐτίκα
602 2130 717 2188 τοῖς
746 2125 996 2195 κληθεῖσι
1027 2125 1307 2202 πρόκειται
1352 2123 1628 2198 μετάνοια,
1660 2126 1695 2193 ἡ
1727 2146 1823 2179 κα-

186 2214 429 2292 θαίρουσα
455 2215 553 2270 τὸν
582 2214 750 2270 τόπον
775 2217 873 2285 τῆς
924 2218 1113 2290 ψυχῆς
1163 2215 1269 2269 ἀπὸ
1314 2218 1421 2269 τῶν
1472 2210 1824 2287 πλημμελη-

186 2305 377 2378 μάτων,
419 2302 519 2360 ἳνα
568 2306 604 2374 ἡ
652 2302 833 2367 πίστις
876 2302 1210 2378 θεμελιωθῇ.
1260 2300 1709 2379 Καρδιογνώστης
1768 2300 1825 2357 δὲ

188 2391 305 2449 ὣνὸ
333 2393 557 2468 Κύριος,
590 2394 681 2448 καὶ
733 2395 801 2447 τὰ
861 2391 1138 2467 μέλλοντα
1182 2393 1594 2468 προγινώσκων,
1645 2392 1708 2446 τό
1764 2413 1825 2447 τε

191 2478 550 2555 εὐμετάϐολον
597 2487 695 2537 τοῦ
741 2481 1052 2556 ἀνθρώπου,
1084 2480 1173 2537 καί
1219 2483 1281 2537 τὸ
1332 2476 1683 2555 παλίμϐολον
1737 2481 1826 2535 καὶ

195 2576 486 2648 πανοῦργον
533 2576 632 2627 τοῦ
678 2566 959 2641 διαϐόλου,
1010 2569 1205 2626 ἄνωθεν
1254 2572 1491 2648 ἀρχῆθεν
1555 2569 1825 2647 προεῖδεν,

198 2660 284 2732 ὡς,
318 2660 573 2731 ζηλώσας
606 2660 692 2715 ἐπὶ
718 2664 789 2735 τῇ
822 2661 1004 2737 ἀφέσει
1031 2664 1139 2715 τῶν
1169 2662 1448 2736 ἁμαρτιῶν
1482 2662 1573 2716 τὸν
1621 2658 1825 2738 ἅνθρω-

195 2770 309 2821 πον,
356 2749 748 2825 προστρίψεταί
810 2770 959 2812 τινας
1025 2748 1199 2804 αἶτίατ
1254 2754 1359 2805 τῶν
1420 2750 1825 2828 ἁμαρτημάτων

194 2843 298 2899 τοῖς
353 2837 581 2900 δούλοις
652 2841 751 2893 τοῦ
809 2842 963 2912 Θεοῦ,
1022 2838 1301 2916 φρονίμως
1365 2839 1827 2915 πονηρευόμενος,

194 2925 331 2988 ὅπως
374 2924 440 2996 δὴ
494 2926 587 2981 καὶ
633 2925 785 2981 αὐτοὶ
834 2926 1205 2982 συνεκπέσοιεν
1236 2926 1401 2999 αὐτῷ.
1451 2925 1688 2983 Ἔδωκεν
1739 2924 1829 2981 οὗν

194 3014 356 3086 ἄλλην
387 3015 475 3071 ἐπὶ
506 3020 628 3078 τοῖς
656 3016 753 3071 κάν
780 3019 851 3090 τῇ
882 3015 1058 3071 πίστει
1086 3016 1469 3089 περιπίπτουσί
1506 3038 1611 3071 τινι
1642 3016 1757 3086 πλη
1770 3039 1831 3090 μ-

198 3101 483 3178 μελήματι,
535 3102 835 3165 πολυέλεος
920 3101 1015 3175 ὢν,
1076 3102 1357 3178 μετάνοιαν
1422 3104 1686 3177 δευτὲροιν⁹
1746 3107 1826 3178 ἢν,

1931 1954 2151 2018 torum,
2176 1966 2292 2005 non
2316 1954 2543 2021 oportet
2561 1949 2815 2022 amplius
2837 1966 3108 2021 peccare;
3142 1966 3277 2005 nam
3303 1948 3365 2004 in
3386 1951 3577 2022 prima

1931 2042 1988 2095 et
2017 2039 2144 2095 sola
2174 2043 2547 2112 peccatorum
2577 2039 2918 2112 poenitentia
2947 2040 3038 2110 (ea
3067 2042 3262 2094 autem
3285 2038 3461 2093 fuerit
3480 2054 3577 2095 eo-

1932 2145 2086 2195 rum,
2119 2145 2245 2201 quaa
2268 2128 2431 2201 prius
2453 2128 2875 2185 exstiteruntin
2898 2127 3102 2201 gentili
3131 2131 3189 2183 et
3215 2127 3394 2199 priori
3418 2127 3539 2183 vita
3562 2146 3576 2195 ;

1932 2234 2019 2287 ea,
2052 2217 2317 2289 inquam,
2350 2234 2475 2287 quae
2508 2216 2697 2273 fuitin
2750 2217 3101 2290 ignorantia)
3148 2216 3222 2273 iis
3253 2215 3428 2272 etiam
3477 2206 3605 2287 qui

1932 2306 2120 2362 vocati
2150 2311 2307 2375 sunt,
2339 2306 2689 2377 proponitur
2717 2306 3077 2378 poenitentia,
3110 2321 3442 2378 expurgans
3488 2304 3579 2360 lo-

1933 2412 2069 2451 cum
2099 2396 2309 2451 animae
2334 2413 2367 2451 a
2397 2394 2647 2462 delictis,
2682 2398 2747 2449 ut
2775 2395 2917 2450 ﬁdes
2939 2395 3236 2450 fundetur.
3272 2395 3415 2450 Cum
3445 2410 3579 2449 vero

1935 2484 2216 2541 Dominus
2240 2484 2624 2555 cogitationes
2641 2483 3091 2555 praecordiorum
3114 2483 3287 2548 norit,
3310 2488 3368 2539 et
3384 2484 3581 2538 futura

1936 2574 2221 2646 praesciat,
2255 2574 2489 2629 facilem
2509 2573 2764 2629 hominis
2785 2573 3192 2643 mutationem,
3223 2576 3281 2628 et
3302 2572 3581 2644 multipli-

1937 2679 2061 2719 cem
2093 2663 2449 2735 nequitatem
2482 2662 2718 2730 diaboli,
2744 2664 2868 2733 jam
2900 2662 3033 2718 inde
3065 2660 3402 2734 aprincipio
3434 2678 3578 2733 pree-

1941 2752 2077 2808 vidit
2106 2753 2259 2823 quod
2309 2752 2536 2807 homini
2586 2752 2852 2807 invidens
2901 2757 3135 2822 propter
3170 2751 3579 2807 remissionem

1936 2846 2326 2914 peccatorum,
2352 2841 2578 2912 aliquas
2594 2857 2803 2896 causas
2815 2840 3159 2895 delictorum
3173 2843 3445 2912 suggeret
3466 2855 3583 2894 ser-

1936 2932 2025 2987 vis
2054 2930 2177 2999 Dei,
2210 2934 2402 2986 astute
2431 2935 2489 2985 et
2511 2929 2767 3001 maligne
2796 2928 3065 2995 moliens,
3097 2934 3163 2984 ut
3191 2928 3304 3000 ipsi
3350 2944 3585 3000 quoque

1938 3036 2072 3075 cum
2103 3036 2168 3075 eo
2200 3020 2431 3074 cadant.
2458 3018 2629 3074 Dedit
2656 3034 2814 3090 ergo,
2842 3034 2975 3073 cum
3007 3017 3083 3073 sit
3114 3016 3313 3073 multae
3356 3016 3585 3073 miseri-

1937 3108 2169 3176 cordiae,
2204 3108 2277 3163 iis
2310 3107 2411 3178 qui
2442 3106 2619 3162 etiam
2652 3106 2711 3161 in
2769 3106 2883 3161 ﬁde
2913 3105 3184 3161 incidunt
3226 3106 3287 3161 in
3345 3105 3583 3178 aliquod

198 3191 245 3247 εἴ
262 3213 338 3255 τις
370 3192 751 3271 ἐκπειρασθείη
788 3194 924 3266 μετά
948 3194 1047 3262 τὴν
1092 3192 1315 3262 κλῆσιν,
1350 3192 1587 3268 βιασθεὶς
1636 3191 1694 3248 δὲ
1738 3193 1828 3248 καὶ

475 3284 502 3298 Α
540 3282 556 3298 \
749 3281 761 3298 1
914 3276 939 3298 Ἰ
1207 3281 1218 3298 r
1468 3281 1482 3298 θ
1678 3282 1689 3298 1

1941 3201 2267 3269 peccatum,
2289 3195 2465 3251 aliam
2482 3200 2540 3251 et
2561 3195 2881 3251 secundam
2913 3194 3316 3267 paenitentiam
3343 3212 3357 3249 :
3386 3212 3586 3267 quam,
3610 3202 3611 3207 ‘

193 3282 612 3361 κατασοφισθεὶς,

197 3365 342 3445 λάϐῃ.

702 3281 827 3356 μίαν
912 3276 991 3338 ἔτι
1091 3281 1372 3355 μετάνοιαν
1458 3281 1824 3356 ἀμετανόητον

1940 3285 1990 3341 si
2010 3285 2141 3357 quis
2171 3289 2435 3341 tentatus
2462 3284 2638 3339 fuerit
2658 3288 2790 3356 post
2812 3284 3197 3353 vocationem,
3231 3289 3287 3339 et
3326 3288 3585 3351 coactus,

1939 3379 1996 3431 et
2023 3374 2231 3430 callide
2275 3373 2729 3439 circumventus,
2765 3390 2945 3428 unam
2977 3372 3169 3428 adhuc
3199 3373 3271 3428 ad
3300 3373 3588 3447 poeniten-

1937 3464 2080 3519 dum
2112 3463 2360 3535 accipiat
2389 3463 2813 3534 paenitentiam.
2844 3463 2964 3519 Lib.
3000 3480 3064 3531 ιι,
3090 3462 3277 3517 mand.
3319 3479 3395 3529 ιν,
3423 3479 3585 3535 capp.

1934 3554 2133 3608 2et3.

1201 3666 1372 3736 IDEM,
1397 3666 1556 3734 ibid.,
1588 3668 1688 3723 lib.
1722 3685 1797 3734 1v,
1827 3685 1948 3740 cap.
1980 3668 2035 3739 9,
2066 3685 2236 3742 pagg.
2266 3668 2397 3737 596,
2426 3667 2554 3722 597.

258 3760 454 3817 Αὐτίκα
516 3762 546 3817 ὁ
602 3762 819 3834 Ποιμήν
886 3782 1070 3839 φησιν·
1127 3761 1468 3840 Ἐκφεύξεσθε
1521 3764 1620 3831 τήν
1681 3763 1824 3839 ἐνέρ-

191 3869 322 3924 γειαν
369 3855 467 3905 τοῦ
532 3848 744 3927 ἀγρίου,
777 3848 865 3904 ἐὰν
914 3852 952 3920 ἡ
999 3848 1194 3927 καρδία
1251 3851 1401 3925 ὑμῶν
1463 3850 1681 3927 γενηται
1730 3873 1825 3907 κα-

194 3940 317 4013 θαρά
344 3938 433 3994 καὶ
465 3936 726 4013 ἄμωμος.

2009 3769 2140 3821 Jam
2168 3781 2303 3821 vero
2332 3767 2533 3820 Pastor
2561 3763 2741 3820 dicit:
2774 3765 3054 3836 Eﬂugietis
3084 3766 3201 3819 vim
3228 3766 3367 3835 ferae
3397 3766 3585 3824 bestia:

1936 3856 1984 3909 .ςὶ
2013 3871 2107 3910 cor
2136 3862 2374 3910 vestrum
2392 3855 2566 3925 fuerit
2589 3870 2798 3925 purum
2830 3868 2894 3907 ac
2915 3854 3040 3908 sine
3093 3854 3334 3909 macula.
3395 3854 3517 3910 Lib.
3544 3873 3589 3925 1,

1937 3942 2045 3999 vis.
2078 3961 2155 4015 IV,
2186 3960 2312 4016 cap.
2341 3946 2393 3998 2.

1284 4085 1448 4154 IDEM,
1482 4083 1641 4154 ibid.,
1675 4084 1772 4140 lib.
1822 4101 1895 4140 v1.
1924 4102 2047 4159 cap.
2082 4086 2172 4154 15,
2196 4104 2326 4159 pag.
2358 4087 2486 4143 806.

255 4195 322 4251 Ἦ
367 4197 474 4273 γὰρ
529 4195 658 4274 οὗχί
708 4196 797 4252 καὶ
842 4196 894 4253 ἐν
944 4200 1014 4272 τῇ
1064 4196 1246 4273 ὁράσει
1281 4200 1625 4275 τῷἙρμᾷὴ
1661 4198 1828 4254 Δύνα-

196 4303 279 4355 μις
308 4284 358 4339 ἐν
397 4289 482 4358 τῷ
530 4284 686 4358 τύπῳ
730 4292 831 4356 τῆς
877 4285 1208 4357 Ἐκκλησίας
1255 4292 1497 4365 φανεῖσα,
1530 4284 1727 4343 ἔδωκεν
1772 4288 1837 4343 τὸ

198 4366 403 4446 βιϐλίον
438 4372 523 4435 εἷς
557 4376 926 4452 μεταγραφὴν,
954 4375 984 4429 ’ὀ
1015 4380 1135 4437 τοῖς
1168 4374 1443 4438 ἐκλεκτοῖς
1471 4374 1835 4452 ἀναγγελῆναι

2016 4206 2226 4260 Annon
2256 4202 2412 4259 enim
2442 4206 2499 4258 et
2524 4202 2750 4274 Virtus,
2774 4218 2901 4275 quae
2943 4201 3005 4257 in
3055 4201 3279 4259 visione
3324 4202 3600 4275 apparuit

1948 4293 2167 4347 Hermae
2188 4291 2250 4346 in
2280 4291 2466 4364 ﬁgura
2498 4291 2791 4361 Ecclesiae,
2824 4290 2986 4347 dedit
3014 4290 3232 4346 librum
3282 4294 3349 4347 ut
3377 4291 3592 4348 descri-

1946 4381 2127 4447 beret,
2148 4396 2320 4451 quem
2340 4379 2541 4436 electis
2565 4380 2902 4435 annuntiari
2922 4380 3193 4435 volebat?
3209 4381 3355 4436 Eum
3377 4388 3591 4451 autem,

193 4454 482 4534 ὲϐούλετο;
514 4466 675 4517 τοῦτο
708 4460 765 4518 δὲ
799 4465 1172 4539 μετεγράψατο
1221 4466 1355 4542 πρὸς
1400 4464 1647 4541 γράμμα,
1682 4468 1836 4543 φησί,

1947 4468 2165 4540 inquit,
2198 4468 2583 4541 tuanscripsit
2604 4470 2673 4524 ad
2692 4468 2948 4524 litteram
2974 4487 2985 4535 ;
3008 4485 3123 4525 non
3145 4468 3445 4524 inveniens
3472 4486 3590 4540 quo

197 4550 266 4621 μὴ
298 4550 562 4628 εὑρίσκων
591 4551 688 4614 τὰς
721 4549 993 4615 συλλαϐὰς
1019 4550 1254 4608 τελέσαι.

1943 4557 2115 4613 modo
2147 4556 2401 4629 syllabas
2432 4557 2757 4630 perﬁceret.
2794 4559 2914 4613 Lib.
2949 4574 2988 4625 ι,
3019 4559 3121 4613 vis.
3154 4574 3214 4624 ιι,
3246 4573 3366 4629 cap.
3390 4556 3444 4612 4.

1838 4683 1937 4738 Ill.

1101 4770 1520 4826 Tsarccumus
1548 4770 1871 4840 catholicus,
1904 4772 2001 4827 tib.
2036 4776 2112 4827 De
2135 4772 2415 4840 oratione,
2448 4790 2567 4844 cap.
2604 4772 2689 4825 12.

257 4881 421 4959 Quod
450 4882 754 4959 assignate
782 4883 1041 4941 oratione
1070 4885 1369 4959 assidendi
1407 4902 1536 4942 mos
1574 4891 1664 4942 est
1694 4887 2069 4959 quibusdam,
2104 4905 2221 4944 non
2263 4887 2549 4959 perspicio
2596 4886 2900 4958 rationem,
2934 4887 3047 4943 nisi
3080 4887 3130 4942 si
3182 4890 3427 4942 Hermas
3466 4883 3588 4959 ille,

192 4953 831 5031 cujus_scriptura_fere
857 4956 1435 5031 Pastor‘inscribitur,
1467 4953 1765 5031 transacta
1795 4953 2074 5025 oratione,
2128 4953 2452 5031 non-super
2509 4958 2726 5031 lectum
2764 4953 3112 5031 assedisset,
3170 4973 3375 5013 verum
3426 4956 3587 5031 aliud

192 5025 326 5103 quid
358 5025 617 5103 fecisset,
649 5026 707 5081 id
728 5044 972 5103 quoque
1002 5028 1072 5083 ad
1094 5028 1553 5103 observationem
1584 5030 2032 5103 vindicaremus.
2065 5031 2277 5103 Utique
2318 5025 2452 5086 n'on.
2514 5029 2869 5103 Simpliciter
2919 5030 3073 5103 enim
3099 5025 3105 5027 ⁷
3130 5037 3187 5084 et
3216 5045 3389 5103 nunc
3428 5028 3586 5103 posi-

192 5044 326 5094 quia
358 5044 617 5092 recisset,
649 5044 707 5081 10
733 5044 972 5099 quoque
1002 5044 1072 5083 ad
1094 5044 1553 5085 onservationem
1584 5044 2032 5086 Vindicaremus.
2070 5044 2277 5103 Utique
2318 5048 2452 5086 non.
2514 5044 2869 5102 διωριιοιιει-
2919 5047 3073 5085 enim
3130 5044 3187 5084 et
3216 5045 3373 5084 nunc
3428 5044 3586 5154 p051-

191 5098 312 5182 tum
341 5102 471 5179 est:
507 5097 643 5153 Cum
672 5098 981 5182 adorasacm
1013 5104 1067 5182 ct
1095 5100 1605 5182 assedissemcapci:
1632 5101 1845 5182 iegtuni
1868 5118 1898 5182 :_
1914 5104 1989 5182 ad
2013 5102 2276 5182 ordinem
2310 5101 2686 5182 narrationis,
2716 5117 2830 5156 non
2880 5102 2950 5182 ad
3002 5102 3191 5182 instar
3245 5099 3433 5182 discip
3461 5101 3588 5156 inea.

194 5165 466 5245 alioquin
494 5185 805 5245 nusquam
820 5170 930 5225 erit
952 5172 1345 5245 adorandum,
1374 5165 1517 5228 nisi'
1547 5173 1646 5228 ubi
1680 5173 1855 5229 fuerit
1884 5172 2104 5230 lectus:
2130 5174 2249 5230 imo
2280 5178 2480 5229 contra
2506 5165 2868 5245 Scripturam
2892 5172 3113 5238 fecerit,
3144 5173 3192 5228 si
3226 5172 3360 5244 quis
3392 5165 3453 5227 in
3494 5188 3587 5227 ca-

193 5236 412 5310 thedra,
443 5244 545 5298 aut
568 5236 844 5298 subsellio
866 5242 1102 5298 sederit.
1136 5244 1252 5299 Lib.
1276 5236 1341 5311 ιι,
1370 5245 1431 5299 iu
1458 5246 1695 5301 Proaem.

964 5358 1111 5413 IDEM
1138 5359 1562 5414 TBRTULLIANUS
1608 5359 1956 5430 (haereticus),
1992 5360 2092 5429 lib,
2127 5364 2206 5415 De
2234 5358 2535 5430 pudicitia,
2559 5375 2678 5430 cap.
2710 5359 2800 5414 40.

260 5458 412 5547 Dentis
435 5461 628 5547 ponus
657 5466 787 5547 est":
816 5465 963 5547 suis,
996 5481 1111 5547 non
1131 5465 1390 5547 ethnicis
1412 5466 1604 5546 sinum
1637 5465 1910 5547 subjicit:
1939 5467 2197 5547 secunda
2218 5472 2271 5547 te
2293 5458 3080 5547 poenitentia-eaeipietgeris
3110 5465 3321 5547 iterhum
3352 5463 3423 5545 de
3454 5476 3593 5517 mar

196 5528 298 5608 cbo
318 5531 708 5608 Christianus.
733 5528 967 5608 Haec
1000 5536 1166 5607 mihi,
1201 5537 1624 5608 benignissime
1657 5528 2102 5608 Deiinterpres!
2139 5538 2249 5592 Sed
2280 5528 2541 5592 cederem
2602 5537 2727 5603 tibi,
2761 5528 2807 5591 si
2852 5537 3139 5608 scriptura
3194 5536 3589 5608 Pastoris‘quaa

198 5600 319 5655 sola
347 5606 606 5661 mcechos
638 5610 817 5670 amat,
849 5606 1042 5662 divino
1073 5600 1464 5663 instrumEnto
1495 5610 1806 5664 meruisset
1834 5600 2047 5674 incidi;
2079 5609 2126 5663 si
2147 5627 2258 5664 non
2291 5609 2362 5663 ab
2392 5600 2828 5663 omniconcillio
2851 5600 3262 5672 Ecclesiarum,
3296 5600 3587 5660 etiam—ve-

199 5676 468 5755 strarum,
500 5677 1003 5755 interapocrypha
1030 5683 1087 5734 et
1116 5679 1662 5755 falsa_judi_carctpr
1688 5699 1700 5745 ;
1737 5681 2001 5735 adultera
2020 5685 2077 5755 et
2100 5682 2246 5755 ipsa,
2279 5686 2337 5755 ct_
2366 5680 2498 5755 inde
2531 5684 2773 5755 patrona
2802 5681 3092 5755 sociorum
3119 5697 3132 5745 ;
3167 5696 3200 5755 a
3222 5694 3338 5749 qua
3366 5676 3587 5755 etalias

201 5748 485 5803 initiaris:
519 5749 614 5805 cui
661 5748 760 5806 ille
798 5748 1023 5807 si'forte
1075 5748 1539 5823 patrocinabitur
1585 5753 1782 5808 Pastor
1812 5768 1984 5823 quem
2020 5753 2076 5806 in
2112 5748 2286 5808 calice
2308 5748 2596 5823 depingis,
2629 5753 3070 5822 prostitutorem
3092 5755 3149 5805 et
3180 5748 3374 5822 ipsum
3421 5748 3583 5805 Chri-
