4038 6210
1567 385 1892 450 PASTOR.
1920 418 2001 435 --
2025 385 2441 451 ΡίὶοίΕΜῙΑ.

830 540 998 611 IDEM,
1028 546 1188 601 tract.
1218 561 1373 617 xxx1,
1404 545 1723 603 Comment.
1757 547 1816 603 in
1848 547 2053 604 Matth.
2084 564 2235 615 xx1v,
2267 549 2355 602 112.
2389 547 2544 616 ibid.,
2572 564 2697 620 pag.
2730 546 2854 618 877,
2885 546 2990 604 col.
3020 546 3077 614 2,
3108 548 3171 601 B.

378 652 543 739 Nam:
573 652 726 739 sicut
754 654 1176 739 legimusapud
1202 662 1505 739 Pastorem,
1538 678 1677 739 vasa
1707 664 1881 739 plena
1907 681 2023 720 non
2054 664 2165 720 cito
2196 664 2328 735 quis
2358 667 2577 739 gustat,
2610 681 2713 720 nec
2742 665 2896 739 enim
2937 667 3239 739 mutantur
3267 659 3436 719 facile
3470 678 3482 717 :
3515 658 3695 715 semi-

307 722 483 796 plena
511 722 706 784 autem
736 722 875 801 quia
898 722 1077 788 facile.
1091 734 1409 789 creduntur
1437 722 1674 805 mutari,
1706 722 2037 809 lrequenter
2065 722 2399 809 gustentur:
2425 722 2643 808 Lib.'11,
2672 736 2859 791 mand.
2892 750 2991 803 XII,
3022 750 3143 808 cap.
3168 736 3223 790 5.

965 882 1135 952 IDEM,
1168 886 1378 942 Homil.
1410 904 1576 955 xxxv,
1608 886 1667 941 in
1693 890 1907 943 Lucam
1937 903 2065 959 cap.
2092 903 2193 959 x11,
2225 888 2315 956 58,
2344 886 2503 958 ibid.,
2531 902 2657 958 pag.
2688 886 2812 957 973,
2846 885 2908 942 B.
2941 885 3002 941 C.

374 998 663 1080 Legimus
694 998 766 1080 (si
818 1003 1011 1080 tamen
1056 1000 1155 1080 cui
1184 1001 1371 1080 placet
1413 1002 1754 1080 hujusmodi
1803 1004 2151 1075 scripturam
2194 1004 2465 1077 recipere)
2508 1001 3182 1080 justitiae_etiniquitatis
3229 1000 3496 1080 angelos“
3516 1014 3695 1080 super

304 1070 855 1147 Abrahgsaluteet
900 1071 1137 1147 interitu
1185 1070 1607 1147 disceptantes,
1661 1077 1819 1147 dum,
1838 1070 2096 1147 utrisque
2124 1070 2329 1133 turmze'
2358 1070 2485 1147 suo
2508 1070 2648 1131 eum
2679 1074 2881 1147 volunt
2909 1070 3085 1129 coetui
3108 1070 3426 1147 Δνὶζιᾶίοῐιιιεξ.
3460 1070 3620 1147 Quod
3649 1070 3699 1124 si

304 1141 394 1218 cu_i
425 1142 718 1218 displicet,
766 1146 1027 1218 transeat
1055 1144 1127 1198 ad
1158 1141 1431 1218 volumen
1486 1141 1641 1218 qudd
1692 1146 1861 1202 titulo
1892 1141 2144 1204 Pas-toris
2192 1146 2491 1213 scribitur,
2543 1152 2599 1202 et
2626 1145 2879 1218 inveniet
2926 1144 3153 1200 cunctis
3185 1143 3521 1218 hominibus
3554 1142 3703 1218 duos

305 1214 507 1291 adesse
523 1213 817 1291 angelos:
850 1214 1071 1270 malum
1101 1216 1201 1287 qui
1232 1219 1305 1274 ad
1337 1213 1609 1291 perversa
1636 1218 1994 1287 exhortatur,
2022 1224 2081 1275 et
2111 1220 2331 1276 bonum
2362 1219 2463 1291 qui
2495 1219 2565 1273 ad
2599 1217 2821 1288 optima
2850 1233 3105 1288 quaequae
3137 1214 3472 1288 persuadet.
3504 1214 3700 1281 Lib.11,

302 1285 483 1343 mund.
513 1302 592 1355 v1,
623 1285 743 1358 cap.
774 1288 829 1341 2.

793 1423 953 1494 Ιοειί,
984 1428 1109 1479 tom.
1145 1423 1166 1477 Ι
1197 1423 1520 1479 Comment.
1552 1423 1614 1479 in
1638 1423 1815 1479 Joan.
1852 1442 1896 1494 1,
1928 1426 1978 1480 1.
2015 1428 2156 1497 Opp.
2176 1434 2320 1482 'tom.
2352 1426 2421 1492 II,
2450 1442 2580 1498 pag.
2616 1425 2709 1495 l7,
2740 1425 2801 1495 E,
2834 1425 2962 1481 edit.
2995 1423 3198 1479 Huetii.

258 1530 259 1533 Ἴ
364 1540 526 1598 Ἀλλ’
574 1543 635 1599 οὐ
683 1545 809 1620 παρ’
858 1546 992 1618 ἡμῖν
1039 1549 1153 1607 τοῖς
1209 1545 1550 1619 πειθομένοις
1617 1544 1699 1601 ὅτι
1744 1546 1795 1619 ἐξ
1846 1547 1945 1602 οὐκ

2124 1550 2304 1607 Secus
2333 1566 2467 1606 vero
2515 1551 2668 1621 apud
2701 1566 2808 1605 nos
2855 1553 2944 1607 est
2992 1548 3094 1621 qui
3124 1546 3439 1612 credimus,
3486 1560 3554 1601 ex
3582 1561 3698 1599 non

302 1626 467 1687 ὄντων
498 1635 570 1687 τὰ
597 1628 725 1690 ὅντα
754 1633 1004 1705 ἐποίησεν
1034 1635 1061 1689 ὁ
1093 1635 1240 1708 Θεὸς,
1273 1635 1346 1698 ὡς
1376 1638 1411 1705 ἡ
1448 1638 1633 1709 μήτηρ
1661 1640 1768 1690 τῶν
1810 1636 1939 1691 ἑπτὰ

2097 1640 2288 1695 ntibus
2319 1638 2503 1694 Deum
2533 1638 2690 1695 entia
2719 1638 2947 1707 fecisse,
2995 1641 3061 1693 ut
3109 1639 3297 1692 mater
3343 1634 3446 1689 illa
3472 1636 3697 1705 septem

304 1719 590 1798 μαρτύρων
644 1722 697 1780 ἐν
754 1719 1183 1794 Μακκαϐαϊκοῖς,
1237 1725 1327 1779 καὶ
1387 1725 1415 1779 ὁ
1470 1732 1571 1793 τῆς
1639 1725 1939 1798 μετανοίας·

2054 1732 2377 1800 martyrum
2409 1727 2468 1782 in
2516 1726 2980 1783 Macbabaaorum
3009 1724 3211 1797 gestis,
3255 1727 3313 1779 et
3342 1722 3697 1795 pcenitentia:

303 1810 535 1886 ἄγγελος
567 1810 618 1867 ἐν
646 1816 726 1885 τῷ
770 1814 1003 1887 Ποιμένι
1040 1811 1263 1887 ἐδιδαξε.
1297 1815 1414 1871 νίά.
1444 1817 1550 1887 inf.
1585 1817 1682 1872 lib.
1717 1834 1777 1886 II,
1810 1814 1939 1891 Περῖ

2097 1816 2311 1888 .ngelus
2352 1816 2413 1871 in
2443 1818 2670 1873 Pastore
2716 1814 2931 1872 docuit.
2964 1814 3083 1872 Lib.
3130 1830 3170 1882 1,
3202 1814 3305 1868 vis.
3338 1829 3377 1880 1,
3408 1826 3527 1882 cap.
3564 1812 3619 1881 1,
3650 1816 3701 1865 et

300 1899 482 1976 ἀρχῶν
516 1918 647 1977 cap.
683 1904 738 1973 1,
768 1920 932 1959 num.
962 1905 1016 1959 5.

2053 1906 2150 1962 lib.
2183 1922 2246 1975 11,
2276 1905 2463 1961 mand.
2491 1923 2531 1961 1.

787 2066 956 2132 IDEM,
992 2067 1090 2123 lib.
1122 2084 1163 2138 1,
1196 2064 1327 2141 Περὶ
1358 2065 1545 2141 ἀρχῶν
1577 2084 1698 2139 cap.
1731 2068 1787 2136 3,
1816 2083 1939 2123 num

2097 2068 2214 2123 adit.
2248 2068 2426 2123 Paris.
2458 2081 2583 2123 nov.
2612 2072 2740 2121 tom.
2772 2065 2817 2133 Ι,
2844 2081 2971 2136 pag.
3002 2064 3092 2134 61,
3124 2062 3186 2118 C.

360 2182 513 2260 hlam
566 2184 625 2236 et
663 2179 731 2260 in
779 2197 845 2238 eo
892 2180 1090 2260 libello
1133 2182 1234 2254 qui
1277 2184 1529 2260 Pastoris
1559 2182 1771 2260 dicitur
1800 2182 1992 2260 angeli
2018 2181 2387 2260 paenitentiae,
2423 2198 2592 2254 quem
2616 2184 2869 2260 .Hermas
2899 2178 3267 2260 conscripsit,
3298 2175 3380 2260 ita
3402 2174 3648 2258 refertur
3682 2189 3695 2260 ς

298 2252 488 2325 Primo
519 2254 770 2310 omnium
796 2254 951 2310 crede
979 2255 1108 2325 quia
1134 2250 1279 2310 unus
1307 2260 1390 2311 est
1416 2259 1563 2310 Deus
1592 2257 1688 2325 qui
1716 2250 1909 2309 omnia
1930 2250 2136 2311 creavit
2162 2263 2322 2325 atque
2350 2250 2649 2324 corhposuit
2678 2254 2837 2325 :qui,
2869 2267 2992 2307 cum
3016 2250 3163 2307 nihil
3213 2256 3345 2305 esset
3388 2250 3562 2320 prius,
3591 2259 3704 2302 esse

294 2323 418 2391 [ecit
442 2324 636 2380 omnia
668 2340 681 2380 :
714 2326 811 2397 qui
839 2334 921 2382 est
948 2323 1133 2383 omnia
1159 2328 1399 2398 capiens,
1430 2328 1544 2398 ipse
1571 2323 1697 2383 vero
1721 2344 1756 2381 a
1782 2327 2004 2382 nemine
2032 2323 2266 2399 capitur.
2300 2325 2423 2381 Lib.
2457 2323 2518 2394 1’1,
2542 2324 2749 2407 ‘mand.
2783 2341 2821 2379 1.

1062 2481 1231 2549 lum,
1268 2478 1431 2545 lbid.,
1464 2478 1561 2549 lib,
1595 2494 1658 2544 11,
1688 2493 1807 2549 cap.
1846 2478 1896 2547 1,
1929 2494 2083 2533 num.
2123 2478 2178 2545 5,
2213 2479 2251 2533 ι.
2283 2493 2330 2532 c.
2360 2493 2487 2548 pag.
2518 2476 2612 2544 79,
2643 2475 2744 2530 col.
2780 2476 2831 2542 1,
2864 2475 2927 2529 Β.

362 2598 431 2654 Ut
461 2603 662 2674 autem
693 2600 869 2674 etiam
894 2616 968 2674 ex
998 2602 1434 2674 Scripturarum
1465 2602 1811 2658 auctoritate
1842 2601 1964 2657 haec
1994 2602 2076 2657 ita
2104 2617 2165 2674 se
2188 2601 2428 2674 habere
2476 2600 2806 2674 credamus.
2826 2670 2839 2674 _
2858 2598 3021 2674 audi_
3040 2595 3432 2674 quomodo‘in
3463 2594 3700 2674 Machaj

298 2670 557 2746 hazorum
588 2671 775 2746 libris,
808 2672 907 2728 ubi
938 2666 1378 2746 matefseptem
1410 2678 1735 2745 martyrum
1769 2691 1953 2728 unum
1985 2690 2053 2728 ex
2099 2673 2234 2728 ﬁliis
2265 2674 2602 2746 cohortatur
2644 2673 2714 2727 ad
2765 2666 3077 2746 toleranda
3110 2670 3441 2746 tormenta_,_
3474 2668 3545 2723 de
3591 2666 3702 2746 lict,=

292 2742 567 2825 dogmate
597 2738 978 2825 conﬁrmatur
1012 2761 1023 2799 :
1058 2746 1203 2825 Rogo
1221 2738 1301 2814 te,
1335 2738 1898 2825 ﬁli,_respice_c(elum
1926 2754 1977 2800 et
2007 2753 2229 2825 terram,
2262 2750 2315 2800 et
2370 2744 2440 2799 ad
2469 2746 2657 2825 omnia
2684 2745 3007 2825 quaajrreis
3034 2749 3202 2807 sunt;
3249 2746 3305 2825 et
3354 2738 3538 2825 uidens
3584 2738 3699 2825 lac.

288 2811 472 2870 Primo
505 2816 755 2890 omnium
781 2816 956 2890 crede,
988 2818 1119 2886 quia
1132 2811 1295 2890 'unus
1317 2811 1398 2873 est
1427 2811 1567 2873 Deus
1594 2819 1691 2890 qui
1718 2818 1906 2872 omnia
1933 2819 2141 2872 creavit
2169 2820 2329 2888 atque
2356 2811 2764 2885 composuitfet
2790 2816 2921 2886 fecit
2947 2830 3017 2870 ea:
3043 2829 3106 2869 eo
3135 2811 3279 2884 quod
3306 2811 3452 2867 nihil
3477 2818 3614 2880 erat,
3636 2812 3701 2864 ut

286 2895 460 2942 essent
489 2887 777 2942 universa.
808 2887 929 2943 Lib.
964 2904 1027 2959 11,
1058 2889 1259 2943 mand.
1292 2906 1331 2943 1.

1013 3021 1177 3092 IDEM,
1210 3020 1380 3086 ibid.,
1413 3021 1513 3077 lib.
1553 3037 1636 3089 111,
1668 3038 1791 3092 cap.
1832 3023 1887 3089 2,
1918 3038 1939 3075 φ

2106 3021 2161 3090 4,
2194 3021 2233 3075 ι.
2267 3037 2338 3087 c.,
2364 3037 2498 3092 pag.
2533 3020 2657 3087 140,
2689 3020 2791 3076 col.
2821 3020 2877 3085 2,
2910 3018 2971 3073 D.

354 3134 465 3190 Sed
502 3137 561 3189 et
580 3137 838 3209 Pastoris
866 3135 1016 3209 liber
1039 3136 1160 3192 haec
1194 3138 1396 3209 eadem
1426 3135 1680 3192 declarat
1709 3135 2093 3207 dicens,quod
2124 3135 2247 3209 bini
2280 3136 2469 3209 angeli
2502 3134 2763 3209 singulos
2794 3151 3053 3209 quosque
3082 3134 3389 3209 hominum
3421 3130 3699 3189 comiten-

287 3206 378 3259 tur
408 3223 420 3259 :
453 3209 516 3261 et
546 3205 865 3334 siaquando
897 3208 1061 3263 bona:
1092 3208 1474 3281 cogitationes
1506 3224 1604 3263 cor
1630 3211 1897 3263 nostrum
1930 3205 2319 3277 ascenderint,
2353 3205 2387 3263 ὁ.
2417 3208 2567 3264 bono
2591 3205 2797 3279 angelo
2822 3205 3056 3279 suggeri
3086 3206 3228 3262 dicit
3258 3222 3270 3260 :
3307 3205 3357 3261 si
3386 3220 3519 3261 vero
3565 3220 3697 3259 con-

290 3276 505 3334 trariae.
538 3293 598 3333 m
660 3278 679 3333 i
712 3278 905 3334 angeli
931 3280 1074 3334 dicit
1108 3295 1237 3334 esse
1265 3280 1629 3334 instinctum.
1660 3280 1779 3333 Lib.
1814 3296 1876 3334 11.
1908 3279 2096 3334 mand.
2130 3296 2205 3334 1v.
2238 3294 2366 3334 oan.
2398 3282 2452 3334 2.

290 3276 505 3346 trariis,
538 3293 598 3333 m

660 3278 679 3333 i
712 3278 905 3351 angeli
931 3280 1074 3335 dicit
1108 3278 1237 3336 esse
1265 3280 1629 3336 instinctum.
1660 3280 1779 3333 Lib.
1814 3296 1876 3349 11,
1908 3279 2096 3334 mand.
2130 3296 2205 3346 1v,
2238 3294 2366 3351 oap.
2398 3282 2452 3334 2.

858 3431 1023 3498 IDEM,
1055 3430 1193 3489 ibid.
1226 3430 1325 3487 lib.
1356 3446 1431 3501 1v,
1462 3446 1579 3502 cap.
1606 3433 1663 3498 2,
1693 3448 1849 3487 num.
1886 3432 1941 3500 8,
1974 3432 2013 3486 ι.
2047 3447 2118 3499 c.,
2143 3446 2273 3502 pag.
2310 3429 2433 3496 168,
2462 3444 2532 3485 ex
2563 3428 2894 3486 Pbilocalia:
2931 3428 3112 3501 cap.1.

450 3564 541 3618 Ex
577 3562 919 3634 interpretat.
951 3562 1165 3619 Ruﬁni.

348 3722 518 3787 Quod
568 3738 676 3778 nos
705 3723 883 3779 etiam
914 3725 975 3780 in
1006 3725 1203 3782 libello
1231 3728 1348 3784 Pa-

284 3811 459 3878 storis,
512 3813 610 3882 qui
642 3827 678 3867 a
714 3813 1012 3869 nonnullis
1054 3818 1346 3872 contemni

282 3897 531 3966 videtur,
609 3901 983 3974 designatum
1054 3905 1343 3977 videmus,

282 4002 408 4044 eum
422 3988 673 4059 jubetur
687 3991 928 4048 Hermas
949 3994 1095 4050 duos
1118 3995 1347 4053 libellos

282 4077 555 4143 scribere,
622 4083 679 4134 et
742 4085 945 4153 postea
1000 4084 1345 4142 denuntiare

280 4166 633 4239 presbyteris
680 4170 943 4227 Ecclesiae
981 4191 1106 4244 quae
1150 4193 1183 4231 a
1214 4177 1343 4248 Spi-

280 4253 390 4310 ritu
419 4255 649 4313 didicit.
668 4260 832 4325 Quod
864 4260 958 4317 his
987 4263 1179 4321 verbis
1206 4266 1345 4321 scri-

279 4344 440 4413 ptum
466 4348 559 4401 est
586 4362 601 4401 :
631 4349 713 4403 Et
739 4350 957 4419 scribes,
980 4352 1194 4426 inquit,
1212 4354 1345 4412 duos

281 4431 507 4503 libellos,
537 4442 593 4491 et
613 4435 768 4493 dabis
793 4455 970 4496 unum
1000 4442 1266 4500 Clementi
1293 4454 1347 4502 et

279 4536 449 4579 unum
478 4523 718 4597 Graptw.
765 4530 841 4583 Et
890 4533 1098 4604 Grapte
1124 4535 1344 4604 quidem

277 4618 612 4671 commoneat
673 4616 869 4673 viduas
907 4626 961 4677 et
1015 4623 1283 4694 orphanos
1320 4641 1341 4687 ;

279 4698 523 4787 Clemens
546 4720 674 4762 nem
716 4708 901 4764 mittat
926 4725 1025 4781 per
1050 4726 1234 4768 omnes
1258 4715 1341 4770 ci-

280 4792 467 4849 vitates
494 4808 619 4866 quae
644 4796 781 4867 foris
804 4806 934 4855 sunt
948 4815 972 4862 ;
1002 4809 1060 4855 tu
1086 4817 1211 4858 vero
1238 4820 1340 4859 an-

277 4882 556 4942 nuntiabis
580 4888 917 4959 presbyteris
943 4889 1217 4949 Ecclesiae.

1529 3559 1625 3615 Διὰ
1677 3565 1837 3617 τοῦτο
1894 3563 2059 3636 ἡμεῖς
2101 3561 2191 3616 καὶ
2238 3560 2301 3615 τὸ
2332 3560 2383 3615 ἐν
2438 3564 2517 3632 τῷ

1460 3644 1563 3700 ὑπό
1589 3666 1747 3700 τινων
1779 3648 2269 3724 καταφρονουμὲνῳ
2314 3639 2518 3721 βιϐλίῳ

1454 3739 1535 3806 τῷ
1565 3734 1815 3809 Ποιμὲνι,
1846 3735 1971 3811 περὶ
2010 3739 2105 3789 τοῦ
2161 3735 2519 3811 προστάσσεσ-

1457 3835 1541 3887 θαι
1573 3825 1663 3879 τὸν
1695 3827 1897 3901 Ἑρμᾶν
1928 3822 2023 3879 δύο
2068 3826 2271 3900 γράψαι
2308 3818 2516 3899 βιϐλία,

1455 3911 1547 3966 καῖ
1580 3913 1713 3986 μετᾶ
1742 3918 1905 3967 ταῦτα
1952 3913 2111 3967 αὐτὸν
2162 3911 2515 3989 ἀναγγέλλων

1452 4007 1570 4064 τοῖς
1601 3999 1984 4078 πρεσϐυτέροις
2032 4008 2134 4070 τῆς
2194 3999 2519 4069 Ἐκκλησίας

1455 4090 1488 4144 ἃ
1532 4091 1837 4165 μεμάθηκεν
1873 4092 1975 4145 ὑπὸ
2021 4096 2119 4145 τοῦ
2180 4089 2513 4162 Πνεύματος,

1453 4179 1598 4235 οὕτω
1628 4178 1982 4257 διηγούμεθα.
2018 4178 2165 4234 Ἐστὶ
2216 4176 2273 4233 δὲ
2301 4181 2336 4248 ἠ
2372 4178 2515 4249 λέξις

1452 4267 1609 4339 αὕτη·
1670 4272 1902 4345 Γράψεις
1982 4266 2077 4323 δύο
2158 4263 2367 4343 βιϐλία,
2426 4269 2515 4323 καὶ

1452 4357 1641 4422 δώσεις
1686 4360 1741 4415 ’ὲν
1782 4360 2083 4433 Κλήμεντι,
2114 4360 2203 4413 καὶ
2264 4358 2318 4413 ’ἐν
2382 4365 2515 4434 Γρα-

1622 4449 1721 4503 Kal
1781 4451 1997 4526 Γραπτή
2056 4449 2149 4521 μὲν
2203 4450 2515 4518 νουθετήσει

1446 4537 1541 4598 τὰς
1605 4541 1786 4614 χήρας
1854 4540 1945 4593 καὶ
2016 4537 2143 4599 τοὺς
2224 4536 2510 4614 ὀρφανούς·

1451 4628 1691 4700 Κλήμης
1741 4625 1798 4681 δὲ
1851 4630 2054 4701 πεμψει
2113 4626 2191 4687 εἷς
2258 4628 2354 4688 τὰς
2414 4622 2513 4696 ἔξω

1448 4713 1662 4777 πόλεις’
1744 4714 1807 4769 σὺ
1880 4714 1939 4770 δὲ
2010 4712 2327 4790 ἀναγγελεῖς
2400 4720 2515 4776 τοῖς

1448 4798 1831 4880 πρεσϐυτέροις
1934 4810 2036 4873 τῆς
2136 4800 2461 4873 Ἐκκλησίας
2496 4843 2509 4858 .

1451 4894 1573 4949 Lib.
1608 4912 1647 4962 1,
1681 4892 1787 4950 vis.
1821 4910 1888 4965 11,
1920 4910 2047 4966 cap.
2080 4911 2157 4950 1v.

2770 3564 2853 3617 Ex
2879 3563 3223 3633 interpretal.
3254 3558 3500 3616 Delarue
3533 3576 3546 3614 :

2699 3650 2947 3705 Proinde
2994 3666 3123 3718 nos,
3173 3650 3328 3721 quod
3377 3646 3594 3703 dicitur
3632 3647 3691 3703 in

2625 3737 2777 3793 libro
2823 3738 2924 3811 qui
2965 3737 3309 3793 inscribitur
3348 3738 3540 3792 Pastor
3580 3740 3636 3791 et
3664 3754 3699 3791 a

2627 3826 2905 3882 nonnulis
2974 3826 3398 3892 contemnitur,
3483 3825 3700 3881 Hermae

2628 3916 2983 3988 imperatum
3034 3932 3162 3970 esse
3194 3919 3260 3969 ut
3309 3915 3459 3969 duos
3513 3912 3697 3969 libros

2627 4006 2906 4060 scriberet
2923 4020 2989 4060 ac
3005 4008 3206 4075 postea
3226 4002 3578 4075 presbyteris
3598 4002 3696 4056 Ec-

2626 4092 2813 4148 clesiae
2853 4091 3228 4148 annuntiaret
3257 4108 3386 4163 quas
3411 4089 3693 4146 didicerat

2625 4199 2660 4237 a
2689 4181 2931 4253 Spiritu,
2964 4182 3033 4236 ad
3066 4181 3221 4237 hunc
3250 4180 3491 4236 modum
3521 4196 3691 4251 expo-

2625 4270 2941 4327 nimus.Sic
2970 4274 3165 4327 autem
3187 4270 3259 4325 ad
3287 4270 3531 4325 verbum
3552 4268 3690 4342 legi-

2623 4365 2721 4415 tur
2753 4376 2766 4414 :
2802 4362 2947 4416 Duos
2977 4360 3147 4416 libros
3165 4360 3395 4424 scribes,
3425 4358 3692 4429 dabitque

2621 4465 2798 4505 unum
2819 4449 3094 4505 Clementi
3111 4456 3161 4505 et
3188 4449 3429 4504 alterum
3455 4447 3688 4519 Graptae.

2622 4538 2689 4592 Et
2714 4539 2911 4609 Crapte
2940 4538 3162 4609 quidem
3210 4537 3569 4593 commonebit
3607 4536 3689 4590 vi-

2622 4626 2760 4682 duas
2806 4630 2859 4682 et
2911 4628 3155 4699 pupillos
3211 4641 3226 4681 :
3289 4626 3536 4681 Clemens
3581 4641 3685 4679 au-

2624 4718 2733 4770 tem
2758 4716 2937 4770 mittet
2982 4716 3052 4771 ad
3095 4720 3357 4771 externas
3386 4713 3546 4769 urbes
3576 4731 3595 4767 :
3626 4718 3687 4769 tu

2623 4818 2748 4860 vero
2777 4804 3097 4860 anuntiabis
3138 4802 3471 4876 presbyteris
3498 4804 3679 4859 Eccle-

2623 4906 2743 4950 81$.

1134 5040 1299 5111 Iesu,
1333 5043 1454 5101 lib..
1485 5061 1523 5100 x
1551 5044 2040 5118 Explanationum
2069 5044 2131 5100 in
2162 5043 2349 5117 Epist.
2384 5043 2553 5100 Rom.
2588 5059 2703 5115 xw,
2738 5044 2823 5099 14.

347 5152 596 5210 Salutate
646 5154 686 5209 A

758 5154 1019 5231 neritum,
1081 5156 1460 5231 Phlegonlem,
1519 5162 1786 5229 Hermen,
1850 5162 2146 5231 Patroban,
2197 5162 2459 5222 Herman,
2514 5167 2564 5214 et
2613 5161 2711 5230 qui
2760 5175 2881 5213 cum
2911 5160 3131 5215 eissunt
3169 5161 3391 5231 fratres.
3422 5158 3504 5213 De
3533 5156 3681 5231 istis

306 5222 317 5233 .
347 5169 596 5210 salutate
646 5169 1019 5281 Agnmtum,
1081 5169 1460 5228 Phlegontem,
1519 5169 1786 5229 Hermen,
1850 5169 2146 5231 Patroban,
2197 5169 2459 5222 Herman,
2514 5169 2564 5214 et
2613 5169 2709 5230 qui
2760 5175 2881 5213 cum
2911 5169 2987 5214 eis
3004 5169 3131 5215 sunt
3169 5169 3391 5231 fratres.
3422 5169 3504 5213 Ue
3550 5169 3681 5212 istis

275 5225 630 5314 gslkrnplgeﬁ‘est
660 5242 689 5282 s
749 5226 958 5314 ut'atio,
984 5242 1089 5283 nec
1120 5228 1341 5314 aliquid
1374 5231 1458 5288 eis
1482 5231 1713 5314 insigne
1743 5232 1937 5314 laudis
1968 5231 2486 5314 adjungiturrlfuto
2506 5234 2704 5314 autem
2737 5231 2894 5314 quod
2919 5235 3166 5314 _Hermas
3193 5231 3305 5314 iste
3329 5230 3406 5314 sit
3434 5228 3682 5310 scriptor

274 5291 446 5353 libelli
472 5296 633 5354 illius
662 5297 763 5369 qui
792 5291 988 5355 Pastor
1019 5291 1347 5423 appellatur
1378 5319 1390 5357 :
1426 5320 1551 5374 qua:
1578 5291 1871 5376 scriptura
1900 5291 2069 5359 valde
2099 5291 2241 5357 mihi
2272 5300 2435 5357 utilis
2464 5302 2717 5368 videtur,
2752 5291 2823 5356 ‘et
2872 5308 2937 5357 ut

276 5369 411 5422 rata.
445 5367 607 5423 Ouod
638 5385 773 5423 vero
803 5369 952 5423 nihil
983 5370 1034 5423 ei
1090 5372 1261 5423 audis
1293 5374 1583 5423 ascrinsit-
1618 5372 1735 5423 illa-
1773 5376 2095 5423 nninmnest
2125 5390 2322 5423 causa.
2356 5372 2494 5423 auia
2522 5372 2752 5423 videtur
2777 5373 2929 5423 sicut

1090 5372 1261 5447 audis
1293 5370 1585 5447 ascripsit,
1618 5370 1739 5445 illa,
1768 5376 2095 5447 _opinor,est
2125 5390 2322 5447 causa,
2356 5372 2494 5445 quia
2522 5372 2752 5447 videtur
2777 5373 2929 5447 sicut
2956 5370 3246 5447 scriptura
3274 5373 3373 5447 illa
3400 5370 3673 5447 declarat,

276 5369 411 5422 rata.
445 5367 607 5434 Quod
638 5367 773 5425 vero
803 5369 952 5425 nihil
983 5370 1034 5425 ei

347 5442 401 5513 _s_t
427 5439 612 5496 multa
640 5446 877 5511 peccata
898 5441 976 5513 ad
1008 5444 1410 5513 paenitentiam
1442 5439 1622 5501 fuisse
1673 5439 1995 5502 conversus
2038 5464 2051 5502 :

332 5509 544 5589 dicarat
589 5509 1146 5589 quim__scriptu'ram
1195 5532 1309 5571 non
1360 5517 2001 5589 improperareihomini
2052 5515 2405 5573 convertenti
2424 5531 2484 5571 se
2542 5509 2855 5587 a'peccato
2904 5534 2916 5571 :
2970 5509 3397 5589 neque’laudis
3454 5509 3677 5585 aliquid

2983 5307 3145 5374 puto,
3176 5302 3455 5374 divinitus
3493 5300 3679 5374 inspi-

2113 5450 2171 5501 et
2222 5445 2349 5524 ideo
2369 5441 2504 5524 inec
2550 5444 2929 5524 opprobrium
2976 5446 3027 5499 ei
3075 5441 3630 5524 aliquodascrilpsit.
3657 5460 3673 5524 ξ

273 5578 489 5661 (libuit,
522 5583 661 5661 qu_ia
691 5583 882 5661 adhuc
913 5578 1151 5661 positus
1172 5592 1297 5643 erat
1344 5578 1711 5661 subigangelo
1740 5589 2114 5661 poenitentia,
2173 5606 2207 5643 a
2258 5578 2713 5661 quo,_tempore
2767 5578 3146 5661 opportuno,_
3175 5586 3405 5661 Christo
3470 5578 3676 5641 rursus

274 5648 515 5731 deberet
540 5648 759 5711 offerri.
792 5648 933 5727 Lege
956 5656 1262 5715 Sedulium
1293 5660 1353 5715 in
1383 5648 1761 5718 Collectaneis
1789 5662 1861 5717 ad
1890 5648 2139 5717 eumdem
2182 5648 2429 5731 Apo'sloli
2458 5648 2653 5729 locum,
2699 5648 2931 5715 nec-rion
2982 5648 3250 5716 Anselmo
3282 5658 3487 5716 tributa
3510 5672 3667 5715 com-

279 5725 577 5783 mentaria.
