4038 6210
283 370 403 436 827

481 744 569 798 Ex
596 748 867 814 interpret
896 740 1118 801 Ruﬁni.

346 848 414 904 Et
427 847 890 905 libellusHermaa
904 850 1000 920 qui
1014 849 1343 923 appellatur

276 939 544 1006 Pastoris,
575 939 748 1009 cujus
779 939 992 995 Paulus
1017 940 1076 995 in
1108 940 1341 1012 Episto—

276 1026 349 1083 lis
378 1028 504 1083 suis
533 1027 825 1096 meminit,
858 1045 892 1083 a
922 1028 1192 1100 plurimis
1224 1046 1339 1085 non

282 1121 372 1174 est
400 1121 672 1189 receptus
697 1133 711 1172 :
738 1117 809 1172 ab
860 1117 990 1174 aliis
1020 1123 1216 1174 autem
1246 1135 1342 1174 ne-

277 1207 567 1263 cessarius
606 1206 907 1277 judicatus
953 1212 1061 1275 est,
1108 1212 1342 1280 propter

277 1310 376 1351 eos
397 1296 495 1366 qui
516 1295 723 1366 primis
740 1296 811 1349 ad
836 1296 1009 1351 finem
1028 1297 1341 1353 institutio-

277 1384 452 1439 nibus
468 1383 843 1439 imbuuntur:
860 1386 1015 1442 unde
1035 1390 1091 1441 et
1107 1386 1167 1440 in
1190 1404 1339 1441 non-

278 1471 456 1528 nullis
488 1472 749 1528 ecclesiis
795 1473 1027 1546 legitur,
1069 1479 1126 1530 et
1173 1474 1341 1530 multi

275 1565 537 1616 veterum
566 1561 917 1634 scriptorum
949 1563 1041 1619 usi
1088 1569 1227 1619 sunt
1257 1569 1337 1621 te-

280 1649 573 1706 stimoniis
596 1651 744 1721 ejus.

1766 374 1834 438 S.
1877 373 2204 441 HERMAS

1925 540 2028 601 VI.

1362 643 1659 701 Eusssws
1697 643 1849 701 Hist.
1880 644 2110 715 eccles.,
2152 645 2250 701 tib.
2284 662 2347 701 111
2374 661 2498 717 cap.
2530 647 2584 702 3.

1522 849 1669 903 Ἐπεὶ
1712 846 1769 903 δὲ
1816 850 1844 903 6
1887 848 2049 912 αὐτὸς
2096 848 2403 913 ἀπόστολος
2456 849 2509 905 ἐν

1447 943 1565 1001 ταῖς
1593 937 1679 992 ἐπὶ
1708 936 1853 993 τέλει
1885 941 2213 1015 προσρήσεσι
2245 947 2343 1009 τῆς
2371 940 2509 1013 πρὸς

1448 1028 1774 1099 Ῥωμαίους,
1811 1030 2034 1102 μνήμην
2068 1029 2385 1100 πεποίηται,
2420 1050 2511 1102 με·

1447 1116 1515 1171 τὰ
1540 1121 1648 1171 τῶν
1694 1116 1903 1189 ἆλλῶν,
1935 1118 2024 1172 καὶ
2054 1119 2251 1192 Ἑρμᾶ,
2284 1118 2346 1173 οὗ
2404 1138 2509 1195 φα-

1448 1226 1528 1259 σιν
1560 1204 1821 1281 ὑπάρχειν
1868 1206 1930 1261 τὸ
1972 1212 2069 1261 τοῦ
2110 1207 2377 1280 Ποιμένος
2431 1206 2510 1282 βί-

1450 1289 1624 1348 ϐλίον·
1644 1294 1811 1349 ἰστέον
1836 1296 1910 1357 ὡς
1941 1295 2030 1349 καὶ
2059 1302 2220 1351 τοῦτο
2251 1296 2389 1371 πρὸς
2414 1296 2506 1369 μέν

1447 1405 1607 1438 τινων
1642 1382 2034 1455 ἀντιλέλεκται,
2051 1382 2119 1438 δι’
2138 1385 2229 1447 οὓς
2253 1384 2350 1439 οὐκ
2373 1384 2430 1439 ἂν
2456 1384 2507 1439 ἐν

1448 1472 1917 1549 ὁμολογουμένοις
1946 1474 2144 1545 τεθείη·
2180 1476 2267 1552 ὑφ’
2316 1473 2510 1548 ἑτέρων

1450 1559 1508 1616 δὲ
1545 1562 1981 1638 ἀναγκαιότατον,
2016 1566 2099 1625 οἷς
2153 1562 2387 1636 μάλιστα
2429 1561 2511 1617 δεῖ

1448 1652 1847 1727 στοιχειώσεως
1905 1652 2238 1728 εἰσαγωγικῆ
2249 1674 2293 1724 ς,
2334 1651 2510 1727 κέκρι-

1444 1759 1552 1794 ται·
1606 1738 1724 1804 ὅθεν
1782 1738 1891 1811 ἤδη
1949 1741 2038 1796 καὶ
2097 1742 2149 1796 ἐν
2194 1739 2506 1813 ἐκκλησίαις

1450 1826 1601 1901 ἴσμεν
1660 1829 1790 1885 αὐτὸ
1854 1828 2367 1904 δεδημοσιωμένον,
2417 1830 2508 1887 καὶ

1445 1924 1553 1973 τῶν
1611 1916 1991 1974 παλαιοτάτων
2051 1916 2109 1975 δὲ
2159 1919 2505 1999 συγγραφέων

1446 2007 1821 2083 κεχρημένους
1866 2009 2018 2071 τινὰς
2060 2008 2209 2082 αὐτῷ
2249 2006 2506 2080 κατείλη-

2784 746 2866 801 Ex
2896 746 3184 816 interpret.
3219 742 3506 800 Cotelerii.

2689 850 2973 919 Quoniam
2990 866 3126 906 vero
3144 849 3441 922 apostolus
3463 850 3684 908 Paulus

2618 941 2679 996 in
2703 939 3159 997 salutationibus
3180 938 3297 995 illis
3321 955 3449 1011 quas
3478 942 3591 996 sub
3612 940 3687 996 ﬁ-

2618 1046 2749 1085 nem
2776 1029 3048 1102 Epistolas
3068 1029 3141 1085 ad
3163 1029 3457 1085 Romanos
3483 1030 3687 1103 legun-

2617 1123 2735 1185 tur,
2765 1119 2918 1175 inter
2945 1122 3186 1175 caeteros
3216 1118 3572 1175 mentionem
3601 1120 3685 1176 fe-

2618 1208 2697 1263 cit
2714 1208 2889 1265 etiam
2915 1207 3335 1277 Hermae,cujus
3355 1224 3488 1263 esse
3501 1208 3688 1265 fertur

2616 1295 2764 1352 liber
2789 1298 3072 1359 Pastoris;
3104 1296 3410 1352 sciendum
3442 1302 3530 1353 est
3548 1314 3685 1354 eum

2616 1384 2833 1441 librum
2857 1402 2892 1441 a
2911 1384 3213 1442 nonnullis
3235 1384 3473 1457 quidem
3497 1386 3554 1442 in
3576 1387 3689 1442 du-

2616 1473 2780 1529 bium
2828 1490 2956 1530 esse
2998 1477 3353 1541 revocatum,
3407 1473 3479 1529 ob
3535 1489 3686 1545 quos

2616 1562 2770 1619 inter
2816 1566 3056 1636 receptes
3111 1562 3476 1619 auctoritatis
3504 1561 3690 1620 libros

2619 1653 2753 1726 poni
2810 1671 2927 1710 non
2976 1656 3206 1725 potest;
3258 1653 3330 1709 ab
3380 1652 3512 1708 aliis
3552 1669 3688 1709 vero

2618 1743 2869 1799 maxime
2882 1742 3348 1809 necessarius,iis
3362 1742 3689 1814 praesertim

2617 1832 2719 1905 qui
2750 1831 3175 1889 introductoria
3221 1832 3294 1887 ad
3344 1829 3688 1903 religionem

2618 1921 2885 1993 indigent
2944 1919 3337 1985 institutione,
3387 1918 3690 1991 judicatus

2616 2014 2706 2067 est
2729 2029 2743 2078 ;
2776 2011 2933 2066 unde
2960 2010 3140 2066 etiam
3170 2008 3232 2065 in
3260 2007 3525 2065 ecclesiis
3552 2024 3688 2064 eum

1448 2118 1539 2173 φα.
2617 2099 2848 2173 publice
2886 2099 3103 2155 lectum
3133 2098 3377 2163 scimus,
3408 2100 3683 2171 et’quos-

2620 2190 2761 2246 dam
2780 2204 2849 2245 ex
2858 2187 3276 2245 vetustissimis
3296 2185 3683 2259 scriptoribus

2614 2277 2950 2337 testimonio
3029 2276 3217 2350 ipsius
3287 2293 3428 2333 usos
3497 2275 3680 2332 fuisse

2615 2367 2894 2441 comperi.
2917 2368 3053 2438 Lege
3071 2365 3481 2439 Nicephorum,
3509 2364 3681 2431 tib.11,

2614 2473 2739 2527 cap.
2774 2457 2861 2512 46.

1546 2583 1720 2651 Imm,
1752 2581 1915 2649 ibid.,
1949 2582 2045 2638 lib.
2078 2599 2141 2637 111
2170 2598 2292 2655 cap.
2324 2584 2415 2639 25.

479 2684 562 2740 Ex
602 2686 885 2757 interpret.
918 2686 1136 2743 Ruﬁni.

352 2791 620 2847 Posthaec
630 2792 757 2862 jam
779 2791 1081 2865 Scriptura
1099 2797 1343 2866 est,qua3

282 2879 499 2936 dicitur
525 2880 684 2936 Actus
712 2882 920 2945 Pauli;
959 2883 1059 2938 sed
1092 2887 1151 2939 et
1178 2882 1344 2939 libel-

283 2969 380 3025 lus
410 2969 513 3040 qui
565 2970 889 3042 appellatur
915 2973 1177 3041 Pastoris,
1210 2977 1344 3041 etc.,

285 3059 357 3115 de
386 3058 603 3131 quibus
623 3076 801 3132 quam
835 3062 1087 3119 maxime
1115 3063 1346 3120 dubita-

289 3150 403 3203 tur.

2782 2689 2867 2743 Ex
2902 2688 3187 2758 interpret.
3225 2682 3519 2741 Cotelerii.

2693 2797 2849 2851 Inter
2864 2793 3044 2850 libros
3066 2793 3278 2849 nothos
3296 2790 3613 2847 collocetur
3634 2792 3692 2844 et

2624 2888 2865 2949 Actuum
2890 2882 3054 2957 pauti
3090 2881 3401 2954 scriptura,
3454 2883 3513 2936 et
3540 2877 3694 2933 liber

2622 2974 2721 3045 qui
2750 2972 2966 3029 dicitur
2992 2973 3207 3028 Pastor.

1524 2794 1609 2848 'Ev
1674 2798 1791 2856 τοῖς
1872 2793 2051 2857 νόθοις
2132 2794 2513 2871 κατατετάχθω

1452 2883 1540 2938 καὶ
1597 2888 1705 2939 τῶν
1767 2882 1983 2941 Παύλου
2038 2884 2280 2960 πράξεων
2312 2887 2347 2954 ἡ
2379 2905 2512 2961 γρα-

1454 2972 1552 3050 φὴ,
1584 2970 1615 3027 6'
1640 2993 1699 3028 τε
1730 2970 2020 3049 λεγόμενος
2052 2975 2290 3047 Ποιμήν.

1574 3247 1746 3311 IDEM,
1774 3241 1934 3311 ibid.,
1968 3242 2064 3299 lib.
2095 3260 2151 3311 v,
2183 3258 2304 3315 cap.
2338 3244 2393 3299 8.

484 3336 569 3391 Ea:
595 3336 882 3409 interpret.
926 3338 1143 3395 Ruﬁni.

349 3440 467 3499 Nec
482 3459 599 3498 non
619 3446 679 3500 et
698 3443 963 3502 libellum
986 3446 1087 3518 qui
1107 3452 1354 3505 vocatur

282 3531 551 3599 Pastoris,
600 3532 974 3606 amplectitur
1029 3537 1348 3610 (tremens),

289 3618 489 3676 dicens
513 3620 697 3678 :Bene
726 3638 863 3695 ergo
893 3624 1069 3680 refert
1094 3626 1351 3699 Scriptu-

293 3724 378 3779 ra,
410 3724 538 3780 qum
569 3710 708 3766 dicit
746 3728 761 3767 :
813 3713 1065 3769 Primum
1109 3718 1355 3771 omnium

291 3797 620 3855 credendum
636 3804 735 3868 est,
758 3803 891 3873 quia
911 3818 1055 3858 unus
1074 3808 1154 3860 est
1182 3810 1352 3874 Deus,

291 3888 389 3958 qui
438 3890 625 3944 omnia
676 3892 880 3947 creavit
930 3902 1098 3965 atque
1142 3910 1354 3967 compo-

290 3979 420 4032 suit.

2802 3340 2887 3394 Ea:
2912 3338 3197 3411 interpret.
3226 3332 3515 3392 Cotslerii.

2696 3446 2825 3503 Non
2848 3444 3041 3502 solum
3066 3446 3263 3500 autem
3284 3440 3693 3516 [Ireneus]no-

2626 3536 2729 3606 vit,
2754 3536 2857 3592 sed
2887 3538 2945 3591 et
2989 3531 3204 3605 recepit
3229 3532 3484 3588 Pastoris
3512 3528 3693 3602 scrip-

2627 3631 2845 3692 turam,
2876 3623 3114 3679 dicens:
3140 3622 3314 3678 Recte
3342 3619 3528 3693 igitur
3547 3617 3698 3674 dixit

2627 3713 2941 3787 Scriptura,
2955 3728 3085 3784 quae
3105 3710 3419 3767 aitzPrimo
3448 3708 3698 3766 omnium

2628 3803 2804 3871 crede,
2825 3801 2968 3875 quod
2996 3816 3140 3858 unus
3166 3807 3246 3856 est
3271 3800 3433 3865 Deus,
3456 3798 3553 3870 qui
3578 3811 3699 3853 om-

2629 3895 2730 3949 nia
2773 3890 2979 3948 creavit
3024 3898 3075 3946 et
3110 3888 3541 3958 consummavit,
3589 3888 3703 3941 etc.

2635 3981 2761 4039 Lib.
2797 3998 2862 4048 11,
2909 3980 3108 4037 mand.
3159 3996 3199 4035 1.
3252 3983 3395 4049 Lege
3430 3973 3704 4047 Niceph.,

2635 4070 2733 4127 tib.
2775 4085 2852 4139 ιν,
2881 4085 3001 4143 cap.
3034 4069 3125 4125 14.

1530 3446 1603 3501 Οὐ
1671 3444 1834 3519 μόνον
1894 3442 1951 3499 δὲ
2008 3442 2169 3515 οἶδεν,
2227 3442 2374 3500 ἀλλᾶ
2427 3446 2518 3501 καὶ

1463 3533 1791 3611 ἀποδέχεται
1818 3535 1918 3604 τὴν
1946 3538 2046 3590 τοῦ
2076 3534 2345 3609 Ποιμὲνος
2390 3555 2520 3610 γρα-

1461 3628 1591 3705 φὴν,
1651 3623 1848 3700 λέγων’
1905 3622 2097 3686 Καλῶς
2154 3621 2246 3678 οὖν
2301 3623 2446 3680 εἶπεν
2480 3627 2516 3695 ἡ

1460 3715 1639 3793 γραφὴ
1696 3715 1733 3783 ἡ
1783 3710 2036 3788 λέγουσα·
2088 3717 2309 3789 Πρῶτον
2386 3714 2519 3768 πάν-

1461 3825 1569 3859 των
1647 3801 1930 3857 πίστευσον
2013 3799 2097 3856 ὅτι
2168 3804 2245 3864 εἷς
2294 3802 2431 3857 ἐστιν
2491 3803 2520 3857 6

1466 3894 1621 3962 Θεὸς,
1652 3892 1681 3945 6
1708 3890 1778 3946 τὰ
1828 3892 1999 3945 πάντα
2052 3890 2238 3954 κτίσας
2275 3887 2365 3947 καί
2393 3912 2521 3946 κατ-

1464 3980 1706 4058 αρτίσας,
1734 3978 1823 4035 καί
1848 3979 1917 4035 τὰ
1946 3980 2091 4051 ἑξῆς.

612 4258 1004 4330 ΑτιιΑιιΑεισε,
1036 4260 1119 4318 De
1148 4260 1549 4317 incarnatione
1576 4257 1751 4315 Verbi
1782 4256 1905 4326 Dei,
1936 4274 2091 4315 num.
2123 4258 2177 4327 3,

1803 4256 1905 4326 )ei,
1936 4274 2091 4315 num.
2123 4258 2177 4327 3,
2211 4266 2340 4315 tom.
2373 4258 2419 4326 Ι,
2448 4276 2573 4331 pag.
2606 4258 2697 4324 49,
2726 4256 2813 4327 Π;
2843 4255 2973 4313 edit.
2996 4255 3207 4326 Paris.,
3232 4252 3398 4310 4898.

376 4358 452 4411 At
479 4355 677 4413 divina
714 4357 977 4415 doctrina
1004 4363 1061 4416 et
1088 4358 1301 4416 Christi
1331 4358 1633 4415 ﬁdes...ait
1662 4373 1765 4429 per
1788 4356 1949 4429 Moy-

2128 4356 2191 4410 Ἣ
2239 4352 2297 4410 δὲ
2346 4352 2521 4417 ἔνθεος
2564 4352 2903 4424 διδασκαλία,
2934 4352 3024 4407 καὶ
3071 4354 3107 4422 ἡ
3155 4348 3294 4406 κατᾶ
3335 4347 3566 4425 Χριστὸν
3618 4344 3717 4399 πί⁹

306 4460 431 4502 sem
463 4446 769 4519 quidem...
802 4449 946 4504 etin
979 4448 1294 4505 utilissimo
1322 4450 1565 4506 Pastoris
1597 4446 1744 4503 libro
1772 4463 1785 4502 :
1820 4451 1898 4502 Pr

2116 4465 2170 4506 ηις
2199 4444 2419 4523 -φησὶ
2453 4441 2542 4498 διὰ
2576 4445 2670 4518 μὲν
2703 4442 2975 4503 Μωϋσέως
3006 4473 3075 4483 -—
3124 4436 3215 4494 διὰ
3261 4436 3319 4493 δὲ
3355 4443 3454 4507 τῆς
3505 4432 3711 4511 ὠφελι-

304 4552 457 4591 mum
503 4538 752 4593 omnium
797 4538 955 4594 crede
995 4554 1169 4594 unum
1217 4540 1389 4595 Deum
1433 4553 1565 4607 esse,
1621 4538 1719 4611 qui
1762 4551 1899 4592 omn:

2114 4532 2314 4603 υτάτης
2386 4527 2583 4609 βίϐλου
2670 4536 2768 4588 τοῖ’)
2834 4530 3123 4605 Ποιμένος·
3196 4530 3419 4604 Πρῶτον
3492 4525 3709 4579 πάντων

302 4625 507 4680 creavit
534 4629 589 4680 et
615 4628 863 4698 perfecit,
890 4643 1061 4701 eaque
1088 4642 1215 4700 quae
1236 4644 1343 4685 non
1366 4631 1610 4693 erant,ut
1638 4633 1772 4683 esset
1793 4626 1897 4696 feci

2111 4622 2359 4693 ἷστευσον,
2409 4621 2493 4676 ὅτι
2548 4624 2622 4683 εἷς
2679 4621 2818 4676 ἐστιν
2880 4622 2908 4675 ὁ
2962 4620 3110 4690 Θεὸς,
3160 4618 3189 4672 6
3235 4616 3304 4672 τὰ
3346 4614 3523 4670 πάντα
3588 4612 3706 4667 κτί-

307 4714 434 4771 Lib.
467 4732 528 4783 ιι,
562 4697 759 4771 mand.
794 4733 831 4771 1.
960 4697 982 4701 _
1095 4697 1112 4700 —

2112 4733 2151 4773 ις
2198 4711 2287 4766 καὶ
2353 4710 2695 4787 καταρτίσας,
2739 4709 2827 4765 καὶ
2876 4710 3109 4780 ποιήσας
3163 4707 3223 4761 ἐκ
3268 4708 3365 4760 τοῦ
3419 4705 3497 4777 μὴ
3550 4697 3707 4761 ὄντος

2057 4800 2135 4864 εἷς
2162 4801 2225 4855 τὸ
2258 4800 2413 4856 εἶναι.

993 4950 1161 5017 IDEM,
1191 4947 1274 5004 De
1302 4945 1559 5004 Decretis
1588 4945 1832 5001 Nicaeum
1862 4944 2090 5018 synodi,
2120 4961 2275 5001 num.
2306 4946 2360 5012 4,
2390 4948 2520 5001 tom.
2554 4944 2607 5011 1,
2634 4959 2765 5016 pay.
2794 4944 2922 5013 211,
2954 4943 3022 4999 D.

382 5037 446 5094 Id
476 5052 635 5105 vero,
665 5041 732 5094 ut
761 5038 842 5094 ait
871 5043 1083 5107 Pastor,
1113 5054 1229 5094 non
1282 5036 1397 5093 nisi
1428 5054 1462 5094 a
1505 5034 1735 5092 diabolo
1765 5038 1959 5090 ortum

2138 5037 2308 5088 Τοῦτο
2352 5029 2429 5103 δὲ,
2460 5032 2537 5094 ὡς
2568 5032 2597 5087 6
2628 5032 2845 5106 Ποιμὴν
2894 5026 3131 5105 εἴρηκεν,
3162 5020 3383 5103 ἕκγονὸν
3434 5023 3546 5079 ἐστι
3598 5018 3714 5078 δια-

308 5124 506 5184 habet.
541 5128 662 5183 Lib.
697 5145 759 5196 ιι,
790 5127 980 5184 mand.
1016 5145 1091 5183 1x.

697 5145 759 5196 ιι,
790 5127 980 5184 mand.
1016 5145 1091 5183 1x.
2070 5116 2260 5176 ϐόλου.

1446 5253 1610 5319 IDEM,
1643 5250 1844 5307 ibidem
1871 5266 2025 5305 num.
2056 5248 2146 5316 48,
2194 5265 2323 5320 pag.
2352 5248 2479 5319 223,
2513 5248 2575 5303 F.

382 5356 447 5410 In
488 5355 717 5410 Pastore
762 5357 958 5409 autem
1008 5352 1293 5425 scriptum
1325 5354 1412 5407 est
1459 5317 1961 5423 (quandoquidem

2142 5317 2226 5400 Ἐν
2270 5317 2337 5399 ’δὲ
2391 5317 2471 5417 τῷ
2528 5341 2754 5416 Ποιμένι
2786 5317 3080 5417 γέγραπται
3130 5336 3340 5415 (ἐπειδὴ
3389 5337 3481 5394 καὶ
3526 5342 3725 5411 τοῦτο,

317 5444 535 5500 librum
566 5443 723 5499 hunc
757 5442 958 5509 citant,
996 5441 1263 5513 quamvis
1307 5457 1421 5496 non
1453 5440 1531 5496 sit
1561 5456 1630 5495 ex
1657 5438 1911 5509 Canone)

2116 5433 2158 5489 κί
2204 5455 2289 5489 τοι
2335 5434 2409 5506 μὴ
2461 5432 2519 5488 ὃν
2568 5432 2627 5487 ἐκ
2669 5435 2767 5486 τοῦ
2796 5430 3043 5498 κανόνος,
3074 5428 3451 5509 προφέρουσι)⁶
3485 5432 3711 5505 Πρῶτον

321 5536 569 5589 Primum
599 5533 848 5589 omnium
874 5531 1032 5588 crede
1060 5547 1235 5586 unum
1272 5547 1389 5586 esse
1434 5531 1623 5595 Deum,
1656 5530 1751 5600 qui
1777 5544 1916 5584 omn:

2120 5524 2279 5578 άντων
2365 5522 2666 5593 πίστευσον,
2738 5518 2820 5574 ὅτι
2890 5520 2967 5581 εἷς
3046 5517 3184 5575 ἐστιν
3268 5520 3297 5573 6
3362 5518 3515 5590 Θεὸς,
3566 5518 3595 5571 ὸ
3650 5518 3715 5571 τὰ

319 5625 521 5677 creavit
550 5627 601 5678 et
629 5624 874 5694 perfecit,
906 5622 1196 5693 omniaque
1222 5636 1292 5677 ea:
1319 5620 1583 5691 nihilo,ut
1609 5621 1783 5675 essent
1811 5617 1914 5689 feci

2119 5612 2236 5668 ιὶντα
2322 5610 2505 5673 κτίσας
2602 5608 2691 5666 καὶ
2767 5607 3110 5685 καταρτίσας,
3180 5606 3269 5664 καὶ
3344 5608 3578 5679 ποιήσας
3658 5605 3714 5660 ἐκ

319 5711 445 5771 Lib.
478 5727 541 5778 ιι,
574 5713 772 5768 mand.
812 5729 851 5768 1.

2067 5706 2168 5758 τοῦ
2202 5702 2278 5777 μή
2309 5697 2463 5765 ὄντος
2494 5700 2572 5764 εἷς
2599 5700 2662 5755 τὸ
2693 5698 2829 5755 εἶναι
2854 5696 2924 5755 τὰ
2949 5699 3141 5756 πάντα.
