4038 6210
344 378 462 445 829
1587 385 1919 449 PASTOR.
1950 419 2029 432 —
2055 385 2475 453 PROOEMIA.
3222 450 3223 453 γ
3606 377 3725 441 830

1002 564 1165 621 lnam.
1200 567 1261 620 in
1287 564 1474 639 Epist.
1507 566 1579 622 ad
1606 566 1772 622 Afros
1822 565 2328 639 episcoposJaum.
2358 568 2413 635 5,
2438 572 2567 624 tom.
2604 567 2672 637 II,
2702 582 2829 639 pag,
2859 565 2986 635 895,
3016 563 3081 621 B.

412 673 756 751 Ἐλογίζοντο
787 675 845 733 δὲ
878 680 969 734 καὶ
996 679 1058 734 τὸ
1106 679 1156 733 ἐν
1185 684 1265 752 τῷ
1298 679 1521 752 Ποιμένι
1569 682 1789 758 γραφέν.
1822 685 1980 755 Πρῶ-

2162 683 2504 756 Cogitabant
2533 699 2765 755 quoque
2803 682 2950 738 illud
3009 682 3069 735 in
3125 682 3351 735 Pastore
3398 676 3722 749 scriptum:

340 785 435 820 τον
507 767 722 821 πάντων
796 768 1104 837 πίστευσον,
1165 767 1249 823 ὅτι
1322 770 1397 831 εἷς
1463 768 1602 823 ἐστὶν
1662 771 1690 824 6
1747 769 1898 838 Θεὸς,

2134 780 2229 828 nte
2255 775 2448 828 omnia
2475 773 2651 843 crede,
2697 789 2873 827 unum
2917 786 3029 827 esse
3089 771 3261 825 Deum
3299 768 3395 840 qui
3444 767 3649 822 creavit
3673 768 3727 822 et

337 855 407 909 τὰ
461 853 633 910 πάντα
677 854 857 918 κτίσας
931 860 1021 911 καὶ
1087 856 1426 935 καταρτίσας,
1484 856 1573 912 καὶ
1629 860 1861 928 ποιήσας
1922 858 1932 912 ἑ

2127 861 2380 917 demovit
2405 863 2612 929 omnia,
2635 866 2685 917 et
2710 861 2842 936 fecit
2873 876 2945 916 ea.
2972 874 3169 916 canon
3194 854 3553 914 existentibus
3575 854 3722 911 exis-

336 948 437 999 τοῦ
470 946 546 1019 μὴ
579 939 733 1009 ὄντος
768 945 843 1008 εἷς
871 945 934 1001 τὸ
960 946 1111 1005 εἶναι.

2089 953 2219 1007 tere.
2254 950 2379 1006 Lib.
2414 966 2475 1021 ιι,
2509 951 2707 1006 mand.
2741 967 2780 1004 ι.

1151 1074 1295 1131 IDEM
1325 1091 1388 1129 tn
1418 1073 1675 1146 Epistola
1704 1074 1914 1131 Festali
1941 1075 2037 1131 sub
2061 1076 2244 1146 ﬁnem,
2273 1078 2404 1131 tom.
2436 1076 2505 1146 ΙΙ,
2529 1092 2656 1147 pag.
2690 1076 2815 1142 963,
2845 1076 2909 1130 A.

410 1186 559 1241 Ἐστι
590 1186 680 1241 καὶ
719 1184 874 1264 ἕτερα
917 1182 1106 1263 βιϐλία
1149 1186 1353 1242 τούτων
1406 1184 1619 1259 ἔξωθεν,
1652 1187 1713 1241 οὐ
1762 1209 1974 1243 κανονι-

2155 1193 2301 1247 Sunt
2330 1191 2611 1246 nimirum
2644 1190 2742 1247 alii
2772 1190 2909 1246 libri
2939 1192 3145 1262 praeter
3174 1187 3339 1257 istos,
3388 1200 3505 1240 non
3531 1185 3590 1238 in
3620 1186 3721 1239 Ca-

340 1272 541 1348 ζόμενα
575 1277 691 1349 μὲν,
723 1275 1075 1351 τετυπωμένα
1106 1274 1163 1331 δὲ
1206 1278 1351 1352 παρὰ
1396 1280 1503 1331 τῶν
1550 1277 1800 1353 Πατέρων
1852 1278 1935 1332 ἀνα

2127 1297 2295 1337 omen
2327 1280 2564 1352 quidem
2595 1281 2879 1348 redactos,
2913 1280 3016 1334 sed
3048 1294 3194 1350 quos
3241 1293 3276 1331 a
3315 1273 3498 1330 Patris
3529 1273 3722 1329 decre-

336 1366 697 1439 γινώσκεσθαι
719 1373 837 1429 τοῖς
858 1364 975 1443 ἄρτι
998 1366 1465 1441 προσερχομένοις
1493 1366 1582 1419 καὶ
1617 1364 1922 1441 βουλομὲνο

2127 1386 2207 1424 1m
2238 1373 2349 1436 est,
2379 1370 2657 1441 legendos
2687 1369 2758 1424 ab
2789 1368 2863 1423 iis
2900 1384 3028 1423 esse
3058 1366 3159 1439 qui
3199 1380 3387 1436 nuper
3426 1362 3722 1419 ediscendi

335 1460 691 1530 mnxeioeat
734 1455 827 1510 τὸν
874 1458 971 1524 τῆς
1022 1450 1287 1517 εὖσεϐείας
1338 1454 1521 1530 λόγον’
1575 1455 1747 1533 Σοφία
1798 1454 1930 1511 Σολε

2129 1458 2316 1514 ietatis
2336 1459 2493 1513 verbi
2523 1458 2711 1530 gratia
2732 1456 3119 1513 accesserint:
3143 1453 3443 1527 Sapientia
3469 1450 3724 1508 Salomo-

338 1547 619 1616 μῶντος...
651 1543 741 1598 καὶ
773 1544 801 1599 6
830 1545 1069 1618 Ποιμήν.

976 1545 1069 1614 ἥν.
2082 1547 2242 1603 nis...
2278 1550 2335 1603 et
2362 1549 2571 1603 Pastor.

926 1770 1191 1826 Dmvmus
1218 1771 1281 1824 in
1309 1769 1527 1825 Catena
1558 1770 1630 1826 ad
1658 1770 1793 1827 Jobi
1823 1675 2108 1843 vm,v117l,la.
2125 1772 2384 1843 18,1pag.
2414 1770 2540 1843 202,
2572 1770 2702 1827 edit.
2735 1769 2927 1837 Lond.,
2963 1769 3120 1825 1637.

402 1887 465 1945 Ὀ
493 1880 695 1956 ἀσεϐὴς
726 1882 816 1940 οὗν
863 1885 1069 1940 ἅπασαν
1116 1886 1215 1953 τὴν
1267 1882 1540 1959 διαγωγὴν
1591 1883 1642 1939 ἐν
1693 1882 1829 1957 οἷ’κῳ
1873 1906 1974 1940 κα-

2156 1887 2360 1943 Omnis
2388 1887 2569 1959 igitur
2597 1885 2869 1943 dissoluti
2890 1885 3055 1958 impii
3075 1882 3431 1941 conversatio
3457 1882 3518 1937 in
3547 1881 3723 1937 domo

330 1974 452 2039 χίας
500 1974 638 2051 ἔχει,
672 1971 1082 2049 διαλελυμένος,
1112 1972 1247 2029 κατᾶ
1290 1972 1416 2035 τοὺς
1464 1969 1565 2045 ἔξω
1602 1980 1704 2043 τῆς
1755 1971 1925 2029 οἷκοδι

2125 1976 2385 2032 ravitatis
2413 1980 2501 2031 est
2534 1992 2650 2031 non
2682 1975 2851 2031 aliter
2889 1990 3067 2047 quam
3096 1972 3320 2046 lapides
3351 1975 3514 2028 extra
3536 1970 3720 2026 aedifi-

341 2072 451 2138 μῆς
482 2063 687 2137 λίθους,
703 2064 757 2120 οἳ
781 2063 889 2140 οὐχ
918 2062 1214 2141 ἁρμόζουσι
1233 2066 1303 2137 τῇ
1325 2060 1594 2137 οἰκοδομῇ
1614 2068 1712 2118 τοῦ
1740 2063 1936 2141 πύργοι.

2127 2082 2258 2135 μω,
2290 2065 2391 2137 qui
2421 2064 2769 2120 aedificanda
2797 2063 2944 2119 turri
2969 2062 3141 2135 plane
3168 2061 3349 2135 inepti
3379 2061 3722 2131 sunt,juxta

330 2155 469 2210 κατὰ
491 2155 582 2210 τὸν
614 2155 881 2228 Ποιμὲνα.

2120 2159 2385 2211 'astorem.
2420 2153 2544 2209 Lib.
2577 2171 2617 2223 1,
2648 2153 2756 2209 vis.
2783 2170 2845 2224 ιι,
2876 2169 3042 2225 capp.
3074 2153 3129 2222 2,
3159 2152 3195 2206 6
3222 2154 3276 2207 et
3307 2151 3362 2219 7,
3393 2153 3452 2206 et
3480 2148 3584 2206 lib.
3630 2165 3715 2219 In,

2079 2244 2258 2301 simil.
2290 2262 2369 2316 xx,
2402 2260 2571 2316 capp.
2600 2244 2659 2312 6,
2684 2243 2739 2314 7,
2766 2243 2855 2298 31.

1975 2371 2080 2433 ΙΧ.

933 2468 1317 2524 Ηιειιοιιγλωε
1356 2468 1453 2523 lib.
1485 2468 1567 2524 De
1594 2468 1732 2525 viris
1762 2468 1978 2525 illustr.
2008 2484 2127 2541 cap.
2160 2484 2217 2537 x,
2243 2484 2369 2523 cum
2396 2476 2573 2525 vetere
2601 2467 2786 2524 Graeco
2814 2468 3125 2537 interprete.

420 2589 604 2661 Ερμᾶς
651 2585 714 2639 οὗ
762 2584 790 2638 6
839 2580 1144 2645 ἀπόστολος
1190 2583 1325 2657 πρὸς
1374 2582 1678 2656 Ῥωμαίους
1747 2581 1968 2660 γράφων

2156 2584 2401 2639 Herman
2424 2584 2594 2655 cujus
2615 2581 2913 2655 apostolus
2932 2580 3151 2638 Paulus
3172 2581 3243 2637 ad
3266 2580 3559 2636 Romanos
3581 2580 3717 2651 (xvr,

338 2674 651 2749 μέμνηται·
732 2672 1063 2730 Ἀσπάσασθε
1162 2669 1549 2747 Ἀσύγκριτον,
1648 2668 1931 2746 Φλέγοντα

2154 2674 2244 2741 14)
2273 2671 2537 2728 scribens
2568 2671 2837 2727 meminit
2870 2688 2882 2724 :
2917 2671 3161 2726 Salutate
3177 2668 3718 2741 Asyncritum,Phle~

330 2765 551 2839 Ἑρμᾶν,
606 2756 910 2835 Πατρόϐαν,
978 2762 1204 2836 Ἑρμῆν
1275 2756 1489 2835 λέγεται
1550 2759 1808 2830 αὐθέντης
1880 2782 1925 2836 γι

2122 2770 2315 2828 antem,
2347 2764 2603 2828 Harman,
2634 2760 2949 2828 Patrobam,
2980 2762 3214 2815 Hermen
3263 2763 3315 2814 et
3360 2760 3456 2829 qui
3484 2774 3609 2813 cum
3639 2758 3717 2813 eis

335 2853 591 2927 γενῆσθαι
626 2845 821 2926 βίϐλου
869 2848 1248 2924 ἐπιγραφείσης
1294 2851 1533 2919 Ποιμήν,
1564 2848 1686 2918 ¹ἥτις
1736 2848 1788 2903 ἓν
1832 2848 1930 2903 τισι

2121 2855 2293 2907 ratres
2321 2859 2449 2907 sunt
2478 2869 2496 2904 :
2528 2854 2801 2907 asserunt
2829 2853 3123 2905 auctorem
3165 2865 3293 2904 esse
3321 2847 3457 2903 libri
3485 2846 3583 2920 qui
3615 2864 3716 2920 ap-

329 2938 704 3001 ’Δνατολικαῖς
812 2936 1126 3009 ἐκκλησίαις
1208 2935 1448 3010 δημοσίᾳ
1531 2937 1924 3012 ἀναγινώσκετα

2121 2940 2330 2996 ellatur
2358 2941 2569 3005 Pastor,
2598 2942 2655 2995 et
2683 2939 2838 3011 apud
2870 2938 3155 3009 quasdam
3188 2937 3412 2994 Graeciaa
3443 2936 3714 2993 ecclesias

332 3031 431 3085 Καὶ
481 3029 703 3100 ἀληθῶς
750 3030 1028 3105 ’χρήσιμος
1073 3028 1100 3081 ὁ
1151 3024 1339 3101 λόγος,
1374 3028 1462 3103 ἀφ’
1505 3027 1566 3081 οὗ
1613 3027 1817 3083 πολλοὶ
1862 3033 1927 3083 τᾶ

2122 3046 2200 3084 im
2233 3046 2309 3100 pu
2324 3028 2480 3085 blice
2508 3027 2741 3101 legitur.
2776 3029 2993 3083 Revera
3024 3025 3183 3082 utilis
3229 3026 3397 3097 liber,
3430 3024 3717 3097 multique

337 3118 586 3175 παλαιῶν
651 3117 996 3196 συγγραφέων
1076 3115 1376 3191 ὁπὲκλεψαν
1448 3116 1760 3193 μαρτυρίας·
1829 3115 1932 3172 ἀλλ

2115 3134 2153 3173 .e
2182 3134 2247 3173 eo
2282 3117 2633 3190 scriptorum
2662 3120 2922 3172 veterum
2950 3131 3305 3188 usurpavere
3332 3114 3668 3170 testimonia
3698 3131 3710 3169 :

334 3208 481 3283 παρᾶ
509 3212 624 3270 τοῖς
655 3206 951 3280 Ῥωμαίοις
985 3202 1256 3283 ἄγνωστος
1286 3205 1417 3261 εἶναι
1450 3203 1616 3264 δοκεῖ.

2121 3208 2184 3263 ed
2214 3208 2368 3278 apud
2398 3205 2635 3262 Latinos
2684 3221 2831 3278 pene
2878 3205 3113 3276 ignotus
3162 3208 3252 3261 est
3291 3208 3428 3275 Lege
3455 3204 3716 3260 Adonem

335 3298 731 3355 Viennensem
765 3298 863 3353 lib.
893 3301 973 3352 De
1004 3296 1439 3365 festivitatibus,
1472 3300 1571 3353 etc.
1622 3295 1953 3353 Freculfum
2000 3305 2128 3353 tom.
2160 3297 2231 3367 ll,
2266 3296 2361 3351 lib.
2403 3313 2466 3364 ιι,
2496 3311 2616 3368 cap.
2667 3296 2720 3349 4.
2765 3293 3084 3350 Honorium
3131 3293 3717 3366 Augustodunensem

324 3404 448 3459 cap.
480 3387 573 3457 40,
604 3386 685 3443 De
714 3386 1106 3442 luminaribus
1135 3384 1421 3441 Ecclesiae.

1628 3501 1771 3556 IDEM
1800 3503 1862 3556 in
1891 3501 2132 3574 Prologo
2178 3500 2422 3574 galeato.

396 3600 586 3673 Igitur
616 3598 915 3673 Sapientia
943 3615 1071 3673 qua;
1100 3597 1273 3671 vulgo
1301 3598 1629 3655 Salomonis
1676 3598 2034 3669 inscribitur,
2080 3603 2137 3655 et
2163 3600 2324 3668 Jesu,
2352 3598 2457 3653 ﬁlii
2486 3597 2688 3654 Sirach
2733 3598 2900 3665 liber,
2950 3602 3009 3653 et
3052 3596 3256 3653 Judith
3285 3600 3343 3652 et
3387 3595 3615 3665 Tobias,
3664 3598 3722 3651 et

322 3670 518 3729 Pastor
547 3688 664 3728 non
693 3670 832 3728 sunt
858 3670 920 3727 in
950 3670 1198 3727 Canone.

1281 3770 1446 3837 IDEM,
1493 3769 1587 3824 lib.
1629 3784 1672 3824 II
1701 3768 2027 3825 Comment.
2059 3768 2119 3824 in
2151 3768 2296 3825 Osee
2325 3768 2397 3824 ad
2429 3785 2555 3840 cap.
2582 3786 2681 3839 vn,
2710 3768 2765 3823 9.

399 3886 562 3944 Unde
593 3888 651 3941 et
680 3885 739 3940 in
771 3883 919 3941 libro
947 3886 1209 3957 Pastoris,
1242 3885 1288 3957 si
1324 3885 1417 3940 cui
1446 3888 1644 3957 tamen
1674 3883 1866 3957 placet
1894 3884 2055 3940 illius
2086 3885 2341 3956 recipere
2373 3883 2698 3957 lectionem,
2731 3884 2955 3940 Hermae
2986 3882 3247 3955 primum
3274 3882 3504 3957 videtur
3530 3862 3725 3957 Ecclel

326 3960 416 4042 sia
455 3974 608 4042 cano
631 3958 817 4042 capite
841 3974 868 4042 ;¹
883 3956 1563 4042 deindeadolescent‘ula
1591 3961 1648 4012 et
1676 3955 1893 4029 sponsa
1921 3957 2179 4013 crinibus
2211 3955 2527 4013 adornata.
2554 3956 2672 4013 Lib.
2727 3974 2767 4028 ι,
2797 3956 2900 4011 vis.
2932 3972 2972 4011 ι.
3003 3970 3132 4027 cap.
3164 3958 3238 4024 2;
3270 3972 3333 4027 ιι,
3367 3955 3531 4028 Capp.
3568 3960 3615 4024 1,
3649 3956 3720 4025 4;

324 4032 426 4087 vis.
459 4047 546 4101 nr,
576 4032 731 4103 dapp.
765 4030 817 4098 1,
848 4029 935 4085 10.
969 4036 1024 4084 et
1050 4029 1156 4097 vis,
1185 4045 1261 4096 IV,
1295 4044 1413 4100 cap.
1443 4030 1497 4083 2.

1975 4128 2029 4189 Χ

750 4234 1036 4303 Hormus,
1068 4232 1393 4302 Comment,
1424 4233 1486 4289 in
1514 4232 1768 4307 Symbol.
1820 4232 2068 4306 apostol.
2116 4248 2273 4289 num.
2305 4233 2394 4305 38,
2428 4250 2567 4306 pag.
2601 4234 2728 4301 110,
2756 4233 2882 4290 edit.
2923 4234 3134 4303 Veram,
3159 4234 3299 4290 1745

393 4352 509 4407 Alii
540 4350 675 4408 libri
706 4354 846 4407 sunt
872 4350 993 4422 qui,
1028 4366 1143 4406 non
1175 4350 1460 4417 canonici,
1494 4350 1594 4406 sed
1625 4349 2008 4422 ecclesiastici
2048 4367 2082 4406 a
2111 4350 2435 4421 majoribus
2465 4349 2739 4422 appellati
2771 4354 2931 4406 sunt.
2965 4382 3033 4391 ——
3064 4352 3125 4406 In
3156 4350 3313 4406 Novo
3350 4350 3723 4407 Testamento

322 4423 558 4481 libellus
590 4423 689 4496 qui
720 4421 935 4479 dicitur
956 4424 1206 4478 Pastoris
1235 4422 1353 4477 sive
1385 4422 1646 4493 Hermes,
1678 4421 1779 4493 qui
1810 4421 2136 4493 appellatur
2159 4424 2295 4479 Duae
2322 4424 2448 4489 viae,
2478 4421 2567 4478 vel
2593 4422 2875 4479 Judicium
2904 4424 3072 4478 Petri.

1979 4569 2054 4627 X.

321 4678 555 4734 Auc'ron
582 4673 792 4749 Operis
821 4671 1149 4745 imperfecti
1195 4672 1253 4727 in
1277 4671 1663 4749 Matth.._x1x;
1696 4673 2345 4749 Homil._xxxv1_i_r.,_pag.
2380 4674 2604 4749 142,5.
2636 4672 2884 4743 Append.
2920 4672 2997 4728 ad
3026 4680 3151 4728 tom.
3186 4672 3280 4744 VI,
3314 4671 3443 4743 Opp.
3478 4671 3535 4741 S,
3565 4673 3718 4727 Joan.

1461 4742 1755 4815 ChrysosL,
1786 4746 1987 4800 noviss.
2030 4746 2161 4800 edit.
2191 4742 2397 4815 Paria,
2431 4745 2587 4800 1724.

398 4862 606 4918 Adhuc
637 4863 831 4932 autem
864 4859 1048 4932 audeo
1074 4862 1132 4932 et
1159 4857 1522 4932 subtiliorem
1554 4858 1923 4932 introducere
1954 4875 2217 4925 sensum,
2240 4864 2297 4915 et
2318 4859 2667 4932 sententiam
2699 4859 2937 4932 alterius
2965 4860 3246 4932 sapientis
3279 4859 3587 4932 cujusdam
3614 4858 3723 4932 viri

330 4936 566 4992 referre.
599 4930 1147 5013 Exppnitﬁenimpic
1178 4948 1191 4986 :
1217 4930 1503 5013 Quoniam
1533 4931 1688 5013 sicut
1710 4931 2049 5013 ,Μάριοι-ιλιι)
2074 4932 2324 5013 populus
2354 4931 2737 5013 induodecim
2757 4931 2946 5013 tribus
2966 4929 3074 4987 fuit
3091 4929 3364 5013 divisus;
3393 4929 3477 5013 sic
3507 4935 3564 4985 et
3591 4929 3723 5013 uni:

315 5023 528 5078 versus
553 5000 807 5078 populus
838 5000 1202 5078 Qbristianus
1234 5001 1455 5078 divisu_s
1485 5005 1573 5057 est
1602 5002 1661 5078 in
1693 5003 2000 5058 duodecim
2021 5000 2233 5073 tribus,
2253 5006 2577 5060 secundum
2601 5004 2887 5074 quasdam
2911 5003 3290 5078 proprietates
3311 5003 3643 5078 animorum
3666 5006 3724 5078 et

317 5072 691 5136 diversitates
720 5074 1006 5147 cordium,
1039 5088 1186 5144 quas
1211 5072 1374 5147 solus
1402 5074 1558 5147 Deus
1578 5073 1936 5147 Adiscernere
1959 5079 2017 5147 et
2044 5091 2388 5147 cognoscere
2418 5072 2642 5147 potest}
2677 5080 2745 5147 ut
2770 5072 3036 5147 quaedam
3064 5074 3272 5129 animus
3302 5075 3424 5147 sint
3450 5074 3620 5147 quasi
3649 5073 3722 5129 de

312 5151 472 5206 tribu
504 5148 729 5215 Ruben,
762 5146 1027 5217 quaedam
1059 5148 1254 5218 autem
1286 5145 1357 5199 de
1384 5145 1541 5218 tribu
1570 5145 1826 5218 Simeon,
1855 5145 1942 5201 vel
1974 5144 2143 5213 Levi,—
2157 5146 2245 5201 vel
2278 5144 2449 5218 Juda.
2482 5150 2627 5201 Puto
2657 5144 2981 5218 enim_,quia
3007 5162 3210 5201 omnes
3240 5144 3428 5218 sancti
3460 5144 3721 5218 quinque

310 5216 914 5299 virginesprudentes
945 5231 1074 5272 esse
1106 5216 1384 5299 dicuntur
1413 5216 1631 5299 (Matth.
1665 5234 1792 5298 xxv,
1840 5218 1917 5299 :2),
1964 5218 2233 5299 qpamvis
2287 5218 2405 5272 sint
2433 5216 2921 5299 innumerabiles,
2954 5222 3187 5299 propter
3216 5216 3494 5299 quinque
3509 5233 3718 5297 sensus

313 5288 654 5365 spirituales
682 5308 697 5359 ;
729 5295 785 5365 et
813 5305 1016 5365 omnes
1047 5288 1689 5365 peccatorequuinque
1716 5288 1969 5365 virgines
1999 5290 2209 5365 fatuae,
2225 5288 2991 5365 quamvis__innumerabiles
3023 5288 3160 5365 sint,
3192 5288 3428 5365 propter
3458 5288 3718 5365 quinque

308 5335 521 5422 5.5113133
552 5335 834 5420 carnales.
866 5364 934 5415 Et
965 5335 1117 5415 siciit
1147 5375 1349 5431 omnes
1380 5335 1644 5415 ﬁdelesijae
1673 5335 1883 5415 Chrigti
1914 5366 2137 5430 septem
2170 5335 2431 5415 Eclclesiae
2481 5360 2755 5415 dicuntur
2786 5360 2967 5431 (Apoc.
3018 5376 3059 5425 1,
3109 5335 3162 5431 43
3193 5335 3438 5431 tpropter
3461 5335 3713 5431 1septem

306 5437 577 5510 spiritus,
608 5432 881 5510 quamvis
903 5431 1032 5510 sint
1052 5430 1267 5510 multas.
1302 5431 1517 5510 anes
1547 5430 1703 5510 enim
1735 5434 1792 5487 in
1825 5429 2047 5510 quibus
2086 5448 2205 5510 pra:
2242 5431 2474 5510 caeteris
2504 5429 3258 5510 virtutibuslabundantipr
3286 5429 3374 5510 est
3419 5429 3717 5510 sapientiae

313 5500 529 5574 virtus,
564 5500 685 5562 una
713 5505 966 5560 habetur
995 5502 1268 5558 Ecclesia.
1304 5504 1445 5557 Item
1477 5503 1535 5557 in
1565 5502 1776 5573 quibus
1808 5500 1922 5574 pra:
1954 5500 2175 5559 caeteris
2203 5502 2516 5558 virtutibus
2546 5502 2937 5574 abundantior
2965 5510 3051 5556 est
3078 5500 3610 5564 intellectus,altera
3638 5501 3722 5555 di-

305 5577 747 5654 citur_Ecc_les_ia
780 5595 794 5632 :
824 5582 882 5632 et
922 5575 1004 5654 sic
1035 5591 1137 5646 per
1166 5574 1427 5654 singulos
1461 5573 2011 5654 spiritus-tractans,
2042 5575 2301 5654 invenies
2351 5579 2571 5654 septem
2602 5573 2907 5654 Ecclesiae.
2940 5574 3216 5654 Similiter
3245 5577 3302 5654 et
3330 5578 3565 5654 propter
3592 5587 3717 5654 gra-

302 5652 427 5707 tias
456 5649 767 5725 duodecim
796 5664 944 5725 quas
975 5642 1313 5725 iri—persona
1343 5642 1647 5725 duodecim
1680 5646 1969 5725 virginum
2003 5647 2237 5725 exponit
2263 5642 2609 5725 Angelusin
2638 5648 2882 5708 Pastore,
2914 5646 2962 5725 si
2994 5651 3186 5725 tamen
3228 5643 3415 5725 placet
3441 5642 3541 5700 illa
3571 5642 3714 5725 scri-

297 5728 481 5797 ptura
515 5721 791 5781 omnibus
812 5715 1564 5789 Cbristiahisﬁnveniuntur
1593 5715 1901 5776 duodecim
1926 5734 2055 5775 esse
2073 5715 2272 5774 tribus
2304 5736 2317 5774 :
2346 5715 2411 5773 ut
2439 5720 2581 5790 puta
2610 5733 2811 5775 omnes
2833 5716 3038 5773 animae
3069 5717 3129 5772 in
3160 5715 3374 5787 quibus
3403 5732 3520 5790 prae
3550 5719 3713 5773 caste-
