4038 6210
420 319 539 382 835
1906 315 1971 375 S.
2016 315 2020 374 ἶ

2134 314 2335 377 suas
3627 330 3727 391 sae
3804 408 3809 413 λ

416 452 517 523 qui
546 451 659 508 nisi
690 450 948 521 divitem,
980 449 1133 505 sicut
1158 449 1355 505 ulmus
1384 448 1559 505 vitem
1594 448 1817 517 fulciat,
1850 448 2049 520 serpit,
2081 457 2136 523 Α
2165 447 2386 504 scilicet
2415 446 2498 502 Pii
2533 464 2715 520 papae,
2746 454 3073 520 episcopatu,
3100 451 3270 519 frater
3320 453 3481 521 ipsius
3532 458 3725 518 Hermas

416 558 522 597 nec
552 539 740 596 ullum
767 538 862 594 vix
901 554 1162 609 unquam
1204 538 1461 594 fructum
1516 538 1740 594 referet.
1802 538 1949 593 Hinc
1980 538 2051 592 ad
2164 537 2368 591 librum
2394 538 2630 608 scripsit,
2666 539 2725 591 in
2754 553 2856 608 quo
2882 538 3198 593 mandatum
3242 539 3727 618 conﬁrmatur,un

413 628 558 684 alias
588 629 800 684 transit
828 625 1630 698 similitudines,planumque
1654 626 1842 698 primo
1878 626 1935 681 id
1970 627 2051 680 fa-
2159 628 2213 679 ei
2234 628 2501 697 praecepit
2530 627 2761 695 angelus
2789 627 3027 697 Domini,
3058 644 3181 681 cum
3227 630 3421 686 veniret
3458 632 3524 688 ad
3546 650 3655 690 eum
3680 639 3730 692 in

415 719 511 784 cit,
542 718 693 788 quod
726 716 878 772 sicut
905 715 1077 771 arbor
1106 714 1306 771 viridis
1340 733 1374 771 a
1403 714 1555 771 sicca
1584 731 1699 769 non
1730 715 1919 770 hieme
1951 715 2051 770 sed
2159 715 2352 769 habitu
2396 717 2653 786 pastoris,
2708 724 2771 770 ut
2824 720 3073 771 sanctum
3120 718 3325 773 Pascha
3368 720 3447 775 die
3488 723 3729 783 Dominico

412 810 610 861 aestate
638 804 1129 877 distinguitur,sic
1160 803 1333 859 homo
1351 805 1554 874 justus
1586 804 1656 858 ab
1691 803 1911 873 injusto
1935 820 2048 858 non
2157 804 2541 859 celebraretur.
2576 806 2790 859 Auctor
2819 804 3146 872 decretalis,
3176 807 3248 861 ad
3275 810 3534 866 universos
3564 811 3733 871 Christi

405 894 466 950 in
496 895 606 951 hoc
637 894 983 962 mundo,sed
998 894 1057 948 in
1081 892 1303 963 judicio
1326 896 1580 948 extremo
1599 897 1689 947 est
1709 893 2046 947 discernen-
2156 891 2359 961 ﬁdeles,
2393 909 2517 964 quae
2549 892 2789 964 ipsimet
2826 892 2924 948 Pio
2955 894 3217 949 Pontifici
3256 896 3533 968 tribuitur,
3561 903 3730 959 eadem

405 984 535 1040 dus.
573 984 792 1040 Deinde
815 983 1111 1053 jejunium
1140 998 1273 1037 cum
1296 998 1363 1037 ea
1386 985 1687 1052 comparat
1719 980 2040 1051 diligentia,
2158 995 2391 1051 quoque
2419 980 2661 1035 tradidit
2692 998 2704 1035 :
2738 982 2861 1036 Istis
2890 998 3015 1053 ergo
3068 985 3386 1054 temporibus
3428 988 3629 1044 Hermas
3651 992 3729 1047 άο.

407 1089 525 1145 qua
553 1089 757 1128 servus
785 1071 960 1127 vitem
982 1071 1204 1126 domini
1235 1070 1541 1142 sui,magis
1563 1086 1737 1139 quam
1773 1068 1883 1125 sibi
1926 1070 2045 1125 fue-
2153 1068 2410 1137 ctorﬁdei
2440 1073 2491 1124 et
2514 1069 2932 1140 Scripturarum
2962 1073 3171 1143 effulsit
3194 1074 3332 1129 inter
3366 1091 3560 1131 nos.....
3586 1080 3731 1135 eidem

408 1167 499 1218 rat
527 1160 1091 1233 imperatum,colere
1122 1159 1499 1222 studuit.Qua
1529 1160 1731 1214 eadem
1762 1158 2042 1214 similitu-
2154 1158 2370 1215 Hermae
2396 1160 2624 1227 angelus
2644 1160 2869 1215 Domini
2898 1161 2960 1215 in
2990 1162 3183 1217 habitu
3226 1166 3453 1234 pastoris
3494 1171 3728 1239 apparuit,

407 1251 543 1306 dine
568 1250 821 1306 ostendit
850 1254 1068 1322 quanta
1093 1265 1192 1320 pro
1214 1249 1523 1303 hominibus
1552 1249 1688 1303 Deus
1715 1250 2041 1319 patraverit,
2152 1254 2203 1300 et
2229 1250 2493 1319 praecepit
2522 1250 2575 1303 ei
2602 1252 2659 1303 ut
2710 1249 2912 1305 Pascha
2963 1250 3052 1306 die
3098 1254 3377 1308 Dominico
3420 1254 3481 1308 ab
3522 1259 3729 1313 omnibus

406 1343 464 1394 et
492 1344 711 1411 quanta
738 1338 825 1393 illi
854 1337 1106 1409 puritate
1142 1338 1322 1393 vitam
1356 1336 1660 1392 instituere
1690 1336 2044 1392 debeant.0b
2151 1336 2630 1392 celebrareturEx
2662 1338 2750 1393 bis
2781 1356 2952 1410 porro
2985 1338 3211 1396 ultimis
3227 1341 3409 1397 verbis
3435 1342 3655 1400 alterum
3676 1363 3731 1402 ex

405 1428 603 1485 oculus
634 1433 833 1500 postea
856 1432 1146 1499 pastorem
1161 1427 1435 1497 juvenem
1467 1426 1827 1497 ponit,cujus
1853 1441 2045 1495 pecora
2152 1423 2243 1479 his
2273 1425 2503 1482 duobus
2534 1426 2913 1498 scriptoribus
2939 1429 3011 1483 ab
3024 1428 3203 1485 altero
3226 1430 3283 1485 id
3302 1431 3450 1502 quod
3480 1434 3731 1492 scribebat

402 1516 619 1591 copiosa
648 1519 709 1571 in
737 1516 1104 1587 voluptatibus
1131 1522 1184 1569 et
1209 1515 1445 1580 deliciis,
1492 1514 1823 1586 figurabant
1854 1512 2043 1567 homi-
2151 1517 2486 1569 mutuatum
2516 1531 2669 1586 esse,
2699 1520 2800 1571 aut
2828 1522 3147 1589 utrumque
3174 1535 3242 1574 ex
3270 1519 3467 1575 iisdem
3497 1520 3728 1579 hausisse

404 1622 509 1661 nes
522 1604 921 1677 voluptatibus
938 1603 1188 1671 deditos,-
1212 1620 1461 1675 quorum
1478 1602 1657 1675 aliqui
1679 1618 2040 1671 corrumpun-
2148 1600 2409 1657 fontibus
2440 1603 2594 1659 haud
2626 1604 2878 1660 absurde
2907 1605 3168 1679 colligas.
3188 1608 3301 1663 Hos
3328 1625 3453 1664 vero
3482 1610 3729 1679 nonnulli,

402 1700 496 1750 tur
522 1710 692 1767 usque
720 1693 790 1749 ad
816 1692 1190 1764 defectionem,
1215 1692 1311 1747 alii
1336 1708 1522 1764 usque
1545 1692 1615 1747 ad
1640 1691 2039 1746 mortem.Non
2151 1690 2302 1745 Beda
2349 1691 2630 1747 nimirum
2678 1697 2736 1748 et
2784 1694 2922 1765 Ado,
2972 1711 3086 1750 non
3144 1695 3380 1767 quidem
3434 1697 3490 1751 in
3518 1697 3681 1755 citatis
3704 1717 3729 1755 α

407 1783 690 1894 diffitetur
714 1786 909 1894 tamen
941 1782 1228 1883 quaedam
1259 1796 1387 1894 esse
1431 1780 1777 1894 voluptates,
1808 1781 2041 1834 salutem
2068 1829 2117 1894 B
2148 1778 2501 1878 quibusdam
2533 1798 2735 1881 eorum
2770 1782 3216 1856 Martyrologiis,
3251 1785 3349 1841 sed
3379 1785 3438 1841 in
3463 1785 3730 1845 Chronolo-

404 1872 1035 1945 aﬂerentes.Hinovenit
1055 1870 1592 1928 adsimilitudinem
1608 1869 2038 1941 salicisuiagnae
2068 1867 2117 1894 υ
2145 1867 2259 1939 giis
2288 1872 2490 1940 postea
2527 1870 2713 1925 secuti
2755 1876 2910 1928 sunt.
2970 1872 3052 1927 Ibi
3103 1873 3393 1945 siquidem
3438 1874 3577 1931 Beda
3620 1892 3727 1933 cum

404 1963 576 2033 cujus
606 1961 754 2019 rami
806 1965 1027 2032 absque
1058 1960 1283 2016 arboris
1332 1959 1719 2015 diminutione
1766 1958 2034 2027 abscissi,
2145 1956 2779 2028 scripsissetJustinum
2797 1960 3216 2034 philosophum
3230 1963 3340 2018 sub
3354 1962 3446 2019 Pio
3460 1980 3729 2037 papamar-

401 2050 721 2121 multisque
753 2050 1089 2106 hominibus
1120 2048 1439 2116 distributi,
1474 2053 1642 2119 atque
1676 2048 1847 2103 variis
1870 2046 2034 2102 sicci-
2142 2046 2290 2118 tyrio
2318 2047 2496 2102 vitam
2526 2048 3051 2117 ﬁniisse,continuo
3068 2051 3363 2109 subdidit:
3393 2053 3597 2109 Hermas
3613 2057 3723 2109 scri-

399 2140 537 2195 tatis
551 2143 607 2194 et
623 2138 933 2194 viriditatis
949 2138 1230 2210 gradibus
1244 2137 1539 2193 abiisdem
1563 2136 2034 2204 restituti,varios
2139 2136 2247 2205 psit
2278 2135 2499 2203 librum,
2533 2139 2629 2208 qui
2656 2137 2861 2193 dicitur
2904 2138 3183 2205 Pastoris,
3219 2141 3278 2195 in
3307 2156 3412 2212 quo
3434 2151 3723 2214 praeceptum

398 2228 771 2284 observandae
802 2227 948 2299 legis
979 2226 1183 2282 divinae
1217 2227 1421 2281 modos
1472 2226 1713 2297 mystice
1745 2224 2033 2297 signiﬁca-
2141 2225 2332 2294 angeli
2356 2228 2614 2295 continet,
2644 2235 2705 2282 ut
2732 2227 2943 2282 Pascha
2972 2229 3251 2284 Dominico
3296 2229 3383 2284 die
3408 2231 3725 2287 celebraretur

398 2316 730 2373 bant.Rami
752 2320 949 2372 autem
972 2314 1236 2370 nonnulli
1267 2316 1480 2370 iterum
1510 2320 1568 2370 et
1589 2313 1758 2369 tertio
1790 2312 2032 2385 plantati

398 2411 456 2463 et
482 2407 553 2463 ad
582 2406 772 2463 varios
811 2404 1123 2460 viriditatis
1176 2404 1395 2476 gradus
1453 2402 1721 2471 revocati,
1753 2402 2032 2474 gerebant

397 2499 764 2568 peccatorum
794 2493 969 2549 variis
1020 2492 1209 2548 modis
1268 2492 1673 2564 pmnitentiam
1732 2492 2030 2563 agentium

396 2582 1007 2639 similitudinem.Post
1023 2582 1143 2636 haec
1161 2581 1653 2636 constructionem
1667 2579 2032 2647 turris,simi-

394 2672 700 2728 litudinem
729 2669 990 2726 Ecclesiae
1023 2670 1405 2742 praeferentis,
1437 2686 1615 2740 quam
1660 2668 1809 2723 libro
1841 2669 2028 2740 primo

393 2762 579 2819 levius
610 2759 1212 2833 attigerat,fusissime
1243 2759 1606 2814 describitzet
1637 2757 1923 2829 quidquid
1956 2758 2027 2812 ad

392 2869 520 2909 eam
547 2851 815 2923 pertinet,
851 2848 1197 2923 singillatim
1227 2848 1594 2914 Christianis,
1613 2848 1865 2902 maxime
1893 2862 2026 2901 vero

391 2940 807 3014 paenitentibus
839 2938 1206 3011 applicando,
1252 2938 1451 2993 omnia
1508 2954 1631 3006 quae
1690 2954 1723 2991 a
1779 2935 2027 3007 singulis

392 3030 726 3103 quibusque
757 3027 1139 3101 persolvendo.
1167 3031 1351 3096 erant,
1384 3024 1682 3097 religionis
1711 3030 1768 3080 et
1796 3024 2027 3096 pietatis

390 3118 582 3175 officia
610 3118 875 3190 explicat.
909 3116 1129 3172 Dehinc
1159 3118 1357 3171 narrat
1386 3115 1629 3170 Hermas
1660 3130 1835 3185 quam
1866 3111 2024 3169 solli-

388 3207 502 3263 cite
530 3205 899 3279 angelus,qui
930 3222 1063 3261 eum
1096 3204 1317 3260 Pastori
1338 3206 1534 3259 nuntio
1548 3204 1895 3274 paenitentiae
1914 3206 2027 3257 tra-
2054 3195 2097 3261 C
2135 3206 2473 3259 eorumdem
2498 3205 2841 3279 pontiﬁcum
2882 3206 3128 3279 catalogi
3159 3208 3321 3279 apud
3368 3207 3590 3262 eosdem
3616 3204 3722 3259 Bol-

388 3296 633 3363 diderat,
673 3295 930 3367 ipsimet,
979 3298 1044 3349 ut
1096 3294 1376 3349 mandata
1422 3293 1706 3347 hactenus
1763 3292 2024 3363 exposita
2130 3291 2288 3347 landi
2321 3293 2573 3349 asseclas
2596 3295 2750 3350 idem
2784 3294 3155 3367 paucioribus
3182 3296 3381 3352 verbis
3409 3295 3547 3351 dixit
3575 3313 3587 3351 :
3614 3295 3720 3349 Pius

2140 2311 2304 2367 Bedm
2335 2319 2531 2369 autem
2561 2316 2736 2371 verba
2764 2317 2848 2371 sic
2899 2317 3021 2372 Αᾱο
3062 2317 3432 2389 transcripsit
3456 2336 3467 2374 :
3490 2320 3609 2375 Pius
3633 2321 3725 2391 epi-

2138 2416 2329 2472 scopus
2359 2404 2543 2460 Romae
2564 2403 2816 2475 habetur,
2846 2405 2945 2460 sub
2992 2422 3097 2477 quo
3136 2410 3374 2462 Hermas
3405 2408 3594 2463 librum
3617 2409 3723 2463 scri-

2133 2492 2265 2559 psit,
2298 2493 2391 2563 qai
2416 2493 2623 2547 dicitur
2652 2494 2930 2563 Pastoris,
2960 2497 3023 2549 in
3050 2511 3154 2567 quo
3179 2500 3503 2568 praeceptum
3528 2498 3727 2552 continet

2138 2581 2343 2647 angeli,
2375 2589 2434 2636 ut
2459 2598 2671 2653 semper
2710 2583 2924 2638 Pascha
2970 2584 3060 2639 die
3110 2586 3396 2641 Dominico
3440 2585 3719 2642 celebretur.

2140 2673 2355 2724 Auctor
2384 2687 2615 2742 quoque
2643 2672 2851 2727 veteris
2884 2672 3286 2729 Romanorum
3320 2674 3634 2745 pontiﬁcum
3656 2690 3724 2729 ca-

2135 2757 2496 2830 talogi,apud
2529 2760 2874 2816 Bucherium
2904 2767 2961 2817 et
2993 2761 3284 2818 Bollandil
3319 2763 3722 2829 continuatores,

2133 2847 2194 2902 in
2224 2849 2425 2904 eadem
2455 2853 2545 2903 est
2574 2850 2861 2905 sententia
2896 2866 2907 2904 :
2940 2851 3050 2905 Sub
3079 2852 3267 2922 hujus,
3318 2851 3425 2918 Pii,
3455 2854 3722 2924 episcopatu

2130 2939 2312 3008 frater
2338 2939 2454 3008 ejus
2482 2940 2705 2994 Hermas
2733 2940 2941 2994 librum
2978 2942 3193 3012 scripsit
3226 2943 3287 2996 in
3334 2958 3433 3012 quo
3476 2940 3725 2996 mandatur

2131 3028 2545 3097 contineturque
2575 3028 2724 3098 quod
2754 3030 2813 3083 ei
2846 3031 3102 3100 praecepit
3148 3031 3411 3100 angelus,
3456 3046 3569 3085 cum
3608 3029 3724 3083 venit

2130 3114 2199 3169 ad
2227 3131 2355 3169 eum
2382 3118 2443 3170 in
2474 3115 2672 3171 habitu
2689 3118 3217 3189 pastoris.Denique
3250 3119 3494 3190 scriptor
3520 3116 3720 3173 alterius

386 3384 923 3455 observet,aliisque
949 3382 1220 3438 similiter
1249 3382 1610 3437 observanda
1632 3397 1761 3436 esse
1787 3380 2021 3436 nuntia-

385 3476 488 3544 ret,
521 3472 911 3545 imperaverit.
948 3470 1354 3527 Postremoille
1387 3469 1573 3542 angeli
1609 3473 1893 3525 memorat
1921 3485 2021 3540 po-

382 3562 1043 3633 licitationem,quafore
1073 3565 1137 3615 ut
1165 3560 1275 3632 ipsi
1305 3564 1597 3631 pastorem
1629 3563 1687 3615 et
1710 3558 2019 3613 duodecim

384 3652 657 3724 virgines,
689 3652 747 3706 id
779 3655 869 3707 est
897 3666 1101 3705 omnes
1132 3650 1371 3704 omnino
1399 3649 1666 3713 virtutes,
1699 3664 1832 3702 cum
1864 3664 1930 3703 eo
1962 3648 2022 3702 in

385 3745 665 3797 eternum
694 3756 1111 3812 permansurae
1141 3738 1576 3805 mitteret,ultra
1607 3738 2019 3809 spoponderat.

951 3846 1354 3901 ARTICULUS
1386 3846 1454 3899 Il.

386 3936 516 4004 (luis
540 3937 764 3992 Hermas
792 3943 983 3990 auctor
1011 3935 1172 4000 huius
1204 3936 1384 4005 operis
1412 3952 1433 3997 ;
1460 3951 1594 3988 num
1634 3935 1705 3988 sit
1734 3936 1912 4005 frater
1933 3934 2023 3988 Pii

822 4008 1018 4077 primi,
1050 4010 1249 4060 summi
1274 4006 1573 4077 pontiﬁcis.

453 4097 627 4151 Extra
657 4094 1111 4150 controversiam
1135 4099 1225 4149 est
1249 4093 1358 4149 hoc
1377 4110 1523 4164 Opus
1544 4094 1697 4149 idem
1720 4110 1846 4150 esse
1864 4094 2017 4165 quod

380 4185 453 4240 ab
474 4182 904 4255 antiquissimis
931 4183 1200 4239 Patribus
1226 4183 1452 4238 Hermae
1473 4183 1707 4238 nomine
1724 4182 2016 4238 laudatur.

383 4274 445 4329 Id
467 4272 687 4346 liquido
710 4273 992 4344 probatur
1012 4288 1081 4327 ex
1104 4272 1441 4328 eorumdem
1463 4272 1699 4327 Patrum
1721 4270 2017 4339 libris,ubi

384 4378 501 4417 non
548 4377 736 4434 pauca
783 4361 1040 4416 auctoris
1093 4360 1273 4417 nostri
1340 4359 1678 4416 testimonia
1729 4376 1797 4414 ex
1844 4360 2020 4416 variis

384 4450 632 4522 hujusce
663 4449 855 4521 operis
886 4449 1151 4521 partibus
1181 4451 1536 4522 transcripta
1557 4451 2017 4505 occurrunt.Au-

2129 3384 2353 3436 natione
2381 3383 2547 3438 Italus
2573 3399 2644 3438 ex
2667 3392 2826 3455 patre
2854 3384 3077 3453 Ruﬁno,
3110 3388 3296 3454 frater
3331 3386 3582 3441 Pastoris.

2203 3492 2417 3545 Verum
2449 3489 2570 3545 haec
2602 3490 2797 3562 opinio
2829 3495 2982 3547 stare
3013 3490 3172 3547 nullo
3207 3494 3384 3548 modo
3437 3489 3725 3564 potest.Pri-

2132 3594 2227 3632 mo
2256 3577 2411 3633 enim
2444 3579 2683 3650 quidam
2716 3596 2783 3634 ex
2835 3578 2928 3635 his
2976 3579 3369 3651 scriptoribus
3413 3595 3598 3635 secum
3640 3575 3725 3649 ipsi

2132 3668 2541 3738 pugnant.Ado
2569 3667 2861 3738 siquidem
2891 3667 2950 3721 in
2984 3685 3089 3723 suo
3120 3668 3522 3742 Martyrologio
3541 3666 3724 3723 scribit:

2128 3757 2323 3811 Natale
2348 3758 2523 3811 sancti
2554 3758 2757 3811 Herm
2808 3758 2963 3828 cujus
3008 3759 3282 3827 apostolus
3323 3758 3526 3813 Paulus
3567 3755 3723 3811 memi-

2358 3849 2519 3901 Hunc
2548 3854 2802 3900 asserunt
2833 3853 3107 3901 auctorem
3130 3863 3249 3901 esse
3280 3847 3431 3912 libri,
3457 3847 3548 3917 qui
3571 3842 3725 3916 appel-

2130 3935 2276 3989 latur
2305 3938 2547 3989 Pas'roa.
2579 3932 2755 4004 Atqui
2789 3933 2838 3989 si
2870 3934 3110 3992 Hermas
3131 3935 3462 4008 discipulus
3482 3929 3725 3990 fuitPauli

2129 4022 2216 4076 vel
2248 4021 2460 4077 Paulus
2491 4021 2651 4077 illius
2682 4021 2970 4091 meminit,
3006 4040 3121 4078 non
3152 4024 3346 4095 potuit
3365 4028 3516 4080 certe
3543 4022 3723 4077 librum

2131 4127 2327 4177 suum,
2360 4111 2531 4166 sicuti
2562 4111 2716 4167 idem
2746 4111 2868 4166 Ado
2900 4112 2959 4167 in
2989 4112 3382 4186 Chronologia
3400 4130 3505 4169 sua
3531 4108 3721 4174 asserit,

2132 4200 2242 4255 sub
2284 4200 2624 4272 pontiﬁcatu
2663 4200 2751 4253 Pii
2798 4201 3073 4270 scribere,
3122 4201 3345 4275 quippe
3393 4203 3492 4274 qui
3528 4204 3724 4256 centum

2130 4290 2311 4344 ferme
2338 4293 2470 4360 post
2499 4288 2741 4347 Paulum
2766 4289 2935 4345 annis
2956 4306 3229 4346 summus
3262 4291 3520 4364 pontifex
3545 4302 3723 4345 renun-

2128 4378 2309 4434 tiatus
2339 4383 2446 4434 est.

2202 4485 2416 4541 Deinde
2445 4484 2501 4540 hi
2535 4484 2848 4558 scriptores
2871 4491 3108 4545 narrant
3134 4502 3204 4543 ex
3234 4486 3384 4543 libro
3406 4491 3621 4543 Hermae
3637 4487 3727 4538 sta-

384 4541 508 4593 ⁰ί⁰⁹
524 4554 664 4641 ,Ἴθτὲ
684 4537 811 4609 "PS"
843 4537 907 4641 ίη,
924 4537 1222 4641 mf???"
1238 4552 1449 4641 ³9³³⁸³
1470 4538 1689 4641 “cf”
1705 4536 2020 4641 υδίξίυθθε·
2050 4560 2098 4625 D
2130 4536 3617 4641 ιυῐυέὲῖιᾶῐιὸᾶεέιᾶἱ’ἔιΞέ”ο”οἶίι”ίῖιῖἐο’ἑεὶὲῖιῖθᾶιὶιῖλῖ
3636 4536 3729 4627 ξω.

384 4625 585 4682 sumit.
619 4624 1139 4698 Quapropterillud
1172 4630 1400 4680 tantum
1421 4625 1578 4680 venit
1606 4625 1666 4679 in
1690 4628 2019 4681 controver-

383 4713 555 4779 siam,
587 4714 721 4786 quis
750 4714 861 4770 iste
890 4714 967 4770 sit
994 4718 1330 4781 Hermas,et
1361 4730 1476 4785 quo
1506 4714 1712 4768 vixerit
1740 4717 2017 4786 tempore.

456 4804 702 4867 Quidam
734 4804 931 4875 itaque
961 4803 1273 4874 scriptores
1294 4802 1460 4857 illum
1480 4802 1565 4856 Pii
1593 4800 1765 4874 primi
1799 4803 2017 4857 summi

384 4891 679 4962 pontiﬁcis
708 4891 944 4947 fratrem
976 4892 1155 4947 fuisse
1186 4890 1587 4946 indubitanter
1611 4896 1898 4946 asserunt.
1925 4892 2019 4947 Sic

382 4979 538 5036 enim
561 4979 847 5036 sentiebat
875 4985 1076 5035 auctor
1101 4978 1753 5052 poematis,Tertulliani
1783 4981 2017 5038 nomine

376 5066 663 5140 inscripti,
697 5068 797 5139 qui
826 5068 897 5123 de
926 5067 1025 5124 illo
1055 5068 1136 5124 ita
1165 5068 1377 5124 cecinit
1411 5084 1424 5123 :

450 5185 576 5260 Post
596 5183 749 5260 hunc
774 5184 972 5260 deinde
997 5186 1153 5260 Pius,
1189 5185 1412 5260 Hermas
1434 5186 1526 5260 cui
1544 5188 1776 5260 nomine
1802 5191 1981 5260 frater

441 5255 727 5327 Angelicus
750 5259 955 5326 pastor,
990 5258 1086 5327 qui
1115 5256 1313 5311 tradita
1339 5256 1504 5311 verba
1534 5257 1764 5315 locutus.

449 5369 646 5427 Eidem
678 5370 985 5426 sententiae
1016 5374 1219 5426 auctor
1247 5370 1730 5444 Pontiﬁcalis,qui
1762 5374 2012 5431 Damaso

378 5460 676 5529 tribuitur,
708 5460 865 5516 hunc
896 5460 1246 5531 subscripsit
1274 5460 1333 5514 in
1366 5461 1606 5516 modum
1642 5480 1654 5517 :
1689 5462 1800 5519 Sub
1843 5463 2009 5535 hujus

452 5640 467 5677 ί
501 5638 565 5697 In
592 5640 874 5714 Propylseo
905 5637 1126 5697 mensis
1145 5637 1298 5697 Maii.

2130 4668 2250 4719 stra
2280 4664 2432 4735 apud
2466 4667 2732 4719 nostrum
2764 4668 3059 4720 auctorem
3091 4664 3437 4735 hujusmodi
3467 4665 3726 4720 decretum

2129 4751 2449 4823 quaesieris.
2471 4750 2575 4806 Vel
2607 4767 2742 4823 ergo
2770 4758 3035 4808 auctores
3066 4751 3174 4819 illi,
3205 4753 3306 4825 qui
3336 4754 3408 4809 de
3435 4752 3575 4808 libro
3618 4767 3647 4805 a
3678 4762 3727 4803 se

2127 4856 2421 4912 nusquam
2441 4840 2563 4895 viso
2581 4840 2887 4912 scripsisse
2901 4840 3433 4911 videntur,omnino
3450 4840 3573 4896 falsi
3592 4839 3723 4902 sunt,

2124 4929 2211 4985 vel
2244 4930 2314 4985 de
2334 4928 2446 4984 alio
2475 4945 2707 5001 opere,a
2727 4933 2924 4985 nostro
2951 4928 3120 5001 plane
3142 4931 3495 5003 penitusque
3509 4927 3725 4991 diverso,

2123 5018 2463 5091 loquuntur.
2508 5017 2766 5089 Denique
2826 5018 3206 5075 manifestum
3264 5025 3355 5076 est
3411 5022 3724 5091 posteriores

2125 5108 2436 5178 scriptores
2466 5106 2797 5178 opinionem
2829 5124 2998 5163 suam
3029 5125 3063 5163 a
3094 5108 3387 5179 prioribus
3415 5105 3723 5178 sumpsisse,

2123 5198 2479 5271 proindeque
2500 5198 2783 5269 originem
2806 5198 3069 5269 ejusdem
3086 5198 3378 5271 opinionis
3394 5198 3450 5252 in
3472 5207 3723 5252 memora-

2120 5292 2246 5343 tum
2279 5287 2693 5359 poematis,aut
2722 5287 3079 5343 Pontificalis
3100 5292 3395 5344 auctorem
3424 5301 3549 5343 esse
3562 5282 3723 5339 refun-

2121 5376 2391 5431 dendam.
2426 5375 2598 5447 Atqui
2628 5380 2873 5445 uterque
2892 5381 3095 5432 auctor
3123 5382 3212 5434 est
3239 5367 3724 5449 apocryphus,nul-

2118 5464 2233 5521 lius
2265 5464 2521 5521 nominis
2541 5464 2759 5521 nullius
2780 5464 3343 5539 diligentiaamullius
3364 5458 3717 5521 auctoritatis.
