4038 6210
311 343 428 404 837

860 471 1262 529 ARTICULUS
1304 472 1398 528 ΙΙΙ.

420 592 566 647 Num
594 592 820 646 Hermas
846 590 1022 660 fuerit
1053 589 1361 660 discipulus
1391 589 1560 643 Pauli
1589 589 1842 659 apostoli.

385 748 596 800 Contra
622 759 755 798 vero
786 742 1119 813 scriptores,
1154 739 1270 796 illis
1321 740 1597 796 omnibus
1638 739 1872 795 nomine
1902 743 1958 795 et

313 838 486 889 etate
517 832 685 904 longe
716 831 1068 903 superiores,
1103 835 1312 901 putant
1365 829 1636 884 Her-mam
1663 834 1956 884 auctorem

315 926 586 979 nostrum
612 920 795 975 fuisse
821 919 1178 992 discipulum
1199 918 1367 974 Pauli
1390 917 1840 990 apostoli,quem
1864 916 1961 972 ille

314 1014 379 1067 in
413 1009 675 1084 Epistola
703 1010 774 1064 ad
799 1008 1091 1064 Romanos
1122 1011 1143 1042 ³
1173 1007 1267 1064 his
1291 1007 1507 1063 salutat
1536 1007 1725 1063 verbis
1752 1023 1764 1061 :
1799 1006 1962 1061 Salu-

317 1106 428 1158 tate
492 1100 865 1171 Asyncritum,
918 1098 1296 1170 Phlegontem,
1341 1101 1626 1152 Hermum.
1687 1096 1962 1168 Origenes

319 1191 616 1246 enimvero
646 1189 706 1243 in
757 1188 916 1243 hunc
961 1186 1126 1242 Pauli
1174 1186 1367 1242 locum
1418 1187 1502 1242 sic
1546 1186 1783 1241 scribit:
1826 1187 1964 1240 Puto

318 1280 462 1353 quod
490 1285 727 1335 Hermas
755 1278 855 1334 iste
881 1277 951 1333 sit
971 1278 1208 1348 scriptor
1227 1277 1404 1331 libelli
1426 1274 1614 1343 illius,
1636 1277 1733 1346 qui
1761 1280 1968 1330 Pastor

321 1369 638 1441 appellatur
655 1383 675 1428 ;
701 1380 826 1437 quae
851 1365 1124 1435 scriptura
1145 1364 1308 1418 valde
1326 1365 1466 1418 mihi
1489 1363 1644 1417 utilis
1666 1363 1902 1430 videtur,
1917 1370 1969 1416 et

318 1466 473 1530 puto,
534 1456 802 1510 divinitus
851 1455 1139 1524 inspirata.
1196 1452 1483 1507 Eusebius
1512 1452 1532 1484 ³
1563 1455 1796 1506 autem:
1830 1452 1968 1522 Apo-

323 1547 498 1602 stolus
527 1545 755 1614 Paulus,
789 1543 1002 1614 inquit,
1025 1543 1086 1595 in
1115 1541 1540 1596 salutationibus
1563 1542 1697 1608 illis,
1731 1558 1848 1610 qua:
1868 1541 1968 1595 sub

322 1637 492 1706 ﬁnem
521 1633 785 1706 Epistolas
805 1631 877 1686 ad
901 1633 1164 1687 Romanos
1188 1631 1466 1699 leguntur,
1488 1632 1822 1686 mentionem
1840 1630 1971 1697 fecit

326 1727 566 1792 Hm,
599 1724 752 1794 cujus
780 1737 894 1777 esse
921 1723 1100 1791 fertur
1130 1722 1180 1775 is
1223 1720 1384 1786 liber,
1417 1721 1512 1791 qui
1543 1719 1743 1775 Pastor
1772 1721 1971 1774 inscri-

321 1818 450 1886 ptus
480 1823 577 1868 est.
601 1812 984 1883 Hieronymus
1014 1811 1037 1842 ⁴
1065 1825 1199 1865 vero
1222 1810 1279 1864 id
1303 1809 1374 1864 ab
1396 1808 1528 1865 aliis
1550 1814 1974 1865 assertumesse

329 1904 618 1958 memorat
642 1918 654 1955 :
687 1902 934 1967 Hermas,
957 1898 1170 1970 inquit,
1193 1900 1348 1970 cujus
1370 1899 1651 1970 apostolus
1676 1899 1886 1953 Paulus
1905 1898 1974 1953 ad

328 1996 604 2046 Romanos
657 1989 901 2044 scribens
954 1989 1322 2043 meminit.....
1400 1996 1644 2043 asserunt
1700 1996 1975 2042 auctorem

331 2096 449 2135 esse
480 2079 612 2134 libri
653 2080 749 2148 qui
794 2078 1106 2148 appellatur
1153 2077 1373 2132 Pastor.
1426 2081 1682 2133 Possunt
1727 2077 1800 2132 iis
1829 2078 1974 2131 sub-

322 2168 499 2240 jungi
559 2165 908 2238 posteriores
967 2165 1300 2236 scriptores,
1365 2165 1463 2236 qui
1522 2164 1756 2220 illorum
1803 2167 1978 2220 verba

330 2257 851 2327 transcripserunt,
881 2255 969 2309 vel
997 2271 1199 2310 eorum
1237 2255 1713 2326 subscripserunt
1743 2260 1977 2310 senten-

335 2348 449 2401 tiae.
481 2345 597 2400 Hos
631 2345 780 2400 inter
809 2343 1082 2400 Sedulius
1110 2343 1376 2415 Origenis
1404 2345 1576 2399 verba
1602 2344 1622 2376 ⁵
1649 2348 1977 2411 mutuatur,

334 2435 698 2507 Nicephorus
719 2451 852 2489 vero
873 2433 1174 2488 Eusebiis6
1195 2432 1786 2505 vestigiisinsistit.ln
1800 2434 1980 2504 hujus

336 2541 509 2596 porro
543 2523 842 2578 sententiae
875 2523 1310 2578 firmamentum
1340 2522 1484 2577 illud
1517 2523 1728 2578 adduci
1760 2529 1980 2594 posset,

337 2613 493 2684 quod
524 2613 768 2667 Hermas
817 2612 943 2684 ipse
998 2614 1248 2666 testatur
1303 2628 1370 2665 ex
1428 2612 1659 2667 duobus
1707 2612 1842 2666 libri
1888 2613 1978 2667 sui

337 2701 772 2773 exemplaribus
802 2718 834 2755 a
864 2717 925 2756 se
955 2700 1286 2772 descriptis,
1339 2717 1518 2756 unum
1550 2700 1608 2756 in
1644 2707 1867 2757 exteras
1897 2702 1979 2757 ci-

334 2791 546 2846 vitates
577 2808 610 2845 a
638 2789 931 2845 Clemente
980 2789 1370 2845 mittendum:
1426 2791 1600 2846 Mitte:
1643 2795 1826 2846 autem
1858 2792 1982 2847 Cle-

336 2896 492 2936 mens
524 2882 583 2934 in
639 2887 856 2935 exteras
913 2881 1199 2940 civitates;
1250 2881 1400 2934 illud
1454 2881 1602 2934 enim
1636 2883 1979 2951 permissum.

343 2970 526 3033 Quem
576 2969 732 3025 enim
765 2967 944 3023 alium
977 2967 1070 3023 his
1120 2967 1218 3022 ille
1245 2968 1436 3023 verbis
1485 2968 1771 3040 designat,
1805 2987 1981 3042 quam

340 3057 700 3114 Clementem
732 3073 1033 3113 summum
1086 3057 1440 3128 pontificem,
1494 3058 1592 3129 qui
1625 3075 1757 3114 cum
1789 3059 1983 3115 Romae

343 3145 590 3211 sederet,
624 3143 760 3200 inde
784 3143 1004 3199 caeteris
1026 3143 1299 3199 omnibus
1320 3144 1547 3200 facilius
1575 3150 1800 3217 poterat
1828 3147 1985 3203 hunc

343 3234 563 3289 librum
595 3234 654 3288 in
684 3235 908 3289 exteras
939 3233 1167 3288 mittere
1197 3233 1460 3289 civitates
1480 3234 1507 3288 ?

422 3328 598 3378 Porro
626 3322 675 3378 si
729 3322 848 3376 haac
895 3322 1199 3392 sententia,
1250 3321 1344 3376 cui
1397 3322 1542 3377 nihil
1589 3325 1904 3381 adversans
1935 3330 1994 3382 et

350 3428 687 3485 repugnans
737 3411 988 3479 videtur,
1038 3410 1114 3466 sit
1157 3427 1312 3478 vera,
1367 3412 1680 3468 dicendum
1738 3416 1992 3486 profecto

353 3502 464 3556 hos
493 3500 676 3556 libros
702 3500 774 3556 ab
805 3505 1036 3556 auctore
1067 3505 1264 3556 nostro
1309 3505 1442 3557 ante
1474 3502 1650 3557 ﬁnem
1682 3504 1857 3574 primi
1889 3505 1992 3559 Ec-

258 3627 264 3632 -
353 3592 544 3647 clesiaa
576 3590 772 3646 saculi
820 3591 1028 3645 editos-
1080 3590 1345 3644 Clemens
1377 3590 1556 3657 enim,
1602 3592 1773 3661 juxta
1803 3598 1992 3664 poste-

353 3680 538 3734 riores
570 3677 1082 3750 diligentioresque
1113 3678 1371 3733 historiae
1418 3680 1748 3750 scriptores,
1782 3681 1991 3737 Roma-

353 3786 491 3823 nam
524 3769 721 3823 sedem
753 3768 1007 3836 tenebat,
1032 3767 1186 3822 intra
1216 3784 1399 3822 annos
1421 3769 1490 3822 67
1520 3773 1576 3822 et
1592 3769 1682 3839 76,
1714 3769 1798 3824 vel
1824 3771 1996 3840 juxta

353 3858 521 3924 alios,
555 3859 625 3913 ab
659 3874 810 3912 anno
839 3857 909 3910 93
940 3857 1011 3910 ad
1043 3873 1259 3911 annum
1289 3857 1409 3923 100,
1443 3874 1558 3928 quo
1588 3858 1648 3913 in
1678 3859 1993 3916 Chersone-

352 3964 486 4002 sum
519 3945 679 4002 exsul
714 3946 933 4001 missus
964 3950 1068 4001 est.

423 4035 578 4090 Nulli
602 4035 776 4090 etiam
807 4035 1148 4089 dubitamus
1173 4035 1514 4106 scriptorem
1539 4040 1804 4093 nostrum
1836 4039 1992 4094 hunc

352 4141 481 4180 esse
511 4125 785 4179 Hermam
817 4125 985 4194 cujus
1017 4140 1227 4179 nomen
1258 4125 1317 4178 in
1349 4128 1686 4181 sanctorum
1719 4127 1993 4200 Martyro-

352 4213 508 4287 logia
554 4215 826 4283 relatum,
877 4213 936 4267 in
985 4216 1245 4267 Romano
1298 4214 1382 4268 sic
1431 4218 1695 4269 notatum
1743 4216 1988 4287 legitur:

351 4309 560 4369 Romae,
610 4304 791 4357 sancti
847 4302 1081 4370 Hermw,
1140 4302 1294 4372 cujus
1349 4305 1621 4374 apostolus
1675 4307 1884 4362 Paulus
1935 4309 1996 4362 in

351 4390 603 4464 Epistola
631 4391 700 4446 ad
733 4392 995 4446 Romanos
1021 4391 1292 4446 meminit.
1325 4391 1421 4446 Hic
1453 4392 1625 4464 digne
1651 4396 1998 4466 semetipsum

351 4481 693 4550 sacriﬁcans,
743 4479 1199 4551 acceptabilisque
1256 4481 1364 4536 Deo
1419 4480 1596 4537 hostia
1649 4485 1844 4553 faclus,
1878 4488 1996 4540 vir-

352 4572 558 4625 tutibus
586 4572 772 4625 clarus
800 4571 1036 4624 caelestia
1065 4586 1236 4638 regna
1254 4572 1464 4640 petivit.

1565 340 1896 403 PASTOR.
1930 373 2007 384 —
2038 340 2452 404 PROGEMIA.

1979 473 2036 539 Α
2064 471 2237 528 bendi
2270 489 2477 545 genere
2498 489 2702 530 omnes
2733 475 2804 530 ad
2837 475 3123 547 agendam
3155 480 3522 548 peccatorum
3565 496 3702 536 suo-

3584 350 3704 412 838

2062 579 2193 616 rum
2214 563 2612 632 paenitentiam
2643 563 2872 619 facilius
2892 564 3188 633 excitaret,
3221 567 3422 638 eisque
3439 572 3704 625 ostende-

2064 655 2150 704 ret
2181 656 2396 720 quanta
2426 669 2459 706 a
2488 651 2832 708 Christianis
2859 655 2986 707 vitaz
3033 670 3383 727 morumque
3425 659 3705 715 sanctitas

2065 740 2446 796 desideretur.
2482 747 2553 795 At
2576 743 2859 813 quidquid
2884 743 2960 797 sit
2982 743 3052 798 de
3084 746 3338 799 auctoris
3362 748 3544 802 nostri
3577 766 3707 803 san-

2066 830 2422 900 ctitate,vero
2444 831 2670 886 videtur
2689 832 2831 886 satis
2855 832 3045 887 simile
3069 832 3232 888 illum
3248 850 3316 888 ea
3327 840 3513 906 aetate,
3530 853 3707 908 quam

2068 918 2241 990 paulo
2274 937 2451 991 supra
2472 921 2927 992 assignavimus,
2946 925 3004 976 ct
3023 921 3257 990 vixisse,
3279 928 3337 978 et
3358 933 3709 982 commenta-

2067 1007 2286 1064 tionem
2313 1026 2480 1065 suam
2513 1010 2780 1065 emisisse
2812 1009 2871 1064 in
2903 1009 3224 1081 publicum.

2620 1153 3025 1208 ARTICULUS
3065 1154 3155 1209 IV.

2384 1244 2496 1310 Quo
2527 1246 2763 1312 tempore
2791 1244 2883 1299 hos
2914 1243 3085 1298 libros
3107 1246 3403 1316 scripserit.

2145 1366 2430 1422 Caeterum
2463 1367 2511 1422 si
2543 1373 2887 1439 argumenta
2915 1373 3115 1423 nostra
3155 1368 3528 1440 rigidioribus
3557 1371 3712 1426 criti-

2075 1455 2157 1509 cis
2189 1472 2302 1509 non
2337 1456 2478 1511 satis
2509 1457 2678 1511 firma
2708 1457 2826 1512 sint
2854 1461 2911 1511 et
2939 1456 3151 1524 valida,
3174 1457 3232 1512 hi
3264 1463 3459 1513 tamen
3495 1459 3717 1515 Hermas

2076 1544 2256 1600 libros
2288 1544 2358 1603 ab
2390 1561 2454 1600 eo
2484 1562 2597 1600 non
2620 1547 2792 1600 modo
2825 1550 2958 1601 ante
2978 1546 3245 1617 Origenis
3271 1551 3327 1601 et
3351 1548 3716 1615 Tertulliani,

2079 1634 2179 1689 sed
2210 1634 2384 1689 etiam
2415 1634 2724 1690 Clementis
2753 1641 2811 1691 et
2841 1636 3037 1690 Irentei
3061 1639 3342 1708 tempora,
3377 1636 3434 1690 id
3467 1643 3556 1692 est
3586 1644 3722 1693 ante

2080 1722 2271 1777 sazculi
2297 1725 2535 1778 secundi
2555 1724 2752 1790 ﬁnem,
2782 1741 2895 1796 quo
2917 1723 3126 1780 saltem
3149 1729 3401 1781 Irenteus
3418 1726 3725 1798 scripsisse

2081 1812 2435 1885 perhibetur,
2452 1812 2719 1884 vulgatos
2752 1814 2932 1869 fuisse
2960 1814 3252 1869 fateantur
3283 1831 3518 1870 necesse
3533 1821 3639 1872 est.
3662 1817 3722 1870 Id

2084 1901 2319 1972 quidem
2343 1917 2410 1956 ex
2431 1902 2768 1957 eorumdem
2795 1901 3061 1957 Ecclesiae
3085 1907 3326 1958 Patrum
3348 1903 3724 1972 testimoniis,

2084 2007 2209 2062 qua:
2233 2007 2412 2061 supra
2430 1990 2720 2057 dedimus,
2745 1991 2926 2046 cuivis
2949 1990 3189 2062 planum
3215 1993 3330 2047 flet.
3363 1997 3569 2047 Utrum
3591 2009 3726 2048 vero

2085 2080 2259 2134 iidem
2292 2079 2688 2150 antiquissimi
2718 2081 3031 2150 scriptores
3079 2080 3227 2135 hanc
3257 2081 3722 2137 lucubrationem

2085 2168 2256 2239 longe
2287 2173 2421 2223 ante
2452 2169 2523 2222 ab
2544 2169 2751 2224 Herma
2771 2169 2986 2223 editam
3012 2170 3360 2240 putaverint,
3394 2171 3530 2225 inde
3557 2171 3728 2226 facile

2085 2257 2374 2328 intelliges
2405 2258 2558 2329 quod
2589 2273 2657 2312 ea
2688 2259 2758 2312 ab
2818 2257 2932 2311 illis
2981 2275 3094 2313 non
3154 2263 3218 2313 ut
3264 2276 3410 2314 nova
3439 2264 3495 2314 et
3525 2276 3726 2316 recens

2088 2348 2261 2413 edita,
2296 2347 2394 2402 sed
2428 2351 2492 2400 ut
2522 2350 2686 2402 vetus
2713 2352 2770 2401 et
2799 2348 3041 2418 antiqua
3065 2349 3280 2418 passim
3305 2349 3523 2419 ubique
3555 2350 3731 2404 citata

2089 2436 2334 2508 legatur.
2371 2436 2621 2491 Irenzrus
2647 2441 2862 2505 autem,
2886 2453 3086 2491 eorum
3111 2438 3372 2491 omnium
3398 2438 3735 2510 antiquissi-

2090 2543 2243 2593 mus,
2279 2524 2437 2579 illius
2470 2529 2752 2595 tanquam
2807 2524 2981 2581 unius
3024 2542 3201 2580 sacra
3259 2525 3565 2598 Scripturae
3598 2527 3733 2581 libri

2090 2614 2429 2668 auctoritate
2460 2613 2552 2667 his
2581 2613 2772 2668 verbis
2803 2614 2988 2668 utitur
3018 2615 3036 2648 ⁷
3068 2630 3080 2667 :
3117 2616 3260 2670 Bene
3291 2631 3421 2682 ergo
3446 2616 3730 2687 Scriptura

2089 2703 2259 2758 dicit:
2293 2705 2482 2757 Primo
2512 2704 2754 2757 omnium
2783 2703 2938 2758 crede
2967 2703 3110 2774 quod
3144 2720 3287 2758 unus
3318 2713 3395 2758 est
3425 2705 3581 2770 Deus,
3615 2709 3727 2760 etc.

2091 2793 2252 2857 Quod
2276 2797 2427 2847 certe
2459 2791 2670 2847 indicio
2723 2797 2814 2846 est
2843 2792 2900 2846 in
2958 2808 3026 2847 ea
3057 2792 3236 2847 fuisse
3294 2792 3573 2848 Irenaaum
3604 2795 3730 2865 opi-

2093 2881 2264 2935 nione
2291 2881 2556 2935 eamdem
2586 2880 3051 2936 lucubrationem
3085 2882 3155 2936 ab
3187 2897 3301 2935 uno
3331 2897 3400 2935 ex
3429 2881 3730 2954 apostolis,

2090 2970 2177 3026 vel
2201 2969 2408 3024 saltem
2433 2969 2626 3040 aliquo
2651 2969 2911 3041 proximo
2933 2986 3134 3025 eorum
3163 2987 3518 3042 successore,
3554 2973 3736 3029 fuisse

2095 3059 2430 3130 profectam.
2465 3058 2750 3114 Eusebius
2772 3075 2904 3115 vero
2936 3059 2957 3092 ⁸
2985 3076 3098 3114 non
3122 3057 3312 3114 solum
3335 3060 3510 3115 citata
3536 3061 3739 3116 Irenaai

2095 3148 2273 3203 verba
2302 3146 2523 3212 retulit,
2554 3164 2755 3202 verum
2788 3147 2962 3203 etiam
2994 3148 3206 3203 librum
3249 3149 3471 3204 Hermae
3504 3151 3574 3205 ab
3607 3150 3739 3205 aliis

2016 3215 2058 3282 α
2099 3253 2348 3308 quoque,
2382 3253 2527 3306 quos
2553 3236 2981 3292 vetustissimos
3012 3236 3284 3308 appellat,
3309 3237 3534 3294 laudari
3565 3243 3739 3294 testa-

2102 3330 2197 3381 tus
2227 3331 2351 3381 est:
2387 3325 2774 3396 Comperimus,
2831 3327 3045 3398 inquit,
3093 3326 3352 3397 quosdam
3391 3344 3460 3383 ea:
3491 3337 3740 3383 vetustis-

2100 3417 2256 3470 simis
2311 3411 2731 3485 (παλαιοτάτων)
2787 3416 3138 3486 scriptoribus
3194 3416 3368 3485 ipsius
3423 3418 3739 3472 testimonio

2101 3520 2227 3559 usus
2255 3505 2445 3573 fuisse.
2474 3503 2697 3566 Quibus
2729 3519 2869 3558 sane
2925 3502 3116 3558 verbis
3145 3501 3241 3558 ille
3297 3504 3583 3574 quosdam
3615 3504 3742 3560 Cle-

2104 3596 2297 3647 mente
2320 3596 2374 3646 et
2397 3593 2610 3646 Irenaeo
2633 3592 2991 3662 antiquiores
3009 3591 3298 3646 indicasse
3317 3591 3612 3647 nonnullis
3637 3594 3746 3648 for-

2104 3681 2257 3736 sitan
2280 3679 2585 3734 videbitur.
2610 3680 2721 3734 Sed
2744 3679 3006 3750 quolibet
3025 3677 3387 3750 accipiantur
3408 3695 3603 3747 sensu,
3630 3695 3744 3734 non

2104 3770 2349 3824 obscure
2379 3769 2449 3823 iis
2480 3768 2848 3839 significatur
2889 3768 3204 3823 Eusebium
3252 3769 3364 3823 sibi
3400 3785 3745 3839 persuasum

2103 3859 2381 3914 habuisse
2413 3857 2520 3912 hos
2552 3857 2732 3912 libros
2783 3857 2982 3928 primae
3016 3862 3149 3928 post
3194 3874 3390 3912 sacras
3419 3858 3747 3928 Scripturas

2108 3949 2290 4002 fuisse
2320 3947 2379 4002 in
2411 3945 2664 4001 Ecclesia
2686 3945 3068 4015 antiquitatis.
3099 3946 3296 4016 Neque
3324 3950 3518 4001 tamen
3551 3944 3747 4001 dicen-

2113 4038 2254 4092 dum
2282 4035 2416 4092 illos
2446 4034 2693 4106 primam
2726 4034 2987 4090 Ecclesiae
3016 4036 3478 4106 persecutionem
3505 4051 3750 4106 praeces-

2113 4127 2278 4192 sisse,
2314 4124 2780 4197 quandoquidem
2836 4124 2894 4178 in
2926 4124 3134 4179 iisdem
3187 4123 3353 4180 libris
3382 4126 3403 4159 θ
3430 4125 3496 4178 fit
3525 4123 3741 4179 mentio

2111 4219 2433 4285 martyrum
2477 4213 2577 4283 qui
2602 4213 2725 4283 jam
2776 4213 3035 4284 perpessi
3095 4213 3324 4267 fuerant
3351 4215 3500 4284 feras
3530 4213 3746 4280 bestias,

2103 4305 2356 4375 ﬂagella,
2388 4319 2658 4367 carceres,
2681 4318 2879 4357 cruces.
2913 4304 2984 4356 At
3012 4318 3144 4356 vero
3167 4319 3300 4357 cum
3333 4303 3392 4356 in
3415 4302 3486 4356 iis
3517 4316 3751 4374 quoque

2105 4393 2218 4449 alia
2230 4391 2572 4463 persecutio,
2606 4407 2779 4462 quam
2795 4390 3170 4461 probabiliter
3191 4407 3319 4445 eam
3333 4407 3460 4446 esse
3474 4395 3752 4461 putamus

2107 4498 2233 4553 quae
2264 4499 2297 4537 a
2327 4481 2656 4536 Domitiano
2689 4496 2840 4534 anno
2872 4480 2942 4532 92
3000 4479 3246 4534 excitata
3277 4483 3383 4544 est,
3435 4479 3752 4533 imminens

2032 4581 2076 4646 D
2107 4570 2530 4642 praanuntietur
2562 4570 2626 4637 ιο,
2655 4569 2789 4623 inde
2804 4585 2917 4622 non
2943 4568 3193 4623 absurde
3210 4568 3448 4639 colligas
3469 4567 3576 4621 hoc
3603 4582 3753 4636 opus

424 4660 638 4714 Verum
671 4663 872 4714 contra
898 4662 1128 4713 tantum
1172 4659 1349 4728 hujus
1393 4659 1499 4713 viri
1532 4660 1902 4717 sanctitatem
1934 4679 2003 4717 ea
2111 4659 2282 4731 paulo
2316 4658 2616 4713 antehunc
2647 4674 2890 4723 annum,
2913 4655 3413 4724 Clementejamin
3446 4669 3747 4710 summum

354 4748 786 4804 dubitationem
820 4748 1284 4819 scrupulumque
1323 4747 1614 4818 injiciunt,
1650 4766 1775 4821 qua:
1807 4751 1877 4806 de
1907 4768 2002 4806 se-

355 4837 606 4908 metipso
639 4836 860 4908 passim
920 4837 978 4890 in
1010 4853 1117 4891 suo
1158 4837 1306 4890 libro
1339 4837 1633 4908 prazdicat,
1662 4855 1723 4893 se
1757 4844 2003 4910 patrem-

354 4926 609 4982 familias
640 4926 844 4994 fuisse,
881 4926 981 4997 qui
1005 4925 1187 4980 nimia
1209 4925 1267 4979 in
1290 4942 1524 4981 uxorem
1548 4931 1605 4981 et
1630 4925 1780 4982 filios
1813 4928 2004 4983 indul—

352 5015 550 5089 gentia
580 5014 833 5087 peccatis
864 5031 1065 5069 eorum
1097 5031 1211 5068 non
1235 5015 1525 5069 obstiterit
1550 5032 1563 5083 ;
1598 5031 1777 5088 seque
1807 5019 2002 5088 ipsum

357 5103 546 5159 multa
577 5119 905 5176 magnaque
956 5119 1245 5175 peccasse,
1298 5119 1403 5159 nec
1459 5104 1576 5159 fere
1635 5121 1899 5176 unquam
1930 5107 2001 5162 ad

352 5192 656 5249 veritatem
688 5191 974 5246 locutum.

421 5279 778 5353 Responderi
801 5284 998 5335 tamen
1023 5283 1212 5352 potest
1232 5280 1505 5334 Hermam
1527 5295 1642 5334 non
1667 5280 1724 5334 in
1753 5299 1879 5352 sua,
1904 5284 2004 5338 sed

347 5371 406 5426 in
439 5371 688 5427 aliorum
720 5384 970 5440 persona
1005 5369 1124 5424 haec
1147 5368 1343 5423 omnia
1372 5368 1590 5424 dixisse
1616 5393 1630 5437 ;
1659 5374 1724 5424 ut
1745 5369 1843 5426 illo
1867 5373 2006 5427 scri-

2112 4749 2442 4820 pontiﬁcem
2476 4752 2801 4818 assumpto,
2835 4747 2905 4800 ab
2933 4746 3144 4801 Herma
3175 4744 3406 4816 scriptis
3430 4743 3611 4799 fuisse
3639 4746 3755 4798 tra-

2112 4838 2322 4892 ditum.

2675 4949 3076 5005 ARTICULUS
3121 4949 3187 5003 V.

2304 5063 2451 5114 Num
2473 5058 2532 5113 hi
2562 5057 2694 5112 libri
2724 5057 2904 5114 Graece
2931 5058 3178 5128 primum
3209 5058 3403 5128 scripti
3433 5057 3564 5110 sint.

2186 5193 2298 5247 llos
2330 5191 2570 5246 Pastoris
2627 5188 2809 5244 libros
2868 5207 2900 5244 a
2939 5194 3132 5244 Graeco
3193 5192 3445 5254 auctore,
3479 5190 3535 5242 et
3564 5184 3755 5240 Graece

2114 5283 2301 5356 primo
2327 5278 2685 5350 compositos
2707 5279 2906 5350 fuisse,
2929 5279 3010 5334 ita
3033 5297 3135 5351 pro
3151 5283 3304 5334 certo
3327 5291 3530 5332 omnes
3551 5288 3755 5344 posue-

2112 5377 2269 5439 runt,
2304 5373 2370 5425 ut
2391 5367 2587 5424 nullus
2600 5384 2863 5440 unquam
2887 5369 3016 5424 idin
3039 5367 3492 5424 controversiam
3519 5377 3756 5418 vocasse

413 5608 591 5680 εἶθαρ.
623 5627 737 5677 xvr,
768 5627 821 5666 v.
857 5611 943 5665 14.
976 5610 1010 5664 3
1041 5609 1162 5664 Lib.
1191 5623 1256 5662 ιη
1286 5607 1513 5680 Histor.,
1537 5623 1664 5679 cap.
1696 5609 1748 5662 3.
1798 5609 1818 5643 ⁴
1849 5609 1922 5664 De
1949 5610 2200 5680 scriptor.
2259 5606 2562 5662 ecclesiast.
2639 5605 2661 5638 ⁵
2683 5603 2990 5680 Comment.
3027 5603 3088 5658 in
3113 5601 3286 5680 Epist.
3318 5597 3503 5680 Pauli.
3567 5595 3600 5680 ξ
3630 5593 3755 5680 Lib;

340 5692 380 5730 ιι
410 5679 636 5751 Histor.,
671 5697 794 5754 cap.
827 5683 918 5737 46.
995 5683 1013 5716 ⁷
1045 5681 1147 5736 lib.
1184 5696 1238 5736 ιν
1267 5679 1460 5736 Adver.
1494 5679 1716 5749 haerea,
1752 5697 1802 5735 c.
1834 5681 1922 5735 37.

2000 5682 2020 5715 ⁸
2051 5672 2154 5736 lib.
2188 5695 2222 5735 ν
2250 5681 2492 5745 Histor.,
2515 5691 2643 5748 cap.
2674 5677 2730 5730 8.
2807 5677 2828 5711 ⁹
2857 5675 2960 5730 lib.
2998 5693 3038 5744 1,
3073 5673 3182 5732 vis.
3214 5672 3266 5727 3.

3348 5673 3392 5708 ¹⁰
3421 5668 3535 5726 vis.
3567 5668 3603 5721 2
3634 5668 3692 5722 et
3717 5666 3752 5721 3
