4038 6210
410 323 530 384 839

1899 290 1964 351 S.
2009 285 2327 349 HERMAS

3647 276 3753 339 SI)

410 455 694 511 Videntur.
750 449 829 505 Ea
882 448 1005 501 tam
1061 456 1201 497 cura
1258 453 1375 509 qua
1441 432 1620 488 libros
1682 424 2044 484 bibliothecae
2073 424 2129 489 Α
2157 433 2473 511 puraa,_neo
2503 414 2636 511 styli
2683 410 3093 485 elegantioris;
3142 411 3242 466 sed
3288 408 3548 466 Barthius
3577 408 3752 482 plures

413 546 622 599 nostrae
652 532 1068 595 examinandos
1089 526 1479 598 suscepimus,
1502 537 1617 577 non
1639 517 1779 574 sinit
1808 518 1873 570 ut
1902 512 2047 568 illud

412 633 566 688 idem
580 628 817 686 omnino
830 625 1115 679 intactum
1128 616 1550 686 relinquamus.
1568 607 1931 677 Praecipuum
1946 602 2050 656 ita-

412 737 522 791 que
550 735 665 790 quo
695 717 753 771 id
804 712 1099 786 probetur,
1157 706 1568 777 argumentum
1600 715 1668 754 ex
1725 695 1816 749 his
1846 691 2050 747 Hiero-

414 810 575 881 nymi
604 784 831 863 eruitur
858 799 1050 858 verbis
1081 800 1122 834 ¹¹
1152 814 1164 852 :
1212 794 1387 858 Multi,
1446 787 1658 860 inquit,
1713 784 2051 854 Scriptorum

411 906 655 955 veterum
682 894 749 950 de
797 909 861 949 eo
918 891 1321 960 usurpaverant
1371 876 1705 945 testimonia,
1761 872 1852 928 sed
1909 867 2053 940 apud

412 988 634 1044 Latinos
650 986 792 1056 pene
813 982 1029 1050 ignotus
1049 957 1143 1033 est.
1170 972 1388 1028 Deinde
1417 967 1695 1039 Origenes
1716 963 1773 1017 in
1797 957 2050 1032 publico,

415 1091 588 1146 quem
630 1054 784 1143 apud
816 1066 1017 1124 ﬁdeles
1063 1062 1422 1120 Christianos
1472 1054 1742 1118 habebat,
1788 1061 2053 1103 sermone

416 1140 600 1219 unum
615 1140 850 1232 aliquod
872 1155 1043 1213 exhis
1056 1152 1222 1208 libris
1243 1144 1664 1209 testimonium,
1681 1140 1778 1195 sed
1794 1141 2052 1193 tantum-

414 1252 658 1309 modum
672 1227 1367 1315 dimidiatum,profert12,
1382 1234 1676 1292 auditores
1690 1229 1759 1284 ad
1774 1227 2055 1298 ipsosmet

412 1344 617 1411 libros,
650 1339 805 1395 haud
863 1335 1037 1392 dubie
1092 1333 1337 1394 Graecos,
1396 1325 1493 1380 ubi
1544 1320 1769 1411 reliqua
1799 1315 2056 1411 legerent

416 1401 645 1487 mittere
673 1430 1020 1483 contentus:
1074 1419 1300 1477 Potestis
1355 1416 1572 1487 quippe,
1603 1406 1913 1501 inquiebat,
1934 1401 2051 1467 ille,

418 1714 612 1766 nemo,
641 1695 728 1752 uti
778 1693 1004 1767 opinor,
1053 1688 1269 1744 librum
1313 1678 1535 1739 Latinis
1580 1690 1725 1748 pene
1764 1672 2051 1743 ignotum,

419 1764 633 1845 Graecis
659 1800 791 1841 vero
816 1764 937 1838 non
969 1777 1155 1835 doctis
1185 1768 1545 1840 tantum,sed
1575 1764 1907 1837 quibusque
1929 1773 2057 1845 pas-

415 1878 532 1934 sim
585 1872 960 1930 notissimum
1014 1871 1072 1923 et
1125 1858 1600 1924 usitatissimum,
1632 1851 1826 1907 Graece
1870 1844 2057 1918 primo

416 1965 702 2037 scriptum
734 1960 915 2016 fuisse
943 1952 1325 2013 inﬁciahitur.

485 2050 777 2110 Nonnulla
807 2053 1003 2104 tamen
1034 2047 1237 2100 contra
1265 2040 1386 2094 haec
1435 2031 1652 2097 omnia,
1684 2020 2061 2100 quantumvis

417 2143 611 2199 valida
640 2140 761 2197 sint
789 2138 1156 2209 argumenta,
1188 2126 1401 2201 opponi
1445 2123 1648 2193 utique
1694 2117 1963 2209 possunt.
1995 2110 2063 2164 Et

421 2233 608 2307 primo
638 2229 898 2302 quidem,
954 2224 1152 2280 omnia
1201 2219 1426 2274 Hermae
1482 2212 1626 2278 visa,
1684 2222 1800 2263 uno
1832 2204 2061 2259 tantum

423 2324 680 2393 excepto,
712 2318 907 2373 Romae
936 2313 1023 2368 vel
1079 2312 1138 2366 in
1170 2308 1377 2365 vicinis
1420 2301 1684 2372 ejusdem
1732 2293 1896 2351 urbis
1921 2291 2064 2345 locis

427 2413 563 2466 data
591 2414 923 2464 narrantur.
956 2401 1177 2458 Deinde
1206 2413 1338 2452 vero
1370 2397 1613 2448 Hermas
1634 2390 1705 2443 de
1728 2382 1952 2457 jejunio
1984 2379 2067 2435 sic

426 2498 686 2571 loquitur
744 2497 837 2548 13:
901 2492 1074 2549 Video
1133 2490 1507 2543 Pastorem...
1568 2478 1832 2533 dicentem
1882 2470 2066 2525 mihi:

422 2562 567 2659 Quid
596 2590 712 2641 tam
766 2597 929 2638 mane
984 2580 1090 2635 huc
1143 2575 1383 2633 venisti?
1435 2566 1734 2640 Respondi:
1775 2562 2065 2632 Quoniam,

422 2649 662 2743 domine,
693 2674 985 2729 stationem
1034 2668 1218 2723 habeo.
1282 2662 1428 2731 Quid
1485 2667 1582 2723 est,
1635 2653 1835 2725 inquit,
1866 2649 2071 2705 statio?

424 2768 490 2821 Et
518 2741 679 2819 dixi:
734 2761 1032 2832 Jejunium.
1090 2758 1163 2811 At
1213 2757 1365 2809 certe
1415 2748 1548 2821 quis
1607 2743 1839 2800 Graecus
1871 2741 2072 2793 auctor

425 2855 508 2909 ita
539 2825 805 2924 unquam
831 2848 1063 2904 locutus
1110 2848 1201 2899 est
1228 2861 1241 2898 :
1291 2841 1465 2896 Statio
1520 2838 1597 2891 est
1620 2832 1940 2905 jejunium?
1973 2825 2072 2880 Hic

430 2915 685 3016 profecto
711 2936 983 3010 loquendi
1014 2934 1227 2990 modus
1282 2947 1397 2985 non
1429 2923 1665 2989 Graecis,
1717 2919 1815 3016 sed
1856 2915 2073 2973 Latinis

431 3006 704 3103 proprius
733 3006 1160 3100 peculiarisque
1188 3023 1296 3084 est,
1328 3017 1414 3072 uti
1442 3012 1666 3086 liquido
1688 3006 1980 3103 colligitur
2006 3019 2075 3058 ex

431 3092 789 3176 :I‘ertulliano
814 3092 1226 3184 aliisque—quos
1255 3108 1314 3163 in
1338 3099 1660 3161 doctissimi
1689 3094 1888 3167 Cangii
1908 3092 2072 3148 Glos-

2158 506 2495 563 dilectiones
2524 504 2675 560 inter
2701 500 3098 558 barbarismos
3144 502 3417 567 recenset,
3455 516 3593 570 quas
3619 501 3754 569 apud

2159 595 2493 667 scriptiores
2525 591 2809 666 politioris
2857 588 3155 661 elegantiae
3195 587 3440 659 reperire
3482 591 3585 643 est.
3614 588 3758 653 Quod

2157 701 2293 741 vero
2324 685 2396 739 ad
2429 682 2750 739 secundum
2780 682 3023 751 spectat,
3054 677 3187 732 inde
3216 676 3345 731 falsi
3379 675 3475 731 ille
3502 676 3760 731 convinci-

2156 777 2275 842 tur,
2307 772 2459 843 quod
2492 771 2661 842 longe
2699 767 2967 841 pluribus
2991 770 3127 821 ante
3161 765 3529 820 Anastasium
3559 764 3761 821 seculis

2159 861 2427 933 quaedam
2450 860 2629 930 hujus
2643 857 2861 913 Latina:
2875 852 3366 926 interpretationis
3386 853 3573 921 verba,
3593 853 3764 925 qualia

2159 949 2219 1004 in
2245 966 2312 1005 ea
2339 949 2469 1020 ipsa
2496 946 2808 1014 habentur,
2834 961 2869 999 a
2896 942 3253 998 Tertulliano
3283 941 3622 1013 transcripta
3647 940 3763 1016 legi-

2162 1055 2315 1094 mus.
2343 1038 2536 1108 Neque
2560 1035 2775 1091 dixeris
2805 1034 2962 1089 hunc
2990 1032 3230 1099 librum,
3272 1035 3339 1085 ut
3361 1047 3535 1103 supra
3563 1031 3762 1087 monui-

2162 1143 2295 1182 mus
2325 1129 2582 1197 tempore
2636 1122 2966 1194 Hieronymi
3014 1120 3281 1191 ignotum
3338 1118 3515 1173 fuisse
3552 1118 3764 1186 Latinis,

2161 1216 2334 1286 idque
2364 1217 2711 1287 argumento
2762 1227 2891 1267 esse
2920 1208 3089 1265 illum
3148 1208 3410 1263 nondum
3439 1211 3573 1262 tunc
3597 1208 3767 1264 Latine

2160 1305 2475 1360 redditum.
2500 1303 2647 1358 Nam
2677 1299 2866 1357 futilis
2897 1304 2955 1355 et
2978 1314 3128 1353 vana
3155 1300 3246 1353 est
3269 1296 3393 1351 haec
3419 1296 3768 1367 ratiocinatio,

2163 1392 2640 1465 quandoquidem
2671 1390 2765 1445 hic
2791 1389 2939 1444 liber
2987 1404 3104 1443 non
3153 1389 3382 1441 tantum
3426 1384 3767 1451 'l‘ertulliano,

2163 1482 2264 1553 qui
2294 1483 2640 1554 Hieronymo
2670 1479 2969 1551 antiquior
2996 1480 3105 1543 est,
3150 1475 3497 1531 notissimus
3528 1474 3661 1542 fuit;
3690 1489 3767 1530 ve-

2163 1588 2295 1627 rum
2326 1571 2501 1626 etiam
2534 1570 2741 1625 Ruﬁno
2788 1571 2846 1624 et
2895 1567 3192 1631 Cassiano,
3242 1564 3433 1621 eidem
3460 1562 3769 1636 Hieronymo

2162 1659 2364 1717 coaevis
2385 1662 2442 1715 et
2462 1658 2837 1730 supparibus,
2861 1656 2959 1726 qui
2979 1655 3138 1711 hunc
3157 1653 3375 1710 librum
3402 1651 3596 1725 procul
3622 1651 3771 1707 dubio

2165 1748 2363 1805 Latine
2393 1747 2841 1819 interpretatum
2868 1745 3164 1801 viderunt.

2712 1852 3104 1909 ARTICULUS
3143 1851 3266 1907 VII.

2616 1943 2731 1998 Non
2756 1942 2832 1996 sit
2861 1945 3079 1996 tantum
3108 1942 3361 2013 epitome.

2239 2033 2497 2087 Tertium
2530 2031 2690 2086 addit
2722 2030 3021 2100 Barthius,
3044 2029 3267 2086 caeteris
3290 2044 3549 2101 peraeque
3569 2027 3771 2093 falsum,

2171 2122 2393 2179 scilicet
2421 2121 2529 2176 hos
2560 2120 2739 2176 libros
2788 2120 2987 2175 Latine
3035 2118 3293 2174 redditos
3343 2118 3643 2191 quamdam
3670 2120 3772 2173 tan-

2171 2210 2477 2267 tummodo
2503 2226 2631 2265 esse
2660 2208 2839 2264 Graeci
2859 2212 3050 2263 textus
3080 2208 3402 2280 epitomen,
3430 2208 3489 2262 in
3514 2222 3621 2278 qua
3638 2205 3775 2260 inter-

2174 2315 2306 2372 pres
2338 2297 2524 2354 multa
2552 2297 2804 2353 auctoris
2824 2296 3005 2352 Graeci
3027 2297 3197 2352 verba
3226 2296 3425 2351 sciens
3451 2294 3777 2367 prudensqus

2176 2386 2631 2461 praetermiserit.
2665 2385 2825 2441 Unde
2872 2386 3029 2440 enim
3083 2385 3139 2439 id
3198 2383 3476 2456 probabit
3502 2381 3776 2438 Barthius?

2174 2476 2453 2547 Nunquid
2495 2492 2609 2547 prae
2668 2474 2939 2529 manibus
2997 2474 3201 2529 habuit
3259 2473 3525 2529 Graecum
3578 2472 3779 2541 hujusce

2148 2644 2151 2648 ι
2176 2565 2369 2638 operis
2389 2563 2703 2635 exemplar,
2728 2580 2980 2634 quocum
2994 2563 3262 2618 Latinam
3290 2560 3780 2634 interpretationem

2178 2652 2618 2725 composuerit?
2645 2652 2888 2706 minime
2918 2651 3203 2724 gentium.
3254 2653 3472 2706 Contra
3509 2664 3632 2705 vero
3658 2648 3774 2703 inte-

2179 2760 2349 2812 grum
2373 2743 2433 2797 in
2465 2741 2566 2796 illa
2586 2740 2942 2811 minimeque
2973 2738 3248 2795 mutilum
3274 2756 3426 2811 opus
3450 2736 3706 2794 contineri
3728 2752 3776 2791 eo

2179 2831 2503 2909 luculenter
2532 2831 2986 2899 demonstratur,
3036 2829 3190 2900 quod
3240 2828 3444 2883 omnia
3466 2824 3777 2889 testimonia,

2181 2938 2311 2993 quae
2340 2937 2481 2976 sane
2510 2918 2681 2991 plura
2727 2922 2888 2985 sunt,
2936 2918 3008 2973 ab
3039 2916 3429 2988 scriptoribus
3470 2933 3535 2972 ex
3562 2915 3674 2987 ipso
3698 2928 3773 2968 eo-

2183 3011 2314 3067 dem
2345 3010 2590 3080 prolata,
2622 3009 2682 3062 in
2714 3024 2781 3063 ea
2810 3006 3194 3079 reperiantur.

2254 3104 2349 3164 At,
2382 3098 2676 3168 inquiens,
2698 3113 2883 3151 unum
2906 3112 2974 3151 ex
2994 3095 3100 3151 hac
3122 3095 3606 3152 commentatione
3622 3092 3777 3149 locum

430 3209 588 3267 sario
616 3208 688 3263 ad
716 3164 1166 3263 verbumjstalio
1198 3197 1405 3253 citatos
1436 3191 1709 3264 reperies.
1760 3164 1936 3239 Porro
1968 3198 2071 3237 au-
2103 3164 2145 3231 C
2185 3186 2381 3243 retulit
2408 3164 2670 3241 ciemus
2721 3183 3165 3252 Alexandrinus,
3197 3185 3372 3255 cujus
3429 3183 3617 3239 Latina
3642 3180 3777 3236 verba

430 3303 550 3355 tem
572 3296 815 3353 minime
835 3309 942 3348 nos
962 3290 1104 3345 latet
1123 3288 1196 3344 ad
1219 3291 1527 3351 utramque
1548 3276 1829 3334 rationem
1845 3287 2078 3342 respon-

434 3388 558 3444 deri
589 3401 781 3459 posse,
816 3386 873 3438 et
903 3381 974 3436 ad
1038 3378 1289 3451 primam
1339 3371 1598 3443 quidem,
1658 3366 1786 3420 ideo
1832 3362 2076 3458 Romam

433 3477 663 3548 aliaque
690 3472 882 3529 vicina
939 3468 1067 3525 loca
1124 3464 1323 3521 hocin
1377 3461 1523 3515 libro
1580 3451 1912 3520 memorari,
1943 3448 2079 3519 quia

437 3542 639 3623 civitas
671 3566 795 3619 erat
821 3560 1003 3616 totius
1034 3556 1193 3613 orbis
1240 3553 1434 3625 caput,
1489 3552 1659 3617 atque
1690 3542 1844 3615 apud
1876 3554 2080 3595 omnes

438 3652 920 3712 celebratissima.
954 3648 1041 3702 Ad
1098 3643 1417 3702 secundam
1470 3653 1627 3703 vero,
1666 3634 1958 3704 objectum
1991 3627 2080 3682 lo-

439 3742 651 3815 quendi
685 3740 925 3796 modum
958 3735 1142 3793 solius
1171 3748 1300 3789 esse
1319 3724 1672 3800 interpretis,
1698 3721 1795 3792 qui
1828 3716 2081 3776 auctoris

438 3832 620 3890 Graeci
650 3830 829 3887 verba
857 3825 1114 3882 liberiori
1146 3817 1487 3895 paraphrasi
1510 3812 1792 3871 audacius
1821 3804 2082 3864 vertendi

436 3921 547 3978 sibi
573 3922 674 3991 jus
705 3915 1012 3989 arrogavit.
1039 3915 1123 3968 An
1154 3914 1349 3966 autem
1379 3907 1465 3961 hm
1516 3900 1925 3974 responsiones
1956 3911 2081 3950 om-

435 3990 610 4066 nibus
641 4007 859 4064 faciant
890 4004 1055 4071 satis,
1087 3999 1338 4056 aliorum
1369 4000 1491 4052 esto
1520 3990 1832 4064 judicium.

1000 4120 1389 4181 ARTICULUS
1428 4121 1524 4174 VI.

438 4224 585 4282 Num
613 4222 792 4278 versio
844 4218 1043 4274 Latina
1070 4215 1156 4296 sit.
1203 4211 1444 4337 bq‘iéttiara
1499 4214 1550 4264 et
1577 4203 1892 4263 Anastasius
1932 4201 2087 4256 illius

1106 4293 1178 4337 sit
1205 4300 1239 4337 a
1333 4296 1412 4336 or.

1106 4293 1178 4340 sit
1205 4293 1412 4337 auster.

512 4385 660 4440 Cum
692 4380 801 4436 hoc
833 4395 981 4451 opus
1001 4380 1193 4431 Graece
1215 4371 1501 4443 scriptum
1523 4364 1775 4439 perierit,
1799 4363 1868 4418 de
1898 4365 2090 4418 aucto-

2184 3276 2302 3331 illic
2332 3277 2548 3330 frustra
2577 3272 3017 3345 quaesieris.Sed
3049 3272 3107 3327 id
3130 3273 3353 3328 frustra
3374 3271 3646 3343 objicitur.
3665 3268 3777 3324 Nam

2184 3366 2536 3423 Clementem
2565 3380 2680 3418 non
2712 3362 2965 3418 auctoris
2986 3361 3179 3428 verba,
3202 3362 3308 3417 sed
3336 3365 3581 3416 mentem
3603 3375 3659 3414 ac
3685 3373 3783 3412 sen-

2187 3471 2341 3523 sum,
2374 3454 2529 3525 quod
2563 3450 2754 3507 solum
2785 3450 3135 3519 intenderat,
3168 3450 3249 3505 ibi
3291 3449 3558 3506 retulisse
3584 3447 3779 3521 planum

2188 3547 2276 3599 est
2304 3547 2360 3598 et
2389 3541 2787 3614 perspicuum.

2728 3646 3121 3703 ARTICULUS
3161 3648 3312 3702 VIII.

2622 3739 2697 3793 De
2728 3737 2913 3792 titulos
2944 3737 3174 3807 hujusce
3202 3738 3405 3807 operis.

2262 3830 2378 3884 Hoc
2397 3844 2544 3899 opus
2558 3825 2825 3899 pluribus
2838 3822 3338 3896 variisquetitulis
3350 3825 3424 3880 ab
3436 3820 3670 3894 antiquis
3681 3815 3783 3873 scri-

2191 3918 2456 3992 ptoribus
2487 3918 2862 3988 praenotatur.
2893 3914 3141 3969 Ruﬁnus
3164 3913 3385 3969 etenim
3414 3912 3511 3969 ubi
3527 3927 3617 3968 eos
3643 3908 3781 3963 libros

2193 4010 2515 4074 enumerat,
2550 4004 2651 4077 qui
2699 4007 2982 4058 vocantur
3009 4018 3043 4057 a
3088 4003 3397 4074 majoribus
3426 4018 3535 4058 non
3561 3995 3780 4058 canonici.

2193 4096 2285 4151 sed
2313 4094 2686 4161 ecclesiastici,
2742 4092 2812 4147 de
2870 4091 2968 4146 illo
3023 4092 3107 4147 sic
3164 4090 3426 4162 loquitur
3458 4092 3539 4145 is:
3592 4090 3646 4143 In
3677 4086 3784 4141 Novo

2197 4187 2525 4241 Testamento
2556 4179 2780 4236 libellus
2809 4182 2909 4251 qui
2931 4180 3138 4235 dicitur
3160 4179 3418 4237 Pastoris
3440 4180 3553 4237 sive
3573 4177 3782 4232 Hermas.

2196 4276 2292 4346 qui
2321 4272 2668 4345 appellatur:
2700 4270 2835 4325 Duae
2865 4269 2970 4323 viai
3027 4269 3109 4324 vel
3150 4268 3446 4340 judicium
3492 4265 3647 4323 Petri.
3673 4258 3782 4327 Quid

2198 4363 2312 4420 sibi
2343 4361 2433 4417 his
2464 4359 2655 4416 verbis
2686 4358 2787 4413 ille
2814 4356 2970 4429 velit,
3004 4357 3289 4414 attentius
3344 4351 3784 4431 perpendeudum.

445 4472 524 4529 ris
551 4470 711 4527 illius
741 4440 889 4541 ston
946 4462 1247 4521 dicendive
1291 4440 1622 4515 charactere
1673 4452 1819 4508 nihil
1874 4452 2013 4507 certi
2056 4466 2090 4505 a
2126 4531 2161 4541 ﬁ
2203 4449 2459 4507 Libellus
2488 4448 2646 4504 enim
2673 4446 2922 4502 Pastoris
2978 4444 3254 4517 appellari
3318 4463 3434 4502 non
3491 4445 3662 4517 potest
3682 4440 3786 4493 Due:

443 4525 614 4618 nobis
645 4525 827 4616 statui
858 4558 1067 4629 potest.
1096 4552 1176 4608 De
1205 4550 1334 4621 ejus
1368 4550 1562 4603 autem
1587 4542 1788 4599 Latina
1816 4541 2093 4612 interpre-
2122 4531 2169 4596 D
2201 4542 2328 4608 vim,
2361 4543 2487 4594 tum
2509 4536 2647 4608 quia
2669 4534 2814 4591 sexti
2833 4538 3065 4590 tantum
3088 4535 3353 4591 mandati
3384 4533 3545 4590 initio
3576 4532 3613 4567 ¹⁶
3631 4529 3691 4584 de
3708 4525 3788 4580 hoc

444 4650 664 4707 tatione
711 4665 825 4704 non
860 4658 1175 4719 possumus
1229 4636 1461 4694 Barthio
1520 4632 1753 4706 penitus
1798 4629 2091 4697 assentiri,

447 4739 550 4812 qui
584 4739 773 4811 primo
804 4718 885 4792 ait
912 4750 1040 4790 eam
1072 4734 1138 4786 ut
1167 4732 1298 4801 pote
1327 4726 1547 4780 mistam
1579 4721 1957 4789 barbarismis,
1992 4718 2095 4773 ha-

450 4828 652 4884 buisse
678 4826 1122 4882 semibarbarum
1168 4816 1569 4874 translatorem.
1614 4809 1879 4865 Secundo
1920 4807 2094 4877 quod,

452 4916 596 4973 mihi
623 4918 675 4971 si
702 4916 904 4981 censio,
944 4911 1118 4968 verba
1161 4909 1289 4979 ejus
1336 4906 1496 4969 sunt,
1544 4901 1718 4965 detur,
1752 4898 2097 4952 Anastasium

457 5006 948 5063 Bibliothecarium
980 5001 1142 5072 hujus
1191 4992 1573 5053 translationis
1592 4996 1868 5044 auctorem
1896 4986 2096 5051 dicam,

454 5097 612 5167 cujus
640 5100 861 5150 exstant
916 5092 1068 5147 clam
1121 5087 1415 5159 palamque
1469 5079 1673 5135 similis
1720 5075 2007 5131 industriae
2046 5078 2100 5129 et

451 5184 768 5256 scriptionis
797 5186 1155 5238 monumenta
1187 5177 1248 5229 ¹⁴.

524 5274 819 5338 Quantum
843 5269 998 5326 enim
1017 5268 1088 5323 ad
1112 5265 1394 5338 primum,
1413 5276 1527 5314 non
1546 5256 1871 5311 difﬁtemur
1889 5254 2099 5308 horum

452 5362 896 5419 translationem
916 5359 1199 5415 librorum
1223 5368 1339 5407 non
1364 5365 1492 5405 esse
1514 5343 1840 5401 Latinitatis
1862 5345 2100 5399 omnino

2204 4629 2549 4700 argumento
2605 4623 2931 4691 disseritur,
2992 4626 3165 4695 atque
3222 4622 3393 4695 plura
3446 4621 3556 4679 alia
3601 4620 3701 4674 toto
3744 4611 3789 4666 in

2204 4733 2376 4789 opere
2404 4716 2768 4780 tractantur;
2801 4716 2925 4767 tum
2957 4711 3097 4783 quia
3126 4711 3276 4767 alius
3298 4711 3531 4768 omnino
3554 4711 3633 4765 est
3650 4700 3787 4760 totius

2206 4806 2397 4879 operis
2428 4819 2659 4874 scOpus.
2692 4801 2890 4872 Neque
2912 4800 3086 4856 etiam
3111 4800 3352 4857 inscribi
3375 4802 3556 4872 potest
3565 4793 3787 4869 judicium

2204 4878 2357 4951 Pet-ri
2378 4913 2395 4947 .-
2427 4893 2534 4947 hac
2565 4890 2780 4961 quippe
2811 4890 2882 4944 de
2912 4905 2972 4944 re
3002 4888 3146 4943 nihil
3178 4889 3238 4944 in
3257 4890 3350 4945 his
3371 4888 3530 4944 libris
3557 4878 3787 4940 invenias.

2204 4982 2450 5056 Aliquod
2482 4980 2662 5051 igitur
2682 4978 2962 5033 mendum
3007 4977 3067 5031 in
3102 4978 3297 5033 Ruﬁni
3342 4982 3552 5034 textum
3579 4966 3789 5040 irrepsit.

2206 5072 2293 5130 vel
2313 5072 2471 5127 illius
2492 5068 2681 5124 verbis
2707 5067 2823 5122 duo
2840 5070 2942 5122 aut
2968 5069 3085 5122 tres
3111 5067 3322 5123 diversi
3340 5066 3469 5121 libri
3491 5061 3787 5119 indicantur.

2206 5164 2432 5219 Primus
2484 5157 2707 5230 quidem
2760 5154 2990 5211 libellus
3040 5157 3140 5228 qui
3194 5155 3396 5213 dicitur
3448 5148 3692 5214 Pastoris,
3738 5141 3790 5195 de

2210 5269 2325 5327 quo
2376 5251 2502 5321 jam
2534 5244 2779 5318 quaestio
2812 5244 3078 5300 habetur.
3113 5245 3412 5300 Secundus
3436 5245 3519 5298 est
3563 5232 3786 5327 libellus;

2209 5317 2330 5399 haec
2360 5317 2517 5394 enim
2546 5317 2652 5391 im
2709 5333 2928 5389 libellus
2984 5333 3128 5389 forte
3183 5331 3481 5389 subaudiri
3508 5328 3690 5389 debet;
3732 5317 3787 5372 li.

530 5546 572 5579 ¹¹
606 5543 681 5598 De
707 5542 958 5601 scriptor.
991 5536 1173 5592 eccles.
1254 5532 1295 5565 ¹²
1326 5529 1485 5601 hom.
1520 5527 1606 5594 13,
1656 5526 1718 5581 in
1775 5523 2041 5579 Ezechiel.
2120 5525 2162 5559 ¹³
2188 5520 2345 5581 simil
2372 5521 2425 5575 5.
2507 5518 2551 5551 ¹⁴
2578 5512 2867 5571 Animadv.
2916 5513 2988 5568 ad
3018 5513 3233 5571 Hermae
3288 5515 3497 5568 Pastor.
3528 5505 3650 5561 circ.
3676 5493 3776 5551 init.

462 5615 507 5655 1⁸
530 5614 758 5688 Ezposit
788 5599 851 5669 in
879 5608 1071 5684 Symb.
1102 5608 1273 5682 apost.
1312 5601 1353 5638 ³⁸
1384 5599 1486 5655 lib.
1520 5615 1583 5655 ιι.

3939 5832 3941 5900 4
