4038 6210
198 393 312 478 841

193 639 355 693 cium
384 637 574 705 Petri;
621 637 736 692 nisi
769 655 870 710 per
896 637 959 690 τὸ
990 638 1280 694 Judicium
1310 640 1469 692 Petri
1499 638 1707 694 tertius
1738 639 1854 693 for-

188 743 352 794 tasse
383 726 531 782 liber
561 726 921 799 designetur,
955 730 1125 795 cujus
1161 727 1544 799 Hieronymus
1590 728 1684 782 his
1734 744 1858 782 ver-

182 816 280 871 bis
316 816 585 872 meminit
617 818 656 850 ”
693 835 706 870 :
763 818 1003 884 Quintus
1030 817 1328 872 Judicium
1362 818 1512 872 Petri
1549 819 1694 872 inter
1723 832 1857 888 apo-

185 905 432 975 cryphas
462 906 786 976 scripturas,
821 905 891 959 de
927 922 1042 974 quo
1078 904 1213 960 alibi
1249 905 1418 960 nobis
1462 905 1572 960 erit
1624 904 1854 960 dicendi

187 993 392 1049 locus.

266 1082 545 1138 Usitatior
574 1082 816 1152 hujusce
837 1083 1031 1154 operis
1064 1083 1400 1154 epigrapiie,
1426 1100 1665 1153 quisque
1696 1084 1851 1154 apud

189 1172 467 1242 antiquos
497 1173 809 1243 scriptores
861 1178 916 1226 et
964 1173 1324 1242 frequentius
1374 1179 1431 1226 et
1485 1173 1852 1243 potiorijure

197 1260 471 1328 occurrit,
515 1267 604 1317 est
657 1262 848 1315 Pastor
906 1260 992 1316 vel
1052 1261 1213 1316 Liber
1269 1263 1528 1316 Pastoris.
1581 1262 1853 1317 liermam

201 1351 493 1406 enimvero
523 1351 585 1404 in
616 1351 872 1406 secundo
903 1355 960 1406 et
989 1350 1158 1406 tertio
1188 1349 1336 1406 libro
1365 1351 1570 1406 Pastor
1599 1350 1848 1422 alloqui-

199 1447 297 1496 tur
327 1444 384 1496 et
412 1439 712 1510 informat,
736 1438 938 1510 illique
969 1439 1222 1495 visiones
1253 1439 1388 1494 libri
1420 1439 1616 1512 primi,
1639 1438 1699 1494 in
1731 1439 1850 1512 pri-

199 1529 314 1584 mis
344 1544 480 1584 vero
510 1528 742 1584 tertiam
774 1527 1043 1584 enucleat
1073 1532 1131 1583 et
1161 1528 1365 1600 aperit.

267 1616 532 1688 Denique
566 1615 722 1672 idem
777 1633 922 1688 opus
975 1616 1211 1671 nomine
1242 1617 1498 1672 auctoris
1532 1616 1848 1688 aliquando

192 1704 529 1778 appellatur
559 1707 800 1771 Hermas,
836 1711 938 1760 aut
969 1711 1218 1772 Hermes,
1257 1705 1434 1760 unius
1465 1705 1677 1762 litterae
1721 1723 1849 1761 mu-

190 1795 416 1851 tatione
446 1811 480 1850 a
509 1794 766 1850 librariis
799 1795 986 1862 facta;
1019 1793 1132 1859 vel,
1165 1799 1229 1848 ut
1260 1795 1526 1850 observat
1558 1795 1847 1859 Labbeus,

189 1884 422 1956 Ἑρμᾶς,
447 1889 677 1941 mutata
696 1884 980 1939 duntaxat
1005 1883 1269 1951 dialecte,
1295 1885 1485 1940 dictus
1505 1889 1594 1940 est
1614 1885 1844 1959 Ἑρμῆς.

189 1973 346 2030 Vero
380 1980 576 2029 tamen
620 1972 873 2029 similius
921 1979 1010 2028 est
1057 1977 1350 2042 Hermam,
1384 1991 1516 2028 cum
1549 1973 1850 2046 proprium

190 2080 413 2120 nomen
466 2065 625 2135 operi
678 2079 785 2118 suo
839 2064 1136 2134 praeﬁgere
1183 2062 1382 2131 nollet,
1415 2063 1561 2118 illud
1608 2064 1848 2120 inscribi

186 2153 454 2209 voluisse
501 2153 607 2208 hac
653 2151 971 2225 epigraphe
1019 2155 1218 2208 Pastor
1263 2155 1351 2208 vel
1394 2155 1555 2209 Liber
1585 2155 1844 2210 Pastoris.

188 2241 560 2298 Tertulliano
581 2241 965 2297 nihilominus
982 2241 1103 2298 haec
1126 2242 1429 2314 inscriptio
1463 2261 1578 2298 non
1609 2245 1848 2300 omnino

187 2332 430 2402 probari
460 2331 710 2388 videtur.
741 2333 835 2386 Ait
865 2332 1081 2403 quippe
1113 2333 1152 2366 ¹⁸
1187 2350 1200 2388 :
1251 2333 1482 2390 Hermas
1522 2335 1679 2405 cujus
1708 2335 1848 2389 scri-

182 2425 353 2492 ptum
396 2422 516 2490 fere
565 2419 767 2475 Pastor
797 2420 1139 2476 inscribitur.
1170 2421 1389 2477 Verum
1430 2422 1708 2478 credibile
1759 2426 1848 2478 est

181 2510 366 2565 illum
412 2509 563 2564 hanc
604 2508 952 2580 particulam
1000 2512 1134 2579 fere,
1182 2510 1240 2565 id
1292 2516 1382 2566 est
1428 2511 1546 2566 fere
1595 2528 1844 2582 semper,

183 2599 327 2654 ideo
360 2597 674 2665 addidisse,
711 2599 849 2670 quia
879 2601 1034 2671 apud
1067 2599 1383 2654 nonnullos
1415 2599 1562 2656 alios
1605 2601 1849 2672 scripto-

186 2705 289 2744 res
321 2687 431 2742 hoc
461 2703 610 2759 opus
640 2687 751 2742 alio
775 2689 1029 2759 quodam
1061 2687 1256 2759 titulo,
1279 2690 1432 2760 quod
1460 2691 1698 2760 quidem
1730 2707 1844 2745 non

182 2793 505 2849 negamus,
539 2775 858 2848 aliquando
890 2777 1344 2848 praenotabatur.

756 2917 794 2964 A
809 2911 1155 2966 RTICULUS
1197 2912 1286 2966 IX.

293 3002 368 3056 De
394 3000 557 3070 huius
589 3002 772 3072 operis
803 3000 1090 3068 divisione,
1122 3002 1388 3072 capitibus
1420 3005 1469 3057 et
1505 3004 1750 3073 capitum

835 3075 1201 3140 argumentis.

266 3187 330 3243 lu
375 3187 786 3258 manuscriptis
819 3187 1117 3243 codicibus
1147 3189 1205 3243 S.
1237 3188 1508 3244 Germani
1556 3206 1589 3244 a
1633 3189 1844 3256 Pratis,

1501 414 1842 476 PASTOR.
1876 443 1955 459 —-
1984 415 2388 478 ΡΒΟᾹΞΜΙΑ.

194 548 412 614 bellus,
445 549 707 619 inquam,
729 550 831 618 qui
858 549 1209 620 appellantur
1238 547 1375 603 Dum
1407 548 1546 616 Viae,
1577 550 1664 604 vel
1693 547 1857 603 Judi-
1886 553 1941 618 Α

3489 415 3611 478 842

2536 547 2798 603 ARTICU
2808 546 2940 604 LUS
2979 547 3041 602 Χ.

2133 638 2277 707 Quid
2304 639 2370 693 de
2399 639 2482 692 his
2513 637 2671 692 libris
2699 639 2921 708 antiqui
2949 639 3140 693 Patres
3167 637 3454 694 senserint.

2042 727 2280 790 Quantae
2310 726 2676 798 antiquitatis
2706 726 2824 782 sint
2855 727 2914 781 hi
2961 727 3093 782 libri
3133 727 3256 798 jam
3306 726 3561 782 vidimus
3593 743 3608 782 :

1970 816 2108 886 quid
2140 833 2272 870 vero
2322 817 2392 871 de
2441 816 2555 871 illis
2587 816 2879 871 senserint
2908 817 3132 887 antiqui
3167 817 3388 883 Patres,
3420 816 3610 887 quod-

1968 921 2082 975 que
2131 907 2200 960 de
2251 905 2457 960 iisdem
2503 905 2796 975 judicium
2847 905 2982 959 ferri
3029 906 3257 972 debeat,
3292 921 3447 960 nunc
3477 903 3609 959 dili-

1966 996 2197 1066 gentius
2220 995 2658 1066 inquirendum.
2679 995 2928 1050 Irenaaus
2951 994 3146 1065 itaque
3167 995 3210 1030 ιθ
3232 995 3459 1050 videtur
3481 992 3611 1048 illos

1966 1089 2030 1138 ut
2060 1101 2255 1140 sacres
2283 1085 2488 1138 divinae
2520 1084 2832 1154 Scripturae
2863 1083 3092 1138 codices
3122 1083 3361 1139 laudare
3395 1099 3407 1138 :
3443 1086 3609 1148 Bene,

1964 1173 2177 1243 inquit,
2225 1176 2599 1244 pronuntiavit
2648 1173 2954 1243 Scriptura,
3002 1188 3132 1245 quae
3180 1173 3365 1228 dicit:
3419 1173 3611 1227 Prima

1961 1264 2209 1318 omnium
2237 1262 2412 1330 crede,
2445 1269 2554 1318 etc.
2590 1263 2752 1316 Unde
2782 1262 3069 1318 Eusebius
3121 1262 3190 1318 de
3237 1262 3441 1318 eodem
3495 1261 3610 1317 Ire-

1965 1369 2086 1406 naso
2119 1351 2327 1407 scribit
2355 1353 2400 1386 ²⁰
2431 1369 2444 1406 ;
2501 1351 2662 1406 Liber
2689 1351 2936 1406 Pastoris
2964 1367 3076 1406 non
3107 1351 3288 1406 solum
3314 1350 3383 1406 ab
3418 1365 3478 1407 eo
3524 1363 3612 1408 co-

1960 1442 2167 1511 gnitus,
2200 1441 2293 1495 sed
2320 1441 2491 1496 etiam
2518 1455 2846 1512 magnopere
2873 1440 3214 1512 approbatus
3242 1441 3322 1495 est
3359 1438 3446 1495 his
3491 1453 3614 1495 ver-

1963 1531 2044 1584 bis
2073 1546 2092 1583 :
2141 1531 2287 1585 Bene
2336 1529 2644 1600 Scriptura,
2675 1533 2784 1584 etc.
2831 1528 2946 1584 Nec
2999 1527 3114 1584 alia
3159 1544 3299 1585 sane
3340 1526 3452 1584 fuit
3492 1525 3616 1585 Cle-

1964 1616 2178 1672 mentis
2209 1617 2585 1672 Alexandrini
2616 1617 2909 1673 sententia
2936 1617 3004 1687 ²ί,
3056 1617 3155 1690 qui
3207 1616 3388 1672 simili
3439 1616 3614 1672 modo

1961 1705 2041 1760 ait
2073 1723 2086 1760 :
2143 1707 2336 1761 Divine
2385 1723 2516 1776 ergo
2553 1715 2730 1762 virtus
2760 1706 2862 1761 illa
2891 1721 3015 1778 quae
3044 1708 3253 1762 Hermae
3284 1706 3526 1780 loquitur
3551 1705 3616 1761 in

1961 1796 2311 1863 reuelatione,
2343 1794 2510 1856 Θείως
2542 1794 2721 1848 τοίνυν
2764 1796 2798 1863 ἡ
2846 1791 3070 1868 δυνάμις
3100 1795 3134 1863 ἡ
3167 1798 3244 1866 τῷ
3272 1793 3448 1870 Ἑρμᾷ
3475 1791 3613 1849 κατᾶ

1960 1880 2303 1954 ἀποκάλυψιν
2356 1881 2620 1938 λαλοῦσαι.
2656 1885 2936 1958 Origenes
2985 1889 3182 1940 autem
3227 1885 3299 1940 de
3345 1900 3413 1941 eo
3460 1883 3611 1940 libro

1960 1973 2043 2028 sic
2094 1974 2436 2045 pronuntiat
2465 1975 2512 2008 ²²
2547 1991 2560 2030 :
2610 1977 2742 2044 Quae
2781 1976 3054 2046 scriptura
3094 1973 3241 2030 mihi
3265 1972 3422 2030 valde
3449 1970 3612 2030 utilis

1958 2062 2191 2132 videtur,
2225 2068 2276 2119 et
2318 2073 2378 2118 ut
2414 2072 2562 2134 puto,
2594 2064 2861 2120 divinitus
2888 2064 3182 2135 inspirata.
3213 2065 3287 2120 At
3331 2061 3432 2118 ille
3477 2061 3608 2119 ideo

1959 2151 2207 2221 addidit,
2233 2161 2292 2207 ut
2314 2157 2467 2225 puto,
2496 2169 2611 2225 quo
2634 2153 2693 2208 id
2719 2152 2954 2209 omnino
2981 2152 3092 2208 sibi
3119 2166 3464 2224 persuasum
3491 2166 3610 2208 non

1959 2240 2144 2296 fuisse
2174 2241 2551 2314 signiﬁcaret.
2588 2242 2653 2296 Et
2690 2258 2824 2298 vero
2865 2241 2924 2296 in
2957 2241 3316 2314 quibusdam
3347 2238 3609 2297 homiliis

1958 2330 2276 2401 unicuique
2305 2332 2598 2402 integrum
2630 2330 2726 2387 ille
2759 2331 2896 2386 facit
2924 2331 2984 2386 in
3016 2330 3214 2400 aliam,
3248 2331 3298 2387 si
3346 2328 3608 2400 libuerit,

1956 2418 2040 2474 ire
2064 2419 2434 2475 sententiam.
2461 2420 2551 2474 Sic
2577 2420 2732 2476 enim
2755 2419 2815 2474 in
2843 2419 3084 2476 homilia
3104 2435 3224 2475 una
3242 2418 3505 2491 loquitur
3525 2416 3606 2475 ²³ς

1955 2510 2020 2564 Si
2038 2510 2130 2564 cui
2146 2516 2330 2564 tamen
2349 2508 2633 2580 Scriptura
2652 2509 2753 2564 illa
2768 2508 3083 2580 recipienda
3096 2508 3328 2565 videtur.
3346 2509 3410 2563 In
3427 2506 3610 2564 altera

1957 2613 2088 2653 vero
2112 2600 2156 2632 ³³
2183 2617 2195 2653 :
2231 2597 2290 2653 Si
2317 2600 2411 2653 cui
2439 2602 2625 2654 tamen
2646 2598 2862 2653 libellus
2884 2598 2980 2654 ille
3006 2597 3349 2670 recipiendus
3368 2596 3604 2654 videtur.

2026 2692 2344 2758 Eapropter
2390 2687 2746 2743 nobilissimi
2795 2687 3037 2760 quidam
3087 2687 3400 2760 scriptores
3445 2685 3606 2743 hunc

1956 2777 2224 2832 eumdem
2272 2777 2488 2832 librum
2538 2781 2701 2832 extra
2747 2776 3041 2833 Canonem
3083 2793 3262 2832 sacras
3291 2775 3607 2847 Scriptura

1957 2865 2318 2937 ablegarunt.
2353 2866 2587 2921 Primus
2635 2866 2786 2921 inter
2834 2882 2932 2921 eos
2982 2863 3463 2921 annumerandus
3514 2864 3606 2920 est

1954 2955 2334 3024 Athanasius,
2367 2956 2466 3027 qui
2516 2957 2586 3010 de
2635 2955 2743 3010 hoc
2792 2954 2940 3010 libro
2974 2956 3065 3009 9‘:
3124 2955 3258 3024 Etsi,
3300 2953 3514 3024 inquit,
3543 2953 3607 3008 in

1957 3043 2180 3098 Canone
2208 3061 2319 3100 non
2346 3047 2436 3100 sit.
2460 3044 2624 3099 Hunc
2656 3044 2922 3116 sequitur
2951 3044 3336 3115 Hieronymus
3364 3041 3410 3077 ³⁸
3439 3058 3452 3098 :
3488 3041 3608 3100 Non

1953 3137 2098 3202 sunt,
2132 3133 2343 3205 inquit,
2395 3135 2455 3188 in
2513 3133 2747 3188 Canone.
2782 3133 3030 3188 Ruﬁnus
3074 3147 3306 3204 quoque
3333 3131 3378 3165 ³⁷
3413 3148 3426 3186 :
3479 3131 3605 3186 Non

1953 3227 2083 3275 sunt
2113 3224 2392 3288 canonici,
2425 3223 2514 3277 sed
2543 3223 2925 3277 ecclesiastici.
2957 3222 3117 3277 Unde
3148 3219 3247 3276 ille
3277 3223 3480 3292 postea
3508 3235 3604 3276 as-

177 3277 526 3381 Οοὲδθῗξίωῖ
559 3282 614 3381 fit
645 3277 797 3376 aliis’
827 3293 939 3381 1.1.9?
966 3293 1080 3332 non
1112 3277 1494 3381 iP,,P”°Tb‘{S
1536 3277 1708 3378 Ῠδίίίθ
1756 3277 1843 3381 Ῐξλξ
1876 3299 1917 3363 C
1959 3311 2099 3365 sorit
2128 3317 2348 3367 veteres
2380 3277 2582 3367 Patres
2616 3311 2872 3366 noluisse
2914 3328 2981 3366 ex
3019 3310 3132 3381 his,
3167 3277 3323 3365 sicdt
3370 3323 3437 3363 ex
3484 3323 3602 3364 uno

179 3366 456 3422 cubratio
507 3364 622 3421 ista
682 3366 1067 3420 inscribitur:
1121 3367 1281 3422 Liber
1328 3367 1600 3432 Pastoris,
1657 3369 1842 3422 nuntii

175 3457 542 3528 paenitentia,
579 3455 677 3509 sed
729 3453 936 3508 nullibi
971 3471 1232 3525 unquam
1263 3454 1323 3508 in
1355 3460 1473 3510 tres
1507 3454 1686 3510 libros
1720 3457 1840 3511 dis-

175 3544 491 3601 tribuitur.
528 3544 589 3598 In
623 3542 874 3598 editione
910 3543 1134 3598 llenrici
1167 3543 1465 3614 Stephani,
1495 3562 1648 3599 anno
1682 3546 1839 3611 1513,

174 3635 345 3690 idem
368 3649 433 3689 ac
456 3633 512 3688 in
541 3631 957 3704 manuscriptis
981 3637 1070 3688 est
1091 3633 1331 3689 titulus:
1360 3639 1418 3688 at
1441 3633 1573 3688 libri
1598 3635 1839 3689 secundi

172 3721 358 3778 initio
388 3721 759 3776 continenter
787 3724 844 3776 et
874 3721 1089 3791 absque
1122 3720 1242 3776 ulla
1273 3721 1555 3777 divisione
1586 3722 1836 3795 legitur:

173 3814 264 3867 De
315 3810 595 3866 mandatis
649 3827 682 3865 a
732 3812 971 3876 Pastore,
1025 3811 1222 3881 angelo
1267 3812 1629 3881 pwnitentiaz.
1691 3815 1839 3867 Visio

173 3902 403 3973 quinta,
433 3904 542 3955 etc.
567 3899 762 3970 Neque
791 3899 967 3954 etiam
1001 3900 1396 3970 antiquissimi
1431 3901 1626 3956 Patres
1656 3900 1838 3956 ullam

174 3991 440 4060 hujusce
469 3988 661 4060 operis
691 3987 750 4043 in
795 3992 914 4043 tres
944 3987 1124 4044 libros
1157 3989 1501 4045 divisionem
1533 4006 1837 4062 agnovere.

173 4079 276 4136 Ab
321 4077 567 4150 Origene
598 4077 913 4148 siquidem,
943 4077 1321 4145 Tertulliano,
1354 4079 1696 4145 Athanasio,
1730 4080 1842 4134 Ru-

173 4168 330 4234 ﬁno,
363 4165 642 4224 Cassiano
672 4170 915 4222 vocatur
944 4167 1121 4238 Liber,
1153 4166 1241 4224 vel
1292 4169 1528 4224 Libellus
1576 4171 1838 4238 Pastoris,

173 4257 493 4328 Scriptura,
527 4255 617 4312 vel
652 4255 942 4328 Scriptum.

255 4346 544 4402 Praeterea
570 4345 632 4400 in
672 4345 884 4402 iisdem
919 4347 1340 4419 manuscriptis
1371 4347 1534 4406 libris
1581 4352 1638 4404 et
1688 4347 1836 4403 anti-

174 4435 496 4508 quioribus
537 4434 915 4506 sditionibus,
949 4435 1114 4492 nulla
1161 4440 1300 4493 sunt
1347 4442 1688 4510 argumenta
1737 4454 1837 4492 seu

173 4524 516 4581 summaria
544 4524 827 4596 capitum,
859 4525 960 4580 sed
1005 4524 1351 4597 simpliciter
1377 4525 1592 4599 legitur
1624 4543 1636 4582 :
1695 4528 1841 4582 Visio

166 4616 392 4687 prima,
430 4614 567 4671 Visio
613 4612 872 4684 secunda,
917 4617 1027 4671 etc.
1060 4614 1386 4670 Mandatum
1427 4617 1695 4687 primum,
1729 4619 1837 4671 etc.

174 4702 513 4760 Similitudo
541 4703 745 4775 prima,
780 4707 889 4758 etc.

261 4794 628 4864 Quapropter
658 4791 868 4846 divisio
899 4791 1090 4864 operis
1139 4791 1198 4846 in
1246 4797 1365 4848 tres
1404 4792 1608 4862 libros,
1639 4810 1842 4866 quem-

172 4880 513 4938 admodum
544 4880 745 4936 omnia
775 4879 935 4936 illius
962 4886 1328 4953 argumenta,
1355 4899 1468 4936 non
1504 4883 1574 4938 ab
1608 4883 1842 4950 Herma,

172 4969 293 5026 sed
326 4969 398 5024 ab
430 4970 514 5025 eis
546 4970 832 5024 duntaxat
863 4970 964 5041 qui
997 4976 1323 5041 postremas
1352 4970 1639 5027 editiones
1673 4974 1844 5028 ador-

171 5063 493 5125 naverant,
548 5059 704 5113 haud
760 5058 935 5113 dubie
985 5059 1241 5130 profecta
1291 5066 1448 5115 sunt.
1502 5062 1645 5116 Hinc
1698 5061 1843 5116 nulli

1951 3400 2160 3455 divinae
2191 3401 2504 3473 Scriptura)
2540 3400 2710 3466 libro,
2734 3399 3070 3455 testimonia
3099 3398 3362 3471 proferri.
3385 3396 3602 3453 Eodem

1950 3496 2099 3544 certe
2126 3507 2300 3544 sensu
2326 3489 2671 3544 Eusebius’8
2698 3506 2797 3544 eos
2822 3489 2879 3542 in
2907 3488 3272 3558 superiorum
3295 3490 3353 3542 et
3372 3484 3600 3542 adulte-

1949 3579 2210 3633 rinorum
2242 3595 2484 3634 numero
2517 3579 2680 3650 ponit
2714 3595 2726 3634 :
2783 3585 2890 3633 Pro
2920 3580 3142 3649 spuriis,
3179 3575 3370 3648 inquit
3399 3573 3450 3628 ἐν
3482 3575 3599 3635 τοῖς

1948 3664 2148 3736 νόθοις,
2181 3667 2418 3722 habendi
2468 3678 2596 3722 sunt
2622 3668 2785 3721 Actus
2831 3667 2999 3722 Pauli
3044 3669 3095 3721 et
3144 3665 3284 3719 liber
3326 3665 3594 3719 Pastoris.

1946 3759 1989 3811 A
2021 3756 2245 3814 Gelasio
2268 3761 2460 3812 autem
2485 3773 2635 3828 papa
2659 3758 2704 3792 ²⁹
2734 3761 2790 3810 et
2818 3757 2889 3810 ab
2914 3758 3149 3810 auctore
3173 3753 3593 3819 Stichometria‘e,

1949 3845 2007 3899 in
2060 3845 2214 3900 calce
2265 3845 2736 3917 Chronographim
2765 3843 3072 3915 Nicephori
3104 3840 3594 3914 Constantinopo-

1949 3933 2113 3988 litani
2146 3935 2333 4001 editas,
2368 3933 2681 4006 apocryphi
2709 3937 3009 3988 vocantur.
3043 3933 3169 3988 Non
3201 3931 3314 3988 alia
3343 3929 3598 4003 denique

1949 4040 2116 4079 mens
2139 4040 2339 4078 eorum
2363 4024 2648 4092 omnium,
2668 4039 2917 4093 quorum
2936 4021 3220 4077 Eusebius
3241 4019 3598 4077 sententiam

1950 4112 2006 4167 in
2061 4111 2217 4167 hunc
2267 4114 2510 4168 modum
2562 4113 2736 4167 refert
2759 4112 2849 4167 3°:
2899 4110 3194 4167 Sciendum
3239 4113 3321 4165 est
3359 4124 3485 4165 eum
3529 4107 3602 4165 li-

1951 4202 2108 4256 brum
2155 4219 2190 4256 a
2237 4203 2522 4257 nonnullis
2553 4201 2772 4273 quidem
2810 4201 2872 4256 in
2908 4201 3142 4256 dubium
3170 4201 3506 4270 revocatum,
3537 4195 3603 4254 ob

1947 4307 2097 4362 quos,
2131 4287 2200 4343 δι’
2231 4289 2347 4359 οὓς,
2375 4293 2522 4347 inter
2550 4295 2782 4362 recepta:
2811 4290 3157 4347 auctoritatis
3193 4288 3367 4346 libros
3393 4285 3605 4345 censeri

1949 4397 2062 4436 non
2087 4388 2281 4453 potest.

2508 4495 2912 4552 ARTICULUS
2950 4496 3044 4551 XI.

2434 4586 2666 4652 Quantae
2693 4585 2805 4639 sint
2833 4584 3113 4639 utilitatis.

1879 4675 1920 4737 θ
2023 4699 2367 4756 Communis
2399 4700 2656 4767 Patrum,
2691 4716 2817 4771 que
2862 4697 3090 4754 veritati
3123 4695 3312 4768 magis
3342 4707 3601 4752 consona

1953 4789 2201 4856 videtur,
2228 4789 2423 4860 opinio
2454 4806 2522 4845 ea
2552 4794 2786 4861 est,qua
2814 4787 2899 4843 illi
2929 4787 3088 4843 hunc
3115 4785 3330 4842 librum
3361 4783 3608 4843 utilissi-

1957 4896 2145 4947 mum,
2177 4882 2350 4950 atque
2381 4879 2452 4934 ad
2483 4878 2740 4933 hominis
2769 4893 2972 4933 recens
3003 4877 3072 4932 ad
3107 4875 3502 4931 Christianam
3533 4873 3604 4930 ﬂ-

1959 4971 2092 5025 dem
2125 4969 2384 5024 conversi
2418 4986 2606 5023 mores
2640 4967 3039 5022 informandos
3070 4965 3449 5037 aptissimum
3479 4979 3609 5022 esse

1957 5058 2316 5114 existimant.
2351 5059 2410 5112 ld
2467 5057 2706 5128 quidem
2755 5055 3039 5111 Eusebius
3079 5054 3203 5109 loco
3241 5055 3363 5124 jam
3397 5053 3610 5126 saepius

169 5147 406 5204 mirum
436 5148 616 5203 videri
649 5147 824 5203 debet
854 5147 901 5203 si
936 5165 1003 5203 ex
1030 5147 1239 5203 iisdem
1263 5150 1626 5221 argumentis
1650 5151 1847 5222 aliqua
1957 5149 2129 5204 citato
2161 5148 2245 5202 sic
2273 5152 2469 5218 aperte
2491 5147 2659 5202 docet
2687 5163 2700 5200 :
2735 5145 2811 5200 Ab
2841 5146 2974 5200 aliis
2994 5144 3243 5199 maxime
3266 5144 3609 5199 necessarius

168 5236 447 5294 auctoris
477 5253 717 5293 sensum
766 5253 831 5292 ac
876 5236 1186 5292 consilium
1221 5238 1417 5295 minus
1450 5240 1596 5296 bene
1629 5258 1846 5312 reprae-

171 5330 457 5385 cantent.

1946 5237 2248 5310 judicatur,
2282 5239 2353 5291 iis
2382 5237 2692 5306 praesertim
2720 5237 2819 5307 qui
2858 5235 3064 5305 primis
3089 5233 3376 5305 religionis
3403 5235 3613 5288 nosti-te

1957 5329 2239 5384 elementis
2284 5325 2610 5382 instituendi
2660 5328 2804 5379 sunt.
2844 5324 2990 5381 Unde
3035 5325 3205 5380 etiam
3253 5323 3313 5378 in
3357 5321 3613 5380 Ecclesiis

267 5539 695 5616 "‘De_script_or.
729 5542 919 5599 eccles.
957 5562 1082 5616 cap.
1115 5547 1169 5600 2.
1250 5546 1290 5578 ’⁸
1316 5541 1418 5599 lib.
1447 5545 1521 5599 De
1550 5548 1688 5600 orat.
1724 5561 1850 5616 cap.
1887 5546 1970 5599 1‘2.
2052 5546 2096 5579 ¹⁹
2126 5544 2228 5601 lib.
2265 5541 2758 5616 Iv,_Adi.i.__h.z:res_.,
2790 5556 2854 5616 c_._
2874 5541 2963 5594 37.
3039 5539 3082 5574 ²⁰
3111 5537 3213 5616 lib.
3235 5552 3284 5616 _v
3313 5537 3448 5616 Hist.
3482 5551 3613 5616 cap.

166 5614 246 5667 8.
301 5611 370 5687 _“
406 5609 507 5666 lib.
542 5607 564 5666 ἰ
590 5613 786 5687 Strom.
867 5617 912 5650 ²²
946 5607 1248 5672 Comment.
1283 5618 1340 5670 in
1390 5633 1508 5686 cap.
1561 5633 1652 5670 xvx
1705 5607 1873 5687 Epist.
1923 5616 1992 5671 ad
2042 5617 2194 5671 Rom.
2273 5616 2318 5648 ³³
2351 5612 2551 5687 homil.
2598 5613 2652 5679 8,
2699 5613 3122 5687 in__l\lumeros._
3160 5609 3206 5642 ²⁴
3234 5607 3510 5687 homil.__1

156 5683 569 5760 psal:_xxxv11.
647 5686 692 5719 ³⁸⁵
717 5686 824 5760 "lib.
858 5688 932 5742 De
960 5691 1168 5744 decret.
1192 5687 1386 5760 synod.
1409 5676 1615 5760 Nic-aen.
1640 5676 1774 5758 post
1802 5688 1954 5744 med.
2033 5689 2078 5760 2?
2110 5689 2170 5744 in
2201 5687 2421 5756 Prolog.
2449 5676 2690 5740 Galeato.
2770 5683 2814 5718 ’7
2844 5682 2905 5739 in
2933 5682 3160 5754 exposit.
3181 5679 3359 5752 symb.
3434 5676 3483 5715 "
3509 5677 3616 5738 lib.

164 5756 257 5816 in
287 5756 516 5826 Histor.,
547 5771 676 5829 cap.
706 5759 796 5814 25.
874 5760 920 5794 ²⁹
948 5760 1008 5816 in
1042 5756 1258 5818 Decret.
1336 5760 1380 5796 ³ο
1409 5759 1513 5816 lib.
1547 5777 1611 5815 ιιι
1640 5756 1865 5832 Histor.,
1898 5775 2024 5832 cap.
2057 5759 2111 5816 3.

482 5883 747 5949 Panos.
795 5887 908 5952 Gs.
955 5888 1033 5952 ll.

3258 5881 3334 5948 27
