4038 6210
481 359 602 422 843

1986 358 2142 419 S.H

2252 356 2400 419 ,ΜΛΞ
3714 362 3805 422 8M

479 492 702 564 publice
759 492 868 565 legi
920 491 1299 563 comperimus,
1351 496 1404 546 et
1459 492 1719 563 quosdam
1769 509 1839 548 ea:
1881 493 2129 549 vetustis-
2159 490 2404 559 Abitur
2425 489 2756 546 illicoillius
2779 488 3008 545 dicendi
3029 504 3213 561 genus
3232 489 3299 543 ad
3320 490 3685 559 persuadenda
3703 493 3807 548 reli-

481 583 645 640 simis
675 581 851 653 ipsius
890 582 1205 637 testimonio
1254 597 1377 636 usos
1423 584 1617 652 fuisse.
1650 582 1731 636 Ex
1774 581 1867 637 his
1919 583 2136 654 quippe

485 669 719 727 Eusebii
749 669 945 726 verbis
997 669 1107 725 tria
1153 668 1486 741 colligimus
1519 675 1885 743 argumenta,
1920 671 2137 742 quibus

483 759 742 815 maxima
772 758 951 829 hujus
988 758 1123 813 libri
1164 758 1389 814 utilitas
1420 758 1643 830 liquido
1675 760 2136 814 demonstratur.

482 849 746 904 Primum
791 864 825 902 a
866 848 1309 918 vetustissimis,
1343 848 1445 918 qui
1476 849 1534 902 id
1568 865 1889 915 asseruere,
1925 849 2140 919 petitur

482 935 885 1008 scriptoribus.
914 936 1075 992 Inter
1102 951 1201 991 eos
1232 936 1409 1005 enim,
1436 953 1687 1008 quorum
1718 937 2008 993 Eusebius
2039 954 2138 991 no-

484 1043 619 1083 men
672 1026 875 1091 tacuit,
904 1025 1147 1080 forsitan
1197 1026 1529 1080 censendus
1582 1030 1670 1081 est
1710 1027 1838 1097 jam
1889 1043 1922 1080 a
1968 1025 2138 1081 nobis

484 1116 767 1173 laudatus
796 1114 1098 1186 Origenes,
1130 1114 1231 1185 qui
1261 1115 1331 1168 de
1374 1130 1439 1169 eo
1480 1115 1716 1187 scripsit
1748 1134 1760 1169 :
1817 1115 1952 1170 Mihi
1982 1114 2139 1169 valde

479 1206 635 1263 utilis
661 1204 895 1259 videtur.
930 1203 1289 1258 Athanasius
1321 1220 1555 1275 quoque
1599 1204 1817 1258 librum
1864 1206 2136 1259 eumdem

479 1292 737 1367 appellat
766 1293 809 1327 3‘
846 1293 1257 1349 :Utilissimum
1309 1292 1564 1348 Pastoris
1615 1295 1840 1348 librum.
1878 1294 1976 1349 His
2004 1309 2135 1348 vero

480 1382 870 1455 Hieronymus
892 1382 937 1415 ³²
967 1399 1000 1436 a
1029 1381 1196 1437 nobis
1228 1382 1507 1454 subjungi
1539 1382 1730 1452 debet,
1758 1384 1927 1454 cujus
1957 1384 2137 1438 etiam

474 1471 703 1543 judicio
735 1474 862 1527 est:
894 1472 1106 1526 Revera
1133 1471 1289 1526 utilis
1322 1471 1481 1525 liber.

554 1562 823 1617 Alterum
886 1576 1129 1616 summa:
1158 1560 1423 1629 ejusdem
1474 1559 1607 1615 libri
1655 1560 1922 1616 utilitatis
1963 1577 2137 1633 argu-

486 1652 755 1705 mentum
781 1648 919 1703 hinc
952 1648 1236 1719 eruimus,
1268 1649 1425 1719 quod
1456 1648 1573 1717 ille,
1601 1653 1748 1705 teste
1780 1650 2051 1719 Eusebio,
2077 1650 2136 1704 in

486 1737 746 1795 ecclesiis
775 1736 1009 1808 publice
1037 1737 1346 1807 legeretur.
1382 1738 1451 1792 Et
1500 1738 1558 1792 id
1611 1739 1850 1810 quidem
1896 1756 2012 1794 non
2044 1756 2137 1794 so~

2245 580 2435 653 gionis
2457 583 2666 636 nostrae
2685 580 2980 651 dogmata,
2995 595 3123 649 quae
3146 595 3433 649 nunquam
3454 579 3589 634 ﬁctis
3609 584 3805 637 somniis

2246 674 2303 724 et
2336 668 2499 725 falsis
2530 668 2857 724 visionibus
2887 666 3079 723 doceri
3112 667 3341 734 debent,
3371 684 3559 737 parum
3586 668 3807 726 idoneum

2246 773 2375 813 esse
2406 758 2761 829 omninoque
2792 756 3077 829 ineptum.
3114 756 3237 810 Non
3283 772 3574 827 possumus
3622 758 3807 828 quidem

2246 846 2330 901 ire
2359 846 2586 902 inﬁcias
2618 846 2888 901 Hermam
2921 845 3006 899 uti
3036 844 3297 916 potuisse
3327 843 3435 899 alia
3464 844 3706 902 methodo
3729 855 3812 919 sty-

2247 935 2421 1007 loque
2454 934 2819 1007 simpliciori,
2852 934 2979 989 ideo
3019 939 3216 989 tamen
3268 950 3407 1004 opus
3450 932 3594 989 illius
3638 935 3809 1007 vitupe-

2250 1026 2501 1080 randum
2534 1029 2638 1078 aut
2658 1023 3050 1094 abjiciendum
3076 1038 3205 1078 esse
3235 1021 3421 1094 palam
3453 1025 3727 1093 aperteque
3750 1041 3814 1080 ne-

2251 1131 2479 1185 gamus.
2512 1113 2653 1177 Quis
2692 1112 2848 1168 enim
2897 1112 2971 1167 ob
3022 1111 3239 1184 stylum
3271 1111 3654 1182 scribendique
3678 1127 3815 1182 genus

2251 1218 2398 1273 opus
2430 1201 2573 1256 illud
2605 1200 2907 1274 aspernari
2938 1201 3171 1268 audeat,
3204 1200 3357 1271 quod
3390 1204 3594 1265 Patres,
3622 1200 3815 1272 antiqui-

2252 1295 2369 1346 tate
2398 1296 2456 1347 et
2500 1290 2766 1347 doctrina
2796 1288 3178 1357 celeberrimi,
3211 1288 3388 1344 tantis
3423 1287 3671 1343 laudibus
3697 1295 3815 1344 extu-

2250 1379 2388 1448 lere,
2422 1381 2693 1452 quodque
2724 1378 3085 1436 sanctissimi
3116 1378 3394 1451 praesules
3430 1376 3706 1433 voluerunt
3742 1396 3815 1450 pu-

2248 1470 2398 1525 blice
2428 1471 2488 1525 in
2517 1469 2779 1525 ecclesiis
2808 1469 2947 1541 legi,
2972 1474 3146 1541 atque
3178 1468 3239 1523 in
3270 1468 3524 1523 omnium
3551 1484 3663 1523 esse
3687 1470 3816 1523 mani-

2248 1560 2359 1614 bus
2378 1560 2406 1613 ?
2435 1559 2755 1615 Dicendum
2788 1559 2987 1630 itaque
3014 1558 3291 1613 Hermam
3323 1556 3429 1612 hoc
3456 1562 3569 1612 tam
3599 1556 3816 1629 singulari

2247 1648 2556 1720 scripsisse
2585 1647 2754 1720 stylo,
2788 1648 2929 1719 quia
2959 1646 3128 1702 illum
3179 1647 3252 1701 ad
3299 1645 3616 1701 alliciendos
3645 1662 3817 1701 moven-

2248 1737 2471 1808 dosque
2518 1736 2825 1792 hominum
2884 1736 3135 1802 animos,
3192 1741 3370 1807 atque
3420 1735 3488 1789 ad
3541 1735 3815 1790 tradendam

484 1827 611 1883 lum
643 1827 714 1882 ab
744 1825 843 1881 illo
875 1826 1216 1882 doctissimo
1247 1828 1392 1897 viro,
1417 1828 1518 1882 sed
1551 1827 1725 1883 etiam
1760 1829 1832 1883 ab
1864 1828 2138 1900 Hierony-
2170 1871 2217 1936 B
2247 1826 2575 1881 doctrinam
2632 1842 2802 1882 suam
2861 1825 3237 1897 aptissimum
3306 1829 3362 1880 et
3424 1824 3817 1880 efﬁcacissimum

491 1933 576 1936 μ--
617 1916 867 1936 L___I:L___
892 1916 936 1936 QQ
1000 1915 1088 1936 ___!
1122 1932 1133 1936 ,
1187 1917 1321 1936 Δ---..Ι
1364 1917 1589 1936 __,_AJ___
1669 1917 1714 1936 3,
1820 1919 1853 1936 ἰ
1925 1918 1959 1936 n
2055 1921 2090 1936 κ·
2125 1935 2132 1936 ,
2248 1914 2547 1936 :__J!__L-L

490 1933 585 1972 mo
616 1916 870 1971 traditur
891 1916 958 1984 ³³,
993 1915 1092 1987 qui
1122 1932 1135 1968 :
1168 1917 1322 1986 Apud
1353 1917 1634 1988 quasdam,
1668 1917 1883 1989 inquit,
1921 1918 2137 1973 Gracia
2170 1914 2217 1936 "
2243 1914 2570 1986 judicabat.

488 2006 742 2061 ecclesias
770 2006 935 2060 etiam
963 2006 1179 2075 publice
1215 2004 1424 2074 legitur
1444 2023 1466 2067 ;
1496 2010 1554 2061 et
1586 2025 1618 2061 a
1650 2007 1859 2062 Ruﬁno
1884 2009 1930 2042 3*
1961 2024 1973 2061 :
2009 2009 2137 2076 Quae

488 2096 676 2150 omnia
714 2096 820 2166 legi
858 2094 1075 2166 quidem
1124 2097 1185 2149 in
1231 2095 1470 2151 ccclesiis
1519 2097 1831 2151 voluerunt.
1865 2102 1941 2152 At
1987 2101 2140 2152 certe

489 2184 745 2257 episcopi
776 2183 945 2239 illum
986 2184 1047 2239 in
1092 2184 1352 2240 ecclesiis
1382 2185 1613 2256 publice
1644 2185 1754 2257 legi
1789 2186 2136 2256 noluissent,

489 2273 604 2328 nisi
632 2273 978 2329 habuissent
1000 2274 1240 2328 omnino
1266 2289 1634 2346 persuasum,
1657 2274 1793 2330 inde
1824 2276 2137 2355 plurimam

491 2379 525 2419 a
552 2361 896 2418 Christianis
929 2362 1147 2434 percipi
1180 2379 1352 2434 posse
1385 2363 1719 2419 utilitatem.

562 2453 849 2508 Caeterum
904 2468 1018 2506 non
1075 2451 1136 2506 in
1195 2452 1453 2507 ecclesiis
1502 2452 1786 2508 duntaxat
1840 2452 1989 2509 liber
2046 2452 2143 2508 ille

493 2539 727 2613 publice
775 2538 1094 2611 legebatur,
1125 2556 1324 2596 verum
1358 2541 1536 2596 etiam
1587 2546 1711 2598 erat
1762 2543 1822 2597 in
1875 2542 2142 2597 omnium

495 2628 794 2695 manibus,
846 2628 929 2682 uti
984 2644 1052 2683 ex
1108 2629 1354 2700 Origene
1410 2629 1686 2696 vidimus,
1737 2636 2015 2704 patetque
2076 2648 2144 2687 ex

492 2715 838 2783 Athanasio,
871 2717 971 2787 qui
1003 2715 1170 2771 illum
1200 2716 1474 2790 Catalogo
1506 2717 1789 2775 librorum
1823 2720 2029 2775 inserit
2048 2720 2094 2754 ³³
2127 2737 2142 2778 :

499 2806 640 2875 Quos
669 2807 859 2861 Patres
886 2811 1194 2861 sanxerunt
1244 2806 1351 2877 legi
1403 2808 1473 2861 iis
1523 2809 1619 2879 qui
1671 2808 1740 2863 ad
1786 2809 1949 2877 ﬁdem
1996 2826 2146 2865 acce-

2792 2002 3201 2059 ARTICULUS
3236 2002 3357 2057 XII.

2492 2095 2686 2150 Utrum
2714 2094 2936 2164 antiqui
2964 2093 3152 2148 Patres
3185 2093 3312 2147 illos
3341 2093 3644 2163 spreverint.

2319 2183 2465 2246 Quid
2498 2200 2653 2253 ergo,
2685 2183 2939 2255 inquies,
2967 2181 3245 2255 negarine
3277 2185 3464 2254 potest
3490 2180 3632 2235 hunc
3657 2180 3812 2235 librum

2247 2272 2320 2327 ab
2352 2271 2612 2343 antiquis
2643 2271 2915 2327 Patribus
2945 2270 3187 2343 despici,
3218 2287 3287 2325 ac
3317 2286 3419 2341 pro
3451 2268 3618 2324 nihilo
3639 2268 3814 2340 putari?

2249 2360 2412 2415 Certe
2442 2360 2718 2432 Origenes
2748 2361 3073 2432 expresssis
3101 2359 3297 2414 verbis
3329 2358 3563 2413 dixit":
3596 2360 3627 2412 A
3655 2358 3816 2430 quibus-

2250 2450 2381 2505 dam
2424 2452 2808 2505 contemnitur.
2860 2448 3260 2505 Tertullianus
3308 2464 3439 2503 vero
3468 2448 3554 2502 38:
3601 2447 3815 2518 Scriptura

2251 2541 2492 2594 Pastoris
2541 2539 2659 2595 sola
2705 2539 2945 2596 maeclzos
2992 2547 3205 2594 amat...
3250 2538 3319 2593 ab
3364 2539 3509 2593 omni
3534 2536 3731 2593 concilio
3752 2536 3817 2590 Ec-

2251 2628 2548 2684 clesiarum
2575 2630 2741 2684 etiam
2766 2637 3075 2684 vestrarum
3113 2630 3260 2683 inter
3307 2625 3603 2698 apocrypha
3644 2633 3685 2680 et
3719 2625 3817 2695 falsa

2245 2717 2519 2789 judicatui
2537 2758 2549 2772 .
2586 2717 2972 2789 Hieronymus
2993 2722 3189 2773 autem
3218 2716 3389 2771 illum
3414 2732 3525 2771 non
3545 2714 3709 2771 solum
3729 2729 3817 2768 con-

2253 2806 2458 2873 temni,
2493 2807 2593 2861 sed
2622 2810 2679 2861 et
2708 2805 2967 2861 stultitiae
2999 2806 3164 2878 argui
3198 2811 3451 2863 testatur
3473 2807 3515 2840 ³⁸
3546 2823 3558 2860 :
3589 2804 3720 2859 Liber
3744 2802 3820 2859 ille.

500 2894 659 2964 dunt,
706 2896 1046 2965 cupiuntque
1103 2896 1163 2949 in
1212 2895 1435 2965 pietatis
1487 2897 1646 2953 verba
1693 2899 1933 2953 institui.
1989 2899 2148 2955 Unde
2257 2894 2467 2967 inquit,
2506 2895 2848 2968 apocryphus
2890 2896 3145 2952 stultitiae
3192 2894 3632 2952 condemnandus
3674 2895 3749 2957 est,
3786 2892 3823 2943 in

503 2999 710 3039 rursus
760 2988 1049 3055 quantum
1104 2983 1144 3037 ii
1195 2985 1267 3039 ad
1318 2984 1629 3041 utilitatem
1682 2986 2147 3042 Christianorum
2258 2985 2396 3057 quod
2445 2988 2709 3057 scriptum
2750 2989 2847 3051 est,
2889 2984 3181 3057 quemdam
3221 2987 3488 3057 angelum
3532 2985 3717 3039 nomine
3741 2981 3824 3050 Tyri

502 3071 654 3128 hanc
712 3071 1177 3128 lucubrationem
1235 3074 1558 3129 conducere
1613 3075 1953 3142 crederent,"
1984 3076 2150 3132 facile
2254 3089 2491 3146 praeesse
2536 3073 2848 3145 reptilibus.
2881 3073 3144 3145 Denique
3189 3074 3448 3147 Prosper
3486 3069 3826 3137 Collatori,au-

502 3161 875 3235 intelligitur.

2262 3163 2586 3218 ctoritatem
2642 3163 2863 3217 Hermae
2915 3162 3233 3234 objicienti,
3294 3163 3596 3235 respondet
3620 3162 3701 3214 ‘0:
3743 3158 3826 3211 Pus!

574 3251 837 3307 Tertium
883 3256 1295 3324 argumentum
1345 3270 1415 3307 ex
1458 3253 1550 3309 his
1606 3254 1836 3310 Eusebii
1883 3254 2073 3310 verbis
2104 3255 2147 3290 ³⁸
2179 3238 2222 3305 C
2262 3252 2411 3308 illud
2456 3259 2638 3307 autem
2684 3253 2899 3307 nullius
2947 3254 3295 3308 auctoritatis
3340 3252 3704 3316 testimonium,
3728 3246 3827 3318 quod

499 3339 693 3396 adhuc
749 3339 1027 3397 elicitur:
1082 3342 1360 3409 Quosdam
1417 3359 1485 3398 ex
1540 3346 1924 3399 vetustissimis
1968 3346 2145 3415 ipsius

497 3432 807 3485 testimonia
836 3446 961 3485 usos
989 3430 1184 3502 fuisse.
1228 3431 1308 3485 Ea
1361 3448 1617 3503 namque
1658 3433 1967 3488 manifeste
2012 3450 2143 3504 pro-

497 3519 640 3574 bant
696 3523 915 3591 quanto
975 3518 1069 3573 hic
1128 3519 1276 3575 liber
1334 3520 1478 3591 ipsis
1531 3520 1775 3592 aliisque
1833 3522 2142 3594 plurimis,

498 3607 600 3679 qui
647 3624 715 3663 ex
758 3607 858 3664 illo
906 3609 1122 3680 pariter
1158 3608 1495 3666 testimonia
1533 3610 1724 3666 multa
1754 3610 2144 3683 protulerunt,

498 3695 674 3752 fuerit
700 3696 760 3752 in
801 3698 1006 3768 pretio.
1039 3698 1201 3763 Quod
1255 3715 1396 3754 sane
1444 3716 1512 3755 ex
1560 3698 1828 3772 ipsorum
1869 3701 2081 3770 verbis,
2113 3719 2148 3756 a

501 3785 670 3841 nobis
726 3786 877 3841 inter
930 3790 1191 3842 veterum
1247 3787 1587 3844 testimonia
1653 3789 1872 3856 relatis,
1932 3789 2147 3847 clarius

502 3875 743 3947 patebit.

573 3964 857 4027 Quartum
879 3968 1292 4035 argumentum
1324 3966 1416 4021 his
1446 3967 1635 4022 tribus
1656 3968 2000 4023 Eusebianis
2032 3985 2147 4024 non

502 4051 821 4125 incongrue
851 4053 1093 4109 forsitan
1127 4055 1387 4125 adjicies,
1423 4055 1737 4111 utilitatem
1789 4056 1966 4127 hujus
2016 4056 2149 4112 libri

504 4156 572 4196 ex
602 4141 730 4211 ejus
760 4139 1025 4210 lectione,
1054 4141 1139 4197 vel
1172 4143 1349 4198 etiam
1381 4160 1448 4197 ex
1478 4143 1603 4199 sola
1632 4144 1813 4210 illius,
1851 4162 2028 4216 quam
2059 4148 2149 4201 de-

501 4228 718 4297 dimus,
752 4230 975 4302 analysi
1010 4247 1182 4302 posse
1212 4248 1245 4285 a
1288 4231 1551 4302 quolibet
1580 4232 1747 4287 facile
1778 4235 2034 4305 agnosci.
2068 4236 2149 4289 Ex

499 4316 603 4374 illa
644 4319 934 4390 siquidem
981 4318 1148 4376 facile
1194 4320 1490 4393 colligitur
1518 4322 1774 4377 auctoris
1806 4322 1987 4377 nostri
2021 4340 2147 4379 sco-

499 4424 641 4480 pum
672 4423 800 4463 esse
830 4407 1097 4464 homines
1130 4409 1200 4464 ad
1233 4410 1519 4482 agendam
1554 4415 1927 4482 peccatorum
1960 4412 2147 4484 poeni-

498 4496 766 4565 tentiam,
781 4497 852 4552 ad
876 4497 1231 4553 indefessam
1247 4498 1562 4555 virtutibus
1581 4500 1879 4567 omnibus,
1895 4518 2146 4573 quarum

2254 3341 2619 3413 disputationi
2645 3356 2763 3398 suae
2792 3341 2856 3397 de
2886 3342 3074 3397 libello
3104 3344 3357 3398 Pastoris
3389 3343 3625 3397 inseruit.

2326 3431 2543 3486 Verum
2566 3431 2615 3485 si
2643 3429 2763 3485 haec
2790 3435 3029 3486 Patrum
3050 3431 3397 3487 testimonia
3420 3428 3721 3503 diligentius
3738 3440 3826 3480 exa-

2255 3519 2574 3589 minentur,
2598 3520 2837 3592 planum
2867 3520 3088 3592 liquido
3116 3520 3216 3575 ﬁet
3241 3520 3439 3592 primo
3464 3520 3730 3591 Origenem
3749 3529 3825 3568 non

2257 3609 2492 3676 dixisse,
2517 3610 2613 3679 qui
2638 3609 2872 3677 fuerint,
2896 3611 3135 3681 cujusve
3162 3610 3451 3681 nominis,
3472 3607 3556 3665 vel
3580 3606 3756 3679 quibus
3772 3618 3827 3657 ra-

2256 3698 2516 3755 tionibus
2537 3698 2692 3767 fulti,
2714 3698 2755 3752 ii
2783 3698 2882 3771 qui
2913 3698 3071 3754 hunc
3095 3698 3319 3755 librum
3349 3696 3655 3770 despicatui
3677 3693 3828 3749 habue-

2256 3793 2413 3843 runt.
2439 3791 2512 3843 At
2541 3792 2695 3844 certe
2724 3805 2793 3843 ex
2821 3787 3007 3859 ipsius
3040 3791 3236 3843 mente
3272 3805 3375 3844 eos
3406 3788 3666 3843 obscuros
3684 3781 3827 3843 fuisse,

2258 3877 2482 3933 nullius
2514 3876 2899 3944 auctoritatis,
2935 3876 3230 3949 nullisque
3267 3878 3559 3933 rationum
3590 3868 3828 3930 momentis

2259 3966 2537 4034 munitos,
2563 3966 2697 4021 inde
2720 3965 3070 4038 colligimus,
3096 3966 3252 4038 quod
3280 3966 3368 4021 vir
3395 3964 3491 4020 ille
3510 3960 3826 4019 doctissimus.

2259 4056 2341 4111 uti
2363 4055 2638 4122 vidimus,
2655 4055 2980 4110 doctrinam
3003 4054 3062 4110 in
3085 4055 3194 4110 hoc
3212 4056 3423 4111 eodem
3445 4054 3585 4110 libro
3603 4049 3826 4107 traditam.

2257 4144 2523 4200 divinitus
2551 4146 2891 4213 inspiratam
2921 4160 3049 4199 esse
3082 4145 3397 4215 putaverit.

2327 4234 2489 4298 Quod
2512 4237 2736 4305 spectat
2767 4234 2836 4288 ad
2860 4232 3316 4299 Tertullianum,
3344 4237 3565 4288 certum
3594 4234 3671 4286 est
3693 4226 3826 4285 illum,

2258 4340 2393 4379 cum
2416 4323 2537 4378 haec
2562 4323 2862 4390 scriberet,
2878 4324 3005 4394 jam
3029 4322 3085 4377 in
3105 4323 3597 4379 Montanistarum
3617 4315 3822 4373 incidisse

2257 4412 2524 4467 haeresim
2560 4428 2572 4466 :
2632 4410 2897 4483 nullique
2928 4411 3141 4467 idcirco
3175 4411 3397 4467 mirum
3432 4427 3558 4467 esse
3593 4398 3829 4466 debere,si

2258 4506 2383 4556 tum
2409 4500 2505 4556 ille
2529 4501 2817 4572 objectam
2843 4518 2877 4555 a
2897 4499 3208 4556 Catholicis
3236 4502 3461 4556 Hermae
3485 4495 3827 4555 auctoritatem.

496 4584 985 4657 praestantissima
1032 4604 1278 4659 quaeque
1326 4592 1614 4660 praecepta
1659 4590 1857 4659 tradit,
1890 4590 2145 4646 dandam
2179 4609 2225 4673 Ι)
2256 4607 2403 4647 vano
2456 4595 2794 4662 contemptu
2844 4594 3176 4661 conatuque
3226 4589 3398 4645 irrito
3447 4587 3666 4645 eludere
3704 4584 3832 4637 tenta-

497 4690 758 4747 operam,
780 4677 851 4732 ad
880 4677 1315 4748 persecutiones
1338 4683 1743 4749 tyrannorum,
1760 4681 2011 4751 jamjam
2034 4680 2150 4736 im-

497 4764 812 4832 minentes,
836 4765 1157 4822 fortissime
1181 4770 1237 4821 et
1259 4767 1329 4821 ad
1362 4771 1610 4822 mortem
1636 4784 1821 4839 usque
1851 4769 2148 4840 patientis-

499 4851 647 4906 sime
714 4854 1124 4919 sustinendas,
1184 4855 1515 4927 adhortari,
1577 4856 1913 4927 incendere,
1974 4862 2147 4930 atque

499 4938 548 4995 si
602 4938 688 4994 fas
745 4942 971 5009 fuisset,
1018 4942 1380 5014 compellere.
1429 4946 1561 5010 Quae
1611 4946 1864 5017 profecto
1913 4952 2146 5018 quanta

500 5026 845 5084 Christianis
877 5030 996 5085 sint
1025 5030 1314 5101 utilitatis,
1351 5049 1521 5089 nemo
1552 5051 1667 5089 non
1700 5034 1874 5090 videt.

568 5115 985 5174 Verumtamen
1032 5120 1080 5175 si
1119 5121 1190 5175 de
1228 5122 1484 5178 auctoris
1518 5123 1700 5179 nostri
1733 5123 1879 5180 libro
1911 5128 2144 5181 senten-

497 5204 579 5261 tia
631 5222 699 5261 ex
749 5209 1147 5279 quorumdam
1203 5209 1454 5282 hujusce
1501 5213 1782 5285 temporis
1838 5213 2145 5271 hominum

498 5293 743 5352 acutiori
765 5296 921 5352 haud
944 5296 1121 5355 dubie
1151 5299 1385 5373 ingenio
1408 5300 1646 5357 ferenda
1676 5301 1771 5372 sit,
1794 5304 2143 5375 pronuntia-

2258 4679 2425 4735 verit.

2329 4770 2502 4824 Porro
2553 4769 2601 4825 si
2648 4769 2965 4824 contendas
2996 4767 3139 4823 illud
3171 4785 3381 4823 verum
3415 4783 3561 4836 esse,
3593 4760 3725 4837 quod
3749 4757 3830 4829 ipse

2259 4858 2492 4929 adjecit,
2511 4858 2662 4913 hanc
2684 4858 3033 4929 scripturam
3054 4858 3125 4912 ab
3146 4856 3423 4913 Ecclesiis
3446 4852 3720 4912 catholicis
3733 4847 3832 4901 inter

2258 4946 2591 5020 apocrypha
2621 4952 2678 5003 et
2710 4946 2857 5003 falsa
2877 4947 3155 5018 judicari,
3185 4961 3537 5018 responsum
3565 4938 3773 5012 accipies
3791 4929 3830 4985 i1-

2256 5035 2379 5089 lum
2412 5050 2477 5089 eo
2507 5038 2738 5090 tantum
2771 5051 2946 5090 sensu
2989 5035 3074 5089 sic
3120 5034 3409 5101 locutum,
3443 5038 3509 5088 ut
3555 5026 3827 5103 signiﬁcaret

2256 5123 2406 5178 hanc
2454 5121 2917 5179 lucubrationem
2958 5122 3111 5178 inter
3150 5139 3349 5179 sacros
3389 5122 3681 5193 Scriptura:
3706 5112 3827 5169 libros

2257 5229 2371 5268 non
2403 5212 2801 5283 annumerari,
2833 5210 2943 5278 vel,
2977 5214 3041 5266 ut
3086 5211 3278 5266 verbis
3310 5212 3444 5282 ejus
3475 5212 3708 5270 utamur,
3732 5196 3827 5253 diii-

2254 5305 2379 5359 vino
2406 5282 2917 5358 instrumentonon
2948 5300 3140 5357 incidi.
3176 5301 3379 5371 Neque
3409 5298 3564 5355 enim
3592 5291 3752 5369 potuit
3776 5282 3825 5341 nl-

568 5545 611 5626 3}
644 5543 745 5626 lib“.
782 5547 859 5626 De
884 5551 1168 5626 lacrimat.
1203 5550 1362 5606 Vcrb.
1393 5548 1569 5626 paulo
1600 5556 1731 5626 post
1760 5551 1888 5608 init.
1965 5554 2011 5588 ³2
2042 5555 2115 5609 De
2155 5556 2408 5622 scriptor.
2454 5555 2647 5610 Eccles.
2725 5554 2773 5589 ³³
2802 5554 3044 5610 Ibidem.
3121 5554 3166 5589 3‘
3197 5555 3254 5610 in
3286 5552 3478 5626 Symb.
3509 5550 3720 5626 Apost._
3741 5532 3824 5626 '1‘}?

492 5615 668 5725 ﬁpisl.
701 5620 891 5675 Pasch.
970 5621 1014 5655 ³6
1047 5621 1154 5677 loc.
1190 5640 1228 5678 si

565 5685 669 5746 lib.
703 5699 841 5748 cont.
875 5694 1069 5752 Collat.
1101 5710 1228 5769 cap.

970 5621 1154 5750 Ξειιοὲ.
1190 5640 1330 5751 ευξὸ
1356 5610 1515 5679 citat.
1596 5610 1638 5659 ἅτ
1670 5624 1792 5682 loco
1823 5626 1918 5681 cit.
1997 5627 2040 5661 ³⁸
2073 5626 2174 5684 lib.
2219 5610 2294 5683 De
2337 5627 2595 5700 pudicit.,
2639 5643 2765 5700 cap.
2810 5628 2898 5682 20.
2976 5629 3020 5662 ³9
3052 5626 3154 5684 lib.
3199 5644 3217 5683 1
3258 5610 3563 5683 Co'mment:
3595 5620 3649 5674 in
3678 5610 3823 5672 Ηαὺσιό
3932 5696 3933 5711 χ

995 5711 1029 5748 a
1057 5737 1069 5751 .
1136 5711 1228 5751 an.
1338 5738 1350 5751 .
3932 5740 3933 5751 ς
