4038 6210
172 416 287 476 845

1477 413 1803 474 PASTOR.
1837 446 1913 457 —-
1942 412 2357 474 PROOEMIA.

3454 415 3575 476 846

168 550 400 605 ﬁrmare
421 549 578 604 hunc
600 548 818 603 librum
847 548 918 603 ab
940 546 1218 615 Ecclesia,
1245 550 1309 601 ut
1340 545 1736 618 apocryphum
1759 550 1815 601 et
1842 548 1889 614 Α
1926 545 2146 617 oppleri
2174 565 2186 601 :
2221 546 2375 617 quod
2399 545 2634 617 quidem
2668 546 2835 601 nobis
2860 544 3052 603 fusius
3072 545 3439 618 probandum
3461 548 3573 604 est.

164 637 402 705 falsum,
419 636 473 691 id
494 640 581 691 est
598 634 1386 707 erroneum,supposititium
1408 640 1463 688 et
1482 635 1812 689 fabulosum

161 724 342 798 rejici,
377 726 518 797 quin
552 726 828 780 continuo
862 726 985 796 ipse
1019 724 1146 778 falsi
1196 725 1267 778 ab
1314 724 1382 778 iis
1415 724 1690 777 omnibus
1721 741 1813 777 ar-

160 821 456 888 gueretur,
490 831 740 886 quorum
772 813 1109 868 testimonia
1140 813 1213 867 ad
1258 813 1523 883 ejusdem
1556 812 1687 867 libri
1718 827 1812 866 ve-

160 905 396 960 ritatem
423 904 856 975 utilitatemque
884 903 1247 975 probandam
1281 920 1460 974 supra
1481 901 1810 956 retulimus.

230 995 529 1058 Quantum
560 1010 692 1048 vero
725 994 793 1046 ad
826 993 1264 1063 Hieronymum,
1292 992 1416 1063 ipse
1448 992 1711 1046 eamdem
1744 990 1812 1044 li-

160 1084 249 1138 bri
283 1083 461 1153 hujus
495 1081 803 1137 utilitatem
856 1083 915 1135 in
966 1081 1095 1135 aliis
1148 1080 1654 1135 lucubrationibus
1688 1080 1812 1135 suis

164 1177 299 1227 ante
339 1178 395 1227 et
436 1177 565 1244 post
597 1189 772 1227 suum
805 1172 863 1225 in
898 1170 1165 1225 Habacuc
1197 1169 1688 1224 Commentarium
1724 1169 1809 1221 di-

164 1261 444 1333 vulgatis,
476 1262 768 1332 praedicat.
793 1260 917 1315 Non
950 1263 1175 1331 poterat
1198 1259 1379 1330 igitur
1400 1275 1633 1313 omnem
1658 1257 1812 1311 hunc

168 1350 384 1405 librum
408 1350 669 1405 stultitiae
700 1348 1062 1405 insimulare.
1090 1349 1156 1403 Et
1188 1365 1245 1402 re
1277 1348 1514 1419 quidem
1546 1362 1679 1401 vera
1713 1345 1814 1401 uni

167 1444 397 1495 tantum
430 1439 589 1495 illius
620 1440 763 1505 loco,
798 1438 898 1493 ubi
939 1439 1009 1493 de
1043 1438 1246 1509 angelo
1278 1437 1583 1509 reptilibus
1616 1436 1812 1507 praesi-

165 1530 361 1596 dente,
386 1545 714 1585 sermonem
742 1528 864 1583 ﬁeri
896 1530 1161 1600 putabat,
1188 1528 1461 1583 censoria:
1490 1527 1813 1582 severitatis

163 1625 371 1674 notam
423 1617 659 1673 inussit.
690 1617 906 1672 Verum
939 1633 1006 1671 ex
1036 1617 1189 1671 infra
1236 1617 1498 1671 dicendis
1548 1634 1661 1671 non
1711 1617 1811 1671 ob-

163 1726 338 1764 scure
389 1708 826 1763 demonstratur
874 1712 1141 1762 sanctum
1198 1706 1495 1761 doctorem
1552 1706 1813 1759 incorru-

160 1802 335 1869 ptum
372 1796 685 1868 quemdam
717 1796 1000 1861 codicem,
1022 1812 1090 1850 ex
1121 1812 1235 1866 quo
1268 1794 1523 1850 auctoris
1556 1798 1812 1848 mentem

160 1886 402 1957 assequi
436 1902 550 1940 non
587 1884 860 1956 potuerit,
897 1884 1132 1938 fortuito
1167 1882 1465 1937 incidisse.

234 1976 324 2029 Ad
373 1974 635 2046 Prosperi
675 1974 1079 2028 auctoritatem
1122 1990 1466 2044 responsum
1515 1977 1621 2039 est,
1656 1972 1811 2026 hunc

160 2064 385 2119 librum
436 2064 557 2134 qui,
590 2068 734 2118 teste
781 2062 1150 2135 Hieronymo,
1183 2062 1328 2133 apud
1380 2064 1622 2127 Latinos,
1668 2076 1812 2132 pene

159 2157 386 2223 ignotus
430 2156 572 2222 erat,
618 2153 728 2224 ipsi
780 2168 1011 2223 quoque
1067 2152 1246 2207 fuisse
1278 2151 1661 2223 incognitum.
1695 2150 1810 2205 Nec

161 2243 423 2298 absurde
444 2242 619 2297 etiam
643 2241 977 2312 responderi
1002 2244 1211 2312 potest,
1229 2241 1574 2312 Prosperum
1595 2238 1811 2294 dixisse

161 2333 560 2397 testimonium,
594 2347 709 2385 non
740 2346 873 2384 vero
905 2328 1123 2384 librum
1154 2330 1400 2396 Hermae,
1436 2328 1654 2383 nullius
1685 2344 1811 2384 esse

160 2418 554 2475 auctoritatis.
580 2419 701 2482 Quo
734 2418 971 2490 quidem
1002 2418 1178 2473 verbo
1205 2418 1341 2473 data
1372 2434 1546 2488 opera
1576 2417 1673 2472 ille
1706 2418 1812 2471 for-

158 2514 327 2565 tasse
357 2525 500 2563 usus
530 2512 637 2574 est,
672 2513 736 2561 ut
776 2506 1178 2563 testimonium
1228 2524 1296 2562 ex
1342 2507 1536 2577 aliquo
1569 2507 1811 2577 hujusce

154 2596 301 2653 libri
324 2596 447 2652 loco
471 2614 503 2652 a
528 2595 811 2653 Collatore
833 2595 1144 2668 prolatum,
1170 2596 1315 2650 nihil
1339 2598 1405 2651 ad
1433 2596 1808 2651 asserendam

155 2689 296 2758 ejus
322 2687 653 2758 opinionem
683 2687 1005 2741 conducere
1031 2688 1378 2741 ostenderet.

689 2792 1093 2847 ARTICULUS
1138 2792 1283 2846 XIII.

231 2884 411 2951 Quam
441 2892 636 2937 temere
665 2882 728 2937 hi
758 2883 891 2937 libri
917 2899 952 2937 a
988 2882 1317 2951 quibusdam
1348 2881 1739 2937 recentioribus

758 2957 1182 3009 contemnantur
1202 2956 1227 3005 .9

229 3044 382 3099 Cum
413 3059 548 3115 ergo
578 3047 665 3098 tot
693 3043 959 3098 Ecclesiae
996 3043 1213 3107 Patres,
1242 3047 1297 3097 et
1325 3041 1725 3112 antiquissimi
1755 3044 1811 3094 et

149 3132 515 3198 doctissimi,
540 3132 849 3187 utilitatem
881 3132 1161 3187 librorum
1185 3132 1406 3186 Herme
1438 3136 1633 3201 aperte
1664 3147 1807 3201 pra:-

147 3223 357 3278 dicent
387 3221 771 3291 laudibusque
803 3221 1075 3276 maximis
1105 3220 1401 3288 extollant,
1435 3220 1565 3290 quis
1608 3235 1808 3273 recen-

150 3312 384 3366 tiorum
414 3312 805 3381 quorumdam
838 3310 1189 3381 scriptorum
1220 3308 1609 3363 temeritatem
1643 3307 1806 3362 casti-
1842 3287 1883 3353 (ἶ

152 3400 423 3472 gandam
448 3416 563 3455 non
586 3403 834 3468 censeat,
860 3416 893 3453 a
914 3400 1130 3470 quibus
1156 3398 1249 3453 hic
1272 3398 1419 3453 liber
1439 3414 1553 3453 non
1578 3414 1812 3451 summo

154 3495 400 3543 tantum
423 3488 781 3559 contemptui
812 3488 1087 3556 habetur,
1114 3505 1313 3544 verum
1337 3488 1514 3542 etiam
1540 3488 1815 3541 audacter

153 3579 531 3651 repudiatur,
565 3584 845 3649 tanquam
874 3580 1267 3649 supposilitius,
1300 3582 1370 3646 et,
1416 3586 1471 3632 ut
1520 3576 1817 3631 verisimile

146 3673 256 3733 est,
295 3668 372 3724 ab
403 3668 678 3723 heereticis
707 3667 1050 3739 deprauatus,
1084 3672 1239 3738 atque
1280 3668 1585 3723 hwresibus
1638 3673 1689 3719 et
1730 3666 1815 3734 fa»

147 3759 311 3813 bulis
341 3760 595 3828 appteius
620 3760 645 3810 .9
672 3756 889 3812 Verum
922 3757 1213 3812 enimvero
1238 3755 1601 3828 argumentis
1635 3753 1821 3809 neuti-

143 3864 346 3920 quam
398 3846 743 3917 spernendis
785 3847 911 3917 jam
960 3846 1334 3917 probavimus
1372 3844 1541 3899 illum
1594 3843 1817 3898 Hermae

137 3952 366 3992 verum
393 3935 833 4007 genuinumque
853 3952 980 3990 esse
1004 3936 1208 4007 fetum,
1226 3934 1589 4006 proindeque
1613 3948 1835 4004 suppoa

130 4024 399 4081 sitionis
426 4030 643 4079 temere
674 4024 961 4080 accusari.

226 4112 479 4168 Falsum
510 4117 702 4168 autem
751 4119 839 4168 est
891 4113 1059 4168 illum
1094 4112 1309 4168 fabulis
1341 4112 1640 4184 oppletum
1671 4126 1817 4179 esse,

134 4203 387 4276 quippe
416 4202 515 4273 qui
544 4202 799 4257 visiones
829 4206 1063 4257 tantum
1103 4203 1419 4265 contineat,
1452 4218 1601 4271 quas
1644 4200 1820 4255 etiam

138 4310 284 4349 non
308 4291 601 4346 immerito
628 4291 945 4363 planejure
966 4292 1039 4346 ab
1058 4296 1290 4346 auctore
1312 4295 1625 4362 usurpatas
1648 4292 1819 4360 paulo

140 4386 311 4438 ante
329 4382 372 4413 “
401 4380 783 4435 ostendimus.
806 4381 1039 4436 Falsum
1065 4386 1153 4436 est
1176 4396 1406 4451 quoque
1428 4380 1583 4432 hunc
1605 4378 1821 4432 librum

143 4472 242 4527 ab
282 4468 569 4525 haereticis
592 4470 975 4541 depravatum
1000 4470 1201 4539 fuisse,
1226 4474 1291 4523 ut
1316 4472 1511 4540 aperte
1532 4466 1825 4538 colligitur

136 4578 235 4617 ex
270 4558 453 4613 variis
475 4559 711 4614 Patrum
733 4559 1104 4627 testimoniis,
1132 4575 1199 4614 ex
1224 4558 1499 4613 omnibus
1520 4555 1677 4610 illius
1700 4572 1825 4626 par-

1844 1922 1891 1987 B

1926 635 2314 690 Bellarminus
2338 634 2554 689 etenim
2588 639 2644 689 et
2674 635 2770 689 alii
2792 636 3032 706 quidam
3061 637 3333 691 Hermam
3356 635 3571 692 idcirco

1924 725 2137 779 erroris
2169 724 2533 791 insimulant,
2568 725 2721 794 quod
2752 725 2830 779 ibi
2866 725 3118 780 disserat
3149 726 3217 794 ‘9,
3271 725 3339 780 de
3365 725 3573 781 duobus

1922 816 2120 881 geniis,
2153 816 2268 868 sive
2296 815 2507 867 duobus
2539 814 2772 882 angelis,
2802 830 2909 869 uno
2941 815 3080 870 bono
3108 818 3159 869 et
3187 816 3362 871 altero
3392 813 3567 884 malo,

1922 904 2156 972 singulis
2186 904 2497 958 hominibus
2525 920 2559 956 α
2588 905 2691 958 Deo
2717 903 3008 958 tributis...
3043 904 3213 971 Quem
3236 919 3476 959 errorem
3502 920 3573 960 ea:

1924 992 2021 1047 hoc
2049 1000 2274 1047 auctore
2307 994 2515 1063 accepit
2546 992 2837 1047 Cassianus
2866 993 2931 1063 ω,
2986 1002 3042 1048 et
3070 996 3197 1048 ante
3226 1009 3351 1049 eum
3381 994 3567 1062 Orige-

1922 1098 2019 1135 nes
2050 1082 2113 1133 δθ.
2156 1082 2235 1137 De
2266 1081 2375 1136 hac
2406 1085 2602 1136 tamen
2636 1082 2909 1152 opinione
2940 1081 3023 1136 sic
3054 1081 3313 1153 loquitur
3341 1082 3570 1138 Cassia-

1925 1188 2035 1225 nus
2060 1171 2125 1237 “,
2158 1187 2222 1225 ac
2254 1170 2302 1224 si
2335 1187 2463 1225 eam
2497 1188 2611 1226 non
2646 1171 2890 1237 Hermas,
2920 1171 3019 1225 sed
3052 1171 3367 1242 Scriptura
3393 1186 3568 1226 sacra

1924 1259 2266 1314 auctoritate
2298 1261 2589 1314 ﬁrmatam
2620 1276 2747 1314 esse
2767 1260 3131 1315 credidisset.
3156 1260 3372 1315 Deinde
3402 1258 3570 1315 Basi-

1920 1348 2036 1404 lius
2084 1354 2140 1403 et
2188 1350 2500 1420 Gregorius
2531 1349 2832 1421 Nyssenus
2880 1350 2938 1403 in
2984 1346 3185 1404 eadem
3227 1350 3299 1405 de
3339 1350 3570 1406 duobus

1923 1438 2167 1510 angelis,
2202 1456 2317 1494 non
2350 1456 2519 1494 secus
2552 1445 2724 1510 atque
2750 1439 2992 1493 Hermas
3022 1443 3080 1493 et
3110 1438 3406 1511 Origenes,
3431 1440 3572 1493 sunt

1923 1527 2214 1598 opinione.
2241 1528 2521 1599 Magister
2539 1544 2674 1583 vero
2698 1528 3122 1583 sententiarum
3146 1529 3191 1563 ⁸⁸
3221 1528 3291 1583 de
3320 1526 3420 1583 illa
3439 1531 3568 1585 tan:

1923 1632 2096 1685 quam
2130 1615 2466 1671 nullomodo
2521 1616 2895 1689 improbabili
2944 1617 3226 1688 disputat.
3277 1616 3473 1673 Estius
3500 1616 3569 1687 ‘7,

1924 1721 2092 1775 porro
2146 1706 2202 1759 id
2249 1706 2539 1761 incertum
2587 1723 2713 1762 esse
2746 1706 2974 1762 asserit.
3008 1706 3136 1761 Hec
3165 1705 3343 1779 igitur
3371 1705 3569 1778 opinio

1921 1793 2213 1849 immerito
2255 1797 2325 1849 ab
2368 1794 2497 1851 aliis
2532 1794 2829 1851 nonnullis
2858 1798 3136 1866 tanquam
3168 1794 3377 1851 noxius
3406 1810 3570 1852 error

1921 1884 2202 1954 rejicitur.
2228 1884 2334 1948 Qui
2366 1885 2536 1957 plura
2558 1886 2629 1941 de
2659 1885 2767 1940 hac
2790 1884 3109 1956 quaestione
3131 1884 3277 1940 scire
3295 1883 3567 1954 voluerit,

1921 1973 2108 2043 adeat,
2133 1974 2180 2027 si
2214 1973 2393 2043 lubet,
2420 1974 2687 2029 Gazaeum
2711 1973 2771 2028 in
2799 1974 3039 2029 citatum
3062 1972 3328 2029 Cassiani
3346 1972 3562 2044 locum,

1923 2067 1979 2118 et
2006 2063 2063 2116 in
2086 2063 2346 2133 ejusdem
2370 2063 2570 2118 Collat.
2602 2064 2687 2133 13,
2712 2080 2837 2134 cap.
2866 2063 2963 2130 12;
2996 2061 3315 2119 Maldonat.
3340 2062 3401 2118 in
3433 2079 3563 2136 cap.

1926 2152 2023 2218 18;
2058 2151 2220 2207 Matt.
2256 2153 2423 2220 Huet,
2448 2152 2548 2207 lib.
2584 2169 2623 2206 11
2657 2152 3005 2223 0rigenian.,
3028 2155 3235 2223 quiest.
3270 2150 3381 2225 5,§
3409 2151 3479 2207 30
3508 2154 3568 2209 et

1922 2246 2187 2311 sequent.

1991 2331 2103 2385 Nec
2148 2331 2710 2401 praetermittendum
2752 2334 2842 2386 est
2888 2331 3175 2402 quosdam
3225 2332 3567 2388 autumasse

1920 2419 2071 2475 hanc
2118 2420 2474 2491 opinionem,
2506 2422 2683 2491 magis
2732 2420 2799 2475 ad
2844 2421 3061 2491 fabulas
3105 2418 3384 2490 falsarum
3430 2420 3563 2477 reli-

1920 2512 2145 2578 gionum
2174 2511 2467 2580 pertinere,
2491 2528 2657 2581 quam
2679 2509 2916 2565 solidum
2944 2510 3003 2564 in
3031 2509 3284 2565 doctrina
3303 2508 3566 2565 Christia-

1918 2615 1993 2651 na
2023 2600 2219 2654 habere
2244 2600 2689 2670 fundamentum.
2717 2599 2827 2653 Sed
2859 2599 2955 2655 cui
2984 2597 3257 2653 credibile
3288 2598 3387 2653 fiet
3416 2597 3563 2653 Her-

1921 2706 2076 2743 mam
2131 2709 2165 2744 a
2216 2690 2457 2761 paganis
2499 2689 2693 2761 potius
2725 2704 2903 2761 quam
2936 2688 3006 2742 ab
3038 2686 3373 2760 apostolicis
3400 2686 3565 2756 viris,

1920 2778 2031 2833 sibi
2064 2778 2288 2846 coaevis,
2322 2779 2481 2833 illam
2514 2777 2851 2850 accepisse?
2898 2778 2957 2832 Si
2999 2794 3067 2832 ex
3094 2776 3386 2832 Ambrosii
3417 2776 3566 2832 alio-

1920 2885 2188 2938 rumque,
2222 2870 2292 2923 de
2331 2868 2545 2939 quibus
2578 2868 2715 2922 alibi
2746 2867 3084 2939 disputandi
3116 2866 3279 2922 locus
3308 2865 3562 2939 dabitur,

1919 2958 2311 3027 quorumdam
2330 2957 2807 3012 doctissimorum
2825 2957 3059 3011 Patrum
3076 2955 3379 3027 principiis
3396 2972 3568 3028 argu-

1920 3051 2270 3114 mentemur,
2306 3047 2618 3102 dicendum
2652 3051 2740 3101 est
2788 3062 2818 3101 e
2867 3045 3157 3101 contrario
3200 3061 3458 3117 paganos
3491 3045 3563 3102 ab

1920 3140 2219 3191 auctorum
2290 3141 2622 3191 nostrorum
2686 3134 2945 3189 fontibus
3021 3133 3219 3189 omnia
3292 3132 3565 3191 hausisse

1920 3225 2329 3296 hujuscemodi
2387 3226 2660 3281 doctrinas
2718 3225 3013 3295 dogmata.

2460 3312 2864 3369 ARTICULUS
2904 3312 3019 3367 XV.

2222 3408 2336 3458 Hos
2367 3404 2534 3458 libros
2562 3419 2672 3459 non
2701 3404 2885 3472 [avere
2914 3402 3256 3457 Novatianis.

1993 3493 2295 3547 Secundus
2338 3509 2498 3548 error
2545 3492 2715 3562 cujus
2754 3495 3001 3545 Hermas
3030 3490 3296 3562 arguitur
3325 3487 3567 3560 majoris

1924 3582 2178 3651 profecto
2209 3584 2298 3635 est
2329 3581 2630 3635 momenti.
2663 3580 2840 3634 Aiunt
2860 3578 3017 3633 enim
3050 3593 3185 3632 eum
3216 3576 3571 3634 disseruisse

1924 3670 1987 3724 de
2016 3671 2181 3725 unica
2211 3672 2534 3738 pa'nilentia
2562 3668 2863 3723 secundum
2890 3683 3100 3723 errores
3116 3668 3568 3736 Novatianorum,

1925 3762 2121 3830 quibus
2165 3760 2253 3813 hic
2296 3759 2435 3813 liber
2463 3760 2687 3813 omnino
2716 3761 2903 3828 favere
2930 3756 3167 3811 videtur.
3198 3756 3306 3810 Sed
3340 3754 3435 3810 hic
3464 3754 3573 3810 mi-

1928 3849 2039 3902 rari
2066 3848 2225 3903 subit
2244 3865 2419 3920 quam
2444 3847 2737 3903 diversum
2757 3846 3112 3917 quandoque
3129 3844 3282 3899 docti
3305 3843 3575 3901 homines

1927 3939 1997 3993 de
2055 3956 2114 3993 re
2163 3955 2281 3993 una
2311 3942 2484 4008 atque
2514 3936 2742 4007 eadem,
2777 3951 2881 3990 nec
2913 3933 3087 4005 plane
3119 3933 3387 4003 obscura,
3412 3931 3576 4003 judi-

1928 4028 2084 4083 cium
2118 4029 2324 4083 ferant.
2356 4025 2753 4082 Tertullianus
2797 4022 2953 4079 enim
2985 4023 3211 4078 Hermae
3241 4020 3577 4093 opinionem

1928 4118 2266 4173 Novatianis
2289 4134 2318 4171 e
2338 4116 2623 4171 diametro
2642 4112 2971 4186 oppositam
2991 4110 3274 4167 attribuit.
3294 4111 3347 4167 Is
3363 4110 3581 4182 quippe

1930 4225 2063 4263 cum
2078 4204 2792 4269 Montanistarum,eadem
2818 4219 2951 4257 cum
2966 4198 3301 4256 Novatianis
3320 4199 3391 4254 de
3407 4198 3583 4254 unica

1931 4295 2272 4367 pmnitentia
2290 4293 2954 4361 sentientium,errorem
2973 4288 3338 4361 amplexatus
3352 4287 3582 4357 fuisset,

1932 4384 2077 4439 nihil
2101 4384 2259 4438 aliud
2286 4382 2596 4437 Catholicis
2622 4382 2845 4436 Hermae
2871 4378 3277 4435 auctoritatem
3305 4376 3418 4449 ipsi
3439 4375 3583 4447 obji-

1933 4474 2222 4529 cientibus
2254 4472 2588 4543 respondet,
2621 4486 2799 4541 quam
2838 4468 3005 4523 illum
3037 4468 3301 4539 ejusdem
3332 4481 3465 4521 cum
3497 4464 3583 4521 eis

1932 4561 2385 4634 indulgentioris
2404 4577 2531 4616 esse
2555 4557 2854 4615 sententiae
2878 4561 2934 4612 et
2955 4555 3280 4628 opinionis:
3308 4553 3583 4622 Cederem,

134 4652 337 4707 tibus
371 4647 719 4720 desumptis,
747 4665 871 4720 quae
902 4648 982 4703 ibi
1014 4653 1184 4719 prout
1214 4648 1286 4702 ab
1308 4646 1391 4701 eis
1423 4645 1645 4716 prolata
1665 4647 1823 4711 sunt,
1859 4660 1905 4723 D
1937 4651 2131 4723 inquit,
2159 4653 2222 4718 48,
2279 4652 2403 4719 tibi,
2446 4652 2498 4704 .ςὶ
2543 4651 2828 4719 scriptura
2858 4647 3117 4713 Pastoris,
3146 4660 3266 4716 qua
3294 4643 3417 4699 sola
3443 4655 3585 4699 m3-

130 4738 424 4797 totidem
443 4738 635 4792 verbis
658 4738 1052 4809 reperiuntur.
1081 4736 1277 4807 Neque
1297 4740 1493 4790 tamen
1518 4734 1695 4789 iidem
1719 4738 1824 4787 Pa-

128 4836 298 4887 tres
342 4827 413 4881 de
454 4825 858 4883 haereticorum
892 4826 1366 4898 corruptionibus
1398 4841 1658 4896 unquam
1694 4839 1829 4877 con-

132 4915 377 4992 questi
411 4921 549 4971 sunt
574 4935 585 4982 ;
621 4933 725 4971 nec
748 4915 905 4971 ullus
928 4917 1139 4989 poterit
1160 4914 1471 4985 aliquando
1500 4915 1661 4969 locus
1690 4912 1834 4967 assi-

131 5004 375 5083 gnari,
408 5004 507 5076 qui
538 5004 611 5060 ab
642 5005 934 5060 haereticis
966 5006 1042 5061 sit
1073 5006 1446 5075 depravatus.

718 5112 1120 5168 ARTICULUS
1158 5112 1303 5166 XIV.

134 5208 294 5265 Hos
325 5201 491 5256 libros
518 5202 708 5272 plenos
738 5221 851 5257 non
882 5219 997 5258 esse
1025 5204 1348 5269 hwresibus,
1381 5204 1433 5255 et
1476 5200 1662 5272 primo
1714 5215 1833 5272 qui-

251 5275 390 5329 dem
417 5271 563 5329 Circa
591 5276 855 5346 angelum
889 5277 1087 5331 bonum
1132 5282 1185 5329 et
1230 5274 1438 5327 malum
1473 5271 1710 5338 singulis
1743 5271 1837 5326 ho-

254 5345 513 5401 minibus
546 5345 830 5402 tributum.

253 5452 501 5510 Falsum
552 5459 642 5511 est
685 5455 935 5527 denique
966 5456 1237 5511 eumdem
1268 5455 1483 5513 librum
1518 5456 1840 5512 haeresibus

1935 4743 2058 4797 chos
2090 4745 2258 4808 amat,
2290 4742 2647 4795 meruisset...
2681 4737 2944 4791 adultera
2986 4743 3037 4790 et
3083 4736 3221 4805 ipsa,
3254 4739 3305 4789 et
3333 4730 3460 4787 inde
3482 4747 3585 4804 pa-

1939 4840 2097 4886 trona
2124 4832 2414 4886 sociorum.
2448 4829 2865 4882 Verumtamen
2896 4824 3129 4895 utrique
3178 4839 3212 4877 a
3247 4819 3490 4875 veritate
3520 4834 3591 4874 ex

1940 4938 2102 4992 aequo
2134 4920 2423 4974 aberrant.
2461 4917 2529 4971 Et
2568 4914 2965 4970 Tertullianus
3007 4910 3245 4983 quidem
3276 4908 3376 4982 qui
3407 4906 3590 4964 tradit

1946 5012 2237 5074 l-lermam,
2269 5025 2335 5062 eo
2370 5007 2523 5078 quod
2557 5022 2659 5060 nec
2691 5002 3048 5058 Montanista
3087 5016 3193 5057 nec
3232 4996 3591 5054 Novatianus

1944 5104 2122 5163 esset,
2156 5096 2393 5153 lenioris
2424 5092 2893 5161 remissiorisque
2916 5091 3096 5145 fuisse
3127 5086 3462 5160 Opinionis;
3494 5084 3594 5142 alii

1944 5205 2077 5243 vero
2109 5188 2207 5259 qui
2250 5184 2415 5239 illum
2445 5184 2503 5237 in
2536 5182 2883 5238 severiorem
2915 5184 2972 5235 et
3002 5178 3378 5233 durissimam
3407 5174 3592 5231 Nova-

1948 5279 2239 5332 tianorum
2268 5272 2535 5329 hmresim
2568 5270 2815 5342 pedibus
2848 5267 3021 5323 ivisse
3042 5269 3334 5321 asserunt.
3361 5262 3478 5317 Hos
3505 5261 3596 5315 et-

1950 5367 2102 5422 enim
2126 5365 2297 5437 plane
2321 5362 2499 5418 falsos
2520 5377 2645 5416 esse
2666 5360 2801 5414 inde
2833 5357 3089 5429 profecto
3111 5353 3414 5421 evincitur,
3438 5346 3595 5422 quod

1950 5457 2191 5512 Hermas
2222 5453 2345 5509 suis
2378 5452 2435 5506 in
2468 5449 2634 5505 libris
2664 5465 2727 5504 eo
2760 5446 3049 5520 praecipue
3075 5442 3342 5500 collineet
3372 5444 3439 5495 ut
3468 5451 3601 5511 pec-

238 5692 297 5726 ⁴¹
334 5705 495 5761 sup.,
528 5692 635 5743 art.
672 5690 756 5743 11.
830 5690 875 5723 ‘9
905 5690 978 5744 De
1018 5692 1266 5760 scriptor.
1314 5690 1493 5746 eccles.
1573 5692 1618 5724 ‘3
1646 5690 1746 5746 lib.
1799 5708 1861 5761 ιι,
1914 5689 2276 5761 mandat._6.
2357 5682 2768 5761 “_Qol_lat._w,
2821 5697 2882 5761 ο...
3072 5681 3139 5732 In
3193 5676 3300 5761 isne.
3358 5688 3447 5743 In,
3509 5670 3603 5735 12.

112 5770 187 5807 ⁴⁶
240 5746 514 5821 ΙὼιιοὯὲ
551 5762 665 5820 Vita
691 5761 905 5833 Moysis.
986 5762 1030 5797 ⁴⁶
1059 5746 1159 5819 liti.
1197 5778 1237 5817 ιι
1266 5760 1413 5819 Sent.
1490 5763 1533 5799 ‘7
1564 5761 1623 5818 in
1655 5746 1931 5823 eumdem
1960 5762 2108 5819 Sent.
2143 5759 2246 5817 lib.
2283 5774 2346 5815 ιι.
2422 5756 2469 5791 ⁴⁸
2500 5754 2603 5812 lib.
2636 5754 2714 5812 De
2746 5746 2997 5823 pudicit,
3030 5763 3158 5822 cap.
3194 5746 3280 5806 10.
