4038 6210
548 388 674 451 an
2054 387 2119 444 s.
2166 382 2467 446 HERMIE
3754 402 3841 463 ω
3938 382 3939 463 ξ

552 526 782 579 autores
801 521 873 576 ad
906 518 1324 591 pmnitentiam,
1356 520 1526 590 cujus
1548 535 1654 590 ope
1676 535 1878 575 omnes
1910 516 2199 572 remissio-
2229 520 2283 584 Α
2385 517 2445 573 Si
2478 517 2659 573 instes
2689 517 2962 575 Hermum
2992 518 3131 574 alibi
3162 519 3443 591 scripsisse
3474 523 3515 559 ⁸³
3544 542 3555 579 :
3599 530 3659 584 {ti
3682 535 3764 601 qui
3783 551 3843 590 co.

554 626 690 667 nem
721 613 1089 682 peccatorum
1122 613 1495 665 assecuturos
1516 624 1645 664 esse
1674 607 2000 679 pollicetur,
2024 622 2201 678 agen-
2311 615 2616 676 gnoverunt
2660 609 2970 675 Dominum,
3002 616 3053 663 et
3102 609 3376 666 mirabilia
3419 614 3524 683 ejus
3566 616 3792 684 viderunt,
3814 641 3845 677 ει

557 700 692 757 dum
722 698 1004 771 impellat.
1038 700 1401 770 QuaprOpter
1431 700 1624 753 Pastor
1654 697 1869 767 ubique
1898 696 1969 751 ab
2001 712 2066 751 eo
2096 711 2198 750 vo-
2311 698 2565 767 nequiter
2590 698 2797 765 vivant,
2823 697 2988 769 duplo
3019 698 3255 768 amplius
3281 702 3571 771 punientur,
3591 709 3633 761 et
3660 709 3752 778 ipsi
3772 728 3847 766 πιο-

557 793 745 855 eatur,
792 788 1052 855 Nuntius,
1100 789 1432 857 praepositus
1482 786 1837 858 paenitentiae,
1898 790 2203 855 totamque
2313 787 2534 841 rientur
2554 788 2613 841 in
2630 788 3182 859 sevum,responderi
3204 789 3426 860 quidem
3449 800 3624 863 posset
3640 800 3846 856 Hermum

560 877 1110 935 commentationem
1128 892 1296 932 suam
1313 877 1408 931 his
1429 876 1619 932 verbis
1637 874 2021 931 concludit”:
2047 874 2204 929 Cum-
2316 873 2396 928 ibi
2437 876 2507 929 de
2548 873 2647 930 illo
2686 882 2919 947 peccato
2954 875 3133 947 loqui,
3167 878 3319 947 quod
3350 880 3590 936 nonnulli
3620 887 3795 953 Patres,
3818 890 3847 943 si

558 983 669 1039 que
695 966 917 1022 vidisset
944 966 1208 1022 Dominus
1240 966 1435 1021 bonam
1484 969 1644 1036 atque
1686 981 1888 1036 puram
1932 964 2202 1035 paeniten-
2316 963 2656 1019 doctissimo
2678 964 2898 1020 Morino
2920 965 2963 999 δι
2992 965 3134 1020 ﬁdes
3154 965 3414 1023 habenda
3440 969 3527 1039 sit,
3550 987 3769 1043 unquam
3792 993 3847 1031 re-

564 1058 704 1113 tium
728 1070 941 1121 eorum,
975 1060 1027 1110 et
1068 1070 1223 1126 posse
1262 1069 1347 1110 eos
1376 1056 1437 1108 in
1464 1070 1531 1109 ea
1554 1069 1901 1124 permanere,
1925 1054 2093 1124 jussit
2118 1067 2204 1107 eo-
2316 1052 2467 1108 mitti
2489 1069 2661 1123 posse
2682 1053 3117 1109 inliciebantur.
3141 1053 3316 1111 Nobis
3340 1063 3520 1114 autem
3548 1076 3662 1115 vero
3686 1063 3848 1118 videtur

561 1162 690 1203 rum
715 1148 936 1217 pecmta
961 1143 1152 1200 deleri.
1187 1142 1409 1210 Quibus
1451 1160 1592 1199 sane
1634 1142 1827 1198 verbis
1859 1141 2206 1197 Novatiano-
2317 1139 2593 1208 similius,
2629 1141 2744 1197 illic
2775 1159 3101 1199 sermonem
3134 1144 3205 1200 de
3236 1144 3310 1201 iis
3338 1151 3550 1202 tantum
3578 1149 3761 1219 haberi,
3784 1156 3847 1223 qui

567 1250 697 1290 rum
728 1250 887 1290 error
919 1233 1181 1288 funditus
1212 1234 1507 1288 evertitur.
1932 1270 1939 1273 μ
2316 1229 2374 1283 in
2406 1229 2534 1301 ipsa
2565 1232 2841 1302 peccandi
2868 1231 3168 1288 voluntate
3198 1250 3380 1305 usque
3426 1237 3490 1290 ad
3534 1243 3742 1294 mortem
3766 1257 3849 1311 per-

635 1324 923 1396 Ohjicitur
946 1329 1144 1379 tamen
1178 1323 1343 1377 illum
1374 1328 1569 1394 aperte
1610 1322 1865 1377 dixisse:
1898 1321 2079 1376 Servis
2111 1321 2209 1375 Dei
2317 1325 2668 1386 severantes,
2700 1322 2757 1375 in
2806 1320 2989 1391 ﬁnali,
3022 1326 3090 1378 ut
3135 1323 3320 1389 aiunt,
3356 1325 3727 1395 impcenitentia
3766 1346 3848 1383 mo-

564 1431 679 1470 una
704 1414 1024 1486 poenitentia
1050 1417 1150 1468 est.
1178 1412 1390 1466 Verum
1423 1411 1605 1467 sancti
1638 1411 1860 1477 Patres,
1884 1411 1983 1481 qui
2018 1409 2204 1481 plura,
2318 1410 2571 1464 riuntur.

562 1509 631 1560 ut
659 1503 931 1575 superius
953 1502 1172 1557 dictum
1198 1505 1305 1567 est,
1334 1517 1401 1555 ex
1431 1501 1540 1555 hoc
1570 1500 1719 1555 libro
1744 1499 2080 1555 testimonia
2109 1516 2206 1553 ex-
2848 1500 3251 1557 ARTICULUS
3288 1501 3421 1556 XVI.

562 1593 948 1664 scripserunt,
982 1589 1127 1645 nihil
1177 1590 1237 1644 in
1285 1607 1349 1645 eo
1390 1589 1694 1645 Novatiani
1726 1589 1930 1643 veneni
1964 1588 2208 1643 subesse
2316 1586 2537 1642 Eosdem
2566 1588 2732 1644 libros
2760 1590 3036 1671 immerito
3060 1590 3303 1673 aliorum
3326 1591 3853 1663 quorumdamemran
3938 1618 3939 1673 ἡ

558 1682 845 1754 suspicati
877 1685 1033 1737 sunt.
1054 1679 1176 1734 Cur
1203 1695 1339 1751 ergo
1371 1679 1603 1734 unicam
1631 1677 1841 1733 dixerit
1863 1693 1991 1733 esse
2022 1676 2204 1749 poeni-
3001 1678 3274 1719 Incusum.

556 1771 824 1842 tentiam,
858 1768 1075 1825 clarius
1106 1767 1378 1839 explicari
1412 1785 1527 1823 non
1559 1771 1771 1839 potest,
1806 1782 1982 1838 quam
2016 1766 2205 1821 verbis
2387 1764 2626 1821 Rivetus
2652 1764 2869 1838 aliique
2899 1767 3168 1823 nonnulli
3192 1767 3531 1824 Calvinianae
3560 1773 3706 1826 sectis
3728 1770 3858 1825 homi-

559 1859 874 1930 Ambrosii,
896 1858 1177 1913 adversus
1207 1857 1488 1928 ipsosmet
1507 1856 1860 1911 Novatianos
1890 1855 1973 1910 sic
2005 1854 2205 1926 dispu—
2236 1891 2284 1955 Β
2318 1868 2419 1906 nes
2433 1850 2706 1907 Hermam
2722 1853 2970 1909 aliorum
2986 1857 3855 1927 quorumdamincusanterrcrum,

562 1948 743 2003 tantis
766 1948 811 1983 ⁵ο
842 1962 857 2001 :
891 1946 1098 2015 Merito,
1129 1945 1342 2016 inquit,
1376 1945 1851 2016 reprehenduntur
1880 1945 1976 2015 qui
2002 1944 2207 2014 sepius
2236 1940 2284 1955 "
2315 1940 2527 2009 quibus
2546 1957 2690 1996 sana
2706 1942 3272 2017 potiusintegraque
3286 1946 3413 2016 eius
3436 1946 3679 2002 doctrina
3698 1947 3858 2018 probari

561 2035 837 2107 agendam
861 2036 1247 2107 paenitentiam
1286 2042 1551 2106 putant...
1585 2036 1717 2105 quia
1744 2034 1881 2089 sicut
1912 2050 2083 2088 unum
2113 2033 2204 2086 ba-
2315 2029 2592 2085 omnibus
2611 2030 2801 2086 debet.
2826 2033 2889 2087 Id
2912 2033 3071 2088 enim
3100 2033 3198 2089 ille
3220 2036 3415 2106 arguit
3428 2035 3470 2070 ⁵⁸
3492 2036 3632 2106 quod
3653 2036 3712 2089 ab
3731 2040 3857 2089 auctu

556 2128 783 2198 ptisma,
811 2125 891 2180 ita
936 2140 1053 2179 una
1099 2124 1422 2195 paenitentia
1467 2140 1585 2194 qua
1622 2130 1807 2178 tamen
1832 2123 2053 2193 publice
2082 2139 2204 2192 τιθε-
2316 2135 2378 2174 re
2422 2122 2645 2186 nostro,
2682 2129 2872 2177 contra
2899 2124 3140 2194 Apostoli
3167 2140 3493 2180 consensum
3518 2125 3754 2180 astruitar
3776 2124 3857 2179 tibe-

563 2223 680 2283 tur,
711 2230 843 2269 nam
871 2212 1188 2284 quotidiani
1215 2229 1315 2268 nos
1343 2212 1496 2269 debet
1520 2215 1793 2284 paenitere
1818 2213 2030 2283 peccati
2058 2228 2076 2264 :
2117 2210 2209 2267 sed
2314 2225 2442 2263 rum
2491 2211 2818 2281 arbitrium,
2848 2212 3087 2268 solitudo
3133 2214 3462 2284 monastica,
3492 2223 3541 2269 et
3574 2217 3859 2285 purgatarum

560 2305 680 2361 hac
704 2303 1032 2359 delictorum
1062 2302 1349 2369 leviorum,
1382 2301 1492 2357 illa
1533 2303 1870 2371 graviorum.
1901 2300 2207 2356 Ambrosio
2314 2300 2383 2353 ab
2414 2316 2525 2353 anu
2555 2300 2793 2371 quadam
2823 2302 3032 2357 visione
3059 2304 3223 2357 tertia
3255 2304 3572 2359 revelatum.
3595 2302 3689 2358 Sed
3716 2301 3859 2374 quibus

561 2392 882 2448 concinunt
906 2394 964 2446 et
994 2389 1092 2445 alii
1117 2390 1303 2445 sancti
1330 2394 1552 2456 Patres,
1578 2395 1641 2444 ut
1663 2406 1767 2445 nos
1791 2389 2104 2461 aliquando
2134 2390 2205 2444 ad
2317 2386 2375 2441 in
2424 2387 2567 2443 locis
2615 2389 2731 2444 duo
2775 2389 2989 2460 priora,
3025 2394 3089 2445 ut
3120 2390 3364 2447 Rivetus
3394 2390 3649 2460 loquitur,
3676 2403 3859 2444 errorum

562 2480 720 2536 hunc
750 2479 1002 2536 doctoris
1032 2478 1215 2534 nostri
1246 2478 1438 2535 locum
1470 2479 1932 2535 observavimus.
1969 2481 2207 2534 Hermas
2315 2476 2507 2549 capita
2538 2477 2802 2533 docuerit
2830 2483 3097 2550 Hermas,
3129 2481 3203 2535 ab
3244 2497 3316 2536 eo
3349 2479 3605 2535 nonnulli
3630 2478 3861 2532 indicatum

561 2569 745 2643 igitur
772 2569 973 2624 eodem
1008 2584 1074 2623 ao
1103 2568 1452 2623 Ambrosius
1482 2585 1659 2624 sensu
1689 2568 1871 2623 dixit:
1905 2567 2088 2624 Servis
2111 2568 2210 2623 Dei
2314 2566 2585 2639 legimus.
2620 2568 2767 2634 Quid
2800 2584 2937 2640 ergo
2970 2568 3129 2624 hisce
3177 2569 3238 2624 in
3291 2568 3458 2624 libris
3486 2573 3669 2623 contra
3690 2563 3863 2637 Apostoli

562 2676 685 2716 una
726 2659 1052 2731 panitentia
1097 2665 1195 2726 est,
1244 2656 1545 2727 nimirum,
1592 2674 1710 2729 qua
1762 2662 1944 2713 tamen
1986 2658 2211 2728 publice
2317 2672 2670 2712 consensum
2718 2658 2789 2712 de
2842 2657 3025 2713 libero
3070 2657 3316 2714 arbitrio
3360 2660 3658 2726 astruatur,
3686 2653 3863 2709 divinare

563 2750 783 2822 agitur-
2318 2762 2434 2800 non
2464 2762 2818 2817 possumus;
2852 2746 2965 2802 nisi
2997 2747 3142 2803 forte
3172 2745 3325 2802 illud
3355 2746 3455 2813 sit,
3476 2746 3617 2817 quod
3644 2742 3865 2800 Cassianus

636 2834 1026 2893 Verisimilius
1074 2835 1321 2891 forsitan
1367 2834 1511 2891 illud
1560 2836 1735 2906 objici
1787 2840 2005 2908 posset,
2049 2835 2207 2907 quod
2317 2832 2408 2889 his
2438 2834 2628 2889 verbis
2660 2836 2931 2891 refert“:
2966 2835 3223 2903 Adiacere
3249 2843 3437 2892 autem
3456 2835 3654 2891 homini
3672 2834 3721 2887 in
3740 2846 3863 2903 quan-

565 2926 721 2982 idem
754 2926 994 2981 Hermas
1026 2924 1096 2980 de
1124 2924 1468 2997 transfugis,
1502 2924 1611 2980 hoc
1660 2929 1767 2990 est,
1803 2942 1836 2979 a
1881 2924 2210 2980 Christiana
2319 2923 2447 2978 libet
2488 2932 2705 2994 partem
2746 2926 2925 2980 animi
2972 2925 3289 2982 libertatem
3338 2927 3505 2980 etiam
3550 2924 3674 2978 liber
3698 2921 3787 2985 ille,
3808 2919 3867 2988 qui

566 3014 845 3087 religione
872 3013 1174 3086 apostatis,
1198 3014 1475 3069 tradidit:
1511 3015 1849 3083 Trans/uase,
1873 3030 1936 3068 ac
1964 3013 2211 3088 nefanda
2317 3012 2522 3067 dicitur
2550 3013 2829 3081 Pastoris,
2852 3014 3195 3085 apertissime
3221 3015 3398 3082 docet,
3431 3016 3492 3068 in
3515 3028 3610 3083 quo
3635 3012 3724 3066 duo
3744 3006 3867 3077 angeli

568 3104 867 3176 loquentes,
897 3111 948 3159 et
970 3102 1270 3174 preditores
1299 3118 1579 3158 servorum
1614 3104 1733 3170 Dei,
1768 3103 1883 3158 illis
1933 3104 2212 3173 preposita
2316 3103 2616 3173 unicuique
2644 3110 2887 3158 nostrum
2919 3103 3203 3160 adhaerere
3250 3104 3535 3169 dicuntur,
3567 3100 3621 3156 id
3658 3104 3737 3169 est,
3760 3100 3869 3153 una:

548 3211 715 3257 ,mors
742 3198 842 3263 est,
872 3193 1193 3255 pwnilentia
1220 3206 1327 3248 non
1359 3196 1455 3246 est.
1488 3192 1646 3247 Idem
1678 3192 1833 3247 enim
1877 3192 1956 3246 ibi
2006 3192 2211 3247 docere
2316 3206 2381 3245 ac
2410 3190 2640 3259 malus;
2681 3194 2739 3246 in
2768 3192 3005 3247 hominis
3035 3208 3157 3248 vero
3184 3195 3412 3264 optione
3441 3192 3706 3247 consistere
3730 3193 3775 3240 ut
3804 3184 3868 3238 eli-

562 3283 792 3340 videtur
812 3281 966 3354 quod
990 3280 1156 3336 initio
1177 3279 1415 3335 haeresis
1435 3279 2207 3351 suaeNovatiani,nusquam
2240 3267 2282 3334 C
2318 3283 2438 3350 gat,
2470 3296 2630 3351 quem
2658 3286 2935 3352 sequatur.
2970 3282 3051 3336 Ex
3099 3282 3193 3337 his
3243 3283 3468 3354 quippe
3497 3281 3710 3336 Pastoris
3745 3273 3871 3330 verbis

564 3371 831 3429 Ecclesiae
862 3371 1110 3442 ejusque
1141 3368 1427 3426 ministris
1457 3385 1795 3425 concessam
1827 3387 1860 3424 a
1904 3369 2021 3425 Deo
2054 3374 2213 3440 pote-
2323 3368 2438 3423 duo
2472 3370 2646 3424 infert
2674 3370 2989 3426 Cassianus
3014 3372 3077 3424 ⁵⁷.
3133 3372 3187 3425 1⁸
3217 3373 3297 3425 Et
3342 3371 3544 3426 idcirco
3573 3371 3729 3423 manet
3750 3367 3793 3418 in
3813 3363 3871 3414 tu»

564 3467 777 3520 etatem
799 3459 1133 3515 dimittendi
1156 3462 1389 3529 peccata
1409 3458 1747 3525 libellaticis,
1772 3458 2131 3529 thuriﬁcatis,
2159 3465 2213 3513 et
2321 3459 2472 3512 mine
2501 3474 2712 3529 semper
2754 3460 2993 3514 liberum
3023 3459 3363 3529 arbitrium,
3399 3458 3538 3531 quod
3582 3456 3785 3529 gratiam
3818 3450 3873 3504 Da

562 3551 825 3623 apostolis
850 3548 1056 3606 Christi
1076 3564 1273 3603 nomen
1295 3547 1661 3615 ejurantibus.
1686 3550 1757 3602 At
1786 3548 2211 3619 respondemus
2317 3548 2489 3619 possit
2536 3549 2617 3603 vel
2662 3548 2942 3619 negligere
2986 3549 3072 3604 vel
3121 3566 3336 3618 amare,
3394 3550 3454 3604 id
3502 3553 3588 3604 est
3625 3547 3763 3617 juxta
3796 3542 3873 3608 ejus

564 3640 628 3695 in
646 3656 712 3695 eo
735 3638 989 3711 positum
1013 3653 1245 3708 semper
1264 3637 1445 3692 fuisse
1464 3652 1719 3692 errorem
1737 3635 2211 3701 Novatianorum,
2324 3640 2600 3702 mentem,
2624 3638 2871 3709 gratiam
2896 3638 2995 3693 Dei
3018 3638 3245 3709 absque
3271 3637 3399 3693 ulla
3429 3634 3773 3709 praeveniente
3792 3644 3875 3701 grt-

558 3729 723 3801 «quod
759 3725 1134 3799 pertinaciter
1163 3726 1600 3791 contenderent,
1632 3741 1995 3796 quaecunque
2026 3725 2209 3795 pceni—
2322 3726 2405 3780 tia
2426 3742 2642 3781 amare.
2673 3729 2734 3780 2°
2756 3728 2935 3781 Inesse
2959 3726 3173 3782 homini
3192 3729 3392 3782 omnia
3423 3728 3618 3781 animae
3642 3717 3875 3778 naturaliter

566 3819 751 3874 tentia
780 3816 991 3872 horum
1021 3814 1338 3870 criminum
1360 3818 1649 3885 ageretur,
1673 3814 1744 3869 ab
1776 3814 1849 3868 iis
1881 3818 2076 3869 tamen
2110 3815 2209 3868 ab-
2319 3816 2586 3870 virtutum
2614 3817 2845 3885 semina,
2871 3816 3123 3887 beneﬁcio
3155 3817 3446 3874 Creatoris
3470 3818 3682 3872 inserta.
3700 3809 3784 3865 Sed
3803 3806 3873 3859 hit

571 3904 832 3962 solvendi
865 3902 1155 3959 ministris
1181 3901 1447 3957 Ecclesia:
1478 3907 1752 3975 negatam
1792 3917 1921 3957 esse
1961 3900 2211 3957 faculta-
2320 3904 2680 3959 consectaria
2729 3903 2989 3959 Cassiani
3037 3909 3195 3975 sunt,
3245 3905 3497 3961 minime
3540 3918 3661 3959 vero
3703 3892 3873 3955 auctoris

561 3998 704 4050 tem.
734 3993 949 4049 Verum
982 3993 1041 4047 id
1088 3991 1423 4047 nullatenus
1453 3992 1685 4063 negavit
1713 3991 1976 4059 Hermas,
2010 3994 2210 4063 utpote
2322 3993 2527 4060 nostri,
2562 3993 2663 4065 qui
2695 4009 2800 4047 nec
2830 3994 3005 4049 citato
3036 3992 3183 4063 loco,
3215 4011 3329 4050 nec
3360 3994 3503 4050 alibi
3534 3990 3804 4065 quidquam
3836 3980 3875 4035 de

565 4084 665 4155 qui
693 4082 1096 4138 tantummodo
1128 4080 1372 4136 dixerit:
1407 4080 1589 4135 Illis...
1617 4082 1944 4152 prenitentia
1970 4096 2080 4135 non
2110 4089 2206 4149 est,
2317 4081 2501 4138 libero
2531 4082 2770 4137 arbitrio
2800 4082 2987 4149 docet,
3019 4083 3080 4137 in
3112 4099 3230 4154 quo
3261 4084 3341 4139 ab
3371 4082 3641 4155 Apostolo
3669 4074 3873 4134 doctrina-

562 4172 674 4228 hoc
703 4176 811 4240 est,
836 4171 991 4227 Deus
1023 4170 1108 4225 eis
1138 4168 1320 4237 illam,
1345 4185 1461 4240 qua
1487 4170 1717 4225 veniam
1750 4169 2207 4225 absolutionem-
2317 4188 2431 4243 que
2488 4171 2808 4227 orthodoxa
2851 4176 3253 4228 transversum
3301 4188 3568 4245 unguem
3611 4158 3872 4226 discesserit

561 4278 677 4333 que
700 4264 1072 4334 peccatorum
1093 4263 1546 4329 consequantur,
1576 4259 1942 4315 occasionem
1969 4258 2208 4315 faculta-
2388 4261 2536 4327 Quid
2565 4277 2699 4316 vero
2738 4260 2974 4317 Rivetus
3019 4277 3121 4333 per
3163 4261 3555 4318 solitudinem
3585 4254 3871 4315 monasticam

559 4356 792 4423 temque
821 4367 936 4406 non
967 4349 1242 4404 concedet
1267 4366 1280 4403 :
1312 4346 1421 4417 vel,
1454 4352 1520 4403 ut
1551 4347 1675 4419 ipse
1705 4346 1967 4419 loquitur
1991 4349 2032 4384 δι
2066 4364 2077 4402 :
2114 4349 2208 4404 De—
2315 4349 2428 4403 sibi
2458 4348 2612 4416 velit,
2638 4365 2752 4404 non
2786 4354 2977 4421 potest
3007 4348 3176 4405 facile
3204 4350 3473 4406 definiri.
3506 4349 3571 4405 Et
3595 4362 3713 4403 vero
3737 4341 3776 4399 si
3797 4352 3873 4393 ms-

557 4442 643 4498 dit
661 4442 922 4512 spiritum
939 4441 1037 4506 eis,
1061 4438 1154 4509 qui
1181 4438 1343 4508 digni
1359 4446 1537 4503 erant,
1560 4453 1729 4510 agere
1758 4440 2203 4509 paenitentiam...
2314 4437 2660 4508 nasterium,
2688 4437 2777 4493 vel
2818 4438 3205 4493 monasticum
3237 4438 3589 4494 institutum
3636 4434 3715 4490 his
3754 4424 3874 4483 verbi~

548 4532 627 4587 At
648 4546 888 4602 quorum
914 4530 1127 4600 aspexit
1154 4528 1364 4595 dolum,
1396 4532 1449 4582 et
1478 4527 1880 4582 animadvertit
1909 4526 1979 4581 ad
2008 4542 2063 4582 se
2090 4528 2205 4596 fat-
2314 4525 2619 4598 intelligat,
2646 4541 2717 4581 ne
2747 4524 2934 4581 hilum
2959 4526 3195 4599 quidem
3227 4543 3303 4583 ea
3332 4527 3409 4583 de
3440 4543 3500 4583 re
3528 4524 3673 4598 apud
3694 4522 3874 4577 Harman

558 4622 763 4676 laciter
786 4633 1122 4688 reversuros,
1146 4618 1367 4685 negavit
1397 4617 1475 4671 eis
1495 4615 1569 4671 ad
1595 4616 1975 4687 paenitentiam
1998 4631 2205 4686 regres-
2233 4639 2281 4704 D
2312 4616 2564 4686 reperire
2592 4618 2701 4670 est.
2727 4614 2787 4670 Si
2815 4619 3010 4670 autem
3041 4615 3113 4670 de
3143 4614 3475 4672 Christiani
3506 4633 3539 4671 a
3568 4610 3748 4670 mundi
3772 4617 3875 4704 negt:

554 4727 696 4765 sum.
726 4710 889 4776 Quod
919 4707 1093 4763 etiam
1114 4705 1476 4776 Ambrosius,
1501 4705 1602 4760 ubi
1634 4704 1980 4760 Novatianos
2006 4704 2202 4760 acrius
2233 4687 2278 4704 u
2312 4704 2410 4759 tiis
2432 4708 2489 4759 et
2513 4704 2867 4760 tumultibus
2883 4720 3116 4761 secessu
3132 4704 3385 4761 Rivetus
3407 4687 3870 4777 loquatur,huncll

553 4799 904 4871 insequitur,
938 4803 995 4853 et
1024 4798 1095 4853 de
1124 4795 1491 4868 blasphemia
1523 4796 1581 4851 in
1615 4794 1897 4866 Spiritum
1933 4800 2202 4851 sanctum
2311 4792 2590 4865 apostolis
2614 4792 3289 4865 omnibusqueEcclesiae
3310 4794 3649 4850 doctoribus
3670 4795 3872 4846 commen-

554 4888 839 4959 disputat,
874 4884 1053 4943 simili
1088 4886 1258 4941 modo
1289 4886 1429 4940 dicit
1454 4886 1498 4919 δί’
1526 4903 1537 4939 :
1577 4889 1693 4940 Hos
1720 4900 1844 4953 ergo
1874 4886 1970 4955 qui
2001 4885 2097 4940 hoc
2127 4884 2200 4940 lo-
2310 4883 2456 4950 dari,
2488 4899 2700 4955 negare
2728 4883 2862 4954 quis
2893 4883 3105 4939 audeat
3126 4882 3154 4937 ‘?

552 4984 817 5047 quuntur,
838 4980 1008 5048 negat
1028 4976 1275 5031 Christus
1300 4974 1369 5029 ad
1388 4975 1604 5030 veniam
1627 4975 1916 5045 pertinere.
1940 4973 2006 5027 Et
2028 4972 2198 5044 paulo
2381 4972 2639 5043 Denique
2670 4972 2719 5027 si
2751 4971 2994 5029 Hermas
3025 4974 3444 5044 purgatorium
3481 4971 3689 5029 alicubi
3716 4964 3870 5022 ωεετιι

550 5071 685 5139 post
707 5065 806 5121 ubi
836 5067 908 5121 de
932 5064 1219 5120 haereticis
1249 5081 1314 5119 ac
1346 5062 1737 5119 schismaticis
1760 5061 1996 5118 disserit
2023 5080 2035 5117 :
2072 5063 2201 5130 Qui—
2306 5060 2407 5115 ille
2439 5060 2584 5115 nihil
2616 5062 2871 5132 profecto
2902 5061 3015 5117 nisi
3046 5078 3256 5117 sanum
3291 5062 3544 5118 omnino
3583 5065 3636 5117 et
3672 5056 3867 5131 planet"

551 5154 665 5221 bus,
700 5155 801 5227 ait,
836 5154 1241 5225 indulgentiam
1266 5157 1449 5222 negat.
1483 5152 1630 5216 Quid
1661 5151 1819 5207 enim
1865 5150 2023 5207 aliud
2076 5151 2197 5206 haec
2305 5149 2626 5205 thodoxum
2655 5150 2933 5207 statuisse
2962 5151 3246 5207 dicendus
3290 5157 3407 5208 est.
3443 5155 3701 5208 Attamen
3731 5144 3869 5200 uincam

547 5245 724 5301 verba
753 5246 987 5314 sonant,
1019 5259 1198 5315 quam
1231 5242 1385 5313 quod
1416 5241 1500 5297 ait
1528 5241 1771 5296 Hermas
1804 5256 1816 5296 :
1862 5239 1985 5295 Illis
2006 5242 2193 5311 pceni-
2309 5239 2562 5295 veritatis
2584 5256 2783 5295 amore
2803 5240 2985 5308 ducti,
3008 5239 3255 5297 libenter
3289 5241 3557 5297 fatemur
3588 5240 3641 5294 in
3673 5236 3867 5315 eam“?

549 5335 723 5391 W121
748 5348 861 5390 non
892 5308 1014 5388 cur?
1036 5308 1055 5315 -
1247 5308 1266 5313 _
2006 5308 2026 5311 _
2305 5328 2507 5385 laudat
2528 5328 2783 5397 Rivetus,
2808 5333 3032 5386 Hermae
3064 5330 3188 5385 loco
3212 5344 3330 5384 non
3366 5330 3444 5385 de
3474 5308 3868 5402 purgatur-iensi

617 5583 662 5618 ‘9
690 5581 791 5638 lib.
824 5600 908 5650 ιιι,
943 5600 1067 5656 cap.
1100 5584 1153 5637 9.
1233 5582 1282 5656 ‘°_
1300 5581 1406 5656 lib.
1457 5599 1497 5636 ιι
1552 5580 1625 5636 De
1671 5582 1881 5656 pcenit.,
1933 5596 2072 5656 cap.
2110 5580 2178 5634 10
2221 5580 2386 5656 §_15.
2449 5578 2505 5656 f“
2531 5578 2640 5656 lib.
2691 5595 2773 5647 ιιι,
2824 5579 3050 5656 similit.
3093 5582 3145 5636 8.
3220 5582 3266 5656 ἐξ
3300 5581 3409 5639 lib.
3444 5600 3579 5656 sup.
3611 5580 3700 5637 cit.

531 5659 857 5727 Numani:
887 5645 939 5711 et
966 5645 1117 5711 Χιὶιν.
1196 5656 1239 5688 ⁵³
1272 5654 1505 5727 Ιίὺηιιι,
1554 5645 1781 5727 similit.
1814 5645 1876 5706 8.
1945 5645 2116 5727 5"lib.
2162 5645 2244 5727 ixi
2271 5653 2343 5708 De
2392 5651 2704 5707 administr.
2750 5645 2973 5724 pauit,
3027 5670 3153 5727 cap.
3208 5654 3299 5711 28.
3385 5657 3433 5692 ⁵⁵
3465 5645 3605 5712 Crit.
3634 5667 3731 5710 sae.
3754 5645 3867 5703 l1sz

546 5741 672 5797 cap.
706 5725 792 5781 12.
868 5728 912 5763 ⁸⁸
941 5726 1145 5785 Collat.
1181 5728 1267 5796 13,
1301 5742 1352 5783 c.
1388 5725 1473 5781 12.
1550 5726 1592 5760 ⁵⁷
1622 5724 1720 5780 lib.
1758 5741 1820 5795 ιι,
1853 5724 2115 5781 mandat.
2149 5725 2205 5779 6.

3812 5962 3827 6050 l
