4038 6210
156 385 276 449 8ι9

1423 386 1756 448 PASTOR.
1790 415 1869 430 —
1896 384 2313 447 PROtEMIA.

3451 383 3573 448 830

156 520 225 574 de
251 516 603 591 paenitentia
630 518 691 574 in
721 517 832 577 hoc
848 518 979 575 vitae
1001 534 1176 574 cursu
1199 519 1509 591 agenda,et
1527 518 1600 573 de
1620 517 1809 589 poenis
1837 519 1891 586 Α
1924 534 2055 573 rum
2087 516 2465 574 constituitur
2495 518 2888 586 naturam,hic
2918 516 3118 590 procul
3140 517 3320 574 dubio
3351 517 3569 575 increa-

153 625 274 680 qua:
305 608 511 664 eodem
541 608 669 663 vita;
689 613 949 681 tempore
971 608 1309 664 hominibus
1341 608 1412 663 ob
1445 623 1644 663 eorum
1670 623 1803 679 pec~

152 702 281 752 cata
310 696 681 769 inﬂiguntur,
716 697 1173 767 disputationem
1207 696 1457 752 institui.

674 786 1071 842 ARTICULUS
1110 786 1275 841 XVII.

314 876 391 930 De
417 875 593 931 variis
622 875 957 931 editionibus
986 880 1036 931 et
1064 878 1208 931 notis
1238 878 1300 930 in
1329 876 1423 931 hos
1455 875 1639 930 libros.

214 965 493 1029 Quamvis
524 965 582 1019 in
620 964 749 1019 libri
786 964 982 1020 Graeco
1016 964 1294 1019 idiomate
1327 964 1670 1037 scriptijam
1703 966 1805 1019 du-

141 1054 285 1110 dum
344 1052 643 1126 perierint,
704 1052 944 1108 illorum
1001 1058 1199 1109 tamen
1244 1054 1479 1125 jactura
1537 1053 1799 1108 resarciri

142 1149 451 1215 utcunque
482 1147 672 1215 potest
702 1143 880 1199 variis
908 1144 1249 1198 eorumdem
1283 1142 1646 1215 fragmentis,
1673 1160 1800 1215 quis

144 1250 259 1289 non
285 1232 459 1287 modo
480 1232 537 1286 in
562 1232 1111 1303 antiquissimorum
1134 1231 1405 1287 Ecclesiae
1446 1232 1685 1287 Patrum
1709 1232 1800 1287 lu-

146 1320 817 1387 cubrationibus,verum
848 1321 1025 1376 etiam
1056 1320 1117 1375 in
1150 1320 1659 1393 pseudepigrapho
1692 1338 1798 1393 po-

144 1410 443 1466 tissimum
491 1411 743 1480 quodam
795 1410 1014 1480 libello,
1048 1411 1107 1465 in
1142 1410 1464 1466 novissima
1496 1410 1799 1465 Athanasii

142 1499 397 1571 Operum
450 1499 704 1554 editione
732 1515 767 1554 a
798 1499 1016 1554 nostris
1073 1499 1355 1554 adornata
1386 1500 1449 1566 53,
1483 1515 1672 1570 nuper
1710 1500 1797 1553 di-

137 1587 603 1661 vulgato,Graece
624 1586 938 1659 Latineque
960 1587 1115 1644 edita
1138 1587 1444 1643 habemus.
1468 1586 1643 1659 Typis
1664 1604 1799 1643 vero

136 1678 430 1732 duntaxat
479 1676 702 1732 Latinis
733 1676 911 1732 iidem
960 1678 1180 1732 Hermas
1214 1674 1346 1732 libri
1376 1677 1515 1732 editi
1569 1680 1710 1731 sunt
1738 1677 1798 1731 in

143 1766 698 1837 Orthodoxographia
744 1770 801 1821 et
848 1765 1264 1837 Hsereseologia,
1297 1769 1471 1837 atque
1510 1766 1569 1820 in
1610 1766 1798 1821 omni-

1917 612 2293 677 tus,aeternus
2324 611 2381 663 et
2409 624 2681 663 summus
2710 624 3139 679 supremusque
3169 607 3322 663 Deus
3355 608 3568 664 asseri-

1914 697 2189 760 tur.Quis
2223 714 2479 769 namque
2505 701 2765 752 creatum
2795 697 2947 753 inter
2974 702 3032 753 et
3059 698 3565 768 increatum,inter

1917 790 2095 841 Deum
2115 790 2172 840 et
2201 790 2528 841 creaturam
2554 784 2699 839 nihil
2715 786 2953 841 omnino
2974 785 3234 842 medium
3252 802 3381 842 esse
3402 786 3562 859 igno-

1915 874 2053 930 rat?
2083 875 2344 946 Denique
2393 877 2665 930 eumdem
2701 875 2798 930 Dei
2847 874 3059 930 Filium
3091 875 3163 931 ad
3192 877 3558 931 condendam

1913 969 2243 1019 creaturam
2276 964 2432 1018 Patri
2468 981 2573 1019 suo
2603 968 2816 1019 aeterno
2849 964 3107 1019 adfuisse
3147 964 3247 1035 qui
3278 964 3476 1035 tradit,
3506 964 3560 1020 is

1914 1054 2167 1124 profecto
2189 1053 2356 1109 illum
2373 1053 2526 1109 Patri
2540 1070 2646 1109 suo
2672 1058 3023 1109 coaeternum
3037 1052 3393 1110 firmissimis
3406 1069 3561 1111 asse-

1911 1146 2091 1197 verat.

1981 1231 2195 1287 Eodem
2229 1231 2400 1304 plane
2434 1248 2610 1287 sensu
2646 1232 2891 1287 Hermas
2922 1232 3194 1304 superius
3223 1232 3445 1289 dixerat
3462 1233 3504 1270 ⁶¹
3543 1250 3557 1288 ;

1920 1322 1982 1376 In
2010 1321 2202 1376 servili
2245 1322 2559 1377 conditione
2586 1338 2697 1377 non
2742 1322 2966 1393 ponitur
2995 1322 3169 1377 Filius
3216 1322 3334 1390 Dei,
3365 1322 3459 1378 sed
3499 1325 3561 1379 in

1913 1427 2119 1480 magna
2145 1413 2411 1481 potestate
2440 1420 2491 1466 et
2521 1413 2769 1483 imperio.
2791 1410 3008 1467 Omnes
3038 1411 3255 1483 quippe
3283 1416 3561 1469 creaturas

1908 1498 2026 1554 Deo
2057 1498 2336 1568 serviunt,
2365 1502 2630 1570 quoniam
2659 1498 2957 1565 omnia,uti
2988 1500 3058 1555 de
3088 1500 3202 1555 Deo
3232 1500 3389 1555 canit
3411 1500 3564 1556 Psal-

1912 1590 2090 1643 mista
2119 1589 2186 1656 59,
2218 1590 2470 1644 serviunt
2496 1590 2618 1644 tibi.
2643 1589 2750 1651 Qui
2782 1605 2917 1661 ergo
2948 1590 3009 1644 in
3036 1590 3228 1645 servili
3256 1589 3563 1646 conditione

1907 1693 2017 1734 non
2043 1679 2275 1749 ponitur
2301 1678 2470 1745 53,hic
2502 1682 2768 1734 creatura
2791 1694 2897 1734 nec
2927 1694 3055 1734 esse
3085 1694 3189 1735 nec
3212 1678 3325 1734 dici
3349 1682 3558 1751 potest.

1910 1767 2016 1833 Qui
2049 1773 2246 1823 autem
2300 1771 2567 1823 creatura
2597 1784 2725 1824 esse
2754 1771 2812 1823 et
2858 1766 2972 1823 dici
3004 1768 3227 1839 nequit,
3260 1767 3360 1825 ille
3407 1772 3561 1825 certe

131 1855 247 1962 bus
277 1858 623 1962 panctorum
658 1855 893 1962 Pgtrum
925 1854 1324 1962 Bibliothecis,
1358 1871 1463 1911 nec
1493 1872 1609 1911 non
1643 1856 1796 1927 apud
1828 1895 1877 1962 Β
1907 1855 2062 1911 Deus
2093 1855 2218 1927 ipse
2246 1859 2351 1956 est.

130 1942 486 1999 Cotelerium
518 1942 672 1999 inter
692 1943 878 2015 Opera
908 1947 1244 1999 sanctorum
1270 1943 1507 1999 Patrum
1538 1945 1634 2016 qui
1663 1952 1797 1999 tem-

129 2032 361 2104 poribus
390 2033 702 2103 apostolicis
730 2032 1349 2103 ﬂoruerunt.Privatim
1377 2036 1573 2088 autem
1597 2033 1795 2088 excusi

132 2125 301 2188 sunt,
333 2126 574 2177 curante
618 2122 827 2192 Fabro,
856 2121 1097 2177 Parisiis
1129 2122 1283 2192 apud
1326 2121 1637 2177 Henricum
1668 2121 1794 2177 Ste-

132 2210 407 2282 phanum
439 2228 593 2267 anno
626 2212 785 2282 1513,
820 2215 998 2282 atque
1028 2229 1062 2267 a
1091 2209 1327 2266 Nicolao
1370 2210 1657 2280 Herbelio,
1690 2213 1795 2265 Ar-

127 2300 447 2371 gentorati,
482 2316 635 2356 anno
689 2301 871 2368 i522;
904 2300 1113 2356 deinde
1142 2301 1299 2355 curis
1351 2300 1628 2372 Gasparis
1662 2305 1795 2356 Bar-

126 2388 269 2456 thii,
304 2389 564 2462 Cygnee,
599 2406 754 2446 anno
804 2391 963 2461 1655,
995 2389 1294 2461 publicam
1346 2389 1688 2462 prodierunt
1736 2390 1792 2443 in

130 2478 356 2535 lucem.

204 2566 481 2624 Barthius
533 2585 667 2625 vero
698 2568 1236 2625 animadversiones
1270 2569 1330 2623 in
1378 2568 1536 2623 hunc
1574 2568 1790 2623 librum

124 2656 340 2722 edidit,
371 2659 473 2713 sed
523 2657 619 2714 ille
669 2675 785 2713 non
832 2658 1124 2715 immerito
1157 2676 1191 2714 a
1228 2657 1510 2714 Cotelerio
1563 2659 1791 2712 criticus

121 2748 416 2802 minorum
457 2749 707 2816 gentium
734 2752 992 2803 vocatur.
1039 2748 1108 2802 Et
1156 2751 1311 2803 certe
1352 2747 1791 2802 observationes

124 2836 265 2905 ejus
295 2852 503 2906 parum
553 2836 741 2909 dignae
789 2842 948 2903 sunt,
982 2836 1198 2901 quibus
1246 2835 1509 2908 legendis
1555 2840 1792 2907 tempus

121 2924 352 2995 aliquis
382 2924 821 2997 impendat.Sed
843 2924 1077 2981 lectoris
1098 2926 1415 2981 attentione
1439 2942 1573 2980 vere
1601 2925 1791 2996 dignas

122 3018 277 3068 sunt
308 3013 495 3084 ipsius
526 3013 794 3070 Cotelerii
824 3014 1433 3083 adnotationes,varia
1463 3014 1791 3069 eruditione

122 3106 190 3157 et
225 3102 497 3157 doctrina
542 3103 784 3159 refertas.
820 3104 1095 3169 Quaedam
1144 3107 1341 3158 tamen
1375 3102 1621 3158 minoris
1652 3106 1793 3157 sunt

120 3189 765 3263 utilitatis,parumque
797 3193 868 3247 ad
904 3193 1176 3248 Hermam
1208 3196 1607 3263 spectant,nec
1637 3190 1788 3246 mul-

119 3284 261 3334 tum
295 3280 368 3335 ad
404 3278 564 3335 illius
595 3284 789 3336 textus
820 3279 1284 3353 explanationem
1318 3281 1670 3335 conducunt.

645 3386 1040 3442 ARTICULUS
1078 3386 1275 3441 XVIII.

156 3477 335 3533 Novae
360 3478 789 3540 observationes,
823 3492 889 3530 ac
912 3477 1094 3547 primo
1143 3475 1209 3530 de
1236 3476 1444 3532 Christi
1471 3477 1753 3545 sanctique

669 3548 911 3616 Spiritus
947 3547 1251 3603 divinitate.

198 3638 391 3702 Quam
425 3654 569 3692 sana
600 3642 656 3693 et
682 3638 754 3692 ab
786 3636 947 3691 omni
979 3636 1195 3692 erroris
1243 3635 1578 3707 suspicione
1606 3651 1791 3690 vacua

119 3730 183 3779 et
218 3742 371 3797 pura
401 3725 577 3781 fuerit
598 3725 820 3780 Hermae
848 3726 917 3779 de
952 3741 1228 3796 suprema
1250 3724 1463 3779 Christi
1488 3723 1791 3778 divinitate

118 3813 450 3879 sententia,
483 3813 577 3869 his
606 3814 897 3881 Petavius,
932 3814 1165 3869 tametsi
1198 3812 1341 3869 alias
1374 3812 1793 3867 Ante-Nicaeuis

116 3903 413 3958 Patribus
444 3919 652 3974 parum
685 3903 897 3958 favisse
927 3902 1213 3968 videatur,
1238 3902 1430 3957 verbis
1461 3903 1674 3957 diserte
1704 3917 1795 3955 ex-

117 3992 323 4064 plicat
351 3992 397 4025 ‘9
430 4007 443 4047 2
474 3992 551 4047 Ab
580 3993 987 4058 vetustissimis,
1018 3990 1231 4062 inquit,
1264 3992 1536 4046 laudatur
1563 3992 1792 4061 scripto-

113 4081 386 4135 ribus....
420 4095 518 4136 nec
544 4082 613 4135 ab
643 4080 755 4135 ullo
786 4080 1010 4134 hzresis
1036 4080 1255 4150 falsive,
1286 4080 1535 4133 maxime
1581 4078 1649 4132 de
1677 4079 1792 4132 Tri-

112 4171 322 4223 nitate
369 4167 665 4238 dogmatis,
717 4169 1079 4224 insimulatus
1130 4176 1226 4222 est.
1259 4169 1347 4221 An
1392 4183 1524 4222 vero
1572 4165 1795 4222 nullius

114 4273 347 4329 reapse
376 4257 587 4314 erroris
618 4258 861 4314 Hermas
891 4275 925 4311 a
953 4273 1251 4329 quoquam
1282 4260 1593 4311 accusatus
1626 4255 1794 4323 sit,ex

111 4348 231 4404 his
262 4364 397 4421 qua
429 4364 463 4402 a
492 4346 660 4403 nobis
692 4348 995 4418 disputata
1023 4351 1165 4401 sunt
1194 4345 1454 4412 nulli,uti
1490 4348 1795 4416 putamus,

114 4438 461 4494 obscurum
493 4452 620 4492 esse
655 4436 1038 4501 debet.Quam
1071 4440 1223 4490 recte
1256 4439 1452 4491 autem
1503 4434 1574 4488 de
1606 4432 1800 4487 divina

112 4526 361 4585 Christi
396 4530 606 4581 natura
634 4525 730 4581 ille
760 4525 1208 4591 senserit,nemo
1240 4524 1352 4579 nisi
1386 4523 1709 4577 Socinianaa
1732 4538 1799 4577 ac

1978 1950 2102 2017 Age
2130 1944 2343 2012 vero,si
2373 1944 2469 2001 his
2500 1945 2781 2002 omnibus
2810 1949 2867 2001 et
2897 1945 3010 2001 alia
3038 1946 3302 2017 adjicias,
3334 1962 3463 2018 quas
3489 1947 3562 2003 de

1903 2035 2106 2091 eodem
2132 2034 2229 2090 Dei
2251 2033 2393 2090 Filio
2418 2035 2489 2090 ab
2518 2038 2751 2090 auctore
2774 2038 2971 2091 nostro
2993 2035 3213 2107 scripta
3234 2035 3558 2109 legimus“:

1904 2126 1967 2179 In
1996 2124 2536 2195 magna,inquit,est
2561 2129 2828 2196 potestate
2857 2132 2909 2180 et
2941 2125 3173 2196 imperio
3192 2142 3213 2187 ,·
3236 2124 3375 2181 alibi
3403 2141 3560 2182 vero:

1909 2215 2114 2269 Nomen
2149 2214 2284 2268 Filii
2311 2213 2411 2268 Dei
2454 2230 2719 2282 magnum
2748 2221 2848 2279 est,
2878 2218 2928 2269 et
2959 2215 3305 2282 immensum,
3337 2222 3390 2269 et
3418 2216 3561 2271 totus

1903 2302 1978 2358 ab
2030 2318 2091 2358 eo
2126 2305 2468 2357 sustentatur
2513 2303 2696 2364 orbis;
2724 2319 2790 2357 ac
2837 2302 3112 2358 continuo
3161 2306 3336 2374 post:
3372 2303 3561 2360 Omnis

1905 2393 2005 2447 Dei
2032 2399 2290 2446 creatura
2332 2407 2434 2462 per
2464 2392 2671 2446 Filium
2698 2393 2815 2463 ejus
2855 2394 3211 2457 sustentatur,
3244 2390 3337 2447 his
3364 2392 3558 2449 verbis

1902 2496 2199 2535 summam
2230 2478 2393 2535 illius
2415 2479 2780 2535 divinitatem
2812 2482 3009 2551 aperte
3038 2478 3360 2536 renuntiari
3382 2480 3558 2537 fatea-

1901 2568 2004 2635 ris,
2039 2567 2280 2624 omnino
2335 2584 2572 2624 necesse
2610 2572 2717 2623 est.
2751 2568 2855 2625 Cui
2905 2568 3083 2635 enim,
3119 2569 3329 2625 amabo
3380 2572 3456 2639 te,
3487 2586 3556 2626 ea

1901 2658 2100 2713 omnia
2149 2657 2457 2713 convenire
2497 2661 2764 2729 possunt,
2796 2657 2911 2712 nisi
2957 2674 3090 2713 vero
3122 2658 3222 2714 Dei
3255 2657 3417 2727 Filio,
3450 2659 3553 2731 qui

1901 2746 2167 2817 ejusdem
2216 2763 2351 2802 cum
2382 2749 2551 2801 Patre
2600 2748 2676 2802 sit
2706 2746 3141 2818 immensitatis,
3187 2746 3550 2816 aeternitatis,

1902 2835 2208 2907 potestatis
2240 2840 2298 2889 et
2331 2840 2548 2889 naturae
2573 2836 2601 2889 ‘?

1972 2924 2097 2978 Non
2129 2924 2457 2979 audiendus
2508 2923 2705 2995 itaque
2736 2924 2957 2996 impius
2991 2926 3185 2981 nescio
3216 2924 3348 2996 quis
3388 2925 3552 2980 Soci-

1901 3012 2138 3080 nianus,
2162 3013 2263 3085 qui
2294 3013 2463 3067 nobis
2495 3029 2799 3084 perperam
2831 3014 3071 3083 objiciet
3091 3012 3303 3070 Filium
3327 3013 3422 3069 Dei
3446 3013 3553 3070 ibi-

1900 3102 2031 3156 dem
2067 3102 2139 3156 ab
2187 3102 2400 3156 Herma
2429 3118 2661 3157 servum
2713 3100 3019 3173 appellari,
3054 3102 3155 3171 qui
3203 3106 3335 3173 post
3381 3118 3550 3158 suam

1898 3194 2131 3245 tantum
2155 3198 2406 3246 mortem
2431 3207 2465 3245 a
2488 3190 2654 3245 Patre
2684 3207 2861 3261 super
2889 3189 3173 3262 populum
3196 3207 3370 3246 suum
3392 3195 3553 3263 pote-

1821 3262 1863 3328 C
1903 3283 2115 3334 statem
2164 3296 2398 3334 omnem
2442 3280 2748 3350 acceperit.
2784 3278 3063 3350 Nunquid
3108 3279 3265 3335 enim
3307 3280 3549 3336 Hermas

1897 3384 2032 3423 cum
2082 3366 2322 3433 ibidem,
2358 3368 2512 3423 sicut
2552 3367 2831 3434 vidimus,
2873 3368 3017 3423 dixit
3048 3384 3062 3422 :
3094 3370 3158 3423 In
3184 3369 3374 3424 servili
3414 3384 3548 3424 con-

1897 3456 2103 3512 ditione
2130 3472 2237 3511 non
2266 3458 2495 3527 ponitur
2522 3458 2695 3511 Filius
2723 3459 2844 3524 Dei,
2876 3458 2987 3512 sibi
3020 3457 3132 3529 ipsi
3162 3458 3415 3512 absurde
3434 3474 3545 3527 pu-

1898 3546 2130 3613 tideque
2162 3546 2583 3600 contradixisse
2613 3546 3038 3601 existimandus
3068 3546 3199 3602 est?
3227 3546 3367 3612 Quis
3388 3562 3543 3602 sane

1902 3634 2117 3689 mentis
2149 3634 2324 3689 homo
2356 3634 2412 3688 id
2446 3652 2704 3707 unquam
2737 3652 3016 3701 asserere,
3046 3636 3164 3691 imo
3195 3637 3545 3707 cogitatione

1900 3723 2214 3793 animoque
2267 3724 2483 3793 ﬁngere
2515 3725 2729 3778 audeat
2748 3724 2774 3776 ?
2807 3724 2946 3789 Quis
2994 3740 3127 3779 vero
3159 3725 3209 3779 si
3241 3724 3399 3780 hunc
3439 3741 3549 3779 au-

1902 3815 2080 3867 ctoris
2108 3812 2291 3866 nostri
2316 3811 2508 3865 locum
2532 3812 2713 3882 aequis
2739 3829 2996 3882 unquam
3032 3812 3238 3884 legerit
3258 3812 3553 3884 oculis,ibi

1903 3900 2181 3955 continuo
2200 3916 2314 3955 non
2346 3900 2774 3955 animadvertat
2790 3907 3109 3973 utrumque
3129 3903 3200 3957 ab
3236 3900 3336 3957 illo
3357 3903 3427 3958 de
3452 3903 3557 3957 du-

1904 3989 2041 4061 plici
2071 3989 2288 4045 Christi
2318 3994 2526 4044 natura
2553 4005 2687 4044 cum
2722 3988 2983 4045 humana
3010 3995 3136 4045 tum
3178 3991 3376 4046 divina
3404 3995 3558 4047 recte

1904 4078 2187 4133 traditum
2239 4082 2298 4133 et
2349 4079 2816 4149 pronuntiatum.
2849 4078 3354 4142 Quemadmodum
3401 4078 3559 4134 enim

1905 4166 2173 4222 Christus
2196 4166 2267 4221 ab
2300 4166 2425 4237 ipso
2444 4169 2768 4222 secundum
2790 4168 3046 4222 divinam
3075 4184 3243 4223 suam
3262 4172 3559 4235 naturam,

1905 4258 2064 4313 omni
2091 4264 2348 4311 creatura
2378 4257 2681 4326 antiquior,
2698 4257 2759 4310 in
2786 4258 2976 4311 servili
3002 4256 3310 4313 conditione
3336 4273 3447 4313 non
3464 4273 3563 4329 po-

1905 4347 2086 4410 nitur,
2119 4344 2199 4399 ita
2232 4345 2557 4399 secundum
2593 4345 2914 4399 humanam
2961 4362 3150 4400 servus
3179 4347 3279 4401 Dei
3305 4345 3561 4418 appella-

1907 4439 2004 4488 tus
2028 4434 2212 4488 est.Et
2226 4431 2282 4486 id
2314 4433 2553 4503 quidem
2577 4432 2791 4488 clarius
2814 4450 2991 4504 quam
3016 4434 3565 4506 ipsiusmetHermie

1910 4523 2100 4578 verbis
2151 4522 2425 4593 explicari
2478 4539 2591 4576 non
2644 4526 2836 4593 potest
2881 4525 3035 4578 :Hoc
3078 4541 3228 4595 ergo,
3278 4524 3565 4596 inquit“,

115 4614 606 4673 dementissima:
624 4614 974 4670 temeritatis
1006 4613 1179 4668 homo
1202 4629 1463 4683 unquam
1488 4611 1798 4682 negaverit.
1834 4631 1881 4696 D
1915 4611 2119 4667 Christi
2144 4627 2337 4681 corpus
2370 4614 2429 4665 in.
2458 4612 2597 4683 quod
2630 4612 2889 4666 inductus
2940 4622 3019 4668 est
3050 4612 3287 4683 Spiritus
3315 4617 3564 4682 sanctus,

115 4705 294 4773 Quid
330 4704 512 4771 enim,
537 4703 835 4776 quaeso,ad
868 4717 1161 4757 summam
1195 4700 1410 4757 Christi
1442 4700 1805 4755 divinitatem

114 4795 325 4868 plane
340 4792 873 4863 declarandam,his
890 4790 1145 4846 auctoris
1166 4791 1354 4845 nostri
1376 4789 1568 4844 verbis
1592 4787 1807 4843 clarius

114 4890 189 4941 et
228 4881 557 4939 dilucidius
612 4884 657 4917 ⁸ο
689 4900 701 4937 :
736 4882 912 4937 Filius
958 4882 1183 4952 quidem
1213 4880 1322 4935 Dei
1357 4881 1509 4934 omni
1556 4886 1807 4933 creatura

1914 4702 2141 4755 servivit
2175 4700 2262 4753 illi
2317 4698 2576 4767 Spiritui,
2609 4707 2749 4754 recte
2781 4702 2839 4754 in
2868 4701 3133 4756 modestia
3173 4702 3485 4771 ambulem,
3516 4706 3571 4757 et

1917 4798 2082 4857 caste,
2116 4804 2288 4859 neque
2334 4790 2560 4843 omnino
2587 4787 2891 4844 maculavit
2938 4789 3205 4861 Spiritum
3241 4791 3566 4847 illum.......

1917 4879 2209 4933 Advocavit
2256 4892 2381 4948 ergo
2411 4878 2638 4945 Filium,
2670 4881 2725 4931 et
2770 4880 2993 4934 nuntios
3025 4881 3228 4942 bonos;
3259 4885 3320 4934 ut
3359 4884 3416 4935 et
3443 4879 3573 4936 huic

110 4974 438 5044 antiquior
484 4976 582 5038 est,
616 4974 697 5027 ita
744 4974 805 5025 ut
854 4971 913 5024 in
939 4969 1168 5025 consilio
1219 4969 1380 5023 Patri
1424 4982 1520 5023 suo
1568 4967 1810 5037 adfuerit
1918 4968 2131 5022 scilicet
2177 4967 2415 5037 corpori,
2473 4965 2615 5036 quod
2664 4968 2894 5023 servivit
2939 4968 3178 5039 Spiritui
3219 4976 3405 5025 sancto
3452 4972 3574 5025 sine

108 5064 202 5121 ad
262 5060 603 5117 condendam
669 5062 1008 5115 creaturam.
1061 5058 1170 5122 Qui
1240 5056 1452 5113 Filium
1500 5056 1600 5110 Dei
1650 5056 1809 5111 omni

1923 5055 2182 5127 querela,
2214 5057 2359 5111 locus
2389 5055 2594 5125 aliquis
2634 5056 2965 5112 consistendi
2991 5059 3239 5126 daretur,
3268 5074 3339 5114 ne
3364 5058 3575 5115 videre-

110 5154 419 5209 creatura
439 5146 1078 5221 dicitiantiquicremjs
1108 5151 1260 5202 certe
1291 5162 1425 5201 eum
1458 5150 1619 5200 extra
1648 5161 1811 5199 crea-
1920 5150 2018 5200 tur
2042 5144 2351 5200 mercedem
2380 5144 2665 5200 servitutis
2693 5160 2811 5201 suae
2854 5146 3175 5217 perdidisse.
3208 5148 3446 5219 Accepit
3473 5165 3577 5203 au-

111 5248 420 5297 turarum
450 5238 720 5293 omnium
752 5252 1167 5307 numerum,ac
1198 5251 1377 5306 supra
1411 5233 1645 5288 illarum
1678 5249 1814 5287 con-

121 5328 443 5385 ditionem
493 5332 549 5383 et
580 5332 857 5382 naturam
910 5342 1037 5381 esse
1068 5330 1265 5397 aperte
1316 5322 1675 5395 pronuntiat.
1709 5322 1816 5385 Qui

120 5422 363 5478 autem
395 5420 558 5472 extra
588 5421 992 5473 creaturarum
1024 5430 1362 5483 numerum,
1392 5417 1450 5468 et
1482 5428 1661 5483 supra
1690 5410 1816 5467 illa-

216 5578 277 5614 “
310 5581 451 5633 tom.
484 5577 533 5633 II
567 5578 727 5649 Oper.
761 5577 986 5643 Athan.,
1021 5591 1153 5701 pag.
1185 5575 1293 5629 252
1321 5577 1377 5628 et
1406 5590 1527 5643 seq.

216 5650 288 5701 il.
321 5649 381 5701 9.
408 5649 434 5701 8
462 5648 551 5701 42.
629 5650 669 5684 ⁶¹
702 5648 806 5701 lib.
837 5665 924 5701 III.
974 5647 1108 5701 simi
1143 5648 1239 5701 .5.
1274 5645 1302 5701 Ε
1330 5648 1384 5700 7.
1461 5646 1508 5678 ⁶²

123 5650 288 5710 mil.
321 5649 381 5718 9,
408 5649 434 5716 §
462 5648 551 5704 42.
608 5648 669 5684 ί⁶¹
702 5648 806 5704 lib.
837 5665 924 5716 ιιι,
974 5648 1151 5703 simil.

110 5730 147 5794 ξ
190 5724 296 5780 14.
422 5719 579 5776 “loc.
613 5720 711 5776 cit.

1606 5573 1650 5606 59
1679 5574 1870 5627 Petav.
1907 5576 2049 5627 tom.
2088 5572 2135 5626 Il
2165 5572 2337 5627 Theot.
2372 5571 2574 5639 doym.,

1183 5648 1239 5712 5,
1274 5645 1384 5717 §7.
1461 5641 1508 5678 δέ
1540 5643 1691 5700 Psal.
1728 5661 1789 5697 cx

1912 5688 1921 5713 ,
1953 5644 2041 5697 01.
2120 5644 2162 5677 ⁵³
2193 5644 2291 5699 lib.
2342 5661 2425 5709 IIl,
2460 5641 2636 5697 simil.
2668 5645 2721 5709 9,
2756 5646 2782 5710 §
2815 5641 2899 5697 Ui.
2975 5644 3020 5677 ⁵⁸
3051 5642 3149 5697 lib.
3182 5658 3265 5709 III,
3319 5642 3499 5697 simil.
3529 5644 3587 5713 7,

1925 5240 2044 5289 tem
2078 5238 2133 5289 et
2162 5238 2296 5306 post
2326 5236 2573 5288 mortem
2607 5250 2773 5288 suam
2807 5234 2959 5289 idem
2992 5235 3203 5291 Christi
3236 5236 3581 5309 corpus,hu-

1930 5339 2221 5393 manaque
2279 5322 2544 5389 ejusdem
2580 5327 2790 5377 natura
2819 5339 3051 5379 omnem
3098 5341 3275 5395 super
3297 5324 3580 5396 populum

1931 5410 2541 5482 potestatem,tametsi
2572 5412 2821 5482 ipsemet
2841 5412 3237 5483 Christus,qui
3256 5413 3579 5469 secundum

2653 5571 2769 5625 raef.
2805 5588 2929 5643 cap.
2962 5573 3017 5637 2,
3048 5573 3083 5643 §7
3102 5572 3157 5625 6.
3235 5568 3409 5643 5°lib.
3444 5570 3586 5643 insi"
