4038 6210
425 375 542 439 851

1931 378 1996 439 s.
2041 375 2360 460 Hesus

3713 373 3836 435 852

427 511 683 569 divinam
731 527 900 568 suam
950 509 1342 568 substantiam
1399 511 1550 568 Patri
1601 512 1671 567 ad
1723 512 2071 568 contendam
2101 513 2153 578 Α
2183 520 2294 567 stus
2321 511 2490 566 semel
2517 528 2621 583 pro
2646 512 2880 582 peccatis
2907 514 3269 567 mortuus.....
3300 510 3362 565 in
3390 525 3494 582 quo
3536 517 3592 565 ct
3621 509 3708 564 his
3741 511 3843 581 qui

427 607 754 658 creaturam
787 601 1346 671 adfuerat,ejusdem
1369 619 1503 657 cum
1525 601 1652 673 ipso
1681 602 1833 656 sicut
1853 605 2075 656 naturae

428 689 516 746 ita
544 693 601 746 et
629 689 935 762 potestatis
966 706 1198 762 semper
1228 690 1422 745 fuerit.

497 778 644 834 Cum
695 784 853 834 sarta
901 779 1100 851 igitur,
1143 784 1297 835 tecta
1345 781 1684 851 integraque
1732 779 1809 834 sit
1855 779 2076 834 Hermm

427 868 616 926 nostri
649 869 720 924 de
772 885 1006 924 summa
1031 868 1249 924 Christi
1299 869 1602 924 divinitate
1648 868 1934 936 doctrina,
1974 885 2079 922 nec

429 955 570 1030 quid
604 956 840 1013 omnino
873 962 1076 1012 contra
1131 957 1292 1013 illam
1329 959 1438 1012 nisi
1470 958 1765 1013 insulsum
1798 957 1990 1028 plane,
2022 961 2079 1011 et

427 1046 694 1119 ineptum
727 1047 952 1102 effutire
979 1047 1276 1118 potuerint
1305 1047 1578 1112 haeretici,
1601 1065 1754 1102 unus
1785 1052 1978 1102 tamen
2012 1063 2081 1101 ex

431 1135 517 1193 eis
546 1151 733 1208 pauca
762 1137 1029 1208 quaedam
1060 1136 1247 1208 ipsius
1278 1137 1451 1192 verba
1480 1136 1937 1208 arrosit,quibus
1959 1137 2081 1206 Spi-

431 1225 581 1281 ritus
611 1225 798 1281 sancti
829 1225 1191 1281 divinitatem
1224 1227 1294 1280 ab
1327 1243 1392 1281 eo
1424 1233 1695 1298 negatam
1729 1225 1912 1280 fuisse
1948 1243 2079 1295 pro-

429 1315 571 1371 bare
597 1330 901 1387 perperam
932 1319 1176 1370 conatus
1199 1315 1446 1370 estHac
1475 1331 1645 1386 porro
1670 1320 1965 1386 sunt,quae
1987 1314 2082 1368 ille

433 1402 605 1460 nobis
634 1403 837 1474 objicit
869 1421 882 1459 :
916 1405 1095 1474 Neque
1122 1421 1245 1458 cum
1275 1405 1412 1471 vult,
1443 1406 1654 1459 homini
1684 1405 1924 1476 loquitur
1950 1405 2082 1476 Spi—

431 1494 576 1548 ritus
621 1499 857 1561 sanctus,
906 1494 997 1548 sed
1043 1502 1172 1548 tunc
1215 1495 1462 1564 loquitur
1513 1511 1637 1547 cum
1689 1495 1800 1548 vult
1847 1496 1989 1549 Deus
2017 1494 2080 1545 εδ.

433 1582 546 1639 Sed
577 1581 626 1636 si
659 1581 816 1637 hunc
833 1581 1207 1637 Socinianum
1226 1582 1525 1637 hominem
1549 1582 1806 1637 nefarius
1836 1582 2086 1638 errantis

434 1673 606 1730 secta!
655 1687 820 1726 amor
849 1671 1085 1742 penitus
1135 1688 1250 1726 non
1285 1672 1655 1736 obcaecasset,
1706 1671 2087 1727 intellexisset

434 1759 637 1833 utique
667 1759 818 1815 hanc
849 1776 976 1816 esse
1004 1760 1224 1816 Hermm
1258 1761 1440 1816 nostri
1472 1765 1815 1827 mentem,et
1846 1778 2084 1816 sensum

2186 603 2246 656 in
2274 619 2445 656 carne
2461 609 2618 656 erant
2635 602 2922 672 spiritibus
2953 603 3172 655 veniens
3198 600 3643 671 prxdicavit,qui
3664 601 3840 654 incre—

2185 691 2306 746 duli
2331 693 2553 761 fuerant
2583 692 2648 759 ⁶⁹,
2682 691 2926 754 etc.Quo
2953 690 3134 763 igitur
3166 690 3334 744 modo
3368 690 3612 744 Hermas
3643 688 3838 744 dicere

2188 785 2413 852 poterat
2445 799 2457 835 :
2494 781 2731 852 Apostoli
2779 785 2832 835 et
2859 781 3101 835 doctores
3143 779 3594 850 praedicaverunt
3637 793 3839 832 nomen

2190 872 2323 925 Filii
2355 871 2560 926 Dei.....
2595 872 2680 925 his
2710 872 2806 940 qui
2834 873 2961 924 ante
2991 870 3358 923 obierunt.....
3390 876 3438 924 et
3467 871 3840 936 cognoverunt

2187 960 2391 1014 Filium
2424 961 2559 1013 Dei?

2259 1048 2528 1104 Clemens
2557 1048 2986 1106 Alexandrinus
3006 1048 3237 1102 videtur
3267 1047 3500 1119 quidem
3522 1045 3845 1101 difﬁculta-

2190 1137 2268 1192 tis
2316 1138 2531 1192 nodum
2587 1153 2804 1203 secare,
2862 1137 2962 1190 ubi
3011 1139 3075 1204 7°,
3108 1137 3300 1192 citatis
3349 1136 3605 1192 auctoris
3655 1135 3843 1190 nostri

2188 1227 2489 1294 verbis,ait
2517 1227 2813 1281 Christum
2846 1227 2998 1298 apud
3047 1227 3263 1281 inferos
3296 1226 3546 1281 Hebraeis
3578 1225 3844 1295 Evange-

2191 1316 2338 1372 lium
2370 1315 3080 1387 annuntiasse,apostolos
3109 1331 3241 1370 vero
3272 1317 3343 1370 iis
3372 1317 3468 1386 qui
3492 1331 3562 1369 ea:
3588 1315 3848 1385 gentibus

2191 1407 2308 1476 apti
2334 1409 2500 1461 erant
2547 1406 2623 1460 ad
2667 1407 3091 1460 conversionem.
3126 1407 3200 1460 Et
3244 1407 3388 1460 recte
3439 1403 3644 1458 dictum
3679 1421 3715 1457 a
3745 1408 3849 1458 Pa-

2191 1501 2335 1551 store
2359 1513 2377 1548 .'
2414 1516 2441 1545 ‹‹
2471 1494 2871 1550 Descenderunt
2915 1511 3046 1563 ergo
3072 1496 3132 1548 in
3164 1511 3381 1564 aquam,
3419 1516 3440 1543 ι
3473 1498 3586 1548 etc.
3625 1493 3848 1548 Verum

2195 1585 2243 1639 si
2277 1584 2385 1639 bac
2419 1583 2798 1655 explicatione
2814 1583 3084 1640 Clemens
3107 1584 3323 1638 nodum
3354 1581 3657 1638 difﬁcilem
3685 1599 3854 1653 expe-

2196 1674 2319 1729 dire
2350 1674 2599 1739 videtur,
2637 1674 2694 1728 in
2750 1673 2930 1728 alium
2963 1674 3219 1745 profecto
3251 1672 3421 1745 longe
3451 1670 3854 1727 difficiliorem

2195 1762 2421 1818 incidit.
2455 1763 2557 1818 Ille
2606 1763 2824 1834 quippe
2854 1763 3020 1818 docet
3057 1763 3332 1818 Hermam
3382 1761 3695 1833 opinatum
3726 1777 3856 1816 esse

435 1849 713 1907 omnibus
763 1847 928 1904 facile
986 1850 1220 1905 obvium
1265 1868 1278 1906 :
1329 1852 1506 1920 Neque
1553 1867 1679 1904 cum
1727 1849 1901 1905 homo
1953 1851 2086 1918 vult,
2119 1886 2166 1950 B
2197 1852 2394 1925 plures
2424 1869 2492 1906 ex
2522 1852 2772 1908 ethnicis
2803 1850 3362 1922 hominibusjustis,
3387 1868 3518 1905 cum
3547 1849 3856 1906 Christum

435 1938 653 1995 homini
682 1939 927 2009 loquitur
956 1938 1196 2010 Spiritus
1227 1947 1466 2008 sanctus,
1497 1941 1593 1995 sed
1622 1956 1744 1994 cum
1775 1941 1893 1994 vult
1922 1941 2084 1994 Deus.

435 2028 507 2084 At
550 2026 715 2100 quid,
767 2028 1030 2094 obsecro,
1079 2044 1148 2083 ex
1196 2027 1290 2083 his
1339 2028 1528 2084 verbis
1577 2033 1779 2083 contra
1841 2029 2090 2100 Spiritus

437 2115 624 2173 sancti
656 2115 1019 2172 divinitatem
1054 2135 1066 2172 :
1101 2117 1219 2172 imo
1252 2133 1385 2172 vero
1419 2116 1558 2189 quid
1591 2134 1659 2172 ex
1688 2117 1954 2183 illis,nisi
1986 2135 2090 2189 pro

437 2205 754 2262 asserenda
787 2204 984 2260 divina
1009 2205 1168 2262 illius
1201 2211 1413 2262 natura
1442 2206 1708 2261 concludi
1742 2211 1935 2277 potest
1957 2206 1986 2269 ‘2
2009 2207 2091 2261 Ibi

438 2294 595 2352 enim
616 2294 1036 2351 Hermasveros
1060 2296 1375 2367 prophetas
1398 2296 1593 2351 divino
1609 2296 2090 2367 Spiritu,quando

437 2384 690 2457 ipsemet
735 2383 938 2450 voluit,
980 2385 1211 2440 afﬂatos
1262 2385 1441 2440 fuisse
1487 2389 1802 2440 asseverat.
1836 2387 1908 2439 At
1960 2384 2093 2456 quis

439 2472 665 2530 nesciat
685 2477 954 2529 strenuos
979 2474 1220 2528 Nicaeum
1243 2475 1377 2529 fidei
1401 2476 1734 2529 defensores
1759 2474 1868 2528 hoc
1901 2475 1972 2528 ad
1996 2475 2092 2529 dc-

441 2561 747 2619 bellandos
794 2563 1062 2629 Arianos,
1095 2568 1151 2618 et
1190 2563 1446 2635 Spiritus
1496 2563 1681 2618 sancti
1730 2564 2092 2618 divinitatem

445 2652 728 2708 adversus
758 2651 1208 2708 Macedonianos
1230 2653 1442 2708 invicte
1463 2653 1951 2726 pr0pugnandam
1975 2653 2096 2709 effi-

445 2739 779 2809 cacissimo,
811 2741 895 2796 uti
926 2742 1098 2813 plane
1123 2759 1238 2797 non
1293 2743 1586 2797 immerito
1618 2743 1922 2813 putabant,
1959 2759 2096 2797 usos

444 2845 575 2888 esse
607 2835 968 2903 argumento.

976 2918 1382 2974 ARTICULUS
1423 2918 1563 2972 XIX.

454 3007 648 3065 Utrum
679 3008 910 3080 apostoli
937 3010 1146 3063 mortui
1167 3008 1585 3080 przedicaverint
1613 3024 1812 3064 nomen
1843 3008 1976 3062 Filii
2006 3009 2102 3063 Dei

869 3081 942 3135 iis
970 3081 1070 3152 qui
1096 3080 1243 3152 apud
1274 3083 1479 3151 in/eros
1507 3088 1684 3135 erant.

515 3183 620 3242 His
650 3185 847 3257 itaque
897 3185 1069 3259 longe
1099 3186 1392 3242 difficilior
1438 3191 1494 3242 et
1522 3187 1828 3242 obscurior
1872 3191 2098 3242 Hermes

2198 1942 2315 1997 illis
2338 1941 2582 2013 apostoli
2608 1940 3122 2012 praedicassent,ab
3147 1940 3347 1995 inferis
3370 1939 3859 2009 liberatos,atque

2199 2050 2232 2086 ε.
2262 2031 2490 2086 Christo
2544 2036 2756 2086 aeterna
2803 2031 3048 2085 donatos
3098 2029 3389 2085 felicitate.
3423 2031 3560 2096 Quae
3611 2029 3860 2100 quidem

2201 2121 2397 2191 opinio
2451 2121 2521 2173 ab
2561 2118 2888 2191 Augustino
2919 2120 2962 2153 τί
2995 2123 3277 2190 tanquam
3323 2119 3561 2173 omnino
3612 2134 3863 2172 erronea

2202 2210 2567 2280 repudiatur.
2599 2209 2818 2264 Deinde
2848 2208 3094 2264 Hermas
3127 2207 3357 2262 nullum
3401 2208 3680 2263 Hebrmos
3712 2209 3866 2261 inter

2203 2304 2258 2354 et
2279 2299 2542 2353 ethnicos
2568 2297 2730 2370 ponit
2751 2297 3066 2353 discrimen
3095 2316 3108 2365 ;
3132 2298 3248 2352 imo
3272 2302 3470 2368 aperte
3499 2296 3770 2367 loquitur
3792 2296 3863 2350 de

2202 2388 2456 2442 Hebreis
2483 2404 2584 2462 per
2613 2386 2837 2458 lapides
2867 2405 2922 2457 Χ,
2954 2403 3065 2441 xxv
3094 2389 3150 2440 et
3176 2403 3287 2440 xxx
3316 2385 3863 2456 adumbratis,qui-

2203 2477 2450 2532 buscum
2485 2475 3224 2547 apostoli,quadragesimo
3256 2474 3448 2546 lapide
3481 2473 3864 2546 ﬁgurati,de-

2205 2567 2574 2631 scenderuut,
2609 2565 2809 2637 eisque
2843 2564 2966 2619 Filii
2997 2565 3096 2619 Dei
3129 2565 3589 2637 praedicaverunt
3619 2580 3863 2619 nomen.

2275 2657 2638 2727 Quapropter
2668 2654 3133 2726 putamus,salva
3148 2659 3343 2709 tamen
3362 2653 3562 2709 debita
3577 2652 3868 2708 Clementi

2207 2745 2546 2813 reverentia,
2582 2744 2776 2800 locum
2809 2744 3034 2800 Hermae
3065 2742 3178 2799 alio
3211 2760 3386 2799 sensu
3418 2744 3866 2815 exponendum,

2207 2852 2274 2891 eo
2287 2833 2507 2890 scilicet
2522 2851 2636 2905 quo
2650 2833 3015 2906 Augustinus
3037 2832 3306 2904 superius
3319 2831 3498 2888 allata
3518 2833 3676 2888 Petri
3693 2833 3874 2888 verba

2207 2924 2623 2994 interpretatus
2679 2931 2786 2977 est.
2829 2921 3132 2976 Enimvero
3181 2937 3315 2976 cum
3365 2921 3639 2991 Evodius,
3677 2921 3756 2975 ab
3807 2938 3874 2976 eo

2209 3013 2310 3068 illa
2343 3011 2456 3068 sibi
2479 3011 2753 3083 explicari
2779 3009 3533 3082 poposcisset,Augustinus
3557 3010 3603 3043 73
3628 3015 3876 3081 quanta

2210 3103 2330 3158 sint
2350 3101 2430 3156 ibi
2449 3100 2820 3156 difﬁcultates
2844 3100 3100 3172 primum
3124 3097 3600 3171 exponit.Deinde
3622 3116 3884 3171 respon-

2211 3189 2449 3256 det,illis
2481 3189 2632 3244 Petri
2663 3189 2852 3244 verbis
2888 3207 2901 3243 :
2936 3190 3030 3243 His
3060 3190 3156 3259 qui
3185 3189 3244 3243 in
3271 3205 3435 3243 carne
3463 3189 3884 3260 erant,spiriti-

441 3272 630 3346 locus,
663 3293 698 3332 a
725 3256 1019 3332 Clemente
1047 3281 1245 3332 tamen
1288 3276 1678 3332 Alexandrino
1711 3276 1888 3332 semel
1923 3281 2097 3347 atque
2131 3256 2172 3322 C
2213 3280 2328 3344 bus,
2363 3295 2461 3334 eos
2512 3276 2760 3349 intelligi
2792 3293 2983 3348 posse,
3018 3256 3114 3348 qui
3171 3281 3315 3332 tunc
3346 3281 3511 3332 erant
3564 3280 3623 3331 in
3675 3256 3881 3343 carne,

441 3363 656 3421 iterum
689 3365 928 3433 citatus,
963 3364 1047 3421 sic
1076 3366 1330 3420 habetur
1358 3367 1400 3400 ⁸⁷
1436 3382 1449 3420 :
1483 3367 1725 3437 Apostoli
1753 3375 1806 3421 et
1837 3366 2097 3434 doctores,

441 3457 541 3530 qui
587 3457 1034 3526 praedicaverunt
1076 3471 1272 3510 nomen
1322 3457 1454 3510 Filii
1500 3457 1621 3525 Dei,
1673 3471 1794 3509 cum
1845 3455 2100 3510 habentes

439 3545 604 3616 ﬁdem
651 3545 767 3616 ejus
807 3552 858 3599 et
881 3548 1202 3615 potestatem
1247 3544 1494 3614 defuncti
1539 3552 1731 3604 essent.
1757 3545 2099 3616 praedicave-

441 3643 576 3691 runt
605 3633 690 3690 his
735 3635 833 3708 qui
862 3642 990 3689 ante
1032 3635 1286 3689 obierunt
1310 3642 1360 3689 et
1398 3635 1507 3704 ipsi
1535 3633 1804 3689 dederunt
1832 3650 1910 3688 ezs
1958 3634 2100 3688 illud

441 3725 696 3793 signum.
723 3723 1132 3779 Descenderam
1185 3724 1360 3792 igitur
1388 3725 1446 3776 in
1481 3739 1684 3794 aquam
1723 3739 1850 3778 cum
1882 3723 2016 3788 illis,
2048 3731 2100 3777 et

437 3814 646 3869 iterum
693 3811 1054 3867 ascen'lerunt
1086 3829 1104 3865 :
1135 3813 1230 3867 sed
1261 3812 1321 3866 hi
1367 3813 1479 3866 vivi
1507 3811 1885 3878 ascenderunt,
1917 3815 1977 3866 at
2007 3812 2100 3866 illi

439 3903 536 3974 qui
570 3901 805 3976 fuerunt
854 3903 981 3956 ante
1009 3901 1274 3971 defuncti,
1307 3903 1514 3956 mortui
1542 3902 1764 3972 quidem
1811 3901 2095 3956 descende-

438 3993 592 4064 runt,
622 3990 714 4045 sed
741 3991 856 4045 vivi
884 3989 1262 4045 ascenderunt.
1295 3995 1402 4044 Per
1432 3991 1524 4044 hos
1556 3992 1728 4061 igitur
1755 3991 1924 4044 vitam
1954 4006 2100 4045 acce-

435 4080 656 4152 perunt,
692 4083 745 4134 et
772 4082 1138 4150 cognoverunt
1167 4079 1377 4132 Filium
1407 4080 1550 4141 Dei;
1582 4078 1808 4150 ideoque
1838 4079 2099 4135 ascende-

437 4175 572 4224 runt
599 4184 726 4224 cum
754 4167 1027 4223 illis.Haac
1057 4183 1164 4222 vox
1192 4169 1427 4240 signum
1457 4168 1536 4222 ibi
1571 4167 1716 4223 nihil
1747 4173 1917 4224 sonat
1939 4167 2099 4223 aliud

440 4273 622 4330 quam
667 4257 1051 4330 baptismum,
1085 4257 1566 4328 quandoquidem
1620 4259 1859 4313 Hermas
1911 4258 2096 4313 conti-

2209 3372 2368 3440 atque
2399 3368 2734 3436 ignorantiae
2765 3368 3002 3421 tenebris
3022 3366 3172 3421 velut
3197 3382 3410 3420 carcere
3437 3366 3880 3421 claudebantur.

2209 3457 2406 3528 Neque
2433 3461 2629 3510 tamen
2661 3455 2771 3510 hoc
2803 3455 2914 3509 sibi
2941 3455 3156 3509 idcirco
3187 3454 3361 3525 objici
3394 3471 3563 3526 posse
3596 3456 3882 3522 putabat,

2211 3549 2366 3619 quod
2417 3547 2669 3602 Christus
2699 3544 2945 3599 nondum
2974 3554 3200 3599 venerat
3229 3546 3288 3599 in
3329 3559 3513 3599 carne.
3549 3545 3882 3613 Quoniam,

2208 3636 2402 3708 inquit
2433 3639 2672 3690 sanctus
2703 3635 2904 3689 doctor
2937 3651 2950 3689 :
2983 3635 3100 3704 Ipse
3127 3636 3318 3704 utique
3347 3650 3458 3689 non
3488 3637 3543 3688 in
3574 3635 3879 3706 carne,sed

2208 3727 2267 3780 in
2296 3727 2500 3796 spiritu
2529 3723 2780 3778 veniebat
2807 3723 2942 3777 visis
2967 3723 3251 3791 congruis,
3280 3723 3587 3792 colloquens
3615 3739 3771 3794 quos
3797 3741 3881 3779 vo-

2212 3813 2379 3880 lebat,
2413 3815 2552 3868 sicut
2582 3813 2808 3867 volebat.
2833 3811 3049 3867 Eodem
3084 3810 3260 3882 igitur
3292 3816 3464 3882 atque
3491 3813 3879 3883 Augustinus

2208 3919 2384 3958 sensu
2415 3906 2661 3956 Hermas
2712 3899 2902 3954 dicere
2935 3904 3179 3971 poterat,
3216 3900 3370 3972 quod
3400 3899 3642 3972 apostoli
3687 3911 3748 3956 et
3776 3919 3881 3956 au-

2207 3999 2489 4046 ctores.....
2543 3988 2982 4060 praedicaverunt
3011 3987 3100 4043 his
3153 3993 3249 4058 qui
3279 3996 3405 4044 ante
3441 3988 3732 4061 obierunt,
3771 3991 3881 4046 hoc

2208 4085 2316 4151 est,
2351 4077 2568 4135 mortui
2599 4082 2736 4132 sunt
2764 4077 3400 4149 tenebris,ignorantia,
3430 4077 3794 4136 inﬁdelitate
3827 4090 3880 4137 et

2207 4167 2632 4225 incredulitate.

2280 4261 2367 4326 At,
2403 4257 2658 4329 inquies,
2690 4273 2794 4311 cur
2843 4273 2980 4328 ergo
3014 4257 3084 4312 de
3115 4255 3396 4328 apostolis
3427 4257 3672 4311 Hermas
3733 4257 3883 4312 sub-

442 4350 652 4404 nenter
689 4345 1017 4418 subjungit,
1044 4346 1441 4402 descenderunt
1473 4348 1532 4401 in
1561 4364 1783 4418 aquam.
1820 4347 1931 4401 Sed
1965 4363 2096 4401 cum
2203 4349 2403 4420 jungit
2436 4364 2448 4401 :
2483 4346 2936 4403 Prwdicaverunt
2981 4361 3180 4400 nomen
3209 4347 3344 4400 Filii
3371 4346 3582 4401 Dei.....
3613 4361 3760 4400 atem
3788 4346 3883 4402 de-

445 4435 649 4492 nullus
671 4434 783 4490 nisi
806 4435 864 4490 in
895 4435 1004 4490 hac
1035 4434 1283 4502 vita,nec
1309 4434 1424 4490 nisi
1446 4436 1517 4490 ab
1549 4435 1891 4491 hominibus
1911 4435 2099 4491 viven-

436 4523 601 4580 tibus
652 4524 949 4597 baptismo
980 4525 1168 4596 possit
1197 4523 1377 4591 ablui,
1411 4523 1529 4578 illic
1559 4541 1689 4580 vero
1733 4525 2098 4596 baptizantes

2207 4439 2387 4510 [uncti
2414 4439 2632 4492 essent?
2661 4435 2896 4500 Quidni,
2941 4433 3278 4505 inquiemus
3305 4439 3363 4489 et
3404 4451 3527 4501 nos,
3561 4433 3692 4488 haec
3741 4453 3884 4508 apo-

2209 4526 2498 4582 stolorum
2520 4541 2678 4579 mors
2697 4523 2987 4594 Spirituali
3018 4540 3250 4595 quoque
3273 4540 3450 4579 sensu
3471 4522 3880 4596 intelligatur!

441 4612 716 4686 apostoli,
750 4617 925 4685 atque
976 4613 1050 4668 ab
1082 4613 1167 4668 eis
1199 4613 1478 4685 baptizati
1528 4613 1747 4668 mortui
1779 4620 1834 4668 et
1864 4631 2102 4684 corpore
2135 4626 2177 4690 ι)
2211 4617 2356 4682 Quia
2387 4613 2667 4669 nimirum
2688 4617 2857 4668 vetus
2884 4629 3087 4667 eorum
3121 4612 3296 4668 homo
3326 4629 3460 4668 cum
3479 4611 3724 4669 Christo
3753 4631 3886 4670 cru-

438 4701 622 4760 soluti
653 4703 1053 4772 dicantur;ibi
1086 4702 1343 4774 profecto
1377 4704 1448 4757 de
1479 4701 1601 4757 solo
1633 4701 1884 4774 spiritali
1915 4704 2102 4775 bapti-

439 4795 628 4848 smate
676 4796 888 4865 agatur
910 4807 1150 4848 necesse
1199 4796 1307 4847 est.
1343 4791 1504 4855 Quod
1558 4796 1711 4846 certe
1765 4790 1874 4846 loci
1922 4792 2101 4863 hujus

439 4878 848 4936 difﬁcultatem
877 4897 995 4936 non
1027 4880 1263 4948 minuit,
1297 4881 1398 4936 sed
1431 4885 1606 4952 auget
1637 4880 1980 4952 plurimum.

510 4972 744 5024 Certum
777 4973 868 5025 est
885 4970 1042 5025 enim
1067 4969 1367 5026 Christum
1400 4975 1534 5041 post
1559 4974 1806 5024 mortem
1839 4987 2005 5024 suam
2027 4972 2098 5025 ad

437 5057 656 5114 inferos
687 5058 1085 5114 descendisse.
1118 5058 1281 5114 Unde
1312 5059 1670 5129 Augustinus
1703 5061 1744 5092 οδ
1781 5077 1792 5114 :
1829 5061 1960 5128 Quis
1988 5061 2103 5114 nisi

437 5146 686 5219 inﬁdelis
713 5150 997 5218 negaverit
1016 5150 1189 5219 fuisse
1217 5149 1369 5220 apud
1400 5151 1606 5219 inferos
1639 5149 1920 5204 Christum
1937 5149 2103 5204 ?Con-

442 5240 563 5294 stat
590 5235 766 5292 etiam
799 5235 1097 5292 Christum
1129 5241 1269 5292 tunc
1301 5238 1652 5310 patriarchis
1679 5240 1973 5309 justisque
2005 5239 2102 5292 ho-

445 5324 706 5383 minibus
729 5325 810 5382 ibi
834 5326 1186 5399 degentibus
1207 5343 1334 5382 sese
1360 5327 1736 5382 manifestum
1759 5328 2100 5399 praebuisse,

438 5415 524 5472 uti
557 5432 626 5471 ex
657 5414 752 5471 his
799 5415 954 5470 Petri
988 5415 1240 5488 apostoli
1271 5415 1464 5471 verbis
1513 5415 1862 5488 intelligitur
1893 5434 1905 5472 ε
1943 5415 2101 5473 Chri-

2211 4707 2417 4762 citixus
2461 4707 2518 4758 et
2562 4706 2829 4757 mortuus
2879 4702 3082 4770 fuerat,
3117 4718 3182 4756 ac
3230 4702 3596 4757 destructum
3645 4717 3880 4776 corpus

2210 4794 2453 4869 peccati,
2489 4796 2551 4846 ut
2577 4791 2927 4862 loquebatur
2956 4790 3172 4845 Paulus
3203 4791 3269 4842 ⁷³.
3305 4791 3371 4845 Et
3401 4795 3550 4845 certe
3582 4789 3716 4845 haec
3750 4809 3878 4846 ver-

2211 4887 2417 4940 borum
2450 4883 2672 4937 Hermee
2702 4880 3103 4950 interpretatio
3129 4879 3263 4935 inde
3294 4881 3880 4954 confirmatur,quod

2210 4971 2308 5028 ille
2337 4970 2613 5025 continuo
2645 4968 2823 5022 addat
2856 4983 2868 5021 :
2901 4967 3004 5022 Sed
3034 4969 3097 5023 hi
3125 4970 3242 5023 vivi
3278 4968 3670 5023 ascenderunt.
3710 4970 3878 5034 Quod

2210 5061 2446 5131 quidem
2479 5062 2550 5112 dc
2581 5058 2700 5111 vita
2717 5055 3880 5128 spiritualiipsemetinterpretatus,sub—

2211 5150 2297 5203 dit
2329 5166 2340 5202 ;
2379 5150 2569 5202 Vitam
2596 5153 2962 5217 receperunt;
2992 5155 3042 5200 et
3069 5155 3447 5219 cognoverunt
3495 5147 3716 5202 Filium

2211 5238 2470 5308 Denique
2501 5253 2569 5291 ex
2594 5237 2718 5307 jam
2755 5234 2927 5289 dictis
2959 5239 3181 5290 certum
3215 5241 3302 5291 est
3331 5240 3609 5291 Hermam
3641 5253 3874 5293 sermo-

2212 5344 2345 5382 nem
2377 5326 2457 5379 ibi
2491 5327 2675 5380 t'acere
2707 5323 2779 5378 de
2812 5321 3103 5394 spirituali
3136 5323 3520 5397 baptismo,id
3541 5328 3636 5380 est
3664 5327 3873 5400 cogni-

2211 5416 2367 5470 tione
2396 5413 2526 5469 Filii
2557 5413 2678 5469 Dei.
2714 5413 2830 5468 Cur
2859 5427 2994 5484 ergo
3027 5416 3186 5468 totus
3216 5411 3326 5468 iste
3355 5412 3518 5469 locus
3567 5413 3869 5486 spirituali

505 5648 550 5684 ⁸⁸
581 5648 682 5706 lib.
717 5666 781 5715 ιι,
812 5647 1074 5704 mandat.
1111 5647 1199 5702 12.
1275 5649 1317 5683 ⁵⁷
1348 5647 1449 5704 lib.
1484 5666 1569 5714 IlI,
1599 5646 1821 5703 similit.
1853 5648 1909 5702 9.
1986 5648 2029 5683 ⁸⁸
2059 5648 2090 5703 Ε

2207 5651 2242 5702 t.
2279 5649 2402 5719 164,
2421 5649 2492 5705 ad
2522 5646 2682 5704 Evod.
2759 5646 2804 5681 ⁶⁹
2835 5645 2856 5700 Ι
2889 5645 3042 5702 Petr.
3074 5647 3252 5717 111,18.
3329 5647 3375 5682 7°
3404 5644 3507 5702 lib.
3540 5663 3600 5703 v1
3633 5645 3869 5716 Str-anu,

437 5720 470 5793 §
497 5721 552 5775 3.
629 5722 673 5758 τί
705 5719 815 5777 loc.
849 5737 982 5793 sup.
1014 5720 1112 5776 cit.
1193 5720 1240 5754 7’
1267 5721 1451 5792 Epist.
1487 5722 1607 5792 164,
1641 5720 1710 5776 ad
1738 5720 1912 5778 Evod.
1990 5721 2034 5756 73
2063 5719 2228 5776 Rem.
2260 5737 2338 5792 γι,
2367 5723 2421 5777 6.
