  <div class='ocr_page' id='page_1' title='image "/cluster/home/n/w/nwhite01/storage/ocr_20150623/2/hvd.32044073501397/434.png"; bbox 0 0 4038 6210; ppageno 0'>
   <div class='ocr_carea' id='block_1_1' title="bbox 206 403 323 468">
    <p class='ocr_par' dir='ltr' id='par_1_1' title="bbox 206 403 323 468">
     <span class='ocr_line' id='line_1_1' title="bbox 206 403 323 468; baseline 0.026 -3"><span class='ocrx_word' id='word_1_1' title='bbox 206 403 323 468; x_wconf 80' lang='grc'>853</span> 
     </span>
    </p>
   </div>
   <div class='ocr_carea' id='block_1_2' title="bbox 1461 400 2356 469">
    <p class='ocr_par' dir='ltr' id='par_1_2' title="bbox 1461 400 2356 469">
     <span class='ocr_line' id='line_1_2' title="bbox 1461 400 2356 469; baseline 0.002 -5"><span class='ocrx_word' id='word_1_2' title='bbox 1461 402 1797 466; x_wconf 81' lang='lat' dir='ltr'>PASTOR.</span> <span class='ocrx_word' id='word_1_3' title='bbox 1832 436 1910 449; x_wconf 90' lang='lat'><strong>-</strong></span> <span class='ocrx_word' id='word_1_4' title='bbox 1941 400 2356 469; x_wconf 66' lang='lat' dir='ltr'>PROOEMIA.</span> 
     </span>
    </p>
   </div>
   <div class='ocr_carea' id='block_1_3' title="bbox 3492 406 3613 470">
    <p class='ocr_par' dir='ltr' id='par_1_3' title="bbox 3492 406 3613 470">
     <span class='ocr_line' id='line_1_3' title="bbox 3492 406 3613 470; baseline -0.008 0"><span class='ocrx_word' id='word_1_5' title='bbox 3492 406 3613 470; x_wconf 70' lang='grc'>854</span> 
     </span>
    </p>
   </div>
   <div class='ocr_carea' id='block_1_4' title="bbox 209 534 3612 611">
    <p class='ocr_par' dir='ltr' id='par_1_4' title="bbox 209 534 3612 611">
     <span class='ocr_line' id='line_1_4' title="bbox 209 534 3612 611; baseline 0 -15"><span class='ocrx_word' id='word_1_6' title='bbox 209 554 387 596; x_wconf 88' lang='lat' dir='ltr'>sensu</span> <span class='ocrx_word' id='word_1_7' title='bbox 412 553 528 593; x_wconf 89' lang='lat' dir='ltr'>non</span> <span class='ocrx_word' id='word_1_8' title='bbox 547 534 1112 609; x_wconf 88' lang='lat' dir='ltr'>intelligatur,cujus</span> <span class='ocrx_word' id='word_1_9' title='bbox 1135 534 1343 592; x_wconf 84' lang='lat' dir='ltr'>saltem</span> <span class='ocrx_word' id='word_1_10' title='bbox 1370 537 1640 608; x_wconf 69' lang='lat' dir='ltr'>quaedam</span> <span class='ocrx_word' id='word_1_11' title='bbox 1664 540 1857 608; x_wconf 86' lang='lat' dir='ltr'>partes</span> <span class='ocrx_word' id='word_1_12' title='bbox 1887 539 1942 606; x_wconf 81' lang='grc' dir='ltr'><strong>Α</strong></span> <span class='ocrx_word' id='word_1_13' title='bbox 1974 546 2219 593; x_wconf 70' lang='lat' dir='ltr'>venturae</span> <span class='ocrx_word' id='word_1_14' title='bbox 2272 539 2518 611; x_wconf 84' lang='lat' dir='ltr'>ﬁguram</span> <span class='ocrx_word' id='word_1_15' title='bbox 2566 555 2693 595; x_wconf 91' lang='lat' dir='ltr'>esse</span> <span class='ocrx_word' id='word_1_16' title='bbox 2742 536 3015 596; x_wconf 82' lang='lat' dir='ltr'><strong>declarat.</strong></span> <span class='ocrx_word' id='word_1_17' title='bbox 3048 539 3437 607; x_wconf 80' lang='lat' dir='ltr'>Quamobrem</span> <span class='ocrx_word' id='word_1_18' title='bbox 3477 556 3612 597; x_wconf 79' lang='lat' dir='ltr'>cum</span> 
     </span>
    </p>
   </div>
   <div class='ocr_carea' id='block_1_5' title="bbox 210 626 1860 700">
    <p class='ocr_par' dir='ltr' id='par_1_5' title="bbox 210 626 1860 700">
     <span class='ocr_line' id='line_1_5' title="bbox 210 626 1860 700; baseline -0.002 -16"><span class='ocrx_word' id='word_1_19' title='bbox 210 627 329 684; x_wconf 82' lang='lat' dir='ltr'>alio</span> <span class='ocrx_word' id='word_1_20' title='bbox 355 644 534 683; x_wconf 90' lang='lat' dir='ltr'>sensu</span> <span class='ocrx_word' id='word_1_21' title='bbox 553 626 827 700; x_wconf 87' lang='lat' dir='ltr'>explicari</span> <span class='ocrx_word' id='word_1_22' title='bbox 854 644 969 682; x_wconf 91' lang='lat' dir='ltr'>non</span> <span class='ocrx_word' id='word_1_23' title='bbox 994 627 1283 698; x_wconf 86' lang='lat' dir='ltr'>possunt?</span> <span class='ocrx_word' id='word_1_24' title='bbox 1303 632 1391 680; x_wconf 81' lang='lat' dir='ltr'>An</span> <span class='ocrx_word' id='word_1_25' title='bbox 1411 642 1545 681; x_wconf 90' lang='lat' dir='ltr'>vero</span> <span class='ocrx_word' id='word_1_26' title='bbox 1566 626 1860 696; x_wconf 89' lang='lat' dir='ltr'>genuinus</span> 
     </span>
    </p>
   </div>
   <div class='ocr_carea' id='block_1_6' title="bbox 210 715 1861 783">
    <p class='ocr_par' dir='ltr' id='par_1_6' title="bbox 210 715 1861 783">
     <span class='ocr_line' id='line_1_6' title="bbox 210 715 1861 783; baseline -0.002 -10"><span class='ocrx_word' id='word_1_27' title='bbox 210 716 303 773; x_wconf 88' lang='lat' dir='ltr'>hic</span> <span class='ocrx_word' id='word_1_28' title='bbox 332 717 409 773; x_wconf 86' lang='lat' dir='ltr'>sit</span> <span class='ocrx_word' id='word_1_29' title='bbox 428 718 737 772; x_wconf 81' lang='lat' dir='ltr'>verborum</span> <span class='ocrx_word' id='word_1_30' title='bbox 761 716 983 771; x_wconf 68' lang='lat' dir='ltr'>Hermae</span> <span class='ocrx_word' id='word_1_31' title='bbox 1007 733 1237 783; x_wconf 84' lang='lat' dir='ltr'>sensus,</span> <span class='ocrx_word' id='word_1_32' title='bbox 1264 715 1419 771; x_wconf 83' lang='lat' dir='ltr'>sicut</span> <span class='ocrx_word' id='word_1_33' title='bbox 1446 731 1704 771; x_wconf 84' lang='lat' dir='ltr'>asserere</span> <span class='ocrx_word' id='word_1_34' title='bbox 1736 731 1861 769; x_wconf 92' lang='lat' dir='ltr'>om-</span> 
     </span>
    </p>
   </div>
   <div class='ocr_carea' id='block_1_7' title="bbox 207 803 1860 876">
    <p class='ocr_par' dir='ltr' id='par_1_7' title="bbox 207 803 1860 876">
     <span class='ocr_line' id='line_1_7' title="bbox 207 803 1860 876; baseline -0.002 -15"><span class='ocrx_word' id='word_1_35' title='bbox 207 807 348 861; x_wconf 89' lang='lat' dir='ltr'>nino</span> <span class='ocrx_word' id='word_1_36' title='bbox 382 822 496 860; x_wconf 92' lang='lat' dir='ltr'>non</span> <span class='ocrx_word' id='word_1_37' title='bbox 530 807 838 872; x_wconf 81' lang='lat' dir='ltr'>audemus,</span> <span class='ocrx_word' id='word_1_38' title='bbox 868 806 949 860; x_wconf 91' lang='lat' dir='ltr'>ita</span> <span class='ocrx_word' id='word_1_39' title='bbox 973 821 1078 860; x_wconf 89' lang='lat' dir='ltr'>nec</span> <span class='ocrx_word' id='word_1_40' title='bbox 1101 803 1259 859; x_wconf 90' lang='lat' dir='ltr'>illius</span> <span class='ocrx_word' id='word_1_41' title='bbox 1284 804 1540 876; x_wconf 89' lang='lat' dir='ltr'>profecto</span> <span class='ocrx_word' id='word_1_42' title='bbox 1572 820 1860 875; x_wconf 89' lang='lat' dir='ltr'>repugna-</span> 
     </span>
    </p>
   </div>
   <div class='ocr_carea' id='block_1_8' title="bbox 205 892 1863 966">
    <p class='ocr_par' dir='ltr' id='par_1_8' title="bbox 205 892 1863 966">
     <span class='ocr_line' id='line_1_8' title="bbox 205 892 1863 966; baseline -0.001 -18"><span class='ocrx_word' id='word_1_43' title='bbox 205 895 408 951; x_wconf 87' lang='lat' dir='ltr'>bimus</span> <span class='ocrx_word' id='word_1_44' title='bbox 441 894 835 966; x_wconf 85' lang='lat' dir='ltr'>explicationi,</span> <span class='ocrx_word' id='word_1_45' title='bbox 864 894 963 966; x_wconf 89' lang='lat' dir='ltr'>qui</span> <span class='ocrx_word' id='word_1_46' title='bbox 994 910 1061 950; x_wconf 92' lang='lat' dir='ltr'>ea</span> <span class='ocrx_word' id='word_1_47' title='bbox 1090 893 1324 950; x_wconf 91' lang='lat' dir='ltr'>litterali</span> <span class='ocrx_word' id='word_1_48' title='bbox 1359 910 1561 962; x_wconf 89' lang='lat' dir='ltr'>sensu,</span> <span class='ocrx_word' id='word_1_49' title='bbox 1597 893 1669 948; x_wconf 91' lang='lat' dir='ltr'>ab</span> <span class='ocrx_word' id='word_1_50' title='bbox 1701 892 1863 948; x_wconf 91' lang='lat' dir='ltr'>omni</span> 
     </span>
    </p>
   </div>
   <div class='ocr_carea' id='block_1_9' title="bbox 206 982 1327 1058">
    <p class='ocr_par' dir='ltr' id='par_1_9' title="bbox 206 982 1327 1058">
     <span class='ocr_line' id='line_1_9' title="bbox 206 982 1327 1058; baseline -0.002 -19"><span class='ocrx_word' id='word_1_51' title='bbox 206 1000 403 1040; x_wconf 88' lang='lat' dir='ltr'>errore</span> <span class='ocrx_word' id='word_1_52' title='bbox 436 982 647 1051; x_wconf 87' lang='lat' dir='ltr'>alieno,</span> <span class='ocrx_word' id='word_1_53' title='bbox 681 984 897 1058; x_wconf 90' lang='lat' dir='ltr'>poterit</span> <span class='ocrx_word' id='word_1_54' title='bbox 934 982 1327 1056; x_wconf 89' lang='lat' dir='ltr'>interpretari.</span> 
     </span>
    </p>
   </div>
   <div class='ocr_carea' id='block_1_10' title="bbox 754 1089 1315 1147">
    <p class='ocr_par' dir='ltr' id='par_1_10' title="bbox 754 1089 1315 1147">
     <span class='ocr_line' id='line_1_10' title="bbox 754 1089 1315 1147; baseline -0.004 -1"><span class='ocrx_word' id='word_1_55' title='bbox 754 1090 1162 1147; x_wconf 82' lang='lat' dir='ltr'>ARTICULUS</span> <span class='ocrx_word' id='word_1_56' title='bbox 1200 1089 1315 1146; x_wconf 88' lang='lat' dir='ltr'>XX.</span> 
     </span>
    </p>
   </div>
   <div class='ocr_carea' id='block_1_11' title="bbox 538 1177 1537 1253">
    <p class='ocr_par' dir='ltr' id='par_1_11' title="bbox 538 1177 1537 1253">
     <span class='ocr_line' id='line_1_11' title="bbox 538 1177 1537 1253; baseline -0.004 -15"><span class='ocrx_word' id='word_1_57' title='bbox 538 1183 732 1239; x_wconf 84' lang='lat' dir='ltr'>Utrum</span> <span class='ocrx_word' id='word_1_58' title='bbox 763 1180 975 1253; x_wconf 85' lang='lat' dir='ltr'>Hegrin</span> <span class='ocrx_word' id='word_1_59' title='bbox 1004 1182 1079 1235; x_wconf 97' lang='lat' dir='ltr'>sit</span> <span class='ocrx_word' id='word_1_60' title='bbox 1106 1196 1305 1237; x_wconf 80' lang='lat' dir='ltr'>nomen</span> <span class='ocrx_word' id='word_1_61' title='bbox 1334 1177 1537 1251; x_wconf 81' lang='lat' dir='ltr'>angeli.</span> 
     </span>
    </p>
   </div>
   <div class='ocr_carea' id='block_1_12' title="bbox 276 1266 1863 1328">
    <p class='ocr_par' dir='ltr' id='par_1_12' title="bbox 276 1266 1863 1328">
     <span class='ocr_line' id='line_1_12' title="bbox 276 1266 1863 1328; baseline -0.003 -1"><span class='ocrx_word' id='word_1_62' title='bbox 276 1271 444 1328; x_wconf 83' lang='lat' dir='ltr'>Alius</span> <span class='ocrx_word' id='word_1_63' title='bbox 475 1270 735 1326; x_wconf 81' lang='lat' dir='ltr'>auctoris</span> <span class='ocrx_word' id='word_1_64' title='bbox 767 1269 952 1325; x_wconf 86' lang='lat' dir='ltr'>nostri</span> <span class='ocrx_word' id='word_1_65' title='bbox 982 1269 1146 1325; x_wconf 91' lang='lat' dir='ltr'>locus</span> <span class='ocrx_word' id='word_1_66' title='bbox 1173 1271 1458 1325; x_wconf 91' lang='lat' dir='ltr'>obscurus</span> <span class='ocrx_word' id='word_1_67' title='bbox 1503 1272 1559 1324; x_wconf 92' lang='lat' dir='ltr'>et</span> <span class='ocrx_word' id='word_1_68' title='bbox 1606 1266 1863 1323; x_wconf 84' lang='lat' dir='ltr'>difﬁcilis</span> 
     </span>
    </p>
   </div>
   <div class='ocr_carea' id='block_1_13' title="bbox 210 1357 1862 1425">
    <p class='ocr_par' dir='ltr' id='par_1_13' title="bbox 210 1357 1862 1425">
     <span class='ocr_line' id='line_1_13' title="bbox 210 1357 1862 1425; baseline -0.002 -10"><span class='ocrx_word' id='word_1_69' title='bbox 210 1361 291 1417; x_wconf 89' lang='lat' dir='ltr'>ibi</span> <span class='ocrx_word' id='word_1_70' title='bbox 343 1360 621 1425; x_wconf 89' lang='lat' dir='ltr'>occurrit,</span> <span class='ocrx_word' id='word_1_71' title='bbox 655 1359 754 1414; x_wconf 92' lang='lat' dir='ltr'>ubi</span> <span class='ocrx_word' id='word_1_72' title='bbox 804 1358 902 1415; x_wconf 91' lang='lat' dir='ltr'>ille</span> <span class='ocrx_word' id='word_1_73' title='bbox 954 1365 1152 1415; x_wconf 86' lang='lat' dir='ltr'>narrat</span> <span class='ocrx_word' id='word_1_74' title='bbox 1199 1375 1281 1424; x_wconf 91' lang='lat' dir='ltr'>se,</span> <span class='ocrx_word' id='word_1_75' title='bbox 1314 1375 1448 1414; x_wconf 92' lang='lat' dir='ltr'>cum</span> <span class='ocrx_word' id='word_1_76' title='bbox 1498 1359 1558 1413; x_wconf 90' lang='lat' dir='ltr'>in</span> <span class='ocrx_word' id='word_1_77' title='bbox 1606 1357 1862 1413; x_wconf 91' lang='lat' dir='ltr'>belluam</span> 
     </span>
    </p>
   </div>
   <div class='ocr_carea' id='block_1_14' title="bbox 206 1447 1865 1521">
    <p class='ocr_par' dir='ltr' id='par_1_14' title="bbox 206 1447 1865 1521">
     <span class='ocr_line' id='line_1_14' title="bbox 206 1447 1865 1521; baseline -0.004 -15"><span class='ocrx_word' id='word_1_78' title='bbox 206 1450 529 1506; x_wconf 82' lang='lat' dir='ltr'>immanem</span> <span class='ocrx_word' id='word_1_79' title='bbox 560 1449 891 1516; x_wconf 87' lang='lat' dir='ltr'>incidisset,</span> <span class='ocrx_word' id='word_1_80' title='bbox 923 1449 995 1504; x_wconf 79' lang='lat' dir='ltr'>ab</span> <span class='ocrx_word' id='word_1_81' title='bbox 1051 1466 1169 1504; x_wconf 89' lang='lat' dir='ltr'>una</span> <span class='ocrx_word' id='word_1_82' title='bbox 1226 1448 1472 1520; x_wconf 88' lang='lat' dir='ltr'>virgine,</span> <span class='ocrx_word' id='word_1_83' title='bbox 1507 1465 1633 1521; x_wconf 66' lang='lat' dir='ltr'>qua:</span> <span class='ocrx_word' id='word_1_84' title='bbox 1675 1447 1865 1519; x_wconf 89' lang='lat' dir='ltr'>ﬁgura</span> 
     </span>
    </p>
   </div>
   <div class='ocr_carea' id='block_1_15' title="bbox 206 1537 1861 1609">
    <p class='ocr_par' dir='ltr' id='par_1_15' title="bbox 206 1537 1861 1609">
     <span class='ocr_line' id='line_1_15' title="bbox 206 1537 1861 1609; baseline -0.003 -14"><span class='ocrx_word' id='word_1_85' title='bbox 206 1539 475 1596; x_wconf 77' lang='lat' dir='ltr'>Ecclesiae</span> <span class='ocrx_word' id='word_1_86' title='bbox 535 1543 679 1606; x_wconf 88' lang='lat' dir='ltr'>erat,</span> <span class='ocrx_word' id='word_1_87' title='bbox 714 1538 1055 1594; x_wconf 88' lang='lat' dir='ltr'>audivisse:</span> <span class='ocrx_word' id='word_1_88' title='bbox 1104 1538 1253 1593; x_wconf 83' lang='lat' dir='ltr'>Misit</span> <span class='ocrx_word' id='word_1_89' title='bbox 1296 1539 1559 1594; x_wconf 89' lang='lat' dir='ltr'>Dominus</span> <span class='ocrx_word' id='word_1_90' title='bbox 1599 1537 1861 1609; x_wconf 86' lang='lat' dir='ltr'>angelum</span> 
     </span>
    </p>
   </div>
   <div class='ocr_carea' id='block_1_16' title="bbox 202 1626 1864 1698">
    <p class='ocr_par' dir='ltr' id='par_1_16' title="bbox 202 1626 1864 1698">
     <span class='ocr_line' id='line_1_16' title="bbox 202 1626 1864 1698; baseline -0.002 -13"><span class='ocrx_word' id='word_1_91' title='bbox 202 1646 373 1685; x_wconf 87' lang='lat' dir='ltr'>suum</span> <span class='ocrx_word' id='word_1_92' title='bbox 404 1644 572 1698; x_wconf 87' lang='lat' dir='ltr'>super</span> <span class='ocrx_word' id='word_1_93' title='bbox 604 1629 824 1693; x_wconf 78' lang='lat' dir='ltr'>bestias,</span> <span class='ocrx_word' id='word_1_94' title='bbox 857 1630 949 1683; x_wconf 87' lang='lat' dir='ltr'>cui</span> <span class='ocrx_word' id='word_1_95' title='bbox 992 1642 1189 1683; x_wconf 84' lang='lat' dir='ltr'>nomen</span> <span class='ocrx_word' id='word_1_96' title='bbox 1235 1631 1311 1683; x_wconf 89' lang='lat' dir='ltr'>est</span> <span class='ocrx_word' id='word_1_97' title='bbox 1354 1628 1577 1698; x_wconf 82' lang='lat' dir='ltr'>Hegrin,</span> <span class='ocrx_word' id='word_1_98' title='bbox 1609 1630 1660 1682; x_wconf 90' lang='lat' dir='ltr'>et</span> <span class='ocrx_word' id='word_1_99' title='bbox 1705 1626 1864 1682; x_wconf 90' lang='lat' dir='ltr'>obtu-</span> 
     </span>
    </p>
   </div>
   <div class='ocr_carea' id='block_1_17' title="bbox 204 1715 1861 1791">
    <p class='ocr_par' dir='ltr' id='par_1_17' title="bbox 204 1715 1861 1791">
     <span class='ocr_line' id='line_1_17' title="bbox 204 1715 1861 1791; baseline -0.002 -17"><span class='ocrx_word' id='word_1_100' title='bbox 204 1721 353 1775; x_wconf 88' lang='lat' dir='ltr'>ravit</span> <span class='ocrx_word' id='word_1_101' title='bbox 385 1735 441 1776; x_wconf 88' lang='lat' dir='ltr'>os</span> <span class='ocrx_word' id='word_1_102' title='bbox 470 1720 609 1791; x_wconf 84' lang='lat' dir='ltr'>ejus,</span> <span class='ocrx_word' id='word_1_103' title='bbox 640 1734 710 1773; x_wconf 88' lang='lat' dir='ltr'>ne</span> <span class='ocrx_word' id='word_1_104' title='bbox 741 1718 1050 1774; x_wconf 82' lang='lat' dir='ltr'>dilaniaret</span> <span class='ocrx_word' id='word_1_105' title='bbox 1080 1721 1151 1773; x_wconf 90' lang='lat' dir='ltr'>te.</span> <span class='ocrx_word' id='word_1_106' title='bbox 1184 1719 1503 1772; x_wconf 87' lang='lat' dir='ltr'>Autumant</span> <span class='ocrx_word' id='word_1_107' title='bbox 1531 1715 1685 1771; x_wconf 88' lang='lat' dir='ltr'>enim</span> <span class='ocrx_word' id='word_1_108' title='bbox 1717 1732 1861 1770; x_wconf 87' lang='lat' dir='ltr'>non-</span> 
     </span>
    </p>
   </div>
   <div class='ocr_carea' id='block_1_18' title="bbox 202 1804 1864 1880">
    <p class='ocr_par' dir='ltr' id='par_1_18' title="bbox 202 1804 1864 1880">
     <span class='ocr_line' id='line_1_18' title="bbox 202 1804 1864 1880; baseline -0.002 -16"><span class='ocrx_word' id='word_1_109' title='bbox 202 1808 357 1864; x_wconf 89' lang='lat' dir='ltr'>nulli</span> <span class='ocrx_word' id='word_1_110' title='bbox 394 1808 810 1880; x_wconf 83' lang='lat' dir='ltr'>Hieronymum</span> <span class='ocrx_word' id='word_1_111' title='bbox 843 1806 955 1862; x_wconf 90' lang='lat' dir='ltr'>sibi</span> <span class='ocrx_word' id='word_1_112' title='bbox 986 1807 1045 1862; x_wconf 92' lang='lat' dir='ltr'>in</span> <span class='ocrx_word' id='word_1_113' title='bbox 1079 1805 1343 1861; x_wconf 90' lang='lat' dir='ltr'>animum</span> <span class='ocrx_word' id='word_1_114' title='bbox 1373 1804 1674 1861; x_wconf 83' lang='lat' dir='ltr'>induxisse</span> <span class='ocrx_word' id='word_1_115' title='bbox 1693 1806 1740 1839; x_wconf 75' lang='lat'>7‘</span> <span class='ocrx_word' id='word_1_116' title='bbox 1767 1806 1864 1860; x_wconf 85' lang='lat' dir='ltr'>He-</span> 
     </span>
    </p>
   </div>
   <div class='ocr_carea' id='block_1_19' title="bbox 1968 625 3619 701">
    <p class='ocr_par' dir='ltr' id='par_1_19' title="bbox 1968 625 3619 701">
     <span class='ocr_line' id='line_1_19' title="bbox 1968 625 3619 701; baseline 0.005 -22"><span class='ocrx_word' id='word_1_117' title='bbox 1968 625 2089 681; x_wconf 91' lang='lat' dir='ltr'>illic</span> <span class='ocrx_word' id='word_1_118' title='bbox 2143 627 2374 699; x_wconf 87' lang='lat' dir='ltr'>adjecit,</span> <span class='ocrx_word' id='word_1_119' title='bbox 2423 627 2696 701; x_wconf 89' lang='lat' dir='ltr'>angelum</span> <span class='ocrx_word' id='word_1_120' title='bbox 2751 646 2877 685; x_wconf 90' lang='lat' dir='ltr'>esse</span> <span class='ocrx_word' id='word_1_121' title='bbox 2924 646 3088 701; x_wconf 85' lang='lat' dir='ltr'>super</span> <span class='ocrx_word' id='word_1_122' title='bbox 3136 631 3378 699; x_wconf 83' lang='lat' dir='ltr'>bestiam,</span> <span class='ocrx_word' id='word_1_123' title='bbox 3420 630 3478 685; x_wconf 88' lang='lat' dir='ltr'>id</span> <span class='ocrx_word' id='word_1_124' title='bbox 3527 634 3619 687; x_wconf 90' lang='lat' dir='ltr'>est</span> 
     </span>
    </p>
   </div>
   <div class='ocr_carea' id='block_1_20' title="bbox 1971 718 3617 790">
    <p class='ocr_par' dir='ltr' id='par_1_20' title="bbox 1971 718 3617 790">
     <span class='ocr_line' id='line_1_20' title="bbox 1971 718 3617 790; baseline 0.002 -19"><span class='ocrx_word' id='word_1_125' title='bbox 1971 732 2148 787; x_wconf 88' lang='lat' dir='ltr'>super</span> <span class='ocrx_word' id='word_1_126' title='bbox 2175 722 2478 788; x_wconf 80' lang='lat' dir='ltr'>[ressuram</span> <span class='ocrx_word' id='word_1_127' title='bbox 2506 724 2980 790; x_wconf 83' lang='lat' dir='ltr'>superventuram,</span> <span class='ocrx_word' id='word_1_128' title='bbox 3006 718 3152 774; x_wconf 90' lang='lat' dir='ltr'>nihil</span> <span class='ocrx_word' id='word_1_129' title='bbox 3186 719 3343 775; x_wconf 90' lang='lat' dir='ltr'>aliud</span> <span class='ocrx_word' id='word_1_130' title='bbox 3376 718 3488 775; x_wconf 88' lang='lat' dir='ltr'>sibi</span> <span class='ocrx_word' id='word_1_131' title='bbox 3516 736 3617 775; x_wconf 88' lang='lat' dir='ltr'>vo-</span> 
     </span>
    </p>
   </div>
   <div class='ocr_carea' id='block_1_21' title="bbox 1969 804 3615 880">
    <p class='ocr_par' dir='ltr' id='par_1_21' title="bbox 1969 804 3615 880">
     <span class='ocr_line' id='line_1_21' title="bbox 1969 804 3615 880; baseline 0.002 -20"><span class='ocrx_word' id='word_1_132' title='bbox 1969 804 2081 860; x_wconf 90' lang='lat' dir='ltr'>luit</span> <span class='ocrx_word' id='word_1_133' title='bbox 2111 807 2174 876; x_wconf 69' lang='grc' dir='ltr'>τε,</span> <span class='ocrx_word' id='word_1_134' title='bbox 2207 806 2319 862; x_wconf 90' lang='lat' dir='ltr'>nisi</span> <span class='ocrx_word' id='word_1_135' title='bbox 2350 808 2622 863; x_wconf 91' lang='lat' dir='ltr'>eumdem</span> <span class='ocrx_word' id='word_1_136' title='bbox 2654 807 2927 879; x_wconf 89' lang='lat' dir='ltr'>angelum</span> <span class='ocrx_word' id='word_1_137' title='bbox 2967 826 3001 862; x_wconf 88' lang='lat' dir='ltr'>a</span> <span class='ocrx_word' id='word_1_138' title='bbox 3031 808 3146 864; x_wconf 89' lang='lat' dir='ltr'>Deo</span> <span class='ocrx_word' id='word_1_139' title='bbox 3177 824 3304 864; x_wconf 88' lang='lat' dir='ltr'>esse</span> <span class='ocrx_word' id='word_1_140' title='bbox 3332 809 3615 880; x_wconf 67' lang='lat' dir='ltr'>praeposi-</span> 
     </span>
    </p>
   </div>
   <div class='ocr_carea' id='block_1_22' title="bbox 1969 895 3614 971">
    <p class='ocr_par' dir='ltr' id='par_1_22' title="bbox 1969 895 3614 971">
     <span class='ocr_line' id='line_1_22' title="bbox 1969 895 3614 971; baseline 0.003 -23"><span class='ocrx_word' id='word_1_141' title='bbox 1969 898 2119 963; x_wconf 88' lang='lat' dir='ltr'>tum,</span> <span class='ocrx_word' id='word_1_142' title='bbox 2153 900 2218 951; x_wconf 91' lang='lat' dir='ltr'>ut</span> <span class='ocrx_word' id='word_1_143' title='bbox 2264 895 2629 952; x_wconf 88' lang='lat' dir='ltr'>Christianos</span> <span class='ocrx_word' id='word_1_144' title='bbox 2671 898 2951 953; x_wconf 87' lang='lat' dir='ltr'>adversus</span> <span class='ocrx_word' id='word_1_145' title='bbox 2980 898 3385 953; x_wconf 88' lang='lat' dir='ltr'>imminentem</span> <span class='ocrx_word' id='word_1_146' title='bbox 3415 903 3614 971; x_wconf 84' lang='lat' dir='ltr'>tyran-</span> 
     </span>
    </p>
   </div>
   <div class='ocr_carea' id='block_1_23' title="bbox 1971 986 3449 1058">
    <p class='ocr_par' dir='ltr' id='par_1_23' title="bbox 1971 986 3449 1058">
     <span class='ocr_line' id='line_1_23' title="bbox 1971 986 3449 1058; baseline 0.003 -19"><span class='ocrx_word' id='word_1_147' title='bbox 1971 1001 2181 1041; x_wconf 91' lang='lat' dir='ltr'>norum</span> <span class='ocrx_word' id='word_1_148' title='bbox 2214 986 2679 1058; x_wconf 87' lang='lat' dir='ltr'>persecutionem</span> <span class='ocrx_word' id='word_1_149' title='bbox 2711 986 3046 1042; x_wconf 84' lang='lat' dir='ltr'>defenderet</span> <span class='ocrx_word' id='word_1_150' title='bbox 3075 1004 3142 1043; x_wconf 91' lang='lat' dir='ltr'>ac</span> <span class='ocrx_word' id='word_1_151' title='bbox 3170 991 3449 1043; x_wconf 85' lang='lat' dir='ltr'>tueretur.</span> 
     </span>
    </p>
   </div>
   <div class='ocr_carea' id='block_1_24' title="bbox 2496 1090 3139 1151">
    <p class='ocr_par' dir='ltr' id='par_1_24' title="bbox 2496 1090 3139 1151">
     <span class='ocr_line' id='line_1_24' title="bbox 2496 1090 3139 1151; baseline -0.002 -2"><span class='ocrx_word' id='word_1_152' title='bbox 2496 1093 2760 1150; x_wconf 84' lang='lat' dir='ltr'>ARTICU</span> <span class='ocrx_word' id='word_1_153' title='bbox 2770 1093 2902 1151; x_wconf 91' lang='lat' dir='ltr'>LUS</span> <span class='ocrx_word' id='word_1_154' title='bbox 2942 1093 3082 1149; x_wconf 87' lang='lat' dir='ltr'>XXI.</span> <span class='ocrx_word' id='word_1_155' title='bbox 3135 1090 3139 1095; x_wconf 61' lang='grc'><strong><em>⁷</em></strong></span> 
     </span>
    </p>
   </div>
   <div class='ocr_carea' id='block_1_25' title="bbox 2316 1182 3272 1255">
    <p class='ocr_par' dir='ltr' id='par_1_25' title="bbox 2316 1182 3272 1255">
     <span class='ocr_line' id='line_1_25' title="bbox 2316 1182 3272 1255; baseline -0.001 -16"><span class='ocrx_word' id='word_1_156' title='bbox 2316 1186 2462 1239; x_wconf 72' lang='lat' dir='ltr'>Num</span> <span class='ocrx_word' id='word_1_157' title='bbox 2490 1182 2683 1255; x_wconf 84' lang='lat' dir='ltr'>angeli</span> <span class='ocrx_word' id='word_1_158' title='bbox 2711 1185 2907 1239; x_wconf 83' lang='lat' dir='ltr'>omnia</span> <span class='ocrx_word' id='word_1_159' title='bbox 2938 1184 3272 1240; x_wconf 87' lang='lat' dir='ltr'>creaverint.</span> 
     </span>
    </p>
   </div>
   <div class='ocr_carea' id='block_1_26' title="bbox 2042 1270 3615 1345">
    <p class='ocr_par' dir='ltr' id='par_1_26' title="bbox 2042 1270 3615 1345">
     <span class='ocr_line' id='line_1_26' title="bbox 2042 1270 3615 1345; baseline 0.002 -20"><span class='ocrx_word' id='word_1_160' title='bbox 2042 1270 2272 1326; x_wconf 90' lang='lat' dir='ltr'>Tertius</span> <span class='ocrx_word' id='word_1_161' title='bbox 2303 1271 2524 1327; x_wconf 65' lang='lat' dir='ltr'>Hermas</span> <span class='ocrx_word' id='word_1_162' title='bbox 2556 1271 2719 1328; x_wconf 92' lang='lat' dir='ltr'>locus</span> <span class='ocrx_word' id='word_1_163' title='bbox 2749 1272 2849 1345; x_wconf 90' lang='lat' dir='ltr'>qui</span> <span class='ocrx_word' id='word_1_164' title='bbox 2871 1273 3213 1329; x_wconf 88' lang='lat' dir='ltr'>enodatione</span> <span class='ocrx_word' id='word_1_165' title='bbox 3242 1272 3435 1344; x_wconf 88' lang='lat' dir='ltr'>aliqua</span> <span class='ocrx_word' id='word_1_166' title='bbox 3461 1273 3615 1329; x_wconf 89' lang='lat' dir='ltr'>indi-</span> 
     </span>
    </p>
   </div>
   <div class='ocr_carea' id='block_1_27' title="bbox 1971 1360 3618 1433">
    <p class='ocr_par' dir='ltr' id='par_1_27' title="bbox 1971 1360 3618 1433">
     <span class='ocr_line' id='line_1_27' title="bbox 1971 1360 3618 1433; baseline 0.002 -18"><span class='ocrx_word' id='word_1_167' title='bbox 1971 1364 2085 1432; x_wconf 87' lang='lat' dir='ltr'>get,</span> <span class='ocrx_word' id='word_1_168' title='bbox 2113 1361 2184 1415; x_wconf 92' lang='lat' dir='ltr'>ad</span> <span class='ocrx_word' id='word_1_169' title='bbox 2217 1377 2423 1417; x_wconf 88' lang='lat' dir='ltr'>omnes</span> <span class='ocrx_word' id='word_1_170' title='bbox 2444 1360 2681 1433; x_wconf 84' lang='lat' dir='ltr'>angelos</span> <span class='ocrx_word' id='word_1_171' title='bbox 2704 1366 2949 1433; x_wconf 87' lang='lat' dir='ltr'>spectat.</span> <span class='ocrx_word' id='word_1_172' title='bbox 2974 1364 3117 1418; x_wconf 91' lang='lat' dir='ltr'>Cum</span> <span class='ocrx_word' id='word_1_173' title='bbox 3140 1363 3297 1418; x_wconf 89' lang='lat' dir='ltr'>enim</span> <span class='ocrx_word' id='word_1_174' title='bbox 3327 1361 3424 1419; x_wconf 90' lang='lat' dir='ltr'>ille</span> <span class='ocrx_word' id='word_1_175' title='bbox 3444 1362 3618 1418; x_wconf 84' lang='lat' dir='ltr'>dixis-</span> 
     </span>
    </p>
   </div>
   <div class='ocr_carea' id='block_1_28' title="bbox 1972 1449 3617 1524">
    <p class='ocr_par' dir='ltr' id='par_1_28' title="bbox 1972 1449 3617 1524">
     <span class='ocr_line' id='line_1_28' title="bbox 1972 1449 3617 1524; baseline 0.003 -21"><span class='ocrx_word' id='word_1_176' title='bbox 1972 1453 2059 1504; x_wconf 89' lang='lat' dir='ltr'>set</span> <span class='ocrx_word' id='word_1_177' title='bbox 2097 1449 2335 1521; x_wconf 88' lang='lat' dir='ltr'>angelos</span> <span class='ocrx_word' id='word_1_178' title='bbox 2364 1450 2516 1505; x_wconf 91' lang='lat' dir='ltr'>inter</span> <span class='ocrx_word' id='word_1_179' title='bbox 2546 1456 2847 1507; x_wconf 89' lang='lat' dir='ltr'>creaturas</span> <span class='ocrx_word' id='word_1_180' title='bbox 2874 1451 3096 1523; x_wconf 91' lang='lat' dir='ltr'>primos</span> <span class='ocrx_word' id='word_1_181' title='bbox 3128 1468 3255 1507; x_wconf 88' lang='lat' dir='ltr'>esse</span> <span class='ocrx_word' id='word_1_182' title='bbox 3283 1468 3430 1524; x_wconf 87' lang='lat' dir='ltr'>quos</span> <span class='ocrx_word' id='word_1_183' title='bbox 3461 1452 3617 1509; x_wconf 89' lang='lat' dir='ltr'>Deus</span> 
     </span>
    </p>
   </div>
   <div class='ocr_carea' id='block_1_29' title="bbox 1971 1538 3617 1615">
    <p class='ocr_par' dir='ltr' id='par_1_29' title="bbox 1971 1538 3617 1615">
     <span class='ocr_line' id='line_1_29' title="bbox 1971 1538 3617 1615; baseline 0.003 -22"><span class='ocrx_word' id='word_1_184' title='bbox 1971 1538 2270 1609; x_wconf 90' lang='lat' dir='ltr'>creaverit,</span> <span class='ocrx_word' id='word_1_185' title='bbox 2322 1543 2447 1594; x_wconf 91' lang='lat' dir='ltr'>tum</span> <span class='ocrx_word' id='word_1_186' title='bbox 2508 1540 2817 1612; x_wconf 88' lang='lat' dir='ltr'>subjungit</span> <span class='ocrx_word' id='word_1_187' title='bbox 2845 1542 2935 1596; x_wconf 63' lang='lat' dir='ltr'>7il:</span> <span class='ocrx_word' id='word_1_188' title='bbox 2995 1542 3065 1596; x_wconf 87' lang='lat' dir='ltr'>Hi</span> <span class='ocrx_word' id='word_1_189' title='bbox 3108 1544 3237 1597; x_wconf 88' lang='lat' dir='ltr'>sunt</span> <span class='ocrx_word' id='word_1_190' title='bbox 3279 1539 3472 1611; x_wconf 83' lang='lat' dir='ltr'>angeli</span> <span class='ocrx_word' id='word_1_191' title='bbox 3517 1543 3617 1615; x_wconf 86' lang='lat' dir='ltr'>qui</span> 
     </span>
    </p>
   </div>
   <div class='ocr_carea' id='block_1_30' title="bbox 1969 1629 3618 1700">
    <p class='ocr_par' dir='ltr' id='par_1_30' title="bbox 1969 1629 3618 1700">
     <span class='ocr_line' id='line_1_30' title="bbox 1969 1629 3618 1700; baseline 0.002 -18"><span class='ocrx_word' id='word_1_192' title='bbox 1969 1629 2148 1700; x_wconf 87' lang='lat' dir='ltr'>primo</span> <span class='ocrx_word' id='word_1_193' title='bbox 2186 1630 2471 1684; x_wconf 83' lang='lat' dir='ltr'>constituti</span> <span class='ocrx_word' id='word_1_194' title='bbox 2514 1637 2661 1694; x_wconf 87' lang='lat' dir='ltr'>sunt,</span> <span class='ocrx_word' id='word_1_195' title='bbox 2694 1630 2891 1700; x_wconf 87' lang='lat' dir='ltr'>quibus</span> <span class='ocrx_word' id='word_1_196' title='bbox 2936 1630 3166 1686; x_wconf 85' lang='lat' dir='ltr'>tradidit</span> <span class='ocrx_word' id='word_1_197' title='bbox 3196 1631 3457 1686; x_wconf 85' lang='lat' dir='ltr'>Dominus</span> <span class='ocrx_word' id='word_1_198' title='bbox 3486 1631 3618 1686; x_wconf 88' lang='lat' dir='ltr'>uni-</span> 
     </span>
    </p>
   </div>
   <div class='ocr_carea' id='block_1_31' title="bbox 1969 1718 3616 1791">
    <p class='ocr_par' dir='ltr' id='par_1_31' title="bbox 1969 1718 3616 1791">
     <span class='ocr_line' id='line_1_31' title="bbox 1969 1718 3616 1791; baseline 0.002 -18"><span class='ocrx_word' id='word_1_199' title='bbox 1969 1733 2184 1773; x_wconf 85' lang='lat' dir='ltr'>versam</span> <span class='ocrx_word' id='word_1_200' title='bbox 2212 1727 2527 1774; x_wconf 87' lang='lat' dir='ltr'>creaturam</span> <span class='ocrx_word' id='word_1_201' title='bbox 2554 1735 2721 1774; x_wconf 88' lang='lat' dir='ltr'>suam</span> <span class='ocrx_word' id='word_1_202' title='bbox 2748 1719 3019 1786; x_wconf 81' lang='lat' dir='ltr'>struendi,</span> <span class='ocrx_word' id='word_1_203' title='bbox 3050 1718 3379 1791; x_wconf 70' lang='lat' dir='ltr'>aediﬁcandi</span> <span class='ocrx_word' id='word_1_204' title='bbox 3424 1727 3478 1776; x_wconf 88' lang='lat' dir='ltr'>et</span> <span class='ocrx_word' id='word_1_205' title='bbox 3522 1719 3616 1776; x_wconf 85' lang='lat' dir='ltr'>do-</span> 
     </span>
    </p>
   </div>
   <div class='ocr_carea' id='block_1_32' title="bbox 1970 1807 3615 1880">
    <p class='ocr_par' dir='ltr' id='par_1_32' title="bbox 1970 1807 3615 1880">
     <span class='ocr_line' id='line_1_32' title="bbox 1970 1807 3615 1880; baseline 0.002 -18"><span class='ocrx_word' id='word_1_206' title='bbox 1970 1807 2223 1862; x_wconf 83' lang='lat' dir='ltr'>minandi</span> <span class='ocrx_word' id='word_1_207' title='bbox 2251 1812 2525 1864; x_wconf 58' lang='lat' dir='ltr'>creaturw</span> <span class='ocrx_word' id='word_1_208' title='bbox 2567 1808 2744 1863; x_wconf 88' lang='lat' dir='ltr'>illius.</span> <span class='ocrx_word' id='word_1_209' title='bbox 2774 1809 2883 1864; x_wconf 91' lang='lat' dir='ltr'>Pro</span> <span class='ocrx_word' id='word_1_210' title='bbox 2912 1809 3085 1864; x_wconf 91' lang='lat' dir='ltr'>verbo</span> <span class='ocrx_word' id='word_1_211' title='bbox 3117 1813 3311 1865; x_wconf 88' lang='lat' dir='ltr'>autem</span> <span class='ocrx_word' id='word_1_212' title='bbox 3339 1810 3615 1880; x_wconf 84' lang='lat' dir='ltr'>struendi,</span> 
     </span>
    </p>
   </div>
   <div class='ocr_carea' id='block_1_33' title="bbox 200 1894 3617 1981">
    <p class='ocr_par' dir='ltr' id='par_1_33' title="bbox 200 1894 3617 1981">
     <span class='ocr_line' id='line_1_33' title="bbox 200 1894 3617 1981; baseline 0.001 -29"><span class='ocrx_word' id='word_1_213' title='bbox 200 1901 342 1971; x_wconf 82' lang='lat' dir='ltr'>grin</span> <span class='ocrx_word' id='word_1_214' title='bbox 389 1913 608 1954; x_wconf 89' lang='lat' dir='ltr'>nomen</span> <span class='ocrx_word' id='word_1_215' title='bbox 655 1913 783 1952; x_wconf 89' lang='lat' dir='ltr'>esse</span> <span class='ocrx_word' id='word_1_216' title='bbox 831 1895 1044 1968; x_wconf 81' lang='lat' dir='ltr'>angeli,</span> <span class='ocrx_word' id='word_1_217' title='bbox 1078 1896 1231 1966; x_wconf 87' lang='lat' dir='ltr'>quod</span> <span class='ocrx_word' id='word_1_218' title='bbox 1265 1895 1503 1966; x_wconf 90' lang='lat' dir='ltr'>quidem</span> <span class='ocrx_word' id='word_1_219' title='bbox 1551 1894 1665 1967; x_wconf 88' lang='lat' dir='ltr'>ipsi</span> <span class='ocrx_word' id='word_1_220' title='bbox 1720 1895 1862 1950; x_wconf 90' lang='lat' dir='ltr'>adeo</span> <span class='ocrx_word' id='word_1_221' title='bbox 1892 1916 1941 1981; x_wconf 83' lang='lat' dir='ltr'><strong>B</strong></span> <span class='ocrx_word' id='word_1_222' title='bbox 1973 1895 2032 1951; x_wconf 91' lang='lat' dir='ltr'>in</span> <span class='ocrx_word' id='word_1_223' title='bbox 2077 1897 2273 1952; x_wconf 91' lang='lat' dir='ltr'>codice</span> <span class='ocrx_word' id='word_1_224' title='bbox 2302 1896 2498 1953; x_wconf 89' lang='lat' dir='ltr'>Sancti</span> <span class='ocrx_word' id='word_1_225' title='bbox 2528 1898 2801 1953; x_wconf 86' lang='lat' dir='ltr'>Germani</span> <span class='ocrx_word' id='word_1_226' title='bbox 2855 1915 2890 1952; x_wconf 87' lang='lat' dir='ltr'>a</span> <span class='ocrx_word' id='word_1_227' title='bbox 2931 1898 3139 1967; x_wconf 86' lang='lat' dir='ltr'>Pratis,</span> <span class='ocrx_word' id='word_1_228' title='bbox 3173 1898 3245 1953; x_wconf 89' lang='lat' dir='ltr'>ab</span> <span class='ocrx_word' id='word_1_229' title='bbox 3294 1898 3464 1955; x_wconf 86' lang='lat' dir='ltr'>annis</span> <span class='ocrx_word' id='word_1_230' title='bbox 3509 1899 3617 1954; x_wconf 89' lang='lat'>800</span> 
     </span>
    </p>
   </div>
   <div class='ocr_carea' id='block_1_34' title="bbox 200 1983 1859 2057">
    <p class='ocr_par' dir='ltr' id='par_1_34' title="bbox 200 1983 1859 2057">
     <span class='ocr_line' id='line_1_34' title="bbox 200 1983 1859 2057; baseline -0.002 -15"><span class='ocrx_word' id='word_1_231' title='bbox 200 1986 523 2043; x_wconf 88' lang='lat' dir='ltr'>ridiculum</span> <span class='ocrx_word' id='word_1_232' title='bbox 555 1986 902 2057; x_wconf 87' lang='lat' dir='ltr'>fatuumque</span> <span class='ocrx_word' id='word_1_233' title='bbox 930 1984 1125 2040; x_wconf 91' lang='lat' dir='ltr'>visum</span> <span class='ocrx_word' id='word_1_234' title='bbox 1156 1988 1263 2052; x_wconf 87' lang='lat' dir='ltr'>est,</span> <span class='ocrx_word' id='word_1_235' title='bbox 1298 1988 1362 2039; x_wconf 91' lang='lat' dir='ltr'>ut</span> <span class='ocrx_word' id='word_1_236' title='bbox 1399 1984 1510 2040; x_wconf 90' lang='lat' dir='ltr'>hoc</span> <span class='ocrx_word' id='word_1_237' title='bbox 1540 1983 1725 2056; x_wconf 85' lang='lat' dir='ltr'>elogio</span> <span class='ocrx_word' id='word_1_238' title='bbox 1758 2000 1859 2038; x_wconf 91' lang='lat' dir='ltr'>au-</span> 
     </span>
    </p>
   </div>
   <div class='ocr_carea' id='block_1_35' title="bbox 201 2072 1861 2145">
    <p class='ocr_par' dir='ltr' id='par_1_35' title="bbox 201 2072 1861 2145">
     <span class='ocr_line' id='line_1_35' title="bbox 201 2072 1861 2145; baseline -0.002 -13"><span class='ocrx_word' id='word_1_239' title='bbox 201 2077 389 2133; x_wconf 91' lang='lat' dir='ltr'>ctoris</span> <span class='ocrx_word' id='word_1_240' title='bbox 414 2076 599 2132; x_wconf 83' lang='lat' dir='ltr'>nostri</span> <span class='ocrx_word' id='word_1_241' title='bbox 626 2075 845 2130; x_wconf 90' lang='lat' dir='ltr'>librum</span> <span class='ocrx_word' id='word_1_242' title='bbox 870 2074 1185 2130; x_wconf 84' lang='lat' dir='ltr'>notaverit:</span> <span class='ocrx_word' id='word_1_243' title='bbox 1215 2075 1378 2130; x_wconf 88' lang='lat' dir='ltr'>Liber</span> <span class='ocrx_word' id='word_1_244' title='bbox 1396 2072 1501 2128; x_wconf 88' lang='lat' dir='ltr'>ille</span> <span class='ocrx_word' id='word_1_245' title='bbox 1518 2077 1861 2145; x_wconf 78' lang='lat' dir='ltr'>apocryphus</span> 
     </span>
    </p>
   </div>
   <div class='ocr_carea' id='block_1_36' title="bbox 197 2152 1862 2236">
    <p class='ocr_par' dir='ltr' id='par_1_36' title="bbox 197 2152 1862 2236">
     <span class='ocr_line' id='line_1_36' title="bbox 197 2152 1862 2236; baseline -0.003 -13"><span class='ocrx_word' id='word_1_246' title='bbox 197 2168 464 2223; x_wconf 68' lang='lat' dir='ltr'>stultitiae</span> <span class='ocrx_word' id='word_1_247' title='bbox 518 2164 963 2221; x_wconf 82' lang='lat' dir='ltr'>condemnandus</span> <span class='ocrx_word' id='word_1_248' title='bbox 1021 2152 1121 2229; x_wconf 82' lang='lat' dir='ltr'>est,</span> <span class='ocrx_word' id='word_1_249' title='bbox 1181 2166 1243 2219; x_wconf 87' lang='lat' dir='ltr'>in</span> <span class='ocrx_word' id='word_1_250' title='bbox 1297 2179 1402 2236; x_wconf 83' lang='lat' dir='ltr'>quo</span> <span class='ocrx_word' id='word_1_251' title='bbox 1458 2164 1727 2234; x_wconf 86' lang='lat' dir='ltr'>scriptum</span> <span class='ocrx_word' id='word_1_252' title='bbox 1782 2166 1862 2218; x_wconf 88' lang='lat' dir='ltr'>est</span> 
     </span>
    </p>
   </div>
   <div class='ocr_carea' id='block_1_37' title="bbox 196 2252 1857 2329">
    <p class='ocr_par' dir='ltr' id='par_1_37' title="bbox 196 2252 1857 2329">
     <span class='ocr_line' id='line_1_37' title="bbox 196 2252 1857 2329; baseline -0.005 -16"><span class='ocrx_word' id='word_1_253' title='bbox 196 2257 497 2329; x_wconf 85' lang='lat' dir='ltr'>quemdam</span> <span class='ocrx_word' id='word_1_254' title='bbox 529 2257 787 2325; x_wconf 90' lang='lat' dir='ltr'>angelum</span> <span class='ocrx_word' id='word_1_255' title='bbox 832 2255 1053 2309; x_wconf 88' lang='lat' dir='ltr'>nomine</span> <span class='ocrx_word' id='word_1_256' title='bbox 1104 2254 1230 2324; x_wconf 85' lang='lat' dir='ltr'>Tyri</span> <span class='ocrx_word' id='word_1_257' title='bbox 1276 2268 1506 2323; x_wconf 73' lang='lat' dir='ltr'>praeesse</span> <span class='ocrx_word' id='word_1_258' title='bbox 1549 2252 1857 2323; x_wconf 87' lang='lat' dir='ltr'>reptilibus.</span> 
     </span>
    </p>
   </div>
   <div class='ocr_carea' id='block_1_38' title="bbox 194 2340 1861 2414">
    <p class='ocr_par' dir='ltr' id='par_1_38' title="bbox 194 2340 1861 2414">
     <span class='ocr_line' id='line_1_38' title="bbox 194 2340 1861 2414; baseline -0.004 -12"><span class='ocrx_word' id='word_1_259' title='bbox 194 2346 315 2402; x_wconf 87' lang='lat' dir='ltr'>Alii</span> <span class='ocrx_word' id='word_1_260' title='bbox 351 2349 547 2401; x_wconf 88' lang='lat' dir='ltr'>tamen</span> <span class='ocrx_word' id='word_1_261' title='bbox 580 2344 726 2399; x_wconf 91' lang='lat' dir='ltr'>illud</span> <span class='ocrx_word' id='word_1_262' title='bbox 761 2344 832 2399; x_wconf 90' lang='lat' dir='ltr'>ab</span> <span class='ocrx_word' id='word_1_263' title='bbox 857 2342 1193 2414; x_wconf 83' lang='lat' dir='ltr'>Hieronymi</span> <span class='ocrx_word' id='word_1_264' title='bbox 1217 2346 1410 2397; x_wconf 84' lang='lat' dir='ltr'>mente</span> <span class='ocrx_word' id='word_1_265' title='bbox 1441 2341 1522 2395; x_wconf 86' lang='lat' dir='ltr'>ita</span> <span class='ocrx_word' id='word_1_266' title='bbox 1550 2340 1861 2396; x_wconf 88' lang='lat' dir='ltr'>abhorrere</span> 
     </span>
    </p>
   </div>
   <div class='ocr_carea' id='block_1_39' title="bbox 196 2430 1859 2508">
    <p class='ocr_par' dir='ltr' id='par_1_39' title="bbox 196 2430 1859 2508">
     <span class='ocr_line' id='line_1_39' title="bbox 196 2430 1859 2508; baseline -0.003 -18"><span class='ocrx_word' id='word_1_267' title='bbox 196 2438 579 2508; x_wconf 90' lang='lat' dir='ltr'>putaverunt,</span> <span class='ocrx_word' id='word_1_268' title='bbox 616 2436 681 2487; x_wconf 92' lang='lat' dir='ltr'>ut</span> <span class='ocrx_word' id='word_1_269' title='bbox 727 2432 895 2487; x_wconf 91' lang='lat' dir='ltr'>illum</span> <span class='ocrx_word' id='word_1_270' title='bbox 947 2432 1017 2487; x_wconf 90' lang='lat' dir='ltr'>de</span> <span class='ocrx_word' id='word_1_271' title='bbox 1064 2431 1318 2503; x_wconf 90' lang='lat' dir='ltr'>quodam</span> <span class='ocrx_word' id='word_1_272' title='bbox 1350 2430 1497 2485; x_wconf 88' lang='lat' dir='ltr'>libro</span> <span class='ocrx_word' id='word_1_273' title='bbox 1529 2430 1859 2502; x_wconf 90' lang='lat' dir='ltr'>apocrypho</span> 
     </span>
    </p>
   </div>
   <div class='ocr_carea' id='block_1_40' title="bbox 197 2518 1859 2596">
    <p class='ocr_par' dir='ltr' id='par_1_40' title="bbox 197 2518 1859 2596">
     <span class='ocr_line' id='line_1_40' title="bbox 197 2518 1859 2596; baseline -0.005 -16"><span class='ocrx_word' id='word_1_274' title='bbox 197 2540 271 2580; x_wconf 82' lang='lat' dir='ltr'>ac</span> <span class='ocrx_word' id='word_1_275' title='bbox 305 2523 611 2596; x_wconf 87' lang='lat' dir='ltr'>deperdito</span> <span class='ocrx_word' id='word_1_276' title='bbox 644 2522 757 2577; x_wconf 88' lang='lat' dir='ltr'>ista</span> <span class='ocrx_word' id='word_1_277' title='bbox 789 2520 1099 2592; x_wconf 90' lang='lat' dir='ltr'>scripsisse</span> <span class='ocrx_word' id='word_1_278' title='bbox 1126 2518 1492 2574; x_wconf 89' lang='lat' dir='ltr'>tradiderint.</span> <span class='ocrx_word' id='word_1_279' title='bbox 1525 2520 1596 2573; x_wconf 90' lang='lat' dir='ltr'>Et</span> <span class='ocrx_word' id='word_1_280' title='bbox 1639 2535 1700 2574; x_wconf 89' lang='lat' dir='ltr'>re</span> <span class='ocrx_word' id='word_1_281' title='bbox 1728 2518 1859 2590; x_wconf 86' lang='lat' dir='ltr'>qui-</span> 
     </span>
    </p>
   </div>
   <div class='ocr_carea' id='block_1_41' title="bbox 198 2607 1856 2685">
    <p class='ocr_par' dir='ltr' id='par_1_41' title="bbox 198 2607 1856 2685">
     <span class='ocr_line' id='line_1_41' title="bbox 198 2607 1856 2685; baseline -0.004 -16"><span class='ocrx_word' id='word_1_282' title='bbox 198 2614 342 2669; x_wconf 86' lang='lat' dir='ltr'>dem</span> <span class='ocrx_word' id='word_1_283' title='bbox 391 2613 523 2685; x_wconf 88' lang='lat' dir='ltr'>ipsa</span> <span class='ocrx_word' id='word_1_284' title='bbox 570 2612 711 2683; x_wconf 89' lang='lat' dir='ltr'>quid</span> <span class='ocrx_word' id='word_1_285' title='bbox 767 2611 826 2665; x_wconf 89' lang='lat' dir='ltr'>in</span> <span class='ocrx_word' id='word_1_286' title='bbox 880 2609 973 2666; x_wconf 90' lang='lat' dir='ltr'>his</span> <span class='ocrx_word' id='word_1_287' title='bbox 1002 2608 1193 2665; x_wconf 87' lang='lat' dir='ltr'>verbis</span> <span class='ocrx_word' id='word_1_288' title='bbox 1222 2607 1677 2680; x_wconf 89' lang='lat' dir='ltr'>deprehenditur</span> <span class='ocrx_word' id='word_1_289' title='bbox 1706 2608 1856 2678; x_wconf 89' lang='lat' dir='ltr'>quod</span> 
     </span>
    </p>
   </div>
   <div class='ocr_carea' id='block_1_42' title="bbox 200 2696 1889 2774">
    <p class='ocr_par' dir='ltr' id='par_1_42' title="bbox 200 2696 1889 2774">
     <span class='ocr_line' id='line_1_42' title="bbox 200 2696 1889 2774; baseline -0.004 -17"><span class='ocrx_word' id='word_1_290' title='bbox 200 2703 467 2758; x_wconf 53' lang='lat' dir='ltr'>stultitim</span> <span class='ocrx_word' id='word_1_291' title='bbox 498 2701 665 2774; x_wconf 87' lang='lat' dir='ltr'>argui</span> <span class='ocrx_word' id='word_1_292' title='bbox 697 2698 933 2772; x_wconf 84' lang='lat' dir='ltr'>possit?</span> <span class='ocrx_word' id='word_1_293' title='bbox 972 2699 1122 2753; x_wconf 92' lang='lat' dir='ltr'>Num</span> <span class='ocrx_word' id='word_1_294' title='bbox 1157 2698 1285 2753; x_wconf 84' lang='lat' dir='ltr'>ideo</span> <span class='ocrx_word' id='word_1_295' title='bbox 1316 2697 1455 2769; x_wconf 90' lang='lat' dir='ltr'>quia</span> <span class='ocrx_word' id='word_1_296' title='bbox 1484 2714 1549 2752; x_wconf 93' lang='lat' dir='ltr'>eo</span> <span class='ocrx_word' id='word_1_297' title='bbox 1580 2696 1858 2768; x_wconf 90' lang='lat' dir='ltr'>loquendi</span> <span class='ocrx_word' id='word_1_298' title='bbox 1888 2760 1889 2763; x_wconf 23' lang='grc' dir='ltr'><strong>η</strong></span> 
     </span>
    </p>
   </div>
   <div class='ocr_carea' id='block_1_43' title="bbox 202 2784 1859 2861">
    <p class='ocr_par' dir='ltr' id='par_1_43' title="bbox 202 2784 1859 2861">
     <span class='ocr_line' id='line_1_43' title="bbox 202 2784 1859 2861; baseline -0.004 -15"><span class='ocrx_word' id='word_1_299' title='bbox 202 2791 385 2847; x_wconf 92' lang='lat' dir='ltr'>modo</span> <span class='ocrx_word' id='word_1_300' title='bbox 418 2788 691 2861; x_wconf 89' lang='lat' dir='ltr'>angelum</span> <span class='ocrx_word' id='word_1_301' title='bbox 722 2787 1033 2860; x_wconf 89' lang='lat' dir='ltr'>reptilibus</span> <span class='ocrx_word' id='word_1_302' title='bbox 1064 2802 1313 2858; x_wconf 69' lang='lat' dir='ltr'>praeesse</span> <span class='ocrx_word' id='word_1_303' title='bbox 1339 2786 1671 2841; x_wconf 87' lang='lat' dir='ltr'>afﬁrmatur</span> <span class='ocrx_word' id='word_1_304' title='bbox 1691 2785 1719 2839; x_wconf 86' lang='lat'><strong>?</strong></span> <span class='ocrx_word' id='word_1_305' title='bbox 1749 2784 1859 2839; x_wconf 85' lang='lat' dir='ltr'>Ve-</span> 
     </span>
    </p>
   </div>
   <div class='ocr_carea' id='block_1_44' title="bbox 198 2874 1860 2947">
    <p class='ocr_par' dir='ltr' id='par_1_44' title="bbox 198 2874 1860 2947">
     <span class='ocr_line' id='line_1_44' title="bbox 198 2874 1860 2947; baseline -0.004 -12"><span class='ocrx_word' id='word_1_306' title='bbox 198 2898 342 2935; x_wconf 85' lang='lat' dir='ltr'>rum</span> <span class='ocrx_word' id='word_1_307' title='bbox 394 2879 453 2933; x_wconf 92' lang='lat' dir='ltr'>id</span> <span class='ocrx_word' id='word_1_308' title='bbox 506 2879 716 2933; x_wconf 90' lang='lat' dir='ltr'>docent</span> <span class='ocrx_word' id='word_1_309' title='bbox 764 2894 899 2932; x_wconf 91' lang='lat' dir='ltr'>cum</span> <span class='ocrx_word' id='word_1_310' title='bbox 947 2874 1175 2947; x_wconf 87' lang='lat' dir='ltr'>antiqui</span> <span class='ocrx_word' id='word_1_311' title='bbox 1220 2875 1440 2943; x_wconf 87' lang='lat' dir='ltr'>Patres,</span> <span class='ocrx_word' id='word_1_312' title='bbox 1472 2874 1860 2946; x_wconf 91' lang='lat' dir='ltr'>inprimisque</span> 
     </span>
    </p>
   </div>
   <div class='ocr_carea' id='block_1_45' title="bbox 204 2963 1859 3041">
    <p class='ocr_par' dir='ltr' id='par_1_45' title="bbox 204 2963 1859 3041">
     <span class='ocr_line' id='line_1_45' title="bbox 204 2963 1859 3041; baseline -0.004 -17"><span class='ocrx_word' id='word_1_313' title='bbox 204 2968 494 3041; x_wconf 87' lang='lat' dir='ltr'>Origenes</span> <span class='ocrx_word' id='word_1_314' title='bbox 526 2967 794 3039; x_wconf 88' lang='lat' dir='ltr'>pluribus</span> <span class='ocrx_word' id='word_1_315' title='bbox 838 2968 899 3020; x_wconf 89' lang='lat' dir='ltr'>in</span> <span class='ocrx_word' id='word_1_316' title='bbox 946 2965 1087 3020; x_wconf 88' lang='lat' dir='ltr'>locis</span> <span class='ocrx_word' id='word_1_317' title='bbox 1117 2966 1185 3031; x_wconf 73' lang='grc'>⁷⁵,</span> <span class='ocrx_word' id='word_1_318' title='bbox 1237 2970 1362 3019; x_wconf 91' lang='lat' dir='ltr'>tum</span> <span class='ocrx_word' id='word_1_319' title='bbox 1395 2965 1659 3019; x_wconf 92' lang='lat' dir='ltr'>doctores</span> <span class='ocrx_word' id='word_1_320' title='bbox 1689 2963 1859 3019; x_wconf 89' lang='lat' dir='ltr'>scho-</span> 
     </span>
    </p>
   </div>
   <div class='ocr_carea' id='block_1_46' title="bbox 1974 1986 3616 2059">
    <p class='ocr_par' dir='ltr' id='par_1_46' title="bbox 1974 1986 3616 2059">
     <span class='ocr_line' id='line_1_46' title="bbox 1974 1986 3616 2059; baseline 0.002 -19"><span class='ocrx_word' id='word_1_321' title='bbox 1974 1986 2285 2057; x_wconf 90' lang='lat' dir='ltr'>descripto,</span> <span class='ocrx_word' id='word_1_322' title='bbox 2319 2002 2424 2041; x_wconf 91' lang='lat' dir='ltr'>nec</span> <span class='ocrx_word' id='word_1_323' title='bbox 2456 2003 2571 2042; x_wconf 92' lang='lat' dir='ltr'>non</span> <span class='ocrx_word' id='word_1_324' title='bbox 2616 1986 2675 2041; x_wconf 93' lang='lat' dir='ltr'>in</span> <span class='ocrx_word' id='word_1_325' title='bbox 2723 1987 3054 2043; x_wconf 90' lang='lat' dir='ltr'>Colbertino</span> <span class='ocrx_word' id='word_1_326' title='bbox 3095 2004 3272 2059; x_wconf 88' lang='lat' dir='ltr'>supra</span> <span class='ocrx_word' id='word_1_327' title='bbox 3302 1988 3477 2043; x_wconf 89' lang='lat' dir='ltr'>citato</span> <span class='ocrx_word' id='word_1_328' title='bbox 3508 2004 3616 2043; x_wconf 81' lang='lat' dir='ltr'>vox</span> 
     </span>
    </p>
   </div>
   <div class='ocr_carea' id='block_1_47' title="bbox 1968 2074 3611 2148">
    <p class='ocr_par' dir='ltr' id='par_1_47' title="bbox 1968 2074 3611 2148">
     <span class='ocr_line' id='line_1_47' title="bbox 1968 2074 3611 2148; baseline 0.001 -18"><span class='ocrx_word' id='word_1_329' title='bbox 1968 2075 2201 2131; x_wconf 85' lang='lat' dir='ltr'>creandi</span> <span class='ocrx_word' id='word_1_330' title='bbox 2230 2074 2553 2131; x_wconf 86' lang='lat' dir='ltr'>exhibetur.</span> <span class='ocrx_word' id='word_1_331' title='bbox 2587 2078 2720 2141; x_wconf 63' lang='lat' dir='ltr'>Quae</span> <span class='ocrx_word' id='word_1_332' title='bbox 2750 2075 2987 2147; x_wconf 91' lang='lat' dir='ltr'>quidem</span> <span class='ocrx_word' id='word_1_333' title='bbox 3019 2076 3211 2143; x_wconf 88' lang='lat' dir='ltr'>lectio,</span> <span class='ocrx_word' id='word_1_334' title='bbox 3244 2076 3295 2132; x_wconf 92' lang='lat' dir='ltr'>si</span> <span class='ocrx_word' id='word_1_335' title='bbox 3340 2092 3477 2132; x_wconf 88' lang='lat' dir='ltr'>vera</span> <span class='ocrx_word' id='word_1_336' title='bbox 3516 2076 3611 2148; x_wconf 90' lang='lat' dir='ltr'>sit,</span> 
     </span>
    </p>
   </div>
   <div class='ocr_carea' id='block_1_48' title="bbox 1968 2164 3618 2239">
    <p class='ocr_par' dir='ltr' id='par_1_48' title="bbox 1968 2164 3618 2239">
     <span class='ocr_line' id='line_1_48' title="bbox 1968 2164 3618 2239; baseline 0.002 -21"><span class='ocrx_word' id='word_1_337' title='bbox 1968 2164 2201 2219; x_wconf 91' lang='lat' dir='ltr'>videtur</span> <span class='ocrx_word' id='word_1_338' title='bbox 2229 2164 2474 2220; x_wconf 89' lang='lat' dir='ltr'>Hermas</span> <span class='ocrx_word' id='word_1_339' title='bbox 2504 2164 2564 2219; x_wconf 91' lang='lat' dir='ltr'>in</span> <span class='ocrx_word' id='word_1_340' title='bbox 2611 2180 2745 2220; x_wconf 91' lang='lat' dir='ltr'>eum</span> <span class='ocrx_word' id='word_1_341' title='bbox 2778 2165 3101 2237; x_wconf 88' lang='lat' dir='ltr'>impingere</span> <span class='ocrx_word' id='word_1_342' title='bbox 3131 2181 3407 2234; x_wconf 89' lang='lat' dir='ltr'>errorem,</span> <span class='ocrx_word' id='word_1_343' title='bbox 3441 2182 3618 2239; x_wconf 87' lang='lat' dir='ltr'>quem</span> 
     </span>
    </p>
   </div>
   <div class='ocr_carea' id='block_1_49' title="bbox 1970 2252 3616 2326">
    <p class='ocr_par' dir='ltr' id='par_1_49' title="bbox 1970 2252 3616 2326">
     <span class='ocr_line' id='line_1_49' title="bbox 1970 2252 3616 2326; baseline 0.001 -18"><span class='ocrx_word' id='word_1_344' title='bbox 1970 2252 2371 2324; x_wconf 87' lang='lat' dir='ltr'>antiquissimi</span> <span class='ocrx_word' id='word_1_345' title='bbox 2402 2252 2655 2309; x_wconf 72' lang='lat' dir='ltr'>haeretici</span> <span class='ocrx_word' id='word_1_346' title='bbox 2701 2270 2735 2307; x_wconf 89' lang='lat' dir='ltr'>a</span> <span class='ocrx_word' id='word_1_347' title='bbox 2784 2253 3015 2309; x_wconf 86' lang='lat' dir='ltr'>Platone</span> <span class='ocrx_word' id='word_1_348' title='bbox 3045 2258 3221 2326; x_wconf 88' lang='lat' dir='ltr'>atque</span> <span class='ocrx_word' id='word_1_349' title='bbox 3250 2254 3489 2310; x_wconf 89' lang='lat' dir='ltr'>Philone</span> <span class='ocrx_word' id='word_1_350' title='bbox 3516 2256 3616 2310; x_wconf 84' lang='lat' dir='ltr'>Ju-</span> 
     </span>
    </p>
   </div>
   <div class='ocr_carea' id='block_1_50' title="bbox 1970 2340 3618 2413">
    <p class='ocr_par' dir='ltr' id='par_1_50' title="bbox 1970 2340 3618 2413">
     <span class='ocr_line' id='line_1_50' title="bbox 1970 2340 3618 2413; baseline 0.001 -17"><span class='ocrx_word' id='word_1_351' title='bbox 1970 2342 2091 2396; x_wconf 71' lang='lat' dir='ltr'>daeo</span> <span class='ocrx_word' id='word_1_352' title='bbox 2115 2342 2460 2407; x_wconf 90' lang='lat' dir='ltr'>hauserunt,</span> <span class='ocrx_word' id='word_1_353' title='bbox 2478 2340 2717 2413; x_wconf 87' lang='lat' dir='ltr'>angelos</span> <span class='ocrx_word' id='word_1_354' title='bbox 2739 2341 2962 2413; x_wconf 85' lang='lat' dir='ltr'>primos</span> <span class='ocrx_word' id='word_1_355' title='bbox 2981 2343 3246 2397; x_wconf 91' lang='lat' dir='ltr'>omnium</span> <span class='ocrx_word' id='word_1_356' title='bbox 3273 2359 3307 2398; x_wconf 92' lang='lat' dir='ltr'>a</span> <span class='ocrx_word' id='word_1_357' title='bbox 3326 2342 3443 2398; x_wconf 90' lang='lat' dir='ltr'>Deo</span> <span class='ocrx_word' id='word_1_358' title='bbox 3466 2358 3618 2398; x_wconf 90' lang='lat' dir='ltr'>crea-</span> 
     </span>
    </p>
   </div>
   <div class='ocr_carea' id='block_1_51' title="bbox 1968 2431 3617 2503">
    <p class='ocr_par' dir='ltr' id='par_1_51' title="bbox 1968 2431 3617 2503">
     <span class='ocr_line' id='line_1_51' title="bbox 1968 2431 3617 2503; baseline 0.001 -17"><span class='ocrx_word' id='word_1_359' title='bbox 1968 2434 2082 2497; x_wconf 87' lang='lat' dir='ltr'>tos,</span> <span class='ocrx_word' id='word_1_360' title='bbox 2131 2432 2203 2485; x_wconf 91' lang='lat' dir='ltr'>ab</span> <span class='ocrx_word' id='word_1_361' title='bbox 2252 2446 2438 2502; x_wconf 90' lang='lat' dir='ltr'>eoque</span> <span class='ocrx_word' id='word_1_362' title='bbox 2488 2431 2783 2501; x_wconf 87' lang='lat' dir='ltr'>accepisse</span> <span class='ocrx_word' id='word_1_363' title='bbox 2832 2435 3039 2486; x_wconf 85' lang='lat' dir='ltr'>caetera</span> <span class='ocrx_word' id='word_1_364' title='bbox 3087 2432 3287 2488; x_wconf 81' lang='lat' dir='ltr'>omnia</span> <span class='ocrx_word' id='word_1_365' title='bbox 3340 2431 3617 2503; x_wconf 90' lang='lat' dir='ltr'>deinceps</span> 
     </span>
    </p>
   </div>
   <div class='ocr_carea' id='block_1_52' title="bbox 1968 2519 3615 2590">
    <p class='ocr_par' dir='ltr' id='par_1_52' title="bbox 1968 2519 3615 2590">
     <span class='ocr_line' id='line_1_52' title="bbox 1968 2519 3615 2590; baseline 0.001 -16"><span class='ocrx_word' id='word_1_366' title='bbox 1968 2519 2204 2575; x_wconf 90' lang='lat' dir='ltr'>creandi</span> <span class='ocrx_word' id='word_1_367' title='bbox 2238 2522 2605 2590; x_wconf 90' lang='lat' dir='ltr'>potestatem.</span> <span class='ocrx_word' id='word_1_368' title='bbox 2638 2522 2854 2574; x_wconf 90' lang='lat' dir='ltr'>Verum</span> <span class='ocrx_word' id='word_1_369' title='bbox 2886 2519 3131 2575; x_wconf 81' lang='lat' dir='ltr'>Hermas</span> <span class='ocrx_word' id='word_1_370' title='bbox 3162 2520 3234 2575; x_wconf 91' lang='lat' dir='ltr'>ab</span> <span class='ocrx_word' id='word_1_371' title='bbox 3278 2520 3389 2576; x_wconf 91' lang='lat' dir='ltr'>hoc</span> <span class='ocrx_word' id='word_1_372' title='bbox 3420 2535 3615 2576; x_wconf 85' lang='lat' dir='ltr'>errore</span> 
     </span>
    </p>
   </div>
   <div class='ocr_carea' id='block_1_53' title="bbox 1969 2608 3619 2679">
    <p class='ocr_par' dir='ltr' id='par_1_53' title="bbox 1969 2608 3619 2679">
     <span class='ocr_line' id='line_1_53' title="bbox 1969 2608 3619 2679; baseline 0 -15"><span class='ocrx_word' id='word_1_373' title='bbox 1969 2626 2085 2664; x_wconf 89' lang='lat' dir='ltr'>non</span> <span class='ocrx_word' id='word_1_374' title='bbox 2117 2608 2431 2663; x_wconf 89' lang='lat' dir='ltr'>difﬁculter</span> <span class='ocrx_word' id='word_1_375' title='bbox 2460 2609 2699 2679; x_wconf 90' lang='lat' dir='ltr'>quidem</span> <span class='ocrx_word' id='word_1_376' title='bbox 2730 2608 3023 2664; x_wconf 82' lang='lat' dir='ltr'>eximitur.</span> <span class='ocrx_word' id='word_1_377' title='bbox 3057 2608 3245 2664; x_wconf 87' lang='lat' dir='ltr'>Primo</span> <span class='ocrx_word' id='word_1_378' title='bbox 3276 2609 3432 2665; x_wconf 89' lang='lat' dir='ltr'>enim</span> <span class='ocrx_word' id='word_1_379' title='bbox 3463 2608 3619 2665; x_wconf 89' lang='lat' dir='ltr'>codi-</span> 
     </span>
    </p>
   </div>
   <div class='ocr_carea' id='block_1_54' title="bbox 1968 2696 3616 2770">
    <p class='ocr_par' dir='ltr' id='par_1_54' title="bbox 1968 2696 3616 2770">
     <span class='ocr_line' id='line_1_54' title="bbox 1968 2696 3616 2770; baseline 0.001 -17"><span class='ocrx_word' id='word_1_380' title='bbox 1968 2715 2064 2753; x_wconf 91' lang='lat' dir='ltr'>ces</span> <span class='ocrx_word' id='word_1_381' title='bbox 2086 2697 2188 2769; x_wconf 91' lang='lat' dir='ltr'>qui</span> <span class='ocrx_word' id='word_1_382' title='bbox 2219 2697 2460 2752; x_wconf 89' lang='lat' dir='ltr'>verbum</span> <span class='ocrx_word' id='word_1_383' title='bbox 2482 2698 2707 2753; x_wconf 85' lang='lat' dir='ltr'>creandi</span> <span class='ocrx_word' id='word_1_384' title='bbox 2727 2702 3164 2769; x_wconf 66' lang='lat' dir='ltr'>repraesentant,</span> <span class='ocrx_word' id='word_1_385' title='bbox 3188 2696 3370 2770; x_wconf 90' lang='lat' dir='ltr'>aliud,</span> <span class='ocrx_word' id='word_1_386' title='bbox 3394 2698 3616 2755; x_wconf 89' lang='lat' dir='ltr'>scilicet</span> 
     </span>
    </p>
   </div>
   <div class='ocr_carea' id='block_1_55' title="bbox 1963 2786 3614 2862">
    <p class='ocr_par' dir='ltr' id='par_1_55' title="bbox 1963 2786 3614 2862">
     <span class='ocr_line' id='line_1_55' title="bbox 1963 2786 3614 2862; baseline 0.001 -19"><span class='ocrx_word' id='word_1_387' title='bbox 1963 2792 2306 2859; x_wconf 84' lang='lat' dir='ltr'>potestatem,</span> <span class='ocrx_word' id='word_1_388' title='bbox 2338 2786 2426 2841; x_wconf 90' lang='lat' dir='ltr'>vel</span> <span class='ocrx_word' id='word_1_389' title='bbox 2459 2786 2695 2857; x_wconf 88' lang='lat' dir='ltr'>aliquod</span> <span class='ocrx_word' id='word_1_390' title='bbox 2728 2786 2917 2843; x_wconf 91' lang='lat' dir='ltr'>simile</span> <span class='ocrx_word' id='word_1_391' title='bbox 2947 2787 3293 2843; x_wconf 90' lang='lat' dir='ltr'>omiserunt.</span> <span class='ocrx_word' id='word_1_392' title='bbox 3323 2790 3447 2855; x_wconf 88' lang='lat' dir='ltr'>Qua</span> <span class='ocrx_word' id='word_1_393' title='bbox 3476 2805 3614 2862; x_wconf 90' lang='lat' dir='ltr'>ergo</span> 
     </span>
    </p>
   </div>
   <div class='ocr_carea' id='block_1_56' title="bbox 1969 2875 3617 2949">
    <p class='ocr_par' dir='ltr' id='par_1_56' title="bbox 1969 2875 3617 2949">
     <span class='ocr_line' id='line_1_56' title="bbox 1969 2875 3617 2949; baseline 0.001 -18"><span class='ocrx_word' id='word_1_394' title='bbox 1969 2876 2280 2931; x_wconf 91' lang='lat' dir='ltr'>oscitantia</span> <span class='ocrx_word' id='word_1_395' title='bbox 2310 2891 2697 2930; x_wconf 89' lang='lat' dir='ltr'>amanuenses</span> <span class='ocrx_word' id='word_1_396' title='bbox 2750 2875 2895 2930; x_wconf 90' lang='lat' dir='ltr'>illud</span> <span class='ocrx_word' id='word_1_397' title='bbox 2944 2876 3184 2932; x_wconf 89' lang='lat' dir='ltr'>verbum</span> <span class='ocrx_word' id='word_1_398' title='bbox 3235 2876 3617 2949; x_wconf 64' lang='lat' dir='ltr'>praetermise-</span> 
     </span>
    </p>
   </div>
   <div class='ocr_carea' id='block_1_57' title="bbox 1970 2964 3615 3036">
    <p class='ocr_par' dir='ltr' id='par_1_57' title="bbox 1970 2964 3615 3036">
     <span class='ocr_line' id='line_1_57' title="bbox 1970 2964 3615 3036; baseline 0.001 -16"><span class='ocrx_word' id='word_1_399' title='bbox 1970 2970 2133 3034; x_wconf 87' lang='lat' dir='ltr'>runt,</span> <span class='ocrx_word' id='word_1_400' title='bbox 2191 2965 2393 3021; x_wconf 88' lang='lat' dir='ltr'>eadem</span> <span class='ocrx_word' id='word_1_401' title='bbox 2451 2964 2627 3019; x_wconf 88' lang='lat' dir='ltr'>etiam</span> <span class='ocrx_word' id='word_1_402' title='bbox 2688 2964 2844 3019; x_wconf 88' lang='lat' dir='ltr'>aliud</span> <span class='ocrx_word' id='word_1_403' title='bbox 2909 2968 3227 3036; x_wconf 90' lang='lat' dir='ltr'>potuerunt</span> <span class='ocrx_word' id='word_1_404' title='bbox 3281 2964 3615 3023; x_wconf 89' lang='lat' dir='ltr'>immutare.</span> 
     </span>
    </p>
   </div>
   <div class='ocr_carea' id='block_1_58' title="bbox 197 3053 1860 3129">
    <p class='ocr_par' dir='ltr' id='par_1_58' title="bbox 197 3053 1860 3129">
     <span class='ocr_line' id='line_1_58' title="bbox 197 3053 1860 3129; baseline -0.004 -16"><span class='ocrx_word' id='word_1_405' title='bbox 197 3057 405 3113; x_wconf 88' lang='lat' dir='ltr'>lastici</span> <span class='ocrx_word' id='word_1_406' title='bbox 435 3064 568 3129; x_wconf 89' lang='lat' dir='ltr'>post</span> <span class='ocrx_word' id='word_1_407' title='bbox 598 3056 798 3111; x_wconf 89' lang='lat' dir='ltr'>divum</span> <span class='ocrx_word' id='word_1_408' title='bbox 826 3054 1111 3110; x_wconf 90' lang='lat' dir='ltr'>Thomam</span> <span class='ocrx_word' id='word_1_409' title='bbox 1138 3055 1201 3122; x_wconf 75' lang='grc'>⁷6,</span> <span class='ocrx_word' id='word_1_410' title='bbox 1235 3053 1335 3125; x_wconf 92' lang='lat' dir='ltr'>qui</span> <span class='ocrx_word' id='word_1_411' title='bbox 1367 3053 1481 3108; x_wconf 91' lang='lat' dir='ltr'>ait:</span> <span class='ocrx_word' id='word_1_412' title='bbox 1518 3055 1860 3124; x_wconf 65' lang='lat' dir='ltr'>Unaqquue</span> 
     </span>
    </p>
   </div>
   <div class='ocr_carea' id='block_1_59' title="bbox 199 3142 1861 3214">
    <p class='ocr_par' dir='ltr' id='par_1_59' title="bbox 199 3142 1861 3214">
     <span class='ocr_line' id='line_1_59' title="bbox 199 3142 1861 3214; baseline -0.004 -11"><span class='ocrx_word' id='word_1_413' title='bbox 199 3164 291 3203; x_wconf 88' lang='lat' dir='ltr'>res</span> <span class='ocrx_word' id='word_1_414' title='bbox 323 3147 561 3202; x_wconf 82' lang='lat' dir='ltr'>visibilis</span> <span class='ocrx_word' id='word_1_415' title='bbox 608 3148 666 3200; x_wconf 89' lang='lat' dir='ltr'>in</span> <span class='ocrx_word' id='word_1_416' title='bbox 720 3146 817 3200; x_wconf 87' lang='lat' dir='ltr'>hoc</span> <span class='ocrx_word' id='word_1_417' title='bbox 864 3144 1066 3199; x_wconf 86' lang='lat' dir='ltr'>mundo</span> <span class='ocrx_word' id='word_1_418' title='bbox 1108 3142 1271 3198; x_wconf 87' lang='lat' dir='ltr'>habet</span> <span class='ocrx_word' id='word_1_419' title='bbox 1306 3147 1617 3214; x_wconf 84' lang='lat' dir='ltr'>potestatem</span> <span class='ocrx_word' id='word_1_420' title='bbox 1644 3143 1861 3211; x_wconf 88' lang='lat' dir='ltr'>angeli-</span> 
     </span>
    </p>
   </div>
   <div class='ocr_carea' id='block_1_60' title="bbox 1971 3053 3616 3127">
    <p class='ocr_par' dir='ltr' id='par_1_60' title="bbox 1971 3053 3616 3127">
     <span class='ocr_line' id='line_1_60' title="bbox 1971 3053 3616 3127; baseline 0.001 -16"><span class='ocrx_word' id='word_1_421' title='bbox 1971 3055 2189 3111; x_wconf 90' lang='lat' dir='ltr'>Deinde</span> <span class='ocrx_word' id='word_1_422' title='bbox 2218 3070 2352 3110; x_wconf 89' lang='lat' dir='ltr'>vero</span> <span class='ocrx_word' id='word_1_423' title='bbox 2383 3053 2615 3108; x_wconf 89' lang='lat' dir='ltr'>etiamsi</span> <span class='ocrx_word' id='word_1_424' title='bbox 2646 3057 2893 3109; x_wconf 87' lang='lat' dir='ltr'>Hermas</span> <span class='ocrx_word' id='word_1_425' title='bbox 2921 3070 3059 3109; x_wconf 91' lang='lat' dir='ltr'>voce</span> <span class='ocrx_word' id='word_1_426' title='bbox 3087 3054 3316 3111; x_wconf 82' lang='lat' dir='ltr'>creandi</span> <span class='ocrx_word' id='word_1_427' title='bbox 3343 3072 3489 3110; x_wconf 90' lang='lat' dir='ltr'>usus</span> <span class='ocrx_word' id='word_1_428' title='bbox 3519 3056 3616 3127; x_wconf 91' lang='lat' dir='ltr'>sit,</span> 
     </span>
    </p>
   </div>
   <div class='ocr_carea' id='block_1_61' title="bbox 1971 3143 3616 3217">
    <p class='ocr_par' dir='ltr' id='par_1_61' title="bbox 1971 3143 3616 3217">
     <span class='ocr_line' id='line_1_61' title="bbox 1971 3143 3616 3217; baseline 0 -16"><span class='ocrx_word' id='word_1_429' title='bbox 1971 3160 2099 3201; x_wconf 90' lang='lat' dir='ltr'>eam</span> <span class='ocrx_word' id='word_1_430' title='bbox 2136 3148 2332 3198; x_wconf 90' lang='lat' dir='ltr'>tamen</span> <span class='ocrx_word' id='word_1_431' title='bbox 2364 3160 2479 3198; x_wconf 91' lang='lat' dir='ltr'>non</span> <span class='ocrx_word' id='word_1_432' title='bbox 2512 3143 2789 3198; x_wconf 90' lang='lat' dir='ltr'>strictiori</span> <span class='ocrx_word' id='word_1_433' title='bbox 2823 3144 3155 3215; x_wconf 89' lang='lat' dir='ltr'>acceptione</span> <span class='ocrx_word' id='word_1_434' title='bbox 3185 3161 3288 3216; x_wconf 90' lang='lat' dir='ltr'>pro</span> <span class='ocrx_word' id='word_1_435' title='bbox 3318 3148 3616 3217; x_wconf 74' lang='lat' dir='ltr'>creaturas,</span> 
     </span>
    </p>
   </div>
   <div class='ocr_carea' id='block_1_62' title="bbox 198 3231 3617 3307">
    <p class='ocr_par' dir='ltr' id='par_1_62' title="bbox 198 3231 3617 3307">
     <span class='ocr_line' id='line_1_62' title="bbox 198 3231 3617 3307; baseline -0.001 -14"><span class='ocrx_word' id='word_1_436' title='bbox 198 3254 326 3293; x_wconf 85' lang='lat' dir='ltr'>eam</span> <span class='ocrx_word' id='word_1_437' title='bbox 370 3237 479 3291; x_wconf 88' lang='lat' dir='ltr'>sibi</span> <span class='ocrx_word' id='word_1_438' title='bbox 525 3237 898 3307; x_wconf 65' lang='lat' dir='ltr'>praepositam.</span> <span class='ocrx_word' id='word_1_439' title='bbox 933 3233 1085 3291; x_wconf 87' lang='lat' dir='ltr'>Num</span> <span class='ocrx_word' id='word_1_440' title='bbox 1121 3236 1317 3288; x_wconf 90' lang='lat' dir='ltr'>autem</span> <span class='ocrx_word' id='word_1_441' title='bbox 1350 3232 1480 3287; x_wconf 92' lang='lat' dir='ltr'>ideo</span> <span class='ocrx_word' id='word_1_442' title='bbox 1511 3232 1648 3303; x_wconf 91' lang='lat' dir='ltr'>quia</span> <span class='ocrx_word' id='word_1_443' title='bbox 1678 3247 1854 3304; x_wconf 87' lang='lat' dir='ltr'>ange-</span> <span class='ocrx_word' id='word_1_444' title='bbox 1891 3289 1927 3307; x_wconf 57' lang='grc' dir='ltr'>η</span> <span class='ocrx_word' id='word_1_445' title='bbox 1972 3239 2039 3289; x_wconf 91' lang='lat' dir='ltr'>ut</span> <span class='ocrx_word' id='word_1_446' title='bbox 2069 3232 2394 3304; x_wconf 88' lang='lat' dir='ltr'>loquuntur</span> <span class='ocrx_word' id='word_1_447' title='bbox 2417 3231 2773 3299; x_wconf 88' lang='lat' dir='ltr'>scholastici,</span> <span class='ocrx_word' id='word_1_448' title='bbox 2798 3250 2864 3287; x_wconf 89' lang='lat' dir='ltr'>ex</span> <span class='ocrx_word' id='word_1_449' title='bbox 2887 3232 3070 3288; x_wconf 90' lang='lat' dir='ltr'>nihilo</span> <span class='ocrx_word' id='word_1_450' title='bbox 3092 3233 3492 3305; x_wconf 89' lang='lat' dir='ltr'>productione,</span> <span class='ocrx_word' id='word_1_451' title='bbox 3512 3235 3617 3291; x_wconf 83' lang='lat' dir='ltr'>sed</span> 
     </span>
    </p>
   </div>
   <div class='ocr_carea' id='block_1_63' title="bbox 192 3289 3615 3396">
    <p class='ocr_par' dir='ltr' id='par_1_63' title="bbox 192 3289 3615 3396">
     <span class='ocr_line' id='line_1_63' title="bbox 192 3289 3615 3396; baseline -0.001 -14"><span class='ocrx_word' id='word_1_452' title='bbox 353 3289 587 3381; x_wconf 70' lang='lat' dir='ltr'>nomine</span> <span class='ocrx_word' id='word_1_453' title='bbox 614 3289 1184 3396; x_wconf 48' lang='lat' dir='ltr'>T‘yriappellaverit‘l</span> <span class='ocrx_word' id='word_1_454' title='bbox 1213 3323 1272 3377; x_wconf 90' lang='lat' dir='ltr'>Si</span> <span class='ocrx_word' id='word_1_455' title='bbox 1305 3338 1396 3376; x_wconf 89' lang='lat' dir='ltr'>res</span> <span class='ocrx_word' id='word_1_456' title='bbox 1428 3322 1510 3376; x_wconf 88' lang='lat' dir='ltr'>ita</span> <span class='ocrx_word' id='word_1_457' title='bbox 1528 3289 1592 3377; x_wconf 71' lang='lat' dir='ltr'>se</span> <span class='ocrx_word' id='word_1_458' title='bbox 1621 3289 1852 3391; x_wconf 53' lang='lat' dir='ltr'>habeuat,</span> <span class='ocrx_word' id='word_1_459' title='bbox 1886 3289 1929 3356; x_wconf 78' lang='lat' dir='ltr'>C</span> <span class='ocrx_word' id='word_1_460' title='bbox 1968 3289 2164 3377; x_wconf 80' lang='lat' dir='ltr'>latiori</span> <span class='ocrx_word' id='word_1_461' title='bbox 2191 3325 2365 3393; x_wconf 88' lang='lat' dir='ltr'>atque</span> <span class='ocrx_word' id='word_1_462' title='bbox 2405 3321 2625 3375; x_wconf 88' lang='lat' dir='ltr'>Latinis</span> <span class='ocrx_word' id='word_1_463' title='bbox 2655 3289 2993 3377; x_wconf 77' lang='lat' dir='ltr'>auctoribus</span> <span class='ocrx_word' id='word_1_464' title='bbox 3024 3289 3211 3394; x_wconf 73' lang='lat' dir='ltr'>magis</span> <span class='ocrx_word' id='word_1_465' title='bbox 3243 3289 3491 3390; x_wconf 58' lang='lat' dir='ltr'>usitata,</span> <span class='ocrx_word' id='word_1_466' title='bbox 3512 3289 3615 3394; x_wconf 86' lang='lat' dir='ltr'>pro</span> 
     </span>
    </p>
   </div>
   <div class='ocr_carea' id='block_1_64' title="bbox 194 3409 3617 3484">
    <p class='ocr_par' dir='ltr' id='par_1_64' title="bbox 194 3409 3617 3484">
     <span class='ocr_line' id='line_1_64' title="bbox 194 3409 3617 3484; baseline -0.001 -14"><span class='ocrx_word' id='word_1_467' title='bbox 194 3415 290 3471; x_wconf 87' lang='lat' dir='ltr'>vel</span> <span class='ocrx_word' id='word_1_468' title='bbox 326 3419 581 3470; x_wconf 86' lang='lat' dir='ltr'>erratum</span> <span class='ocrx_word' id='word_1_469' title='bbox 615 3420 704 3470; x_wconf 89' lang='lat' dir='ltr'>est</span> <span class='ocrx_word' id='word_1_470' title='bbox 745 3413 803 3467; x_wconf 89' lang='lat' dir='ltr'>in</span> <span class='ocrx_word' id='word_1_471' title='bbox 836 3428 1075 3484; x_wconf 89' lang='lat' dir='ltr'>operum</span> <span class='ocrx_word' id='word_1_472' title='bbox 1108 3410 1442 3482; x_wconf 85' lang='lat' dir='ltr'>Hieronymi</span> <span class='ocrx_word' id='word_1_473' title='bbox 1473 3410 1852 3477; x_wconf 90' lang='lat' dir='ltr'>editionibus,</span> <span class='ocrx_word' id='word_1_474' title='bbox 1969 3410 2224 3483; x_wconf 90' lang='lat' dir='ltr'>simplici</span> <span class='ocrx_word' id='word_1_475' title='bbox 2256 3410 2639 3481; x_wconf 90' lang='lat' dir='ltr'>productione</span> <span class='ocrx_word' id='word_1_476' title='bbox 2679 3415 2736 3464; x_wconf 92' lang='lat' dir='ltr'>et</span> <span class='ocrx_word' id='word_1_477' title='bbox 2781 3409 3170 3477; x_wconf 89' lang='lat' dir='ltr'>institutione,</span> <span class='ocrx_word' id='word_1_478' title='bbox 3204 3411 3276 3466; x_wconf 89' lang='lat' dir='ltr'>ab</span> <span class='ocrx_word' id='word_1_479' title='bbox 3308 3410 3406 3466; x_wconf 90' lang='lat' dir='ltr'>illo</span> <span class='ocrx_word' id='word_1_480' title='bbox 3439 3428 3617 3467; x_wconf 86' lang='lat' dir='ltr'>usur-</span> 
     </span>
    </p>
   </div>
   <div class='ocr_carea' id='block_1_65' title="bbox 192 3498 3613 3577">
    <p class='ocr_par' dir='ltr' id='par_1_65' title="bbox 192 3498 3613 3577">
     <span class='ocr_line' id='line_1_65' title="bbox 192 3498 3613 3577; baseline -0.001 -18"><span class='ocrx_word' id='word_1_481' title='bbox 192 3504 291 3560; x_wconf 81' lang='lat' dir='ltr'>vel</span> <span class='ocrx_word' id='word_1_482' title='bbox 324 3504 451 3577; x_wconf 89' lang='lat' dir='ltr'>ipse</span> <span class='ocrx_word' id='word_1_483' title='bbox 482 3502 882 3573; x_wconf 90' lang='lat' dir='ltr'>manuscripto</span> <span class='ocrx_word' id='word_1_484' title='bbox 914 3501 1111 3557; x_wconf 90' lang='lat' dir='ltr'>codice</span> <span class='ocrx_word' id='word_1_485' title='bbox 1143 3504 1415 3571; x_wconf 88' lang='lat' dir='ltr'>corrupto</span> <span class='ocrx_word' id='word_1_486' title='bbox 1446 3516 1591 3555; x_wconf 89' lang='lat' dir='ltr'>usus</span> <span class='ocrx_word' id='word_1_487' title='bbox 1622 3504 1712 3554; x_wconf 90' lang='lat' dir='ltr'>est</span> <span class='ocrx_word' id='word_1_488' title='bbox 1746 3517 1758 3554; x_wconf 89' lang='lat'>:</span> <span class='ocrx_word' id='word_1_489' title='bbox 1790 3498 1851 3553; x_wconf 92' lang='lat' dir='ltr'>in</span> <span class='ocrx_word' id='word_1_490' title='bbox 1966 3505 2167 3573; x_wconf 86' lang='lat' dir='ltr'>patam</span> <span class='ocrx_word' id='word_1_491' title='bbox 2198 3500 2379 3553; x_wconf 88' lang='lat' dir='ltr'>fuisse</span> <span class='ocrx_word' id='word_1_492' title='bbox 2412 3498 2723 3553; x_wconf 91' lang='lat' dir='ltr'>dicendum</span> <span class='ocrx_word' id='word_1_493' title='bbox 2771 3502 2876 3553; x_wconf 90' lang='lat' dir='ltr'>est.</span> <span class='ocrx_word' id='word_1_494' title='bbox 2914 3498 3030 3556; x_wconf 88' lang='lat' dir='ltr'>Nec</span> <span class='ocrx_word' id='word_1_495' title='bbox 3082 3498 3185 3554; x_wconf 89' lang='lat' dir='ltr'>ulli</span> <span class='ocrx_word' id='word_1_496' title='bbox 3237 3499 3347 3554; x_wconf 92' lang='lat' dir='ltr'>hoc</span> <span class='ocrx_word' id='word_1_497' title='bbox 3396 3500 3613 3555; x_wconf 90' lang='lat' dir='ltr'>mirum</span> 
     </span>
    </p>
   </div>
   <div class='ocr_carea' id='block_1_66' title="bbox 190 3588 3613 3666">
    <p class='ocr_par' dir='ltr' id='par_1_66' title="bbox 190 3588 3613 3666">
     <span class='ocr_line' id='line_1_66' title="bbox 190 3588 3613 3666; baseline -0.002 -16"><span class='ocrx_word' id='word_1_498' title='bbox 190 3594 333 3650; x_wconf 77' lang='lat' dir='ltr'>aliis</span> <span class='ocrx_word' id='word_1_499' title='bbox 358 3592 649 3666; x_wconf 90' lang='lat' dir='ltr'>siquidem</span> <span class='ocrx_word' id='word_1_500' title='bbox 675 3592 952 3647; x_wconf 88' lang='lat' dir='ltr'>omnibus</span> <span class='ocrx_word' id='word_1_501' title='bbox 976 3607 1043 3646; x_wconf 91' lang='lat' dir='ltr'>ac</span> <span class='ocrx_word' id='word_1_502' title='bbox 1073 3591 1131 3644; x_wconf 91' lang='lat' dir='ltr'>in</span> <span class='ocrx_word' id='word_1_503' title='bbox 1157 3590 1329 3645; x_wconf 88' lang='lat' dir='ltr'>editis</span> <span class='ocrx_word' id='word_1_504' title='bbox 1354 3589 1605 3661; x_wconf 89' lang='lat' dir='ltr'>legimus</span> <span class='ocrx_word' id='word_1_505' title='bbox 1627 3589 1850 3657; x_wconf 84' lang='lat' dir='ltr'>Hegrin.</span> <span class='ocrx_word' id='word_1_506' title='bbox 1964 3588 2148 3643; x_wconf 87' lang='lat' dir='ltr'>videri</span> <span class='ocrx_word' id='word_1_507' title='bbox 2180 3588 2369 3654; x_wconf 91' lang='lat' dir='ltr'>debet,</span> <span class='ocrx_word' id='word_1_508' title='bbox 2405 3603 2538 3641; x_wconf 86' lang='lat' dir='ltr'>cum</span> <span class='ocrx_word' id='word_1_509' title='bbox 2594 3588 2798 3642; x_wconf 91' lang='lat' dir='ltr'>eodem</span> <span class='ocrx_word' id='word_1_510' title='bbox 2852 3604 3028 3643; x_wconf 90' lang='lat' dir='ltr'>sensu</span> <span class='ocrx_word' id='word_1_511' title='bbox 3071 3588 3416 3644; x_wconf 85' lang='lat' dir='ltr'>Ambrosius</span> <span class='ocrx_word' id='word_1_512' title='bbox 3455 3588 3613 3643; x_wconf 85' lang='lat' dir='ltr'>dixe—</span> 
     </span>
    </p>
   </div>
   <div class='ocr_carea' id='block_1_67' title="bbox 185 3675 3611 3751">
    <p class='ocr_par' dir='ltr' id='par_1_67' title="bbox 185 3675 3611 3751">
     <span class='ocr_line' id='line_1_67' title="bbox 185 3675 3611 3751; baseline -0.003 -10"><span class='ocrx_word' id='word_1_513' title='bbox 185 3682 521 3741; x_wconf 84' lang='lat' dir='ltr'>Cotelerius</span> <span class='ocrx_word' id='word_1_514' title='bbox 553 3682 746 3751; x_wconf 87' lang='lat' dir='ltr'>itaque</span> <span class='ocrx_word' id='word_1_515' title='bbox 775 3697 977 3736; x_wconf 90' lang='lat' dir='ltr'>omnes</span> <span class='ocrx_word' id='word_1_516' title='bbox 1010 3680 1190 3734; x_wconf 88' lang='lat' dir='ltr'>animi</span> <span class='ocrx_word' id='word_1_517' title='bbox 1222 3695 1428 3734; x_wconf 91' lang='lat' dir='ltr'>nervos</span> <span class='ocrx_word' id='word_1_518' title='bbox 1479 3678 1538 3732; x_wconf 90' lang='lat' dir='ltr'>in</span> <span class='ocrx_word' id='word_1_519' title='bbox 1591 3695 1656 3733; x_wconf 94' lang='lat' dir='ltr'>eo</span> <span class='ocrx_word' id='word_1_520' title='bbox 1714 3694 1850 3732; x_wconf 86' lang='lat' dir='ltr'>con-</span> <span class='ocrx_word' id='word_1_521' title='bbox 1966 3679 2043 3733; x_wconf 91' lang='lat' dir='ltr'>rit</span> <span class='ocrx_word' id='word_1_522' title='bbox 2069 3678 2114 3711; x_wconf 81' lang='grc' dir='ltr'>⁸ο</span> <span class='ocrx_word' id='word_1_523' title='bbox 2147 3695 2158 3731; x_wconf 92' lang='lat'>:</span> <span class='ocrx_word' id='word_1_524' title='bbox 2212 3675 2366 3746; x_wconf 84' lang='lat' dir='ltr'>Quod</span> <span class='ocrx_word' id='word_1_525' title='bbox 2403 3684 2589 3730; x_wconf 85' lang='lat' dir='ltr'>autem</span> <span class='ocrx_word' id='word_1_526' title='bbox 2634 3681 2687 3730; x_wconf 85' lang='lat' dir='ltr'>et</span> <span class='ocrx_word' id='word_1_527' title='bbox 2732 3678 2938 3747; x_wconf 81' lang='lat' dir='ltr'>factum</span> <span class='ocrx_word' id='word_1_528' title='bbox 2966 3684 3068 3742; x_wconf 89' lang='lat' dir='ltr'>est,</span> <span class='ocrx_word' id='word_1_529' title='bbox 3102 3676 3247 3731; x_wconf 88' lang='lat' dir='ltr'>idem</span> <span class='ocrx_word' id='word_1_530' title='bbox 3274 3679 3354 3731; x_wconf 89' lang='lat' dir='ltr'>est</span> <span class='ocrx_word' id='word_1_531' title='bbox 3382 3685 3432 3731; x_wconf 91' lang='lat' dir='ltr'>et</span> <span class='ocrx_word' id='word_1_532' title='bbox 3459 3692 3611 3731; x_wconf 89' lang='lat' dir='ltr'>crea-</span> 
     </span>
    </p>
   </div>
   <div class='ocr_carea' id='block_1_68' title="bbox 185 3763 3614 3841">
    <p class='ocr_par' dir='ltr' id='par_1_68' title="bbox 185 3763 3614 3841">
     <span class='ocr_line' id='line_1_68' title="bbox 185 3763 3614 3841; baseline -0.002 -13"><span class='ocrx_word' id='word_1_533' title='bbox 185 3772 409 3839; x_wconf 88' lang='lat' dir='ltr'>tendit,</span> <span class='ocrx_word' id='word_1_534' title='bbox 444 3776 511 3826; x_wconf 90' lang='lat' dir='ltr'>ut</span> <span class='ocrx_word' id='word_1_535' title='bbox 560 3769 869 3841; x_wconf 85' lang='lat' dir='ltr'>investiget</span> <span class='ocrx_word' id='word_1_536' title='bbox 922 3773 981 3824; x_wconf 88' lang='lat' dir='ltr'>et</span> <span class='ocrx_word' id='word_1_537' title='bbox 1028 3771 1431 3839; x_wconf 83' lang='lat' dir='ltr'>perscrutotur</span> <span class='ocrx_word' id='word_1_538' title='bbox 1475 3783 1579 3821; x_wconf 92' lang='lat' dir='ltr'>cur</span> <span class='ocrx_word' id='word_1_539' title='bbox 1608 3766 1853 3837; x_wconf 80' lang='lat' dir='ltr'>angelus</span> <span class='ocrx_word' id='word_1_540' title='bbox 1965 3774 2104 3822; x_wconf 87' lang='lat' dir='ltr'>tum.</span> <span class='ocrx_word' id='word_1_541' title='bbox 2132 3767 2294 3831; x_wconf 87' lang='lat' dir='ltr'>Quod</span> <span class='ocrx_word' id='word_1_542' title='bbox 2328 3781 2468 3820; x_wconf 88' lang='lat' dir='ltr'>sane</span> <span class='ocrx_word' id='word_1_543' title='bbox 2498 3763 2701 3818; x_wconf 91' lang='lat' dir='ltr'>multis</span> <span class='ocrx_word' id='word_1_544' title='bbox 2733 3763 2864 3820; x_wconf 88' lang='lat' dir='ltr'>aliis</span> <span class='ocrx_word' id='word_1_545' title='bbox 2915 3763 3197 3836; x_wconf 83' lang='lat' dir='ltr'>exemplis</span> <span class='ocrx_word' id='word_1_546' title='bbox 3218 3764 3385 3821; x_wconf 87' lang='lat' dir='ltr'>facile</span> <span class='ocrx_word' id='word_1_547' title='bbox 3413 3768 3614 3838; x_wconf 88' lang='lat' dir='ltr'>posset</span> 
     </span>
    </p>
   </div>
   <div class='ocr_carea' id='block_1_69' title="bbox 194 3855 2218 3934">
    <p class='ocr_par' dir='ltr' id='par_1_69' title="bbox 194 3855 2218 3934">
     <span class='ocr_line' id='line_1_69' title="bbox 194 3855 2218 3934; baseline -0.003 -18"><span class='ocrx_word' id='word_1_548' title='bbox 194 3862 428 3934; x_wconf 83' lang='lat' dir='ltr'>Hegrin</span> <span class='ocrx_word' id='word_1_549' title='bbox 458 3864 713 3915; x_wconf 86' lang='lat' dir='ltr'>vocetur.</span> <span class='ocrx_word' id='word_1_550' title='bbox 747 3860 857 3914; x_wconf 92' lang='lat' dir='ltr'>Sed</span> <span class='ocrx_word' id='word_1_551' title='bbox 891 3863 1207 3930; x_wconf 90' lang='lat' dir='ltr'>postquam</span> <span class='ocrx_word' id='word_1_552' title='bbox 1241 3857 1339 3912; x_wconf 90' lang='lat' dir='ltr'>diu</span> <span class='ocrx_word' id='word_1_553' title='bbox 1372 3856 1744 3927; x_wconf 89' lang='lat' dir='ltr'>multumque</span> <span class='ocrx_word' id='word_1_554' title='bbox 1770 3855 1855 3911; x_wconf 91' lang='lat' dir='ltr'>la-</span> <span class='ocrx_word' id='word_1_555' title='bbox 1964 3855 2218 3927; x_wconf 86' lang='lat' dir='ltr'>probari.</span> 
     </span>
    </p>
   </div>
   <div class='ocr_carea' id='block_1_70' title="bbox 188 3946 1857 4020">
    <p class='ocr_par' dir='ltr' id='par_1_70' title="bbox 188 3946 1857 4020">
     <span class='ocr_line' id='line_1_70' title="bbox 188 3946 1857 4020; baseline -0.004 -14"><span class='ocrx_word' id='word_1_556' title='bbox 188 3949 452 4017; x_wconf 81' lang='lat' dir='ltr'>beravit,</span> <span class='ocrx_word' id='word_1_557' title='bbox 485 3949 721 4004; x_wconf 88' lang='lat' dir='ltr'>tandem</span> <span class='ocrx_word' id='word_1_558' title='bbox 753 3948 1007 4020; x_wconf 90' lang='lat' dir='ltr'>ingenue</span> <span class='ocrx_word' id='word_1_559' title='bbox 1036 3947 1268 4015; x_wconf 86' lang='lat' dir='ltr'>fatetur,</span> <span class='ocrx_word' id='word_1_560' title='bbox 1302 3946 1507 4017; x_wconf 84' lang='lat' dir='ltr'>absque</span> <span class='ocrx_word' id='word_1_561' title='bbox 1533 3946 1857 4001; x_wconf 73' lang='lat' dir='ltr'>melioribus</span> 
     </span>
    </p>
   </div>
   <div class='ocr_carea' id='block_1_71' title="bbox 184 4033 1857 4108">
    <p class='ocr_par' dir='ltr' id='par_1_71' title="bbox 184 4033 1857 4108">
     <span class='ocr_line' id='line_1_71' title="bbox 184 4033 1857 4108; baseline -0.004 -12"><span class='ocrx_word' id='word_1_562' title='bbox 184 4039 486 4096; x_wconf 83' lang='lat' dir='ltr'>codicibus</span> <span class='ocrx_word' id='word_1_563' title='bbox 514 4039 611 4093; x_wconf 72' lang='lat' dir='ltr'>vix</span> <span class='ocrx_word' id='word_1_564' title='bbox 638 4036 850 4108; x_wconf 86' lang='lat' dir='ltr'>aliquid</span> <span class='ocrx_word' id='word_1_565' title='bbox 880 4038 1022 4092; x_wconf 89' lang='lat' dir='ltr'>certi</span> <span class='ocrx_word' id='word_1_566' title='bbox 1060 4051 1223 4107; x_wconf 89' lang='lat' dir='ltr'>posse</span> <span class='ocrx_word' id='word_1_567' title='bbox 1257 4035 1521 4106; x_wconf 81' lang='lat' dir='ltr'>proferri.</span> <span class='ocrx_word' id='word_1_568' title='bbox 1554 4033 1857 4090; x_wconf 91' lang='lat' dir='ltr'>Ditissima</span> 
     </span>
    </p>
   </div>
   <div class='ocr_carea' id='block_1_72' title="bbox 180 4122 1854 4185">
    <p class='ocr_par' dir='ltr' id='par_1_72' title="bbox 180 4122 1854 4185">
     <span class='ocr_line' id='line_1_72' title="bbox 180 4122 1854 4185; baseline -0.004 -2"><span class='ocrx_word' id='word_1_569' title='bbox 180 4145 341 4185; x_wconf 84' lang='lat' dir='ltr'>vero</span> <span class='ocrx_word' id='word_1_570' title='bbox 381 4125 771 4183; x_wconf 87' lang='lat' dir='ltr'>illustrissimi</span> <span class='ocrx_word' id='word_1_571' title='bbox 802 4124 1051 4179; x_wconf 89' lang='lat' dir='ltr'>Colberti</span> <span class='ocrx_word' id='word_1_572' title='bbox 1096 4122 1449 4179; x_wconf 89' lang='lat' dir='ltr'>bibliotheca</span> <span class='ocrx_word' id='word_1_573' title='bbox 1504 4140 1687 4177; x_wconf 90' lang='lat' dir='ltr'>unum</span> <span class='ocrx_word' id='word_1_574' title='bbox 1737 4140 1854 4177; x_wconf 90' lang='lat' dir='ltr'>non</span> 
     </span>
    </p>
   </div>
   <div class='ocr_carea' id='block_1_73' title="bbox 181 4209 3616 4288">
    <p class='ocr_par' dir='ltr' id='par_1_73' title="bbox 181 4209 3616 4288">
     <span class='ocr_line' id='line_1_73' title="bbox 181 4209 3616 4288; baseline -0.002 -16"><span class='ocrx_word' id='word_1_575' title='bbox 181 4220 443 4274; x_wconf 64' lang='lat' dir='ltr'>vetustae</span> <span class='ocrx_word' id='word_1_576' title='bbox 477 4216 711 4288; x_wconf 73' lang='lat' dir='ltr'>guidem</span> <span class='ocrx_word' id='word_1_577' title='bbox 746 4230 982 4281; x_wconf 90' lang='lat' dir='ltr'>manus,</span> <span class='ocrx_word' id='word_1_578' title='bbox 1011 4212 1228 4285; x_wconf 92' lang='lat' dir='ltr'>quippe</span> <span class='ocrx_word' id='word_1_579' title='bbox 1258 4212 1357 4283; x_wconf 91' lang='lat' dir='ltr'>qui</span> <span class='ocrx_word' id='word_1_580' title='bbox 1388 4213 1494 4266; x_wconf 91' lang='lat'>300</span> <span class='ocrx_word' id='word_1_581' title='bbox 1523 4228 1709 4267; x_wconf 91' lang='lat' dir='ltr'>annos</span> <span class='ocrx_word' id='word_1_582' title='bbox 1739 4228 1854 4267; x_wconf 91' lang='lat' dir='ltr'>non</span> <span class='ocrx_word' id='word_1_583' title='bbox 1966 4212 2037 4267; x_wconf 88' lang='lat' dir='ltr'>de</span> <span class='ocrx_word' id='word_1_584' title='bbox 2067 4210 2251 4265; x_wconf 89' lang='lat' dir='ltr'>sacris</span> <span class='ocrx_word' id='word_1_585' title='bbox 2281 4209 2548 4265; x_wconf 66' lang='lat' dir='ltr'>Ecclesiae</span> <span class='ocrx_word' id='word_1_586' title='bbox 2580 4209 2875 4265; x_wconf 89' lang='lat' dir='ltr'>ministris</span> <span class='ocrx_word' id='word_1_587' title='bbox 2924 4209 3043 4264; x_wconf 68' lang='lat' dir='ltr'>haec</span> <span class='ocrx_word' id='word_1_588' title='bbox 3092 4209 3397 4281; x_wconf 89' lang='lat' dir='ltr'>scriptoris</span> <span class='ocrx_word' id='word_1_589' title='bbox 3428 4210 3616 4266; x_wconf 89' lang='lat' dir='ltr'>nostri</span> 
     </span>
    </p>
   </div>
   <div class='ocr_carea' id='block_1_74' title="bbox 182 4297 3618 4378">
    <p class='ocr_par' dir='ltr' id='par_1_74' title="bbox 182 4297 3618 4378">
     <span class='ocr_line' id='line_1_74' title="bbox 182 4297 3618 4378; baseline -0.002 -15"><span class='ocrx_word' id='word_1_590' title='bbox 182 4310 460 4378; x_wconf 84' lang='lat' dir='ltr'>superet,</span> <span class='ocrx_word' id='word_1_591' title='bbox 522 4304 919 4377; x_wconf 89' lang='lat' dir='ltr'>suppeditavit</span> <span class='ocrx_word' id='word_1_592' title='bbox 966 4302 1135 4358; x_wconf 92' lang='lat' dir='ltr'>nobis</span> <span class='ocrx_word' id='word_1_593' title='bbox 1188 4301 1467 4366; x_wconf 89' lang='lat' dir='ltr'>codicem,</span> <span class='ocrx_word' id='word_1_594' title='bbox 1511 4300 1609 4372; x_wconf 90' lang='lat' dir='ltr'>qui</span> <span class='ocrx_word' id='word_1_595' title='bbox 1655 4317 1854 4355; x_wconf 89' lang='lat' dir='ltr'>veram</span> <span class='ocrx_word' id='word_1_596' title='bbox 1967 4301 2143 4355; x_wconf 89' lang='lat' dir='ltr'>verba</span> <span class='ocrx_word' id='word_1_597' title='bbox 2172 4300 2215 4334; x_wconf 72' lang='grc' dir='ltr'>ει</span> <span class='ocrx_word' id='word_1_598' title='bbox 2251 4317 2263 4354; x_wconf 90' lang='lat'>:</span> <span class='ocrx_word' id='word_1_599' title='bbox 2298 4299 2583 4370; x_wconf 85' lang='lat' dir='ltr'>Episcopi,</span> <span class='ocrx_word' id='word_1_600' title='bbox 2617 4302 2669 4352; x_wconf 88' lang='lat' dir='ltr'>et</span> <span class='ocrx_word' id='word_1_601' title='bbox 2696 4297 2960 4364; x_wconf 87' lang='lat' dir='ltr'>doctores,</span> <span class='ocrx_word' id='word_1_602' title='bbox 2992 4302 3045 4353; x_wconf 88' lang='lat' dir='ltr'>et</span> <span class='ocrx_word' id='word_1_603' title='bbox 3072 4300 3387 4355; x_wconf 87' lang='lat' dir='ltr'>ministri...</span> <span class='ocrx_word' id='word_1_604' title='bbox 3419 4301 3618 4371; x_wconf 85' lang='lat' dir='ltr'>episco-</span> 
     </span>
    </p>
   </div>
   <div class='ocr_carea' id='block_1_75' title="bbox 181 4387 3613 4477">
    <p class='ocr_par' dir='ltr' id='par_1_75' title="bbox 181 4387 3613 4477">
     <span class='ocr_line' id='line_1_75' title="bbox 181 4387 3613 4477; baseline -0.002 -26"><span class='ocrx_word' id='word_1_605' title='bbox 181 4410 380 4468; x_wconf 87' lang='lat' dir='ltr'>quam</span> <span class='ocrx_word' id='word_1_606' title='bbox 403 4393 724 4449; x_wconf 86' lang='lat' dir='ltr'>Cotelerius</span> <span class='ocrx_word' id='word_1_607' title='bbox 754 4393 972 4447; x_wconf 89' lang='lat' dir='ltr'>frustra</span> <span class='ocrx_word' id='word_1_608' title='bbox 993 4390 1302 4477; x_wconf 69' lang='lat' dir='ltr'>quaesierat</span> <span class='ocrx_word' id='word_1_609' title='bbox 1328 4390 1656 4461; x_wconf 88' lang='lat' dir='ltr'>lectionem,</span> <span class='ocrx_word' id='word_1_610' title='bbox 1680 4390 1857 4444; x_wconf 90' lang='lat' dir='ltr'>unius</span> <span class='ocrx_word' id='word_1_611' title='bbox 1962 4398 2159 4462; x_wconf 84' lang='lat' dir='ltr'>patum</span> <span class='ocrx_word' id='word_1_612' title='bbox 2188 4392 2491 4457; x_wconf 87' lang='lat' dir='ltr'>gesserunt,</span> <span class='ocrx_word' id='word_1_613' title='bbox 2526 4387 2827 4443; x_wconf 88' lang='lat' dir='ltr'>docuerunt</span> <span class='ocrx_word' id='word_1_614' title='bbox 2856 4390 2910 4442; x_wconf 91' lang='lat' dir='ltr'>et</span> <span class='ocrx_word' id='word_1_615' title='bbox 2936 4388 3408 4444; x_wconf 85' lang='lat' dir='ltr'>ministraverunt.</span> <span class='ocrx_word' id='word_1_616' title='bbox 3442 4388 3613 4444; x_wconf 90' lang='lat' dir='ltr'>Libro</span> 
     </span>
    </p>
   </div>
   <div class='ocr_carea' id='block_1_76' title="bbox 182 4477 3615 4550">
    <p class='ocr_par' dir='ltr' id='par_1_76' title="bbox 182 4477 3615 4550">
     <span class='ocr_line' id='line_1_76' title="bbox 182 4477 3615 4550; baseline -0.003 -10"><span class='ocrx_word' id='word_1_617' title='bbox 182 4482 475 4541; x_wconf 72' lang='lat' dir='ltr'>litterulae</span> <span class='ocrx_word' id='word_1_618' title='bbox 497 4481 908 4537; x_wconf 87' lang='lat' dir='ltr'>immutatione</span> <span class='ocrx_word' id='word_1_619' title='bbox 936 4480 1204 4535; x_wconf 85' lang='lat' dir='ltr'>exhibere</span> <span class='ocrx_word' id='word_1_620' title='bbox 1226 4479 1471 4535; x_wconf 90' lang='lat' dir='ltr'>videtur.</span> <span class='ocrx_word' id='word_1_621' title='bbox 1496 4478 1588 4533; x_wconf 91' lang='lat' dir='ltr'>Sic</span> <span class='ocrx_word' id='word_1_622' title='bbox 1609 4479 1765 4533; x_wconf 90' lang='lat' dir='ltr'>enim</span> <span class='ocrx_word' id='word_1_623' title='bbox 1798 4478 1855 4532; x_wconf 90' lang='lat' dir='ltr'>in</span> <span class='ocrx_word' id='word_1_624' title='bbox 1969 4478 2165 4535; x_wconf 88' lang='lat' dir='ltr'>autem</span> <span class='ocrx_word' id='word_1_625' title='bbox 2201 4478 2371 4532; x_wconf 90' lang='lat' dir='ltr'>tertio</span> <span class='ocrx_word' id='word_1_626' title='bbox 2401 4478 2445 4512; x_wconf 69' lang='grc' dir='ltr'>θ’</span> <span class='ocrx_word' id='word_1_627' title='bbox 2480 4492 2492 4531; x_wconf 91' lang='lat'>:</span> <span class='ocrx_word' id='word_1_628' title='bbox 2549 4477 2695 4531; x_wconf 85' lang='lat' dir='ltr'>Tales</span> <span class='ocrx_word' id='word_1_629' title='bbox 2724 4484 2851 4531; x_wconf 88' lang='lat' dir='ltr'>sunt</span> <span class='ocrx_word' id='word_1_630' title='bbox 2880 4478 2979 4547; x_wconf 88' lang='lat' dir='ltr'>qui</span> <span class='ocrx_word' id='word_1_631' title='bbox 3006 4477 3363 4532; x_wconf 87' lang='lat' dir='ltr'>crediderunt</span> <span class='ocrx_word' id='word_1_632' title='bbox 3390 4477 3615 4550; x_wconf 90' lang='lat' dir='ltr'>quidam</span> 
     </span>
    </p>
   </div>
   <div class='ocr_carea' id='block_1_77' title="bbox 182 4564 3616 4644">
    <p class='ocr_par' dir='ltr' id='par_1_77' title="bbox 182 4564 3616 4644">
     <span class='ocr_line' id='line_1_77' title="bbox 182 4564 3616 4644; baseline -0.003 -13"><span class='ocrx_word' id='word_1_633' title='bbox 182 4591 262 4631; x_wconf 85' lang='lat' dir='ltr'>eo</span> <span class='ocrx_word' id='word_1_634' title='bbox 321 4571 629 4644; x_wconf 87' lang='lat' dir='ltr'>legimus:</span> <span class='ocrx_word' id='word_1_635' title='bbox 682 4573 839 4627; x_wconf 86' lang='lat' dir='ltr'>Misit</span> <span class='ocrx_word' id='word_1_636' title='bbox 886 4571 1148 4625; x_wconf 86' lang='lat' dir='ltr'>Dominus</span> <span class='ocrx_word' id='word_1_637' title='bbox 1185 4569 1445 4639; x_wconf 84' lang='lat' dir='ltr'>angelum</span> <span class='ocrx_word' id='word_1_638' title='bbox 1488 4584 1647 4623; x_wconf 88' lang='lat' dir='ltr'>suum</span> <span class='ocrx_word' id='word_1_639' title='bbox 1696 4584 1861 4639; x_wconf 84' lang='lat' dir='ltr'>super</span> <span class='ocrx_word' id='word_1_640' title='bbox 1970 4568 2229 4639; x_wconf 79' lang='lat' dir='ltr'>episcOpi,</span> <span class='ocrx_word' id='word_1_641' title='bbox 2284 4566 2341 4620; x_wconf 87' lang='lat' dir='ltr'>id</span> <span class='ocrx_word' id='word_1_642' title='bbox 2386 4568 2465 4620; x_wconf 88' lang='lat' dir='ltr'>est</span> <span class='ocrx_word' id='word_1_643' title='bbox 2520 4565 2774 4636; x_wconf 71' lang='lat' dir='ltr'>praesides</span> <span class='ocrx_word' id='word_1_644' title='bbox 2820 4566 3252 4621; x_wconf 80' lang='lat' dir='ltr'>Ecciesiarum...</span> <span class='ocrx_word' id='word_1_645' title='bbox 3304 4566 3369 4619; x_wconf 87' lang='lat' dir='ltr'>Et</span> <span class='ocrx_word' id='word_1_646' title='bbox 3417 4564 3616 4621; x_wconf 86' lang='lat' dir='ltr'>deinde</span> 
     </span>
    </p>
   </div>
   <div class='ocr_carea' id='block_1_78' title="bbox 182 4654 3613 4732">
    <p class='ocr_par' dir='ltr' id='par_1_78' title="bbox 182 4654 3613 4732">
     <span class='ocr_line' id='line_1_78' title="bbox 182 4654 3613 4732; baseline -0.003 -13"><span class='ocrx_word' id='word_1_647' title='bbox 182 4663 459 4727; x_wconf 84' lang='lat' dir='ltr'>bestiam,</span> <span class='ocrx_word' id='word_1_648' title='bbox 489 4660 648 4732; x_wconf 87' lang='lat' dir='ltr'>cujus</span> <span class='ocrx_word' id='word_1_649' title='bbox 678 4675 875 4714; x_wconf 87' lang='lat' dir='ltr'>nomen</span> <span class='ocrx_word' id='word_1_650' title='bbox 906 4664 985 4713; x_wconf 83' lang='lat' dir='ltr'>est</span> <span class='ocrx_word' id='word_1_651' title='bbox 1024 4658 1246 4728; x_wconf 84' lang='lat' dir='ltr'>Hegrin.</span> <span class='ocrx_word' id='word_1_652' title='bbox 1280 4656 1424 4711; x_wconf 89' lang='lat' dir='ltr'>Hinc</span> <span class='ocrx_word' id='word_1_653' title='bbox 1469 4656 1623 4711; x_wconf 89' lang='lat' dir='ltr'>enim</span> <span class='ocrx_word' id='word_1_654' title='bbox 1659 4657 1859 4727; x_wconf 84' lang='lat' dir='ltr'>Hegrin</span> <span class='ocrx_word' id='word_1_655' title='bbox 1889 4660 1935 4724; x_wconf 89' lang='lat' dir='ltr'>D</span> <span class='ocrx_word' id='word_1_656' title='bbox 1965 4659 2063 4730; x_wconf 82' lang='lat' dir='ltr'>qui</span> <span class='ocrx_word' id='word_1_657' title='bbox 2087 4656 2357 4728; x_wconf 63' lang='lat' dir='ltr'>praesides</span> <span class='ocrx_word' id='word_1_658' title='bbox 2381 4659 2510 4710; x_wconf 88' lang='lat' dir='ltr'>sunt</span> <span class='ocrx_word' id='word_1_659' title='bbox 2532 4655 2993 4719; x_wconf 85' lang='lat' dir='ltr'>ministeriorum,</span> <span class='ocrx_word' id='word_1_660' title='bbox 3021 4656 3115 4724; x_wconf 90' lang='lat' dir='ltr'>qui</span> <span class='ocrx_word' id='word_1_661' title='bbox 3134 4656 3319 4726; x_wconf 83' lang='lat' dir='ltr'>inopes</span> <span class='ocrx_word' id='word_1_662' title='bbox 3341 4660 3391 4709; x_wconf 88' lang='lat' dir='ltr'>et</span> <span class='ocrx_word' id='word_1_663' title='bbox 3416 4654 3613 4709; x_wconf 87' lang='lat' dir='ltr'>viduas</span> 
     </span>
    </p>
   </div>
   <div class='ocr_carea' id='block_1_79' title="bbox 187 4740 3614 4822">
    <p class='ocr_par' dir='ltr' id='par_1_79' title="bbox 187 4740 3614 4822">
     <span class='ocr_line' id='line_1_79' title="bbox 187 4740 3614 4822; baseline -0.003 -15"><span class='ocrx_word' id='word_1_664' title='bbox 187 4767 330 4808; x_wconf 88' lang='lat' dir='ltr'>non</span> <span class='ocrx_word' id='word_1_665' title='bbox 367 4747 583 4822; x_wconf 90' lang='lat' dir='ltr'>angeli,</span> <span class='ocrx_word' id='word_1_666' title='bbox 607 4748 709 4803; x_wconf 91' lang='lat' dir='ltr'>sed</span> <span class='ocrx_word' id='word_1_667' title='bbox 739 4746 938 4802; x_wconf 60' lang='lat' dir='ltr'>bestia;</span> <span class='ocrx_word' id='word_1_668' title='bbox 970 4762 1182 4801; x_wconf 89' lang='lat' dir='ltr'>nomen</span> <span class='ocrx_word' id='word_1_669' title='bbox 1212 4761 1341 4800; x_wconf 89' lang='lat' dir='ltr'>esse</span> <span class='ocrx_word' id='word_1_670' title='bbox 1372 4743 1721 4816; x_wconf 88' lang='lat' dir='ltr'>colligimus.</span> <span class='ocrx_word' id='word_1_671' title='bbox 1753 4750 1866 4800; x_wconf 88' lang='lat' dir='ltr'>Cur</span> <span class='ocrx_word' id='word_1_672' title='bbox 1972 4740 2355 4817; x_wconf 71' lang='lat' dir='ltr'>protexerun&#39;t,</span> <span class='ocrx_word' id='word_1_673' title='bbox 2387 4753 2438 4799; x_wconf 88' lang='lat' dir='ltr'>et</span> <span class='ocrx_word' id='word_1_674' title='bbox 2483 4752 2689 4799; x_wconf 87' lang='lat' dir='ltr'>castam</span> <span class='ocrx_word' id='word_1_675' title='bbox 2733 4747 2992 4815; x_wconf 83' lang='lat' dir='ltr'>perpetuo</span> <span class='ocrx_word' id='word_1_676' title='bbox 3022 4744 3483 4799; x_wconf 81' lang='lat' dir='ltr'>conversationem</span> <span class='ocrx_word' id='word_1_677' title='bbox 3510 4742 3614 4798; x_wconf 87' lang='lat' dir='ltr'>ha-</span> 
     </span>
    </p>
   </div>
   <div class='ocr_carea' id='block_1_80' title="bbox 180 4831 3613 4903">
    <p class='ocr_par' dir='ltr' id='par_1_80' title="bbox 180 4831 3613 4903">
     <span class='ocr_line' id='line_1_80' title="bbox 180 4831 3613 4903; baseline -0.003 -6"><span class='ocrx_word' id='word_1_678' title='bbox 180 4844 412 4899; x_wconf 80' lang='lat' dir='ltr'>autem</span> <span class='ocrx_word' id='word_1_679' title='bbox 458 4838 702 4894; x_wconf 81' lang='lat' dir='ltr'>Hermas</span> <span class='ocrx_word' id='word_1_680' title='bbox 746 4836 907 4891; x_wconf 88' lang='lat' dir='ltr'>illam</span> <span class='ocrx_word' id='word_1_681' title='bbox 956 4835 1038 4890; x_wconf 90' lang='lat' dir='ltr'>ita</span> <span class='ocrx_word' id='word_1_682' title='bbox 1083 4834 1389 4903; x_wconf 88' lang='lat' dir='ltr'>vocaverit,</span> <span class='ocrx_word' id='word_1_683' title='bbox 1422 4838 1574 4888; x_wconf 90' lang='lat' dir='ltr'>recte</span> <span class='ocrx_word' id='word_1_684' title='bbox 1621 4833 1862 4889; x_wconf 86' lang='lat' dir='ltr'>forsitan</span> <span class='ocrx_word' id='word_1_685' title='bbox 1974 4836 2228 4889; x_wconf 89' lang='lat' dir='ltr'>buerunt.</span> <span class='ocrx_word' id='word_1_686' title='bbox 2262 4833 2368 4897; x_wconf 88' lang='lat' dir='ltr'>Qui</span> <span class='ocrx_word' id='word_1_687' title='bbox 2400 4832 2555 4889; x_wconf 91' lang='lat' dir='ltr'>enim</span> <span class='ocrx_word' id='word_1_688' title='bbox 2588 4833 2706 4888; x_wconf 90' lang='lat' dir='ltr'>sint</span> <span class='ocrx_word' id='word_1_689' title='bbox 2735 4832 2818 4887; x_wconf 92' lang='lat' dir='ltr'>illi</span> <span class='ocrx_word' id='word_1_690' title='bbox 2848 4831 3086 4887; x_wconf 88' lang='lat' dir='ltr'>doctores</span> <span class='ocrx_word' id='word_1_691' title='bbox 3121 4840 3172 4887; x_wconf 90' lang='lat' dir='ltr'>et</span> <span class='ocrx_word' id='word_1_692' title='bbox 3213 4831 3476 4901; x_wconf 61' lang='lat' dir='ltr'>praesides</span> <span class='ocrx_word' id='word_1_693' title='bbox 3504 4832 3613 4887; x_wconf 88' lang='lat' dir='ltr'>mi-</span> 
     </span>
    </p>
   </div>
   <div class='ocr_carea' id='block_1_81' title="bbox 180 4920 3616 5000">
    <p class='ocr_par' dir='ltr' id='par_1_81' title="bbox 180 4920 3616 5000">
     <span class='ocr_line' id='line_1_81' title="bbox 180 4920 3616 5000; baseline -0.003 -12"><span class='ocrx_word' id='word_1_694' title='bbox 180 4928 517 5000; x_wconf 88' lang='lat' dir='ltr'>conjicies,</span> <span class='ocrx_word' id='word_1_695' title='bbox 553 4927 599 4981; x_wconf 92' lang='lat' dir='ltr'>si</span> <span class='ocrx_word' id='word_1_696' title='bbox 635 4926 903 4981; x_wconf 89' lang='lat' dir='ltr'>attendas</span> <span class='ocrx_word' id='word_1_697' title='bbox 931 4940 1130 4979; x_wconf 92' lang='lat' dir='ltr'>vocem</span> <span class='ocrx_word' id='word_1_698' title='bbox 1162 4923 1369 4994; x_wconf 86' lang='lat' dir='ltr'>Hegrin</span> <span class='ocrx_word' id='word_1_699' title='bbox 1416 4921 1571 4977; x_wconf 89' lang='lat' dir='ltr'>idem</span> <span class='ocrx_word' id='word_1_700' title='bbox 1622 4937 1751 4977; x_wconf 88' lang='lat' dir='ltr'>esse</span> <span class='ocrx_word' id='word_1_701' title='bbox 1799 4940 1865 4978; x_wconf 91' lang='lat' dir='ltr'>ac</span> <span class='ocrx_word' id='word_1_702' title='bbox 1971 4925 2350 4991; x_wconf 85' lang='lat' dir='ltr'>nisteriorum,</span> <span class='ocrx_word' id='word_1_703' title='bbox 2374 4939 2487 4978; x_wconf 91' lang='lat' dir='ltr'>non</span> <span class='ocrx_word' id='word_1_704' title='bbox 2513 4922 2699 4977; x_wconf 91' lang='lat' dir='ltr'>cuivis</span> <span class='ocrx_word' id='word_1_705' title='bbox 2722 4921 2920 4977; x_wconf 90' lang='lat' dir='ltr'>statim</span> <span class='ocrx_word' id='word_1_706' title='bbox 2943 4923 3222 4976; x_wconf 88' lang='lat' dir='ltr'>occurret.</span> <span class='ocrx_word' id='word_1_707' title='bbox 3246 4920 3462 4977; x_wconf 89' lang='lat' dir='ltr'>Verum</span> <span class='ocrx_word' id='word_1_708' title='bbox 3493 4921 3616 4978; x_wconf 63' lang='lat' dir='ltr'>haec</span> 
     </span>
    </p>
   </div>
   <div class='ocr_carea' id='block_1_82' title="bbox 184 5009 3615 5089">
    <p class='ocr_par' dir='ltr' id='par_1_82' title="bbox 184 5009 3615 5089">
     <span class='ocr_line' id='line_1_82' title="bbox 184 5009 3615 5089; baseline -0.003 -12"><span class='ocrx_word' id='word_1_709' title='bbox 184 5021 407 5077; x_wconf 73' lang='lat' dir='ltr'>Graece</span> <span class='ocrx_word' id='word_1_710' title='bbox 442 5011 663 5089; x_wconf 81' lang='grc' dir='ltr'>ἄγριος,</span> <span class='ocrx_word' id='word_1_711' title='bbox 694 5015 753 5069; x_wconf 91' lang='lat' dir='ltr'>id</span> <span class='ocrx_word' id='word_1_712' title='bbox 808 5017 897 5069; x_wconf 90' lang='lat' dir='ltr'>est</span> <span class='ocrx_word' id='word_1_713' title='bbox 944 5011 1213 5083; x_wconf 86' lang='lat' dir='ltr'>immitis,</span> <span class='ocrx_word' id='word_1_714' title='bbox 1262 5012 1441 5077; x_wconf 85' lang='lat' dir='ltr'>ferox,</span> <span class='ocrx_word' id='word_1_715' title='bbox 1488 5010 1577 5065; x_wconf 90' lang='lat' dir='ltr'>vel</span> <span class='ocrx_word' id='word_1_716' title='bbox 1624 5011 1765 5076; x_wconf 87' lang='lat' dir='ltr'>fera,</span> <span class='ocrx_word' id='word_1_717' title='bbox 1812 5016 1868 5067; x_wconf 88' lang='lat' dir='ltr'>et</span> <span class='ocrx_word' id='word_1_718' title='bbox 1973 5013 2240 5086; x_wconf 89' lang='lat' dir='ltr'>planiora</span> <span class='ocrx_word' id='word_1_719' title='bbox 2271 5013 2431 5078; x_wconf 88' lang='lat' dir='ltr'>ﬁent,</span> <span class='ocrx_word' id='word_1_720' title='bbox 2466 5011 2515 5065; x_wconf 89' lang='lat' dir='ltr'>si</span> <span class='ocrx_word' id='word_1_721' title='bbox 2546 5011 2603 5065; x_wconf 93' lang='lat' dir='ltr'>id</span> <span class='ocrx_word' id='word_1_722' title='bbox 2637 5010 2793 5081; x_wconf 91' lang='lat' dir='ltr'>quod</span> <span class='ocrx_word' id='word_1_723' title='bbox 2824 5026 2857 5063; x_wconf 89' lang='lat' dir='ltr'>a</span> <span class='ocrx_word' id='word_1_724' title='bbox 2885 5009 3118 5064; x_wconf 89' lang='lat' dir='ltr'>nemine</span> <span class='ocrx_word' id='word_1_725' title='bbox 3146 5015 3388 5066; x_wconf 91' lang='lat' dir='ltr'>vocatur</span> <span class='ocrx_word' id='word_1_726' title='bbox 3417 5010 3476 5066; x_wconf 89' lang='lat' dir='ltr'>in</span> <span class='ocrx_word' id='word_1_727' title='bbox 3504 5011 3615 5067; x_wconf 91' lang='lat' dir='ltr'>du-</span> 
     </span>
    </p>
   </div>
   <div class='ocr_carea' id='block_1_83' title="bbox 1977 5098 3618 5167">
    <p class='ocr_par' dir='ltr' id='par_1_83' title="bbox 1977 5098 3618 5167">
     <span class='ocr_line' id='line_1_83' title="bbox 1977 5098 3618 5167; baseline -0.001 -10"><span class='ocrx_word' id='word_1_728' title='bbox 1977 5102 2163 5167; x_wconf 90' lang='lat' dir='ltr'>bium,</span> <span class='ocrx_word' id='word_1_729' title='bbox 2197 5102 2555 5166; x_wconf 89' lang='lat' dir='ltr'>observetur,</span> <span class='ocrx_word' id='word_1_730' title='bbox 2579 5099 2853 5154; x_wconf 89' lang='lat' dir='ltr'>diaconos</span> <span class='ocrx_word' id='word_1_731' title='bbox 2885 5116 2918 5154; x_wconf 89' lang='lat' dir='ltr'>a</span> <span class='ocrx_word' id='word_1_732' title='bbox 2944 5098 3163 5154; x_wconf 89' lang='lat' dir='ltr'>sanctis</span> <span class='ocrx_word' id='word_1_733' title='bbox 3194 5098 3464 5155; x_wconf 88' lang='lat' dir='ltr'>Patribus</span> <span class='ocrx_word' id='word_1_734' title='bbox 3495 5099 3618 5156; x_wconf 90' lang='lat' dir='ltr'>solo</span> 
     </span>
    </p>
   </div>
   <div class='ocr_carea' id='block_1_84' title="bbox 1978 5186 3620 5261">
    <p class='ocr_par' dir='ltr' id='par_1_84' title="bbox 1978 5186 3620 5261">
     <span class='ocr_line' id='line_1_84' title="bbox 1978 5186 3620 5261; baseline -0.001 -16"><span class='ocrx_word' id='word_1_735' title='bbox 1978 5191 2389 5245; x_wconf 87' lang='lat' dir='ltr'>ministrorum</span> <span class='ocrx_word' id='word_1_736' title='bbox 2414 5188 2649 5243; x_wconf 90' lang='lat' dir='ltr'>nomine</span> <span class='ocrx_word' id='word_1_737' title='bbox 2668 5188 2888 5258; x_wconf 88' lang='lat' dir='ltr'>passim</span> <span class='ocrx_word' id='word_1_738' title='bbox 2913 5186 3214 5259; x_wconf 87' lang='lat' dir='ltr'>appellari.</span> <span class='ocrx_word' id='word_1_739' title='bbox 3238 5188 3383 5245; x_wconf 90' lang='lat' dir='ltr'>Hinc</span> <span class='ocrx_word' id='word_1_740' title='bbox 3403 5189 3620 5261; x_wconf 90' lang='lat' dir='ltr'>quippe</span> 
     </span>
    </p>
   </div>
   <div class='ocr_carea' id='block_1_85' title="bbox 1978 5275 3620 5350">
    <p class='ocr_par' dir='ltr' id='par_1_85' title="bbox 1978 5275 3620 5350">
     <span class='ocr_line' id='line_1_85' title="bbox 1978 5275 3620 5350; baseline -0.001 -17"><span class='ocrx_word' id='word_1_741' title='bbox 1978 5278 2279 5350; x_wconf 87' lang='lat' dir='ltr'>colligitur</span> <span class='ocrx_word' id='word_1_742' title='bbox 2297 5278 2560 5341; x_wconf 86' lang='lat' dir='ltr'>doctores,</span> <span class='ocrx_word' id='word_1_743' title='bbox 2588 5276 2688 5347; x_wconf 92' lang='lat' dir='ltr'>qui</span> <span class='ocrx_word' id='word_1_744' title='bbox 2718 5276 3022 5347; x_wconf 84' lang='lat' dir='ltr'>episcOpos</span> <span class='ocrx_word' id='word_1_745' title='bbox 3051 5276 3205 5332; x_wconf 91' lang='lat' dir='ltr'>inter</span> <span class='ocrx_word' id='word_1_746' title='bbox 3234 5280 3291 5332; x_wconf 92' lang='lat' dir='ltr'>et</span> <span class='ocrx_word' id='word_1_747' title='bbox 3320 5275 3620 5332; x_wconf 89' lang='lat' dir='ltr'>ministros</span> 
     </span>
    </p>
   </div>
   <div class='ocr_carea' id='block_1_86' title="bbox 1980 5363 3621 5436">
    <p class='ocr_par' dir='ltr' id='par_1_86' title="bbox 1980 5363 3621 5436">
     <span class='ocr_line' id='line_1_86' title="bbox 1980 5363 3621 5436; baseline -0.001 -14"><span class='ocrx_word' id='word_1_748' title='bbox 1980 5368 2157 5423; x_wconf 90' lang='lat' dir='ltr'>medii</span> <span class='ocrx_word' id='word_1_749' title='bbox 2210 5365 2593 5434; x_wconf 89' lang='lat' dir='ltr'>collocantur,</span> <span class='ocrx_word' id='word_1_750' title='bbox 2644 5380 2759 5420; x_wconf 92' lang='lat' dir='ltr'>non</span> <span class='ocrx_word' id='word_1_751' title='bbox 2809 5363 2953 5421; x_wconf 89' lang='lat' dir='ltr'>alios</span> <span class='ocrx_word' id='word_1_752' title='bbox 3008 5363 3209 5436; x_wconf 92' lang='lat' dir='ltr'>procul</span> <span class='ocrx_word' id='word_1_753' title='bbox 3258 5365 3435 5420; x_wconf 91' lang='lat' dir='ltr'>dubio</span> <span class='ocrx_word' id='word_1_754' title='bbox 3491 5380 3621 5421; x_wconf 87' lang='lat' dir='ltr'>esse</span> 
     </span>
    </p>
   </div>
   <div class='ocr_carea' id='block_1_87' title="bbox 2479 3941 3099 3998">
    <p class='ocr_par' dir='ltr' id='par_1_87' title="bbox 2479 3941 3099 3998">
     <span class='ocr_line' id='line_1_87' title="bbox 2479 3941 3099 3998; baseline 0 -1"><span class='ocrx_word' id='word_1_755' title='bbox 2479 3941 2886 3998; x_wconf 85' lang='lat' dir='ltr'>ARTICULUS</span> <span class='ocrx_word' id='word_1_756' title='bbox 2929 3942 3099 3998; x_wconf 88' lang='lat' dir='ltr'>XXII.</span> 
     </span>
    </p>
   </div>
   <div class='ocr_carea' id='block_1_88' title="bbox 2031 4032 3548 4103">
    <p class='ocr_par' dir='ltr' id='par_1_88' title="bbox 2031 4032 3548 4103">
     <span class='ocr_line' id='line_1_88' title="bbox 2031 4032 3548 4103; baseline -0.001 -15"><span class='ocrx_word' id='word_1_757' title='bbox 2031 4035 2137 4102; x_wconf 85' lang='lat' dir='ltr'>Qui</span> <span class='ocrx_word' id='word_1_758' title='bbox 2165 4032 2409 4089; x_wconf 87' lang='lat' dir='ltr'>doctores</span> <span class='ocrx_word' id='word_1_759' title='bbox 2438 4036 2491 4087; x_wconf 88' lang='lat' dir='ltr'>et</span> <span class='ocrx_word' id='word_1_760' title='bbox 2526 4032 2780 4103; x_wconf 57' lang='lat' dir='ltr'>prasides</span> <span class='ocrx_word' id='word_1_761' title='bbox 2808 4033 3243 4087; x_wconf 81' lang='lat' dir='ltr'>ministeriorum</span> <span class='ocrx_word' id='word_1_762' title='bbox 3270 4032 3548 4088; x_wconf 85' lang='lat' dir='ltr'>dicantur.</span> 
     </span>
    </p>
   </div>
   <div class='ocr_carea' id='block_1_89' title="bbox 2036 4121 3617 4191">
    <p class='ocr_par' dir='ltr' id='par_1_89' title="bbox 2036 4121 3617 4191">
     <span class='ocr_line' id='line_1_89' title="bbox 2036 4121 3617 4191; baseline -0.001 -14"><span class='ocrx_word' id='word_1_763' title='bbox 2036 4123 2163 4177; x_wconf 90' lang='lat' dir='ltr'>Non</span> <span class='ocrx_word' id='word_1_764' title='bbox 2184 4123 2430 4177; x_wconf 90' lang='lat' dir='ltr'>deerunt</span> <span class='ocrx_word' id='word_1_765' title='bbox 2447 4122 2695 4176; x_wconf 90' lang='lat' dir='ltr'>fortasse</span> <span class='ocrx_word' id='word_1_766' title='bbox 2713 4121 2928 4191; x_wconf 89' lang='lat' dir='ltr'>quibus</span> <span class='ocrx_word' id='word_1_767' title='bbox 2949 4121 3246 4177; x_wconf 90' lang='lat' dir='ltr'>salebrosa</span> <span class='ocrx_word' id='word_1_768' title='bbox 3260 4121 3617 4178; x_wconf 88' lang='lat' dir='ltr'>videbuntur</span> 
     </span>
    </p>
   </div>
   <div class='ocr_carea' id='block_1_90' title="bbox 186 5100 1867 5176">
    <p class='ocr_par' dir='ltr' id='par_1_90' title="bbox 186 5100 1867 5176">
     <span class='ocr_line' id='line_1_90' title="bbox 186 5100 1867 5176; baseline -0.006 -11"><span class='ocrx_word' id='word_1_769' title='bbox 186 5106 452 5173; x_wconf 85' lang='lat' dir='ltr'>bestia;</span> <span class='ocrx_word' id='word_1_770' title='bbox 486 5122 552 5160; x_wconf 92' lang='lat' dir='ltr'>ac</span> <span class='ocrx_word' id='word_1_771' title='bbox 596 5104 899 5176; x_wconf 88' lang='lat' dir='ltr'>probabile</span> <span class='ocrx_word' id='word_1_772' title='bbox 927 5102 1173 5174; x_wconf 91' lang='lat' dir='ltr'>proinde</span> <span class='ocrx_word' id='word_1_773' title='bbox 1200 5100 1383 5155; x_wconf 89' lang='lat' dir='ltr'>videri</span> <span class='ocrx_word' id='word_1_774' title='bbox 1415 5100 1689 5155; x_wconf 87' lang='lat' dir='ltr'>Hermam</span> <span class='ocrx_word' id='word_1_775' title='bbox 1719 5100 1867 5156; x_wconf 89' lang='lat' dir='ltr'>allu-</span> 
     </span>
    </p>
   </div>
   <div class='ocr_carea' id='block_1_91' title="bbox 171 5188 1869 5261">
    <p class='ocr_par' dir='ltr' id='par_1_91' title="bbox 171 5188 1869 5261">
     <span class='ocr_line' id='line_1_91' title="bbox 171 5188 1869 5261; baseline -0.006 -6"><span class='ocrx_word' id='word_1_776' title='bbox 171 5199 361 5257; x_wconf 85' lang='lat' dir='ltr'>sisse</span> <span class='ocrx_word' id='word_1_777' title='bbox 408 5195 479 5251; x_wconf 87' lang='lat' dir='ltr'>ad</span> <span class='ocrx_word' id='word_1_778' title='bbox 527 5193 653 5248; x_wconf 65' lang='lat' dir='ltr'>haec</span> <span class='ocrx_word' id='word_1_779' title='bbox 707 5191 1033 5247; x_wconf 73' lang='lat' dir='ltr'>Psalmistaa</span> <span class='ocrx_word' id='word_1_780' title='bbox 1077 5189 1295 5245; x_wconf 89' lang='lat' dir='ltr'>verba:</span> <span class='ocrx_word' id='word_1_781' title='bbox 1350 5188 1667 5260; x_wconf 86' lang='lat' dir='ltr'>Singularis</span> <span class='ocrx_word' id='word_1_782' title='bbox 1718 5192 1869 5261; x_wconf 82' lang='lat' dir='ltr'>ferus</span> 
     </span>
    </p>
   </div>
   <div class='ocr_carea' id='block_1_92' title="bbox 173 5276 1866 5361">
    <p class='ocr_par' dir='ltr' id='par_1_92' title="bbox 173 5276 1866 5361">
     <span class='ocr_line' id='line_1_92' title="bbox 173 5276 1866 5361; baseline -0.004 -22"><span class='ocrx_word' id='word_1_783' title='bbox 173 5282 425 5361; x_wconf 82' lang='grc' dir='ltr'>(μονιὸς</span> <span class='ocrx_word' id='word_1_784' title='bbox 464 5279 677 5358; x_wconf 81' lang='grc' dir='ltr'>ἄγριος)</span> <span class='ocrx_word' id='word_1_785' title='bbox 706 5282 960 5352; x_wconf 84' lang='lat' dir='ltr'>depastus</span> <span class='ocrx_word' id='word_1_786' title='bbox 987 5286 1063 5334; x_wconf 88' lang='lat' dir='ltr'>est</span> <span class='ocrx_word' id='word_1_787' title='bbox 1098 5295 1219 5334; x_wconf 89' lang='lat' dir='ltr'>eam</span> <span class='ocrx_word' id='word_1_788' title='bbox 1248 5278 1315 5343; x_wconf 69' lang='grc' dir='ltr'>τί,</span> <span class='ocrx_word' id='word_1_789' title='bbox 1366 5276 1588 5332; x_wconf 90' lang='lat' dir='ltr'>scilicet</span> <span class='ocrx_word' id='word_1_790' title='bbox 1617 5277 1866 5333; x_wconf 87' lang='lat' dir='ltr'>vineam.</span> 
     </span>
    </p>
   </div>
   <div class='ocr_carea' id='block_1_93' title="bbox 172 5367 1869 5445">
    <p class='ocr_par' dir='ltr' id='par_1_93' title="bbox 172 5367 1869 5445">
     <span class='ocr_line' id='line_1_93' title="bbox 172 5367 1869 5445; baseline -0.008 -11"><span class='ocrx_word' id='word_1_791' title='bbox 172 5376 317 5435; x_wconf 88' lang='lat' dir='ltr'>Ille</span> <span class='ocrx_word' id='word_1_792' title='bbox 364 5373 585 5445; x_wconf 90' lang='lat' dir='ltr'>quippe</span> <span class='ocrx_word' id='word_1_793' title='bbox 640 5370 861 5427; x_wconf 89' lang='lat' dir='ltr'>ibidem</span> <span class='ocrx_word' id='word_1_794' title='bbox 912 5367 1062 5423; x_wconf 88' lang='lat' dir='ltr'>hanc</span> <span class='ocrx_word' id='word_1_795' title='bbox 1105 5367 1353 5424; x_wconf 90' lang='lat' dir='ltr'>bestiam</span> <span class='ocrx_word' id='word_1_796' title='bbox 1380 5382 1654 5438; x_wconf 70' lang='lat' dir='ltr'>pressura:</span> <span class='ocrx_word' id='word_1_797' title='bbox 1681 5383 1869 5438; x_wconf 85' lang='lat' dir='ltr'>super-</span> 
     </span>
    </p>
   </div>
   <div class='ocr_carea' id='block_1_94' title="bbox 278 5614 3618 5697">
    <p class='ocr_par' dir='ltr' id='par_1_94' title="bbox 278 5614 3618 5697">
     <span class='ocr_line' id='line_1_94' title="bbox 278 5614 3618 5697; baseline -0.001 -23"><span class='ocrx_word' id='word_1_798' title='bbox 278 5622 334 5655; x_wconf 70' lang='lat'><strong>“</strong></span> <span class='ocrx_word' id='word_1_799' title='bbox 364 5618 467 5674; x_wconf 92' lang='lat' dir='ltr'>lib.</span> <span class='ocrx_word' id='word_1_800' title='bbox 499 5637 519 5675; x_wconf 87' lang='grc' dir='ltr'>ι</span> <span class='ocrx_word' id='word_1_801' title='bbox 553 5616 933 5697; x_wconf 65' lang='lat' dir='ltr'>Commentjn</span> <span class='ocrx_word' id='word_1_802' title='bbox 965 5614 1162 5697; x_wconf 84' lang='lat' dir='ltr'>Habac.</span> <span class='ocrx_word' id='word_1_803' title='bbox 1241 5616 1284 5649; x_wconf 80' lang='grc'>⁷⁵</span> <span class='ocrx_word' id='word_1_804' title='bbox 1312 5615 1515 5697; x_wconf 70' lang='lat' dir='ltr'>hpmil.</span> <span class='ocrx_word' id='word_1_805' title='bbox 1541 5616 1703 5697; x_wconf 25' lang='grc' dir='ltr'>Δ14Δὺι</span> <span class='ocrx_word' id='word_1_806' title='bbox 1736 5616 2254 5697; x_wconf 39' lang='grc' dir='ltr'>ζνρηιεζ-ορρκχχιιι</span> <span class='ocrx_word' id='word_1_807' title='bbox 2281 5635 2293 5685; x_wconf 90' lang='grc'>;</span> <span class='ocrx_word' id='word_1_808' title='bbox 2326 5615 2486 5697; x_wconf 75' lang='lat' dir='ltr'>hom.</span> <span class='ocrx_word' id='word_1_809' title='bbox 2508 5616 2875 5697; x_wconf 39' lang='lat' dir='ltr'>23nin‘Josue,</span> <span class='ocrx_word' id='word_1_810' title='bbox 2898 5632 3024 5697; x_wconf 80' lang='lat' dir='ltr'>cap.</span> <span class='ocrx_word' id='word_1_811' title='bbox 3054 5631 3193 5697; x_wconf 50' lang='lat' dir='ltr'>xviii</span> <span class='ocrx_word' id='word_1_812' title='bbox 3216 5632 3230 5683; x_wconf 93' lang='lat'><strong>;</strong></span> <span class='ocrx_word' id='word_1_813' title='bbox 3251 5614 3467 5697; x_wconf 59' lang='lat' dir='ltr'>homil.</span> <span class='ocrx_word' id='word_1_814' title='bbox 3489 5616 3526 5671; x_wconf 90' lang='lat'><strong>6</strong></span> <span class='ocrx_word' id='word_1_815' title='bbox 3546 5618 3618 5697; x_wconf 68' lang='lat' dir='ltr'>in</span> 
     </span>
    </p>
   </div>
   <div class='ocr_carea' id='block_1_95' title="bbox 178 5685 3613 5763">
    <p class='ocr_par' dir='ltr' id='par_1_95' title="bbox 178 5685 3613 5763">
     <span class='ocr_line' id='line_1_95' title="bbox 178 5685 3613 5763; baseline -0.002 -14"><span class='ocrx_word' id='word_1_816' title='bbox 178 5698 424 5756; x_wconf 68' lang='lat' dir='ltr'>larem.</span> <span class='ocrx_word' id='word_1_817' title='bbox 458 5707 717 5763; x_wconf 34' lang='lat' dir='ltr'>caprxn.</span> <span class='ocrx_word' id='word_1_818' title='bbox 821 5688 863 5721; x_wconf 75' lang='grc'>⁷⁵</span> <span class='ocrx_word' id='word_1_819' title='bbox 897 5704 938 5763; x_wconf 86' lang='lat' dir='ltr'>I_I</span> <span class='ocrx_word' id='word_1_820' title='bbox 981 5691 1159 5763; x_wconf 34' lang='lat' dir='ltr'>p‘a_rt.,</span> <span class='ocrx_word' id='word_1_821' title='bbox 1205 5704 1262 5758; x_wconf 90' lang='lat' dir='ltr'>q.</span> <span class='ocrx_word' id='word_1_822' title='bbox 1290 5688 1433 5763; x_wconf 16' lang='lat' dir='ltr'>7120A,</span> <span class='ocrx_word' id='word_1_823' title='bbox 1469 5692 1577 5763; x_wconf 78' lang='lat' dir='ltr'>art.</span> <span class='ocrx_word' id='word_1_824' title='bbox 1616 5690 1757 5763; x_wconf 57' lang='lat' dir='ltr'>[ad</span> <span class='ocrx_word' id='word_1_825' title='bbox 1791 5690 1843 5743; x_wconf 92' lang='lat'>3.</span> <span class='ocrx_word' id='word_1_826' title='bbox 1921 5690 1963 5763; x_wconf 51' lang='grc' dir='ltr'>τέ’</span> <span class='ocrx_word' id='word_1_827' title='bbox 1993 5685 2146 5763; x_wconf 60' lang='grc' dir='ltr'>ΡξξιιιιΖ</span> <span class='ocrx_word' id='word_1_828' title='bbox 2180 5688 2483 5763; x_wconf 30' lang='lat' dir='ltr'>minati}.</span> <span class='ocrx_word' id='word_1_829' title='bbox 2560 5688 2602 5721; x_wconf 76' lang='grc'>⁷⁸</span> <span class='ocrx_word' id='word_1_830' title='bbox 2618 5686 2734 5763; x_wconf 85' lang='lat' dir='ltr'>_1ib_._</span> <span class='ocrx_word' id='word_1_831' title='bbox 2764 5704 2851 5763; x_wconf 82' lang='lat' dir='ltr'>II_I,</span> <span class='ocrx_word' id='word_1_832' title='bbox 2882 5685 3087 5744; x_wconf 84' lang='lat' dir='ltr'>vision.</span> <span class='ocrx_word' id='word_1_833' title='bbox 3120 5687 3173 5741; x_wconf 90' lang='lat'>3.</span> <span class='ocrx_word' id='word_1_834' title='bbox 3251 5686 3295 5721; x_wconf 78' lang='lat'>7°</span> <span class='ocrx_word' id='word_1_835' title='bbox 3324 5685 3427 5742; x_wconf 91' lang='lat' dir='ltr'>lib.</span> <span class='ocrx_word' id='word_1_836' title='bbox 3460 5688 3613 5757; x_wconf 83' lang='lat' dir='ltr'>eod.,</span> 
     </span>
    </p>
   </div>
   <div class='ocr_carea' id='block_1_96' title="bbox 174 5757 2845 5831">
    <p class='ocr_par' dir='ltr' id='par_1_96' title="bbox 174 5757 2845 5831">
     <span class='ocr_line' id='line_1_96' title="bbox 174 5757 2845 5831; baseline -0.005 -6"><span class='ocrx_word' id='word_1_837' title='bbox 174 5763 427 5827; x_wconf 77' lang='lat' dir='ltr'>vision.</span> <span class='ocrx_word' id='word_1_838' title='bbox 457 5757 548 5819; x_wconf 73' lang='grc'>3.’</span> <span class='ocrx_word' id='word_1_839' title='bbox 586 5762 631 5797; x_wconf 80' lang='grc' dir='ltr'>⁸ο</span> <span class='ocrx_word' id='word_1_840' title='bbox 660 5761 761 5817; x_wconf 90' lang='lat' dir='ltr'>lib.</span> <span class='ocrx_word' id='word_1_841' title='bbox 798 5777 862 5816; x_wconf 91' lang='grc' dir='ltr'>ιιι</span> <span class='ocrx_word' id='word_1_842' title='bbox 892 5759 965 5815; x_wconf 85' lang='lat' dir='ltr'>De</span> <span class='ocrx_word' id='word_1_843' title='bbox 983 5757 1086 5829; x_wconf 40' lang='lat' dir='ltr'>&#39;ﬁd.</span> <span class='ocrx_word' id='word_1_844' title='bbox 1120 5757 1249 5831; x_wconf 29' lang='grc' dir='ltr'>θερί.</span> <span class='ocrx_word' id='word_1_845' title='bbox 1280 5761 1369 5829; x_wconf 87' lang='grc'>21,</span> <span class='ocrx_word' id='word_1_846' title='bbox 1402 5758 1433 5831; x_wconf 87' lang='lat'><strong>§</strong></span> <span class='ocrx_word' id='word_1_847' title='bbox 1462 5760 1551 5815; x_wconf 87' lang='lat'>82.</span> <span class='ocrx_word' id='word_1_848' title='bbox 1629 5760 1669 5793; x_wconf 81' lang='grc'>⁸¹</span> <span class='ocrx_word' id='word_1_849' title='bbox 1701 5759 1804 5817; x_wconf 92' lang='lat' dir='ltr'>lib.</span> <span class='ocrx_word' id='word_1_850' title='bbox 1836 5778 1877 5831; x_wconf 87' lang='grc' dir='ltr'>ι,</span> <span class='ocrx_word' id='word_1_851' title='bbox 1908 5759 2088 5817; x_wconf 89' lang='lat' dir='ltr'>simil.</span> <span class='ocrx_word' id='word_1_852' title='bbox 2121 5760 2173 5814; x_wconf 93' lang='lat'>3.</span> <span class='ocrx_word' id='word_1_853' title='bbox 2252 5761 2299 5794; x_wconf 68' lang='grc'>³2</span> <span class='ocrx_word' id='word_1_854' title='bbox 2328 5759 2431 5816; x_wconf 88' lang='lat' dir='ltr'>lib.</span> <span class='ocrx_word' id='word_1_855' title='bbox 2466 5776 2550 5831; x_wconf 87' lang='grc' dir='ltr'>ιιι,</span> <span class='ocrx_word' id='word_1_856' title='bbox 2582 5757 2759 5815; x_wconf 90' lang='lat' dir='ltr'>simil.</span> <span class='ocrx_word' id='word_1_857' title='bbox 2791 5760 2845 5812; x_wconf 85' lang='lat'>9.</span> 
     </span>
    </p>
   </div>
  </div>
