4038 6210
458 344 577 408 855

1959 343 2023 403 S.
2070 338 2373 403 HERMJE

3695 352 3793 413 856

463 492 637 550 quam
670 476 1038 549 presbyteros
1061 492 1162 532 seu
1191 477 1537 531 sacerdotes.
1566 476 1680 531 Cur
1700 493 1831 532 vero
1864 476 2102 548 presby-
2136 479 2189 542 Α
2217 492 2366 546 nem,
2406 476 2577 531 salem
2628 478 2681 529 et
2734 491 2945 547 aquam
2991 474 3358 531 adhibendum
3401 476 3689 549 deﬁniunt?
3729 453 3795 540 Ibi

463 565 572 621 teri
623 565 890 619 doctores
941 564 1337 632 nominentur,
1391 565 1439 620 si
1489 566 1803 638 rogaveris,
1838 567 2029 621 disces
2082 583 2115 619 a

463 653 740 727 Dionysio
768 651 1178 724 Alexandrino,
1211 656 1312 726 qui
1342 656 1544 709 eodem
1576 656 1745 726 plane
1776 672 1841 710 ac
1874 658 2113 709 Hermas

467 760 645 801 sensu
696 744 852 815 apud
906 743 1221 799 Eusebium
1275 744 1420 797 dixit
1449 743 1537 798 33:
1598 739 1941 817 Συγκαλέσας
1986 740 2111 802 τοὺς

464 824 861 907 πρεσϐυτέρους
928 831 1016 884 καὶ
1047 828 1402 891 διδασκάλους
1460 836 1563 883 τῶν
1620 830 1670 885 ἐν
1726 836 1845 892 ταῖς
1899 832 2114 903 κώμαις

465 915 739 997 ἀδελφῶν.
775 922 1094 977 Convocatis
1143 923 1471 993 presbyteris
1523 938 1587 977 ac
1637 922 1975 987 doctoribus,
2021 923 2116 991 qui

468 1026 567 1084 per
592 1011 833 1081 singulos
864 1012 1009 1065 vicos
1037 1012 1311 1081 fratribus
1339 1010 1742 1081 praedicabant.
1779 1011 1921 1075 Quid
1957 1010 2113 1065 enim

469 1099 629 1155 aliud
660 1099 780 1155 haec
809 1100 982 1155 verba
1012 1104 1247 1167 sonant,
1282 1100 1395 1154 nisi
1428 1100 1799 1171 presbyteros
1845 1116 1945 1170 per
1994 1101 2112 1153 sin-

467 1186 636 1262 gulos
683 1188 862 1254 vicos,
908 1187 967 1243 id
1018 1192 1105 1243 est
1154 1188 1413 1243 vicorum
1462 1188 1751 1259 parochiis
1792 1188 2114 1259 praefuisse,

468 1279 646 1349 atque
668 1276 750 1332 ibi
768 1293 902 1332 cum
924 1276 1205 1331 fratribus
1228 1276 1628 1346 praedicarent,
1649 1278 1911 1331 doctores
1937 1277 2114 1331 fuisse

468 1364 812 1439 appellatos.
847 1365 1008 1429 Quod
1040 1366 1272 1436 quidem
1304 1364 1750 1438 Chrysostomus
1782 1366 1966 1420 multo
1998 1364 2114 1420 cla-

467 1455 592 1512 rius
640 1455 995 1526 breviusque
1042 1454 1314 1510 edisserit
1341 1455 1431 1509 δ”ε
1483 1458 1627 1509 Nam
1679 1464 1732 1510 et
1787 1456 2115 1526 presbyteris

467 1544 745 1613 Ecclesiae,
780 1544 992 1616 inquit,
1025 1561 1163 1598 cura
1204 1546 1472 1616 permissa
1517 1553 1597 1599 est
1647 1551 1697 1600 et
1740 1546 2116 1614 magisterium

470 1628 857 1707 (διδασκαλία).
891 1632 1053 1696 Quod
1084 1634 1155 1689 ad
1188 1634 1463 1706 praesides
1496 1633 1957 1689 ministeriorum
1989 1633 2117 1689 atti-

468 1726 586 1792 net,
612 1722 654 1777 ii
681 1723 925 1778 forsitan
948 1723 1267 1794 presbyteri
1296 1739 1528 1794 quoque
1550 1726 1733 1778 erant.
1755 1728 1832 1777 De
1854 1723 2115 1777 diaconis

468 1811 683 1869 etenim
714 1810 959 1867 Hermas
990 1812 1163 1882 paulo
1195 1816 1327 1866 ante
1372 1812 1595 1866 dixerat
1629 1830 1641 1866 :
1693 1813 1934 1867 Ministri
1966 1810 2118 1866 male
2146 1843 2194 1907 B

466 1902 946 1958 ministravcrunt.
977 1900 1063 1955 Ab
1103 1901 1176 1956 iis
1206 1905 1401 1956 autem
1430 1900 1589 1956 venit
1620 1901 1690 1955 ad
1722 1901 2112 1972 presbyteros,

465 1990 568 2064 qui
617 2005 753 2045 cum
801 1988 1062 2045 diaconis
1096 1989 1427 2061 superiores
1457 1994 1672 2058 essent,
1706 2007 1804 2046 eos
1856 1990 2115 2061 praesides

463 2080 909 2136 ministeriorum
941 2079 1379 2150 nuncupavit".
1411 2078 1471 2134 Si
1498 2079 1631 2149 quis
1660 2083 1854 2134 tamen
1877 2083 2113 2135 conten-

465 2170 568 2226 dat
599 2168 835 2225 eosdem
863 2168 1137 2240 prmsides
1168 2169 1611 2223 ministeriorum
1653 2185 1767 2223 non
1813 2168 1958 2223 alios
1988 2185 2116 2223 esse

465 2272 648 2329 quam
679 2256 977 2325 diaconos,
1013 2256 1152 2329 quia
1182 2261 1240 2312 et
1271 2257 1382 2328 ipsi
1414 2257 1670 2312 ministri
1701 2260 1887 2325 erant,
1919 2262 1976 2312 et
2005 2257 2114 2311 mi-

468 2345 728 2403 nisteriis
771 2345 1014 2419 inopum
1059 2350 1117 2401 et
1153 2345 1464 2400 viduarum
1508 2362 1755 2417 praeesse
1804 2347 2114 2414 debebant,

470 2451 589 2493 non
634 2435 872 2493 omnino
921 2435 1403 2508 repugnabimus.

978 2523 1380 2579 ARTICULUS
1419 2523 1609 2580 XXIII.

1058 2613 1133 2668 De
1158 2613 1527 2683 xcrophagiis.

544 2701 814 2767 Quaerant
842 2700 941 2756 alii
981 2717 1085 2757 cur
1124 2706 1323 2773 pastor
1353 2706 1475 2756 tam
1508 2717 1773 2756 severum
1822 2702 2115 2773 jejunium

472 2791 700 2849 Hermes
729 2789 1003 2845 indixerit
1036 2807 1051 2845 :
1098 2792 1203 2846 Illa
1230 2791 1340 2861 die,
1373 2791 1566 2861 inquit
1595 2791 1659 2861 86,
1692 2808 1799 2861 qua
1819 2792 2116 2862 jejunabis,

472 2880 618 2937 nihil
645 2882 866 2936 omnino
895 2880 1159 2952 gustabis,
1191 2882 1304 2934 nisi
1330 2897 1529 2951 panem
1564 2883 1614 2935 et
1665 2897 1885 2950 aquam.
1921 2880 2117 2935 Hiero-

474 2986 688 3043 nymus
718 2968 953 3041 quidem
982 2970 1026 3003 ⁸⁷
1073 2967 1219 3024 illud
1271 2970 1492 3023 caeteris
1544 2969 1821 3024 omnibus
1864 2968 2119 3023 fortissi-

476 3074 642 3116 mum
666 3057 961 3129 jejunium
994 3074 1122 3113 esse
1151 3059 1474 3129 proﬁtetur.
1498 3057 1728 3112 Solebat
1757 3062 1953 3113 tamen
1981 3058 2120 3112 olim

2224 571 2377 619 certe
2412 570 2657 635 utraque
2689 564 2920 635 jejunia
2949 568 3006 618 et
3036 569 3251 635 quartm
3281 572 3552 639 sexusque
3582 570 3731 641 feriae,
3755 578 3797 628 et

2223 670 2325 708 sex
2356 655 2582 709 dierum
2619 654 2914 709 Paschatis
2946 655 3149 709 eadem
3182 653 3321 726 lege,
3346 660 3505 727 atque
3530 660 3799 729 apostolica

2224 744 2638 798 constitutione
2688 743 2913 798 sancita
2959 760 3087 797 esse
3135 744 3533 814 pronuntiavit.
3574 750 3794 805 Attamen

2224 832 2321 887 ubi
2354 832 2507 886 idem
2531 832 2893 904 Epiphanius
2918 837 3118 887 contra
3135 832 3425 901 Aerianos,
3450 835 3658 905 jejunis
3681 842 3798 894 stata

2224 921 2592 986 damnantes,
2617 920 2897 992 disputat,
2930 937 3063 975 cum
3095 921 3204 975 hoc
3231 928 3563 993 praeceptum
3593 926 3796 983 maxime

2225 1026 2429 1081 urgere
2458 1010 2713 1075 deberet,
2748 1010 2893 1065 illud
2951 1010 3009 1064 in
3060 1010 3243 1065 solam
3275 1013 3715 1068 consuetudinem
3740 1016 3798 1069 ita

2225 1100 2479 1153 refundit
2509 1100 2553 1133 9°
2587 1116 2607 1153 ι
2654 1100 2827 1153 Porro
2876 1099 3070 1153 diebus
3117 1101 3251 1170 ipsis
3294 1101 3618 1155 Paschatis...
3649 1104 3797 1158 arido-

2224 1205 2350 1242 rum
2379 1190 2625 1243 ciborum
2661 1204 2789 1253 usu,
2833 1188 3105 1259 precibus,
3135 1190 3368 1259 vigiliis,
3393 1190 3665 1259 jejuniis...
3697 1193 3797 1247 cele-

2226 1277 2385 1332 brare
2416 1277 2678 1333 solemus.
2708 1278 2787 1332 Ex
2836 1294 2949 1348 quo
2995 1294 3110 1333 non
3152 1278 3404 1332 absurde
3432 1278 3652 1333 forsitan
3678 1280 3801 1333 colli-

2223 1382 2349 1439 gas,
2368 1366 2608 1421 verbum
2629 1362 3093 1440 παραγγέλλουσι,
3110 1366 3403 1435 deﬁniunt,
3417 1368 3563 1437 quod
3587 1352 3801 1438 superius

2224 1455 2513 1520 adhibuit,
2536 1472 2649 1510 non
2674 1455 2832 1510 aliud
2863 1454 3199 1526 significare
3225 1471 3402 1526 quam
3434 1456 3713 1511 admonent
3736 1458 3803 1512 vel

2224 1544 2555 1610 hortantur,
2573 1561 2686 1598 non
2711 1548 2904 1599 autem
2929 1543 3530 1615 praecipiunt,jubent,
3548 1542 3799 1615 imperant.

2226 1634 2288 1688 In
2339 1633 2517 1704 hujus
2567 1637 2761 1688 autem
2815 1632 3214 1705 explicationis
3257 1633 3671 1687 firmamentum
3718 1651 3803 1688 non

2224 1722 2371 1776 illud
2425 1721 2617 1777 solum
2666 1722 2878 1777 adduci
2936 1725 3151 1793 potest,
3182 1722 3338 1793 quod
3383 1721 3630 1777 historici
3658 1724 3803 1777 varias

2224 1810 2613 1866 Ecclesiarum
2645 1812 2715 1866 de
2744 1810 2904 1866 hisce
2928 1812 3175 1882 jejuniis
3208 1811 3389 1866 fuisse
3416 1812 3805 1866 consuetudines

2225 1904 2483 1967 narrent,
2509 1916 2711 1955 verum
2732 1900 2909 1955 etiam
2933 1900 3085 1971 quod
3120 1900 3331 1955 iisdem
3353 1899 3611 1969 testibus,
3634 1899 3804 1971 aliquid

2225 1989 2294 2043 de
2326 1987 2626 2043 severitate
2658 1987 2837 2059 hujus
2863 1988 3075 2060 jejunii
3108 1990 3168 2043 in
3199 1988 3495 2060 aliquibus
3524 1987 3703 2044 saltem
3729 1989 3805 2042 Ec-

2225 2076 2419 2132 clesiis
2450 2075 2623 2148 paulo
2655 2081 2786 2148 post
2817 2077 3130 2132 remissum
3164 2078 3267 2133 sit.
3302 2080 3512 2132 Auctor
3540 2077 3677 2131 enim
3705 2076 3804 2131 Con-

2224 2167 2575 2221 stitutionum
2604 2166 3029 2237 apostolicarum
3063 2166 3197 2238 pani
3230 2171 3289 2223 et
3320 2183 3480 2238 aqum
3512 2164 3590 2221 sal
3618 2170 3667 2220 et
3692 2163 3807 2221 olera

2226 2254 2540 2326 superaddi
2571 2254 2779 2309 lubens
2813 2255 3075 2310 concedit
3109 2273 3121 2311 :
3172 2258 3235 2311 In
3278 2256 3466 2311 diebus
3494 2272 3611 2325 ergo
3635 2253 3809 2309 Pascha

2226 2346 2474 2417 icjunare
2502 2346 2824 2414 incipientes
2876 2362 2910 2399 a
2953 2346 3095 2415 feria
3138 2346 3379 2401 secunda
3408 2360 3571 2416 usque
3596 2343 3654 2398 ad
3679 2344 3807 2397 Para-

2225 2452 2418 2490 sceven
2464 2443 2522 2489 et
2566 2434 2883 2499 Sabbatum,
2910 2450 3013 2506 per
3052 2450 3149 2490 sex
3192 2435 3310 2491 dies
3337 2435 3448 2490 solo
3477 2440 3666 2489 utentes
3685 2447 3807 2503 pane,

2225 2524 2361 2591 sale,
2392 2523 2636 2579 oleribus
2665 2527 2719 2578 et
2746 2538 2907 2595 aquae
2936 2529 3090 2594 potu.

2724 2611 3131 2667 ARTICULUS
3181 2610 3379 2666 XXIV.

2395 2706 2470 2757 De
2499 2702 2848 2756 matrimonii
2875 2702 3095 2755 vinculo
3125 2717 3419 2772 nunquam
3446 2698 3692 2756 solvendo.

2300 2793 2380 2845 Ex
2412 2790 2675 2846 obscuris
2723 2794 2946 2845 Hermae
2994 2790 3137 2844 locis
3192 2791 3271 2845 ad
3323 2807 3391 2845 ea
3441 2788 3813 2861 progrediamur

2228 2898 2350 2951 qum
2374 2881 2500 2935 luce
2528 2878 2903 2949 claritateque
2931 2896 3039 2934 sua
3060 2879 3449 2950 quaestionem
3476 2879 3543 2933 de
3568 2889 3810 2946 nunquam

2230 2969 2503 3025 solvendo
2536 2969 2810 3024 connubii
2836 2986 3005 3034 nexu,
3032 2986 3209 3040 quam
3231 2968 3713 3034 obscurissimam,
3733 2966 3813 3019 im-

2231 3058 2678 3130 plicatissimam
2710 3063 2764 3112 et
2795 3057 3205 3112 difﬁcillimam
3240 3058 3394 3112 dixit
3421 3055 3746 3131 Augustinus
3768 3053 3814 3118 ",

478 3165 514 3205 a
567 3146 914 3204 Christianis
970 3146 1180 3202 ultima
1227 3147 1697 3218 Quadragesimze
1752 3147 2122 3202 hebdomada
2166 3215 2192 3218 ,Α
2231 3146 2530 3201 illustrare
2584 3152 2851 3217 possunt.
2884 3147 3062 3201 Docet
3103 3146 3262 3201 enim
3322 3148 3559 3201 Hermas
3609 3146 3711 3198 viro
3749 3140 3820 3212 qui

478 3235 795 3294 observari.
826 3233 940 3291 Nec
968 3236 1182 3291 desunt
1219 3235 1320 3306 qui
1370 3215 1518 3289 hanc
1546 3234 1963 3307 xerophagiam
1996 3236 2121 3308 lege
2152 3215 2195 3281 C
2239 3253 2479 3291 uxorem
2511 3215 2681 3291 suam
2712 3235 3037 3291 adulteram
3069 3234 3384 3305 dimiserit,
3418 3252 3484 3290 ea
3523 3233 3735 3297 vivente,
3758 3228 3820 3285 al-

480 3323 678 3396 aliqua
697 3322 1099 3395 praescriptam
1122 3326 1399 3378 censeant
1424 3348 1437 3391 ;
1462 3327 1519 3378 et
1544 3324 1600 3377 id
1626 3323 1861 3394 quidem
1884 3325 2129 3395 probare

479 3411 750 3467 nituntur
777 3427 847 3467 ex
876 3410 1235 3467 Tertulliano
1271 3411 1371 3482 qui
1420 3411 1910 3467 Montanistarum
1942 3412 2129 3469 haere-

478 3499 593 3558 sim
622 3498 1009 3571 amplexatus,
1027 3501 1097 3555 de
1117 3499 1425 3556 Catholicis
1448 3500 1708 3555 dicebat:
1736 3503 1991 3572 Arguunt
2009 3519 2127 3570 nos,

480 3590 625 3662 quod
668 3590 836 3645 etiam
882 3590 1246 3661 xerophagias
1290 3591 1652 3660 observemus,
1685 3595 1795 3645 etc.
1832 3592 1942 3646 Sed
1974 3591 2126 3647 idem

480 3679 609 3753 ipse
674 3677 1070 3735 Tertulliauus
1138 3680 1366 3734 addidit
1415 3696 1427 3734 :
1500 3681 1741 3752 Denique
1798 3682 2131 3751 respondetis

481 3769 717 3842 (nempe
747 3767 1044 3839 Catholici)
1078 3768 1200 3825 haec
1247 3785 1317 3823 ea:
1367 3771 1601 3825 arbitrio
1629 3770 1989 3837 observanda,
2020 3788 2131 3826 non

480 3873 557 3913 ea:
578 3858 833 3927 imperio.
859 3856 1032 3912 Nulla
1051 3857 1233 3928 igitur
1257 3857 1383 3928 lege
1405 3858 1697 3928 ejusmodi
1713 3859 1961 3929 jejunis,
1984 3864 2130 3915 teste

479 3944 860 4013 Tertulliano,
889 3944 1110 3999 indicta
1136 3950 1321 4013 erant,
1348 3948 1446 4001 sed
1480 3962 1550 4001 ex
1575 3948 1862 4020 cujusque
1889 3949 2129 4004 arbitrio

476 4034 960 4090 observabuntur.
993 4034 1356 4107 Quapropter
1383 4035 1752 4107 Epiphanius
1801 4037 2002 4092 isthaec
2056 4040 2127 4093 ad

476 4122 986 4189 consuetudinem,
1021 4139 1135 4177 non
1178 4124 1249 4177 ad
1291 4127 1642 4195 praeceptum
1692 4124 1775 4180 sic
1826 4126 2004 4180 refert
2033 4127 2076 4160 ⁸⁸
2112 4145 2124 4183 :

475 4211 751 4268 Praeterea
796 4227 895 4268 sex
941 4210 1073 4266 illos
1119 4213 1235 4267 dies
1281 4214 1658 4285 xerophagiis,
1696 4215 1797 4269 hoc
1847 4224 1924 4270 est
1973 4217 2127 4272 arido

476 4301 646 4367 victu,
671 4302 910 4356 transire
936 4301 1171 4372 papulas
1201 4303 1385 4356 omnis
1414 4304 1671 4372 assuevit,
1696 4303 1793 4357 hoc
1824 4312 1902 4358 est
1928 4321 2129 4374 panem

475 4388 753 4446 duntaxat
779 4394 904 4445 cum
934 4406 1077 4462 aqua
1115 4392 1216 4446 sub
1266 4407 1552 4459 vesperam
1581 4392 1856 4447 adhibere.
1892 4393 1951 4447 Si
2002 4393 2127 4465 lege

2238 3329 2425 3381 teram
2457 3326 2668 3380 ducere
2701 3324 2759 3379 in
2804 3324 3249 3379 matrimonium
3304 3325 3393 3380 fas
3446 3341 3556 3379 non
3601 3336 3745 3378 esse:
3782 3319 3825 3373 Si

2238 3416 2624 3484 permanserit,
2657 3414 2851 3485 inquit
2881 3415 2943 3482 θ’,
2994 3416 3057 3469 in
3100 3415 3234 3469 vitio
3275 3430 3372 3470 suo
3402 3414 3615 3480 mulier,
3642 3410 3825 3465 dimittat

2239 3505 2398 3559 illam
2426 3504 2535 3568 vir,
2568 3508 2619 3557 et
2664 3519 2761 3574 per
2805 3518 2863 3557 se
2908 3511 3149 3558 maneat.
3186 3503 3341 3570 Quod
3390 3507 3441 3558 si
3476 3502 3718 3557 dimiserit
3738 3512 3827 3552 mu-

2240 3594 2433 3648 Iierem
2459 3609 2638 3662 suam,
2667 3597 2723 3647 et
2747 3592 2921 3646 aliam
2954 3591 3199 3655 duxerit,
3221 3602 3276 3647 et
3304 3595 3429 3661 ipse
3447 3591 3738 3649 metiatur.
3757 3586 3826 3641 His

2240 3686 2438 3738 autem
2470 3682 2692 3736 Henna:
2722 3682 2915 3736 verbis
2962 3682 3203 3752 quidam
3237 3680 3605 3747 refelluntur,
3637 3676 3827 3733 maxime

2237 3788 2370 3827 vero
2401 3770 2785 3835 Chemnitius,
2819 3770 2919 3841 qui
2967 3771 3247 3825 audacter
3297 3770 3510 3826 asserit
3538 3770 3579 3804 ⁸³
3618 3764 3823 3840 quastio-

2240 3878 2373 3916 nem
2405 3860 2556 3915 hanc
2586 3862 2717 3930 post
2745 3858 3059 3931 Augustini
3091 3864 3364 3931 tempora
3397 3859 3667 3914 horridius
3690 3856 3826 3924 dispu-

2239 3950 2373 4004 tari.
2437 3949 2637 4003 Patres
2691 3964 2822 4002 vero
2882 3948 3083 4002 eodem
3144 3948 3476 4020 Augustino
3538 3943 3825 4015 antiquiores

2238 4053 2347 4092 non
2397 4036 2551 4102 adeo,
2605 4035 2818 4107 inquit,
2859 4037 3089 4105 [uerunt
3129 4037 3335 4107 asperi,
3381 4036 3533 4103 duri,
3579 4031 3761 4089 horridi
3794 4034 3830 4081 et

2238 4128 2608 4196 immanes,ut
2633 4124 2867 4197 conjugi
2892 4124 3189 4180 innocenti
3217 4125 3476 4180 alterum
3506 4121 3719 4179 ineundi
3737 4134 3827 4173 con-

2239 4215 2485 4270 nubium
2522 4214 2856 4269 facultatem
2898 4214 3277 4285 negaverint;
3311 4214 3408 4269 sed
3436 4214 3731 4277 docuerunt,
3758 4206 3827 4263 ait.

2239 4306 2464 4371 rectius,
2496 4305 2875 4375 praestantius,
2903 4307 2953 4358 et
2999 4304 3296 4374 perfectius
3340 4320 3476 4369 esse,
3511 4305 3561 4357 si
3592 4303 3735 4356 etiam
3765 4295 3828 4349 ille

2237 4396 2332 4463 qui
2385 4395 2452 4447 ab
2498 4393 2760 4447 adultera
2800 4396 3088 4462 separatus
3116 4403 3213 4462 est,
3248 4394 3339 4447 vel
3371 4395 3588 4448 maneat
3614 4392 3715 4445 sine
3736 4400 3829 4440 con-

476 4479 615 4536 data
643 4480 1010 4552 xerophagite
1040 4480 1371 4535 constitutze
1402 4482 1671 4548 fuissent,
1704 4482 1774 4535 de
1806 4482 1877 4537 iis
1922 4483 2123 4538 eodem
2228 4484 2416 4554 jugio,
2450 4483 2531 4536 vel
2564 4482 2981 4536 reconciliatam
3011 4497 3239 4536 uxorem
3269 4499 3471 4536 rursus
3501 4480 3725 4551 recipiat.
3752 4471 3827 4528 Sed

473 4585 540 4625 ao
571 4569 642 4625 de
674 4572 892 4641 quartae
949 4573 1006 4624 et
1047 4572 1219 4624 sextae
1262 4569 1415 4624 feriae
1458 4570 1687 4641 jejunio
1736 4571 2077 4641 scripsisset
2114 4588 2126 4625 :
2163 4589 2208 4653 Β
2242 4588 2413 4642 quam
2450 4571 2633 4625 falsus
2664 4570 3148 4639 sitChemnitius,
3174 4587 3241 4625 ex
3274 4575 3481 4627 nostro
3506 4567 3829 4642 perspicimus

470 4662 617 4717 Item
645 4663 845 4731 quarta
874 4662 930 4714 et
972 4667 1125 4714 sexta
1152 4660 1301 4729 feria
1327 4659 1607 4729 jejunium
1638 4660 1717 4713 ad
1745 4660 1932 4714 horam
1962 4676 2132 4731 usque
2240 4661 2472 4725 Herma,
2496 4660 2617 4731 qui,
2642 4659 2749 4714 etsi
2780 4660 3110 4731 Augustino
3144 4658 3315 4732 longe
3349 4659 3657 4731 antiquior,
3678 4653 3826 4710 eodem

469 4764 675 4805 nonam
721 4750 1065 4804 indictum...
1109 4747 1229 4802 Ideo
1274 4764 1376 4819 per
1429 4749 1556 4803 illos
1604 4748 1714 4803 dies
1757 4749 2129 4820 jejunandum
2236 4753 2429 4803 tamen
2480 4765 2545 4803 ac
2595 4747 2691 4803 ille
2748 4749 2919 4803 modo
2964 4749 3257 4818 ejusmodi
3298 4748 3578 4820 coniugia
3606 4738 3829 4801 adulteria

469 4852 583 4893 esse
610 4837 965 4891 decreverant
993 4836 1243 4905 apostoli.
1291 4836 1383 4905 At,
1418 4836 1712 4907 inquiens,
1743 4837 1927 4909 legem
1978 4838 2127 4893 hanc
2234 4855 2361 4894 esse
2408 4837 2688 4893 deﬁnivit.
2734 4838 2892 4891 Idem
2940 4838 3344 4909 Athenagoras
3396 4844 3453 4893 et
3502 4834 3761 4894 Justinus,
3786 4830 3827 4880 ut

470 4925 569 4982 ille
599 4924 735 4980 alibi
770 4930 1190 4981 commemorat
1218 4925 1262 4959 ⁸9
1294 4941 1307 4977 :
1362 4925 1503 4993 Quid
1541 4928 1611 4995 si,
1646 4926 1859 4995 aiebat,
1896 4943 1966 4980 ea:
1994 4944 2123 4997 apo-
2234 4929 2358 4983 suis
2388 4927 2529 4982 locis
2561 4926 2913 4997 videbimus,
2950 4943 3052 4981 nec
3083 4944 3196 4981 non
3244 4931 3302 4982 et
3342 4926 3610 4983 Clemens
3638 4922 3826 4978 Alexan-

470 5015 739 5071 stolorum
799 5016 1186 5070 constitutione
1249 5016 1544 5084 repetenda
1611 5016 1767 5070 nobis
1824 5019 2124 5071 auctoritas

469 5111 587 5166 est;
633 5119 733 5159 cur
782 5103 899 5158 illis
948 5111 1160 5175 quartae
1187 5110 1471 5174 sextusque
1497 5106 1661 5174 feriae
1687 5106 1973 5176 Jejunium
1996 5123 2125 5176 per-

462 5200 632 5266 petua
686 5192 800 5265 lege
851 5195 1122 5261 sancitur,
1182 5202 1411 5263 excepta
1471 5195 1829 5249 Pentecoste?
1880 5194 1991 5248 Cur
2030 5212 2124 5249 sesc

468 5282 754 5339 Paschatis
784 5281 973 5338 diebus
1001 5281 1148 5336 nihil
1178 5282 1400 5337 omnino
1438 5281 1508 5336 ad
1546 5284 1729 5338 cibum
1772 5291 1978 5352 prater
2022 5301 2119 5349 pa-

2232 5018 2436 5071 drinus
2466 5018 2510 5051 9‘
2558 5019 2912 5070 asseverant.
2964 5014 3224 5086 Denique
3276 5015 3334 5070 id
3388 5002 3749 5071 conﬁrmdtur
3781 5018 3825 5058 ex

2232 5106 2481 5179 Origene
2510 5105 2659 5176 ipso,
2694 5110 2871 5175 atque
2900 5104 3271 5176 Hieronymo,
3305 5121 3457 5175 quos
3504 5104 3562 5157 in
3591 5093 3824 5173 cpinionis

2232 5213 2349 5249 suae
2383 5192 2888 5249 confirmationem
2920 5192 3284 5248 Chemnitius
3316 5190 3581 5264 protulit.

2301 5283 2515 5354 Objicit
2536 5281 2691 5337 enim
2720 5281 2839 5336 hinc
2867 5280 3132 5354 Origenis
3152 5283 3326 5338 verba
3349 5282 3393 5317 ’⁵
3423 5300 3436 5339 :
3468 5282 3587 5338 Scio
3616 5272 3820 5350 quosdam

538 5477 1081 5551 f§_Euseb.,4Histor.
1118 5476 1521 5551 lib.gvn,icap.
1566 5480 1655 5533 24.
1724 5480 1779 5551 78‘
1809 5479 2011 5533 homil.
2062 5479 2348 5551 ianpist.
2400 5482 2425 5531 Ι
2475 5476 2826 5551 ad_Timoth.
2901 5474 3077 5551 {‘glib:
3136 5494 3223 5551 in,
3258 5476 3459 5551 simil.
3513 5476 3567 5539 5,
3596 5470 3762 5551 ξρὶεξ·
3782 5462 3819 5551 Ξ

466 5547 512 5622 f9
540 5548 641 5622 lib.
696 5566 781 5617 ιιι,
831 5535 1016 5622 simil.
1067 5549 1120 5603 5.
1199 5549 1241 5583 ⁸⁷
1274 5535 1483 5622 Epist.‘
1513 5551 1566 5606 2.
1644 5552 1687 5584 ⁸⁸
1720 5550 1777 5605 in
1826 5553 2071 5622 Exposit.
2121 5535 2269 5619 ﬁdei,
2323 5552 2350 5622 ξ
2402 5551 2490 5603 22.
2568 5549 2611 5583 ⁸9
2642 5547 2994 5622 haeres.__75,
3044 5548 3073 5621 §
3123 5550 3175 5604 6.
3211 5535 3221 5545 ’
3252 5549 3295 5581 ⁸ο
3340 5535 3678 5622 haeresim,
3727 5535 3815 5607 ἔθ’

468 5619 517 5657 σι
547 5619 649 5675 lib.
686 5637 704 5675 ι
734 5622 808 5676 De
838 5621 1075 5677 adulter.
1110 5617 1349 5693 ronjugi,
1385 5639 1433 5677 c.
1478 5624 1567 5688 25,
1617 5624 1643 5688 §
1689 5624 1795 5690 32.;
1852 5617 1922 5676 et'
1953 5622 2050 5677 lib.
2086 5636 2119 5677 ιι

2231 5617 2485 5686 τέναέίαεη
2518 5637 2565 5676 c.
2598 5621 2688 5693 57,.
2766 5621 2809 5655 9'
2838 5619 2940 5674 lib.
2976 5617 3327 5690 11,Vmandat.
3362 5622 3417 5675 4.
3497 5618 3541 5653 ’³
3567 5617 3624 5672 in
3651 5623 3813 5669 canan-

466 5705 567 5761 vn,
599 5692 849 5762 session,
881 5693 971 5762 24,
1006 5708 1167 5749 conc.

1255 5694 1465 5750 rident.
1543 5695 1587 5729 9‘
1616 5694 1716 5749 lib.
1752 5713 1792 5749 ιι
1827 5695 2021 5750 Strom.
2098 5695 2141 5729 9"
2168 5698 2334 5751 tract.
2369 5696 2401 5746 7
2431 5695 2492 5748 in
2520 5692 2717 5751 Matth.
