4038 6210
334 348 447 412 857

1582 349 1914 411 PASTOR.
1947 376 2026 394 -
2053 345 2470 410 PROCEMIA.

3608 335 3730 399 858

334 484 431 556 qui
482 484 723 554 prcsant
775 482 1051 553 Ecclesiis,
1099 490 1259 539 extra
1281 484 1629 555 Scripturam
1655 484 1973 555 permisisse
2001 482 2055 550 Α
2084 480 2368 553 phanium
2392 480 2512 537 illic
2536 480 2606 537 de
2629 480 2851 553 nuptiis
2871 482 3006 553 post
3024 475 3290 549 conjugis
3314 478 3559 531 mortem
3586 490 3694 530 con
3710 504 3733 516 -

331 574 585 644 aliquam
614 572 838 643 nubere,
867 575 1045 643 priori
1074 574 1192 628 viro
1216 575 1449 629 vivente.
1483 578 1558 628 At
1579 574 1825 644 ipsemet
1850 588 1979 627 con-

333 662 530 717 festim
561 660 798 717 subdit;
848 663 914 716 Et
956 665 1150 717 contra
1196 664 1531 733 scripturam
1580 662 1797 734 quidem
1835 663 1978 731 fece-

328 759 484 815 runt,
516 749 781 805 dicentem
808 770 825 803 :
861 773 890 801 ‹‹
924 751 1115 806 Mulier
1145 751 1327 824 ligata
1346 756 1442 807 est.
1476 774 1503 801 ››
1529 755 1635 806 etc.
1669 751 1793 806 Non
1826 751 1979 805 difﬁ-

2086 570 2392 627 trahendis
2423 571 2760 643 disputare;
2792 570 2882 625 vel
2915 568 3059 625 nihil
3093 566 3232 623 certi
3264 584 3331 623 ex
3350 565 3538 637 ipsius
3568 566 3727 620 textu

2091 661 2272 715 donec
2302 663 2664 727 emendetur,
2698 677 2867 732 posse
2899 658 3147 714 definiri.

2161 769 2397 823 Certum
2428 772 2517 823 est
2548 768 2727 837 igitur
2750 765 2901 821 hanc
2926 765 3109 819 fuisse
3126 764 3363 818 Patrum
3386 760 3561 816 etiam
3595 764 3728 815 ante

330 844 529 895 temur
576 839 814 911 quidem
866 838 1000 895 illos
1044 839 1239 911 aliqua
1286 857 1354 896 ex
1403 846 1565 912 parte
1614 841 1875 896 excusari
1910 840 1980 895 ab

2100 856 2400 928 Augustini
2461 860 2686 911 aetatem
2744 854 3115 922 sententiam,
3180 850 3517 923 conjugium
3570 848 3731 904 nulla

340 929 608 1000 Origene,
660 928 756 998 qui
807 929 1115 999 subjunxit
1154 930 1563 985 continenter:
1613 935 1733 987 Non
1798 934 1984 985 tamen

329 1020 554 1074 omnino
591 1019 711 1073 sine
763 1034 931 1072 causa
979 1018 1096 1074 haec
1142 1021 1553 1090 permiserunt;
1578 1022 1816 1089 forsitan
1836 1022 1984 1074 enim

328 1111 550 1178 propter
597 1107 922 1177 bujusmodi
962 1107 1347 1176 inﬁrmitatem
1398 1110 1858 1163 incontinentiam
1890 1108 1984 1161 ho-

331 1198 567 1264 minum,
624 1198 881 1266 peiorum
930 1199 1361 1267 comparatione,
1434 1212 1560 1269 quae
1615 1200 1771 1253 mala
1834 1202 1983 1267 sunt,

328 1286 701 1358 permiserunt
733 1286 990 1340 adversus
1019 1301 1104 1356 ea,
1136 1302 1255 1357 quae
1301 1288 1368 1341 ab
1400 1290 1565 1343 initio
1595 1289 1825 1358 fuerunt
1854 1288 1967 1341 scri

328 1378 447 1446 pta.
480 1374 583 1428 Vir
628 1379 821 1429 autem
867 1374 965 1429 ille
1012 1375 1388 1432 doctissimus
1440 1394 1474 1431 a
1524 1375 1697 1449 culpa
1747 1393 1865 1447 eos,
1900 1362 1986 1432 uti

328 1464 514 1530 vides,
565 1481 681 1518 non
740 1462 967 1519 liberat.
1018 1466 1091 1519 At
1148 1465 1205 1519 in
1253 1482 1319 1521 eo
1360 1470 1591 1521 tantum
1622 1466 1987 1523 excusandos

330 1568 462 1608 esse
492 1556 708 1623 censet,
741 1553 895 1625 quod
924 1554 1118 1610 minus
1168 1554 1411 1623 malum,
1447 1559 1512 1610 ut
1545 1558 1738 1626 majus
1770 1556 1985 1612 devita-

328 1645 512 1709 retur,
560 1642 975 1713 permiserunt.
1035 1643 1193 1699 Hanc
1250 1648 1446 1700 tamen
1512 1645 1984 1716 permissionem,

326 1731 712 1805 quantumvis
734 1733 900 1804 justa
943 1732 1233 1801 videatur,
1286 1734 1627 1790 auctoritati
1676 1734 1985 1806 Scriptura

328 1838 512 1879 sacrm
556 1837 883 1893 repugnare
944 1822 1197 1889 asserit;
1263 1823 1625 1893 proindeque
1693 1824 1983 1894 ejusmodi

326 1910 626 1967 connubia
654 1909 728 1965 ab
759 1911 963 1965 eadem
998 1911 1304 1983 Scriptura
1328 1911 1615 1984 proscribi
1639 1916 1696 1967 et
1716 1909 1986 1968 damnari

330 2017 449 2058 non
482 2000 728 2056 obscure
762 1999 1073 2072 signiﬁcat.

403 2116 794 2189 Hieronymus
821 2132 977 2182 vero,
1009 2132 1185 2189 quem
1222 2118 1399 2173 etiam
1432 2118 1798 2175 Chemnitius
1820 2119 1990 2175 nobis

332 2205 554 2277 objicit,
580 2205 692 2276 ipsi
716 2204 909 2261 adhuc
934 2204 1240 2278 multoque
1262 2205 1498 2278 planius
1516 2224 1687 2278 quam
1710 2207 1989 2279 Origenes

329 2294 694 2350 adversatur.
730 2292 839 2349 Ubi
888 2295 1101 2367 quippe
1148 2296 1219 2351 ad
1261 2298 1553 2351 Oceanum
1588 2296 1796 2351 scribit
1820 2298 1864 2332 9°
1890 2299 1992 2353 Fa-

330 2383 548 2439 biolam
605 2383 755 2451 ideo,
816 2383 1007 2455 priore
1061 2383 1183 2440 viro
1235 2401 1341 2440 suo
1384 2384 1635 2456 vivente,
1680 2385 1847 2441 alteri
1879 2403 1988 2442 nu-

331 2472 542 2545 psisse,
576 2474 709 2543 quia
736 2476 1089 2543 persuaserat
1138 2474 1268 2540 sibi,
1320 2482 1373 2528 et
1400 2475 1633 2545 putabat
1660 2476 1839 2530 virum
1870 2492 1902 2530 a
1932 2492 1993 2531 se

330 2562 464 2633 jure
492 2561 802 2630 dimissum,
835 2560 1116 2617 continuo
1160 2562 1504 2635 subjungit:
1556 2564 1658 2618 Nec
1704 2558 1991 2634 Evangelii

338 2654 577 2723 rigorem
608 2654 853 2721 noverat,
886 2652 948 2705 in
996 2667 1100 2722 quo
1146 2652 1393 2707 nubendi
1419 2654 1683 2707 universa
1712 2657 1985 2725 causatio,

339 2739 651 2797 viventibus
699 2740 865 2809 viris,
910 2741 1133 2811 feminis
1163 2746 1507 2811 amputatur.
1542 2742 1751 2797 Narrat
1779 2742 1989 2800 deinde

342 2830 637 2903 quomodo
671 2828 906 2884 Fabiola
928 2828 1220 2901 publicam
1246 2830 1492 2900 hujusce
1514 2831 1762 2885 secundi
1785 2832 1985 2903 conju-

342 2920 443 2991 gii,
485 2934 603 2974 non
635 2933 803 2972 secus
835 2933 902 2973 ac
934 2918 982 2973 si
1007 2917 1358 2985 adulterium
1392 2919 1991 2993 commisisset,pmni-

342 3007 588 3063 tentiam
621 3006 823 3078 egerit.
858 3006 984 3062 Non
1016 3004 1206 3062 solum
1247 3010 1440 3062 autem
1490 3008 1569 3062 ibi
1599 3008 1990 3081 Hieronymus

342 3096 449 3152 has
472 3095 710 3168 nuptias
739 3112 772 3150 a
795 3095 1091 3167 Scriptura
1112 3112 1278 3151 sacra
1300 3095 1627 3167 prohibitas
1647 3114 1775 3153 esse
1804 3100 1987 3166 docet,

2094 963 2348 1016 unquam
2378 947 2449 1001 de
2475 962 2651 1000 causa
2681 962 2714 999 a
2754 960 3050 1016 quoquam
3082 942 3224 997 solvi
3274 956 3463 1013 posse.
3495 939 3552 994 Si
3585 937 3725 1009 quid

2094 1051 2225 1089 vero
2272 1040 2471 1090 contra
2509 1034 2597 1088 vel
2647 1033 2929 1105 scriptum
2976 1031 3062 1086 vel
3113 1031 3331 1085 factum
3381 1028 3728 1099 proferatur,

2096 1119 2237 1175 illud
2295 1121 2382 1177 vel
2433 1121 2678 1176 minoris
2727 1118 2981 1190 alicujus
3015 1116 3176 1178 mali.
3209 1134 3322 1188 quo
3350 1115 3506 1170 aliud
3540 1114 3733 1185 majus

2096 1216 2397 1284 peccatum
2429 1212 2761 1275 evitaretur,
2792 1208 3101 1265 tolerantia
3126 1206 3254 1272 fuit,
3288 1204 3377 1261 vel
3408 1209 3559 1260 certe
3589 1204 3733 1260 abu-

2096 1318 2197 1357 sus
2227 1300 2456 1372 aliquis,
2490 1318 2523 1356 a
2552 1300 2776 1355 cateris
2804 1299 3080 1354 omnibus
3111 1296 3493 1367 improbatus.

2167 1411 2529 1480 Quapropter
2558 1410 2870 1480 provocant
2899 1422 3006 1461 nos
3038 1401 3355 1459 adversarii
3386 1402 3456 1456 ad
3478 1401 3735 1455 divinam

2098 1497 2353 1556 Matthasi
2382 1497 2812 1566 auctoritatem,
2847 1495 2947 1567 qui
2974 1492 3262 1566 expressis
3285 1491 3476 1547 verbis
3508 1490 3733 1545 statuit:

2098 1589 2284 1646 Omnis
2319 1604 2411 1660 qui
2459 1587 2735 1641 dimiserit
2779 1601 3006 1641 uxorem
3052 1599 3232 1652 suam,
3283 1588 3505 1649 excepta
3558 1580 3737 1651 forni-

2096 1678 2328 1735 cationis
2378 1693 2562 1747 causa,
2620 1677 2757 1747 facit
2811 1691 2933 1730 eam
2977 1673 3289 1739 maechari;
3336 1674 3440 1724 et:
3490 1669 3739 1726 Macha-

2097 1777 2228 1836 tur;
2259 1772 2312 1823 et
2338 1770 2431 1839 qui
2470 1766 2751 1821 dimissam
2782 1764 3028 1833 duxerit,
3059 1761 3349 1818 adulterat
3368 1760 3431 1814 ’9.
3453 1758 3513 1815 Si
3543 1761 3737 1815 autem

2020 1859 2069 1925 B
2101 1856 2316 1913 dixeris
2361 1872 2466 1911 nec
2512 1858 2771 1909 Marcum
2822 1854 2910 1923 πο,
2960 1869 3066 1907 nec
3123 1851 3337 1907 Lucam
3383 1852 3422 1917 ί,
3456 1865 3561 1904 nec
3591 1848 3741 1903 Pau-

2098 1948 2221 2004 lum
2245 1947 2287 2013 ²,
2319 1946 2421 2017 qui
2450 1945 2520 2000 de
2553 1944 2661 1999 hac
2689 1943 2892 1999 uxoris
2916 1940 3258 1997 dimissione
3278 1937 3740 2011 loquuntur,hu-

2092 2038 2191 2108 jus
2222 2034 2578 2107 exceptionis
2608 2032 2775 2088 ullibi
2807 2032 3013 2088 fecisse
3044 2029 3421 2098 mentionem,
3462 2026 3744 2097 illamque

2098 2125 2245 2181 tanti
2277 2140 2406 2180 esse
2439 2122 2741 2187 momenti,
2779 2126 2841 2177 ut
2866 2122 2914 2177 si
2948 2120 3182 2193 quando
3215 2135 3247 2172 a
3274 2116 3504 2174 Christo
3552 2116 3745 2187 posita.

2096 2219 2273 2279 esset,
2304 2214 2376 2269 ab
2411 2214 2484 2268 iis
2513 2228 2814 2284 nunquam
2842 2211 3051 2267 fuisset
3081 2206 3511 2281 praetermissa;
3536 2204 3682 2260 illud
3704 2204 3745 2259 ii

2097 2303 2253 2360 illico
2304 2306 2605 2375 reponant,
2658 2300 2770 2356 nisi
2820 2317 2853 2356 a
2891 2300 3120 2355 Christo
3151 2301 3308 2353 esset
3337 2295 3556 2364 addita,
3590 2310 3744 2349 nun-

2100 2410 2279 2466 quam
2325 2392 2488 2447 illam
2538 2391 2845 2447 Matthteus
2898 2395 3018 2446 tam
3064 2402 3332 2460 expresse
3379 2384 3737 2441 tradidisset.

2097 2484 2313 2539 Verum
2344 2482 2630 2553 quidquid
2661 2481 2732 2535 de
2790 2496 2955 2535 sacro
3014 2494 3213 2534 eorum
3270 2480 3430 2531 textu
3491 2474 3741 2540 dicatur,

2103 2577 2330 2629 certum
2384 2575 2473 2626 est
2517 2569 2740 2626 nullam
2792 2569 2923 2624 illos
2974 2570 3125 2624 inter
3172 2566 3398 2621 divinos
3428 2565 3741 2636 scriptores

2097 2677 2224 2717 esse
2256 2677 2536 2733 pugnam,
2570 2658 2919 2731 nullumque
2956 2673 3197 2729 prorsus
3227 2654 3559 2711 dissidium.
3592 2653 3738 2710 Cum

2098 2767 2233 2822 ergo
2265 2767 2419 2805 unus
2450 2748 2711 2806 omnium
2738 2748 2814 2803 sit
2848 2763 3194 2811 consensus,
3220 2745 3303 2800 sic
3322 2761 3420 2800 eos
3443 2741 3740 2798 conciliari

2098 2856 2269 2913 posse
2300 2844 2598 2912 putamus,
2633 2842 2698 2893 ut
2726 2838 2848 2893 haec
2896 2836 3151 2907 exceptio
3193 2833 3462 2903 Matthmi,
3516 2840 3742 2903 excepta

2096 2930 2483 2999 fornicationis
2513 2944 2695 2994 causa,
2739 2943 2854 2983 non
2901 2927 2972 2981 ad
3021 2925 3263 2981 verbum
3313 2923 3603 2993 dimiserit,
3637 2920 3738 2975 sed

2098 3019 2169 3074 ad
2216 3020 2399 3074 aliam
2446 3018 2689 3088 duxerit,
2740 3015 3041 3072 referenda
3087 3014 3183 3071 sit.
3233 3015 3594 3085 QuaprOpter
3623 3025 3739 3065 non

2100 3108 2252 3163 alius
2302 3108 2413 3163 erit
2460 3107 2770 3163 verborum
2823 3103 3076 3161 Matthasi
3131 3119 3361 3169 sensus,
3414 3116 3588 3173 quam
3618 3099 3739 3154 viro

342 3187 441 3241 sed
467 3186 526 3240 in
554 3186 679 3240 suis
708 3185 884 3239 etiam
907 3185 977 3239 ad
1002 3184 1253 3239 Matthei
1282 3184 1656 3257 Evangelium
1678 3186 1985 3243 Commen-

2103 3196 2209 3267 illi,
2242 3199 2413 3268 cujus
2442 3214 2587 3251 uxor
2616 3200 2705 3251 est
2734 3194 3019 3260 adultera,
3057 3209 3186 3249 eam
3237 3189 3593 3255 dimittendi,
3627 3204 3740 3243 non

339 3274 506 3332 tariis
538 3275 582 3309 9"
610 3274 670 3328 id
710 3273 904 3346 palam
936 3278 1248 3346 aperteque
1280 3275 1638 3345 pronuntiat.

407 3392 593 3462 Major
616 3407 777 3462 sane,
813 3408 886 3446 ne
919 3391 1060 3463 quid
1090 3390 1561 3462 dissimulemus,
1594 3390 1785 3448 oritur
1832 3394 1987 3449 difﬁ-

338 3480 527 3538 cultas
560 3496 631 3536 ex
661 3480 753 3535 his
782 3479 1094 3552 Epiphanii
1124 3480 1316 3535 verbis
1352 3480 1395 3515 9‘
1427 3497 1440 3535 :
1487 3481 1589 3536 Sed
1637 3483 1729 3535 cui
1770 3491 1988 3538 mortua

338 3585 453 3625 una
481 3585 591 3625 non
621 3569 849 3641 sufﬁcit,
873 3585 1017 3639 cum,
1052 3571 1327 3625 occasione
1358 3569 1551 3641 aliqua
1578 3572 1757 3641 stupri
1770 3572 1987 3628 adulte-

336 3660 526 3729 riique
554 3667 652 3713 aut
680 3657 911 3712 alterius
940 3659 1143 3728 flagitii
1170 3656 1226 3729 (ἢ
1277 3659 1445 3725 κακῆς
1480 3655 1698 3727 αἰτίας),
1747 3676 1871 3714 cum
1926 3676 1988 3716 ea

338 3747 641 3803 divortium
668 3747 878 3817 fecerit,
913 3746 962 3801 is
989 3748 1039 3800 si
1066 3748 1300 3801 alteram
1346 3763 1576 3803 uxorem
1620 3747 1859 3816 duxerit,
1893 3752 1988 3804 aut

341 3838 507 3892 alteri
535 3838 653 3891 viro
681 3834 884 3889 mulier
906 3837 1180 3906 nupserit,
1211 3851 1497 3890 sacrarum
1539 3836 1860 3892 litterarum
1886 3854 1986 3892 au-

337 3926 565 3981 ctoritas
590 3925 661 3980 ab
686 3924 841 3979 omni
869 3924 1040 3996 culpa
1068 3924 1193 3979 illos
1212 3925 1442 3979 absolvit
1468 3950 1481 3992 ;
1510 3941 1682 3996 neque
1711 3926 1778 3980 ab
1807 3927 1986 3982 Eccle-

335 4016 422 4069 sia
444 4018 544 4069 aut
571 4021 783 4070 aeterna
805 4014 921 4068 vita
950 4015 1151 4085 rejicit,
1181 4014 1273 4069 sed
1300 4020 1522 4085 propter
1550 4015 1987 4072 imbecillitatem

334 4102 648 4159 tolerandos
670 4104 970 4159 existimat.
1005 4102 1452 4158 Eruditissimus
1493 4104 1686 4175 itaque
1716 4105 1986 4161 Petavius

334 4197 506 4266 putat
524 4192 683 4247 hunc
708 4191 1018 4263 Epiphanii
1038 4191 1233 4247 locum
1256 4209 1383 4249 esse
1404 4194 1782 4265 depravatum
1812 4196 1983 4252 :fate-

333 4286 433 4338 tur
457 4286 654 4338 tamen
682 4281 953 4337 eumdem
986 4281 1379 4354 Epiphanium
1430 4283 1509 4338 ibi
1562 4284 1985 4356 subscripsisse

334 4372 595 4444 opinioni
627 4372 1019 4443 quorumdam
1045 4376 1306 4429 veterum
1346 4372 1719 4443 scriptorum,
1771 4375 1985 4444 quibus

333 4465 468 4533 post
497 4460 827 4533 legitimum
875 4460 1189 4516 divortium
1238 4460 1527 4533 permissa
1574 4462 2009 4535 innocentibus!

335 4549 687 4623 conjugibus
719 4548 1060 4620 bujusmodi
1088 4549 1460 4605 matrimonia
1488 4551 1854 4606 videbantur.
1882 4556 1985 4608 Ve-

335 4656 469 4695 rum
501 4639 551 4694 si
584 4642 895 4711 corruptus
927 4643 1015 4694 est
1036 4638 1347 4710 Epiphanii
1370 4638 1552 4709 locus,
1581 4639 1720 4711 quid
1746 4642 1888 4696 certi
1915 4658 1985 4697 ex

333 4745 400 4785 eo
424 4728 633 4784 confici
664 4727 895 4799 poterit!
930 4727 1106 4783 Porro
1138 4728 1499 4800 Epiphanius
1532 4730 1692 4786 deiis
1714 4732 1989 4789 secundis

336 4816 560 4889 nuptiis
590 4816 873 4889 disputat,
907 4833 1053 4887 quae
1084 4833 1198 4871 non
1232 4816 1420 4888 stupri
1444 4817 1834 4891 adulteriique
1864 4825 1988 4875 tan-

333 4910 485 4977 tum,
516 4906 616 4961 sed
651 4904 967 4976 cujuslibet
998 4904 1201 4977 ﬂagitii
1243 4921 1419 4961 causa
1450 4905 1505 4978 (ἢ
1560 4912 1731 4974 κακῆς
1788 4907 1985 4981 αἰτίας)

332 4995 651 5069 permissas
683 5011 814 5051 esse
843 4994 1117 5051 affirmat.
1142 4996 1213 5049 At
1239 5000 1392 5051 certe
1423 4995 1815 5069 Epiphaniam
1849 5015 1984 5053 con-

327 5084 459 5158 jugi
475 5083 871 5151 innocenti,ob
887 5083 1147 5155 cujusvis
1160 5083 1401 5139 alterius
1417 5086 1685 5159 conjugis
1698 5086 1983 5158 ﬂagitium

334 5178 539 5230 contra
566 5174 881 5245 Scriptura:
932 5173 1365 5240 auctoritatem,
1397 5173 1558 5229 aliud
1596 5174 1745 5231 inire
1776 5176 1983 5231 matri-

334 5263 599 5321 monium
634 5262 972 5335 permisisse
1003 5261 1223 5317 nemini
1252 5279 1580 5335 nunquam,
1612 5268 1679 5319 ut
1709 5264 1983 5333 arbitror,

332 5353 697 5426 probabitur.
726 5356 874 5408 Vero
904 5351 1088 5424 igitur
1115 5356 1203 5408 est
1232 5351 1488 5408 similius
1518 5354 1794 5409 eumdem
1842 5354 1983 5427 Epi-

2101 3286 2275 3341 aliam
2327 3286 2597 3355 ducendi,
2648 3285 2846 3340 datam
2887 3301 2921 3339 a
2968 3282 3193 3338 Christo
3220 3284 3584 3353 potestatem.
3618 3281 3741 3342 Quo

2100 3376 2338 3448 quidem
2370 3392 2545 3431 sensu
2579 3374 2675 3430 ille
2705 3391 2819 3429 non
2852 3374 3143 3443 discrepat
3172 3387 3205 3426 a
3254 3368 3430 3425 Paulo
3480 3372 3537 3423 et
3588 3366 3737 3434 aliis,

2098 3464 2197 3536 qui
2231 3464 2429 3537 plures
2462 3466 2721 3520 fatentur
2745 3480 2873 3519 esse
2904 3478 3113 3518 causas
3157 3462 3393 3531 propter
3424 3473 3571 3529 quas
3602 3472 3736 3512 con—

2098 3555 2266 3627 iuges
2300 3572 2332 3609 a
2364 3571 2425 3609 se
2454 3553 2699 3609 invicem
2734 3551 2994 3625 separari
3028 3553 3294 3623 possunt.

2172 3661 2429 3716 lnstabis
2459 3664 2678 3725 tamen,
2714 3659 2763 3715 si
2793 3657 3051 3730 exceptio
3083 3657 3153 3711 ad
3182 3655 3425 3711 verbum
3464 3653 3740 3709 dimiserit

2097 3751 2399 3820 referatur,
2434 3748 2595 3804 nulla
2626 3748 2740 3804 alia
2782 3747 3106 3804 secundum
3149 3744 3483 3801 Matthaeum
3514 3742 3625 3798 erit
3652 3742 3740 3797 di-

2096 3839 2261 3894 vortii
2295 3854 2494 3907 causa,
2530 3838 2641 3893 nisi
2675 3836 2979 3892 fornicatio
3029 3851 3128 3891 seu
3161 3833 3531 3890 adulterium.
3564 3831 3740 3903 Atqui

2096 3945 2164 3983 ex
2188 3928 2387 3995 Paulo,
2422 3931 2597 3999 atque
2627 3926 2802 3982 etiam
2821 3942 2889 3981 ex
2910 3929 3111 3980 nostro
3134 3927 3367 3990 Herma,
3400 3922 3739 3992 caaterisque

2095 4016 2391 4083 Patribus,
2440 4015 2567 4071 aliae
2615 4022 2672 4071 et
2721 4015 2959 4087 quidem
3012 4012 3211 4086 plures
3255 4016 3395 4067 sunt
3423 4027 3632 4081 causae,
3666 4012 3739 4066 ob

2095 4122 2239 4176 quae
2269 4106 2548 4177 conjuges
2580 4122 2613 4159 a
2642 4121 2704 4159 se
2735 4103 2977 4161 invicem
3013 4102 3241 4173 sejungi
3276 4105 3541 4173 possunt.
3567 4104 3736 4155 Exce-

2096 4195 2216 4267 ptio
2247 4194 2427 4267 igitur
2458 4194 2713 4250 Matthzei
2736 4210 2852 4249 non
2879 4192 2951 4247 ad
2977 4192 3217 4247 verbum
3241 4191 3644 4255 dimiserit,set
3668 4190 3739 4245 ad

2091 4285 2269 4339 aliam
2316 4285 2556 4350 duxerit,
2610 4284 2779 4339 debet
2836 4280 3165 4337 necessario
3207 4281 3427 4336 referri.
3479 4281 3623 4336 Tota
3654 4280 3738 4334 vis

2095 4373 2275 4444 hujus
2297 4373 2625 4445 argumenti
2648 4372 2706 4426 in
2731 4388 2796 4427 eo
2819 4371 2930 4426 sita
2955 4375 3044 4425 est
3064 4370 3217 4441 quod
3238 4370 3542 4425 Matthaeus
3564 4369 3739 4424 unius

2093 4466 2322 4517 tantum
2354 4461 2707 4533 exceptionis
2730 4461 3086 4515 mentionem
3118 4459 3334 4514 fecerit.
3360 4461 3468 4515 Sed
3500 4476 3738 4531 respon-

2098 4552 2305 4607 demus
2340 4551 2507 4606 illum
2537 4551 2665 4605 ideo
2696 4549 2871 4605 unius
2920 4549 3327 4605 tantummodo
3376 4548 3737 4614 meminisse,

2099 4658 2214 4697 non
2252 4646 2315 4696 ut
2345 4641 2511 4709 alias,
2547 4657 2693 4712 quas
2722 4638 2941 4694 Paulus
2992 4638 3207 4709 aliique
3259 4642 3739 4706 commemorant,

2097 4731 2336 4787 omnino
2368 4729 2719 4797 excluderet,
2751 4730 2850 4784 sed
2883 4727 3022 4800 quia
3050 4726 3149 4782 illa
3188 4728 3442 4781 maxima
3472 4727 3738 4782 omnium

2097 4825 2222 4875 erat
2250 4825 2306 4875 et
2337 4818 2708 4891 gravissima.
2743 4816 2895 4872 Alias
2944 4817 3141 4887 itaque
3189 4816 3553 4887 exceptiones
3603 4832 3739 4887 pru-

2096 4908 2257 4964 denti
2290 4908 2521 4963 silentio
2554 4907 2945 4980 praetermisit,
2971 4905 3109 4976 quia
3136 4904 3379 4961 leviores
3410 4904 3740 4976 erant,quia

2096 4997 2378 5053 brevioris
2430 4996 2709 5068 temporis
2752 4995 3179 5067 separationem
3230 4994 3570 5066 poscebant,
3602 4994 3741 5065 quia

2096 5087 2348 5159 denique
2378 5103 2547 5142 mens
2590 5085 2675 5139 illi
2721 5089 2843 5140 erat
2878 5084 3053 5139 unius
3083 5083 3506 5155 principumque
3535 5099 3737 5154 excep-

2092 5176 2268 5233 tionis
2326 5175 2880 5232 commemoratione
2954 5172 3373 5240 arctissimum,
3452 5177 3625 5244 atque
3706 5189 3739 5228 a

2094 5264 2256 5321 nullo
2288 5281 2553 5337 unquam
2582 5263 2819 5320 homine
2849 5261 3193 5319 solvendum
3224 5259 3583 5315 matrimonii
3613 5261 3737 5317 vin-

2092 5355 2313 5422 culum,
2343 5355 2619 5411 omnibus
2651 5354 2840 5427 magis
2870 5355 3176 5426 magisque
3206 5352 3634 5409 commendare.

409 5620 453 5655 ⁶⁶
476 5620 645 5695 epist.
670 5619 760 5676 30.
778 5619 836 5695 _"’
882 5623 959 5695 in,
1000 5636 1125 5693 cap.
1175 5637 1213 5676 x
1265 5620 1455 5695 Matth.
1490 5622 1533 5656 ⁸³
1580 5620 1791 5679 Haeres.
1850 5622 1941 5695 59,
1971 5624 1999 5690 §
2055 5624 2107 5682 4.
2150 5623 2193 5659 ⁹⁹
2252 5622 2456 5679 Matth.
2488 5638 2543 5694 v,
2576 5622 2665 5691 32,
2691 5626 2749 5679 et
2776 5639 2892 5692 xIx,
2926 5622 2981 5679 9.
3016 5623 3084 5659 ¹⁰⁰
3114 5622 3290 5678 Marc.
3324 5638 3381 5693 x,
3419 5622 3504 5679 il.
3539 5625 3554 5658 ¹
3593 5622 3729 5689 Luc,

334 5709 452 5763 xvx,
478 5692 567 5751 48.
600 5692 623 5729 ³
652 5692 853 5764 Paul.,
884 5693 905 5749 Ι
936 5692 1115 5751 Coris
1144 5696 1201 5750 et
1229 5694 1304 5750 ad
1335 5693 1501 5751 Rom.
1533 5710 1635 5751 vn.
