4038 6210
356 323 475 387 859

880 461 1277 519 ARTICULUS
1306 464 1474 519 XXV.

561 568 633 622 De
662 568 802 624 libro
832 571 1137 642 apocrypho
1166 572 1230 627 de
1260 573 1487 628 Heldam
1516 581 1564 628 et
1592 574 1793 629 Modal.

432 732 758 801 Antequam
809 748 1049 786 manum
1102 733 1171 788 de
1219 733 1420 789 tabula
1462 734 1745 801 levemus,
1798 736 1998 806 paucis

365 819 735 875 manebimus
766 820 991 876 laudari
1024 823 1095 876 ab
1122 823 1334 877 Herma
1357 823 1571 877 librum
1597 826 1666 879 de
1692 824 1927 879 Heldam
1946 827 2001 878 et

360 908 563 978 Modal,
589 910 687 982 qui
720 912 833 965 duo
866 911 969 965 viri
1001 917 1168 967 erant
1206 930 1455 983 quorum
1489 913 1705 968 mentio
1737 913 1794 967 in
1820 914 2001 968 sacris

1851 333 1916 393 S.
1962 330 2260 394 HERMJE

2029 468 2085 533 Α
2116 456 2506 521 Numerorum
2537 462 2704 519 libris
2732 462 3002 519 habetur.
3034 462 3147 518 Sed
3176 460 3329 518 hunc
3359 463 3615 520 eumdem
3653 464 3713 520 li-

3610 331 3714 394 860

2106 555 2275 609 brum
2318 555 2386 609 ad
2440 553 2771 625 apocrypha
2821 552 3142 608 amandant
3199 553 3448 623 Synopsis
3491 552 3718 609 Athana-

2107 643 2272 699 siana
2328 648 2385 698 et
2430 644 2859 714 Stychometria,
2916 641 3385 714 Chronographiae
3434 641 3715 714 Nicephori

2109 734 2508 806 superaddita.
2543 737 2716 788 Porro
2746 732 2870 787 haec
2901 732 3285 801 :adnotamus,
3312 734 3378 785 ut
3406 730 3574 800 hujus
3601 730 3716 786 libri

2110 823 2451 894 antiquitas,
2484 839 2611 893 qua:
2662 820 2915 876 auctoris
2972 820 3159 876 nostri
3205 822 3432 875 aetatem
3486 827 3715 893 superat,

2111 912 2183 968 ab
2214 912 2488 967 omnibus
2521 912 2879 967 observetur.

3331 1100 3720 1114 *

956 1247 1070 1367 J.
1170 1247 1314 1368 B.
1418 1248 2289 1371 COTELERII
2375 1247 3168 1372 JUDICIUM

1372 1481 1513 1563 DE
1582 1482 1671 1566 S.
1751 1482 2166 1568 HEBMZE
2236 1482 2735 1568 PAS'IORE

1166 1659 1376 1727 (Patres
1408 1659 1712 1728 apostolici,
1743 1658 1880 1713 edit.
1913 1657 2369 1729 Amstzelodami,
2400 1658 2560 1727 4724,
2593 1662 2637 1715 t.
2674 1660 2717 1728 I,
2753 1677 2809 1731 p.
2838 1660 2954 1731 7'3.)

438 1837 600 1900 Quod
631 1837 689 1891 in
741 1836 1047 1893 hominum
1095 1837 1336 1908 judiciis
1382 1839 1526 1894 solet
1560 1840 1909 1911 contingere,
1943 1844 2009 1894 ut
2038 1842 2085 1906 B
2118 1839 2387 1895 haeretico
2414 1840 2488 1894 De
2531 1839 2804 1910 pudicitia
2832 1839 3128 1911 suggillat,
3184 1840 3487 1913 appellans
3517 1858 3728 1914 apocry-

367 1925 463 1980 alii
496 1925 626 1997 plus
658 1943 833 1998 quam
868 1944 971 1999 par
1009 1931 1116 1993 est,
1150 1927 1279 1982 aliis
1312 1928 1508 1983 minus
1540 1928 1817 1999 tribuant,
1849 1928 2004 1984 tertii

366 2016 607 2070 modum
649 2020 876 2071 servent
913 2034 977 2072 ac
1025 2017 1393 2087 aequitatem;
1446 2018 1503 2072 id
1554 2018 1600 2072 si
1652 2036 1827 2090 super
1856 2018 2002 2073 libro

370 2105 593 2159 Hermae
635 2104 853 2160 factum
904 2108 1083 2162 fuisse
1115 2108 1582 2179 pronuntiavero,
1618 2126 1731 2163 non
1766 2110 2006 2164 verebor

368 2210 439 2249 ne
472 2212 506 2249 a
532 2194 792 2250 veritatis
821 2198 1055 2252 tramite
1096 2214 1333 2253 censear
1381 2198 1701 2255 aberrasse.
1754 2198 2003 2269 Scilicet,

368 2290 745 2340 excesserunt
796 2286 935 2340 recti
984 2286 1151 2354 ﬁnes,
1206 2293 1491 2359 quotquot
1537 2290 1816 2343 Pastorem
1848 2288 2007 2343 inse-

367 2378 613 2428 ruerunt
657 2373 915 2446 catalogo
972 2375 1304 2431 divinarum
1352 2376 1825 2447 Scripturarum:
1877 2393 2008 2430 cum

367 2460 540 2515 hodie
572 2463 644 2517 ab
677 2462 946 2518 universa
972 2463 1228 2520 Ecclesia
1260 2471 1421 2520 extra
1440 2470 1728 2521 Canonem
1758 2466 2006 2537 legatur.

368 2549 500 2603 Fuit
528 2555 724 2605 autem
756 2567 822 2606 ea
852 2552 1140 2608 sententia
1180 2555 1569 2625 quarumdam
1619 2552 2008 2609 Ecclesiarum

367 2654 436 2693 ex
465 2637 582 2693 illis
613 2639 863 2707 Graeciae,
908 2643 1060 2713 apud
1096 2660 1260 2714 quas,
1292 2648 1460 2709 teste,
1493 2648 1625 2715 post
1655 2643 1883 2699 Eusebii
1915 2645 2008 2697 Hi-

367 2729 614 2795 storiam,
674 2728 774 2783 lib.
822 2746 907 2797 III,
956 2747 1061 2802 cap
1091 2733 1143 2801 3,
1178 2732 1524 2804 Hieronymo
1556 2733 1614 2786 in
1652 2737 1901 2787 tractatu
1933 2733 2009 2786 De

367 2818 503 2871 viris
570 2818 900 2885 illustribus,
978 2819 1208 2890 publice
1287 2822 1655 2877 recitabatur.
1724 2821 2009 2877 Credibile

369 2922 623 2977 namque
670 2907 735 2961 ﬁt
784 2912 1007 2979 partem
1058 2924 1204 2980 Opus
1252 2909 1530 2966 habuisse
1575 2928 1675 2982 pro
1708 2911 2004 2981 canonico,

369 2998 594 3066 partem
625 3012 727 3067 pro
767 2996 1157 3053 ecclesiastico
1194 3015 1206 3053 :
1242 3016 1353 3070 quo
1380 3001 1449 3055 de
1489 3000 1696 3055 ultimo
1740 3001 2008 3056 dubitare

374 3100 480 3138 nos
513 3101 625 3138 non
676 3085 877 3139 sinunt
922 3086 1255 3142 testimonia
1303 3088 1604 3144 Athanasii
1650 3089 1709 3143 in
1752 3089 2007 3161 Epistola

2119 1930 2317 2002 pham,
2350 1929 2581 1994 falsam,
2642 1929 3005 1997 adulteram;
3057 1931 3422 1998 amatricem,
3456 1936 3725 2003 patronam

2115 2023 2172 2074 et
2200 2019 2416 2074 sociam
2449 2018 2809 2073 moechorum
2844 2036 2858 2086 ;
2890 2035 3298 2091 asserensque,
3332 2020 3405 2075 ab
3436 2022 3587 2076 omni
3614 2038 3729 2076 con-

2118 2108 2249 2164 cilio
2282 2107 2688 2179 Ecclesiarum,
2723 2108 2897 2163 etiam
2932 2116 3264 2164 nostrarum
3309 2109 3727 2177 Catholicarum,

2119 2202 2177 2253 et
2206 2197 2403 2252 divino
2454 2198 2848 2252 Instrumento
2903 2196 3134 2273 expelli.
3195 2197 3305 2253 Ubi
3347 2198 3620 2269 jocularis
3660 2204 3732 2254 est

2118 2303 2278 2341 error
2306 2287 2611 2357 cujusdam
2647 2288 2716 2342 ad
2746 2286 3219 2357 Nonnum,quasi
3249 2288 3437 2360 egerit
3463 2287 3731 2343 Tertullia-

2120 2394 2231 2431 nus
2262 2377 2331 2430 de
2357 2375 2598 2430 muliere
2624 2374 2890 2430 adultera
2912 2393 3012 2447 per
3031 2379 3318 2432 Joannem
3346 2377 3728 2449 evangelistam

2117 2465 2284 2521 initio
2316 2464 2523 2536 capitis
2561 2482 2663 2519 VIII
2696 2470 3035 2521 memorata.
3064 2465 3144 2519 Ab
3166 2464 3287 2521 illis
3306 2482 3543 2537 quoque
3564 2466 3732 2521 minus

2120 2572 2296 2625 quam
2330 2553 2470 2609 satis
2502 2554 2597 2620 sit,
2631 2553 2946 2609 honorifice
2974 2554 3241 2621 sentitur,
3277 2556 3381 2626 qui
3426 2555 3482 2609 in
3530 2555 3730 2626 Origine

2119 2646 2381 2700 Pastoris
2423 2642 2641 2697 librum
2664 2644 3029 2715 contemptui
3059 2644 3300 2700 habent.
3359 2645 3571 2699 Omitto
3614 2648 3727 2698 Pro-

2121 2751 2381 2806 sperum,
2415 2732 2553 2804 quia
2603 2734 2817 2787 mirum
2871 2750 2989 2787 non
3033 2737 3122 2788 est
3168 2733 3325 2804 quod
3362 2733 3534 2788 homo
3564 2733 3731 2787 vivens

2118 2824 2269 2878 inter
2314 2822 2545 2877 Latinos
2596 2838 2755 2888 suos,
2807 2822 3022 2893 quibus
3071 2838 3215 2892 pene
3264 2822 3531 2893 ignotum
3577 2822 3730 2876 fuisse

2116 2915 2397 2967 Pastorem
2447 2912 2620 2968 refert
2642 2911 3050 2983 Hieronymus,
3097 2910 3323 2966 nullam
3358 2911 3727 2967 auctoritatem

2117 3003 2276 3074 operi
2308 3002 2571 3073 ignorato
2603 3001 2873 3055 tribuerit
2906 3000 3221 3055 Eusebium
3252 3001 3435 3056 etiam
3461 3005 3726 3072 praetereo,

2118 3093 2556 3163 Hieronymum,
2591 3088 2912 3155 Gelasium,
2938 3089 3331 3162 Nicephorum
3365 3090 3730 3162 CP.,quicum

369 3172 656 3239 Paschali,
715 3178 771 3229 et
825 3175 1018 3229 Ruﬁni
1077 3176 1147 3231 ad
1175 3178 1492 3249 Symbolum
1520 3197 1532 3245 ;
1560 3179 1714 3234 sicut
1745 3178 1999 3249 primum
2033 3214 2075 3280 ρ
2116 3180 2311 3236 nothis
2341 3185 2396 3235 et
2425 3180 2770 3252 apocryphis
2801 3183 3134 3234 numerant.
3166 3179 3297 3234 Jam
3331 3180 3406 3235 de
3436 3180 3507 3235 iis
3528 3178 3728 3280 appeta-

366 3262 748 3317 conﬁrmatur
777 3268 901 3317 tum
926 3281 1026 3335 per
1045 3271 1309 3322 auctores
1331 3267 1429 3337 qui
1464 3267 1689 3322 Hermae
1720 3269 2003 3338 scriptum

368 3350 521 3405 inter
577 3350 754 3406 dubia
810 3351 1127 3424 volumina,
1180 3360 1237 3409 et
1293 3356 1364 3409 ab
1398 3356 1694 3427 aliquibus
1725 3357 2003 3418 admissa,

369 3440 582 3510 rejecta
608 3441 679 3495 ab
712 3439 843 3496 aliis
883 3448 1215 3511 recensent;
1269 3449 1394 3499 tum
1444 3462 1546 3515 per
1593 3446 1866 3516 antiquos
1910 3444 2008 3499 Bi-

370 3529 621 3583 bliorum
655 3530 883 3586 codices
918 3548 1095 3586 manu
1127 3538 1414 3601 exaratos,
1461 3551 1710 3605 quorum
1746 3534 2009 3589 nonnulli

367 3623 653 3673 Pastorem
682 3636 911 3692 quoque
933 3621 1418 3694 complectuntur,
1446 3628 1511 3678 ut
1530 3624 1628 3678 ille
1648 3623 2012 3679 bibliotheca

370 3705 565 3762 Sancti
597 3709 891 3777 Germani,
935 3714 1060 3765 tum
1113 3729 1213 3783 per
1261 3730 1438 3767 manu
1491 3713 1738 3785 scriptas
1792 3718 2012 3769 veteres

368 3796 826 3869 Stichometrias,
861 3816 987 3870 qua:
1033 3800 1305 3856 similiter
1356 3804 1623 3858 Hermam
1673 3802 2008 3870 continent;

374 3885 565 3957 qualis
597 3890 786 3942 exstat
818 3888 877 3942 in
908 3888 1111 3944 eadem
1142 3889 1603 3962 locupletissima
1642 3892 2010 3958 bibliotheca,

374 3980 431 4030 et
460 3975 519 4029 in
550 3975 826 4031 thesauro
878 3976 1113 4033 librario
1163 3980 1335 4051 Regis
1366 3981 1881 4050 Christianissimi,
1914 3999 2011 4037 su-

374 4064 573 4136 perius
604 4066 762 4120 edita
790 4067 848 4121 in
898 4066 1116 4139 proleg.
1171 4070 1242 4123 ad
1273 4070 1326 4123 S.
1361 4070 1725 4139 Barnabam;
1759 4076 1885 4125 tum
1919 4072 2013 4125 de-

377 4155 556 4225 nique
587 4172 689 4226 per
733 4155 1002 4212 Ecclesiae
1033 4158 1344 4230 magistros
1373 4160 1444 4213 ad
1474 4161 1737 4215 eamdem
1788 4160 2015 4232 opinio-

378 4258 511 4297 nem
545 4244 904 4300 accedentes.
933 4245 1081 4300 Nam
1113 4247 1364 4302 Irenaeus
1408 4252 1471 4301 ut
1517 4248 1816 4321 Scriptura
1860 4250 2016 4304 vide-

376 4334 475 4385 tur
540 4332 738 4388 citare.
790 4333 1054 4390 Clemens
1103 4335 1534 4392 Alexandrinus
1585 4338 1842 4393 divinam
1892 4356 2019 4393 esse

379 4421 787 4478 revelationem
820 4423 1032 4479 innuit.
1067 4425 1481 4497 Tertullianus,
1516 4425 1616 4481 lib.
1656 4429 1729 4482 De
1750 4430 2017 4493 oratione,

380 4526 506 4582 cap.
550 4514 633 4579 12,
665 4513 1097 4569 venerationem
1128 4514 1287 4570 illius
1334 4533 1449 4571 non
1500 4516 1810 4587 improbat,
1868 4516 2021 4571 absit

378 4601 551 4656 modo
580 4602 939 4674 superstitio.
968 4603 1246 4659 Catholici
1276 4606 1430 4675 apud
1462 4606 1734 4661 eumdem
1782 4604 2017 4661 Mertul-
2049 4589 2096 4654 D

374 4689 622 4758 lianum,
652 4691 800 4747 libro
830 4694 907 4747 De
938 4693 1237 4763 pudicitia,
1289 4693 1658 4750 Montanistis
1696 4699 2019 4767 opponunt,

378 4779 451 4833 ad
482 4780 883 4836 auctoritatem
918 4783 1053 4837 fidei
1083 4784 1544 4838 conﬁrmandam
1581 4800 1593 4837 :
1638 4785 2020 4855 quemadmo-

377 4868 540 4935 dum,
574 4870 726 4939 apud
748 4871 1160 4942 Athanasium,
1184 4872 1384 4926 Ariani
1408 4872 2021 4945 Catholicisﬂrigenes

379 4957 741 5027 Scripturam
774 4959 1053 5016 divinitus
1084 4961 1431 5032 inspiratam
1478 4966 1662 5032 putat,
1695 4961 1828 5017 licet
1858 4961 2024 5016 aliter

379 5046 770 5103 sentientibus
802 5048 946 5104 nolit
965 5050 1088 5103 ﬁeri
1122 5052 1547 5122 praejudicium.
1582 5051 1896 5107 Cassianus
1928 5052 2022 5106 de-

380 5134 558 5206 nique
581 5136 919 5193 testimonia
949 5139 1084 5194 inde
1116 5141 1428 5212 desumpta
1459 5141 1879 5211 cum_textibus
1929 5158 2025 5196 sa-

379 5224 495 5281 cris
528 5225 755 5281 miscet.

449 5316 521 5369 At
548 5331 616 5371 ex
646 5320 808 5388 parte
834 5317 1078 5374 adversa
1108 5317 1363 5374 multum
1392 5320 1461 5374 be
1517 5319 1737 5374 honore
1795 5323 2019 5375 Herma:

378 5405 596 5460 Pastori
623 5405 814 5461 debito
847 5407 1174 5463 detrahitur
1202 5426 1236 5465 a
1263 5409 1619 5465 Tertulliano
1650 5426 1715 5465 ex
1738 5410 2018 5481 antiquis.

380 5491 480 5548 llle
510 5495 728 5551 mirum
763 5502 1053 5567 quantum
1086 5503 1350 5554 mutatus
1378 5515 1481 5570 per
1530 5500 2019 5554 Montanistarum

379 5584 704 5654 praestigias
755 5604 789 5641 a
833 5586 1188 5644 Tertulliano
1238 5588 1360 5656 illo,
1408 5588 1537 5643 libri
1590 5588 1894 5644 orthodoxi
1951 5590 2023 5644 De

375 5673 625 5729 ora/iane
654 5677 1068 5750 conscriptore,
1112 5680 1357 5736 Pastoris
1388 5677 1738 5751 scripturam
1762 5679 1820 5733 in
1847 5694 2020 5751 opere

2120 3269 2379 3325 tionibus
2412 3269 2549 3340 quid
2584 3268 2934 3340 significent,
2955 3268 3307 3324 sententiam
3332 3285 3525 3325 meam
3548 3267 3731 3340 protuli

2120 3358 2179 3412 in
2238 3358 2389 3413 notis
2442 3357 2514 3412 ad
2575 3356 2922 3411 Barnabam.
2978 3356 3129 3410 Addi
3179 3360 3384 3411 tamen
3415 3356 3557 3410 inibi
3587 3354 3732 3410 dictis

2121 3464 2275 3502 nunc
2304 3446 2499 3512 velim,
2534 3446 2603 3500 de
2650 3444 2752 3499 illa
2780 3444 3063 3499 divisione
3092 3444 3406 3517 Scriptura;
3437 3445 3495 3499 in
3528 3444 3733 3500 canoni-

2120 3553 2269 3604 cam,
2330 3535 2571 3590 dubiam
2625 3538 2680 3589 et
2729 3533 3160 3605 apocrypham;
3212 3550 3364 3605 opus
3396 3534 3622 3605 aliquod
3652 3548 3736 3587 nec

2122 3626 2252 3681 falsi
2282 3624 2559 3691 nominis,
2596 3639 2701 3677 nec
2729 3622 3002 3677 doctrinae
3035 3622 3238 3692 noxiae,
3281 3623 3565 3696 appellari
3593 3636 3738 3694 posse

2123 3713 2541 3787 apocryphum,
2591 3713 2745 3784 quod
2804 3716 2964 3767 extra
3028 3713 3321 3768 Canonem
3381 3713 3453 3767 ab
3494 3711 3736 3768 omnibus

2124 3804 2398 3859 Ecclesiis
2430 3801 2760 3857 collocetur.
2812 3804 3001 3873 Atque
3048 3817 3116 3855 ea
3158 3800 3604 3873 signiﬁcatione,
3634 3799 3734 3872 opi-

2125 3910 2250 3963 nor,
2283 3894 2509 3948 Hermae
2538 3897 2735 3947 Pastor
2782 3889 3105 3962 Nicephoro
3135 3893 3238 3944 ΟΡ.
3267 3891 3732 3963 apocryphusest.

2126 3982 2301 4038 Venio
2335 3982 2405 4037 ad
2440 3980 2819 4047 recentiores;
2871 3979 3157 4048 homines,
3220 3984 3285 4034 ut
3316 3980 3587 4052 equidem
3616 3977 3735 4034 mihi

2124 4073 2373 4137 videtur,
2436 4071 2592 4125 durm
2651 4069 2876 4124 frontis.
2938 4068 3077 4134 Quis
3131 4069 3312 4136 enim,
3374 4086 3589 4141 quaeso,
3642 4084 3735 4123 non

2128 4162 2522 4232 Obstupescat,
2556 4177 2687 4214 cum
2722 4159 2924 4230 legerit
2965 4158 3384 4214 nonnullorum
3427 4156 3643 4231 judicia
3682 4156 3738 4212 de

2128 4249 2421 4306 volumine
2457 4268 2489 4304 a
2519 4254 2605 4304 tot
2632 4248 2931 4320 tantisque
2958 4247 3098 4303 viris
3129 4252 3433 4320 tantopere
3453 4245 3739 4304 celebrato?

2130 4340 2197 4395 Hi
2229 4339 2445 4393 librum
2479 4338 2769 4409 optimum
2800 4337 3303 4409 utilissimumque
3333 4333 3735 4410 praedicantllli

2128 4445 2263 4484 vero
2293 4428 2582 4483 infamant
2606 4431 2779 4497 atque
2829 4427 3139 4497 exagitant,
3192 4429 3256 4480 ut
3313 4426 3738 4483 Novatianorum

2114 4507 2188 4572 'et
2218 4516 2661 4588 Pelagianorum
2693 4516 2931 4582 fontem,
2966 4515 3512 4571 Montanisticarum
3560 4529 3740 4586 super-

2131 4606 2437 4663 stitionum
2472 4605 2783 4677 gurgitem,
2817 4605 3173 4677 insuperque
3210 4604 3496 4660 fautorem
3530 4604 3741 4658 Ariano-

2133 4713 2286 4760 rum,
2342 4700 2405 4749 ut
2456 4693 2825 4761 fabulosum;
2886 4698 2951 4749 ut
3000 4693 3168 4765 (proh
3216 4709 3433 4765 magna
3460 4690 3741 4759 crimina!)

2130 4784 2296 4841 liberi
2329 4783 2575 4851 arbitrii,
2609 4782 2945 4838 solitudinis
2986 4782 3339 4849 monasticis,
3374 4799 3595 4839 necnon
3624 4797 3740 4853 pur-

2131 4873 2336 4947 gatorii
2386 4877 2803 4941 astructorem;
2856 4876 2921 4927 ut
2960 4872 3215 4928 ruditate
3242 4870 3661 4927 Christianismi
3687 4884 3741 4923 sc

2132 4962 2393 5035 reliquiis
2424 4960 2773 5035 gentilitatis
2805 4961 3188 5033 conspicuum
3217 4978 3230 5029 ;
3262 4964 3328 5016 ut
3351 4959 3742 5032 pseudepigra-

2132 5052 2335 5125 phum,
2391 5050 2830 5122 supposititium
2861 5069 2873 5118 ;
2908 5055 2974 5105 ut
3003 5050 3186 5105 alium
3219 5049 3291 5105 ab
3322 5066 3387 5105 eo
3419 5065 3591 5121 quem
3622 5046 3739 5103 olim

2131 5140 2405 5196 manibus
2434 5141 2698 5196 terebant
2726 5141 2825 5196 SS.
2858 5140 3095 5207 Patres;
3128 5137 3379 5210 denique
3437 5142 3503 5194 ut
3554 5137 3739 5193 barba-

2131 5248 2283 5299 rum,
2318 5235 2490 5303 atque
2524 5247 2628 5303 per
2684 5229 2983 5286 haereticos
3037 5227 3469 5301 interpolatum,
3530 5225 3740 5282 insertis

2130 5320 2423 5377 erroribus
2457 5336 2520 5375 ac
2553 5318 2800 5375 fabellis.
2836 5319 2989 5383 Quas
3021 5318 3421 5374 accusationes
3474 5321 3530 5373 et
3573 5313 3737 5371 consi-

2131 5408 2319 5477 miles,
2353 5407 2554 5464 frivolo
2586 5413 2689 5464 aut
2717 5408 2877 5464 nullo
2908 5407 3287 5464 fundamento
3317 5404 3737 5469 subnixas,cum

2131 5498 2201 5553 ad
2262 5497 2389 5553 loca
2438 5498 2897 5570 pervenerimus,
2965 5497 3014 5553 si
3081 5510 3320 5552 necesse
3347 5494 3537 5550 visum
3567 5492 3736 5559 fuerit,

2130 5588 2244 5643 Deo
2275 5588 2468 5656 dante,
2503 5589 2723 5660 absque
2773 5586 3164 5645 confutatione
3194 5602 3308 5641 non
3340 5582 3731 5656 relinquemus.

2208 5678 2462 5735 Medium
2518 5678 2715 5751 itaque
2760 5677 2913 5736 beati
2966 5682 3223 5748 tenuere,
3256 5689 3388 5733 cum
3441 5672 3597 5744 olim,
3627 5676 3731 5727 tum
