4038 6210
349 350 459 412 861

1606 355 1939 418 PASTOR.
1972 391 2050 403 —-
2076 357 2498 422 PRO€EMIA.

3638 342 3762 404 862

352 498 563 558 nuper,
597 485 932 558 quicunque
962 486 1185 543 Hermae
1217 490 1500 545 Pastorem
1521 489 1857 562 judicavere
1878 489 1997 543 σύν·
2026 495 2082 561 Α
2108 494 2273 549 Certe
2304 494 2490 549 multo
2524 492 2694 564 plura
2724 490 2881 564 apud
2913 485 3243 543 Barnabam
3272 487 3331 539 et
3370 482 3431 537 in
3462 482 3728 539 Constitu

353 594 536 649 ταγμα
567 592 681 630 non
708 577 946 647 quidem
979 577 1345 648 canonicum,
1380 580 1482 633 sed
1513 580 1997 653 ecclesiasticum,

352 681 419 720 ac
451 665 686 736 optimae
720 671 887 735 notae,
921 671 977 720 et
1007 668 1514 738 propugnaculum
1546 670 1679 725 ﬁdei
1703 670 2000 727 catholicas

359 755 641 809 adversus
670 754 928 809 Montani
961 756 1240 811 duritiam
1268 776 1281 823 ;
1307 759 1377 813 ad
1400 758 1519 813 haec
1546 759 1725 814 letum
1756 760 2000 831 Hermae,

356 843 657 915 apostolici
692 844 851 899 illius
881 844 984 899 viri
1006 845 1193 913 (nulla
1214 848 1432 919 quippe
1462 848 1610 903 ratio
1642 849 2001 904 contrarium

352 934 610 1000 evincit,)
642 949 816 1005 quem
847 934 1063 991 Paulus
1094 935 1153 989 in
1176 936 1289 991 ﬁne
1312 937 1577 1008 Epistolas
1608 940 1677 993 ad
1712 938 2004 994 Romanos

358 1022 603 1080 salutari
634 1023 817 1094 jubet.
854 1024 1000 1078 Nam
1034 1024 1134 1095 qui
1167 1025 1494 1081 Hermetem
1518 1043 1619 1082 seu
1647 1029 1912 1082 Hermem
1943 1029 2003 1084 in

354 1111 496 1167 illus
546 1111 742 1167 locum
799 1113 1188 1181 substituunt,
1246 1120 1347 1169 aut
1406 1120 1723 1188 utrumque
1766 1118 2006 1172 confun-

357 1202 527 1270 dunt,
560 1201 785 1273 decepti
812 1202 1086 1257 videntur
1141 1221 1175 1257 a
1230 1203 1428 1259 fabula
1472 1206 1627 1260 Libri
1654 1208 2003 1278 pontiﬁcalis,

354 1290 457 1346 ubi
487 1291 558 1345 ad
592 1289 1046 1347 similitudinem
1078 1292 1300 1348 Hermes
1333 1294 1574 1366 ﬁngitur
1602 1296 1839 1366 quidam
1871 1296 2010 1352 Her-

362 1396 511 1446 mes,
566 1380 651 1434 Pii
710 1397 873 1452 papae
930 1381 1105 1453 primi
1162 1383 1361 1448 frater,
1418 1383 1666 1455 scriptor
1714 1384 1847 1440 libri
1891 1402 2006 1456 quo

357 1468 767 1525 continebatur
797 1472 1139 1526 Mandatum
1174 1472 1388 1545 angeli,
1422 1473 1533 1528 visi
1564 1473 1622 1528 in
1654 1474 1857 1529 habitu
1906 1493 2005 1547 pa-

358 1558 554 1629 storis,
588 1559 658 1613 de
691 1558 972 1614 Paschate
998 1560 1092 1615 die
1118 1561 1419 1617 Dominica
1445 1562 1810 1617 celebrando.
1844 1564 2005 1630 Quod

359 1652 756 1704 commentum
790 1648 962 1704 multi
994 1650 1245 1722 amplexi
1282 1655 1440 1717 sunt,
1475 1653 1879 1724 praecipueque
1914 1670 2010 1708 ne-

360 1738 480 1793 scio
529 1737 660 1809 quis
693 1742 861 1811 poeta
918 1740 1030 1793 sub
1088 1739 1334 1795 honesto
1390 1741 1733 1797 Tertulliani
1775 1744 2008 1799 nomine

2110 585 2372 639 tionibus
2404 582 2829 655 apostolorum,
2851 580 2960 633 hoc
2985 573 3479 632 denominationis
3518 572 3589 629 iis
3613 572 3756 628 scri-

2110 674 2225 746 ptis
2254 692 2368 729 non
2400 674 2628 728 dedere.
2662 673 2712 726 -4,
2742 674 2948 742 Aperte
2984 669 3045 722 B.
3080 667 3468 737 Hieronymus
3510 663 3569 718 in
3600 668 3756 719 cata-

2109 763 2242 835 logo
2272 763 2545 819 Iudicium
2572 762 2726 816 Petri
2755 758 3064 829 distinguit
3109 755 3181 810 ab
3232 755 3452 809 Hermae
3500 755 3756 809 Pastore:

2113 854 2183 909 de
2214 853 2402 924 primo
2432 851 2587 924 enim
2644 847 2877 904 disserit
2936 847 2993 900 in
3052 850 3241 914 Petro,
3304 844 3375 898 de
3408 844 3663 898 secundo
3693 842 3753 897 in

2112 919 2346 998 Herma.
2380 919 2719 1013 Atque'haec
2747 939 2817 993 ad
2850 936 3151 991 Ruﬁnum.

2184 1050 2265 1104 Ex
2295 1046 2559 1119 Origenis
2610 1050 2806 1101 autem
2857 1042 3069 1109 verbis,
3099 1042 3202 1097 lib.
3238 1059 3293 1096 1v
3338 1043 3413 1097 De
3437 1040 3754 1113 principiis,

2114 1155 2240 1210 cap.
2272 1141 2325 1207 2,
2358 1137 2417 1191 in
2470 1136 2798 1192 Philocalzae
2855 1150 2981 1204 cap.
3043 1132 3094 1197 1,
3154 1149 3210 1202 p.
3268 1132 3384 1185 22:
3448 1130 3543 1183 Διὰ
3596 1132 3756 1183 τοῦτο

2113 1228 2279 1297 ἡμεῖς
2308 1223 2396 1278 καὶ
2426 1224 2486 1277 τὸ
2520 1222 2571 1277 ἐν
2618 1226 2695 1293 τῷ
2754 1220 2855 1275 ὑπό
2911 1240 3070 1274 τινων
3125 1217 3615 1295 καταφρονουμένῳ
3674 1219 3758 1291 βι-

2115 1310 2259 1387 ϐλίῳ
2307 1319 2385 1385 τῷ
2436 1312 2685 1385 Ποιμὲνι,
2716 1310 2838 1385 περὶ
2887 1313 2982 1363 τοῦ
3030 1309 3452 1384 προστάσσεσθαι
3500 1307 3591 1361 τὸν
3633 1308 3762 1382 Ἑρ-

2119 1408 2219 1476 μᾶν
2255 1400 2349 1457 δύο
2380 1401 2579 1477 γράψαι
2614 1395 2823 1475 βιϐλία,
2855 1400 2943 1453 καὶ
2977 1400 3110 1471 μετὰ
3161 1401 3330 1450 ταῦτα
3382 1396 3539 1450 αὐτὸν
3593 1398 3755 1470 ἀναγ-

2115 1492 2332 1568 γὲλλειν
2358 1496 2475 1553 τοῖς
2504 1484 2889 1566 πρεσϐυτέροις
2933 1494 3033 1556 τῆς
3084 1484 3410 1554 Ἐκκλησίας
3439 1485 3473 1538 ’ὰ
3509 1484 3757 1559 μεμάθη-

2114 1603 2202 1637 κεν
2233 1582 2335 1635 ὑπὸ
2360 1585 2456 1634 τοῦ
2507 1578 2842 1651 Πνεῦματος,
2895 1575 3036 1631 οὕτω
3089 1574 3449 1649 διηγούμεθα.
3502 1576 3619 1632 Hoc
3650 1581 3759 1645 est,

2115 1674 2238 1729 Ideo
2270 1688 2365 1727 nos
2395 1676 2447 1727 et
2480 1671 2623 1725 illud
2648 1672 2709 1724 in
2761 1670 3018 1735 Pastore,
3063 1669 3204 1722 libro
3237 1668 3334 1739 qui
3363 1684 3397 1721 a
3428 1666 3756 1739 quibusdam

2116 1763 2509 1828 contemnitur,
2541 1777 2665 1815 cum
2711 1760 2938 1830 jubetur
2993 1760 3218 1813 Hermas
3274 1755 3406 1811 duos
3437 1756 3603 1811 libros
3629 1758 3763 1811 scri-

361 1828 551 1884 latens
571 1828 614 1883 I.
649 1845 711 1882 ιιι
742 1828 995 1883 adversus
1024 1830 1375 1899 Marcionem,
1410 1830 1469 1885 in
1524 1832 1675 1898 ﬁne;
1718 1831 1857 1886 item
1888 1834 2005 1903 epi-

2118 1853 2258 1918 bere,
2302 1854 2521 1923 ipseque
2548 1828 2735 1921 postea
2782 1850 3116 1903 annuntiare
3160 1846 3468 1901 senioribus
3514 1847 3762 1903 Ecclesia

362 1917 646 1974 stolarum
678 1934 840 1989 papae
874 1918 955 1973 Pii
990 1919 1325 1985 fabricator,
1356 1920 1527 1992 epist.
1562 1922 1581 1975 l
1609 1940 1621 1978 :
1656 1922 1828 1992 Beda,
1862 1922 2004 1985 Ado,

358 2007 477 2072 alii,
512 2007 570 2060 in
603 2006 921 2075 Chronicis,
946 2008 1004 2062 in
1025 2008 1486 2081 Martyrologiis;
1521 2026 1626 2065 nec
1660 2027 1775 2064 non
1808 2015 2014 2066 auctor

361 2097 618 2167 Catalogi
647 2098 965 2167 pontiﬁcum
995 2114 1371 2161 romanorum,
1414 2099 1485 2153 ab
1535 2100 1753 2171 )Egidio
1787 2100 2011 2155 Buche-

358 2186 443 2240 rio
465 2184 525 2240 in
544 2185 975 2240 Commentario
996 2186 1066 2240 ad
1093 2186 1333 2241 Victorii
1356 2186 1649 2242 Canonem
1670 2188 2009 2243 Paschalem

358 2274 676 2345 editus,qui
696 2274 891 2329 forsan
912 2291 979 2329 ex
996 2275 1494 2345 pseudo-Damaso
1508 2277 1678 2331 debet
1690 2278 2009 2332 emendari.

361 2363 472 2419 Sed
505 2369 562 2418 et
593 2363 757 2418 facile
789 2363 898 2418 fuit
921 2363 1197 2432 librariis,
1233 2366 1489 2419 Hermum
1530 2373 1756 2421 mutare
1783 2367 1840 2420 in
1872 2369 2009 2422 Her-

357 2456 592 2518 mem,et
614 2454 864 2508 Hermem
880 2452 1002 2507 vice
1020 2470 1187 2508 versa
1207 2454 1265 2507 in
1290 2455 1785 2526 Hermam.Sicque
1809 2457 2013 2511 fortas-

360 2542 443 2597 sis
466 2542 619 2613 apud
655 2542 1002 2612 Magistrum
1036 2542 1497 2613 Sententiarum,
1530 2543 1629 2598 lib.
1658 2561 1729 2613 IV,
1756 2544 1895 2613 dist,
1920 2546 2008 2614 35,

359 2648 419 2685 n.
451 2631 509 2695 5,
543 2646 613 2684 ex
642 2634 857 2684 Herma
912 2631 1102 2685 factus
1135 2630 1307 2685 fuerit
1337 2633 1590 2685 Hermes:
1626 2632 2012 2703 similiterque

358 2719 420 2773 in
479 2718 787 2774 Ruﬁniana
838 2719 1105 2790 Origenis
1166 2720 1666 2791 interpretatione,
1730 2722 1828 2776 lib.
1865 2740 1882 2775 1
1938 2724 2013 2777 De

356 2809 677 2881 principiis,
706 2824 831 2880 cap.
866 2810 919 2875 3,
952 2813 1008 2864 et
1034 2808 1134 2863 lib.
1167 2827 1243 2879 1v,
1279 2826 1403 2880 cap.
1434 2812 1488 2862 2.
1540 2813 1841 2865 Postremo
1872 2828 2012 2866 sane

356 2897 485 2953 loco
517 2902 693 2968 caput
742 2897 1001 2968 primum
1040 2897 1371 2954 Philocalim
1418 2898 1690 2953 Hermam
1736 2899 2008 2954 ostendit.

355 2987 428 3042 Et
463 2990 665 3041 contra
697 2986 839 3041 forte
872 2986 1181 3057 praedictus
1214 2991 1382 3059 poeta
1412 2992 1643 3043 Hermes
1673 2989 2007 3060 scripserat,

359 3093 477 3131 non
512 3077 736 3131 Hermas
754 3093 775 3137 ;
807 3076 920 3131 nisi
954 3076 1026 3147 si,
1058 3093 1232 3147 quem
1261 3092 1513 3131 errorem
1539 3094 1764 3133 errasse
1784 3078 2012 3133 videtur

361 3165 787 3238 pseudo-Pius,
823 3165 1093 3220 Hermem
1127 3170 1184 3220 et
1210 3166 1483 3220 Hermum
1511 3183 1613 3236 pro
1638 3184 1754 3222 uno
1778 3168 2009 3223 eodem-

361 3271 474 3326 que
506 3253 794 3309 habuerit.
827 3254 940 3309 Nec
994 3254 1288 3324 dissimili,
1342 3256 1611 3327 quamvis
1660 3256 1773 3311 alia
1803 3258 2009 3329 depra-
2040 3244 2083 3311 C

358 3343 593 3399 vatione
624 3343 909 3399 editiones
940 3344 998 3398 S.
1031 3344 1366 3415 Hieronymi
1415 3343 1562 3399 libro
1592 3346 1668 3399 De
1696 3347 2011 3417 nominibus

363 3433 665 3503 Hebraicis,
696 3433 884 3504 capite
932 3433 1003 3488 de
1059 3433 1318 3505 Epistola
1376 3436 1447 3488 ad
1506 3434 1816 3505 Romanos,
1852 3436 2009 3491 exhi-

361 3522 523 3589 bent,
570 3523 790 3587 Ermon,
844 3522 1382 3577 anathematizantes
1432 3540 1754 3591 maerorem;
1790 3541 1921 3579 cum
1956 3532 2012 3580 et

362 3626 457 3666 res
488 3611 637 3682 ipsa,
671 3615 727 3665 et
757 3611 949 3682 capita
998 3612 1068 3665 de
1097 3611 1388 3677 Numeris,
1423 3612 1493 3666 de
1525 3613 1686 3667 Actis
1716 3614 2007 3685 apostolo-

355 3716 512 3765 rum,
543 3701 741 3754 Ermen
774 3700 1171 3771 reponendum
1192 3701 1616 3771 persuadeant:
1650 3703 1883 3757 tametsi
1904 3706 2005 3758 Er-

352 3804 482 3844 mon
512 3804 747 3859 quoque
777 3789 979 3843 eodem
1013 3805 1191 3843 sensu
1224 3794 1549 3859 exponetur
1601 3790 1658 3843 in
1713 3793 2005 3862 capitibus

352 3876 425 3931 de
486 3878 949 3943 Deuteronomio,
1009 3877 1080 3932 de
1137 3878 1276 3933 Jesu
1331 3879 1486 3933 Nave
1545 3879 1666 3950 (ubi
1700 3896 2003 3951 perperam

348 3967 524 4021 Emon
553 3965 810 4038 apparet)
843 3969 899 4020 et
929 3966 999 4020 de
1024 3964 1325 4022 Psalterio.

420 4089 552 4144 Jam
582 4104 717 4145 vero
744 4106 812 4145 ex
834 4090 1029 4145 Ruﬁni
1054 4090 1127 4144 ad
1151 4089 1467 4161 Symbolum
1490 4091 1681 4147 verbis
1703 4092 2003 4148 obscurio-

350 4178 519 4233 ribus
551 4179 817 4234 nascitur
846 4179 1111 4251 quaestio.
1144 4180 1278 4243 Quae
1312 4180 1360 4236 si
1410 4180 1491 4236 ita
1540 4181 2001 4253 distinguantur,

345 4266 604 4324 Libellus
632 4270 730 4340 qui
759 4268 969 4323 dicitur
998 4270 1246 4325 Pastoris
1291 4272 1406 4325 sive
1452 4270 1743 4338 Hermatis,
1776 4273 1873 4341 qui
1901 4288 2002 4342 ap-

340 4357 594 4429 pellatur
627 4359 764 4414 Duaz
800 4359 912 4415 Viae
966 4358 1050 4413 vel
1104 4359 1387 4415 Iudicium
1441 4360 1641 4427 Petri;
1704 4377 1859 4415 unus
1900 4377 2001 4416 no-

346 4446 641 4502 sterliber
672 4452 926 4518 quatuor
983 4451 1143 4520 geret
1199 4449 1459 4514 nomina,
1507 4450 1718 4515 Pastor,
1753 4452 2000 4517 Hermas,

349 4537 489 4592 Duae
523 4537 657 4603 Viae,
685 4536 975 4593 Iudicium
1028 4539 1199 4592 Petri.
1259 4537 1359 4592 Sin
1418 4542 1611 4592 autem
1646 4538 1744 4592 ubi
1776 4538 2002 4611 virgula

2121 1958 2185 1996 ea
2215 1956 2339 2011 qum
2366 1958 2399 1994 a
2432 1940 2639 2010 Spiritu
2686 1938 2970 2005 didicerat,
3015 1937 3094 1991 sic
3139 1936 3484 2006 exponimus.
3518 1936 3598 1989 Ex
3629 1934 3759 2001 hoc,

2120 2029 2387 2101 inquam,
2420 2044 2689 2084 sermone
2719 2029 3094 2097 conjecerunt
3121 2025 3227 2078 viri
3276 2024 3427 2079 docti
3477 2026 3763 2079 Pastorem

2122 2118 2558 2175 commentariis
2590 2118 2661 2171 ab
2684 2116 2929 2188 Origene
2951 2115 3132 2169 fuisse
3152 2113 3532 2168 illustratum.
3567 2113 3761 2176 Quan-

2122 2225 2297 2280 quam
2327 2206 2589 2278 loquitur
2616 2207 2901 2260 duntaxat
2954 2204 3023 2258 de
3078 2202 3351 2275 praesenti
3384 2202 3759 2274 expositione,

2121 2314 2297 2369 quam
2331 2313 2537 2367 nempe
2566 2296 2769 2350 eodem
2798 2294 2909 2349 loci
2940 2297 3070 2365 post
3098 2293 3321 2348 Hermae
3358 2289 3763 2346 testimonium

2120 2388 2319 2443 statim
2350 2386 2674 2458 subjungit.
2728 2386 2827 2440 Est
2874 2388 2931 2439 et
2978 2382 3127 2438 alius
3157 2399 3319 2437 error
3347 2380 3763 2436 nonnullorum

2121 2477 2263 2532 adeo
2313 2492 2568 2541 crassus,
2604 2478 2668 2529 ut
2695 2490 2799 2529 nec
2846 2471 3213 2528 refutationis
3243 2471 3519 2540 indigeat.
3557 2470 3766 2525 Dicunt

2122 2566 2193 2620 ab
2250 2564 2621 2635 Hieronymo,
2681 2563 2741 2616 in
2800 2561 3041 2632 Prologo
3074 2560 3324 2633 galeato,
3357 2577 3457 2632 per
3487 2562 3765 2615 Pastorem

2122 2671 2237 2708 non
2282 2652 2523 2724 intelligi
2555 2652 2770 2707 librum
2822 2652 3066 2721 Hermaz,
3120 2651 3220 2705 sed
3267 2650 3503 2704 tertium
3534 2650 3767 2704 Macha-

2121 2744 2402 2807 baaorum,
2435 2746 2695 2797 contorta
2752 2745 2809 2796 et
2859 2740 3029 2813 longe
3086 2739 3268 2812 petita
3326 2743 3557 2794 utentes
3585 2739 3764 2793 dedu-

2120 2831 2311 2886 ctione
2368 2829 2472 2882 ἀπὸ
2528 2836 2626 2898 τῆς
2680 2826 2949 2889 παστάδος
3008 2828 3125 2884 sive
3178 2824 3453 2887 παστίδος.
3496 2827 3639 2882 Cum
3699 2843 3768 2881 ex

2121 2918 2252 2974 aliis
2295 2919 2626 2990 Hieronymi
2686 2924 3142 2991 caeterorumque
3190 2918 3333 2973 locis
3390 2934 3482 2973 res
3528 2916 3766 2971 manife-

2120 3008 2379 3064 stissime
2407 3013 2619 3080 pateat.

2192 3116 2471 3187 Denique,
2495 3116 2663 3185 cujus
2686 3115 2971 3171 habemus
2992 3113 3527 3171 animadversiones
3549 3113 3766 3169 multas

2122 3205 2194 3260 ad
2228 3209 2493 3260 nostrum
2526 3209 2843 3269 auctorem,
2878 3204 3168 3270 Barthius,
3200 3221 3335 3259 cum
3368 3203 3586 3274 passim
3620 3202 3765 3257 labi-

2123 3299 2240 3360 tur,
2274 3298 2399 3348 tum
2429 3298 2631 3348 contra
2658 3294 2959 3365 antiquam
2990 3310 3118 3349 eam
3148 3293 3475 3348 versionem
3517 3296 3768 3364 quatuor

2125 3383 2459 3439 committit.
2492 3383 2676 3449 Prius,
2703 3382 3051 3455 appellando
3076 3383 3379 3448 rusticam,
3404 3381 3765 3437 semibarba-

2122 3489 2268 3543 ram,
2302 3472 2704 3527 semiveterem
2736 3490 2747 3527 :
2782 3473 2936 3543 quod
2972 3472 3316 3543 neutiquam
3337 3476 3446 3527 est.
3474 3469 3762 3540 Alterum,

2118 3565 2337 3617 temere
2369 3566 2426 3617 et
2458 3562 2680 3631 absque
2712 3560 2832 3615 ulla
2862 3562 3102 3631 ratione,
3136 3560 3252 3615 imo
3297 3565 3499 3615 contra
3528 3576 3761 3616 omnem

2119 3651 2429 3716 rationem,
2464 3649 2834 3716 afﬁrmando,
2868 3649 3156 3720 epitomen
3189 3649 3377 3721 magis
3427 3664 3553 3703 esse
3583 3664 3760 3718 quam

2116 3738 2685 3811 interpretationem.
2747 3745 2821 3793 At
2861 3737 3029 3793 aliter
3058 3754 3179 3792 rem
3228 3754 3290 3792 se
3336 3737 3549 3793 habere
3578 3736 3763 3808 liquet

2114 3844 2183 3882 ex
2215 3828 2620 3883 convenientia
2642 3833 2907 3883 textuum
2956 3844 2989 3881 a
3035 3826 3329 3882 veteribus
3376 3825 3759 3898 prolatorum.

2114 3918 2398 3988 Equidem
2430 3916 2700 3971 videntur
2729 3916 2842 3973 ista
2861 3916 3026 3971 citari
3058 3933 3126 3971 ex
3152 3920 3379 3972 Pastore
3403 3933 3436 3971 a
3466 3915 3761 3972 Clemente

2114 4006 2312 4062 Strom.
2350 4024 2408 4075 II,
2443 4022 2572 4078 pag.
2631 4006 2768 4061 3871:
2830 4009 3159 4079 Προηγεῖται
3222 4004 3315 4076 μὲν
3356 4003 3558 4071 πίστις,
3592 3999 3760 4082 φόϐος

2115 4091 2172 4148 δὲ
2202 4091 2503 4166 οἰκοδομεῖ,
2532 4093 2737 4149 τελειοῖ
2768 4091 2823 4147 δὲ
2880 4096 2914 4162 ἡ
2976 4094 3180 4167 ἀγάπη.
3239 4095 3506 4149 Praecedit
3543 4096 3763 4166 quidem

2114 4185 2244 4252 ﬁdes
2272 4187 2438 4239 timor
2485 4201 2611 4238 vero
2663 4184 2923 4253 mdiﬁcat,
2979 4184 3194 4254 perﬁcit
3248 4192 3430 4239 autem
3482 4185 3761 4245 charitas;

2114 4290 2243 4345 quae
2274 4274 2352 4328 ibi
2386 4291 2501 4329 non
2532 4274 2945 4341 inveniuntur;
2995 4290 3195 4328 verum
3246 4272 3559 4329 Clementis
3595 4280 3755 4341 sunt,

2112 4380 2221 4419 sua
2253 4362 2576 4418 Hermaicis
2611 4362 3033 4419 interserentis.
3062 4362 3319 4418 Tertium
3350 4364 3756 4434 commissum,

2113 4454 2346 4523 quando
2382 4452 2651 4507 futilibus
2701 4451 3054 4522 conjecturis
3103 4452 3446 4522 hariolatur,
3479 4453 3758 4523 scriptam

2117 4542 2297 4597 fuisse
2354 4546 2487 4613 post
2542 4541 2876 4613 Hieronymi
2927 4545 3211 4612 tempora,
3261 4546 3318 4596 et
3348 4543 3420 4596 ab
3452 4541 3759 4598 Anastasio

348 4623 731 4696 conspicitur,
765 4626 955 4696 major
984 4624 1283 4680 distinctio
1332 4629 1604 4696 ponatur,
1646 4626 1761 4681 duo
1792 4632 2009 4698 puncta
2038 4615 2085 4679 D
2115 4629 2582 4686 Bibliothecario.
2622 4629 2773 4696 Esto,
2809 4630 3195 4684 concedamus
3244 4630 3572 4684 barbariem
3630 4630 3759 4684 ubi-

346 4713 438 4769 vel
470 4717 757 4785 punctum
792 4730 925 4769 cum
958 4713 1205 4786 virgula,
1256 4715 1371 4770 duo
1404 4715 1835 4771 constituentur
1872 4715 2005 4771 libri

346 4802 703 4871 binomines,
737 4802 885 4859 alter
908 4805 1180 4870 Pastoris,
1209 4806 1322 4859 sive
1366 4806 1661 4875 Ilermatis,
1695 4804 1843 4861 alter
1871 4807 2007 4863 Dum

352 4894 456 4947 Vim
513 4893 599 4948 vel
644 4891 924 4949 Iudicium
972 4893 1145 4948 Petri.
1205 4893 1488 4964 Equidem
1538 4893 1735 4949 nullus
1776 4894 2002 4960 dubito,

345 4982 488 5053 quin
524 4982 757 5037 diversa
787 4981 1089 5037 volumina
1120 4982 1487 5038 exstiterint:
1518 4983 1786 5054 suspicor
1817 4984 2006 5055 magis

341 5086 376 5125 a
409 5071 644 5126 Rufﬁno
677 5069 983 5142 scriptum,
1018 5072 1261 5127 Libellus
1282 5074 1378 5142 qui
1397 5073 1605 5127 dicitur
1623 5074 1867 5127 Pastoris
1893 5075 2007 5127 sive

338 5162 617 5216 Hermatis
638 5177 658 5223 ;
692 5162 895 5232 quique
925 5161 1245 5232 appellatur
1275 5166 1411 5217 Dum
1445 5163 1557 5218 Viae
1596 5163 1679 5216 vel
1727 5162 2005 5217 Iudicium

340 5251 518 5305 Petri.
553 5248 853 5316 Rationes,
911 5266 1016 5305 cur
1072 5267 1250 5322 opera
1306 5268 1420 5307 non
1470 5251 1849 5322 confundam,
1882 5251 2003 5307 haec

341 5342 520 5394 sunt:
554 5339 603 5392 1.
636 5342 714 5393 De
746 5355 863 5393 uno
895 5337 1089 5394 libello
1121 5339 1204 5395 sic
1236 5340 1467 5396 locutus
1500 5340 1745 5396 fuisset:
1782 5342 1888 5409 Qui
1916 5341 2001 5395 di-

338 5429 489 5483 citur
520 5428 794 5495 Pastoris,
824 5429 937 5483 sive
966 5430 1261 5498 Hermatis,
1293 5432 1413 5485 sive
1444 5434 1587 5487 Duae
1621 5430 1749 5498 Viae,
1781 5431 1865 5485 vel
1894 5435 2000 5488 Iu-

340 5516 545 5572 dicium
574 5518 746 5572 Petri.
779 5517 834 5571 2.
868 5521 930 5572 In
962 5522 1079 5573 toto
1114 5520 1338 5575 Pastore
1368 5537 1441 5575 ne
1470 5520 1716 5575 verbum
1762 5520 2000 5591 quidem

342 5604 413 5660 de
442 5610 631 5661 Petro.
666 5607 716 5661 3.
753 5606 1035 5663 Pauciora
1061 5608 1131 5664 de
1160 5610 1393 5665 duabus
1438 5609 1549 5665 viis
1578 5609 1797 5680 profert
1828 5610 1997 5665 initio

353 5696 614 5753 mandati
674 5697 842 5769 sexti,
899 5713 1075 5768 quam
1133 5702 1197 5754 ut
1257 5698 1392 5755 inde
1447 5716 1659 5757 nomen
1691 5698 1997 5771 acciperet.

2117 4736 2229 4792 que
2261 4718 2554 4774 redolere:
2590 4734 2731 4772 num
2759 4718 2957 4773 eadem
2982 4718 3051 4773 de
3078 4734 3255 4773 causa
3286 4716 3759 4788 antiquissimam

2117 4809 2317 4864 Irenaei
2377 4806 2915 4878 interpretationem
2990 4806 3296 4862 Anastasio
3354 4807 3760 4863 ascribemus?

2116 4898 2227 4953 Sed
2258 4897 2640 4969 Hieronymus
2693 4900 2942 4951 testatur
2993 4895 3288 4967 plerisque
3343 4898 3433 4952 sui
3483 4898 3759 4967 temporis

2114 4986 2338 5043 Latinis
2382 4986 2603 5041 Hermae
2653 4986 2924 5041 volumen
2976 4986 3269 5056 Ignorari!
3308 4986 3455 5050 Quid
3486 4986 3664 5040 inde?
3695 4989 3762 5040 At

2111 5075 2297 5132 multo
2330 5081 2501 5130 antea
2530 5074 2683 5147 plebi
2744 5074 3019 5129 Africanae
3078 5075 3454 5130 notissimum
3500 5075 3754 5141 exstitit;

2110 5170 2309 5238 utpote
2342 5182 2409 5220 ex
2438 5166 2607 5234 cujus
2634 5164 2879 5219 lectione
2929 5180 3055 5219 mos
3105 5164 3427 5221 invaluerat
3474 5166 3757 5234 assignato

2112 5257 2359 5311 oratione
2389 5254 2683 5320 assidendi,
2744 5258 2811 5308 ut
2863 5253 3056 5309 verbis
3114 5260 3246 5309 utar
3291 5252 3655 5309 Tertulliani.
3685 5256 3759 5309 At

2112 5361 2145 5397 a
2176 5343 2395 5399 Latinis
2426 5342 2750 5409 catholicis,
2778 5346 3039 5414 tempore
3062 5343 3369 5415 Zephyrini
3401 5360 3465 5397 ac
3492 5343 3755 5413 ejusdem

2108 5432 2475 5501 Tertulliani,
2526 5433 2595 5487 ad
2612 5431 3004 5505 jugulandam
3029 5433 3286 5488 Montani
3306 5432 3663 5503 impietatem
3681 5432 3751 5487 ad

2108 5523 2439 5578 bibebatur.
2475 5522 2625 5576 Sane
2648 5526 2783 5577 ante
2830 5523 3208 5577 Anastasium
3259 5522 3330 5577 ab
3381 5521 3752 5593 Hieronymo,

2109 5612 2338 5677 Ruﬁno,
2365 5610 2662 5679 Cassiano,
2688 5609 2937 5680 Gelasio,
2962 5612 3115 5666 Beda
3138 5615 3194 5665 et
3214 5609 3499 5666 Walfrido
3522 5611 3752 5678 Strabo,

2109 5700 2330 5759 Latinis
2379 5699 2787 5773 scriptoribus,
2840 5704 3214 5759 memoratur.
3262 5701 3349 5758 An
3401 5716 3637 5759 necesse
3666 5704 3753 5757 est
