4038 6210
332 337 448 403 863

326 480 387 531 ut
418 490 621 533 omnes
650 475 747 533 isti
776 480 968 534 Graece
997 478 1262 552 legerint,
1295 485 1352 538 et
1398 498 1512 539 non
1543 500 1610 539 ex
1637 489 1835 542 nostro
1865 486 1959 543 in-

318 566 614 635 terprete?
644 566 898 622 Transeo
932 568 1159 640 reliqua
1209 572 1429 626 Barthii
1481 581 1800 642 momenta,
1838 575 1965 648 pul-

314 669 446 707 vere
476 658 766 726 ventoque
797 654 1033 723 leviora,
1069 663 1132 713 ut
1164 660 1434 715 ultimum
1468 660 1626 718 illius
1660 670 1963 734 peccatum

318 742 624 813 attingam.
649 744 711 799 In
735 759 799 799 eo
823 750 1015 801 autem
1042 748 1490 821 consistit,quod
1518 752 1724 807 Joanni
1751 754 1963 810 'I‘arino

318 848 441 886 eam
465 832 693 905 affingit
715 833 1065 905 opinionem,
1090 838 1160 892 de
1180 856 1294 909 qua
1309 839 1392 893 vir
1412 840 1505 895 ille
1527 843 1963 900 eruditissimus

319 916 442 973 οὐδὲ
471 921 585 975 κατ’
617 917 766 999 ὄναρ,
801 926 968 996 quasi
1017 928 1087 981 ad
1135 929 1462 985 Philocaliae
1501 935 1675 1002 caput
1707 933 1960 1003 primum

321 1010 528 1066 Ruﬁno
560 1014 898 1085 ascripserit
926 1018 1169 1072 Pastoris
1204 1019 1465 1074 Latinam
1494 1020 1955 1078 translationem.

316 1104 432 1154 Nos
465 1105 528 1155 ut
558 1102 701 1157 nihil
724 1106 863 1159 certi
892 1106 1093 1161 alferre
1118 1125 1452 1179 possumus,
1480 1111 1560 1164 ita
1590 1112 1960 1182 suspicamur

314 1204 416 1259 per
446 1190 632 1261 prima
662 1192 925 1248 Ecclesiae
958 1200 1221 1266 tempora
1253 1198 1490 1253 Latinos
1539 1216 1654 1253 non
1699 1202 1959 1256 caruisse

312 1275 922 1353 laudatissimiopcris
981 1286 1279 1341 versione:
1341 1304 1468 1342 eam
1528 1304 1659 1343 vero
1717 1288 1891 1343 aliam
1925 1308 1958 1344 a

313 1372 513 1422 nostra
542 1369 747 1440 fuisse,
771 1372 919 1426 nihil
952 1391 1056 1428 nos
1089 1375 1241 1446 cogit
1262 1376 1469 1431 dicere.
1497 1377 1777 1432 Caeterum
1801 1382 1956 1433 ante-

312 1471 490 1526 quam
513 1475 756 1515 manum
790 1461 924 1516 hinc
959 1462 1176 1534 tollam,
1212 1466 1499 1521 monitum
1535 1472 1590 1521 te
1621 1466 1814 1533 velim,
1852 1468 1953 1522 Le-

310 1548 453 1611 ctor,
485 1550 541 1601 et
571 1549 829 1618 capitum
861 1550 1141 1608 lemmata
1170 1554 1376 1609 abesse
1408 1573 1441 1609 a
1471 1555 1771 1611 codicibus
1812 1573 1950 1611 mss.

1826 354 1889 414 S.
1936 352 2234 417 HERM/E

3586 357 3689 420 864

2083 487 2298 559 quibus
2329 502 2473 543 usus
2500 486 2582 542 fui
2607 502 2619 542 :
2654 489 2712 541 et
2739 485 2799 540 in
2830 484 2986 542 notis
3012 483 3449 558 marginalibns,
3473 502 3605 558 quas
3625 490 3689 546 ad

2077 580 2301 631 textum
2332 574 2713 647 apponendas
2745 574 2963 644 curavi,
2997 574 3252 629 litteram
3283 573 3348 642 G,
3389 577 3693 646 signiﬁcem

2076 683 2187 721 ms.
2220 670 2274 719 S.
2310 664 2605 731 Germani,
2638 664 2895 718 litteram
2919 667 2987 728 V,
3017 680 3127 719 ms.
3153 664 3214 718 S.
3239 662 3515 732 Victoris;
3549 682 3690 723 mero

2073 761 2269 810 autem
2302 755 2599 821 asterisco,
2632 758 2766 807 ante
2799 756 2973 823 caput
3002 753 3035 807 8
3067 752 3378 808 VisionisS
3399 752 3495 807 lib.
3519 754 3688 810 lindi-

2072 844 2188 898 cari
2223 849 2539 913 utrumque
2568 842 2848 908 codicem,
2884 846 3086 913 postea
3115 840 3304 896 solum
3327 841 3687 901 Victorinum.

2070 932 2317 1005 Adjecrm
2342 936 2488 1001 sunt,
2550 934 2610 985 in
2668 932 2769 985 hac
2823 930 3085 999 editione,
3146 931 3326 987 variae
3367 930 3608 986 lectiones
3632 949 3692 988 επ

2070 1026 2295 1093 antiquo
2352 1022 2532 1076 codice
2592 1020 3019 1075 Carmelitarum
3071 1020 3533 1091 Excalceatorum,
3578 1023 3690 1077 sub-

2068 1112 2221 1165 urbii
2248 1112 2618 1171 Parisiensis;
2675 1125 2812 1179 quas
2842 1109 2911 1163 ad
2959 1109 3163 1163 calcem
3220 1110 3390 1163 totius
3418 1109 3690 1165 voluminis

2069 1201 2243 1269 legere
2300 1200 2494 1254 licebat
2552 1200 2613 1252 in
2688 1200 2872 1252 Paris.
2924 1197 3065 1252 Edil.
3125 1198 3475 1252 Accesserant
3539 1199 3693 1252 etiam

2067 1304 2191 1361 qua:
2248 1290 2313 1343 in
2370 1289 2562 1357 inﬁma
2612 1288 2822 1358 pagina
2877 1286 3203 1342 Oxoniensis
3259 1286 3533 1352 editionis,
3572 1289 3691 1342 anni

2068 1379 2207 1433 1685
2236 1379 2511 1447 teguntur,
2566 1393 2634 1432 ea:
2688 1376 2844 1432 codd.
2905 1376 3222 1433 Bodleianae
3250 1386 3303 1432 et
3330 1374 3693 1434 Lambethane

2066 1468 2537 1523 bibliothecarum.

1018 1903 1946 2031 GALLANDII
2032 1908 2999 2031 PROOEMIUM

1564 2144 1705 2225 AD
1770 2142 1862 2227 S.
1925 2137 2449 2228 HERMAM.

795 2319 1064 2387 (Veterum
1092 2322 1327 2373 Patrum
1356 2319 1713 2389 Bibliotheca,
1748 2323 1789 2374 t.
1826 2321 1867 2384 I,
1901 2317 2178 2387 Venetiis,
2214 2318 2372 2384 1765,
2404 2316 2617 2382 in-fol.,
2662 2317 2909 2389 Proleg.,
2944 2334 2999 2387 p.
3033 2316 3211 2387 xxvr.)

296 2493 428 2549 CAP.
464 2498 507 2548 Ι.
551 2493 683 2561 Quis
734 2496 956 2567 cujasve
1000 2500 1171 2567 fuerit
1224 2500 1467 2564 Hermas,
1518 2496 1941 2567 Distinguendus
1971 2502 2019 2567 Β
2052 2496 2191 2551 dent
2219 2495 2461 2567 vestigia
2486 2495 2547 2550 in
2578 2496 2708 2566 ejus
2738 2510 2913 2567 opere
2940 2494 3162 2567 passim
3193 2494 3389 2551 obvia.
3413 2494 3556 2550 Nam
3584 2500 3690 2549 sta-

363 2588 483 2637 tum
510 2584 578 2637 ab
603 2583 819 2651 Herme,
857 2586 1176 2653 Dalmatiae,
1229 2596 1290 2641 ut
1316 2591 1496 2658 fertur
1524 2590 1789 2658 episcopo,
1826 2595 1943 2641 tum

365 2672 432 2726 ab
464 2676 718 2728 Hermete
748 2678 997 2740 Pastore,
1032 2675 1123 2729 Pii
1152 2678 1175 2730 I
1203 2678 1396 2746 fratre.

369 2759 723 2816 Clementem
748 2766 1074 2818 Romanum
1102 2765 1315 2836 excipit
1345 2766 1607 2830 Hermas,
1635 2765 1721 2819 vir
1742 2769 1799 2820 et
1820 2765 1943 2836 ipsc

297 2848 677 2920 apostolicus,
710 2867 825 2907 non
860 2852 1030 2907 modo
1065 2853 1301 2909 Patrum
1332 2854 1750 2909 vetustissimis
1790 2853 1942 2909 cele-

299 2938 523 3007 bratus,
556 2956 757 2994 verum
789 2941 966 2996 etiam
998 2943 1070 2997 ab
1098 2942 1375 3014 Apostolo
1407 2942 1700 2998 salutatus
1732 2943 1802 2997 ad
1837 2943 1943 2997 Ro-

299 3043 504 3083 manos
535 3029 825 3084 scribente
852 3031 893 3096 3,
928 3036 1240 3102 antequam
1275 3032 1512 3087 Romam
1544 3030 1758 3086 Paulus
1791 3031 1943 3102 ipse-

300 3121 419 3171 met
450 3119 797 3189 appulisset.
832 3122 1018 3175 Probe
1050 3125 1245 3176 autem
1273 3120 1724 3193 distinguendus
1749 3125 1947 3174 noster

302 3203 547 3261 Hermas
579 3208 648 3261 ab
682 3210 875 3265 Herme
904 3226 1004 3265 seu
1038 3211 1301 3277 Hei-mete,
1334 3215 1506 3282 prout
1544 3226 1685 3264 sane
1716 3213 1944 3263 utrum-

306 3309 419 3367 que
451 3309 585 3349 cum
609 3296 863 3352 nominis
894 3297 1190 3361 varietate,
1250 3304 1377 3353 tum
1427 3316 1487 3354 re
1516 3299 1664 3370 ipsa,
1699 3298 1947 3353 Patroba

300 3382 627 3456 interjecto,
661 3384 930 3441 distinxit
960 3387 1111 3442 idem
1132 3386 1465 3458 Apostolus.
1492 3387 1793 3459 Siquidem
1820 3387 1944 3443 loco

296 3472 510 3527 citato:
542 3473 815 3543 Salutate,
850 3476 1060 3547 inquit,
1091 3478 1464 3548 Asyncrit-um,
1521 3482 1806 3543 Hermum,
1840 3478 1944 3531 Pa-

298 3563 531 3629 trobam,
564 3564 816 3629 Hermcn,
853 3569 987 3629 etc.,
1020 3582 1271 3636 quorum
1295 3565 1411 3630 ille,
1445 3565 1495 3620 si
1526 3566 1670 3621 fides
1703 3566 1948 3621 Pseudo-

297 3652 581 3707 Dorotheo
613 3656 786 3724 atque
815 3652 1142 3726 Hippolyto,
1178 3654 1676 3726 Philippopoleos;
1703 3654 1794 3711 hic
1816 3672 1945 3710 vero

298 3739 599 3796 Dalmatiae
632 3741 941 3814 episcopus
975 3744 1158 3799 fuisse
1184 3745 1383 3799 fertur.
1411 3744 1635 3799 Potiore
1658 3745 1947 3816 itemjure

2049 2589 2157 2639 tim
2188 2585 2261 2639 ab
2292 2585 2456 2639 initio
2489 2584 2610 2640 hac
2640 2584 2855 2639 habet6
2880 2602 2893 2639 :
2930 2584 3035 2652 Qui
3061 2588 3408 2639 enutrwerat
3437 2601 3541 2649 me,
3572 2599 3683 2639 ven-

2050 2673 2195 2728 didit
2225 2672 2519 2744 quamdam
2572 2673 2819 2744 puellam
2876 2673 3081 2729 Romae.
3133 2676 3263 2728 Post
3290 2672 3495 2727 multos
3521 2677 3687 2727 autem

2052 2778 2223 2816 annos
2254 2762 2396 2816 hanc
2424 2764 2600 2816 visam
2630 2778 2724 2830 ego
2755 2764 3063 2832 recognovi,
3087 2770 3140 2816 et
3156 2764 3293 2833 carpi
3322 2778 3447 2816 eam
3475 2762 3689 2832 diligere

2050 2859 2112 2905 ut
2165 2867 2427 2906 sororem.
2480 2853 2684 2907 Emcto
2738 2861 2927 2906 autem
2980 2854 3221 2922 tempore
3252 2851 3467 2924 aliquo,
3526 2849 3692 2905 lavari

2050 2956 2171 2995 eam
2198 2942 2257 2995 in
2286 2941 2518 3009 ﬂumine
2549 2941 2724 2995 Tiberi
2752 2940 2888 3009 vidi,
2929 2944 3040 2995 etc.
3093 2939 3306 2994 Itinera
3339 2956 3571 3011 quoque
3598 2955 3695 2994 sua

2053 3035 2109 3083 et
2126 3030 2460 3085 mansiones
2477 3029 2836 3098 describens,
2867 3029 3176 3085 Cumarum
3218 3028 3561 3096 meminit";
3582 3027 3691 3083 loco

2054 3118 2210 3173 enim
2244 3119 2419 3173 citato
2452 3135 2556 3189 pro
2586 3135 2710 3173 cum
2742 3118 2826 3172 his
2856 3118 3170 3190 legendum
3202 3117 3418 3184 Cumis,
3442 3119 3516 3173 cl.
3546 3117 3691 3172 Cote-

2052 3206 2233 3263 lerius
2274 3212 2427 3263 recte
2458 3206 2779 3278 conjecisse
2832 3207 3081 3261 videtur.
3137 3206 3411 3261 Meminit
3439 3207 3577 3261 item
3602 3206 3693 3261 viz

2055 3296 2347 3366 Campanae
2376 3297 2418 3364 ⁸,
2478 3312 2584 3351 nec
2641 3313 2758 3351 non
2816 3296 3073 3351 Arcadiae
3103 3296 3159 3349 9:
3197 3296 3358 3352 unde
3412 3294 3513 3351 lux
3553 3293 3691 3349 haud

2055 3385 2286 3440 modica
2341 3386 2687 3455 conjectum
2748 3388 2961 3440 nostra:
3022 3384 3282 3452 accedit;
3318 3384 3695 3454 eamdemque

2054 3474 2271 3546 pariter
2300 3475 2645 3530 confirmare
2698 3474 3025 3546 putaverim
3083 3472 3377 3544 ejusmodi
3416 3474 3592 3529 verba
3621 3472 3691 3525 ¹⁰;

2058 3566 2222 3629 Cum,
2256 3563 2471 3635 inquit,
2503 3564 2850 3619 ambularem
2876 3564 2935 3617 in
2966 3580 3187 3631 agrum,
3218 3566 3272 3618 et
3298 3563 3695 3618 considerarem

2054 3654 2269 3706 ulmum
2288 3661 2338 3708 et
2359 3655 2589 3707 vitem...
2610 3658 2692 3707 De
2707 3654 2809 3707 hac
2822 3654 2932 3706 vite
2946 3660 2997 3707 et
3014 3652 3162 3707 ulmo
3177 3649 3414 3723 disputo.
3435 3652 3519 3707 Ad
3538 3666 3695 3723 quem

2057 3745 2276 3797 Hermas
2330 3741 2522 3797 locum
2578 3741 2994 3797 illustrandum
3044 3740 3309 3812 apposite
3358 3758 3393 3796 a
3435 3738 3695 3796 Cotelerio

212 3836 217 3843 "
296 3832 689 3886 secernendus
746 3836 990 3903 uterque
1046 3833 1117 3887 ab
1176 3837 1438 3888 Hermete
1498 3838 1739 3903 Pastore,
1773 3834 1946 3888 domo
1978 3871 2019 3936 Ο
2057 3830 2320 3885 adhibita
2349 3829 2531 3885 Servii
2559 3829 2865 3901 explicatio
2896 3827 3199 3901 Virgiliani
3248 3828 3694 3886 hemistichii“:

298 3917 670 3989 Aquileiensi,
707 3920 892 3975 sancti
922 3920 1007 3975 Pii
1058 3921 1077 3975 Ι
1132 3922 1326 3987 fratre,
1367 3922 1476 3977 sub
1509 3923 1678 3992 cujus
1710 3923 1947 3993 pontiﬁ-

301 4011 437 4062 catu
454 4012 690 4063 centum
708 4008 888 4063 ferme
905 4013 1039 4081 post
1060 4013 1303 4065 Paulum
1323 4010 1493 4065 annis
1511 4010 1727 4066 librum
1745 4014 1818 4066 De
1834 4016 1949 4065 Pa-

298 4094 485 4150 schate
506 4096 766 4167 scripsit,
802 4112 957 4151 nunc
987 4097 1378 4169 deperditum,
1408 4098 1493 4151 vel
1521 4097 1728 4153 saltem
1761 4098 1953 4152 hacte-

302 4200 414 4239 nus
445 4184 903 4257 incompertum.
928 4185 1009 4240 De
1030 4186 1123 4241 his
1147 4191 1341 4241 autem
1376 4186 1545 4258 plura
1570 4188 1792 4241 dudum
1826 4204 1954 4258 pro-

308 4273 574 4328 tulerunt
594 4274 699 4328 viri
723 4274 1128 4341 eruditissimi,
1152 4275 1435 4331 Nourrius
1456 4278 1496 4347 ⁴,
1527 4276 1888 4331 Fontaninus
1910 4277 1951 4340 ⁵,

308 4361 565 4433 aliique;
598 4364 670 4418 ad
704 4380 852 4436 quos
881 4364 1141 4435 proinde,
1168 4381 1238 4420 ne
1270 4363 1501 4436 longius
1533 4382 1710 4436 quam
1744 4383 1849 4437 par
1878 4366 1955 4421 sit

307 4455 578 4507 excurrat
607 4453 813 4523 oratio,
840 4452 1087 4508 lectores
1118 4452 1496 4507 remittimus.
1533 4454 1765 4508 Interim
1797 4471 1950 4522 vero,

304 4545 567 4597 veterum
601 4542 925 4614 prmsertim
958 4559 1023 4597 ac
1052 4541 1439 4597 recentiorum
1474 4544 1827 4615 scriptorum
1857 4561 1955 4599 au-

302 4629 564 4686 ctoritate
595 4631 778 4700 ducti,
812 4631 1036 4686 Hermas
1070 4647 1245 4702 quem
1278 4630 1493 4686 Paulus
1525 4633 1783 4703 proxime
1820 4637 1955 4688 ante

302 4720 610 4775 Patrobam
645 4721 941 4791 salutavit,
977 4737 1126 4792 opus
1174 4727 1369 4776 Pastor
1418 4721 1763 4792 inscriptum
1796 4738 1953 4777 asse-

304 4808 549 4864 rendum
582 4809 989 4865 existimamus
1016 4834 1029 4871 ;
1057 4826 1123 4863 eo
1154 4807 1241 4863 vel
1282 4808 1535 4865 maxime
1565 4811 1720 4881 quod
1754 4815 1957 4865 auctor

306 4898 524 4969 ubique
552 4898 611 4952 in
644 4897 773 4969 ipso
802 4896 1021 4966 libello,
1053 4902 1300 4966 Hermae,
1334 4914 1449 4952 non
1501 4904 1694 4954 autem
1747 4901 1956 4955 Hermis

308 4991 410 5041 aut
438 4987 731 5053 Hermetis,
766 5003 977 5042 nomen
1008 4990 1293 5041 assumat.

381 5075 616 5145 Italum,
641 5075 781 5147 quin
808 5081 863 5130 et
886 5076 1211 5131 Romanum
1237 5076 1483 5131 fortasse
1508 5076 1687 5131 fuisse
1719 5076 1959 5148 scripto-

309 5181 452 5236 rem,
476 5164 565 5220 vel
597 5163 806 5221 saltem
826 5165 978 5220 inter
996 5164 1228 5220 Latinos
1247 5164 1345 5219 diu
1364 5164 1595 5234 vixisse,
1627 5165 1796 5237 plura
1817 5184 1956 5222 sua-

2310 3920 2333 3971 1
2383 3960 2395 3972 .
2441 3960 2453 3973 .
2501 3960 2513 3972 .
2568 3961 2580 3973 .
2614 3918 2887 3988 ulmisque
2914 3917 3215 3990 adjungere
3245 3920 3405 3973 vites.

2060 4031 2087 4057 «
2126 4008 2458 4063 Secundum
2490 4008 2671 4063 Italia:
2704 4008 2908 4077 situm,
2940 4007 3045 4074 ait,
3075 4005 3306 4062 locutus
3334 4011 3466 4076 est;
3500 4009 3558 4062 in
3595 4021 3698 4078 qua

2058 4096 2204 4152 vites
2235 4096 2413 4152 altius
2445 4096 2764 4152 elevantur.
2796 4096 2889 4150 Sic
2920 4094 3060 4151 alibi
3085 4096 3167 4149 ηε

2130 4187 2244 4241 Non
2277 4186 2463 4241 eadem
2492 4187 2788 4241 arboribus
2815 4185 3010 4258 pendet
3037 4185 3325 4240 vindemia
3352 4186 3578 4241 nostris.
3613 4205 3631 4232 ι

2061 4275 2284 4338 Quibus
2316 4275 2498 4330 addas
2531 4275 2783 4330 maxime
2813 4272 3009 4342 velim,
3043 4273 3317 4329 Hermam
3349 4277 3546 4330 Grece
3577 4273 3700 4329 scri-

2062 4366 2317 4429 bentem,
2347 4366 2416 4419 ad
2442 4364 2740 4435 jejunium
2789 4363 3195 4429 indicandum,
3226 4362 3491 4435 στάσεως,
3524 4363 3698 4419 statio-

2062 4456 2151 4509 nis
2182 4452 2527 4509 vocabulum
2564 4469 2722 4508 more
2747 4451 3082 4507 Latinorum
3106 4467 3431 4523 usurpasse
3456 4454 3501 4490 1⁸
3523 4469 3536 4508 :
3562 4450 3701 4524 quod

2063 4560 2129 4598 eo
2161 4542 2401 4614 quidem
2435 4557 2608 4596 sensu
2644 4541 2856 4597 Graecis
2886 4545 3177 4607 vocatum,
3225 4543 3506 4614 nuspiam
3541 4556 3602 4597 se
3624 4540 3703 4596 le-

2065 4632 2221 4704 gisse
2254 4631 2521 4686 meminit
2550 4631 2636 4685 vir
2666 4630 2935 4685 eruditus
2967 4630 3141 4684 modo
3185 4629 3483 4687 laudatus.
3520 4630 3706 4702 Neque

2062 4737 2203 4776 sane
2236 4719 2421 4775 ullum
2454 4720 2635 4789 hujus
2665 4718 2822 4774 vocis
2853 4717 3211 4790 exemplum,
3243 4719 3450 4774 eadem
3485 4718 3704 4792 signiﬁ-

2064 4809 2293 4865 catione
2324 4809 2477 4880 apud
2524 4808 2751 4864 Graecos
2798 4812 3067 4879 acceptae,
3113 4808 3332 4879 profert
3360 4808 3701 4882 Cangius“,

2065 4915 2254 4970 neque
2286 4899 2357 4952 ab
2389 4914 2455 4953 eo
2487 4898 2770 4953 excitatus
2803 4896 3069 4953 Petavius
3091 4897 3154 4951 η.

2136 4987 2418 5043 Caeterum
2450 4986 2684 5042 divitem
2716 4990 2992 5058 praeterea
3019 4985 3203 5041 fuisse
3231 4984 3551 5058 aliquando
3580 4986 3705 5041 Her-

2068 5094 2225 5133 mam
2258 5078 2319 5143 ¹⁶,
2353 5092 2707 5148 uxoremque
2738 5074 2973 5130 duxisse
3001 5091 3071 5130 ex
3099 5091 3218 5146 qua
3256 5075 3407 5131 ﬁlios
3438 5091 3703 5146 suscepe-

2068 5167 2145 5223 rit
2178 5168 2243 5235 ιτ,
2276 5183 2400 5237 quae
2430 5171 2627 5221 tamen
2658 5165 2770 5238 ipsi
2792 5168 2990 5235 futura
3018 5168 3142 5220 erat
3168 5178 3361 5234 soror;
3391 5165 3474 5221 ita
3505 5177 3706 5236 nempe

382 5326 403 5359 ³
436 5326 600 5383 Rom.
633 5344 747 5398 xvr,
778 5330 829 5382 4.
864 5328 885 5360 ⁴
921 5328 1155 5383 Nourr..
1204 5328 1412 5400 Appar.
1446 5326 1515 5380 ad
1547 5327 1675 5383 bibl.
1734 5330 1866 5399 PP.,
1927 5332 1949 5384 t

2064 5374 2065 5381 η
2126 5329 2171 5399 Ι,
2229 5344 2363 5400 pag.
2423 5328 2662 5400 49rseq.
2721 5326 3042 5400 “Fontan”
3098 5326 3237 5382 Hist.
3296 5326 3487 5400 tmere
3523 5326 3703 5400 Aquit.

302 5396 407 5471 lib.
442 5416 504 5465 ιι,
538 5415 662 5471 cap.
700 5396 786 5465 11,
815 5416 947 5471 pag.
979 5401 1047 5455 64
1082 5415 1203 5469 seq.
1244 5396 1495 5471 “Herm.
1544 5401 1688 5455 Past.
1754 5396 1860 5455 lib.
1915 5418 1952 5467 1,

2064 5418 2097 5455 ι.
2130 5396 2169 5470 ι,
2229 5396 2395 5471 cap.“
2422 5400 2472 5453 1.
2505 5399 2523 5433 ⁷
2582 5396 2700 5471 Id.
2731 5397 2866 5454 ibid.
2897 5398 3006 5453 vis.
3039 5414 3263 5471 n,_cap.
3296 5400 3346 5454 1.
3378 5396 3399 5432 ³
3430 5399 3517 5471 Id.
3552 5396 3702 5471 ibid.,

306 5468 678 5543 vis.q1v,_ca'p.
713 5474 764 5527 1.
793 5468 927 5526 9’Id'.
962 5471 1121 5536 ibid.,
1156 5468 1243 5534 in,
1276 5468 1453 5543 simil.
1488 5487 1562 5542 1x,
1596 5487 1720 5543 cap.
1755 5473 1807 5527 1.
1838 5473 1881 5507 ¹⁰
1912 5474 1952 5526 Ι(

2064 5468 2196 5543 bid.,
2244 5468 2421 5525 simil.
2453 5487 2512 5525 ιι.
2544 5474 2608 5543 Λ¹¹
2639 5469 2705 5525 Vi

3075 5439 3263 5535 Ϊίιῖῗῗξ
3284 5439 3521 5526 ἐκέτεῖἓῖ
3554 5439 3701 5528 ἱῖΐάἶ

314 5472 416 5523 vis.
447 5486 522 5538 1v,
555 5487 678 5542 cap.
713 5474 764 5527 1.
793 5473 815 5507 θ
844 5473 927 5526 Id.
962 5472 1121 5536 ibid.,
1156 5487 1243 5534 ιιι,
1276 5472 1453 5524 simil.
1488 5487 1562 5542 1x,
1596 5487 1720 5543 cap.
1755 5473 1807 5527 4.
1838 5473 1881 5507 ¹⁰
1912 5473 1994 5526 Id.
2030 5472 2187 5537 ibid.,
2244 5472 2421 5525 simil.
2453 5487 2512 5525 ιι.
2566 5474 2608 5507 ¹¹
2639 5472 2799 5597 Virg.
2851 5472 3048 5538 Georg.
3075 5472 3179 5525 lib.
3214 5487 3255 5535 ι,
3284 5485 3433 5525 vers.
3464 5472 3521 5526 2.
3557 5472 3603 5507 η
3627 5472 3701 5528 ld.

314 5541 484 5625 ibid,
541 5541 765 5625 ΙΙΙηιῃ,
818 5561 968 5625 vers.
1022 5546 1113 5625 89‘.
1178 5542 1478 5625 ¹³1Ητεξιηζηζ
1536 5549 1687 5598 Post.
1748 5543 1849 5598 lib.
1878 5560 1995 5625 “ut,
2035 5542 2224 5625 simil.
2272 5558 2328 5609 v,
2358 5541 2580 5625 cap}.
2775 5556 2934 5624 ang.,
2985 5538 3220 5596 Glossar.
3251 5540 3400 5625 med;
3423 5539 3701 5625 ςζεᾳηγ.

313 5610 530 5687 Σ-τάσις.
566 5614 610 5650 ι’
642 5610 834 5671 Petav.
896 5618 955 5671 in
1008 5620 1127 5671 not.
1185 5615 1256 5669 ad
1316 5612 1626 5684 Epiphan.,
1686 5632 1816 5687 pag.
1878 5615 1952 5669 35

2064 5615 2077 5649 ⁵
2134 5614 2331 5670 Herm.
2390 5610 2560 5682 Past.,
2619 5613 2719 5669 lib.
2752 5630 2792 5680 ι,
2840 5610 2947 5669 vis.
2994 5628 3078 5678 In,
3111 5626 3237 5685 cap.
3269 5614 3323 5668 6.
3358 5610 3400 5650 ⁸⁷
3432 5614 3516 5670 Id.
3551 5612 3699 5677 ibid,

310 5685 419 5741 vis.
451 5701 513 5755 II,
544 5700 671 5757 cap.
703 5689 739 5741 2
766 5692 825 5743 et
855 5688 909 5744 3.
