4038 6210
342 354 457 415 867

1835 349 1900 409 S.
1946 348 2245 412 HERME

3592 356 3697 419 868

341 503 471 542 rum
504 486 803 542 codicibus
859 488 1032 556 atque
1088 484 1147 539 in
1204 487 1468 541 veterum
1526 483 1974 552 Stichometriis,
2008 485 2062 551 Α
2086 493 2309 556 ptorum
2338 490 2581 540 veterum
2610 499 2905 555 usurpasse
2931 485 3238 540 testimonia
3268 484 3530 541 declarat.
3588 488 3699 545 Hec

340 577 482 631 Novi
526 575 776 631 Fcederis
828 573 995 629 libris
1052 576 1341 645 sujectum
1402 574 1739 645 reperiatur.
1802 573 1982 629 Atha-

340 665 543 721 nasius
569 680 718 731 vero,
755 664 1146 737 Hieronymus
1170 680 1233 718 ac
1264 664 1509 718 Ruﬁnus
1567 664 1838 718 eumdem
1898 662 1983 717 lo-

338 772 470 810 cum
498 754 608 826 ipsi
640 755 989 820 attribuunt,
1051 770 1225 823 quem
1288 753 1594 823 Sapientia:
1654 751 1981 808 Salomonis

339 844 573 899 nomine
604 843 915 915 inscriptae,
948 848 1003 898 et
1051 843 1355 913 Sapientiae
1415 842 1641 909 Sirach,
1704 858 1808 896 nec
1867 858 1980 896 non

337 933 499 989 libris
529 934 755 998 Esther,
786 932 1013 998 Judith,
1048 932 1242 987 Tobiae
1294 937 1465 1003 atque
1515 929 1980 985 Machabaaorum

337 1024 659 1096 assignant.
696 1023 815 1079 Uno
846 1024 1040 1090 verbo,
1075 1022 1299 1076 Hermae
1328 1022 1521 1074 Pastor
1572 1021 1817 1074 vetustis
1874 1024 1982 1074 Pa-

336 1114 525 1169 tribus
556 1114 775 1186 passim
820 1112 1079 1179 habitus,
1142 1128 1255 1166 non
1315 1110 1552 1182 quidem
1605 1108 1779 1164 veluti
1837 1109 1984 1164 liber

337 1203 673 1268 canonicus,
698 1202 797 1256 sed
820 1201 996 1256 veluti
1018 1199 1444 1255 ecclesiasticus
1469 1206 1523 1253 et
1554 1198 1785 1268 optimae
1809 1203 1978 1265 notas,

336 1292 478 1364 quin
511 1297 568 1347 et
594 1293 838 1346 maxime
868 1291 1205 1345 necessarius
1233 1305 1299 1343 ac
1328 1287 1681 1353 utilissimus,
1715 1288 1785 1341 ad
1846 1286 1979 1343 fidei

330 1384 611 1454 dogmata
641 1380 1065 1452 propugnanda
1093 1383 1483 1449 comparatus,
1517 1382 1689 1447 atque
1728 1377 1798 1431 ad
1860 1375 1979 1448 ple-

335 1472 427 1525 bis
456 1471 888 1525 institutionem
921 1467 1357 1539 quammuxime
1388 1466 1655 1521 idoneus.

406 1560 644 1624 Verum,
673 1559 723 1613 si
777 1558 1065 1629 quosdam
1123 1557 1349 1622 audias,
1410 1556 1861 1611 Novatianorum
1922 1559 1980 1609 et

335 1648 776 1721 Pelagianorum
809 1648 937 1702 fons
987 1647 1053 1711 π,
1110 1645 1647 1701 Montanisticarum
1700 1644 1978 1714 supersti-

333 1739 561 1793 tionum
588 1753 801 1809 gurges
824 1737 1129 1807 fautorque
1145 1735 1494 1790 Arianorum
1519 1735 1822 1789 habendus
1845 1734 1979 1789 Her-

336 1845 501 1883 mas:
536 1828 804 1899 impurus
844 1825 1084 1897 insuper
1140 1824 1543 1897 dogmatistes,
1606 1824 1705 1895 qui
1756 1822 1978 1878 scilicet
2008 1857 2055 1921 B

334 1916 587 1971 liberum
618 1915 925 1971 arbitrium
958 1916 1021 1985 '7,
1056 1913 1459 1987 purgatorium
1492 1918 1546 1967 et
1591 1913 1975 1968 monasticam

334 2005 713 2061 solitudinem
747 2007 1008 2059 astruat:
1043 2004 1295 2074 denique
1319 2008 1597 2073 tanquam
1629 2002 1829 2056 larvati
1855 2018 1979 2072 pro-

333 2096 518 2167 phetaa
554 2093 803 2161 somnia,
862 2094 990 2163 ejus
1043 2093 1261 2164 scripta
1316 2092 1658 2163 reputanda,
1719 2091 1978 2163 adeoque

330 2176 482 2243 inter
511 2182 883 2256 supposititia
912 2186 967 2237 et
992 2181 1313 2236 heeresibus
1360 2178 1691 2252 fabuliSque
1745 2180 1979 2252 oppleta

332 2274 665 2345 rejicienda.
716 2271 805 2326 Sic
863 2271 1143 2325 nimirum
1193 2270 1535 2341 scriptorem
1590 2268 1975 2340 apostolicum

333 2379 604 2418 censores
632 2361 729 2416 isti
762 2359 976 2415 morosi
1003 2359 1317 2431 exagitant,
1371 2359 1615 2429 ejusque
1671 2359 1974 2426 Pastorem,

332 2452 670 2523 praestantia
699 2455 756 2505 et
795 2449 1048 2504 utilitate
1105 2448 1657 2517 commendandum,
1710 2451 1886 2519 atque
1944 2464 1978 2501 a

330 2540 748 2596 vetustioribus
778 2538 1046 2593 Patribus
1076 2542 1377 2608 tantopere
1416 2536 1769 2592 celebratum
1828 2536 1977 2590 infa-

333 2632 518 2684 mant.
566 2633 839 2682 Attamen
900 2643 1100 2681 eorum
1158 2626 1599 2681 criminationes
1650 2624 1977 2681 levissimas

331 2734 459 2774 esse
490 2715 829 2786 nulliusque
854 2716 1147 2787 ponderis,
1174 2714 1503 2787 complures
1523 2715 1628 2769 viri
1650 2714 1975 2770 doctissimi

330 2806 730 2878 prodiderunt.

402 2895 606 2967 Agesis
636 2909 810 2963 nunc,
844 2909 915 2947 ne
947 2892 1300 2962 objectiones
1333 2893 1402 2947 ad
1432 2909 1608 2947 unam
1641 2908 1843 2947 omnes
1887 2896 1974 2946 ta-

333 2984 428 3039 citi
462 2982 809 3055 prazteriisse
839 2982 1122 3052 dicamur,
1156 2998 1253 3037 eas
1281 2982 1487 3036 saltem
1520 2998 1644 3053 quae
1678 2998 1709 3035 a
1742 2982 1974 3036 Patrum

334 3072 678 3128 auctoritate
709 3075 1069 3143 repetuntur,
1104 3070 1195 3125 hic
1225 3070 1496 3125 ducimus
1553 3068 1971 3125 discutiendas.

333 3162 489 3217 Inter
517 3160 647 3215 illas
679 3177 811 3215 vero
842 3159 1134 3231 prmcipua
1159 3175 1187 3213 e
1219 3159 1276 3214 S.
1326 3160 1675 3230 Hieronymo
1733 3159 1972 3212 desum-

2093 578 2287 628 autem
2317 574 2705 645 Hieronymus
2738 578 2870 645 post
2901 573 3210 640 scribebat,
3242 591 3413 645 quam
3445 592 3605 631 suum
3650 577 3700 634 in

2095 663 2360 717 Habacuc
2382 663 2881 719 Commentarium
2905 663 3220 731 edidisset;
3246 664 3421 733 hujus
3443 666 3585 721 enim
3608 684 3705 723 me-

2093 752 2264 806 minit
2294 753 2348 806 in
2380 754 2581 808 eodem
2615 752 2761 808 libro
2794 754 2860 821 3‘,
2896 754 2994 808 ubi
3025 770 3133 808 sua
3164 754 3377 824 scripta
3431 762 3703 825 recenset;

2093 846 2158 895 ut
2188 847 2489 913 propterea
2512 842 2560 897 si
2587 842 2725 913 quid
2748 842 2807 896 in
2842 843 3110 897 llermam
3143 842 3347 898 durius
3394 842 3589 899 litteris
3616 862 3702 899 an-

2092 934 2182 985 tea
2212 932 2549 1000 tradiderat,
2583 932 2727 987 illud
2756 948 2890 988 vero
2912 932 3161 1004 ipsemet
3190 937 3390 1003 postea
3418 934 3702 989 correxisse

2093 1037 2157 1075 ac
2183 1022 2527 1076 emendasse
2557 1022 2840 1077 videatur.

2162 1111 2358 1182 Neque
2390 1112 2627 1165 demum
2660 1128 2751 1166 res
2781 1102 3033 1166 estadeo
3063 1109 3378 1182 explorata,
3423 1115 3483 1165 ut
3534 1110 3700 1166 locum

2090 1198 2609 1271 Hieronymianum
2640 1201 2930 1270 objectum
2956 1200 3214 1271 accipere
3237 1199 3306 1255 de
3327 1216 3491 1271 opere
3548 1206 3703 1256 Pasto-

2090 1289 2176 1343 ris
2208 1305 2518 1360 cogamur:
2554 1306 2668 1344 non
2698 1289 2854 1343 enim
2881 1291 3027 1359 Tyri,
3062 1288 3161 1343 sed
3185 1291 3401 1358 Hegrin
3426 1289 3568 1360 apud
3587 1290 3700 1344 Her-

2090 1394 2247 1432 mam
2279 1378 2451 1434 hodie
2472 1377 2742 1450 legimus.
2767 1378 2899 1442 Quae
2923 1378 3157 1450 quidem
3174 1395 3285 1433 vox
3315 1378 3447 1433 inde
3471 1378 3700 1435 fortassis

2089 1472 2279 1537 enata,
2314 1471 2379 1522 ut
2406 1468 2630 1523 erudite
2660 1467 2801 1523 satis
2828 1466 3063 1538 conjicit
3090 1466 3162 1521 cl.
3190 1465 3519 1531 Cotelerius,
3568 1468 3699 1538 quod

2088 1555 2146 1609 in
2176 1556 2397 1611 Hermas
2447 1560 2602 1612 textu
2661 1556 3078 1628 compendiosa
3133 1555 3427 1627 scriptura
3478 1560 3702 1612 exstaret

2089 1664 2255 1719 εγρηγ
2278 1663 2291 1713 ;
2327 1646 2498 1717 cujus
2526 1649 2833 1718 postremas
2852 1644 3339 1700 litteraeinferiore
3357 1649 3512 1716 parte
3538 1661 3699 1714 exesa,

2088 1734 2307 1805 putarit
2334 1739 2499 1789 vetus
2530 1735 2815 1806 interpres
2846 1733 3159 1806 legendum
3192 1751 3357 1806 εγρην
3387 1752 3398 1799 ;
3441 1733 3702 1805 hujusque

2090 1823 2352 1879 lectionis
2382 1824 2500 1878 vim
2532 1824 2989 1895 haudquaquam
3017 1828 3343 1889 assecutus,
3386 1822 3583 1878 litteris
3612 1824 3700 1878 La-

2086 1912 2225 1968 tinis
2255 1929 2453 1968 vocem
2485 1913 2743 1969 Grecam
2779 1912 3097 1968 reddiderit
3151 1914 3399 1983 Hegrin:
3459 1929 3581 1967 cum
3629 1916 3701 1968 ta-

2087 2020 2219 2057 men
2269 2002 2582 2075 legendum
2641 2002 2847 2057 fuisset
2900 1998 3224 2076 ἐγρήγορος,
3286 2019 3351 2058 ac
3407 2007 3699 2057 vertentum

2091 2092 2229 2161 Vigil
2260 2109 2327 2147 ex
2359 2091 2611 2147 Danielis
2641 2109 2767 2163 cap.
2796 2109 2871 2156 iv,
2926 2092 3028 2146 ubi
3088 2089 3418 2165 ἐγρηγόρου,
3478 2108 3572 2146 seu
3622 2093 3702 2145 Vi-

2084 2184 2212 2252 gzlis
2246 2180 2566 2237 ministerio
2598 2179 2907 2251 Babylonis
2937 2197 3036 2235 rex
3066 2181 3136 2235 ad
3186 2181 3408 2236 bestias
3462 2180 3701 2235 amanda-

2086 2274 2180 2325 tus
2212 2270 2458 2343 legitur:
2490 2287 2605 2341 quo
2638 2270 2781 2325 forte
2821 2267 3175 2341 apostolicus
3232 2269 3481 2340 scriptor
3532 2283 3699 2339 respe-

2084 2360 2251 2415 xerit.
2278 2359 2387 2414 Alii
2417 2376 2549 2415 vero
2598 2360 2665 2427 ³³,
2712 2375 2780 2414 ex
2832 2357 3144 2413 Colbertini
3207 2357 3425 2414 codicis
3481 2374 3583 2412 ms.
3633 2357 3699 2412 1e-

2086 2449 2274 2503 ctione
2307 2466 2432 2520 qua:
2464 2448 2545 2503 sic
2588 2465 2649 2502 se
2705 2448 2916 2503 habet:
2974 2446 3114 2502 Misit
3168 2448 3432 2502 Dominus
3478 2447 3701 2517 angelum

2083 2555 2245 2593 suum
2283 2554 2444 2608 super
2475 2538 2697 2592 bestiam
2724 2539 2880 2609 cujus
2907 2553 3105 2593 nomen
3145 2542 3221 2591 est
3280 2539 3501 2607 Hegrin,
3557 2536 3699 2592 colli-

2085 2632 2231 2698 gunt
2262 2628 2457 2697 Ilegrin
2491 2643 2605 2681 non
2638 2626 2849 2698 angeli,
2900 2626 2998 2681 sed
3056 2625 3257 2680 bestias
3318 2642 3523 2679 nomen
3576 2641 3698 2680 esse.

2083 2721 2274 2771 Graece
2332 2716 2612 2770 nimirum
2670 2716 2970 2786 scripserit
3025 2719 3268 2769 Hermas
3324 2714 3522 2788 ἄγριος,
3578 2714 3700 2769 illud

2085 2804 2409 2861 Psalmistae
2491 2810 2764 2877 spectans
2792 2806 2871 2859 33:
2936 2801 3278 2875 Έλυμῄνατο
3341 2800 3502 2871 αὐτὴν
3558 2801 3609 2862 ὗς
3656 2800 3702 2855 ἐκ

2086 2890 2314 2967 δρυμοῦ,
2375 2892 2462 2947 καὶ
2548 2893 2731 2965 μονιὸς
2818 2889 3006 2966 ἄγριος
3083 2893 3485 2963 κατενεμήσατο
3538 2891 3696 2961 αὐτήν.

2084 2986 2483 3040 Exterminavit
2502 3000 2623 3038 eam
2642 2984 2915 3054 (vineam)
2946 2998 3077 3053 aper
3103 2983 3171 3038 de
3201 2984 3367 3049 silva,
3401 2986 3451 3036 et
3476 2983 3699 3051 singula-

2084 3076 2162 3128 ris
2190 3077 2341 3144 ferus
2370 3073 2622 3144 depastus
2652 3077 2729 3127 est
2756 3089 2895 3128 eam.
2929 3071 3034 3127 Cui
3085 3070 3326 3143 quidem
3392 3073 3699 3143 conjecture

2082 3168 2385 3220 contextus
2416 3163 2603 3218 favere
2632 3162 2876 3217 videtur.
2917 3161 3215 3233 Siquidem
3276 3162 3429 3217 hanc
3483 3162 3697 3217 bestiam

334 3256 433 3322 pta
461 3249 731 3320 occurrit,
756 3250 926 3319 cujus
959 3248 1078 3303 haec
1107 3253 1245 3303 sunt
1271 3249 1480 3303 verba:
1510 3249 1670 3303 Liber
1698 3248 1793 3302 ille
1840 3263 1970 3319 apo-
2001 3228 2043 3294 (ἶ
2077 3270 2347 3324 pressurae
2376 3256 2784 3323 superventurae
2823 3228 3071 3323 ﬁguram
3119 3267 3267 3321 esse,
3321 3268 3454 3307 mox
3509 3249 3695 3306 ibidem

333 3338 592 3410 cryphus,
624 3337 815 3409 inquit
840 3337 906 3404 2',
947 3338 1195 3392 stultitim
1249 3337 1693 3392 condemnandus
1750 3346 1848 3407 est,
1911 3339 1969 3391 in

332 3443 436 3498 quo
491 3428 756 3498 scriptum
812 3434 891 3481 est
945 3426 1232 3497 quemdam
1282 3427 1541 3495 angelum
1596 3427 1818 3481 nomine
1850 3427 1973 3497 Tyri

325 3533 561 3589 praeesse
590 3515 899 3586 reptilibus.
953 3519 1074 3581 Quo
1132 3515 1257 3570 loco
1314 3514 1614 3570 nonnullis
1669 3515 1829 3570 visus
1884 3519 1975 3571 est

331 3611 570 3661 sanctus
600 3607 802 3661 doctor
829 3609 1053 3659 Hermae
1085 3607 1302 3660 Pastori
1355 3605 1660 3661 severioris
1716 3621 1972 3660 censurae

330 3702 527 3751 notam
551 3696 857 3763 inussisse,
916 3693 1062 3748 illud
1102 3711 1309 3765 nempe
1366 3694 1471 3749 viri
1530 3693 1829 3765 apostolici
1886 3695 1974 3748 di-

330 3789 490 3841 ctum
519 3785 835 3857 respiciens
860 3786 904 3817 9°
936 3802 948 3839 :
982 3784 1128 3839 Misit
1173 3784 1443 3839 Dominus
1505 3785 1760 3853 angelum
1814 3801 1977 3839 suum

329 3875 426 3946 qui
455 3878 533 3929 est
558 3891 724 3945 super
754 3874 971 3945 bestias,
1003 3875 1092 3928 cui
1120 3889 1318 3929 nomen
1372 3878 1455 3929 est
1508 3875 1733 3944 Hegrin,
1786 3878 1837 3928 et
1883 3875 1975 3929 ob-

330 3966 533 4019 turavit
562 3980 619 4019 os
671 3965 788 4033 ejus
838 3979 909 4017 ne
965 3971 1017 4017 te
1074 3962 1393 4017 dilaniaret.
1458 3962 1618 4030 Hinc,
1678 3962 1973 4035 inquiunt,

330 4052 555 4108 Hermas
611 4056 894 4108 Pastorem
978 4068 1093 4107 non
1147 4052 1337 4107 solum
1406 4052 1724 4107 contemnit
1779 4052 1980 4106 doctor

334 4140 648 4212 maximus,
678 4158 879 4197 verum
907 4140 1081 4195 etiam
1116 4140 1361 4195 stultum
1393 4156 1522 4196 esse
1550 4140 1825 4196 decernit.
1860 4140 1975 4207 Nae,

333 4247 521 4286 avero
551 4231 722 4303 longe
763 4231 1032 4285 aberrare
1077 4230 1365 4296 videntur,
1425 4230 1523 4301 qui
1584 4230 1668 4284 sic
1726 4229 1978 4284 rationes

335 4324 565 4392 putant.
596 4325 705 4375 Fac
737 4321 977 4375 demum
1008 4320 1325 4391 respexerit
1349 4319 1505 4374 hunc
1538 4321 1755 4375 Hermae
1784 4319 1976 4374 locum

332 4414 388 4464 ὃ.
433 4409 842 4481 Hieronymus,
894 4426 1037 4463 num
1097 4426 1227 4464 vero
1280 4412 1587 4481 eapropter
1640 4409 1979 4464 universum

332 4500 577 4553 Pastoris
606 4498 935 4553 librumille
957 4498 1226 4567 reiecisse
1258 4498 1541 4553 dicendus
1562 4498 1589 4551 ?
1619 4499 1780 4561 Quod
1820 4498 1978 4553 enim

2080 3343 2226 3414 stylo
2259 3341 2653 3414 apocalyptico
2712 3340 2969 3396 declarat
3019 3344 3304 3395 Hermas:
3367 3344 3430 3395 ut
3487 3339 3696 3412 proinde

2081 3449 2215 3487 cum
2248 3431 2418 3503 paulo
2450 3439 2584 3487 ante
2615 3430 2964 3501 scripserita
2989 3428 3227 3484 Domino
3260 3446 3438 3501 super
3476 3428 3691 3484 bestiam

2084 3520 2358 3593 angelum
2391 3520 2638 3575 missum
2675 3518 2876 3587 fuisse,
2901 3518 3087 3590 ipsius
3110 3518 3406 3573 sententia
3435 3519 3502 3573 de
3522 3515 3699 3589 angelo

2085 3628 2118 3665 a
2147 3610 2263 3665 Deo
2296 3610 2352 3664 in
2385 3607 2665 3664 auxilium
2698 3607 3159 3662 Christianorum
3192 3605 3463 3661 immisso
3510 3604 3581 3660 sit
3623 3620 3700 3659 ac-

2085 3700 2369 3771 cipienda,
2403 3699 2502 3769 qui
2534 3714 2631 3753 eos
2664 3697 2722 3751 in
2754 3712 3019 3765 pressura
3038 3699 3461 3767 superuentura,
3494 3694 3701 3749 seuim-

2085 3789 2341 3843 minente
2366 3776 2767 3859 persecutione
2799 3786 3087 3841 solaretur
3108 3789 3283 3855 atque
3315 3785 3547 3840 foveret.

2155 3877 2739 3950 Opponiturinsuper
2760 3894 2827 3931 ex
2854 3874 3283 3946 antiquioribus
3316 3872 3703 3938 Tertullianus,

2087 3970 2181 4038 qui
2216 3971 2499 4023 Pastorem
2528 3967 2672 4021 dure
2702 3966 3101 4037 perstringens
3130 3965 3199 4031 3‘,
3234 3964 3578 4035 scripturam
3623 3975 3703 4013 vo-

2088 4060 2179 4111 cat
2211 4055 2622 4128 apocrypham,
2657 4054 2887 4125 falsam,
2945 4053 3295 4119 adulteram,
3352 4052 3600 4122 adeoque
3648 4048 3705 4101 ab

2086 4145 2360 4200 omnibus
2420 4144 2829 4200 ecclesiasticis
2887 4142 3263 4198 conventibus
3341 4142 3700 4213 reprobatam.

2088 4235 2198 4289 Sed
2229 4234 2347 4288 haec
2378 4238 2517 4289 sunt
2555 4232 2918 4299 Tertulliani,
2982 4231 3331 4303 jampridem
3397 4230 3453 4284 in
3510 4232 3705 4282 Monta-

2088 4324 2378 4378 nistarum
2409 4322 2677 4377 haeresim
2710 4320 2965 4393 prolapsi
2992 4337 3004 4374 :
3039 4320 3193 4391 quod
3226 4336 3369 4374 sane
3411 4319 3468 4373 in
3516 4316 3705 4371 Hermas

2088 4410 2320 4466 laudem
2346 4409 2433 4465 vel
2466 4408 2788 4481 plurimum
2821 4409 2993 4465 cedit.
3026 4408 3205 4463 Secus
3238 4408 3397 4463 enim
3432 4402 3707 4462 Tertullia-

2091 4518 2201 4555 nus
2234 4499 2593 4555 orthodoxus
2624 4498 2762 4554 alibi
2796 4498 3049 4554 sensisse
3078 4498 3309 4551 videtur
3342 4497 3406 4549 ³⁸.

331 4586 526 4659 aliquo
558 4590 616 4643 in
648 4605 819 4660 opere
849 4588 1152 4660 quidpiam
1187 4587 1384 4642 minus
1416 4593 1566 4643 recte
1614 4592 1715 4641 aut
1772 4604 1978 4659 parum
2008 4597 2056 4663 D
2160 4589 2270 4643 Alii
2304 4590 2478 4644 etiam
2512 4587 2824 4658 scriptores
2856 4588 3099 4659 Origene
3128 4585 3478 4640 vetustiores
3519 4580 3599 4637 vel
3642 4578 3707 4635 ei-

333 4682 501 4732 caute
531 4677 814 4749 scriptum
848 4677 982 4749 quis
1012 4678 1247 4747 detegat
1276 4677 1700 4748 pronuntietve,
1733 4676 1791 4732 id
1847 4693 1979 4731 vero
2091 4679 2221 4733 dem
2256 4694 2562 4750 suppares,
2590 4679 2832 4732 Pastoris
2852 4675 3118 4731 libellum
3151 4675 3211 4729 in
3243 4672 3707 4745 contemptionem

331 4766 511 4822 totius
542 4766 733 4838 operis
763 4766 1097 4822 auctoritati
1128 4764 1297 4837 plane
1324 4765 1575 4827 officere.
1628 4782 1797 4819 nemo
1849 4766 1985 4835 jure
2094 4769 2407 4823 adduxisse
2438 4765 2841 4838 perhibentur,
2874 4782 3125 4838 quorum
3156 4764 3332 4820 tacito
3366 4762 3590 4818 nomine
3617 4772 3711 4813 me-

334 4854 563 4909 dixerit.
592 4854 830 4923 Deinde,
864 4854 963 4926 qui
1026 4854 1149 4909 fieri
1209 4858 1420 4925 potest,
1481 4858 1546 4909 ut
1597 4858 1836 4909 sanctus
1888 4852 1985 4909 ille
2093 4857 2417 4927 minitipse
2446 4856 2833 4911 Adamantius
2864 4856 2927 4910 ³⁵.
2960 4854 3174 4910 Verum
3208 4869 3341 4908 cum
3402 4851 3550 4905 idem
3600 4844 3708 4901 Ori-

336 4944 535 4998 doctor
563 4944 773 4998 acriter
810 4944 953 4998 adeo
1019 4944 1079 4997 in
1136 4944 1415 4999 Pastorem
1468 4944 1733 4998 invectus
1789 4942 1981 5011 fuerit,
2093 4962 2269 5018 genes
2300 4944 2437 5000 alibi
2472 4944 2685 4999 scribat
2714 4946 2778 5011 ³⁷,
2808 4961 2956 5016 opus
2985 4947 3206 4998 Hermae
3237 4941 3391 4996 valde
3448 4937 3553 4994 sibi
3599 4933 3711 4990 utile

335 5048 531 5102 quem.
567 5033 641 5087 De
668 5034 804 5087 viris
836 5032 1148 5087 illustribus
1179 5032 1442 5087 scribens
1472 5033 1535 5103 ³ο,
1564 5048 1753 5088 revera
1791 5033 1985 5087 utilem
2092 5036 2305 5104 visum,
2337 5035 2646 5106 tradatque
2678 5035 2720 5069 ³⁸
2756 5034 2933 5089 simul
2958 5032 3101 5088 illud
3128 5031 3367 5103 quidem
3395 5032 3465 5085 ab
3492 5024 3709 5083 omnibus

334 5121 540 5176 librum
570 5121 846 5194 appellat,
892 5138 1185 5193 quemque
1243 5124 1389 5194 apud
1444 5121 1707 5195 quasdam
1764 5121 1985 5179 Graecisa
2087 5142 2187 5198 pro
2216 5125 2401 5179 divino
2432 5140 2543 5179 non
2582 5123 2857 5195 habitum,
2909 5126 3313 5178 verumtamen
3354 5121 3416 5175 in
3469 5114 3707 5171 Ecclesia:

332 5211 600 5267 Eeelesias
622 5211 844 5283 publice
875 5212 984 5280 legi
1012 5216 1282 5280 testatur,
1314 5212 1617 5282 multosque
1637 5210 1704 5266 de
1744 5227 1807 5267 eo
1847 5214 1984 5267 scri-
2092 5213 2521 5268 circumlatum:
2556 5211 2692 5267 hinc
2717 5213 2851 5284 jure
2868 5210 3001 5283 quis
3023 5214 3251 5282 arguat,
3278 5207 3501 5263 Patrem
3531 5199 3712 5287 doctis.

405 5409 449 5482 π
490 5408 771 5477 Blondel.,
813 5410 1033 5482 Apolog.
1077 5426 1207 5482 pag.
1252 5410 1339 5463 17.
1381 5410 1424 5443 ²⁷
1448 5408 1834 5482 Rivet_._Crit.,
1860 5426 1995 5482 δρα,
2023 5408 2125 5479 lib,
2155 5427 2191 5478 ι,
2218 5426 2345 5482 ϐαρ.
2389 5410 2480 5464 12.
2523 5410 2566 5444 2⁸
2596 5411 2855 5473 Hieron.,
2892 5403 3597 5482 comment._inrHab_ac..,”I,
3624 5394 3698 5482 ‘1‘-

406 5426 449 5442 ιυ
490 5426 771 5477 monaei.,
813 5426 1033 5482 Apatog.
1077 5426 1207 5482 pag.
1252 5426 1339 5463 1/.
1381 5426 1421 5443 ιι
1448 5426 1628 5463 iuvet.
1671 5426 1834 5475 crta,
1860 5426 1995 5481 sac.,
2023 5426 2125 5479 un,
2155 5427 2191 5478 ι,
2218 5426 2284 5464 ca
2331 5451 2345 5464 .
2389 5426 2480 5464 ιι.
2596 5426 2855 5473 Hieron,
2892 5426 3187 5463 comment.
3220 5426 3280 5459 τη
3311 5426 3529 5465 uacua,
3564 5426 3597 5463 ι,
3628 5426 3698 5449 ιτ-

334 5480 379 5513 ²⁹
411 5481 601 5557 Ηεειῄῐξιἐ
645 5486 796 5557 Post.
838 5481 939 5537 lib.
982 5480 1985 5557 1,7vis.1v,ca_p_._f2.f°_Hieron.,lib.
2018 5482 2095 5536 De
2122 5426 2502 5557 vir.A_il:lus_tr.,
2538 5499 2665 5554 cap.
2710 5482 2863 5557 lO._31
2896 5481 3123 5557 Hieron.
3147 5477 3470 5557 libycas}.
3496 5469 3699 5557 ιἸιμξξζορ

335 5569 461 5623 cap.
506 5554 625 5608 135.
668 5553 982 5623 3’,‘Nourr.,
1008 5543 1216 5625 'Appar.
1242 5543 1311 5607 ad
1348 5543 1491 5608 Bibl.
1530 5554 1664 5625 PP.,
1694 5543 1855 5625 _tom.'
1890 5553 1933 5621 Ι,
1955 5569 2086 5625 pag.
2118 5555 2207 5607 65.
2228 5552 2272 5586 ³³
2296 5543 2505 5625 Psalm'.
2548 5543 2735 5620 ιχῖηίιχ,
2770 5554 2855 5607 14.
2894 5553 2941 5586 ³⁸
2966 5548 3356 5625 Ter_tull._,l_ib.
3378 5543 3694 5625 DepudiCil-p

334 5612 461 5698 cap.
499 5625 591 5698 10.
634 5626 678 5698 3?
719 5612 800 5698 id.
844 5625 943 5680 lib.
969 5612 1069 5681 'De‘
1092 5612 1259 5698 'orat.,
1299 5642 1426 5696 cap.
1470 5625 1554 5678 12.
1598 5612 2345 5698 3ti'Origenf,iDe'princip"
2387 5624 2609 5698 lib.1v,
2651 5612 2775 5698 cap.
2816 5628 2871 5690 2,
2912 5625 2941 5697 ἓ
2976 5623 3112 5698 8._‘_"
3153 5612 3432 5698 Id'._lib.x
3463 5612 3681 5687 Explan.

334 5692 575 5767 in’epist.
609 5695 681 5752 ad
709 5697 864 5755 Rom.
903 5714 1017 5769 xvr,
1061 5698 1147 5755 14.
1187 5692 1698 5757 3°'Idflwmment.
1738 5692 1810 5755 in
1826 5696 2040 5772 Matth,
2079 5692 2212 5772 cap.
2253 5692 2369 5770 inv,
2410 5696 2533 5755 edit
2570 5692 2819 5769 novies,
2858 5692 2999 5755 tom.
3043 5694 3114 5769 II,
3153 5709 3213 5768 p.
3252 5692 3375 5751 644.
