4038 6210
316 386 428 445 869

1575 378 1902 440 PASTOR.
1933 408 2012 425 —-
2038 377 2454 443 PBOOEMIA.

3590 390 3710 451 870

315 518 534 574 simum
565 531 665 571 eos
695 514 1008 587 scriptores
1065 513 1308 585 insuper
1354 511 1661 579 habuisse;
1696 512 1957 582 adeoque
1985 513 2041 579 Α
2072 512 2218 567 sisse
2246 513 2581 584 perhibetur
2630 518 2871 572 Hermas
2902 518 3011 572 sub
3060 518 3375 575 Clementis
3407 521 3709 591 pontifica-

314 607 472 663 haud
507 604 851 661 nominatim
897 603 1193 670 laudasse,
1225 603 1379 674 quod
1433 601 1519 657 vel
1553 600 1681 656 illos
1738 601 1957 657 nullius

316 712 445 752 esse
478 692 841 750 auctoritatis
890 692 1202 755 censuerit,
1233 690 1321 745 vel
1354 688 1647 744 immerito
1680 688 1957 759 nulloque

315 786 611 841 rationum
644 783 894 855 pondere
920 781 993 836 ab
1020 781 1229 836 iisdem
1261 779 1443 834 fuisse
1475 780 1753 847 rejectum
1788 778 1960 832 eccle-

313 874 622 930 siasticum
654 872 871 927 librum
904 870 1220 943 agnoverit.
1248 870 1369 924 Nisi
1424 868 1592 923 malis
1646 869 1958 939 conjicere,

2068 606 2129 653 tu
2153 601 2233 667 ‘7;
2269 618 2462 672 quem,
2516 606 2704 657 stante
2753 606 2943 659 adhuc
3004 606 3241 678 templo,
3275 625 3442 664 suam
3477 609 3709 666 misisse

2068 689 2317 761 priorem
2351 692 2421 745 ad
2454 691 2780 748 Corinthios
2839 695 3159 766 Epistolam
3208 698 3478 769 superius
3510 705 3708 755 osten-

2068 779 2268 834 dimus
2300 782 2363 833 i3.
2398 780 2613 835 Deinde
2646 784 3109 852 persecutionem
3164 786 3550 843 Neronianum
3586 805 3710 844 res-

2070 869 2258 940 picere
2290 868 2517 923 videtur
2548 875 2767 934 auctor,
2802 872 2943 927 dum
2995 890 3195 928 eorum
3250 878 3517 931 meminit
3548 879 3591 911 ‘9
3619 880 3715 950 qui

312 962 987 1035 hujusmodiscriptores
1010 959 1245 1033 Origeni
1277 964 1629 1014 memoratos
1652 963 1960 1029 eapropter
2060 960 2183 1029 jam
2212 968 2530 1012 meruerunt
2581 960 2765 1025 Deum,
2815 970 2866 1015 et
2892 965 3042 1031 passi
3086 967 3213 1018 sunt
3260 981 3423 1020 causa
3468 968 3711 1023 nominis

313 1057 596 1110 Pastorem
627 1050 984 1122 contemptui
1032 1050 1330 1115 habuisse,
1364 1048 1521 1119 quod
1582 1053 1783 1102 contra
1815 1064 1957 1101 nou-

313 1144 510 1200 nullos
540 1143 957 1213 disceptarent,
1020 1141 1119 1212 qui
1152 1156 1219 1195 ex
1270 1155 1335 1194 eo
1367 1137 1525 1192 velut
1586 1138 1643 1191 in
1677 1152 1959 1191 canonem

314 1234 751 1305 Scripturarum
775 1234 1004 1302 recepto
1035 1228 1374 1284 testimonia
1402 1224 1962 1299 depromerent,qui-

316 1325 428 1379 bus
458 1322 602 1377 fides
634 1319 810 1376 fuerit
837 1319 1075 1374 omnino
1109 1317 1461 1373 adhibenda.

388 1414 513 1477 Quo
543 1412 717 1467 etiam
750 1426 927 1465 sensu
958 1408 1204 1463 fortasse
1261 1406 1635 1478 accipiendus
1693 1405 1959 1475 Prosper,

318 1500 594 1559 Collatori
628 1500 854 1555 Hermae
900 1496 1304 1553 auctoritatem
1365 1494 1687 1567 objicienti,
1722 1494 1849 1564 ejus
1880 1502 1960 1548 te-

318 1592 638 1647 stimonium
696 1587 915 1643 nullius
940 1602 1052 1643 esse
1108 1587 1447 1641 auctoritatis
1507 1584 1865 1655 respondens
1897 1583 1959 1635 ³9.

319 1680 422 1736 Vel
454 1680 648 1751 potius
670 1677 981 1733 dicendum
1014 1693 1149 1731 cum
1177 1676 1330 1745 aliis,
1353 1676 1965 1745 Prosperumjpropte-

320 1787 421 1825 rea
449 1771 692 1824 Pastoris
717 1766 1123 1823 auctoritatem
1182 1765 1555 1827 detrectasse,
1608 1762 1762 1834 quod
1800 1761 1963 1816 illum

2068 1049 2190 1118 ejus
2216 1050 2370 1118 feras
2422 1049 2639 1114 bestias,
2699 1049 2947 1121 ﬂagella,
2977 1068 3244 1119 carceres,
3303 1071 3506 1110 cruces.
3543 1056 3711 1111 Eam-

2071 1138 2321 1207 demque
2352 1138 2815 1208 persecutionem
2868 1139 3082 1195 iterum
3138 1149 3443 1213 memorat,
3476 1145 3615 1200 dum
3650 1164 3714 1201 se

2070 1224 2231 1280 illam
2264 1228 2537 1298 ell‘ugissc
2569 1228 2737 1299 paulo
2798 1235 2925 1299 post
2974 1231 3278 1301 proﬁtetur
3302 1232 3394 1287 his
3427 1234 3617 1289 verbis
3648 1236 3711 1290 5°.

2074 1315 2319 1370 Occurrit
2350 1318 2491 1370 mihi
2517 1319 2650 1371 talis
2681 1319 2868 1386 bestia,
2900 1336 3019 1390 quae
3073 1324 3245 1389 possit
3294 1324 3562 1393 populum
3590 1340 3717 1379 con-

2069 1422 2309 1464 sumere:
2338 1406 2658 1475 setl,virtute
2690 1408 2783 1461 Dei
2801 1416 2853 1462 et
2874 1410 3152 1478 singulari
3172 1411 3290 1481 ejus
3312 1413 3712 1485 misericordia,

2073 1498 2220 1549 evasi
2250 1496 2431 1550 illam.
2468 1497 2533 1550 Et
2566 1514 2809 1551 rursus:
2844 1498 3120 1567 Magnam,
3154 1499 3364 1571 inquit,
3399 1502 3715 1558 tribulatio-

2072 1601 2200 1639 nem
2229 1585 2472 1656 effugisti
2498 1590 2717 1657 propter
2745 1587 2907 1656 ﬁdem
2933 1598 3105 1656 tuam,
3164 1596 3216 1644 et
3246 1594 3343 1661 qui
3388 1594 3555 1646 talem
3600 1595 3717 1649 bes-

2071 1676 2208 1727 tiam
2240 1690 2349 1727 non
2378 1674 2658 1730 dubitasti.
2696 1680 2978 1731 Neronem
3012 1678 3233 1733 scilicet
3277 1679 3498 1735 bestiam
3530 1686 3713 1754 vocat,

2077 1764 2149 1817 ab
2183 1763 2459 1833 Apostolo
2492 1764 2752 1831 edoctus,
2786 1764 2875 1818 cui
2911 1766 2993 1819 leo
3046 1766 3259 1821 dicitur
3316 1769 3469 1823 idem
3524 1775 3718 1842 tyran-

319 1860 557 1933 penitus
588 1857 872 1930 ignorarit
904 1874 916 1910 ;
965 1856 1275 1927 siquidem,
1311 1854 1658 1925 Hieronymo
1718 1856 1863 1906 teste
1896 1853 1959 1918 ‘0,
1996 1889 2041 1952 Β
2076 1870 2208 1918 nus,
2246 1852 2345 1906 ubi
2377 1853 2458 1906 ait
2487 1856 2527 1890 εί
2556 1870 2566 1906 ;
2603 1854 2861 1908 Dominus
2891 1860 3081 1909 autem
3112 1856 3256 1911 mihi
3284 1859 3486 1924 astitit,
3508 1869 3561 1914 et
3591 1876 3718 1916 con-

320 1950 469 2004 liber
498 1948 719 2003 Hermae
750 1946 895 2018 apud
924 1946 1149 1999 Latinos
1175 1959 1315 2015 pene
1338 1946 1557 2012 ignotus
1588 1947 1728 1996 erat.
1764 1940 1963 2011 Neque

318 2054 452 2094 vero
485 2038 556 2092 ab
591 2054 652 2091 re
733 2034 1086 2105 conjecerint
1152 2033 1250 2104 qui
1294 2032 1573 2104 putarint.
1611 2035 1961 2101 Prosperum

323 2127 688 2183 considerate
717 2124 933 2179 dixisse
961 2122 1184 2177 nullius
1213 2139 1341 2177 esse
1371 2121 1715 2177 auctoritatis
1737 2120 1968 2174 testimo-

321 2218 483 2271 nium
513 2214 651 2285 quod
680 2214 1040 2285 disputationi
1066 2228 1180 2267 suae
1201 2212 1268 2266 de
1298 2212 1490 2267 libello
1513 2211 1757 2265 Pastoris
1788 2208 1969 2263 Colla-

328 2311 421 2361 tor
472 2305 741 2364 inseruit;
801 2318 916 2357 non
950 2301 1104 2372 quod
1161 2300 1215 2356 S.
1258 2300 1426 2355 Pater
1483 2304 1709 2354 Hermae
1766 2300 1972 2353 librum

328 2410 571 2466 prorsus
603 2390 886 2462 rejecerit,
920 2391 1019 2447 sed
1050 2391 1202 2461 quod
1252 2392 1629 2445 testimonium
1658 2406 1725 2444 ex
1769 2389 1970 2443 eodem

327 2485 479 2539 libro
503 2500 537 2538 a
556 2482 835 2538 Collatore
865 2480 925 2535 in
949 2480 1211 2536 medium
1232 2479 1549 2551 prolatum,
1574 2478 1719 2533 nihil
1754 2479 1822 2533 ad
1845 2479 1972 2547 ejus

331 2573 666 2646 opinionem
695 2571 1071 2626 astruendam
1099 2569 1357 2625 conferre
1386 2568 1971 2640 perspexerit.Virum

330 2663 741 2720 doctissimum
770 2659 1009 2716 consule
1038 2661 1105 2713 ⁴¹.

399 2756 680 2809 Caeterum
713 2768 848 2806 cum
908 2747 1218 2814 Eusebius,
1253 2748 1661 2820 Hieronymus,
1711 2746 1975 2802 Gelasius

324 2843 385 2897 in
417 2844 655 2906 Decreto,
690 2845 891 2895 auctor
941 2837 1359 2903 Stichometriae,
1394 2837 1718 2909 Nicephoro
1745 2836 1853 2891 CP.
1888 2841 1974 2891 at-

322 2932 579 3000 tributae,
614 2929 830 3002 aliique
854 2927 1127 2983 Ecclesiae
1158 2925 1861 2999 scriptores,apocryphos
1895 2925 1979 2979 in-

324 3029 416 3075 ter
444 3025 501 3076 et
554 3019 767 3074 nothos
816 3016 998 3072 libros
1055 3018 1333 3071 Pastorem
1391 3020 1714 3083 recensent,
1774 3031 1975 3070 eorum

324 3109 619 3165 sententia
650 3124 763 3163 non
794 3108 877 3161 ita
907 3110 996 3160 est
1028 3105 1387 3176 accipienda,
1422 3104 1661 3176 perinde
1703 3120 1769 3159 ac
1803 3104 1851 3158 si
1883 3120 1973 3159 es-

327 3203 421 3254 set
450 3198 631 3253 noxiaa
690 3196 965 3253 doctrina:
995 3195 1083 3250 vel
1142 3194 1275 3251 falsi
1337 3194 1593 3249 nominis
1653 3210 1838 3265 opus;
1873 3194 1972 3249 sed

330 3288 488 3361 quod
519 3288 589 3342 ab
622 3286 879 3342 Ecclesia
908 3290 1068 3341 extra
1097 3284 1387 3340 Canonem
1416 3284 1669 3356 positum
1691 3261 1976 3355 agnosce-
2005 3261 2048 3329 (αἶ

332 3382 518 3444 retur,
546 3380 613 3431 ut
643 3375 747 3430 viri
781 3375 934 3430 docti
960 3374 1319 3444 jamdudum
1373 3378 1979 3444 monuerunt,nosque

329 3467 608 3538 superius
641 3464 966 3536 attigimus.
1000 3469 1075 3519 At
1103 3465 1171 3519 de
1204 3464 1297 3519 his
1339 3464 1615 3519 hactenus
1646 3480 1657 3516 :
1684 3479 1839 3516 nunc
1868 3461 1978 3517 alio

328 3559 603 3612 excurrat
633 3555 840 3611 oratio.

328 3664 466 3720 CAP.
504 3662 595 3718 IV.
631 3664 743 3730 Quo
796 3670 1035 3733 tempore
1080 3662 1359 3731 scripserit
1408 3661 1654 3725 Hermas,
1709 3658 1979 3729 disquiri-

1112 3737 1221 3786 tur.

399 3824 531 3878 Jam
565 3838 719 3888 vero,
754 3826 815 3877 ut
840 3822 913 3876 ad
947 3824 1180 3892 tempus
1210 3818 1623 3891 inquirendum
1650 3835 1765 3889 quo
1797 3819 1981 3891 scrip-

330 3913 475 3968 serit
504 3912 752 3966 Hermas
784 3911 1047 3965 animum
1082 3914 1507 3975 convertamus,
1538 3908 1684 3963 illud
1745 3909 1981 3978 quidem

330 4020 448 4057 non
482 4002 623 4057 adeo
653 4000 1020 4072 exploratum
1051 3999 1355 4065 habemus,
1393 4003 1456 4052 ut
1485 4002 1702 4053 certam
1735 3999 1863 4067 ejus
1888 4014 1985 4053 no-

331 4096 454 4145 tam
489 4090 665 4162 ﬁgere
718 4090 795 4145 sit
846 4089 906 4143 in
965 4098 1260 4160 promptu.
1296 4087 1710 4142 Verumtamen
1742 4087 1788 4141 si
1812 4088 1984 4159 "quis

331 4180 464 4250 ejus
489 4180 769 4234 Pastorem
800 4178 1045 4232 rimetur
1075 4176 1377 4239 attentius,
1420 4175 1707 4231 nonnulla
1738 4176 1985 4232 fortasse

334 4268 497 4323 haud
530 4268 859 4339 spernenda
879 4266 1097 4321 indicia
1130 4266 1707 4337 deprehendet,unde
1738 4282 1987 4337 opuscu-

335 4358 462 4412 lum
495 4356 652 4411 istud
678 4355 887 4411 litteris
918 4356 1327 4427 consignatum
1389 4360 1521 4410 ante
1552 4355 1982 4426 Hierosolymo-

336 4462 472 4500 rum
504 4444 817 4512 excidium,
851 4444 970 4500 sive
1000 4444 1152 4499 circa
1180 4445 1401 4512 :Christi
1435 4461 1655 4500 annum
1682 4446 1751 4498 7O
1783 4444 1986 4499 merito

335 4534 655 4591 existimet.
696 4535 851 4589 Hanc
883 4550 1023 4589 sane
1055 4534 1403 4589 sententiam
1438 4539 1576 4589 sunt
1614 4534 1797 4589 secuti
1829 4550 1988 4589 com-

2072 1944 2299 2014 ]ortavit
2329 1958 2448 1997 me:
2484 1951 2532 1996 et
2575 1943 2840 1997 liberatus
2868 1961 2991 1998 sum
3037 1946 3101 1999 de
3146 1962 3238 2001 ore
3268 1948 3459 2002 leonis.
3494 1953 3579 2002 Ita
3616 1949 3718 2004 Pa-

2077 2036 2195 2086 tres
2223 2036 2279 2085 et
2304 2031 2646 2101 interpretes
2674 2033 2914 2103 passim.
2950 2034 3029 2089 De
3079 2034 3187 2089 hac
3219 2041 3414 2091 autem
3446 2054 3721 2108 persecu-

2078 2122 2233 2175 tione
2268 2122 2444 2175 l'uisse
2478 2120 2733 2175 locutum
2769 2124 3035 2177 Hermam
3066 2127 3193 2177 tum
3244 2124 3358 2192 hic,
3389 2129 3515 2180 tum
3546 2126 3723 2182 etiam

2081 2210 2219 2266 alibi
2251 2211 2314 2277 δ’,
2348 2212 2439 2263 vix
2471 2227 2538 2264 ea
2595 2211 2861 2266 dubitare
2920 2212 3123 2267 sinunt
3154 2229 3279 2284 quae
3334 2215 3606 2287 superius
3662 2218 3720 2273 in

2082 2301 2347 2356 eamdem
2382 2301 2727 2354 sententiam
2752 2300 3175 2357 edisseruimus
3204 2304 3267 2357 ⁵³.
3297 2304 3553 2377 Denique
3573 2323 3726 2376 pres-

2082 2405 2229 2445 sura:
2258 2397 2665 2460 superuentura:
2699 2390 3050 2445 mentionem
3111 2392 3302 2462 injicit
3330 2394 3417 2448 vir
3448 2397 3724 2467 apostoli-

2084 2496 2187 2533 cus
2218 2479 2291 2533 8‘z
2329 2496 2443 2549 qua
2476 2478 2673 2549 phrasi
2714 2476 2894 2549 Ολίψιν
2942 2479 3103 2534 illam
3155 2479 3400 2554 μεγάλην
3448 2489 3504 2538 et
3551 2483 3720 2559 ὀργῆν

2089 2566 2414 2635 μέλλουσαν,
2452 2567 2619 2623 toties
2664 2568 2722 2621 in
2784 2568 2937 2625 Novo
2972 2569 3343 2626 Testamento
3396 2575 3720 2645 praedictas,

2086 2658 2377 2714 excidium
2438 2656 2716 2710 nimirum
2767 2656 3323 2729 Hierosolymorum,
3382 2664 3722 2734 respexerit.

2086 2753 2209 2816 Qua
2234 2749 2301 2802 de
2333 2763 2393 2801 re
2424 2745 2689 2817 pluribus
2720 2745 2844 2801 loco
2905 2748 3076 2801 modo
3107 2748 3279 2803 citato
3328 2749 3471 2805 satis
3500 2753 3726 2811 erudite

2091 2835 2442 2894 Dodwellus.

2086 2947 2217 3001 ΟΑΡ.
2283 2944 2345 2998 V.
2406 2945 2563 3013 Quid
2592 2959 2773 3013 operae
2804 2945 2860 2997 in
2915 2946 3031 3015 ejus
3065 2946 3345 3001 Pastorem
3372 2964 3520 3003 nunc
3548 2949 3726 3006 denuo

2570 3016 2880 3083 evulgatum
2909 3018 3233 3087 impensum.

2161 3103 2470 3160 Permulta:
2501 3104 2740 3175 quidem
2785 3105 3285 3160 circumferuntur
3314 3108 3556 3165 Pastoris
3604 3112 3729 3166 edi-

2090 3196 2294 3260 tiones,
2328 3211 2396 3248 ex
2424 3210 2537 3263 quo
2570 3193 2827 3264 primum
2862 3210 3008 3265 opus
3040 3194 3183 3249 illud
3215 3213 3366 3252 anno
3404 3199 3538 3253 1513
3568 3201 3729 3255 Pari-

2090 3286 2193 3340 siis
2224 3284 2513 3355 evulgavit
2535 3283 2787 3337 Jacobus
2820 3283 3016 3337 Faber.
3067 3284 3182 3341 Nos
3214 3302 3343 3340 vero
3386 3304 3453 3341 ex
3481 3287 3596 3344 illis
3626 3307 3727 3360 po-

2089 3375 2388 3429 tissimum
2421 3390 2547 3443 quae
2606 3372 2949 3443 prodierunt
2978 3374 3050 3427 ab
3076 3390 3227 3429 anno
3279 3377 3417 3429 1672
3465 3378 3730 3435 subsidia

2090 3465 2258 3519 nobis
2290 3462 2778 3533 comparavimus,
2811 3461 3024 3532 quibus
3055 3463 3308 3518 exactior
3354 3464 3726 3537 nitidiorque,

2091 3560 2154 3607 ut
2187 3571 2290 3623 par
2319 3558 2463 3621 erat,
2508 3555 2708 3606 nostra
2765 3552 3042 3622 prodiret.
3080 3553 3145 3606 Et
3201 3554 3459 3624 primum
3490 3555 3727 3625 quidem

2092 3644 2286 3698 Graeca
2316 3646 2769 3712 quantacunque
2820 3646 3152 3712 supersunt,
3187 3643 3245 3697 in
3303 3659 3430 3697 eam
3461 3660 3730 3715 compor-

2092 3732 2271 3787 tanda
2314 3730 2794 3800 existimavimus,
2825 3730 2956 3784 licet
3013 3747 3182 3785 secus
3240 3734 3488 3787 senserit
3544 3734 3733 3790 editor

2092 3821 2456 3877 Oxoniensis.
2490 3821 2621 3882 Quae
2655 3836 2785 3874 vero
2818 3820 2998 3875 Graeci
3060 3825 3254 3876 textus
3284 3821 3505 3877 lacinia:
3562 3823 3733 3896 longe

2094 3909 2435 3982 prolixiores
2470 3909 2536 3962 ad
2574 3908 2753 3963 libros
2786 3908 3006 3963 Hermae
3040 3927 3079 3963 II
3112 3915 3169 3964 et
3200 3928 3261 3964 In
3286 3911 3602 3982 pertinent,
3635 3930 3733 3969 eas

2096 4002 2330 4055 demum
2365 4015 2433 4053 ex
2462 4000 2717 4053 Doctrina
2737 3999 2805 4052 ad
2834 3999 3159 4053 Antiochum
3187 4000 3371 4055 ducem
3405 4002 3734 4072 praestantis

2092 4089 2624 4144 Athanasianorum
2684 4088 2955 4142 editionis
3014 4089 3536 4145 Montfauconianaa
3607 4108 3734 4145 mu-

2096 4178 2241 4233 tuati
2275 4195 2501 4247 sumus,
2563 4178 2720 4233 haud
2780 4178 2890 4232 rati
2923 4194 3057 4233 cum
3115 4178 3332 4233 Clerico
3360 4185 3416 4234 et
3467 4179 3737 4236 Russelio
3832 4244 3833 4253 χ

2096 4266 2424 4322 Fabricium
2453 4266 2655 4338 sequi:
2686 4284 2753 4321 ea
2784 4283 3037 4337 namque
3068 4267 3203 4322 inde
3234 4268 3459 4339 primus
3490 4269 3612 4339 ipse
3639 4268 3740 4323 de-

2098 4357 2379 4425 scribens,
2416 4356 2494 4411 ita
2524 4356 2689 4410 duxit
2721 4355 2931 4411 alicubi
2984 4357 3416 4424 conformanda,
3452 4362 3516 4412 ut
3562 4358 3739 4413 veteri

2099 4445 2402 4517 interpreti
2430 4446 2617 4517 magis
2675 4445 3068 4513 cohaererent;
3104 4447 3259 4517 quod
3317 4447 3440 4502 suis
3470 4446 3615 4501 locis
3636 4448 3735 4502 ad-

2100 4536 2421 4590 notandum
2454 4535 2805 4588 curavimus.
2840 4534 3072 4604 Aliquot
3102 4534 3341 4606 insuper
3368 4536 3608 4589 Pastoris
3628 4535 3740 4589 fra-

333 4623 535 4696 plures
555 4624 660 4678 viri
683 4622 1271 4689 eruditi,Dodwellus
1293 4625 1337 4656 ‘2
1358 4623 1415 4677 in
1440 4623 1894 4694 primis,Millius
1920 4624 1985 4692 ‘3,
2022 4635 2066 4700 Ι)
2100 4631 2337 4697 gmenta
2367 4625 2425 4678 in
2461 4625 2661 4679 eodem
2696 4622 3251 4693 pseudo-Athanasii
3286 4639 3457 4694 opere
3517 4622 3745 4677 detexi-

333 4715 558 4769 Caveus
589 4714 655 4780 “,
690 4713 1022 4768 Baraterius
1052 4714 1116 4777 δτι,
1163 4717 1335 4783 atque
1394 4718 1457 4767 ut
1488 4711 1632 4768 alios
1686 4718 1987 4784 praeterea-

336 4820 496 4871 mus,
528 4802 594 4857 V.
627 4801 687 4857 C.
720 4802 1084 4858 Fontaninus
1115 4803 1194 4868 ‘5;
1230 4802 1330 4872 qui
1362 4805 1578 4870 tamen,
1629 4803 1720 4857 sui
1748 4801 1984 4870 oblitus,

337 4892 615 4964 deinceps
648 4892 923 4947 Hermam
956 4890 1414 4947 ecclesiasticum
1447 4890 1644 4946 saeculi
1678 4909 1717 4945 11
1748 4892 1988 4963 scripto-

338 4998 464 5037 rem
495 4981 775 5054 appellat.
812 4982 973 5045 Quod
1022 4980 1259 5052 quidem
1285 4982 1573 5052 judicium
1606 4981 1769 5036 hisce
1808 4983 1981 5037 ratio-

338 5088 483 5126 num
539 5070 852 5127 momentis
878 5070 1183 5126 innititur:
1218 5072 1482 5126 Primum
1542 5088 1749 5142 nempe
1807 5072 1987 5143 scrip-

2100 4732 2253 4783 mus,
2287 4730 2412 4784 qua:
2475 4717 2599 4767 tum
2634 4711 2701 4767 cl.
2763 4711 3066 4778 editorem,
3101 4720 3223 4767 tum
3278 4711 3423 4766 alios
3456 4710 3631 4767 etiam
3660 4710 3742 4783 ip-

2099 4822 2231 4859 sum
2265 4808 2517 4870 secutos,
2554 4803 2851 4873 fugerunt,
2888 4806 2952 4855 ut
3010 4803 3063 4855 in
3099 4802 3252 4856 notis
3305 4799 3584 4872 subjectis
3616 4817 3741 4855 mo-

2100 4894 2359 4947 nuimus.

2170 4982 2333 5037 Haud
2366 4981 2576 5035 minori
2610 4979 2803 5035 studio
2839 4979 3137 5050 antiquam
3170 4980 3495 5035 versionem
3546 4996 3741 5035 recen-

2100 5072 2350 5139 suimus,
2384 5069 2586 5126 sedulo
2618 5068 2843 5125 collatis
2874 5070 3048 5124 variis
3078 5069 3602 5141 lectionibus,quas
3636 5068 3742 5124 Co-

413 5304 458 5337 3’
491 5304 716 5375 Prosp.,
747 5304 847 5360 lib.
881 5308 1053 5359 contr.
1087 5304 1305 5371 Collat.,
1339 5320 1465 5375 cap.
1499 5305 1587 5359 30.
1624 5305 1669 5338 ⁵ο
1716 5304 1971 5372 Hieron.,
2004 5304 2107 5359 lib.
2164 5306 2233 5359 De
2266 5306 2370 5359 vir.
2420 5304 2645 5371 illustr.,
2679 5319 2804 5374 cap.
2861 5303 2943 5358 l0.
2979 5305 3020 5337 “
3061 5304 3291 5375 Farlat.,
3341 5305 3554 5375 Illyric.
3586 5319 3739 5375 sacr.

342 5376 566 5448 tomel,
600 5374 731 5448 pag.
761 5377 865 5448 400
898 5378 942 5410 ⁴²
1000 5376 1205 5431 Dodw.
1231 5376 1289 5429 in
1324 5376 1546 5448 Dissert.
1606 5375 1842 5443 singul.,
1879 5394 2004 5447 cap.
2042 5378 2129 5441 11,
2161 5376 2190 5447 §
2220 5378 2273 5443 5,
2309 5376 2380 5430 ad
2438 5375 2631 5448 Pears.
2669 5378 2924 5448 postum.
2989 5392 3119 5446 pag.
3162 5374 3282 5446 158,
3312 5381 3371 5430 et
3401 5374 3460 5428 in
3488 5374 3741 5448 addend.

343 5445 702 5520 ad_Dissert.'
752 5447 924 5518 Iren.,
955 5464 1088 5520 pag.
1150 5449 1270 5502 158.
1308 5448 1353 5482 ⁴³
1381 5446 1519 5501 Mill.
1580 5449 1893 5519 Prolegum,
1925 5445 1994 5503 ad
2025 5445 2355 5513 Novaest”
2392 5463 2482 5520 n.__
2513 5446 2633 5500 143.
2670 5446 2711 5520 (⁸⁸
2743 5446 3045 5520 (ξξινηῌτει.
3073 5445 3277 5511 titter.,
3310 5451 3449 5502 tom.
3489 5447 3617 5520 l,p.
3650 5448 3741 5501 31.

337 5519 383 5559 ⁴⁸
414 5517 605 5573 Barat.
638 5520 875 5591 Disquis.
911 5516 1150 5588 chron”
1182 5536 1308 5591 cap.
1341 5520 1394 5585 3,
1429 5519 1457 5589 ἒ
1512 5520 1566 5585 3,
1602 5516 1855 5591 pagf39.
1880 5516 1931 5553 ⁷⁵⁸
1963 5520 2204 5574 Fontan.
2270 5521 2402 5591 Hist.
2439 5518 2609 5571 litter.
2643 5518 2848 5591 Aquit,
2882 5516 2981 5571 lib.
3018 5536 3077 5581 Π,
3108 5535 3241 5591 cap.
3280 5520 3329 5584 1,
3365 5534 3495 5590 pag.
3527 5518 3617 5591 64,
3649 5520 3741 5574 93.

336 5591 380 5632 ⁸⁷
416 5591 605 5662 Herm.
639 5592 791 5646 Past.
830 5590 933 5645 lib.
991 5610 1029 5661 1,
1064 5592 1169 5648 vis.
1206 5590 1269 5661 II,
1326 5607 1452 5662 cap.
1489 5591 1541 5644 4.
1578 5591 1619 5624 4⁸

335 5665 377 5717 t.
414 5661 456 5715 Ι.
492 5660 760 5733 “{Herm.
796 5664 995 5730 Past.,“
1026 5662 1126 5717 lib.
1161 5680 1198 5727 ι,
1230 5660 1339 5717 vis.
1398 5660 1487 5723 in,
1522 5678 1646 5733 cap.
1688 5664 1705 5717 1
1745 5669 1801 5717 et
1856 5668 1910 5717 2.
1945 5664 1989 5698 ⁵ο

1704 5591 1794 5646 ide
1854 5592 2015 5646 Prole

2019 5608 2074 5717 ξ.
2110 5593 2180 5677 ad
2207 5665 2215 5673 ι
2238 5592 2294 5645 S.
2331 5589 2684 5670 Clementem
2722 5589 3070 5653 Romanum,
3100 5588 3381 5670 .hujusce‘
3410 5588 3741 5663 Patrologiaa

2046 5664 2101 5717 d.
2137 5664 2294 5717 tbttl..
2355 5678 2460 5716 V18.
2496 5677 2569 5717 IV.
2624 5676 2749 5717 can.
2806 5661 2860 5714 2.
2892 5661 2932 5694 δι
2967 5660 3015 5713 ΙΙ
3048 5661 3197 5715 Tim.
3234 5678 3308 5717 ιν.
3345 5661 3432 5713 17.
3466 5661 3513 5695 ⁵³
3538 5660 3735 5717 Herm.

2137 5664 2294 5731 ibid.,
2355 5661 2460 5716 vis.
2496 5677 2569 5727 IV,
2624 5676 2749 5731 cap.
2806 5661 2860 5714 2.
2892 5661 2932 5694 δι
2967 5660 3015 5713 ΙΙ
3048 5661 3197 5715 Tim.
3234 5678 3308 5725 ιν,
3345 5661 3432 5713 17.
3466 5661 3513 5695 ⁵³
3538 5660 3735 5719 Herm.

334 5737 515 5807 Pasl.,
536 5731 638 5790 lib.
706 5750 788 5803 Ill,
848 5733 1027 5790 simil.
1060 5752 1184 5803 vm,
1217 5751 1343 5808 cap.
1376 5735 1428 5790 3.
1454 5734 1497 5769 ⁵³
1556 5730 1880 5808 Prolegom.
1911 5752 2039 5807 cap.
2073 5737 2124 5806 1,
2159 5730 2299 5791 sect.
2362 5736 2411 5802 1,
2445 5734 2553 5802 3‘9.
2580 5732 2626 5767 ⁵⁵
2658 5732 2852 5789 Herm.
2888 5733 3019 5789 ibid.
3054 5733 3154 5787 lib.
3192 5749 3230 5800 ι,
3258 5733 3365 5788 vis.
3400 5750 3476 5804 iv,
3508 5747 3635 5805 cap.
3666 5736 3725 5802 2.
