4038 6210
399 370 511 434 8⁸71
1895 362 1958 425 S.

2147 360 2306 426 [ΜΕ
3640 374 3742 435 8⁷12

398 504 637 560 telerius
670 506 725 558 et
753 500 995 558 Felluse
1025 498 1323 556 codicibus
1352 515 1495 555 mss.
1529 498 1589 554 in
1622 497 1879 555 medium
1902 515 2035 571 pro-
2068 502 2125 567 Α
2154 498 2379 553 dudum
2409 499 2641 569 ceperat
2695 497 2950 554 Joannes
3001 496 3271 555 Albertus
3326 500 3622 571 Fabricius,
3659 506 3747 577 qui

396 593 618 649 tulere:
655 591 809 664 quod
845 590 1067 661 passim
1102 588 1427 660 neglexisse
1476 588 1761 643 Clericum
1793 589 2040 659 ejusque
2150 588 2276 644 loca
2304 588 2445 643 Novi
2473 589 2726 643 Fcederis
2748 589 2819 642 ad
2853 606 2978 660 quae
3002 587 3273 645 allusisse
3301 590 3514 647 videtur
3534 593 3747 652 Hermas

400 683 812 753 exscriptorem
846 678 1179 734 Russelium
1240 695 1447 733 sumus
1476 677 1713 749 experti.
1747 679 1868 743 Quo
1909 677 2039 748 qui-
2150 682 2540 749 congesserat,
2565 683 2710 733 teste
2740 678 3010 733 Reimaro
3030 678 3093 732 55:
3122 679 3220 734 sed
3245 695 3372 734 cum
3403 680 3637 737 collectio
3661 684 3749 739 ist-

402 772 533 827 dem
566 772 624 825 in
656 786 895 825 munere
918 768 1264 840 peragendo,
1298 773 1460 822 tanta
1490 784 1619 822 cum
1656 766 2041 838 religionein-
2151 767 2271 821 haec
2304 766 2644 821 Fabriciana
2677 767 2938 822 nondum
2963 767 3155 823 lucem
3188 770 3482 840 aspexerit,
3513 770 3746 842 qualem-

402 861 633 915 terdum
666 858 875 914 versati
906 875 1133 926 sumus,
1167 863 1232 911 ut
1263 856 1444 912 nimia
1492 857 1738 911 fortasse
1769 872 1907 910 cura
1938 872 2039 910 no-
2152 872 2383 926 cunque
2412 856 2648 910 demum
2673 856 2827 911 hunc
2869 855 3127 912 laborem
3161 858 3353 914 subire
3376 858 3610 931 placuit;
3639 866 3747 919 tum

399 955 520 1006 stra
546 949 727 1004 videri
760 953 951 1020 queat.
988 947 1223 1013 Verum,
1255 963 1383 1002 meo
1418 946 1623 1001 saltem
1656 945 2043 1010 animo,sa1va
2152 951 2218 1000 ut
2271 944 2569 1000 Dodwello
2603 946 2824 1000 iremus
2866 946 3118 1013 obviam,
3153 945 3253 1018 qui
3284 947 3542 1003 Hermam
3574 965 3602 1003 e
3632 950 3748 1005 Novi

400 1056 491 1094 res
524 1043 649 1095 est:
684 1038 975 1109 siquidem
1004 1036 1062 1090 in
1095 1036 1312 1091 editore
1354 1035 1461 1090 hoc
1495 1035 1837 1089 studiorum
1857 1051 2043 1106 genus
2154 1035 2511 1089 Testamenti
2544 1034 2710 1090 libris
2742 1052 2810 1090 ne
2859 1035 3197 1091 testimonia
3243 1037 3471 1107 quidem
3503 1038 3752 1095 adducere

398 1127 715 1195 excolente,
748 1125 1052 1197 diligentia
1082 1126 1276 1196 potius
1337 1123 1631 1195 culpanda
1678 1140 1855 1195 quam
1887 1123 2041 1178 desi-
2154 1123 2526 1178 consuevisse
2556 1125 2785 1178 censuit
2816 1124 2881 1191 ⁵⁵,
2912 1129 3038 1179 tum
3070 1124 3129 1178 in
3192 1125 3394 1196 primis
3438 1131 3497 1181 ut
3523 1143 3751 1199 compar.

399 1217 658 1272 deranda
714 1215 1104 1270 existimatur.
1166 1212 1422 1285 Denique
1489 1230 1667 1268 sacrae
1726 1213 2037 1283 Scripturre
2153 1215 2278 1267 tum
2310 1212 2489 1277 fieret,
2524 1228 2699 1283 quam
2760 1213 3076 1269 immodica
3105 1214 3182 1269 sit
3253 1214 3491 1270 Whitbii
3520 1232 3751 1285 censura,

399 1304 526 1361 loca
575 1321 701 1377 quae
749 1305 837 1359 vir
881 1302 1235 1375 apostolicus
1302 1300 1624 1373 respexisse
1672 1300 2040 1373 perspicitur.
2155 1318 2352 1356 sacras
2384 1301 2609 1356 litteras
2632 1302 2839 1374 primis
2868 1302 2961 1357 vix
2993 1301 3169 1358 labris
3204 1303 3468 1359 Hermam
3499 1305 3753 1377 attigisse,

405 1396 691 1466 subjicere
720 1393 1080 1450 studuimus.
1113 1392 1275 1458 Quod
1301 1390 1535 1463 quidem
1567 1390 2045 1461 consiliumjam-
2156 1394 2257 1446 aut
2287 1390 2521 1446 easdem
2552 1391 2793 1464 insuper
2821 1391 3100 1448 habuisse
3129 1393 3440 1449 asserentis
3460 1393 3520 1448 ⁸⁷.

473 1574 517 1608 ⁵⁸
549 1574 801 1629 Reimar.
836 1573 1197 1629 Commentar.
1251 1571 1314 1626 de
1339 1572 1455 1626 vita
1483 1578 1534 1626 et
1562 1571 1746 1640 script.
1777 1572 1826 1626 Ι.
1860 1572 1949 1643 Αη
1978 1571 2217 1643 Iv‘abrie._,
2249 1586 2383 1642 pag.
2440 1571 2568 1625 207.
2601 1572 2645 1605 ⁵⁸
2698 1571 2928 1641 Dodw.,
2988 1573 3215 1628 Dissert.
3248 1574 3276 1627 ι
3326 1571 3396 1627 ad
3448 1574 3608 1643 Iren.,
3635 1574 3751 1642 §m

398 1662 533 1719 pag.
564 1648 656 1714 74,
687 1646 728 1681 ⁵⁷
760 1644 1006 1715 Whith.,
1042 1644 1325 1715 Disquisit.
1356 1645 1418 1698 in
1447 1643 1603 1698 Butti
1630 1644 1846 1712 Defens.
1878 1642 1971 1712 ﬁd.
1995 1643 2114 1698 Nic.
2151 1641 2478 1713 lib.’1,’cap.
2510 1645 2570 1713 2,
2608 1658 2739 1715 pag.
2775 1644 2860 1697 19.

1286 2003 1451 2096 DE
1526 2001 2163 2097 DOCTBINA
2235 2002 2326 2095 S.
2398 2002 2907 2097 HERMfE.

393 2240 633 2304 (Lumen,
666 2237 891 2304 Historia
922 2235 1402 2304 theologica-critica
1431 2235 1493 2282 de
1522 2236 1872 2304 vitaLscriptis
1906 2238 1953 2283 et
1982 2234 2215 2304 doctrina
2248 2234 2339 2283 SS.
2370 2235 2603 2304 Patrum,
2635 2239 2732 2304 etc.
2776 2234 3460 2304 Augustae_Vihdel.,_l7§3,
3486 2239 3525 2304 ς.
3548 2238 3655 2304 I,_p.
3686 2240 3755 2304 us

454 2328 515 2339 -
544 2295 671 2360 Quae
700 2301 765 2349 de
793 2301 902 2349 vita
932 2304 985 2349 et
1027 2295 1233 2361 scriptis
1263 2298 1313 2348 S.
1352 2297 1557 2347 Hermas
1588 2295 2102 2360 atiert.’Lumperus,
2134 2298 2247 2347 haec
2298 2298 2622 2347 verbotenus
2679 2298 2786 2347 fere
2818 2295 2886 2348 ei
2908 2297 3168 2347 Cotelerio
3200 2302 3254 2348 et
3288 2297 3560 2348 Gallandio
3586 2295 3751 2360 hausit,

457 2368 510 2415 et
531 2365 649 2414 ideo
678 2362 1012 2423 omittimus.)

820 2548 1261 2605 OBSERVATIO
1301 2547 1609 2603 PR/EVIA.
2069 2549 2116 2615 B
2735 2546 3137 2605 ARTICULUS
3166 2548 3187 2604 Ι
3199 2591 3212 2603 .

467 2642 612 2697 Cum
644 2641 900 2713 primum
934 2639 1175 2694 Hermas
1208 2638 1428 2692 monita
1457 2637 1514 2691 in
1546 2636 1896 2702 visionibus,
1911 2652 2038 2707 quae
2538 2654 2996 2693 osssava'rxorzas
3039 2654 3408 2694 nouarum/13.

401 2731 471 2785 ab
502 2730 631 2803 ipso
662 2729 1094 2796 describuntur,
1136 2730 1372 2797 accepta
1428 2724 1648 2797 publici
1701 2724 1850 2794 juris
1883 2726 2034 2792 fecit,
2663 2728 2690 2795 §
2718 2731 2759 2781 Ι.
2791 2728 2865 2781 De
2889 2727 2943 2781 S.
2973 2729 3305 2798 Scriptura.

394 2823 615 2875 tantam
641 2835 710 2874 ea
739 2818 796 2871 in
831 2816 1143 2872 Ecclesiam
1171 2814 1495 2870 Graecorum
1528 2813 1843 2885 praesertim
1870 2818 2038 2869 nacta
2217 2814 2525 2886 Egregium
2558 2815 2727 2871 nobis
2760 2815 3167 2871 testimonium
3200 2817 3275 2872 de
3305 2816 3619 2873 reverentia
3646 2831 3753 2887 erga

392 2912 532 2964 sunt
561 2907 987 2975 auctoritatem,
1021 2909 1086 2960 ut
1116 2905 1189 2959 iis
1218 2921 1331 2959 non
1366 2904 1535 2958 modo
1568 2904 1638 2958 ad
1675 2904 1944 2958 veritates
1968 2903 2034 2957 ﬁ-
2142 2901 2322 2959 libros
2354 2920 2571 2971 sacros,
2635 2902 2825 2975 qualis
2882 2903 2997 2959 isto
3052 2909 3321 2976 tempore
3380 2904 3616 2978 vigebat,
3662 2909 3751 2959 tres

391 2996 620 3052 delibus
654 2996 981 3067 pr0positas
1032 2993 1483 3063 confirmandae,
1518 2993 1618 3047 sed
1667 2996 1721 3047 et
1754 2993 1824 3046 ad
1857 2992 2031 3046 haere-
2142 2993 2365 3048 Hermae
2400 2993 2532 3049 libri
2565 2994 2887 3065 perhibent.
2920 2994 3165 3051 Hermas
3195 2995 3381 3061 enim,
3416 2996 3513 3066 qui
3558 2992 3754 3067 ἀπόκρυ-

392 3087 536 3141 ticos
566 3084 916 3140 refellendos
947 3088 1121 3155 atque
1148 3082 1578 3153 impugnandos
1610 3080 2032 3136 uterentur.Sic
2143 3102 2237 3157 φον
2272 3083 2692 3155 (apocryphum
2740 3082 2909 3155 opus)
2941 3083 3083 3139 Novi
3142 3083 3511 3140 Testamenti
3562 3082 3753 3138 nullum

388 3173 447 3229 S.
475 3176 726 3230 Irenaeus
751 3173 972 3228 Hermae
997 3171 1331 3228 testimonio
1358 3171 1531 3225 fidem
1557 3169 1617 3224 in
1638 3185 1824 3224 unum
1848 3169 2031 3224 Deum
2142 3171 2433 3240 adhibuit,
2469 3188 2497 3228 e
2529 3171 2695 3227 libris
2739 3173 3036 3228 canonicis
3068 3172 3371 3243 permulta
3422 3173 3625 3240 hausit,
3654 3188 3753 3242 qua

389 3262 655 3318 omnium
688 3267 1003 3318 creatorem
1035 3260 1112 3333 (1)
1143 3259 1469 3316 conﬁrmat.
1507 3257 1799 3313 Laudatur
1854 3258 2029 3313 etiam
2140 3260 2433 3330 pertinent
2488 3261 2561 3315 ad
2622 3260 2932 3333 Evangelia
2986 3261 3261 3332 Matthaai,
3299 3262 3508 3327 Marci,
3542 3262 3685 3318 Luca:
3710 3262 3753 3315 et

390 3368 422 3406 a
470 3352 765 3408 Clemente
820 3348 1210 3406 Alexandrino
1268 3348 1344 3420 (2)
1398 3347 1469 3402 ad
1525 3346 2028 3417 comprobandum
2137 3348 2412 3413 Joannis;
2442 3349 2514 3404 ad
2536 3350 2677 3405 Acta
2708 3349 3103 3420 apostolorum
3134 3350 3245 3418 ;ad
3281 3350 3570 3422 Epistolas
3598 3349 3747 3416 Pauli,

385 3440 570 3496 Deum
603 3439 767 3495 falsis
794 3456 958 3512 aeque
1013 3455 1079 3493 ac
1109 3436 1261 3494 veris
1319 3435 1617 3508 prophetis
1645 3435 1703 3489 in
1762 3435 2028 3491 Ecclesiae
2139 3437 2419 3493 nimirum
2476 3438 2546 3492 ad
2606 3438 2921 3504 Romanos,
2952 3440 3022 3494 ad
3055 3438 3364 3511 Ephesios,
3398 3440 3471 3495 ad
3521 3440 3752 3495 Hebraeos

383 3529 696 3585 utilitatem
732 3530 804 3585 ad
862 3526 1193 3584 incredulos
1251 3524 1637 3581 confutandos
1658 3524 1734 3595 (3)
1786 3524 1891 3595 uti,
1926 3524 2027 3595 qui
2137 3526 2251 3596 (7);
2284 3525 2484 3581 Jacobi
2509 3526 2605 3597 (8),
2643 3526 2790 3581 Petri
2815 3527 3063 3597 primam
3090 3532 3145 3583 et
3170 3530 3499 3584 secundam
3521 3530 3629 3599 (9);
3660 3525 3749 3581 divi

377 3617 605 3674 divinas
636 3617 1017 3674 revelationes
1051 3614 1385 3671 fabularum
1420 3613 1543 3669 loco
1576 3614 1829 3680 habent;
1855 3622 2029 3684 atque
2135 3614 2377 3670 Joannis
2407 3616 2726 3671 secundam
2774 3617 2886 3686 (10)
2917 3634 2982 3671 ac
3040 3617 3277 3672 tertiam
3340 3618 3479 3689 (11),
3514 3626 3675 3689 atque
3699 3614 3751 3671 D.

378 3708 449 3762 ad
486 3708 1037 3774 demonstrandum,
1069 3721 1243 3777 opera
1301 3721 1368 3759 ac
1396 3703 1571 3759 verba
1603 3707 1799 3759 nostra
1830 3703 1907 3775 (4)
1940 3703 2025 3757 in-
2134 3704 2292 3757 Iuda
2325 3702 2669 3759 catholicam
2700 3703 2833 3774 (12),
2861 3721 2963 3760 nec
2995 3722 3109 3761 non
3132 3711 3189 3761 et
3213 3706 3604 3779 Apocalypsin
3627 3702 3753 3760 beati

377 3797 563 3853 vicem
596 3796 926 3853 consentire
954 3796 1182 3863 debere;
1209 3810 1242 3849 a
1264 3792 1622 3848 Tertulliano
1653 3793 1829 3847 etiam
1861 3791 2027 3847 adhi-
2132 3792 2379 3848 Joannis
2410 3792 2680 3865 apostoli,
2713 3794 2785 3848 ad
2809 3795 2979 3864 cujus
3010 3795 3347 3867 exemplum
3382 3795 3672 3867 scripsisse
3688 3793 3748 3846 vi-

380 3887 644 3954 bebatur,
680 3890 744 3941 ut
775 3886 1046 3941 ostendat
1068 3883 1163 3955 (5),
1193 3900 1304 3954 quo
1336 3882 1596 3952 corporis
1622 3881 1824 3935 habitu
1858 3898 2025 3936 oran-
2055 3923 2096 3988 Ο
2134 3882 2321 3936 detur.
2357 3882 2398 3937 E
2428 3882 2630 3937 multis
2662 3888 2859 3938 autem
2889 3883 3031 3938 locis
3057 3884 3304 3955 Herma,
3339 3885 3399 3940 in
3426 3885 3628 3955 quibus
3657 3882 3747 3938 col-

382 3975 525 4030 dum
558 3974 670 4042 sit;
705 3979 998 4047 postremo
1030 3974 1101 4028 ab
1133 3971 1379 4042 Origene
1408 3971 1487 4041 (6)
1519 3974 1583 4024 ut
1612 3970 1815 4041 probet
1846 3986 2024 4025 unam
2056 3969 2096 3988 υ
2134 3969 2385 4041 ligendis
2414 3970 2588 4026 etiam
2620 3971 2958 4043 diligentem
2988 3988 3051 4027 se
3074 3974 3326 4044 praebuit
3349 3973 3419 4028 V.
3444 3974 3503 4029 C.
3538 3972 3747 4028 Lardne-

382 4063 605 4135 peccati
634 4064 792 4119 diem
821 4079 1001 4135 paenae
1024 4078 1177 4117 anno
1208 4077 1335 4117 esse
1362 4059 1737 4131 puniendam.
2136 4076 2257 4127 rus,
2290 4059 2383 4114 hic
2414 4059 2765 4132 insigniores
2788 4060 3072 4117 duntaxat
3102 4078 3238 4117 cum
3269 4062 3613 4136 Apocalypsi
3642 4077 3753 4117 con-

450 4260 527 4330 (1)
560 4282 587 4308 ‹‹
618 4259 770 4314 Bene
799 4275 933 4331 ergo
975 4255 1370 4331 pronuntiavit
1399 4254 1737 4331 _Scriptura,
1770 4271 1897 4331 quae
1932 4255 2023 4310 di-
2128 4273 2230 4329 per
2256 4272 2343 4331 eos
2367 4264 2485 4312 erat
2510 4256 3057 4331 invoeatumCollat.
3089 4258 3295 4315 Jacobi
3326 4277 3391 4326 ιι,
3424 4278 3478 4315 v.
3509 4262 3561 4313 7.
3595 4257 3743 4331 Idem,

380 4330 457 4386 cit
481 4329 712 4386 :Primo
742 4329 990 4386 omnium
1016 4330 1193 4398 crede,
1239 4329 1500 4401 quoniam
1527 4342 1671 4384 unus
1699 4336 1775 4383 est
1801 4329 1962 4383 Deus.
1995 4350 2024 4377 »
2134 4329 2392 4384 mandat.
2426 4344 2528 4401 xii,
2561 4344 2610 4383 ο.
2644 4329 2670 4382 1
2702 4329 3000 4401 :Spiritus,
3033 4333 3131 4401 qui
3176 4331 3475 4387 desursum
3498 4334 3592 4392 est,
3620 4329 3745 4401 quie-

377 4403 434 4459 S.
470 4402 619 4458 Iren.
658 4404 700 4457 Ι.
738 4420 811 4472 ιν,
843 4402 1061 4458 Advers.
1098 4398 1322 4467 haeres”
1357 4416 1405 4454 c.
1439 4400 1529 4453 37.
2133 4404 2217 4456 tus
2246 4405 2344 4455 est.
2378 4399 2579 4455 Collat.
2611 4398 2809 4456 Jacobi
2842 4417 2969 4472 cap.
3030 4398 3112 4469 fu,
3144 4419 3199 4456 ν.
3232 4404 3321 4457 17.
3367 4404 3548 4466 Idem,
3578 4398 3744 4456 m’and.

449 4474 525 4544 (2)
560 4474 675 4530 Lib.
705 4473 988 4540 Stromat.,
1022 4490 1153 4545 pag.
1186 4473 1309 4545 311.
1582 4539 1594 4545 _
1713 4540 1723 4545 Α
1764 4539 1776 4545 _
2130 4488 2231 4545 vn,
2267 4488 2316 4527 c.
2347 4473 2418 4526 5:
2452 4472 2512 4525 Si
2539 4474 2997 4545 enimuresistitis
3034 4475 3124 4528 illi
3182 4473 3488 4545 (diabolo),
3545 4473 3748 4545 fugieta

448 4539 525 4616 (3)
558 4568 585 4595 «
622 4552 707 4599 An
737 4563 852 4600 non
904 4539 1059 4601 enim
1092 4539 1149 4599 Et
1179 4543 1387 4616 virtus,
1423 4558 1548 4616 quae
1670 4539 1895 4616 visione
1919 4557 2022 4613 ap-
2130 4544 2280 4598 vobis
2309 4545 2584 4616 confusus.
2616 4541 2818 4598 Collat.
2851 4543 3052 4599 Jacob.
3087 4562 3159 4613 Iv,
3187 4539 3241 4599 v.
3270 4546 3327 4601 7.
3367 4539 3553 4611 ldem,
3582 4539 3747 4616 mand.

379 4611 573 4687 paruit
598 4616 818 4673 Hermm
850 4617 908 4671 in
943 4611 1457 4689 ﬁgurachclesiae,‘
1482 4612 1657 4689 dedit-
1690 4611 2023 4689 librumLut
2129 4632 2231 4682 xu,
2260 4631 2309 4670 c.
2336 4616 2408 4669 6:
2443 4614 2639 4689 Audite
2662 4630 2789 4685 ergo
2835 4631 2940 4685 me,
2971 4620 3021 4671 et
3044 4611 3233 4672 timete
3270 4617 3565 4673 Dominum
3591 4615 3749 4689 omni-

379 4682 751 4756 describeret,
773 4706 954 4760 quem
986 4682 1183 4743 Electis
1213 4683 1817 4760 annuntiarivolebat.
1847 4706 1873 4732 »
1899 4682 2021 4740 Cle-
2124 4695 2394 4760 potentem
2422 4688 2517 4760 qui
2543 4682 2739 4760 potest
2793 4701 2880 4741 vos
2924 4682 3101 4744 salvos
3155 4690 3361 4758 facere,
3422 4699 3476 4745 et
3524 4687 3744 4759 perdere.

378 4774 543 4814 mens
576 4760 734 4815 Alex.
768 4756 871 4815 lib.
901 4777 954 4814 vr
985 4761 1244 4815 Slromat.
1272 4773 1403 4830 pag.
1463 4756 1588 4809 679.
2126 4756 2562 4830 Collathacobi
2595 4774 2723 4830 cap.
2757 4774 2833 4825 IV,
2866 4775 2920 4812 v.
2950 4760 3035 4814 12.

449 4832 525 4955 (4)
560 4831 736 4899 ldem,
772 4848 902 4955 paq.
935 4832 1060 4884 345.
1272 4826 1291 4830 ’
1353 4826 1375 4828 “
2200 4830 2274 4899 (9)
2309 4829 2573 4913 Hermas,
2604 4826 2826 4914 visione
2856 4846 2941 4911 ιιι,
2982 4847 3033 4885 c.
3065 4832 3128 4885 7:
3162 4833 3208 4886 li
3227 4840 3379 4898 sunt,
3413 4832 3510 4904 qui
3537 4826 3747 4913 credide-

449 4902 502 4955 (5
555 4901 822 4955 Tertull..
880 4904 956 4955 Ib.
991 4919 1009 4955 ι
1040 4903 1115 4955 De
1144 4907 1313 4955 orat..
1346 4915 1471 4955 can.
1511 4898 1596 4951 12.
2126 4909 2258 4955 runt
2314 4900 2582 4955 auzdem:
2632 4901 2974 4955 dubitatione
3028 4906 3213 4955 autem
3262 4920 3370 4955 sua
3443 4898 3747 4955 reliquerunt

446 4898 522 4971 (5)
555 4898 822 4973 Tertulli,
850 4898 956 4956 lib.
991 4919 1009 4956 ι
1040 4903 1115 4956 De
1144 4907 1313 4965 orat.,
1346 4915 1481 4973 cap._
2126 4898 2258 4955 runt
2314 4900 2582 4973 quidem;
2632 4901 2974 4973 dubitatione
3028 4906 3213 4957 autem
3262 4920 3370 4958 sua
3420 4898 3748 4973 reliquerunt

465 4970 520 5039 6)
552 4970 946 5039 Homilia'vm,
980 4975 1039 5027 in
1058 4976 1432 5027 Numerorum
1464 4970 1695 5024 librum.
2124 4975 2276 5027 viam
2303 4970 2466 5027 suam
2494 4988 2696 5026 veram.
2731 4971 2931 5026 Collat.
2968 4974 3013 5028 II
3044 4974 3194 5028 Petr.
3228 4990 3278 5027 c.
3313 4992 3379 5041 11,
3412 4991 3465 5028 v.
3492 4970 3575 5029 15.
3601 4972 3749 5035 Idem,

550 5048 813 5114 Hermas,
848 5044 1151 5099 similitud.
1186 5061 1305 5112 VIII,
1335 5059 1382 5097 c.
1404 5041 1487 5115 A8:
1522 5041 1615 5094 His
1670 5041 1855 5109 igitur
1907 5058 2017 5095 non
2125 5045 2234 5099 vis.
2272 5061 2342 5110 IV,
2377 5060 2423 5098 c.
2456 5044 2528 5097 3:
2589 5045 2769 5097 Aurea
2801 5047 2983 5099 autem
3024 5061 3153 5114 pars
3202 5061 3291 5100 vos
3322 5046 3472 5115 estis,
3526 5045 3618 5115 qui
3642 5041 3751 5111 emi-

442 5046 519 5169 (71)
550 5048 813 5114 Hermas,
848 5046 1151 5099 similitud.
1186 5061 1305 5112 VIII,
1335 5059 1382 5097 c.
1416 5046 1487 5095 8:
1522 5046 1615 5094 His
1670 5046 1855 5109 igitur
1907 5058 2017 5095 non
2125 5046 2234 5099 vis.
2272 5061 2342 5110 IV,
2377 5060 2423 5098 c.
2456 5046 2528 5097 3:
2589 5046 2769 5097 Aurea
2801 5047 2983 5099 autem
3024 5061 3153 5114 pars
3202 5061 3291 5100 vos
3322 5046 3472 5115 estis,
3526 5046 3618 5115 qui

372 5119 449 5169 est
514 5132 640 5170 ocus
663 5118 1024 5187 ptenitentiae.
1058 5116 1263 5170 Confer
1317 5113 1689 5168 Hebraeorum
1748 5128 1873 5183 cap.
1908 5130 2013 5181 χιι,
2122 5117 2282 5185 gistis
2309 5115 2580 5171 srz'culum
2612 5115 2733 5170 hoc.
2770 5114 2970 5187 Gollat.
3006 5117 3054 5170 II
3085 5117 3236 5171 Petr.
3272 5133 3322 5171 c.
3364 5134 3429 5183 ιι,
3460 5133 3512 5170 v.
3543 5116 3627 5169 20.

373 5187 599 5259 v.17.d
663 5182 676 5187 ⁷
907 5257 915 5259 _
1406 5255 1428 5259 ᾼ
1536 5254 1555 5259 A
1618 5254 1627 5259 _
1822 5182 1833 5183 ί

2196 5189 2308 5257 (10)
2342 5187 2603 5251 Hermas,
2660 5186 2921 5241 mandat.
2954 5204 3036 5241 ιιι.
3091 5188 3386 5259 Oportebat
3412 5190 3571 5241 enim
3598 5194 3660 5248 te,
3685 5182 3741 5259 si-

447 5258 524 5360 (8)
556 5257 833 5360 Ηεινιιιιὶει,Ι
871 5256 1179 5360 similitgd.
1226 5272 1362 5360 vhc.
1401 5255 1435 5309 3
1459 5254 1840 5360 gnQruiqu’nque
1890 5270 2012 5360 vero
2050 5296 2097 5360 Β
2127 5252 2216 5313 cut
2244 5252 2342 5360 om
2388 5274 2606 5360 segvum
2722 5258 2957 5360 veritate!
3005 5252 3311 5360 ambulare.
3344 5259 3552 5314 Confer
3595 5252 3741 5325 caput

376 5325 579 5386 inertes
607 5333 757 5399 sunt,
782 5337 833 5384 et
856 5331 1018 5401 pigri
1044 5329 1114 5384 ad
1132 5325 1423 5393 orandum,
1448 5326 1539 5401 illi
1554 5325 1807 5401 dubitant
1830 5332 2021 5401 petere
2050 5325 2097 5360 υ
2130 5335 2405 5400 quartum
2439 5328 2709 5399 Epistolas
2741 5330 3009 5385 secundae
3054 5331 3319 5387 Joannis.

372 5416 407 5455 α
436 5404 692 5465 Domino,
721 5396 944 5456 eum-sit
974 5402 1241 5455 Dominus
1270 5408 1381 5454 tam
1406 5396 1699 5471 pro/undae
1738 5396 2015 5471 bonitatis,
2144 5396 2163 5400 “
2202 5402 2311 5471 (11)
2350 5396 2503 5455 Vide
2524 5401 2747 5455 Hermia
2778 5401 3123 5457 mandatum
3156 5403 3398 5458 tertium
3430 5406 3638 5457 totum.

372 5480 432 5527 ut
454 5474 773 5544 petentibus
804 5489 841 5527 α
869 5489 925 5528 se
951 5480 1144 5528 cuncta
1172 5473 1291 5527 sine
1347 5465 2013 5544 interinissionetribuat.
2125 5465 2238 5544 (12)
2268 5465 2532 5540 Hermas,
2554 5472 2776 5527 visione
2824 5489 2902 5538 Iv,
2934 5490 2984 5529 c.
3011 5475 3045 5528 3
3071 5491 3084 5529 :
3118 5475 3401 5542 Quoniam
3431 5465 3741 5544 immania“

372 5539 589 5618 Collat.
610 5545 811 5600 Jacobi
846 5561 973 5618 cap.
995 5562 1046 5618 ι,
1078 5561 1131 5599 v.
1160 5546 1196 5599 5
1225 5548 1281 5598 et
1316 5541 1601 5618 _6_.‘l_dem,
1631 5539 1857 5618 similit.
1889 5558 2013 5618 vui,
2125 5539 2175 5599 et
2200 5539 2334 5618 puri
2361 5552 2524 5599 erunt
2578 5544 2735 5618 electi
2782 5546 2886 5599 Dei
2935 5547 3000 5600 in
3028 5539 3195 5602 vitam
3248 5549 3534 5602 aeternam.
3563 5540 3738 5598 Confer

371 5631 421 5689 ρ.
452 5616 488 5670 6
512 5633 529 5689 ;ί
559 5616 665 5684 Qui
692 5619 840 5672 inter
894 5611 1112 5689 reliqua
1138 5632 1254 5689 sua,
1295 5614 1496 5669 delicta
1552 5611 1810 5683 nefandis
1836 5614 2015 5689 verbis
2125 5611 2386 5673 DIJudze
2418 5614 2669 5689 apostoli
2699 5631 2748 5671 c.
2781 5632 2899 5686 χιιι,
2928 5633 2981 5673 v.
3021 5618 3110 5675 24.

368 5686 667 5746 Dominum
686 5688 954 5762 insectati,
976 5686 1177 5748 nomen
1203 5687 1320 5761 ejus
1339 5691 1733 5759 aequaverant,
1758 5686 1905 5758 quod
1925 5702 2015 5745 su-
