4038 6210
221 378 332 440 8⁸73

1466 373 1801 435 PAS'I‘OR.
1834 401 1911 417 —
1940 371 2356 435 PROOEMIA.

3490 375 3611 435 874

219 536 509 606 spirantes
540 534 915 593 adnotamus.
946 532 1179 589 Primus
1236 533 1487 589 habetur
1533 533 1689 605 apud
1722 531 1861 587 Her-
1888 533 1943 599 Α
1975 532 2196 588 ratione
2225 532 2506 605 Spiritum
2538 537 2803 589 sanctum
2838 534 2992 590 dicat
3034 534 3243 591 Filium
3276 536 3303 589 ‘l
3334 535 3612 591 nimirum

220 639 376 678 mam
425 622 648 679 visione
700 640 761 687 11,
805 638 855 676 c.
891 624 960 676 l1:
993 622 1177 677 Anum
1220 623 1405 677 illam.

215 720 295 767 tas
324 727 437 767 esse
464 715 490 764 .9

218 817 265 856 c.
298 818 402 857 xu.
438 800 596 856 Idem
626 799 833 856 vision.
869 816 946 867 ιν,
984 816 1032 854 c.
1064 801 1099 853 2
1132 817 1144 855 :
1178 801 1357 855 Bestia
1392 800 1512 857 haec
1566 801 1745 869 figura
1792 805 1867 853 est

214 904 490 962 pressurae
521 890 977 961 supervenientis.
1008 888 1211 945 Collat.
1243 894 1423 959 Apoc.
1466 905 1515 943 c.
1550 904 1650 942 ιιιι.
1687 888 1868 951 Idem,

223 979 440 1035 ibidem
473 994 487 1034 :
521 980 669 1045 Ecce,
693 980 929 1033 occurrit
949 978 1096 1032 mihi
1123 978 1273 1048 virgo
1304 977 1557 1049 quaedam
1584 979 1870 1042 exornata,

222 1072 491 1140 tanquam
519 1084 589 1123 ex
614 1068 860 1123 thalamo
887 1066 1147 1138 prodiens
1192 1071 1307 1123 tota
1355 1069 1415 1123 in
1472 1066 1633 1121 albis.
1666 1064 1869 1120 Collat.

224 1160 401 1228 Apoc.
443 1174 492 1212 c.
520 1174 637 1223 χχι,
669 1173 721 1211 v.
753 1158 805 1210 2.
842 1156 1000 1212 Idem
1040 1155 1147 1211 vis.
1183 1173 1269 1222 111,
1301 1171 1350 1211 c.
1382 1156 1417 1208 2
1449 1172 1462 1209 :
1497 1155 1681 1211 Nonne
1724 1153 1874 1208 vides

1454 664 1464 675 .
1510 664 1523 677 .
1557 636 1722 692 quam
1765 637 1867 692 pu-

533 754 543 767 .
582 754 594 765 .
641 753 654 765 .
695 713 786 765 Est
813 711 1060 766 Ecclesia
1106 712 1221 766 Dei.
1276 710 1487 766 Confer
1518 708 1865 782 Apocalyps.

228 1249 416 1303 contra
476 1256 527 1302 te
572 1245 775 1300 turrim
822 1261 1106 1313 magnam,
1165 1261 1286 1316 quae
1338 1243 1663 1313 aediﬁcatur
1712 1258 1878 1313 super

226 1352 395 1407 aquas
422 1335 707 1407 lapidibus
737 1336 1029 1406 quadratis
1059 1333 1386 1405 splendidis.
1439 1331 1583 1387 Coll.
1614 1333 1789 1403 Apoc.
1825 1347 1871 1385 c.

228 1443 337 1497 ιιι,
370 1444 425 1493 v,
464 1426 547 1481 19.
583 1424 761 1485 Idem,
797 1423 1014 1478 ibidem
1049 1439 1061 1477 :
1096 1424 1155 1477 1η
1185 1422 1451 1494 quadrato
1502 1423 1651 1476 enim
1694 1420 1873 1489 aedi/i-

227 1514 443 1568 cabitur
471 1512 667 1568 turris.
700 1510 903 1565 Collat.
934 1512 1109 1580 Apoc.
1160 1527 1282 1577 xx1,
1312 1526 1365 1563 v.
1428 1510 1512 1563 16.
1575 1508 1735 1564 Idem
1766 1506 1873 1565 vis.

229 1619 314 1658 111.
350 1618 478 1673 cap.
509 1602 546 1656 5
578 1618 592 1656 :
624 1600 855 1671 Lapides
885 1599 1103 1669 quidem
1127 1599 1217 1654 illi
1246 1597 1588 1671 quadrati,et
1615 1598 1731 1653 albi
1749 1613 1877 1652 con-

228 1694 507 1747 venientes
545 1692 606 1746 in
651 1690 1030 1746 commissuris
1077 1689 1214 1754 suis,
1271 1688 1318 1743 ii
1362 1691 1487 1742 sunt
1530 1688 1786 1757 apostoli,
1830 1694 1880 1741 et

227 1781 487 1853 episcopi,
518 1784 570 1836 et
598 1779 859 1846 doctores,
894 1782 944 1833 et
974 1779 1252 1833 ministri.
1295 1776 1502 1832 Confer
1546 1782 1727 1848 Apoc.
1761 1792 1877 1841 χιιι,

231 1886 288 1924 v.
326 1871 411 1924 14.
474 1869 635 1925 Idem
664 1869 771 1923 vis.
801 1884 889 1934 ιιι,
922 1883 971 1921 c.
1016 1868 1047 1921 4
1079 1883 1090 1921 :
1127 1866 1261 1921 Cum
1312 1882 1450 1938 ergo
1504 1872 1881 1920 consummata
1910 1896 1959 1962 B

223 1960 404 2031 fuerit
455 1966 732 2013 structura
792 1958 985 2027 turris,
1045 1971 1228 2010 omnes
1278 1956 1448 2011 simul
1509 1954 1883 2027 epulabantur

220 2048 401 2118 juxta
428 2048 652 2116 turrim,
683 2054 735 2102 et
764 2044 1198 2115 honorificabunt
1227 2046 1399 2099 Deum
1440 2084 1457 2101 .
1501 2085 1513 2097 .
1560 2086 1571 2098 .
1619 2044 1715 2098 Dic
1744 2044 1880 2109 illis,

230 2136 375 2207 quod
406 2136 527 2193 haec
553 2137 741 2191 omnia
769 2135 877 2188 sint
904 2150 1057 2201 vera,
1096 2137 1146 2188 et
1193 2134 1341 2188 nihil
1387 2138 1549 2188 extra
1596 2135 1883 2188 veritatem

231 2230 332 2281 est.
368 2224 513 2280 Vide
541 2222 916 2297 Apocalypsis
945 2227 1120 2294 caput
1150 2240 1266 2289 x111,
1298 2240 1354 2277 ν.
1385 2222 1443 2278 9.
1472 2223 1629 2277 Idem
1670 2221 1881 2277 simili-

232 2314 361 2369 tud.
394 2331 518 2381 v111,
551 2329 603 2369 c.
636 2316 672 2367 2
702 2330 715 2368 :
752 2313 892 2367 Tunc
921 2313 1149 2367 nuntius
1178 2313 1397 2367 Domini
1433 2327 1659 2367 coronas
1689 2312 1885 2383 afferri

227 2404 419 2475 jussit.
452 2403 652 2459 Allatm
678 2410 860 2457 autem
895 2409 1026 2456 sunt
1080 2417 1311 2471 coronae,
1362 2402 1505 2456 velut
1558 2417 1628 2456 ex
1682 2402 1884 2473 palmis

234 2493 423 2561 facta,
457 2494 506 2546 et
533 2492 812 2547 coronavit
854 2505 941 2545 eos
998 2490 1145 2545 viros
1201 2491 1447 2544 nuntius.
1496 2532 1508 2544 .
1554 2531 1566 2543 .
1607 2491 1673 2544 Et
1716 2490 1883 2561 jussit

239 2597 330 2636 eos
360 2582 445 2636 ire
473 2582 537 2635 in
564 2580 786 2635 turrim.
818 2577 1018 2633 Collat.
1051 2584 1229 2649 Apoc.
1265 2594 1315 2633 c.
1364 2596 1467 2644 v11,
1520 2596 1576 2632 v.
1633 2578 1686 2632 9.
1722 2579 1881 2633 Idem

238 2668 423 2726 simil.
457 2686 534 2733 1v,
569 2684 621 2725 c.
655 2670 761 2723 12:
794 2670 967 2723 Nemo
996 2667 1225 2723 intrabit
1256 2668 1317 2722 in
1346 2683 1579 2736 regnum
1630 2668 1750 2735 Dei,
1774 2669 1887 2723 nisi

238 2760 340 2830 qui
361 2760 639 2830 acceperit
664 2772 863 2813 nomen
893 2756 1026 2812 Filii
1054 2757 1173 2811 Dei.
1198 2756 1397 2813 Collat.
1432 2762 1608 2827 Apoc.
1646 2772 1692 2812 c.
1745 2773 1882 2824 χιιι,

241 2865 298 2903 v.
324 2849 376 2902 4.

320 2942 363 2991 Ε
392 2935 542 2991 libro
594 2935 834 3006 insuper
849 2933 1237 2990 Ecclesiastici
1260 2951 1413 2989 unus
1434 2935 1588 3006 apud
1611 2933 1884 2989 Hermam

235 3024 503 3082 occurrit
534 3025 695 3080 locus
727 3025 859 3095 (13).
892 3026 1173 3079 Caeterum
1208 3039 1314 3078 nos
1348 3023 1563 3077 elibris
1586 3021 1883 3078 canonicis

239 3120 479 3171 tantum
510 3113 649 3180 illis,
684 3112 784 3184 qui
819 3111 1134 3183 aliquando
1176 3111 1586 3167 controversiis
1640 3110 1887 3180 subjecti

230 3204 498 3270 fuerunt,
558 3202 686 3257 loca
748 3200 842 3256 hie
891 3200 1295 3272 ascripsimus.
1348 3198 1590 3271 Reliqua
1638 3200 1885 3255 conferri

234 3262 496 3365 possunt
524 3290 676 3362 apud
705 3262 1064 3344 Lardnerum
1096 3290 1227 3360 (14).
1290 3289 1399 3343 Pro
1430 3262 1701 3344 coronide
1731 3290 1887 3344 dun-
1916 3262 1960 3329 θ

236 3386 407 3437 taxat
434 3381 783 3436 adnotamus
814 3378 1087 3433 Hermam
1121 3382 1387 3433 nostrum
1398 3379 1529 3447 jure
1547 3378 1767 3449 Optimo
1800 3378 1888 3433 in-

241 3478 336 3527 ter
363 3474 544 3526 testes
576 3467 955 3540 gravissimos
984 3467 1056 3522 de
1086 3466 1385 3522 autbentia
1412 3466 1512 3522 SS.
1543 3467 1888 3540 Evangelio-

234 3576 376 3615 rum
417 3576 451 3614 a
499 3556 793 3622 Matthaao,
844 3556 1036 3611 Marco
1085 3572 1151 3611 ac
1202 3556 1357 3611 Luca
1405 3556 1887 3625 conscriptorum,

239 3648 608 3722 precipuum
640 3645 833 3702 locum
865 3644 1302 3716 mereri,utpote
1334 3644 1434 3715 qui
1476 3643 1686 3699 borum
1719 3661 1888 3699 evan-

242 3738 587 3810 gelistarum
620 3734 961 3803 sententias,
995 3733 1171 3788 verba
1198 3732 1557 3804 pbrasesque
1586 3733 1709 3790 suis
1740 3734 1800 3788 in
1831 3732 1894 3788 li-

246 3828 377 3884 bris
409 3840 663 3898 persazpe
694 3822 978 3895 expressit
1006 3826 1180 3894 atque
1200 3822 1464 3878 imitatus
1497 3823 1604 3878 fuit
1634 3842 1649 3891 ;
1683 3840 1893 3894 quem-

245 3915 573 3973 admodum
605 3914 663 3967 id
696 3913 783 3966 vir
803 3910 1241 3968 eruditissimus
1264 3911 1563 3967 Fassinius
1593 3928 1663 3966 ex
1690 3912 1894 3967 ordine

247 4006 323 4061 D.
357 4001 645 4059 Dominici
676 4017 785 4057 suo
816 4000 875 4055 in
925 3998 1407 4071 prestantissimo
1456 4016 1627 4072 opere
1665 4002 1738 4055 De
1763 4017 1893 4071 apo-

244 4095 452 4151 stolica
480 4090 902 4160 Bvangeliorum
923 4090 1138 4160 origine
1165 4087 1624 4145 luculentissima
1653 4090 1893 4146 demon-

248 4182 485 4239 stravit.

580 4268 612 4341 §
639 4268 711 4324 ΙΙ.
744 4269 819 4323 De
843 4268 940 4323 SS.
976 4267 1263 4322 Trinitatis
1291 4267 1577 4336 mysterio.

331 4358 679 4415 Sanctissim
690 4373 787 4411 um
806 4355 1109 4411 Trinitatis
1133 4355 1478 4426 mysterium
1513 4356 1623 4411 sub
1645 4356 1899 4427 quadam

251 4447 650 4505 similitudine
681 4445 902 4500 Hermas
935 4445 995 4499 in
1028 4443 1135 4499 hoc
1175 4459 1345 4515 opere
1387 4445 1626 4515 exponit
1672 4449 1899 4501 Pastor.

248 4538 521 4595 Dominus
568 4534 751 4606 fundi,
816 4533 1008 4605 inquit
1036 4532 1173 4605 (15),
1228 4532 1621 4588 demonstratur
1670 4549 1782 4589 esse
1830 4536 1901 4601 is,

1974 622 2074 687 τῆς
2125 620 2267 681 θείας
2314 620 2544 697 φύσεως,
2598 639 2697 678 seu
2749 623 3068 679 divinitatis
3119 628 3407 696 respectu,
3458 625 3614 695 quod

1977 708 2198 766 scilicet
2226 727 2293 766 ex
2324 710 2439 766 Deo
2470 716 2637 767 Patre
2667 712 2886 783 Spiritu
2936 713 3334 784 sanctissimo,
3364 714 3612 786 Spiritus

1978 798 2104 870 ipse
2132 800 2541 855 sanctissimus
2584 800 2811 868 existat,
2866 802 3175 873 respondet
3222 802 3289 856 V.
3323 802 3381 857 Ο.
3416 801 3618 858 Bullus

1979 890 2109 961 (16).
2144 889 2220 943 Eo
2251 888 2542 959 siquidem
2574 905 2751 945 sensu
2782 888 2992 945 titulus
3024 890 3273 961 Spiritus
3287 890 3472 946 sancti
3503 890 3617 946 sin-

1981 975 2136 1049 gulis
2166 977 2431 1048 personis
2460 978 2861 1034 SS.Trinitatis
2890 978 3067 1033 tribui
3089 983 3295 1050 potest.
3328 978 3617 1035 Nimirum

1982 1066 2167 1122 tertiae
2197 1066 2524 1122 divinitatis
2560 1066 2843 1120 ὑποστάσει
2885 1067 3136 1139 Spiritus
3190 1068 3375 1123 sancti
3431 1067 3623 1140 appel-

1983 1155 2122 1211 latio
2154 1156 2433 1213 tribuitur
2457 1156 2706 1228 proprie,
2743 1173 2857 1212 non
2890 1154 3096 1232 φύσεως
3127 1174 3229 1213 seu
3274 1163 3505 1215 naturae
3536 1174 3625 1213 re-

1985 1249 2187 1317 spectu
2222 1262 2235 1313 ;
2272 1262 2406 1299 nam
2438 1246 2521 1301 sic
2550 1250 2608 1300 et
2637 1246 2805 1301 Pater
2832 1246 3077 1317 Spiritus
3122 1251 3364 1302 sanctus
3421 1250 3528 1315 est,
3564 1251 3623 1303 et

1987 1333 2167 1389 Filius
2199 1350 2431 1406 quoque
2462 1335 2573 1405 (17)
2607 1352 2620 1402 ;
2654 1336 2753 1389 sed
2787 1336 3009 1391 ratione
3031 1335 3341 1391 inell'abilis
3360 1336 3623 1407 spiratio-

1986 1422 2098 1490 nis,
2133 1439 2250 1494 qua
2277 1439 2345 1477 ex
2377 1423 2541 1478 Patre
2588 1440 2690 1495 per
2731 1423 2941 1479 Filium
2992 1425 3119 1495 ipse
3165 1425 3440 1496 procedit.
3496 1424 3625 1481 Haec

1988 1516 2182 1567 autem
2217 1511 2294 1567 ita
2322 1528 2385 1567 se
2414 1510 2648 1581 habere,
2679 1511 2873 1567 locum
2906 1513 3237 1584 inspicienti
3268 1514 3435 1570 facile
3465 1518 3625 1585 pate-

1988 1599 2075 1654 bit
2107 1616 2119 1652 :
2154 1599 2373 1656 scilicet
2410 1606 2569 1656 totus
2614 1600 2693 1655 ibi
2742 1605 2969 1657 Hermes
3017 1618 3208 1657 sermo
3257 1607 3347 1657 est
3390 1602 3460 1657 de
3486 1601 3628 1657 Filio

1989 1687 2111 1753 Dei,
2147 1689 2245 1760 qui
2277 1690 2349 1744 ob
2394 1692 2645 1745 nostram
2672 1690 2906 1745 salutem
2961 1707 3147 1745 servus
3200 1696 3378 1759 {actus
3435 1696 3542 1758 est,
3577 1694 3629 1746 et

1988 1792 2203 1848 corpus,
2235 1777 2374 1848 quod
2401 1778 2675 1833 serviliter
2703 1784 3087 1834 conservatum
3116 1778 3251 1851 fuit,
3284 1779 3637 1850 assumpsit.

1988 1866 2277 1924 Hactenus
2306 1866 2528 1922 Bullus.
2560 1866 2738 1923 Aliter
2759 1884 2880 1922 rem
2912 1868 3149 1939 exponit
3177 1866 3256 1922 Cl.
3290 1872 3351 1923 P.
3385 1867 3627 1923 Miisslin

1990 1956 2140 2011 notis
2163 1956 2234 2010 ad
2256 1956 2411 2011 hunc
2431 1956 2709 2023 locum,et
2739 1973 2868 2012 mea
2898 1956 3134 2028 quidem
3150 1956 3421 2029 opinione
3443 1956 3626 2012 multo

1990 2044 2202 2100 clarius
2231 2062 2297 2099 ac
2327 2044 2721 2113 felicius,dum
2740 2046 2821 2101 ait
2844 2064 2901 2101 ;‹‹
2918 2046 3081 2101 Haud
3097 2046 3451 2114 mirandum,
3469 2046 3624 2117 quod

1989 2134 2236 2205 Spiritus
2268 2139 2506 2189 sanctus
2537 2150 2671 2189 cum
2703 2134 2840 2191 Filio
2872 2134 3098 2190 Domini
3128 2135 3293 2190 fundi
3323 2152 3624 2207 compare-

1990 2228 2107 2289 tur,
2141 2222 2277 2294 quia
2306 2223 2436 2295 ipsa
2465 2240 2697 2295 quoque
2729 2224 3030 2295 Scriptura
3068 2229 3188 2279 tam
3246 2224 3413 2293 Filio,
3446 2241 3623 2296 quam

1990 2312 2227 2384 Spiritui
2258 2317 2459 2368 sancto
2508 2312 2860 2384 peculiarem
2909 2312 3173 2368 Ecclesia:
3222 2330 3422 2369 curam
3454 2318 3628 2385 atque

1992 2401 2474 2474 gubernationem
2505 2401 2765 2457 ascribit.
2800 2424 2829 2451 ››
2860 2401 2954 2457 Sic
2985 2403 3138 2474 apud
3178 2402 3512 2458 Matthaaum
3543 2402 3631 2457 le-

1992 2490 2187 2563 gimus
2239 2492 2415 2545 :Ecce
2464 2505 2558 2561 ego
2611 2490 2890 2545 vobiscum
2943 2506 3066 2545 sum
3122 2492 3372 2546 omnibus
3419 2492 3628 2556 diebus,

1991 2595 2161 2649 usque
2188 2578 2257 2633 ad
2283 2580 2801 2634 consummationem
2827 2580 3022 2635 saeculi
3037 2580 3249 2635 53-“.Et
3279 2581 3433 2652 apud
3463 2580 3633 2635 Joan-

1992 2684 2125 2723 nem
2160 2685 2172 2722 :
2206 2669 2269 2722 Et
2298 2682 2394 2736 ego
2432 2668 2634 2736 rogabo
2679 2673 2922 2734 Patrem,
2973 2673 3025 2723 et
3052 2668 3235 2724 alium
3281 2670 3633 2725 Paracletum

1992 2756 2143 2811 dabit
2170 2757 2344 2827 vobis,
2376 2765 2441 2811 ut
2463 2760 2683 2812 maneat
2714 2757 2983 2812 vobiscum
3011 2760 3071 2812 in
3109 2762 3397 2826 mternum,
3448 2758 3629 2830 Spiri-

1992 2849 2108 2900 tum
2138 2846 2389 2900 veritatis
2414 2845 2672 2900 ‘°.Vocat
2694 2845 2892 2917 itaque
2921 2846 3165 2903 Hermas
3185 2848 3454 2919 Spiritum
3480 2864 3633 2903 sanc-

1992 2937 2112 2988 tum
2139 2933 2345 2988 Filium
2374 2934 2560 2987 Patris
2588 2934 2861 3003 familias,
2894 2934 3050 3004 quod
3099 2933 3193 2989 ille
3251 2934 3633 3005 quemadmo-

1996 3023 2136 3078 dum
2168 3026 2226 3077 et
2252 3021 2431 3077 Filius
2461 3021 2559 3076 Dei
2590 3020 2855 3077 Ecclesiae
2886 3039 3087 3077 curam
3119 3028 3282 3095 gerat
3310 3022 3631 3079 assiduam.

2070 3112 2252 3175 Quam
2284 3127 2426 3165 sana
2456 3115 2513 3165 et
2543 3111 2613 3165 ab
2645 3112 2805 3166 omni
2835 3112 3049 3167 erroris
3072 3112 3401 3183 suspicione
3431 3128 3634 3177 vacua,

1995 3203 2055 3256 et
2084 3217 2229 3271 pura
2259 3200 2432 3254 fuerit
2460 3200 2681 3255 Hermas
2701 3201 2773 3256 de
2802 3218 3077 3272 suprema
3097 3200 3305 3256 Christi
3332 3201 3637 3256 divinitate

2000 3289 2309 3358 sententia,
2340 3288 2433 3343 bis
2467 3288 2551 3342 vir
2581 3294 2652 3343 cl.
2683 3290 2973 3357 Petavius,
3006 3290 3241 3346 tametsi
3275 3289 3420 3346 alias
3477 3293 3637 3344 ante-

2000 3377 2247 3434 Niczenis
2268 3376 2538 3433 Patribus
2564 3394 2770 3448 parum
2801 3378 3011 3434 favisse
3039 3379 3325 3447 videatur,
3339 3378 3530 3434 verbis
3552 3376 3637 3431 di-

2001 3471 2154 3523 serte
2187 3466 2434 3537 explicat
2463 3466 2573 3537 (18)
2607 3483 2621 3520 :
2654 3488 2681 3515 ‹‹
2712 3467 2798 3521 Ab
2825 3465 3639 3537 vetustissimis,inquit,scri-

2002 3555 2267 3627 ptoribus
2299 3596 2311 3609 .
2358 3596 2371 3607 .
2418 3596 2431 3610 .
2475 3571 2579 3610 nec
2609 3556 2679 3610 ab
2712 3554 3358 3626 ullobairesis,falsique
3388 3553 3639 3609 maxime

2002 3644 2365 3700 de'l‘rinitate
2392 3643 2681 3716 dogmatis
2704 3644 3079 3700 insimulatus
3108 3649 3249 3700 est.»
3283 3644 3466 3707 Quam
3489 3645 3641 3697 recte

2001 3750 2135 3788 vero
2164 3734 2235 3787 de
2266 3732 2461 3787 divina
2490 3732 2661 3787 Verbi
2696 3738 2907 3787 natura
2924 3732 3021 3789 ille
3051 3732 3503 3798 senserit,nemo
3527 3729 3641 3785 nisi

2002 3822 2316 3878 Socinianaa
2393 3838 2457 3877 ac
2528 3821 2979 3877 dementissime:
3052 3821 3397 3878 temeritatis
3457 3820 3633 3876 homo

2006 3926 2268 3982 unquam
2302 3909 2614 3981 negaverit.
2647 3909 2795 3972 Quid
2816 3908 2972 3964 enirn
3004 3925 3197 3980 quaeso
3220 3909 3288 3964 ad
3341 3923 3638 3962 summam

2004 4000 2178 4056 Verbi
2209 3999 2571 4053 divinitatem
2604 3998 2774 4069 plane
2814 3998 3223 4053 declarandam
3264 3996 3354 4053 bis
3385 3995 3641 4052 auctoris

2006 4089 2224 4146 nostris
2254 4087 2447 4143 verbis
2473 4086 2686 4142 clarius
2716 4092 2774 4142 et
2828 4086 3145 4143 dilucidius
3172 4086 3200 4141 ‘?
3228 4088 3399 4142 Filius
3427 4084 3645 4156 quidem

2009 4182 2103 4236 Dei
2130 4179 2283 4235 omni
2310 4182 2569 4232 creatura
2595 4178 2879 4248 antiquior
2906 4181 3004 4242 est,
3064 4178 3170 4245 ita,
3210 4180 3273 4231 ut
3295 4178 3356 4230 in
3412 4173 3644 4230 consilio

2007 4269 2167 4324 Patri
2192 4282 2288 4321 suo
2333 4265 2577 4335 adfuerit
2634 4264 2703 4320 ad
2755 4264 3090 4320 condendam
3144 4273 3455 4320 creaturam
3511 4262 3645 4334 (19).

2010 4356 2118 4422 Qui
2149 4354 2359 4410 Filium
2388 4353 2488 4408 Dei
2526 4354 2683 4408 omni
2735 4358 3001 4410 creatura
3040 4354 3179 4408 dicit
3228 4352 3638 4424 antiquiorem,

2011 4445 2063 4501 is
2093 4448 2245 4500 certe
2273 4459 2407 4499 eum
2429 4448 2592 4498 extra
2621 4446 3019 4497 creaturarum
3042 4442 3307 4498 omnium
3334 4455 3647 4496 numerum

2013 4550 2079 4589 ac
2110 4550 2288 4606 supra
2344 4531 2578 4587 illarum
2629 4531 3019 4586 conditionem
3077 4536 3133 4587 et
3190 4536 3459 4586 naturam
3519 4543 3646 4583 esse

249 4628 356 4701 qui
379 4626 590 4682 creavit
619 4632 836 4689 cuncta,
868 4626 919 4677 et
946 4623 1095 4678 dedit
1126 4622 1239 4675 illis
1288 4623 1559 4677 virtutem.
1602 4620 1781 4678 Filius
1812 4640 1907 4678 au-
1934 4629 1981 4693 1)
2013 4628 2207 4694 aperte
2238 4620 2594 4693 pronuntiat.
2642 4620 2749 4683 Qui
2798 4624 2994 4675 autem
3051 4624 3210 4674 extra
3247 4622 3648 4673 creaturarum

250 4722 371 4773 lem
396 4717 642 4786 Spiritus
670 4720 889 4767 sanctus
918 4716 1014 4766 est.
1046 4710 1242 4766 Servus
1288 4726 1411 4765 vero
1455 4709 1555 4765 ille
1592 4710 1767 4765 Filius
1808 4712 1910 4769 Dei

2015 4727 2350 4777 numerum,
2384 4715 2441 4764 et
2473 4726 2653 4781 supra
2682 4707 2917 4763 illarum
2949 4711 3218 4763 naturam
3250 4704 3650 4771 constituitur,

250 4808 361 4862 est.
396 4804 513 4859 Cur
542 4806 737 4858 autem
770 4800 1012 4856 Hermas
1044 4799 1152 4855 hoc
1183 4797 1307 4853 loco
1338 4798 1547 4853 Filium
1596 4799 1697 4855 Dei
1755 4800 1909 4857 dicat
2015 4800 2109 4856 hic
2139 4800 2338 4871 procul
2372 4798 2547 4853 dubio
2588 4798 2901 4864 increatus,
2952 4802 3226 4861 internus,
3276 4800 3333 4850 et
3380 4809 3650 4850 summus

251 4908 498 4951 servum
516 4890 544 4945 ?
566 4906 774 4962 nempe
796 4888 1019 4944 ratione
1040 4888 1311 4944 humanae
1329 4892 1574 4957 naturae;
1590 4892 1647 4944 et
1666 4889 1774 4945 sub
1794 4906 1908 4961 qua

334 5043 457 5086 “3-”
486 5040 692 5098 Matth.
728 5056 926 5111 XXVIII,
957 5041 1045 5095 20.
1150 5040 1195 5073 ⁶⁰
1220 5038 1389 5094 Joan.
1422 5055 1537 5111 xw,
1572 5040 1657 5095 16.

333 5212 469 5285 (13)
498 5209 763 5285 Hermas,
826 5205 1134 5285 similitud.
1171 5224 1277 5285 ιιιἈ
1305 5224 1355 5262 ο.
1413 5210 1484 5262 23
1518 5226 1531 5264 :
1562 5210 1726 5285 Homo
1781 5228 1906 5268 vero

252 5278 389 5342 cum
418 5284 493 5338 sit
525 5279 843 5352 languidus,
875 5280 1155 5354 mortalis,
1180 5278 1511 5354 inﬁrmus,et
1531 5283 1767 5352 repletus
1785 5300 1906 5354 pec-

256 5358 423 5421 catis,
456 5354 667 5423 homini
692 5359 1108 5423 perseveranter
1136 5352 1410 5405 irascitur.
1455 5356 1659 5408 Conter
1689 5370 1737 5408 c.
1770 5352 1906 5410 ivm

255 5422 676 5486 Ecclesiastici,
693 5421 853 5477 ’vers.
880 5421 971 5475 24.

337 5500 381 5570 (1
400 5495 746 5570 l1)Lardner_
765 5495 827 5548 In
875 5494 978 5547 der
1024 5491 1633 5570 Glauwurdiglgeitder
1679 5513 1906 5568 evangg-

260 5565 477 5629 lischen
506 5566 833 5628 Geschichte,
868 5580 923 5635 p.
960 5581 1020 5630 11,
1054 5569 1193 5635 tom.
1232 5565 1273 5631 Ι,
1309 5581 1363 5635 ρ.
1396 5566 1612 5619 80-101.

340 5644 435 5711 (15
486 5638 709 5693 Hermaa
740 5634 957 5700 Pastbr,
986 5634 1293 5690 similitud.
1316 5634 1381 5705 7v,
1412 5652 1461 5691 c.
1493 5637 1547 5690 5.

340 5642 456 5786 (16g
486 5708 739 5781 Defensio
768 5706 898 5778 ﬁdei
924 5706 1176 5779 Nicwnz,
1205 5714 1344 5765 sect.
1380 5723 1420 5777 1,
1456 5723 1507 5766 ο.

337 5706 455 5795 (16)
486 5708 739 5781 Defensio
768 5706 898 5778 ﬁdei
924 5706 1176 5779 Nicwnz,
1205 5714 1344 5765 sect.
1380 5723 1420 5777 1,
1456 5723 1507 5766 ο.
1568 5711 1622 5782 2,
1650 5725 1783 5785 pag.
1818 5711 1903 5769 18.

549 5836 815 5903 Pauca.
862 5832 973 5899 Gn.
1018 5832 1098 5899 ll.

2016 4904 2444 4961 supremusque
2474 4887 2627 4942 Deus
2658 4885 3106 4951 asseritur.Quis
3121 4902 3373 4957 namque
3392 4887 3650 4940 creatum

2085 5212 2200 5297 (1:7)
2228 5209 2314 5279 Τᾠ
2345 5206 2509 5297 [lupi
2541 5207 2630 5261 mi
2688 5210 2764 5297 rip
2796 5206 2903 5297 Υἱιῷ
2942 5205 3077 5297 κοξτᾶ
3130 5207 3191 5261 τὸ
3241 5202 3350 5295 ζ’σογ
3383 5202 3443 5289 ἧ-
3470 5204 3651 5297 τίτοῦ

2018 5278 2360 5353 ΙΙνὲύμαίτΟς,Δ
2381 5278 2469 5333 καὶ
2520 5282 2554 5347 ἡ
2587 5283 2683 5353 τοῦ
2741 5278 2928 5353 Ἀγίόρ
2959 5278 3179 5353 κλῆσις)
3210 5279 3354 5353 παρὰ
3381 5281 3479 5353 ςῇς
3512 5280 3646 5353 Γρα-

2018 5301 2154 5335 ιινευ
2205 5301 2349 5349 ατος,
2381 5301 2469 5333 και
2520 5301 2554 5347 η
2587 5301 2683 5332 του
2758 5301 2928 5353 Λγιου
2959 5301 3155 5347 κΛησις
3210 5301 3354 5353 παρα
3382 5301 3479 5349 τῃς
3514 5301 3531 5327 ι
3553 5301 3646 5350 ρα-

2017 5301 2571 5434 φῇςηὲἒραρμόζεταιεει
2594 5352 2747 5434 Patri
2779 5352 2991 5434 etFilio
3008 5351 3277 5407 similiter
3300 5355 3355 5405 et
3374 5348 3647 5434 Spiritus,

2016 5422 2073 5481 et
2120 5422 2316 5479 Saneti
2369 5423 2675 5494 appellatio
2727 5440 2761 5477 a
2808 5424 3107 5494 Scriptura
3158 5422 3586 5494 accomodatur.
3622 5439 3651 5465 »

2015 5499 2073 5552 S.
2106 5492 2415 5566 Gregorius
2444 5492 2778 5566 Nyssaenus,
2800 5492 3054 5549 oration.
3087 5504 3273 5549 contra
3304 5492 3651 5566 Eunomium.

2088 5567 2197 5638 (18)
2223 5562 2517 5638 Petavius,
2550 5570 2689 5620 tom.
2725 5565 2793 5631 ΙΙ,
2832 5567 3076 5635 Theolog.
3118 5566 3374 5635 dogmat.,
3407 5562 3651 5632 praefat,

2096 5636 2102 5638 _
2175 5636 2208 5673 ε)
2280 5639 2289 5651 ,

2016 5636 2497 5767 ωῗίεὶῗίἓθῗιιιδε.
2530 5706 2757 5766 similit.
2788 5723 2865 5767 ιι.
2893 5707 2929 5766 li

2086 5705 2198 5785 (19)
2231 5705 2497 5779 Hermas,
2530 5706 2757 5766 similit.
2788 5723 2865 5779 ιι,
2893 5707 2996 5768 lib.
3027 5723 3113 5782 ιιι,
3143 5722 3268 5779 cap.
3305 5705 3391 5762 12.

3302 5832 3381 5907 28
