4038 6210
536 415 656 477 875
2031 416 2097 475 S.

2265 414 2441 474 ΒΜᾸΞ
3763 426 3860 484 876

535 549 692 603 inter
721 552 777 603 et
802 547 1146 613 increatum,
1177 546 1328 602 inter
1358 547 1540 602 Deum
1571 552 1627 603 et
1655 551 1977 603 creaturam
2026 545 2171 601 nihil
2202 547 2259 614 Α
2286 547 2842 617 adfuerat,ejusdem
2874 563 3008 602 cum
3040 548 3167 619 ipso
3198 548 3350 604 sicut
3376 554 3581 606 naturae
3611 552 3687 608 ita
3711 560 3761 609 et
3777 571 3857 627 po-

536 637 776 694 omnino
809 637 1065 692 medium
1105 652 1233 692 esse
1282 637 1505 705 ignorat
1534 638 1560 690 ?
1592 637 1851 708 Denique
1901 636 2171 691 eumdem
2282 636 2509 691 testatis
2538 653 2769 707 semper
2798 637 2989 692 fuerit.
3023 641 3164 692 Cum
3198 643 3356 693 sarta
3382 638 3854 711 igitur,tecta,inte-

536 724 634 782 Dei
672 724 882 780 Filium
935 727 1006 781 ad
1056 726 1418 781 condendam
1474 730 1798 781 creaturam
1859 726 2006 780 Patri
2067 742 2172 779 suo
2281 741 2500 797 graque
2533 725 3384 782 sitHermzenostridesumma
3404 728 3851 803 Christidoctrina,

530 820 745 871 interno
775 815 1033 872 adfuisse
1063 814 1161 885 qui
1206 815 1402 881 tradit,
1423 815 1473 869 is
1521 816 1774 885 profecno
1822 814 1986 869 illum
2018 814 2171 868 Patri
2282 830 2387 868 nec
2417 815 2555 885 quid
2590 815 2828 871 omnino
2860 820 3063 871 contra
3092 814 3255 871 illam
3275 816 3385 872 nisi
3414 817 3687 874 insulsum
3715 820 3850 892 plane

530 921 637 960 suo
662 910 1013 960 coaeternum
1045 903 1382 959 ﬁrmissime
1412 908 1723 959 asseverat.
1756 904 1968 958 Eodem
2001 902 2170 973 plane
2278 908 2335 956 et
2366 903 2627 975 ineptum
2650 905 2875 959 effutire
2890 904 3183 976 potuerint
3212 905 3455 961 haeretici
3488 925 3501 975 ;
3535 925 3675 964 unus
3691 915 3849 968 tamen

533 1010 710 1049 sensu
742 993 986 1048 Hermas
1035 992 1207 1063 paulo
1267 993 1537 1063 superius
1594 994 1818 1046 dixerat
1852 1009 1862 1044 :
1892 996 1957 1045 In
1985 992 2173 1047 servili
2278 1007 2345 1045 ex
2375 991 2490 1046 illis
2521 1010 2704 1064 pauca
2735 995 2999 1064 quaedam
3034 993 3220 1065 ipsius
3256 996 3428 1049 verba
3454 997 3849 1069 arrosit,quibus

529 1083 839 1137 conditione
866 1098 979 1135 non
1009 1083 1235 1151 ponitur
1267 1082 1440 1136 Filius
1472 1082 1586 1145 Dei,
1620 1081 1709 1135 sed
1740 1083 1798 1134 in
1840 1098 2040 1148 magna
2066 1098 2166 1151 po-
2277 1080 2531 1149 Spiritus
2561 1082 2747 1137 sancti
2797 1082 3159 1137 divinitatem
3194 1084 3264 1138 ab
3311 1100 3375 1138 eo
3425 1090 3677 1155 negatam
3707 1087 3848 1145 fuisse

530 1176 725 1228 testate
753 1176 803 1226 et
831 1173 1059 1241 imperio
1090 1171 1221 1241 (20).
1255 1171 1469 1225 Omnes
1500 1170 1715 1241 quippe
1746 1175 2021 1224 creatura:
2057 1174 2167 1223 Deo
2278 1170 2521 1239 probare
2554 1186 2855 1241 perperam
2878 1177 3121 1226 conatus
3145 1172 3389 1227 estHaec
3418 1190 3579 1244 porro
3607 1180 3847 1248 sunt,qua

531 1261 791 1317 serviunt
819 1286 833 1325 ;
865 1261 1123 1329 quoniam
1152 1262 1355 1325 omnia,
1391 1259 1472 1313 uti
1506 1260 1574 1312 de
1616 1260 1727 1313 Deo
1757 1258 1911 1313 canit
1944 1257 2165 1313 Psaltes
2278 1256 2373 1311 ille
2403 1258 2569 1313 nobis
2599 1259 2798 1329 objicit
2838 1275 2850 1318 :
2882 1261 3059 1331 Neque
3101 1275 3226 1314 cum
3282 1262 3415 1329 vult,
3467 1264 3663 1317 homini
3706 1266 3842 1335 loqui-

529 1351 727 1422 regius
754 1352 797 1385 ⁶¹
829 1351 1082 1405 serviunt
1110 1349 1227 1403 tibi.
1261 1349 1366 1411 Qui
1398 1364 1533 1419 ergo
1567 1350 1623 1401 in
1652 1350 1839 1402 servili
1864 1348 2167 1403 conditione
2273 1349 2365 1399 tur
2394 1346 2634 1417 Spiritus
2664 1356 2905 1413 sanctus,
2962 1349 3056 1403 sed
3113 1353 3242 1404 tunc
3299 1349 3559 1421 loquitur,
3612 1367 3719 1406 cum
3760 1354 3844 1407 vult

529 1456 639 1494 non
663 1440 916 1511 ponitur,
944 1438 1037 1492 hic
1071 1442 1337 1493 creatura
1368 1453 1472 1491 nec
1504 1454 1630 1491 esse
1658 1453 1761 1491 nec
1793 1436 1902 1490 dici
1937 1441 2159 1507 potest;
2272 1436 2413 1489 Deus
2438 1437 2570 1506 (23).
2603 1438 2713 1492 Sed
2746 1437 2795 1492 si
2827 1437 2981 1493 hunc
3015 1438 3390 1494 Socinianum
3420 1439 3695 1495 hominem
3724 1442 3841 1497 nefa-

528 1529 629 1599 qui
659 1532 855 1583 autem
886 1532 1151 1583 creatura
1181 1542 1308 1581 esse
1338 1530 1395 1581 et
1432 1525 1541 1580 dici
1596 1526 1817 1595 nequit,
1866 1524 1963 1579 ille
2012 1530 2164 1580 certe
2272 1524 2395 1579 rius
2425 1526 2675 1581 errantis
2706 1530 2875 1581 sectis
2905 1543 3069 1582 amor
3100 1544 3215 1583 non
3272 1528 3506 1599 penitus
3533 1530 3840 1598 obcaecasset,

528 1618 680 1673 Deus
710 1618 833 1688 ipse
865 1620 975 1671 est.
2269 1611 2650 1669 intellexisset
2678 1616 2881 1686 utique
2911 1616 3062 1671 hanc
3091 1632 3219 1672 esse
3269 1618 3487 1671 Hermae
3520 1618 3687 1674 nostri
3715 1635 3843 1675 men-

596 1711 713 1780 Age
742 1722 893 1771 vero,
927 1705 976 1760 si
1009 1704 1101 1760 his
1131 1705 1405 1760 omnibus
1439 1707 1495 1758 et
1522 1702 1635 1758 alia
1665 1702 2061 1775 adjicias,quae
2090 1705 2161 1758 de
2267 1705 2471 1772 tem,et
2491 1718 2731 1759 sensum
2759 1704 3033 1760 omnibus
3063 1704 3231 1760 facile
3260 1704 3493 1761 obvium
3526 1724 3539 1762 :
3569 1707 3729 1778 Neque
3749 1724 3841 1763 cum

522 1797 722 1853 eodem
756 1795 856 1851 Dei
886 1794 1029 1849 Filio
1051 1795 1121 1849 ab
1156 1799 1386 1849 auctore
1418 1797 1613 1848 nostro
1644 1792 1861 1864 scripta
1888 1792 2156 1864 legimus:
2269 1789 2425 1846 homo
2482 1793 2619 1863 vult,
2678 1793 2891 1849 homini
2954 1794 3198 1865 loquitur
3242 1793 3482 1866 Spiritus
3531 1800 3747 1862 sanctus,
3770 1798 3838 1852 sed

520 1887 583 1941 In
611 1901 840 1954 magna,
874 1883 1065 1953 inquit
1094 1884 1227 1953 (21),
1259 1887 1338 1937 est
1363 1887 1623 1953 potestate
1649 1891 1701 1937 et
1731 1882 1995 1952 imperio;
2021 1881 2159 1936 alibi
2189 1916 2237 1981 B
2267 1895 2393 1934 cum
2419 1881 2535 1936 vult
2562 1882 2721 1937 Deus.
2754 1886 2829 1936 At
2857 1881 3019 1954 quid,
3045 1883 3306 1952 obsecro,
3331 1900 3399 1939 ex
3426 1883 3518 1939 his
3545 1885 3716 1940 verbis
3739 1902 3837 1940 con-

518 1989 652 2029 vero
683 1972 764 2027 ait
794 1989 807 2026 :
842 1973 1045 2027 Nomen
1070 1972 1201 2025 Filii
1227 1973 1331 2026 Dei
1367 1987 1624 2041 magnum
1666 1976 1766 2039 est,
1816 1975 1869 2024 et
1926 1972 2158 2025 immen-
2189 1970 2234 1981 "
2269 1973 2361 2024 tra
2390 1970 2645 2041 Spiritus
2674 1972 2859 2026 sancti
2893 1971 3256 2027 divinitatem
3288 1972 3316 2027 ‘I
3347 1972 3465 2027 imo
3494 1990 3617 2029 vero
3646 1974 3763 2045 quid
3787 1989 3834 2029 ex

519 2079 659 2127 sum,
690 2071 743 2117 et
774 2069 913 2117 totus
941 2062 1008 2115 ab
1038 2077 1097 2116 eo
1126 2064 1463 2115 sustentatur
1491 2060 1635 2114 orbis
1665 2060 1774 2130 (22)
1811 2077 1823 2125 ;
1859 2076 1923 2115 ac
1972 2060 2158 2115 conti-
2268 2057 2524 2126 illis,nisi
2557 2076 2659 2131 pro
2691 2060 3004 2115 asserenda
3032 2060 3228 2116 divina
3255 2060 3415 2117 illius
3439 2062 3834 2132 natura,conclu-

521 2168 637 2207 nuo
668 2154 800 2222 post
827 2167 839 2205 :
875 2150 1059 2206 Omnis
1090 2151 1191 2204 Dei
1218 2152 1473 2204 creatura
1498 2166 1597 2220 per
1654 2150 1855 2203 Filium
1884 2149 2002 2219 ejus
2030 2166 2153 2204 sus-
2266 2146 2324 2201 di
2357 2152 2545 2218 potest
2575 2148 2602 2202 ?
2632 2149 2715 2203 lbi
2749 2149 2904 2203 enim
2918 2148 3160 2205 Hermas
3181 2166 3349 2205 veros
3373 2150 3667 2222 prophetas
3688 2150 3831 2206 divino

519 2240 882 2298 tentatur.His
902 2238 1091 2295 verbis
1106 2255 1398 2293 summam
1414 2237 1946 2293 illiusdivinitatem
1960 2242 2156 2310 aperte
2263 2237 2746 2309 Spiritu,quando
2776 2238 3023 2309 ipsemet
3050 2237 3252 2307 voluit,
3268 2240 3498 2295 afflatus
3526 2239 3689 2295 fuisse
3713 2254 3827 2295 asse-

517 2329 840 2385 renuntiari
871 2327 1126 2397 fatearis,
1162 2328 1395 2382 omnino
1430 2342 1664 2382 necesse
1722 2331 1828 2381 est.
1863 2327 1967 2381 Cui
1997 2327 2152 2381 enim
2266 2330 2529 2382 verat.At
2548 2327 2677 2397 quis
2707 2328 2949 2394 nesciat,
2979 2332 3251 2383 strenuos
3283 2328 3523 2384 Nicaanaa
3544 2328 3663 2383 ﬁdei
3688 2328 3830 2384 defen-

516 2419 725 2474 amabo
753 2423 828 2485 te,
862 2434 929 2473 ea
951 2416 1144 2473 omnia
1174 2416 1476 2471 convenire
1522 2420 1788 2487 possunt,
1849 2416 1961 2470 nisi
2019 2432 2153 2471 vero
2263 2432 2425 2471 sores
2482 2416 2589 2472 hoc
2648 2418 2719 2471 ad
2791 2416 3167 2472 debellandos
3217 2417 3486 2488 Arianos,
3536 2423 3589 2473 et
3636 2416 3829 2489 Spiritus

513 2507 614 2564 Dei
649 2506 915 2578 Filio,qui
945 2506 1207 2577 ejusdem
1239 2522 1372 2560 cum
1408 2506 1573 2559 Patre
1605 2505 1682 2560 sit
1711 2504 2148 2575 immensitatis,
2262 2505 2449 2561 sancti
2482 2505 2847 2561 divinitatem
2879 2506 3158 2562 adversus
3213 2505 3646 2562 Macedonianos
3672 2506 3827 2561 invicte

516 2596 880 2662 mternitatis,
913 2595 1217 2667 potestatis
1274 2600 1332 2649 et
1365 2598 1607 2650 naturae.
1640 2594 1763 2649 Non
1823 2595 2149 2650 audiendus
2261 2595 2743 2666 propugnandam
2775 2595 3205 2663 efﬁcacissimo,
3237 2601 3302 2651 ut
3344 2595 3513 2668 plane
3544 2614 3647 2652 non
3674 2595 3826 2651 imme-

515 2687 713 2758 itaque
744 2684 962 2757 impius
999 2684 1193 2739 nescio
1247 2683 1380 2754 quis
1424 2682 1791 2750 Socinianus,
1845 2683 1945 2754 qui
1980 2683 2150 2738 nobis
2260 2682 2370 2738 rito
2401 2685 2706 2755 putabant,
2738 2701 2876 2740 usos
2908 2701 3036 2740 esse
3066 2691 3438 2756 argumento.

513 2791 820 2847 perperam
852 2773 1056 2843 objicit
1084 2772 1295 2828 Filium
1327 2772 1427 2827 Dei
1447 2771 1663 2827 ibidem
1695 2772 1767 2827 ab
1791 2772 2004 2827 Herma
2034 2788 2151 2827 ser-
2328 2772 2547 2828 Hermaa
2580 2773 2783 2828 Pastor
2810 2774 2957 2829 duas
2987 2774 3231 2845 insuper
3259 2774 3321 2828 in
3372 2774 3593 2831 Christo
3643 2778 3821 2830 naturas

512 2880 649 2920 vum
681 2861 1088 2935 appellari,qui
1108 2866 1239 2932 post
1262 2878 1428 2916 suam
1454 2865 1680 2915 tantum
1714 2866 1960 2916 mortem
1998 2862 2146 2916 aPa-
2260 2862 2626 2933 apertissime
2646 2862 2958 2934 distinguit
2989 2881 3001 2918 :
3036 2861 3293 2918 divinam
3326 2881 3520 2932 unam,
3566 2863 3819 2919 secundum

512 2958 601 3009 tre
632 2969 808 3025 super
835 2950 1116 3024 populum
1148 2967 1322 3005 suum
1353 2954 1697 3021 potestatem
1731 2967 1962 3005 omnem
1995 2967 2150 3006 acce-
2261 2966 2437 3020 quam
2471 2950 2568 3005 Dei
2600 2949 2781 3005 Filius
2821 2954 2954 3005 ante
2999 2965 3232 3005 omnem
3282 2954 3604 3006 creaturam
3631 2947 3818 3011 exsistit,

513 3042 679 3115 perit.
718 3040 991 3113 Nunquid
1022 3039 1177 3095 enim
1209 3039 1475 3106 Hermas,
1523 3056 1656 3095 cum
1707 3040 1946 3109 ibidem,
1996 3040 2150 3096 sicut
2257 3044 2317 3095 ut
2346 3042 2405 3095 in
2434 3040 2659 3095 consilio
2689 3041 2848 3095 Patri
2874 3055 2977 3095 suo
3005 3039 3247 3111 adfuerit
3272 3040 3349 3095 ad
3378 3039 3689 3096 condendam
3711 3053 3820 3092 crea-

510 3130 787 3197 vidimus,
838 3128 981 3183 dixit
1012 3145 1026 3183 :
1059 3130 1118 3183 In
1140 3129 1664 3184 serviliconditione
1688 3144 1796 3183 non
1823 3131 2146 3199 poniturFi-
2259 3138 2474 3185 turam.
2508 3130 2591 3184 En
2640 3129 2932 3201 integrum
2964 3133 3185 3184 textum
3219 3129 3286 3184 D.
3326 3129 3546 3185 Hermia
3574 3144 3664 3201 pro
3688 3125 3827 3181 divina

513 3220 621 3276 lius
649 3220 766 3288 Dei,
795 3218 907 3274 sibi
938 3218 1047 3289 ipsi
1082 3218 1356 3285 absurde,
1380 3216 1695 3289 putideque
1725 3218 2145 3276 contradixisse
2188 3284 2217 3289 _
2258 3223 2468 3274 natura
2501 3236 2514 3274 ε
2544 3220 2799 3273 Primum
2830 3220 3096 3288 omnium,
3113 3216 3705 3289 domine,inquam,lwc
3721 3214 3822 3268 mihi

509 3284 933 3365 existimandus
962 3284 1101 3363 est?
1131 3306 1271 3371 Quis
1299 3284 1456 3361 sanae
1482 3284 1697 3361 mentis
1741 3307 1915 3363 homo
1947 3308 2001 3363 id
2036 3326 2142 3364 un-
2177 3284 2219 3350 α
2255 3309 2587 3364 demonstra.
2640 3309 2807 3362 Petra
2862 3308 2973 3362 hac
3019 3284 3091 3362 eti
3116 3311 3279 3378 porta
3338 3284 3469 3378 quid
3524 3284 3638 3361 sunt
3660 3308 3680 3358 ?
3702 3302 3815 3365 Audi,

506 3414 685 3469 quam
715 3412 995 3467 asserere,
1030 3396 1146 3450 imo
1180 3394 1527 3465 cogitatione
1559 3396 1869 3467 animoque
1928 3398 2146 3469 tingere
2262 3398 2479 3469 inquit,
2506 3401 2665 3469 porta
2696 3397 2813 3454 haec
2840 3401 2892 3451 et
2918 3405 3075 3467 porta
3133 3397 3312 3451 Filius
3370 3398 3471 3452 Dei
3522 3401 3609 3451 est.
3638 3398 3823 3466 Quonam

507 3487 719 3543 audeat
750 3486 777 3540 ?
805 3485 945 3550 Quis
973 3501 1130 3554 vero,
1162 3483 1210 3539 si
1243 3484 1399 3539 hunc
1431 3484 1686 3539 auctoris
1718 3486 1900 3540 nostri
1951 3485 2143 3543 locum
2249 3497 2424 3559 pacto,
2460 3487 2720 3558 inquam,
2752 3486 2989 3556 domine,
3021 3494 3179 3556 petra
3210 3493 3363 3540 vetus
3393 3489 3490 3555 est,
3520 3492 3666 3557 porta
3686 3485 3814 3536 autem

500 3576 685 3649 aequis
732 3590 987 3645 unquam
1049 3573 1253 3645 legerit
1319 3572 1523 3637 oculis,
1576 3574 1656 3627 ibi
1704 3575 1980 3630 continuo
2026 3594 2141 3633 non
2252 3594 2393 3633 nova
2421 3576 3127 3647 ?Audi,inquit,insipiens
3145 3579 3198 3630 et
3226 3575 3480 3646 intellige
3521 3568 3815 3639 :Filiusqui-

502 3665 948 3731 animadvertat,
984 3666 1301 3733 utrumque
1333 3664 1404 3717 ab
1437 3661 1536 3717 illo
1569 3664 1639 3717 de
1670 3663 1885 3734 duplici
1925 3666 2140 3723 Christi
2250 3668 2372 3723 dem
2403 3668 2503 3722 Dei
2532 3668 2682 3721 omni
2709 3668 2955 3721 creatura
2983 3665 3267 3736 antiquior
3297 3669 3399 3734 est,
3433 3666 3529 3732 ita,
3572 3672 3628 3718 ut
3654 3663 3703 3716 in
3724 3673 3811 3714 con-

499 3759 730 3822 natura,
764 3770 896 3809 cum
928 3753 1343 3819 bumana,tum
1372 3752 1569 3806 divina
1601 3756 1751 3807 recte
1783 3753 2063 3809 traditum
2086 3760 2142 3811 et
2249 3757 2375 3811 sitio
2422 3758 2578 3811 Patri
2604 3771 2701 3810 suo
2750 3753 3082 3825 adfueritad
3135 3753 3483 3810 condendam
3524 3754 3810 3806 creaturam:

500 3842 963 3916 pronuntiatum.
1016 3841 1517 3907 Quemadmodum
1568 3840 1723 3896 enim
1773 3842 2037 3900 Christus
2068 3848 2139 3900 ab
2246 3854 2405 3918 porta
2432 3848 2619 3900 autem
2660 3846 2946 3915 prapterea
2982 3859 3122 3898 nova
3158 3851 3260 3913 est,
3293 3844 3424 3913 quia
3455 3844 3510 3896 in
3539 3850 3808 3895 consumm-

500 3934 629 4006 ipso
661 3932 981 3989 secundum
1006 3930 1261 3986 divinam
1284 3947 1452 3985 suam
1467 3934 1735 3985 naturam
1756 3934 1908 3987 omni
1925 3943 2137 3990 creatu-
2250 3939 2395 3992 tione
2424 3938 2480 3990 in
2507 3936 2823 3990 novissimis
2846 3932 3034 3988 diebus
3081 3932 3393 4004 apparebit,
3426 3942 3484 3986 ut
3528 3932 3617 4001 qui
3654 3939 3807 3981 assecl-

500 4040 567 4077 ra
594 4024 894 4094 antiquior,
924 4022 985 4075 in
1031 4020 1218 4074 servili
1265 4020 1567 4075 conditione
1609 4036 1720 4076 non
1754 4024 1980 4093 ponitur
2004 4043 2028 4087 ;
2057 4024 2138 4080 ita
2246 4029 2363 4082 turi
2386 4029 2517 4081 sunt
2544 4026 2782 4080 salutem
2808 4038 2905 4094 per
2930 4038 3051 4077 eam
3078 4021 3285 4077 intrent
3315 4023 3375 4076 in
3396 4036 3613 4092 regnum
3636 4012 3804 4083 Dei(2l)-

503 4111 828 4167 secundum
865 4110 1182 4165 humanam
1213 4124 1398 4163 servus
1429 4110 1523 4163 Dei
1571 4110 1896 4181 appellatus
1925 4117 2033 4167 est.
2068 4115 2137 4171 Et
2246 4118 2363 4173 Hoc
2394 4116 2586 4185 itaque
2638 4114 2698 4168 in
2729 4112 2854 4168 loco
2893 4112 3094 4167 Pastor
3146 4109 3444 4166 Christum
3491 4107 3693 4164 exhibet
3730 4099 3804 4155 sub

497 4200 557 4255 id
580 4200 815 4272 quidem
849 4198 1084 4264 clarius,
1118 4214 1295 4270 quam
1329 4198 1638 4269 ipsiusmet
1670 4200 1888 4254 Hermae
1944 4203 2134 4260 verbis
2243 4205 2497 4277 imagine
2527 4208 2653 4258 tum
2682 4206 2855 4274 petris
2886 4200 3111 4266 veteris,
3132 4203 3424 4270 quatenus
3456 4197 3549 4252 Dei
3578 4194 3724 4251 Filius
3745 4191 3802 4243 est

493 4289 765 4363 explicari
800 4305 913 4344 non
948 4292 1140 4359 potest
1170 4304 1182 4340 :
1220 4289 1327 4343 Hoc
1354 4304 1499 4357 ergo,
1533 4288 1743 4358 inquit,
1778 4289 1984 4346 Christi
2009 4309 2132 4348 cor-
2242 4299 2377 4349 ante
2409 4308 2641 4348 omnem
2674 4294 2999 4347 creaturam
3031 4306 3149 4345 una
3176 4304 3313 4343 cum
3349 4292 3513 4342 Patre
3540 4283 3797 4341 exsistens:

485 4396 612 4453 pus,
644 4382 704 4434 in
732 4377 873 4450 quod
925 4376 1179 4431 inductus
1220 4385 1297 4432 est
1340 4377 1578 4448 Spiritus
1623 4386 1860 4445 sanctus,
1909 4383 2133 4438 servivit
2240 4388 2366 4438 tum
2400 4386 2578 4454 portae
2606 4396 2786 4447 novas,
2828 4382 3118 4449 quatenus
3168 4378 3322 4432 idem
3376 4376 3546 4431 homo
3589 4373 3739 4427 factus
3759 4364 3795 4417 in

488 4471 579 4526 illi
606 4469 860 4541 Spiritui,
908 4472 1053 4522 recte
1096 4466 1156 4521 in
1208 4467 1469 4521 modestia
1524 4467 1814 4522 ambulans
1866 4474 1919 4523 et
1963 4478 2125 4539 caste,
2239 4470 2573 4527 novissimis
2604 4468 2811 4524 diebus
2841 4466 3131 4538 apparuit.
3166 4465 3296 4520 Haec
3326 4470 3521 4521 autem
3566 4476 3679 4517 cum
3704 4456 3797 4511 Her-

482 4575 659 4631 neque
686 4560 911 4614 omnino
938 4557 1237 4611 maculavit
1262 4556 1529 4627 Spiritum
1578 4557 1805 4611 illum...
1838 4558 2128 4615 Advocavit
2238 4578 2365 4616 mas
2398 4560 2656 4616 nondum
2688 4555 3056 4627 intelligeret,
3090 4570 3278 4625 neque
3328 4568 3531 4625 capere
3559 4544 3792 4623 potuisset.

478 4665 605 4719 ergo
636 4649 843 4704 Filium
899 4655 948 4702 et
1004 4648 1227 4701 nuntios
1282 4645 1461 4711 bonos,
1523 4653 1583 4699 ut
1636 4650 1689 4700 et
1733 4646 1865 4701 huic
1922 4650 2127 4705 scilicet
2154 4652 2202 4717 D
2237 4668 2352 4722 qua
2381 4650 2626 4715 ratione,
2661 4646 2761 4718 qui
2794 4644 2975 4700 Filius
3013 4645 3107 4699 Dei
3138 4648 3247 4715 est,
3271 4644 3427 4699 idem
3456 4646 3512 4698 et
3538 4638 3626 4696 Dei
3654 4644 3793 4722 serius

476 4718 711 4809 corpori,
751 4736 889 4809 quod
918 4738 1146 4790 servivit
1192 4734 1429 4805 Spiritui
1474 4742 1659 4789 sancto
1710 4736 1831 4791 sine
1879 4738 2123 4807 querela,
2234 4718 2640 4810 sit,Pastorem
2672 4735 3220 4804 suuminterrogat;
3257 4748 3441 4804 quare
3470 4728 3637 4786 Filius
3661 4718 3784 4779 Deiin

477 4826 623 4881 locus
652 4826 862 4897 aliquis
888 4823 1223 4881 consistendi
1271 4823 1512 4890 daretur,
1567 4839 1636 4877 ne
1683 4824 1957 4880 videretur
1988 4843 2123 4882 mer-
2232 4827 2618 4883 similitudine
2647 4825 2775 4891 hac,
2809 4822 3002 4879 servili
3035 4820 3159 4877 loco
3218 4820 3459 4892 ponitur
3482 4820 3508 4873 ?
3537 4815 3661 4872 Huic
3685 4822 3788 4901 qnf'

472 4914 653 4971 cedem
691 4894 971 4970 servitutis
1021 4929 1136 4968 suae
1192 4912 1513 4983 perdidisse.
1575 4914 1787 4984 Accepit
1831 4924 2016 4969 autem
2070 4921 2121 4972 et
2230 4917 2402 4973 stioni
2436 4914 2749 4986 respondet
2780 4911 3015 4983 quidem
3067 4910 3313 4964 Pastor:
3348 4910 3412 4963 In
3461 4894 3783 4962 servilicoudi-

469 5012 590 5075 post
618 5012 847 5060 mortem
870 5020 1033 5059 suam
1064 5004 1213 5057 idem
1246 5002 1460 5056 Christi
1504 5018 1717 5073 corpus,
1773 5004 2119 5076 humanaque
2226 5006 2373 5061 tione
2400 5021 2510 5060 non
2529 5003 2761 5076 ponitur
2789 5000 2970 5057 Filius
3002 4998 3225 5064 Dei,scd
3252 4996 3307 5051 in
3342 5011 3550 5067 magna
3577 4986 3782 5064 potest!“6

470 5092 710 5162 ejusdem
735 5096 941 5148 natura
978 5108 1191 5147 omnem
1238 5107 1401 5162 super
1444 5093 1704 5162 populum
1754 5097 2066 5162 potestatem
2094 5112 2115 5156 ,·
2226 5100 2278 5150 et
2314 5092 2685 5166 imperio.Sed
2708 5090 2828 5145 haec
2858 5088 3335 5159 verbaintegrum
3352 5084 3595 5140 Pastoris
3613 5086 3778 5146 respotl'

468 5181 701 5236 tametsi
735 5182 983 5252 ipsemet
1011 5180 1299 5245 Christus,
1333 5179 1433 5250 qui
1476 5182 1798 5235 secundum
1857 5182 2111 5238 divinam
2225 5201 2356 5239 sum
2389 5201 2500 5238 non
2534 5179 2843 5238 absolvunt
2876 5196 2889 5247 ;
2924 5176 3210 5247 siquidem
3253 5179 3310 5231 et
3339 5173 3452 5230 alia
3502 5172 3568 5227 ab
3615 5183 3669 5223 eo
3691 5172 3774 5218 1110x

467 5287 639 5327 suam
670 5270 1063 5326 substantiam
1098 5269 1249 5324 Patri
1278 5269 1349 5324 ad
1381 5270 1742 5325 condendam
1784 5276 2108 5327 creaturam
2222 5272 2639 5343 subjiciuntur,
2673 5286 2797 5339 quae
2829 5266 3137 5339 propositae
3184 5264 3508 5338 questionis
3537 5255 3770 5333 pleniomm

536 5405 577 5441 ⁶¹
610 5403 760 5460 Psal.
798 5420 993 5471 cxvm,
1024 5404 1111 5458 91.

530 5592 652 5666 (20),
674 5590 1153 5666 ῌετωεεέχβίωίιο
1186 5608 1243 5666 γ,
1278 5606 1405 5666 sep-
1431 5592 1485 5666 βο

2287 5595 2397 5666 (23)
2431 5593 2609 5660 Idem,
2644 5589 2903 5666 mandat.
2924 5603 3028 5653 ιιι,
3061 5603 3191 5666 cap:
3227 5584 3308 5641 12.

530 5595 641 5664 (20)
674 5595 938 5660 Hermas,
971 5595 1153 5647 simil.
1186 5608 1243 5659 ν,
1278 5606 1405 5661 cap.
1432 5595 1485 5645 6.

529 5662 1009 5741 (gl))_l_dem,_l_ib.
1046 5680 1129 5732 ιιι,
1163 5661 1469 5741 similitud.
1504 5680 1558 5730 v,
1590 5667 1856 5741 cap.5ﬂet
1884 5668 1936 5722 6.

2287 5596 2377 5666 (23
2431 5595 2609 5660 Idem,
2644 5595 2903 5645 mandat.
2924 5603 3028 5653 ιιι,
3061 5603 3191 5715 cap.

1612 5681 1715 5736 tap.
1736 5667 1771 5741 5
1794 5671 1856 5741 et
1884 5668 1936 5722 6.
2284 5595 2397 5741 (21.;
2426 5666 2609 5734 Idem,
2636 5662 2812 5721 simil.
2847 5677 2921 5718 1x.
2956 5676 3082 5734 cap.
3156 5661 3207 5715 2.

529 5674 661 5807 (21))
696 5674 875 5733 Idem,
909 5674 1009 5747 lib.
1046 5680 1129 5732 ιιι,
1163 5674 1469 5744 similitud.
1504 5680 1558 5730 v,
1590 5674 1771 5736 cap.5
1800 5682 1829 5721 e

528 5734 621 5817 (22
668 5733 849 5807 Idem,
880 5734 985 5795 lib.
1017 5751 1105 5807 ιιι,
1136 5732 1445 5794 similitud.
1476 5752 1553 5808 ιι,
1585 5752 1711 5812 cap.
1746 5740 1832 5797 14.
