4038 6210
668 66 691 89 ᾗ

266 138 277 149 ι
536 144 539 149 λ

234 440 347 502 877

1495 442 1831 507 PASTOR.
1865 475 1945 490 —
1974 445 2377 511 PRO/EMIA.

3514 442 3632 505 878
3719 511 3726 517 ,

231 578 290 630 et
312 575 500 647 magis
521 576 857 633 distinctam
880 575 1228 635 solutionem
1254 576 1871 634 continent.Nimirum
1903 580 1955 645 Α
1987 587 2223 650 peccata
2268 584 2553 656 expianda
2601 580 2857 654 pertulit.
2924 581 3038 651 Ipse
3084 578 3238 635 enim
3286 578 3433 632 viam
3480 576 3628 643 vitae,

232 663 548 737 distinguit
569 684 775 722 rursus
799 667 1005 722 Pastor
1028 666 1179 721 inter
1195 666 1477 737 Spiritum
1498 671 1764 722 sanctum
1784 684 1887 723 seu
1996 672 2131 727 data
2160 674 2303 745 lege,
2333 690 2499 744 quam
2535 690 2569 727 a
2598 674 2764 727 Patre
2810 677 3103 741 acceperat,
3151 669 3306 723 nobis
3354 665 3591 721 ostendit
3617 673 3638 717 .'

230 751 334 818 τὴν
383 751 523 814 θείαν
574 754 633 809 in
683 754 912 811 Christo
967 752 1121 831 φύσιν
1173 760 1229 810 et
1277 754 1493 810 Christi
1545 772 1756 828 corpus
1786 774 1889 812 seu

237 845 511 897 naturam
542 842 904 910 humanam;
955 860 1019 899 ac
1061 843 1328 899 servilem
1381 845 1798 912 conditionem,
1831 846 1890 899 in

238 947 360 1002 qua
388 930 597 987 Filium
621 932 717 987 Dei
742 933 799 987 in
824 932 1214 988 similitudine
1239 934 1611 1003 posuerat,ad
1636 950 1893 1001 carnem,

238 1036 347 1076 seu
377 1025 647 1077 naturam
672 1021 844 1077 istam
878 1022 1200 1077 humanam
1228 1022 1512 1077 duntaxat
1534 1024 1894 1078 referendam

241 1126 395 1172 esse,
428 1109 662 1165 disertis
693 1110 885 1165 verbis
918 1109 1103 1166 docet.
1130 1111 1444 1181 Postquam
1476 1111 1633 1167 enim
1664 1112 1736 1167 de
1768 1110 1897 1183 Spi-

244 1198 362 1254 ritu
394 1198 506 1255 isto
536 1198 767 1255 locutus
800 1199 1008 1266 fuerat,
1036 1201 1134 1271 qui
1156 1201 1374 1270 inlusus
1403 1208 1482 1255 est
1510 1202 1757 1255 omnium
1777 1202 1895 1272 pri-

244 1304 368 1343 mus
397 1290 459 1343 in
494 1304 742 1358 corpore,
794 1290 856 1343 in
885 1305 988 1361 quo
1018 1289 1351 1344 inhabitare:
1396 1290 1557 1360 Deus,
1609 1306 1740 1346 mox
1780 1289 1899 1343 hinc

248 1378 554 1448 subjungit
587 1394 599 1431 :
633 1380 741 1434 Hoc
768 1394 895 1447 ergo
924 1394 1120 1450 corpus
1149 1379 1209 1433 in
1238 1394 1339 1448 quo
1370 1378 1625 1435 inductus
1653 1388 1730 1434 est
1775 1379 1897 1449 Spi-

245 1470 390 1523 ritus
419 1472 662 1528 sanctus.
695 1468 913 1523 servivit
946 1468 1038 1522 illi
1064 1468 1319 1539 Spiritui,
1363 1476 1504 1522 recte
1548 1470 1605 1522 in
1637 1468 1904 1523 modestia

247 1554 506 1611 ambulas
534 1564 585 1611 et
612 1565 778 1626 caste,
810 1572 986 1626 neque
1014 1558 1234 1611 omnino
1277 1557 1584 1612 maculavit
1637 1556 1906 1627 Spiritum

249 1647 441 1701 illum.
476 1644 610 1701 Cum
628 1647 805 1715 igitur
832 1661 1026 1716 corpus
1043 1645 1194 1699 illud
1211 1652 1481 1715 paruisset
1502 1648 1651 1701 omni
1672 1654 1909 1716 tempore

253 1734 499 1807 Spiritui
526 1751 627 1789 san
637 1742 722 1790 cto
743 1742 883 1789 recte
912 1738 1077 1804 atque
1096 1737 1328 1799 caste,ac
1348 1734 1657 1789 laborasset
1675 1751 1799 1789 cum
1820 1750 1906 1801 eo,

252 1839 352 1879 nec
379 1823 756 1879 suecubuisset
792 1825 852 1877 in
909 1839 1063 1877 omni
1096 1827 1354 1893 tempore,
1387 1818 1685 1895 fatigatum
1715 1839 1910 1895 corpus

253 1912 681 1968 illudserviliter
698 1920 1071 1967 conuersatam
1100 1919 1195 1981 est,
1209 1912 1305 1966 sed
1314 1910 1672 1982 fortitercum
1700 1912 1911 1983 Spiritu

252 2004 441 2056 sancto
468 2000 905 2070 comprobatum,
944 2004 1057 2055 Deo
1088 2008 1366 2071 receptum
1395 2010 1475 2056 est
1502 2000 1786 2071 (alludere
1820 2001 1906 2056 vi-

254 2091 427 2146 detur
453 2091 524 2145 ad
551 2090 726 2145 verba
754 2088 917 2144 Pauli
949 2089 971 2143 Ι
1002 2089 1258 2144 Timoth.
1295 2106 1420 2160 cap.
1456 2107 1541 2155 In,
1574 2107 1624 2145 v.
1672 2092 1759 2157 16,
1800 2085 1907 2142 ἐδι-

256 2179 469 2246 καιώθη
504 2176 556 2231 ἐν
587 2175 874 2249 πνεύματι,
907 2175 996 2230 καὶ
1029 2174 1302 2253 ἀνελήφθη
1340 2175 1391 2230 ἐν
1427 2173 1661 2250 δόξῃ),ἱῐ1
1695 2178 1909 2249 quibus

254 2268 451 2325 verbis
483 2267 701 2338 liquido
731 2271 990 2339 apparet,
1036 2267 1331 2322 Pastorem
1366 2266 1525 2339 loqui
1568 2268 1639 2322 de
1669 2283 1911 2339 corpore

258 2374 366 2413 seu
384 2362 594 2412 natura
612 2355 826 2411 Christi
848 2355 1321 2427 humana,deque
1338 2371 1404 2410 eo
1421 2360 1651 2411 tantum
1675 2372 1912 2428 corpore

260 2446 580 2511 affirmare,
613 2444 751 2515 quod
778 2446 1051 2499 serviliter
1078 2449 1460 2501 conversatum
1488 2447 1693 2516 fuerit;
1726 2445 1910 2517 quod-

259 2551 373 2605 que
404 2538 555 2606 post,
587 2550 654 2589 ac
685 2536 920 2605 propter
950 2537 1244 2604 peractam
1276 2533 1335 2588 in
1368 2533 1541 2588 terris
1572 2535 1911 2589 servitutem

263 2624 440 2679 istam
463 2638 596 2677 cum
620 2622 835 2693 Spiritu
871 2627 1071 2677 sancto
1103 2638 1205 2677 seu
1234 2626 1312 2691 τῷ
1344 2621 1500 2696 Λόγῳ
1530 2623 1587 2677 in
1620 2640 1736 2695 quo
1769 2622 1913 2679 sub-

262 2712 525 2781 sisteret,
557 2711 967 2780 comprobatum
993 2712 1115 2780 Deo,
1142 2713 1311 2781 fuerit
1337 2715 1631 2783 receptum,
1667 2712 1773 2767 hoc
1804 2715 1915 2777 est,

263 2802 341 2857 ad
384 2801 647 2856 dextram
696 2800 905 2855 divinae
953 2801 1276 2870 majestatis
1324 2806 1583 2856 evectum
1635 2804 1696 2857 in
1736 2802 1914 2856 encel-

265 2891 523 2945 sissimis.
558 2888 704 2943 Hinc
738 2889 938 2944 Pastor
981 2887 1192 2943 Christi
1224 2889 1477 2945 hominis
1507 2889 1916 2945 exaltationem

265 2979 723 3033 adumbraverat
770 2976 828 3032 in
883 2976 1269 3032 similitudine
1318 2994 1417 3048 per
1457 2995 1709 3048 servum,
1743 2995 1916 3050 quem

270 3067 557 3123 Dominus
592 3067 777 3137 fundi,
827 3066 937 3121 hoc
968 3072 1057 3123 est
1102 3072 1252 3123 Deus
1281 3072 1471 3135 Pater,
1506 3073 1742 3140 propter
1770 3085 1918 3140 opus

268 3157 492 3212 bonum
523 3157 677 3228 quod
711 3156 1077 3228 praestiterat,
1113 3155 1253 3210 Filio
1297 3174 1402 3212 suo
1436 3157 1792 3212 cohaeredem
1822 3174 1919 3212 vo-

270 3245 387 3299 luit
417 3246 847 3317 facere.Nempe
878 3262 982 3316 per
1010 3261 1241 3300 servum
1271 3244 1545 3316 intelligit
1574 3262 1917 3317 corpus,seu

270 3334 593 3389 humanam
628 3334 839 3389 Christi
872 3338 1141 3388 naturam

271 3422 419 3486 θείαν
470 3422 529 3477 in
561 3422 792 3477 Christo
843 3419 997 3497 φύσιν
1037 3423 1295 3477 divinam
1326 3427 1613 3491 naturam,
1647 3428 1710 3477 ut
1742 3423 1915 3478 lecto-

272 3528 401 3568 rem
427 3513 549 3582 jam
583 3509 716 3583 plus
740 3510 917 3566 semel
948 3511 1488 3567 monuimus.Tunc
1512 3512 1691 3583 igitur
1719 3529 1920 3567 servus

272 3601 423 3658 Filio
456 3600 709 3655 cohzeres
742 3600 930 3655 tactus
980 3605 1090 3667 est,
1123 3616 1255 3655 cum
1286 3617 1499 3672 corpus
1529 3618 1629 3656 seu
1665 3601 1923 3657 humana

271 3694 489 3746 natura
522 3688 660 3744 Jesu
694 3686 909 3743 Christi
950 3693 1081 3759 post
1130 3689 1616 3745 resurrectionem
1665 3691 1735 3745 ad
1787 3692 1922 3745 dex-

270 3784 431 3835 tram
462 3778 563 3833 Dei
591 3776 895 3840 collocata,
926 3777 1188 3847 ejusdem
1217 3778 1414 3850 gloria:
1458 3783 1633 3851 atque
1662 3779 1921 3849 honoris,

270 3884 379 3940 pro
409 3872 583 3938 captu
608 3883 716 3922 suo
749 3866 906 3922 socia
923 3866 1115 3932 fuerit,
1143 3868 1547 3939 particepsque
1572 3869 1924 3940 facta,quem

266 3958 554 4013 honorem
588 3954 771 4011 Filius
804 3955 901 4011 Dei
930 3972 1033 4011 seu
1082 3955 1110 4008 ὁ
1141 3954 1336 4029 Λόγος,
1398 3957 1573 4013 etiam
1605 3962 1740 4014 ante
1770 3958 1928 4014 hunc

269 4046 569 4102 mundum
620 4044 948 4111 conditum,
1000 4047 1153 4117 apud
1222 4050 1455 4102 Patrem
1508 4063 1681 4103 suum
1739 4047 1926 4119 possi-

272 4136 463 4191 deret.

353 4222 680 4278 Genuinam
700 4221 793 4277 hic
813 4238 905 4277 me
927 4222 1182 4278 Pastoris
1204 4222 1549 4279 sententiam
1573 4224 1926 4292 exhibuisse,

276 4311 451 4367 facile
474 4310 1088 4383 perspiciet,quisquis
1107 4311 1555 4367 similitudinem
1586 4313 1743 4368 illam
1768 4315 1932 4385 quin-

276 4405 402 4455 tam
452 4398 675 4454 Hermae
724 4416 857 4453 cum
893 4416 1032 4455 cura
1084 4398 1279 4471 aliqua
1308 4398 1529 4471 legerit.
1564 4401 1643 4455 Ex
1682 4401 1774 4457 his
1798 4418 1931 4457 vero

276 4488 557 4547 omnibus
579 4488 816 4543 tandem
839 4488 1391 4545 manifestissimum
1422 4490 1805 4558 est,docuisse
1829 4490 1931 4546 Pa-

285 4582 507 4635 storem
539 4575 749 4631 Filium
774 4576 895 4643 Dei,
922 4594 1036 4649 qua
1065 4578 1165 4633 Dei
1200 4577 1378 4633 Filius
1399 4582 1455 4633 et
1481 4578 1634 4633 Deus
1664 4580 1932 4645 est,servi

282 4667 575 4723 rationem
610 4665 786 4721 etiam
817 4670 1082 4737 respectu
1115 4666 1215 4721 Dei
1248 4666 1435 4721 Patris
1466 4668 1808 4739 neutiquam
1840 4668 1938 4724 ha-
1967 4688 2013 4751 D
2049 4719 2060 4731 ,
2102 4716 2117 4732 ,

280 4758 640 4827 bere,neque
668 4754 945 4811 habuisse
968 4772 1226 4825 unquam
1250 4774 1262 4823 ;
1297 4772 1483 4827 neque
1510 4754 1677 4811 aliter
1706 4774 1938 4813 servum

283 4845 390 4900 Dei
424 4844 743 4915 aliquando
792 4844 995 4909 fuisse,
1044 4860 1222 4915 quam
1256 4850 1489 4915 propter
1522 4846 1940 4903 incarnationis

283 4933 812 5005 dispensationem,
838 4949 1012 5004 quam
1044 4932 1198 4989 ultro
1232 4934 1513 5004 suscepit.
1549 4934 1840 4991 Hactenus
1871 4938 1942 4991 de

282 5023 433 5079 Jesu
465 5022 680 5077 Christi
712 5026 921 5077 natura
952 5021 1165 5077 divina.
1200 5023 1311 5077 Sed
1350 5022 1671 5079 humanam
1706 5026 1944 5098 insuper

289 5112 497 5168 Pastor
522 5111 579 5164 in
602 5109 829 5165 Christo
851 5110 1095 5165 tradidit
1118 5113 1737 5176 naturam,secundum
1766 5131 1941 5185 quam

285 5217 443 5257 servo
473 5208 818 5270 comparatus
849 5200 961 5270 (25)
1008 5198 1185 5254 Filius
1218 5200 1317 5255 Dei
1369 5205 1424 5254 et
1476 5202 1754 5257 aerumnis
1786 5204 1945 5258 mul-

289 5292 370 5346 tis
400 5290 686 5345 obnoxius
715 5287 845 5358 fuit,
894 5288 1163 5360 malaque
1214 5288 1469 5359 plurima
1516 5292 1586 5345 ad
1638 5290 1945 5347 hominum

368 5480 485 5623 (25)
517 5481 781 5549 Hermas,
816 5484 915 5537 lib.
942 5502 1028 5550 ιιι,
1060 5484 1239 5540 simil.
1271 5502 1325 5549 v,
1359 5502 1408 5540 c.
1440 5486 1475 5539 5
1504 5488 1561 5539 et
1588 5486 1642 5539 6.

390 5554 461 5605 26
516 5554 696 5619 Idem,
728 5558 930 5610 eodem
962 5555 1109 5611 libro
1140 5556 1447 5611 similitud.
1480 5572 1556 5622 1x,
1591 5573 1642 5611 ce

516 5554 696 5628 idem,
728 5558 930 5628 eodem
962 5555 1109 5611 libro
1140 5556 1447 5611 similitud.
1480 5572 1556 5622 1x,
1591 5573 1717 5628 cap.
1754 5558 1839 5613 12.

395 5626 486 5691 27)
518 5626 699 5691 Idem,
735 5627 891 5687 ibid..
925 5644 1049 5691 cap.
1087 5630 1172 5683 16.

392 5696 797 5769 28)__Agnoscit
844 5696 1020 5753 simul
1056 5698 1148 5754 hic
1198 5702 1402 5754 Pastor
1432 5701 1734 5769 peccatum
1767 5700 1949 5769 origi-

394 5718 484 5767 ιο)
516 5718 797 5769 11811050";
844 5718 1020 5753 suum
1056 5718 1148 5754 DIC
1198 5718 1402 5754 rasnor
1432 5718 1734 5769 peccatum
1767 5718 1851 5755 Ol‘l
1900 5719 1948 5757 ι-

296 5718 450 5830 nale.
484 5767 778 5827 Nonnulla
806 5773 999 5827 tamen
1028 5770 1295 5829 difﬁcilia
1333 5775 1390 5828 et
1419 5769 1824 5835 obscuratum
1855 5718 1948 5831 Eic

1999 765 2159 832 atque
2188 763 2307 817 ideo
2338 764 2403 817 in
2432 762 2737 833 redemptos
2765 774 2949 815 omnes
2976 758 3453 828 regnat,potestate
3474 755 3535 809 in
3555 768 3641 809 eos

2000 867 2034 904 a
2062 855 2227 906 Patre
2254 852 2362 906 sibi
2379 866 2654 907 concessa.

2075 939 2339 995 Validius
2370 939 2515 994 nihil
2546 937 2695 993 tradi
2726 941 2916 1008 potest
2946 935 3039 1001 iis,
3072 952 3201 1007 quae
3230 935 3434 989 Pastor
3462 932 3521 987 in
3547 948 3642 987 eo-

2003 1029 2135 1085 dem
2184 1028 2627 1083 Similitudinum
2675 1026 2821 1081 libro
2868 1026 3034 1079 docet
3082 1022 3275 1094 quoad
3316 1021 3643 1078 absolutam

2005 1116 2431 1179 necessitatem,
2479 1117 2537 1170 in
2583 1132 2698 1186 qua
2738 1130 3059 1180 versamur,
3104 1109 3475 1166 mediationis
3505 1110 3646 1164 Jesu

2006 1205 2222 1261 Christi
2241 1206 2311 1260 ad
2334 1209 2609 1261 aeternam
2642 1202 2890 1259 salutem
2918 1198 3647 1273 consequendam.Perspi-

2009 1311 2115 1349 cue
2160 1294 2434 1361 declarat,
2484 1294 2779 1349 neminem
2830 1292 3047 1346 intrare
3094 1306 3267 1360 posse
3308 1289 3367 1343 in
3400 1304 3649 1359 regnum

2010 1384 2132 1450 Dei,
2166 1383 2278 1439 nisi
2308 1381 2596 1455 acceperit
2638 1396 2850 1437 nomen
2904 1379 3029 1434 Filii
3063 1378 3161 1434 Dei
3212 1378 3345 1448 (26).
3392 1374 3655 1447 Explicat

2011 1472 2417 1545 gravissimam
2450 1470 2598 1526 hanc
2615 1470 2913 1525 veritatem
2937 1469 3183 1540 paritate
3217 1466 3466 1535 alicujus
3487 1463 3650 1517 urbis

2014 1578 2182 1618 muro
2213 1562 2435 1629 cinctae,
2476 1578 2601 1632 qua:
2633 1560 2805 1614 unica
2852 1559 3102 1613 donatur
3132 1561 3316 1627 porta,
3350 1571 3452 1626 per
3479 1568 3657 1625 quem

2018 1650 2342 1707 necessario
2373 1649 2469 1705 ille
2520 1652 2781 1703 transeat
2836 1650 3083 1718 Oportet,
3135 1644 3236 1715 qui
3282 1642 3423 1698 velit
3453 1642 3659 1698 urbem

2017 1740 2265 1812 ingredi.
2300 1740 2461 1794 Porta
2509 1754 2635 1793 vero
2666 1737 2827 1792 addit
2865 1736 3066 1791 Pastor
3118 1739 3251 1805 post
3298 1736 3547 1803 quatuor
3576 1728 3663 1785 vel

2017 1830 2277 1899 quinque
2306 1827 2510 1892 lineas,
2544 1827 2723 1881 Filius
2752 1825 2847 1881 Dei
2873 1828 2973 1890 est,
3004 1825 3100 1895 qui
3128 1824 3275 1877 solus
3306 1825 3385 1877 est
3413 1836 3662 1876 accessus

2017 1919 2087 1973 ad
2116 1919 2304 1984 Deum,
2327 1917 2503 1972 Aliter
2529 1931 2654 1985 ergo
2684 1929 2841 1969 nemo
2869 1912 3098 1967 intrabit
3117 1911 3187 1965 ad
3216 1912 3407 1979 Deum,
3430 1910 3543 1962 nisi
3568 1922 3667 1979 per

2019 2008 2219 2062 Filium
2270 2008 2408 2076 ejus.
2462 2006 2693 2060 Etsrna
2735 2002 2913 2075 igitur
2958 2000 3118 2055 salus
3176 1998 3421 2054 obtineri
3463 1996 3667 2067 nequit

2019 2096 2240 2166 absque
2268 2096 2381 2149 ﬁde
2412 2094 2470 2148 in
2504 2094 2707 2149 Jesum
2740 2091 3057 2146 Christum.

2054 2184 2197 2257 §I[I.
2214 2185 2286 2239 De
2306 2184 2603 2255 Baptismo,
2616 2182 2958 2253 paenitentia,
2972 2179 3164 2233 ordine
3184 2192 3249 2233 ac
3278 2184 3651 2231 matrimonio.

2092 2274 2170 2328 Ex
2214 2271 2485 2329 absoluta
2527 2270 2873 2326 necessitate
2930 2265 3299 2323 mediationis
3347 2262 3665 2319 Salvatoris

2022 2364 2093 2419 ad
2126 2368 2400 2418 aaternam
2432 2360 2686 2416 salutem
2708 2354 3387 2429 consequendam,aliam
3412 2353 3544 2407 fidei
3567 2368 3664 2407 ve-

2022 2453 2254 2507 ritatem
2276 2450 2511 2507 deducit
2532 2454 2890 2519 Pastor,quzs
2913 2447 2984 2501 ab
3011 2445 3112 2499 illa
3137 2442 3479 2499 naturaliter
3510 2440 3664 2507 ﬂuit,

2023 2542 2245 2597 scilicet
2274 2539 2684 2595 necessitatem
2718 2535 3017 2608 baptismi,
3042 2535 3288 2604 ejusque
3310 2531 3519 2587 miram
3548 2530 3668 2585 effi-

2024 2630 2343 2686 cacitatem.
2393 2629 2710 2697 Antequam
2764 2626 2912 2680 enim
2970 2623 3050 2676 ait
3096 2621 3194 2677 ille
3244 2621 3375 2692 (27),
3420 2621 3669 2689 accipiat

2026 2720 2181 2773 homo
2209 2732 2407 2773 nomen
2435 2717 2543 2787 ﬁlii
2574 2716 2702 2778 Dei,
2750 2722 2919 2767 morti
2966 2711 3271 2767 destinatus
3329 2717 3405 2764 est
3435 2724 3448 2761 :
3481 2721 3537 2763 at
3566 2708 3666 2762 ubi

2025 2809 2232 2879 accepit
2262 2806 2409 2861 illud
2437 2805 2706 2875 sigillum,
2743 2803 3011 2856 liberatur
3039 2817 3073 2854 a
3120 2803 3374 2865 morte,et
3424 2797 3672 2853 traditur

2026 2898 2175 2953 vitae.
2210 2895 2357 2951 Illua
2387 2902 2564 2949 autem
2592 2891 2844 2959 sigillum
2872 2905 3017 2960 aqua
3045 2897 3142 2953 est,
3174 2889 3234 2941 in
3264 2903 3427 2956 quam
3456 2885 3672 2941 descen-

2026 2986 2162 3041 dunt
2190 2986 2435 3040 homines
2464 2983 2638 3037 morti
2664 2980 2911 3048 obligati,
2943 2976 3241 3033 ascendunt
3273 2991 3396 3031 vero
3427 2976 3555 3030 vitae
3584 2991 3670 3028 as-

2026 3076 2234 3146 signati
2289 3073 2422 3145 (28).
2482 3069 2787 3125 Pulchrior
2832 3068 3075 3124 fortasse
3132 3082 3252 3121 non
3302 3063 3674 3119 adinvenitur

2028 3168 2222 3220 textus
2254 3163 2325 3217 ad
2356 3159 2760 3215 necessitatem
2794 3155 3343 3227 haptismi,eiusque
3367 3153 3575 3207 miram
3597 3151 3675 3206 ef-

2030 3253 2294 3307 ﬁcaciam
2345 3247 2860 3320 comprobandam.
2908 3245 3110 3299 Pastor
3154 3248 3274 3299 tam
3307 3242 3676 3297 vehementer

1188 3352 1200 3400 ;
1262 3351 1363 3405 Per
1413 3334 1624 3389 Filium
1655 3351 1787 3390 vero
1815 3334 1913 3401 τὴν
1948 3319 1991 3385 C
2032 3359 2154 3398 suae
2185 3319 2490 3396 sententia:
2516 3335 2757 3402 insistit,
2809 3338 2875 3389 ut
2922 3332 3233 3388 contendat
3256 3332 3453 3402 justos
3496 3329 3673 3384 etiam

2031 3431 2130 3503 qui
2162 3433 2297 3485 ante
2326 3426 2787 3482 incarnationem
2840 3424 3235 3485 decesserunt,
3270 3436 3383 3474 non
3416 3418 3677 3490 potuisse

2029 3522 2089 3575 in
2122 3534 2365 3590 regnum
2399 3515 2498 3571 Dei
2530 3514 2767 3577 intrare,
2802 3512 2915 3567 nisi
2944 3510 3139 3565 divino
3172 3508 3277 3563 hoc
3310 3511 3675 3563 sacramento

2032 3607 2246 3680 signati
2278 3610 2495 3661 essent.
2526 3608 2747 3660 Necesse
2801 3605 2897 3664 est,
2927 3599 3007 3654 ait
3034 3597 3152 3665 ille,
3196 3598 3441 3668 loquens
3474 3595 3542 3649 de
3575 3611 3677 3666 pa-

2033 3696 2324 3765 triarchis,
2348 3692 2649 3766 prophetis
2674 3706 2737 3745 ac
2760 3689 2943 3760 justis
2965 3692 3099 3743 ante
3131 3684 3442 3741 Salvatoris
3472 3684 3681 3739 adven-

2033 3792 2160 3842 tum
2190 3784 2539 3846 viventibus,
2568 3789 2630 3835 ut
2656 3797 2755 3851 per
2782 3795 2985 3849 aquam
3014 3778 3247 3832 habeant
3284 3773 3587 3840 ascendere,
3618 3780 3681 3827 ut

2034 3876 2429 3947 requiescant:
2470 3887 2580 3927 non
2627 3872 2879 3940 poterant
2925 3868 3079 3922 enim
3126 3866 3290 3920 aliter
3335 3866 3397 3917 in
3443 3877 3679 3933 regnum

2036 3967 2136 4021 Dei
2167 3966 2398 4029 intrare,
2417 3976 2582 4031 quam
2611 3963 2670 4013 ut
2699 3957 3029 4028 deponerent
3058 3954 3454 4009 mortalitatem
3474 3951 3681 4022 prioris

2035 4056 2188 4111 vitae.
2222 4051 2398 4107 Addit
2428 4051 2688 4120 insuper,
2730 4053 2953 4101 veteres
3003 4045 3146 4099 istos
3198 4040 3390 4113 sigillo
3422 4039 3547 4094 Filii
3579 4038 3683 4094 Dei

2040 4144 2303 4215 signatos
2335 4139 2540 4205 fuisse,
2570 4141 2628 4192 et
2648 4136 2730 4191 ita
2751 4136 2998 4189 intrasse
3023 4148 3269 4204 regnum
3294 4130 3391 4184 Dei
3422 4129 3549 4184 :illi
3578 4129 3684 4200 igi-

2039 4248 2133 4289 tur
2161 4230 2414 4301 defuncti
2439 4226 2623 4297 sigillo
2646 4224 2777 4279 Filii
2806 4224 2902 4278 Dei
2928 4224 3131 4291 signati
3168 4228 3315 4284 sunt,
3361 4226 3409 4273 et
3440 4220 3684 4273 intrave-

2040 4323 2169 4376 runt
2202 4322 2262 4374 in
2287 4332 2526 4386 regnum
2556 4315 2697 4375 Dei;
2747 4312 2975 4377 deinde,
3009 4307 3304 4381 apostolos
3337 4312 3394 4363 et
3423 4308 3688 4363 doctores

2041 4407 2467 4478 Ecclesiaz,post
2496 4419 2697 4460 eorum
2732 4405 2979 4456 mortem
3012 4399 3105 4454 his
3127 4399 3473 4469 prmdicasse
3504 4401 3688 4451 Evan-

2043 4498 2259 4571 gelium
2299 4497 2438 4552 Jesu
2470 4491 2703 4557 Christi,
2733 4496 2790 4546 et
2818 4490 3048 4545 dedisse
3078 4489 3164 4544 eis
3194 4484 3687 4559 baptismum,qui

2043 4587 2205 4643 solus
2260 4586 2476 4650 deerat,
2509 4588 2572 4637 ut
2601 4583 2795 4635 essent
2833 4578 2987 4634 beati
3022 4595 3034 4633 :
3070 4579 3335 4645 Quoniam
3374 4575 3433 4629 hi
3460 4573 3696 4645 apostoli

2165 4718 2176 4730 .
2226 4691 2392 4729 .cum
2438 4671 2683 4741 defuncti
2739 4676 2934 4734 essent,
2984 4666 3415 4738 praedicaverunt
3468 4663 3551 4716 his
3588 4662 3691 4731 qui

2052 4768 2178 4819 ante
2208 4763 2472 4824 obierant,
2495 4768 2543 4813 et
2573 4759 2679 4829 ipsi
2706 4756 2972 4811 dederunt
2992 4758 3071 4811 eis
3102 4757 3320 4825 signum
3349 4751 3514 4807 illud.
3562 4792 3574 4803 .
3620 4791 3632 4804 .
3680 4790 3693 4803 .

2051 4850 2420 4909 tantummodo
2472 4848 2570 4902 hoc
2616 4845 2861 4915 sigillum
2910 4843 3163 4914 defuerat
3210 4844 3309 4895 eis.
3369 4837 3697 4909 Singularis

2052 4959 2193 4998 sane
2223 4940 2342 4994 haec
2374 4940 2527 4993 esset
2553 4934 2771 5006 opinio,
2804 4932 2851 4987 si
2881 4933 3085 4987 Pastor
3122 4930 3293 4985 vellet
3322 4928 3415 4983 hic
3448 4925 3699 4996 intelligi

2054 5033 2123 5086 de
2155 5029 2444 5101 baptismo
2476 5040 2633 5093 aquae
2676 5027 2813 5093 puto
2858 5025 3052 5075 autem
3084 5035 3188 5091 ego
3219 5034 3354 5073 cum
3398 5016 3478 5071 Cl.
3535 5014 3697 5069 Fleu-

2055 5120 2139 5174 rio
2170 5119 2303 5189 (29),
2352 5128 2681 5170 sermonem
2728 5111 2819 5165 hic
2872 5109 2993 5164 ﬁeri
3044 5110 3114 5163 de
3162 5108 3349 5178 gratia
3396 5102 3698 5175 baptismi,

2054 5207 2172 5261 imo
2194 5204 2387 5276 potius
2411 5200 2582 5256 sicuti
2606 5200 2820 5270 Optime
2843 5198 3107 5253 advertit.
3132 5195 3215 5251 Cl.
3235 5192 3553 5249 Cotolerius
3587 5190 3701 5261 (30)

2057 5296 2129 5350 de
2160 5291 2453 5364 baptismo
2486 5286 2902 5359 metaphorico,
2928 5291 2985 5341 et
3014 5285 3252 5340 omnino
3278 5279 3547 5354 spiritali,
3580 5293 3709 5350 pro-

2062 5496 2187 5545 tum
2211 5486 2348 5561 alibi
2372 5482 2811 5561 inspergit,quaa
2833 5480 3145 5561 benignam
3172 5474 3707 5549 interpretationem

2062 5560 2383 5633 postulant,
2416 5554 2488 5611 ut
2517 5556 2589 5633 ab
2611 5570 2803 5633 errore
2831 5554 3218 5633 vindicentur.

2132 5634 2245 5700 (29)
2275 5621 2408 5685 Hist.
2440 5628 2656 5700 eccles.,
2688 5625 2908 5700 tom._l,
2933 5623 3033 5700 lib_.
3068 5624 3136 5688 ll,
3169 5626 3195 5691 §
3226 5621 3314 5700 46ἶ

2130 5688 2242 5776 (30)
2271 5702 2435 5759 Tom.
2472 5701 2510 5756 Ι.
2544 5697 2797 5771 Operum
2829 5688 2923 5752 SS.
2957 5696 3062 5753 PP.
3097 5688 3367 5769 apostol.,
3400 5707 3454 5765 p.
3498 5688 3621 5749 117.
