4038 6210
271 364 384 434 881

1535 371 1858 437 PASTOR.
1890 401 1968 417 —
1995 367 2416 435 PROCEMIA.

3553 360 3671 428 882

273 504 373 561 illo
393 504 596 578 juvene
620 504 840 577 pastore
884 518 948 561 ea
988 519 1206 578 pecora,
1254 519 1380 578 qux
1426 505 1650 564 delicias
1697 507 1912 578 quidem
1940 505 1995 572 Α
2024 521 2127 577 que
2151 513 2244 562 tuo
2276 507 2390 562 loco
2427 504 2735 562 restitueris
2765 520 2784 558 :
2807 497 3185 560 tantummodo
3241 500 3301 557 in
3343 498 3668 558 humilitate

271 595 533 666 agebant,
565 593 665 650 sed
691 610 801 650 non
830 595 1184 651 exsultabant
1210 615 1230 663 ;
1259 605 1312 650 et
1357 598 1707 668 compellebat
1763 613 1828 652 ea
1856 598 1916 651 in

263 685 614 756 praecipitem
644 685 820 739 locum
841 685 1134 754 quemdam
1164 700 1228 740 ac
1255 687 1560 755 spinosum,
1593 686 1922 758 tribulisque

265 775 600 845 confertum,
632 789 804 844 usque
832 773 984 844 adeo,
1028 779 1091 829 ut
1138 774 1203 830 de
1247 775 1446 847 spinis,
1495 780 1548 830 et
1596 775 1817 830 tribulis
1861 791 1917 828 se

265 878 380 918 non
403 864 622 934 possent
651 863 938 933 explicare
970 880 982 930 ;
1015 863 1106 918 sed
1137 865 1405 935 implicita
1435 864 1518 919 ibi
1553 866 1918 936 pascebantur

262 951 464 1023 spinis,
496 959 547 1006 et
575 951 806 1006 tribulis
832 970 854 1005 .·
884 959 935 1006 et
960 969 1162 1022 graves
1191 955 1464 1008 cruciatus
1489 954 1916 1025 experiebantur

259 1056 335 1096 ex
361 1039 544 1095 verbis
573 1041 691 1111 ejus
725 1061 746 1107 ;
775 1043 972 1110 agebat
1000 1043 1152 1096 enim
1179 1058 1262 1111 ea,
1295 1044 1343 1098 et
1362 1058 1460 1098 nec
1478 1042 1809 1098 consistendi
1837 1044 1915 1097 eis

263 1130 448 1184 locum
480 1145 608 1184 an.e
639 1133 848 1201 tempus
876 1131 1288 1201 permittebat...
1333 1130 1675 1202 Hic,inquit,
1703 1135 1912 1203 pastor,

257 1234 368 1290 pro
389 1219 558 1290 justis
585 1218 806 1290 quidem
833 1219 1061 1274 nuntius
1090 1224 1192 1285 est,
1225 1220 1316 1276 sed
1343 1222 1672 1293 praepositus
1697 1237 1871 1292 paena:
1892 1238 1910 1273 :

263 1309 405 1363 Huic
443 1323 569 1378 ergo
617 1307 929 1378 tradunt-ur,
981 1311 1080 1378 qui
1123 1325 1156 1363 a
1202 1310 1313 1364 Deo
1360 1309 1780 1376 aberraverunt,
1823 1308 1913 1364 sed

257 1397 570 1452 servierant
617 1396 909 1452 desideriis
961 1413 1026 1452 ac
1069 1399 1443 1469 voluptatibus
1488 1399 1685 1454 saeculi
1720 1397 1904 1468 hujus.

263 1485 438 1540 Punit
467 1501 595 1554 ergo
624 1501 733 1550 eos,
763 1487 905 1541 sicut
929 1487 1136 1542 meruit
1163 1489 1540 1560 unusquisque
1567 1503 1776 1553 eorum,
1809 1502 1910 1544 sae-

257 1575 342 1628 vis
372 1575 650 1644 variisque
677 1576 921 1644 poenis...
972 1577 1148 1632 varix
1202 1593 1373 1647 paenae
1427 1586 1589 1647 atque
1642 1580 1911 1632 tormenta

261 1662 388 1718 haec
413 1667 564 1730 sunt,
596 1677 722 1732 quae
750 1663 996 1718 homines
1025 1665 1264 1735 quotidie
1292 1668 1354 1720 in
1381 1682 1484 1720 sua
1531 1667 1644 1720 vita
1690 1667 1906 1736 patien-

250 1756 352 1806 tur
376 1767 400 1813 ,°
429 1751 533 1806 alii
561 1751 712 1806 enim
741 1751 1076 1808 detrimenta
1115 1756 1430 1825 patiuntur,
1488 1755 1593 1809 alii
1634 1756 1902 1825 inopiam,

2025 597 2206 650 animi
2231 611 2516 667 persevera
2546 595 2678 666 (41).

2099 684 2331 739 Utinam
2363 684 2482 738 haec
2499 684 2859 755 perpendam.
2885 700 2998 739 non
3023 685 3410 756 protestantes
3441 681 3657 747 solum,

2027 773 2127 844 qui
2159 789 2332 845 opera
2362 772 2749 828 satisfactiora
2778 771 3223 843 explodunt,sed
3253 776 3310 827 et
3337 770 3662 827 clementis-

2026 862 2160 917 simi
2187 861 2268 916 illi
2295 863 2658 929 confessarii,
2690 863 2790 932 qui
2844 879 2946 934 pro
2996 861 3248 934 peccatis
3298 861 3661 933 gravissimis

2024 955 2194 1021 atque
2229 951 2545 1018 diuturnis,
2578 951 2904 1006 levissimas
2936 950 3210 1022 nullaque
3261 951 3484 1006 ratione
3527 967 3659 1022 pro-

2025 1040 2383 1111 portionatas
2413 1041 2732 1112 injungunt
2760 1039 3216 1111 pmnitentias,et
3241 1039 3349 1095 bac
3380 1055 3488 1094 sua
3518 1038 3661 1094 leni-

2023 1132 2138 1183 tate
2169 1128 2562 1184 crudelissimi
2597 1133 2736 1184 sunt
2769 1147 2782 1195 ;
2817 1145 2952 1184 cum
2983 1132 3146 1184 tanto
3168 1128 3466 1184 acerbiora
3494 1128 3553 1182 in
3584 1126 3663 1182 al-

2020 1221 2145 1273 tera
2171 1217 2288 1272 \ita
2317 1217 2448 1274 istis
2471 1217 2722 1272 molliter
2747 1217 3164 1290 paenitentibus
3183 1217 3527 1290 perferenda
3547 1216 3665 1273 sint

2020 1306 2330 1378 supplicia,
2364 1324 2491 1378 quae
2523 1307 2694 1380 longe
2727 1306 2984 1363 faciliore
3024 1305 3456 1378 (comparative)
3486 1305 3659 1362 satis-

2021 1395 2274 1451 factione
2292 1396 2386 1450 hic
2409 1396 2692 1451 redimere
2722 1397 3052 1467 potuissent
3084 1415 3097 1464 ;
3131 1395 3346 1452 sienim
3373 1411 3480 1451 nos
3501 1394 3661 1466 ipsos

2019 1483 2557 1556 biojudicaremus,
2592 1502 2709 1541 non
2739 1486 2943 1557 utique
2963 1485 3366 1557 judicaremur
3393 1483 3494 1539 ibi.

2091 1574 2538 1630 Praeeminentiaa
2569 1571 2974 1646 epiScoporum
2995 1591 3112 1630 non
3142 1576 3457 1630 obscurum
3488 1573 3660 1629 testi-

2018 1663 2283 1717 monium
2337 1663 2591 1718 occurrit
2634 1663 2694 1718 in
2745 1663 2968 1718 Hermae
3015 1663 3265 1720 Pastore.
3322 1665 3399 1719 De
3453 1662 3658 1719 decimo

2017 1767 2139 1807 vero
2160 1755 2365 1818 monte,
2397 1751 2589 1823 inquit
2616 1752 2654 1807 1.
2690 1769 2774 1822 111,
2803 1752 2978 1808 simil.
3012 1770 3087 1821 1x,
3121 1753 3342 1824 cap.27,
3373 1754 3548 1824 inquo
3567 1768 3659 1808 ar-

253 1839 364 1894 alii
389 1839 632 1895 diversas
662 1841 996 1897 acrimonias
1030 1865 1045 1909 ;
1072 1843 1178 1898 alii
1200 1844 1440 1915 injurias
1459 1845 1529 1898 ab
1549 1843 1798 1912 indignis
1806 1859 1903 1913 pa-
1934 1877 1981 1942 Β
2017 1841 2172 1896 bores
2197 1844 2359 1896 erant
2389 1843 2620 1911 legentes
2643 1857 2856 1912 pecora,
2881 1842 3022 1898 tales
3050 1850 3178 1898 sunt
3195 1843 3291 1912 qui
3309 1841 3658 1898 crediderunt

248 1929 470 1997 tientes,
496 1929 781 2000 multaque
809 1930 922 1986 alia
952 1933 1234 1986 exercitia
1260 1935 1314 1986 et
1362 1932 1724 1988 incommoda.
1761 1932 1896 1987 Plu-

253 2019 398 2072 rimi
424 2019 573 2074 enim
603 2019 940 2075 inconstanti
984 2020 1220 2076 consilio
1265 2021 1444 2076 multa
1487 2028 1772 2091 conantur,
1802 2036 1902 2075 nec

243 2105 548 2178 quidquam
580 2108 836 2163 conducit
854 2110 954 2174 eis,
987 2112 1038 2163 et
1063 2110 1280 2175 dicunt,
1311 2111 1373 2164 in
1402 2109 1613 2164 actibus
1639 2110 1756 2164 suis
1775 2125 1899 2164 suc-

244 2211 458 2251 cessum
477 2212 537 2251 se
564 2212 675 2252 non
703 2197 904 2253 habere
937 2215 950 2264 ;
981 2206 1277 2253 succurunt
1303 2200 1379 2253 eis
1401 2215 1488 2264 ea,
1529 2214 1654 2271 quae
1699 2201 1897 2270 nequi-

245 2289 336 2340 ter
364 2286 640 2355 fecerunt.
673 2289 724 2342 et
751 2287 1043 2342 dominum
1071 2295 1390 2342 causantur.
1425 2287 1560 2342 Cum
1587 2289 1764 2356 igitur
1778 2304 1900 2359 per-

241 2375 396 2445 pessi
422 2375 638 2444 fuerint
667 2391 885 2430 omnem
914 2377 1256 2432 vexationem
1299 2381 1352 2431 et
1393 2392 1549 2433 omne
1601 2378 1897 2432 incommo-

244 2462 384 2518 dum
411 2479 432 2524 ;
463 2467 595 2518 tunc
623 2463 921 2520 traduntur
946 2466 1091 2521 mihi
1117 2465 1192 2521 ad
1223 2467 1420 2521 bonam
1447 2465 1893 2530 admonitionem,

250 2560 306 2607 et
334 2552 636 2622 ﬁrmantur
666 2553 726 2606 in
755 2553 860 2622 ﬁde
889 2555 1128 2624 Domini,
1160 2557 1209 2609 et
1237 2570 1336 2625 per
1360 2555 1595 2625 reliquos
1640 2554 1754 2610 dies
1782 2571 1896 2610 ser-

241 2642 408 2695 viunt
437 2641 666 2696 Domino
693 2645 875 2697 mente
897 2659 1064 2713 pura,
1098 2651 1150 2698 et
1196 2659 1321 2698 cum
1368 2645 1626 2716 coeperint
1675 2644 1896 2700 delicto-

241 2745 374 2784 rum
403 2745 567 2801 agere
587 2730 978 2800 paenitentiam
1006 2735 1136 2786 tunc
1163 2732 1462 2788 ascendunt
1490 2735 1551 2787 in
1592 2733 1898 2804 prxcordia

238 2832 435 2872 eorum
466 2832 632 2888 cpera
663 2833 784 2883 sua,
821 2820 880 2872 in
911 2819 1104 2889 quibus
1131 2836 1190 2874 se
1217 2820 1469 2890 nequiter
1513 2831 1896 2888 exercuerunt,

249 2909 308 2960 et
336 2914 468 2961 tunc
493 2909 630 2961 dant
658 2907 770 2962 Deo
799 2907 1080 2976 honorem,
1125 2909 1360 2965 dicentes
1398 2911 1611 2980 justum
1646 2910 1899 2981 judicem

244 3008 369 3048 esse
397 3010 544 3062 cum,
573 2997 877 3068 meritoque
903 3012 961 3051 se
984 3012 1279 3068 perpessos,
1310 2999 1610 3054 secundum
1637 3003 1785 3070 facta
1800 3016 1900 3055 sua

233 3086 351 3137 etc.
385 3083 522 3154 (39).

321 3175 398 3227 De
438 3171 860 3228 afﬂictionibus
899 3179 1094 3229 autem
1146 3191 1280 3230 cum
1333 3179 1542 3247 sponte
1585 3177 1894 3247 susceptis,

235 3264 370 3316 tum
403 3277 436 3316 a
465 3261 777 3333 praposito
808 3262 1161 3333 paenitentiae
1195 3262 1514 3335 impositis,
1556 3264 1639 3319 ita
1687 3266 1892 3320 scribit

241 3348 407 3403 idem
459 3348 704 3406 Hermas
750 3350 863 3421 (40)
898 3351 1080 3421 :Scio,
1125 3350 1338 3423 inquit,
1389 3355 1528 3408 tutis
1568 3356 1891 3425 prxcordiis

238 3453 332 3494 eos
369 3454 534 3508 agere
558 3440 961 3510 paenitentiam.
995 3441 1254 3512 Nunquid
1303 3457 1451 3512 ergo,
1486 3442 1589 3506 ait,
1633 3444 1892 3513 protinus

233 3535 403 3593 putas
426 3528 639 3583 aboleri
667 3527 866 3584 delicta
895 3544 1106 3599 eorum,
1138 3534 1233 3601 qui
1263 3540 1443 3602 agunt
1471 3532 1890 3600 paenitentiam?

233 3618 364 3672 Non
391 3618 633 3688 proinde
652 3619 916 3674 continuo
942 3636 962 3672 :
991 3618 1084 3673 sed
1113 3628 1316 3690 oportet
1341 3635 1467 3674 eum
1494 3622 1594 3691 qui
1622 3622 1738 3689 agit
1771 3637 1890 3691 pce-

234 3708 553 3773 nitentiam,
584 3707 842 3777 afﬂigere
869 3708 1114 3762 animam
1142 3718 1379 3773 suam,et
1409 3709 1679 3764 humilem
1706 3711 1891 3764 animo

232 3809 296 3850 se
320 3798 592 3866 praestare
618 3796 680 3850 in
709 3797 863 3852 omni
889 3798 1123 3868 negotio,
1151 3801 1204 3852 et
1236 3800 1546 3854 vexationes
1565 3798 1768 3853 multas
1795 3814 1890 3852 va-

235 3883 463 3954 riasque
523 3886 791 3956 perferre.
845 3883 1081 3956 Cumque
1141 3902 1423 3957 perpessus
1459 3887 1632 3958 fuerit
1679 3887 1888 3948 omnia,

241 3987 366 4042 quae
399 3972 498 4026 illi
528 3973 788 4029 instituta
833 3975 1086 4043 fuerunt,
1135 3983 1260 4029 tunc
1305 3976 1558 4046 fors-itan,
1619 3977 1715 4045 qui
1763 3991 1892 4030 eum

237 4062 468 4130 creavit,
503 4066 556 4116 et
584 4063 682 4132 qui
708 4065 970 4133 formavit
998 4065 1276 4134 uni-versa,
1313 4065 1736 4120 commovebitur
1764 4081 1892 4135 erga

236 4165 364 4206 eam
393 4149 683 4205 clementia
710 4166 830 4206 sua.
863 4155 916 4206 et
957 4152 1178 4222 aliquod
1222 4153 1529 4208 remedium
1573 4154 1728 4209 dabit
1755 4172 1777 4217 ;
1806 4153 1892 4208 id-

239 4253 346 4309 que
375 4239 476 4307 ita,
507 4240 559 4294 si
585 4239 786 4294 viderit
815 4241 937 4311 ejus
967 4243 1065 4311 qui
1099 4243 1482 4312 paenitentiam
1527 4245 1641 4314 agit
1669 4259 1761 4298 cor
1785 4258 1891 4314 pu-

238 4343 366 4381 rum
397 4343 510 4384 esse
539 4328 607 4383 ab
637 4331 788 4384 omni
815 4345 977 4401 opere
1005 4333 1402 4401 nequissimo...
1434 4337 1485 4388 et
1512 4333 1712 4402 rogabo
1739 4348 1892 4386 nun-

238 4418 383 4471 tium
411 4417 597 4483 illum,
628 4419 724 4488 qui
747 4419 1081 4490 prwpositus
1108 4425 1191 4474 est
1215 4436 1417 4492 pinnae,
1451 4423 1508 4476 ut
1530 4422 1701 4476 levius
1730 4425 1782 4476 te
1811 4421 1892 4490 af-

236 4505 447 4577 ﬂigat;
476 4504 567 4561 sed
597 4506 799 4576 exiguo
829 4514 1069 4578 tempore
1105 4511 1340 4580 patieris
1387 4509 1642 4577 adversa,
1685 4511 1892 4565 iterum

313 4841 428 4917 (39)
459 4845 612 4898 Past.
646 4842 867 4917 Herm_.,
899 4842 938 4899 l.
972 4860 1057 4907 ιιι,
1092 4845 1227 4901 sim.
1259 4861 1336 4914 vr,
1369 4861 1495 4917 cap.
1519 4845 1555 4897 2
1585 4849 1642 4901 et
1668 4847 1720 4900 3.

311 4914 428 4984 (40)
461 4917 588 4969 Loc.
622 4915 743 4985 cit.,
776 4914 911 4970 sim.
942 4933 1044 4971 v11.

311 4985 428 5058 (41)
456 4985 599 5058 Yide
631 4986 940 5043 similitud.
974 5004 1051 5058 Ix,
1085 5003 1210 5058 cap.
1243 4988 1297 5043 6.

338 5057 428 5130 42)
461 5057 642 5130 idem,
673 5058 930 5114 mandat.
968 5075 1042 5124 IV,
1076 5057 1201 5130 cap.
1237 5059 1287 5112 1.

338 5127 428 5200 43)
460 5127 542 5183 En
596 5128 890 5200 integrum
937 5127 1164 5184 textum
1211 5129 1398 5200 ipsius
1447 5129 1703 5184 Pastoris
1738 5145 1750 5184 :
1782 5131 1890 5184 Do-

239 5199 416 5266 mine,
445 5200 494 5254 si
520 5200 644 5270 quis
672 5199 929 5256 habuerit
960 5215 1195 5255 uxorem
1223 5199 1439 5269 ﬁdelem
1469 5203 1526 5255 in
1558 5203 1811 5268 Domino,
1834 5207 1892 5256 et

245 5271 392 5325 hanc
416 5272 692 5328 invenerit
719 5274 780 5326 in
823 5271 1124 5340 adulterio,
1165 5271 1414 5341 nunquid
1460 5280 1647 5340 peccat
1677 5275 1782 5340 vir,
1813 5275 1890 5326 si-

237 5343 490 5397 convivat
519 5359 645 5397 cum
697 5344 800 5398 illa
828 5344 856 5398 ?
883 5344 950 5398 Et
994 5343 1138 5397 dixit
1179 5343 1372 5408 mihi;
1418 5343 1676 5410 Quandiu
1719 5344 1891 5398 nescit

231 5420 518 5486 peccatum
543 5417 691 5486 ejus,
713 5416 836 5470 sine
864 5415 1102 5470 crimine
1129 5421 1206 5468 est
1242 5431 1332 5468 vir
1378 5417 1562 5469 vivens
1608 5431 1734 5469 cum
1765 5415 1889 5479 illa,

240 5484 304 5540 Si
369 5484 578 5540 autem‘
612 5486 798 5541 scierit
863 5487 951 5540 vir
1014 5501 1244 5540 uxorem
1324 5502 1480 5540 suam
1564 5487 1887 5557 deliquisse,

239 5559 295 5610 et
344 5571 457 5629 non
521 5559 701 5629 egerit
761 5559 1140 5628 paenitentiam
1206 5557 1428 5621 mulier,
1495 5562 1545 5629 et
1606 5562 1891 5629 permanet

241 5629 305 5682 in
338 5628 714 5696 fornicatione
749 5645 869 5695 sua,
914 5637 966 5684 et
1013 5631 1246 5683 convivit
1291 5644 1415 5682 cum
1459 5628 1564 5682 illa
1609 5632 1715 5699 vir,
1768 5645 1891 5684 reus

239 5701 350 5755 erit
400 5702 614 5770 peccati
667 5702 802 5772 ejus,
860 5710 913 5756 et
969 5702 1244 5773 particeps
1317 5699 1693 5757 mtechationis
1769 5702 1889 5770 ejus

1917 4616 1964 4681 D

2011 1930 2245 2002 quidam
2285 1930 2540 2002 episcOpi,
2594 1930 2649 1985 id
2700 1938 2782 1985 est
2821 1930 3086 2001 praesides
3132 1931 3537 1986 Ecclesiarum.
3587 1931 3658 1986 Et

2007 2018 2147 2074 alibi
2171 2019 2294 2089 jam
2329 2019 2646 2090 scripserat
2673 2019 2732 2090 (l.
2767 2035 2855 2084 ιιι,
2887 2018 3065 2074 simil.
3120 2036 3198 2087 1x,
3232 2036 3282 2074 c.
3316 2019 3372 2086 9,
3415 2019 3567 2090 vide,
3599 2023 3657 2075 et

2005 2107 2292 2163 visionem
2347 2125 2411 2162 111
2458 2108 2723 2179 Hermas).
2770 2109 2934 2163 Nunc
2984 2109 3169 2179 itaque
3217 2109 3363 2164 vobis
3390 2107 3528 2177 dico,
3558 2111 3658 2181 qui

2004 2198 2255 2268 praeestis
2305 2197 2563 2253 Ecclesiae
2606 2205 2658 2252 et
2715 2197 2918 2251 amatis
2963 2198 3173 2266 primos
3219 2211 3516 2252 consessus.
3572 2197 3654 2252 Ex

2005 2285 2220 2356 quibus
2248 2285 2494 2356 eruitur,
2533 2287 2715 2340 fuisse
2744 2288 2884 2340 tunc
2915 2284 3136 2356 primas
3167 2284 3497 2353 cathedras,
3522 2285 3650 2356 qui-

2007 2374 2118 2429 bus
2148 2372 2464 2445 singularis
2495 2373 2702 2445 bonor,
2727 2377 3102 2446 potestasque
3131 2373 3443 2443 conjuncta
3473 2377 3649 2442 esset,

2008 2479 2270 2535 quasque
2303 2463 2540 2534 superbi
2571 2468 2627 2518 et
2655 2462 2950 2519 ambitiosi
2978 2461 3247 2518 homines
3277 2460 3646 2534 concupisce-

2005 2556 2153 2607 rent.

2022 2671 2028 2677 -
2077 2641 2244 2696 Circa
2271 2641 2716 2697 matrimonium
2747 2641 2915 2695 docet
2949 2639 3136 2712 primo
3168 2638 3644 2705 Hermas,matri-

2008 2730 2190 2786 monii
2237 2729 2534 2786 vinculum
2586 2733 2823 2803 propter
2889 2727 3247 2784 adulterium
3304 2727 3648 2800 alterutrius

2008 2821 2326 2892 conjugum
2357 2819 2514 2875 haud
2542 2818 2800 2874 dissolvi.
2827 2818 2974 2886 Quod
3002 2817 3053 2873 si
3070 2817 3342 2872 dimiserit
3371 2817 3496 2889 (vir)
3527 2834 3649 2872 mu-

2011 2909 2206 2964 lierem
2233 2926 2392 2964 suam
2421 2913 2472 2964 et
2501 2910 2673 2963 aliam
2717 2908 2958 2977 duxerit,
2989 2914 3041 2963 et
3087 2909 3226 2979 ipsae
3269 2906 3646 2963 moechatur...

2008 3015 2141 3067 ergo
2168 3015 2281 3054 non
2309 2997 2459 3054 debet
2485 2998 2712 3053 dimissa
2740 2998 2968 3068 conjuge
2994 3013 3096 3051 sua
3121 2998 3210 3051 vir
3236 2997 3410 3051 aliam
3436 2995 3654 3053 ducere.

2008 3089 2106 3142 Hic
2136 3097 2291 3142 actus
2321 3088 2523 3143 similis
2551 3090 2630 3142 est
2659 3094 2710 3142 et
2742 3087 2802 3140 in
2830 3088 2947 3142 viro
2978 3090 3028 3142 et
3057 3088 3118 3140 in
3145 3085 3401 3153 muliere,
3436 3084 3518 3141 ait
3545 3085 3653 3140 Pa-

2009 3180 2131 3232 stor
2159 3177 2291 3248 (42).

1927 3247 1970 3313 C
2077 3266 2220 3320 Dein
2252 3247 2510 3337 exponit,
2542 3266 2836 3335 quomodo
2868 3281 2930 3319 se
2949 3280 3146 3336 gerere
3167 3264 3374 3319 debeat
3402 3263 3652 3320 maritus

2001 3371 2140 3426 erga
2171 3371 2410 3410 uxorem
2456 3352 2790 3409 adulteram
2842 3353 3105 3424 Principii.
3153 3352 3358 3408 marito
3416 3368 3648 3424 separa-

2002 3442 2223 3498 tionem
2278 3444 2350 3498 ab
2404 3458 2578 3497 uxore
2611 3458 2718 3498 sua
2741 3442 3006 3497 adultera
3045 3441 3260 3513 (quoad
3309 3445 3503 3496 torum
3537 3456 3642 3496 seu

2001 3531 2540 3601 cohabitationem),
2559 3547 2728 3586 secus
2748 3547 2880 3586 reus
2913 3529 3010 3585 ille
3040 3530 3259 3602 peccati
3281 3531 3493 3601 ejus,et
3513 3546 3642 3601 par-

2000 3621 2184 3692 ticeps
2215 3620 2619 3675 mmcbationis
2649 3620 2795 3690 ejus.
2848 3619 2907 3676 Si
2955 3636 3086 3674 vero
3135 3618 3347 3674 mulier
3391 3617 3638 3676 dimissa

2001 3708 2405 3780 paenitentiam
2437 3707 2639 3780 egerit,
2671 3712 2727 3762 et
2754 3707 3000 3762 voluerit
3030 3708 3102 3762 ad
3133 3707 3323 3762 virum
3353 3723 3526 3762 suum
3552 3723 3642 3762 re-

2001 3796 2167 3863 verti,
2200 3797 2404 3851 Pastor
2434 3797 2678 3852 mandat
2706 3795 2940 3859 marito,
2973 3799 3040 3851 ut
3084 3811 3213 3851 eam
3244 3793 3520 3867 recipiat:
3553 3811 3644 3852 se-

2003 3902 2106 3941 cus
2140 3889 2442 3956 peccatum
2487 3901 2771 3957 magnum
2821 3884 3098 3940 admittit.
3149 3885 3311 3950 Quod
3361 3884 3410 3940 si
3435 3883 3646 3941 mulier

2001 3977 2133 4046 post
2161 3973 2564 4045 paenitentiam
2598 3975 2656 4029 in
2690 3974 2892 4045 eadem
2923 3977 3160 4044 peccata
3195 3972 3553 4045 prolabatur,
3583 3973 3644 4029 in

2000 4063 2190 4134 iisque
2220 4068 2571 4135 perseveret,
2603 4068 2655 4118 et
2690 4062 3090 4134 pcenitentiam
3121 4077 3236 4117 non
3271 4066 3427 4134 agat,
3476 4061 3648 4120 debet

2000 4152 2268 4208 absolute
2300 4152 2569 4208 recedere
2599 4151 2848 4207 maritus
2879 4151 2953 4206 ab
2984 4150 3104 4217 illa,
3151 4168 3221 4206 ne
3250 4151 3540 4224 particeps
3571 4151 3649 4206 sit

2001 4241 2130 4310 ejus
2160 4241 2399 4312 peccati.
2432 4240 2536 4296 Hic
2565 4257 2759 4308 casus,
2799 4241 2969 4308 juxta
3011 4239 3265 4295 Pastoris
3295 4239 3644 4310 doctrinam,

2001 4329 2238 4400 respicit
2285 4329 2476 4384 virum
2528 4329 2880 4385 adulterium
2943 4335 2999 4384 et
3045 4327 3353 4383 mulierem
3415 4326 3646 4384 adulte-

2001 4434 2125 4473 ram
2162 4419 2293 4489 (43).
2334 4418 2519 4473 Hasce
2549 4417 2750 4489 regula
2778 4433 3009 4488 semper
3045 4416 3440 4472 observandas
3468 4414 3650 4471 edixit

2000 4506 2276 4575 Ecclesia,
2329 4510 2531 4578 utpote
2581 4506 2680 4561 SS.
2716 4505 3151 4577 Scripturarum
3193 4522 3258 4560 ac
3313 4503 3644 4561 traditionis

1996 4846 2061 4899 Et
2092 4843 2217 4900 dixi
2249 4844 2339 4899 illi
2370 4861 2388 4897 :
2421 4843 2562 4912 Quid
2606 4858 2732 4914 ergo
2759 4843 2810 4898 si
2841 4843 3207 4914 permanserit
3254 4843 3314 4896 in
3360 4840 3499 4914 vitio
3545 4854 3644 4896 suo

1996 4917 2200 4971 mulier
2226 4914 2254 4969 ?
2283 4917 2347 4970 Et
2377 4915 2523 4970 dixit
2549 4931 2569 4968 :
2602 4913 2861 4969 Dimittat
2884 4915 3044 4969 illam
3074 4915 3160 4968 vir
3187 4931 3208 4979 ;
3234 4921 3285 4968 et
3326 4913 3416 4967 vir
3456 4927 3559 4983 per
3587 4927 3644 4966 se

1996 4991 2244 5041 maneat.
2280 4987 2428 5054 Quod
2456 4989 2505 5040 si
2532 4985 2807 5040 dimiserit
2851 4986 3140 5040 mulierem
3182 5000 3344 5039 suam
3374 4990 3424 5040 et
3471 4983 3645 5037 aliam

1999 5057 2239 5122 duxerit,
2269 5064 2321 5112 et
2351 5060 2465 5128 ipse
2493 5057 2816 5112 moechatur.
2849 5058 2916 5111 Et
2946 5057 3067 5111 dixi
3097 5057 3190 5128 illi
3219 5072 3232 5109 :
3269 5056 3644 5128 Quid_simu-

2001 5130 2105 5184 tier
2132 5129 2357 5183 dimissa
2370 5125 2767 5196 paenitentiam
2795 5131 2986 5198 egerit,
3019 5136 3069 5182 et
3105 5125 3340 5182 voluerit
3368 5125 3437 5181 ad
3461 5127 3643 5198 virum

1999 5217 2163 5255 suum
2190 5201 2388 5254 reverti
2416 5218 2438 5263 ;
2467 5215 2644 5254 nonne
2672 5197 2972 5269 recipietur
2995 5217 3030 5253 a
3055 5200 3172 5254 viro
3199 5215 3297 5253 suo
3326 5201 3352 5251 .9
3378 5200 3442 5252 Et
3497 5197 3644 5250 dixit

1998 5272 2142 5326 mihi
2171 5288 2182 5325 :
2217 5273 2351 5337 Ima,
2386 5273 2434 5325 si
2463 5287 2571 5325 non
2602 5273 2861 5341 receperit
2896 5287 3016 5326 eam
3047 5272 3133 5325 vir
3159 5285 3310 5337 suus,
3341 5273 3542 5341 peccat,
3592 5274 3647 5322 et

2000 5359 2261 5413 magnum
2293 5350 2580 5412 peccatum
2624 5339 2732 5400 sibi
2754 5343 2999 5396 admittit
3029 5358 3048 5402 ,·
3077 5341 3168 5397 sed
3197 5341 3354 5413 debet
3400 5339 3643 5409 recipere

1998 5411 2358 5484 peccatricem
2390 5430 2508 5484 quae
2550 5415 2922 5482 ptenite-ntiam
2953 5415 3081 5482 egit,
3116 5411 3210 5467 sed
3264 5427 3373 5465 non
3430 5425 3639 5484 sxpe.,.

1995 5480 2219 5556 prepter
2247 5480 2623 5555 ptenitentiam
2653 5502 2778 5555 ergo
2809 5502 2915 5539 non
2946 5480 3117 5544 debet.
3151 5484 3395 5556 dimissa
3417 5480 3643 5556 conjuge

1998 5552 2120 5618 sud,
2154 5552 2445 5610 vir'atiam
2472 5557 2682 5609 (lucere.
2717 5552 2823 5610 llic
2843 5565 2989 5610 actus
3019 5556 3223 5609 similis
3246 5561 3323 5607 est
3350 5554 3476 5606 etin
3496 5552 3638 5618 viro,

1998 5634 2047 5682 ct
2082 5631 2135 5681 in
2173 5629 2414 5682 muliere.
2453 5627 2673 5681 Hermte
2706 5629 2914 5693 Pastor,
2951 5626 3208 5681 mandat.
3244 5641 3319 5692 1v,
3355 5641 3405 5677 c.
3441 5625 3490 5677 1.
