4038 6210
410 356 527 421 883

1903 353 1968 414 S.
2015 349 2316 415 HERM/E

3659 363 3764 425 884

414 492 760 550 auctoritate
787 489 1041 547 innixae.
1085 489 1452 546 Adulterium
1500 504 1731 560 semper
1778 486 2046 543 habitum
2076 486 2132 552 Α
2163 486 2382 542 nemini
2409 487 2467 543 in
2500 493 2756 546 mentem
2776 489 3009 547 venisse
3034 490 3478 565 disputationem
3494 494 3767 554 instituere

412 587 504 639 est
534 585 596 636 ut
626 581 887 653 legitima
915 579 1145 636 divortii
1171 597 1377 647 causa;
1396 595 1696 650 nunquam
1720 582 1913 633 autem
1941 576 2055 631 dis-

421 670 593 727 solvit
619 669 920 725 vinculum
952 668 1309 725 matrimonii
1338 669 1599 741 legitime
1630 666 1926 722 contracti.

486 758 745 815 Declarat
772 758 1009 813 tandem
1036 756 1425 829 polygamiam
1450 756 1838 813 successivam
1862 770 2058 810 revera

417 848 640 905 licitam
673 863 821 914 esse,
855 845 1116 901 coelibem
1149 850 1344 901 tamen
1394 846 1495 917 qui
1526 847 1700 900 vitam
1734 846 2057 909 ducit,rem

420 940 539 996 Deo
568 937 969 1010 gratissimam
1001 936 1188 991 facere
1217 936 1349 1007 (44).

492 1029 522 1102 §
550 1027 644 1083 IV.
679 1029 750 1083 De
778 1026 1168 1080 mandatorum
1200 1026 1299 1080 Dei
1328 1025 1675 1081 observantia
1702 1032 1755 1079 et
1784 1026 1987 1092 gratia.

497 1123 575 1172 De
606 1115 818 1171 divinis
870 1113 1173 1186 'przeceptis
1222 1130 1553 1169 sermonem
1613 1114 1947 1181 instituens,
1997 1129 2065 1167 ea

425 1212 606 1263 Deum
626 1204 847 1261 amanti
861 1208 1090 1259 servatu
1104 1203 1595 1275 facillima,neque
1610 1203 1932 1274 quidquam
1946 1201 2065 1257 illis

426 1296 689 1352 sanctius
719 1298 820 1349 aut
849 1292 1079 1347 dulcius
1108 1309 1236 1349 esse
1266 1293 1347 1347 ait
1385 1293 1516 1365 (45).
1566 1298 1707 1347 Cum
1737 1309 1868 1347 vero
1931 1293 2064 1347 ller-

428 1403 557 1441 mas
587 1386 812 1440 Pastori
842 1386 1118 1457 objiceret
1151 1402 1163 1439 :
1196 1388 1369 1439 Homo
1391 1384 1542 1453 cupit
1562 1382 1774 1455 quidem
1806 1383 2069 1438 mandata

429 1477 529 1530 Dei
552 1475 840 1541 custodire,
870 1479 924 1530 et
951 1490 1108 1529 nemo
1139 1478 1237 1537 est,
1268 1474 1365 1543 qui
1405 1489 1516 1528 non
1558 1476 1708 1543 petat
1758 1490 1791 1526 a
1821 1474 2066 1538 Domino,

429 1570 493 1620 ut
515 1566 681 1636 possit
708 1564 974 1619 mandata
1023 1565 1141 1633 ejus
1186 1578 1401 1617 servare
1433 1580 1446 1629 ;
1477 1562 1569 1616 sed
1614 1562 1864 1616 diabolus
1901 1562 2072 1615 durus

431 1662 529 1720 est,
559 1658 609 1708 et
657 1656 903 1725 potentia
951 1670 1049 1707 sua
1098 1652 1419 1707 dominatur
1468 1653 1528 1705 in
1572 1652 1668 1705 Det
1710 1667 1889 1705 servos
1933 1650 2069 1721 (46).

432 1744 637 1798 Pastor
667 1741 821 1797 illico
852 1742 902 1796 ei
936 1741 1269 1813 respondet,
1304 1756 1417 1794 non
1449 1756 1619 1811 posse
1652 1738 1949 1794 diabolum
1970 1741 2071 1794 do-

2164 593 2343 648 supra
2374 582 2719 650 mysterium
2753 580 2975 651 gratias,
3010 580 3179 652 eique
3226 581 3463 655 gloriam
3493 584 3766 658 preripere

2165 667 2581 737 conversionis,
2636 667 2702 723 ac
2742 669 3189 739 justiﬁcationis
3235 672 3586 742 peccatoris;
3617 679 3763 746 atque

2166 753 2274 809 hac
2304 756 2375 811 de
2406 772 2583 812 causa
2612 758 2853 813 Hermas
2883 775 3058 813 suum
3090 759 3385 814 Pastorem
3427 760 3672 831 perhibet
3695 762 3769 818 lo-

2168 848 2442 915 quentem
2473 845 2544 900 de
2583 846 2772 917 gratia
2819 847 2965 902 satis
3013 847 3391 903 conﬁdenter.
3438 849 3701 916 Secundo,
3729 852 3769 907 si

2170 941 2321 988 recte
2352 936 2423 989 ad
2457 950 2703 989 examen
2734 940 3036 991 revocetur
3076 936 3172 991 hic
3214 940 3424 1005 textus,
3456 938 3594 993 nihil
3638 940 3687 994 in
3715 957 3769 996 eo

2171 1023 2561 1095 adinvenitur,
2596 1025 2752 1096 quod
2799 1024 3051 1081 multum
3099 1025 3357 1082 detinere
3400 1044 3504 1083 nos
3554 1028 3769 1096 debeat;

2172 1128 2344 1167 omne
2375 1112 2432 1167 id
2466 1113 2643 1180 enim,
2676 1114 2829 1185 quod
2862 1114 2943 1169 ibi
2992 1115 3255 1183 docetur,
3307 1116 3379 1171 ad
3426 1116 3542 1171 haec
3570 1118 3770 1172 reduci-

2172 1205 2270 1255 tur
2301 1217 2313 1254 :
2350 1201 2531 1257 Deum
2562 1202 2832 1258 videlicet
2861 1204 3173 1260 concedere
3190 1205 3437 1277 gratiam
3465 1205 3773 1277 poenitentia

2176 1289 2434 1345 hominis
2464 1290 2816 1359 sinceritati,
2845 1293 3092 1363 ejusque
3120 1293 3293 1348 bonis
3312 1294 3773 1367 dispositionibus.

2179 1379 2305 1433 Haec
2332 1379 2564 1450 phrasis
2595 1385 2789 1436 autem
2824 1399 2927 1437 nec
2958 1386 3047 1438 est
3078 1381 3409 1455 Pelagiana,
3442 1400 3541 1441 nec
3569 1384 3781 1457 Semipe-

2178 1466 2431 1538 lagiana,
2466 1468 2579 1524 nisi
2610 1470 2667 1524 in
2701 1487 2877 1526 sensu
2909 1487 3133 1537 eorum,
3168 1472 3273 1543 qui
3296 1476 3511 1543 tenent,
3534 1471 3669 1527 hanc
3689 1474 3780 1528 sin-

2181 1556 2500 1625 ceritatem,
2534 1557 2757 1630 hasque
2788 1559 2973 1615 bonas
3003 1559 3420 1632 dispositiones
3456 1561 3615 1616 unice
3643 1577 3702 1617 ex
3727 1560 3782 1617 li-

2180 1645 2317 1701 bero
2351 1646 2589 1703 arbitrio
2620 1649 2952 1719 procedere,
2974 1652 3109 1705 etex
3127 1649 3353 1704 viribus
3374 1654 3584 1705 natura:
3613 1668 3625 1715 ;
3655 1652 3779 1723 quod

2182 1735 2419 1806 quidem
2452 1752 2555 1791 nec
2587 1736 2681 1792 hic
2713 1738 2879 1815 docet
2904 1738 3124 1808 Pastor,
3152 1755 3259 1794 nec
3275 1738 3437 1805 alibi,
3461 1739 3605 1811 quod
3633 1740 3781 1795 sciam

435 1831 646 1887 minari
679 1830 737 1885 in
770 1830 871 1886 Dei
905 1847 1120 1896 servos,
1141 1830 1240 1901 qui
1272 1846 1339 1885 ex
1361 1829 1499 1883 totis
1530 1828 1863 1899 praecordiis
1886 1829 1943 1882 in
1968 1828 2074 1883 Do-
2104 1854 2154 1919 B
2182 1823 2243 1879 in
2274 1828 2395 1880 toto
2426 1841 2599 1897 opere
2630 1842 2757 1881 suo.
2791 1826 3065 1892 Quinimo
3107 1827 3223 1883 dici
3270 1828 3448 1883 etiam
3494 1834 3669 1900 potest
3690 1844 3781 1883 non

436 1921 667 1975 minum
698 1921 961 1974 credunt.
1000 1922 1181 1975 Potest
1209 1926 1411 1986 autem,
1452 1917 1613 1972 addit
1664 1916 1924 1987 insuper,
1956 1916 2076 1971 dia-

438 2010 590 2065 bolus
625 2008 852 2076 luctari,
884 2009 975 2065 sed
1000 2011 1217 2063 vincere
1246 2024 1357 2062 non
1381 2010 1551 2078 potest
1578 2024 1599 2068 ;
1629 2007 1678 2061 si
1705 2008 1853 2061 enim
1874 2008 2080 2061 resisti-

435 2100 507 2153 tis
538 2099 646 2164 illi,
679 2099 859 2168 fugiet
890 2114 923 2151 a
952 2098 1099 2152 vobis
1133 2098 1406 2167 confusus.
1465 2094 1563 2149 His
1620 2094 1810 2150 verbis
1869 2095 2078 2149 conﬁr-

439 2187 587 2243 mari
618 2193 866 2258 possunt
896 2187 1105 2241 animas
1139 2185 1403 2256 quaedam
1437 2184 1813 2252 meticulosaa,
1865 2185 2081 2256 quibus

438 2281 721 2332 terrorem
751 2275 1046 2330 incutiunt
1072 2274 1413 2329 Christiana:
1430 2274 1694 2340 virtutes,
1727 2290 1939 2345 easque
1969 2290 2081 2345 pu-

439 2370 569 2422 tant
596 2366 657 2419 in
689 2364 850 2436 praxi
879 2380 1007 2419 esse
1039 2363 1215 2417 nimis
1245 2362 1541 2429 molestas,
1576 2362 1837 2434 quinimo
1885 2367 1943 2417 et
1970 2362 2081 2417 im-

442 2453 752 2527 possibiles
783 2468 983 2507 eorum
1016 2456 1256 2507 naturae.
1298 2451 1492 2505 Velint
1537 2451 1697 2523 ipsae,
1731 2450 1995 2524 diligant,
2029 2456 2084 2505 et

446 2545 592 2599 nihil
624 2544 733 2598 erit
763 2540 999 2596 difficile
1028 2566 1041 2605 ;
1071 2539 1172 2611 qui
1204 2540 1617 2611 diligit,omnia
1646 2544 1853 2611 potest.
1875 2540 2084 2594 Haedi-

446 2633 693 2689 lectione
722 2631 793 2685 de
824 2632 1039 2685 Satana
1068 2630 1369 2683 victoriam
1405 2630 1805 2700 reportabant,
1838 2634 1894 2683 et
1923 2646 2084 2683 com-

447 2721 846 2790 muneshujus
864 2718 1037 2774 sortis
1053 2718 1243 2773 minas
1268 2722 1642 2773 contemnent
1669 2735 1827 2789 ;quae
1846 2718 2083 2788 quidem

446 2811 638 2876 minae,
670 2808 860 2880 inquit
890 2812 1114 2875 Pastor,
1148 2808 1274 2861 sine
1305 2806 1702 2875 virtutesunt,
1727 2807 1880 2861 sicut
1903 2806 2087 2861 homi-

446 2900 541 2955 nis
572 2899 785 2953 mortui
819 2896 1000 2951 nervi.
1032 2897 1205 2950 Minas
1235 2899 1416 2949 autem
1446 2896 1601 2949 illius
1631 2898 1690 2949 in
1722 2898 1891 2949 totum
1919 2897 2089 2951 nolite

448 2992 644 3043 timere
672 3004 691 3047 ;
722 2988 841 3042 sine
871 2989 1074 3041 virtute
1101 3002 1248 3039 enim
1276 2994 1427 3054 sunt,
1450 2984 1587 3039 sicut
1618 2983 1853 3039 hominis
1882 2986 2089 3039 mortui

446 3076 622 3132 nervi.
655 3075 892 3130 Phrasis
926 3074 1044 3128 haec
1074 3072 1374 3145 originalis
1394 3077 1501 3143 est,
1528 3073 1959 3145 perfectamque
1987 3073 2087 3129 ha-

446 3167 545 3221 bet
595 3162 1136 3236 pulchritudidem;
1177 3179 1243 3217 ac
1290 3161 1576 3233 pathetice
1625 3161 1879 3233 exponit,
1931 3164 2081 3234 quod

446 3270 679 3309 summo
710 3256 1044 3323 contemptu
1082 3252 1397 3307 debeamus
1453 3250 1663 3305 habere
1710 3251 2034 3306 daemonem
2070 3269 2083 3306 :

447 3342 601 3398 absit
632 3358 765 3397 vero
797 3342 951 3412 quod
984 3340 1092 3395 hoc
1122 3340 1318 3395 minus
1350 3356 1456 3394 nos
1483 3338 1765 3395 sollicitos
1796 3341 2089 3407 reddat,ac

447 3430 756 3504 vigilantes
788 3430 1067 3484 adversus
1096 3429 1223 3499 ejus
1254 3428 1488 3483 fraudes
1519 3444 1584 3482 ac
1608 3427 1874 3484 insidias.

520 3520 769 3587 Quidam
814 3520 980 3574 locus
1025 3518 1277 3573 occurrit
1324 3518 1381 3571 in
1454 3521 1695 3584 Pastore,
1744 3517 1843 3589 qui
1896 3521 2093 3589 posset

449 3610 661 3665 morari
696 3609 991 3673 lectorem,
1024 3624 1229 3679 parum
1263 3607 1334 3661 de
1355 3606 1541 3677 gratia
1569 3606 2093 3674 instructum.Quo-

450 3715 593 3763 rum,
626 3697 706 3752 ait
727 3697 948 3766 Pastor,
984 3697 1192 3751 viderat
1238 3695 1500 3749 Dominus
1545 3711 1713 3765 puras
1758 3699 1965 3750 mentes
2000 3699 2089 3767 fu-

450 3791 623 3857 turas,
655 3790 710 3841 et
737 3787 1043 3840 serviturus
1073 3786 1125 3838 ei
1151 3800 1220 3839 ea:
1244 3786 1370 3839 totis
1394 3784 1861 3855 prmeordiisﬂlis
1893 3787 2092 3840 tribuit

445 3877 860 3948 paenitentiam:
893 3876 941 3928 et
971 3890 1200 3945 quorum
1232 3875 1473 3945 respexit
1502 3874 1684 3928 dolum
1709 3883 1764 3928 et
1794 3876 2089 3945 nequitias,

449 3970 501 4020 et
532 3964 929 4019 animadvertit
960 3963 1028 4016 ad
1062 3979 1118 4017 se
1164 3963 1439 4031 fallaciter
1488 3978 1823 4033 reversurus,
1872 3968 2093 4033 negavit

450 4054 522 4107 iis
551 4053 621 4107 ad
644 4054 1028 4124 paenitentiam
1060 4067 1385 4121 regressum,
1418 4068 1486 4106 ne
1531 4068 1728 4106 rursus
1774 4053 1947 4121 legem
1974 4054 2091 4124 ejus

447 4142 711 4213 nefandis
740 4140 1123 4195 maledicerent
1170 4140 1345 4195 verbis
1376 4140 1509 4209 (47).
1557 4141 1773 4209 Videri,
1822 4142 2088 4213 inquam,

452 4229 757 4301 possethic
774 4234 980 4283 Pastor
1018 4228 1313 4299 aliquibus
1354 4228 1846 4299 Pelagianismum
1867 4248 2088 4301 sapere,

449 4318 536 4374 vel
596 4319 665 4373 ad
718 4317 915 4373 minus
976 4317 1682 4389 semi—Pelagianismum,
1732 4320 1792 4373 in
1847 4320 2092 4375 materia

451 4407 671 4479 gratim,
696 4424 873 4479 quam
909 4406 1095 4478 primo
1128 4411 1363 4478 aspectu
1386 4407 1613 4462 videtur
1633 4410 1944 4465 concedere
1978 4426 2093 4464 me-

450 4496 601 4563 ritis,
633 4501 690 4552 et
718 4497 888 4551 bonis
931 4496 1419 4567 dispositionibus
1468 4496 1796 4565 hominum,
1846 4500 2090 4553 minime

2189 1913 2410 1985 absque
2440 1915 2663 1980 ratione
2695 1919 2992 1972 Pastorem
3026 1914 3145 1972 illis
3171 1918 3416 1973 vocibus
3445 1934 3611 1972 usum
3638 1933 3745 1973 esse
3769 1942 3781 1985 ς

2188 2002 2404 2074 quippe
2435 2004 2775 2074 poenitentia
2804 2010 2892 2061 est
2914 2022 3031 2061 una
3052 2022 3121 2061 ex
3148 2005 3222 2061 iis
3249 2006 3476 2078 gratiis,
3504 2024 3639 2078 quas
3662 2006 3782 2062 Deus

2188 2108 2304 2147 non
2336 2093 2603 2147 concedit
2632 2093 2923 2149 ordinaris
2953 2094 3268 2167 loquendo,
3303 2095 3417 2150 nisi
3448 2101 3574 2167 post
3609 2095 3783 2150 multas

2189 2180 2355 2248 alias,
2389 2181 2476 2236 uti
2507 2182 2660 2251 fidei,
2689 2183 2833 2256 spei,
2869 2201 2997 2256 quae
3025 2189 3167 2240 sunt
3205 2183 3391 2240 veluti
3420 2184 3783 2257 dispositiones

2192 2270 2265 2325 ad
2295 2270 2468 2325 istam
2498 2272 2633 2340 (48).

2757 2363 2787 2435 §
2816 2363 2883 2416 V.
2924 2364 3001 2418 De
3036 2363 3264 2434 angelis.

2264 2449 2462 2521 Neque
2484 2452 3047 2522 pratermittendum
3071 2470 3105 2506 a
3126 2451 3295 2507 nobis
3331 2451 3784 2521 arbitramur,que

2197 2537 2268 2593 de
2299 2538 2523 2610 angelis
2549 2539 2672 2595 suis
2702 2540 2759 2593 in
2793 2540 2960 2596 libris
2990 2544 3239 2596 Hermas
3259 2540 3466 2596 tradit.
3493 2539 3669 2595 Primo
3695 2538 3787 2611 qui-

2194 2626 2326 2681 dem
2358 2628 2525 2683 docet
2554 2645 2683 2683 esse
2714 2630 3030 2700 quamdam
3064 2629 3226 2701 ipsos
3256 2629 3417 2684 inter
3434 2628 3656 2701 angelos
3681 2628 3785 2683 sub-

2194 2715 2645 2787 ordinationem,
2678 2718 2761 2773 ita
2791 2719 3063 2789 nimium,
3097 2723 3163 2773 ut
3193 2717 3294 2773 alii
3349 2719 3469 2773 sint
3497 2718 3620 2773 aliis
3646 2716 3787 2773 excel-

2196 2804 2473 2860 lentiores
2504 2807 2637 2877 (49).
2662 2808 2927 2862 Secundo
2949 2808 3183 2879 exponit
3202 2806 3445 2878 qualem
3466 2808 3612 2863 circa
3628 2822 3785 2862 omnes

2199 2892 2374 2964 hujus
2406 2896 2609 2949 mundi
2660 2912 2751 2951 res
2800 2895 3259 2951 sollicitudinem
3320 2896 3587 2953 habeant.
3616 2895 3786 2951 Statuit

2197 2984 2392 3037 autem
2418 2982 2709 3054 imprimis
2732 2986 2789 3040 S.
2816 2984 3160 3040 Michaelem
3183 2984 3598 3057 archangelum
3618 2984 3786 3039 habere

2196 3075 2540 3142 potestatem
2572 3089 2749 3144 super
2776 3075 3059 3145 populum
3089 3073 3517 3143 Christianum,
3549 3080 3602 3130 et
3627 3073 3790 3146 guber-

2198 3176 2336 3215 nare
2364 3159 2553 3215 illum.
2592 3163 2831 3217 Nuntius
2879 3168 3062 3218 autem
3108 3164 3270 3219 ille...
3327 3164 3524 3235 (verba
3563 3161 3789 3218 suntPa-

2199 3249 2394 3318 storis)
2429 3250 2656 3305 Michael
2685 3260 2781 3317 est,
2816 3254 2912 3322 qui
2936 3252 3129 3324 populi
3180 3252 3352 3323 hujus
3397 3254 3555 3308 habet
3596 3253 3787 3321 potata-

2197 3343 2327 3406 tem,
2360 3342 2411 3394 et
2438 3340 2703 3411 gubernat
2748 3341 2882 3412 (50).
2933 3340 3078 3396 Hinc
3121 3340 3441 3412 peculiaris
3490 3340 3692 3397 devotio
3715 3340 3791 3394 Ec-

2198 3427 2384 3483 clesiae
2416 3428 2715 3484 catholicas
2765 3445 2906 3502 erga
2951 3434 3009 3485 S.
3060 3428 3409 3486 Michaelem
3462 3430 3715 3485 fundatur
3750 3428 3792 3482 in

2200 3517 2467 3572 doctrina
2496 3517 2782 3589 primaevae
2813 3518 3204 3590 antiquitatis.

2272 3606 2431 3660 Idem
2462 3609 2668 3661 Pastor
2696 3610 2896 3678 aperte
2928 3622 3167 3678 quoque
3200 3607 3467 3664 declarat
3496 3608 3687 3663 Filium
3724 3604 3793 3659 Dei

2201 3694 2586 3765 praeposuisse
2618 3693 2856 3767 angelos
2887 3694 2947 3750 in
2978 3696 3312 3751 custodiam
3339 3713 3540 3753 eorum
3570 3712 3699 3768 quos
3724 3695 3795 3749 Pa-

2201 3786 2324 3836 stor
2356 3783 2605 3839 caelestis
2638 3783 2749 3855 ipsi
2782 3783 3024 3838 tradidit
3056 3800 3069 3838 :
3103 3786 3196 3839 Eis
3226 3802 3359 3855 quos
3405 3787 3543 3841 Filio
3594 3782 3793 3849 tradidit,

2200 3873 2372 3927 Filius
2401 3874 2478 3927 eis
2508 3875 2737 3928 nuntios
2766 3875 3075 3944 praeposuit
3106 3873 3184 3929 ad
3226 3875 3622 3931 conservandos
3646 3877 3793 3941 singu-

2202 3962 2279 4016 los
2328 3962 2461 4033 (51).
2514 3962 2639 4017 Etsi
2688 3965 2897 4033 agatur
2944 3961 3038 4017 hic
3086 3964 3157 4017 de
3205 3963 3350 4020 solis
3400 3960 3791 4037 praedestinatis,

2201 4054 2425 4104 certum
2458 4055 2545 4105 est
2576 4049 2965 4106 nihilominus
2995 4052 3152 4122 quod
3195 4055 3409 4108 Pastor
3432 4054 3583 4109 idem
3612 4050 3793 4124 privile-

2200 4139 2361 4211 gium
2394 4140 2674 4194 concedat
2701 4139 2925 4194 caeteris
2957 4139 3319 4198 hominibus.

2273 4228 2463 4283 Primo
2494 4228 2649 4282 enim
2684 4227 2825 4282 illud
2858 4228 3122 4283 concedit
3171 4231 3480 4304 neophytis
3509 4231 3661 4303 ipsis,
3687 4229 3791 4283 dum

2201 4316 2341 4371 dicit
2370 4318 2524 4388 quod
2558 4317 2641 4371 illi
2673 4317 2745 4373 ab
2774 4317 3000 4389 angelis
3030 4327 3483 4375 commonentur
3510 4321 3577 4375 ad
3606 4316 3792 4374 benefa-

2201 4405 2473 4460 ciendum
2506 4408 2639 4478 (52).
2675 4407 2889 4462 Deinde
2919 4406 3176 4462 declarat
3204 4408 3263 4463 in
3284 4425 3519 4481 genere,
3549 4409 3683 4479 quod
3708 4407 3793 4461 duo

2201 4496 2353 4567 genii
2384 4496 2507 4550 sive
2537 4497 2651 4551 duo
2674 4495 2864 4567 angeli
2899 4501 3037 4551 sunt
3066 4513 3199 4551 cum
3219 4497 3479 4569 homine,
3504 4515 3647 4554 unus
3663 4494 3793 4567 atqui-

451 4586 918 4657 recognoscendo
961 4585 1123 4640 illam
1178 4602 1245 4640 ex
1286 4589 1446 4656 parte
1490 4585 1588 4641 Dei
1637 4588 1973 4659 gratuitam.
2023 4590 2094 4643 At
2124 4574 2167 4636 Ι)
2202 4585 2359 4649 tatis,
2392 4588 2450 4639 et
2481 4602 2635 4640 unus
2668 4584 2996 4656 iniquitatis
3029 4585 3163 4657 (53).
3214 4587 3383 4643 Prior
3430 4590 3502 4645 ad
3548 4588 3792 4647 virtutem.

451 4675 1035 4731 animadvertendum
1066 4679 1155 4730 est
1180 4675 1389 4746 primo,
1414 4676 1702 4746 primaevis
1730 4677 2092 4748 temporibus

521 4863 633 4932 (44)
664 4864 729 4916 Et
762 4864 959 4917 iterum
989 4862 1111 4917 dixi
1139 4863 1229 4917 illi
1258 4880 1277 4916 :
1306 4865 1371 4917 Si
1416 4864 1503 4917 vir
1520 4866 1602 4917 vet
1624 4863 1831 4917 mulier
1859 4864 2091 4932 alicujus

447 4934 754 4999 decesserit,
786 4938 835 4988 et
866 4936 1115 5004 nupserit
1144 4934 1352 5004 aliquis
1384 4935 1608 4989 illorum
1634 4952 1653 4993 ;
1684 4936 1935 5005 nunquid
1963 4952 2088 5006 pec-

447 5010 584 5060 cat!
642 5007 743 5072 Qut
795 5006 972 5071 nubit,
1008 5024 1115 5059 non
1162 5014 1365 5076 peccat,
1426 5006 1637 5077 inquit,
1696 5008 1791 5060 sed
1820 5008 1869 5061 si
1913 5024 2008 5075 per
2036 5025 2093 5063 se

444 5078 735 5149 manserit.
778 5094 1043 5143 magnum
1074 5078 1181 5132 sibi
1208 5078 1355 5146 apud
1384 5079 1676 5132 Dominum
1704 5080 1982 5149 conquirit
2002 5079 2090 5135 ho-

444 5164 652 5204 norem.
687 5148 907 5202 Hermae
940 5155 1178 5215 Postera,
1214 5150 1409 5204 mand.
1444 5166 1517 5213 Iv,
1552 5166 1600 5202 c.
1635 5150 1685 5202 4.

522 5220 636 5346 (45)
665 5220 862 5274 Ponite
892 5222 1041 5273 vobis
1086 5222 1275 5289 Deum,
1326 5222 1495 5275 Deum
1538 5225 1776 5275 vestrum
1825 5223 1883 5275 in
1933 5222 2090 5277 corde

555 5308 662 5346 ere.
696 5300 743 5345 et
776 5292 1094 5346 intelligetis
1127 5292 1263 5346 quod
1293 5293 1436 5346 nihil
1466 5294 1686 5346 facilius
1714 5294 1785 5346 sit
1812 5294 1894 5346 his
1924 5311 2088 5346 man-

447 5292 662 5355 habere,
696 5300 743 5345 et
776 5292 1094 5359 intelligetis
1127 5292 1263 5362 quod
1293 5293 1436 5346 nihil
1464 5294 1686 5360 facilius
1714 5294 1785 5346 sit
1812 5294 1894 5347 his
1924 5311 2088 5347 man-

446 5364 614 5427 datis,
646 5378 822 5434 neque
851 5363 1085 5431 dulcius,
1116 5380 1290 5433 neque
1330 5368 1695 5431 mansuetius,
1745 5381 1916 5435 neque
1958 5382 2085 5419 san-

444 5438 602 5490 ctius.
639 5436 698 5488 1..
736 5452 796 5500 ιι,
832 5435 1028 5488 mand.
1061 5452 1161 5497 x11,
1197 5452 1246 5489 c.
1280 5437 1313 5487 3
1343 5442 1398 5489 et
1430 5436 1479 5489 4.

519 5509 628 5571 (ίίῖ)
669 5508 843 5569 Idem,
873 5506 1029 5573 ibid,
1063 5523 1110 5559 c.
1143 5508 1193 5560 5.

520 5582 627 5643 (i7)
670 5579 838 5648 Tdem,
872 5581 1017 5633 Pasl.
1052 5578 1360 5633 similitud.
1392 5595 1512 5641 Vlll,
1547 5594 1671 5648 cap.
1695 5580 1747 5633 6.

518 5649 627 5719 (18)
678 5649 933 5713 ~minimo
965 5650 1147 5705 Deum
1179 5650 1451 5705 anteriori
1485 5651 1739 5722 quadam
1770 5648 1961 5721 gratia
1988 5666 2087 5707 eos

2202 4672 2348 4728 alter
2376 4674 2444 4728 ad
2477 4672 2617 4727 vitia
2646 4672 2878 4728 excitat.
2926 4672 3114 4729 Malus
3156 4674 3281 4746 ipse
3323 4677 3530 4749 genius
3576 4672 3792 4733 diabolus

2201 4862 2271 4916 ad
2304 4859 2702 4937 paenitentiam
2726 4861 3249 4937 praepara_sse,inde
3270 4868 3432 4937 patet
3463 4884 3476 4932 ;
3511 4865 3641 4937 quia
3660 4860 3789 4937 paulq

2202 4929 2474 5006 sup—crius
2525 4929 2766 5002 angelus
2796 4929 2882 5006 ad
2938 4930 3226 5006 (Hermum
3270 4929 3425 4991 dixit
3456 4929 3471 4993 ἑ
3508 4929 3791 5006 Vides-quod

2199 5004 2375 5058 multi
2400 5012 2630 5072 egerunt
2656 5004 3043 5074 ριιγηίιθιιιίωη
3072 5009 3127 5057 et
3154 5009 3391 5062 assecuti
3431 5018 3558 5065 sunt
3582 5004 3786 5064 salutem.

2208 5077 2384 5141 Video,
2422 5074 2608 5145 inquit
2640 5075 2899 5149 Hermas,
2932 5073 3172 5149 domine.
3227 5078 3286 5133 Ut
3334 5082 3494 5149 scias,
3552 5082 3629 5135 ait
3653 5092 3784 5148 ange-

2204 5149 2315 5225 lus,
2351 5148 2643 5225 bonitatem
2698 5151 2751 5200 et
2807 5146 3155 5225 clementiam
3205 5149 3423 5225 Domini
3478 5146 3785 5225 magnam,4

2201 5218 2581 5297 honorandum
2605 5233 2733 5297 esse,
2784 5218 2882 5285 qui
2916 5216 3065 5272 dedit
3107 5223 3364 5290 spiritum
3416 5226 3496 5279 eis
3541 5216 3633 5297 qui
3668 5217 3785 5287 digni

2197 5296 2354 5345 erant
2380 5290 2760 5360 pa‘nitentiam
2787 5303 2968 5360 agere.

2271 5358 2391 5436 (49)
2414 5364 2637 5436 Hermas
2668 5360 2837 5436 _Pas_t.,
2872 5358 3093 5413 visione
3125 5376 3206 5436 ιιι.
3244 5379 3367 5436 cap.
3396 5367 3446 5420 4.

2268 5429 2599 5510 (5Q)_Idem,
2634 5429 2859 5510 similit.
2890 5444 3015 5491 vm,
3048 5447 3107 5510 ο.
3132 5432 3183 5487 3.

2291 5501 2381 5571 51)
2404 5503 2584 5571 Idem,
2616 5501 2840 5556 similit.
2875 5517 2959 5567 ιιι,
2994 5517 3043 5555 c.
3076 5503 3129 5555 6.

2291 5577 2381 5644 52)
2408 5575 2585 5644 Idem,
2620 5573 2657 5627 l.
2694 5591 2732 5641 ι,
2764 5573 2871 5627 vis.
2906 5589 2990 5641 ιιι,
3024 5588 3073 5627 c.
3101 5574 3155 5629 5.

2270 5644 2380 5727 (53)
2416 5646 2594 5714 Idem,
2629 5645 2669 5701 l.
2703 5662 2763 5716 ιι,
2798 5644 2995 5699 mand.
3026 5661 3106 5713 vx,
3139 5663 3189 5702 c.
3220 5651 3275 5703 2.

3940 2740 3953 3497 φ
