4038 6210
258 363 377 433 885

1508 363 1840 430 PASTOR.
1872 396 1950 411 -
1977 363 2396 432 PROCEMIA.

3532 359 3653 429 886

258 505 368 574 est,
401 501 898 575 quemadmodum
927 502 1052 575 ipse
1079 500 1192 558 alio
1219 500 1344 558 loco
1375 501 1587 558 fatetur
1616 500 1749 571 (54).
1783 506 1899 556 An-
1930 503 1979 569 Α
2014 518 2261 573 quarum
2308 505 2496 574 prima
2540 510 2646 576 est,
2699 507 2992 577 apostonos
3038 503 3170 575 post
3216 501 3462 558 mortem
3508 500 3645 557 Jesu

256 592 457 665 gelum
507 609 740 665 quoque
782 593 1025 648 Hermas
1067 596 1262 648 noster
1309 596 1750 657 commemorat,
1802 590 1900 661 qui

256 681 508 737 terribili
529 682 760 737 cuidam
784 682 985 737 bellum
1007 687 1451 754 przeerat,quam
1484 697 1585 751 per
1607 680 1902 735 somnium

254 770 504 841 viderat,
538 775 711 843 atque
742 770 954 842 Hegrin
1003 769 1257 842 appellat
1289 771 1419 839 (55).
1467 771 1548 823 En
1581 768 1765 840 ipsius
1798 768 1901 822 Pa-

256 859 436 915 storis
464 860 639 915 verba
672 876 683 912 :
718 860 865 914 Misit
888 860 1151 915 Dominus
1179 860 1442 930 angelum
1470 876 1654 923 suum,
1704 859 1801 927 qui
1827 865 1904 911 est

252 965 423 1020 super
453 950 688 1004 bestias:
718 950 812 1003 cui
839 964 1037 1004 nomen
1076 957 1152 1004 est
1196 950 1416 1019 Ilegrin,
1448 957 1499 1002 et
1544 948 1819 1002 obturavit
1846 962 1902 1000 os

252 1038 395 1109 ejus,
426 1054 496 1092 ne
525 1046 576 1093 te
603 1038 937 1104 dilaniaret,
970 1042 1080 1092 etc.
1115 1037 1237 1091 Viri
1266 1036 1416 1091 docti
1453 1035 1604 1089 circa
1630 1036 1900 1089 vexatum

251 1126 411 1182 hunc
442 1125 636 1181 locum
668 1126 896 1181 diversa
924 1130 1062 1181 sunt
1105 1125 1441 1181 commenti.
1474 1123 1901 1181 Celeberrimus

251 1215 542 1271 Nourrius
564 1232 696 1271 eum
720 1214 1147 1271 restituendum
1179 1219 1347 1286 putat
1367 1231 1434 1269 ex
1456 1213 1651 1268 codice
1676 1210 1902 1267 Colber-

255 1304 512 1376 tino,qui
534 1304 617 1360 sic
648 1304 859 1360 habet:
887 1323 918 1356 ι
940 1304 1101 1359 Misit
1122 1304 1406 1359 Dominus
1428 1302 1699 1375 angelum
1724 1317 1897 1356 suum

252 1410 432 1466 super
452 1394 725 1460 bestiam,
746 1395 913 1463 cujus
933 1410 1141 1449 nomen
1166 1398 1253 1449 est
1273 1393 1485 1464 Hegrin
1508 1392 1677 1463 (56).»
1704 1389 1904 1462 Suspi-

254 1488 425 1539 catus
449 1484 577 1554 jam
630 1482 820 1538 fuerat
850 1482 1230 1538 doctissimus
1258 1482 1594 1548 Cotelerius,
1632 1481 1899 1535 Hermam

238 1577 432 1629 Graece
481 1572 591 1628 hoc
642 1573 757 1628 fere
802 1572 977 1627 modo
1028 1572 1337 1645 scripsisse
1370 1590 1383 1627 :
1415 1572 1661 1641 Ἔπεμψε
1704 1568 1899 1641 Κύριος

245 1659 482 1738 ἄγγελον
512 1660 701 1733 αὐτοῦ,
736 1659 795 1723 ὅς
828 1661 967 1716 ἐστιν
1000 1662 1086 1715 ἐπὶ
1122 1662 1334 1734 θηρίον,
1369 1663 1413 1732 ᾦ
1444 1656 1618 1732 ὄνομα
1648 1661 1895 1732 Ἀγριον.

239 1756 427 1820 Quam
457 1751 519 1807 in
567 1753 916 1808 sententiam
972 1752 1180 1808 recitat
1227 1751 1372 1807 illud
1445 1750 1655 1823 psalmi
1714 1766 1896 1817 Lxx1x,

234 1860 291 1897 ν.
328 1843 395 1896 14
428 1860 441 1897 ε
478 1840 823 1913 Ἐλυμῄνατο
874 1838 1041 1908 αὐτὴν
1099 1843 1190 1901 σῦς
1234 1838 1293 1893 ἐκ
1354 1836 1585 1915 δρυμοῦ,
1644 1837 1732 1891 καὶ
1798 1856 1895 1907 μο-
1927 1875 1975 1938 Β

244 1928 362 1990 νιὸς
392 1930 582 2004 ἄγριος
613 1931 1017 2002 κατενεμήσατο
1049 1928 1239 1999 αὐτήν.
1276 1932 1588 1986 Devastavit
1616 1945 1739 1983 eam
1767 1942 1898 1997 aper

237 2020 307 2075 de
352 2021 512 2088 silva,
565 2030 616 2076 et
662 2021 967 2091 singularis
1010 2022 1162 2091 ferus
1212 2020 1465 2092 depastus
1514 2023 1591 2074 est
1638 2034 1759 2073 eam
1802 2017 1892 2083 δν,

239 2110 335 2165 cui
356 2110 594 2181 quidem
618 2112 964 2181 conjecturas
987 2113 1293 2165 contextus
1313 2110 1501 2164 favere
1521 2108 1893 2177 videtur(57).

242 2199 542 2270 Siquidem
575 2199 725 2254 hanc
751 2198 1003 2254 bestiam
1021 2213 1316 2269 praessurte
1342 2203 1733 2268 supeventurw
1756 2196 1896 2267 ﬁgu-

243 2305 374 2343 ram
407 2303 536 2344 esse
566 2304 700 2343 mox
749 2288 965 2343 ibidem
1014 2288 1163 2359 stylo
1214 2287 1608 2360 apocalyptico
1641 2285 1899 2341 declarat

245 2377 515 2433 Hermas.
549 2376 621 2433 Ut
650 2376 895 2448 proinde
925 2393 1061 2431 cum
1094 2375 1270 2448 paulo
1317 2380 1455 2431 ante
1484 2375 1803 2447 scripserit,
1866 2390 1899 2428 a

248 2466 498 2522 Domino
550 2482 728 2537 super
774 2465 1022 2521 bestiam
1075 2464 1351 2536 angelum
1404 2464 1654 2518 missum
1696 2462 1896 2528 fuisse,

253 2555 448 2627 ipsius
469 2554 758 2611 sententia
787 2555 857 2608 de
888 2553 1094 2626 angelo
1124 2571 1157 2609 a
1186 2559 1299 2609 Deo
1338 2553 1396 2608 in
1428 2553 1712 2607 auxilium
1737 2551 1898 2607 Chri-

254 2642 584 2698 stianorum
616 2642 799 2697 misso
847 2641 923 2695 sit
975 2641 1331 2713 accipienda,
1381 2641 1483 2713 qui
1512 2658 1610 2696 eos
1648 2640 1707 2695 in
1740 2656 1899 2711 pres-

255 2748 399 2787 sura
428 2734 873 2803 superventura,
890 2746 993 2785 seu
1024 2730 1370 2786 imminente
1390 2730 1787 2802 persecutione
1807 2745 1898 2783 so—

249 2820 477 2876 laretur
505 2824 681 2892 atque
711 2820 943 2875 foveret.
1001 2820 1085 2875 Cl.
1144 2819 1463 2875 Cotelerius
1494 2819 1628 2874 inde
1670 2823 1901 2874 enatam

251 2908 494 2980 conjicit
521 2925 719 2965 vocem
752 2909 987 2981 Hegrin,
1016 2909 1171 2980 quod
1202 2909 1261 2963 in
1290 2913 1515 2964 Hermae
1548 2913 1707 2963 textu
1742 2925 1903 2963 com-

253 3000 543 3071 pendiosa
571 2998 866 3069 scriptura
889 3002 1141 3053 exstaret
1169 2994 1365 3070 ἔγρηγ,
1399 3000 1568 3069 cujus
1600 3002 1903 3068 postremae

252 3087 463 3143 litterae
507 3087 781 3143 inferiore
812 3091 974 3158 parte
1004 3103 1210 3154 exesae,
1265 3088 1485 3158 putarit
1528 3092 1694 3141 vetus
1724 3086 1906 3141 inter-

251 3192 393 3249 pres
413 3176 728 3249 legendum
751 3170 944 3249 ἔγρηνς
969 3176 1147 3247 hujus
1167 3175 1435 3231 lectionis
1455 3175 1571 3230 vim
1591 3176 1750 3231 haud
1770 3192 1907 3247 qua-

2013 591 2223 647 Christi
2258 594 2585 649 doctrinam
2616 595 2859 660 sanctis,
2892 594 2990 664 qui
3021 596 3153 649 ante
3180 591 3463 662 obierant,
3498 608 3647 663 prae-

2012 680 2314 749 dicavisse,
2370 683 2555 755 iisque
2603 685 2964 756 baptismum
3006 681 3342 752 contulisse,
3377 681 3503 737 sine
3532 697 3647 753 quo

2012 769 2165 825 bona
2194 772 2429 827 illorum
2462 790 2637 844 opera
2665 773 2894 828 inutilia
2923 777 3089 828 erant
3117 772 3246 843 (58).
3280 772 3397 826 Hoc
3426 775 3646 835 tamen,

2004 858 2204 929 judice
2234 860 2355 915 viro
2386 862 2889 933 perspicacissimo
2931 862 3062 933 (59),
3098 878 3210 915 non
3241 860 3311 914 de
3341 876 3512 931 aqua,
3546 860 3647 914 sed

2013 948 2081 1001 de
2111 949 2389 1019 baptismi
2414 952 2600 1021 gratia
2631 957 2718 1007 est
2749 951 3151 1022 accipiendum
3181 967 3194 1016 ;
3226 948 3336 1003 fuit
3364 949 3520 1004 enim
3551 964 3649 1003 ve-

2012 1040 2197 1091 terum
2231 1039 2623 1110 complurium
2656 1040 2871 1111 opinio,
2905 1038 3196 1110 apostolos
3224 1037 3472 1092 mortuis
3502 1054 3648 1109 prm-

2009 1126 2289 1183 dicavisse
2319 1129 2451 1199 (60),
2485 1130 2640 1200 quod
2672 1129 2731 1184 S.
2792 1130 2994 1184 Petrus
3042 1129 3088 1162 ⁶²
3138 1127 3209 1181 de
3234 1127 3395 1181 'Jesu
3423 1126 3649 1181 Christo

1954 1274 1957 1279 ,
2010 1214 2284 1271 afﬁrmat.

2083 1306 2177 1359 Ait
2206 1310 2482 1377 praterea
2507 1307 2884 1362 revelationes
2905 1310 2963 1361 et
2977 1305 3229 1361 visiones
3259 1321 3362 1376 pro
3380 1303 3652 1359 dubitan-

2010 1393 2191 1459 tibus,
2226 1400 2283 1449 et
2330 1396 2626 1451 veritatem
2658 1396 2769 1451 sibi
2808 1394 3155 1450 traditorum
3187 1393 3649 1466 disquirentibus

2010 1499 2138 1538 esse
2169 1484 2242 1538 ad
2290 1484 2670 1539 inﬁrmiorem
2718 1500 2919 1539 eorum
2968 1484 3141 1538 tidem
3190 1481 3648 1538 confirmandam

2009 1572 2160 1642 (6i);
2195 1574 2483 1627 mundum
2512 1590 2645 1629 vero
2677 1589 2779 1645 per
2826 1574 3021 1645 ignem
3059 1576 3115 1628 et
3143 1571 3489 1644 sanguinem
3521 1586 3650 1627 esse

2009 1661 2323 1717 delendum
2355 1664 2487 1733 (62).

2084 1755 2422 1806 Postremus
2456 1752 2710 1808 Pastoris
2740 1752 2902 1808 locus
2934 1756 3260 1809 memoratu
3299 1752 3514 1824 dignus
3561 1767 3648 1807 re-

2011 1838 2183 1909 spicit
2215 1842 2455 1895 modum
2488 1843 2825 1898 secernendi
2858 1843 3170 1914 prophetas
3200 1858 3367 1897 veros
3396 1858 3431 1896 a
3467 1839 3650 1896 falsis.

2009 1929 2122 1983 Hoc
2153 1933 2216 1984 ut
2246 1930 2601 1998 obtineatur,
2656 1934 3038 2003 utrorumque
3084 1931 3205 1985 vita
3252 1934 3311 1986 et
3352 1946 3545 1985 mores
3592 1929 3652 1983 in

2002 2034 2242 2074 examen
2277 2024 2417 2074 sunt
2453 2021 2756 2075 revocandi
2790 2021 2921 2093 (63).
2958 2022 3121 2076 Verus
3150 2020 3421 2091 propheta
3452 2020 3549 2075 ille
3578 2021 3657 2073 est

2004 2108 2101 2177 qui
2126 2108 2327 2177 spiritu
2355 2117 2541 2163 sancto
2570 2110 2802 2180 repletus
2830 2113 2948 2171 est;
2996 2113 3053 2164 at
3088 2109 3309 2165 divinus
3338 2110 3440 2164 iste
3467 2107 3659 2177 Spiri-

2006 2204 2093 2251 tus
2124 2198 2341 2267 quietus
2371 2202 2467 2266 est,
2502 2198 2749 2269 humilis,
2782 2200 2983 2254 recedit
3014 2199 3083 2253 ab
3123 2199 3273 2254 omni
3316 2198 3565 2268 nequitia
3604 2203 3657 2252 et

2006 2285 2275 2342 desiderio
2307 2304 2452 2344 vano
2478 2288 2643 2359 hujus
2673 2290 2886 2356 smeuli,
2918 2290 3131 2344 nemini
3157 2286 3459 2359 respondet,
3492 2287 3657 2340 inter-

2007 2384 2249 2445 rogatus,
2282 2392 2382 2431 nec
2422 2379 2659 2447 singulis
2684 2378 2969 2449 respondet
3012 2393 3227 2448 ;neque
3261 2393 3387 2432 cum
3413 2376 3529 2431 vult
3558 2376 3653 2431 ho-

2006 2466 2151 2519 mini
2180 2466 2430 2536 loquitur
2475 2466 2713 2537 Spiritus
2761 2468 2876 2534 Dei,
2922 2467 3013 2522 sed
3043 2476 3174 2522 tunc
3224 2465 3489 2537 loquitur,
3529 2482 3656 2521 cum

2008 2554 2124 2608 vult
2154 2558 2320 2609 Deus.
2356 2554 2490 2609 Cum
2520 2572 2643 2625 ergo
2667 2555 2950 2628 (loquitur
2978 2571 3210 2627 semper
3238 2555 3463 2625 Pastor)
3492 2570 3652 2610 vene-

2008 2646 2086 2698 rit
2117 2644 2293 2709 homo,
2326 2646 2421 2713 qui
2452 2644 2607 2699 habet
2661 2645 2930 2716 Spiritum
2959 2650 3081 2709 Det,
3132 2648 3190 2699 in
3239 2645 3538 2700 Ecclesium
3568 2646 3655 2713 ju-

2008 2736 2219 2787 storum
2263 2732 2582 2787 habentium
2611 2733 2771 2802 ﬁdem
2803 2736 2929 2802 Dei,
2961 2743 3013 2789 et
3050 2734 3230 2789 oratio
3261 2733 3325 2803 ﬁt
3353 2732 3423 2788 ad
3451 2737 3655 2799 Deum,

2012 2824 2142 2875 tunc
2204 2822 2434 2874 nuntius
2498 2826 2716 2875 sanctus
2772 2822 3087 2877 Divmitatis
3143 2823 3332 2894 implet
3382 2822 3660 2877 hominem

2012 2911 2173 2964 illum
2225 2910 2443 2980 Spiritu
2501 2916 2704 2980 sancto,
2764 2915 2816 2964 et
2874 2913 3117 2982 loquitur
3171 2913 3231 2966 in
3285 2912 3467 2978 turba,
3523 2911 3665 2966 sicut

2012 2997 2133 3053 vult
2160 3001 2321 3053 Deus.
2356 3000 2435 3053 Ad
2475 3000 3010 3070 pseudoprophetam
3040 3001 3182 3071 quod
3229 3002 3454 3072 spectat,
3485 3016 3519 3054 a
3546 2999 3666 3069 spi-

2012 3089 2133 3142 ritu
2159 3095 2408 3143 movetur
2474 3091 2739 3158 terrestri,
2772 3105 2965 3156 vacuo,
2994 3092 3254 3145 virtutem
3280 3104 3392 3143 non
3420 3087 3667 3143 habente.

2014 3178 2250 3232 Exultat
2271 3194 2329 3231 se
2349 3182 2399 3232 et
2426 3178 2537 3233 vult
2551 3179 2793 3249 primam
2813 3178 3130 3234 cathedram
3159 3176 3671 3249 haberezimprobus

256 3282 442 3337 quam
502 3270 828 3334 assecutus,
870 3265 1080 3321 litteris
1132 3265 1349 3321 Latinis
1406 3281 1604 3321 vocem
1645 3266 1904 3321 Graecam
1936 3244 1978 3311 Ο
2017 3269 2114 3333 est,
2150 3266 2483 3335 verbosus,in
2511 3267 2724 3321 deliciis
2753 3274 3178 3332 conversatur,et
3205 3268 3265 3321 in
3292 3266 3669 3337 voluptatibus

252 3354 579 3410 reddiderit
607 3358 840 3426 Hegrim
889 3373 908 3410 :
940 3371 1072 3409 cum
1120 3360 1317 3409 tamen
1357 3354 1670 3426 legendum
1704 3354 1909 3409 fuisset

256 3441 589 3518 ἐγρήγορος,
644 3461 709 3499 ac
753 3444 1097 3500 vertendum
1130 3444 1283 3513 vigil,
1318 3460 1384 3498 ex
1432 3443 1688 3499 Danielis
1719 3444 1907 3514 capite

256 3538 467 3603 quarto
508 3533 609 3587 ubi
640 3530 966 3607 ἐγρηγὸρου,
999 3550 1101 3588 seu
1143 3534 1335 3603 vigilis
1364 3532 1690 3588 ministerio
1720 3533 1909 3603 Baby-

255 3622 431 3677 lonias
464 3638 564 3677 rex
593 3622 664 3677 ad
699 3621 916 3677 bestias
948 3622 1299 3677 amandatus
1325 3620 1538 3694 legitur
1571 3638 1583 3675 :
1617 3638 1733 3692 quo
1764 3622 1911 3676 forte

258 3708 622 3782 apostolicus
651 3710 901 3781 scriptor
949 3709 1285 3780 respexerit.
1334 3712 1626 3763 Hactenus
1673 3708 1744 3762 cl.
1778 3707 1910 3763 Gal-

256 3797 500 3854 landius
528 3815 597 3854 ex
625 3797 873 3853 Nourrio
904 3800 1080 3868 atque
1110 3795 1412 3852 Cotelerio.
1445 3797 1533 3851 Ad
1560 3797 1717 3851 hunc
1746 3813 1912 3851 vexa—

258 3892 393 3943 tum
423 3887 649 3943 Hermae
682 3887 875 3942 locum
910 3886 1237 3957 respexisse
1266 3886 1693 3958 Hieronymum
1725 3884 1765 3939 l.
1801 3904 1818 3939 1
1851 3886 1913 3939 in

271 3979 531 4034 Habaeuc
560 3994 600 4044 1,
634 3974 1042 4044 14,nonnullis
1074 3974 1286 4030 visum.
1312 3974 1470 4030 Licet
1498 3975 1597 4030 alii
1622 3974 1728 4029 viri
1760 3972 1915 4030 docti

258 4066 436 4123 aliter
465 4065 781 4123 senserint.

332 4155 514 4211 Hisce
542 4153 819 4210 addimus
867 4152 1012 4209 alias
1042 4151 1283 4224 insuper
1312 4152 1535 4207 Hermae
1561 4152 1864 4224 opiniones
1898 4171 1911 4208 :

328 4245 404 4280 δι’
435 4242 592 4300 Psal.
628 4261 817 4311 LXXIX,
849 4242 935 4297 14.
1012 4242 1057 4276 ⁵³
1089 4243 1110 4297 Ι
1138 4242 1287 4297 Petr.
1323 4259 1407 4313 III,
1443 4243 1527 4296 19.

331 4349 798 4425 (54)_Idem.l.n,
831 4348 1029 4425 mand.
1064 4364 1162 4425 v11,
1194 4349 1305 4425 c._1
1334 4350 1609 4425 Incusent
1647 4347 1910 4425 nonnulli

255 4419 507 4480 hanc'ds
536 4422 690 4478 bono
712 4426 769 4476 et
798 4419 952 4475 malo
985 4420 1245 4490 cujusvis
1266 4419 1526 4475 hominis
1543 4419 1749 4490 angelo
1780 4437 1913 4474 sen-

257 4494 548 4561 tentiam;
582 4509 710 4551 eam
741 4497 935 4563 tamen
968 4508 1084 4546 non
1114 4490 1306 4546 solum
1338 4490 1612 4563 Origenes
1643 4492 1807 4563 hom.
1822 4492 1914 4561 23,

253 4584 426 4640 super
449 4567 626 4633 Iosue,
658 4570 714 4619 et
744 4562 947 4640 homil.
967 4564 1007 4640 Α
1038 4578 1203 4640 super
1228 4562 1538 4640 Ezechiel,-
1569 4564 1626 4617 S.
1660 4562 1913 4640 Basilius

2014 3356 2284 3422 multis,et
2304 3356 2607 3410 mercedem
2628 3358 2829 3427 accipit
2849 3357 3210 3412 divinationis
3226 3370 3345 3411 sum
3364 3354 3671 3425 (64).Hisce

2017 3443 2453 3499 characteribus
2476 3444 2596 3498 veri
2628 3462 2661 3499 a
2682 3444 3209 3517 pseudoprophetis
3230 3444 3665 3499 discernuntur.

2587 3534 2990 3589 ARTICULUS
3032 3535 3100 3589 ΙΙ.

2181 3637 2644 3676 OBSERVATIONES
2684 3640 2941 3677 MORALES
2978 3640 3045 3677 ET
3083 3636 3524 3677 DISCIPLINARES.

2020 3712 2047 3775 ξ
2079 3710 2121 3763 Ι.
2156 3710 2229 3764 De
2257 3711 2601 3780 paenitentia,
2637 3715 2910 3781 oratione,
2935 3712 3155 3783 jejunio
3198 3727 3262 3764 ac
3306 3711 3669 3781 eleemosyna.

2097 3799 2411 3871 Postquam
2426 3800 2917 3855 PastorHermam
2932 3802 3002 3855 de
3024 3798 3505 3855 tribulationibus
3525 3815 3674 3869 quas

2021 3887 2082 3942 in
2137 3888 2310 3942 domo
2342 3905 2450 3943 sua
2479 3889 2831 3959 patiebatur,
2879 3894 3329 3959 conquerentem
3361 3887 3672 3957 erudisset,

2025 3977 2202 4032 hasce
2251 3994 2456 4032 omnes
2510 3976 2860 4049 temporales
2910 3976 3269 4033 calamitates
3314 3975 3675 4032 consectaria

2026 4083 2155 4123 esse
2187 4083 2321 4121 cum
2354 4067 2877 4138 propriorum,tum
2909 4067 3232 4123 alienorum
3266 4069 3671 4138 peccatorum;

2024 4156 2214 4211 eidem
2248 4155 2439 4211 ideam
2468 4171 2613 4211 verae
2644 4155 2995 4227 pcenitentiae
3027 4153 3318 4228 proponit,
3341 4158 3399 4210 et
3426 4153 3670 4227 quinam

2021 4350 2094 4405 cl.
2133 4349 2388 4415 Ceillier,
2425 4351 2579 4421 quod
2604 4351 2729 4406 sine
2760 4368 2937 4406 causa
2984 4352 3365 4408 damnaretur
3402 4351 3667 4420 Hermas,

2024 4439 2089 4476 ac
2121 4423 2168 4476 si
2200 4422 2630 4495 introduxisset
2662 4439 2916 4495 errorem
2948 4422 3191 4494 periculi
3224 4422 3488 4495 plenum,
3518 4421 3669 4478 assi-

2064 4494 2255 4548 nando
2283 4492 2524 4567 cuilibet
2555 4493 2775 4547 homini
2808 4499 2863 4548 et
2890 4492 3109 4567 bonum
3142 4492 3511 4567 angelum,et
3540 4510 3672 4549 ma-

2051 4565 2371 4647 um.Estius
2391 4581 2624 4645 quoque
2670 4566 3200 4647 supoerMagis‘trum
3222 4565 3669 4647 sententiarum,

256 4614 408 4718 Silp._
432 4654 553 4718 cap.
589 4614 677 4718 :m
734 4636 929 4718 Isaia;
964 4614 1345 4718 S.,‘Mraximus
1376 4614 1636 4689 centur.i
1668 4633 1913 4718 oberit,
1944 4614 1990 4677 D
2026 4637 2127 4718 qui
2161 4614 2489 4718 aeque‘hijiic
2516 4614 2791 4718 1opinioni
2821 4614 3479 4718 lasticpu‘la‘tur,asserint,
3512 4614 3667 4718 quod

260 4728 311 4766 c.
338 4705 413 4765 ’91
442 4726 456 4777 ;
490 4705 549 4764 S.
581 4708 753 4763 Joan.
786 4707 1206 4778 Chrysostom.,
1238 4705 1395 4759 hom.
1443 4723 1527 4778 in,
1560 4722 1676 4778 sup.
1709 4706 1812 4778 Ep.
1842 4706 1913 4760 ad

262 4776 468 4837 Coloss.
504 4801 519 4849 ς
554 4781 653 4835 sed
689 4778 863 4835 etiam
902 4776 959 4831 Β.
1005 4776 1240 4848 Gregor.
1274 4780 1412 4847 Nys.
1448 4777 1507 4831 in
1541 4777 1913 4849 dogmatibus

260 4847 703 4909 versatiSsimus
733 4849 837 4905 lib.
878 4850 951 4904 De
978 4850 1093 4903 vita
1131 4847 1361 4918 ’Moysis
1418 4852 1592 4913 tenet,
1626 4847 1747 4902 ’ubi
1778 4847 1859 4902 ait
1898 4867 1909 4903 :

262 4948 291 4975 ‹‹
326 4925 428 4980 Est
460 4939 653 4979 sermo
683 4939 751 4976 ex
780 4922 1070 4991 majorum
1102 4919 1415 4974 traditione
1446 4920 1621 4974 ﬁdem
1653 4920 1764 4975 sibi
1792 4920 1916 4973 vin-

260 4997 488 5064 dicans,
513 4994 613 5065 qui
646 4992 1193 5065 dicit,posteaquam
1216 4996 1427 5045 natura
1456 4996 1656 5046 nostra
1686 4991 1746 5045 in
1780 5008 1911 5062 pec-

261 5062 919 5131 catum'deciditﬁe'um
950 5062 1106 5117 hunc
1128 5078 1329 5118 casum
1352 5068 1618 5117 nostrum
1652 5079 1759 5117 sua
1782 5080 1913 5132 pro-

258 5138 519 5195 videntia
548 5136 791 5191 minime
821 5134 1287 5199 destituisse,sed
1312 5134 1587 5205 angelum
1622 5151 1690 5188 ex
1718 5134 1789 5189 iis
1813 5132 1913 5205 qui

263 5215 537 5266 naturam
570 5208 829 5279 corporis
852 5210 1146 5279 expertem
1166 5205 1367 5279 sortiti
1394 5210 1551 5279 sunt,
1573 5205 1915 5261 adhibuisse

263 5282 336 5337 ad
371 5275 823 5351 unuscujusque
851 5275 1097 5351 tutelam
1126 5275 1280 5351 vitae.
1326 5282 1405 5331 Ex
1444 5278 1685 5332 adverso
1718 5283 1913 5351 autem

262 5358 489 5410 natura;
522 5348 923 5421 corruptorem
947 5349 1072 5421 pari
1093 5348 1523 5421 machinatione
1552 5353 1754 5403 contra
1784 5349 1910 5421 niti,

260 5430 321 5481 et
350 5441 529 5497 pravo
556 5419 810 5497 quodam
842 5437 909 5476 ac
938 5419 1204 5497 maleficp
1225 5420 1487 5497 daemone
1506 5420 1778 5497 adjuncto
1810 5419 1917 5474 hu-

253 5490 370 5568 jus
388 5496 518 5551 vita
550 5490 868 5568 perniciem
897 5491 1128 5568 afferre.
1162 5496 1338 5568 Porro
1369 5490 1667 5568 hominem
1698 5490 1757 5545 in
1791 5508 1914 5568 am-

262 5562 476 5624 borum
500 5562 689 5622 medio
723 5562 1378 5629 constitutum,alterius
1408 5564 1797 5633 propositum,
1832 5563 1913 5617 al-

264 5640 454 5696 terius
486 5654 590 5711 pro
636 5637 786 5693 osito
837 5635 1197 5691 contrarium
1238 5639 1445 5703 suopte
1494 5639 1788 5689 momento
1819 5651 1915 5688 va-

270 5711 492 5766 lentius
521 5656 782 5766 recl’dere.
814 5739 883 5748 —-—
922 5706 1218 5766 Sapienler
1270 5705 1449 5766 igitur
1507 5706 1915 5763 animadvertit

270 5711 492 5767 lentius
521 5727 581 5766 re

627 5710 782 5765 dere.
814 5739 883 5748 —-—
922 5706 1218 5779 Sapienler
1270 5705 1449 5777 igitur
1507 5706 1920 5763 animadvertit

2024 4709 2095 4763 ad
2116 4708 2312 4762 minus
2331 4707 2450 4761 haec
2472 4708 2758 4780 sententia
2776 4708 3170 4780 utprobabilis
3183 4707 3443 4763 admittit
3458 4708 3663 4780 possit,

2095 4781 2208 4845 (55)
2240 4780 2461 4833 Hermm
2491 4780 2671 4845 Past.,
2705 4778 2741 4832 l.
2778 4796 2816 4842 ι,
2849 4779 2957 4833 vis.
2994 4796 3067 4847 ιν,
3101 4796 3151 4843 c,
3180 4782 3233 4835 2.

2092 4851 2205 4919 (56)
2240 4852 2299 4904 In
2332 4854 2614 4920 apparatu
2647 4851 2717 4904 ad
2738 4850 2891 4923 _Bibl.
2927 4851 3028 4923 PP.
3063 4855 3103 4923 t.
3138 4851 3177 4918 l,
3212 4852 3391 4923 p.65.

2094 4923 2206 4993 (57)
2239 4923 2399 4985 Quod
2434 4931 2626 4976 tamen
2661 4921 2813 4976 Fello
2840 4922 3180 4977 doctissimo
3210 4921 3408 4977 minus
3432 4921 3663 4977 videtur

2022 4993 2471 5048 admittendum.

2093 5066 2206 5136 (58)
2238 5070 2432 5119 Herm.
2464 5067 2640 5133 Past.,
2673 5063 2774 5118 lib.
2806 5081 2889 5131 III,
2923 5063 3101 5119 simil.
3142 5081 3219 5129 1x,
3252 5082 3394 5120 num
3427 5066 3511 5122 15.

2094 5137 2206 5207 (59)
2260 5137 2467 5207 Fleury
2512 5141 2652 5190 tom.
2707 5136 2750 5200 I,
2797 5152 2928 5207 pag.
2970 5137 3095 5204 341,
3147 5136 3417 5192 editionis
3464 5140 3662 5209 Augu-

2023 5212 2224 5263 stante.

2092 5281 2204 5351 (60)
2234 5277 2503 5403 Clgggens
2533 5277 2835 5344 Alexand.,
2868 5277 2907 5331 1.
2944 5295 2984 5332 ιι
3015 5277 3237 5345 Strom.,
3287 5296 3343 5351 p.
3374 5279 3501 5348 679,
3533 5284 3592 5334 et
3622 5279 3663 5335 l.

2092 5394 2099 5403 .
2130 5366 2264 5403 nae.
2402 5390 2413 5402 .

2021 5368 2099 5418 v1,
2130 5368 2264 5419 pag.
2289 5368 2413 5403 Οὐδ.

2096 5395 2099 5409 ι
2130 5366 2264 5421 pag.
2289 5366 2413 5403 0.56.

2096 5423 2205 5490 (61)
2238 5426 2435 5475 Herm.
2468 5422 2645 5488 Past.,
2677 5420 2782 5474 vis.
2818 5436 2900 5485 III,
2934 5436 2982 5473 c.
3018 5421 3069 5474 4.

2096 5494 2210 5563 (62)
2240 5492 2463 5547 Vision.
2500 5509 2572 5558 1v,
2606 5509 2656 5546 c.
2690 5494 2749 5566 ἐξ
2809 5491 3089 5566 :A0portet
3134 5492 3393 5547 sarculum
3440 5492 3540 5551 hoc
3572 5510 3673 5566 per

2024 5562 2211 5631 ignem
2240 5572 2288 5618 et
2316 5566 2637 5631 sanguinem
2668 5562 2933 5633 deperire.

2096 5638 2207 5701 ((33)
2237 5636 2491 5689 Mandat.
2526 5652 2602 5689 x1.

2100 5707 2208 5779 (64)
2242 5708 2493 5762 Mandat.
2527 5724 2627 5773 xu,
2659 5722 2783 5777 cap.
2819 5707 2841 5760 1
2880 5710 2936 5761 et
2962 5708 3016 5759 2.
