  <div class='ocr_page' id='page_1' title='image "/cluster/home/n/w/nwhite01/storage/ocr_20150623/2/hvd.32044073501397/452.png"; bbox 0 0 4038 6210; ppageno 0'>
   <div class='ocr_carea' id='block_1_1' title="bbox 1575 362 2466 432">
    <p class='ocr_par' dir='ltr' id='par_1_1' title="bbox 1575 362 2466 432">
     <span class='ocr_line' id='line_1_1' title="bbox 1575 362 2466 432; baseline 0.003 -6"><span class='ocrx_word' id='word_1_1' title='bbox 1575 362 1909 429; x_wconf 82' lang='lat' dir='ltr'><strong><em>PASTOR.</em></strong></span> <span class='ocrx_word' id='word_1_2' title='bbox 1944 397 2022 411; x_wconf 93' lang='lat'><em>-</em></span> <span class='ocrx_word' id='word_1_3' title='bbox 2051 363 2466 432; x_wconf 66' lang='grc' dir='ltr'><strong><em>ΡΒΟἚΜΙΛ.</em></strong></span> 
     </span>
    </p>
   </div>
   <div class='ocr_carea' id='block_1_2' title="bbox 3602 354 3723 420">
    <p class='ocr_par' dir='ltr' id='par_1_2' title="bbox 3602 354 3723 420">
     <span class='ocr_line' id='line_1_2' title="bbox 3602 354 3723 420; baseline 0 0"><span class='ocrx_word' id='word_1_4' title='bbox 3602 354 3723 420; x_wconf 82' lang='lat'><strong><em>890</em></strong></span> 
     </span>
    </p>
   </div>
   <div class='ocr_carea' id='block_1_3' title="bbox 329 490 3721 571">
    <p class='ocr_par' dir='ltr' id='par_1_3' title="bbox 329 490 3721 571">
     <span class='ocr_line' id='line_1_3' title="bbox 329 490 3721 571; baseline -0.001 -23"><span class='ocrx_word' id='word_1_5' title='bbox 329 494 450 548; x_wconf 89' lang='lat' dir='ltr'><strong><em>stor</em></strong></span> <span class='ocrx_word' id='word_1_6' title='bbox 497 491 634 564; x_wconf 89' lang='grc'><strong><em>(71),</em></strong></span> <span class='ocrx_word' id='word_1_7' title='bbox 675 494 818 550; x_wconf 84' lang='lat' dir='ltr'><strong><em>sicut</em></strong></span> <span class='ocrx_word' id='word_1_8' title='bbox 862 492 1106 552; x_wconf 76' lang='lat' dir='ltr'><strong><em>homines</em></strong></span> <span class='ocrx_word' id='word_1_9' title='bbox 1150 513 1411 553; x_wconf 84' lang='lat' dir='ltr'><strong><em>memores</em></strong></span> <span class='ocrx_word' id='word_1_10' title='bbox 1454 498 1789 571; x_wconf 58' lang='lat' dir='ltr'><strong><em>inferiarum</em></strong></span> <span class='ocrx_word' id='word_1_11' title='bbox 1821 518 1834 567; x_wconf 91' lang='lat'><strong>;</strong></span> <span class='ocrx_word' id='word_1_12' title='bbox 1867 498 1959 554; x_wconf 85' lang='lat' dir='ltr'><strong><em>sed</em></strong></span> <span class='ocrx_word' id='word_1_13' title='bbox 1987 502 2039 567; x_wconf 81' lang='grc' dir='ltr'><strong>Α</strong></span> <span class='ocrx_word' id='word_1_14' title='bbox 2067 502 2345 557; x_wconf 71' lang='lat' dir='ltr'><strong><em>constricti</em></strong></span> <span class='ocrx_word' id='word_1_15' title='bbox 2397 503 2523 556; x_wconf 84' lang='lat' dir='ltr'><strong><em>sunt</em></strong></span> <span class='ocrx_word' id='word_1_16' title='bbox 2560 515 2707 558; x_wconf 81' lang='lat' dir='ltr'><strong><em>czrca</em></strong></span> <span class='ocrx_word' id='word_1_17' title='bbox 2761 499 2977 571; x_wconf 86' lang='lat' dir='ltr'><strong><em>negotia</em></strong></span> <span class='ocrx_word' id='word_1_18' title='bbox 3021 512 3143 569; x_wconf 87' lang='lat' dir='ltr'><strong><em>sua,</em></strong></span> <span class='ocrx_word' id='word_1_19' title='bbox 3187 496 3239 552; x_wconf 87' lang='lat' dir='ltr'><strong><em>et</em></strong></span> <span class='ocrx_word' id='word_1_20' title='bbox 3301 507 3411 550; x_wconf 90' lang='lat' dir='ltr'><strong><em>non</em></strong></span> <span class='ocrx_word' id='word_1_21' title='bbox 3473 490 3721 548; x_wconf 86' lang='lat' dir='ltr'><strong><em>serviunt</em></strong></span> 
     </span>
    </p>
   </div>
   <div class='ocr_carea' id='block_1_4' title="bbox 321 585 1962 662">
    <p class='ocr_par' dir='ltr' id='par_1_4' title="bbox 321 585 1962 662">
     <span class='ocr_line' id='line_1_4' title="bbox 321 585 1962 662; baseline 0.004 -24"><span class='ocrx_word' id='word_1_22' title='bbox 321 587 404 639; x_wconf 82' lang='lat' dir='ltr'><strong><em>est</em></strong></span> <span class='ocrx_word' id='word_1_23' title='bbox 431 585 721 641; x_wconf 82' lang='lat' dir='ltr'><strong><em>immemor</em></strong></span> <span class='ocrx_word' id='word_1_24' title='bbox 750 587 1111 659; x_wconf 85' lang='lat' dir='ltr'><strong><em>injuriarum,</em></strong></span> <span class='ocrx_word' id='word_1_25' title='bbox 1144 593 1195 645; x_wconf 89' lang='lat' dir='ltr'><strong><em>et</em></strong></span> <span class='ocrx_word' id='word_1_26' title='bbox 1239 592 1532 646; x_wconf 87' lang='lat' dir='ltr'><strong><em>miseretur</em></strong></span> <span class='ocrx_word' id='word_1_27' title='bbox 1572 592 1819 662; x_wconf 81' lang='lat' dir='ltr'><strong><em>ﬁgmenti</em></strong></span> <span class='ocrx_word' id='word_1_28' title='bbox 1856 591 1962 645; x_wconf 85' lang='lat' dir='ltr'><strong><em>sui.</em></strong></span> 
     </span>
    </p>
   </div>
   <div class='ocr_carea' id='block_1_5' title="bbox 322 677 1968 753">
    <p class='ocr_par' dir='ltr' id='par_1_5' title="bbox 322 677 1968 753">
     <span class='ocr_line' id='line_1_5' title="bbox 322 677 1968 753; baseline 0.005 -25"><span class='ocrx_word' id='word_1_29' title='bbox 322 677 667 730; x_wconf 89' lang='lat' dir='ltr'><strong><em>Peccatores</em></strong></span> <span class='ocrx_word' id='word_1_30' title='bbox 696 692 851 743; x_wconf 87' lang='lat' dir='ltr'><strong><em>vero,</em></strong></span> <span class='ocrx_word' id='word_1_31' title='bbox 885 681 1200 749; x_wconf 78' lang='lat' dir='ltr'><strong><em>antequam</em></strong></span> <span class='ocrx_word' id='word_1_32' title='bbox 1230 680 1303 734; x_wconf 89' lang='lat' dir='ltr'><strong><em>ad</em></strong></span> <span class='ocrx_word' id='word_1_33' title='bbox 1335 680 1518 735; x_wconf 90' lang='lat' dir='ltr'><strong><em>Deum</em></strong></span> <span class='ocrx_word' id='word_1_34' title='bbox 1552 682 1828 736; x_wconf 84' lang='lat' dir='ltr'><strong><em>accedant</em></strong></span> <span class='ocrx_word' id='word_1_35' title='bbox 1866 697 1968 753; x_wconf 90' lang='lat' dir='ltr'><strong><em>per</em></strong></span> 
     </span>
    </p>
   </div>
   <div class='ocr_carea' id='block_1_6' title="bbox 324 762 1965 829">
    <p class='ocr_par' dir='ltr' id='par_1_6' title="bbox 324 762 1965 829">
     <span class='ocr_line' id='line_1_6' title="bbox 324 762 1965 829; baseline 0.005 -11"><span class='ocrx_word' id='word_1_36' title='bbox 324 762 671 829; x_wconf 86' lang='lat' dir='ltr'><strong><em>orationem,</em></strong></span> <span class='ocrx_word' id='word_1_37' title='bbox 704 781 803 819; x_wconf 89' lang='lat' dir='ltr'><strong><em>cor</em></strong></span> <span class='ocrx_word' id='word_1_38' title='bbox 821 766 1146 822; x_wconf 83' lang='lat' dir='ltr'><strong><em>subducere</em></strong></span> <span class='ocrx_word' id='word_1_39' title='bbox 1177 767 1388 823; x_wconf 89' lang='lat' dir='ltr'><strong><em>debent</em></strong></span> <span class='ocrx_word' id='word_1_40' title='bbox 1416 770 1488 824; x_wconf 92' lang='lat' dir='ltr'><strong><em>ab</em></strong></span> <span class='ocrx_word' id='word_1_41' title='bbox 1510 770 1785 825; x_wconf 92' lang='lat' dir='ltr'><strong><em>omnibus</em></strong></span> <span class='ocrx_word' id='word_1_42' title='bbox 1810 770 1965 826; x_wconf 85' lang='lat' dir='ltr'><strong><em>vitiis</em></strong></span> 
     </span>
    </p>
   </div>
   <div class='ocr_carea' id='block_1_7' title="bbox 327 852 1965 925">
    <p class='ocr_par' dir='ltr' id='par_1_7' title="bbox 327 852 1965 925">
     <span class='ocr_line' id='line_1_7' title="bbox 327 852 1965 925; baseline 0.006 -20"><span class='ocrx_word' id='word_1_43' title='bbox 327 868 457 923; x_wconf 70' lang='lat' dir='ltr'><strong><em>quae</em></strong></span> <span class='ocrx_word' id='word_1_44' title='bbox 488 852 549 906; x_wconf 92' lang='lat' dir='ltr'><strong><em>in</em></strong></span> <span class='ocrx_word' id='word_1_45' title='bbox 579 853 790 925; x_wconf 89' lang='lat' dir='ltr'><strong><em>seipsis</em></strong></span> <span class='ocrx_word' id='word_1_46' title='bbox 820 855 1220 921; x_wconf 83' lang='lat' dir='ltr'><strong><em>adinveniunt,</em></strong></span> <span class='ocrx_word' id='word_1_47' title='bbox 1267 862 1325 911; x_wconf 90' lang='lat' dir='ltr'><strong><em>et</em></strong></span> <span class='ocrx_word' id='word_1_48' title='bbox 1372 858 1598 913; x_wconf 83' lang='lat' dir='ltr'><strong><em>sincero</em></strong></span> <span class='ocrx_word' id='word_1_49' title='bbox 1652 859 1844 914; x_wconf 90' lang='lat' dir='ltr'><strong><em>animo</em></strong></span> <span class='ocrx_word' id='word_1_50' title='bbox 1893 860 1965 915; x_wconf 89' lang='lat' dir='ltr'><strong><em>ad</em></strong></span> 
     </span>
    </p>
   </div>
   <div class='ocr_carea' id='block_1_8' title="bbox 332 942 1967 1019">
    <p class='ocr_par' dir='ltr' id='par_1_8' title="bbox 332 942 1967 1019">
     <span class='ocr_line' id='line_1_8' title="bbox 332 942 1967 1019; baseline 0.005 -24"><span class='ocrx_word' id='word_1_51' title='bbox 332 942 515 996; x_wconf 88' lang='lat' dir='ltr'><strong><em>Deum</em></strong></span> <span class='ocrx_word' id='word_1_52' title='bbox 565 943 771 998; x_wconf 86' lang='lat' dir='ltr'><strong><em>reverti</em></strong></span> <span class='ocrx_word' id='word_1_53' title='bbox 812 962 835 1008; x_wconf 88' lang='lat'><strong><em>;</em></strong></span> <span class='ocrx_word' id='word_1_54' title='bbox 880 961 1048 1000; x_wconf 89' lang='lat' dir='ltr'><strong><em>secus</em></strong></span> <span class='ocrx_word' id='word_1_55' title='bbox 1096 950 1249 1001; x_wconf 87' lang='lat' dir='ltr'><strong><em>esset</em></strong></span> <span class='ocrx_word' id='word_1_56' title='bbox 1278 948 1653 1019; x_wconf 80' lang='lat' dir='ltr'><strong><em>przesumptio</em></strong></span> <span class='ocrx_word' id='word_1_57' title='bbox 1682 948 1967 1018; x_wconf 81' lang='lat' dir='ltr'><strong><em>.qualibet</em></strong></span> 
     </span>
    </p>
   </div>
   <div class='ocr_carea' id='block_1_9' title="bbox 326 1030 1966 1106">
    <p class='ocr_par' dir='ltr' id='par_1_9' title="bbox 326 1030 1966 1106">
     <span class='ocr_line' id='line_1_9' title="bbox 326 1030 1966 1106; baseline 0.005 -22"><span class='ocrx_word' id='word_1_58' title='bbox 326 1030 495 1085; x_wconf 90' lang='lat' dir='ltr'><strong><em>venia</em></strong></span> <span class='ocrx_word' id='word_1_59' title='bbox 524 1030 785 1103; x_wconf 90' lang='lat' dir='ltr'><strong><em>indigna,</em></strong></span> <span class='ocrx_word' id='word_1_60' title='bbox 818 1038 1149 1106; x_wconf 87' lang='lat' dir='ltr'><strong><em>exspectare</em></strong></span> <span class='ocrx_word' id='word_1_61' title='bbox 1181 1052 1215 1089; x_wconf 91' lang='lat' dir='ltr'><strong><em>a</em></strong></span> <span class='ocrx_word' id='word_1_62' title='bbox 1252 1035 1367 1091; x_wconf 92' lang='lat' dir='ltr'><strong><em>Deo</em></strong></span> <span class='ocrx_word' id='word_1_63' title='bbox 1413 1036 1684 1092; x_wconf 73' lang='lat' dir='ltr'><strong><em>effectum</em></strong></span> <span class='ocrx_word' id='word_1_64' title='bbox 1733 1037 1966 1092; x_wconf 89' lang='lat' dir='ltr'><strong><em>illarum</em></strong></span> 
     </span>
    </p>
   </div>
   <div class='ocr_carea' id='block_1_10' title="bbox 325 1121 1965 1197">
    <p class='ocr_par' dir='ltr' id='par_1_10' title="bbox 325 1121 1965 1197">
     <span class='ocr_line' id='line_1_10' title="bbox 325 1121 1965 1197; baseline 0.004 -24"><span class='ocrx_word' id='word_1_65' title='bbox 325 1135 744 1191; x_wconf 88' lang='lat' dir='ltr'><strong><em>precum,quas</em></strong></span> <span class='ocrx_word' id='word_1_66' title='bbox 773 1121 866 1178; x_wconf 90' lang='lat' dir='ltr'>his</span> <span class='ocrx_word' id='word_1_67' title='bbox 896 1139 1010 1178; x_wconf 92' lang='lat' dir='ltr'><strong><em>non</em></strong></span> <span class='ocrx_word' id='word_1_68' title='bbox 1038 1124 1357 1195; x_wconf 72' lang='lat' dir='ltr'><strong><em>praemissis</em></strong></span> <span class='ocrx_word' id='word_1_69' title='bbox 1378 1125 1861 1197; x_wconf 88' lang='lat' dir='ltr'><strong><em>dispositionibus</em></strong></span> <span class='ocrx_word' id='word_1_70' title='bbox 1878 1127 1965 1180; x_wconf 86' lang='lat' dir='ltr'><strong><em>fu-</em></strong></span> 
     </span>
    </p>
   </div>
   <div class='ocr_carea' id='block_1_11' title="bbox 327 1207 1967 1286">
    <p class='ocr_par' dir='ltr' id='par_1_11' title="bbox 327 1207 1967 1286">
     <span class='ocr_line' id='line_1_11' title="bbox 327 1207 1967 1286; baseline 0.004 -23"><span class='ocrx_word' id='word_1_71' title='bbox 327 1207 576 1264; x_wconf 81' lang='lat' dir='ltr'><strong><em>disserit.</em></strong></span> <span class='ocrx_word' id='word_1_72' title='bbox 608 1210 747 1281; x_wconf 85' lang='lat' dir='ltr'><strong><em>Ergo</em></strong></span> <span class='ocrx_word' id='word_1_73' title='bbox 772 1212 1013 1281; x_wconf 81' lang='lat' dir='ltr'><strong><em>puriﬁca</em></strong></span> <span class='ocrx_word' id='word_1_74' title='bbox 1039 1228 1131 1268; x_wconf 88' lang='lat' dir='ltr'><strong><em>cor</em></strong></span> <span class='ocrx_word' id='word_1_75' title='bbox 1160 1221 1382 1270; x_wconf 86' lang='lat' dir='ltr'><strong><em>tuum...</em></strong></span> <span class='ocrx_word' id='word_1_76' title='bbox 1417 1222 1468 1270; x_wconf 90' lang='lat' dir='ltr'><strong><em>et</em></strong></span> <span class='ocrx_word' id='word_1_77' title='bbox 1512 1217 1743 1286; x_wconf 79' lang='lat' dir='ltr'><strong><em>accipies</em></strong></span> <span class='ocrx_word' id='word_1_78' title='bbox 1780 1217 1967 1270; x_wconf 89' lang='lat' dir='ltr'><strong><em>omnia</em></strong></span> 
     </span>
    </p>
   </div>
   <div class='ocr_carea' id='block_1_12' title="bbox 330 1297 1968 1371">
    <p class='ocr_par' dir='ltr' id='par_1_12' title="bbox 330 1297 1968 1371">
     <span class='ocr_line' id='line_1_12' title="bbox 330 1297 1968 1371; baseline 0.004 -19"><span class='ocrx_word' id='word_1_79' title='bbox 330 1297 490 1368; x_wconf 88' lang='lat' dir='ltr'><strong><em>bona,</em></strong></span> <span class='ocrx_word' id='word_1_80' title='bbox 517 1314 642 1369; x_wconf 70' lang='lat' dir='ltr'><strong><em>quae</em></strong></span> <span class='ocrx_word' id='word_1_81' title='bbox 669 1302 873 1370; x_wconf 88' lang='lat' dir='ltr'><strong><em>petis...</em></strong></span> <span class='ocrx_word' id='word_1_82' title='bbox 906 1303 1004 1371; x_wconf 87' lang='lat' dir='ltr'><strong><em>qui</em></strong></span> <span class='ocrx_word' id='word_1_83' title='bbox 1038 1318 1167 1371; x_wconf 86' lang='lat' dir='ltr'><strong><em>ergo</em></strong></span> <span class='ocrx_word' id='word_1_84' title='bbox 1214 1303 1349 1358; x_wconf 88' lang='lat' dir='ltr'><strong><em>tales</em></strong></span> <span class='ocrx_word' id='word_1_85' title='bbox 1388 1320 1497 1359; x_wconf 88' lang='lat' dir='ltr'><strong><em>non</em></strong></span> <span class='ocrx_word' id='word_1_86' title='bbox 1550 1312 1697 1370; x_wconf 86' lang='lat' dir='ltr'><strong><em>sunt,</em></strong></span> <span class='ocrx_word' id='word_1_87' title='bbox 1747 1306 1968 1360; x_wconf 89' lang='lat' dir='ltr'><strong><em>omnino</em></strong></span> 
     </span>
    </p>
   </div>
   <div class='ocr_carea' id='block_1_13' title="bbox 327 1388 1969 1465">
    <p class='ocr_par' dir='ltr' id='par_1_13' title="bbox 327 1388 1969 1465">
     <span class='ocr_line' id='line_1_13' title="bbox 327 1388 1969 1465; baseline 0.004 -24"><span class='ocrx_word' id='word_1_88' title='bbox 327 1388 474 1443; x_wconf 80' lang='lat' dir='ltr'><strong><em>nihil</em></strong></span> <span class='ocrx_word' id='word_1_89' title='bbox 504 1389 801 1459; x_wconf 85' lang='lat' dir='ltr'><strong><em>impetrant</em></strong></span> <span class='ocrx_word' id='word_1_90' title='bbox 832 1405 1040 1457; x_wconf 86' lang='lat' dir='ltr'><strong><em>eorum,</em></strong></span> <span class='ocrx_word' id='word_1_91' title='bbox 1071 1406 1196 1463; x_wconf 63' lang='lat' dir='ltr'><strong><em>quae</em></strong></span> <span class='ocrx_word' id='word_1_92' title='bbox 1221 1396 1431 1463; x_wconf 88' lang='lat' dir='ltr'><strong><em>petunt.</em></strong></span> <span class='ocrx_word' id='word_1_93' title='bbox 1464 1393 1519 1447; x_wconf 89' lang='lat' dir='ltr'><strong><em>Si</em></strong></span> <span class='ocrx_word' id='word_1_94' title='bbox 1550 1393 1851 1465; x_wconf 90' lang='lat' dir='ltr'><strong><em>contingat</em></strong></span> <span class='ocrx_word' id='word_1_95' title='bbox 1876 1394 1969 1449; x_wconf 86' lang='lat' dir='ltr'><strong><em>ni-</em></strong></span> 
     </span>
    </p>
   </div>
   <div class='ocr_carea' id='block_1_14' title="bbox 327 1475 1967 1555">
    <p class='ocr_par' dir='ltr' id='par_1_14' title="bbox 327 1475 1967 1555">
     <span class='ocr_line' id='line_1_14' title="bbox 327 1475 1967 1555; baseline 0.004 -24"><span class='ocrx_word' id='word_1_96' title='bbox 327 1475 652 1533; x_wconf 86' lang='lat' dir='ltr'><strong><em>hilominus</em></strong></span> <span class='ocrx_word' id='word_1_97' title='bbox 665 1479 1076 1551; x_wconf 71' lang='lat' dir='ltr'><strong><em>quod,pra3viis</em></strong></span> <span class='ocrx_word' id='word_1_98' title='bbox 1091 1480 1263 1536; x_wconf 88' lang='lat' dir='ltr'><strong><em>etiam</em></strong></span> <span class='ocrx_word' id='word_1_99' title='bbox 1278 1482 1967 1555; x_wconf 88' lang='lat' dir='ltr'><strong><em>bonisdispositionibus,</em></strong></span> 
     </span>
    </p>
   </div>
   <div class='ocr_carea' id='block_1_15' title="bbox 328 1565 1969 1643">
    <p class='ocr_par' dir='ltr' id='par_1_15' title="bbox 328 1565 1969 1643">
     <span class='ocr_line' id='line_1_15' title="bbox 328 1565 1969 1643; baseline 0.005 -24"><span class='ocrx_word' id='word_1_100' title='bbox 328 1582 448 1620; x_wconf 91' lang='lat' dir='ltr'><strong><em>non</em></strong></span> <span class='ocrx_word' id='word_1_101' title='bbox 482 1565 843 1638; x_wconf 87' lang='lat' dir='ltr'><strong><em>accipiamus</em></strong></span> <span class='ocrx_word' id='word_1_102' title='bbox 872 1568 1211 1639; x_wconf 85' lang='lat' dir='ltr'><strong><em>petitionem</em></strong></span> <span class='ocrx_word' id='word_1_103' title='bbox 1242 1575 1523 1643; x_wconf 88' lang='lat' dir='ltr'><strong><em>nostram,</em></strong></span> <span class='ocrx_word' id='word_1_104' title='bbox 1556 1572 1825 1627; x_wconf 87' lang='lat' dir='ltr'><strong><em>dubitare</em></strong></span> <span class='ocrx_word' id='word_1_105' title='bbox 1855 1589 1969 1628; x_wconf 90' lang='lat' dir='ltr'><strong><em>non</em></strong></span> 
     </span>
    </p>
   </div>
   <div class='ocr_carea' id='block_1_16' title="bbox 328 1655 1971 1731">
    <p class='ocr_par' dir='ltr' id='par_1_16' title="bbox 328 1655 1971 1731">
     <span class='ocr_line' id='line_1_16' title="bbox 328 1655 1971 1731; baseline 0.004 -21"><span class='ocrx_word' id='word_1_106' title='bbox 328 1655 634 1725; x_wconf 79' lang='lat' dir='ltr'><strong><em>debemus,</em></strong></span> <span class='ocrx_word' id='word_1_107' title='bbox 671 1657 772 1712; x_wconf 92' lang='lat' dir='ltr'><strong><em>sed</em></strong></span> <span class='ocrx_word' id='word_1_108' title='bbox 806 1658 995 1729; x_wconf 89' lang='lat' dir='ltr'><strong><em>magis</em></strong></span> <span class='ocrx_word' id='word_1_109' title='bbox 1027 1660 1333 1731; x_wconf 85' lang='lat' dir='ltr'><strong><em>magisque</em></strong></span> <span class='ocrx_word' id='word_1_110' title='bbox 1364 1677 1548 1728; x_wconf 90' lang='lat' dir='ltr'><strong><em>orare,</em></strong></span> <span class='ocrx_word' id='word_1_111' title='bbox 1590 1664 1648 1716; x_wconf 89' lang='lat' dir='ltr'><strong><em>et</em></strong></span> <span class='ocrx_word' id='word_1_112' title='bbox 1679 1660 1872 1717; x_wconf 89' lang='lat' dir='ltr'><strong><em>nullas</em></strong></span> <span class='ocrx_word' id='word_1_113' title='bbox 1900 1661 1971 1717; x_wconf 92' lang='lat' dir='ltr'><strong><em>de</em></strong></span> 
     </span>
    </p>
   </div>
   <div class='ocr_carea' id='block_1_17' title="bbox 326 1743 1968 1821">
    <p class='ocr_par' dir='ltr' id='par_1_17' title="bbox 326 1743 1968 1821">
     <span class='ocr_line' id='line_1_17' title="bbox 326 1743 1968 1821; baseline 0.004 -22"><span class='ocrx_word' id='word_1_114' title='bbox 326 1743 445 1800; x_wconf 88' lang='lat' dir='ltr'><strong><em>Deo</em></strong></span> <span class='ocrx_word' id='word_1_115' title='bbox 476 1743 837 1816; x_wconf 88' lang='lat' dir='ltr'><strong><em>ingeminare</em></strong></span> <span class='ocrx_word' id='word_1_116' title='bbox 858 1746 1253 1817; x_wconf 89' lang='lat' dir='ltr'><strong><em>querelas,sed</em></strong></span> <span class='ocrx_word' id='word_1_117' title='bbox 1281 1748 1472 1804; x_wconf 92' lang='lat' dir='ltr'><strong><em>solum</em></strong></span> <span class='ocrx_word' id='word_1_118' title='bbox 1503 1750 1574 1804; x_wconf 90' lang='lat' dir='ltr'><strong><em>de</em></strong></span> <span class='ocrx_word' id='word_1_119' title='bbox 1604 1750 1773 1805; x_wconf 91' lang='lat' dir='ltr'><strong><em>nobis</em></strong></span> <span class='ocrx_word' id='word_1_120' title='bbox 1800 1750 1968 1821; x_wconf 88' lang='lat' dir='ltr'><strong><em>ipsis;</em></strong></span> 
     </span>
    </p>
   </div>
   <div class='ocr_carea' id='block_1_18' title="bbox 329 1833 1968 1910">
    <p class='ocr_par' dir='ltr' id='par_1_18' title="bbox 329 1833 1968 1910">
     <span class='ocr_line' id='line_1_18' title="bbox 329 1833 1968 1910; baseline 0.004 -24"><span class='ocrx_word' id='word_1_121' title='bbox 329 1836 485 1889; x_wconf 87' lang='lat' dir='ltr'><strong><em>Deus</em></strong></span> <span class='ocrx_word' id='word_1_122' title='bbox 513 1833 671 1889; x_wconf 90' lang='lat' dir='ltr'><strong><em>enim</em></strong></span> <span class='ocrx_word' id='word_1_123' title='bbox 720 1850 951 1907; x_wconf 88' lang='lat' dir='ltr'><strong><em>semper</em></strong></span> <span class='ocrx_word' id='word_1_124' title='bbox 999 1841 1238 1907; x_wconf 87' lang='lat' dir='ltr'><strong><em>paratus</em></strong></span> <span class='ocrx_word' id='word_1_125' title='bbox 1284 1842 1375 1893; x_wconf 89' lang='lat' dir='ltr'><strong><em>est</em></strong></span> <span class='ocrx_word' id='word_1_126' title='bbox 1417 1839 1490 1893; x_wconf 91' lang='lat' dir='ltr'><strong><em>ad</em></strong></span> <span class='ocrx_word' id='word_1_127' title='bbox 1540 1838 1968 1910; x_wconf 89' lang='lat' dir='ltr'><strong><em>impertendam</em></strong></span> 
     </span>
    </p>
   </div>
   <div class='ocr_carea' id='block_1_19' title="bbox 330 1921 1972 1999">
    <p class='ocr_par' dir='ltr' id='par_1_19' title="bbox 330 1921 1972 1999">
     <span class='ocr_line' id='line_1_19' title="bbox 330 1921 1972 1999; baseline 0.004 -22"><span class='ocrx_word' id='word_1_128' title='bbox 330 1921 795 1979; x_wconf 86' lang='lat' dir='ltr'><strong><em>misericordiam</em></strong></span> <span class='ocrx_word' id='word_1_129' title='bbox 831 1941 844 1979; x_wconf 76' lang='grc' dir='ltr'>ε</span> <span class='ocrx_word' id='word_1_130' title='bbox 877 1925 951 1980; x_wconf 88' lang='lat' dir='ltr'><strong><em>De</em></strong></span> <span class='ocrx_word' id='word_1_131' title='bbox 978 1930 1034 1980; x_wconf 88' lang='lat' dir='ltr'><strong><em>te</em></strong></span> <span class='ocrx_word' id='word_1_132' title='bbox 1080 1928 1349 1997; x_wconf 76' lang='lat' dir='ltr'><strong><em>queraris,</em></strong></span> <span class='ocrx_word' id='word_1_133' title='bbox 1398 1945 1514 1982; x_wconf 87' lang='lat' dir='ltr'><strong><em>non</em></strong></span> <span class='ocrx_word' id='word_1_134' title='bbox 1558 1929 1625 1984; x_wconf 83' lang='lat' dir='ltr'><strong><em>de</em></strong></span> <span class='ocrx_word' id='word_1_135' title='bbox 1675 1930 1798 1994; x_wconf 91' lang='lat' dir='ltr'><strong><em>Deo,</em></strong></span> <span class='ocrx_word' id='word_1_136' title='bbox 1832 1929 1972 1999; x_wconf 87' lang='lat' dir='ltr'><strong><em>quod</em></strong></span> 
     </span>
    </p>
   </div>
   <div class='ocr_carea' id='block_1_20' title="bbox 330 2010 1973 2073">
    <p class='ocr_par' dir='ltr' id='par_1_20' title="bbox 330 2010 1973 2073">
     <span class='ocr_line' id='line_1_20' title="bbox 330 2010 1973 2073; baseline 0.005 -8"><span class='ocrx_word' id='word_1_137' title='bbox 330 2027 445 2066; x_wconf 74' lang='lat' dir='ltr'><strong><em>non</em></strong></span> <span class='ocrx_word' id='word_1_138' title='bbox 472 2010 679 2067; x_wconf 79' lang='lat' dir='ltr'><strong><em>dederit</em></strong></span> <span class='ocrx_word' id='word_1_139' title='bbox 709 2012 832 2068; x_wconf 84' lang='lat' dir='ltr'><strong><em>tibi.</em></strong></span> <span class='ocrx_word' id='word_1_140' title='bbox 868 2014 946 2068; x_wconf 82' lang='lat' dir='ltr'><strong>Ex</strong></span> <span class='ocrx_word' id='word_1_141' title='bbox 974 2013 1136 2069; x_wconf 89' lang='lat' dir='ltr'><strong><em>hisce</em></strong></span> <span class='ocrx_word' id='word_1_142' title='bbox 1165 2015 1481 2071; x_wconf 88' lang='lat' dir='ltr'><strong><em>ediscimus</em></strong></span> <span class='ocrx_word' id='word_1_143' title='bbox 1504 2017 1618 2072; x_wconf 93' lang='lat' dir='ltr'><strong><em>duo</em></strong></span> <span class='ocrx_word' id='word_1_144' title='bbox 1639 2016 1791 2073; x_wconf 78' lang='lat' dir='ltr'><strong><em>inter</em></strong></span> <span class='ocrx_word' id='word_1_145' title='bbox 1813 2023 1973 2073; x_wconf 66' lang='lat' dir='ltr'><strong><em>caete-</em></strong></span> 
     </span>
    </p>
   </div>
   <div class='ocr_carea' id='block_1_21' title="bbox 332 2102 1970 2177">
    <p class='ocr_par' dir='ltr' id='par_1_21' title="bbox 332 2102 1970 2177">
     <span class='ocr_line' id='line_1_21' title="bbox 332 2102 1970 2177; baseline 0.004 -23"><span class='ocrx_word' id='word_1_146' title='bbox 332 2116 557 2171; x_wconf 67' lang='lat' dir='ltr'><strong><em>ra,quae</em></strong></span> <span class='ocrx_word' id='word_1_147' title='bbox 587 2117 752 2172; x_wconf 75' lang='lat' dir='ltr'><strong><em>aeque</em></strong></span> <span class='ocrx_word' id='word_1_148' title='bbox 783 2102 1112 2158; x_wconf 88' lang='lat' dir='ltr'><strong><em>necessaria</em></strong></span> <span class='ocrx_word' id='word_1_149' title='bbox 1141 2108 1280 2158; x_wconf 88' lang='lat' dir='ltr'><strong><em>sunt</em></strong></span> <span class='ocrx_word' id='word_1_150' title='bbox 1316 2122 1328 2159; x_wconf 94' lang='lat'>:</span> <span class='ocrx_word' id='word_1_151' title='bbox 1361 2105 1619 2175; x_wconf 91' lang='lat' dir='ltr'><strong><em>primum</em></strong></span> <span class='ocrx_word' id='word_1_152' title='bbox 1651 2111 1874 2177; x_wconf 88' lang='lat' dir='ltr'><strong><em>est,nos</em></strong></span> <span class='ocrx_word' id='word_1_153' title='bbox 1898 2107 1970 2163; x_wconf 94' lang='lat' dir='ltr'><strong><em>ob</em></strong></span> 
     </span>
    </p>
   </div>
   <div class='ocr_carea' id='block_1_22' title="bbox 334 2188 1971 2257">
    <p class='ocr_par' dir='ltr' id='par_1_22' title="bbox 334 2188 1971 2257">
     <span class='ocr_line' id='line_1_22' title="bbox 334 2188 1971 2257; baseline 0.005 -14"><span class='ocrx_word' id='word_1_154' title='bbox 334 2188 800 2257; x_wconf 85' lang='lat' dir='ltr'><strong><em>multitudinem,</em></strong></span> <span class='ocrx_word' id='word_1_155' title='bbox 849 2194 906 2245; x_wconf 91' lang='lat' dir='ltr'><strong><em>et</em></strong></span> <span class='ocrx_word' id='word_1_156' title='bbox 952 2192 1360 2248; x_wconf 83' lang='lat' dir='ltr'><strong><em>enormitatem</em></strong></span> <span class='ocrx_word' id='word_1_157' title='bbox 1409 2194 1586 2249; x_wconf 91' lang='lat' dir='ltr'><strong><em>etiam</em></strong></span> <span class='ocrx_word' id='word_1_158' title='bbox 1636 2200 1971 2251; x_wconf 87' lang='lat' dir='ltr'><strong><em>nostrorum</em></strong></span> 
     </span>
    </p>
   </div>
   <div class='ocr_carea' id='block_1_23' title="bbox 331 2278 1972 2347">
    <p class='ocr_par' dir='ltr' id='par_1_23' title="bbox 331 2278 1972 2347">
     <span class='ocr_line' id='line_1_23' title="bbox 331 2278 1972 2347; baseline 0.004 -16"><span class='ocrx_word' id='word_1_159' title='bbox 331 2279 705 2347; x_wconf 87' lang='lat' dir='ltr'><strong><em>peccatorum</em></strong></span> <span class='ocrx_word' id='word_1_160' title='bbox 764 2278 1069 2334; x_wconf 86' lang='lat' dir='ltr'><strong><em>deﬂectere</em></strong></span> <span class='ocrx_word' id='word_1_161' title='bbox 1128 2296 1243 2334; x_wconf 93' lang='lat' dir='ltr'><strong><em>non</em></strong></span> <span class='ocrx_word' id='word_1_162' title='bbox 1301 2281 1509 2336; x_wconf 88' lang='lat' dir='ltr'><strong><em>debere</em></strong></span> <span class='ocrx_word' id='word_1_163' title='bbox 1566 2282 1637 2337; x_wconf 88' lang='lat' dir='ltr'><strong><em>ab</em></strong></span> <span class='ocrx_word' id='word_1_164' title='bbox 1693 2283 1972 2338; x_wconf 86' lang='lat' dir='ltr'><strong><em>orationis</em></strong></span> 
     </span>
    </p>
   </div>
   <div class='ocr_carea' id='block_1_24' title="bbox 330 2364 1970 2444">
    <p class='ocr_par' dir='ltr' id='par_1_24' title="bbox 330 2364 1970 2444">
     <span class='ocr_line' id='line_1_24' title="bbox 330 2364 1970 2444; baseline 0.004 -24"><span class='ocrx_word' id='word_1_165' title='bbox 330 2364 543 2420; x_wconf 84' lang='lat' dir='ltr'><strong><em>semita</em></strong></span> <span class='ocrx_word' id='word_1_166' title='bbox 574 2390 588 2432; x_wconf 90' lang='lat'><strong>;</strong></span> <span class='ocrx_word' id='word_1_167' title='bbox 614 2366 1256 2439; x_wconf 83' lang='lat' dir='ltr'><strong><em>secundum,oportere,</em></strong></span> <span class='ocrx_word' id='word_1_168' title='bbox 1280 2369 1625 2441; x_wconf 85' lang='lat' dir='ltr'><strong><em>priusquam</em></strong></span> <span class='ocrx_word' id='word_1_169' title='bbox 1650 2371 1970 2444; x_wconf 87' lang='lat' dir='ltr'><strong><em>quidquam</em></strong></span> 
     </span>
    </p>
   </div>
   <div class='ocr_carea' id='block_1_25' title="bbox 332 2455 1974 2534">
    <p class='ocr_par' dir='ltr' id='par_1_25' title="bbox 332 2455 1974 2534">
     <span class='ocr_line' id='line_1_25' title="bbox 332 2455 1974 2534; baseline 0.005 -25"><span class='ocrx_word' id='word_1_170' title='bbox 332 2471 366 2509; x_wconf 88' lang='lat' dir='ltr'><strong><em>a</em></strong></span> <span class='ocrx_word' id='word_1_171' title='bbox 398 2455 510 2509; x_wconf 91' lang='lat' dir='ltr'><strong><em>Deo</em></strong></span> <span class='ocrx_word' id='word_1_172' title='bbox 543 2458 835 2527; x_wconf 88' lang='lat' dir='ltr'><strong><em>petamus,</em></strong></span> <span class='ocrx_word' id='word_1_173' title='bbox 866 2455 1157 2512; x_wconf 87' lang='lat' dir='ltr'><strong><em>dimittere</em></strong></span> <span class='ocrx_word' id='word_1_174' title='bbox 1188 2456 1393 2513; x_wconf 88' lang='lat' dir='ltr'><strong><em>saltem</em></strong></span> <span class='ocrx_word' id='word_1_175' title='bbox 1434 2460 1703 2515; x_wconf 74' lang='lat' dir='ltr'><strong><em>affectum</em></strong></span> <span class='ocrx_word' id='word_1_176' title='bbox 1736 2462 1807 2516; x_wconf 91' lang='lat' dir='ltr'><strong><em>ad</em></strong></span> <span class='ocrx_word' id='word_1_177' title='bbox 1838 2478 1974 2534; x_wconf 90' lang='lat' dir='ltr'><strong><em>pec-</em></strong></span> 
     </span>
    </p>
   </div>
   <div class='ocr_carea' id='block_1_26' title="bbox 331 2545 1973 2621">
    <p class='ocr_par' dir='ltr' id='par_1_26' title="bbox 331 2545 1973 2621">
     <span class='ocr_line' id='line_1_26' title="bbox 331 2545 1973 2621; baseline 0.005 -23"><span class='ocrx_word' id='word_1_178' title='bbox 331 2548 551 2611; x_wconf 86' lang='lat' dir='ltr'><strong><em>catum,</em></strong></span> <span class='ocrx_word' id='word_1_179' title='bbox 586 2548 644 2599; x_wconf 91' lang='lat' dir='ltr'><strong><em>et</em></strong></span> <span class='ocrx_word' id='word_1_180' title='bbox 679 2545 749 2599; x_wconf 90' lang='lat' dir='ltr'><strong><em>ad</em></strong></span> <span class='ocrx_word' id='word_1_181' title='bbox 778 2561 970 2599; x_wconf 87' lang='lat' dir='ltr'><strong><em>veram</em></strong></span> <span class='ocrx_word' id='word_1_182' title='bbox 1003 2545 1403 2616; x_wconf 80' lang='lat' dir='ltr'><strong><em>paenitentiam</em></strong></span> <span class='ocrx_word' id='word_1_183' title='bbox 1454 2548 1844 2621; x_wconf 86' lang='lat' dir='ltr'><strong><em>nosmetipsos</em></strong></span> <span class='ocrx_word' id='word_1_184' title='bbox 1874 2551 1973 2607; x_wconf 91' lang='lat' dir='ltr'><strong><em>de-</em></strong></span> 
     </span>
    </p>
   </div>
   <div class='ocr_carea' id='block_1_27' title="bbox 333 2631 1972 2710">
    <p class='ocr_par' dir='ltr' id='par_1_27' title="bbox 333 2631 1972 2710">
     <span class='ocr_line' id='line_1_27' title="bbox 333 2631 1972 2710; baseline 0.005 -23"><span class='ocrx_word' id='word_1_185' title='bbox 333 2631 650 2687; x_wconf 86' lang='lat' dir='ltr'><strong><em>terminare</em></strong></span> <span class='ocrx_word' id='word_1_186' title='bbox 686 2648 698 2686; x_wconf 88' lang='lat'>:</span> <span class='ocrx_word' id='word_1_187' title='bbox 735 2632 782 2687; x_wconf 91' lang='lat' dir='ltr'><strong><em>si</em></strong></span> <span class='ocrx_word' id='word_1_188' title='bbox 818 2634 939 2688; x_wconf 65' lang='lat' dir='ltr'><strong><em>hac</em></strong></span> <span class='ocrx_word' id='word_1_189' title='bbox 970 2634 1573 2706; x_wconf 86' lang='lat' dir='ltr'><strong><em>negligantur,omnes</em></strong></span> <span class='ocrx_word' id='word_1_190' title='bbox 1594 2643 1824 2694; x_wconf 88' lang='lat' dir='ltr'><strong><em>nostras</em></strong></span> <span class='ocrx_word' id='word_1_191' title='bbox 1845 2656 1972 2710; x_wconf 90' lang='lat' dir='ltr'><strong><em>pre-</em></strong></span> 
     </span>
    </p>
   </div>
   <div class='ocr_carea' id='block_1_28' title="bbox 330 2720 1972 2798">
    <p class='ocr_par' dir='ltr' id='par_1_28' title="bbox 330 2720 1972 2798">
     <span class='ocr_line' id='line_1_28' title="bbox 330 2720 1972 2798; baseline 0.004 -22"><span class='ocrx_word' id='word_1_192' title='bbox 330 2736 427 2777; x_wconf 89' lang='lat' dir='ltr'><strong><em>ces</em></strong></span> <span class='ocrx_word' id='word_1_193' title='bbox 454 2737 657 2788; x_wconf 81' lang='lat' dir='ltr'><strong><em>vanas,</em></strong></span> <span class='ocrx_word' id='word_1_194' title='bbox 691 2737 757 2777; x_wconf 87' lang='lat' dir='ltr'><strong><em>ac</em></strong></span> <span class='ocrx_word' id='word_1_195' title='bbox 788 2720 913 2777; x_wconf 88' lang='lat' dir='ltr'><strong><em>sine</em></strong></span> <span class='ocrx_word' id='word_1_196' title='bbox 942 2724 1133 2778; x_wconf 85' lang='lat' dir='ltr'><strong><em>fructu</em></strong></span> <span class='ocrx_word' id='word_1_197' title='bbox 1164 2724 1627 2795; x_wconf 86' lang='lat' dir='ltr'><strong><em>experiemur,ne</em></strong></span> <span class='ocrx_word' id='word_1_198' title='bbox 1655 2727 1794 2798; x_wconf 90' lang='lat' dir='ltr'><strong><em>quid</em></strong></span> <span class='ocrx_word' id='word_1_199' title='bbox 1826 2728 1972 2783; x_wconf 90' lang='lat' dir='ltr'><strong><em>ulte-</em></strong></span> 
     </span>
    </p>
   </div>
   <div class='ocr_carea' id='block_1_29' title="bbox 331 2808 696 2864">
    <p class='ocr_par' dir='ltr' id='par_1_29' title="bbox 331 2808 696 2864">
     <span class='ocr_line' id='line_1_29' title="bbox 331 2808 696 2864; baseline 0.003 -1"><span class='ocrx_word' id='word_1_200' title='bbox 331 2808 455 2864; x_wconf 87' lang='lat' dir='ltr'><strong><em>rius</em></strong></span> <span class='ocrx_word' id='word_1_201' title='bbox 484 2809 696 2864; x_wconf 90' lang='lat' dir='ltr'><strong><em>dicam.</em></strong></span> 
     </span>
    </p>
   </div>
   <div class='ocr_carea' id='block_1_30' title="bbox 335 2968 1973 3050">
    <p class='ocr_par' dir='ltr' id='par_1_30' title="bbox 335 2968 1973 3050">
     <span class='ocr_line' id='line_1_30' title="bbox 335 2968 1973 3050; baseline 0.005 -25"><span class='ocrx_word' id='word_1_202' title='bbox 335 2968 463 3043; x_wconf 86' lang='lat' dir='ltr'><strong><em>§II.</em></strong></span> <span class='ocrx_word' id='word_1_203' title='bbox 512 2971 583 3050; x_wconf 81' lang='lat' dir='ltr'><strong><em>_l)_e</em></strong></span> <span class='ocrx_word' id='word_1_204' title='bbox 630 2971 832 3050; x_wconf 81' lang='lat' dir='ltr'><strong><em>timore</em></strong></span> <span class='ocrx_word' id='word_1_205' title='bbox 875 2972 1115 3050; x_wconf 78' lang='lat' dir='ltr'><strong><em>Domini,</em></strong></span> <span class='ocrx_word' id='word_1_206' title='bbox 1160 2976 1397 3050; x_wconf 80' lang='lat' dir='ltr'><strong><em>negotiis</em></strong></span> <span class='ocrx_word' id='word_1_207' title='bbox 1444 2977 1827 3049; x_wconf 71' lang='lat' dir='ltr'><strong><em>saecularibus,</em></strong></span> <span class='ocrx_word' id='word_1_208' title='bbox 1875 2995 1973 3050; x_wconf 86' lang='lat' dir='ltr'><strong><em>pa-</em></strong></span> 
     </span>
    </p>
   </div>
   <div class='ocr_carea' id='block_1_31' title="bbox 504 3043 1800 3119">
    <p class='ocr_par' dir='ltr' id='par_1_31' title="bbox 504 3043 1800 3119">
     <span class='ocr_line' id='line_1_31' title="bbox 504 3043 1800 3119; baseline 0.004 -23"><span class='ocrx_word' id='word_1_209' title='bbox 504 3043 720 3109; x_wconf 81' lang='lat' dir='ltr'><strong><em>tientia,</em></strong></span> <span class='ocrx_word' id='word_1_210' title='bbox 751 3043 1062 3112; x_wconf 84' lang='lat' dir='ltr'><strong><em>iracundia,</em></strong></span> <span class='ocrx_word' id='word_1_211' title='bbox 1096 3046 1347 3112; x_wconf 81' lang='lat' dir='ltr'><strong><em>tristitia,</em></strong></span> <span class='ocrx_word' id='word_1_212' title='bbox 1379 3050 1431 3102; x_wconf 90' lang='lat' dir='ltr'><strong><em>et</em></strong></span> <span class='ocrx_word' id='word_1_213' title='bbox 1460 3050 1800 3119; x_wconf 86' lang='lat' dir='ltr'><strong><em>impuritate.</em></strong></span> 
     </span>
    </p>
   </div>
   <div class='ocr_carea' id='block_1_32' title="bbox 406 3164 1973 3237">
    <p class='ocr_par' dir='ltr' id='par_1_32' title="bbox 406 3164 1973 3237">
     <span class='ocr_line' id='line_1_32' title="bbox 406 3164 1973 3237; baseline 0.006 -17"><span class='ocrx_word' id='word_1_214' title='bbox 406 3165 469 3220; x_wconf 94' lang='lat' dir='ltr'><strong><em>In</em></strong></span> <span class='ocrx_word' id='word_1_215' title='bbox 503 3164 711 3237; x_wconf 85' lang='lat' dir='ltr'><strong><em>primis</em></strong></span> <span class='ocrx_word' id='word_1_216' title='bbox 754 3167 1045 3223; x_wconf 82' lang='lat' dir='ltr'><strong><em>sententia</em></strong></span> <span class='ocrx_word' id='word_1_217' title='bbox 1072 3172 1161 3224; x_wconf 90' lang='lat' dir='ltr'><strong><em>est</em></strong></span> <span class='ocrx_word' id='word_1_218' title='bbox 1203 3169 1457 3226; x_wconf 88' lang='lat' dir='ltr'><strong><em>Pastoris</em></strong></span> <span class='ocrx_word' id='word_1_219' title='bbox 1491 3188 1503 3225; x_wconf 91' lang='lat'><strong>:</strong></span> <span class='ocrx_word' id='word_1_220' title='bbox 1538 3174 1746 3228; x_wconf 88' lang='lat' dir='ltr'><strong><em>Timens</em></strong></span> <span class='ocrx_word' id='word_1_221' title='bbox 1792 3175 1973 3230; x_wconf 90' lang='lat' dir='ltr'><strong><em>Domi-</em></strong></span> 
     </span>
    </p>
   </div>
   <div class='ocr_carea' id='block_1_33' title="bbox 2073 590 2343 661">
    <p class='ocr_par' dir='ltr' id='par_1_33' title="bbox 2073 590 2343 661">
     <span class='ocr_line' id='line_1_33' title="bbox 2073 590 2343 661; baseline -0.004 -18"><span class='ocrx_word' id='word_1_222' title='bbox 2073 590 2178 644; x_wconf 91' lang='lat' dir='ltr'><strong><em>Deo</em></strong></span> <span class='ocrx_word' id='word_1_223' title='bbox 2210 591 2343 661; x_wconf 83' lang='lat'><strong><em>(73).</em></strong></span> 
     </span>
    </p>
   </div>
   <div class='ocr_carea' id='block_1_34' title="bbox 2145 668 3715 748">
    <p class='ocr_par' dir='ltr' id='par_1_34' title="bbox 2145 668 3715 748">
     <span class='ocr_line' id='line_1_34' title="bbox 2145 668 3715 748; baseline -0.007 -14"><span class='ocrx_word' id='word_1_224' title='bbox 2145 683 2189 734; x_wconf 91' lang='lat'>0</span> <span class='ocrx_word' id='word_1_225' title='bbox 2222 678 2356 735; x_wconf 83' lang='lat' dir='ltr'><strong><em>felix</em></strong></span> <span class='ocrx_word' id='word_1_226' title='bbox 2384 680 2693 736; x_wconf 89' lang='lat' dir='ltr'><strong><em>hominum</em></strong></span> <span class='ocrx_word' id='word_1_227' title='bbox 2726 698 2758 734; x_wconf 92' lang='lat' dir='ltr'><strong><em>a</em></strong></span> <span class='ocrx_word' id='word_1_228' title='bbox 2790 679 3008 735; x_wconf 89' lang='lat' dir='ltr'><strong><em>mundo</em></strong></span> <span class='ocrx_word' id='word_1_229' title='bbox 3041 678 3478 748; x_wconf 88' lang='lat' dir='ltr'><strong><em>segregatorum</em></strong></span> <span class='ocrx_word' id='word_1_230' title='bbox 3508 668 3715 725; x_wconf 87' lang='lat' dir='ltr'><strong><em>vitalO</em></strong></span> 
     </span>
    </p>
   </div>
   <div class='ocr_carea' id='block_1_35' title="bbox 2076 757 3717 840">
    <p class='ocr_par' dir='ltr' id='par_1_35' title="bbox 2076 757 3717 840">
     <span class='ocr_line' id='line_1_35' title="bbox 2076 757 3717 840; baseline -0.006 -18"><span class='ocrx_word' id='word_1_231' title='bbox 2076 768 2255 823; x_wconf 76' lang='lat' dir='ltr'><strong><em>beatae</em></strong></span> <span class='ocrx_word' id='word_1_232' title='bbox 2305 769 2649 825; x_wconf 83' lang='lat' dir='ltr'><strong><em>solitudines</em></strong></span> <span class='ocrx_word' id='word_1_233' title='bbox 2708 768 2767 824; x_wconf 93' lang='lat' dir='ltr'><strong><em>in</em></strong></span> <span class='ocrx_word' id='word_1_234' title='bbox 2818 768 3033 840; x_wconf 88' lang='lat' dir='ltr'><strong><em>quibus</em></strong></span> <span class='ocrx_word' id='word_1_235' title='bbox 3090 765 3262 820; x_wconf 90' lang='lat' dir='ltr'><strong><em>homo</em></strong></span> <span class='ocrx_word' id='word_1_236' title='bbox 3317 761 3571 835; x_wconf 86' lang='lat' dir='ltr'><strong><em>perfecta</em></strong></span> <span class='ocrx_word' id='word_1_237' title='bbox 3617 757 3717 813; x_wconf 92' lang='lat' dir='ltr'><strong><em>illa</em></strong></span> 
     </span>
    </p>
   </div>
   <div class='ocr_carea' id='block_1_36' title="bbox 2076 852 3710 931">
    <p class='ocr_par' dir='ltr' id='par_1_36' title="bbox 2076 852 3710 931">
     <span class='ocr_line' id='line_1_36' title="bbox 2076 852 3710 931; baseline -0.006 -19"><span class='ocrx_word' id='word_1_238' title='bbox 2076 857 2390 928; x_wconf 83' lang='lat' dir='ltr'><strong><em>perfruitur</em></strong></span> <span class='ocrx_word' id='word_1_239' title='bbox 2421 859 2638 930; x_wconf 87' lang='lat' dir='ltr'><strong><em>quiete,</em></strong></span> <span class='ocrx_word' id='word_1_240' title='bbox 2670 876 2786 931; x_wconf 91' lang='lat' dir='ltr'><strong><em>qua</em></strong></span> <span class='ocrx_word' id='word_1_241' title='bbox 2815 858 2875 912; x_wconf 92' lang='lat' dir='ltr'><strong><em>in</em></strong></span> <span class='ocrx_word' id='word_1_242' title='bbox 2906 857 3005 913; x_wconf 88' lang='lat' dir='ltr'><strong><em>Dei</em></strong></span> <span class='ocrx_word' id='word_1_243' title='bbox 3038 853 3321 911; x_wconf 82' lang='lat' dir='ltr'><strong><em>famulatu</em></strong></span> <span class='ocrx_word' id='word_1_244' title='bbox 3355 867 3415 906; x_wconf 88' lang='lat' dir='ltr'><strong><em>se</em></strong></span> <span class='ocrx_word' id='word_1_245' title='bbox 3464 852 3710 918; x_wconf 84' lang='lat' dir='ltr'><strong><em>exercet,</em></strong></span> 
     </span>
    </p>
   </div>
   <div class='ocr_carea' id='block_1_37' title="bbox 2075 937 3711 1017">
    <p class='ocr_par' dir='ltr' id='par_1_37' title="bbox 2075 937 3711 1017">
     <span class='ocr_line' id='line_1_37' title="bbox 2075 937 3711 1017; baseline -0.006 -17"><span class='ocrx_word' id='word_1_246' title='bbox 2075 949 2133 1000; x_wconf 90' lang='lat' dir='ltr'><strong><em>et</em></strong></span> <span class='ocrx_word' id='word_1_247' title='bbox 2162 947 2415 1003; x_wconf 85' lang='lat' dir='ltr'><strong><em>maximo</em></strong></span> <span class='ocrx_word' id='word_1_248' title='bbox 2447 954 2674 1005; x_wconf 64' lang='lat' dir='ltr'><strong><em>aeternae</em></strong></span> <span class='ocrx_word' id='word_1_249' title='bbox 2705 947 2915 1005; x_wconf 89' lang='lat' dir='ltr'><strong><em>salutis</em></strong></span> <span class='ocrx_word' id='word_1_250' title='bbox 2947 945 3177 1017; x_wconf 90' lang='lat' dir='ltr'><strong><em>negotio</em></strong></span> <span class='ocrx_word' id='word_1_251' title='bbox 3209 943 3359 1000; x_wconf 89' lang='lat' dir='ltr'><strong><em>serio</em></strong></span> <span class='ocrx_word' id='word_1_252' title='bbox 3384 937 3711 996; x_wconf 90' lang='lat' dir='ltr'><strong><em>incumbitl</em></strong></span> 
     </span>
    </p>
   </div>
   <div class='ocr_carea' id='block_1_38' title="bbox 2076 1033 3714 1109">
    <p class='ocr_par' dir='ltr' id='par_1_38' title="bbox 2076 1033 3714 1109">
     <span class='ocr_line' id='line_1_38' title="bbox 2076 1033 3714 1109; baseline -0.005 -20"><span class='ocrx_word' id='word_1_253' title='bbox 2076 1040 2347 1091; x_wconf 88' lang='lat' dir='ltr'><strong><em>sanctum</em></strong></span> <span class='ocrx_word' id='word_1_254' title='bbox 2378 1038 2487 1093; x_wconf 93' lang='lat' dir='ltr'><strong><em>hoc</em></strong></span> <span class='ocrx_word' id='word_1_255' title='bbox 2519 1037 2725 1108; x_wconf 89' lang='lat' dir='ltr'><strong><em>otium,</em></strong></span> <span class='ocrx_word' id='word_1_256' title='bbox 2760 1034 3040 1109; x_wconf 87' lang='lat' dir='ltr'><strong><em>quidquid</em></strong></span> <span class='ocrx_word' id='word_1_257' title='bbox 3090 1033 3379 1088; x_wconf 88' lang='lat' dir='ltr'><strong><em>blaterent</em></strong></span> <span class='ocrx_word' id='word_1_258' title='bbox 3425 1033 3714 1084; x_wconf 87' lang='lat' dir='ltr'><strong><em>amatores</em></strong></span> 
     </span>
    </p>
   </div>
   <div class='ocr_carea' id='block_1_39' title="bbox 2077 1117 3717 1198">
    <p class='ocr_par' dir='ltr' id='par_1_39' title="bbox 2077 1117 3717 1198">
     <span class='ocr_line' id='line_1_39' title="bbox 2077 1117 3717 1198; baseline -0.005 -19"><span class='ocrx_word' id='word_1_259' title='bbox 2077 1124 2296 1193; x_wconf 68' lang='lat' dir='ltr'><strong><em>saeculi,</em></strong></span> <span class='ocrx_word' id='word_1_260' title='bbox 2331 1127 2388 1181; x_wconf 91' lang='lat' dir='ltr'><strong><em>in</em></strong></span> <span class='ocrx_word' id='word_1_261' title='bbox 2421 1127 2781 1183; x_wconf 91' lang='lat' dir='ltr'><strong><em>immensum</em></strong></span> <span class='ocrx_word' id='word_1_262' title='bbox 2812 1128 3050 1198; x_wconf 89' lang='lat' dir='ltr'><strong><em>superat</em></strong></span> <span class='ocrx_word' id='word_1_263' title='bbox 3073 1122 3359 1178; x_wconf 82' lang='lat' dir='ltr'><strong><em>vanitates</em></strong></span> <span class='ocrx_word' id='word_1_264' title='bbox 3381 1123 3436 1174; x_wconf 91' lang='lat' dir='ltr'><strong><em>et</em></strong></span> <span class='ocrx_word' id='word_1_265' title='bbox 3467 1117 3717 1189; x_wconf 90' lang='lat' dir='ltr'><strong><em>ineptias</em></strong></span> 
     </span>
    </p>
   </div>
   <div class='ocr_carea' id='block_1_40' title="bbox 2077 1214 3683 1304">
    <p class='ocr_par' dir='ltr' id='par_1_40' title="bbox 2077 1214 3683 1304">
     <span class='ocr_line' id='line_1_40' title="bbox 2077 1214 3683 1304; baseline 0.017 -38"><span class='ocrx_word' id='word_1_266' title='bbox 2077 1214 2293 1284; x_wconf 88' lang='lat' dir='ltr'><strong><em>quibus</em></strong></span> <span class='ocrx_word' id='word_1_267' title='bbox 2323 1216 2678 1271; x_wconf 87' lang='lat' dir='ltr'><strong><em>detinentur.</em></strong></span> <span class='ocrx_word' id='word_1_268' title='bbox 2894 1303 2902 1304; x_wconf 11' lang='grc' dir='ltr'>ί</span> <span class='ocrx_word' id='word_1_269' title='bbox 2980 1302 3008 1304; x_wconf 21' lang='grc' dir='ltr'><em>Α</em></span> <span class='ocrx_word' id='word_1_270' title='bbox 3480 1300 3488 1304; x_wconf 94' lang='lat'><em>_</em></span> <span class='ocrx_word' id='word_1_271' title='bbox 3674 1294 3683 1304; x_wconf 81' lang='grc'><em>,</em></span> 
     </span>
    </p>
   </div>
   <div class='ocr_carea' id='block_1_41' title="bbox 2149 1300 3722 1376">
    <p class='ocr_par' dir='ltr' id='par_1_41' title="bbox 2149 1300 3722 1376">
     <span class='ocr_line' id='line_1_41' title="bbox 2149 1300 3722 1376; baseline -0.004 -19"><span class='ocrx_word' id='word_1_272' title='bbox 2149 1304 2411 1360; x_wconf 89' lang='lat' dir='ltr'><strong><em>Alterum</em></strong></span> <span class='ocrx_word' id='word_1_273' title='bbox 2444 1303 2906 1376; x_wconf 89' lang='lat' dir='ltr'><strong><em>motivum,quod</em></strong></span> <span class='ocrx_word' id='word_1_274' title='bbox 2932 1302 3096 1358; x_wconf 78' lang='lat' dir='ltr'><strong><em>atl&#39;ert</em></strong></span> <span class='ocrx_word' id='word_1_275' title='bbox 3115 1304 3447 1365; x_wconf 87' lang='lat' dir='ltr'><strong><em>Pastor,cur</em></strong></span> <span class='ocrx_word' id='word_1_276' title='bbox 3474 1300 3722 1351; x_wconf 86' lang='lat' dir='ltr'><strong><em>terrenis</em></strong></span> 
     </span>
    </p>
   </div>
   <div class='ocr_carea' id='block_1_42' title="bbox 2079 1382 3720 1456">
    <p class='ocr_par' dir='ltr' id='par_1_42' title="bbox 2079 1382 3720 1456">
     <span class='ocr_line' id='line_1_42' title="bbox 2079 1382 3720 1456; baseline -0.006 -10"><span class='ocrx_word' id='word_1_277' title='bbox 2079 1393 2257 1448; x_wconf 89' lang='lat' dir='ltr'><strong><em>rebus</em></strong></span> <span class='ocrx_word' id='word_1_278' title='bbox 2300 1394 2543 1449; x_wconf 90' lang='lat' dir='ltr'><strong><em>minime</em></strong></span> <span class='ocrx_word' id='word_1_279' title='bbox 2591 1393 2759 1449; x_wconf 90' lang='lat' dir='ltr'><strong><em>nobis</em></strong></span> <span class='ocrx_word' id='word_1_280' title='bbox 2825 1396 2980 1447; x_wconf 89' lang='lat' dir='ltr'><strong><em>esset</em></strong></span> <span class='ocrx_word' id='word_1_281' title='bbox 3030 1387 3449 1456; x_wconf 84' lang='lat' dir='ltr'><strong><em>inhaerendum,</em></strong></span> <span class='ocrx_word' id='word_1_282' title='bbox 3508 1382 3720 1439; x_wconf 88' lang='lat' dir='ltr'><strong><em>rationi</em></strong></span> 
     </span>
    </p>
   </div>
   <div class='ocr_carea' id='block_1_43' title="bbox 2081 1471 3719 1551">
    <p class='ocr_par' dir='ltr' id='par_1_43' title="bbox 2081 1471 3719 1551">
     <span class='ocr_line' id='line_1_43' title="bbox 2081 1471 3719 1551; baseline -0.008 -12"><span class='ocrx_word' id='word_1_283' title='bbox 2081 1487 2269 1539; x_wconf 89' lang='lat' dir='ltr'><strong><em>status</em></strong></span> <span class='ocrx_word' id='word_1_284' title='bbox 2301 1484 2483 1539; x_wconf 88' lang='lat' dir='ltr'><strong><em>nostri</em></strong></span> <span class='ocrx_word' id='word_1_285' title='bbox 2516 1483 2805 1538; x_wconf 90' lang='lat' dir='ltr'><strong><em>innititur.</em></strong></span> <span class='ocrx_word' id='word_1_286' title='bbox 2841 1478 3113 1551; x_wconf 88' lang='lat' dir='ltr'><strong><em>Principii</em></strong></span> <span class='ocrx_word' id='word_1_287' title='bbox 3153 1476 3277 1531; x_wconf 93' lang='lat' dir='ltr'><strong><em>loco</em></strong></span> <span class='ocrx_word' id='word_1_288' title='bbox 3326 1475 3483 1530; x_wconf 91' lang='lat' dir='ltr'><strong><em>enim</em></strong></span> <span class='ocrx_word' id='word_1_289' title='bbox 3536 1471 3719 1545; x_wconf 89' lang='lat' dir='ltr'><strong><em>ponit,</em></strong></span> 
     </span>
    </p>
   </div>
   <div class='ocr_carea' id='block_1_44' title="bbox 2080 1560 3719 1643">
    <p class='ocr_par' dir='ltr' id='par_1_44' title="bbox 2080 1560 3719 1643">
     <span class='ocr_line' id='line_1_44' title="bbox 2080 1560 3719 1643; baseline -0.007 -16"><span class='ocrx_word' id='word_1_290' title='bbox 2080 1590 2187 1628; x_wconf 90' lang='lat' dir='ltr'><strong><em>nos</em></strong></span> <span class='ocrx_word' id='word_1_291' title='bbox 2217 1572 2507 1628; x_wconf 89' lang='lat' dir='ltr'><strong><em>civitatem</em></strong></span> <span class='ocrx_word' id='word_1_292' title='bbox 2550 1574 2986 1643; x_wconf 88' lang='lat' dir='ltr'><strong><em>permanentem</em></strong></span> <span class='ocrx_word' id='word_1_293' title='bbox 3042 1567 3138 1622; x_wconf 92' lang='lat' dir='ltr'><strong><em>hic</em></strong></span> <span class='ocrx_word' id='word_1_294' title='bbox 3187 1582 3302 1621; x_wconf 91' lang='lat' dir='ltr'><strong><em>non</em></strong></span> <span class='ocrx_word' id='word_1_295' title='bbox 3352 1564 3588 1627; x_wconf 89' lang='lat' dir='ltr'><strong><em>habere,</em></strong></span> <span class='ocrx_word' id='word_1_296' title='bbox 3619 1560 3719 1616; x_wconf 88' lang='lat' dir='ltr'><strong><em>sed</em></strong></span> 
     </span>
    </p>
   </div>
   <div class='ocr_carea' id='block_1_45' title="bbox 2081 1652 3719 1732">
    <p class='ocr_par' dir='ltr' id='par_1_45' title="bbox 2081 1652 3719 1732">
     <span class='ocr_line' id='line_1_45' title="bbox 2081 1652 3719 1732; baseline -0.008 -16"><span class='ocrx_word' id='word_1_297' title='bbox 2081 1661 2253 1717; x_wconf 88' lang='lat' dir='ltr'><strong><em>aliam</em></strong></span> <span class='ocrx_word' id='word_1_298' title='bbox 2288 1662 2569 1732; x_wconf 83' lang='lat' dir='ltr'><strong><em>(futuram</em></strong></span> <span class='ocrx_word' id='word_1_299' title='bbox 2600 1660 2842 1731; x_wconf 88' lang='lat' dir='ltr'><strong><em>scilicet)</em></strong></span> <span class='ocrx_word' id='word_1_300' title='bbox 2892 1656 3061 1713; x_wconf 91' lang='lat' dir='ltr'><strong><em>nobis</em></strong></span> <span class='ocrx_word' id='word_1_301' title='bbox 3105 1671 3232 1712; x_wconf 84' lang='lat' dir='ltr'><strong><em>esse</em></strong></span> <span class='ocrx_word' id='word_1_302' title='bbox 3262 1652 3673 1725; x_wconf 88' lang='lat' dir='ltr'><strong><em>inquirendam</em></strong></span> <span class='ocrx_word' id='word_1_303' title='bbox 3703 1666 3719 1704; x_wconf 85' lang='lat'><strong>:</strong></span> 
     </span>
    </p>
   </div>
   <div class='ocr_carea' id='block_1_46' title="bbox 2079 1742 3725 1819">
    <p class='ocr_par' dir='ltr' id='par_1_46' title="bbox 2079 1742 3725 1819">
     <span class='ocr_line' id='line_1_46' title="bbox 2079 1742 3725 1819; baseline -0.007 -13"><span class='ocrx_word' id='word_1_304' title='bbox 2079 1750 2242 1806; x_wconf 86' lang='lat' dir='ltr'><strong><em>Scitis</em></strong></span> <span class='ocrx_word' id='word_1_305' title='bbox 2274 1768 2363 1807; x_wconf 90' lang='lat' dir='ltr'><strong><em>vos</em></strong></span> <span class='ocrx_word' id='word_1_306' title='bbox 2402 1753 2623 1806; x_wconf 89' lang='lat' dir='ltr'><strong><em>Domini</em></strong></span> <span class='ocrx_word' id='word_1_307' title='bbox 2667 1764 2864 1819; x_wconf 84' lang='lat' dir='ltr'><strong><em>servos,</em></strong></span> <span class='ocrx_word' id='word_1_308' title='bbox 2918 1745 3127 1817; x_wconf 90' lang='lat' dir='ltr'><strong><em>inquit,</em></strong></span> <span class='ocrx_word' id='word_1_309' title='bbox 3172 1746 3233 1799; x_wconf 89' lang='lat' dir='ltr'><strong><em>in</em></strong></span> <span class='ocrx_word' id='word_1_310' title='bbox 3274 1742 3725 1815; x_wconf 75' lang='lat' dir='ltr'><strong><em>peregrinatione</em></strong></span> 
     </span>
    </p>
   </div>
   <div class='ocr_carea' id='block_1_47' title="bbox 2080 1830 3721 1906">
    <p class='ocr_par' dir='ltr' id='par_1_47' title="bbox 2080 1830 3721 1906">
     <span class='ocr_line' id='line_1_47' title="bbox 2080 1830 3721 1906; baseline -0.008 -12"><span class='ocrx_word' id='word_1_311' title='bbox 2080 1842 2292 1895; x_wconf 85' lang='lat' dir='ltr'><strong><em>morari</em></strong></span> <span class='ocrx_word' id='word_1_312' title='bbox 2322 1840 2348 1895; x_wconf 86' lang='lat'><strong>?</strong></span> <span class='ocrx_word' id='word_1_313' title='bbox 2379 1840 2583 1895; x_wconf 79' lang='lat' dir='ltr'><strong><em>Civitas</em></strong></span> <span class='ocrx_word' id='word_1_314' title='bbox 2611 1841 2761 1895; x_wconf 85' lang='lat' dir='ltr'><strong><em>enim</em></strong></span> <span class='ocrx_word' id='word_1_315' title='bbox 2794 1844 2972 1893; x_wconf 88' lang='lat' dir='ltr'><strong><em>vestra</em></strong></span> <span class='ocrx_word' id='word_1_316' title='bbox 2995 1836 3157 1906; x_wconf 84' lang='lat' dir='ltr'><strong><em>longe</em></strong></span> <span class='ocrx_word' id='word_1_317' title='bbox 3176 1836 3252 1889; x_wconf 86' lang='lat' dir='ltr'><strong><em>est</em></strong></span> <span class='ocrx_word' id='word_1_318' title='bbox 3278 1834 3347 1887; x_wconf 86' lang='lat' dir='ltr'><strong><em>ab</em></strong></span> <span class='ocrx_word' id='word_1_319' title='bbox 3363 1832 3465 1886; x_wconf 90' lang='lat' dir='ltr'><strong><em>hac</em></strong></span> <span class='ocrx_word' id='word_1_320' title='bbox 3479 1830 3721 1885; x_wconf 79' lang='lat' dir='ltr'><strong><em>civitate.</em></strong></span> 
     </span>
    </p>
   </div>
   <div class='ocr_carea' id='block_1_48' title="bbox 2079 1918 3725 1998">
    <p class='ocr_par' dir='ltr' id='par_1_48' title="bbox 2079 1918 3725 1998">
     <span class='ocr_line' id='line_1_48' title="bbox 2079 1918 3725 1998; baseline -0.007 -15"><span class='ocrx_word' id='word_1_321' title='bbox 2079 1929 2143 1983; x_wconf 84' lang='lat' dir='ltr'><strong><em>Si</em></strong></span> <span class='ocrx_word' id='word_1_322' title='bbox 2184 1945 2312 1998; x_wconf 86' lang='lat' dir='ltr'><strong><em>ergo</em></strong></span> <span class='ocrx_word' id='word_1_323' title='bbox 2357 1931 2509 1984; x_wconf 90' lang='lat' dir='ltr'><strong><em>scitis</em></strong></span> <span class='ocrx_word' id='word_1_324' title='bbox 2550 1930 2828 1984; x_wconf 87' lang='lat' dir='ltr'><strong><em>civitatem</em></strong></span> <span class='ocrx_word' id='word_1_325' title='bbox 2873 1929 3107 1981; x_wconf 78' lang='lat' dir='ltr'><strong><em>vestram</em></strong></span> <span class='ocrx_word' id='word_1_326' title='bbox 3152 1924 3210 1977; x_wconf 90' lang='lat' dir='ltr'><strong><em>in</em></strong></span> <span class='ocrx_word' id='word_1_327' title='bbox 3258 1937 3369 1993; x_wconf 88' lang='lat' dir='ltr'><strong><em>qua</em></strong></span> <span class='ocrx_word' id='word_1_328' title='bbox 3415 1918 3725 1974; x_wconf 85' lang='lat' dir='ltr'><strong><em>habitaturi</em></strong></span> 
     </span>
    </p>
   </div>
   <div class='ocr_carea' id='block_1_49' title="bbox 2080 2009 3725 2089">
    <p class='ocr_par' dir='ltr' id='par_1_49' title="bbox 2080 2009 3725 2089">
     <span class='ocr_line' id='line_1_49' title="bbox 2080 2009 3725 2089; baseline -0.008 -16"><span class='ocrx_word' id='word_1_329' title='bbox 2080 2020 2230 2085; x_wconf 81' lang='lat' dir='ltr'><strong><em>estis,</em></strong></span> <span class='ocrx_word' id='word_1_330' title='bbox 2262 2021 2396 2089; x_wconf 85' lang='lat' dir='ltr'><strong><em>quid</em></strong></span> <span class='ocrx_word' id='word_1_331' title='bbox 2423 2020 2511 2073; x_wconf 86' lang='lat' dir='ltr'><strong><em>hic</em></strong></span> <span class='ocrx_word' id='word_1_332' title='bbox 2539 2018 2741 2074; x_wconf 86' lang='lat' dir='ltr'><strong><em>amatis</em></strong></span> <span class='ocrx_word' id='word_1_333' title='bbox 2770 2031 2931 2085; x_wconf 86' lang='lat' dir='ltr'><strong><em>agros</em></strong></span> <span class='ocrx_word' id='word_1_334' title='bbox 2961 2019 3015 2069; x_wconf 85' lang='lat' dir='ltr'><strong><em>et</em></strong></span> <span class='ocrx_word' id='word_1_335' title='bbox 3065 2012 3346 2083; x_wconf 85' lang='lat' dir='ltr'><strong><em>apparatis</em></strong></span> <span class='ocrx_word' id='word_1_336' title='bbox 3395 2009 3646 2063; x_wconf 81' lang='lat' dir='ltr'><strong><em>lautitias</em></strong></span> <span class='ocrx_word' id='word_1_337' title='bbox 3672 2013 3725 2061; x_wconf 88' lang='lat' dir='ltr'><strong><em>et</em></strong></span> 
     </span>
    </p>
   </div>
   <div class='ocr_carea' id='block_1_50' title="bbox 2079 2097 3721 2178">
    <p class='ocr_par' dir='ltr' id='par_1_50' title="bbox 2079 2097 3721 2178">
     <span class='ocr_line' id='line_1_50' title="bbox 2079 2097 3721 2178; baseline -0.009 -14"><span class='ocrx_word' id='word_1_338' title='bbox 2079 2107 2323 2178; x_wconf 64' lang='lat' dir='ltr'><strong><em>aediﬁcia</em></strong></span> <span class='ocrx_word' id='word_1_339' title='bbox 2372 2116 2420 2163; x_wconf 86' lang='lat' dir='ltr'><strong><em>et</em></strong></span> <span class='ocrx_word' id='word_1_340' title='bbox 2479 2108 2842 2162; x_wconf 78' lang='lat' dir='ltr'><strong><em>habitationes</em></strong></span> <span class='ocrx_word' id='word_1_341' title='bbox 2901 2116 3263 2174; x_wconf 84' lang='lat' dir='ltr'><strong><em>supervacuas</em></strong></span> <span class='ocrx_word' id='word_1_342' title='bbox 3294 2102 3318 2151; x_wconf 85' lang='lat'><em>?</em></span> <span class='ocrx_word' id='word_1_343' title='bbox 3365 2100 3491 2154; x_wconf 56' lang='lat' dir='ltr'><strong><em>Haec</em></strong></span> <span class='ocrx_word' id='word_1_344' title='bbox 3553 2097 3721 2151; x_wconf 85' lang='lat' dir='ltr'><strong><em>enim.</em></strong></span> 
     </span>
    </p>
   </div>
   <div class='ocr_carea' id='block_1_51' title="bbox 2083 2190 3724 2269">
    <p class='ocr_par' dir='ltr' id='par_1_51' title="bbox 2083 2190 3724 2269">
     <span class='ocr_line' id='line_1_51' title="bbox 2083 2190 3724 2269; baseline -0.007 -19"><span class='ocrx_word' id='word_1_345' title='bbox 2083 2197 2247 2251; x_wconf 88' lang='lat' dir='ltr'><strong><em>addit</em></strong></span> <span class='ocrx_word' id='word_1_346' title='bbox 2277 2198 2536 2268; x_wconf 88' lang='lat' dir='ltr'><strong><em>insuper,</em></strong></span> <span class='ocrx_word' id='word_1_347' title='bbox 2569 2198 2662 2269; x_wconf 85' lang='lat' dir='ltr'><strong><em>qui</em></strong></span> <span class='ocrx_word' id='word_1_348' title='bbox 2689 2197 2967 2265; x_wconf 84' lang='lat' dir='ltr'><strong><em>comparat</em></strong></span> <span class='ocrx_word' id='word_1_349' title='bbox 2996 2193 3058 2246; x_wconf 89' lang='lat' dir='ltr'><strong><em>in</em></strong></span> <span class='ocrx_word' id='word_1_350' title='bbox 3088 2191 3187 2245; x_wconf 90' lang='lat' dir='ltr'><strong><em>hac</em></strong></span> <span class='ocrx_word' id='word_1_351' title='bbox 3215 2190 3456 2252; x_wconf 87' lang='lat' dir='ltr'><strong><em>civitate,</em></strong></span> <span class='ocrx_word' id='word_1_352' title='bbox 3492 2202 3607 2239; x_wconf 87' lang='lat' dir='ltr'><strong><em>non</em></strong></span> <span class='ocrx_word' id='word_1_353' title='bbox 3635 2200 3724 2240; x_wconf 90' lang='lat' dir='ltr'><strong><em>co-</em></strong></span> 
     </span>
    </p>
   </div>
   <div class='ocr_carea' id='block_1_52' title="bbox 2082 2274 3725 2356">
    <p class='ocr_par' dir='ltr' id='par_1_52' title="bbox 2082 2274 3725 2356">
     <span class='ocr_line' id='line_1_52' title="bbox 2082 2274 3725 2356; baseline -0.009 -15"><span class='ocrx_word' id='word_1_354' title='bbox 2082 2288 2220 2356; x_wconf 89' lang='lat' dir='ltr'><strong><em>gitat</em></strong></span> <span class='ocrx_word' id='word_1_355' title='bbox 2249 2288 2309 2339; x_wconf 87' lang='lat' dir='ltr'><strong><em>in</em></strong></span> <span class='ocrx_word' id='word_1_356' title='bbox 2337 2303 2495 2340; x_wconf 87' lang='lat' dir='ltr'><strong><em>suam</em></strong></span> <span class='ocrx_word' id='word_1_357' title='bbox 2544 2287 2826 2340; x_wconf 86' lang='lat' dir='ltr'><strong><em>civitatem</em></strong></span> <span class='ocrx_word' id='word_1_358' title='bbox 2874 2282 3057 2337; x_wconf 86' lang='lat' dir='ltr'><strong><em>redire</em></strong></span> <span class='ocrx_word' id='word_1_359' title='bbox 3104 2279 3237 2350; x_wconf 65' lang='lat'><strong><em>(711).</em></strong></span> <span class='ocrx_word' id='word_1_360' title='bbox 3288 2274 3560 2332; x_wconf 87' lang='lat' dir='ltr'><strong><em>Doctrina</em></strong></span> <span class='ocrx_word' id='word_1_361' title='bbox 3601 2274 3725 2328; x_wconf 55' lang='lat' dir='ltr'><strong><em>haec</em></strong></span> 
     </span>
    </p>
   </div>
   <div class='ocr_carea' id='block_1_53' title="bbox 2084 2362 3727 2445">
    <p class='ocr_par' dir='ltr' id='par_1_53' title="bbox 2084 2362 3727 2445">
     <span class='ocr_line' id='line_1_53' title="bbox 2084 2362 3727 2445; baseline -0.006 -18"><span class='ocrx_word' id='word_1_362' title='bbox 2084 2374 2179 2445; x_wconf 89' lang='lat' dir='ltr'><strong><em>pia</em></strong></span> <span class='ocrx_word' id='word_1_363' title='bbox 2210 2390 2275 2428; x_wconf 92' lang='lat' dir='ltr'><strong><em>ac</em></strong></span> <span class='ocrx_word' id='word_1_364' title='bbox 2324 2374 2594 2445; x_wconf 86' lang='lat' dir='ltr'><strong><em>religiosa</em></strong></span> <span class='ocrx_word' id='word_1_365' title='bbox 2642 2377 2731 2429; x_wconf 89' lang='lat' dir='ltr'><strong><em>est</em></strong></span> <span class='ocrx_word' id='word_1_366' title='bbox 2764 2390 2777 2441; x_wconf 89' lang='lat'><strong>;</strong></span> <span class='ocrx_word' id='word_1_367' title='bbox 2808 2387 3015 2443; x_wconf 89' lang='lat' dir='ltr'><strong><em>parum</em></strong></span> <span class='ocrx_word' id='word_1_368' title='bbox 3069 2374 3264 2424; x_wconf 90' lang='lat' dir='ltr'><strong><em>autem</em></strong></span> <span class='ocrx_word' id='word_1_369' title='bbox 3319 2364 3536 2421; x_wconf 87' lang='lat' dir='ltr'><strong><em>nostris</em></strong></span> <span class='ocrx_word' id='word_1_370' title='bbox 3566 2362 3727 2419; x_wconf 89' lang='lat' dir='ltr'><strong><em>hisce</em></strong></span> 
     </span>
    </p>
   </div>
   <div class='ocr_carea' id='block_1_54' title="bbox 2086 2453 3724 2535">
    <p class='ocr_par' dir='ltr' id='par_1_54' title="bbox 2086 2453 3724 2535">
     <span class='ocr_line' id='line_1_54' title="bbox 2086 2453 3724 2535; baseline -0.006 -19"><span class='ocrx_word' id='word_1_371' title='bbox 2086 2462 2293 2518; x_wconf 90' lang='lat' dir='ltr'><strong><em>diebus</em></strong></span> <span class='ocrx_word' id='word_1_372' title='bbox 2324 2463 2626 2535; x_wconf 84' lang='lat' dir='ltr'><strong><em>probatur.</em></strong></span> <span class='ocrx_word' id='word_1_373' title='bbox 2655 2461 2925 2517; x_wconf 88' lang='lat' dir='ltr'><strong><em>Pluribus</em></strong></span> <span class='ocrx_word' id='word_1_374' title='bbox 2956 2462 3154 2531; x_wconf 89' lang='lat' dir='ltr'><strong><em>posset</em></strong></span> <span class='ocrx_word' id='word_1_375' title='bbox 3184 2456 3424 2527; x_wconf 88' lang='lat' dir='ltr'><strong><em>insuper</em></strong></span> <span class='ocrx_word' id='word_1_376' title='bbox 3468 2453 3593 2508; x_wconf 66' lang='lat' dir='ltr'><strong><em>haec</em></strong></span> <span class='ocrx_word' id='word_1_377' title='bbox 3624 2453 3724 2507; x_wconf 90' lang='lat' dir='ltr'><strong><em>do-</em></strong></span> 
     </span>
    </p>
   </div>
   <div class='ocr_carea' id='block_1_55' title="bbox 2085 2540 3727 2620">
    <p class='ocr_par' dir='ltr' id='par_1_55' title="bbox 2085 2540 3727 2620">
     <span class='ocr_line' id='line_1_55' title="bbox 2085 2540 3727 2620; baseline -0.006 -15"><span class='ocrx_word' id='word_1_378' title='bbox 2085 2552 2277 2606; x_wconf 88' lang='lat' dir='ltr'><strong><em>ctrina</em></strong></span> <span class='ocrx_word' id='word_1_379' title='bbox 2306 2552 2525 2607; x_wconf 87' lang='lat' dir='ltr'><strong><em>larvam</em></strong></span> <span class='ocrx_word' id='word_1_380' title='bbox 2558 2551 2886 2615; x_wconf 84' lang='lat' dir='ltr'><strong><em>detrahere,</em></strong></span> <span class='ocrx_word' id='word_1_381' title='bbox 2918 2548 3017 2620; x_wconf 91' lang='lat' dir='ltr'><strong><em>qui</em></strong></span> <span class='ocrx_word' id='word_1_382' title='bbox 3049 2545 3303 2602; x_wconf 82' lang='lat' dir='ltr'><strong><em>maximo</em></strong></span> <span class='ocrx_word' id='word_1_383' title='bbox 3330 2546 3640 2599; x_wconf 83' lang='lat' dir='ltr'><strong><em>versantur</em></strong></span> <span class='ocrx_word' id='word_1_384' title='bbox 3666 2540 3727 2595; x_wconf 93' lang='lat' dir='ltr'><strong><em>in</em></strong></span> 
     </span>
    </p>
   </div>
   <div class='ocr_carea' id='block_1_56' title="bbox 2085 2636 3729 2711">
    <p class='ocr_par' dir='ltr' id='par_1_56' title="bbox 2085 2636 3729 2711">
     <span class='ocr_line' id='line_1_56' title="bbox 2085 2636 3729 2711; baseline -0.006 -16"><span class='ocrx_word' id='word_1_385' title='bbox 2085 2642 2446 2707; x_wconf 89' lang='lat' dir='ltr'><strong><em>errore,dum</em></strong></span> <span class='ocrx_word' id='word_1_386' title='bbox 2480 2640 2868 2711; x_wconf 86' lang='lat' dir='ltr'><strong><em>sibimetipsis</em></strong></span> <span class='ocrx_word' id='word_1_387' title='bbox 2902 2636 3251 2709; x_wconf 88' lang='lat' dir='ltr'><strong><em>persuadere</em></strong></span> <span class='ocrx_word' id='word_1_388' title='bbox 3280 2637 3729 2698; x_wconf 88' lang='lat' dir='ltr'><strong><em>conantur,con-</em></strong></span> 
     </span>
    </p>
   </div>
   <div class='ocr_carea' id='block_1_57' title="bbox 2084 2718 3725 2795">
    <p class='ocr_par' dir='ltr' id='par_1_57' title="bbox 2084 2718 3725 2795">
     <span class='ocr_line' id='line_1_57' title="bbox 2084 2718 3725 2795; baseline -0.006 -12"><span class='ocrx_word' id='word_1_389' title='bbox 2084 2728 2364 2785; x_wconf 89' lang='lat' dir='ltr'><strong><em>ditionem</em></strong></span> <span class='ocrx_word' id='word_1_390' title='bbox 2398 2730 2657 2785; x_wconf 90' lang='lat' dir='ltr'><strong><em>hominis</em></strong></span> <span class='ocrx_word' id='word_1_391' title='bbox 2688 2727 2947 2794; x_wconf 89' lang='lat' dir='ltr'><strong><em>viatoris,</em></strong></span> <span class='ocrx_word' id='word_1_392' title='bbox 2981 2724 3232 2795; x_wconf 82' lang='lat' dir='ltr'><strong><em>hospitis</em></strong></span> <span class='ocrx_word' id='word_1_393' title='bbox 3263 2728 3320 2777; x_wconf 87' lang='lat' dir='ltr'><strong><em>et</em></strong></span> <span class='ocrx_word' id='word_1_394' title='bbox 3371 2718 3610 2788; x_wconf 82' lang='lat' dir='ltr'><strong><em>exsulis,</em></strong></span> <span class='ocrx_word' id='word_1_395' title='bbox 3665 2719 3725 2773; x_wconf 92' lang='lat' dir='ltr'><strong><em>in</em></strong></span> 
     </span>
    </p>
   </div>
   <div class='ocr_carea' id='block_1_58' title="bbox 2085 2812 3726 2890">
    <p class='ocr_par' dir='ltr' id='par_1_58' title="bbox 2085 2812 3726 2890">
     <span class='ocr_line' id='line_1_58' title="bbox 2085 2812 3726 2890; baseline -0.006 -17"><span class='ocrx_word' id='word_1_396' title='bbox 2085 2835 2201 2890; x_wconf 89' lang='lat' dir='ltr'><strong><em>qua</em></strong></span> <span class='ocrx_word' id='word_1_397' title='bbox 2232 2819 2462 2890; x_wconf 89' lang='lat' dir='ltr'><strong><em>proprie</em></strong></span> <span class='ocrx_word' id='word_1_398' title='bbox 2491 2818 2607 2873; x_wconf 85' lang='lat' dir='ltr'><strong><em>veri</em></strong></span> <span class='ocrx_word' id='word_1_399' title='bbox 2639 2815 2951 2873; x_wconf 87' lang='lat' dir='ltr'><strong><em>Christiani</em></strong></span> <span class='ocrx_word' id='word_1_400' title='bbox 2982 2814 3114 2869; x_wconf 90' lang='lat' dir='ltr'><strong><em>idea</em></strong></span> <span class='ocrx_word' id='word_1_401' title='bbox 3144 2830 3209 2867; x_wconf 90' lang='lat' dir='ltr'><strong><em>ac</em></strong></span> <span class='ocrx_word' id='word_1_402' title='bbox 3259 2812 3557 2867; x_wconf 89' lang='lat' dir='ltr'><strong><em>character</em></strong></span> <span class='ocrx_word' id='word_1_403' title='bbox 3586 2825 3726 2864; x_wconf 92' lang='lat' dir='ltr'><strong><em>con-</em></strong></span> 
     </span>
    </p>
   </div>
   <div class='ocr_carea' id='block_1_59' title="bbox 2084 2898 3727 2975">
    <p class='ocr_par' dir='ltr' id='par_1_59' title="bbox 2084 2898 3727 2975">
     <span class='ocr_line' id='line_1_59' title="bbox 2084 2898 3727 2975; baseline -0.006 -13"><span class='ocrx_word' id='word_1_404' title='bbox 2084 2907 2262 2975; x_wconf 90' lang='lat' dir='ltr'><strong><em>sistit,</em></strong></span> <span class='ocrx_word' id='word_1_405' title='bbox 2297 2924 2430 2962; x_wconf 90' lang='lat' dir='ltr'><strong><em>cum</em></strong></span> <span class='ocrx_word' id='word_1_406' title='bbox 2461 2907 2792 2963; x_wconf 89' lang='lat' dir='ltr'><strong><em>conditione</em></strong></span> <span class='ocrx_word' id='word_1_407' title='bbox 2816 2902 3203 2973; x_wconf 87' lang='lat' dir='ltr'><strong><em>hominis,qui</em></strong></span> <span class='ocrx_word' id='word_1_408' title='bbox 3228 2898 3474 2973; x_wconf 88' lang='lat' dir='ltr'><strong><em>negotiis</em></strong></span> <span class='ocrx_word' id='word_1_409' title='bbox 3503 2899 3727 2953; x_wconf 88' lang='lat' dir='ltr'><strong><em>incum-</em></strong></span> 
     </span>
    </p>
   </div>
   <div class='ocr_carea' id='block_1_60' title="bbox 2084 2987 3726 3068">
    <p class='ocr_par' dir='ltr' id='par_1_60' title="bbox 2084 2987 3726 3068">
     <span class='ocr_line' id='line_1_60' title="bbox 2084 2987 3726 3068; baseline -0.006 -18"><span class='ocrx_word' id='word_1_410' title='bbox 2084 2996 2191 3067; x_wconf 92' lang='lat' dir='ltr'><strong><em>bit,</em></strong></span> <span class='ocrx_word' id='word_1_411' title='bbox 2224 2995 2620 3068; x_wconf 88' lang='lat' dir='ltr'><strong><em>voluptatibus</em></strong></span> <span class='ocrx_word' id='word_1_412' title='bbox 2651 2993 2935 3066; x_wconf 83' lang='lat' dir='ltr'><strong><em>indulget,</em></strong></span> <span class='ocrx_word' id='word_1_413' title='bbox 2968 3009 3033 3048; x_wconf 91' lang='lat' dir='ltr'><strong><em>ac</em></strong></span> <span class='ocrx_word' id='word_1_414' title='bbox 3085 2990 3249 3045; x_wconf 88' lang='lat' dir='ltr'><strong><em>ducit</em></strong></span> <span class='ocrx_word' id='word_1_415' title='bbox 3294 2990 3354 3043; x_wconf 91' lang='lat' dir='ltr'><strong><em>in</em></strong></span> <span class='ocrx_word' id='word_1_416' title='bbox 3401 2987 3571 3044; x_wconf 90' lang='lat' dir='ltr'><strong><em>bonis</em></strong></span> <span class='ocrx_word' id='word_1_417' title='bbox 3603 2987 3726 3042; x_wconf 88' lang='lat' dir='ltr'><strong><em>dies</em></strong></span> 
     </span>
    </p>
   </div>
   <div class='ocr_carea' id='block_1_61' title="bbox 2085 3082 2986 3156">
    <p class='ocr_par' dir='ltr' id='par_1_61' title="bbox 2085 3082 2986 3156">
     <span class='ocr_line' id='line_1_61' title="bbox 2085 3082 2986 3156; baseline -0.004 -16"><span class='ocrx_word' id='word_1_418' title='bbox 2085 3102 2244 3155; x_wconf 89' lang='lat' dir='ltr'><strong><em>suos,</em></strong></span> <span class='ocrx_word' id='word_1_419' title='bbox 2278 3085 2456 3141; x_wconf 88' lang='lat' dir='ltr'><strong><em>simul</em></strong></span> <span class='ocrx_word' id='word_1_420' title='bbox 2488 3101 2658 3156; x_wconf 91' lang='lat' dir='ltr'><strong><em>posse</em></strong></span> <span class='ocrx_word' id='word_1_421' title='bbox 2688 3082 2986 3154; x_wconf 83' lang='lat' dir='ltr'><strong><em>conjungi.</em></strong></span> 
     </span>
    </p>
   </div>
   <div class='ocr_carea' id='block_1_62' title="bbox 2156 3164 3727 3229">
    <p class='ocr_par' dir='ltr' id='par_1_62' title="bbox 2156 3164 3727 3229">
     <span class='ocr_line' id='line_1_62' title="bbox 2156 3164 3727 3229; baseline -0.006 -2"><span class='ocrx_word' id='word_1_422' title='bbox 2156 3173 2414 3229; x_wconf 88' lang='lat' dir='ltr'><strong><em>Pastoris</em></strong></span> <span class='ocrx_word' id='word_1_423' title='bbox 2444 3171 2811 3228; x_wconf 90' lang='lat' dir='ltr'><strong><em>ratiocinatio</em></strong></span> <span class='ocrx_word' id='word_1_424' title='bbox 2857 3174 3061 3226; x_wconf 89' lang='lat' dir='ltr'><strong><em>contra</em></strong></span> <span class='ocrx_word' id='word_1_425' title='bbox 3108 3168 3285 3223; x_wconf 89' lang='lat' dir='ltr'><strong><em>talem</em></strong></span> <span class='ocrx_word' id='word_1_426' title='bbox 3334 3164 3561 3220; x_wconf 86' lang='lat' dir='ltr'><strong><em>vivendi</em></strong></span> <span class='ocrx_word' id='word_1_427' title='bbox 3602 3180 3727 3218; x_wconf 92' lang='lat' dir='ltr'><strong><em>mo-</em></strong></span> 
     </span>
    </p>
   </div>
   <div class='ocr_carea' id='block_1_63' title="bbox 330 3247 3727 3334">
    <p class='ocr_par' dir='ltr' id='par_1_63' title="bbox 330 3247 3727 3334">
     <span class='ocr_line' id='line_1_63' title="bbox 330 3247 3727 3334; baseline 0 -27"><span class='ocrx_word' id='word_1_428' title='bbox 330 3270 466 3308; x_wconf 87' lang='lat' dir='ltr'><strong><em>num</em></strong></span> <span class='ocrx_word' id='word_1_429' title='bbox 495 3257 688 3310; x_wconf 87' lang='lat' dir='ltr'><strong><em>omnia</em></strong></span> <span class='ocrx_word' id='word_1_430' title='bbox 719 3257 859 3311; x_wconf 82' lang='lat' dir='ltr'><strong><em>bona</em></strong></span> <span class='ocrx_word' id='word_1_431' title='bbox 884 3259 1193 3328; x_wconf 85' lang='lat' dir='ltr'><strong><em>operaberis</em></strong></span> <span class='ocrx_word' id='word_1_432' title='bbox 1224 3260 1357 3329; x_wconf 88' lang='lat'><strong><em>(72).</em></strong></span> <span class='ocrx_word' id='word_1_433' title='bbox 1390 3260 1539 3332; x_wconf 89' lang='lat' dir='ltr'><strong><em>Ergo</em></strong></span> <span class='ocrx_word' id='word_1_434' title='bbox 1573 3278 1675 3333; x_wconf 89' lang='lat' dir='ltr'><strong><em>per</em></strong></span> <span class='ocrx_word' id='word_1_435' title='bbox 1703 3261 1974 3319; x_wconf 87' lang='lat' dir='ltr'><strong><em>timorem</em></strong></span> <span class='ocrx_word' id='word_1_436' title='bbox 2006 3247 2048 3313; x_wconf 88' lang='lat' dir='ltr'>C</span> <span class='ocrx_word' id='word_1_437' title='bbox 2087 3262 2227 3317; x_wconf 89' lang='lat' dir='ltr'><strong><em>dum</em></strong></span> <span class='ocrx_word' id='word_1_438' title='bbox 2257 3262 2462 3334; x_wconf 85' lang='lat' dir='ltr'><strong><em>utique</em></strong></span> <span class='ocrx_word' id='word_1_439' title='bbox 2493 3261 2685 3316; x_wconf 72' lang='lat' dir='ltr'><strong><em>differt</em></strong></span> <span class='ocrx_word' id='word_1_440' title='bbox 2714 3264 2833 3315; x_wconf 90' lang='lat' dir='ltr'><strong><em>toto</em></strong></span> <span class='ocrx_word' id='word_1_441' title='bbox 2858 3258 3001 3314; x_wconf 86' lang='lat' dir='ltr'><strong><em>coelo</em></strong></span> <span class='ocrx_word' id='word_1_442' title='bbox 3032 3275 3065 3313; x_wconf 92' lang='lat' dir='ltr'><strong><em>a</em></strong></span> <span class='ocrx_word' id='word_1_443' title='bbox 3094 3256 3482 3328; x_wconf 90' lang='lat' dir='ltr'><strong><em>plurimorum</em></strong></span> <span class='ocrx_word' id='word_1_444' title='bbox 3515 3256 3727 3309; x_wconf 59' lang='lat' dir='ltr'><strong><em>nostra</em></strong></span> 
     </span>
    </p>
   </div>
   <div class='ocr_carea' id='block_1_64' title="bbox 326 3342 1966 3422">
    <p class='ocr_par' dir='ltr' id='par_1_64' title="bbox 326 3342 1966 3422">
     <span class='ocr_line' id='line_1_64' title="bbox 326 3342 1966 3422; baseline 0.005 -24"><span class='ocrx_word' id='word_1_445' title='bbox 326 3342 559 3399; x_wconf 91' lang='lat' dir='ltr'><strong><em>Domini</em></strong></span> <span class='ocrx_word' id='word_1_446' title='bbox 590 3344 789 3401; x_wconf 89' lang='lat' dir='ltr'><strong><em>omnia</em></strong></span> <span class='ocrx_word' id='word_1_447' title='bbox 817 3362 1135 3418; x_wconf 88' lang='lat' dir='ltr'><strong><em>possumus</em></strong></span> <span class='ocrx_word' id='word_1_448' title='bbox 1183 3364 1359 3419; x_wconf 90' lang='lat' dir='ltr'><strong><em>opera</em></strong></span> <span class='ocrx_word' id='word_1_449' title='bbox 1399 3349 1647 3419; x_wconf 79' lang='lat' dir='ltr'><strong><em>justitiae</em></strong></span> <span class='ocrx_word' id='word_1_450' title='bbox 1677 3368 1966 3422; x_wconf 85' lang='lat' dir='ltr'><strong><em>peragere.</em></strong></span> 
     </span>
    </p>
   </div>
   <div class='ocr_carea' id='block_1_65' title="bbox 324 3432 1969 3505">
    <p class='ocr_par' dir='ltr' id='par_1_65' title="bbox 324 3432 1969 3505">
     <span class='ocr_line' id='line_1_65' title="bbox 324 3432 1969 3505; baseline 0.007 -19"><span class='ocrx_word' id='word_1_451' title='bbox 324 3432 524 3488; x_wconf 87' lang='lat' dir='ltr'><strong><em>Tradit</em></strong></span> <span class='ocrx_word' id='word_1_452' title='bbox 555 3432 815 3505; x_wconf 88' lang='lat' dir='ltr'><strong><em>insuper,</em></strong></span> <span class='ocrx_word' id='word_1_453' title='bbox 840 3435 1107 3491; x_wconf 87' lang='lat' dir='ltr'><strong><em>timorem</em></strong></span> <span class='ocrx_word' id='word_1_454' title='bbox 1140 3435 1295 3492; x_wconf 90' lang='lat' dir='ltr'><strong><em>hunc</em></strong></span> <span class='ocrx_word' id='word_1_455' title='bbox 1318 3440 1712 3495; x_wconf 88' lang='lat' dir='ltr'><strong><em>necessarium</em></strong></span> <span class='ocrx_word' id='word_1_456' title='bbox 1745 3458 1873 3497; x_wconf 89' lang='lat' dir='ltr'><strong><em>esse</em></strong></span> <span class='ocrx_word' id='word_1_457' title='bbox 1895 3460 1969 3498; x_wconf 92' lang='lat' dir='ltr'><strong><em>an</em></strong></span> 
     </span>
    </p>
   </div>
   <div class='ocr_carea' id='block_1_66' title="bbox 321 3520 1967 3597">
    <p class='ocr_par' dir='ltr' id='par_1_66' title="bbox 321 3520 1967 3597">
     <span class='ocr_line' id='line_1_66' title="bbox 321 3520 1967 3597; baseline 0.007 -22"><span class='ocrx_word' id='word_1_458' title='bbox 321 3520 594 3585; x_wconf 88' lang='lat' dir='ltr'><strong><em>salutem,</em></strong></span> <span class='ocrx_word' id='word_1_459' title='bbox 627 3539 729 3593; x_wconf 89' lang='lat' dir='ltr'><strong><em>per</em></strong></span> <span class='ocrx_word' id='word_1_460' title='bbox 758 3522 926 3578; x_wconf 90' lang='lat' dir='ltr'><strong><em>illum</em></strong></span> <span class='ocrx_word' id='word_1_461' title='bbox 959 3541 1066 3579; x_wconf 90' lang='lat' dir='ltr'><strong><em>nos</em></strong></span> <span class='ocrx_word' id='word_1_462' title='bbox 1097 3531 1391 3597; x_wconf 86' lang='lat' dir='ltr'><strong><em>reportare</em></strong></span> <span class='ocrx_word' id='word_1_463' title='bbox 1407 3528 1711 3584; x_wconf 88' lang='lat' dir='ltr'><strong><em>victoriam</em></strong></span> <span class='ocrx_word' id='word_1_464' title='bbox 1743 3532 1814 3585; x_wconf 90' lang='lat' dir='ltr'><strong><em>de</em></strong></span> <span class='ocrx_word' id='word_1_465' title='bbox 1844 3531 1967 3587; x_wconf 90' lang='lat' dir='ltr'><strong><em>dia-</em></strong></span> 
     </span>
    </p>
   </div>
   <div class='ocr_carea' id='block_1_67' title="bbox 321 3609 1968 3692">
    <p class='ocr_par' dir='ltr' id='par_1_67' title="bbox 321 3609 1968 3692">
     <span class='ocr_line' id='line_1_67' title="bbox 321 3609 1968 3692; baseline 0.007 -28"><span class='ocrx_word' id='word_1_466' title='bbox 321 3609 455 3666; x_wconf 89' lang='lat' dir='ltr'><strong><em>bolo</em></strong></span> <span class='ocrx_word' id='word_1_467' title='bbox 485 3614 543 3666; x_wconf 87' lang='lat' dir='ltr'><strong><em>et</em></strong></span> <span class='ocrx_word' id='word_1_468' title='bbox 571 3611 898 3667; x_wconf 90' lang='lat' dir='ltr'><strong><em>dominium</em></strong></span> <span class='ocrx_word' id='word_1_469' title='bbox 918 3629 1096 3685; x_wconf 90' lang='lat' dir='ltr'><strong><em>super</em></strong></span> <span class='ocrx_word' id='word_1_470' title='bbox 1124 3614 1292 3669; x_wconf 91' lang='lat' dir='ltr'><strong><em>illum</em></strong></span> <span class='ocrx_word' id='word_1_471' title='bbox 1315 3630 1599 3685; x_wconf 82' lang='lat' dir='ltr'><strong><em>exercere,</em></strong></span> <span class='ocrx_word' id='word_1_472' title='bbox 1618 3619 1756 3689; x_wconf 92' lang='lat' dir='ltr'><strong><em>quia</em></strong></span> <span class='ocrx_word' id='word_1_473' title='bbox 1774 3619 1968 3692; x_wconf 89' lang='lat' dir='ltr'><strong><em>reipsa</em></strong></span> 
     </span>
    </p>
   </div>
   <div class='ocr_carea' id='block_1_68' title="bbox 320 3700 1967 3770">
    <p class='ocr_par' dir='ltr' id='par_1_68' title="bbox 320 3700 1967 3770">
     <span class='ocr_line' id='line_1_68' title="bbox 320 3700 1967 3770; baseline 0.006 -17"><span class='ocrx_word' id='word_1_474' title='bbox 320 3714 499 3770; x_wconf 91' lang='lat' dir='ltr'><strong><em>super</em></strong></span> <span class='ocrx_word' id='word_1_475' title='bbox 548 3715 744 3756; x_wconf 88' lang='lat' dir='ltr'><strong><em>servos</em></strong></span> <span class='ocrx_word' id='word_1_476' title='bbox 788 3700 888 3755; x_wconf 89' lang='lat' dir='ltr'><strong><em>Dei</em></strong></span> <span class='ocrx_word' id='word_1_477' title='bbox 941 3701 1104 3757; x_wconf 90' lang='lat' dir='ltr'><strong><em>nulla</em></strong></span> <span class='ocrx_word' id='word_1_478' title='bbox 1154 3703 1339 3759; x_wconf 91' lang='lat' dir='ltr'><strong><em>virtus</em></strong></span> <span class='ocrx_word' id='word_1_479' title='bbox 1389 3704 1473 3759; x_wconf 85' lang='lat' dir='ltr'><strong><em>illi</em></strong></span> <span class='ocrx_word' id='word_1_480' title='bbox 1520 3705 1721 3762; x_wconf 90' lang='lat' dir='ltr'><strong><em>inest:</em></strong></span> <span class='ocrx_word' id='word_1_481' title='bbox 1757 3709 1967 3764; x_wconf 84' lang='lat' dir='ltr'><strong><em>Timens</em></strong></span> 
     </span>
    </p>
   </div>
   <div class='ocr_carea' id='block_1_69' title="bbox 322 3790 1961 3868">
    <p class='ocr_par' dir='ltr' id='par_1_69' title="bbox 322 3790 1961 3868">
     <span class='ocr_line' id='line_1_69' title="bbox 322 3790 1961 3868; baseline 0.006 -26"><span class='ocrx_word' id='word_1_482' title='bbox 322 3790 475 3843; x_wconf 86' lang='lat' dir='ltr'><strong><em>enim</em></strong></span> <span class='ocrx_word' id='word_1_483' title='bbox 503 3790 796 3845; x_wconf 85' lang='lat' dir='ltr'><strong><em>Dominum</em></strong></span> <span class='ocrx_word' id='word_1_484' title='bbox 827 3790 1198 3847; x_wconf 85' lang='lat' dir='ltr'><strong><em>dominaberis</em></strong></span> <span class='ocrx_word' id='word_1_485' title='bbox 1229 3792 1411 3860; x_wconf 87' lang='lat' dir='ltr'><strong><em>illius,</em></strong></span> <span class='ocrx_word' id='word_1_486' title='bbox 1464 3794 1687 3850; x_wconf 84' lang='lat' dir='ltr'><strong><em>scilicet</em></strong></span> <span class='ocrx_word' id='word_1_487' title='bbox 1726 3796 1961 3868; x_wconf 88' lang='lat' dir='ltr'><strong><em>diaboli,</em></strong></span> 
     </span>
    </p>
   </div>
   <div class='ocr_carea' id='block_1_70' title="bbox 321 3880 1967 3955">
    <p class='ocr_par' dir='ltr' id='par_1_70' title="bbox 321 3880 1967 3955">
     <span class='ocr_line' id='line_1_70' title="bbox 321 3880 1967 3955; baseline 0.005 -24"><span class='ocrx_word' id='word_1_488' title='bbox 321 3880 453 3948; x_wconf 86' lang='lat' dir='ltr'><strong><em>quia</em></strong></span> <span class='ocrx_word' id='word_1_489' title='bbox 473 3880 646 3933; x_wconf 88' lang='lat' dir='ltr'><strong><em>virtus</em></strong></span> <span class='ocrx_word' id='word_1_490' title='bbox 677 3881 737 3933; x_wconf 88' lang='lat' dir='ltr'><strong><em>in</em></strong></span> <span class='ocrx_word' id='word_1_491' title='bbox 766 3880 864 3935; x_wconf 90' lang='lat' dir='ltr'><strong><em>illo</em></strong></span> <span class='ocrx_word' id='word_1_492' title='bbox 893 3882 1053 3936; x_wconf 84' lang='lat' dir='ltr'><strong><em>nulla</em></strong></span> <span class='ocrx_word' id='word_1_493' title='bbox 1080 3891 1178 3937; x_wconf 86' lang='lat' dir='ltr'><strong><em>est.</em></strong></span> <span class='ocrx_word' id='word_1_494' title='bbox 1220 3882 1327 3937; x_wconf 89' lang='lat' dir='ltr'><strong><em>Per</em></strong></span> <span class='ocrx_word' id='word_1_495' title='bbox 1372 3882 1527 3938; x_wconf 89' lang='lat' dir='ltr'><strong><em>hunc</em></strong></span> <span class='ocrx_word' id='word_1_496' title='bbox 1575 3884 1845 3940; x_wconf 89' lang='lat' dir='ltr'><strong><em>timorem</em></strong></span> <span class='ocrx_word' id='word_1_497' title='bbox 1878 3886 1967 3955; x_wconf 90' lang='lat' dir='ltr'><strong><em>(ut</em></strong></span> 
     </span>
    </p>
   </div>
   <div class='ocr_carea' id='block_1_71' title="bbox 324 3967 1963 4042">
    <p class='ocr_par' dir='ltr' id='par_1_71' title="bbox 324 3967 1963 4042">
     <span class='ocr_line' id='line_1_71' title="bbox 324 3967 1963 4042; baseline 0.005 -22"><span class='ocrx_word' id='word_1_498' title='bbox 324 3982 440 4021; x_wconf 93' lang='lat' dir='ltr'><strong><em>uno</em></strong></span> <span class='ocrx_word' id='word_1_499' title='bbox 469 3967 644 4022; x_wconf 91' lang='lat' dir='ltr'><strong><em>verbo</em></strong></span> <span class='ocrx_word' id='word_1_500' title='bbox 673 3968 871 4022; x_wconf 90' lang='lat' dir='ltr'><strong><em>omnia</em></strong></span> <span class='ocrx_word' id='word_1_501' title='bbox 897 3969 1270 4041; x_wconf 87' lang='lat' dir='ltr'><strong><em>complectar)</em></strong></span> <span class='ocrx_word' id='word_1_502' title='bbox 1294 3987 1327 4026; x_wconf 91' lang='lat' dir='ltr'><strong><em>a</em></strong></span> <span class='ocrx_word' id='word_1_503' title='bbox 1355 3977 1587 4042; x_wconf 89' lang='lat' dir='ltr'><strong><em>peccato</em></strong></span> <span class='ocrx_word' id='word_1_504' title='bbox 1615 3973 1963 4041; x_wconf 90' lang='lat' dir='ltr'><strong><em>recedimus,</em></strong></span> 
     </span>
    </p>
   </div>
   <div class='ocr_carea' id='block_1_72' title="bbox 311 4054 1966 4132">
    <p class='ocr_par' dir='ltr' id='par_1_72' title="bbox 311 4054 1966 4132">
     <span class='ocr_line' id='line_1_72' title="bbox 311 4054 1966 4132; baseline 0.005 -23"><span class='ocrx_word' id='word_1_505' title='bbox 311 4054 610 4125; x_wconf 88' lang='lat' dir='ltr'><strong><em>justitiam</em></strong></span> <span class='ocrx_word' id='word_1_506' title='bbox 640 4072 1033 4125; x_wconf 85' lang='lat' dir='ltr'><strong><em>excercemus,</em></strong></span> <span class='ocrx_word' id='word_1_507' title='bbox 1065 4063 1121 4113; x_wconf 90' lang='lat' dir='ltr'><strong><em>et</em></strong></span> <span class='ocrx_word' id='word_1_508' title='bbox 1160 4059 1252 4130; x_wconf 90' lang='lat' dir='ltr'><strong><em>pie</em></strong></span> <span class='ocrx_word' id='word_1_509' title='bbox 1298 4059 1567 4115; x_wconf 90' lang='lat' dir='ltr'><strong><em>vivimus.</em></strong></span> <span class='ocrx_word' id='word_1_510' title='bbox 1618 4063 1761 4117; x_wconf 88' lang='lat' dir='ltr'><strong><em>Time</em></strong></span> <span class='ocrx_word' id='word_1_511' title='bbox 1790 4064 1966 4132; x_wconf 85' lang='lat' dir='ltr'><strong><em>igitur</em></strong></span> 
     </span>
    </p>
   </div>
   <div class='ocr_carea' id='block_1_73' title="bbox 317 4144 1965 4217">
    <p class='ocr_par' dir='ltr' id='par_1_73' title="bbox 317 4144 1965 4217">
     <span class='ocr_line' id='line_1_73' title="bbox 317 4144 1965 4217; baseline 0.005 -17"><span class='ocrx_word' id='word_1_512' title='bbox 317 4146 510 4211; x_wconf 86' lang='lat' dir='ltr'><strong><em>Deum,</em></strong></span> <span class='ocrx_word' id='word_1_513' title='bbox 545 4144 841 4201; x_wconf 89' lang='lat' dir='ltr'><strong><em>concludit</em></strong></span> <span class='ocrx_word' id='word_1_514' title='bbox 870 4147 1090 4217; x_wconf 87' lang='lat' dir='ltr'><strong><em>Pastor,</em></strong></span> <span class='ocrx_word' id='word_1_515' title='bbox 1115 4152 1168 4202; x_wconf 88' lang='lat' dir='ltr'><strong><em>et</em></strong></span> <span class='ocrx_word' id='word_1_516' title='bbox 1197 4149 1539 4205; x_wconf 84' lang='lat' dir='ltr'><strong><em>vives.Extra</em></strong></span> <span class='ocrx_word' id='word_1_517' title='bbox 1569 4167 1799 4207; x_wconf 90' lang='lat' dir='ltr'><strong><em>omnem</em></strong></span> <span class='ocrx_word' id='word_1_518' title='bbox 1832 4170 1965 4208; x_wconf 92' lang='lat' dir='ltr'><strong><em>con-</em></strong></span> 
     </span>
    </p>
   </div>
   <div class='ocr_carea' id='block_1_74' title="bbox 318 4233 1963 4304">
    <p class='ocr_par' dir='ltr' id='par_1_74' title="bbox 318 4233 1963 4304">
     <span class='ocr_line' id='line_1_74' title="bbox 318 4233 1963 4304; baseline 0.006 -17"><span class='ocrx_word' id='word_1_519' title='bbox 318 4233 661 4289; x_wconf 88' lang='lat' dir='ltr'><strong><em>troversiam</em></strong></span> <span class='ocrx_word' id='word_1_520' title='bbox 716 4239 826 4304; x_wconf 89' lang='lat' dir='ltr'><strong><em>est,</em></strong></span> <span class='ocrx_word' id='word_1_521' title='bbox 859 4252 1188 4291; x_wconf 90' lang='lat' dir='ltr'><strong><em>sermonem</em></strong></span> <span class='ocrx_word' id='word_1_522' title='bbox 1246 4236 1341 4292; x_wconf 91' lang='lat' dir='ltr'><strong><em>hic</em></strong></span> <span class='ocrx_word' id='word_1_523' title='bbox 1393 4237 1596 4293; x_wconf 87' lang='lat' dir='ltr'><strong><em>haberi</em></strong></span> <span class='ocrx_word' id='word_1_524' title='bbox 1626 4240 1696 4295; x_wconf 91' lang='lat' dir='ltr'><strong><em>de</em></strong></span> <span class='ocrx_word' id='word_1_525' title='bbox 1757 4240 1963 4298; x_wconf 89' lang='lat' dir='ltr'><strong><em>timore</em></strong></span> 
     </span>
    </p>
   </div>
   <div class='ocr_carea' id='block_1_75' title="bbox 317 4323 1964 4401">
    <p class='ocr_par' dir='ltr' id='par_1_75' title="bbox 317 4323 1964 4401">
     <span class='ocr_line' id='line_1_75' title="bbox 317 4323 1964 4401; baseline 0.005 -24"><span class='ocrx_word' id='word_1_526' title='bbox 317 4323 773 4394; x_wconf 87' lang='lat' dir='ltr'><strong><em>supernaturali,</em></strong></span> <span class='ocrx_word' id='word_1_527' title='bbox 808 4324 878 4379; x_wconf 93' lang='lat' dir='ltr'><strong><em>de</em></strong></span> <span class='ocrx_word' id='word_1_528' title='bbox 910 4323 1008 4379; x_wconf 94' lang='lat' dir='ltr'><strong><em>illo</em></strong></span> <span class='ocrx_word' id='word_1_529' title='bbox 1036 4325 1260 4381; x_wconf 87' lang='lat' dir='ltr'><strong><em>scilicet</em></strong></span> <span class='ocrx_word' id='word_1_530' title='bbox 1289 4326 1700 4399; x_wconf 89' lang='lat' dir='ltr'><strong><em>timore,quem</em></strong></span> <span class='ocrx_word' id='word_1_531' title='bbox 1732 4346 1964 4401; x_wconf 90' lang='lat' dir='ltr'><strong><em>semper</em></strong></span> 
     </span>
    </p>
   </div>
   <div class='ocr_carea' id='block_1_76' title="bbox 318 4410 1961 4489">
    <p class='ocr_par' dir='ltr' id='par_1_76' title="bbox 318 4410 1961 4489">
     <span class='ocr_line' id='line_1_76' title="bbox 318 4410 1961 4489; baseline 0.007 -24"><span class='ocrx_word' id='word_1_532' title='bbox 318 4410 529 4483; x_wconf 88' lang='lat' dir='ltr'><strong><em>aliquis</em></strong></span> <span class='ocrx_word' id='word_1_533' title='bbox 561 4429 724 4469; x_wconf 90' lang='lat' dir='ltr'><strong><em>amor</em></strong></span> <span class='ocrx_word' id='word_1_534' title='bbox 753 4414 1067 4470; x_wconf 89' lang='lat' dir='ltr'><strong><em>comitatur</em></strong></span> <span class='ocrx_word' id='word_1_535' title='bbox 1100 4431 1112 4469; x_wconf 93' lang='lat'><strong>:</strong></span> <span class='ocrx_word' id='word_1_536' title='bbox 1147 4415 1364 4488; x_wconf 88' lang='lat' dir='ltr'><strong><em>quippe</em></strong></span> <span class='ocrx_word' id='word_1_537' title='bbox 1394 4417 1588 4489; x_wconf 88' lang='lat' dir='ltr'><strong><em>agitur</em></strong></span> <span class='ocrx_word' id='word_1_538' title='bbox 1618 4419 1689 4473; x_wconf 91' lang='lat' dir='ltr'><strong><em>de</em></strong></span> <span class='ocrx_word' id='word_1_539' title='bbox 1728 4420 1961 4487; x_wconf 80' lang='lat' dir='ltr'><strong><em>timore,</em></strong></span> 
     </span>
    </p>
   </div>
   <div class='ocr_carea' id='block_1_77' title="bbox 316 4502 1958 4578">
    <p class='ocr_par' dir='ltr' id='par_1_77' title="bbox 316 4502 1958 4578">
     <span class='ocr_line' id='line_1_77' title="bbox 316 4502 1958 4578; baseline 0.006 -24"><span class='ocrx_word' id='word_1_540' title='bbox 316 4516 424 4571; x_wconf 90' lang='lat' dir='ltr'><strong><em>ope</em></strong></span> <span class='ocrx_word' id='word_1_541' title='bbox 453 4502 622 4573; x_wconf 88' lang='lat' dir='ltr'><strong><em>cujus</em></strong></span> <span class='ocrx_word' id='word_1_542' title='bbox 654 4504 932 4559; x_wconf 89' lang='lat' dir='ltr'><strong><em>mandata</em></strong></span> <span class='ocrx_word' id='word_1_543' title='bbox 983 4502 1086 4559; x_wconf 90' lang='lat' dir='ltr'><strong><em>Dei</em></strong></span> <span class='ocrx_word' id='word_1_544' title='bbox 1144 4505 1546 4572; x_wconf 90' lang='lat' dir='ltr'><strong><em>observamus,</em></strong></span> <span class='ocrx_word' id='word_1_545' title='bbox 1605 4511 1663 4562; x_wconf 89' lang='lat' dir='ltr'><strong><em>et</em></strong></span> <span class='ocrx_word' id='word_1_546' title='bbox 1709 4508 1958 4578; x_wconf 77' lang='lat' dir='ltr'><strong><em>justitiae</em></strong></span> 
     </span>
    </p>
   </div>
   <div class='ocr_carea' id='block_1_78' title="bbox 316 4590 998 4662">
    <p class='ocr_par' dir='ltr' id='par_1_78' title="bbox 316 4590 998 4662">
     <span class='ocr_line' id='line_1_78' title="bbox 316 4590 998 4662; baseline 0.006 -17"><span class='ocrx_word' id='word_1_547' title='bbox 316 4590 589 4662; x_wconf 89' lang='lat' dir='ltr'><strong><em>operibus</em></strong></span> <span class='ocrx_word' id='word_1_548' title='bbox 619 4590 998 4649; x_wconf 72' lang='lat' dir='ltr'><strong><em>inhaeremus.</em></strong></span> 
     </span>
    </p>
   </div>
   <div class='ocr_carea' id='block_1_79' title="bbox 392 4678 1958 4757">
    <p class='ocr_par' dir='ltr' id='par_1_79' title="bbox 392 4678 1958 4757">
     <span class='ocr_line' id='line_1_79' title="bbox 392 4678 1958 4757; baseline 0.004 -24"><span class='ocrx_word' id='word_1_549' title='bbox 392 4678 617 4751; x_wconf 90' lang='lat' dir='ltr'><strong><em>Duplici</em></strong></span> <span class='ocrx_word' id='word_1_550' title='bbox 648 4696 717 4736; x_wconf 81' lang='lat' dir='ltr'><strong><em>ex</em></strong></span> <span class='ocrx_word' id='word_1_551' title='bbox 745 4681 935 4752; x_wconf 88' lang='lat' dir='ltr'><strong><em>capite</em></strong></span> <span class='ocrx_word' id='word_1_552' title='bbox 965 4685 1162 4737; x_wconf 91' lang='lat' dir='ltr'><strong><em>monet</em></strong></span> <span class='ocrx_word' id='word_1_553' title='bbox 1215 4686 1442 4751; x_wconf 88' lang='lat' dir='ltr'><strong><em>Pastor,</em></strong></span> <span class='ocrx_word' id='word_1_554' title='bbox 1503 4701 1535 4739; x_wconf 91' lang='lat' dir='ltr'><strong><em>a</em></strong></span> <span class='ocrx_word' id='word_1_555' title='bbox 1593 4685 1958 4757; x_wconf 84' lang='lat' dir='ltr'><strong><em>negotiorum</em></strong></span> 
     </span>
    </p>
   </div>
   <div class='ocr_carea' id='block_1_80' title="bbox 316 4768 1958 4840">
    <p class='ocr_par' dir='ltr' id='par_1_80' title="bbox 316 4768 1958 4840">
     <span class='ocr_line' id='line_1_80' title="bbox 316 4768 1958 4840; baseline 0.004 -19"><span class='ocrx_word' id='word_1_556' title='bbox 316 4768 730 4840; x_wconf 89' lang='lat' dir='ltr'><strong><em>temporalium</em></strong></span> <span class='ocrx_word' id='word_1_557' title='bbox 762 4770 1141 4825; x_wconf 88' lang='lat' dir='ltr'><strong><em>multitudine</em></strong></span> <span class='ocrx_word' id='word_1_558' title='bbox 1169 4787 1297 4826; x_wconf 90' lang='lat' dir='ltr'><strong><em>esse</em></strong></span> <span class='ocrx_word' id='word_1_559' title='bbox 1336 4772 1770 4839; x_wconf 88' lang='lat' dir='ltr'><strong><em>abstinendum,</em></strong></span> <span class='ocrx_word' id='word_1_560' title='bbox 1803 4772 1958 4829; x_wconf 90' lang='lat' dir='ltr'><strong><em>inor-</em></strong></span> 
     </span>
    </p>
   </div>
   <div class='ocr_carea' id='block_1_81' title="bbox 322 4857 1961 4930">
    <p class='ocr_par' dir='ltr' id='par_1_81' title="bbox 322 4857 1961 4930">
     <span class='ocr_line' id='line_1_81' title="bbox 322 4857 1961 4930; baseline 0.004 -18"><span class='ocrx_word' id='word_1_561' title='bbox 322 4857 705 4930; x_wconf 88' lang='lat' dir='ltr'><strong><em>dinatamque</em></strong></span> <span class='ocrx_word' id='word_1_562' title='bbox 737 4860 1057 4914; x_wconf 89' lang='lat' dir='ltr'><strong><em>eorundem</em></strong></span> <span class='ocrx_word' id='word_1_563' title='bbox 1090 4858 1545 4916; x_wconf 88' lang='lat' dir='ltr'><strong><em>sollicitudinem</em></strong></span> <span class='ocrx_word' id='word_1_564' title='bbox 1588 4879 1717 4918; x_wconf 88' lang='lat' dir='ltr'><strong><em>esse</em></strong></span> <span class='ocrx_word' id='word_1_565' title='bbox 1766 4864 1961 4919; x_wconf 91' lang='lat' dir='ltr'><strong><em>mode-</em></strong></span> 
     </span>
    </p>
   </div>
   <div class='ocr_carea' id='block_1_82' title="bbox 318 4947 1956 5022">
    <p class='ocr_par' dir='ltr' id='par_1_82' title="bbox 318 4947 1956 5022">
     <span class='ocr_line' id='line_1_82' title="bbox 318 4947 1956 5022; baseline 0.003 -21"><span class='ocrx_word' id='word_1_566' title='bbox 318 4947 733 5018; x_wconf 88' lang='lat' dir='ltr'><strong><em>randam,quia</em></strong></span> <span class='ocrx_word' id='word_1_567' title='bbox 755 4947 941 5003; x_wconf 89' lang='lat' dir='ltr'><strong><em>multa</em></strong></span> <span class='ocrx_word' id='word_1_568' title='bbox 961 4949 1195 5021; x_wconf 83' lang='lat' dir='ltr'><strong><em>negotia</em></strong></span> <span class='ocrx_word' id='word_1_569' title='bbox 1220 4950 1673 5021; x_wconf 88' lang='lat' dir='ltr'><strong><em>agentes,multa</em></strong></span> <span class='ocrx_word' id='word_1_570' title='bbox 1696 4956 1956 5022; x_wconf 90' lang='lat' dir='ltr'><strong><em>peccant,</em></strong></span> 
     </span>
    </p>
   </div>
   <div class='ocr_carea' id='block_1_83' title="bbox 316 5035 1959 5109">
    <p class='ocr_par' dir='ltr' id='par_1_83' title="bbox 316 5035 1959 5109">
     <span class='ocr_line' id='line_1_83' title="bbox 316 5035 1959 5109; baseline 0.002 -18"><span class='ocrx_word' id='word_1_571' title='bbox 316 5039 491 5108; x_wconf 85' lang='lat' dir='ltr'><strong><em>atque</em></strong></span> <span class='ocrx_word' id='word_1_572' title='bbox 522 5052 672 5109; x_wconf 64' lang='lat' dir='ltr'><strong><em>aegre</em></strong></span> <span class='ocrx_word' id='word_1_573' title='bbox 702 5035 818 5091; x_wconf 92' lang='lat' dir='ltr'><strong><em>Deo</em></strong></span> <span class='ocrx_word' id='word_1_574' title='bbox 849 5037 1063 5092; x_wconf 90' lang='lat' dir='ltr'><strong><em>servire</em></strong></span> <span class='ocrx_word' id='word_1_575' title='bbox 1096 5043 1365 5109; x_wconf 90' lang='lat' dir='ltr'><strong><em>possunt.</em></strong></span> <span class='ocrx_word' id='word_1_576' title='bbox 1418 5039 1647 5095; x_wconf 82' lang='lat' dir='ltr'><strong><em>Abstine</em></strong></span> <span class='ocrx_word' id='word_1_577' title='bbox 1674 5043 1744 5107; x_wconf 86' lang='lat' dir='ltr'><strong><em>te,</em></strong></span> <span class='ocrx_word' id='word_1_578' title='bbox 1778 5040 1858 5095; x_wconf 90' lang='lat' dir='ltr'><strong><em>ait</em></strong></span> <span class='ocrx_word' id='word_1_579' title='bbox 1886 5041 1959 5095; x_wconf 91' lang='lat' dir='ltr'><strong><em>ad</em></strong></span> 
     </span>
    </p>
   </div>
   <div class='ocr_carea' id='block_1_84' title="bbox 310 5122 1962 5201">
    <p class='ocr_par' dir='ltr' id='par_1_84' title="bbox 310 5122 1962 5201">
     <span class='ocr_line' id='line_1_84' title="bbox 310 5122 1962 5201; baseline 0.004 -23"><span class='ocrx_word' id='word_1_580' title='bbox 310 5122 503 5194; x_wconf 88' lang='lat' dir='ltr'><strong><em>illum,</em></strong></span> <span class='ocrx_word' id='word_1_581' title='bbox 536 5141 570 5179; x_wconf 91' lang='lat' dir='ltr'><strong><em>a</em></strong></span> <span class='ocrx_word' id='word_1_582' title='bbox 599 5125 790 5180; x_wconf 77' lang='lat' dir='ltr'><strong><em>multis</em></strong></span> <span class='ocrx_word' id='word_1_583' title='bbox 820 5125 1125 5196; x_wconf 85' lang='lat' dir='ltr'><strong><em>negotiis,et</em></strong></span> <span class='ocrx_word' id='word_1_584' title='bbox 1143 5127 1288 5182; x_wconf 85' lang='lat' dir='ltr'><strong><em>nihil</em></strong></span> <span class='ocrx_word' id='word_1_585' title='bbox 1308 5127 1622 5199; x_wconf 86' lang='lat' dir='ltr'><strong><em>delinques;</em></strong></span> <span class='ocrx_word' id='word_1_586' title='bbox 1651 5145 1962 5201; x_wconf 82' lang='lat' dir='ltr'><strong><em>quicunque</em></strong></span> 
     </span>
    </p>
   </div>
   <div class='ocr_carea' id='block_1_85' title="bbox 308 5214 1959 5289">
    <p class='ocr_par' dir='ltr' id='par_1_85' title="bbox 308 5214 1959 5289">
     <span class='ocr_line' id='line_1_85' title="bbox 308 5214 1959 5289; baseline 0.004 -22"><span class='ocrx_word' id='word_1_587' title='bbox 308 5214 461 5268; x_wconf 87' lang='lat' dir='ltr'><strong><em>enim</em></strong></span> <span class='ocrx_word' id='word_1_588' title='bbox 489 5215 668 5269; x_wconf 89' lang='lat' dir='ltr'><strong><em>multa</em></strong></span> <span class='ocrx_word' id='word_1_589' title='bbox 690 5216 907 5286; x_wconf 87' lang='lat' dir='ltr'><strong><em>negotia</em></strong></span> <span class='ocrx_word' id='word_1_590' title='bbox 935 5225 1136 5284; x_wconf 88' lang='lat' dir='ltr'><strong><em>agunt,</em></strong></span> <span class='ocrx_word' id='word_1_591' title='bbox 1188 5218 1364 5271; x_wconf 86' lang='lat' dir='ltr'><strong><em>multa</em></strong></span> <span class='ocrx_word' id='word_1_592' title='bbox 1416 5217 1746 5289; x_wconf 88' lang='lat' dir='ltr'><strong><em>delinquunt</em></strong></span> <span class='ocrx_word' id='word_1_593' title='bbox 1772 5234 1793 5280; x_wconf 86' lang='lat'><strong><em>;</em></strong></span> <span class='ocrx_word' id='word_1_594' title='bbox 1825 5220 1959 5289; x_wconf 87' lang='lat' dir='ltr'><strong><em>quia</em></strong></span> 
     </span>
    </p>
   </div>
   <div class='ocr_carea' id='block_1_86' title="bbox 378 5409 1496 5482">
    <p class='ocr_par' dir='ltr' id='par_1_86' title="bbox 378 5409 1496 5482">
     <span class='ocr_line' id='line_1_86' title="bbox 378 5409 1496 5482; baseline 0.004 -17"><span class='ocrx_word' id='word_1_595' title='bbox 378 5411 496 5482; x_wconf 79' lang='grc'>(71)</span> <span class='ocrx_word' id='word_1_596' title='bbox 526 5411 722 5465; x_wconf 89' lang='lat' dir='ltr'><strong><em>Herm.</em></strong></span> <span class='ocrx_word' id='word_1_597' title='bbox 750 5416 927 5480; x_wconf 81' lang='lat' dir='ltr'><strong><em>Past.,</em></strong></span> <span class='ocrx_word' id='word_1_598' title='bbox 960 5409 1000 5465; x_wconf 95' lang='lat' dir='ltr'><strong><em>l.</em></strong></span> <span class='ocrx_word' id='word_1_599' title='bbox 1030 5427 1090 5465; x_wconf 77' lang='grc' dir='ltr'><strong><em>ιι.</em></strong></span> <span class='ocrx_word' id='word_1_600' title='bbox 1124 5413 1383 5468; x_wconf 90' lang='lat' dir='ltr'><strong><em>mandat.</em></strong></span> <span class='ocrx_word' id='word_1_601' title='bbox 1421 5431 1496 5469; x_wconf 86' lang='lat' dir='ltr'><strong><em>1x.</em></strong></span> 
     </span>
    </p>
   </div>
   <div class='ocr_carea' id='block_1_87' title="bbox 386 5480 1237 5550">
    <p class='ocr_par' dir='ltr' id='par_1_87' title="bbox 386 5480 1237 5550">
     <span class='ocr_line' id='line_1_87' title="bbox 386 5480 1237 5550; baseline 0.004 -15"><span class='ocrx_word' id='word_1_602' title='bbox 386 5480 500 5550; x_wconf 90' lang='lat'><strong><em>(72)</em></strong></span> <span class='ocrx_word' id='word_1_603' title='bbox 532 5482 713 5549; x_wconf 89' lang='lat' dir='ltr'><strong><em>Idem,</em></strong></span> <span class='ocrx_word' id='word_1_604' title='bbox 745 5482 782 5537; x_wconf 91' lang='grc' dir='ltr'><strong><em>Ι.</em></strong></span> <span class='ocrx_word' id='word_1_605' title='bbox 816 5500 878 5548; x_wconf 82' lang='lat' dir='ltr'><strong><em>Il,</em></strong></span> <span class='ocrx_word' id='word_1_606' title='bbox 906 5483 1104 5537; x_wconf 87' lang='lat' dir='ltr'><strong><em>mand.</em></strong></span> <span class='ocrx_word' id='word_1_607' title='bbox 1138 5499 1237 5539; x_wconf 81' lang='lat' dir='ltr'><strong><em>vn.</em></strong></span> 
     </span>
    </p>
   </div>
   <div class='ocr_carea' id='block_1_88' title="bbox 390 5552 404 5575">
    <p class='ocr_par' dir='ltr' id='par_1_88' title="bbox 390 5552 404 5575">
     <span class='ocr_line' id='line_1_88' title="bbox 390 5552 404 5575; baseline 0 0"><span class='ocrx_word' id='word_1_608' title='bbox 390 5552 404 5575; x_wconf 81' lang='grc' dir='ltr'><em>Ι</em></span> 
     </span>
    </p>
   </div>
   <div class='ocr_carea' id='block_1_89' title="bbox 408 5553 1213 5623">
    <p class='ocr_par' dir='ltr' id='par_1_89' title="bbox 408 5553 1213 5623">
     <span class='ocr_line' id='line_1_89' title="bbox 408 5553 1213 5623; baseline 0.007 -19"><span class='ocrx_word' id='word_1_609' title='bbox 408 5554 499 5622; x_wconf 88' lang='grc'>73)</span> <span class='ocrx_word' id='word_1_610' title='bbox 534 5553 714 5620; x_wconf 85' lang='lat' dir='ltr'><strong><em>Idem,</em></strong></span> <span class='ocrx_word' id='word_1_611' title='bbox 748 5554 785 5607; x_wconf 92' lang='lat'><strong><em>1.</em></strong></span> <span class='ocrx_word' id='word_1_612' title='bbox 821 5570 903 5623; x_wconf 87' lang='lat' dir='ltr'><strong><em>m,</em></strong></span> <span class='ocrx_word' id='word_1_613' title='bbox 936 5553 1113 5608; x_wconf 89' lang='lat' dir='ltr'><strong><em>simil.</em></strong></span> <span class='ocrx_word' id='word_1_614' title='bbox 1139 5571 1213 5610; x_wconf 85' lang='lat' dir='ltr'><strong><em>IV.</em></strong></span> 
     </span>
    </p>
   </div>
   <div class='ocr_carea' id='block_1_90' title="bbox 389 5588 1318 5769">
    <p class='ocr_par' dir='ltr' id='par_1_90' title="bbox 389 5588 1318 5769">
     <span class='ocr_line' id='line_1_90' title="bbox 389 5588 1318 5769; baseline 0.003 -91"><span class='ocrx_word' id='word_1_615' title='bbox 389 5588 502 5769; x_wconf 53' lang='lat' dir='ltr'><strong><em>(iii)</em></strong></span> <span class='ocrx_word' id='word_1_616' title='bbox 534 5588 717 5692; x_wconf 59' lang='lat' dir='ltr'><strong><em>i323}:</em></strong></span> <span class='ocrx_word' id='word_1_617' title='bbox 748 5588 789 5678; x_wconf 82' lang='lat' dir='ltr'><strong><em>i&#39;.</em></strong></span> <span class='ocrx_word' id='word_1_618' title='bbox 822 5588 908 5691; x_wconf 65' lang='lat' dir='ltr'><strong><em>illi</em></strong></span> <span class='ocrx_word' id='word_1_619' title='bbox 936 5588 1245 5681; x_wconf 67' lang='grc' dir='ltr'><strong><em>ἒέἰὲἱίίίιῖἀ.</em></strong></span> <span class='ocrx_word' id='word_1_620' title='bbox 1282 5645 1318 5681; x_wconf 82' lang='grc' dir='ltr'><strong><em>ι.</em></strong></span> 
     </span>
     <span class='ocr_line' id='line_1_91' title="bbox 410 5698 1318 5769; baseline 0.004 -19"><span class='ocrx_word' id='word_1_621' title='bbox 410 5698 481 5751; x_wconf 87' lang='grc'>75</span> <span class='ocrx_word' id='word_1_622' title='bbox 531 5698 638 5754; x_wconf 90' lang='lat' dir='ltr'><strong><em>Pro</em></strong></span> <span class='ocrx_word' id='word_1_623' title='bbox 668 5698 819 5768; x_wconf 84' lang='lat' dir='ltr'><strong><em>agris</em></strong></span> <span class='ocrx_word' id='word_1_624' title='bbox 870 5712 1017 5767; x_wconf 88' lang='lat' dir='ltr'><strong><em>ergo,</em></strong></span> <span class='ocrx_word' id='word_1_625' title='bbox 1048 5713 1177 5769; x_wconf 89' lang='lat' dir='ltr'><strong><em>quos</em></strong></span> <span class='ocrx_word' id='word_1_626' title='bbox 1227 5715 1318 5754; x_wconf 82' lang='lat' dir='ltr'><strong><em>em</em></strong></span> 
     </span>
    </p>
   </div>
   <div class='ocr_carea' id='block_1_91' title="bbox 410 5698 1958 5770">
    <p class='ocr_par' dir='ltr' id='par_1_91' title="bbox 410 5698 1958 5770">
     <span class='ocr_line' id='line_1_92' title="bbox 410 5698 1958 5770; baseline 0.005 -20"><span class='ocrx_word' id='word_1_627' title='bbox 410 5698 501 5769; x_wconf 86' lang='lat'><strong><em>75)</em></strong></span> <span class='ocrx_word' id='word_1_628' title='bbox 531 5698 638 5754; x_wconf 90' lang='lat' dir='ltr'><strong><em>Pro</em></strong></span> <span class='ocrx_word' id='word_1_629' title='bbox 668 5698 819 5768; x_wconf 86' lang='lat' dir='ltr'><strong><em>agris</em></strong></span> <span class='ocrx_word' id='word_1_630' title='bbox 870 5712 1017 5767; x_wconf 88' lang='lat' dir='ltr'><strong><em>ergo,</em></strong></span> <span class='ocrx_word' id='word_1_631' title='bbox 1048 5713 1177 5769; x_wconf 89' lang='lat' dir='ltr'><strong><em>quos</em></strong></span> <span class='ocrx_word' id='word_1_632' title='bbox 1227 5715 1409 5755; x_wconf 84' lang='lat' dir='ltr'><strong><em>emere</em></strong></span> <span class='ocrx_word' id='word_1_633' title='bbox 1451 5700 1760 5770; x_wconf 82' lang='lat' dir='ltr'><strong><em>volueritis,</em></strong></span> <span class='ocrx_word' id='word_1_634' title='bbox 1810 5700 1958 5757; x_wconf 87' lang='lat' dir='ltr'><strong><em>redi-</em></strong></span> 
     </span>
    </p>
   </div>
   <div class='ocr_carea' id='block_1_92' title="bbox 2082 3342 3725 3415">
    <p class='ocr_par' dir='ltr' id='par_1_92' title="bbox 2082 3342 3725 3415">
     <span class='ocr_line' id='line_1_93' title="bbox 2082 3342 3725 3415; baseline -0.006 -9"><span class='ocrx_word' id='word_1_635' title='bbox 2082 3350 2270 3406; x_wconf 73' lang='lat' dir='ltr'><strong><em>aetatis</em></strong></span> <span class='ocrx_word' id='word_1_636' title='bbox 2300 3351 2762 3406; x_wconf 88' lang='lat' dir='ltr'><strong><em>Christianorum</em></strong></span> <span class='ocrx_word' id='word_1_637' title='bbox 2798 3365 2997 3413; x_wconf 88' lang='lat' dir='ltr'><strong><em>sensu,</em></strong></span> <span class='ocrx_word' id='word_1_638' title='bbox 3030 3362 3298 3402; x_wconf 91' lang='lat' dir='ltr'><strong><em>sermone</em></strong></span> <span class='ocrx_word' id='word_1_639' title='bbox 3329 3348 3387 3399; x_wconf 87' lang='lat' dir='ltr'><strong><em>et</em></strong></span> <span class='ocrx_word' id='word_1_640' title='bbox 3417 3342 3598 3415; x_wconf 84' lang='lat' dir='ltr'><strong><em>praxi,</em></strong></span> <span class='ocrx_word' id='word_1_641' title='bbox 3623 3342 3725 3397; x_wconf 89' lang='lat' dir='ltr'><strong><em>sed</em></strong></span> 
     </span>
    </p>
   </div>
   <div class='ocr_carea' id='block_1_93' title="bbox 2081 3430 3724 3505">
    <p class='ocr_par' dir='ltr' id='par_1_93' title="bbox 2081 3430 3724 3505">
     <span class='ocr_line' id='line_1_94' title="bbox 2081 3430 3724 3505; baseline -0.005 -10"><span class='ocrx_word' id='word_1_642' title='bbox 2081 3457 2197 3495; x_wconf 93' lang='lat' dir='ltr'><strong><em>non</em></strong></span> <span class='ocrx_word' id='word_1_643' title='bbox 2228 3441 2357 3496; x_wconf 90' lang='lat' dir='ltr'><strong><em>ideo</em></strong></span> <span class='ocrx_word' id='word_1_644' title='bbox 2389 3440 2584 3494; x_wconf 91' lang='lat' dir='ltr'><strong><em>minus</em></strong></span> <span class='ocrx_word' id='word_1_645' title='bbox 2616 3444 2793 3505; x_wconf 90' lang='lat' dir='ltr'><strong><em>recta,</em></strong></span> <span class='ocrx_word' id='word_1_646' title='bbox 2821 3437 3017 3492; x_wconf 91' lang='lat' dir='ltr'><strong><em>minus</em></strong></span> <span class='ocrx_word' id='word_1_647' title='bbox 3046 3432 3463 3501; x_wconf 90' lang='lat' dir='ltr'><strong><em>valida,minus</em></strong></span> <span class='ocrx_word' id='word_1_648' title='bbox 3493 3430 3724 3486; x_wconf 89' lang='lat' dir='ltr'><strong><em>conclu-</em></strong></span> 
     </span>
    </p>
   </div>
   <div class='ocr_carea' id='block_1_94' title="bbox 2080 3529 2245 3584">
    <p class='ocr_par' dir='ltr' id='par_1_94' title="bbox 2080 3529 2245 3584">
     <span class='ocr_line' id='line_1_95' title="bbox 2080 3529 2245 3584; baseline 0 -1"><span class='ocrx_word' id='word_1_649' title='bbox 2080 3529 2245 3584; x_wconf 90' lang='lat' dir='ltr'><strong><em>dens.</em></strong></span> 
     </span>
    </p>
   </div>
   <div class='ocr_carea' id='block_1_95' title="bbox 2147 3609 3720 3689">
    <p class='ocr_par' dir='ltr' id='par_1_95' title="bbox 2147 3609 3720 3689">
     <span class='ocr_line' id='line_1_96' title="bbox 2147 3609 3720 3689; baseline -0.004 -18"><span class='ocrx_word' id='word_1_650' title='bbox 2147 3616 2290 3672; x_wconf 87' lang='lat' dir='ltr'><strong><em>Vult</em></strong></span> <span class='ocrx_word' id='word_1_651' title='bbox 2322 3617 2503 3689; x_wconf 88' lang='lat' dir='ltr'><strong><em>igitur</em></strong></span> <span class='ocrx_word' id='word_1_652' title='bbox 2524 3615 2764 3689; x_wconf 88' lang='lat' dir='ltr'><strong><em>angelus</em></strong></span> <span class='ocrx_word' id='word_1_653' title='bbox 2795 3615 2905 3669; x_wconf 89' lang='lat' dir='ltr'><strong><em>iste</em></strong></span> <span class='ocrx_word' id='word_1_654' title='bbox 2917 3613 3071 3685; x_wconf 91' lang='lat' dir='ltr'><strong><em>quod</em></strong></span> <span class='ocrx_word' id='word_1_655' title='bbox 3087 3609 3517 3680; x_wconf 88' lang='lat' dir='ltr'><strong><em>Christianipro</em></strong></span> <span class='ocrx_word' id='word_1_656' title='bbox 3540 3609 3720 3681; x_wconf 90' lang='lat' dir='ltr'><strong><em>agris,</em></strong></span> 
     </span>
    </p>
   </div>
   <div class='ocr_carea' id='block_1_96' title="bbox 2075 3698 3720 3778">
    <p class='ocr_par' dir='ltr' id='par_1_96' title="bbox 2075 3698 3720 3778">
     <span class='ocr_line' id='line_1_97' title="bbox 2075 3698 3720 3778; baseline -0.006 -15"><span class='ocrx_word' id='word_1_657' title='bbox 2075 3724 2223 3778; x_wconf 90' lang='lat' dir='ltr'><strong><em>quos</em></strong></span> <span class='ocrx_word' id='word_1_658' title='bbox 2256 3722 2449 3762; x_wconf 84' lang='lat' dir='ltr'><strong><em>emere</em></strong></span> <span class='ocrx_word' id='word_1_659' title='bbox 2477 3705 2707 3771; x_wconf 88' lang='lat' dir='ltr'><strong><em>volunt,</em></strong></span> <span class='ocrx_word' id='word_1_660' title='bbox 2741 3721 2843 3776; x_wconf 91' lang='lat' dir='ltr'><strong><em>pro</em></strong></span> <span class='ocrx_word' id='word_1_661' title='bbox 2875 3700 3111 3775; x_wconf 86' lang='lat' dir='ltr'><strong><em>palatiis</em></strong></span> <span class='ocrx_word' id='word_1_662' title='bbox 3142 3698 3720 3769; x_wconf 82' lang='lat' dir='ltr'><strong><em>domibusque,quas</em></strong></span> 
     </span>
    </p>
   </div>
   <div class='ocr_carea' id='block_1_97' title="bbox 2074 3787 3718 3864">
    <p class='ocr_par' dir='ltr' id='par_1_97' title="bbox 2074 3787 3718 3864">
     <span class='ocr_line' id='line_1_98' title="bbox 2074 3787 3718 3864; baseline -0.005 -14"><span class='ocrx_word' id='word_1_663' title='bbox 2074 3796 2276 3852; x_wconf 90' lang='lat' dir='ltr'><strong><em>volunt</em></strong></span> <span class='ocrx_word' id='word_1_664' title='bbox 2304 3796 2611 3864; x_wconf 67' lang='lat' dir='ltr'><strong><em>aadiﬁcare,</em></strong></span> <span class='ocrx_word' id='word_1_665' title='bbox 2649 3810 2787 3848; x_wconf 88' lang='lat' dir='ltr'><strong><em>suas</em></strong></span> <span class='ocrx_word' id='word_1_666' title='bbox 2817 3808 2955 3863; x_wconf 89' lang='lat' dir='ltr'><strong><em>opes</em></strong></span> <span class='ocrx_word' id='word_1_667' title='bbox 2982 3790 3287 3844; x_wconf 88' lang='lat' dir='ltr'><strong><em>insumant</em></strong></span> <span class='ocrx_word' id='word_1_668' title='bbox 3316 3787 3376 3841; x_wconf 92' lang='lat' dir='ltr'><strong><em>in</em></strong></span> <span class='ocrx_word' id='word_1_669' title='bbox 3407 3787 3718 3858; x_wconf 88' lang='lat' dir='ltr'><strong><em>erogandis</em></strong></span> 
     </span>
    </p>
   </div>
   <div class='ocr_carea' id='block_1_98' title="bbox 2075 3874 3727 3956">
    <p class='ocr_par' dir='ltr' id='par_1_98' title="bbox 2075 3874 3727 3956">
     <span class='ocr_line' id='line_1_99' title="bbox 2075 3874 3727 3956; baseline -0.005 -16"><span class='ocrx_word' id='word_1_670' title='bbox 2075 3884 2481 3956; x_wconf 83' lang='lat' dir='ltr'><strong><em>eleemosynis,</em></strong></span> <span class='ocrx_word' id='word_1_671' title='bbox 2512 3887 2570 3938; x_wconf 87' lang='lat' dir='ltr'><strong><em>et</em></strong></span> <span class='ocrx_word' id='word_1_672' title='bbox 2596 3882 2657 3937; x_wconf 90' lang='lat' dir='ltr'><strong><em>in</em></strong></span> <span class='ocrx_word' id='word_1_673' title='bbox 2691 3882 2878 3937; x_wconf 85' lang='lat' dir='ltr'><strong><em>viduis</em></strong></span> <span class='ocrx_word' id='word_1_674' title='bbox 2907 3896 2972 3936; x_wconf 92' lang='lat' dir='ltr'><strong><em>ac</em></strong></span> <span class='ocrx_word' id='word_1_675' title='bbox 3023 3876 3303 3950; x_wconf 90' lang='lat' dir='ltr'><strong><em>orphanis</em></strong></span> <span class='ocrx_word' id='word_1_676' title='bbox 3352 3874 3727 3932; x_wconf 87' lang='lat' dir='ltr'><strong><em>sublevandis</em></strong></span> 
     </span>
    </p>
   </div>
   <div class='ocr_carea' id='block_1_99' title="bbox 2076 3963 3723 4043">
    <p class='ocr_par' dir='ltr' id='par_1_99' title="bbox 2076 3963 3723 4043">
     <span class='ocr_line' id='line_1_100' title="bbox 2076 3963 3723 4043; baseline -0.005 -17"><span class='ocrx_word' id='word_1_677' title='bbox 2076 3973 2133 4027; x_wconf 91' lang='lat' dir='ltr'><strong><em>in</em></strong></span> <span class='ocrx_word' id='word_1_678' title='bbox 2164 3973 2271 4028; x_wconf 86' lang='lat' dir='ltr'><strong><em>hos</em></strong></span> <span class='ocrx_word' id='word_1_679' title='bbox 2297 3974 2631 4043; x_wconf 84' lang='lat' dir='ltr'><strong><em>usus,juxta</em></strong></span> <span class='ocrx_word' id='word_1_680' title='bbox 2654 3975 2953 4026; x_wconf 86' lang='lat' dir='ltr'><strong><em>Pastorem</em></strong></span> <span class='ocrx_word' id='word_1_681' title='bbox 2972 3968 3083 4040; x_wconf 85' lang='lat'><strong><em>(75)</em></strong></span> <span class='ocrx_word' id='word_1_682' title='bbox 3108 3982 3174 4021; x_wconf 88' lang='lat' dir='ltr'><strong><em>ac</em></strong></span> <span class='ocrx_word' id='word_1_683' title='bbox 3194 3964 3511 4020; x_wconf 88' lang='lat' dir='ltr'><strong><em>Veritatem</em></strong></span> <span class='ocrx_word' id='word_1_684' title='bbox 3531 3963 3723 4036; x_wconf 88' lang='lat' dir='ltr'><strong><em>ipsam</em></strong></span> 
     </span>
    </p>
   </div>
   <div class='ocr_carea' id='block_1_100' title="bbox 2074 4058 3157 4134">
    <p class='ocr_par' dir='ltr' id='par_1_100' title="bbox 2074 4058 3157 4134">
     <span class='ocr_line' id='line_1_101' title="bbox 2074 4058 3157 4134; baseline -0.006 -18"><span class='ocrx_word' id='word_1_685' title='bbox 2074 4061 2419 4134; x_wconf 90' lang='lat' dir='ltr'><strong><em>temporalia</em></strong></span> <span class='ocrx_word' id='word_1_686' title='bbox 2450 4063 2602 4116; x_wconf 90' lang='lat' dir='ltr'><strong><em>bona</em></strong></span> <span class='ocrx_word' id='word_1_687' title='bbox 2631 4059 2891 4132; x_wconf 89' lang='lat' dir='ltr'><strong><em>impendi</em></strong></span> <span class='ocrx_word' id='word_1_688' title='bbox 2925 4058 3157 4113; x_wconf 90' lang='lat' dir='ltr'><strong><em>debent.</em></strong></span> 
     </span>
    </p>
   </div>
   <div class='ocr_carea' id='block_1_101' title="bbox 2146 4142 3722 4222">
    <p class='ocr_par' dir='ltr' id='par_1_101' title="bbox 2146 4142 3722 4222">
     <span class='ocr_line' id='line_1_102' title="bbox 2146 4142 3722 4222; baseline -0.005 -17"><span class='ocrx_word' id='word_1_689' title='bbox 2146 4152 2349 4207; x_wconf 88' lang='lat' dir='ltr'><strong><em>Pastor</em></strong></span> <span class='ocrx_word' id='word_1_690' title='bbox 2379 4166 2557 4222; x_wconf 90' lang='lat' dir='ltr'><strong><em>super</em></strong></span> <span class='ocrx_word' id='word_1_691' title='bbox 2609 4148 2976 4221; x_wconf 88' lang='lat' dir='ltr'><strong><em>patientiam,</em></strong></span> <span class='ocrx_word' id='word_1_692' title='bbox 3028 4149 3086 4201; x_wconf 90' lang='lat' dir='ltr'><strong><em>et</em></strong></span> <span class='ocrx_word' id='word_1_693' title='bbox 3132 4142 3335 4198; x_wconf 89' lang='lat' dir='ltr'><strong><em>vitium</em></strong></span> <span class='ocrx_word' id='word_1_694' title='bbox 3386 4142 3722 4214; x_wconf 88' lang='lat' dir='ltr'><strong><em>oppositum</em></strong></span> 
     </span>
    </p>
   </div>
   <div class='ocr_carea' id='block_1_102' title="bbox 2074 4230 3716 4303">
    <p class='ocr_par' dir='ltr' id='par_1_102' title="bbox 2074 4230 3716 4303">
     <span class='ocr_line' id='line_1_103' title="bbox 2074 4230 3716 4303; baseline -0.008 -8"><span class='ocrx_word' id='word_1_695' title='bbox 2074 4256 2172 4295; x_wconf 92' lang='lat' dir='ltr'><strong><em>eas</em></strong></span> <span class='ocrx_word' id='word_1_696' title='bbox 2204 4240 2374 4295; x_wconf 90' lang='lat' dir='ltr'><strong><em>nobis</em></strong></span> <span class='ocrx_word' id='word_1_697' title='bbox 2407 4240 2802 4294; x_wconf 88' lang='lat' dir='ltr'><strong><em>communicat</em></strong></span> <span class='ocrx_word' id='word_1_698' title='bbox 2849 4234 3274 4299; x_wconf 88' lang='lat' dir='ltr'><strong><em>institutiones,</em></strong></span> <span class='ocrx_word' id='word_1_699' title='bbox 3325 4248 3448 4301; x_wconf 67' lang='lat' dir='ltr'><strong><em>quae</em></strong></span> <span class='ocrx_word' id='word_1_700' title='bbox 3502 4230 3716 4303; x_wconf 85' lang='lat' dir='ltr'><strong><em>negligi</em></strong></span> 
     </span>
    </p>
   </div>
   <div class='ocr_carea' id='block_1_103' title="bbox 2072 4319 3721 4399">
    <p class='ocr_par' dir='ltr' id='par_1_103' title="bbox 2072 4319 3721 4399">
     <span class='ocr_line' id='line_1_104' title="bbox 2072 4319 3721 4399; baseline -0.006 -16"><span class='ocrx_word' id='word_1_701' title='bbox 2072 4328 2528 4399; x_wconf 80' lang='lat' dir='ltr'><strong><em>haudquaquam</em></strong></span> <span class='ocrx_word' id='word_1_702' title='bbox 2560 4331 2828 4398; x_wconf 89' lang='lat' dir='ltr'><strong><em>possunt.</em></strong></span> <span class='ocrx_word' id='word_1_703' title='bbox 2877 4325 2958 4379; x_wconf 94' lang='lat' dir='ltr'><strong><em>De</em></strong></span> <span class='ocrx_word' id='word_1_704' title='bbox 3010 4321 3291 4395; x_wconf 85' lang='lat' dir='ltr'><strong><em>patientia</em></strong></span> <span class='ocrx_word' id='word_1_705' title='bbox 3332 4319 3532 4387; x_wconf 90' lang='lat' dir='ltr'><strong><em>tradit,</em></strong></span> <span class='ocrx_word' id='word_1_706' title='bbox 3565 4319 3721 4390; x_wconf 92' lang='lat' dir='ltr'><strong><em>quod</em></strong></span> 
     </span>
    </p>
   </div>
   <div class='ocr_carea' id='block_1_104' title="bbox 2072 4408 3720 4488">
    <p class='ocr_par' dir='ltr' id='par_1_104' title="bbox 2072 4408 3720 4488">
     <span class='ocr_line' id='line_1_105' title="bbox 2072 4408 3720 4488; baseline -0.006 -16"><span class='ocrx_word' id='word_1_707' title='bbox 2072 4416 2247 4472; x_wconf 92' lang='lat' dir='ltr'><strong><em>homo</em></strong></span> <span class='ocrx_word' id='word_1_708' title='bbox 2279 4433 2382 4488; x_wconf 92' lang='lat' dir='ltr'><strong><em>per</em></strong></span> <span class='ocrx_word' id='word_1_709' title='bbox 2411 4416 2750 4487; x_wconf 90' lang='lat' dir='ltr'><strong><em>patientiam</em></strong></span> <span class='ocrx_word' id='word_1_710' title='bbox 2775 4414 3037 4470; x_wconf 90' lang='lat' dir='ltr'><strong><em>omnium</em></strong></span> <span class='ocrx_word' id='word_1_711' title='bbox 3060 4426 3302 4481; x_wconf 89' lang='lat' dir='ltr'><strong><em>operum</em></strong></span> <span class='ocrx_word' id='word_1_712' title='bbox 3324 4408 3720 4479; x_wconf 87' lang='lat' dir='ltr'><strong><em>nequissimo-</em></strong></span> 
     </span>
    </p>
   </div>
   <div class='ocr_carea' id='block_1_105' title="bbox 2072 4496 3719 4570">
    <p class='ocr_par' dir='ltr' id='par_1_105' title="bbox 2072 4496 3719 4570">
     <span class='ocr_line' id='line_1_106' title="bbox 2072 4496 3719 4570; baseline -0.006 -10"><span class='ocrx_word' id='word_1_713' title='bbox 2072 4522 2202 4560; x_wconf 91' lang='lat' dir='ltr'><strong><em>rum</em></strong></span> <span class='ocrx_word' id='word_1_714' title='bbox 2236 4505 2412 4560; x_wconf 89' lang='lat' dir='ltr'><strong><em>etiam</em></strong></span> <span class='ocrx_word' id='word_1_715' title='bbox 2445 4506 2801 4570; x_wconf 88' lang='lat' dir='ltr'><strong><em>dominatur,</em></strong></span> <span class='ocrx_word' id='word_1_716' title='bbox 2835 4501 3119 4569; x_wconf 89' lang='lat' dir='ltr'><strong><em>videlicet,</em></strong></span> <span class='ocrx_word' id='word_1_717' title='bbox 3152 4496 3307 4568; x_wconf 91' lang='lat' dir='ltr'><strong><em>quod</em></strong></span> <span class='ocrx_word' id='word_1_718' title='bbox 3339 4496 3409 4552; x_wconf 88' lang='lat' dir='ltr'><strong><em>ab</em></strong></span> <span class='ocrx_word' id='word_1_719' title='bbox 3439 4496 3598 4551; x_wconf 92' lang='lat' dir='ltr'><strong><em>hisce</em></strong></span> <span class='ocrx_word' id='word_1_720' title='bbox 3620 4512 3719 4567; x_wconf 88' lang='lat' dir='ltr'><strong><em>pa-</em></strong></span> 
     </span>
    </p>
   </div>
   <div class='ocr_carea' id='block_1_106' title="bbox 1991 4586 3717 4680">
    <p class='ocr_par' dir='ltr' id='par_1_106' title="bbox 1991 4586 3717 4680">
     <span class='ocr_line' id='line_1_107' title="bbox 1991 4586 3717 4680; baseline -0.007 -30"><span class='ocrx_word' id='word_1_721' title='bbox 1991 4616 2036 4680; x_wconf 69' lang='grc' dir='ltr'>Ι)</span> <span class='ocrx_word' id='word_1_722' title='bbox 2069 4594 2277 4649; x_wconf 88' lang='lat' dir='ltr'><strong><em>tientia</em></strong></span> <span class='ocrx_word' id='word_1_723' title='bbox 2305 4594 2605 4649; x_wconf 90' lang='lat' dir='ltr'><strong><em>hominem</em></strong></span> <span class='ocrx_word' id='word_1_724' title='bbox 2639 4592 2864 4658; x_wconf 83' lang='lat' dir='ltr'><strong><em>avertit,</em></strong></span> <span class='ocrx_word' id='word_1_725' title='bbox 2898 4589 3051 4662; x_wconf 90' lang='lat' dir='ltr'><strong><em>quod</em></strong></span> <span class='ocrx_word' id='word_1_726' title='bbox 3084 4586 3372 4680; x_wconf 81' lang='lat' dir='ltr'><strong><em>patientes</em></strong></span> <span class='ocrx_word' id='word_1_727' title='bbox 3402 4589 3717 4680; x_wconf 79' lang='lat' dir='ltr'><strong><em>operantur</em></strong></span> 
     </span>
    </p>
   </div>
   <div class='ocr_carea' id='block_1_107' title="bbox 2068 4673 3717 4754">
    <p class='ocr_par' dir='ltr' id='par_1_107' title="bbox 2068 4673 3717 4754">
     <span class='ocr_line' id='line_1_108' title="bbox 2068 4673 3717 4754; baseline -0.005 -16"><span class='ocrx_word' id='word_1_728' title='bbox 2068 4684 2334 4754; x_wconf 86' lang='lat' dir='ltr'><strong><em>omnemj</em></strong></span> <span class='ocrx_word' id='word_1_729' title='bbox 2347 4680 2889 4752; x_wconf 87' lang='lat' dir='ltr'><strong><em>ustitiam,Spiritus</em></strong></span> <span class='ocrx_word' id='word_1_730' title='bbox 2905 4682 3146 4734; x_wconf 88' lang='lat' dir='ltr'><strong><em>sanctus</em></strong></span> <span class='ocrx_word' id='word_1_731' title='bbox 3169 4675 3226 4730; x_wconf 91' lang='lat' dir='ltr'><strong><em>in</em></strong></span> <span class='ocrx_word' id='word_1_732' title='bbox 3243 4679 3389 4751; x_wconf 89' lang='lat' dir='ltr'><strong><em>ipsis</em></strong></span> <span class='ocrx_word' id='word_1_733' title='bbox 3419 4674 3643 4731; x_wconf 87' lang='lat' dir='ltr'><strong><em>habitat</em></strong></span> <span class='ocrx_word' id='word_1_734' title='bbox 3656 4673 3717 4729; x_wconf 90' lang='lat' dir='ltr'><strong><em>in</em></strong></span> 
     </span>
    </p>
   </div>
   <div class='ocr_carea' id='block_1_108' title="bbox 2069 4762 3721 4844">
    <p class='ocr_par' dir='ltr' id='par_1_108' title="bbox 2069 4762 3721 4844">
     <span class='ocr_line' id='line_1_109' title="bbox 2069 4762 3721 4844; baseline -0.007 -17"><span class='ocrx_word' id='word_1_735' title='bbox 2069 4789 2211 4844; x_wconf 90' lang='lat' dir='ltr'><strong><em>pace</em></strong></span> <span class='ocrx_word' id='word_1_736' title='bbox 2242 4787 2490 4843; x_wconf 88' lang='lat' dir='ltr'><strong><em>magna;</em></strong></span> <span class='ocrx_word' id='word_1_737' title='bbox 2523 4770 2675 4841; x_wconf 92' lang='lat' dir='ltr'><strong><em>quod</em></strong></span> <span class='ocrx_word' id='word_1_738' title='bbox 2706 4768 2892 4825; x_wconf 89' lang='lat' dir='ltr'><strong><em>virtus</em></strong></span> <span class='ocrx_word' id='word_1_739' title='bbox 2908 4770 3027 4824; x_wconf 64' lang='lat' dir='ltr'><strong><em>haec</em></strong></span> <span class='ocrx_word' id='word_1_740' title='bbox 3060 4775 3149 4825; x_wconf 88' lang='lat' dir='ltr'><strong><em>est</em></strong></span> <span class='ocrx_word' id='word_1_741' title='bbox 3167 4768 3444 4835; x_wconf 89' lang='lat' dir='ltr'><strong><em>valida,et</em></strong></span> <span class='ocrx_word' id='word_1_742' title='bbox 3472 4762 3638 4819; x_wconf 84' lang='lat' dir='ltr'><strong><em>fortis</em></strong></span> <span class='ocrx_word' id='word_1_743' title='bbox 3660 4767 3721 4817; x_wconf 89' lang='lat' dir='ltr'><strong><em>et</em></strong></span> 
     </span>
    </p>
   </div>
   <div class='ocr_carea' id='block_1_109' title="bbox 2070 4852 3714 4930">
    <p class='ocr_par' dir='ltr' id='par_1_109' title="bbox 2070 4852 3714 4930">
     <span class='ocr_line' id='line_1_110' title="bbox 2070 4852 3714 4930; baseline -0.006 -16"><span class='ocrx_word' id='word_1_744' title='bbox 2070 4861 2247 4916; x_wconf 92' lang='lat' dir='ltr'><strong><em>habet</em></strong></span> <span class='ocrx_word' id='word_1_745' title='bbox 2277 4861 2551 4913; x_wconf 88' lang='lat' dir='ltr'><strong><em>virtutem</em></strong></span> <span class='ocrx_word' id='word_1_746' title='bbox 2585 4874 2881 4930; x_wconf 89' lang='lat' dir='ltr'><strong><em>magnam,</em></strong></span> <span class='ocrx_word' id='word_1_747' title='bbox 2916 4862 2973 4913; x_wconf 85' lang='lat' dir='ltr'><strong><em>et</em></strong></span> <span class='ocrx_word' id='word_1_748' title='bbox 3002 4858 3349 4914; x_wconf 80' lang='lat' dir='ltr'><strong><em>honorificat</em></strong></span> <span class='ocrx_word' id='word_1_749' title='bbox 3398 4852 3714 4911; x_wconf 90' lang='lat' dir='ltr'><strong><em>Dominum</em></strong></span> 
     </span>
    </p>
   </div>
   <div class='ocr_carea' id='block_1_110' title="bbox 2070 4945 3711 5019">
    <p class='ocr_par' dir='ltr' id='par_1_110' title="bbox 2070 4945 3711 5019">
     <span class='ocr_line' id='line_1_111' title="bbox 2070 4945 3711 5019; baseline -0.005 -16"><span class='ocrx_word' id='word_1_750' title='bbox 2070 4949 2126 5003; x_wconf 89' lang='lat' dir='ltr'><strong><em>in</em></strong></span> <span class='ocrx_word' id='word_1_751' title='bbox 2160 4948 2319 5004; x_wconf 89' lang='lat' dir='ltr'><strong><em>omni</em></strong></span> <span class='ocrx_word' id='word_1_752' title='bbox 2352 4953 2614 5019; x_wconf 88' lang='lat' dir='ltr'><strong><em>tempore</em></strong></span> <span class='ocrx_word' id='word_1_753' title='bbox 2646 4972 2661 5013; x_wconf 87' lang='lat'><strong>;</strong></span> <span class='ocrx_word' id='word_1_754' title='bbox 2694 4964 2810 5002; x_wconf 92' lang='lat' dir='ltr'><strong><em>uno</em></strong></span> <span class='ocrx_word' id='word_1_755' title='bbox 2852 4948 3047 5015; x_wconf 86' lang='lat' dir='ltr'><strong><em>verbo,</em></strong></span> <span class='ocrx_word' id='word_1_756' title='bbox 3101 4948 3257 5019; x_wconf 91' lang='lat' dir='ltr'><strong><em>quod</em></strong></span> <span class='ocrx_word' id='word_1_757' title='bbox 3303 4945 3403 5018; x_wconf 89' lang='lat' dir='ltr'><strong><em>qui</em></strong></span> <span class='ocrx_word' id='word_1_758' title='bbox 3450 4958 3582 4998; x_wconf 90' lang='lat' dir='ltr'><strong><em>vere</em></strong></span> <span class='ocrx_word' id='word_1_759' title='bbox 3610 4956 3711 5012; x_wconf 90' lang='lat' dir='ltr'><strong><em>pa-</em></strong></span> 
     </span>
    </p>
   </div>
   <div class='ocr_carea' id='block_1_111' title="bbox 2069 5034 3558 5104">
    <p class='ocr_par' dir='ltr' id='par_1_111' title="bbox 2069 5034 3558 5104">
     <span class='ocr_line' id='line_1_112' title="bbox 2069 5034 3558 5104; baseline -0.005 -11"><span class='ocrx_word' id='word_1_760' title='bbox 2069 5038 2279 5093; x_wconf 90' lang='lat' dir='ltr'><strong><em>tientes</em></strong></span> <span class='ocrx_word' id='word_1_761' title='bbox 2312 5040 2470 5104; x_wconf 90' lang='lat' dir='ltr'><strong><em>sunt,</em></strong></span> <span class='ocrx_word' id='word_1_762' title='bbox 2498 5035 2669 5091; x_wconf 80' lang='lat' dir='ltr'><strong><em>facile</em></strong></span> <span class='ocrx_word' id='word_1_763' title='bbox 2699 5036 3008 5091; x_wconf 89' lang='lat' dir='ltr'><strong><em>observant</em></strong></span> <span class='ocrx_word' id='word_1_764' title='bbox 3036 5037 3235 5092; x_wconf 90' lang='lat' dir='ltr'><strong><em>omnia</em></strong></span> <span class='ocrx_word' id='word_1_765' title='bbox 3265 5034 3558 5091; x_wconf 89' lang='lat' dir='ltr'><strong><em>mandata.</em></strong></span> 
     </span>
    </p>
   </div>
   <div class='ocr_carea' id='block_1_112' title="bbox 2139 5118 3715 5199">
    <p class='ocr_par' dir='ltr' id='par_1_112' title="bbox 2139 5118 3715 5199">
     <span class='ocr_line' id='line_1_113' title="bbox 2139 5118 3715 5199; baseline -0.006 -18"><span class='ocrx_word' id='word_1_766' title='bbox 2139 5128 2253 5199; x_wconf 83' lang='lat'><strong><em>(76)</em></strong></span> <span class='ocrx_word' id='word_1_767' title='bbox 2282 5126 2479 5192; x_wconf 90' lang='lat' dir='ltr'><strong><em>Quoad</em></strong></span> <span class='ocrx_word' id='word_1_768' title='bbox 2506 5126 2871 5181; x_wconf 89' lang='lat' dir='ltr'><strong><em>iracundiam</em></strong></span> <span class='ocrx_word' id='word_1_769' title='bbox 2901 5143 3033 5181; x_wconf 92' lang='lat' dir='ltr'><strong><em>vero</em></strong></span> <span class='ocrx_word' id='word_1_770' title='bbox 3066 5124 3413 5197; x_wconf 89' lang='lat' dir='ltr'><strong><em>docet,quod</em></strong></span> <span class='ocrx_word' id='word_1_771' title='bbox 3444 5123 3573 5194; x_wconf 86' lang='lat' dir='ltr'><strong><em>ipsa</em></strong></span> <span class='ocrx_word' id='word_1_772' title='bbox 3593 5118 3715 5191; x_wconf 91' lang='lat' dir='ltr'><strong><em>Spi-</em></strong></span> 
     </span>
    </p>
   </div>
   <div class='ocr_carea' id='block_1_113' title="bbox 2070 5207 3708 5286">
    <p class='ocr_par' dir='ltr' id='par_1_113' title="bbox 2070 5207 3708 5286">
     <span class='ocr_line' id='line_1_114' title="bbox 2070 5207 3708 5286; baseline -0.007 -15"><span class='ocrx_word' id='word_1_773' title='bbox 2070 5217 2249 5272; x_wconf 87' lang='lat' dir='ltr'><strong><em>ritum</em></strong></span> <span class='ocrx_word' id='word_1_774' title='bbox 2283 5221 2552 5271; x_wconf 82' lang='lat' dir='ltr'><strong><em>sanclum</em></strong></span> <span class='ocrx_word' id='word_1_775' title='bbox 2585 5214 3009 5281; x_wconf 86' lang='lat' dir='ltr'><strong><em>constristat,et</em></strong></span> <span class='ocrx_word' id='word_1_776' title='bbox 3024 5216 3194 5270; x_wconf 87' lang='lat' dir='ltr'><strong><em>corde</em></strong></span> <span class='ocrx_word' id='word_1_777' title='bbox 3224 5207 3708 5286; x_wconf 87' lang='lat' dir='ltr'><strong><em>expellit,malum</em></strong></span> 
     </span>
    </p>
   </div>
   <div class='ocr_carea' id='block_1_114' title="bbox 2069 5407 3707 5480">
    <p class='ocr_par' dir='ltr' id='par_1_114' title="bbox 2069 5407 3707 5480">
     <span class='ocr_line' id='line_1_115' title="bbox 2069 5407 3707 5480; baseline -0.009 -11"><span class='ocrx_word' id='word_1_778' title='bbox 2069 5415 2209 5469; x_wconf 88' lang='lat' dir='ltr'><strong><em>mite</em></strong></span> <span class='ocrx_word' id='word_1_779' title='bbox 2233 5412 2453 5468; x_wconf 87' lang='lat' dir='ltr'><strong><em>animas</em></strong></span> <span class='ocrx_word' id='word_1_780' title='bbox 2481 5409 2547 5465; x_wconf 87' lang='lat' dir='ltr'><strong><em>de</em></strong></span> <span class='ocrx_word' id='word_1_781' title='bbox 2572 5410 3010 5473; x_wconf 80' lang='lat' dir='ltr'><strong><em>necessitatibus,</em></strong></span> <span class='ocrx_word' id='word_1_782' title='bbox 3036 5413 3200 5480; x_wconf 85' lang='lat' dir='ltr'><strong><em>prout</em></strong></span> <span class='ocrx_word' id='word_1_783' title='bbox 3230 5410 3457 5479; x_wconf 88' lang='lat' dir='ltr'><strong><em>quisque</em></strong></span> <span class='ocrx_word' id='word_1_784' title='bbox 3482 5407 3658 5474; x_wconf 86' lang='lat' dir='ltr'><strong><em>potest</em></strong></span> <span class='ocrx_word' id='word_1_785' title='bbox 3685 5418 3707 5463; x_wconf 85' lang='lat'><strong><em>;</em></strong></span> 
     </span>
    </p>
   </div>
   <div class='ocr_carea' id='block_1_115' title="bbox 2069 5481 3709 5556">
    <p class='ocr_par' dir='ltr' id='par_1_115' title="bbox 2069 5481 3709 5556">
     <span class='ocr_line' id='line_1_116' title="bbox 2069 5481 3709 5556; baseline -0.009 -16"><span class='ocrx_word' id='word_1_786' title='bbox 2069 5492 2122 5541; x_wconf 88' lang='lat' dir='ltr'><strong><em>et</em></strong></span> <span class='ocrx_word' id='word_1_787' title='bbox 2172 5484 2360 5539; x_wconf 86' lang='lat' dir='ltr'><strong><em>viduas</em></strong></span> <span class='ocrx_word' id='word_1_788' title='bbox 2409 5481 2697 5556; x_wconf 85' lang='lat' dir='ltr'><strong><em>absolvite,</em></strong></span> <span class='ocrx_word' id='word_1_789' title='bbox 2733 5482 3011 5556; x_wconf 77' lang='lat' dir='ltr'><strong><em>orphanis</em></strong></span> <span class='ocrx_word' id='word_1_790' title='bbox 3030 5481 3295 5556; x_wconf 1' lang='lat' dir='ltr'><strong><em>(judicate</em></strong></span> <span class='ocrx_word' id='word_1_791' title='bbox 3320 5495 3340 5538; x_wconf 86' lang='lat'><strong><em>,&#39;</em></strong></span> <span class='ocrx_word' id='word_1_792' title='bbox 3372 5485 3423 5532; x_wconf 91' lang='lat' dir='ltr'><strong><em>et</em></strong></span> <span class='ocrx_word' id='word_1_793' title='bbox 3468 5489 3709 5556; x_wconf 37' lang='lat' dir='ltr'><strong><em>opes,._ac</em></strong></span> 
     </span>
    </p>
   </div>
   <div class='ocr_carea' id='block_1_116' title="bbox 2068 5551 3701 5624">
    <p class='ocr_par' dir='ltr' id='par_1_116' title="bbox 2068 5551 3701 5624">
     <span class='ocr_line' id='line_1_117' title="bbox 2068 5551 3701 5624; baseline -0.009 -12"><span class='ocrx_word' id='word_1_794' title='bbox 2068 5558 2298 5612; x_wconf 84' lang='lat' dir='ltr'><strong><em>divitias</em></strong></span> <span class='ocrx_word' id='word_1_795' title='bbox 2352 5562 2560 5609; x_wconf 87' lang='lat' dir='ltr'><strong><em>vestras</em></strong></span> <span class='ocrx_word' id='word_1_796' title='bbox 2600 5555 2660 5605; x_wconf 90' lang='lat' dir='ltr'><strong><em>in</em></strong></span> <span class='ocrx_word' id='word_1_797' title='bbox 2726 5551 3055 5624; x_wconf 77' lang='lat' dir='ltr'><strong><em>huiusmodi</em></strong></span> <span class='ocrx_word' id='word_1_798' title='bbox 3084 5551 3333 5622; x_wconf 83' lang='lat' dir='ltr'><strong><em>operibus</em></strong></span> <span class='ocrx_word' id='word_1_799' title='bbox 3379 5551 3701 5602; x_wconf 88' lang='lat' dir='ltr'><strong><em>consumite.</em></strong></span> 
     </span>
    </p>
   </div>
   <div class='ocr_carea' id='block_1_117' title="bbox 2073 5625 3157 5702">
    <p class='ocr_par' dir='ltr' id='par_1_117' title="bbox 2073 5625 3157 5702">
     <span class='ocr_line' id='line_1_118' title="bbox 2073 5625 3157 5702; baseline -0.004 -19"><span class='ocrx_word' id='word_1_800' title='bbox 2073 5630 2253 5702; x_wconf 83' lang='lat' dir='ltr'><strong><em>Idem,</em></strong></span> <span class='ocrx_word' id='word_1_801' title='bbox 2284 5627 2408 5702; x_wconf 88' lang='lat' dir='ltr'><strong><em>l_o_co</em></strong></span> <span class='ocrx_word' id='word_1_802' title='bbox 2440 5625 2555 5702; x_wconf 35' lang='grc' dir='ltr'><strong><em>αἰξί·</em></strong></span> <span class='ocrx_word' id='word_1_803' title='bbox 2884 5696 2896 5702; x_wconf 92' lang='lat'>_</span> <span class='ocrx_word' id='word_1_804' title='bbox 3150 5694 3157 5702; x_wconf 86' lang='lat'><em>_</em></span> 
     </span>
    </p>
   </div>
   <div class='ocr_carea' id='block_1_118' title="bbox 2143 5692 3431 5771">
    <p class='ocr_par' dir='ltr' id='par_1_118' title="bbox 2143 5692 3431 5771">
     <span class='ocr_line' id='line_1_119' title="bbox 2143 5692 3431 5771; baseline -0.005 -19"><span class='ocrx_word' id='word_1_805' title='bbox 2143 5700 2257 5771; x_wconf 88' lang='lat'><strong><em>(76)</em></strong></span> <span class='ocrx_word' id='word_1_806' title='bbox 2287 5698 2465 5763; x_wconf 88' lang='lat' dir='ltr'><strong><em>Idem,</em></strong></span> <span class='ocrx_word' id='word_1_807' title='bbox 2498 5695 2599 5751; x_wconf 91' lang='lat' dir='ltr'><strong><em>lib.</em></strong></span> <span class='ocrx_word' id='word_1_808' title='bbox 2636 5712 2697 5767; x_wconf 82' lang='grc' dir='ltr'><strong><em>ιι,</em></strong></span> <span class='ocrx_word' id='word_1_809' title='bbox 2727 5696 2921 5753; x_wconf 73' lang='lat' dir='ltr'><strong><em>mund.</em></strong></span> <span class='ocrx_word' id='word_1_810' title='bbox 2953 5711 3008 5763; x_wconf 92' lang='lat' dir='ltr'><strong><em>v,</em></strong></span> <span class='ocrx_word' id='word_1_811' title='bbox 3036 5694 3207 5767; x_wconf 88' lang='lat' dir='ltr'><strong><em>capit.</em></strong></span> <span class='ocrx_word' id='word_1_812' title='bbox 3236 5694 3262 5748; x_wconf 93' lang='grc'><strong>1</strong></span> <span class='ocrx_word' id='word_1_813' title='bbox 3296 5696 3354 5749; x_wconf 88' lang='lat' dir='ltr'><strong><em>et</em></strong></span> <span class='ocrx_word' id='word_1_814' title='bbox 3378 5692 3431 5746; x_wconf 88' lang='lat'><strong><em>2.</em></strong></span> 
     </span>
    </p>
   </div>
  </div>
