4038 6210
304 290 418 357 891

1802 313 1867 377 S.
1912 311 2215 378 HERME

3579 312 3713 377 899

309 430 583 524 spiritum
614 433 672 489 in
704 434 961 494 animam
994 440 1273 510 admittit,
1315 450 1649 504 nostrarum
1702 465 1940 520 precum
1971 451 2027 516 Α
2056 450 2276 506 nimam
2310 450 2484 507 etiam
2531 448 2899 524 voluptatum
2947 448 3286 508 illicitarum
3317 449 3552 510 horrem
3601 469 3702 507 ex-

310 519 557 592 impedit
585 525 875 594 effectum,
906 530 1157 587 furorem
1189 534 1358 606 parit,
1377 541 1431 591 et
1462 519 1771 594 innumera
1793 539 1949 595 mala

312 611 599 699 producit.
634 614 810 671 Paulo
855 624 988 689 post
1031 623 1232 679 eadem
1286 625 1427 680 dicit
1479 628 1549 683 de
1605 628 1861 699 tristitia,
1894 633 1950 684 et

312 698 465 755 inter
492 707 717 775 caetera,
750 708 905 777 quod
935 713 1125 766 crucia
1163 715 1417 784 spiritum
1460 724 1783 773 sanctum...
1814 698 1945 787 facit

314 789 665 847 iracundiam
710 798 957 867 spiritus.
1008 800 1103 855 Ait
1168 804 1404 859 tandem
1461 822 1471 860 :
1529 806 1713 863 Oratio
1772 810 1948 862 tristis

306 878 545 935 hominis
574 898 685 938 non
714 884 874 941 habet
922 890 1199 958 virtutem,
1244 902 1306 948 ut
1352 895 1603 951 ascendat
1642 897 1715 951 ad
1762 898 1950 952 altare

315 967 410 1022 Dei
436 971 569 1041 (77).

379 1056 537 1113 Inter
565 1059 891 1133 plura,quaa
922 1066 1593 1128 anidmadvertitPastor
1621 1078 1825 1128 contra
1846 1074 1951 1129 im-

307 1146 641 1217 puritatem,
676 1151 796 1207 haec
840 1155 1212 1223 potissimum
1267 1160 1529 1216 fidelium
1580 1164 1949 1218 aedificationi

311 1244 741 1310 peropportuna
767 1245 1260 1317 erunt.Imprimis
1280 1254 1441 1305 vocat
1469 1268 1739 1319 magnum
1766 1268 1951 1323 pecca-

312 1328 429 1380 tum
458 1343 690 1384 omnem
726 1332 1134 1403 cogitationem
1164 1338 1232 1393 de
1259 1338 1447 1394 alieno
1496 1343 1868 1408 matrimonio,
1902 1347 1951 1397 et

313 1414 766 1486 defornz'catione
792 1421 925 1493 (78).
972 1425 1188 1481 Deinde
1237 1428 1424 1496 docet,
1474 1429 1532 1483 in
1584 1430 1756 1485 corde
1806 1446 1949 1502 puro

312 1503 724 1576 cogitationem
756 1509 1049 1581 impuram
1084 1514 1411 1572 inhabitare
1434 1518 1589 1573 haud
1622 1535 1793 1591 posse
1813 1520 1948 1591 (79);

312 1594 464 1663 quod
481 1595 715 1666 quidem
734 1598 1178 1671 intelligendum
1197 1622 1309 1660 non
1328 1606 1398 1661 de
1420 1606 1786 1677 simplicibus
1800 1608 1950 1681 cogi-

310 1682 648 1757 tationibus,
683 1687 783 1742 sed
817 1688 887 1743 de
918 1688 1056 1759 illis,
1090 1709 1238 1763 quas
1264 1695 1513 1752 morales
1544 1697 1798 1771 theologi
1833 1690 1951 1752 mo-

313 1787 477 1886 :osas
508 1774 822 1846 appellant,
854 1778 971 1834 sive
1005 1780 1065 1834 in
1094 1781 1165 1836 iis
1214 1782 1591 1853 delectemur,
1641 1788 1760 1842 sive
1809 1803 1945 1841 non.
1983 1821 2032 1886 Β

346 1860 565 1886 ι’...ιεημ
603 1864 842 1886 :_____-_
874 1868 959 1886 _nn
1076 1870 1085 1881 ι
1160 1872 1171 1882 ι
1660 1877 1671 1886 ι
1701 1876 1712 1886 υ
1868 1877 1881 1886 ι

315 1859 571 1917 Medium
603 1864 846 1937 insuper
868 1868 1484 1945 efﬁcacissimum,quo
1516 1893 1543 1930 a
1580 1876 1749 1933 nobis
1769 1877 1955 1932 malas

315 1947 422 2004 has
454 1952 833 2024 cogitationes
856 1963 1267 2031 avertamus,et
1295 1980 1598 2036 nunquam
1624 1983 1951 2037 peccemus,

313 2040 580 2110 assignat
611 2060 724 2098 non
758 2044 1153 2104 intermissam
1186 2050 1282 2105 Dei
1316 2054 1657 2109 memoriam
1686 2056 1819 2127 (80).

380 2127 531 2184 Alibi
563 2133 869 2206 subjungit
898 2137 1009 2208 (81)
1042 2137 1198 2194 aliud
1232 2140 1537 2209 motivum,
1586 2161 1700 2215 quo
1741 2146 1813 2200 ad
1846 2145 1953 2200 mi-

525 2292 719 2375 Iierm.
746 2297 926 2375 _Past.,
961 2300 1160 2375 mand.
1196 2318 1251 2371 x,
1285 2318 1411 2375 cap.
1444 2306 1501 2359 2.

406 2362 498 2440 Z8)
532 2365 710 2440 Idem.
746 2365 785 2421 l.
820 2386 882 2440 ιι,
914 2362 1174 2427 mandat.
1208 2362 1285 2440 1v,
1315 2362 1374 2429 οἶ
1402 2375 1449 2429 1.

406 2369 476 2416 78
532 2369 710 2420 Idem.
746 2369 785 2421 l.
820 2386 882 2432 ιι,
915 2372 1174 2427 mandat.
1208 2369 1265 2429 1v
1315 2369 1374 2429 cf
1402 2375 1449 2429 1.

384 2369 498 2575 $79;
528 2436 754 2521 Ibidem.
788 2438 917 2495 vide
948 2442 1123 2498 etiam
1154 2444 1191 2497 1.
1229 2415 1285 2511 1,,
1300 2446 1524 2502 visione
1556 2465 1595 2515 1,
1629 2465 1753 2520 cap.
1790 2450 1841 2502 1.

405 2505 497 2575 80)
526 2507 759 2565 Ibidem.

405 2505 497 2577 80)
526 2507 759 2565 Ibidem.

2057 541 2327 608 citamur,
2362 558 2591 612 poenam
2624 541 2841 613 peccati
2870 540 3089 597 scilicet
3135 558 3169 597 a
3217 541 3384 598 nobis
3432 542 3703 597 subeun-

2056 631 2212 697 dam,
2247 646 2374 700 quae
2406 630 2658 685 multum
2681 631 2904 687 excedit
2923 630 3293 686 dulcedinem
3314 632 3375 686 in
3406 647 3473 686 eo
3496 648 3707 703 perpe-

2054 719 2263 774 trando
2312 724 2663 791 perceptam.
2715 719 3039 775 Dulcedinis
3102 737 3213 774 una
3260 720 3414 789 hora,
3473 721 3555 775 ait
3605 720 3707 777 ille

2055 824 2153 863 suo
2176 810 2357 879 spatio
2385 808 2721 865 terminatur
2753 827 2773 871 ,ο
2799 824 2980 881 paene
3008 825 3134 865 vero
3165 826 3279 864 una
3307 811 3442 866 hora
3472 812 3707 880 triginta

2056 897 2271 952 dierum
2302 900 2415 953 vim
2440 898 2871 968 possidet...vide
2901 901 3077 969 igitur
3098 899 3414 967 concludit,
3440 901 3709 970 exiguum

2056 1003 2169 1042 esse
2199 994 2405 1057 tempus
2422 988 2719 1043 mundanae
2737 988 3053 1044 dulcedinis
3079 1004 3144 1043 ac
3158 987 3447 1059 voluptatis
3475 1004 3497 1049 ,·
3523 1003 3709 1059 pm

2058 1092 2182 1131 vero
2215 1081 2715 1148 tormentorumque
2742 1079 3005 1149 amplius.
3038 1078 3238 1148 Itaque
3285 1092 3344 1132 re
3392 1077 3539 1132 bene
3568 1092 3708 1148 per-

2060 1182 2260 1236 pensa,
2296 1166 2343 1221 si
2395 1167 2785 1239 nosmetipsos
2838 1166 3239 1238 diligeremus,
3288 1165 3521 1238 capitali
3568 1166 3706 1221 odio

2058 1254 2407 1310 haberemus
2436 1272 2647 1311 sensus
2676 1255 3024 1327 voluptates.

2131 1343 2294 1399 Circa
2372 1344 2740 1399 mendacium
2807 1350 2863 1399 et
2918 1343 3391 1401 obtrectationem
3459 1345 3706 1399 mandat

2060 1432 2260 1489 Pastor
2290 1449 2360 1488 ne
2408 1434 2477 1489 de
2528 1431 2722 1505 aliquo
2771 1432 2923 1489 male
2972 1432 3306 1504 loquamur,
3345 1450 3452 1488 nec
3502 1434 3706 1488 minus

2060 1520 2317 1593 rigorose
2340 1520 2607 1593 prohibet
2635 1521 2836 1577 audire
2866 1519 3019 1577 male
3062 1520 3387 1592 loquentes,
3413 1520 3709 1593 praecipue

2060 1609 2108 1664 si
2142 1610 2199 1664 id
2233 1610 2334 1664 ﬁat
2364 1609 2679 1666 deliberate
2710 1614 2767 1664 et
2791 1609 3039 1665 libenter
3068 1610 3201 1679 (82).
3235 1610 3410 1665 Addit
3438 1610 3704 1682 insuper,

2059 1698 2214 1769 quod
2248 1698 2508 1753 detractio
2537 1700 2608 1754 sit
2638 1698 2964 1769 perniciosa,
2997 1700 3311 1754 inconstans
3349 1698 3711 1754 daemonium

2062 1803 2363 1858 nunquam
2424 1788 2483 1842 in
2555 1804 2697 1859 pace
2772 1788 3123 1853 consistens,
3201 1787 3302 1842 sed
3359 1804 3597 1859 semper
3652 1788 3715 1842 in

2066 1874 2373 1932 discordiis
2404 1894 2649 1932 manens
2676 1895 2689 1945 ;
2721 1881 2777 1931 et
2811 1894 2824 1932 :
2859 1878 2971 1945 Qui
3007 1878 3378 1947 mentiuntur,
3433 1876 3517 1931 ait
3562 1877 3713 1948 ipse,

2065 1966 2337 2037 abnegant
2368 1968 2684 2033 Dominum,
2717 1982 2827 2021 non
2857 1966 3140 2022 reddente:
3160 1968 3213 2022 ei
3240 1965 3543 2037 depositum
3570 1966 3718 2036 quod

2066 2064 2399 2127 acceperunt
2424 2073 2445 2117 ;
2475 2060 2797 2128 acceperunt
2825 2056 2975 2111 enim
3001 2057 3261 2127 spiritum
3307 2056 3429 2110 sine
3470 2052 3714 2109 menda-

2065 2146 2147 2202 cio
2175 2145 2308 2217 (83).

2163 2305 2251 2377 81)
2283 2305 2465 2373 Idem,
2501 2305 2679 2377 simil.
2711 2322 2789 2373 v1,
2822 2321 2872 2361 c.
2906 2305 2959 2361 3.

2162 2378 2256 2444 82)
2288 2377 2470 2445 Idem,
2504 2376 2542 2431 Ι.
2577 2394 2641 2445 ιι,
2672 2378 2872 2433 mand.
2898 2394 2959 2432 ιι.

2142 2449 2257 2520 (83)
2288 2449 2466 2519 Idem,
2501 2448 2539 2504 l.
2575 2466 2637 2520 ιι,
2667 2449 2864 2505 mand.
2898 2466 2982 2505 ιιι.

317 2657 3719 2700 Ἥ

1093 2827 1935 2998 SANCTI

2065 2834 2943 2998 HERM/E

1587 3127 2450 3280 PASTOR.

321 3368 654 3453 (ϐιιωιδιοη
693 3372 938 3453 νθιενιιιῃ
960 3376 1195 3453 Ραιζιιηι
1224 3377 1716 3453 Βίὺίἰοιᾷεξςιῃῐχῐ,
1746 3380 1949 3453 Venet.
1982 3382 2143 3449 1765,
2170 3381 2388 3453 in-fol.,
2421 3398 2487 3453 p.
2507 3380 2598 3436 59.
2632 3410 2703 3453 —-_-_
2731 3379 2793 3435 In
2844 3378 3016 3435 notis.
3061 3382 3241 3453 A_NGL.
3292 3376 3545 3453 denotat_
3571 3392 3718 3453 mss.

394 3440 748 3525 Anglicanos
778 3444 866 3525 Β..
864 3449 918 3499 et
956 3450 993 3498 ιλ
1028 3464 1041 3513 ;
1073 3446 1273 3525 BODLL,
1306 3465 1414 3525 ms.
1445 3440 1585 3525 bibl}
1641 3440 1965 3525 Bodleianae
2001 3471 2015 3521 ;
2045 3440 2265 3525 CAIIM.,
2292 3440 2440 3509 ms'.‘
2460 3451 2905 3525 Carmelitarum
2948 3449 3424 3525 excalceatorum
3456 3448 3723 3525 suburbii

393 3515 744 3595 Parisienst
778 3534 792 3583 ;
826 3515 1047 3595 Getam,
1071 3534 1183 3574 ms.
1218 3520 1276 3577 S.
1310 3520 1583 3595 Germani
1615 3541 1628 3591 ;
1660 3524 1867 3595 Laus,
1902 3515 2013 3580 ms;
2047 3515 2410 3581 bibliothecas
2443 3523 2855 3580 Lambethanaa
2889 3541 2902 3591 ;
2942 3522 3241 3589 Vicr.,ms.
3264 3521 3319 3575 S.
3351 3519 3621 3576 Victoris.
3656 3549 3723 3561 -

388 3586 656 3656 Capitum
687 3586 967 3644 lemmata
998 3589 1268 3647 absunta
1297 3594 1465 3649 codd.
1499 3586 1643 3650 mss.
1676 3586 2040 3665 Gallicanis.)

1428 3898 1905 4028 LIBER
1998 3896 2646 4030 PRIMUS.

1781 4139 1880 4184 QUI
1921 4137 2291 4178 INSCRIBITUR

1623 4274 2441 4370 VISIONES.

1898 4560 2089 4617 VISIO
2126 4560 2168 4616 Ι.

765 4655 963 4711 Contra
991 4665 1174 4728 turpes
1201 4664 1253 4713 et
1274 4658 1449 4714 elatas
1476 4660 1854 4731 cogitationes,
1885 4667 1938 4715 et
1965 4660 2332 4731 negligentem
2364 4658 2575 4714 Herma:
2597 4657 2843 4727 ﬁliorum
2868 4657 3306 4725 castigationem.

1757 4758 1983 4814 CAPUT
2010 4757 2315 4813 PRIMUM.

409 4841 519 4906 Qui
549 4844 910 4899 enutriverat
936 4860 1052 4911 me,
1083 4844 1348 4900 vendidit
1377 4847 1698 4917 quamdam
1739 4846 1995 4918 puellam
2048 4847 2263 4902 Romae.
2310 4848 2452 4902 Post
2494 4844 2713 4900 multos
2735 4848 2933 4899 autem
2981 4858 3167 4899 annos
3204 4842 3355 4898 hanc
3400 4842 3592 4899 visam
3636 4860 3745 4917 ego

343 4931 649 5003 recognovi
687 4949 701 4999 ;
734 4936 792 4986 et
826 4932 972 5003 ccepi
1003 4949 1132 4988 eam
1165 4932 1408 5005 diligere
1439 4940 1503 4989 ut
1528 4951 1806 4991 sororem.
1839 4936 2048 4991 Exacto
2077 4939 2275 4991 autem
2322 4939 2583 5005 tempore
2631 4931 2827 5004 aliquo
2857 4932 2991 5003 (84),
3033 4929 3214 4986 lavari
3245 4946 3374 4986 eam
3406 4930 3466 4986 in
3498 4931 3749 4989 ﬂumine

341 5019 537 5075 Tiberi
568 5020 685 5075 vidi
726 5039 739 5089 ;
774 5026 830 5077 et
860 5022 1085 5093 porrexi
1118 5023 1167 5078 ei
1201 5040 1461 5091 manum,
1496 5028 1554 5079 et
1573 5025 1743 5080 eduxi
1775 5042 1901 5080 eam
1933 5041 1965 5080 e
1996 5024 2259 5080 ﬂumine.
2290 5023 2544 5094 Visaque
2574 5039 2662 5088 ea,
2694 5021 3022 5095 cogitabam
3054 5019 3113 5075 in
3144 5020 3317 5076 corde
3357 5036 3511 5087 meo,
3544 5021 3750 5078 dicens

343 5111 504 5168 Felix
531 5126 742 5178 essem,
778 5111 827 5166 si
858 5111 1035 5166 talem
1073 5130 1313 5168 uxorem
1346 5118 1403 5168 et
1440 5113 1629 5182 specie
1678 5118 1735 5168 et
1783 5112 2048 5169 moribus
2097 5112 2341 5169 sortitus
2387 5128 2600 5168 essem.
2655 5113 2767 5167 Hoc
2817 5110 3030 5177 solum,
3078 5126 3184 5165 nec
3232 5106 3387 5164 ultra
3415 5109 3750 5182 quidquam

342 5201 591 5275 cogitavi
622 5202 755 5274 (85).
790 5201 927 5257 Post
955 5206 1193 5274 tempus
1225 5207 1421 5257 autem
1454 5201 1687 5274 aliquod
1720 5219 1852 5258 cum
1881 5202 1952 5258 iis
1984 5202 2432 5275 cogitationibus
2469 5200 2865 5273 proficiscens,
2918 5198 3374 5255 honoriﬁcabam
3413 5203 3753 5255 creaturam

1504 5318 1749 5374 VARle
1790 5318 2174 5374 LECTIONES
2212 5319 2298 5376 E'I
2343 5317 2577 5374 NOTIE.

431 5420 499 5476 84
555 5420 696 5475 Mss.
731 5418 888 5474 Bodl.
922 5421 979 5473 et
1009 5416 1207 5472 Lamb.
1238 5418 1364 5473 Post
1391 5419 1605 5488 tempus
1635 5416 1878 5489 aliquod.

409 5420 522 5561 285;
554 5491 696 5545 Mss.
726 5491 784 5545 S.
816 5494 1033 5554 Germ.,
1066 5493 1279 5559 Carm.,
1315 5489 1479 5543 Bodl.
1513 5494 1570 5544 et
1594 5489 1801 5561 Lamb.
1826 5492 1878 5541 γ

431 5489 521 5559 85)
554 5491 696 5545 Mss.
726 5491 784 5545 S.
816 5494 1033 5554 ρει-ιιι..
1066 5493 1279 5559 Carm.,
1315 5489 1479 5543 Bodl.
1513 5494 1570 5544 et
1594 5489 1796 5544 Lamb.
1826 5489 1986 5543 Visa-

339 5560 443 5638 que
470 5560 537 5618 ea
564 5563 691 5638 diri
718 5580 736 5616 :
769 5563 934 5638 Felix;
959 5576 1148 5638 essem,
1180 5562 1229 5614 si
1256 5562 1425 5638 talem
1449 5576 1678 5638 uxorem
1708 5560 1986 5638 ha_berem.

340 5631 413 5691 Et
442 5636 674 5707 speciem
708 5650 837 5691 cum
880 5633 1155 5701 vidissem,
1208 5632 1512 5705 cogitabam
1562 5634 1621 5688 in
1666 5631 1824 5689 corde
1869 5647 1986 5688 meo

2098 5416 2281 5473 dicens
2312 5434 2330 5471 :
2364 5416 2527 5472 Felix
2555 5431 2748 5481 essem,
2780 5415 2831 5469 si
2884 5414 3058 5471 talem
3108 5428 3341 5469 uxorem
3394 5414 3660 5470 haberem
3700 5423 3753 5470 et

2094 5490 2272 5560 specie
2301 5492 2352 5543 et
2381 5488 2643 5543 moribus.
2676 5491 2790 5543 Hos
2817 5486 2993 5541 solum
3022 5486 3283 5554 cogitavi,
3310 5500 3410 5540 nec
3454 5487 3613 5541 ultra
3642 5486 3747 5541 ali-

2095 5560 2227 5631 quid
2255 5561 2512 5629 cogitavi.
