4038 6210
259 377 379 441 893
1427 369 1761 435 PASTOR.
1793 404 1854 416 —

2092 371 2143 433 l.
2188 369 2396 436 VISIO
2438 369 2489 433 Ι.
3539 368 3661 434 894

260 509 364 565 Dei
393 505 528 580 (86),
556 504 817 581 cogitans
848 520 1024 577 quam
1058 504 1370 577 magniﬁca
1397 509 1455 559 et
1484 504 1727 576 pulchra
1756 504 1851 560 sit.
1887 505 1957 560 Et
1986 505 2127 560 dum
2162 505 2578 573 ambulassem,
2610 503 2953 561 obdormivi.
2981 502 3046 560 Et
3072 502 3313 577 spiritus
3344 519 3437 561 me
3468 504 3668 577 rapuit

261 603 323 656 et
350 597 492 653 tulit
514 613 608 652 me
636 613 739 668 per
764 596 1075 667 quemdam
1110 594 1303 651 locum
1335 595 1405 650 ad
1437 595 1757 659 dexteram,
1791 610 1894 667 per
1921 611 2091 666 quem
2126 611 2239 650 non
2272 599 2496 666 poterat
2527 595 2699 651 homo
2730 596 2839 651 iter
2868 595 3075 651 facere.
3108 596 3247 649 Erat
3276 598 3471 650 autem
3502 593 3668 650 locus

260 687 364 744 ille
396 687 455 741 in
482 686 751 758 rupibus,
783 690 840 740 et
872 685 1159 757 abruptus
1189 684 1323 756 (87),
1355 688 1411 739 et
1438 683 1630 739 invius
1659 684 1730 738 ab
1757 685 1941 755 aquis.
1975 684 2241 756 Cumque
2263 685 2610 740 transissem
2640 684 2831 740 locum
2864 684 3051 751 illum,
3076 684 3206 740 veni
3238 684 3310 739 ad
3340 684 3665 755 planitiem,

262 781 323 833 et
350 776 600 849 genibus
630 775 840 846 positis
870 773 1013 846 οωρί
1043 790 1208 829 orare
1238 772 1577 841 Dominum,
1611 777 1667 828 et
1696 773 1957 829 conﬁteri
1987 777 2224 846 peccata
2250 789 2399 829 mea.
2433 774 2502 829 Et
2524 779 2725 830 orante
2754 791 2870 842 me,
2914 778 3178 846 apertum
3210 777 3299 829 est
3325 772 3533 829 ccnlum
3571 791 3585 840 ;
3617 777 3675 828 et

260 867 431 921 video
463 863 770 920 mulierem
802 878 979 934 quam
1009 862 1478 935 concupiveram,
1510 861 1859 917 salutantem
1896 878 1989 918 me
2034 863 2105 919 de
2134 862 2296 930 casio,
2322 867 2378 918 et
2406 863 2691 918 dicentem
2726 880 2739 918 :
2770 864 2999 931 Herma,
3032 879 3154 917 ave.
3179 863 3247 917 Et
3277 879 3381 933 ego
3438 862 3669 935 prospi-

263 955 428 1011 ciens
457 952 639 1023 illam,
671 952 801 1007 dico
832 951 883 1006 ei
917 950 1031 1023 (88)
1066 967 1078 1004 :
1119 950 1379 1015 Domina,
1412 950 1553 1022 quid
1586 955 1649 1005 tu
1676 950 1772 1005 hic
1803 950 1945 1006 facis
1970 950 1997 1005 ?
2025 953 2098 1006 At
2126 951 2222 1006 illa
2252 952 2553 1024 respondit
2582 951 2727 1006 mihi
2762 968 2773 1005 :
2807 952 3056 1022 Recepta
3112 968 3244 1006 sum
3273 952 3388 1022 (89)
3416 951 3529 1006 huc
3558 952 3671 1023 (90)

264 1048 332 1100 ut
360 1046 597 1116 peccata
624 1046 727 1096 tua
756 1056 996 1113 arguam
1029 1040 1183 1113 apud
1219 1040 1555 1096 Dominum.
1590 1039 1857 1107 Domina,
1892 1041 2156 1111 inquam,
2190 1057 2333 1095 num
2367 1044 2430 1096 tu
2464 1057 2557 1095 me
2599 1057 2810 1112 argues
2834 1040 2862 1095 ?
2892 1040 3041 1106 Non,
3092 1040 3305 1112 inquit.
3363 1041 3472 1096 Sed
3532 1042 3671 1097 audi

262 1133 461 1199 verba,
495 1147 621 1203 quin
659 1129 768 1185 tibi
802 1130 1032 1185 dictura
1062 1145 1197 1185 sum
1229 1130 1361 1199 (91).
1395 1129 1551 1184 Dcus
1581 1128 1681 1200 qui
1713 1130 1770 1183 in
1803 1129 1961 1184 caelis
1992 1129 2237 1196 habitat,
2267 1134 2325 1185 et
2353 1130 2614 1186 condidit
2648 1147 2715 1185 ex
2762 1129 2945 1185 nihilo
2975 1146 3043 1185 ea
3072 1146 3199 1201 quae
3260 1134 3398 1185 sunt
3454 1129 3585 1201 (92),
3619 1133 3678 1185 et

268 1219 682 1292 multiplicavit
711 1223 946 1291 propter
971 1222 1238 1274 sanctam
1268 1217 1584 1274 Ecclesiam
1616 1235 1807 1286 suam,
1837 1219 2110 1274 irascitur
2141 1219 2246 1274 tibi
2280 1220 2557 1291 quoniam
2591 1218 2843 1291 peccasti
2873 1218 2931 1273 in
2988 1234 3100 1273 me.
3134 1219 3515 1291 Respondeas
3545 1218 3673 1274 dico

268 1312 318 1366 ei
352 1326 366 1366 :
395 1309 665 1376 Domina,
699 1308 749 1364 si
781 1308 840 1362 in
873 1312 927 1364 te
956 1323 1061 1380 ego
1087 1307 1343 1379 peccavi,
1375 1307 1495 1375 ubi,
1528 1310 1631 1363 aut
1663 1324 1776 1379 quo
1807 1307 1867 1361 in
1901 1307 2048 1374 loco,
2082 1312 2187 1363 aut
2215 1308 2449 1379 quando
2481 1307 2585 1363 tibi
2625 1312 2794 1380 turpe
2850 1307 3092 1363 verbum
3152 1307 3389 1379 aliquod
3444 1307 3675 1363 locutus

272 1416 403 1456 sum
436 1398 465 1452 ?
494 1398 701 1453 Nonne
728 1413 960 1469 semper
988 1401 1043 1452 te
1076 1396 1243 1468 quasi
1277 1397 1575 1451 dominam
1608 1396 1929 1452 arbitratus
1965 1414 2099 1452 sum
2134 1398 2245 1468 (93)
2275 1397 2302 1452 ?
2331 1397 2531 1453 Nonne
2564 1413 2794 1469 semper
2829 1401 2885 1452 te
2907 1397 3190 1453 reveritus
3245 1414 3377 1452 sum
3407 1396 3564 1451 velut
3590 1413 3679 1452 so—

272 1504 464 1544 rorem
495 1487 523 1541 ?
550 1486 697 1551 Quid
747 1486 806 1540 in
853 1502 945 1541 me
988 1484 1453 1541 comminisceris
1483 1486 1594 1557 (94)
1640 1485 1761 1540 haec
1792 1490 1912 1540 tam
1972 1487 2221 1542 nefanda
2247 1486 2276 1540 7
2304 1487 2467 1542 Tunc
2498 1485 2598 1541 illa
2626 1485 2890 1541 arridens
2920 1486 3087 1555 mihi,
3121 1486 3203 1541 ait
3232 1503 3245 1539 :
3282 1488 3343 1541 In
3376 1486 3545 1541 corde
3573 1490 3676 1540 tuo

267 1576 532 1634 ascendit
562 1574 1036 1647 concupiscentia
1068 1573 1362 1645 nequitiae.
1396 1581 1607 1629 Annon
1638 1574 1752 1645 (95)
1784 1574 2016 1629 videtur
2046 1574 2173 1641 tibi,
2206 1575 2330 1630 viro
2352 1577 2517 1646 justo
2548 1592 2669 1630 rem
2701 1574 2966 1646 iniquam
3006 1576 3117 1646 (96)
3149 1591 3296 1643 esse,
3357 1574 3407 1629 si
3466 1560 3669 1629 ascen-

267 1666 421 1722 derit
471 1666 529 1720 in
580 1665 754 1720 corde
794 1664 906 1735 (97)
960 1663 1116 1718 mala
1156 1662 1631 1735 concupiscentia
1661 1663 1688 1716 ?
1718 1664 2024 1718 Peccatum
2075 1670 2163 1719 est
2212 1665 2283 1731 ei,
2331 1670 2390 1718 et
2435 1663 2672 1736 quidem
2704 1665 2945 1736 grande.
2978 1664 3186 1719 Justus
3217 1662 3371 1718 enim
3402 1663 3490 1717 vir
3511 1664 3680 1734 justa

267 1755 510 1827 cogitat.
543 1753 843 1826 Cogitante
873 1768 1009 1824 ergo
1039 1751 1137 1807 illo
1169 1769 1295 1823 quae
1310 1754 1470 1823 justa
1500 1756 1661 1823 sunt,
1694 1756 1751 1807 et
1789 1757 1942 1807 recte
1973 1769 2039 1808 eo
2069 1753 2392 1820 incedente,
2424 1752 2482 1807 in
2514 1752 2674 1808 cmlis
2706 1752 3019 1825 propitium
3081 1752 3315 1807 habebit
3353 1752 3672 1807 Dominum

268 1845 329 1898 in
362 1842 524 1899 omni
547 1841 780 1914 negotio
812 1858 940 1897 suo.
968 1840 1077 1904 Qui
1108 1846 1302 1895 autem
1332 1841 1583 1896 nefanda
1601 1840 1859 1912 cogitant
1880 1840 1938 1895 in
1969 1840 2247 1896 cordibus
2276 1841 2673 1907 suis,mortem
2697 1847 2754 1897 et
2773 1841 3163 1912 captivitalem
3188 1845 3504 1896 assumunt
3534 1840 3676 1912 (98);

268 1932 523 1988 maxime
542 1930 583 1986 ii
615 1931 715 2002 qui
746 1930 1029 1986 saeculum
1063 1929 1172 1985 hoc
1204 1928 1476 2001 diligunt,
1512 1933 1568 1985 et
1597 1929 1928 2002 gloriantur
1957 1931 2012 1984 in
2049 1930 2267 1985 divitiis
2306 1931 2430 1986 suis
2465 1949 2478 1999 ;
2512 1935 2570 1986 et
2599 1930 2701 2002 qui
2755 1947 2869 1986 non
2902 1934 3237 2001 exspectant
3266 1930 3463 1984 futura
3497 1930 3677 1998 bona,

270 2025 598 2077 vacuantur
625 2020 739 2090 (99)
771 2019 978 2075 animae
1012 2035 1235 2075 eorum.
1270 2018 1401 2075 Haec
1432 2024 1627 2074 autem
1663 2019 1882 2074 faciunt
1911 2019 2075 2074 dubii
2115 2020 2282 2091 (100),
2336 2019 2437 2091 qui
2486 2037 2599 2075 non
2648 2019 2865 2075 habent
2912 2036 3073 2091 spem
3107 2018 3168 2073 in
3211 2018 3457 2074 Domino
3487 2019 3586 2090 (1),
3620 2023 3678 2073 et

271 2113 659 2167 contemnunt
688 2112 744 2165 et
772 2107 1081 2181 negligunt
1103 2108 1284 2163 vitam
1317 2124 1506 2163 suam.
1530 2108 1642 2164 Sed
1661 2112 1747 2177 tu,
1771 2125 1873 2164 ora
1901 2108 1973 2163 ad
1996 2107 2311 2163 Dominum
2343 2133 2357 2177 ;
2389 2113 2443 2164 et
2466 2108 2699 2165 sanabit
2722 2112 2963 2180 peccata
2993 2113 3113 2179 tua,
3137 2107 3433 2180 totiusque
3463 2107 3677 2164 domus

266 2203 384 2255 tuas
415 2203 473 2255 et
502 2198 768 2254 omnium
800 2201 1159 2254 sanctorum.

1798 2332 2027 2389 CAPUT
2061 2332 2129 2387 ΙΙ.

344 2448 663 2520 Postquam
697 2451 892 2503 autem
919 2445 1114 2503 locuta
1142 2450 1234 2503 est
1258 2448 1433 2503 verba
1481 2447 1624 2516 haec,
1680 2447 1863 2504 clausi
1907 2452 2047 2505 sunt
2075 2448 2223 2504 coeli.
2275 2450 2344 2503 Et
2391 2465 2496 2521 ego
2550 2451 2707 2504 totus
2738 2463 2894 2503 eram
2927 2447 2985 2501 in
3014 2461 3260 2502 maerore
3291 2449 3348 2501 et
3403 2449 3588 2514 metu,
3621 2451 3679 2503 et

270 2537 536 2593 dicebam
567 2538 722 2592 intra
754 2553 848 2592 me
899 2553 912 2590 :
963 2535 1021 2592 Si
1072 2536 1182 2591 hoc
1236 2536 1379 2591 mihi
1430 2542 1735 2608 peccatum
1790 2538 2124 2604 ascribitur,
2174 2538 2469 2608 quomodo
2520 2541 2717 2609 potero
2768 2535 2965 2591 salvus
3013 2552 3141 2591 esse
3170 2535 3197 2589 ‘?
3226 2537 3339 2590 Aut
3381 2536 3675 2606 quomodo

267 2626 519 2683 exorabo
550 2625 865 2682 Dominum
897 2642 1002 2697 pro
1033 2625 1288 2697 peccatis
1328 2625 1472 2681 meis
1522 2626 2051 2683 abundantissimis
2081 2626 2109 2681 ?
2141 2626 2367 2692 Quibus
2418 2626 2494 2698 (2)
2540 2626 2733 2681 verbis
2772 2625 2988 2696 rogabo
3039 2622 3367 2693 Dominum,
3418 2627 3482 2677 ut
3528 2623 3675 2679 mihi

264 2715 557 2788 prOpitius
588 2715 665 2771 sit
692 2715 720 2769 ‘?
745 2715 877 2770 Haec
910 2730 1002 2769 me
1032 2715 1388 2787 recogitante
1418 2719 1474 2770 et
1521 2716 1889 2772 discernente
1936 2716 1995 2771 in
2048 2716 2218 2771 corde
2267 2732 2396 2771 meo
2432 2733 2446 2783 ;
2475 2715 2642 2770 video
2673 2718 2874 2769 contra
2905 2729 2998 2767 me
3028 2711 3367 2767 cathedram
3420 2712 3491 2767 de
3523 2711 3675 2769 lanis

264 2804 557 2873 candidis,
591 2803 744 2859 sicut
773 2803 893 2869 nix,
929 2803 1139 2859 iactam
1172 2819 1470 2875 magnam.
1507 2805 1574 2859 Et
1610 2805 1768 2859 venit
1799 2805 2014 2861 mulier
2043 2822 2193 2860 anus
2225 2806 2301 2877 (3)
2334 2805 2390 2859 in
2430 2808 2589 2859 veste
2620 2802 2927 2875 splendida
2952 2802 3051 2873 (4),
3099 2801 3322 2856 habens
3368 2799 3581 2856 librum
3612 2802 3673 2857 in

266 2908 447 2947 manu
484 2910 497 2958 ;
531 2896 587 2947 et
615 2893 764 2948 sedit
792 2891 935 2962 sola,
967 2896 1024 2947 et
1053 2892 1347 2947 salutavit
1377 2909 1471 2948 me
1505 2912 1517 2961 ;
1554 2895 1782 2961 Herma,
1808 2910 1931 2951 ave.
1963 2894 2033 2949 Et
2070 2910 2175 2966 ego
2227 2899 2472 2949 maestus
2518 2897 2575 2948 et
2625 2892 2878 2964 plorans.
2932 2891 3049 2946 dixi
3085 2908 3098 2945 :
3130 2890 3398 2958 Domina,
3448 2907 3570 2947 ave.
3605 2891 3675 2947 Et

269 2980 374 3035 illa
404 2981 549 3036 dixit
579 2981 723 3036 mihi
757 2997 771 3036 :
803 2980 948 3045 Quid
983 2985 1228 3037 mmstus
1260 2997 1343 3037 es.
1377 2982 1609 3049 Herma,
1642 2983 1741 3054 qui
1791 3000 1920 3039 eras
1974 2983 2230 3054 patiens,
2260 2986 2317 3037 et
2357 2982 2686 3047 modestus,
2731 2986 2787 3036 et
2835 2996 3065 3052 semper
3117 2979 3323 3035 hilaris
3351 2980 3379 3034 ?
3411 2980 3669 3053 Respon-

271 3070 424 3126 dens
454 3070 583 3125 dico
612 3070 664 3125 ei
698 3087 710 3123 :
745 3069 1009 3137 Domina,
1044 3070 1398 3125 contumelia
1429 3072 1506 3143 (5)
1538 3071 1683 3126 mihi
1712 3072 1939 3144 objecta
1966 3076 2055 3128 est
2084 3090 2118 3127 a
2149 3071 2392 3126 muliere
2422 3070 2643 3141 optima
2673 3069 2922 3134 dicente,
2972 3068 3126 3142 quod
3158 3068 3389 3140 peccavi
3420 3069 3479 3125 in
3510 3086 3660 3126 eam.

269 3160 347 3213 At
376 3158 479 3213 illa
511 3159 658 3214 dixit
689 3158 832 3214 mihi
865 3177 878 3215 :
914 3158 1086 3214 Absit
1115 3176 1149 3214 a
1175 3174 1339 3214 servo
1370 3159 1469 3215 Dei
1496 3177 1587 3216 res
1616 3162 1749 3216 ista.
1783 3161 1896 3217 Sed
1927 3161 2073 3217 forte
2111 3161 2170 3216 in
2214 3160 2384 3216 corde
2414 3164 2515 3215 tuo
2559 3158 2823 3215 ascendit
2866 3157 3026 3214 illius
3072 3158 3545 3230 concupiscentia
3574 3161 3673 3229 (6).

267 3246 369 3304 Est
394 3248 631 3318 quidem
662 3248 722 3302 in
754 3248 937 3303 servis
966 3247 1066 3303 Dei
1100 3247 1231 3304 talis
1254 3248 1551 3321 cogitatio,
1582 3254 1887 3321 peccatum
1919 3250 2197 3306 inferens.
2244 3250 2371 3305 Non
2419 3249 2575 3305 enim
2618 3248 2788 3304 debet
2829 3248 2952 3303 haec
2982 3247 3259 3320 cogitatio
3288 3247 3674 3314 abhorrenda,

263 3352 395 3392 esse
426 3337 486 3392 in
516 3353 682 3393 servo
712 3337 813 3393 Dei
844 3356 857 3404 ;
892 3354 1081 3409 neque
1113 3337 1357 3408 spiritus
1387 3338 1464 3409 (7)
1496 3339 1795 3409 probatus,
1829 3339 2244 3411 concupiscere
2274 3338 2498 3394 malum
2532 3354 2679 3409 opus
2714 3355 2727 3404 ;
2760 3341 2817 3391 et
2858 3336 3150 3408 praecipue
3181 3336 3421 3392 Hermas
3454 3336 3555 3408 qui
3585 3342 3675 3393 est

264 3426 574 3483 continens
604 3426 675 3482 ab
707 3426 867 3482 omni
898 3425 1372 3498 concupiscentia
1402 3426 1478 3499 (8)
1509 3426 1773 3499 scelesta,
1806 3433 1863 3485 et
1885 3433 1975 3484 est
2004 3429 2163 3485 omni
2197 3428 2575 3500 simplicitate
2606 3426 2836 3498 plenus,
2872 3431 2931 3482 et
2959 3424 3293 3481 innocentia
3320 3440 3556 3497 magna.

1778 3589 2014 3646 CAPUT
2045 3591 2144 3646 ΙΙΙ.

325 3700 746 3760 Verumtamen
779 3722 894 3761 non
930 3722 1107 3761 causa
1138 3706 1225 3761 tui
1258 3707 1533 3762 irascitur
1562 3705 1847 3762 Dominus
1882 3724 1895 3775 ;
1928 3707 2028 3762 sed
2065 3713 2299 3779 propter
2328 3707 2571 3762 domum
2601 3709 2787 3771 tuam,
2820 3721 2947 3777 quae
2978 3704 3143 3760 nefas
3192 3702 3431 3759 admisit
3460 3702 3519 3757 in
3546 3703 3660 3759 Do-

271 3790 503 3847 minum
534 3795 591 3846 et
620 3791 680 3846 in
710 3798 981 3864 parentes
1011 3811 1170 3850 suos.
1205 3795 1274 3850 Et
1302 3799 1367 3850 tu
1398 3812 1534 3851 cum
1564 3796 1647 3851 sis
1677 3799 1907 3852 amator
1933 3795 2210 3863 ﬁliorum,
2238 3813 2354 3852 non
2404 3794 2817 3852 commonuisti
2864 3795 3102 3849 domum
3144 3796 3332 3861 tuam,
3363 3791 3464 3847 sed
3496 3790 3669 3847 dimi-

261 3877 397 3933 sisti
430 3878 562 3936 illos
591 3883 928 3939 conversari
955 3881 1235 3939 violenter
1284 3883 1363 3956 (9)
1396 3902 1411 3952 ;
1446 3888 1682 3957 propter
1726 3884 1837 3941 hoc
1887 3886 2044 3941 enim
2095 3884 2368 3941 irascitur
2395 3884 2502 3940 tibi
2549 3884 2871 3939 Dominus:
2905 3882 3006 3938 sed
3061 3881 3292 3938 sanabit
3333 3880 3531 3937 omnia
3560 3880 3673 3953 (10)

1429 4053 1671 4110 VARle
1710 4053 2110 4115 LECTIONES
2140 4055 2230 4111 ET
2268 4054 2496 4111 NOTAE.

488 4191 715 4277 Desunt
742 4193 864 4277 ista
884 4194 945 4250 in
976 4210 1120 4277 mss.
1153 4196 1220 4277 S._
1246 4196 1439 4251 Germ.
1469 4196 1613 4277 et‘S.
1653 4196 1807 4252 Vict.
2096 4197 2379 4277 (99)‘M_s.s_.
2412 4195 2903 4277 Anglgaganiur.
3133 4250 3170 4277 ,ν
3455 4262 3466 4274 ⁶
3550 4264 3561 4274 θ

488 4263 619 4346 ῌρεο
657 4265 797 4346 item
831 4267 1056 4346 desunt
1074 4268 1133 4322 in
1164 4271 1412 4346 utroque
1440 4268 1567 4346 cod.
1588 4339 1601 4346 _
1664 4342 1672 4346 _
1731 4342 1746 4346 Α
1774 4342 1801 4346 Α

2096 4263 2246 4346 (100)
2278 4263 2722 4346 Δίψρχοιῖ-ῌᾶρο
2766 4281 2968 4346 vocem
3015 4267 3315 4346 auctorem
3331 4263 3664 4346 “scripsisse

365 4335 455 4421 88)
488 4335 584 4391 Sic
616 4354 728 4421 ms.
763 4338 1251 4421 Lamb.:_Domin_a
1279 4334 1555 4421 mea,quid
1582 4339 1748 4421 heic‘?
1764 4342 1916 4421 Prm-
2025 4334 2300 4421 ex'Clem.
2332 4334 2488 4421 Ales.
2524 4338 2826 4421 discimus.
2848 4337 2980 4391 Vid.
3105 4336 3223 4390 Jac.
3264 4352 3301 4403 1,
3329 4334 3658 4421 §nFénnp§.

273 4414 430 4475 cepta
454 4423 579 4461 sum
606 4426 642 4464 a
669 4410 919 4480 Domino,
950 4418 1010 4465 ut
1028 4414 1249 4479 peccata
1271 4414 1373 4466 tua
1400 4406 1649 4482 arguam.
1683 4416 1920 4468 Domina
2024 4443 2096 4454 —
2126 4413 2313 4467 Locus
2339 4411 2500 4467 Alex.
2535 4415 2719 4466 exstat
2750 4414 2971 4481 Στρωμ.
3006 4407 3106 4462 lib.
3132 4424 3174 4488 ιε
3205 4406 3436 4487 cap:29,
3462 4407 3658 4520 p.426,

273 4493 415 4520 num!
445 4486 503 4520 tu
530 4496 621 4520 mp
649 4482 839 4520 nrmn’e
868 4485 890 4520 9
2024 4484 2120 4520 and
2157 4483 2389 4520 nonninii
2420 4484 2506 4520 υἷα
2571 4498 2632 4520 m
2696 4497 2801 4520 nan
2874 4480 2905 4520 [ι
2978 4478 3210 4520 Vin-19mg
3253 4483 3426 4520 pham
3485 4477 3561 4520 ἰὴ-
3598 4494 3639 4520 n

263 4493 415 4532 nunc
444 4486 503 4533 tu
530 4496 621 4535 me
649 4482 839 4551 arguis
864 4478 909 4534 .9'
1032 4478 1037 4479 7
1467 4478 1483 4482 ⁷

340 4547 456 4633 (ii?)
486 4549 594 4633 1318-
627 4553 821 4633 βξιτωε
852 4557 1157 4633 Fregenis,
1190 4553 1342 4633 sicut
1373 4553 1545 4633 mede
1578 4554 1783 4633 Pamb-

2066 4484 2125 4540 sd
2157 4483 2393 4555 respicit
2420 4484 2527 4537 vis.
2571 4498 2654 4547 111,
2696 4478 2836 4552 cap.
2874 4478 2926 4534 4.
2978 4478 3210 4533 Videsis
3253 4478 3429 4533 etiam
3461 4478 3562 4533 lib.
3598 4494 3661 4546 ιι,

2066 4556 2221 4633 iand.
2243 4572 2333 4633 _1x.
2380 4555 2613 4633 Eadem.
2650 4566 2894 4633 quoque
2920 4566 3052 4633 “vox
3093 4552 3489 4633 usurpatur‘a
3517 4547 3661 4633 ,ριρτ

484 4626 652 4701 Deest
673 4624 778 4701 huc
807 4623 866 4701 i_n
897 4624 1067 4701 codd.
1192 4625 1383 4701 Cerm.
1418 4628 1475 4679 et
1503 4625 1560 4679 S.
1588 4624 1738 4680 Vict.
2020 4632 2214 4701 mente
2243 4628 2526 4701 Romano,
2557 4620 2725 4701 Epist:
2758 4620 2880 4677 1ἀά
2908 4620 3055 4701 ρον..
3099 4636 3226 4701 cap.
3257 4620 3347 4685 23,
3397 4621 3467 4701 et
3508 4620 3662 4701 Epist

721 4700 779 4770 9t
806 4699 994 4770 (ἓξέτω-
1028 4695 1457 4770 ίηείρίο,άίοε⁷ζϐι
1527 4767 1539 4770 _
1645 4767 1655 4770 _
1830 4768 1840 4770 _
2018 4699 2087 4765 Il,
2116 4715 2251 4770 cap._
2276 4699 2361 4753 11.
2391 4688 2679 4770 Caeterum
2713 4693 2872 4770 hunc
2908 4688 3376 4770 Hermielocum
3408 4688 3666 4744 illustrat

335 4762 617 4837 (92)_Vide
647 4765 799 4821 infra
825 4766 926 4821 lib.
978 4783 1042 4833 11,
1072 4762 1269 4821 mand.
1318 4784 1356 4821 1.
1384 4767 1610 4822 Laudat
1644 4767 1797 4824 hunc
1827 4768 1908 4824 lo-
2018 4762 2355 4825 Dodvvellus
2384 4768 2441 4822 in
2473 4768 2704 4822 dissert.
2737 4767 2810 4820 De
2838 4765 2988 4820 Rom.
3018 4762 3222 4837 pontif.
3273 4776 3498 4829 succes.,
3531 4778 3658 4834 cap.
3733 4816 3736 4821 .

262 4848 402 4913 cum
434 4834 712 4913 Origenes
744 4842 887 4913 tom.
918 4839 939 4892 Ι
970 4838 1268 4913 Comment.
1302 4841 1359 4892 in
1390 4840 1596 4913 10912.1,
1630 4840 1680 4893 1.
1715 4839 1912 4913 Greece.
2021 4844 2105 4908 11,
2143 4841 2252 4913 §6,
2286 4857 2419 4913 pag.
2455 4840 2576 4894 160.

263 4904 619 4981 Οινὶεφῑιὶοζὸθ.
649 4908 1002 4981 protulimus
1033 4925 1210 4981 supra
1248 4908 1400 4965 inter
1448 4904 1717 4965 Veterum
1750 4912 1910 4967 testi-
2196 4904 2396 4968 Lamb”.
2424 4913 2547 4967 Deo.

260 4977 486 5054 _moni_a,
519 4995 587 5033 ex
617 4977 756 5035 edit.
780 4980 869 5054 _Cl.
903 4977 1159 5035 Huetii'a
1189 4982 1651 5053 praecedentibus
1682 4983 1910 5038 editori-
2088 4977 2163 5054 (2⁷)
2194 4984 2391 5038 Lamb.
2421 4983 2673 5054 pessimis
2702 4985 2726 5035 .9
2753 4981 2999 5054 quantis.

260 4985 486 5047 monia,
519 4995 587 5033 ex
617 4985 756 5035 edit.
789 4985 869 5034 Cl.
903 4985 1095 5035 Huetii
1126 4998 1159 5035 a
1189 4985 1651 5053 praecedentibus
1682 4985 1910 5038 editori-
2109 4986 2142 5037 2
2194 4985 2391 5038 Lamb.
2421 4985 2673 5054 pessimis
2702 4985 2726 5035 .9
2753 4985 2999 5052 quantis.

258 5047 644 5125 δυὲξαέίονίεῖ
678 5051 914 5125 οΨί⁸ε⁸’
1390 5124 1398 5125 ί
1552 5124 1595 5125 η
2087 4985 2164 5125 (3)
2190 5054 2422 5110 Hieron.
2454 5055 2515 5109 in
2546 5055 2675 5110 Osee
2728 5070 2829 5122 v11,
2851 5052 3129 5105 9.Hermaz
3158 5047 3406 5117 primum
3437 5047 3658 5103 videtur

333 5120 445 5191 (93)
481 5122 683 5197 Lamb.
717 5123 859 5197 Num
887 5130 1168 5197 semperfle
1198 5140 1260 5178 ac
1286 5125 1338 5178 si
1365 5124 1680 5197 deam.Mox
1711 5131 1906 5181 autem
2014 5120 2257 5182 Ecclesia
2286 5142 2418 5181 cano
2447 5128 2646 5197 capite.

301 5206 365 5246 ro
412 5190 698 5259 reveritus,
732 5194 924 5250 Fellus
977 5190 1210 5251 exhibet
1248 5197 1454 5251 veritus
1502 5196 1560 5249 in
1612 5213 1720 5252 sua
1766 5198 1903 5252 edit.
2088 5199 2163 5269 (4)
2197 5197 2396 5269 Lamb.
2430 5190 2689 5269 candida.
2721 5196 2793 5269 Et
2819 5210 2972 5259 mox,
3003 5191 3309 5263 singularis
3350 5207 3454 5262 pro
3485 5190 3619 5246 sola.

306 5232 364 5246 ..ι
412 5232 698 5259 .υυν.....υ,
732 5232 924 5250 ww...
977 5232 1210 5251 νιμιυυ..
1252 5232 1452 5251 se...”
1503 5232 1560 5249 η,
1612 5232 1720 5252 αμα
1766 5232 1903 5252 eu...
2111 5232 2163 5269 η
2197 5232 2396 5252 nam...
2430 5232 2689 5252 υμηιιιιιι..
2724 5232 2793 5250 μυ

306 5278 441 5337 ιριξτ
478 5335 498 5337 _
626 5336 633 5337 ,
2087 5232 2164 5337 (5)
2196 5268 2335 5324 Mss.
2370 5267 2537 5337 Angl.
2569 5268 2814 5324 lascivia.

2087 4914 2103 5125 ἓ

2084 5340 2101 5553 ἕ

330 5334 349 5617 ἕ

424 5334 445 5621 ἒ

353 5334 445 5408 94)
475 5335 678 5408 Lamb.
713 5337 857 5405 Quid
884 5339 994 5393 mei
1021 5340 1484 5394 commemorans.
2085 5331 2163 5408 (6)
2194 5344 2297 5396 Ms.
2331 5345 2385 5394 Β.
2415 5331 2606 5395 Germ.
2649 5339 2772 5405 illa,
2787 5335 3007 5393 omissa
3033 5349 3173 5389 voce
3198 5331 3657 5403 concupiscentia.

352 5406 445 5482 ἓξ)
473 5406 681 5482 liamb:
704 5410 811 5464 Ααί
837 5424 972 5482 ηοπ;
1097 5479 1108 5482 _
2084 5406 2161 5482 (7)
2191 5415 2242 5464 Μ
2294 5412 2485 5467 Carm.
2520 5412 2741 5482 spiritu.

350 5477 443 5553 96)
472 5479 923 5553 Mss.Carm._et
950 5479 1150 5535 Lamb.
1176 5496 1451 5553 saevam;
1486 5550 1522 5553 __
1678 5552 1705 5553 ᾧ
2084 5477 2161 5553 (8)
2194 5482 2397 5537 Lamb.
2427 5477 2752 5553 pollutione.

349 5549 441 5620 97)
478 5550 681 5606 Lamb.
729 5551 893 5607 addit
938 5553 1115 5606 illius.
1166 5551 1259 5607 Sic
1308 5556 1366 5606 et
1414 5550 1624 5606 Fellus.
1676 5552 1741 5605 Et
1771 5568 1903 5607 mox
2083 5549 2161 5620 (9)
2193 5553 2388 5609 Lamb.
2423 5549 2479 5607 et
2510 5553 2701 5608 Carm.
2735 5550 3039 5607 conviolari
3066 5562 3220 5601 saeve.

254 5616 557 5696 ίάβῃζίιηε.
592 5624 644 5696 ei
672 5622 920 5696 equidem
947 5638 1231 5692 magnum.
2031 5694 2042 5696 _
2084 5616 2195 5696 (10)
2228 5624 2429 5680 Lamb.
2461 5626 2684 5682 sanavit
2710 5626 2897 5680 omnia
2926 5635 3052 5695 qua
3080 5623 3212 5673 ante
3240 5623 3389 5686 gesta
3440 5619 3566 5671 sunt
3596 5619 3657 5672 in

326 5692 442 5765 (98)
474 5694 678 5751 Lamb.
709 5692 820 5754 Bibi
846 5701 1157 5751 assumunt.
2010 5692 2292 5753 domo'tua
2318 5697 2495 5755 mala.
