4038 6210
268 408 385 476 897
1416 358 1749 473 PASTOR’.
1780 440 1858 455 —
1886 409 2034 470 LIB.
2082 412 2130 470 l.
2176 409 2382 472 VISIO
2426 408 2501 471 II.
3543 417 3663 477 898

1786 568 2017 624 CAPUT
2068 569 2139 624 II.

338 664 480 716 Post
537 658 871 731 quindecim
921 664 1115 715 autem
1165 660 1290 716 dies
1319 676 1453 717 cum
1498 660 1879 730 jejunassem,
1929 656 2300 729 multumque
2350 673 2645 728 rogassem
2690 657 3025 724 Dominum,
3080 659 3330 716 revelata
3381 667 3471 718 est
3512 664 3659 720 mihi

268 749 517 805 scientia
545 748 866 820 scripturae.
898 753 1032 805 Erat
1061 753 1257 805 autem
1290 749 1580 820 scriptura
1606 748 1727 802 haac
1763 766 1774 802 :
1810 747 2017 802 Semen
2049 752 2235 812 tuum,
2271 746 2481 801 Herma
2510 745 2773 816 deliquit.
2797 746 2855 799 in
2906 747 3245 815 Dominum,
3294 753 3351 805 et
3395 752 3665 821 prodide-

268 844 410 893 runt
440 842 708 911 parentes
739 854 879 893 suos
909 837 968 892 in
997 836 1256 910 nequitia
1287 853 1517 908 magna.
1550 836 1621 891 Et
1649 836 1961 891 audierunt
1989 834 2312 907 proditores
2342 840 2670 905 parentum,
2703 839 2760 889 et
2790 835 3100 905 prodentes
3135 836 3247 907 (33)
3275 839 3659 910 profecerunt.

268 927 382 983 Sed
416 928 593 982 etiam
626 942 781 981 nunc
810 926 1138 997 adjicerunt
1167 926 1419 998 peccatis
1452 926 1562 993 (34)
1594 924 1717 979 suis
1747 923 2042 993 libidines,
2076 928 2134 978 et
2163 922 2713 979 commaculationes
2744 923 3035 994 nequitiae,
3070 928 3125 979 et
3157 926 3241 980 sic
3274 927 3662 998 impleverunt

268 1015 613 1088 iniquitates
644 1031 801 1070 suas.
828 1014 938 1070 Sed
961 1015 1292 1087 impropera
1319 1015 1494 1069 verba
1521 1013 1642 1069 haec
1664 1012 1799 1068 ﬁliis
1828 1012 1946 1067 tuis
1976 1010 2332 1076 omnibus,et
2352 1010 2571 1080 conjuji
2598 1015 2711 1065 tuas
2742 1028 2868 1081 quae
2892 1011 3090 1067 futura
3110 1018 3200 1069 est
3221 1032 3386 1071 soror
3405 1021 3508 1073 tua
3528 1018 3664 1090 (35).

267 1106 339 1161 Et
371 1105 501 1176 ipsa,
528 1103 684 1159 enim
715 1103 828 1175 (36)
860 1108 1190 1176 compescat
1218 1103 1480 1175 linguam
1511 1119 1700 1171 suam,
1725 1102 1783 1155 in
1815 1118 1933 1172 qua
1960 1100 2318 1171 malignatur
2348 1117 2360 1155 :
2396 1105 2452 1154 et
2482 1100 2592 1171 (37)
2626 1100 2842 1155 auditis
2870 1101 3059 1156 verbis
3090 1102 3202 1170 his,
3241 1107 3560 1162 continebit
3586 1126 3672 1178 se,

271 1199 330 1249 et
358 1196 751 1263 consequetur
779 1193 891 1264 (38)
923 1193 1409 1249 misericordiam.
1443 1192 1757 1247 Erudietur
1786 1191 1965 1257 enim,
2000 1196 2312 1261 postquam
2342 1188 2823 1259 improperaveris
2855 1188 2937 1243 illi
2977 1191 3087 1262 (39)
3144 1191 3266 1247 haec
3314 1196 3511 1262 verba,
3544 1214 3671 1269 quae

274 1281 574 1339 mandavit
601 1281 699 1338 ille
729 1283 842 1354 (40)
871 1282 1232 1349 Dominator,
1264 1285 1329 1337 ut
1357 1280 1463 1336 tibi
1485 1281 1831 1337 revelentur.
1862 1283 2021 1333 Tunc
2053 1278 2421 1334 remittentur
2448 1276 2567 1332 illis
2598 1283 2831 1348 peccata
2855 1295 2985 1350 quae
3015 1280 3127 1350 (41)
3152 1282 3508 1354 jampridem
3541 1303 3674 1357 pec-

277 1376 572 1437 caverunt,
606 1374 662 1426 et
692 1370 966 1426 omnibus
997 1371 1215 1426 sanctis
1246 1370 1347 1442 qui
1396 1372 1779 1441 peccaverunt
1817 1382 2005 1439 usque
2049 1366 2110 1421 in
2154 1366 2500 1421 hodiernum
2549 1366 2725 1427 diem,
2770 1368 2819 1423 si
2848 1384 2915 1422 ex
2947 1374 3066 1423 toto
3098 1371 3267 1426 corde
3301 1389 3405 1427 suo
3454 1376 3677 1446 egerint

277 1460 700 1533 paenitentiam,
735 1458 1164 1514 etabstulerint
1194 1476 1227 1513 a
1254 1457 1527 1513 cordibus
1550 1457 1672 1514 suis
1713 1456 2125 1511 dubitationes.
2159 1455 2384 1510 Juravit
2417 1454 2572 1509 enim
2604 1454 2943 1509 Dominator
2972 1456 3068 1511 ille
3099 1474 3198 1529 per
3227 1460 3472 1531 gloriam
3506 1480 3675 1520 suam

276 1565 455 1621 super
483 1548 696 1604 electos
728 1564 888 1616 suos,
921 1546 1209 1619 praeﬁnita
1236 1546 1351 1603 ista
1380 1546 1492 1615 die,
1528 1545 1700 1602 etiam
1732 1562 1889 1600 nunc
1937 1545 1987 1599 si
2019 1543 2338 1616 peccaverit
2367 1543 2604 1614 aliquis,
2656 1559 2773 1599 non
2803 1544 3139 1602 habiturum
3174 1548 3340 1605 illum
3374 1554 3485 1622 (42)
3519 1553 3678 1609 salu-

274 1643 415 1694 tem.
448 1636 801 1693 Pcenitentizs
832 1636 989 1692 enim
1013 1637 1313 1706 justorum
1347 1635 1567 1690 habent
1598 1634 1763 1689 ﬁnes.
1799 1633 2029 1705 Impleti
2078 1638 2216 1688 sunt
2246 1633 2370 1687 dies
2400 1631 2750 1703 paenitentiae
2780 1633 3054 1690 omnibus
3097 1639 3317 1695 sanctis
3353 1656 3366 1694 :
3398 1642 3673 1713 gentibus

278 1732 476 1783 autem
506 1725 843 1797 poenitentia
871 1741 1057 1797 usque
1088 1725 1146 1779 in
1179 1724 1497 1780 novissimo
1530 1723 1642 1779 die.
1688 1723 1855 1778 Dices
1884 1738 2018 1794 ergo
2068 1722 2152 1777 eis
2182 1721 2282 1792 qui
2310 1726 2567 1793 praesunt
2597 1720 2885 1790 Ecclesiae,
2915 1728 2980 1777 ut
3008 1724 3266 1797 dirigant
3293 1728 3416 1785 vias
3449 1747 3586 1787 suas
3621 1735 3677 1788 in

271 1815 510 1888 justitia
533 1833 547 1883 ;
581 1819 646 1869 ut
675 1814 958 1886 recipiant
977 1814 1037 1868 in
1065 1814 1234 1885 pleno
1255 1811 1768 1886 repromissionem
1790 1827 1925 1866 cum
1948 1810 2133 1866 multa
2148 1810 2351 1882 gloria.
2372 1814 2713 1865 Permanete
2738 1826 2872 1882 ergo
2895 1812 2993 1882 qui
3016 1816 3338 1884 operamini
3353 1820 3674 1892 justitiam,

280 1909 340 1959 et
364 1905 448 1959 sic
478 1902 665 1972 facite,
699 1906 763 1957 ut
794 1901 870 1957 sit
898 1902 1011 1973 (43)
1058 1901 1340 1956 transitus
1386 1904 1575 1957 vester
1621 1916 1754 1955 cum
1787 1900 2007 1955 sanctis
2054 1898 2295 1971 angelis.
2335 1898 2544 1954 Felices
2578 1916 2698 1965 vos,
2732 1901 3064 1972 quicunque
3104 1905 3409 1963 sustinetis
3442 1926 3676 1980 pressu-

279 2009 407 2048 ram
440 1991 941 2063 supervenientem
964 1994 1323 2062 magnam,et
1350 1989 1685 2061 quicunque
1718 2005 1833 2043 non
1864 1989 2160 2061 negaverit
2185 1988 2364 2043 vitam
2388 2005 2576 2042 suam.
2600 1988 2827 2043 Juravit
2849 1990 3004 2045 enim
3032 1991 3313 2050 Dominus
3342 2013 3443 2067 per
3464 2000 3676 2057 Filium

282 2098 460 2137 suum
494 2098 506 2136 :
542 2081 647 2147 Qui
679 2080 1049 2153 denegaverit
1090 2078 1299 2135 Filium
1347 2083 1404 2134 et
1432 2094 1513 2145 se,
1565 2079 1920 2149 spondentes
1967 2094 2029 2133 se
2057 2078 2234 2132 vitam
2266 2076 2446 2142 illius,
2479 2084 2536 2132 et
2585 2077 2696 2147 ipsi
2727 2078 3066 2150 denegaturi
3109 2087 3248 2138 sunt
3278 2083 3443 2141 illum
3476 2091 3588 2161 (44)
3618 2090 3677 2146 in

284 2170 726 2227 advenientibus
755 2169 960 2224 diebus
989 2169 1056 2224 ⁸⁵.
1089 2168 1137 2223 li
1166 2173 1384 2236 autem,
1413 2167 1513 2239 qui
1545 2183 1849 2238 nunquam
1881 2165 2309 2238 denegaverint,
2361 2166 2433 2221 ob
2464 2166 2706 2221 nimiam
2739 2167 2850 2238 (45)
2901 2168 3360 2229 misericordiam
3392 2178 3679 2249 propitius

284 2260 474 2316 factus
502 2263 593 2316 est
622 2258 760 2314 illis.

1788 2362 2023 2418 CAPUT
2071 2362 2167 2417 IIl.

354 2456 439 2511 Tu
473 2459 687 2520 autem,
719 2453 950 2521 Herma,
985 2452 1103 2509 noli
1136 2452 1474 2508 meminisse
1521 2451 1869 2523 injuriarum
1919 2452 2029 2522 (46)
2062 2450 2317 2505 ﬁliorum
2368 2454 2624 2518 tuorum,
2678 2452 2777 2506 sed
2809 2470 2912 2508 nec
2969 2471 3222 2513 sororem
3272 2463 3434 2517 tuam
3493 2464 3681 2537 negli-

283 2563 388 2619 gas
418 2545 530 2617 (47)
557 2561 571 2611 ;
602 2544 701 2599 sed
729 2560 868 2598 cura
916 2547 982 2598 ut
1028 2542 1415 2598 emendentur
1461 2558 1495 2596 a
1545 2540 1809 2612 pristinis
1858 2541 2130 2612 peccatis.
2179 2539 2533 2594 Erudientur
2576 2539 2731 2595 enim
2778 2541 3043 2599 doctrina
3073 2544 3203 2615 ista,
3238 2549 3287 2603 si
3322 2554 3381 2605 tu
3404 2552 3531 2622 jam
3564 2572 3679 2611 non

281 2635 465 2691 fueris
498 2649 722 2688 memor
752 2632 980 2702 iniuriae
1012 2632 1124 2703 (48)
1153 2630 1410 2686 illorum.
1443 2630 1725 2686 Memoria
1753 2629 1909 2685 enim
1940 2628 2289 2700 injuriarum
2323 2628 2434 2701 (49)
2459 2633 2702 2684 mortem
2736 2636 3046 2701 Operatur;
3079 2635 3288 2692 oblivio
3319 2656 3451 2695 vero
3480 2658 3683 2700 earum

284 2725 397 2796 (50)
426 2722 603 2777 vitam
625 2725 924 2777 aeternam.
958 2722 1045 2776 Tu
1077 2724 1293 2790 autem,
1327 2720 1560 2787 Herma,
1596 2736 1838 2791 magnas
1867 2718 2270 2774 tribulationes
2320 2718 2623 2774 saeculares
2670 2719 3025 2792 sustinuisti,
3079 2732 3316 2797 propter
3345 2733 3684 2800 praevarica-

282 2815 474 2870 tiones
506 2812 718 2867 domus
750 2815 896 2878 tuae;
931 2810 1207 2882 quoniam
1231 2808 1362 2865 illas
1384 2814 1450 2864 ut
1478 2810 1550 2864 ad
1572 2812 1627 2864 te
1646 2806 1793 2863 nihil
1824 2808 2198 2879 pertinentes,
2218 2806 2523 2878 neglexisti
2550 2833 2563 2874 ;
2596 2813 2652 2863 et
2670 2809 2730 2864 in
2753 2810 3245 2882 negotiationibus
3270 2819 3389 2873 tuis
3412 2820 3686 2895 malignis

286 2902 402 2974 (51)
434 2900 753 2973 implicitus
797 2917 879 2955 es.
912 2900 1019 2954 Sed
1052 2897 1197 2953 illud
1237 2901 1293 2952 te
1333 2898 1558 2953 salvum
1604 2898 1795 2966 faciet,
1830 2897 1985 2968 quod
2018 2914 2133 2951 non
2164 2897 2507 2951 discesseris
2532 2914 2566 2951 a
2596 2897 2711 2953 Deo
2758 2899 2885 2955 vivo
2917 2918 2930 2967 ;
2982 2906 3039 2957 et
3095 2903 3442 2976 simplicitas
3475 2915 3596 2981 tua,
3632 2918 3687 2969 et

287 2989 606 3062 singularis
636 2988 747 3061 (52)
779 2988 1136 3044 continentia
1165 2986 1392 3043 salvum
1426 2987 1638 3043 facient
1680 2987 1813 3053 te,si
1850 2984 2263 3057 permanseris.
2308 2985 2373 3040 Et
2412 3002 2614 3042 omnes
2652 2986 2841 3043 salvos
2873 2989 3457 3068 facient,quicunque
3479 2999 3684 3072 hujus-

289 3078 517 3135 cemodi
549 3082 880 3150 operantur,
914 3081 971 3133 et
1000 3074 1412 3148 ingrediuntur
1440 3077 1499 3129 in
1551 3075 1889 3130 innocentia
1942 3079 2000 3129 et
2047 3073 2441 3146 simplicitate.
2491 3074 2558 3129 Hi
2592 3076 2689 3147 qui
2737 3076 3077 3148 hujusmodi
3127 3089 3283 3152 sunt,
3330 3085 3686 3149 invalescent

290 3168 572 3223 adversus
602 3182 805 3222 omnes
837 3164 1145 3237 nequitias,
1180 3168 1237 3220 et
1264 3165 1687 3235 permanebunt
1716 3164 1772 3218 in
1818 3164 1997 3218 vitam
2029 3167 2323 3219 aeternam.
2378 3162 2592 3219 Felices
2623 3182 2828 3221 omnes
2859 3170 2957 3239 qui
2989 3180 3305 3241 Operantur
3340 3178 3632 3245 justitiam
3670 3198 3683 3239 :

290 3273 409 3312 non
440 3254 824 3310 absumentur
856 3270 1041 3325 usque
1072 3254 1128 3308 in
1160 3253 1337 3307 vitam
1360 3256 1633 3309 aternam
1664 3252 1971 3323 (53).Dices
2005 3257 2200 3307 autem
2234 3268 2247 3306 :
2282 3253 2424 3307 Ecce
2453 3269 2664 3325 magna
2694 3255 2994 3312 tribulatio
3014 3260 3187 3315 venit.
3208 3262 3268 3317 Si
3300 3264 3401 3319 tibi
3433 3267 3683 3338 videtur,

292 3345 506 3399 iterum
536 3358 705 3414 nega.
738 3346 921 3412 Prope
953 3348 1041 3396 est
1070 3341 1355 3397 Dominus
1385 3341 1873 3406 convertentibus,
1907 3341 2058 3396 sicut
2086 3341 2372 3412 scriptum
2402 3346 2491 3396 est
2530 3343 2587 3396 in
2619 3342 2858 3400 Heldam
2890 3350 2947 3401 et
2976 3347 3165 3403 Modal
3193 3352 3329 3423 (54),
3362 3356 3463 3425 qui
3494 3360 3688 3416 vatici-

294 3432 420 3489 nati
450 3435 587 3487 sunt
614 3430 673 3485 in
708 3428 1022 3486 solitudine
1054 3430 1267 3503 populo
1291 3431 1354 3485 ⁸⁸.

1817 3528 2050 3584 CAPUT
2084 3528 2177 3581 IV.

368 3617 702 3709 Revelatum
733 3621 927 3672 autem
954 3621 1044 3671 est
1074 3616 1241 3685 mihi,
1274 3617 1500 3682 fratres,
1534 3615 1844 3671 dormienti
1878 3634 1912 3672 a
1934 3618 2149 3709 juvene
2180 3617 2461 3687 specioso,
2495 3622 2552 3671 et
2600 3618 2825 3675 dicente
2859 3622 2999 3677 mihi
3034 3640 3045 3678 :
3078 3626 3271 3683 Anum
3317 3630 3477 3688 illam
3510 3652 3543 3690 a
3574 3654 3691 3709 qua

300 3706 578 3779 accepisti
612 3704 898 3776 libellum,
932 3722 1108 3776 quam
1140 3710 1314 3776 putas
1343 3705 1517 3760 esse?
1549 3705 1615 3759 Et
1645 3720 1751 3777 ego
1782 3705 1899 3761 dixi
1932 3724 1944 3762 :
1978 3704 2240 3761 Sibillam
2284 3706 2416 3777 (55).
2452 3707 2610 3772 Eras,
2662 3708 2852 3780 inquit
2902 3727 3015 3766 non
3064 3721 3170 3770 est.
3220 3719 3353 3782 Quae
3396 3726 3484 3777 est
3530 3704 3691 3798 ergo,

371 3815 417 3848 ⁵⁸
443 3811 646 3868 Matth.
679 3829 733 3879 x,
762 3812 850 3866 33.
927 3812 972 3846 ⁸⁵
1001 3811 1173 3866 Num.
1206 3829 1284 3881 χι,
1315 3812 1405 3879 26,
1436 3813 1525 3866 27.

1469 3925 1704 3981 VARle
1744 3927 2130 3983 LECTIONES
2170 3927 2257 3981 ET
2294 3927 2526 3983 ΝΟΤίΕ.

379 4015 492 4087 (33)
525 4014 845 4094 S_i_c_.E.ellus
875 4030 943 4094 ex
972 4031 1115 4094 mss.
1149 4013 1348 4069 Lamb.
1382 4018 1438 4070 et
1462 4014 1520 4069 S.
1556 4014 1751 4071 Germ.
1773 4017 1863 4071 Sic
1893 4020 1951 4072 et
2055 4016 2184 4071 Noli
2210 4018 2420 4084 timere,
2465 4017 2803 4094 Abraham
2851 4038 2945 4092 ego
2974 4028 3243 4094 protector
3290 4038 3412 4086 tuus
3455 4049 3597 4094 sum,
3646 4037 3699 4088 et

307 4078 505 4175 Carm".
523 4085 719 4175 ‘Illditi‘,
750 4085 1060 4175 prudentes.
1156 4162 1175 4175 Δ
1404 4159 1443 4175 ν
2054 4104 2260 4175 meroes
2282 4096 2377 4175 tua
2398 4078 2605 4175 magna
2625 4092 2795 4171 nimis
2815 4110 2840 4175 ,ί
2862 4078 2987 4175 εἶηῂ
3003 4078 3149 4152 illud
3160 4078 3229 4153 in
3254 4078 3695 4175 isvlllp'hes:

522 4158 635 4244 Ms:
666 4157 726 4237 S.
763 4156 1213 4244 Germ.‘pnecoa‘ta
1232 4159 1486 4244 peccatis.
1730 4227 1742 4244 '
2061 4177 2127 4223 11,
2162 4160 2250 4244 4”:
2272 4156 2513 4244 Propter
2530 4163 2759 4217 nimiam
2790 4163 3122 4223 ullarilatem
3149 4156 3330 4241 suain,
3361 4156 3469 4244 qua
3488 4156 3699 4232 ἷιῗιὶᾶεἱέ

522 4228 754 4283 Videsis
786 4228 843 4283 b.
872 4228 911 4301 1A.
929 4227 1379 4284 cl.Cotelerium.
1422 4229 1565 4284 Hinc
1598 4227 1949 4283 cuvslaax'tm.

811 4247 843 4283 ι.
872 4228 911 4301 1A.
929 4227 1379 4284 cl.Cotelerium.
1422 4229 1565 4284 Hinc
1598 4227 1949 4283 συνείσακτοι.
2061 4246 2157 4286 nos
2185 4227 2406 4301 (Deus).

307 4298 413 4358 His
434 4316 700 4373 consona
730 4316 865 4373 mox
886 4298 1038 4355 intra
1068 4301 1471 4372 reperies,cap.
1496 4316 1657 4372 sequ.
1684 4306 1742 4356 et
1760 4301 1953 4368 lib.m,
2135 4298 2245 4373 (46)
2278 4298 2390 4357 Ms}
2439 4302 2628 4357 Carm.
2664 4306 2960 4363 malorum.
2994 4309 3087 4365 Sic
3115 4316 3171 4366 et
3205 4315 3412 4372 Fellus.
3450 4322 3510 4372 ln
3541 4334 3698 4373 eam-

486 4871 504 5157 ἓ

310 4371 493 4449 simil.
526 4388 605 4449 1_x,
638 4387 765 4449 cap.
802 4372 887 4449 11.
1587 4371 1590 4372 ⁷
2064 4373 2197 4427 dem
2227 4371 2613 4449 sententiam,
2653 4384 2935 4449 monente
2967 4381 3247 4449 Fabricio,
3283 4371 3698 4444 auctoriTeléla—

406 4444 496 4525 ξς)
529 4443 733 4525 Lamb;
765 4444 955 4525 etiam.
1053 4517 1063 4525 ι
1105 4512 1140 4525 ἡ
1409 4514 1421 4525 _
2061 4445 2700 4525 mentihxuupa‘triarch.
2732 4448 2791 4525 in
2846 4451 3069 4525 Testam.
3118 4443 3381 4523 Zabulon,
3429 4443 3568 4515 sect.
3591 4443 3701 4525 "vii,

406 4512 497 4591 ἰῇ)
529 4513 982 4591 Mss..S._Germ.
1016 4517 1072 4569 et
1101 4512 1293 4568 Carm.
1324 4514 1439 4569 sed.

2109 4515 2305 4591 ap._p8_:_
2338 4512 2426 4582 Μὴ
2449 4514 2733 4591 λογίζεσθε
2759 4514 2977 4580 ἕκαστος
3000 4524 3099 4591 τὴν
3122 4512 3308 4581 κακίω)
3337 4512 3451 4583 r‘oB‘

531 4584 730 4668 Lamb.
761 4585 996 4668 (iubebit.
1081 4655 1118 4668 η
1204 4657 1215 4668 ¹
2062 4583 2225 4668 gaios
2256 4588 2331 4668 [γε
2358 4583 2816 4645 animadvertam
2846 4583 3222 4668 unusquisque
3266 4602 3540 4657 malitiam
3583 4583 3707 4668 fra-

386 4658 499 4729 (39)
531 4656 639 4729 Ms.
670 4656 726 4711 S.
761 4655 910 4711 Vict.
943 4655 1378 4729 E_rudiu_r_zlur....
1412 4656 1545 4710 illis.
1639 4726 1649 4729 _
1756 4725 1767 4729 _
1891 4725 1901 4729 _
2063 4659 2166 4711 tris
2194 4659 2304 4712 sui.

385 4725 498 4798 (40)
527 4728 617 4783 Sic
655 4743 799 4799 mss.
850 4727 1018 4799 Angl.
1068 4725 1219 4782 Fello
1250 4732 1447 4781 tamen
1497 4726 1687 4799 magis
1714 4725 1953 4799 placuit,
2134 4729 2248 4799 (47)
2275 4729 2475 4783 Lamb.
2502 4731 2675 4785 sinas.

311 4801 427 4857 illi.
463 4799 593 4854 Mox
621 4814 732 4853 ms.
766 4798 825 4853 S.
852 4798 1053 4882 Germ.
1085 4802 1147 4853 ut
1174 4799 1508 4863 revelentur,
1538 4798 1759 4861 absque
1798 4798 1917 4853 tibi.
2134 4798 2245 4924 (48)
2279 4800 2417 4856 Mss.
2449 4800 2507 4855 S.
2541 4802 2759 4868 Germ.,
2789 4804 2978 4861 Carm.
3010 4812 3067 4862 et
3108 4810 3308 4869 Lamb.
3338 4815 3588 4871 malitiae.
3614 4814 3707 4871 Sic

388 4871 502 4926 (41)
534 4871 733 4926 Lamb.
766 4886 879 4926 aui.
2065 4875 2121 4926 et
2152 4872 2225 4925 Fe
2252 4871 2363 4926 lus.

450 4872 502 4927 1)
534 4872 733 4926 Lamb.
766 4872 879 4927 aui.
2065 4875 2121 4927 et
2152 4872 2363 4926 Fellus.

388 4872 503 5015 (41)
534 4872 733 4926 Lamb.
760 4872 879 4994 qui.
2065 4875 2121 4927 et
2152 4872 2363 4926 Fellus.

388 4943 482 5015 (42
532 4943 640 5015 Ms.
672 4944 775 5015 Si“
811 4940 907 4997 ict.
942 4940 1123 5015 illam.
1216 5011 1231 5015 _
2137 4942 2248 5015 (49)
2272 4942 2451 5015 Iidem
2483 4959 2621 5015 cum
2650 4943 2824 5015 Fello,
2855 4947 3153 5007 malorum.

536 5013 678 5090 Mss.
710 5011 858 5067 Vict.
893 5017 951 5090 et
976 5011 1336 5090 Germ._ﬁat._
1471 5082 1481 5090 _
1580 5082 1590 5090 ι
2279 5014 2480 5090 iidem,
2512 5011 3052 5090 malorumIFr-llus,
3089 5040 3296 5080 eorum.

413 5017 483 5068 43
536 5017 678 5068 Mss.
710 5017 858 5067 Vict.
893 5017 951 5068 et
976 5017 1166 5068 Germ.
1196 5017 1315 5081 ﬁat.
2157 5017 2247 5081 50)
2279 5017 2480 5079 Iidem,
2512 5017 2803 5070 malorum.
2838 5018 2975 5074 FOIII

391 5017 504 5157 E44)
538 5084 850 5159 Fellusex
903 5083 1061 5159 Bodl.
1098 5083 1380 5159 etLamb.
1435 5082 1519 5137 sic
1577 5082 1663 5159 in_
1685 5099 1791 5137 sua
1820 5083 1955 5159 edit.
2137 5017 2251 5159 (51)
2280 5085 2390 5159 Ms.
2425 5085 2483 5159 _S.
2514 5084 2708 5142 Germ.
2740 5092 2975 5159 magnis.

319 5154 501 5235 Oxon;
562 5157 671 5235 ρῳ
726 5155 1074 5235 meggvmi
1124 5154 1325 5235 Filium
1381 5161 1433 5209 et
1484 5170 1560 5235 se,
1592 5154 1961 5235 "despondeas
2280 5156 2479 5235 Lamb.
2516 5172 2688 5235 quem
2712 5154 2982 5235 sequitur
3013 5165 3225 5235 Fellus,
3257 5171 3459 5225 nimia.

318 5231 491 5284 vitam
546 5228 727 5293 illius,
780 5231 830 5281 et
862 5223 995 5296 ipse
1041 5226 1414 5295 denegaturus
1462 5228 1539 5297 est
1579 5223 1795 5297 illum,
1830 5227 1961 5291 Quae
2140 5223 2249 5297 (53)
2283 5227 2386 5283 Ms.
2419 5228 2476 5282 S.
2509 5223 2698 5283 Germ.
2728 5223 3106 5292 maternum.
3142 5223 3509 5297 EdithXon.
3542 5242 3706 5297 absu-

321 5300 492 5355 lectio
522 5298 674 5354 male
703 5298 968 5353 redditur
994 5298 1053 5352 in
1086 5297 1244 5352 editi.
1277 5295 1477 5351 Clerici
1507 5300 1561 5351 et
1594 5296 1865 5352 Russelii.
1890 5302 1963 5351 At
2068 5295 2297 5352 muntur
2326 5302 2383 5353 in
2412 5304 2700 5355 aeternum.

322 5389 434 5427 ms.
469 5371 659 5453 Carm.
694 5370 799 5437 Qui
828 5370 1209 5453 denegaverint
1227 5370 1438 5453 filiuni
1461 5384 1620 5450 seque
1638 5368 1965 5453 desponden-
2078 5441 2120 5453 η
2142 5370 2257 5453 (54)
2285 5370 2491 5453 Lamb.
2519 5370 2697 5453 (iolda
2753 5381 2803 5453 et
2858 5374 3026 5453 Meda.
3070 5380 3205 5453 Sive
3238 5382 3431 5453 potius
3461 5384 3634 5439 ιειάαά
3660 5391 3711 5439 ει

324 5444 601 5525 ξςερίζαγη
640 5457 817 5507 suam,
868 5443 974 5525 qui.
1009 5457 1157 5495 nunc
1188 5441 1529 5525 denegaturi
1569 5448 1699 5525 sunt
1729 5441 1810 5525 iu,
1853 5444 1961 5495 etc.
2072 5441 2276 5525 ρζοᾱᾳιέ,
2313 5446 2376 5495 ut
2406 5442 2636 5521 eahibet
2676 5446 2855 5525 code;
2886 5447 3127 5525 bibloth.
3171 5441 3405 5525 Co‘islin.
3440 5455 3592 5525 apud
3633 5455 3705 5511 cl.

321 5514 481 5599 Huic‘
496 5514 622 5568 loco
653 5510 984 5599 congruunt
1031 5529 1155 5585 quae
1187 5511 1337 5566 infra
1384 5510 1695 5576 habentur,
1744 5510 1843 5566 lib.
1877 5528 1961 5578 111,
2074 5512 2567 5599 Montfaucpyniunni
2601 5517 2885 5599 pag.“1‘94,
2909 5520 3007 5574 ubi
3040 5522 3097 5575 in
3122 5524 3456 5580 recensione
3478 5510 3711 5599 apocry-

321 5585 507 5657 simil.
539 5583 903 5657 rx,_cap.’28.
980 5656 1015 5657 η
1053 5583 1064 5585 θ
1216 5656 1219 5657 ν
1296 5656 1302 5657 ί
1453 5652 1502 5657 ,,
1706 5652 1719 5657 -

2116 5584 2325 5657 horum
2365 5583 2470 5639 Vet
2521 5583 2702 5641 Testf
2731 5586 3014 5647 librorum
3046 5596 3264 5651 occurit
3293 5596 3356 5657 ς’,
3392 5583 3588 5651 Ἑλδῖιδ
3618 5583 3707 5651 κᾶὶ

397 5601 507 5639 nu.
539 5601 617 5651 xx,
652 5601 718 5638 ca
769 5627 781 5639 .
813 5601 903 5639 ιδ.

397 5656 508 5729 (45)
538 5656 597 5712 Si
630 5601 853 5729 Bellum
886 5656 1109 5719 audias,
1156 5656 1417 5717 nimiam,
1450 5652 1603 5729 idem
1632 5652 1783 5729 valet
1813 5654 1967 5729 quod

2076 5601 2325 5654 pnorum
2374 5601 2470 5639 vet
2522 5601 2675 5641 reet.
2731 5601 3014 5647 mororum
3046 5601 3264 5651 occurit
3293 5601 3355 5664 ς’,

1762 5657 1783 5709 ι
1813 5654 1967 5729 quod
2074 5650 2281 5729 Μοδᾴδ.
2311 5725 2342 5729 _
2572 5726 2582 5729 _
2820 5728 2823 5729 ν

322 5723 621 5791 summam.
652 5726 799 5786 Huic
826 5725 953 5785 loco
984 5730 1264 5785 consonat
1313 5741 1446 5784 cum
1486 5724 1596 5784 hoc
1623 5723 1880 5801 ϐουλὰ,
1914 5726 1965 5783 1.
2146 5726 2258 5807 (55)
2310 5725 2484 5793 Putat
2536 5726 2609 5787 cl.
2680 5728 3015 5810 Cotelerius,
3055 5734 3117 5797 in
3166 5737 3358 5799 Greco
3416 5740 3711 5806 οχειίιίεεθ
