4038 6210
392 371 509 435 899
1888 368 1955 430 8.

2201 366 2302 430 UE
3675 371 3796 434 900

389 504 669 561 domine?
702 505 767 559 Et
795 503 940 558 dixit
969 501 1113 557 mihi
1147 520 1161 571 ;
1194 501 1449 557 Ecclesia
1479 500 1578 557 Dei
1609 505 1716 558 est.
1751 503 1821 557 Et
1848 502 1968 557 dixi
1999 503 2070 557 ad
2103 502 2270 557 illum
2305 520 2317 557 :
2353 505 2539 569 Quare
2568 518 2705 576 ergo
2738 520 2888 560 anus
2920 502 3046 560 est?
3076 504 3382 575 Quoniam,
3417 503 3636 577 inquit,
3668 522 3792 562 om-

390 595 554 649 nium
589 594 778 665 prima
806 596 997 648 creata
1024 595 1132 659 est,
1162 590 1290 648 ideo
1325 608 1472 647 anus
1502 609 1515 659 ;
1549 597 1608 646 et
1636 596 1867 663 propter
1895 590 2056 646 illam
2092 593 2351 648 mundus
2383 594 2570 649 factus
2600 598 2708 648 est.
2742 594 2878 649 Post
2900 594 3021 648 haec
3044 598 3239 649 autem
3270 594 3557 650 visionem
3579 594 3705 649 vidi
3734 596 3794 650 in

389 684 561 738 domo
591 698 751 748 mea;
784 686 842 736 et
869 680 1026 736 venit
1054 679 1156 734 illa
1184 685 1417 748 anus,et
1444 680 1841 753 interrogavit,
1864 697 1975 751 me,
1994 680 2042 735 si
2066 681 2192 751 jam
2224 680 2486 737 libellum
2517 683 2626 755 (56)
2656 683 2949 738 dedissem
2979 682 3352 739 senioribus?
3378 683 3448 738 Et
3475 683 3757 755 respondi
3781 700 3794 739 :

390 770 589 826 Adhuc
629 786 767 825 non.
802 772 867 824 At
896 768 1001 824 illa
1027 768 1173 824 dixit
1205 787 1218 824 :
1252 769 1401 824 Bene
1428 770 1613 825 fecisti
1642 787 1655 837 ;
1691 770 1872 825 habeo
1905 770 2057 825 enim
2094 771 2356 841 quaedam
2388 772 2564 827 verba
2592 772 2816 828 edicere
2845 771 2972 827 tibi.
3004 772 3150 827 Cum
3181 776 3379 827 autem
3412 788 3797 828 consumma-

386 876 521 915 vero
551 860 749 915 omnia
776 859 971 927 verba,
1008 863 1205 929 aperte
1235 858 1493 914 scientur
1524 860 1596 913 ab
1627 858 1825 914 electis
1856 858 1987 931 (57).
2021 859 2248 915 Scribes
2278 876 2414 932 ergo
2446 860 2593 916 duos
2623 860 2871 928 libellos,
2921 866 2979 916 et
3023 861 3218 916 mittes
3249 878 3435 916 unum
3482 860 3796 929 Clementi,

389 953 446 1004 et
476 964 662 1004 unum
694 949 919 1019 Graptae
951 947 1084 1018 (58).
1112 946 1297 1001 Mittet
1325 952 1519 1002 autem
1550 946 1813 1002 Clemens
1838 948 1895 1002 in
1919 952 2143 1003 exteras
2173 948 2433 1004 civitates
2458 967 2471 1017 ;
2504 949 2589 1003 illi
2619 949 2776 1005 enim
2800 949 3152 1021 permissum
3174 957 3261 1005 est
3292 967 3306 1004 :
3340 949 3565 1022 Graptae
3592 955 3799 1005 autem

390 1037 782 1094 commonebit
809 1036 1016 1092 viduas
1048 1041 1104 1091 et
1130 1036 1443 1108 orphanos.
1470 1040 1551 1091 Tu
1582 1042 1776 1092 autem
1807 1035 1961 1109 leges
1992 1037 2051 1092 in
2081 1036 2191 1092 hac
2218 1038 2447 1094 civitate
2478 1054 2612 1093 cum
2644 1038 2973 1094 senioribus
3003 1038 3103 1109 qui
3135 1043 3395 1110 praesunt
3423 1038 3716 1095 Ecclesia.

423 1175 539 1229 Ista
566 1174 650 1228 sic
678 1172 933 1240 leguntur
963 1172 1115 1243 apud
1141 1171 1470 1242 Origenem,
1504 1170 1831 1226 Pbilocaliae
1863 1188 1981 1242 cap.
2017 1172 2067 1238 1,
2100 1187 2170 1227 ex
2198 1172 2295 1225 lib.
2331 1188 2404 1237 ιν,
2435 1188 2554 1243 cap.
2587 1172 2641 1240 2,
2666 1176 2744 1227 De
2776 1170 3101 1243 principiis,
3132 1174 3451 1244 interpretis
3481 1172 3726 1229 Ruﬁno.

469 1292 528 1344 Et
584 1289 789 1345 scribes
849 1288 981 1342 duos
1016 1286 1247 1353 libellos,
1280 1290 1331 1341 et
1360 1287 1513 1342 dabis
1544 1303 1718 1341 unum
1748 1288 2031 1357 Clementi,

2216 1284 2442 1359 Γράψεις
2501 1284 2595 1339 δύο
2659 1280 2867 1360 βιϐλία,
2899 1286 2987 1340 καὶ
3040 1283 3233 1348 δώσεις
3279 1286 3335 1340 ’ἐν
3368 1285 3671 1359 Κλήμεντι,
3702 1285 3800 1342 καὶ

384 1386 437 1434 ει
464 1395 639 1433 unum
697 1377 927 1448 Graptae.
978 1378 1045 1430 Et
1091 1376 1285 1447 Grapte
1313 1375 1533 1447 quidem
1572 1380 1908 1431 commoneat
1951 1393 1979 1429 υ

2252 1378 2493 1451 Γραπτῇ.
2548 1374 2644 1428 Καὶ
2695 1376 2909 1449 Γραπτὴ
2964 1375 3058 1447 μὲν
3098 1376 3400 1445 νουθετήσει
3456 1376 3553 1438 τὰς
3611 1377 3801 1450 χήρας

392 1468 528 1522 duas
556 1472 610 1523 et
639 1467 927 1538 orphanos.
961 1465 1204 1521 Clemens
1236 1481 1364 1520 vero
1400 1467 1587 1519 mittat
1615 1481 1712 1535 per
1738 1481 1920 1520 omnes
1950 1481 1987 1519 ci

2207 1463 2234 1516 Li
2286 1463 2414 1525 τοὺς
2475 1462 2763 1542 ὀρφανούς.
2799 1462 3034 1537 Κλήμης
3095 1462 3153 1518 δὲ
3208 1464 3410 1538 πέμψει
3456 1465 3535 1527 εἷς
3562 1466 3661 1526 τὰς
3692 1464 3802 1534 ἔξω

389 1559 587 1612 vitales
616 1572 732 1626 quae
753 1558 891 1626 [oris
917 1559 1065 1626 sunt,
1099 1556 1172 1610 Tu
1217 1569 1340 1611 vero
1370 1553 1729 1610 annuntiabis
1755 1555 1984 1625 presbyt.

2209 1550 2355 1614 ἱλεις.
2413 1552 2488 1606 Σὺ
2545 1551 2601 1608 δὲ
2648 1551 2964 1629 ἀναγγελεῖς
3032 1559 3150 1616 τοῖς
3232 1548 3616 1630 πρεσϐυτέροις
3693 1561 3804 1624 τῆς

393 1648 475 1702 ris
505 1646 777 1703 Ecclesiae.

2146 1640 2492 1713 Ἐκκλησίας.

781 1886 871 1946 De
903 1884 1320 1966 triumphantis
1347 1882 1628 1945 Ecclesiae
1657 1787 2284 1957 struetulfseltovai'lilzii
2313 1883 2611 1945 hominum
2641 1883 3026 1965 reproborum
3054 1884 3378 1947 ordinibus.

1925 2008 2159 2063 CAPUT
2198 2009 2241 2064 Ι.

450 2118 607 2174 Visio
640 2132 818 2188 quam
848 2114 984 2185 vidi,
1018 2116 1246 2181 fratres,
1278 2115 1421 2170 visio
1451 2115 1583 2169 talis
1609 2119 1751 2169 erat.
1784 2114 1930 2168 Cum
1956 2115 2323 2185 jejunassem
2356 2114 2707 2187 frequenter,
2736 2119 2792 2171 et
2820 2120 3092 2188 precatus
3122 2131 3311 2172 essem
3343 2115 3680 2187 Dominum,
3716 2125 3792 2174 ut

382 2207 526 2263 mihi
558 2205 891 2262 ostenderet
920 2203 1351 2270 revelationem,
1384 2220 1561 2275 quam
1586 2203 1880 2275 pollicitus
1911 2208 2000 2258 est
2029 2205 2331 2258 ostendere
2354 2220 2457 2276 per
2482 2202 2846 2259 anum‘illam
2872 2222 2886 2272 ;
2920 2205 3123 2260 eadem
3148 2209 3315 2261 nocte
3336 2206 3607 2277 apparuit
3639 2208 3798 2263 mihi

376 2314 527 2353 anus
556 2295 677 2363 illa,
710 2299 767 2349 et
797 2293 942 2348 dixit
971 2292 1117 2348 mihi
1151 2310 1163 2348 :
1198 2292 1482 2356 Quoniam
1513 2294 1595 2347 sic
1625 2292 1867 2364 langues
1897 2293 2031 2361 (59),
2064 2296 2121 2347 et
2149 2292 2437 2348 sollicitus
2467 2309 2527 2348 es
2560 2293 2631 2348 ad
2664 2293 2972 2349 sciendum
3020 2294 3256 2361 omnia;
3298 2295 3427 2349 veni
3459 2296 3519 2350 in
3550 2312 3795 2367 agrum,

377 2386 477 2441 ubi
510 2385 595 2440 vis
621 2402 634 2452 ;
666 2388 723 2438 et
752 2382 906 2439 circa
936 2382 1138 2437 horam
1173 2392 1396 2437 sextam
1421 2381 1805 2437 manifestabo
1827 2397 1919 2437 me
1940 2380 2130 2448 tibi,et
2148 2382 2453 2437 ostendam
2475 2381 2581 2437 tibi
2612 2398 2740 2453 quae
2762 2387 3023 2454 oporteat
3043 2387 3099 2438 te
3120 2383 3332 2439 videre.
3359 2383 3571 2455 Rogavi
3593 2384 3791 2454 illam,

381 2475 581 2529 dicens
614 2491 627 2528 :
661 2472 931 2539 Domina,
963 2472 1021 2526 in
1054 2488 1227 2542 quem
1257 2470 1450 2526 locum
1485 2471 1655 2543 agri?
1689 2471 1812 2539 Ubi,
1838 2470 2046 2542 inquit,
2078 2470 2187 2541 vis,
2208 2470 2354 2543 elige
2387 2470 2578 2526 locum
2611 2472 2851 2539 bonum,
2884 2476 3194 2527 secretum.
3229 2473 3552 2544 Antequam
3583 2479 3793 2531 autem

376 2563 540 2634 loqui
573 2563 684 2634 (60)
717 2561 1044 2634 ccepissem,
1076 2565 1132 2615 et
1162 2561 1351 2616 dicere
1381 2562 1431 2615 ei
1473 2559 1691 2626 locum,
1724 2560 1804 2615 ait
1833 2559 1976 2614 mihi
2010 2576 2023 2615 :
2057 2560 2296 2615 Veniam
2331 2559 2431 2615 ubi
2456 2561 2563 2616 vis.
2596 2560 2697 2616 Fui
2730 2577 2889 2633 ergo,
2923 2562 3151 2629 fratres,
3203 2562 3260 2616 in
3305 2578 3465 2634 agro,
3496 2568 3554 2618 et
3579 2564 3793 2619 obser-

374 2652 503 2708 vavi
532 2652 646 2723 (61)
679 2650 888 2717 horas;
923 2654 980 2706 et
1010 2650 1138 2704 veni
1168 2649 1226 2703 in
1258 2648 1451 2705 locum
1480 2649 1578 2704 ubi
1608 2649 2026 2705 constitueram
2060 2648 2111 2703 ei
2154 2650 2371 2703 venire.
2393 2650 2459 2704 Et
2490 2649 2652 2705 video
2682 2649 3031 2705 subsellium
3065 2650 3339 2723 positum.
3375 2651 3508 2706 Erat
3534 2653 3787 2708 cervical

377 2740 599 2796 lineum
632 2739 743 2811 (62)
770 2757 785 2807 ;
817 2743 874 2794 et
894 2756 1070 2810 super
1099 2738 1343 2794 linteum
1374 2755 1695 2810 expansum
1729 2737 2123 2793 carbasinum.
2154 2737 2370 2793 Videns
2400 2737 2521 2793 haec
2553 2738 2763 2809 posita,
2794 2743 2850 2794 et
2880 2740 3177 2795 neminem
3203 2755 3334 2796 esse
3362 2739 3422 2795 in
3456 2739 3579 2797 loco
3607 2766 3623 2809 ;
3656 2747 3788 2797 stn-

379 2845 515 2901 pere
548 2828 715 2900 cmpi,
747 2833 805 2883 et
832 2827 1025 2900 capilli
1058 2828 1171 2884 mei
1202 2832 1649 2883 exsurrexerunt
1678 2828 1812 2898 (63),
1844 2832 1901 2882 et
1929 2831 2096 2899 quasi
2126 2826 2331 2882 horror
2356 2828 2467 2899 (64)
2498 2844 2590 2882 me
2616 2828 3073 2899 comprehendit,
3106 2844 3241 2884 cum
3273 2845 3460 2884 essem
3492 2829 3675 2885 solus.
3693 2831 3785 2885 Ad

378 2935 471 2973 me
502 2919 613 2990 (65)
648 2922 842 2973 autem
866 2934 1153 2984 reversus,
1176 2922 1232 2972 et
1262 2921 1619 2972 memoratus
1651 2916 1898 2987 gloriam
1921 2918 2033 2988 (66)
2058 2916 2240 2986 Dei,et
2260 2920 2495 2987 accepta
2517 2916 2995 2987 audacia,positis
3016 2917 3285 2989 genibus,
3313 2918 3632 2974 conﬁtebar
3656 2923 3786 2975 Deo

376 3011 590 3061 iterum
622 3010 860 3078 peccata
890 3022 1015 3077 quae
1048 3004 1230 3076 prius.
1268 3005 1408 3060 Ecce
1437 3005 1593 3060 venit
1622 3004 1761 3059 illuc
1792 3021 1922 3059 cum
1946 3005 2266 3074 juvenibus
2296 3020 2414 3070 sex,
2448 3020 2596 3075 quos
2625 3010 2683 3060 et
2729 3009 2865 3060 ante
2914 3005 3169 3060 videram
3196 3023 3208 3073 ;
3240 3009 3297 3061 et
3328 3006 3488 3060 stetit
3519 3010 3653 3078 post
3683 3023 3786 3063 me

374 3098 661 3165 orantem,
693 3099 750 3149 et
781 3094 1055 3149 audiebat
1084 3110 1176 3148 me
1205 3098 1468 3149 orantem
1500 3098 1557 3149 et
1576 3095 1942 3149 conﬁtentem
1971 3093 2217 3148 Domino
2250 3098 2485 3163 peccata
2515 3109 2661 3148 mea.
2687 3093 2757 3148 Et
2786 3098 3031 3165 tangens
3064 3093 3329 3159 me,dixit
3361 3111 3375 3149 :
3411 3094 3622 3150 Desine
3650 3096 3785 3165 jam

254 3234 259 3243 .
368 3200 472 3255 pro
503 3183 754 3255 peccatis
782 3182 902 3238 tuis
920 3187 1151 3238 tantum
1180 3198 1382 3238 orarae.
1410 3181 1523 3237 Ora
1551 3187 1608 3237 et
1638 3199 1739 3253 pro
1762 3181 2016 3253 justitia,
2042 3185 2106 3235 ut
2126 3182 2416 3252 accipiens
2439 3186 2659 3252 partem
2691 3199 2758 3237 ex
2787 3198 2854 3237 ea
2876 3182 2933 3236 in
2957 3183 3128 3237 domo
3150 3186 3267 3237 tua.
3290 3183 3361 3237 Et
3389 3184 3570 3239 erexit
3595 3200 3688 3239 me
3706 3184 3786 3239 de

368 3272 517 3343 loco,
549 3277 607 3328 et
640 3272 1024 3344 apprehendit
1054 3288 1296 3326 manum
1330 3276 1608 3337 meam,et
1638 3270 1882 3325 adduxit
1903 3272 2015 3341 (67)
2047 3286 2140 3325 me
2172 3271 2241 3325 ad
2274 3270 2642 3339 subsellium,
2674 3275 2731 3325 et
2759 3271 2838 3325 ait
2868 3270 3322 3342 illisjuvenibus
3354 3289 3368 3326 :
3408 3272 3573 3341 Ite,et
3594 3273 3785 3327 adifi-

373 3367 518 3418 cate.
552 3362 867 3434 Postquam
902 3366 1095 3416 autem
1129 3360 1494 3415 dicesserunt
1517 3361 1848 3430 juvenes,et
1878 3353 1984 3416 nos
2005 3359 2113 3415 soli
2145 3359 2364 3414 fuimus
2390 3360 2523 3431 (68),
2559 3359 2638 3414 ait
2670 3359 2812 3414 mihi
2847 3377 2860 3414 :
2895 3361 3041 3416 Sede
3062 3359 3173 3415 hic.
3212 3361 3345 3416 Dico
3374 3361 3425 3417 ei
3459 3378 3471 3416 :
3507 3361 3782 3429 Domina,

372 3451 498 3507 sine
528 3450 788 3506 seniores
823 3454 957 3505 ante
990 3450 1210 3505 sedere.
1243 3449 1405 3513 Quod
1438 3449 1544 3503 tibi
1576 3449 1723 3515 dico.
1758 3448 1969 3520 inquit,
2000 3449 2156 3504 sede.
2187 3448 2447 3519 Cumque
2475 3448 2683 3505 vellem
2714 3450 2913 3504 sedere
2945 3450 3014 3503 ad
3048 3450 3342 3505 dexteram
3373 3454 3626 3523 partem,
3660 3468 3780 3507 non

366 3544 455 3595 est
483 3556 693 3611 passa;
728 3541 827 3595 sed
861 3540 1157 3594 annuebat
1186 3539 1332 3593 mihi
1356 3543 1628 3603 manu,ut
1659 3539 1730 3593 ad
1762 3538 2062 3593 sinistram
2094 3541 2317 3609 partem
2349 3538 2633 3594 sederem.
2667 3537 2968 3609 Cogitante
2997 3539 3109 3610 (69)
3141 3544 3338 3595 autem
3371 3546 3550 3607 me,et
3572 3546 3777 3597 maesto

363 3629 700 3696 exsistente,
732 3629 886 3700 quod
918 3645 1031 3683 non
1056 3628 1191 3683 sivit
1221 3644 1313 3683 me
1343 3628 1414 3683 ad
1445 3628 1741 3682 dexteram
1774 3632 2001 3698 partem
2031 3627 2250 3694 sedere,
2284 3626 2365 3681 ait
2394 3625 2574 3681 mihi:
2610 3626 2758 3692 Quid
2783 3629 3026 3681 moestus
3059 3642 3141 3694 es,
3160 3627 3373 3683 Herma
3395 3628 3423 3682 ‘I
3456 3629 3645 3685 Locus
3674 3629 3781 3701 qui

362 3723 453 3772 est
483 3719 557 3773 ad
587 3718 904 3784 dexteram,
937 3716 1173 3773 illorum
1203 3721 1294 3772 est
1324 3716 1424 3787 qui
1448 3717 1575 3787 jam
1608 3721 1949 3771 meruerunt
1972 3720 2234 3782 Deum,et
2267 3714 2423 3787 passi
2455 3720 2595 3770 sunt
2617 3731 2796 3770 causa
2816 3714 3072 3771 nominis
3099 3716 3227 3785 ejus
3258 3716 3390 3787 (70).
3423 3716 3553 3772 Tibi
3577 3722 3775 3774 autem

366 3811 635 3878 superest
664 3806 943 3877 multum,
976 3810 1041 3861 ut
1066 3823 1200 3862 cum
1233 3806 1351 3862 illis
1374 3808 1598 3862 sedeas.
1631 3806 1793 3861 Sicut
1823 3822 2025 3861 manes
2054 3805 2113 3860 in
2162 3804 2539 3874 simplicitate
2567 3808 2672 3859 tua
2703 3819 3000 3875 permane,
3033 3807 3090 3859 et
3120 3804 3353 3861 sedebis
3383 3822 3520 3861 cum
3551 3805 3687 3874 illis,
3719 3811 3785 3861 et

363 3895 700 3967 quicunque
731 3896 950 3951 fuerint
978 3896 1199 3968 operati
1227 3895 1462 3951 illorum
1495 3912 1689 3966 opera,
1724 3899 1781 3950 et
1809 3894 2199 3951 sustinuerint
2229 3910 2354 3965 quas
2385 3892 2471 3947 illi
2502 3892 2933 3949 sustinuerunt.

1906 4011 2138 4067 CAPUT
2178 4011 2246 4066 ΙΙ.

443 4117 575 4173 Dico
607 4118 657 4174 ei
692 4135 705 4173 :
740 4118 1006 4185 Domina,
1046 4118 1250 4174 vellem
1300 4117 1448 4173 scire
1496 4135 1625 4190 quae
1667 4118 2094 4174 sustinuerunt.
2142 4117 2316 4187 Audi,
2359 4116 2554 4189 inquit
2600 4133 2616 4173 :
2668 4116 2842 4171 Feras
2894 4115 3133 4184 bestias,
3185 4115 3433 4189 ﬂagella,
3492 4132 3776 4185 carceres,

367 4220 588 4277 cruces,
622 4224 799 4263 causa
831 4207 1085 4264 nominis
1117 4209 1246 4278 ejus
1274 4209 1409 4279 (71).
1435 4212 1676 4279 Propter
1702 4207 1829 4275 hoc,
1865 4206 2101 4265 illorum
2131 4210 2269 4261 sunt
2306 4207 2520 4261 dextrae
2550 4209 2745 4277 partes
2794 4205 3145 4275 sanctitatis,
3186 4210 3240 4261 et
3271 4206 3548 4278 quisquis
3590 4205 3775 4279 patia-

363 4298 461 4349 tur
490 4295 599 4368 (72)
628 4300 864 4368 propter
893 4313 1105 4353 nomen
1129 4297 1228 4353 Dei
1262 4297 1374 4369 (73)
1404 4314 1418 4366 ;
1453 4297 1810 4369 reliquorum
1841 4301 2037 4353 autem
2056 4296 2313 4352 sinistrae
2342 4299 2535 4367 partes
2564 4300 2721 4350 sunt.
2746 4294 2858 4349 Sed
2891 4294 3157 4365 utrisque
3178 4294 3263 4351 eis
3312 4294 3446 4366 (74),
3468 4299 3527 4350 et
3556 4294 3659 4366 qui
3703 4295 3778 4350 ad

361 4384 744 4454 dexteram,et
775 4386 875 4457 qui
907 4387 975 4441 ad
1003 4386 1302 4442 sinistram
1336 4387 1705 4453 sedent,sunt
1734 4385 1889 4442 dona
1918 4391 1975 4441 et
2004 4384 2457 4457 promissiones;
2489 4388 2717 4439 tantum
2740 4383 2896 4455 quod
2926 4383 2998 4438 ad
3028 4383 3325 4439 dexteram
3357 4383 3632 4439 sedentes
3669 4382 3775 4438 ha-

355 4473 497 4529 bent
523 4472 770 4545 gloriam
802 4475 1234 4546 quamdam.Tu
1268 4480 1463 4531 autem
1479 4476 1729 4546 cupidus
1752 4492 1814 4531 es
1835 4476 2038 4531 sedere
2069 4475 2139 4530 ad
2171 4474 2431 4529 dextram
2456 4489 2589 4528 cum
2612 4471 2696 4528 eis
2720 4490 2733 4541 ;
2767 4471 2867 4527 sed
2886 4471 3230 4543 exiguitates
3254 4477 3367 4528 tum
3393 4471 3592 4528 multa
3611 4476 3773 4527 sunt.

355 4561 785 4621 Emundaberis
817 4569 1015 4620 autem
1046 4566 1117 4621 ab
1149 4564 1566 4637 exiguitatibus
1587 4565 1844 4621 tuis.Sed
1867 4568 1924 4620 et
1953 4580 2155 4620 omnes
2187 4563 2285 4635 qui
2307 4562 2469 4618 dubii
2499 4579 2613 4617 non
2640 4561 3371 4629 fuerint,emundebuntur
3392 4561 3466 4617 ab
3497 4560 3776 4618 omnibus

1536 4709 1782 4764 VARl/E
1820 4708 2211 4767 LECTIONES
2249 4708 2339 4762 ET
2377 4706 2588 4762 NOT/E

360 4836 840 4915 Epoqﬁyivﬂu‘am
875 4835 1115 4890 Latinus
1135 4835 1433 4915 interpres
1452 4834 2008 4915 verterit‘Si’byllam.
2335 4832 2495 4915 Bodl.-
2523 4834 2579 4886 et
2608 4830 2807 4915 Lamb.
2841 4835 2995 4907 Apud
3023 4853 3133 4892 me.

361 4902 523 4979 Sicut
551 4902 703 4958 infra
733 4904 834 4979 lib.
870 4923 930 4973 Π,
978 4907 1174 4979 mand.
1207 4902 1606 4979 νι,⁷ἀγγὲλους
1656 4910 1712 4960 et
1752 4902 1955 4979 ἅ·ξγελο

1207 4902 1606 4979 νι,⁷ἀγγὲλους
1656 4910 1712 4960 et
1752 4902 2008 4979 éiﬁekov,
2194 4902 2306 4979 (66)
2338 4904 2540 4979 Lamb.
2571 4903 2786 4979 gloriae.

360 4976 550 5045 genios
572 4992 639 5031 ac
671 4978 901 5044 genium
932 4978 1203 5033 reddidit.
1383 4974 1394 4979 ⁷
1422 4974 1431 4979 ⁷
1800 4974 1809 4979 ⁷
1838 4974 1847 4978 ⁷
2193 4974 2303 5045 (67)
2337 4975 2541 5029 Lamb.
2574 4974 2781 5030 eduxit.

436 5046 550 5119 (56)
584 5049 785 5119 Lamb.
824 5049 1073 5105 libellum
1101 5066 1282 5105 suum.
2192 5045 2306 5119 (68)
2334 5046 2535 5119 Lamb.
2570 5062 2707 5119 cum
2736 5045 2888 5103 Fello
2917 5050 3055 5119 facti
3082 5066 3291 5105 sumus.

456 5117 547 5191 57)
582 5118 720 5191 Mss.
754 5119 812 5174 S.
836 5120 1043 5191 ,Germ.
1078 5127 1133 5176 et
1165 5120 1360 5176 Lamb.
1393 5119 1565 5191 scient
1595 5120 1775 5175 electi.
2194 5117 2304 5189 (69)
2336 5117 3176 5191 Lamb._Recogitanle._Fellus,
3212 5121 3499 5189 Cogitante
3527 5135 3680 5191 ergo.

456 5188 548 5263 58)
580 5189 782 5263 _L_amb.
818 5189 1108 5263 Grappatae
1132 5193 1225 5247 Sic
1257 5209 1410 5260 mox,
1438 5190 1727 5263 Grappale.
2194 5188 2303 5263 (70)
2335 5188 2497 5263 Bodl.
2527 5189 2774 5244 Domini.
2809 5195 2884 5263 At
2910 5189 3127 5263 Victor.
3164 5188 3327 5248 deest
3351 5193 3493 5263 eius.

437 5260 549 5336 (59)
580 5260 691 5315 Ms.
723 5262 783 5317 S.
841 5260 1033 5336 Germ.
1090 5281 1192 5336 pro
1254 5264 1503 5331 langues,
1542 5260 1732 5319 habet
1761 5263 2006 5335 jejunus.
2192 5260 2306 5336 (71)
2335 5260 2585 5336 βαι-ειη,
2613 5265 2679 5336 ut
2710 5262 2904 5333 modo,
2929 5262 3092 5318 Bodl.
3124 5265 3364 5320 Domini.
3395 5262 3549 5336 Vict.
3584 5262 3767 5318 deest.

363 5330 824 5408 Bodlj‘egens‘es.
855 5334 1062 5408 Lamb.
1090 5330 1253 5408 egens
1293 5330 1367 5408 es;
1485 5405 1495 5408 _
1572 5407 1576 5408 ί
1719 5405 1731 5408 _
1762 5330 1775 5335 ⁷
1813 5330 1827 5335 ⁷
2191 5330 2303 5408 (72)
2335 5332 2537 5387 Lamb.
2572 5330 2896 5404 quicunque
2928 5351 3118 5407 passus
3163 5337 3352 5406 fuerit.
3404 5333 3571 5391 Bodl.
3620 5335 3765 5408 quis-

456 5474 546 5551 61)
579 5476 780 5551 Lamb.
814 5474 1125 5551 aestima-vi.
1281 5548 1319 5551 Δ
2122 5474 2142 5477 ⁷
2190 5474 2302 5551 (73)
2336 5477 2506 5551 Deest
2535 5474 2635 5551 Dei
2660 5475 2718 5529 in
2754 5474 2956 5551 Lam_b.

454 5545 543 5671 62)
579 5547 781 5602 Lamb.
817 5548 1040 5603 lintum.
1073 5549 1165 5603 Sic
1194 5552 1250 5604 et
1281 5545 1495 5604 Fellus.
1652 5620 1661 5630 .
2190 5545 2304 5619 (74)
2336 5547 2476 5631 Mss.
2526 5545 2719 5601 Carm.
2771 5550 2829 5630 et
2980 5549 3173 5605 Germ.
3222 5551 3515 5620 utriusque
3564 5554 3617 5605 et

450 5618 518 5671 64
573 5617 738 5671 Bodl.
767 5625 1213 5671 msh-uexerunt.
1250 5618 1464 5671 Fellus-
1490 5623 1658 5671 erecti
1687 5622 1832 5671 sunt.
2120 5620 2321 5671 Lamb.
2352 5623 2597 5671 utmaue
2624 5634 2696 5671 ea:
2724 5633 2904 5671 ezsaui
2935 5619 3008 5671 ad
3039 5620 3334 5671 dexteram
3360 5620 3582 5671 salem-
3608 5620 3757 5671 adsi-

432 5688 521 5766 (64

573 5617 738 5695 Bod
767 5625 1213 5695 egsIruexerunt.
1250 5618 1465 5695 Fellus,
1490 5620 1668 5695 erecti
1687 5622 1832 5675 sunt.
2120 5617 2321 5695 Lamb.
2352 5618 2597 5695 utrisque
2624 5634 2696 5674 ea:
2724 5619 2905 5691 eisqui
2935 5619 3008 5675 ad
3039 5620 3334 5680 dexteram
3360 5617 3583 5695 salleni,
3608 5620 3758 5678 adsi-

435 5404 544 5477 (60)
581 5404 780 5477 Lamb.
814 5405 866 5459 ei
896 5408 1062 5477 loqui.
1097 5404 1313 5475 Fellus,
1347 5405 1497 5477 loqui
1523 5407 1666 5460 ei....
1698 5405 1953 5462 dicerem.
2119 5406 2243 5477 quis
2274 5404 2327 5475 ρ.
2365 5408 2409 5473 f.

581 5404 780 5459 Lamb.
814 5405 866 5459 ei
896 5408 1062 5477 loqui.
1097 5402 1313 5475 Fellus,
1347 5405 1497 5477 loqui
1523 5407 1666 5460 ei....
1698 5405 1953 5462 dicerem.
2119 5402 2243 5477 quis
2274 5402 2327 5475 ρ.
2365 5408 2409 5473 f.

580 5476 780 5531 Lamb.
814 5479 1113 5533 aestima-vi.
2190 5477 2302 5551 (73)
2338 5477 2506 5531 Deest
2535 5474 2586 5528 ι).

579 5547 781 5602 Lamb.
817 5548 1040 5603 linlum.
1073 5549 1165 5603 Sic
1194 5552 1250 5604 et
1281 5545 1495 5604 Fellus.
2190 5548 2304 5619 (74)
2336 5547 2476 5602 Mss.
2526 5545 2586 5600 Ct

573 5617 738 5674 Bodl.
767 5625 1213 5677 exstruexerunt.
1250 5618 1465 5690 Fellus,
1490 5620 1661 5675 erecti
1687 5622 1832 5675 sunt.
2120 5620 2321 5674 Lamb.
2352 5618 2586 5689 utrisque

574 5688 761 5767 BodL,
795 5690 996 5753 Lamb.
1029 5697 1087 5752 et
1114 5692 1305 5753 Carm.
1347 5691 1718 5765 horripilatio.
2117 5692 2352 5751 nistram
2379 5688 2586 5751 sedent.
