4038 6210
274 372 386 434 901
1414 368 1747 431 PAS'I‘OR.
1776 365 2031 429 —LIB.
2078 369 2125 428 Ι.
2171 366 2401 431 VISIO.
2448 368 2558 432 ΙΙΙ.
3566 382 3685 444 902

272 502 527 576 peccatis
568 502 627 558 in
659 501 818 558 hunc
851 501 1031 557 diem.
1067 500 1135 556 Et
1164 517 1297 556 cum
1329 500 1450 557 hec
1481 501 1743 567 dixisset,
1777 498 2005 555 volebat
2033 499 2209 556 abire.
2244 501 2312 555 Et
2343 502 2650 573 procidens
2696 503 2783 559 illi
2814 506 2885 560 ab
2931 506 3121 578 pedes,
3158 511 3352 582 rogavi
3385 512 3547 569 illam
3581 533 3684 588 per

271 593 608 663 Dominum,
637 596 702 647 ut
725 591 869 646 mihi
902 592 1329 647 demonstraret
1354 592 1508 663 quod
1541 590 1954 662 repromiserat
1984 589 2196 644 visum.
2220 592 2291 644 At
2322 590 2421 645 illa
2453 608 2657 648 rursus
2689 595 3072 666 apprehendit
3102 616 3343 656 manum
3378 618 3590 673 meam,
3620 612 3677 662 et

273 683 456 739 erexit
494 686 673 753 me,et
702 680 836 737 fecit
865 681 1065 737 sedere
1096 697 1274 752 super
1303 679 1628 736 subselium
1655 680 1727 735 ad
1759 679 2063 734 sinistram
2092 696 2106 745 ;
2140 684 2197 733 et
2230 678 2451 735 elevata
2470 681 2632 753 virga
2662 684 2917 753 quadam
2950 687 3275 760 splendida,
3309 691 3454 746 dixit
3488 694 3631 749 mihi
3662 715 3680 750 :

276 772 455 828 Vides
486 787 608 827 rem
641 786 913 841 magnam
936 770 964 824 ‘I
988 768 1126 824 Dico
1158 770 1206 825 ei
1243 786 1256 823 :
1291 768 1559 839 Domina,
1593 768 1737 823 nihil
1768 768 1954 823 video.
1990 768 2131 822 Ecce
2161 769 2275 838 (75)
2304 785 2417 823 non
2461 769 2619 825 vides
2662 776 2864 828 contra
2896 778 2949 828 te
2980 775 3186 831 turrim
3220 795 3514 851 magnam,
3548 799 3676 854 qua:

277 861 601 917 adificatur
630 876 805 932 super
832 875 1038 930 aquas,
1068 857 1366 930 lapidibus
1398 857 1638 929 quadris
1658 857 1769 928 (76)
1800 856 2123 929 splendidis
2143 855 2171 910 ‘I
2219 861 2282 911 In
2306 858 2589 928 quadrato
2620 861 2776 915 enim
2819 862 3216 920 aedificabatur
3243 869 3423 925 turris
3452 872 3524 926 ab
3558 872 3676 928 illis

279 967 384 1007 sex
404 949 743 1021 juvenibus,
762 949 863 1020 qui
883 952 1163 1004 venerant
1182 963 1316 1002 cum
1336 946 1454 1002 illa.
1486 945 1611 1001 Alia
1631 951 1827 1001 autem
1850 945 2035 1001 multa
2055 944 2239 1001 millia
2259 946 2515 1001 virorum
2538 950 2925 1020 apportabant
2946 951 3188 1025 lapides.
3208 955 3455 1018 Quidam
3484 965 3679 1017 autem

280 1040 353 1096 de
384 1039 673 1111 profundo
700 1037 1012 1092 trahebant
1041 1035 1303 1108 lapides;
1348 1035 1445 1091 alii
1477 1036 1548 1090 de
1576 1038 1730 1090 terra
1760 1034 2208 1101 transferebant,
2242 1040 2298 1089 et
2327 1035 2698 1108 porrigebant
2748 1038 2864 1093 illis
2894 1057 2995 1095 sex
3015 1042 3355 1111 juvenibus.
3394 1047 3567 1103 Porro
3602 1050 3688 1106 illi

280 1128 674 1199 accipiebant,
696 1131 752 1183 et
781 1125 1169 1224 aedificabant.
1204 1125 1314 1181 Eos
1345 1128 1539 1179 autem
1571 1123 1669 1194 qui
1700 1123 1771 1221 de
1800 1122 2086 1224 profundo
2113 1124 3057 1224 extrahebantu‘r.lapideam-mnes
3078 1132 3162 1186 sic
3193 1134 3557 1203 ponebantur
3578 1141 3694 1224 (77)

280 1216 341 1270 in
374 1219 737 1271 structuram
771 1231 785 1270 :
819 1214 982 1286 politi
1005 1214 1162 1269 enim
1184 1218 1371 1278 erant,
1395 1217 1451 1268 et
1473 1212 1883 1267 convenientes
1914 1212 2312 1267 commissurae
2343 1229 2476 1268 cum
2509 1211 2622 1268 illis
2645 1215 2755 1286 (78)
2779 1215 3111 1287 lapidibus;
3146 1221 3344 1293 sicque
3375 1211 3694 1300 conjunge;

283 1304 501 1359 bantur
532 1303 684 1359 alius
716 1304 787 1358 ad
819 1304 1025 1369 alium,
1058 1302 1139 1358 ita
1171 1307 1235 1357 ut
1265 1300 1665 1357 commissura:
1696 1316 1897 1355 eorum
1930 1317 2043 1355 non
2095 1305 2360 1372 paterent
2390 1301 2518 1369 (79).
2569 1302 2636 1356 Et
2664 1303 2723 1357 in
2756 1303 2911 1359 hunc
2942 1310 3184 1364 modum
3232 1315 3552 1384 apparebat
3580 1319 3694 1389 (80)

284 1398 580 1449 structura
606 1392 807 1458 turris,
838 1398 1119 1463 tanquam
1149 1407 1217 1447 ex
1247 1408 1363 1446 uno
1394 1390 1586 1463 lapide
1615 1390 1918 1445 aediﬁcata.
1943 1393 2187 1445 Caeteros
2217 1395 2412 1445 autem
2437 1391 2658 1462 lapides
2691 1393 2789 1464 qui
2821 1395 3213 1454 aﬂ'erebantur
3236 1401 3307 1456 de
3339 1406 3697 1477 terra,quos-

282 1484 417 1538 dam
449 1483 688 1553 quidem
720 1481 1060 1553 rejiciebant
1088 1481 1377 1553 quosdam
1407 1496 1539 1535 vero
1570 1479 1929 1551 adaptabant
1976 1480 2091 1549 (81)
2124 1479 2183 1533 in
2224 1484 2599 1535 structuram.
2634 1480 2794 1538 Alios
2824 1484 3186 1553 excidebant,
3218 1494 3274 1543 et
3306 1493 3693 1563 projiciebant

284 1572 459 1645 longe
487 1588 522 1626 a
549 1571 721 1627 turri.
747 1570 859 1626 Alii
888 1575 1081 1626 autem
1116 1568 1338 1641 lapides
1360 1567 1531 1623 multi
1552 1567 1709 1622 circa
1740 1567 1950 1623 turrim
1976 1568 2149 1639 positi
2178 1573 2343 1623 erant
2364 1569 2505 1640 (8'2);
2533 1575 2589 1625 et
2610 1587 2721 1625 non
2747 1573 3061 1630 utebantur
3081 1576 3199 1633 illis
3222 1580 3293 1633 ad
3315 1584 3695 1643 structuram.

284 1660 465 1716 Erant
491 1660 650 1715 enim
682 1660 923 1732 quidam
952 1675 1021 1715 ex
1067 1657 1184 1713 illis
1227 1656 1508 1723 scabrosi,
1559 1656 1658 1711 alii
1707 1659 1903 1711 autem
1940 1656 2233 1712 scissuras
2266 1656 2579 1727 habebant,
2626 1660 2725 1715 alii
2773 1678 2904 1717 vero
2936 1665 3165 1720 candidi
3196 1671 3252 1722 et
3281 1672 3540 1743 rotundi,
3579 1656 3695 1729 non

286 1750 693 1806 convenientes
721 1749 782 1805 in
830 1752 1187 1806 structuram
1234 1746 1435 1803 turris.
1468 1745 1754 1801 Videbam
1803 1749 1999 1800 autem
2048 1745 2194 1801 alios
2223 1745 2445 1818 lapides
2491 1748 2693 1820 projioi
2724 1749 2893 1823 longe
2926 1769 2959 1806 a
2990 1756 3157 1822 turri,
3191 1760 3249 1811 et
3280 1757 3605 1818 incidentes
3636 1763 3696 1817 in

288 1839 446 1894 viam
475 1838 672 1909 (83),et
700 1854 816 1894 non
842 1841 1144 1894 manentes
1172 1835 1232 1891 in
1262 1836 1373 1902 via,
1406 1835 1508 1891 sed
1538 1833 1683 1889 volvi
1716 1835 1788 1889 de
1816 1835 1909 1889 via
1941 1833 1998 1889 in
2030 1834 2223 1889 locum
2256 1834 2553 1891 desertum
2579 1855 2591 1905 ;
2626 1836 2770 1893 alios
2802 1843 2997 1895 autem
3030 1840 3089 1897 in
3122 1842 3318 1915 ignem
3350 1847 3695 1919 incidentes,

288 1931 347 1982 et
372 1926 678 1995 ardentes;
711 1925 857 1982 alios
882 1926 1152 1982 cadentes
1181 1940 1351 1981 secus
1399 1938 1636 1995 aquam,
1669 1938 1773 1978 nec
1803 1938 1975 1995 posse
2030 1922 2177 1977 volvi
2218 1923 2278 1977 in
2317 1940 2553 1995 aquam,
2602 1925 2932 1984 volentibus
2963 1930 3204 2001 quidem
3252 1934 3337 1990 eis
3373 1936 3590 1993 intrare
3640 1940 3698 1996 in

292 2032 530 2088 aquam.

1821 2110 2054 2167 CAPUT
2096 2111 2191 2166 III.

364 2203 593 2257 Etcum
636 2202 756 2256 haec
786 2200 931 2256 mihi
981 2202 1429 2272 demonstraret,
1480 2199 1707 2257 volebat
1752 2200 2016 2255 recedere
2065 2201 2195 2271 (84).
2250 2200 2381 2256 Dico
2412 2202 2461 2257 ei
2499 2219 2510 2257 :
2547 2202 2812 2271 Domina,
2846 2205 2985 2276 quid
3019 2208 3160 2263 mihi
3190 2212 3427 2281 prodest
3459 2213 3579 2270 haec
3610 2216 3695 2270 vi-

290 2289 469 2357 disse,
502 2294 559 2346 et
588 2306 703 2345 non
734 2289 879 2345 scire
905 2306 1030 2361 qua:
1052 2289 1171 2345 sint
1199 2289 1286 2344 hae
1318 2306 1409 2345 res
1432 2289 1459 2343 ‘I
1488 2288 1867 2361 Respondens
1897 2288 2044 2344 dixit
2075 2290 2550 2345 mihi:Versutus
2582 2309 2643 2347 es
2676 2293 2872 2363 homo,
2895 2295 3091 2352 volens
3122 2298 3270 2354 scire
3299 2317 3365 2355 ea
3396 2319 3523 2373 quae
3551 2305 3705 2361 circa

288 2381 499 2435 turrim
534 2383 691 2434 sunt.
717 2379 821 2445 Ita,
854 2378 1094 2450 inquam
1117 2378 1393 2447 ,domina,
1409 2383 1513 2433 aut
1542 2378 1822 2433 fratribus
1844 2378 2271 2443 annuntiem,et
2300 2378 2603 2435 hilariores
2639 2382 2782 2437 {iant
2810 2400 2823 2449 ;
2857 2389 2914 2438 et
2943 2384 3066 2440 hac
3096 2388 3397 2445 audientes
3427 2392 3707 2449 honoriﬁ-

289 2474 423 2525 cent
453 2468 764 2524 Dominum
795 2484 929 2523 cum
988 2466 1175 2523 multa
1227 2468 1430 2539 gloria.
1454 2468 1523 2522 Et
1570 2468 1671 2523 illa
1701 2467 1783 2522 ait
1814 2484 1827 2521 :
1862 2467 2111 2522 Audient
2144 2468 2379 2539 quidem
2413 2468 2583 2523 multi
2610 2488 2622 2537 ;
2656 2476 2713 2525 et
2744 2488 2875 2526 cum
2910 2473 3220 2543 audierint,
3250 2478 3490 2548 quidam
3522 2498 3591 2537 ex
3620 2485 3703 2539 eis

290 2559 650 2632 gaudebunt,
684 2557 925 2629 quidam
957 2561 1153 2612 autem
1181 2557 1422 2613 ﬂebunt.
1457 2556 1567 2613 Sed
1600 2561 1658 2612 et
1686 2557 1784 2611 isti
1816 2557 1923 2627 (85)
1957 2556 2281 2623 audientes,
2316 2558 2364 2612 si
2397 2558 2797 2629 paenitentiam
2835 2562 3076 2634 egerint,
3112 2569 3168 2620 et
3196 2567 3307 2639 ipsi
3339 2571 3701 2641 gaudebunt.

288 2648 441 2703 Audi
472 2664 627 2702 nunc
657 2646 727 2702 de
758 2645 1142 2701 similitudine
1172 2646 1350 2701 turris
1381 2646 1579 2701 omnia
1603 2644 1743 2710 haec,
1776 2649 1834 2701 et
1860 2645 2143 2701 hactenus
2175 2646 2321 2700 mihi
2354 2647 2425 2701 de
2457 2647 2801 2703 revelatione
2833 2650 3134 2708 molestior
3163 2670 3291 2711 esse
3315 2657 3699 2717 noli.Revela-

290 2737 480 2792 tiones
509 2736 666 2791 enim
698 2735 829 2791 istae,
850 2736 1024 2790 ﬁnem
1057 2734 1275 2791 habent
1298 2734 1581 2806 :impletm
1612 2738 1753 2790 sunt
1780 2734 1958 2789 enim.
1984 2734 2095 2790 Sed
2126 2739 2190 2789 tu
2221 2751 2335 2789 non
2366 2736 2586 2791 desinis
2618 2738 2675 2791 in
2708 2740 2955 2810 petendo
2982 2741 3703 2820 revelationes,improbus

294 2826 409 2898 (86)
440 2824 597 2881 enim
627 2840 709 2880 es.
744 2824 949 2880 Turris
980 2823 1215 2896 quidem
1248 2841 1426 2896 quam
1457 2824 1619 2879 vides
1651 2824 1947 2891 aediﬁcari,
1978 2839 2084 2895 ego
2115 2840 2247 2878 sum
2275 2824 2546 2892 Ecclesia,
2573 2842 2699 2897 qua:
2734 2828 2837 2882 tibi
2862 2831 3104 2901 apparui
3137 2838 3194 2887 et
3225 2835 3397 2891 modo
3429 2842 3486 2892 et
3515 2840 3700 2910 prius.

294 2914 697 2984 Quodcunque
721 2912 901 2985 igitur
920 2911 1195 2980 volueris,
1220 2910 1513 2984 interroga
1535 2914 1606 2967 de
1631 2913 1776 2967 turri
1804 2930 1815 2979 ;
1851 2920 1907 2967 et
1936 2912 2199 2968 revelabo
2218 2912 2342 2983 tibi,
2370 2919 2432 2968 ut
2460 2916 2715 2986 gaudeas
2741 2933 2875 2971 cum
2906 2921 3145 2976 sanctis.
3170 2922 3307 2979 Dico
3336 2926 3386 2979 ei
3408 2942 3421 2982 :
3440 2926 3706 2998 Domina,

298 3002 579 3075 quoniam
610 3018 702 3057 me
732 3000 906 3057 semel
927 3001 1170 3073 dignum
1201 3001 1483 3057 arbitrata
1513 3018 1574 3057 es
1606 3005 1670 3056 ut
1700 3002 1899 3057 omnia
1925 3001 2067 3056 mihi
2101 3000 2337 3071 reveles,
2371 3002 2576 3057 revela.
2602 3005 2698 3059 Ait
2728 3005 2872 3059 mihi
2907 3022 2918 3061 :
2954 3009 3353 3084 Quodcunque
3383 3020 3706 3086 Oportuerit

301 3090 407 3146 tibi
440 3090 702 3160 revelari,
734 3090 1119 3159 revelabitur;
1152 3095 1381 3145 tantum
1413 3095 1478 3145 ut
1507 3106 1605 3145 cor
1634 3094 1800 3146 tuum
1833 3090 1986 3161 apud
2020 3090 2329 3145 Dominum
2362 3090 2519 3155 sit,et
2543 3108 2614 3147 ne
2644 3093 2898 3160 dubites,
2931 3098 3322 3171 quodcunque
3349 3102 3581 3160 videris.
3616 3109 3707 3162 In-

302 3179 590 3251 terrogavi
622 3180 733 3251 (87)
764 3178 921 3234 illam
956 3196 968 3233 :
1004 3181 1191 3245 Quare
1222 3178 1402 3234 turris
1434 3178 1715 3234 aediﬁcata
1744 3184 1835 3235 est
1859 3196 2036 3251 super
2066 3196 2271 3251 aquas,
2306 3180 2589 3236 domina?
2622 3182 2976 3255 Respondit:
3004 3186 3269 3244 Dixeram
3297 3191 3399 3246 tibi
3431 3198 3487 3247 et
3518 3196 3703 3266 prius,

301 3272 607 3324 versutum
639 3273 694 3323 te
724 3284 851 3324 esse
880 3268 1034 3323 circa
1064 3272 1391 3323 structuras
1411 3266 1719 3340 diligenter
1741 3268 2167 3350 inquirentem;
2208 3268 2387 3341 igitur
2414 3270 2674 3327 invenies
2694 3273 3210 3340 veritatem.Quare
3241 3296 3377 3352 ergo
3397 3298 3574 3354 super
3594 3285 3706 3357 (88)

304 3374 492 3429 aquas
522 3356 842 3412 aediﬁcatur
868 3358 1067 3425 turris,
1094 3357 1229 3412 audi
1280 3375 1293 3413 :
1343 3358 1630 3423 Quoniam
1662 3358 1781 3413 vita
1808 3363 2000 3413 vestra
2030 3374 2131 3429 per
2180 3375 2394 3429 aquam
2425 3359 2584 3415 salva
2626 3362 2778 3417 facta
2820 3368 2927 3430 est,
2963 3368 3019 3419 et
3049 3366 3148 3422 ﬁet
3188 3368 3251 3423 ⁸⁷.
3307 3370 3571 3428 Fundata
3604 3356 3709 3429 est

302 3447 463 3503 enim
490 3447 661 3503 verbo
691 3446 1109 3519 omnipotentis
1138 3452 1196 3501 et
1224 3446 1528 3502 honorifici
1561 3447 1817 3502 nominis
1852 3464 1865 3502 :
1898 3447 2229 3503 continetur
2260 3452 2454 3503 autem
2485 3451 2596 3521 (89)
2628 3452 2699 3505 ab
2732 3452 3011 3509 invisibili
3040 3456 3252 3513 virtute
3278 3458 3398 3514 Dei.

1837 3588 2065 3645 CAPUT
2100 3590 2187 3645 IV.

383 3678 763 3749 Respondens
794 3678 922 3733 dico
952 3678 1024 3732 ei.
1055 3678 1358 3749 Magnifice
1388 3658 1606 3734 habent
1627 3695 1689 3733 se
1720 3696 1810 3734 res
1834 3678 1941 3733 Ῐιω.
1974 3678 2061 3733 Illi
2084 3684 2280 3734 autem
2313 3681 2547 3747 iuvenes
2579 3698 2678 3736 sex
2710 3683 2807 3753 qui
2839 3685 3251 3760 aedificant,qui
3274 3691 3708 3759 sunt,domina?

306 3768 378 3823 Hi
410 3768 523 3840 (90)
554 3772 695 3823 sunt
725 3766 911 3839 angeli
942 3767 1049 3835 (91)
1086 3766 1179 3822 Dei
1211 3767 1309 3838 qui
1361 3767 1547 3839 primo
1579 3768 1879 3823 constituti
1929 3771 2086 3835 sunt,
2133 3768 2347 3839 quibus
2396 3770 2635 3824 tradidit
2680 3770 2960 3829 Dominus
3010 3776 3337 3835 universam
3382 3788 3708 3839 creaturam

309 3874 502 3923 suam,
537 3856 797 3912 struendi
830 3856 963 3927 (92),
995 3854 1315 3910 aediﬁcandi
1348 3861 1405 3910 et
1433 3856 1773 3911 dominandi
1804 3863 2076 3912 creaturae
2109 3856 2286 3911 illius.
2314 3857 2418 3911 Per
2448 3856 2554 3913 hos
2585 3859 2740 3914 enim
2772 3862 2883 3933 (93)
2915 3868 3423 3923 consummabitur
3452 3875 3710 3927 structu—

310 3963 377 4001 ra
406 3944 609 4001 turris.
641 3944 842 4001 Ceteri
873 3949 1065 4000 autem
1100 3944 1200 4016 qui
1229 3950 1541 4017 apportant
1569 3946 1676 4017 (94)
1709 3945 1932 4017 lapides
1965 3944 2066 4017 qui
2098 3946 2281 4000 sunt?
2325 3946 2396 4001 Et
2440 3945 2552 4019 ipsi
2584 3950 2770 4004 sancti
2803 3951 2914 4020 (95)
2945 3952 3135 4024 angeli
3182 3955 3413 4012 Domini
3448 3976 3461 4014 :
3490 3960 3591 4015 sed
3624 3960 3711 4017 illi

382 4036 427 4069 ⁸⁷
460 4035 481 4089 Ι
513 4034 663 4090 Petr.
706 4050 790 4105 ιιι,
820 4034 910 4104 20,
940 4034 1030 4088 21.

1484 4149 1715 4206 VARIE
1752 4150 2139 4207 LECTIONES
2177 4150 2270 4205 ET
2310 4149 2539 4208 NOT/E.

406 4267 497 4333 75)
530 4264 691 4320 Bodl.
722 4266 857 4320 add.
888 4266 976 4321 Ait
1001 4265 1143 4320 mihi
1170 4282 1189 4321 :
1221 4266 1369 4333 Ecce,
1402 4269 1511 4321 etc.

406 4270 497 4333 75)
531 4270 691 4320 Bodl.
722 4270 857 4320 add.
888 4270 976 4321 Ait
1001 4270 1143 4320 mihi
1170 4282 1189 4321 :
1221 4270 1369 4333 Ecce,
1402 4270 1511 4321 etc.

385 4270 498 4409 (76)
527 4337 663 4409 Mss.
699 4338 757 4392 S.
800 4337 1016 4401 Germ.,
1067 4342 1253 4393 Carm.
1296 4341 1353 4391 et
1401 4338 1599 4393 Lamb.
1645 4338 1949 4409 quadratis.

311 4408 407 4465 Sic
437 4413 495 4463 et
526 4408 743 4464 Fellus.

404 4480 497 4551 77)
529 4480 667 4536 Mss.
696 4484 884 4535 Carm.
918 4484 976 4535 et
1013 4480 1212 4535 Lamb.
1273 4479 1640 4552 imponebant.
1675 4480 1835 4535 Bodl.
1861 4496 1958 4552 po-

312 4554 619 4693 ηεῖῗῶιῖὶα
648 4625 898 4693 quatuor
924 4638 1067 4678 mss.
1101 4623 1165 4679 S.
1214 4622 1432 4690 Germ.,
1480 4622 1652 4692 Vict.,
1709 4622 1871 4678 Bodl.
1903 4627 1961 4679 et

316 4692 911 4776 Lamb.'Editi,alhiis.
1066 4768 1153 4776 Α-
1221 4764 1257 4776 η
1697 4769 1709 4776 _
1774 4766 1828 4776 Μ

387 4766 501 4891 (79)
531 4764 758 4847 Lamb,.
799 4767 986 4821 Carm.
1029 4768 1085 4819 et
1120 4768 1175 4819 S.
1216 4764 1411 4847 Germ.
1436 4769 1728 4845 .parerent.
1773 4766 1867 4821 Sic
1906 4770 1962 4821 et

316 4838 393 4919 Fc
420 4836 533 4903 lus,
557 4852 657 4919 qui
690 4835 1496 4919 tam-ealegendum'conjicit,
1518 4839 1961 4907 paterent.Hunc

316 4908 510 4963 locum
544 4908 824 4963 describit
861 4907 1137 5034 Origenes
1164 4907 1488 4964 Philocalim
1514 4924 1640 4978 cap.
1672 4925 1793 4963 VIII.

389 4979 503 5034 (80)
534 4978 698 5033 Bodl.
740 4984 796 5034 et
825 4979 964 5034 Lam
1017 5020 1028 5032 .
1060 4980 1126 5033 Et
1154 4981 1233 5034 sic
1265 4980 1511 5034 narebat.
1549 4981 1636 5034 Ita
1664 4984 1721 5034 et
1750 4983 1793 5032 Fi

389 4979 503 5047 (80)
534 4978 698 5033 Bodl.
740 4984 796 5034 et
825 4978 1031 5051 Lamb.
1060 4980 1126 5033 Et
1154 4981 1233 5035 sic
1263 4980 1511 5051 parebat.
1549 4981 1636 5035 Ita
1664 4984 1721 5035 et
1750 4978 1959 5048 Fellus,

315 5066 495 5176 edqtio
524 5054 720 5106 tamen
750 5067 866 5108 ms.
905 5049 1213 5106 lectionem
1263 5049 1459 5107 minus
1510 5055 1663 5107 recte
1711 5051 1963 5106 reddunt

318 5139 349 5176 e
396 5138 410 5175 ι
446 5139 481 5176 l.

318 5138 481 5177 θαιιι.

390 5194 501 5260 (81)
537 5192 729 5247 Lamb.
758 5194 1051 5263 ponebant.

391 5265 504 5335 (82)
534 5263 628 5319 Sic
670 5262 832 5335 Bodl.
864 5269 922 5320 et
950 5264 1154 5319 Lamb.
1187 5278 1255 5335 ex
1292 5262 1464 5319 Fello.
1499 5263 1648 5318 Editi
1688 5264 1958 5335 iacebant.

316 5334 493 5408 Apud
521 5334 854 5408 Busselium
885 5335 1191 5408 invertitur
1218 5334 1427 5408 lectio.‘
1459 5335 1649 5408 Monet
1678 5335 1753 5391 cl.
1795 5334 1961 5408 Cote-

317 5405 501 5463 lerius
531 5407 646 5463 huc
676 5407 1000 5480 respexisse
1027 5407 1378 5480 (Didymumg
1414 5405 1473 5460 in
1506 5406 1713 5462 Catena
1740 5407 1810 5461 ad
1840 5407 1959 5463 Job.

318 5496 446 5545 VIII,
480 5480 548 5533 17
580 5480 665 5546 18,
712 5478 923 5549 p.'202.
973 5479 1114 5549 Ejus
1160 5478 1335 5533 verba
1366 5478 1519 5532 inter
1568 5482 1845 5533 Veterum
1877 5484 1960 5533 te-

321 5549 603 5605 stimonia
619 5551 890 5623 superius
912 5549 1222 5623 relata.His
1240 5550 1441 5605 alﬂnia
1463 5549 1771 5623 moxiinl‘ra
1792 5566 1961 5623 capp.

321 5567 603 5605 sumonia
619 5567 685 5605 su
733 5567 890 5606 erius
912 5567 1222 5605 relatams
1240 5567 1441 5605 amma
1463 5567 1595 5604 mox
1618 5567 1675 5603 In

319 5623 357 5678 6
384 5623 618 5705 diluet
646 5567 749 5705 ΗΒ.
780 5621 1071 5705 1H,.SIIPII.
1106 5638 1184 5689 1x,
1204 5637 1383 5705 .capp.
1419 5624 1470 5689 6,
1498 5622 1555 5689 7,
1587 5622 1675 5677 31.

392 5692 508 5769 (83)
542 5691 743 5752 Lamb.
767 5693 1039 5753 venientes
1068 5709 1129 5751 in
1156 5693 1269 5753 via.

2132 4266 2245 4333 (84)
2274 4268 2379 4320 Ms.
2412 4266 2469 4320 S.
2504 4266 2722 4331 Germ.,
2754 4268 2945 4326 Carm.
2979 4276 3036 4326 et
3066 4274 3264 4331 Lamb.
3298 4293 3601 4335 recurrere.

2278 4341 2364 4418 lata
2395 4338 2620 4418 ρεξτε.
2645 4338 2851 4418 Germ.
2879 4343 3142 4418 Ca_rm._et
3170 4348 3368 4403 Lamb.
3393 4351 3567 4418 Editi,
3599 4352 3710 4409 illi.

2402 4407 2569 4489 _Bodl_.
2604 4410 2894 4489 et_Lamb.
2932 4414 3079 4489 Editi
3114 4420 3481 4489 importunus.

2104 4479 2252 4563 "(87)
2286 4480 2623 4563 Ms.Lamb.:
2650 4484 2850 4563 Rev-ctu
2868 4486 3010 4541 mihi
3026 4479 3393 4563 (quodcunque
3410 4497 3711 4563 oportuerit

2066 4551 2170 4604 tibi
2204 4552 2486 4626 revelare.
2547 4552 2893 4626 Revetabitur
2947 4574 2982 4612 a
3014 4551 3084 4626 te,
3109 4551 3323 4615 tanturn
3351 4566 3410 4615 ut
3440 4551 3533 4619 cor
3560 4573 3713 4620 tuum

2068 4621 2214 4701 apud
2244 4622 2535 4701 Dominum
2562 4625 2651 4701 sit,
2684 4628 2832 4701 etne
2850 4621 3082 4701 dubites
3125 4632 3265 4701 quod
3311 4648 3435 4687 eum
3482 4636 3709 4692 videris.

2070 4694 2427 4764 Interrogavi,
2460 4697 2567 4748 etc.
2593 4694 2819 4751 Laudat
2850 4697 3004 4755 hunc
3035 4694 3225 4757 locum
3256 4702 3523 4761 Clemens
3544 4706 3706 4762 Alex.

2072 4764 2427 4841 tioileib.
2460 4782 2527 4841 ιιζ
2553 4780 2681 4841 cap.
2716 4768 2767 4831 1,
2794 4785 2925 4841 pag.
2958 4773 3079 4827 430.

2139 4835 2255 4916 (88)
2286 4835 2469 4916 Bodl,
2505 4835 2711 4916 Lamb.
2740 4835 3191 4916 et'Carm._circa
3219 4847 3535 4916 scripturas.
3570 4849 3714 4903 Diti—

2070 4908 2259 4977 genter
2278 4909 2593 4979 inquierens
2615 4911 2807 4979 igitur.
2828 4914 2920 4967 Sic
2950 4914 3158 4970 Fellus.
3178 4908 3353 4971 Addit
3372 4917 3629 4975 Clericus
3651 4919 3709 4973 id

2071 4997 2181 5064 ms.
2202 4979 2421 5061 .Lam'b.
2456 4980 2535 5033 ita
2565 4979 2725 5064 legi:
2758 4985 3077 5054 scripturas,
3110 4992 3162 5041 et
3190 4989 3581 5057 inquirentem.
3608 4993 3712 5062 Igi-

2072 5056 2469 5140 turnirnvgniens
2500 5056 2975 5140 veritatemnq‘uarc
3002 5074 3186 5128 super,
3218 5056 3326 5114 etc.

2164 5123 2253 5195 89)
2280 5122 2736 5195 SicmssCarm.
2772 5122 2944 5195 Editi,
2973 5122 3142 5183 enim.

2162 5194 2253 5265 90)
2286 5191 2444 5265 Bodl.
2475 5194 2608 5265 add.
2642 5196 2729 5249 Ait
2761 5197 2898 5251 mihi
2931 5191 2944 5253 Ξ
2977 5200 3064 5265 Hi,
3089 5206 3197 5255 etc.
3231 5201 3324 5257 Sic
3354 5207 3412 5258 et
3438 5201 3646 5259 Fellus.
3678 5231 3687 5239 -

2164 5266 2226 5317 91
2284 5264 2457 5317 Addit
2488 5264 2679 5320 Fellus
2709 5283 2777 5321 ex
2808 5268 3006 5324 Lamb.
3036 5274 3233 5326 sancti.

2142 5264 2254 5405 (92)
2286 5334 2393 5390 Ms.
2428 5336 2485 5390 S.
2519 5340 2737 5403 Germ.,
2769 5338 2956 5396 Carm.
2991 5346 3047 5396 et
3078 5343 3233 5397 Laml

2162 5334 2254 5403 92)
2286 5334 2393 5390 Ms.
2428 5336 2485 5390 S.
2519 5340 2737 5403 Germ.,
2769 5338 2956 5396 Carm.
2991 5346 3047 5396 et
3078 5343 3279 5397 Lamb.
3311 5343 3552 5400 creandi.
3588 5345 3712 5400 Fel-

2070 5406 2164 5532 ltus
2196 5410 2392 5461 autem
2426 5424 2440 5462 :
2474 5412 2534 5461 ut
2562 5410 2853 5477 struerem,
2900 5412 3239 5485 aediﬁcarent
3275 5419 3324 5468 et
3353 5414 3711 5474 dominaren-

2096 5495 2181 5532 ur.

2096 5495 2181 5533 ur.

2143 5549 2252 5622 (93)
2285 5547 2443 5622 Bodl.
2474 5552 2529 5604 et
2561 5550 2761 5606 Lamb.
2786 5568 2931 5622 ergo.

2164 5621 2233 5673 94
2287 5619 2448 5674 Bodl.
2481 5619 2866 5691 apportabant.
2905 5625 3117 5696 Fellus,
3148 5628 3456 5701 deportant.

2143 5623 2255 5769 (95)
2287 5691 2395 5749 Ms.
2428 5691 2487 5751 S.
2518 5695 2710 5753 Germ.
2751 5700 2809 5755 et
2846 5696 2992 5756 Vict.
3023 5704 3077 5759 et
3102 5701 3210 5769 ipsi
3238 5707 3365 5759 sunt
3391 5714 3456 5762 sa

2165 5691 2255 5768 95)
2287 5691 2395 5749 Ms.
2428 5691 2487 5751 S.
2518 5695 2710 5753 Germ.
2751 5700 2809 5755 et
2846 5696 2992 5756 Vict.
3023 5704 3077 5759 et
3102 5691 3365 5775 ipsi'sunt
3391 5698 3595 5765 sancti.

2236 5196 2254 5405 ξ
