4038 6210
437 346 557 409 903
1937 339 2001 401 S.

2169 340 2350 403 sua:
2800 318 2801 321 ‘
3663 357 3764 420 θοι

432 483 572 536 sunt
599 478 691 534 his
718 475 1150 534 excellentiores
1178 476 1310 547 (96).
1347 474 1492 530 Cum
1524 490 1658 548 ergo
1689 478 2097 530 consummata
2127 474 2302 529 fuerit
2317 477 2615 529 structura
2629 471 2809 529 turris
2841 489 3046 531 omnes
3062 474 3239 532 simul
3259 480 3768 559 epulabunturjuxta

430 567 662 637 turrim,
694 571 750 622 et
779 565 1252 622 honorificabunt
1280 564 1618 632 Dominum,
1647 563 1927 635 quoniam
1960 566 2368 618 consummata
2397 563 2506 617 erit
2526 566 2821 618 structura
2846 563 3045 620 turris.
3081 566 3420 640 Interrogavi
3440 588 3554 628 eam
3579 576 3766 636 dicens:

428 656 640 713 Vellem
672 655 820 712 scire
850 655 1069 710 exitum
1100 654 1388 726 lapidum,
1419 658 1477 708 et
1507 654 1625 707 vim
1658 669 1857 708 eorum
1895 651 2085 723 qualis
2116 652 2211 706 sit.
2246 651 2625 723 Respondens
2656 655 2873 721 autem,
2907 652 3053 707 dixit
3081 654 3229 709 mihi
3259 674 3271 711 :
3304 657 3559 731 Nunquid
3588 667 3641 719 tu
3670 682 3765 737 pre

426 746 701 802 omnibus
732 744 937 800 melior
965 760 1049 808 es,
1085 749 1147 797 ut
1170 743 1274 798 tibi
1308 742 1361 796 id
1398 741 1726 797 reveletur?
1752 740 1859 795 Alii
1893 740 2050 796 enim
2081 740 2303 812 priores
2332 744 2388 794 te
2419 745 2557 795 sunt
2586 744 2643 796 et
2672 739 2941 796 meliores
2971 746 3045 811 te,
3080 743 3294 814 quibus
3340 750 3614 819 oportebat
3638 770 3767 810 rere.

425 833 534 890 lari
562 834 815 890 visiones
841 833 948 889 has
973 851 986 900 ;
1023 833 1123 888 sed
1156 836 1222 887 ut
1249 831 1663 886 honoriﬁcetur
1693 847 1906 886 nomen
1940 829 2061 896 Dei,
2089 829 2197 884 tibi
2229 828 2547 885 revelatum
2578 833 2667 884 est
2691 830 2803 901 (97)
2828 848 2841 895 ;
2873 831 3310 905 et‘revelabitur
3335 841 3551 908 propter
3577 841 3769 913 dubios,

424 923 525 995 qui
554 922 812 995 cogitant
842 922 899 976 in
932 921 1207 977 cordibus
1238 920 1381 988 suis,
1418 924 1691 975 utrumne
1713 918 1829 974 sint
1861 918 2083 984 haec,an
2114 934 2229 973 non
2263 917 2375 989 (98)
2407 916 2545 974 sint.
2577 918 2679 973 Dic
2712 917 2851 986 illis,
2886 920 3041 991 quod
3069 920 3191 977 haec
3219 924 3411 979 omnia
3438 931 3565 983 sunt
3588 938 3771 1001 vera,et

421 1010 564 1067 nihil
597 1015 757 1067 extra
782 1010 1083 1066 veritatem
1112 1013 1201 1065 est
1231 1033 1245 1076 ;
1278 1009 1380 1064 sed
1412 1008 1609 1065 omnia
1642 1008 1830 1074 firma,
1864 1011 2134 1078 certeque
2163 1006 2276 1078 (99)
2300 1007 2545 1063 fundata
2576 1012 2733 1063 sunt.

1969 1122 2198 1178 CAPUT
2237 1126 2304 1177 ν.

492 1216 641 1272 Audi
672 1233 827 1271 nunc
861 1220 918 1271 et
949 1216 1020 1270 de
1049 1215 1346 1288 lapidibus
1376 1214 1475 1285 qui
1508 1219 1647 1269 sunt
1667 1214 1727 1267 in
1759 1217 2081 1269 structura.
2117 1212 2361 1284 Lapides
2392 1212 2628 1284 quidem
2660 1212 2742 1267 illi
2773 1214 3041 1285 quadrati
3072 1220 3129 1271 et
3166 1216 3306 1284 albi,
3336 1221 3705 1278 convenientes
3724 1224 3770 1280 in

422 1305 827 1361 commissuris
859 1304 1006 1371 suis,
1040 1304 1078 1358 ii
1110 1309 1248 1359 sunt
1277 1304 1429 1375 (100)
1460 1302 1727 1374 apostoli,
1763 1307 1819 1357 et
1849 1301 2126 1373 episcopi,
2159 1305 2215 1356 et
2243 1302 2526 1371 doctores,
2551 1304 2608 1356 et
2635 1301 2913 1370 ministri,
2936 1302 3033 1373 qui
3061 1303 3311 1375 ingressi
3342 1311 3473 1362 sunt
3500 1309 3571 1380 (1)
3600 1310 3652 1364 in
3679 1312 3769 1367 cle-

424 1394 645 1449 mentia
673 1395 793 1461 Dei,
828 1399 884 1449 et
916 1394 1321 1465 episcopatum
1354 1397 1685 1465 gesserunt,
1714 1396 1769 1445 et
1800 1392 2141 1458 docuerunt,
2174 1394 2230 1445 et
2263 1390 2742 1445 ministraverunt
2763 1395 2961 1446 sancte
2992 1397 3050 1447 et
3074 1394 3335 1449 modeste
3367 1394 3553 1452 electis
3580 1398 3772 1472 Dei,qui

425 1484 805 1553 dormierunt,
840 1483 1057 1553 quique
1088 1481 1277 1537 adhuc
1310 1486 1488 1548 sunt;
1523 1486 1579 1536 et
1610 1497 1839 1552 semper
1866 1496 1997 1534 cum
2033 1479 2146 1535 illis
2176 1483 2588 1545 convenerunt,
2616 1484 2673 1535 et
2702 1479 2761 1534 in
2793 1496 2854 1535 se
2884 1496 3084 1551 pacem
3114 1482 3462 1550 habuerunt,
3492 1490 3545 1541 et
3571 1503 3627 1543 se
3654 1489 3774 1543 invi-

423 1589 551 1630 cem
581 1573 657 1644 (2)
685 1573 1014 1627 audierunt.
1045 1572 1286 1642 Propter
1314 1571 1432 1626 Hoc
1462 1575 1518 1626 et
1548 1571 1608 1624 in
1640 1575 1999 1625 structuram
2032 1568 2210 1623 turris
2239 1569 2590 1624 conveniunt
2618 1569 3018 1624 commissurae
3050 1587 3270 1627 eorum.
3296 1572 3401 1636 Qui
3429 1589 3556 1631 vero
3575 1576 3639 1631 de
3666 1594 3774 1648 pro-

421 1662 600 1718 fundo
630 1661 962 1727 trahuntur,
994 1664 1052 1715 et
1081 1660 1465 1731 imponuntur
1493 1660 1552 1714 in
1578 1664 1872 1714 structura
1893 1659 1990 1729 (3),
2015 1661 2071 1713 et
2100 1657 2451 1713 conveniunt
2474 1657 2871 1713 commissurae
2902 1673 3103 1714 eorum
3126 1676 3256 1715 cum
3281 1663 3497 1719 caeteris
3525 1662 3774 1736 lapidibus

418 1751 517 1822 qui
537 1752 663 1821 jam
694 1749 959 1805 aediﬁcati
995 1753 1133 1805 sunt
1158 1775 1171 1816 ;
1204 1749 1243 1803 ii
1279 1752 1418 1804 sunt
1448 1749 1547 1820 qui
1572 1749 1699 1818 jam
1731 1748 2180 1814 dormierunt,et
2198 1746 2357 1819 passi
2379 1751 2518 1801 sunt
2547 1762 2724 1802 causa
2743 1746 2998 1803 nominis
3016 1748 3267 1805 Domini.
3293 1750 3490 1806 Caeteri
3519 1753 3772 1810 autemta-

427 1840 596 1912 pides
624 1839 722 1911 qui
756 1839 1213 1910 apportabantur
1242 1840 1317 1906 (4)
1349 1855 1383 1893 a
1411 1843 1585 1901 terra,
1615 1838 1742 1892 volo
1775 1836 1920 1891 scire
1952 1837 2027 1907 (5)
2061 1835 2163 1907 qui
2193 1835 2331 1901 sint,
2380 1835 2638 1890 domina.
2671 1837 2801 1891 Ait:
2838 1836 2949 1892 Eos
2980 1837 3217 1908 quidem
3251 1838 3352 1911 qui
3384 1839 3443 1894 in
3474 1844 3669 1897 terram
3696 1859 3773 1899 va-

415 1929 581 1995 dunt,
604 1932 661 1983 et
707 1943 821 1982 non
882 1931 1021 1981 sunt
1078 1925 1263 1997 politi,
1293 1925 1423 1980 illos
1459 1930 1610 1979 Deus
1636 1924 1918 1995 probavit,
1945 1924 2221 1995 quoniam
2244 1924 2319 1995 (6)
2345 1923 2594 1995 ingressi
2625 1928 2764 1979 sunt
2792 1923 2851 1979 in
2883 1925 3215 1997 equitatem
3237 1927 3486 1997 Domini,
3517 1934 3571 1985 et
3596 1931 3775 1988 direxe-

417 2021 554 2071 runt
580 2016 703 2071 vias
735 2016 793 2069 in
826 2015 1114 2070 mandatis
1141 2018 1285 2086 ejus.
1321 2014 1426 2078 Qui
1458 2018 1653 2068 autem
1677 2013 2000 2067 atteruntur
2023 2016 2079 2066 et
2109 2016 2411 2083 ponuntur
2430 2011 2489 2067 in
2513 2017 2808 2068 structura
2839 2014 3088 2085 turris,ii
3118 2020 3256 2071 sunt
3285 2018 3363 2088 (7)
3392 2017 3589 2074 novelli
3618 2020 3668 2073 in
3688 2021 3775 2075 ﬁde

414 2110 470 2160 et
500 2105 719 2161 fideles.
755 2108 1211 2160 Commonentur
1242 2108 1437 2158 autem
1469 2103 1540 2157 ab
1574 2102 1797 2174 angelis
1828 2102 1897 2155 ad
1933 2101 2757 2173 benefaciendum,propterea
2780 2103 2934 2173 quod
2956 2120 3069 2158 non
3099 2109 3188 2159 est
3215 2106 3449 2161 inventa
3478 2108 3710 2178 nequitia
3728 2108 3772 2163 in

415 2193 554 2249 illis.
578 2196 734 2260 Quos
767 2198 962 2249 autem
996 2193 1337 2264 rejiciebant
1362 2198 1418 2247 et
1447 2192 1741 2264 ponebant
1761 2191 1835 2262 (8)
1863 2193 2034 2261 juxta
2064 2189 2403 2261 turrim,qui
2436 2196 2576 2246 sunt
2606 2190 2691 2245 illi
2717 2192 2836 2263 (9)?
2863 2192 2957 2247 Ait
2988 2193 3130 2247 mihi
3165 2211 3178 2249 :
3213 2195 3282 2248 Hi
3322 2201 3462 2251 sunt
3488 2196 3582 2269 qui
3611 2213 3772 2268 pecca-

410 2287 639 2348 verunt,
673 2286 729 2337 et
758 2282 1068 2338 voluerunt
1096 2282 1496 2353 pcenitentiam
1530 2297 1726 2353 agere;
1760 2284 1996 2351 propter
2017 2280 2124 2335 hoc
2155 2295 2268 2334 non
2294 2283 2433 2334 sunt
2463 2279 2633 2351 longe
2663 2281 2956 2351 projectia
2978 2283 3433 2356 turri,quoniam
3455 2284 3617 2341 utiles
3636 2290 3773 2341 erunt

409 2369 468 2426 in
501 2375 799 2426 structura
827 2372 964 2442 (10),
998 2370 1048 2425 si
1079 2370 1477 2442 paenitentiam
1504 2370 1745 2441 egerint.
1780 2368 1886 2432 Qui
1919 2384 2054 2440 ergo
2086 2367 2488 2440 paenitentiam
2513 2369 2698 2424 acturi
2729 2374 2888 2435 sunt,
2915 2371 2965 2426 si
2996 2372 3221 2443 egerint
3248 2373 3658 2445 pcenitentiam,
3686 2375 3773 2430 for-

408 2465 497 2515 tes
526 2460 783 2515 eruntin
818 2460 970 2527 ﬁde;
1006 2459 1055 2514 si
1088 2476 1245 2515 nunc
1276 2458 1676 2530 paenitentiam
1712 2457 1956 2529 egerint,
1988 2457 2129 2512 dum
2162 2457 2482 2513 aedificatur
2511 2459 2707 2513 turris.
2742 2458 2888 2513 Nam
2919 2459 2968 2514 si
3000 2467 3414 2518 consummata
3444 2462 3607 2519 fuerit
3626 2468 3772 2518 struc-

414 2552 563 2616 tura,
590 2550 715 2619 jam
749 2550 848 2619 qui
882 2565 996 2604 non
1033 2548 1208 2604 habet
1236 2547 1431 2603 locum
1463 2548 1562 2603 ubi
1595 2552 1863 2620 ponatur,
1897 2547 1999 2603 sed
2031 2546 2141 2602 erit
2170 2547 2481 2618 reprobus;
2507 2546 2877 2604 solummodo
2909 2554 3101 2605 autem
3134 2550 3242 2607 hoc
3274 2551 3533 2621 habebit,
3566 2553 3773 2625 quijam

411 2638 521 2710 (11)
555 2639 625 2694 ad
656 2637 868 2693 turrim
895 2638 1123 2709 positus
1153 2642 1261 2693 est.

1929 2723 2161 2781 CAPUT
2200 2724 2295 2780 VI.

485 2815 591 2879 Qui
619 2820 814 2870 autem
847 2814 1274 2881 recidebantur,
1305 2820 1361 2869 et
1390 2814 1559 2886 longe
1584 2814 2040 2885 projiciebantur
2063 2830 2096 2868 a
2117 2818 2293 2883 turre,
2322 2813 2409 2869 vis
2439 2813 2587 2870 scire
2610 2815 2705 2886 qui
2740 2819 2880 2870 sunt
2899 2815 2928 2869 ‘I
2956 2815 3405 2890 Volo,inquam,
3434 2818 3656 2873 domina
3673 2817 3773 2888 (12).

412 2904 450 2957 ii
487 2910 626 2959 sunt
650 2903 754 2958 ﬁlii
786 2904 1136 2975 iniquitatis,
1167 2909 1223 2959 et
1252 2904 1353 2976 qui
1387 2902 1760 2958 crediderunt
1788 2903 1849 2957 in
1880 2901 2278 2969 simulatione,
2308 2906 2363 2957 et
2393 2904 2585 2958 omnis
2637 2903 2897 2975 nequitia
2938 2921 3052 2960 non
3102 2905 3378 2962 discessit
3426 2907 3535 2979 (13)
3587 2907 3650 2963 ab
3676 2907 3773 2962 eis:

408 2998 650 3064 propter
678 2993 784 3047 hoc
816 3010 930 3048 non
962 2993 1180 3049 habent
1212 2992 1461 3048 salutem
1490 3010 1503 3060 ;
1536 2992 1813 3064 quoniam
1848 3008 1961 3045 non
1992 2994 2131 3045 sunt
2160 2990 2334 3046 utiles
2367 2990 2423 3045 in
2456 2995 2751 3047 structura
2781 2993 3156 3065 (14),propter
3181 2994 3475 3065 nequitias
3508 3011 3652 3050 suas.
3682 2994 3775 3057 Qua

408 3086 643 3153 propter
672 3080 847 3136 excisi
870 3085 1008 3136 sunt
1029 3085 1085 3135 et
1107 3080 1277 3153 longe
1298 3081 1533 3153 projecti
1566 3079 1962 3152 propteriram
1987 3078 2254 3146 Domini;
2288 3080 2424 3150 quia
2443 3081 2933 3136 exacerbaverunt
2984 3098 3139 3137 eum.
3190 3081 3445 3140 Caeteros
3483 3088 3662 3140 autem
3712 3084 3773 3137 1a-

408 3171 573 3242 pides
606 3187 752 3242 quos
783 3170 974 3225 vidisti
1006 3169 1335 3242 complures
1389 3170 1629 3241 positos,
1658 3186 1774 3225 non
1807 3174 2011 3223 euntes
2057 3169 2113 3222 in
2160 3172 2516 3224 structuram
2548 3186 2562 3236 ;
2612 3170 2651 3223 ii
2700 3170 2936 3241 quidem
2970 3170 3071 3242 qui
3102 3172 3365 3228 scabrosi
3395 3178 3561 3229 erant
3586 3174 3703 3241 (15),
3728 3170 3773 3225 hi

408 3263 548 3314 sunt
602 3260 703 3330 qui
735 3262 1127 3330 cognoverunt
1154 3258 1475 3323 veritatem,
1509 3261 1563 3312 et
1592 3273 1697 3311 nec
1727 3261 2176 3327 permanserunt
2206 3256 2265 3311 in
2296 3273 2383 3322 ea,
2419 3274 2522 3312 nec
2553 3258 2847 3328 conjuncti
2870 3263 3008 3313 sunt
3038 3259 3253 3315 sanctis
3280 3284 3295 3329 ;
3329 3266 3565 3333 propter
3594 3260 3687 3315 hoc
3711 3260 3775 3314 in-

406 3347 579 3403 utiles
610 3352 767 3403 sunt.
801 3348 908 3411 Qui
939 3351 1135 3402 autem
1165 3348 1453 3403 scissuras
1483 3346 1796 3416 habebant,
1830 3346 1889 3400 hi
1922 3350 2060 3401 sunt
2088 3346 2188 3417 qui
2217 3346 2329 3417 (16)
2352 3346 2504 3401 alius
2534 3347 2811 3402 adversus
2845 3346 3026 3402 alium
3059 3347 3116 3401 in
3148 3349 3428 3405 cordibus
3459 3349 3773 3405 discordiam

408 3438 645 3505 habent,
678 3442 734 3492 et
765 3453 879 3492 non
912 3436 1127 3492 habent
1147 3437 1260 3507 (17)
1288 3452 1487 3508 pacem
1522 3436 1676 3491 inter
1705 3451 1807 3491 seu
1838 3450 1851 3489 :
1888 3435 1947 3489 in
1974 3435 2283 3507 praesentia
2314 3435 2426 3507 (18)
2451 3435 2687 3507 quidem
2720 3452 2922 3508 pacem
2956 3436 3403 3505 habentes,cum
3434 3443 3622 3495 autem
3651 3452 3773 3493 unus

404 3527 476 3582 ab
504 3526 615 3582 alio
646 3525 998 3596 discesserit,
1033 3523 1289 3596 nequitia
1319 3542 1522 3581 eorum
1554 3526 1613 3579 in
1645 3524 1918 3580 cordibus
1949 3528 2269 3595 permanet.
2298 3524 2392 3578 Hae
2443 3529 2580 3579 sunt
2627 3541 2763 3597 ergo
2808 3526 3099 3595 scissuras,
3132 3542 3280 3597 quas
3312 3527 3535 3585 habent
3564 3528 3771 3600 lapides.

400 3614 509 3679 Qui
538 3632 669 3671 vero
702 3615 848 3670 curti
882 3620 1038 3685 sunt,
1074 3615 1110 3669 ii
1136 3619 1275 3669 sunt
1305 3614 1405 3686 qui
1433 3615 1807 3669 crediderunt
1832 3614 2094 3685 quidem,
2119 3613 2433 3685 plurimam
2466 3618 2691 3685 partem
2722 3613 3003 3670 habentes
3033 3615 3367 3687 iniquitatis
3399 3618 3548 3689 (19);
3580 3620 3774 3690 propter

398 3704 509 3759 hoc
538 3704 708 3771 curti,
742 3708 798 3759 et
830 3720 939 3759 non
972 3703 1182 3775 integri
1214 3708 1371 3758 sunt.
1400 3703 1643 3758 Candidi
1673 3709 1867 3758 autem
1899 3706 1957 3757 et
1986 3702 2246 3769 rotundi,
2278 3707 2334 3756 et
2363 3718 2478 3757 non
2510 3702 2916 3757 convenientes
2953 3702 3012 3757 in
3068 3708 3434 3761 structuram
3480 3706 3667 3775 turris,
3694 3714 3775 3775 qui

394 3798 551 3859 sunt,
586 3792 867 3848 domina?
898 3792 1271 3864 Respondens
1303 3791 1467 3858 mihi,
1508 3791 1653 3846 dixit
1687 3809 1701 3848 :
1732 3792 2044 3863 Usquequo
2076 3790 2293 3847 stultus
2322 3808 2384 3846 es
2415 3795 2472 3847 et
2500 3790 2837 3847 insensatus
2866 3810 2879 3859 ;
2913 3796 2969 3847 et
2998 3793 3197 3847 omnia
3226 3793 3576 3868 interrogas,
3607 3799 3657 3849 et
3697 3792 3772 3847 ni-

392 3882 487 3939 hic
520 3881 796 3954 intelligis
817 3883 845 3936 ‘2
874 3882 943 3936 Hi
976 3886 1114 3937 sunt
1143 3882 1425 3937 habentes
1457 3882 1695 3952 quidem
1728 3882 1925 3951 ﬁdem,
1950 3881 2228 3936 habentes
2254 3885 2450 3936 autem
2473 3884 2531 3936 et
2560 3880 2789 3935 divitias
2811 3880 2987 3952 hujus
3008 3881 3225 3937 saeculi.
3250 3885 3400 3939 Cum
3424 3900 3559 3956 ergo
3585 3883 3775 3940 venerit

1562 3996 1801 4051 VARle
1840 3996 2232 4052 LECTIONES
2272 3997 2359 4051 ET
2396 3996 2628 4051 NOTZE.

477 4086 725 4159 (96)Ms.
762 4088 1007 4142 S.Germ
1050 4092 1105 4140 et
1134 4091 1322 4159 Carm.
1358 4086 1417 4141 hi
1463 4089 1645 4141 autem
1680 4086 2050 4157 preceltentes
2232 4086 2309 4159 (5)
2336 4084 2502 4159 Bodl.
2534 4087 2673 4159 scire
2701 4086 2947 4155 inquam.

401 4155 547 4229 illos.
573 4155 786 4229 Lamb.
820 4158 1199 4229 prmsellentes
1230 4157 1371 4212 illis.
1403 4227 1435 4229 _,
1682 4155 1693 4157 “
1837 4227 1851 4229 _
2230 4155 2305 4229 (6)
2336 4155 2495 4229 Bodl.
2528 4156 2642 4227 qui,
2674 4171 2777 4227 pro
2809 4157 3086 4226 quoniam.

475 4228 588 4303 (97)
622 4227 886 4303 Clemens
915 4230 1071 4303 Alex.
1106 4233 1354 4303 Στρωμ.,
1400 4227 1502 4303 lib.
1535 4246 1582 4303 ι)-
1616 4244 1751 4303 cap.
1793 4227 1881 4303 29.
1913 4244 2045 4303 pag.
2230 4227 2307 4303 (7)
2336 4228 2539 4303 Lamb.
2573 4230 2634 4303 i1}
2661 4232 2995 4303 structuram
3022 4231 3219 4303 turris,
3249 4232 3349 4301 qui
3377 4231 3559 4287 sunt?
3579 4232 3622 4285 ii
3645 4236 3768 4303 sunt.

405 4301 529 4368 426,
563 4297 717 4371 hunc
746 4300 938 4357 locum
970 4301 1128 4356 hisce
1157 4297 1345 4371 verbis
1380 4300 1656 4371 describit
1684 4297 1713 4353 ί
1736 4297 1996 4371 Getice-co

708 4318 717 4354 ι
746 4300 938 4357 locum
970 4301 1128 4356 hisce
1157 4297 1345 4371 verbis
1380 4300 1656 4371 describit
1684 4297 1713 4353 ί
1736 4297 2047 4371 Θξίῳςτεοῖ-
2230 4301 2303 4371 (8)

2222 4388 2251 4426 0

2336 4300 2562 4373 M_ss_._S.
2597 4300 2812 4365 Germ.,
2845 4299 3036 4357 Carm.
3069 4305 3127 4355 et
3157 4299 3364 4358 Lamb.
3414 4302 3766 4373 proficiebant.

401 4392 493 4460 vu‘v
591 4369 816 4460 ξύναμις
848 4374 881 4441 ἡ
913 4375 991 4457 τῷ
1019 4372 1193 4460 Ἑρμᾷ
1220 4369 1355 4459 aurai
1401 4368 1739 4460 ἀπρδξάλυψιν
1781 4366 2043 4460 λδαξκοῦσριο
2157 4371 2214 4426 Si

2282 4368 2339 4425 et
2380 4368 2590 4424 Fellus.

403 4444 477 4521 Τὰ
516 4437 787 4521 ῥ-ράμανέα,
810 4513 819 4521 ι
843 4437 996 4521 pagi,
1044 4437 1132 4496 xui.
1174 4437 1264 4521 ea
1288 4437 1748 4521 ἀποκοξλύμμαὲα,
1785 4437 1886 4521 ..διὰ
1922 4442 1998 4521 toi

2227 4440 2501 4521 (9)‘B“odl_._
2528 4441 2624 4521 qui
2651 4444 2817 4521 sunt?
2844 4440 2916 4497 Ii.
2944 4442 3144 4498 Lamb.
3168 4445 3403 4501 tantum
3434 4445 3535 4517 qui
3553 4447 3715 4500 sunt?

404 4509 695 4589 διψύῂρύς,
740 4509 868 4589 robe.
888 4509 1414 4589 _'8ta)\OYLCQpé\I_OD¢“
1446 4512 1497 4567 ἐν
1528 4509 1647 4589 sui:
1676 4509 1999 4589 καρδίαιςλᾳέ

1311 4534 1414 4589 ους,
1446 4512 1497 4567 ἐν
1528 4509 1647 4589 cui:
1676 4509 2043 4589 καρδίαιςλᾳύ-
2366 4509 2906 4589 βρόὶίδίνξιεΐαναγζι.

401 4580 609 4652 τῶν,’ἒῖ
642 4580 744 4659 ἄρα
791 4580 1130 4659 ἐστὶᾼταῦτᾲ,
1251 4584 1349 4638 οὐκ
1389 4580 1567 4659 ἔᾳτινη
1598 4580 1877 4659 sequitur
1918 4585 1996 4641 Clt

2225 4580 2344 4659 (11)
2370 4584 2510 4659 Mss.
2541 4583 3033 4659 S._Germ.,Carm.
3067 4589 3123 4640 et
3156 4585 3353 4643 Lamb.
3386 4582 3767 4659 quoniam.Fel-

405 4674 571 4714 mens
604 4677 617 4714 :
649 4654 882 4731 Ὁμοίως
914 4654 1037 4713 δὲ...
1072 4654 1147 4732 ὥς
1176 4658 1305 4732 νέῳν
1334 4655 1521 4732 φρὲνᾷες
1542 4654 1872 4732 ἠλερέθίονται)
1907 4660 2000 4722 Qu.

1031 4700 1037 4713 .
1072 4654 1147 4732 ὥς
1176 4658 1305 4732 νέῳν
1334 4655 1521 4732 φρὲνᾷες
1542 4654 1872 4732 ἠλερέθίονται)
1907 4660 2041 4722 Quae
2150 4654 2626 4732 lus:_:_‘hclb_e‘t.qui.

403 4725 893 4802 postrema'verba
924 4747 1057 4786 cum
1080 4730 1197 4785 sint
1218 4725 1818 4802 Alexandrini,miror
1846 4728 2041 4785 hacte-
2222 4725 2534 4802 (12)-Εᾴἱῆ
2567 4726 2845 4802 omittun_t
2890 4726 3006 4802 ista
3036 4726 3483 4802 :_Volo_inquam
3524 4728 3764 4802 domum:

404 4797 517 4856 nus
537 4802 607 4856 ab
638 4803 959 4858 editoribus
981 4802 1201 4857 Hermae
1223 4802 1405 4855 fuisse
1426 4800 1520 4855 hic
1545 4801 1603 4855 in
1626 4799 1885 4856 medium
1904 4816 2040 4870 pro-
2149 4815 2279 4870 quae
2310 4797 2600 4870 Fellusiex
2624 4813 2766 4870 mss.
2800 4797 2961 4870 Bodl.
2985 4803 3042 4853 et
3071 4797 3272 4855 Lamb.
3305 4797 3587 4857 restituit.

403 4870 543 4955 lata,
568 4878 845 4955 tanquam
873 4875 945 4955 ab
976 4873 1365 4955 Alexandrino
1386 4888 1454 4955 ex
1483 4872 1695 4955 Henna
1724 4868 2034 4955 descripta.
2166 4868 2183 4870 “
2359 4868 2865 4955 Lambubscessit.

400 4939 650 5017 Jamque
678 4939 735 4999 id
768 4945 944 5017 probe
976 4944 1205 5017 novisse
1229 4944 1503 5017 videntur
1534 4943 1795 4998 Potterus
1826 4943 1895 5017 ad
1918 4939 2034 5017 11.1.
2217 4939 2328 5017 (1g)
2358 4939 2517 5017 Bodl.
2545 4942 2898 5017 structuram.

401 5020 453 5070 et
480 5010 794 5071 Wbttonus
825 5017 884 5071 in
917 5016 1071 5071 notis
1102 5016 1172 5070 ad
1219 5014 1531 5071 Clementis
1559 5018 1724 5070 Rom.
1781 5013 1962 5085 Epist.
1993 5014 2033 5083 l,
2216 5010 2327 5085 (15)
2358 5013 2443 5085 Ita
2472 5012 2691 5085 mss_.S.
2721 5011 3116 5079 Germ.,Carm
3146 5016 3206 5067 et
3234 5013 3442 5071 Lamb.
3468 5014 3554 5071 Ita
3572 5020 3628 5071 et
3646 5010 3763 5069 Falli

397 5102 525 5155 cap.
558 5087 650 5142 23.
1826 5082 1845 5085 ⁷
2020 5082 2023 5083 ⁷
2145 5082 2340 5139 editio.
2372 5082 2462 5155 Al.
2495 5083 2776 5155 omittunt
2804 5084 2919 5155 qui.

2216 4872 2234 5093 ἕ

468 5152 580 5229 (98)
614 5158 720 5213 Ms.
756 5158 814 5213 S.
848 5158 1037 5214 Germ.
1075 5162 1130 5213 et
1163 5156 1363 5213 Lamb.
1397 5159 1494 5212 aut
1520 5172 1659 5212 non.
1705 5155 1793 5211 Sic
1824 5160 1879 5210 et
1909 5156 2030 5213 Cle-
2144 5226 2166 5229 _
2214 5156 2326 5229 (16)
2359 5154 2450 5210 Sic
2498 5152 2691 5229 Fellus
2716 5152 2827 5229 _e_x'
2854 5153 3015 5229 Bodl.
3064 5154 3151 5210 Al.
3182 5155 3488 5224 omittunt,
3540 5157 3597 5213 hi
3633 5156 3758 5211 sunt.

396 5224 569 5288 mens
595 5229 751 5285 Alex.
784 5229 823 5284 l.
856 5246 905 5285 c.
2144 5224 2350 5282 Lamb.
2392 5242 2494 5297 pro
2524 5225 2620 5296 qui
2646 5224 2876 5280 exhibet
2904 5227 3056 5296 quia.

471 5302 590 5374 (99)
622 5301 854 5376 Lamb,
881 5306 1068 5357 Carm.
1101 5305 1158 5376 et
1184 5304 1388 5376 Germ.)
1409 5303 1459 5355 et
1496 5302 1645 5355 certa
1675 5316 1815 5371 quae.
2356 5296 2824 5376 B:odl.1tabentes.
2857 5366 2921 5376 η

465 5366 613 5445 (100)
642 5374 801 5429 Bodl.
834 5375 892 5427 in
923 5374 1298 5438 commissura,
1330 5373 1389 5425 hi
1416 5376 1560 5426 sunt.
1683 5366 1696 5371 ’
2145 5439 2183 5445 _
2212 5366 2324 5445 (18)
2356 5368 2496 5425 Mss.
2528 5368 2587 5423 S.
2619 5368 2834 5436 Germ.,
2857 5366 2988 5423 Vict
3014 5373 3070 5424 et
3098 5369 3300 5425 Lamb.
3318 5387 3581 5441 persona.
3604 5370 3691 5426 Sic
3713 5371 3759 5423 et

492 5451 541 5516 1)
574 5439 771 5500 Lamb.
806 5445 1215 5516 ingrediuntur.
2141 5439 2353 5516 Fellus.

486 5509 540 5587 2)
562 5518 757 5575 Lamb'
791 5509 1143 5571 alterutrum.
2213 5512 2325 5584 (19)
2358 5510 2518 5587 Bodl.
2553 5510 2622 5587 lii
2663 5509 3011 5587 crediderunt
3050 5512 3287 5584 quidem,
3334 5514 3432 5569 sed
3477 5514 3753 5587 plurimm

486 5582 541 5663 3)
570 5589 730 5663 Bodl.
761 5593 1117 5644 structuram.
1220 5658 1259 5663 _
1296 5656 1331 5663 __
1629 5655 1641 5663 _
1740 5659 1748 5663 _
2137 5582 2344 5657 partem
2372 5582 2571 5640 habent
2602 5583 2936 5657 iniquitatis.

487 5655 542 5747 4)
571 5659 775 5723 Lamb.
806 5663 1184 5737 apportaatur.
1219 5656 1432 5730 Fellus,
1460 5655 1838 5733 portabantur.
