4038 6210
492 403 607 462 907
1986 395 2051 455 s.
2099 390 2402 453 HERMIE
3710 397 3805 461 903

492 534 611 590 lata
639 534 779 588 sunt
805 548 819 598 ;
852 530 953 585 sed
985 532 1048 584 ut
1078 527 1351 583 omnibus
1383 527 1748 583 demonstres
1780 542 1864 581 ea.
1900 529 2041 580 Post
2068 525 2331 579 triduum
2364 524 2519 579 enim
2549 522 2873 597 intelligere
2902 528 2959 579 te
2988 528 3232 596 oportet,
3286 523 3498 595 Herma,
3526 530 3679 586 verba
3714 533 3803 591 hac

496 639 622 695 quas
653 621 757 677 tibi
788 617 1001 691 incipio
1030 618 1239 686 dicere,
1272 623 1338 672 ut
1359 615 1617 688 loquaris
1646 632 1715 671 ea
1741 615 1801 670 in
1832 615 2075 671 auribus
2106 614 2217 686 (39)
2248 617 2606 681 sanctorum,
2630 618 2695 668 ut
2710 613 3013 669 audientes
3038 629 3106 669 ea
3126 630 3259 668 cum
3281 614 3519 683 fecerint,
3543 621 3805 679 emunden-

496 715 595 767 tur
619 727 653 766 a
678 706 958 781 nequitiis
989 705 1149 775 suis;
1182 706 1284 762 sed
1315 708 1373 761 et
1400 709 1462 759 tu
1497 720 1630 760 cum
1660 702 1804 758 illis.

2018 818 2249 876 CAPUT
2278 819 2367 874 IX.

566 926 778 981 Audite
808 940 900 978 me
930 938 1089 994 ergo,
1123 920 1226 976 ﬁlii
1257 939 1270 977 :
1306 920 1422 993 Ego
1453 936 1555 975 vos
1585 918 1836 973 enutrivi
1863 916 1919 972 in
1954 916 2142 971 multa
2172 916 2568 988 simplicitate,
2601 920 2656 972 et
2683 917 3034 982 innocentia,
3058 919 3426 985 etmodestia,
3448 927 3661 993 prepter
3674 926 3807 981 mise-

490 1015 803 1072 ricordiam
832 1013 929 1067 Dei
961 1030 1087 1083 qua:
1110 1028 1287 1082 super
1315 1027 1414 1064 vos
1445 1007 1689 1063 stillavit
1718 1009 1775 1062 in
1801 1007 2035 1077 justitia
2060 1024 2073 1073 ;
2107 1010 2170 1061 ut
2200 1006 2641 1061 sanctiﬁcemini
2675 1007 3159 1075 etjustificemini
3192 1008 3305 1079 (40)
3337 1009 3406 1063 ab
3434 1012 3580 1066 omni
3608 1015 3810 1086 nequitia

492 1112 548 1161 et
568 1106 727 1159 omni
754 1102 1034 1174 pravitate
1056 1126 1069 1166 ;
1091 1117 1188 1154 vos
1216 1104 1411 1154 autem
1436 1115 1549 1152 non
1576 1096 1756 1151 vultis
1781 1096 2143 1166 requiescere
2168 1111 2202 1149 a
2228 1095 2503 1163 nequitiis
2526 1094 2753 1149 vestris.
2779 1095 2943 1149 Nunc
2973 1111 3109 1167 ergo
3135 1096 3331 1152 audite
3354 1114 3459 1168 me,
3481 1106 3533 1153 et
3556 1117 3723 1171 pacem
3742 1102 3811 1156 ha-

490 1195 621 1249 bete
651 1191 802 1248 alius
833 1208 965 1245 cum
998 1188 1109 1243 alio
1140 1188 1275 1258 (41),
1306 1192 1361 1241 et
1390 1185 1617 1241 visitate
1651 1201 1749 1239 vos
1782 1184 2147 1252 alterutrum,
2183 1188 2239 1238 et
2269 1182 2546 1254 suscipite
2577 1199 2677 1238 vos
2708 1182 2979 1248 invicem,
3012 1189 3067 1238 et
3101 1183 3278 1239 nolite
3308 1185 3411 1240 soli
3456 1192 3719 1243 creaturas
3742 1190 3811 1246 Dei

492 1282 789 1355 percipere
816 1280 860 1313 ³⁸
880 1277 1298 1346 ;abundantius
1331 1276 1506 1330 etiam
1526 1273 1821 1345 impertita
1847 1273 2174 1344 egentibus.
2198 1272 2444 1336 Quidam
2467 1271 2622 1328 enim
2640 1271 3041 1343 compluribus
3058 1272 3207 1328 eibis
3229 1274 3649 1331 inﬁrmitantem
3671 1281 3813 1333 carnis

494 1387 611 1428 sum
643 1366 1016 1435 contrahunt,
1048 1369 1103 1420 et
1131 1363 1348 1418 violant
1377 1379 1609 1417 carnem
1642 1378 1811 1417 suam
1846 1362 1980 1434 (42).
2022 1360 2283 1415 Aliorum
2318 1365 2516 1415 autem
2566 1360 2667 1431 qui
2728 1377 2841 1415 non
2893 1360 3111 1416 habent
3166 1377 3351 1428 escas,
3410 1366 3685 1420 marcescit
3722 1384 3815 1425 caro

496 1459 779 1531 ipsorum,
813 1461 1049 1529 propter
1080 1454 1137 1508 id
1170 1453 1322 1524 quod
1358 1469 1471 1508 non
1496 1451 1712 1507 habent
1734 1450 2123 1506 sufﬁcientem
2147 1448 2343 1503 cibum
2371 1466 2385 1516 ;
2409 1453 2465 1504 et
2481 1448 2848 1504 consumitur
2868 1465 3079 1521 corpus
3101 1466 3323 1505 eorum.
3346 1452 3816 1524 Haecigiturintem

444 1542 451 1557 ’
500 1547 761 1620 perantia
810 1544 1014 1601 nociva
1050 1547 1138 1598 est
1173 1541 1357 1610 vobis,
1398 1541 1750 1596 habentibus
1781 1544 1838 1595 et
1868 1556 1982 1594 non
1998 1538 2566 1594 communicantibus
2588 1538 2660 1593 iis
2682 1537 2780 1608 qui
2795 1542 2984 1609 egent.
3006 1539 3817 1615 Attenditejudiciumsuperve-

500 1638 687 1693 niens.
718 1633 825 1701 Qui
855 1632 1264 1689 eminentiores
1295 1630 1458 1697 estis,
1493 1630 1772 1700 inquirite
1802 1629 2147 1695 esurientes,
2179 1626 2319 1681 dum
2352 1626 2544 1680 adhuc
2575 1626 2756 1681 turris
2796 1643 2910 1681 non
2965 1633 3057 1683 est
3098 1634 3520 1685 consummata.
3569 1631 3816 1704 Postquam

501 1725 658 1782 enim
689 1727 1097 1779 consummata
1138 1720 1313 1774 fuerit
1344 1718 1540 1785 turris,
1574 1718 1780 1773 voletis
1812 1717 2169 1785 benefacere,
2209 1720 2266 1770 et
2291 1732 2404 1769 non
2428 1715 2720 1770 habebitis
2751 1714 2966 1770 locum.
2993 1716 3197 1772 Videte
3225 1734 3364 1790 ergo
3392 1736 3510 1790 vos,
3530 1722 3621 1792 qui
3662 1721 3818 1793 gloria.

502 1815 644 1869 mini
678 1814 735 1866 in
768 1810 981 1866 divitiis
1009 1808 1216 1864 vestris
1246 1824 1318 1863 ne
1353 1808 1497 1862 forte
1526 1807 1914 1877 ingemiscant
1943 1805 1983 1858 ii
2015 1805 2115 1876 qui
2143 1809 2333 1876 egent,
2366 1809 2423 1858 et
2452 1803 2705 1875 gemitus
2727 1820 2928 1860 eorum
2960 1807 3237 1862 ascendat
3265 1808 3337 1862 ad
3371 1809 3660 1865 Dominum
3696 1812 3747 1878 θ’,
3783 1818 3820 1868 et

500 1900 891 1960 excludamini
912 1916 1045 1954 cum
1074 1898 1244 1953 bonis
1271 1897 1476 1952 vestris
1507 1902 1669 1950 extra
1691 1896 1936 1964 januam
1972 1894 2173 1949 turris.
2206 1898 2371 1949 Nunc
2410 1893 2606 1964 itaque
2635 1894 2800 1948 vobis
2826 1895 2976 1961 dico,
3022 1895 3124 1965 qui
3175 1897 3434 1967 praeestis
3494 1898 3744 1967 Ecclesiae,
3784 1908 3821 1957 et

504 1992 714 2049 amatis
746 1991 966 2062 primos
993 1987 1363 2043 consessus70
1415 1985 1546 2055 (43):
1572 1984 1748 2039 nolite
1774 1982 1997 2039 similes
2030 1984 2149 2037 fieri
2174 1981 2475 2037 maleticis.
2512 1982 2581 2036 Et
2611 1981 2857 2037 malefici
2881 1982 3116 2053 quidem
3139 1999 3357 2039 venena
3378 1986 3556 2040 suain
3581 1988 3821 2059 pyxidibus

499 2080 766 2152 bajulant
795 2080 906 2149 (44)
934 2095 946 2145 ;
978 2094 1078 2131 vos
1109 2080 1303 2130 autem
1333 2090 1621 2128 venenum
1653 2076 1911 2127 vestrum
1968 2076 2025 2127 et
2056 2071 2437 2143 pharmacum
2471 2070 2578 2141 (45)
2610 2070 2670 2125 in
2701 2071 2873 2126 corde
2901 2074 3233 2143 continetis,
3266 2077 3321 2128 et
3355 2091 3467 2129 non
3529 2076 3684 2131 vultis
3726 2095 3821 2149 pur-

500 2187 636 2243 gare
662 2169 837 2224 corda
865 2172 1077 2232 vestra,
1110 2170 1165 2220 et
1190 2164 1531 2235 permiscere
1564 2179 1801 2216 sensum
1833 2166 2090 2216 vestrum
2122 2178 2267 2230 puro
2300 2160 2481 2227 cordi,
2516 2164 2578 2213 ut
2609 2159 2871 2215 habeatis
2902 2160 3367 2217 misericordiam
3398 2180 3432 2218 a
3468 2165 3609 2236 Rege
3649 2182 3821 2238 magno.

499 2259 701 2314 Videte
732 2272 888 2328 ergo,
922 2255 1045 2322 filii,
1077 2271 1149 2309 ne
1182 2254 1326 2307 forte
1355 2254 1441 2306 hae
1475 2251 1870 2306 dissensiones
1901 2255 2105 2304 vestra:
2136 2249 2406 2304 fraudant
2438 2248 2613 2303 vitam
2645 2254 2918 2304 vestram.
2947 2249 3246 2313 Quomodo
3284 2268 3392 2307 vos
3442 2254 3653 2310 erudire
3694 2255 3821 2309 vultis

502 2347 714 2404 electos
743 2345 865 2411 Dei,
898 2361 1031 2399 cum
1062 2342 1173 2415 ipsi
1206 2359 1319 2396 non
1352 2340 1616 2397 habeatis
1648 2338 2018 2409 disciplinam
2040 2337 2068 2392 ‘2
2097 2338 2470 2393 Commonete
2500 2353 2637 2409 ergo
2668 2354 2768 2392 vos
2790 2337 3033 2393 invicem
3065 2340 3132 2409 τί,
3164 2340 3475 2412 pacatique
3504 2348 3671 2399 estote
3713 2343 3819 2399 inter

499 2453 603 2494 vos
635 2435 771 2508 (46),
801 2437 868 2489 ut
897 2436 954 2489 et
982 2447 1087 2505 ego
1119 2447 1314 2487 coram
1345 2434 1515 2486 Patre
1541 2432 1735 2484 vestro
1766 2432 1987 2493 astans,
2020 2426 2305 2482 rationem
2338 2426 2578 2482 reddam
2610 2442 2713 2498 pro
2741 2426 2909 2483 vobis
2938 2426 3207 2485 Domino.

2026 2551 2255 2608 CAPUT
2312 2550 2377 2606 X.

485 2683 493 2691 ι
575 2664 836 2731 Cumque
866 2656 1137 2713 desiisset
1165 2669 1395 2709 mecum
1438 2652 1620 2724 loqui,
1678 2656 1961 2707 venerunt
1997 2650 2083 2705 illi
2131 2666 2233 2707 sex
2276 2651 2545 2721 juvenes,
2603 2649 2705 2722 qui
2762 2649 3149 2721 mdiﬁcabant,
3197 2656 3255 2708 et
3304 2653 3567 2710 tulerunt
3605 2653 3739 2710 illam
3776 2653 3825 2709 ad

508 2749 716 2806 turrim
750 2747 861 2820 (47)
887 2765 899 2814 ;
934 2750 992 2801 et
1020 2744 1117 2801 alii
1149 2748 1401 2815 quatuor
1429 2742 1798 2797 sustulerunt
1826 2740 2193 2811 subsellium,
2224 2742 2281 2794 et
2311 2738 2582 2794 abierunt
2612 2739 2724 2811 ipsi
2744 2738 2955 2795 iterum
2979 2739 3040 2795 in
3063 2742 3294 2797 turrim.
3318 2746 3539 2799 Horum
3562 2744 3734 2800 faciem
3749 2759 3825 2798 non
3932 2804 3933 2820 ἦ

502 2839 643 2909 vidi,
674 2836 955 2910 quoniam
986 2833 1169 2889 aversi
1199 2836 1383 2888 erant.
1411 2832 1657 2886 Euntem
1687 2830 1849 2885 illam
1882 2829 2183 2901 rogabam,
2214 2832 2280 2883 ut
2308 2828 2451 2884 mihi
2484 2827 2764 2884 revelaret
2793 2829 2866 2884 de
2896 2829 3085 2885 tribus
3116 2830 3342 2903 ﬁguris,
3377 2832 3437 2887 in
3496 2833 3689 2905 quibus
3726 2830 3826 2887 mihi

448 2922 463 2939 ¹
506 2926 797 3000 apparuit.
830 2922 1210 2995 Respondens
1249 2925 1443 2976 autem
1477 2919 1643 2985 mihi,
1676 2919 1856 2974 dixit:
1891 2919 1971 2973 De
1987 2917 2081 2973 his
2101 2916 2283 2972 alium
2314 2921 2370 2972 te
2399 2921 2627 2988 oportet
2649 2917 3025 2990 interrogare,
3058 2923 3124 2975 ut
3141 2919 3247 2976 tibi
3272 2925 3579 2979 reveletur.
3613 2920 3826 2994 Apparuit

504 3021 699 3071 autem
732 3013 895 3079 mihi,
931 3012 1136 3066 fratres
1166 3010 1299 3081 (48),
1332 3009 1520 3080 prima
1548 3007 1769 3063 visione
1797 3023 1947 3062 anno
1979 3006 2275 3077 superiore
2302 3005 2466 3061 valde
2498 3022 2669 3071 anus,
2702 3011 2760 3062 et
2814 3005 2875 3060 in
2925 3007 3202 3063 cathedra
3256 3010 3493 3066 sedens.
3542 3009 3659 3065 Alia
3689 3014 3827 3065 autem

501 3105 742 3173 visione,
778 3102 982 3157 faciem
1014 3100 1250 3172 quidem
1274 3097 1594 3169 juvenilem
1624 3097 1898 3161 habebat,
1929 3112 2163 3151 carnem
2196 3100 2390 3151 autem
2422 3100 2478 3149 et
2507 3095 2749 3167 capillos
2780 3094 2965 3152 aniles
2994 3114 3008 3164 ;
3042 3101 3098 3153 et
3126 3102 3288 3154 stans
3338 3100 3487 3155 mihi
3534 3100 3829 3172 loquebatur,

500 3193 743 3250 hilarior
773 3194 969 3247 autem
1000 3194 1123 3244 erat
1152 3204 1326 3259 quam
1359 3186 1471 3258 (49)
1504 3186 1779 3256 primum.
1816 3184 2008 3240 Tertia
2037 3190 2231 3239 autem
2254 3184 2491 3251 visione,
2524 3188 2647 3238 tota
2680 3184 2883 3254 junior
2912 3190 3057 3253 erat,
3090 3191 3147 3241 et
3204 3192 3446 3260 aspectu
3490 3188 3708 3253 decora;
3744 3191 3831 3240 tan-

502 3286 627 3338 tum
661 3281 812 3351 quod
847 3281 962 3349 (50)
994 3276 1235 3350 capillos
1265 3274 1450 3331 aniles
1480 3275 1768 3329 habebat:
1804 3272 2005 3328 hilaris
2034 3278 2226 3327 autem
2260 3273 2403 3328 facie
2434 3276 2577 3335 erat,
2609 3278 2666 3326 et
2691 3290 2868 3345 super
2896 3274 3241 3331 subsellium
3269 3278 3503 3334 sedens.
3542 3283 3610 3333 De
3637 3278 3713 3331 his
3728 3276 3830 3348 ipsis

499 3377 745 3428 maestus
774 3386 933 3425 eram
967 3368 1155 3431 valde,
1187 3366 1369 3421 donec
1400 3380 1819 3436 cognoscerem
1846 3362 2128 3417 visionem
2155 3363 2267 3433 (51)
2301 3361 2469 3417 hanc.
2506 3361 2683 3416 Video
2714 3379 2894 3417 anum
2926 3362 3088 3420 illam
3121 3365 3179 3419 in
3203 3365 3331 3421 visu
3386 3368 3569 3423 noctis
3598 3365 3828 3421 dicentem

501 3461 685 3516 mihi:
717 3459 919 3516 Omnis
949 3456 1170 3528 rogatio
1204 3452 1538 3509 humilitate
1587 3459 1715 3525 eget
1745 3453 1857 3523 (52)
1885 3452 2098 3521 Jejuna
2127 3468 2282 3523 ergo,
2334 3456 2392 3506 et
2438 3451 2721 3522 percipies
2752 3468 2786 3506 a
2815 3452 3062 3509 Domino
3110 3456 3263 3525 quod
3308 3456 3593 3527 postulas.
3633 3453 3834 3524 Jejunavi

499 3566 635 3621 ergo
667 3548 819 3603 diem
856 3561 1057 3601 unam.
1090 3545 1301 3599 Eadem
1334 3546 1499 3597 nocte
1526 3541 1797 3612 apparuit
1829 3540 1972 3594 mihi
1997 3540 2251 3611 juvenis,
2279 3546 2335 3595 et
2367 3540 2479 3595 ait:
2521 3540 2669 3603 Quid
2714 3544 2777 3595 tu
2830 3541 3161 3612 frequenter
3210 3544 3361 3616 petis
3417 3544 3761 3601 revelationes
3796 3542 3833 3593 in

499 3637 806 3694 oratione?
834 3636 1001 3704 Vide,
1034 3650 1107 3689 ne
1138 3632 1328 3687 multa
1363 3630 1670 3702 postulans
1705 3646 1914 3685 noceas
1940 3630 2099 3684 carni
2124 3634 2257 3683 tuae.
2289 3628 2599 3684 Sufﬁciant
2626 3628 2733 3683 tibi
2764 3629 3142 3687 revelationes
3199 3632 3307 3688 hae.
3358 3634 3635 3707 Nunquid
3680 3629 3838 3705 poteris

499 3727 766 3783 fortiores
798 3723 1177 3780 revelationes
1208 3722 1401 3776 videre
1448 3737 1624 3791 quam
1660 3736 1807 3790 quas
1840 3717 2082 3773 vidisti?
2132 3718 2510 3789 Respondens
2528 3718 2579 3772 ei
2610 3718 2739 3773 dico
2775 3736 2789 3775 :
2844 3719 3105 3788 Domina,
3140 3720 3248 3777 hoc
3270 3722 3467 3779 solum
3500 3729 3625 3796 peto
3646 3737 3732 3794 pro
3768 3716 3837 3772 tri-

497 3816 610 3871 bus
642 3815 844 3887 figuris
876 3813 1034 3867 illius
1066 3828 1235 3877 anus,
1270 3815 1334 3865 ut
1364 3810 1589 3881 integra
1607 3810 1706 3863 liat
1729 3807 2018 3863 revelatio.
2044 3807 2365 3878 Respondit
2388 3806 2531 3861 mihi
2556 3824 2568 3861 :
2595 3807 2704 3862 Vos
2727 3824 2839 3863 non
2864 3808 3145 3865 insensati
3166 3812 3311 3867 estis
3342 3830 3357 3880 ;
3383 3812 3485 3869 sed
3512 3810 3836 3867 dubitationes

497 3909 700 3961 vestrae
722 3919 824 3959 vos
854 3902 1183 3957 insensatos
1215 3898 1454 3965 faciunt,
1486 3914 1552 3953 eo
1583 3898 1739 3969 quod
1785 3898 1897 3968 (53)
1928 3913 2040 3952 non
2073 3897 2335 3951 habeatis
2364 3912 2463 3952 cor
2517 3901 2775 3951 vestrum
2822 3897 2895 3952 ad
2952 3898 3289 3956 Dominum.
3345 3900 3639 3974 Respondi
3680 3898 3765 3965 illi,
3803 3898 3839 3950 et

501 3993 620 4050 dixi
643 4010 656 4047 :
681 3994 793 4049 Sed
824 3996 938 4046 ate
968 4006 1037 4046 ea
1062 3988 1401 4060 diligentius
1423 4002 1845 4059 cognoscemus
1877 3986 1989 4057 (54)
2022 4028 2034 4041 .

2024 4109 2255 4165 CAPUT
2290 4110 2384 4165 XI.

573 4215 748 4283 Audi,
781 4213 992 4286 inquit,
1018 4212 1087 4268 de
1119 4210 1323 4284 figuris
1352 4227 1498 4282 quas
1530 4207 1780 4280 inquiris
1811 4208 1943 4280 (55).
1980 4209 2043 4263 In
2075 4207 2263 4279 prima
2292 4208 2530 4279 quidem
2570 4208 2812 4278 visione,
2846 4227 3027 4282 quare
3056 4227 3206 4267 anus
3251 4211 3361 4269 tibi
3414 4212 3678 4287 apparuit
3718 4224 3844 4281 super

502 4305 838 4361 cathedram
868 4303 1115 4369 sedens;
1150 4300 1427 4372 quoniam
1460 4299 1702 4371 spiritus
1733 4302 1921 4353 vester
1954 4297 2269 4368 antiquior,
2303 4298 2478 4352 etiam
2510 4298 2807 4355 marcidus
2832 4305 2942 4371 est,
2972 4305 3030 4355 et
3060 4318 3177 4356 non
3207 4300 3437 4358 habens
3471 4303 3586 4358 vim
3616 4319 3646 4357 a
3686 4298 3839 4355 vestris

501 4394 965 4456 infirmitatibus,
995 4396 1051 4446 et
1079 4390 1441 4446 dubitatione
1475 4387 1683 4443 cordis.
1720 4388 1884 4443 Sicut
1905 4388 2061 4441 enim
2095 4385 2353 4441 seniores
2384 4384 2483 4457 qui
2518 4403 2629 4441 non
2662 4386 2880 4444 habent
2909 4404 3073 4460 spem
3105 4391 3450 4457 renovandi,
3483 4397 3541 4447 et
3570 4389 3701 4446 nihil
3729 4383 3840 4443 aliud

499 4486 836 4555 exspectant
866 4481 977 4553 (56)
1010 4480 1122 4536 nisi
1156 4479 1564 4535 dormitionem
1597 4493 1803 4532 suam:
1838 4476 1923 4531 sic
1954 4481 2009 4531 et
2047 4492 2149 4531 vos
2206 4475 2485 4529 infirmati
2519 4492 2553 4530 a
2582 4476 2959 4533 saecularibus
3013 4478 3259 4550 negotiis
3314 4480 3640 4537 tradidistis
3689 4494 3771 4532 vos
3802 4473 3840 4527 in

566 4600 610 4636 ⁵⁸
636 4600 765 4657 Job.
798 4615 950 4667 xxxx,
986 4598 1072 4651 17.
1147 4597 1193 4631 ⁶⁹
1220 4599 1342 4651 Jac.
1375 4611 1428 4659 v,
1464 4594 1514 4648 4.
1591 4594 1636 4628 ⁷ο
1668 4592 1875 4649 Matth.
1908 4608 2068 4661 xxm,
2098 4592 2161 4657 6;

2243 4591 2380 4645 lare.
2413 4606 2511 4660 xu,
2537 4591 2607 4645 39
2639 4608 2652 4659 ;
2678 4596 2812 4647 Luc.
2840 4609 2918 4664 ιιι,
2944 4592 3013 4647 43
3032 4596 3089 4648 et
3107 4610 3199 4665 xx,
3224 4594 3311 4650 46.
3390 4594 3433 4630 ἠ
3458 4595 3673 4653 Coloss.
3696 4610 3765 4661 ιιι,
3788 4590 3838 4644 16.

1636 4744 1882 4799 VARI/E
1942 4742 2330 4798 LECTIONES
2386 4742 2476 4797 ET
2533 4742 2764 4798 NOT/E.

570 4940 587 5150 ἓ

571 4866 681 4936 (39)
714 4864 916 4920 Lamb.
951 4862 1085 4918 add.
1118 4861 1391 4936 omnibus.
1487 4932 1495 4936 Α
1549 4932 1559 4936 _
2249 4856 2444 4936 habent.
2472 4874 2628 4936 anno
2654 4860 2861 4936 priore.

595 4939 683 5004 40)
716 4936 876 4991 Bodf.
911 4936 1074 4989 deest
1102 4938 1151 4988 et
1172 4932 1600 5005 justiﬁcemini,
1714 5001 1750 5005 __
2328 4929 2438 5005 (40)
2472 4929 2673 5005 Lamb.
2707 4931 2939 5005 desunt.
2968 4939 3094 4986 erat
3123 4948 3307 5004 quam.

592 5000 682 5079 41)
715 5007 916 5062 Lamb.
951 5023 1052 5078 pro
1079 5000 1203 5059 cum
1231 5000 1341 5059 alio
1374 5004 1549 5079 habet
1581 5003 1640 5056 in
1668 5001 1869 5079 alium.
2078 5074 2086 5079 _
2471 5000 2673 5079 Lamb.
2696 5002 2942 5079 quidem.
2974 5000 3216 5079 Mog—in
3244 5006 3405 5076 facie.

598 5071 686 5149 42)
726 5078 927 5134 Lamb.
951 5071 1267 5144 'assumunt,
1299 5074 1391 5130 sed
1416 5078 1467 5129 et
1496 5074 1776 5129 cumulant
1823 5080 1875 5127 et
1930 5074 2145 5127 convio-
2468 5071 2629 5149 Bodl.
2654 5071 2933 5149 etLamb.
2957 5071 3367 5149 revelatiouem.

500 5143 733 5223 lant/7
859 5220 870 5223 _
1270 5215 1372 5223 ,,,
1463 5220 1470 5223 _
1546 5215 1557 5223 _
1638 5216 1671 5223 _.
1915 5214 1925 5223 .
2056 5215 2066 5223 .

2302 5144 2438 5223 ,(52)
2467 5144 2788 5223 Antiqchus
2820 5144 3155 5223 homi_l.‘l06
3178 5164 3191 5202 :
3215 5146 3392 5223 Χωρὶς
3420 5143 3506 5223 ⁸δὲ
3555 5156 3833 5223 ramulo??-

569 5224 682 5293 (43)
712 5220 923 5293 Lamb.
947 5219 1236 5293 recupitus.
1270 5215 1518 5293 Vulgata
1546 5215 1711 5271 lectio
1745 5214 2003 5287 pressius
2052 5215 2147 5268 in-

2256 5210 2429 5293 eum:
2478 5211 2576 5267 οὐκ
2622 5211 2773 5293 ἔστιν.
2822 5213 3209 5293 εὐπρόσδεκτον
3263 5210 3504 5293 γένέσθαι
3570 5210 3826 5292 «portui??-

499 5284 677 5351 haéret
706 5292 848 5347 locis
881 5291 1019 5347 Nov.
1052 5292 1219 5364 Test.
1241 5284 1526 5343 excitatis.
1745 5284 1761 5287 ⁷
2256 5286 2437 5364 illeque
2459 5302 2587 5341 vero
2615 5289 2734 5342 sine
2755 5284 3066 5345 humilitate
3093 5284 3317 5362 accepta
3335 5307 3448 5348 esse
3484 5284 3656 5364 potest

572 5367 685 5437 (44)
732 5364 926 5437 Lamb.
962 5365 1025 5437 in_
1046 5362 1277 5437 pyxides
1302 5364 1542 5437 portant.
1589 5435 1595 5437 Δ
2257 5357 2489 5437 Faenio.

576 5428 686 5505 (45)
720 5434 883 5490 Bodl.
918 5440 974 5489 et
1003 5428 1203 5505 Lamb.
1237 5428 1714 5505 medicamentum.
1825 5500 1865 5505 _
1900 5498 1936 5505 __
2075 5497 2121 5505 Δ-
2329 5429 2440 5505 (53)
2472 5432 2574 5481 Ms.
2606 5432 2663 5505 _S.
2696 5428 2843 5484 Vict.
2876 5434 2930 5486 et
2958 5432 3121 5501 quod.

576 5439 667 5505 (45
720 5438 883 5490 Bodl.
918 5440 974 5489 et
1003 5438 1203 5488 Lamb.
1237 5438 1714 5487 medicamentum.
2349 5438 2418 5481 5:5
2472 5438 2574 5481 Ms.
2608 5438 2663 5481 δ.
2704 5438 2843 5484 Vict.
2876 5438 2930 5486 et
2958 5438 3089 5501 quod

575 5438 687 5579 (46)
718 5508 802 5562 Ita
834 5522 976 5560 mss.
1002 5506 1059 5560 S.
1086 5504 1257 5569 Viet.,
1281 5503 1494 5569 Carm.,
1522 5503 1721 5556 Lamb.
1748 5504 1804 5556 et
1824 5498 2035 5555 Fellus.
2057 5497 2144 5554 Al.
2468 5499 2661 5579 l_.an_i_b.
2686 5516 3089 5579 cognoscamus.

502 5571 785 5636 ίφιέενέοδ,
865 5648 871 5650 Α
1044 5647 1071 5650 ᾧ
1326 5649 1329 5650 ν
1449 5646 1457 5650 _
2329 5571 2439 5650 (55)
2472 5571 2633 5650 liodl.
2661 5572 2726 5627 de
2753 5572 2965 5642 quibus.
2999 5574 3193 5632 Fellus
3217 5594 3231 5634 :
3254 5578 3513 5650 requiris.

574 5651 687 5714 (47)
715 5648 917 5705 Lamb.
950 5650 1007 5703 et
1033 5647 1223 5702 Carm.
1255 5664 1291 5700 a
1314 5646 1475 5702 turri.
1984 5713 1994 5714 ί
2085 5712 2117 5714 α
2329 5642 2444 5714 (56)
2476 5642 2978 5713 Lamb.expetunt.

716 5695 917 5779 E35131
953 5695 1536 5795 ἷεξᾶοηῖπίαῖνίέξέέηθι
1594 5731 1726 5771 mox
1784 5730 1919 5771 cum
1981 5712 2144 5771 Bodl.
