4038 6210
256 406 366 468 909
1399 407 1722 471 PAS'I‘OR.
1755 443 1830 456 —

2050 412 2096 484 Ι,
2144 413 2351 476 VISIO
2395 416 2496 476 IV.
3525 415 3645 482 910

253 536 578 594 socordiam
607 537 744 610 (57),
775 541 830 594 et
858 553 972 593 non
1003 536 1334 610 projecistis
1366 554 1400 594 a
1425 539 1589 594 vobis
1628 540 2086 599 sollicitudinem
2119 544 2178 599 in
2215 546 2457 602 Domino
2484 572 2498 615 ;
2532 553 2590 604 et
2618 551 2900 605 contusus
2931 549 3045 622 (58)
3075 554 3165 607 est
3192 567 3401 608 sensus
3432 555 3644 608 vester.

250 631 306 696 et
333 626 703 684 inveterastis
734 629 792 682 in
815 627 1068 683 tristitiis
1100 627 1322 683 vestris.
1361 629 1546 692 Quare
1578 646 1712 702 ergo
1745 649 1920 702 super
1978 633 2310 690 cathedram
2346 638 2608 706 sedebat,
2666 638 2927 694 volebam
2959 656 3327 712 cognoscere,
3361 640 3598 696 domina
3619 640 3648 696 7

249 713 605 788 Respondit:
640 716 925 780 Quoniam
957 714 1150 770 omnis
1182 714 1454 771 inﬁrmus
1486 733 1663 788 super
1687 719 2026 775 cathedram
2058 722 2219 778 sedet
2247 729 2482 796 propter
2512 725 2915 783 inﬁrmitatem
2965 744 3156 801 suam,
3186 733 3253 786 ut
3281 728 3648 786 contineatur

246 802 558 862 inﬁrmitas
587 806 732 877 ejus.
767 805 911 861 Ecce
941 803 1125 860 habes
1155 804 1406 877 ﬁguram
1438 805 1639 877 primae
1670 807 1788 879 (59)
1819 808 2083 867 visionis.

1757 942 1986 998 CAPUT
2021 943 2140 999 XII.

315 1036 582 1093 Secunda
605 1040 798 1092 autem
824 1034 1067 1100 visione,
1097 1034 1297 1090 vidisti
1328 1033 1488 1090 illam
1521 1039 1794 1109 stantem,
1827 1042 1887 1093 et
1909 1039 2230 1110 juvenilem
2263 1041 2467 1098 faciem
2506 1043 2839 1114 habentem,
2873 1049 2930 1102 et
2958 1046 3293 1103 hilariorem
3325 1065 3504 1121 quam
3534 1048 3649 1121 pri-

247 1127 462 1184 stinam
489 1145 503 1195 ;
537 1142 774 1182 carnem
806 1130 1001 1180 autem
1023 1128 1080 1180 et
1104 1123 1348 1196 capillos
1370 1124 1576 1182 aniles.
1602 1126 1774 1197 Audi,
1801 1128 2008 1199 inquit,
2032 1133 2087 1185 et
2117 1129 2265 1186 hanc
2286 1133 2644 1204 parabolam.
2673 1135 2818 1191 Cum
2851 1135 3045 1191 senior
3062 1137 3188 1208 jam
3212 1137 3387 1192 fuerit
3409 1137 3646 1209 aliquis,

248 1219 519 1288 desperat
545 1217 614 1271 de
645 1232 707 1271 se
736 1215 863 1286 ipso
894 1215 1005 1286 (60)
1037 1218 1273 1286 propter
1300 1213 1700 1271 inﬁrmitatem
1736 1234 1905 1272 suam
1962 1222 2018 1273 et
2074 1225 2498 1292 paupertatem,
2551 1227 2605 1278 et
2639 1223 2783 1278 nihil
2818 1224 2975 1279 aliud
3007 1229 3320 1298 exspectat,
3354 1227 3466 1283 nisi
3495 1226 3650 1283 diem

249 1310 574 1362 extremum
607 1304 734 1359 vita:
766 1320 906 1358 suae.
966 1303 1184 1357 Deinde
1240 1303 1432 1357 subito
1485 1303 1570 1358 illi
1630 1304 1830 1360 relicta
1861 1311 1949 1362 est
2005 1307 2354 1378 haereditas;
2408 1316 2465 1366 et
2526 1313 2770 1368 audiens
2799 1314 3077 1386 exsurgit,
3127 1314 3442 1386 hilarisque
3465 1316 3650 1372 factus

248 1394 438 1449 induit
465 1395 778 1460 virtutem;
812 1397 868 1447 et
889 1393 1015 1463 jam
1047 1407 1158 1446 non
1191 1392 1530 1460 discumbit,
1562 1395 1661 1449 sed
1694 1399 1831 1460 stat,
1866 1395 2222 1453 etliberatus
2253 1404 2341 1454 est
2363 1399 2476 1471 (61)
2508 1418 2541 1454 a
2566 1401 2860 1472 prioribus
2893 1403 3276 1470 mceroribus;
3310 1404 3510 1473 etjam
3532 1420 3650 1459 non

248 1485 430 1551 sedet,
459 1484 559 1539 sed
601 1482 847 1539 viriliter
876 1481 1014 1552 agit.
1049 1482 1133 1535 Ita
1164 1485 1221 1536 et
1249 1497 1349 1536 vos
1380 1483 1512 1554 (62),
1548 1483 1750 1538 audita
1779 1484 2144 1553 revelatione,
2178 1505 2351 1557 quam
2382 1489 2537 1544 Deus
2569 1490 2733 1546 vobis
2757 1491 3028 1547 revelavit
3055 1509 3068 1558 ;
3100 1493 3236 1563 quia
3267 1492 3541 1548 misertus
3563 1497 3654 1549 est

245 1575 532 1631 Dominus
560 1571 737 1626 vestri
761 1575 816 1625 et
838 1570 1136 1626 renovavit
1155 1569 1428 1641 spiritum
1452 1575 1735 1639 vestrum,
1756 1577 1813 1628 et
1828 1574 2188 1644 deposuistis
2213 1577 2587 1634 inﬁrmitates
2611 1585 2833 1636 vestras
2859 1599 2872 1648 ;
2901 1582 3147 1636 accessit
3165 1581 3327 1637 vobis
3349 1581 3648 1653 fortitudo,

245 1659 644 1720 etinvaluistis
658 1660 716 1713 in
736 1659 850 1714 ﬁde
873 1676 887 1725 ;
905 1663 962 1713 et
977 1658 1098 1713 visa
1111 1661 1259 1714 Deus
1274 1659 1615 1714 fortitudine
1651 1665 1862 1728 vestra,
1887 1663 2124 1732 gavisus
2145 1668 2253 1719 est.
2273 1668 2514 1736 Propter
2534 1667 2641 1722 hoc
2661 1668 3086 1725 demonstravit
3107 1669 3271 1726 vobis
3291 1674 3648 1727 structuram

243 1751 465 1810 turris:
498 1754 556 1812 et
581 1748 697 1804 alia
727 1747 1012 1814 ostendet,
1046 1747 1095 1804 si
1125 1763 1194 1802 ex
1224 1751 1343 1804 toto
1366 1748 1538 1804 corde
1570 1765 1771 1820 pacem
1805 1750 2132 1807 habueritis
2164 1754 2316 1808 inter
2345 1771 2466 1810 vos.

1737 1882 1967 1939 CAPUT
2005 1883 2154 1940 XIII.

314 1985 510 2043 Tertia
541 1987 737 2040 autem
769 1981 991 2036 visione
1022 1979 1219 2035 vidisti
1255 1977 1415 2033 illam
1437 1978 1972 2049 adolescentiorem,
1998 1981 2301 2038 honestam
2335 1989 2390 2039 et
2419 1985 2686 2056 hilarem,
2711 1991 2765 2043 et
2797 2004 3074 2044 serenum
3106 1989 3219 2062 (63)
3248 1989 3472 2045 vultum
3495 1991 3645 2062 ejus.

242 2076 404 2132 Sicut
432 2073 611 2141 enim,
645 2072 694 2128 si
725 2069 900 2128 alicui
933 2073 1135 2124 maesto
1167 2068 1825 2139 superveneritnuntius
1853 2068 2038 2125 bonus
2063 2069 2299 2143 aliquis,
2326 2074 2521 2130 statim
2547 2075 2764 2131 oblitus
2785 2080 2873 2131 est
2902 2079 3185 2143 maeroris,
3212 2077 3470 2150 nihilque
3491 2077 3648 2136 aliud

242 2167 564 2236 exspectat,
596 2159 709 2216 nisi
743 2159 1249 2216 annuntiationem
1282 2173 1459 2228 quam
1492 2157 1749 2212 audivit:
1786 2162 1843 2212 et
1879 2160 2238 2215 confortatur
2267 2161 2337 2217 de
2369 2167 2598 2230 caetero,
2629 2169 2686 2220 et
2717 2168 3024 2221 renovatur
3053 2165 3295 2238 spiritus
3340 2168 3467 2239 ejus
3517 2183 3650 2240 pro-

245 2259 373 2326 pter
401 2253 679 2326 gaudium
711 2250 866 2322 quod
899 2246 1156 2319 accepit:
1190 2247 1274 2301 sic
1305 2250 1362 2301 et
1390 2263 1489 2301 vos
1518 2247 1947 2303 renovationem
1980 2249 2286 2320 accepistis
2318 2250 2631 2322 spirituum
2666 2257 3010 2324 vestrorum,
3031 2253 3292 2311 videntes
3325 2255 3446 2311 haec
3477 2257 3649 2314 bona.

246 2342 318 2397 Et
348 2341 486 2414 quia
516 2358 693 2412 super
722 2337 1069 2395 subsellium
1125 2334 1320 2390 vidisti
1351 2335 1465 2407 (64)
1497 2335 1796 2391 sedentem
1824 2361 1838 2400 ;
1872 2336 2037 2392 fortis
2069 2338 2278 2409 positio
2310 2344 2433 2408 cst;
2493 2340 2766 2410 quoniam
2800 2346 3051 2414 quatuor
3097 2345 3271 2415 pedes
3301 2344 3477 2400 habet
3505 2345 3651 2400 sub-

245 2431 502 2501 sellium,
535 2431 588 2486 et
621 2429 847 2486 fortiter
871 2431 1006 2484 stat.
1042 2426 1188 2480 Nam
1221 2427 1276 2480 et
1307 2424 1564 2479 mundus
1591 2440 1692 2494 per
1721 2429 1971 2495 quatuor
1999 2425 2288 2483 elementa
2317 2430 2665 2485 continetur.
2706 2432 2810 2494 Qui
2840 2446 2976 2503 ergo
3002 2432 3404 2504 pmnitentiam
3435 2432 3654 2504 egerint

244 2519 471 2592 integre
501 2518 640 2591 (65),
667 2517 933 2588 juniores
963 2519 1172 2582 erunt;
1206 2517 1261 2568 et
1283 2512 1381 2584 qui
1415 2529 1483 2568 ex
1508 2515 1629 2567 toto
1655 2514 1826 2569 corde
1848 2515 2252 2585 paenitentiam
2285 2518 2530 2589 egerint,
2556 2524 2730 2576 erunt
2760 2521 3008 2577 fundati.
3037 2521 3221 2577 Habes
3252 2521 3312 2576 in
3345 2521 3517 2593 pleno
3537 2524 3652 2596 (66)

243 2608 656 2667 revelationem
681 2624 695 2664 :
730 2605 876 2664 nihil
903 2602 1159 2676 amplius
1189 2600 1450 2675 postules
1481 2602 1552 2657 de
1579 2601 1904 2658 revelandis
1937 2605 2072 2675 (67).
2106 2605 2166 2660 Si
2197 2606 2338 2678 quid
2370 2611 2566 2664 autem
2597 2609 2934 2680 oportuerit,
2969 2609 3317 2668 revelabitur
3341 2610 3472 2667 tibi.

1789 2761 1976 2818 VISIO
2015 2763 2111 2818 IV.

1024 2864 1112 2927 De
1157 2863 1474 2928 tentatione
1515 2870 1569 2924 et
1617 2862 2006 2925 tribulatione
2049 2865 2383 2929 hominibus
2423 2878 2868 2949 superuentura.

1653 3012 1884 3070 CAPUT
1923 3011 2235 3069 PRIMUM.

313 3109 607 3168 Visionem
637 3110 778 3175 vidi,
810 3110 1041 3175 fratres,
1073 3114 1205 3181 post
1233 3109 1358 3167 dies
1402 3111 1607 3183 viginti
1658 3111 1918 3182 pristina
1947 3108 2212 3174 visionis,
2244 3109 2494 3181 ﬁguram
2553 3110 2952 3167 tribulationis
2984 3115 3438 3184 superventurts.
3471 3111 3651 3170 Proﬁ-

239 3200 505 3256 ciscebar
532 3200 644 3270 (68)
674 3199 734 3253 in
765 3199 866 3254 illa
895 3199 989 3253 via
1018 3199 1351 3270 Campana:
1386 3217 1420 3255 a
1448 3202 1541 3256 via
1561 3205 1754 3256 autem
1783 3199 2018 3272 publica
2046 3200 2107 3254 in
2132 3198 2331 3254 villam
2363 3203 2503 3254 sunt
2525 3200 2647 3256 fere
2678 3201 2867 3256 stadia
2888 3201 3108 3257 decem.
3143 3206 3292 3257 Raro
3323 3207 3520 3258 autem
3542 3202 3656 3260 iter

240 3290 310 3343 ﬁt
340 3305 443 3360 per
468 3287 660 3343 locum
692 3287 880 3343 illum.
913 3292 980 3342 Et
1010 3288 1171 3343 solus
1202 3289 1514 3345 ambulans
1545 3292 1821 3360 rogabam
1856 3289 2192 3355 Dominum,
2228 3292 2292 3341 ut
2319 3288 2698 3344 revelationes
2730 3289 2858 3359 ejus
2889 3306 3036 3360 quas
3084 3289 3228 3344 mihi
3263 3291 3523 3345 ostendit
3550 3307 3655 3363 per

241 3387 509 3434 sanctam
542 3377 856 3432 Ecclesiam
889 3394 1078 3444 suam,
1112 3378 1502 3447 conﬁrmaret,
1538 3384 1594 3434 et
1625 3379 1787 3433 daret
1819 3377 2217 3448 pmnitentiam
2252 3378 2528 3432 omnibus
2561 3377 2746 3432 servis
2780 3378 2903 3433 suis
2935 3378 3036 3449 qui
3063 3378 3439 3433 scandalizati
3471 3384 3648 3449 sunt;

241 3471 311 3521 ut
340 3466 752 3521 honoriﬁcetur
782 3483 992 3520 nomen
1021 3466 1149 3536 ejus
1183 3483 1460 3537 magnum
1493 3471 1550 3521 et
1579 3467 1988 3531 honoriﬁcum,
2021 3470 2076 3520 et
2107 3465 2244 3535 quia
2293 3482 2383 3519 me
2415 3465 2659 3540 dignum
2695 3467 3023 3522 exstimavit
3054 3472 3118 3522 ut
3146 3469 3476 3524 ostenderet
3505 3467 3651 3524 mihi

243 3553 540 3610 mirabilia
569 3571 696 3620 sua,
731 3559 787 3609 et
817 3571 949 3609 eum
983 3554 1427 3610 honoriﬁcarem
1462 3560 1518 3609 et
1547 3556 1764 3626 gratias
1818 3571 2069 3627 agerem.
2103 3558 2401 3624 Tanquam
2434 3554 2547 3625 (69)
2578 3570 2686 3608 vox
2729 3555 2870 3608 mihi
2904 3555 3241 3626 respondit:
3278 3555 3358 3610 Ne
3390 3555 3644 3620 dubites,

235 3643 473 3699 Herma.
509 3644 664 3697 Intra
697 3659 788 3698 me
819 3659 953 3714 ergo
988 3644 1131 3714 carpi
1168 3644 1418 3714 cogitare
1450 3648 1507 3698 et
1538 3644 1727 3698 dicere
1754 3660 1765 3697 :
1791 3644 1907 3714 Ego
1940 3641 2079 3714 quid
2113 3641 2299 3696 habeo
2330 3642 2620 3711 dubitare,
2653 3643 2738 3696 sic
2784 3643 3064 3698 fundatus
3091 3661 3123 3697 a
3154 3644 3414 3711 Domino,
3447 3647 3504 3698 et
3545 3643 3648 3714 qui
3715 3649 3720 3654 '

232 3732 357 3787 vidi
390 3731 740 3787 honoriﬁcas
771 3748 862 3787 res
887 3731 914 3786 ?
949 3733 1291 3803 Progressus
1325 3748 1454 3787 sum
1488 3731 1816 3803 paululum,
1867 3734 2072 3786 fratres
2099 3747 2111 3783 :
2147 3737 2202 3785 et
2232 3746 2361 3785 ecce
2389 3729 2554 3785 video
2588 3730 2884 3802 pulverem
2909 3749 3096 3803 usque
3125 3733 3196 3788 ad
3229 3731 3460 3788 caelum.
3493 3732 3649 3802 Coepi

230 3821 428 3874 dicere
455 3818 610 3874 intra
639 3836 730 3873 me
755 3835 767 3875 :
802 3819 1076 3891 Nunquid
1104 3821 1376 3890 jumenta
1401 3821 1663 3883 veniunt,
1716 3825 1773 3874 et
1802 3819 2095 3891 pulverem
2156 3818 2462 3873 excitant?
2492 3819 2756 3873 Distabat
2805 3821 2918 3890 (70)
2951 3825 3144 3875 autem
3179 3837 3212 3875 a
3239 3837 3333 3876 me
3363 3826 3642 3890 tanquam

225 3909 512 3965 stadium.
546 3909 612 3963 Et
640 3925 771 3964 ecce
798 3909 962 3964 video
994 3910 1183 3980 magis
1215 3910 1520 3980 magisque
1551 3908 1846 3980 pulverem
1878 3913 2306 3978 exsurgentem,
2339 3909 2480 3963 adeo
2504 3913 2570 3963 ut
2595 3907 2926 3978 suspicarer
2945 3925 3073 3964 esse
3105 3908 3327 3979 aliquid
3358 3911 3471 3981 (71)
3504 3908 3648 3965 divi-

227 3999 416 4053 nitus.
440 3998 727 4054 Pusillum
761 4004 957 4053 autem
991 3997 1352 4070 resplenduit
1380 3998 1466 4053 sol
1492 4016 1502 4053 :
1529 4005 1584 4054 et
1614 4014 1744 4053 ecce
1773 3998 1937 4052 video
1961 3997 2206 4052 bestiam
2237 4014 2508 4068 magnam
2533 3996 2708 4051 veluti
2731 4001 3009 4066 cetum,et
3037 4014 3105 4053 ex
3126 4015 3223 4054 ore
3252 3998 3379 4069 ejus
3406 3998 3644 4054 locustis

223 4086 414 4158 igneae
446 4088 838 4160 procedebant
866 4087 932 4141 7“.
969 4089 1102 4141 Erat
1122 4092 1313 4141 autem
1339 4093 1565 4142 statura
1595 4087 1790 4142 bestiae
1815 4086 1973 4141 illius
2005 4087 2180 4157 pedes
2202 4087 2318 4140 fere
2349 4089 2580 4140 centum
2612 4101 2624 4140 :
2659 4090 2833 4157 caput
2856 4091 3047 4142 autem
3083 4086 3334 4142 habebat
3364 4092 3646 4158 tanquam

218 4191 333 4230 vas
365 4175 568 4231 urnale
599 4177 734 4247 (72).
768 4176 921 4247 Cmpi
955 4175 1088 4230 ﬂere
1120 4176 1466 4230 etinvocare
1498 4177 1839 4242 Dominum,
1874 4190 1938 4230 ut.
1995 4191 2088 4229 me
2122 4173 2398 4229 liberaret
2449 4175 2519 4229 ab
2553 4173 2672 4229 illa.
2709 4175 2924 4230 Deinde
2954 4175 3292 4230 recordatus
3324 4192 3457 4231 sum
3489 4174 3649 4231 verbi

220 4265 388 4336 quod
421 4264 718 4320 audieram
749 4281 762 4320 :
791 4265 872 4320 Ne
903 4265 1157 4333 dubites,
1189 4264 1421 4320 Herma.
1459 4265 1704 4321 Indutus
1738 4281 1894 4336 ergo,
1926 4264 2135 4319 fratres
2167 4264 2340 4318 ﬁdem
2372 4263 2471 4318 Dei
2499 4279 2513 4331 ;
2549 4266 2606 4317 et
2633 4269 2986 4319 memoratos
3018 4265 3151 4336 quis
3183 4264 3383 4320 docuit
3413 4265 3525 4337 (72)
3556 4280 3651 4321 me

224 4351 566 4424 magnalia;
599 4352 882 4409 audenter
910 4353 968 4408 in
1002 4352 1253 4408 bestiam
1289 4368 1379 4408 me
1410 4352 1642 4408 tradidi.
1677 4353 1767 4408 Sic
1799 4357 1991 4408 autem
2023 4351 2292 4407 veniebat
2319 4350 2507 4406 bestia
2535 4349 2655 4421 illa,
2690 4351 2771 4407 ita
2802 4356 2868 4407 ut
2891 4356 3089 4423 posset
3114 4351 3175 4407 in
3201 4353 3321 4408 ictu
3353 4352 3649 4409 civitatem

309 4467 356 4502 ⁷³
387 4472 564 4540 Apoc.
596 4486 653 4524 χι
685 4473 742 4526 et
774 4486 871 4524 xu.

1415 4566 1657 4622 VARIAZ
1697 4565 2064 4621 LECTIONIS
2113 4566 2199 4620 ET
2239 4565 2473 4620 NOT/E.

325 4663 439 4733 (57)
474 4663 558 4736 Ita
588 4663 748 4720 editi.
785 4663 978 4720 Fellus
1009 4680 1141 4720 vero
1173 4681 1240 4720 ex
1264 4681 1405 4719 mss.
1457 4664 1625 4736 Angl.
1660 4664 1901 4736 acedias.
2011 4662 2394 4736 nateeride
2424 4678 2557 4736 mox
2586 4661 2738 4736 infra
2764 4661 2870 4718 vis.
2904 4679 2981 4736 Iv,
3014 4678 3141 4734 cap.
3171 4663 3222 4718 1.

326 4731 443 4802 (58)
473 4735 563 4790 Sic
585 4753 728 4792 mss.
755 4736 1002 4805 S.Vict.,
1036 4736 1419 4805 Carm.,Bodl.
1445 4742 1502 4792 et
1524 4731 1901 4806 Camb.Editi,
2083 4735 2195 4806 (65)
2225 4735 2418 4788 Lamb.
2480 4735 2641 4789 deest
2669 4735 2899 4806 integre.
2930 4731 3002 4806 Et
3056 4731 3229 4804 recte,
3289 4737 3354 4789 ut
3383 4731 3649 4790 videtur:

253 4806 537 4873 confusus.
1888 4805 1893 4806 ⁷
2013 4805 2150 4862 nam
2183 4806 2355 4876 paulo
2389 4811 2537 4876 post,
2573 4806 2644 4859 ad
2678 4805 3152 4861 distinctionem:
3186 4821 3257 4860 ea:
3287 4808 3390 4861 toto
3419 4807 3597 4862 corde.

329 4876 442 4950 (59)
476 4878 677 4933 Lamb.
709 4880 929 4944 prioris.
965 4879 1048 4935 Id.
1082 4880 1190 4936 sub
1225 4878 1457 4934 initium
1489 4878 1668 4949 hujus
1685 4895 1812 4950 cap.
1845 4880 1904 4933 in
2083 4876 2210 4950 (66)
2233 4879 2314 4931 [ta
2345 4893 2485 4950 mss.
2517 4876 2680 4950 Bodl.
2716 4880 2772 4931 et
2802 4877 3000 4950 Lamb.
3025 4878 3121 4950 Ita
3149 4881 3205 4932 et
3233 4877 3426 4933 Fellus
3455 4877 3516 4932 in
3547 4892 3656 4934 sua

251 4947 463 5020 priore.
1571 4947 1582 4949 θ
1755 4947 1775 4950 “
2015 4947 2152 5004 edit.
2182 4947 2487 5020 'OxonrAl.
2521 4948 2691 5002 Habes
2719 4949 2866 5002 enim
2891 4950 2951 5002 in
2974 4949 3156 5020 pleno.

331 5019 447 5094 (60)
479 5020 680 5094 Lamb.
712 5037 768 5077 se
796 5023 998 5094 ipsum.
1108 5093 1112 5094 ν
1225 5092 1242 5094 ζ
1339 5092 1346 5094 Α
1579 5092 1585 5094 Α
1688 5093 1696 5094 ί
1770 5092 1813 5094 __
2085 5021 2198 5094 (67)
2231 5018 2436 5094 Lamb.
2469 5020 2820 5094 reuelatione.

328 5087 445 5166 (61)
480 5092 678 5166 Lamb.
711 5087 978 5166 suniptus.
1014 5093 1192 5149 Editt.
1223 5092 1405 5149 Paris.
1438 5109 1531 5148 an.
1568 5092 1725 5166 1644,
1751 5092 1904 5166 Cler.
2017 5162 2030 5166 _
2088 5087 2197 5166 (68)
2230 5091 2389 5166 Bodl.
2441 5096 2499 5146 et
2556 5091 2754 5147 Lamb.
2807 5089 2903 5145 hic
2961 5091 3240 5147 omittunt
3293 5092 3442 5148 enim
3497 5087 3654 5161 quod

255 5165 317 5236 et
330 5138 1405 5236 ﬁéAtﬁgfgasi"i;-X;}m;351316.“tsi;
1438 5138 1906 5236 estatinae
2017 5138 2413 5236 δεὶῖἑιῖῐὲάῖὶί.

259 5231 410 5306 Fel].
436 5238 491 5287 et
517 5231 745 5291 Russel.
1461 5231 1481 5236 ’
1610 5304 1620 5306 _
2088 5235 2198 5306 (69)
2238 5233 2424 5289 Fellus
2449 5249 2460 5286 :
2493 5233 2558 5287 Et
2585 5249 2710 5287 cum
2740 5231 3154 5306 honoriﬁearem
3208 5237 3260 5289 et
3287 5233 3494 5304 gratias
3521 5245 3659 5302 age-

331 5304 445 5374 (62)
476 5305 566 5360 Sic
598 5308 927 5378 emendavit
981 5309 1278 5364 Fabricius
1328 5323 1395 5363 ex
1443 5324 1556 5362 ms.
1599 5304 1656 5361 S.
1691 5307 1905 5362 Victor.
2017 5304 2154 5369 rem,
2184 5311 2469 5378 tanquam.
2502 5311 2634 5378 etc.,
2661 5305 2816 5375 quod
2846 5305 3035 5378 magis
3062 5305 3268 5377 placet.

257 5375 423 5451 _Hanc
455 5380 648 5451 tamen
679 5377 981 5451 lectionem
995 5382 1120 5451 jam
1154 5385 1325 5435 antea
1347 5378 1688 5433 exhibuerat
1719 5378 1907 5434 Fellus
2091 5377 2201 5451 (70)
2234 5375 2553 5451 Lanib._8ic
2581 5381 2717 5451 erat.

259 5447 322 5502 in
354 5449 628 5519 suaedit.
666 5450 847 5506 Oxon.
880 5453 964 5507 Al.
996 5446 1184 5507 audite
1215 5452 1622 5506 reuelationem.
2091 5446 2204 5519 (74)
2237 5448 2398 5502 Bodl.
2431 5446 2528 5502 hoc
2557 5446 2786 5518 aliquid.

332 5518 447 5589 (63)
472 5518 634 5575 Bodl.
665 5522 878 5578 bonam.
912 5524 1108 5580 Lamb.
1161 5526 1221 5578 in
1253 5524 1452 5578 bonam
1494 5526 1549 5576 et
1577 5521 1828 5591 hilarem,
1862 5529 1912 5576 et
2090 5515 2202 5591 (72)
2232 5520 2337 5574 Ms.
2370 5519 2515 5572 Vict.
2548 5515 2709 5573 deest
2739 5523 3021 5589 tanquam.
3044 5519 3238 5576 Lamb.
3269 5515 3552 5591 fumalemg.

263 5587 694 5672 bene-serenum.
1029 5665 1057 5672 _
1140 5665 1173 5672 _
1401 5668 1408 5672 _
1464 5664 1480 5672 _
1601 5664 1612 5672 ‘
1817 5587 1825 5591 ⁷
1870 5665 1879 5672 _
2095 5587 2207 5663 (73)
2243 5591 2441 5672 Lamb.
2475 5604 2598 5660 quae
2627 5591 2749 5672 quis
2779 5587 3056 5672 docuit”...
3105 5587 3456 5659 memoratus,
3485 5587 3542 5643 id
3575 5587 3665 5654 est

334 5663 451 5734 (64)
482 5663 577 5718 Sic
605 5663 717 5791 leg.
750 5682 820 5720 ex
850 5682 991 5720 mss.
1025 5665 1083 5720 S.
1132 5665 1328 5720 Germ.
1361 5668 1418 5719 et
1463 5664 1656 5718 Lamb.
1692 5680 1794 5734 pro
1825 5665 1912 5719 vi-
2024 5662 2269 5720 memor.
2298 5662 2389 5719 Sic
2419 5678 2598 5733 supra
2624 5662 2712 5718 vis
2743 5677 2827 5730 ιιι,
2861 5680 2989 5737 cap.
3021 5663 3072 5720 1.

334 5735 446 5791 stis.
480 5735 633 5791 ouod
710 5737 885 5791 abent
914 5736 1073 5791 editi.
1103 5736 1280 5791 Addit
1306 5737 1498 5791 Carm.
1521 5738 1782 5791 tanquam
1811 5751 1912 5790 ur-

261 5733 446 5803 distis,
480 5735 633 5806 quod
666 5733 885 5794 habent
914 5736 1073 5792 editi.
1103 5736 1280 5793 Addit
1306 5737 1498 5792 Carm.
1521 5733 1782 5808 tanquam
1811 5751 1912 5790 ur-
