4038 6210
498 330 612 391 911
1989 327 2053 386 S.

2223 326 2404 388 RM/E
3730 337 3818 397 912

495 463 725 518 dedere.
755 460 897 515 Veni
928 474 1106 533 prope
1136 459 1321 526 illam,
1353 460 1410 515 et
1428 461 1545 514 tam
1578 460 1817 531 grandis
1836 458 2023 515 bestia
2045 458 2299 514 extendit
2328 472 2391 513 se
2420 458 2482 513 in
2511 461 2751 524 terram,
2778 461 2836 514 et
2858 457 3007 513 nihil
3028 458 3139 514 nisi
3164 457 3429 532 linguam
3462 461 3763 533 proferebat,
3780 474 3823 524 et

491 550 552 605 in
582 555 771 605 totum
803 551 913 622 (74)
947 567 1060 605 non
1096 550 1275 604 movit
1296 566 1378 613 se,
1412 550 1593 605 donec
1624 550 2076 621 pertransissem
2106 551 2218 619 (75)
2242 546 2401 603 illam
2432 552 2636 603 totam.
2670 548 2926 603 Habebat
2947 553 3145 603 autem
3178 548 3366 604 bestia
3393 548 3495 605 illa
3515 568 3667 624 super
3690 562 3821 626 caput

492 638 711 695 colores
743 642 1030 712 quatuor:
1064 638 1321 711 nigrum,
1355 637 1566 694 deinde
1597 639 1843 694 rubeum
1876 642 1932 693 et
1958 636 2499 709 sanguinolentum,
2534 636 2670 692 inde
2699 651 2966 706 aureum,
2999 636 3207 693 deinde
3233 637 3457 693 album.

2022 751 2248 807 CAPUT
2289 751 2356 806 II.

561 853 873 924 Postquam
907 856 1101 906 autem
1134 851 1478 923 pertransivi
1499 850 1682 916 illam,
1715 866 2059 922 progressus
2083 866 2215 904 sum
2247 850 2364 905 fere
2396 850 2571 921 pedes
2603 849 2881 923 triginta;
2909 852 2966 906 et
2984 866 3114 906 ecce
3144 850 3392 907 occurrit
3426 850 3565 907 mihi
3582 852 3721 927 virgo
3740 856 3824 927 (76)

487 942 756 1013 quaedam
788 946 1064 995 exornata
1092 944 1368 1010 tanquam
1401 941 1472 995 de
1496 941 1753 995 thalamo
1777 939 2049 1011 prodiens
2081 939 2193 1010 (77)
2222 940 2287 1005 ⁷³,
2310 943 2431 994 tota
2460 940 2516 994 in
2542 939 2710 1007 albis,
2738 944 2796 995 et
2817 938 3223 996 calceamentis
3250 940 3400 996 albis
3432 943 3769 1011 circumdata,
3782 951 3821 1001 et

486 1046 675 1101 usque
707 1030 779 1084 ad
811 1030 1015 1084 faciem
1049 1028 1283 1084 mitram
1316 1028 1575 1097 habens;
1606 1046 1709 1100 pro
1735 1031 2067 1099 tegumento
2091 1031 2287 1083 autem
2318 1029 2571 1083 habebat
2598 1027 2838 1100 capillos
2862 1028 3097 1083 nitidos.
3123 1027 3373 1101 Cognovi
3403 1045 3537 1101 ergo
3566 1032 3823 1102 apristinis

483 1118 834 1186 visionibus,
868 1117 1146 1190 quoniam
1178 1118 1435 1173 Ecclesia
1463 1122 1589 1183 est;
1624 1122 1679 1173 et
1709 1117 1952 1172 hilarior
2004 1115 2193 1171 factus
2248 1134 2405 1172 sum.
2437 1116 2722 1171 Salutavit
2752 1120 2945 1172 autem
2994 1133 3109 1183 me,
3158 1117 3396 1174 dicens:
3426 1124 3538 1174 Ave
3566 1123 3642 1190 tu,
3671 1119 3820 1177 homo.

485 1208 555 1263 Et
586 1207 742 1263 illam
777 1206 1085 1262 resalutavi
1119 1208 1251 1278 (78),
1284 1207 1519 1261 dicens:
1559 1206 1818 1275 Domina,
1847 1222 1965 1260 ave.
1999 1206 2376 1277 Respondens
2407 1209 2598 1261 autem
2633 1206 2776 1260 dixit
2806 1206 2987 1261 mihi:
3041 1206 3192 1271 Nihil
3226 1206 3334 1262 tibi
3366 1208 3626 1279 occurrit,
3650 1209 3821 1266 homo?

486 1297 621 1352 Dico
653 1294 740 1351 ei:
774 1297 1039 1360 Domina,
1091 1295 1343 1350 occurrit
1401 1295 1546 1349 mihi
1577 1296 1666 1365 (79
1698 1294 1831 1349 talis
1886 1294 2094 1361 bestia,
2129 1310 2255 1365 quae
2312 1294 2498 1366 possit
2556 1294 2838 1366 populum
2897 1311 3280 1363 consumere;
3314 1296 3415 1352 sed
3458 1297 3658 1353 virtute
3683 1298 3763 1353 Dei
3787 1302 3824 1353 et

481 1384 762 1457 singulari
786 1385 895 1452 (80)
920 1385 1047 1454 ejus
1069 1383 1490 1449 misericordia,
1513 1384 1662 1439 evasi
1680 1383 1861 1438 illam.
1886 1385 2036 1438 Bene
2057 1383 2333 1454 effugisti,
2358 1384 2574 1453 inquit;
2627 1383 2904 1455 quoniam
2928 1384 3306 1440 solitudinem
3355 1390 3412 1441 et
3434 1384 3823 1443 sollicitudinem

480 1478 644 1528 tuam
677 1474 748 1527 ad
782 1473 1091 1527 Dominum
1126 1472 1421 1544 projccisti
1450 1474 1514 1541 7‘,
1548 1477 1602 1525 et
1634 1489 1731 1526 cor
1760 1477 1927 1526 tuum
1960 1472 2238 1542 aperuisti
2274 1473 2343 1525 ad
2378 1488 2533 1537 eum,
2577 1473 2818 1527 credens
2849 1473 3003 1542 quod
3036 1489 3138 1544 per
3166 1472 3399 1529 nullum
3443 1473 3617 1529 alium
3661 1476 3825 1545 poteris

479 1561 676 1617 salvus
705 1578 853 1624 esse,
889 1561 997 1616 nisi
1032 1578 1133 1631 per
1164 1578 1440 1633 magnum
1468 1567 1523 1615 et
1558 1560 1937 1615 honorificum
1964 1577 2172 1614 nomen
2197 1561 2324 1629 ejus
2346 1562 2479 1630 (81).
2512 1565 2753 1630 Propter
2782 1560 2891 1615 hoc
2916 1561 3075 1615 misit
3102 1560 3387 1616 Dominus
3420 1561 3677 1634 angelum
3694 1580 3825 1618 suum

479 1649 576 1719 qui
606 1655 695 1705 est
726 1666 900 1720 super
932 1649 1171 1717 bestias,
1204 1650 1296 1704 cui
1328 1666 1540 1704 nomen
1572 1653 1660 1703 est
1692 1648 1901 1720 Hegrin
1932 1649 2064 1719 (82),
2096 1652 2152 1703 et
2183 1648 2475 1703 obturavit
2503 1664 2569 1704 os
2600 1649 2747 1718 ejus,
2782 1664 2854 1703 ne
2884 1653 2941 1703 te
2971 1648 3303 1705 dilaniaret.
3336 1649 3604 1722 Magnam
3634 1652 3827 1706 tribula-

476 1738 693 1795 tionem
720 1738 973 1809 eli’ugisti
1004 1742 1239 1809 propter
1262 1739 1435 1792 {idem
1458 1743 1643 1803 tuam,
1677 1743 1733 1792 et
1773 1736 1871 1808 qui
1907 1736 2077 1790 talem
2108 1737 2353 1791 bestiam
2388 1754 2500 1792 non
2533 1737 2840 1794 dubitasti.
2864 1737 3022 1793 Vade
3050 1754 3207 1811 ergo,
3241 1742 3300 1795 et
3328 1755 3535 1795 enarra
3566 1739 3738 1796 electis
3753 1740 3825 1796 Dei

479 1825 774 1898 magnalia
804 1826 1010 1898 ipsius.
1046 1827 1112 1881 Et
1142 1827 1299 1882 dices
1356 1826 1495 1897 illis,
1530 1827 1683 1897 quod
1732 1826 1919 1881 bestia
1973 1825 2095 1881 hinc
2124 1826 2236 1896 (83)
2280 1826 2467 1897 figura
2505 1830 2597 1881 est
2651 1841 2936 1896 pressura;
2995 1832 3453 1898 superventura.
3488 1828 3547 1884 Si
3602 1844 3722 1901 ergo
3746 1831 3828 1901 (85)

478 1915 944 1988 praeparaveritis
972 1932 1095 1980 vos,
1126 1916 1393 1986 poteritis
1441 1915 1693 1986 effugere
1724 1914 1924 1981 illam;
1959 1914 2005 1969 si
2066 1931 2162 1969 cor
2209 1918 2466 1969 vestrum
2528 1914 2701 1970 fuerit
2731 1931 2942 1986 purum
2984 1932 3050 1970 ac
3081 1915 3208 1972 sine
3257 1916 3509 1983 macula,
3542 1922 3598 1974 et
3624 1918 3826 1989 reliquos

478 2004 603 2059 dies
635 2004 763 2059 vita:
792 2009 996 2060 vestra:
1028 2005 1140 2077 (85)
1198 2005 1512 2061 servieritis
1544 2006 1657 2059 Deo
1718 2004 1845 2060 sine
1878 2003 2131 2075 querela.
2184 2002 2425 2059 Imittite
2483 2002 2909 2060 sollicitudines
2952 2008 3175 2060 vestras
3230 2022 3408 2077 super
3468 2008 3767 2079 Dominum,
3789 2012 3829 2064 et

483 2092 609 2165 ipse
640 2093 850 2165 diriget
877 2110 975 2148 eas
1004 2094 1116 2166 (86)
1144 2095 1209 2147 ⁷⁵.
1241 2094 1466 2149 Credite
1499 2099 1631 2163 Deo,
1661 2092 1761 2164 qui
1788 2093 1931 2148 estis
1962 2091 2123 2147 dubii
2148 2109 2160 2156 ;
2187 2092 2466 2163 quoniam
2519 2092 2718 2147 omnia
2746 2096 2960 2164 potest,
3012 2098 3069 2148 et
3099 2098 3358 2150 avertere
3386 2096 3503 2168 (87)
3534 2095 3673 2152 iram
3698 2113 3825 2153 suam

485 2197 519 2237 a
547 2181 733 2249 vobis,
765 2184 822 2236 et
851 2182 1079 2237 mittere
1108 2183 1272 2239 vobis
1303 2183 1573 2255 prazsidia
1603 2184 1735 2253 (88).
1755 2185 1847 2235 Vae
1878 2180 2071 2236 dubiis
2101 2179 2194 2247 iis,
2219 2181 2319 2251 qui
2346 2181 2658 2236 audierunt
2686 2182 2861 2238 verba
2890 2182 3033 2251 haec,
3062 2186 3120 2238 et
3141 2185 3636 2257 contempserint:
3665 2185 3828 2242 melius

481 2274 604 2327 erat
632 2270 750 2327 illis
780 2288 894 2326 non
922 2271 1083 2327 nasci
1115 2274 1178 2326 ⁷⁸.

1999 2375 2227 2431 CAPUT
2266 2377 2360 2431 IlI.

548 2480 903 2555 Interrogavi
932 2496 1060 2538 eam
1091 2480 1163 2534 de
1190 2476 1310 2532 illis
1341 2480 1593 2548 quatuor
1621 2476 1935 2546 coloribus,
1985 2495 2128 2549 quos
2159 2476 2408 2533 habebat
2439 2475 2625 2531 bestia
2654 2475 2713 2531 in
2763 2476 2970 2547 capite.
3004 2479 3078 2531 At
3128 2475 3229 2531 illa
3257 2479 3565 2550 respondit
3590 2478 3737 2545 mihi,
3760 2480 3827 2534 di-

476 2582 652 2623 cens:
690 2568 904 2623 lterum
934 2572 995 2621 tu
1029 2565 1296 2621 curiosus
1326 2581 1409 2629 es,
1442 2566 1512 2619 de
1562 2565 1734 2619 rebus
1765 2566 2106 2637 hujusmodi
2164 2564 2533 2635 interrogans
2578 2563 2712 2635 (89).
2746 2564 2815 2618 Et
2844 2564 2996 2619 dixi:
3058 2564 3329 2634 Domina,
3360 2567 3693 2624 demonstra
3718 2567 3826 2622 mihi

473 2657 610 2726 quid
644 2657 760 2711 sint
790 2656 890 2711 illa
910 2657 937 2711 ?
968 2656 1139 2724 Audi,
1169 2654 1399 2724 inquit:
1435 2652 1581 2707 lllud
1617 2655 1848 2725 nigrum
1880 2656 2138 2709 mundus
2169 2658 2280 2720 est,
2315 2654 2371 2707 in
2396 2670 2506 2721 quo
2536 2652 2980 2708 commoramini
3014 2671 3026 2709 :
3063 2654 3300 2726 igneum
3322 2660 3523 2711 autem
3553 2661 3609 2712 et
3638 2657 3825 2728 sangui-

476 2745 777 2801 nolentum
808 2746 945 2817 (90),
977 2742 1252 2816 quoniam
1286 2746 1512 2813 oportet
1542 2743 1817 2797 saeculum
1851 2744 1959 2799 hoc
1990 2761 2093 2815 per
2120 2741 2464 2815 sanguinem
2492 2745 2549 2796 et
2579 2742 2772 2813 ignem
2805 2741 3103 2813 deperire;
3155 2760 3332 2799 aurea
3362 2749 3563 2801 autem
3594 2763 3733 2818 pars,
3757 2762 3827 2799 vos

475 2834 616 2889 estis
649 2834 750 2905 qui
782 2833 1069 2906 efi'ugistis
1102 2830 1381 2887 seculum
1412 2830 1540 2886 hoc.
1571 2831 1732 2887 Sicut
1760 2832 1914 2887 enim
1947 2849 2048 2905 per
2077 2832 2271 2904 ignem
2304 2848 2512 2886 aurum
2548 2831 2849 2902 probatur,
2881 2835 2938 2886 et
2963 2831 3105 2886 utile
3135 2832 3203 2887 fit
3233 2834 3276 2867 ⁷⁷
3307 2849 3319 2888 :
3346 2833 3430 2888 sic
3463 2840 3522 2890 et
3548 2852 3645 2890 vos
3672 2835 3828 2907 proba-

474 2922 645 2991 mini,
677 2924 778 2995 qui
808 2922 1086 2977 habitatis
1115 2921 1175 2975 in
1207 2920 1348 2975 illis.
1390 2918 1497 2983 Qui
1556 2920 1736 2991 igitur
1766 2922 2212 2992 permanserint,
2273 2924 2329 2974 et
2361 2918 2821 2992 peseveraverint
2871 2919 3007 2992 (91),
3038 2924 3095 2975 et
3150 2922 3378 2993 probati
3422 2923 3639 2980 fuerint
3665 2924 3727 2979 ab
3752 2922 3827 2989 eis,

473 3012 899 3083 purgabuntur.
934 3012 1005 3067 Et
1034 3010 1189 3065 sicut
1243 3024 1453 3064 aurum
1484 3010 1835 3065 emundatur
1887 3010 2022 3081 (92),
2054 3014 2113 3064 et
2143 3008 2387 3063 remittit
2444 3009 2677 3063 sordem
2707 3025 2872 3063 suam
2901 3024 2914 3062 :
2949 3009 3035 3064 sic
3087 3014 3143 3064 et
3190 3026 3290 3066 vos
3319 3011 3611 3082 abjicietis
3641 3027 3827 3067 omnem

470 3100 773 3156 tristitiam
805 3104 862 3155 et
890 3099 1225 3172 angustiam
1256 3103 1312 3153 et
1341 3098 1808 3153 emundabimini
1840 3100 1898 3154 in
1931 3103 2286 3155 structuram
2319 3098 2431 3170 (93)
2453 3097 2806 3153 turris.Alba
2830 3101 3026 3152 autem
3051 3099 3160 3170 (94)
3184 3100 3752 3172 pars,superventuri
3767 3104 3832 3155 est

471 3189 689 3257 saeculi,
725 3189 783 3244 in
814 3206 928 3261 quo
953 3188 1298 3244 habitabunt
1322 3185 1489 3242 electi
1522 3187 1615 3241 Dei
1642 3205 1654 3253 ;
1689 3188 1965 3259 quoniam
1996 3186 2356 3242 immaculati
2386 3191 2443 3241 et
2470 3186 2603 3258 puri
2633 3191 2805 3241 erunt
2832 3186 2997 3241 electi
3027 3189 3127 3242 Dei
3153 3186 3215 3242 in
3247 3188 3427 3244 vitam
3462 3194 3743 3247 aeternam.
3770 3188 3832 3243 Tu

471 3293 608 3350 ergo
642 3294 713 3332 ne
742 3278 979 3332 desinas
1010 3276 1169 3347 loqui
1194 3276 1304 3347 (95)
1336 3274 1459 3329 haec
1484 3274 1725 3330 auribus
1747 3280 2103 3331 sanctorum.
2133 3275 2369 3330 Habetis
2400 3278 2457 3329 et
2477 3275 2725 3347 figuram
2757 3273 3150 3331 tribulationis
3172 3281 3608 3348 superventurae
3632 3292 3834 3349 magna.

467 3366 614 3423 Nam
646 3365 696 3422 si
723 3383 826 3421 vos
854 3364 1153 3421 volueritis
1182 3363 1314 3436 (96),
1351 3362 1495 3418 nihil
1525 3363 1653 3418 erit.
1688 3364 1749 3419 In
1782 3369 1974 3420 mente
2024 3364 2232 3419 habete
2263 3364 2374 3434 (97)
2406 3363 2517 3418 ista
2547 3380 2672 3435 quae
2704 3363 3042 3435 praescripta
3071 3368 3229 3420 sunt.
3262 3369 3393 3420 Haec
3426 3383 3568 3422 cum
3615 3366 3837 3425 dixisset,

468 3455 758 3512 discessit.
782 3455 905 3511 Non
923 3456 1038 3510 vidi
1061 3458 1257 3510 autem
1279 3470 1452 3524 quem
1473 3452 1531 3506 in
1555 3452 1746 3509 locum
1770 3453 1977 3509 abierit
1992 3453 2124 3525 (98).
2149 3452 2439 3523 Strepitus
2461 3456 2653 3508 autem
2668 3452 2856 3508 factus
2879 3457 2985 3523 est,
3009 3453 3356 3510 etadversus
3379 3471 3520 3512 sum
3538 3459 3836 3516 retrorsum.

471 3548 738 3601 metuens
766 3571 780 3613 ;
810 3549 867 3601 et
900 3544 1177 3617 putabam
1206 3541 1452 3598 bestiam
1490 3540 1651 3596 illam
1688 3542 1958 3597 advenire
1988 3542 2122 3613 (99).

540 3652 585 3686 ⁷³
613 3656 792 3723 Apoc.
825 3669 939 3721 xxv,
969 3655 1029 3708 2.
1112 3652 1157 3685 7‘
1187 3650 1470 3723 [Petr.ﬁv,
1502 3650 1556 3704 7.
1634 3649 1679 3683 ⁷⁵
1708 3648 1859 3705 Psal.
1891 3666 1999 3717 LIV,
2028 3650 2136 3717 23;
2172 3648 2379 3705 Matth.
2414 3665 2488 3716 v1,
2516 3649 2623 3718 25;
2650 3649 2784 3704 Luc.
2816 3666 2918 3719 xu,
2948 3650 3055 3716 22;
3091 3649 3340 3723 Philipp.
3370 3668 3448 3708 Iv.
3482 3654 3540 3708 6.
3615 3652 3659 3687 ⁷⁸
3678 3645 3839 3709 Matth.

471 3740 621 3795 XXVI,
651 3724 720 3779 24
747 3742 760 3792 ;
794 3723 971 3779 Marc.
1004 3740 1119 3790 xw,
1142 3725 1233 3777 22.
1313 3722 1357 3753 ⁷⁷
1393 3722 1411 3774 Ι
1440 3724 1593 3775 Petr.
1630 3738 1668 3787 Ι,
1695 3723 1749 3774 7.

1640 3834 1879 3890 VARI/E
1919 3835 2305 3892 LECTIONES
2346 3835 2435 3890 ET
2474 3834 2706 3891 NOT/E.

543 3936 657 4007 (74)
690 3936 889 3991 Lamb.
922 3937 983 3991 in
1014 3939 1248 3990 tantum.
1282 3932 1383 4007 Sic
1399 3937 1456 3988 et
1490 3932 1701 3989 Fellus.
2303 3934 2415 4007 (83)
2448 3933 2647 4007 Lamb.
2682 3934 2811 4007 talis
2840 3933 2981 3992 hac.

542 4004 656 4116 (75)
688 4007 848 4062 Bodl.
885 4011 941 4062 et
974 4008 1170 4061 Lamb.
1204 4006 1521 4060 transirem.
2304 4005 2415 4077 (8i)
2448 4004 2670 4059 Recitat
2699 4005 2854 4060 hunc
2897 4008 3091 4061 locum
3139 4006 3408 4064 Clemens
3456 4007 3626 4065 Alex.
3657 4010 3838 4081 Στρωμ.

542 4080 633 4116 (⁸7ίῖ
712 4078 1096 4116 Hinrnnvmna
1130 4079 1183 4116 ὅτι
1247 4076 1360 4116 Περ-
1417 4093 1493 4116 vn
1578 4076 1611 4116 Ω
1671 4078 1880 4116 Harena)
1910 4077 2122 4116 iii/iniam
2232 4075 2309 4116 lih
2367 4094 2419 4116 Iv
2472 4092 2577 4116 nan
2633 4076 2667 4116 Ο
2721 4093 2833 4116 nnc
2886 4078 2991 4116 ΕΘΗ

541 4075 654 4150 (76)
712 4078 1096 4150 Hieronymus
1130 4079 1184 4131 in
1247 4076 1363 4132 05c.
1417 4093 1518 4144 vn,
1578 4076 1631 4129 9.
1666 4077 2122 4150 [ἴωφηωυῑιίεἰιιν
2231 4075 2686 4150 lib.A_iv,Lcapg.79_,
2721 4078 3010 4150 pag._596.

467 4146 712 4207 Eeelesia
745 4146 1171 4213 adoleseenlula,
1202 4153 1254 4202 et
1310 4163 1508 4219 sponsa
1559 4148 1806 4203 crinibus
1836 4148 2115 4205 adornata.
2302 4148 2411 4219 (85)
2445 4146 2780 4203 Sict‘ellu‘s.
2802 4146 2900 4203 'Al.
2928 4148 3043 4204 dies
3072 4153 3292 4205 vestros.
3340 4150 3484 4206 Felli
3519 4154 3655 4206 nota
3681 4148 3838 4203 minus

560 4222 652 4293 77)
684 4221 891 4293 Lamb.
916 4221 1293 4293 progrediens.
1412 4290 1423 4293 _
1670 4290 1709 4293 _
1746 4290 1780 4293 __
2229 4219 2678 4293 recte‘redditur
2698 4220 2765 4293 in
2795 4220 3214 4293 posterioribus
3244 4221 3629 4279 editionibus.

559 4290 650 4363 78)
679 4292 881 4347 Lamb.
916 4290 1005 4348 'Et
1022 4290 1131 4362 ego
1184 4290 1425 4346 salutavi
1477 4307 1623 4345 eam.
1670 4290 1896 4347 Fellus:
1968 4293 2035 4347 Et
2064 4310 2113 4348 θ.
2298 4290 2409 4363 (86)
2438 4291 2517 4363 Ita
2552 4307 2664 4363 ms.
2697 4291 2898 4347 Lamb.
2933 4293 3082 4347 Editi
3111 4293 3339 4363 dirzgat.

468 4362 776 4437 resalutavi
804 4381 975 4437 eam,
1105 4435 1117 4437 _
1300 4433 1309 4437 _
1619 4432 1648 4437 μ
2233 4432 2258 4437 Α
2294 4362 2408 4429 (87)
2442 4362 2631 4437 _Bodl.
2691 4367 2747 4417 et
2808 4363 3002 4418 Lamb.
3070 4362 3334 4437 quoniam
3384 4370 3564 4437 potest
3616 4366 3835 4420 avertere.

557 4436 649 4502 79)
681 4436 842 4491 Bodl.
875 4439 931 4491 et
961 4435 1162 4490 Lamb.
1195 4433 1387 4489 omitt.
1420 4432 1652 4488 occurrit
1683 4433 1843 4489 mihi.
2225 4432 2411 4496 Quam
2441 4431 2749 4487 lectionem
2782 4439 3019 4491 secutus
3046 4431 3137 4491 est
3166 4436 3383 4492 Fellus.

556 4508 647 4576 80)
682 4507 879 4562 Lamb.
911 4509 1111 4562 nimia.
1145 4506 1238 4561 Sic
1271 4510 1327 4560 et
1364 4505 1575 4560 Fellus.
2294 4505 2405 4575 (88)
2437 4502 2523 4576 Al.
2556 4506 2845 4576 suffragia.

537 4575 651 4649 (81)
683 4579 855 4634 Deest
885 4580 1000 4650 ejus
1030 4595 1142 4633 ms.
1177 4577 1236 4632 S.
1269 4576 1421 4650 Vict.
1711 4647 1720 4650 _
1831 4648 1835 4650 _
2293 4577 2404 4650 (89)
2438 4575 2635 4650 Lamb.
2672 4578 3027 4650 interrogas?

534 4647 647 4719 (82)
681 4651 785 4705 Ms.
821 4647 1010 4705 Carm.
1044 4650 1232 4719 Egrz'n.
1266 4648 1345 4703 Cl.
1376 4648 1674 4720 Nourryus
1707 4647 1765 4701 in
1803 4648 2001 4718 Appar.
2036 4651 2110 4706 ad
2292 4647 2401 4720 (90)
2438 4648 2637 4720 Lamb.
2673 4649 2774 4703 Ille
2800 4650 3028 4717 niger..,
3081 4650 3342 4719 igneus...
3389 4649 3833 4720 sanguinem!”

461 4720 604 4775 Bibl.
643 4724 776 4787 PP.,
809 4726 951 4776 tom.
988 4723 1027 4787 Ι,
1063 4718 1172 4775 col.
1203 4721 1294 4783 65,
1327 4724 1593 4773 vexatum
1618 4718 1773 4773 hunc
1805 4720 1994 4774 locum
2020 4739 2107 4776 re-
2291 4718 2403 4790 (9i)
2436 4718 2571 4783 Ista,
2603 4728 2653 4774 et
2682 4723 3175 4790 perseveraverint,
3230 4718 3521 4777 omittunt
3550 4721 3709 4787 editi,
3740 4730 3832 4789 qua

463 4792 830 4847 stituendum
865 4797 1030 4862 putat
1060 4809 1127 4846 ex
1159 4791 1283 4845 cod.
1330 4790 1487 4845 Colb.
1540 4790 1639 4860 qui
1681 4791 1763 4843 sic
1798 4807 1857 4845 se
1892 4792 2103 4848 habet:
2221 4789 2411 4844 Fellus
2441 4789 2695 4862 restituit
2726 4808 2792 4845 ex
2824 4792 2987 4846 Bodl.
3022 4797 3078 4846 et
3109 4793 3311 4848 Lamb.

459 4862 604 4917 Misit
633 4855 898 4919 Dominus
927 4865 1185 4935 angelum
1232 4879 1402 4935 suum
1452 4855 1637 4935 superi
1665 4863 1917 4925 bestiam,
1948 4864 2103 4934 cujus
2216 4930 2227 4935 _
2287 4862 2403 4935 (92)
2435 4861 2515 4914 Ita
2544 4879 2684 4916 mss.
2719 4862 2776 4917 S.
2803 4862 2993 4917 Germ.
3026 4863 3215 4918 Carm.
3242 4870 3299 4918 et
3324 4865 3530 4920 Lamb.
3557 4865 3647 4919 Ita
3673 4868 3721 4916 et
3742 4855 3833 4935 Fel-

458 4950 657 4990 nomen
686 4945 766 5008 est
790 4927 1022 5007 Περιηέηῖ
1075 4934 1413 5008 Suspicatus
1439 4927 1564 5008 jam
1615 4934 1802 5008 fuerat
1834 4927 2103 5008 doctissi-
2214 4927 2327 5008 lus.
2364 4934 2519 5008 lianc
2550 4950 2706 4997 vero,
2742 4950 2855 4988 non
2880 4940 3075 5008 autem
3104 4936 3267 4990 illam
3299 4953 3481 5008 quam
3516 4936 3730 4991 habent
3748 4927 3830 5008 edi:

460 5022 593 5061 mus
616 4999 957 5072 Cotelerius,
980 4999 1248 5060 Hermann
1274 4999 1465 5076 Grmce
1495 5003 1601 5057 hoc
1624 5004 1739 5076 fere
1763 5006 1933 5076 modo
1962 5008 2099 5076 scri-
2214 5004 2277 5071 ti,
2327 5004 2664 5067 emendatur,
2689 5022 2884 5059 veram
2908 4999 3372 5073 esselectionem,
3396 5009 3457 5062 id
3478 5008 3689 5063 suadet
3707 4999 3823 5076 quod

499 5077 989 5150 Slsse:_"E11:sle;s
1049 5076 1243 5150 Κύριος
1317 5071 1545 5150 ἄγγελον
1608 5072 1792 5150 αιξτοῦ,
1852 5074 1908 5135 ὅς
1960 5074 2094 5150 ἐστιν

1960 5074 2098 5150 ἐστιν
2213 5076 2539 5150 moxaddit
2563 5091 2585 5150 εν
2610 5077 2688 5130 sic
2719 5080 2772 5129 et
2796 5093 2905 5131 vos.
2944 5120 2957 5134 .
2996 5118 3008 5132 .
3040 5071 3508 5135 emundabz'mini.

483 5146 542 5200 πὶ
564 5147 781 5221 θηρίῳ,
815 5150 859 5219 ᾧ
886 5146 1080 5221 direpta
1128 5146 1421 5221 ”Ἀγριον⁷.’-
1445 5148 1629 5221 Quam
1658 5146 1719 5221 in_
1749 5148 2078 5221 sententiam

1368 5146 1385 5221 ⁷.
1404 5146 1421 5221 '_
1445 5148 1629 5221 Quam
1658 5146 1719 5221 in_
1749 5148 2099 5221 sententiam
2283 5147 2393 5221 (937)
2429 5147 2630 5221 Lamb.
2651 5155 2963 5221 structura.

451 5213 661 5292 excitat
716 5213 859 5292 illud
916 5213 1058 5292 psal.
1092 5213 1322 5292 ψχχῖκ,
1365 5217 1473 5292 14.υ
1511 5213 1857 5288 Ἐλυμῄνατο
1929 5218 2046 5292 auri

1663 5215 1857 5288 ιῄνατο
1929 5218 2095 5292 eam
2280 5213 2391 5292 (94)
2418 5219 2616 5292 Ms.__S.
2650 5218 2796 5292 Vict.
2829 5221 3027 5275 Album
3055 5229 3258 5277 autem.

451 5293 544 5364 ei}:
575 5289 663 5364 (ἐκ
711 5283 940 5362 δρυμοῦ’.
1016 5288 1105 5343 καί
1178 5283 1364 5362 μονιὸς
1419 5283 1657 5364 Δεἰὶγρῳξ
1698 5283 2046 5364 ᾇεατενεμήσα-

1649 5283 1657 5287 ’
1698 5283 2095 5364 ᾇεατενεμήσαέο
2427 5287 2584 5364 Bodl.
2619 5294 2675 5345 et
2708 5290 2911 5364 Lamb,
2943 5293 3230 5364 loquendo.

449 5360 661 5430 αὐτήν..
698 5360 1012 5418 Devastavz't
1042 5360 1188 5418 eam
1214 5378 1345 5430 aper
1391 5360 1457 5413 de
1495 5360 1658 5429 silva,
1715 5365 1765 5415 et
1793 5363 2095 5431 singularis
2278 5361 2390 5431 (96)
2423 5361 2619 5415 Lamb.
2655 5363 2763 5415 etsi
2790 5360 3097 5419 volueritis.

446 5428 595 5506 ferus
626 5434 881 5506 depastus
928 5443 1007 5490 est
1033 5428 1399 5506 eam.__Quod
1451 5428 1648 5485 tamen
1710 5432 1861 5506 Fello
1886 5428 2094 5506 minus
2211 5504 2219 5506 _
2274 5428 2538 5506 (97)Alvls.‘
2588 5432 2787 5488 Lamb.
2845 5435 2998 5506 apud
3057 5435 3361 5503 Clericum,
3390 5436 3457 5491 In
3491 5442 3727 5491 mentem
3747 5428 3808 5481 Δεῖ·

447 5503 1156 5563 νὶἀθῒυιίδάωίῐίθηόυσι.
1184 5504 1305 5558 Huc
1328 5509 1520 5558 autem
1552 5503 1872 5573 respexisse
1893 5505 2091 5560 lliero-
2203 5504 2335 5558 belo.
2395 5503 2578 5558 Editio
2608 5508 2802 5558 tamen
2861 5505 3042 5562 Oxon.
3087 5508 3205 5563 sic:
3240 5509 3301 5564 In
3330 5511 3520 5563 mente
3562 5506 3784 5563 habeto!!-

450 5591 690 5646 nymum
722 5577 823 5634 lib.
859 5597 897 5646 1,
929 5581 991 5633 in
1035 5577 1286 5632 Habaeue
1333 5592 1373 5643 ι,
1412 5574 1495 5646 14,
1545 5574 1843 5631 nonnullis
1873 5576 2087 5646 visum,
2274 5576 2382 5645 (98)
2419 5575 2619 5646 Lamb.
2652 5590 2755 5646 quo
2787 5576 2904 5633 loco
2935 5578 3095 5634 abiit.

441 5644 531 5708 cet
557 5646 655 5707 alii
679 5648 790 5707 viri
819 5644 976 5708 dccti
1008 5649 1182 5707 aliter
1212 5644 1478 5705 senserin
1495 5648 1537 5700 t.
2072 5644 2078 5646 ⁷
2271 5644 2381 5719 (99)
2413 5645 2574 5703 Bodl.
2605 5644 2674 5703 eti
2692 5646 2893 5706 Lamb.
2926 5652 3135 5713 venire.
