4038 6210
243 428 357 501 913
1290 443 1621 506 PASTOR.
1654 476 1733 490 —
1762 445 1834 505 LI

2084 445 2533 508 MANDATUM
2578 444 2628 505 Ῑ.
3520 441 3639 505 914

1038 813 1653 937 LIBER
1780 813 2836 938 SECUNDUS

1694 1070 1789 1116 QUI
1844 1068 2207 1109 INSCRIBITUR

1580 1235 2299 1325 MANDATA.

1726 1600 2164 1657 PROOEMIUM.

296 1769 443 1825 Cum
473 1784 733 1825 orassem
760 1768 943 1837 domi,
974 1771 1031 1825 et
1058 1768 1454 1824 consedissem
1486 1768 1634 1842 (100)
1683 1786 1863 1841 supra
1893 1769 2131 1839 lectum,
2164 1770 2402 1826 intravit
2448 1771 2538 1826 vir
2567 1773 2804 1844 quidam
2863 1775 3177 1830 reverenda
3205 1773 3372 1842 facie,
3428 1770 3635 1828 habitu

224 1857 535 1932 pastorali,
569 1858 745 1931 pallio
776 1858 910 1914 albo
944 1858 1193 1914 amictus
1228 1859 1323 1930 (1),
1357 1874 1554 1929 peram
1577 1858 1636 1912 in
1666 1858 1930 1914 humeris
1961 1860 2038 1929 (2)
2061 1864 2118 1914 et
2145 1859 2371 1929 virgam
2405 1860 2463 1914 in
2486 1878 2662 1916 manu
2712 1866 2973 1933 gestans,
2996 1866 3053 1919 et
3102 1860 3375 1919 salutavit
3432 1878 3542 1917 me.
3570 1862 3642 1915 Et

225 1963 336 2021 ego
366 1946 677 2004 resalutavi
709 1964 866 2003 eum.
912 1948 1304 2018 Protinusque
1348 1948 1613 2002 consedit
1636 1948 1803 2019 juxta
1834 1964 1946 2017 me,
1996 1952 2051 2003 et
2071 1949 2154 2003 ait
2176 1948 2320 2002 mihi
2346 1966 2358 2002 :
2394 1949 2611 2005 Missus
2640 1967 2773 2005 sum
2806 1952 2876 2006 ab
2907 1967 2973 2007 eo
2990 1950 3301 2007 venerabili
3326 1950 3550 2015 nuntio,
3576 1952 3642 2004 ut

224 2036 489 2093 habitem
521 2039 715 2093 tecum
744 2036 1001 2108 reliquos
1032 2037 1157 2092 dies
1187 2036 1315 2092 vitae
1345 2040 1477 2091 tuae.
1512 2036 1578 2091 Et
1608 2053 1713 2108 ego
1744 2038 2044 2108 putabam,
2081 2038 2271 2108 ipsum
2305 2039 2375 2093 ad
2400 2041 2744 2095 tentandum
2778 2057 2871 2096 me
2903 2041 3147 2096 venisse.
3171 2041 3241 2095 Et
3270 2040 3397 2094 dico
3428 2038 3518 2094 ei:
3549 2040 3636 2093 Tu

226 2125 383 2182 enim
418 2124 552 2196 quis
581 2124 690 2181 es?
719 2125 838 2197 Ego
861 2125 1018 2180 enim
1049 2124 1181 2181 novi
1212 2124 1305 2179 cui
1338 2124 1591 2179 traditus
1622 2141 1774 2179 sum.
1807 2124 1902 2178 Ait
1925 2124 2070 2179 mihi
2098 2141 2110 2178 :
2138 2130 2257 2180 Non
2290 2127 2594 2197 cognoscis
2624 2127 2763 2182 me?
2792 2128 2939 2196 Non,
2965 2127 3209 2198 inquam
3241 2126 3341 2199 (3).
3374 2127 3513 2197 Ego,
3546 2125 3636 2180 in-

229 2213 379 2287 quit,
412 2230 546 2269 sum
576 2216 779 2286 pastor
809 2211 906 2269 ille
935 2212 1027 2268 cui
1058 2212 1310 2267 traditus
1340 2229 1422 2268 es.
1455 2212 1660 2267 Adhuc
1692 2211 1964 2283 loquente
1996 2229 2083 2280 eo,
2117 2212 2303 2283 ﬁgura
2333 2214 2461 2284 ejus
2490 2219 2715 2270 mutata
2743 2220 2851 2271 est.
2903 2219 3164 2286 Cumque
3211 2214 3634 2287 cognovissem,

230 2318 362 2359 esse
390 2318 526 2359 eum
558 2302 649 2358 cui
685 2302 936 2358 traditus
967 2302 1216 2371 fueram,
1242 2302 1523 2357 confusus
1546 2318 1698 2371 sum,
1724 2301 2102 2373 protinusque
2133 2306 2324 2357 metus
2353 2319 2442 2358 me
2475 2303 2653 2358 subiit
2684 2305 2783 2376 (4),
2816 2309 2871 2360 et
2890 2310 3055 2360 totua
3075 2320 3318 2360 mcerore
3339 2303 3638 2359 confectus

226 2408 389 2456 sum,
420 2393 559 2462 quia
587 2390 671 2447 sic
702 2391 753 2446 ei
783 2393 1199 2462 responderam
1232 2389 1577 2462 insipienter
1605 2390 1701 2461 (5).
1736 2390 1825 2444 Ait
1857 2389 2032 2445 mihi:
2066 2390 2193 2445 Noli
2244 2391 2545 2460 confundi,
2598 2392 2695 2446 sed
2729 2392 2997 2448 virtutem
3031 2393 3267 2465 concipe
3324 2391 3520 2447 animo
3577 2391 3636 2446 in

223 2479 521 2535 mandatis
557 2480 726 2548 meis,
759 2497 885 2552 quae
916 2480 1162 2535 daturus
1186 2495 1318 2534 sum
1348 2478 1479 2534 tibi.
1514 2478 1731 2533 Missus
1761 2495 1892 2534 sum
1929 2479 2106 2545 enim,
2141 2480 2353 2549 inquit,
2387 2485 2452 2535 ut
2510 2498 2635 2551 qua:
2686 2482 2887 2537 vidisti
2946 2483 3238 2553 superius,
3286 2480 3483 2536 omnia
3530 2479 3637 2536 tibi

221 2585 432 2624 rursus
465 2570 813 2631 ostendam;
846 2569 1137 2640 praecipue
1168 2585 1296 2639 quae
1328 2584 1397 2623 ex
1427 2567 1512 2622 eis
1542 2567 1712 2622 utilia
1763 2572 1901 2621 sunt
1929 2568 2110 2624 vobis.
2144 2568 2408 2623 Primum
2469 2570 2757 2641 omnium,
2812 2571 3090 2626 mandata
3121 2572 3197 2642 (6)
3248 2586 3378 2625 mea
3423 2573 3480 2624 et
3511 2585 3639 2639 spe-

222 2657 342 2726 cies
377 2656 835 2713 similitudinum
868 2658 1077 2713 scribe.
1111 2657 1354 2727 Reliqua
1376 2660 1591 2725 autem,
1618 2657 1770 2711 sicut
1800 2658 2108 2712 ostendero
2139 2657 2268 2723 tibi,
2305 2658 2385 2713 sic
2407 2675 2473 2713 ea
2503 2659 2743 2714 scribes.
2792 2661 2924 2715 Ideo
2955 2664 3153 2714 autem
3186 2659 3455 2730 prmcipio
3505 2656 3632 2725 tibi,

219 2746 480 2818 primum
509 2748 790 2802 mandata
818 2764 947 2802 mea
976 2752 1033 2802 et
1062 2746 1480 2802 similitudines
1512 2746 1785 2814 scribere,
1821 2752 1885 2800 ut
1915 2747 2162 2802 subinde
2193 2747 2436 2816 legendo
2465 2748 2701 2803 facilius
2734 2765 2803 2803 ea
2832 2748 3125 2804 custodire
3154 2748 3365 2819 possis.
3417 2746 3631 2817 Scripsi

218 2834 406 2907 igitur
434 2835 709 2891 mandata
738 2841 795 2890 et
842 2834 1285 2902 similitudines,
1317 2840 1375 2890 ta
1406 2839 1468 2889 ut
1505 2836 1780 2907 praecepit
1812 2835 1975 2890 mihi.
2010 2840 2143 2903 Quae
2176 2838 2380 2891 audita
2410 2839 2460 2892 si
2490 2837 2911 2907 custodieritis,
2946 2843 3121 2908 atque
3148 2837 3207 2892 in
3240 2836 3332 2891 his
3365 2835 3632 2891 ambula-

218 2924 445 2991 veritis,
478 2928 536 2980 et
562 2924 939 2980 exercueritis
977 2941 1044 2979 ea
1071 2929 1263 2980 mente
1293 2941 1462 2996 pura,
1495 2924 1787 2996 recipietis
1808 2941 1840 2979 a
1871 2924 2119 2980 Domino
2171 2942 2295 2997 quae
2324 2927 2401 2997 (7)
2462 2926 2756 2998 pollicitus
2796 2932 2887 2982 est
2913 2926 3097 2983 vobis.
3150 2926 3252 2981 Sin
3284 2928 3502 2992 autem,
3560 2924 3634 2979 iis

220 3013 462 3083 auditis,
495 3030 611 3068 non
642 3013 875 3086 egeritis
904 3014 1324 3085 paenitentiam,
1359 3013 1458 3068 sed
1491 3013 1683 3068 adhuc
1715 3013 2045 3084 adjeceritis
2076 3014 2148 3069 ad
2182 3014 2393 3070 delicta
2421 3020 2615 3072 vestra
2645 3032 2679 3070 a
2724 3015 2970 3072 Domino
3028 3016 3271 3072 adversa
3318 3013 3631 3086 recipietis.

220 3102 354 3158 Hac
385 3102 583 3159 omnia
620 3102 893 3176 praecepit
926 3101 1069 3157 mihi
1100 3103 1352 3159 scribere
1380 3106 1579 3175 pastor
1607 3102 1726 3171 ille,
1762 3102 2004 3158 nuntius
2030 3103 2401 3174 pcenitentiaa.

1673 3274 1823 3329 MAN
1829 3274 2082 3331 DATUM
2128 3276 2170 3329 Ι.

1551 3365 1630 3419 De
1658 3364 1771 3434 ﬁde
1800 3366 1861 3418 in
1889 3381 2066 3419 unum
2094 3365 2283 3421 Deum.

1640 3504 1876 3562 CAPUT
1908 3505 2203 3563 UNICUM.

294 3618 370 3690 (8)
402 3619 623 3692 Πρῶτον
708 3614 923 3673 πάντων
986 3617 1287 3689 πίστευσον,
1353 3617 1436 3673 ὅτι
1501 3620 1576 3682 εἷς
1630 3619 1770 3675 ἐστιν
1838 3622 1866 3675 ὁ

2047 3622 2311 3678 Primum
2333 3623 2620 3690 omnium,
2644 3624 2812 3679 crede
2844 3622 2996 3695 quod
3029 3638 3182 3678 unus
3212 3623 3301 3677 est
3325 3625 3477 3677 Deus
3522 3618 3623 3692 qui

219 3706 372 3774 Θεὸς,
420 3706 447 3760 ὁ
490 3706 556 3762 τὰ
602 3708 777 3762 πάντα
818 3705 1001 3770 κτίσας
1045 3709 1133 3762 καὶ
1183 3707 1525 3785 καταρτίσας,
1569 3710 1658 3763 καὶ
1705 3730 1814 3763 non

2028 3711 2181 3767 mnia
2202 3713 2421 3767 creavit
2453 3716 2510 3767 et
2536 3711 2985 3781 consummavit,
3018 3715 3074 3767 et
3093 3726 3184 3782 ex,
3216 3710 3396 3766 nihilo
3426 3709 3623 3765 omnia

221 3814 318 3857 σας
350 3794 409 3850 ἐκ
434 3800 531 3850 τοῦ
567 3797 642 3870 μὴ
678 3792 832 3859 ὄντος
863 3795 941 3859 εἰς
968 3798 1030 3852 τὸ
1062 3797 1195 3853 εἶναι
1225 3799 1293 3853 τὰ
1320 3797 1512 3854 πάντα.
1982 3800 2133 3855 fecit.

294 3931 372 4003 (9)
404 3931 534 4003 Ipse
564 3948 747 4004 capax
788 3931 1219 4002 universorum,
1279 3933 1441 3990 solus
1498 3933 1826 3990 immensus
1855 3938 1963 3990 est.
2007 3934 2112 3998 Qui
2145 3951 2250 3990 nec
2299 3934 2469 3990 verbo
2502 3933 2752 4002 deﬁniri,
2777 3951 2880 3990 nec
2910 3936 3103 3990 mente
3159 3933 3383 4007 concipi
3414 3935 3624 4005 potest.

221 4019 405 4076 Crede
435 4019 617 4093 igitur
650 4020 707 4074 in
742 4036 901 4090 eum,
935 4026 992 4077 et
1020 4021 1162 4077 time
1191 4038 1348 4091 eum,
1383 4025 1439 4078 et
1466 4022 1682 4079 timens
1702 4022 1851 4079 habe
1884 4023 2322 4079 abstinentiam.
2352 4024 2481 4078 Hac
2529 4022 2778 4093 custodi,
2829 4026 2883 4079 et
2915 4022 3100 4095 abjice
3129 4023 3234 4078 abs
3291 4027 3345 4077 te
3392 4036 3625 4077 omnem

1398 4191 1636 4246 VARIIE
1665 4190 2054 4249 LECTlONES
2102 4192 2195 4247 ET
2223 4190 2454 4247 NOT/E.

294 4331 441 4401 (100)
467 4330 626 4404 Mss.
647 4332 838 4404 Carm.
869 4349 992 4388 cum
1040 4332 1318 4389 sedissem.
1352 4332 1525 4388 Notat
1580 4332 1735 4388 hunc
1779 4333 1862 4389 lo-
1974 4335 2148 4389 brant
2176 4334 2519 4389 vetustiores
2553 4334 2775 4390 Patres:
2837 4335 3086 4389 Irenaeus
3115 4332 3217 4388 lib.
3250 4348 3324 4395 ιν,
3359 4348 3484 4404 cap.
3528 4333 3620 4401 20,

222 4420 360 4461 cum
391 4402 788 4460 Tertullianus
817 4402 919 4459 lib.
951 4405 1026 4459 De
1054 4409 1217 4470 orat.,
1259 4421 1383 4475 cap.
1421 4406 1507 4459 12.
1975 4421 2140 4459 num.
2171 4409 2240 4468 2;
2275 4405 2542 4475 Origines
2578 4410 2721 4460 tom.
2758 4424 2775 4460 1
2824 4407 3122 4461 Comment.
3174 4406 3234 4458 in
3264 4402 3461 4475 Joann.
3496 4404 3616 4471 1,1,

320 4476 373 4547 1)
400 4475 602 4530 Lamb.
635 4475 971 4547 dignitosa-m
997 4478 1292 4545 faciem...
1320 4474 1560 4546 pallium
1582 4475 1792 4530 album.
1975 4477 2114 4530 item
2145 4478 2221 4531 De
2247 4474 2541 4547 principiis
2572 4476 2672 4532 lib.
2708 4495 2749 4542 1,
2775 4493 2902 4547 cap.
2936 4478 2989 4545 3,
3022 4483 3185 4530 num.
3217 4477 3271 4545 3,
3308 4479 3375 4547 et
3420 4474 3521 4547 lib.
3556 4491 3618 4540 11,

314 4550 372 4614 2)
404 4547 600 4603 Lamb.
632 4546 942 4602 humerum.
1213 4616 1243 4618 Α
1411 4615 1450 4618 μ
1975 4563 2101 4618 cap.
2138 4549 2188 4613 1,
2222 4546 2388 4602 num.
2418 4550 2469 4603 5.
2505 4549 2726 4613 Quibus
2751 4546 2897 4603 adde
2927 4547 3187 4604 Nicetam
3210 4547 3283 4601 ad
3306 4546 3617 4618 Nanzianz.

317 4618 369 4691 3)
429 4618 632 4673 Lamb.
714 4619 1064 4690 Nequaquam
1133 4616 1361 4672 Fellus:
1403 4615 1541 4684 Non,
1608 4618 1861 4689 inquam.
1975 4615 2122 4691 orat.
2156 4620 2207 4672 4.
2245 4620 2440 4689 Neque
2473 4619 2561 4673 hic
2592 4620 2919 4674 omitterem
2954 4618 3351 4685 Philastrium,
3375 4616 3473 4686 qui
3507 4616 3617 4691 bae-

216 4689 313 4744 Ait
338 4689 357 4743 ἐ
380 4691 508 4760 Ego,
540 4694 651 4745 etc.
807 4689 812 4690 “
907 4689 919 4690 “
1975 4689 2086 4744 resi
2123 4691 2223 4743 122
2244 4690 2365 4744 hinc
2396 4691 2571 4744 habet
2596 4707 2606 4744 :
2647 4691 2778 4745 Cum
2801 4691 2991 4744 anima
3019 4692 3165 4759 facta
3191 4690 3264 4743 sit
3293 4689 3616 4760 arDomino,

292 4760 372 4831 (4)
406 4757 565 4817 Bodl.
604 4763 865 4831 confusus
893 4776 1017 4815 sum
1061 4761 1351 4832 protimus,
1382 4768 1661 4830 metusque
1692 4761 1751 4815 in
1782 4774 1868 4813 me
1974 4762 2244 4833 exinihzlo
2273 4763 2503 4827 scilicet,
2538 4766 2598 4815 ut
2626 4765 2894 4833 scriptum
2925 4757 3036 4820 est:
3087 4760 3194 4825 Qui
3242 4759 3377 4833 fecit
3433 4774 3501 4813 ex
3521 4757 3617 4833 ui;

217 4833 485 4888 intravit.
529 4903 537 4904 ί
1064 4831 1073 4832 ί
1372 4902 1380 4904 ᾗ
1437 4903 1440 4904 ν
1975 4831 2093 4887 hilo
2129 4833 2343 4901 omnia,
2379 4839 2443 4887 ut
2498 4840 2693 4888 essent
2724 4831 2849 4904 Quae
2882 4850 2995 4887 non
3027 4835 3224 4904 erant,
3266 4832 3480 4904 anima_
3505 4831 3618 4904 ita-

319 4905 374 4974 5)
403 4903 565 4960 Bodl.
599 4908 655 4959 et
685 4904 885 4958 Lamb.
913 4904 1162 4973 nequiter
1192 4911 1242 4958 et
1272 4902 1613 4974 insipienter.
1977 4920 2098 4974 que,
2133 4909 2240 4958 etc.
2278 4900 2337 4958 Id
2366 4921 2505 4958 sane
2536 4905 2724 4958 visum
2744 4900 3037 4969 'Fabricio,
3081 4903 3181 4974 qui
3211 4902 3368 4957 hunc
3422 4900 3617 4974 Phila-

319 4973 375 5043 6)
409 4976 608 5031 Lamb.
643 4978 829 5029 omnia
854 4975 1135 5031 Mandata.
1387 4973 1390 4974 ⁷
1975 4973 2102 5030 strii
2132 4974 2325 5029 locum
2358 4976 2508 5029 inter
2531 4975 2803 5031 Veterum
2837 4973 3171 5029 testimonia
3192 4974 3263 5028 de
3298 4975 3505 5028 llerma
3526 4973 3617 5027 de-

317 5048 373 5118 7)
404 5047 565 5102 Bodl.
598 5050 655 5103 et
684 5047 883 5103 Lamb.
918 5061 1270 5117 quaecunque.
1637 5116 1648 5118 Ᾱ
1830 5114 1861 5118 __
1976 5047 2226 5117 scripsit.
2261 5050 2333 5101 At
2364 5047 2679 5118 quominus
2715 5046 2983 5118 (Fabricio
3004 5045 3328 5118 adhaeream
3357 5043 3622 5118 prohibet

296 5114 372 5189 (8)
403 5120 599 5174 Graeca
644 5118 759 5173 ista
800 5114 1109 5190 desumpta
1140 5114 1277 5171 sunt
1321 5134 1388 5172 ex
1444 5118 1502 5171 S.
1562 5114 1865 5190 Athanasii
1976 5114 3134 5190 ipse—metPhilastrius,quieademverba
3154 5114 3619 5190 recitat’heerﬁt),

220 5186 327 5245 lib.
353 5186 357 5187 ί
380 5194 463 5247 De
491 5190 691 5246 decret.
713 5192 830 5245 Nic.
864 5186 1205 5260 synu'num.
1241 5190 1292 5255 4,
1325 5194 1467 5243 tom.
1505 5193 1543 5252 l,
1578 5204 1708 5259 pag.
1739 5189 1866 5252 211,
1975 5186 2132 5243 velut
2163 5206 2193 5244 e
2240 5189 2557 5255 Salomone
2588 5186 2920 5260 desumpta,
2956 5188 3231 5260 nimirum
3280 5188 3415 5258 Sap.
3450 5205 3498 5260 1,
3529 5186 3617 5250 14,

216 5261 475 5328 cdit,BB,
503 5262 682 5333 quiet
712 5260 812 5316 illa
849 5257 1077 5333 sibibet
1107 5260 1213 5333 lib.
1240 5262 1312 5315 De
1353 5257 1592 5333 inatrn.’
1623 5257 1785 5333 nium.

2024 5261 2074 5315 bi
2105 5261 2224 5333 sic:
2259 5260 2471 5313 ’Ἐκτισε
2498 5260 2597 5333 γὰρ
2632 5259 2705 5321 εἰς
2733 5257 2959 5313 τὸὲἴναι
2987 5259 3053 5313 τὰ
3081 5258 3249 5312 πάντα
3274 5276 3286 5314 :
3320 5257 3433 5329 quo
3473 5257 3619 5313 forte

216 5280 475 5328 suumn,
503 5280 603 5333 qm
626 5280 682 5316 et
712 5280 812 5316 111a
849 5280 1077 5315 exmnet
1107 5280 1203 5315 un.
1240 5280 1312 5315 ue
1353 5280 1569 5317 incarn.
1623 5280 1785 5313 num.
1811 5280 1865 5329 ο,
1979 5280 2074 5315 υῡι
2105 5280 2224 5316 sw:
2284 5280 2471 5313 nX'th’a
2498 5282 2515 5295 λ
2536 5280 2597 5333 αρ
2632 5280 2705 5321 εις
2733 5280 2793 5313 το
2826 5280 2959 5313 ειναι

216 5337 367 5388 tom.
400 5333 445 5401 Ι,
519 5349 611 5404 ag.
647 5333 735 5398 49,
768 5337 825 5387 et
853 5332 909 5386 in
939 5332 1106 5403 Epist.
1140 5332 1216 5387 ad
1245 5333 1406 5402 episc.
1443 5331 1667 5403 Africaz)
1701 5346 1863 5384 num.
1978 5332 2233 5402 respexit
2262 5336 2457 5386 noster
2481 5280 2742 5387 llermas.

216 5406 420 5459 5tom.
451 5349 524 5459 Il).
556 5419 687 5459 pag.
734 5405 857 5458 895.
901 5404 1112 5458 Eadem
1163 5404 1363 5458 recitat
1414 5403 1697 5457 Eusebius
1728 5403 1865 5456 Hist.
2047 5404 2123 5459 (9)
2155 5406 2367 5457 Auctor
2415 5404 2681 5459 Der-trina.
2728 5403 2799 5458 ad
2847 5403 2974 5456 Anti

216 5406 255 5459 5
277 5396 524 5481 tom.:l_l,
556 5396 687 5477 pag.
722 5396 881 5481 ⁷895.Δ
901 5396 1112 5481 Eadem
1142 5396 1363 5481 recitat
1414 5396 1697 5481 Eusebius
1728 5403 1865 5481 Hist:
1981 5396 2131 5481 "(9)7
2152 5403 2799 5481 Auctnr__Dnr-Irina.__ad
2847 5402 3167 5481 Antiocham
3207 5400 3419 5481 dacem,
3446 5415 3479 5452 a
3505 5396 3615 5479 .Cl.

222 5476 372 5553 Eccl,
428 5470 662 5553 lib'._:v,'
694 5491 820 5553 cap.
845 5476 906 5553 β,
958 5475 1212 5553 demptis
1242 5474 1463 5553 ultimis
1511 5474 1720 5553 verbis,
1778 5470 1867 5525 καὶ
1981 5470 2292 5553 Montfaucﬂ.
2319 5476 2647 5553 aditznlom.
2672 5476 2902 5553 IlIAUpp.
2925 5474 2982 5528 S.
3005 5472 3341 5553 Athanasii,
3367 5470 3621 5553 plurima

220 5548 479 5616 ποιήσας.
528 5539 783 5603 Nonulla
845 5546 937 5601 his
988 5539 1206 5601 sim-ilia
1258 5546 1568 5617 scripserat
1628 5546 1815 5599 Herm:

220 5619 329 5675 lib.
355 5618 396 5675 Ι.
427 5618 537 5674 vis.
583 5636 623 5675 1.
682 5635 807 5675 can.
844 5620 907 5673 1:
964 5619 1101 5673 Deus
1148 5619 1242 5675 aui
1282 5620 1339 5671 in
1369 5618 1513 5671 (velis
1546 5618 1770 5675 habitat,

2027 5546 2211 5600 (hibet
2252 5546 2445 5601 Gmacn
2483 5552 2699 5600 [Immin
2736 5539 3077 5616 fragmenta,
3120 5539 3436 5599 identidem
3472 5539 3622 5594 infra

2027 5619 2253 5671 otanda.
2276 5618 2353 5670 Ad
2388 5618 2539 5669 hunc
2560 5620 2755 5675 itaque
2780 5618 2966 5670 locum
2994 5616 3143 5675 quod
3173 5614 3395 5675 attinet,
3423 5611 3621 5666 sicille

224 5633 329 5675 ιιι).
355 5633 396 5683 ι,
427 5635 537 5674 V18.
583 5636 623 5684 1,
682 5635 807 5689 cap.
844 5633 907 5673 1:
964 5633 1101 5673 ueus
1148 5635 1238 5688 quz
1282 5636 1339 5671 ιη
1369 5633 1513 5671 nens
1546 5633 1770 5681 nanum,
1820 5633 1870 5669 et
1981 5633 2353 5671 nctanna.An
2389 5633 2755 5687 mumitaque
2780 5633 2966 5670 locum
2994 5633 3143 5685 quon
3173 5633 3619 5679 amnet,s1ciue

224 5689 471 5770 condidit
500 5706 571 5745 ex
596 5691 774 5770 nihilo
812 5706 880 5770 ea
906 5706 1026 5770 quae
1054 5695 1201 5770 sunt.
1234 5690 1595 5770 Hoc_autem
1642 5687 1871 5770 illustre
1985 5705 2111 5770 pag.
2145 5690 2466 5770 253:2,‘num.
2504 5691 2551 5743 1.
2586 5689 2677 5770 Ei;
2734 5687 2863 5770 εξῗὸς
2918 5686 3082 5770 μένος
3115 5686 3143 5739 ὁ
3172 5684 3346 5770 πάντα
3372 5686 3619 5767 ,χωρῶημ

226 5761 591 5835 Mandatum,
621 5767 827 5835 praeter
854 5756 1235 5819 Athanasium
1259 5766 1314 5817 et
1350 5760 1688 5830 Eusebium,
1721 5757 1821 5815 celi

2028 5756 2147 5820 όῦος
2183 5756 2561 5835 δὲὰχώρητος
2623 5756 2716 5814 ὧν.
2755 5756 3090 5817 ΠηαδἨειιδ
3116 5757 3259 5816 solus
3286 5756 3623 5830 quiomnia
