4038 6210
434 359 552 423 915

1930 362 1996 424 S.
2041 358 2347 423 ΗΕΒΜιΕ

3671 367 3772 430 916

438 489 970 565 concupiscentiam
1000 491 1113 566 (10)
1144 495 1201 551 et
1228 491 1571 566 nequitiam,
1602 495 1661 550 et
1686 492 1863 550 indue
1891 493 1938 563 (i
1954 494 2006 562 1)
2027 492 2300 549 virtutem
2358 492 2637 565 iustitia:
2668 495 2726 550 et
2741 491 2900 551 vives
2927 491 3065 559 Deo,
3114 490 3167 550 si
3210 492 3539 552 custodieris
3565 499 3776 558 manda-

436 583 564 638 tum
595 580 723 639 hoc.

1878 689 2292 747 MANDATUM
2322 690 2390 747 II.

1093 779 1171 836 De
1195 778 1458 853 fugienda
1489 780 1903 849 obtrectatione,
1940 786 1995 836 et
2044 780 2382 852 elemosyna
2410 778 2673 852 facienda
2700 781 2764 837 in
2791 778 3166 852 simplicitate.

1855 894 2089 952 CAPUT
2120 894 2416 951 UNICUM.

507 992 664 1049 Dixit
710 992 891 1049 mihi:
950 992 1398 1063 Simplicitatem
1454 992 1625 1061 habe,
1683 997 1739 1048 et
1799 992 2079 1049 innocens

439 1086 603 1150 esto;
635 1086 692 1137 et
719 1082 832 1137 eris
863 1081 1016 1137 sicut
1044 1082 1238 1137 infans
1262 1081 1359 1153 qui
1391 1082 1578 1137 nescit
1625 1081 1737 1153 (13)
1772 1081 2078 1152 malitiam,

440 1186 569 1242 quas
600 1170 855 1243 perdidit
909 1170 1021 1242 (14)
1050 1170 1230 1225 vitam
1288 1170 1617 1225 hominum.
1677 1170 1962 1237 Primum,
2011 1172 2082 1226 de

435 1259 550 1331 (15)
606 1258 767 1315 nullo
816 1258 967 1314 male
1004 1258 1287 1330 loquaris,
1321 1275 1543 1330 necque
1573 1258 1824 1314 libenter
1879 1259 2084 1314 audias

435 1347 588 1403 male
617 1347 975 1419 loquentem.
1007 1347 1108 1402 Sin
1138 1364 1271 1403 vero
1300 1352 1357 1403 et
1385 1352 1447 1402 tu
1484 1348 1759 1417 audieris,
1793 1348 2082 1420 particeps

434 1436 550 1493 eris
578 1437 795 1509 peccati
823 1435 973 1491 male
1004 1436 1335 1507 loquentis;
1369 1439 1426 1491 et
1454 1437 1717 1504 credens,
1758 1441 1819 1491 tu
1851 1452 2083 1508 quoque

434 1530 739 1597 peccatum
768 1524 1031 1594 habebis,
1064 1524 1203 1595 quia
1232 1524 1528 1580 credidisti
1551 1524 1703 1580 male
1723 1524 1983 1596 loquenti
2013 1527 2085 1581 de

434 1613 613 1669 fratre
641 1618 760 1671 tuo.
793 1613 1125 1669 Perniciosa
1144 1618 1233 1668 est
1253 1614 1531 1669 detractio
1557 1630 1571 1680 ;
1608 1614 1948 1670 inconstans
1969 1615 2082 1669 dae-

435 1701 701 1759 monium
730 1706 838 1770 est,
879 1718 1183 1773 nunquam
1209 1701 1271 1757 in
1301 1717 1441 1774 pace
1470 1701 1759 1768 consistit,
1786 1703 1886 1759 sed
1926 1719 2081 1759 sem-

434 1806 538 1865 per
566 1791 627 1847 in
648 1790 942 1847 discordia
973 1794 1204 1848 manet.-

2262 994 2373 1064 (12)
2402 988 2714 1061 Ἀπλότητα
2752 988 2866 1067 ἔχε,
2898 992 2987 1046 καὶ
3028 989 3228 1054 ἄκακος
3272 995 3446 1068 γενοῦ,
3476 993 3559 1047 καὶ
3603 989 3680 1048 ἔσο
3721 993 3779 1057 ὡς

2188 1081 2255 1135 τὰ
2282 1082 2451 1150 νήπια
2478 1082 2545 1135 τὰ
2579 1082 2653 1153 μὴ
2688 1081 3026 1155 γινώσκοντα
3054 1080 3344 1156 πονηρίαν,
3371 1087 3466 1148 τήν
3520 1080 3782 1137 ἀπολοῦσσν

2190 1170 2288 1238 τήν
2341 1168 2611 1244 σωτηρίαν
2662 1173 2769 1223 τῶν
2819 1169 3137 1245 ἀνθρώπων.
3182 1173 3402 1243 Πρῶτον
3456 1170 3543 1241 μὲν
3589 1167 3781 1242 μηδενὸς

2190 1256 2506 1326 καταλάλει,
2544 1255 2683 1330 μηδὲ
2711 1254 2888 1327 ἡδέως
2931 1259 3091 1312 ἄκουε
3140 1261 3237 1312 τοῦ
3290 1255 3721 1321 καταλαλοῦντος·
3749 1259 3785 1314 εἰ

2194 1344 2251 1402 δὲ
2283 1348 2383 1420 μή,
2414 1347 2502 1402 καὶ
2534 1346 2596 1401 σὺ
2642 1345 2876 1416 ἀκούων,
2909 1344 3102 1423 ἔνοχος
3148 1342 3239 1421 ἔσῃ
3283 1354 3383 1417 τῆς
3428 1346 3675 1422 ἁμαρτίας
3710 1353 3785 1404 τοῦ

2190 1434 2657 1498 καταλαλοῦντος.
2698 1435 2945 1509 Πονηρὸν
2976 1437 3080 1511 γὰρ
3111 1436 3323 1509 πνεῦμά
3372 1434 3509 1490 ἐστιν
3539 1436 3572 1507 ἠ
3601 1435 3789 1492 καταλα-

2193 1524 2309 1593 λιὰ,
2339 1524 2428 1579 καὶ
2476 1521 2833 1579 ἀκατάστατον
2885 1521 3192 1599 δαιμόνιον,
3223 1521 3499 1598 μηδέποτε
3540 1525 3788 1602 εἰρηνεῦον,

2191 1612 2337 1670 ἀλλὰ
2366 1612 2595 1669 πάντοτε
2624 1611 2676 1669 ἐν
2720 1610 3087 1690 διχοστασίαις
3115 1618 3425 1672 κατοικοῦν.

1394 1896 1534 1953 Hinc
1577 1897 1748 1952 etiam
1788 1898 2131 1972 ANTIOCHUS,
2165 1898 2395 1956 homitia
2438 1900 2529 1972 29,
2561 1901 2671 1957 ista
2698 1900 2881 1958 habet.

504 2005 718 2060 Bonum
762 2004 955 2075 itaque
1007 2004 1108 2070 est,
1165 2002 1230 2059 de
1288 2003 1442 2060 nullo
1492 2004 1638 2060 male
1693 2005 1865 2078 loqui,
1914 2022 2087 2077 neque

434 2092 669 2150 libenter
694 2092 885 2149 audire
926 2093 1070 2148 male
1104 2091 1434 2164 loquentem.
1471 2092 1569 2148 Sin
1606 2109 1749 2158 vero,
1778 2097 1829 2150 et
1858 2096 1955 2167 qui
1983 2112 2084 2150 au-

432 2180 618 2251 dierit,
664 2197 789 2238 reus
843 2182 950 2237 erit
985 2182 1198 2254 peccati
1226 2182 1464 2238 hominis
1508 2182 1652 2237 male
1715 2182 2003 2254 loquentis,
2035 2184 2087 2239 si

431 2268 721 2327 crediderit
767 2270 1114 2327 oblocutioni.
1161 2270 1267 2349 Qui
1292 2271 1441 2327 enim
1468 2269 1665 2337 credet,
1717 2270 1941 2326 habebit
1983 2271 2084 2326 ad-

431 2374 617 2416 versus
637 2362 870 2432 fratrem
916 2376 1099 2416 suum.
1154 2360 1260 2416 Hic
1286 2375 1411 2432 ergo
1458 2376 1585 2416 reus
1625 2362 1703 2415 est
1724 2360 1941 2431 peccati
1992 2361 2084 2416 ho-

432 2449 603 2506 minis
631 2449 983 2521 obtoquentis.
1016 2449 1197 2521 Neque
1225 2450 1374 2505 enim
1398 2451 1611 2520 oportet
1657 2448 1873 2520 aliquid
1907 2448 2087 2504 dicere

443 2542 636 2595 contra
713 2540 943 2609 fratrem
1003 2538 1276 2594 absentem
1324 2538 1710 2594 calumniandi
1764 2539 2083 2611 intentione,

441 2628 593 2701 quod
617 2634 696 2684 est
721 2628 1006 2685 obtocutio:
1045 2628 1174 2684 licet
1205 2643 1336 2684 vera
1361 2629 1474 2684 sint
1502 2643 1621 2699 quas
1656 2627 1918 2684 dicuntur
1947 2628 2085 2691 ;sed

436 2717 625 2790 potius
670 2716 1034 2773 oblocutorem
1080 2717 1350 2773 aversari.
1385 2714 1424 2772 0
1469 2725 1736 2787 quantum
1780 2717 2089 2789 perniciosa

442 2809 525 2862 est
568 2804 851 2873 detractio,
914 2807 1227 2861 inconstans
1281 2805 1643 2874 (immanium,
1686 2822 1974 2878 nunquam
2029 2806 2088 2860 in

437 2908 580 2967 pace
632 2895 954 2964 consistens,
995 2893 1086 2950 sed
1138 2910 1350 2967 semper
1388 2895 1450 2949 in
1496 2893 1774 2951 discordia
1817 2901 2086 2951 manens!

513 3116 755 3174 Contine
785 3120 844 3174 te
872 3117 943 3173 ab
977 3115 1078 3174 illa
1123 3118 1234 3190 (16)
1291 3120 1349 3173 et
1400 3133 1631 3191 semper
1685 3133 1886 3191 pacem
1938 3117 2088 3174 habe

443 3222 578 3263 cum
601 3206 777 3263 fratre
806 3209 929 3263 tuo.
962 3207 1145 3262 Indue
1173 3206 1564 3263 constantiam
1580 3212 1863 3275 sanctam,
1896 3207 1954 3263 in
1976 3225 2089 3279 qua

444 3294 607 3352 nulla
634 3298 776 3351 sunt
804 3299 1057 3367 peccata,
1080 3295 1183 3350 sed
1212 3295 1408 3351 omnia
1436 3294 1567 3351 lata
1598 3300 1756 3351 sunt.

2266 2004 2441 2061 Καλὸν
2489 2002 2580 2060 οὗν
2635 2006 2801 2079 ἐστιν,
2850 2005 2940 2062 ἐπὶ
3008 2002 3235 2080 μηδενὸς
3296 2001 3641 2075 καταλαλεῖν,
3682 2002 3792 2079 μηδὶ

2193 2092 2370 2165 ἡδέως
2402 2093 2615 2150 ἀκούειν
2647 2093 3106 2158 καταλαλοῦντος.
3143 2094 3201 2150 Εἴ
3251 2091 3309 2150 δὲ
3354 2095 3455 2169 μή,
3486 2094 3571 2149 καὶ
3599 2095 3625 2149 ὁ
3662 2093 3789 2149 ἀκού-

2194 2206 2267 2239 ων
2327 2179 2519 2261 ἔνοχος
2567 2182 2712 2240 ἔσται
2761 2191 2859 2255 τῆς
2908 2184 3172 2262 ἁμαρτίας
3218 2188 3315 2239 τοῦ
3380 2181 3789 2252 καταλαλῶντος,

2194 2274 2280 2330 ἐὰν
2330 2274 2587 2351 πιστεύσῃ
2631 2278 2699 2349 τῇ
2747 2274 3070 2347 καταλαλιᾷ.
3124 2276 3180 2329 Ὀ
3226 2274 3332 2350 γὰρ
3381 2273 3674 2345 πιστεύσας,
3712 2269 3790 2343 ’ἔξει

2198 2365 2332 2437 μετὰ
2363 2362 2455 2439 [ἷσ.
2486 2366 2642 2439 κατὰ]
2671 2369 2769 2420 τοῦ
2798 2363 3038 2444 ἀδελφοῦ
3068 2364 3255 2422 αὐτοῦ.
3288 2364 3461 2426 Οὗτος
3510 2360 3597 2418 οὖν
3637 2358 3789 2437 ἔνοχός

2196 2454 2305 2510 ἐστι
2349 2461 2452 2524 τῆς
2502 2454 2767 2530 ἁμαρτίας
2817 2458 2913 2509 τοῦ
2961 2452 3418 2515 καταλαλοῦντος.
3470 2451 3541 2507 Οὐ
3596 2449 3671 2505 δεῖ
3715 2452 3789 2526 γὰρ

2199 2545 2332 2618 μετά
2363 2542 2592 2607 ἀπόντος
2615 2541 2852 2622 ἀδελφοῦ
2884 2540 3062 2620 λέγειν
3093 2547 3374 2616 τι,σκοπῷ
3400 2545 3499 2597 τοῦ
3527 2533 3789 2596 διαϐάλλειν

2196 2633 2376 2706 αὐτὸν,
2410 2632 2542 2709 ὅπερ
2587 2632 2725 2687 ἐστὶν
2756 2635 2790 2703 ἡ
2841 2631 3167 2703 καταλαλιᾶ,
3198 2631 3295 2687 κᾶν
3351 2630 3533 2702 ἀληθῆ
3580 2629 3640 2684 τὰ
3672 2625 3793 2703 λεγό⁹

2199 2740 2349 2796 μεναο
2386 2719 2532 2777 ἀλλὰ
2564 2720 2779 2794 μᾶλλον
2815 2720 3240 2799 ἀποστρέφεσθαι
3263 2720 3359 2774 τὸν
3410 2715 3792 2774 καταλαλοῦντα.

2194 2815 2258 2864 Ὦ
2286 2808 2451 2865 πόσον
2484 2810 2698 2886 πονηρά
2727 2807 2868 2864 ἐστιν
2900 2811 2935 2879 ἡ
2968 2807 3295 2880 καταλαλιὰ,
3330 2807 3684 2863 ἀκατάστατον
3705 2801 3795 2858 δαι-

2199 2898 2408 2973 μόνιον,
2446 2895 2719 2973 μηδέποτε
2748 2897 3046 2975 εἶρηνεῦον,
3072 2896 3217 2953 ἀλλὰ
3245 2896 3481 2953 πάντοτε
3511 2895 3560 2952 ἐν
3592 2891 3795 2970 διχοστα-

2196 2988 2333 3051 σίαις
2363 2991 2649 3044 κατοικοῦν
2667 2989 2679 3044 l

2268 3115 2477 3188 Ἀπεχε
2534 3109 2624 3167 οὖν
2684 3113 2776 3167 ἀπ’
2830 3110 3021 3181 αὐτοῦ,
3077 3109 3168 3167 καὶ
3229 3110 3459 3188 εἰρήνην
3511 3105 3640 3181 ἕξεις
3693 3104 3795 3180 μετὰ

2196 3203 2432 3258 πάντων.
2484 3198 2735 3256 Ἕνδυσαι
2785 3198 2843 3256 δὲ
2881 3201 2980 3270 τήν
3023 3199 3331 3269 ἁπλότητα,
3366 3197 3459 3255 καὶ
3506 3200 3604 3267 τὴν
3649 3191 3800 3267 σεμνό-

2158 3313 2351 3363 -τητα,
2403 3290 2453 3346 ἐν
2518 3291 2598 3353 οἷς
2651 3286 2802 3344 οὐδὲν
2856 3288 2965 3344 ἐστι
3016 3288 3351 3366 πρόσκομμα
3398 3285 3655 3363 πονηρὸν,
3689 3280 3801 3339 ἀλλὰ

2196 3382 2367 3435 πάντα
2399 3376 2585 3452 ὁμαλὰ
2611 3377 2702 3433 καὶ
2731 3375 2916 3455 ἱλαρά.

515 3491 585 3547 Et
604 3490 843 3547 benefac
866 3490 934 3547 de
956 3489 1260 3546 laboribus
1285 3490 1398 3562 (17)
1419 3490 1558 3547 tuis.
1582 3490 2154 3563 Omnibusinopibus
2175 3491 2251 3546 da
2280 3488 2644 3560 simpliciter,
2667 3486 2814 3542 nihil
2835 3486 3134 3557 dubitans,
3159 3484 3253 3541 cui
3283 3485 3415 3540 des.
3440 3483 3552 3540 Sed
3572 3478 3800 3538 omnibus

444 3579 519 3638 da
536 3595 550 3637 :
565 3581 839 3636 omnibus
851 3579 1006 3635 enim
1024 3580 1178 3635 Deus
1198 3579 1320 3635 dari
1344 3579 1466 3634 vult
1484 3580 1554 3635 de
1572 3579 1698 3635 suis
1714 3580 1903 3635 bonis.
1924 3580 2032 3645 Qui
2049 3595 2185 3652 ergo
2199 3578 2512 3650 accipiunt,
2529 3576 2774 3632 reddent
2784 3575 3065 3631 rationem
3089 3580 3223 3644 lico,
3269 3589 3457 3646 quare
3476 3570 3798 3641 acceperunt,

443 3672 501 3725 et
528 3670 600 3725 ad
631 3669 793 3742 quid.
819 3668 923 3733 Qui
958 3673 1152 3725 autem
1191 3669 1487 3741 accipiunt
1536 3668 1670 3723 ﬁcta
1694 3669 2059 3736 necessitate,
2093 3669 2339 3724 reddent
2367 3666 2685 3733 rationem;
2718 3665 2818 3736 qui
2848 3668 3043 3720 autem
3065 3664 3183 3728 dat,
3216 3664 3506 3718 innocens
3537 3656 3803 3717 erit.Sicut

440 3758 599 3817 enim
630 3756 850 3831 accepit
879 3775 913 3814 a
941 3758 1208 3825 Domino,
1234 3757 1625 3813 ministerium
1658 3757 2106 3825 consummavit,
2140 3757 2286 3813 nihil
2331 3755 2653 3812 dubitando
2702 3754 2793 3809 cui
2832 3754 3019 3820 daret,
3041 3757 3099 3809 et
3124 3752 3217 3808 cui
3259 3768 3382 3807 non
3413 3752 3578 3807 daret
3603 3747 3734 3819 (18);
3761 3745 3803 3796 ετ

441 3846 709 3904 fecithoc
747 3845 1138 3902 ministerium
1169 3845 1513 3918 simpliciter
1542 3850 1599 3902 et
1638 3845 1889 3918 gloriose
1941 3846 2011 3902 ad
2034 3846 2237 3902 Deum.
2262 3843 2500 3901 Custodi
2533 3860 2669 3915 ergo
2710 3842 3053 3898 mandatum
3084 3841 3214 3910 hoc,
3240 3840 3398 3897 sicut
3454 3838 3563 3895 tibi
3611 3834 3801 3891 locutus

442 3953 608 4006 sum;
645 3940 707 3993 ut
730 3935 1070 4009 poenitentia
1097 3940 1199 3992 tua
1227 3934 1477 4008 simplex
1504 3935 1854 4007 inveniatur,
1887 3938 1942 3990 et
1965 3934 2152 4007 possit
2181 3933 2379 3991 domui
2401 3938 2514 3989 tuae
2546 3933 2692 3988 bene
2724 3930 2849 3987 ﬁeri
2874 3948 2889 4001 ;
2922 3935 2979 3986 et
3006 3946 3105 3987 cor
3135 3929 3427 3985 mundum
3460 3927 3629 3984 habe.

1760 4073 2111 4135 ANTIOCHUS,
2151 4068 2385 4124 homilia
2420 4067 2510 4121 98.

510 4177 724 4232 Bonum
752 4176 926 4247 igitur
952 4183 1051 4241 est,
1107 4175 1175 4231 de
1223 4176 1465 4247 propriis
1494 4175 1773 4231 laboribus
1798 4191 1924 4248 qua
1961 4193 2088 4248 sup-

435 4264 705 4337 peditavit
732 4265 893 4329 Deus,
943 4263 1194 4318 omnibus
1234 4265 1490 4336 inopibus
1538 4263 1674 4319 dare
1719 4265 2085 4335 simpliciter;

440 4353 587 4409 nihil
614 4352 931 4422 dubitando,
971 4353 1064 4408 cui
1090 4351 1205 4420 des,
1236 4355 1328 4408 cui
1351 4369 1461 4409 non
1488 4352 1598 4410 des.
1631 4353 1895 4410 Omnibus
1939 4355 2088 4409 enim

440 4443 583 4500 Deus
600 4441 724 4499 dari
752 4442 867 4498 vult
894 4441 963 4497 de
1008 4442 1122 4497 suis
1151 4441 1341 4499 donis:
1369 4458 1480 4499 non
1528 4445 1717 4498 autem
1763 4458 2087 4514 quemquam

441 4531 715 4600 dubitare,
745 4532 839 4587 cui
863 4530 971 4601 det,
1003 4530 1097 4587 vel
1124 4533 1217 4587 cui
1242 4546 1357 4588 non
1386 4531 1501 4588 det.
1540 4532 1647 4587 Hoc
1676 4547 1876 4603 quippe
1918 4531 2090 4587 mini-

440 4623 673 4678 sterium
689 4621 1023 4693 simpliciter
1044 4622 1274 4691 factum,
1305 4622 1605 4691 gloriosum
1621 4624 1697 4676 est
1724 4620 1871 4693 apud
1890 4622 2089 4678 Deum:

441 4715 498 4767 et
516 4711 614 4784 qui
643 4711 724 4766 ita
749 4708 1083 4783 simpliciter
1101 4710 1403 4781 ministrat,
1436 4711 1581 4766 vivet
1605 4709 1732 4765 Deo.

1608 4832 1850 4913 VABLE
1887 4832 2269 4890 LECTIONES
2299 4834 2390 4890 ET
2430 4832 2661 4889 NOTtE.

2272 4171 2447 4228 Καλὸν
2495 4169 2586 4226 οὖν
2628 4169 2787 4243 ἐστιν,
2821 4169 2881 4224 ἐκ
2920 4172 3029 4225 τῶν
3082 4165 3235 4224 ἰδίων
3286 4168 3501 4240 κόπων,
3534 4167 3604 4221 ὧν
3645 4165 3669 4220 ὁ
3710 4160 3806 4221 Θεός

2196 4264 2540 4337 ἐπιχορηγεῖ,
2583 4265 2742 4315 πᾶσιν
2815 4256 3229 4332 ὑστερουμένοις
3293 4256 3561 4333 παρεχειν
3632 4252 3799 4318 ἁπλῶς,

2199 4349 2368 4425 μηδὲν
2419 4348 2756 4420 διστάζοντα,
2785 4346 2889 4403 τίνι
2940 4344 3069 4420 δῷς,
3098 4345 3205 4402 τίνι
3260 4348 3336 4419 μή
3392 4344 3524 4418 δῷς.
3559 4349 3682 4399 Πᾶσι
3725 4339 3801 4416 γὰρ

2197 4441 2225 4495 ὁ
2254 4439 2384 4502 Θεὸς
2434 4436 2680 4502 δίδοσθαι
2728 4436 2873 4492 θέλει
2924 4436 2984 4491 ἐκ
3026 4440 3133 4491 τῶν
3166 4433 3318 4491 ἰδίων
3358 4427 3801 4512 Stamina-cummi

2200 4530 2275 4602 μὴ
2311 4526 2601 4603 διακρῖναι,
2630 4525 2737 4582 τίνι
2770 4522 2869 4598 δῷ,
2902 4523 2937 4595 ἤ
2969 4523 3075 4579 τίνι
3111 4525 3186 4599 μὴ
3219 4523 3315 4597 δῷ.
3349 4526 3418 4583 Ἡ
3466 4523 3570 4600 γὰρ
3600 4517 3799 4577 διακονία

2197 4616 2331 4688 αὕτη
2382 4615 2572 4678 ἁπλῶς
2622 4614 2950 4685 τελεσθεῖσα,
2999 4610 3211 4685 ἔνδοξος
3272 4612 3513 4690 ὑπάρχει
3578 4611 3710 4684 παρᾶ
3744 4610 3800 4679 τῷ

2197 4712 2337 4780 Θεῷο
2363 4705 2454 4762 καί
2510 4705 2684 4770 οὕτως
2743 4705 2933 4770 ἁπλῶς
2990 4703 3277 4779 διακονῶν,
3306 4709 3390 4778 τῷ
3444 4708 3561 4778 Θεῷ
3602 4704 3798 4773 ζήσεται.

438 4949 703 5033 σρητίηει»
750 4948 1073 5033 sane“?
1115 4949 1555 5033 irascentium“
1602 4959 1859 5033 ηςιιιιξμε-
1906 4948 2087 5033 Ρεξιιιο
2267 4948 2845 5033 (ἕέὶΡβωΡ-.ρθνς¹ίξο
3142 5022 3211 5033 ..
3279 5020 3315 5033 ..
3393 5018 3409 5033 .
3532 5016 3549 5033 .

437 5020 606 5095 aliter
635 5010 838 5075 auctor
864 5010 1482 5095 erdicafionishpetri
1518 5010 1697 5095 apud‘
1729 5020 2085 5095 Clementem
2267 5010 2379 5092 (15)
2404 5010 2764 5095 Istadelibat
2781 5025 2839 5077 et
2853 5022 3163 5095 exaggerat
3183 5018 3513 5077 Antiochus
3532 5010 3796 5077 homil.29.

437 5038 606 5077 auter
635 5038 838 5075 auctor
864 5038 1289 5077 rreeaicauonzs
1330 5038 1481 5079 Hem
1518 5039 1550 5078 a
1595 5038 1671 5077 ua
1729 5038 2085 5078 uomentem

434 5091 592 5168 ᾼιθκ.
628 5095 850 5168 Στρωμ.
884 5090 999 5168 libL
1019 5109 1097 5159 v1,
1133 5108 1259 5165 cap.
1295 5093 1350 5161 5,
1384 5109 1519 5166 pag.
1550 5038 1695 5149 ’ξ59ε
1731 5091 2083 5168 Ἀχώρητος,

2267 5038 2379 5092 (ιο)
2405 5038 2521 5076 ista
2544 5038 2615 5075 oe

2205 5094 2260 5146 ut
2291 5108 2422 5168 mon
2439 5091 2619 5168 intra.

435 5162 495 5225 ὃς
522 5161 589 5215 τὰ
618 5160 1017 5235 πᾼάνταξχωρεῖ.
1029 5204 1042 5217 .

507 5233 732 5318 (10)“Ita
787 5226 978 5289 Pelius
1032 5250 1100 5289 ex
1148 5234 1310 5291 Bodl.
1354 5239 1412 5291 et
1449 5235 1653 5291 Lamb.
1686 5235 1837 5291 Editi
1869 5250 2086 5290 omnem

436 5307 767 5377 nequitiam.

2266 5164 2316 5233 (1
2360 5166 2381 5231 )
2402 5164 2543 5235 Mss.
2567 5162 2736 5235 Angl.
2760 5163 2984 5220 Abstine
3000 5163 3133 5219 teab
3150 5164 3247 5219 illo
3269 5157 3793 5235 (demonio.)W

2194 5227 2374 5289 Doctr'.
2407 5234 2503 5317 ad.
2530 5227 2778 5317 Antioch.
2828 5236 2940 5291 sic:
2984 5235 3216 5317 libstinp
3320 5239 3517 5317 igitur
3542 5227 3795 5317 abiecti?

509 5309 930 5460 (qﬁlztzgl’dre‘cte
962 5375 1167 5460 bamb.
1199 5382 1256 5433 et
1283 5377 1433 5434 Vict.
1488 5377 1581 5434 Sic
1629 5392 1863 5449 quoque
1892 5374 2085 5433 Fellus

2205 5321 2382 5361 pacem
2411 5305 2628 5361 habebis
2665 5322 2787 5361 cum
2837 5307 3114 5362 omnibus.
3173 5293 3577 5363 Indue'autem

2205 5382 2410 5460 ritatem
2437 5385 2489 5432 et
2525 5377 2883 5460 honestatem,
2915 5379 2975 5460 in
3004 5378 3201 5460 quibus
3230 5378 3453 5460 nullum
3472 5379 3563 5460 est
3616 5365 3789 5445 oﬂendr

441 5451 498 5506 et
518 5446 751 5521 Fabric.
780 5446 850 5521 ᾼΙ
882 5446 1046 5521 tnde._
1094 5517 1101 5521 Α
1188 5520 1193 5521 ί
1265 5518 1278 5521 _
1570 5519 1583 5521 _
1643 5446 1665 5449 ⁷
1766 5446 1785 5448 “
2193 5449 2379 5521 culum
2416 5448 2653 5521 malum,
2688 5448 2781 5521 sed
2798 5450 2983 5521 omnia
3008 5446 3249 5520 planaet
3268 5447 3543 5521 jucunda.

658 5524 742 5601 Ea:
770 5517 1529 5601 Doctr.‘ad_Antioch.,num.
1562 5519 1783 5601 2,_pa_g.
2069 5593 2078 5601 ι
2195 5590 2209 5601 _
2265 5520 2379 5601 (1η
2433 5519 2619 5601 Bodl.
2695 5517 3052 5576 dalatoribus.
3138 5517 3294 5599 Heio"
3320 5520 3466 5576 item
3517 5518 3781 5580 Antiochus

515 5588 626 5661 (l3)
658 5591 799 5649 Mss.
828 5588 999 5663 Angl.
1048 5591 1289 5660 infantes
1323 5588 1440 5662 qui
1466 5588 1763 5655 nesciunt}
1820 5590 1973 5647 sicut
2030 5593 2087 5649 et
2195 5588 2521 5663 homil.798.

444 5659 659 5719 Graeca.
923 5659 952 5663 ⁷
1112 5659 1116 5660 ⁷
1349 5659 1365 5662 “
1638 5712 1641 5713 ν
2264 5661 2379 5734 (18)
2409 5661 2612 5721 Lamb.
2644 5662 2736 5719 cui
2754 5661 2907 5734 dare,
2936 5663 3031 5721 cui
3055 5662 3334 5723 nondare.
