4038 6210
203 356 324 419 917

1218 357 1550 421 PASTOR.
1582 390 1659 405 —
1693 357 1841 420 LIB.
1890 359 1967 433 II,
2019 360 2467 427 MANDATUM
2510 359 2613 426 IV.

3493 356 3613 421 918

1623 528 2033 585 MANDATUM
2096 530 2189 586 III.

921 639 1000 691 De
1028 634 1288 708 fugiendo
1317 635 1621 708 mendacio,
1679 638 1731 692 et
1778 641 2003 694 Hennae
2027 639 2358 709 paenitentia
2381 638 2445 695 ob
2478 638 2901 696 simulationem.

1620 759 1855 816 CAPUT
1903 760 2200 818 UNICUM.

276 862 391 935 (19)
423 859 712 932 Ἀλήθειαν
761 861 957 940 ἀγάπα,
1006 863 1095 919 καὶ
1145 870 1289 919 πᾶσα
1343 864 1572 935 ἀλήθεια
1633 865 1693 920 ἐκ
1753 869 1850 919 τοῦ

203 948 478 1022 στόματός
531 972 626 1005 σου
675 950 1065 1028 ἐκπορευέσθω,
1101 951 1193 1008 ’ἱνα
1238 954 1300 1008 τὸ
1351 958 1563 1027 πνεῦμα
1590 952 1686 1009 τοῦ
1718 959 1851 1009 Θεοῦ

200 1043 435 1113 κατοικῇ
469 1061 575 1096 σοι.
607 1073 673 1082 -
702 1042 765 1095 Οἱ
795 1041 898 1117 γὰρ
936 1039 1254 1117 ψευδόμενοι
1288 1044 1534 1107 ἀθετοῦσι
1580 1043 1670 1098 τὸν
1704 1043 1848 1101 Θεόν.

202 1159 275 1170 -
302 1124 540 1184 Ἔλαϐον
568 1129 669 1207 γὰρ
717 1136 929 1204 πνεῦμα
970 1132 1247 1202 ἀληθείας,
1280 1132 1367 1187 καὶ
1409 1131 1655 1208 ἐγένοντο
1696 1133 1851 1204 οἰκη-

204 1219 371 1293 τήρια
396 1223 494 1273 τοῦ
524 1218 785 1291 ἀληθινοῦ
816 1220 1144 1294 πνεύματος.

2034 867 2246 923 Iterum
2282 868 2426 923 mihi
2466 869 2643 925 dixit:
2704 868 3016 924 Veritatem
3073 868 3269 941 dilige,
3302 872 3360 924 et
3415 865 3608 923 omnis

1961 971 2152 1011 sermo
2193 973 2363 1012 verus
2395 959 2506 1027 (20)
2540 974 2609 1012 ex
2637 974 2735 1013 ore
2764 961 2863 1014 tuo
2895 958 3201 1029 procedat;
3264 962 3328 1011 ut
3366 955 3607 1026 spiritus

1963 1061 2137 1117 quem
2176 1046 2460 1101 Dominus
2481 1045 2784 1101 constituit
2811 1046 2870 1100 in
2891 1062 3064 1102 carne
3094 1049 3216 1113 tua,
3250 1061 3422 1101 verax
3452 1044 3607 1099 inve-

1964 1135 2160 1189 niatur
2189 1136 2342 1207 apud
2374 1140 2616 1191 cunctos
2648 1134 2914 1191 homines
2946 1156 2965 1202 ,-
2997 1139 3053 1191 et
3071 1134 3352 1191 Dominus
3379 1132 3604 1205 magni-

1964 1221 2187 1289 ﬁcetur,
2220 1223 2321 1295 qui
2352 1223 2510 1280 dedit
2565 1224 2837 1297 spiritum
2888 1223 2948 1279 in
2988 1228 3045 1280 te
3076 1224 3186 1297 (21)
3215 1242 3228 1292 ;
3263 1223 3401 1296 quia
3459 1229 3607 1279 Deus

206 1324 379 1364 verax
403 1310 573 1366 estin
605 1311 765 1366 omni
789 1313 984 1380 verbo,
1017 1316 1215 1368 etnon
1249 1316 1339 1368 est
1368 1311 1738 1367 mendacium
1773 1312 1834 1366 in
1868 1312 2014 1384 ipso.
2050 1312 2157 1375 Qui
2189 1329 2323 1385 ergo
2357 1312 2745 1381 mentiuntur,
2787 1313 3078 1386 abnegant
3122 1313 3456 1381 Dominum,
3491 1330 3605 1369 non

208 1397 520 1454 reddentes
542 1404 656 1455 Deo
686 1400 1012 1472 depositum
1047 1401 1201 1473 quod
1233 1404 1582 1473 acceperunt
1606 1401 1740 1472 (22).
1772 1402 2135 1473 Acceperunt
2166 1402 2323 1458 enim
2345 1402 2617 1473 spiritum
2650 1402 2777 1458 sine
2805 1401 3128 1460 mendacio.
3162 1402 3327 1457 Hunc
3356 1402 3407 1457 si
3446 1417 3606 1457 men-

209 1483 414 1543 dacem
441 1489 713 1559 reddunt,
741 1490 1124 1562 coinquinant
1153 1491 1496 1546 mandatum
1523 1490 1773 1560 Domini,
1798 1495 1854 1545 et
1876 1491 2237 1547 fraudatores
2265 1492 2433 1548 ﬁunt.

1535 1626 1877 1693 ANTIOCHUS,
1924 1622 2151 1679 homilia
2176 1624 2265 1680 66.

278 1727 397 1801 Χρή
448 1723 540 1781 οὖν
585 1732 756 1782 πᾶσαν
806 1725 1060 1798 ἀλήθειαν
1109 1726 1168 1782 ἐκ
1210 1732 1308 1783 τοῖ’)
1339 1728 1605 1802 στόματος
1631 1733 1728 1783 τοῦ
1759 1729 1852 1782 ἆν-

205 1816 429 1893 θρώπου
460 1814 859 1892 ἐκπορεύεσθαι,
884 1815 976 1871 ’ίνα
1016 1817 1079 1872 τὸ
1124 1821 1354 1890 πνεῦμα,
1388 1818 1416 1872 ὁ
1448 1818 1475 1871 ὁ
1506 1818 1633 1879 Θεὸς
1677 1818 1852 1890 κατῴ-

204 1926 371 1975 κησεν
419 1904 470 1960 ἐν
518 1908 588 1979 τῇ
615 1906 771 1982 σαρκὶ
794 1905 980 1980 ταύτῃ,
1014 1905 1215 1976 ἀληθὲς
1264 1907 1456 1982 εὑρεθῇ
1505 1907 1650 1982 παρὰ
1695 1912 1853 1960 πᾶσιν

204 1994 537 2069 ἀνθρώποις,
566 1994 657 2050 καί
687 1993 859 2057 οὕτως
904 1992 1135 2069 δοξασθῇ
1170 1996 1197 2049 ὁ
1229 1994 1448 2071 Κύριος,
1481 1995 1508 2049 ὁ
1539 1995 1588 2049 ἐν
1634 1996 1712 2067 τῷ
1760 1995 1849 2049 ἀν-

209 2085 420 2159 θρώπῳ
450 2089 742 2140 κατοικῶν·
782 2082 865 2139 ὅτι
898 2084 926 2139 ὁ
960 2083 1154 2159 Κύριος
1184 2082 1445 2154 ἀληθινὸς
1476 2083 1526 2138 ἐν
1567 2084 1722 2138 παντὶ
1759 2083 1853 2159 ῥή-

212 2194 366 2247 ματι,
396 2172 486 2227 καὶ
518 2170 669 2227 οὐδὲν
701 2174 826 2249 παρ’
856 2172 1001 2245 αὐτῷ
1031 2170 1244 2247 ψεῦδος.
1277 2174 1339 2227 O't
1388 2170 1478 2227 οὖν
1529 2170 1850 2246 ψευδόμενοι

209 2263 460 2318 ἀθετοῦσι
505 2263 596 2317 τὸν
647 2261 868 2338 Κύριον,
908 2261 997 2317 καί
1042 2261 1275 2338 γίνονται
1336 2261 1699 2337 ἀποστερηταὶ
1755 2266 1852 2316 τοῦ

210 2352 439 2427 Κυρίου,
494 2352 569 2425 μὴ
625 2349 972 2415 ἀποδιδόντες
1039 2351 1185 2425 αὐτῷ
1234 2352 1333 2420 τὴν
1399 2353 1720 2427 παραθήκην
1788 2353 1852 2422 ἣν

209 2437 431 2498 ἔλαϐον.
483 2438 716 2496 Ἔλαϐον
765 2441 867 2517 γὰρ
926 2444 1139 2514 πνεῦμα
1208 2436 1491 2514 ἄψευστον
1536 2445 1696 2495 τοῦτο
1764 2440 1849 2495 ἐὰν

2038 1732 2255 1803 Oportet
2285 1748 2432 1802 ergo,
2467 1735 2525 1787 ut
2553 1733 2734 1790 omnis
2754 1733 2957 1788 veritas
2981 1747 3051 1788 ex
3078 1747 3171 1787 ore
3200 1732 3435 1789 hominis
3474 1749 3606 1805 pro-

1960 1819 2148 1875 cedat:
2174 1829 2234 1875 ut
2259 1822 2491 1891 spiritus
2519 1837 2676 1893 quem
2735 1825 2877 1876 Deus
2898 1820 3174 1875 constituit
3195 1823 3255 1875 in
3283 1837 3449 1877 carne
3479 1822 3604 1891 hac,

1962 1924 2134 1965 verax
2158 1910 2479 1964 inveniatur
2527 1909 2673 1981 apud
2700 1917 2915 1964 cunctos
2951 1909 3228 1977 homines;
3280 1913 3331 1965 et
3384 1912 3464 1965 sic
3500 1911 3602 1965 Do-

1962 1999 2148 2053 minus
2206 2000 2608 2069 magniﬁeetur,
2661 2000 2756 2069 qui
2812 2001 2872 2053 in
2901 1998 3122 2053 homine
3178 1998 3421 2053 habitat:
3472 2001 3603 2070 quia

1960 2088 2224 2142 Dominus
2253 2104 2421 2143 veram
2448 2096 2528 2143 est
2558 2090 2617 2141 in
2654 2090 2808 2142 omni
2860 2087 3038 2152 verbo,
3093 2090 3145 2142 et
3172 2102 3281 2142 non
3312 2097 3393 2143 est
3446 2104 3599 2143 men-

1961 2176 2179 2231 dacium
2202 2178 2263 2231 in
2295 2178 2430 2247 ipso.
2456 2177 2558 2243 Qui
2587 2193 2714 2246 ergo
2742 2179 3104 2247 mentiuntur,
3171 2178 3445 2247 abnegant
3492 2179 3599 2233 Do-

1960 2267 2195 2331 minum,
2227 2274 2276 2320 et
2306 2269 2443 2328 riunt
2471 2266 2820 2335 fraudatores
2865 2266 3102 2334 Domini,
3161 2282 3268 2321 non
3312 2266 3602 2323 recidentes

1962 2356 2014 2410 ei
2041 2354 2346 2425 depositum
2385 2354 2523 2426 quod
2552 2364 2890 2426 acceperunt.
2942 2356 3271 2426 Acceperunt
3316 2357 3463 2410 enim
3492 2357 3606 2426 spi-

1962 2444 2133 2498 ritum
2164 2443 2280 2497 sine
2326 2443 2651 2498 mendacio:
2683 2443 2829 2500 hunc
2885 2444 2936 2499 si
2987 2444 3301 2500 mendacem
3350 2444 3608 2511 reddunt,

209 2528 405 2606 ψευδὲς
454 2528 826 2604 ἀποδώσωσιν,
877 2529 1097 2604 ἐμίαναν
1140 2530 1240 2599 τὴν
1284 2533 1381 2584 τοῦ
1430 2534 1562 2585 Θεοῦ
1611 2531 1853 2607 παραθή-

1978 2533 2322 2603 :oinquinant
2350 2532 2673 2588 mandatum
2702 2549 2795 2589 seu
2817 2534 3126 2606 depositum
3158 2535 3276 2604 Dei,
3309 2544 3359 2589 et
3380 2534 3612 2606 frauda-

209 2642 339 2692 κην,
370 2621 459 2675 καὶ
492 2618 728 2696 ἐγένοντο
766 2618 1148 2695 ἀποστερηταί.

1978 2630 2101 2677 tores
2122 2622 2282 2691 ﬁunt.

286 2712 392 2767 His
422 2710 659 2782 auditis,
682 2727 787 2783 ego
808 2711 1177 2767 vehementer
1206 2710 1319 2782 (23)
1343 2710 1491 2765 ﬂevi.
1521 2708 1629 2775 Qui
1656 2726 1787 2764 cum
1820 2711 2055 2765 flentem
2082 2726 2174 2765 me
2205 2709 2443 2775 videret,
2478 2710 2621 2766 dixit
2665 2710 2809 2765 mihi
2844 2728 2857 2766 :
2882 2711 3030 2777 Quid
3063 2711 3302 2783 ploras?
3329 2712 3401 2767 Et
3456 2713 3573 2768 dixi
3599 2730 3613 2769 :

214 2799 527 2868 Quoniam,
560 2800 813 2866 domine,
846 2800 1038 2855 nescio
1069 2816 1142 2854 an
1169 2798 1391 2870 possim
1414 2796 1609 2854 salvus
1639 2814 1786 2854 esse.
1820 2801 2027 2867 Quare,
2060 2798 2305 2869 inquit?
2330 2800 2396 2854 Et
2421 2798 2539 2853 dixi
2566 2816 2578 2854 :
2604 2800 2751 2865 Quia
2781 2816 3106 2870 nunquam,
3139 2801 3393 2869 domine,
3416 2818 3617 2858 verum

214 2890 456 2946 locutus
485 2906 618 2944 sum
650 2890 893 2944 verbum
925 2888 984 2943 in
1008 2889 1123 2943 vita
1143 2904 1294 2956 mea,
1318 2888 1419 2943 sed
1442 2903 1673 2958 semper
1703 2887 1762 2942 in
1803 2888 1915 2958 (24)
1946 2888 2320 2944 simulatione
2355 2887 2490 2954 vixi,
2523 2893 2581 2942 et
2637 2888 3004 2944 mendacium
3036 2906 3139 2960 pro
3170 2890 3411 2947 veritate
3462 2891 3618 2947 afﬁr-

216 2976 372 3032 mavi
403 2978 517 3049 (25)
540 2977 856 3046 omnibus;
888 2981 945 3033 et
967 2994 1082 3033 non
1106 2976 1250 3032 mibi
1272 2976 1588 3048 quisquam
1622 2976 1991 3045 contradixit,
2032 2977 2133 3032 sed
2159 2977 2304 3032 ﬁdes
2350 2976 2552 3032 habita
2583 2980 2671 3033 est
2701 2976 2872 3033 verbo
2902 2993 3057 3034 meo.
3098 2979 3219 3045 Quo
3253 2980 3424 3035 modo
3482 2996 3619 3053 ergo

213 3070 418 3139 potero
446 3067 656 3138 vivere,
708 3083 839 3122 cum
881 3066 964 3122 sic
1013 3065 1281 3139 egerim?
1326 3066 1397 3121 Et
1441 3064 1585 3122 dixit
1628 3065 1816 3121 mihi:
1872 3067 1957 3121 Tu
1992 3066 2230 3138 quidem
2262 3066 2407 3122 bene
2454 3070 2509 3122 et
2557 3082 2688 3121 vere
2716 3065 2918 3121 sentis.
2975 3065 3288 3138 Oportebat
3333 3068 3490 3124 enim
3538 3074 3615 3139 te,

215 3154 372 3211 sicut
400 3154 501 3212 Dei
532 3172 789 3224 servum,
813 3155 873 3211 in
896 3155 1135 3211 veritate
1159 3154 1479 3222 ambulare,
1504 3158 1560 3209 et
1590 3154 1804 3210 malam
1839 3154 2252 3210 conscientiam
2311 3170 2442 3209 cum
2501 3153 2711 3227 spiritu
2768 3154 3028 3211 veritatis
3086 3171 3203 3212 non
3242 3159 3615 3230 conjungere,

214 3260 325 3301 nec
359 3244 659 3301 tristitiam
717 3244 960 3318 Spiritui
1018 3244 1119 3301 Dei
1162 3247 1363 3299 sancto
1394 3247 1451 3298 et
1478 3259 1613 3298 vero
1661 3243 1847 3298 facere
1877 3243 1942 3299 ⁷⁸.
1978 3243 2043 3297 Et
2068 3243 2183 3297 dixi
2231 3242 2352 3298 illi:
2388 3247 2745 3314 Numquam,
2804 3243 3059 3313 domine,
3100 3244 3222 3300 haec
3268 3246 3442 3301 verba
3497 3250 3617 3302 tam

214 3331 534 3406 diligenter
561 3333 775 3390 audivi.
803 3334 872 3390 Et
900 3332 1042 3388 dixit
1072 3331 1216 3387 mihi
1246 3350 1258 3388 :
1315 3331 1477 3387 Nunc
1507 3332 1696 3387 audis.
1755 3331 1907 3386 Cura
1953 3332 2224 3403 deinceps
2264 3333 2396 3404 (26),
2426 3334 2490 3386 ut
2518 3336 2574 3387 et
2618 3330 2719 3387 illa
2747 3347 2874 3402 quae
2901 3331 3064 3404 prius
3093 3332 3324 3389 locutus
3353 3350 3415 3390 es
3472 3334 3617 3391 falsa

213 3438 322 3494 pro
340 3421 586 3495 negotiis
615 3422 756 3493 tuis,
782 3421 875 3477 his
892 3422 1086 3477 verbis
1115 3425 1170 3475 et
1198 3420 1299 3475 illa
1329 3420 1500 3475 fidem
1535 3419 1818 3491 recipiant
1836 3420 1967 3491 (27).
1992 3424 2245 3475 Possunt
2273 3421 2427 3474 enim
2463 3425 2520 3474 et
2549 3418 2649 3475 illa
2662 3421 2836 3475 fidem
2854 3420 3129 3492 recipere,
3156 3420 3202 3475 si
3226 3438 3359 3476 vera
3387 3421 3618 3478 locutus

286 3510 411 3566 Ἐὰν
472 3506 562 3564 οὖν
610 3509 709 3578 τήν
773 3508 1032 3579 ἀλήθειαν
1101 3504 1363 3585 φυλάξῃς,
1411 3504 1609 3580 δυνήσῃ
1657 3511 1854 3577 σεαυτῷ

1978 3509 2153 3565 fueris
2183 3509 2458 3580 deinceps
2491 3527 2505 3564 :
2536 3514 2592 3564 et
2622 3510 2672 3563 si
2703 3509 3005 3564 veritatem
3035 3510 3373 3577 servaveris,
3400 3512 3617 3582 poteris

218 3600 366 3669 ζωήν
396 3600 870 3673 περιποιήσασθαι.

1978 3596 2146 3653 vitam
2206 3600 2508 3669 consequi.
2539 3599 2609 3653 Et
2648 3598 2985 3670 quicunque
3015 3598 3266 3654 audierit
3295 3598 3401 3654 hoc
3451 3616 3618 3655 man-

214 3691 444 3759 datum,
471 3692 529 3746 et
552 3688 770 3759 fecerit,
800 3691 858 3744 et
884 3687 1190 3746 recesserit
1208 3704 1243 3744 a
1266 3686 1586 3755 mendacio,
1618 3685 1768 3743 vivet
1791 3686 1925 3742 Deo.

1636 3828 2035 3885 MANDATUM
2093 3832 2188 3883 IV.

1563 3936 1641 3990 De
1667 3934 1993 3990 dimittenda
2021 3934 2290 3991 adultera.

1756 4058 1990 4116 CAPUT
2052 4061 2094 4116 Ι.

2053 4166 2286 4233 Mando,
2324 4165 2422 4232 ait,
2454 4164 2582 4233 tibi,
2617 4168 2683 4220 ut
2713 4163 3042 4221 castitatem
3068 4163 3386 4231 custodias,
3418 4166 3474 4220 et
3503 4181 3619 4220 non

1981 4256 2258 4310 ascendat
2288 4254 2391 4310 tibi
2417 4253 2690 4326 cogitatio
2704 4252 2893 4308 cordis
2917 4253 2987 4308 de
3017 4252 3203 4308 alieno
3227 4252 3617 4321 matrimonio,

1982 4349 2084 4400 aut
2114 4346 2184 4399 de
2209 4344 2589 4400 fornicatione
2614 4360 2627 4411 ;
2661 4342 2781 4397 haec
2812 4342 2969 4397 enim
3002 4342 3152 4414 parit
3180 4342 3294 4413 (29)
3315 4347 3620 4413 peccatum

294 4173 412 4246 (28)
444 4167 694 4225 Φύλασσε
734 4168 832 4238 τὴν
878 4165 1107 4242 ἆγνείαν,
1154 4166 1245 4221 καὶ
1298 4166 1373 4239 μὴ
1424 4165 1732 4239 ἆναμενέτω
1779 4163 1867 4219 ἐπὶ

216 4262 323 4331 τὴν
356 4257 579 4335 καρδίαν
612 4279 708 4313 σου
735 4257 857 4330 περὶ
889 4255 1142 4332 γυναικὸς
1171 4252 1492 4330 ἀλλοτρίας,
1515 4254 1549 4323 ἦ
1580 4255 1705 4331 περὶ
1734 4274 1869 4328 πορ-

220 4351 370 4411 νείας
426 4349 594 4417 τινὸς,
626 4347 661 4417 ἢ
697 4346 819 4423 περὶ
854 4344 1117 4400 τοιούτων
1176 4343 1478 4417 ὀνομάτων·
1545 4348 1710 4398 τοῦτο
1766 4344 1868 4419 γὰρ

220 4444 398 4497 ποιῶν
431 4437 695 4513 ἁμαρτίαν
730 4434 971 4512 μεγάλην
997 4432 1214 4509 ἐργάζῃ.
1279 4431 1451 4487 Βλέπε
1492 4430 1603 4487 οὖν·
1659 4431 1854 4507 ἀπέχοι

1982 4450 2281 4505 magnum.
2313 4433 2397 4487 Tu
2429 4436 2623 4487 autem
2673 4446 2904 4502 semper
2934 4447 3158 4486 memor
3187 4436 3310 4485 esto
3368 4431 3620 4494 Domini,

224 4529 335 4586 ἀπὸ
362 4535 463 4598 τῆς
494 4527 840 4599 ἐνθυμήσεως
867 4523 1087 4590 ταύτης.

1981 4521 2256 4577 omnibus
2304 4521 2463 4576 horis
2489 4524 2580 4587 ;et
2604 4536 2903 4591 nunquam
2928 4518 3214 4590 peccabis.
3245 4519 3302 4572 Si
3323 4519 3479 4573 enim
3505 4520 3623 4573 hac

224 4619 505 4692 cogitatio
535 4617 594 4671 in
627 4632 725 4672 cor
756 4620 925 4671 tuum
956 4612 1282 4670 ascenderit
1327 4616 1447 4668 tam
1476 4611 1653 4679 mala,
1698 4628 1977 4683 magnum
2010 4616 2310 4683 peccatum
2337 4610 2514 4665 facis:
2548 4614 2603 4663 et
2633 4608 2730 4679 qui
2781 4608 2898 4662 haec
2929 4606 3171 4676 faciunt,
3210 4606 3365 4662 viam
3417 4606 3623 4661 mortis

225 4712 575 4783 sequuntur.
601 4706 747 4760 Vide
776 4719 912 4776 ergo
943 4706 1004 4760 tu
1032 4720 1047 4771 ;
1080 4702 1308 4758 abstine
1324 4706 1379 4757 te
1410 4701 1481 4757 ab
1503 4701 1612 4756 hac
1642 4701 2008 4772 cogitatione.
2032 4699 2141 4755 Ubi
2170 4699 2325 4754 enim
2357 4697 2615 4762 castitas,
2650 4701 2848 4751 manet
2875 4694 2934 4749 in
2966 4696 3137 4750 corde
3181 4693 3436 4750 hominis
3448 4694 3623 4764 justi,

229 4782 541 4870 nunquam
564 4794 676 4868 (30)
704 4792 784 4848 ibi
807 4792 1116 4849 ascendere
1145 4791 1316 4848 debet
1343 4789 1612 4862 cogitatio
1636 4789 1809 4846 mala.
1843 4790 1913 4845 Et
1940 4787 2058 4845 dixi
2090 4787 2170 4843 illi
2196 4805 2208 4844 :
2242 4787 2509 4853 Domine,
2540 4783 2807 4857 permitte
2838 4798 2930 4839 me
2973 4798 3159 4855 pauca
3213 4782 3387 4839 verba
3432 4787 3625 4839 tecum

297 4916 342 4953 ⁷⁸
370 4913 585 4989 Ephes.
619 4928 691 4981 ιν,
713 4910 802 4965 30.

1415 5011 1656 5069 VARIIE
1686 5010 2074 5068 LECTIONES
2102 5011 2191 5066 ET
2220 5009 2450 5065 NOT/E.

300 5130 415 5203 (19)
446 5123 738 5203 Doctr._ad_
788 5120 1037 5203 Antioch.
1090 5136 1261 5203 num.
1294 5120 1348 5185 3,
1380 5136 1449 5176 ex
1495 5119 1605 5175 hoc
1649 5118 1873 5173 Hermae
2051 5116 2161 5203 (26)
2193 5116 2393 5203 Lamb.
2447 5111 2665 5170 Custodi
2707 5110 2914 5167 amodo.
2975 5110 3070 5166 Sic
3126 5113 3183 5165 et
3240 5126 3396 5178 mox,
3431 5108 3624 5165 αιτιοάο

225 5190 529 5268 mandato,
553 5197 654 5253 sed
682 5196 818 5251 hinc
847 5193 981 5268 inde
1012 5191 1210 5268 petita.
1294 5261 1310 5268 _
1413 5262 1428 5268 _
1480 5265 1488 5268 _
1545 5266 1551 5268 _
1627 5261 1659 5268 __
1737 5260 1750 5268 _
1984 5190 2486 5268 proAdez'cheps."
2607 5255 2621 5268 ‘
2839 5253 2849 5265 .
2899 5254 2909 5265 .
2995 5258 3007 5268 Δ
3112 5256 3121 5268 ⁸
3377 5266 3384 5268 Α
3439 5253 3475 5268 V_

300 5255 606 5343 (20—)77Bo'd1.
633 5271 690 5324 et
713 5266 908 5323 Lamb.
939 5255 1128 5320 verax.
1151 5261 1497 5318 Haeclaudat
1527 5260 1874 5326 Antiochus,
1984 5255 2003 5259 ’
2198 5256 2360 5343 B'odl‘.
2384 5262 2441 5312 et
2464 5255 2665 5343 Lamb.
2697 5255 3132 5343 perqipiantiqet
3162 5255 3622 5343 moxlpereipere.

300 5276 416 5399 (20)
446 5276 606 5398 Ιέιὲᾶι.
633 5276 690 5324 et
713 5276 908 5323 Lamb.
939 5276 1497 5320 verax.uzec1auaat
1527 5276 1851 5316 Antiocnus

225 5345 392 5403 homi
424 5386 435 5399 .
544 5384 556 5397 .

2053 5276 2139 5330 (ΖΙ
2198 5276 2360 5313 boat.
2384 5276 2441 5312 et
2465 5276 2665 5311 hamo.
2697 5276 3006 5325 perczpwm
3024 5276 3046 5319 ς
3074 5276 3132 5307 et.
3164 5276 3295 5307 mox
3316 5276 3616 5323 perapera.

1994 5399 2007 5403 Α
2057 5276 2171 5402 (28)
2198 5332 2401 5403 Doctr.
2476 5327 2549 5403 ad
2581 5324 2854 5403 Antioch...
2926 5340 3101 5403 num.
3164 5324 3216 5390 4,
3303 5319 3616 5403 causa“...

301 5386 647 5487 ἄϊῑιῖεῑιὲαι).
679 5407 1105 5487 animum:
1179 5474 1212 5487 ..
1511 5475 1577 5487 η,
1984 5386 2322 5487 Maiae.
2346 5401 2438 5482 Sic
2483 5397 2623 5487 Legit.
2669 5396 2752 5451 (ιιι
2785 5386 3624 5487 Μειηιιὶεξιξρρρυὲίηᾱξεειξίξιξιεε

446 5462 777 5557 {fide—inira
804 5462 1023 5557 libant,
1060 5474 1216 5557 simil
1247 5493 1327 5539 ιι,
1351 5491 1476 5557 cap.
1511 5475 1598 5530 32.

1985 5462 2225 5527 maneat.
2261 5470 2348 5524 AI.
2382 5462 2709 5521 ἀναϐαῗνὲτω
2745 5484 2757 5522 :
2820 5471 2885 5521 ut
2940 5467 3136 5523 Graeca
3193 5463 3439 5521 versioni
3473 5462 3624 5518 anti-

326 5544 419 5624 23)
450 5555 615 5613 Bodl.
647 5556 790 5621 Ergo
818 5550 1051 5616 auditis,
1084 5544 1441 5605 vehementer:
1988 5544 2490 5624 quaene-haereant.
2518 5610 2531 5624 .
2600 5611 2615 5624 ν
2727 5612 2740 5624 Ι
2821 5610 2830 5619 .

326 5611 419 5686 εις
441 5611 643 5685 Damb.
686 5611 829 5680 eam.
1039 5611 1048 5616 ’
2007 5611 2024 5617 “
2060 5617 2171 5686 (29)
2206 5614 2404 5686 Lamb.
2440 5611 2565 5683 quia
2594 5611 2691 5665 hoc
2717 5611 2870 5679 facit.

326 5561 398 5614 23
450 5561 615 5613 Bodl.
647 5561 790 5621 Ergo
818 5561 1051 5616 auditis,
1084 5561 1437 5605 vehementer.
1988 5562 2116 5617 quae
2147 5561 2490 5598 conasreant.
2821 5610 2830 5619 .

326 5631 398 5685 24
441 5628 643 5685 Lamb.
686 5640 829 5680 cum.
2060 5617 2150 5686 (29
2206 5614 2404 5670 Lamb.
2440 5610 2565 5683 quia
2594 5611 2691 5665 hoc
2717 5612 2870 5679 facit.

304 5561 420 5777 i25i
451 5699 654 5758 Lamb.
688 5693 926 5769 ﬁrmavi.
2058 5618 2172 5759 (303
2208 5684 2403 5740 Lamb.
2437 5699 2546 5738 non
2576 5697 2679 5754 pro
2710 5696 3011 5752 nunquam.

397 5417 420 5775 ἒ
