4038 6210
445 373 564 440 919
1951 368 2014 431 S.

2231 370 2363 432 ΜᾹΞ
3717 377 3817 442 920

444 506 603 581 loqui
636 506 771 579 (34).
802 506 927 575 Dic,
959 505 1170 578 inquit.
1204 507 1273 562 Et
1304 506 1422 562 dixi
1455 504 1539 562 illi
1576 525 1588 563 :
1622 505 1883 572 Domine,
1924 504 1973 559 si
2006 504 2135 574 quis
2180 505 2452 560 habuerit
2482 522 2718 562 uxorem
2751 501 2980 562 ﬁdelem
3012 505 3071 562 in
3103 505 3370 574 Domino,
3411 508 3469 562 et
3496 505 3644 563 hanc
3684 507 3818 565 inve-

448 597 601 653 nerit
638 597 694 651 in
726 596 1031 667 adulterio,
1065 597 1331 668 nunquid
1364 602 1563 669 peccat
1597 598 1706 663 vir,
1766 597 1815 651 si
1865 596 2127 649 convivat
2160 612 2290 648 cum
2326 594 2423 650 illa
2451 595 2479 649 ?
2506 597 2575 650 Et
2604 596 2748 651 dixit
2778 596 2962 653 mihi:
3022 597 3287 663 Quandiu
3322 598 3506 652 nescit
3550 602 3819 668 peccatum

449 686 599 756 ejus,
628 686 755 741 sine
786 686 1029 741 crimine
1059 691 1146 742 est
1176 686 1262 740 vir
1282 686 1482 742 vivens
1512 703 1645 741 cum
1678 685 1798 740 illa.
1832 685 1891 738 Si
1919 688 2111 739 autem
2147 684 2345 738 scierit
2374 685 2462 739 vir
2490 702 2727 741 uxorem
2760 686 2873 757 (3‘2)
2895 702 3064 741 suam
3095 684 3427 756 deliquisse.
3461 690 3518 740 et
3538 704 3650 741 non
3670 689 3823 758 egerit

452 774 853 847 paenitentiam
908 775 1137 841 mulier,
1189 779 1244 829 et
1301 780 1603 845 permanet
1633 775 1691 828 in
1728 772 2042 827 forcatione
2088 789 2215 841 sua,
2276 778 2332 826 et
2362 772 2608 827 convivit
2638 790 2775 828 cum
2807 773 2907 829 illa
2954 774 3077 841 vir;
3113 791 3246 829 reus
3294 775 3402 828 erit
3433 775 3650 846 peccati
3698 777 3821 846 ejus,

452 867 513 920 et
541 864 829 935 particeps
863 864 1267 919 mwchationis
1306 866 1454 935 ejus.
1497 865 1567 918 Et
1612 864 1727 917 dixi
1760 862 1885 915 illi:
1917 861 2063 926 Quid
2095 878 2249 931 ergo,
2282 862 2329 915 si
2391 862 2778 933 permanserit
2808 862 2871 917 in
2928 863 3066 917 vitio
3101 880 3207 917 suo
3265 862 3473 918 mulier
3500 863 3527 918 ?
3558 863 3620 918 Et
3673 865 3823 921 dixit:

459 952 725 1010 Dimittat
744 953 901 1007 illam
932 954 1054 1019 vir;
1088 958 1143 1008 et
1172 954 1250 1007 vit
1285 970 1386 1025 per
1414 971 1475 1007 se
1498 954 1607 1022 (33)
1656 956 1907 1006 maneat.
1945 950 2104 1016 Quod
2139 950 2187 1004 si
2246 951 2532 1006 dimiserit
2590 952 2895 1007 mulierem
2947 968 3116 1007 suam
3150 957 3208 1007 et
3264 952 3437 1007 aliam
3498 953 3737 1021 duxerit,
3786 962 3828 1009 et

464 1041 590 1113 ipse
622 1042 947 1096 moechatur
967 1043 1031 1095 π.
1064 1043 1131 1096 Et
1160 1042 1275 1095 dixi
1308 1040 1391 1095 illi
1425 1059 1436 1096 :
1471 1042 1619 1105 Quid
1644 1041 1692 1095 si
1741 1039 1950 1095 mulier
1976 1038 2220 1093 dimissa
2252 1041 2652 1110 pcenitentiam
2715 1040 2919 1113 egerit,
2969 1045 3025 1095 et
3054 1041 3300 1097 voluerit
3330 1042 3398 1096 ad
3463 1042 3651 1097 virum
3686 1060 3829 1099 suum

459 1130 663 1187 reverti
689 1148 711 1195 ;
738 1146 929 1185 nonne
958 1130 1271 1202 recipiatur
1292 1148 1324 1185 a
1353 1130 1473 1185 viro
1508 1147 1613 1185 suo
1638 1130 1665 1182 ?
1697 1130 1765 1183 Et
1807 1128 1955 1182 dixit
1989 1127 2133 1183 mihi
2159 1145 2172 1181 :
2206 1132 2353 1198 lmo,
2384 1129 2431 1183 si
2464 1146 2577 1183 non
2610 1130 2889 1200 receperit
2919 1146 3044 1184 eam
3076 1130 3165 1184 vir
3208 1147 3373 1197 suus,
3402 1136 3625 1203 peccat,
3655 1136 3707 1186 et
3731 1148 3831 1186 ma-

462 1234 645 1293 gnum
675 1224 976 1289 peccatum
1009 1219 1119 1274 sibi
1151 1220 1427 1285 admittit;
1452 1219 1550 1273 sed
1574 1218 1746 1272 debet
1775 1216 2030 1288 recipere
2054 1216 2430 1289 peccatricem
2466 1234 2593 1288 qua
2618 1217 3018 1289 paenitentiam
3041 1218 3185 1290 egit;
3218 1220 3318 1274 sed
3344 1236 3457 1274 non
3483 1236 3648 1291 szepe.
3679 1220 3832 1277 Servis

463 1310 617 1364 enim
652 1308 753 1363 Dei
782 1308 1121 1379 poenitentia
1152 1325 1271 1363 una
1304 1312 1412 1362 est.
1443 1308 1679 1378 Propter
1699 1306 2103 1377 pcenitentiam
2128 1322 2262 1377 ergo
2294 1322 2407 1359 non
2435 1306 2890 1371 debet,dimissa
2910 1308 3157 1379 conjuge
3177 1324 3303 1378 sua,
3326 1308 3416 1363 vir
3440 1307 3616 1363 aliam
3642 1309 3831 1364 ducere.

464 1397 567 1454 Hic
600 1401 763 1452 actus
790 1396 1003 1453 similis
1034 1402 1142 1462 est,
1172 1400 1229 1452 et
1258 1397 1315 1451 in
1339 1396 1481 1464 viro,
1515 1400 1570 1450 et
1598 1395 1658 1450 in
1690 1394 1954 1450 muliere.
1995 1395 2116 1451 Non
2150 1394 2338 1449 solum
2375 1394 2687 1451 mcechatio
2719 1400 2809 1450 est
2840 1394 2975 1467 illis,
3005 1397 3106 1467 qui
3138 1413 3371 1453 carnem
3411 1414 3585 1453 suam
3610 1397 3831 1471 coinqui-

392 1506 395 1511 '
474 1490 619 1543 nant
650 1486 797 1557 (34);
833 1487 932 1541 sed
964 1490 1021 1541 et
1051 1486 1101 1541 is
1134 1487 1236 1557 qui
1257 1484 1639 1541 simulacrum
1671 1484 1829 1553 facit,
1862 1482 2207 1537 moechatur.
2240 1483 2402 1548 Quod
2449 1483 2498 1539 si
2531 1484 2589 1538 in
2621 1482 2714 1539 his
2745 1484 2913 1540 factis
2970 1490 3318 1556 perseverat,
3363 1491 3421 1542 et
3476 1486 3833 1558 paenitentiam

470 1591 588 1631 non
615 1572 753 1645 agit,
785 1574 987 1629 recede
1036 1573 1107 1627 ab
1139 1573 1257 1640 illa,
1293 1577 1349 1628 et
1380 1571 1497 1628 noli
1544 1571 1843 1627 convivere
1873 1587 2005 1625 cum
2037 1569 2175 1639 illa;
2208 1570 2469 1642 alioquin
2496 1576 2554 1627 et
2580 1575 2644 1627 tu
2696 1573 2986 1646 particeps
3015 1574 3129 1630 eris
3178 1575 3398 1646 peccati
3428 1576 3579 1648 ejus.
3633 1579 3833 1649 Propter

472 1664 583 1720 hoc
612 1666 961 1734 prmeeptum
992 1665 1080 1717 est
1123 1661 1309 1727 vobis,
1343 1664 1406 1716 ut
1434 1660 1663 1716 caelibes
1695 1660 2001 1726 maneatis,
2037 1663 2163 1713 tum
2195 1658 2305 1727 vir,
2364 1663 2489 1714 tum
2546 1659 2760 1715 mulier
2787 1661 2939 1733 (£5);
2990 1667 3181 1734 potest
3222 1664 3380 1720 enim
3420 1664 3485 1719 in
3540 1665 3834 1736 huiusmodi

473 1750 816 1825 paenitentia
844 1765 991 1807 esse.
1024 1751 1134 1806 Sed
1161 1754 1219 1806 et
1241 1767 1346 1823 ego
1378 1767 1492 1806 non
1524 1750 1595 1805 do
1628 1750 2012 1819 occasionem,
2048 1752 2113 1804 ut
2141 1748 2262 1804 haec
2288 1748 2367 1804 ita
2398 1753 2649 1821 agantur
2680 1767 2694 1816 ;
2728 1751 2827 1805 sed
2852 1767 2924 1807 ne
2955 1752 3230 1824 amplius,
3262 1754 3360 1824 qui
3380 1755 3715 1826 peccaverit,
3736 1770 3836 1828 pec-

476 1844 582 1897 cet.
617 1840 696 1895 De
725 1838 1019 1911 prioribus
1048 1843 1243 1893 autem
1277 1838 1528 1910 peccatis
1558 1840 1707 1909 ejus,
1740 1837 1894 1893 Deus
1924 1838 2020 1908 qui
2053 1840 2396 1908 potestatem
2412 1838 2589 1894 habet
2621 1840 2933 1895 sanitatem
2963 1840 3140 1897 dandi
3170 1842 3304 1913 (36),
3328 1842 3495 1900 dabit
3518 1844 3833 1913 remedium;

475 1928 616 2003 quia
642 1927 768 2000 ipse
789 1932 878 1983 est
906 1927 1005 1999 qui
1038 1926 1213 1983 habet
1243 1930 1590 1999 potestatem
1622 1926 1907 1981 omnium.

1996 2069 2228 2126 CAPUT
2278 2070 2349 2124 ΙΙ.

539 2184 757 2238 Iterum
789 2177 1162 2251 interrogavi,
1195 2180 1253 2233 et
1281 2176 1429 2232 dixi:
1464 2176 1750 2243 Quoniam
1780 2175 2066 2231 Dominus
2098 2175 2449 2232 existimavit
2479 2192 2571 2233 me
2602 2177 2846 2251 dignum
2882 2183 3357 2246 esse,utmecum
3383 2178 3611 2237 habites
3628 2196 3834 2253 semper,

473 2286 662 2344 pauca
689 2268 865 2325 verba
894 2266 1040 2323 mihi
1071 2266 1347 2336 edissere,
1398 2264 1534 2337 quia
1585 2281 1701 2320 non
1758 2263 2023 2337 intelligo
2054 2265 2399 2337 quidquam,
2434 2268 2491 2321 et
2521 2282 2619 2322 cor
2677 2283 2876 2323 meum
2924 2269 3261 2325 obturatum
3293 2270 3409 2342 (37)
3441 2274 3531 2325 est
3559 2286 3592 2325 a
3633 2268 3836 2341 pristina

472 2356 908 2417 conversatione
940 2356 1081 2430 (38);
1117 2360 1176 2412 et
1206 2371 1445 2411 sensum
1480 2354 1625 2409 mihi
1657 2355 1836 2426 aperi,
1869 2354 2007 2425 quia
2033 2354 2410 2410 vehementer
2436 2355 2684 2412 obtusus
2712 2356 2825 2429 (39)
2858 2373 3013 2428 sum,
3049 2361 3106 2414 et
3134 2357 3195 2413 in
3233 2362 3425 2414 totum
3454 2358 3566 2431 (40)
3622 2357 3750 2414 nihil
3772 2357 3834 2412 in-

472 2448 697 2521 telligo.
731 2450 798 2502 Et
821 2446 1179 2518 respondens
1201 2445 1346 2500 dixit
1374 2444 1556 2499 mihi:
1594 2444 1708 2516 Ego
1739 2443 2084 2516 praepositus
2115 2460 2249 2499 sum
2298 2443 2666 2515 paenitentiae,
2700 2449 2756 2500 et
2800 2448 3074 2502 omnibus
3120 2448 3530 2519 paenitentiam
3578 2446 3835 2521 agentibus

482 2552 725 2597 sensum
756 2536 850 2591 do.
885 2539 1094 2589 Annon
1123 2533 1231 2588 tibi
1259 2533 1509 2601 videtur,
1540 2532 1945 2604 pmnitentiam
1978 2548 2166 2603 agere,
2201 2549 2476 2604 magnam
2526 2534 2875 2606 sapientiam
2907 2537 3020 2607 (41)
3049 2553 3214 2604 esse;
3245 2536 3527 2609 quoniam
3583 2536 3673 2607 qui
3698 2535 3833 2608 pinni-

483 2625 730 2683 tentiam
761 2623 899 2696 agit,
933 2638 1174 2678 sensum
1208 2637 1488 2693 magnum
1519 2619 1911 2691 adipiscitur?
1940 2620 2128 2675 Sentit
2153 2620 2308 2675 enim
2341 2638 2401 2676 se
2431 2638 2721 2693 peccasse,
2746 2628 2803 2678 et
2832 2624 3039 2679 fecisse
3070 2626 3336 2696 nequiter
3355 2625 3421 2680 in
3444 2624 3834 2696 conspectum)

488 2714 722 2773 Domini
757 2730 771 2780 ;
804 2717 860 2768 et
883 2711 1223 2767 recordatur
1246 2708 1546 2765 intellectu
1579 2710 1733 2781 quod
1781 2709 2044 2779 deliquit,
2077 2712 2133 2764 et
2157 2709 2557 2780 pienitentiam
2590 2710 2727 2783 agit,
2761 2716 2819 2767 et
2845 2712 2958 2785 (43)
3007 2712 3263 2785 amplius
3321 2729 3443 2768 non
3475 2716 3729 2784 operatur
3770 2726 3837 2766 ne-

492 2803 684 2877 quiter
716 2820 730 2868 ;
766 2802 867 2857 sed
898 2803 1170 2872 operatur
1198 2800 1365 2865 bene,
1396 2802 1452 2854 et
1481 2798 1757 2853 humiliat
1778 2800 2037 2854 animam
2068 2815 2233 2854 suam
2267 2803 2323 2853 et
2351 2803 2582 2871 torquet
2633 2815 2784 2866 eam,
2819 2801 2917 2872 qui
2951 2802 3228 2873 peccavit.
3287 2802 3470 2859 Vides
3526 2818 3675 2875 ergo,
3725 2798 3837 2871 quod

491 2890 833 2966 pcenitentia
864 2906 1074 2946 sensus
1105 2893 1194 2944 est
1223 2903 1493 2959 magnus.
1519 2888 1589 2943 Et
1618 2888 1734 2942 dixi
1756 2886 1840 2942 illi
1868 2908 1887 2942 ,ο
1922 2888 2162 2959 Propter
2190 2887 2319 2955 hoc,
2353 2887 2607 2957 domine,
2660 2886 2974 2961 diligenter
3019 2890 3253 2962 inquiro
3312 2891 3539 2959 omnia,
3597 2888 3837 2963 quoniam,

489 2985 758 3055 peccator
796 2995 928 3035 sum
955 2999 970 3047 ς
994 2983 1059 3035 ut
1089 2978 1271 3033 sciam
1303 2994 1430 3050 qua
1462 2993 1682 3049 operer,
1716 2980 1772 3032 et
1801 2976 1989 3033 vivam
2013 2976 2153 3049 (44):
2187 2976 2326 3048 quia
2354 2976 2543 3031 multa
2569 2981 2711 3032 sunt
2740 2983 2976 3050 peccata
3006 2995 3154 3035 mea.
3187 2981 3256 3035 Et
3296 2979 3448 3035 dixit
3479 2979 3654 3035 mihi:
3696 2977 3838 3045 Vives,

490 3070 541 3129 si
570 3069 691 3127 hinc
722 3069 1000 3125 mandata
1030 3083 1161 3123 mea
1191 3066 1537 3123 custodieris
1562 3083 1575 3122 :
1608 3070 1667 3123 et
1688 3065 2023 3138 quicunque
2053 3064 2303 3122 audierit
2333 3068 2388 3120 et
2414 3065 2611 3121 fecerit
2642 3067 2917 3123 mandata
2946 3067 3089 3136 haec,
3117 3068 3268 3125 vivet
3296 3069 3443 3125 Deo.

2014 3206 2242 3263 CAPUT
2263 3208 2363 3263 IIl.
2426 3264 2427 3267 η

555 3338 625 3393 Et
653 3336 770 3392 dixi
797 3335 922 3391 illi:
954 3335 1143 3391 Etiam
1185 3350 1364 3399 nunc,
1417 3332 1671 3399 domine,
1732 3331 1923 3388 audivi
1960 3348 1995 3386 a
2051 3331 2404 3403 quibusdam
2463 3332 2822 3403 doctoribus,
2856 3335 3010 3406 quod
3042 3334 3158 3391 alia
3211 3334 3559 3407 pcenitentia
3613 3348 3714 3389 non
3759 3334 3839 3397 est,

486 3426 602 3483 nisi
633 3425 755 3490 illa,
790 3442 924 3481 cum
964 3425 1023 3479 in
1057 3440 1271 3495 aquam
1317 3422 1727 3479 descendimus
1775 3426 1832 3476 et
1878 3421 1989 3493 (45)
2035 3421 2354 3493 accipimus
2407 3423 2810 3479 remissionem
2843 3429 3207 3496 peccatorum
3238 3428 3615 3481 nostrorum:
3646 3420 3838 3479 ulterius

483 3533 600 3573 non
650 3530 907 3588 peccare,
956 3514 1053 3569 sed
1086 3513 1146 3568 in
1179 3512 1444 3568 castitate
1500 3526 1859 3583 permanere.
1895 3511 1963 3564 Et
1990 3510 2072 3564 ait
2129 3510 2310 3566 mihi:
2372 3512 2544 3567 Recte
2592 3512 2829 3567 audisti.
2886 3513 3051 3568 Nunc
3111 3518 3327 3579 autem,
3390 3512 3532 3585 quia
3587 3511 3839 3583 diligenter

487 3604 686 3661 omnia
717 3602 929 3675 quaeris
962 3602 1093 3674 (46),
1127 3605 1183 3657 et
1210 3601 1319 3655 hoc
1349 3600 1456 3655 tibi
1488 3600 1823 3655 demonstro
1854 3618 1866 3667 ;
1900 3616 2014 3653 non
2044 3599 2190 3653 dans
2220 3600 2583 3656 occasionem
2617 3600 2732 3656 illis
2766 3601 2866 3672 qui
2899 3601 3173 3657 credituri
3195 3606 3353 3668 sunt,
3389 3607 3495 3657 aut
3514 3600 3612 3673 qui
3632 3600 3731 3671 (47)
3750 3612 3838 3652 cre-

487 3694 763 3750 diderunt
819 3691 1085 3748 Domino.
1118 3690 1222 3754 Qui
1283 3689 1440 3744 enim
1482 3690 1606 3760 jam
1665 3688 2038 3743 crediderunt
2089 3692 2191 3743 aut
2240 3688 2339 3760 qui
2396 3691 2675 3745 credituri
2735 3696 2893 3754 sunt,
2925 3690 3040 3760 (48)
3075 3691 3476 3761 pcnnitentiam
3527 3693 3837 3764 peccatorum

488 3800 603 3839 non
636 3782 871 3849 habent,
904 3781 1005 3836 sed
1040 3778 1469 3834 remissionem.
1502 3776 1622 3832 Illis
1647 3778 1759 3850 (49)
1790 3776 1945 3831 enim
1976 3776 2272 3847 quivocati
2306 3783 2446 3833 sunt
2476 3783 2610 3833 ante
2630 3778 2739 3834 hos
2760 3780 2905 3845 dies,
2932 3781 3126 3851 posuit
3146 3780 3432 3837 Dominus
3459 3777 3839 3852 paenitentiam;

489 3871 769 3942 quoniam
802 3868 1182 3941 cogitationes
1213 3867 1475 3922 omnium
1509 3865 1959 3937 praecordiorum
1992 3864 2149 3921 novit
2175 3865 2349 3933 Deus,
2381 3872 2438 3922 et
2466 3867 2576 3922 scit
2630 3868 3030 3923 inﬁrmitatem
3062 3868 3394 3937 hominum,
3426 3874 3485 3924 et
3515 3864 3841 3939 multiplicem

500 3958 831 4031 nequitiam
858 3956 1098 4024 diaboli,
1126 3972 1241 4026 qua
1286 3954 1523 4010 molitur
1546 3954 1658 4026 (50)
1712 3953 1933 4025 aliquid
1967 3954 2188 4009 sinistri
2241 3955 2423 4010 servis
2480 3956 2602 4023 Dei,
2635 3961 2691 4012 et
2723 3956 2979 4028 maligne
3010 3957 3323 4013 insidiatur
3378 3956 3521 4013 illis.
3571 3954 3841 4012 Μίδαι-ἱππ

493 4064 638 4120 ergo
671 4046 955 4103 Dominus
983 4045 1259 4100 misertus
1289 4048 1376 4098 est
1426 4043 1686 4115 ﬁgmenti
1735 4043 1826 4098 sui
1862 4042 1994 4113 (51),
2027 4047 2084 4098 et
2114 4044 2311 4115 posuit
2342 4044 2739 4115 paenitentiam
2796 4046 2994 4112 istam,
3027 4050 3085 4101 et
3139 4051 3492 4118 potestatem
3548 4040 3841 4118 paenitentia

491 4134 669 4206 hujus
700 4134 848 4190 mihi
875 4132 1055 4189 dedit.
1086 4132 1298 4187 Etideo
1330 4130 1458 4187 dico
1490 4130 1618 4201 tibi,
1643 4130 1798 4202 quod
1828 4135 1962 4202 post
1988 4131 2344 4187 vocationem
2402 4131 2564 4188 illam
2618 4149 2891 4205 magnam
2922 4138 2979 4190 et
3032 4139 3316 4207 sanctam,
3348 4135 3402 4190 si
3456 4133 3589 4206 quis
3640 4131 3843 4187 tentatus

489 4223 669 4280 fuerit
697 4239 731 4279 a
760 4221 1013 4291 diabolo,
1044 4224 1101 4277 et
1130 4219 1468 4292 peccaverit,
1507 4235 1686 4275 unam
1716 4218 2117 4291 pcenitentiam
2149 4219 2345 4276 habet.
2378 4220 2439 4277 Si
2471 4225 2668 4278 autem
2702 4223 2955 4280 subinde
2983 4228 3202 4296 peccet,
3230 4228 3290 4280 et
3310 4221 3706 4297 paenitentiam
3728 4234 3803 4291 agr
3816 4222 3844 4280 ἓν

564 4383 610 4419 7°
638 4379 845 4438 Matth.
874 4397 931 4448 ν,
1067 4396 1080 4449 ;
1109 4396 1226 4449 x1x,
1254 4379 1327 4447 9;
1360 4382 1534 4447 Marc,
1565 4394 1623 4449 x,
1655 4378 1717 4432 11
1754 4394 1769 4446 ;
1802 4377 1825 4433 Ῑ
1853 4379 1977 4435 Cor.
2012 4395 2111 4451 x11,
2145 4379 2233 4435 Η.

1663 4553 1903 4610 VARUE
1934 4548 2326 4607 LECTIONES
2371 4547 2456 4603 ET
2502 4548 2727 4605 NOTZE.

589 4682 681 4748 31)
713 4681 914 4737 Lamb.
947 4681 1088 4735 mihi
1115 4695 1293 4748 pauca
1317 4679 1482 4736 verba
1511 4680 1698 4736 dicere
1724 4679 1848 4734 tibi.
2316 4672 2428 4748 (42)
2455 4673 2621 4748 Bodl.
2647 4678 2774 4748 ante
2801 4679 3170 4744 conspectum.

711 4751 873 4809 Bodl.
902 4744 1216 4834 mulierem.
1452 4821 1463 4834 ι
1719 4820 1729 4831 .
2316 4744 2431 4885 (43)
2463 4746 2665 4801 Lamb.
2698 4747 2833 4832 add.
2856 4748 2996 4818 jam.
3239 4822 3249 4831 '

593 4826 661 4880 33
715 4825 818 4880 Ms.
852 4825 906 4878 S.
930 4824 1076 4879 Vict.
1096 4840 1263 4885 super
1289 4838 1367 4878 se.
1400 4821 1542 4878 Vide
1562 4838 1696 4877 mox
1716 4821 1887 4876 infra.
2344 4816 2433 4885 44)
2451 4818 2650 4872 Lamb.
2673 4820 2874 4885 quibus
2902 4834 3092 4885 aperer
3120 4822 3249 4875 utut

593 4816 682 4894 33)
715 4825 818 4880 Ms.
852 4825 906 4878 S.
930 4824 1076 4879 Vict.
1096 4840 1263 4894 super
1289 4838 1367 4878 se.
1400 4821 1542 4878 Vide
1562 4838 1696 4877 mox
1716 4820 1887 4876 infra.
2301 4816 2433 4894 (44)
2451 4818 2650 4872 Lamb.
2673 4816 2874 4894 quibus
2902 4834 3092 4890 aperer
3120 4822 3401 4894 uivivam.
3427 4818 3648 4875 Habent
3665 4825 3837 4889 quoque

594 4889 686 4965 34)
715 4895 875 4951 Bodl.
909 4894 1065 4950 illi...
1093 4889 1429 4965 coinquinat.
2250 4889 2313 4940 ut
2328 4889 2523 4965 χιξξιξαῖη
2552 4904 2698 4965 mss.
2725 4889 3017 4965 SLGerm.
3052 4894 3109 4945 et
3138 4890 3330 4947 Carm.

594 4961 682 5037 35)
710 4970 844 5021 Mss.
879 4966 1049 5031 Vict.,
1082 4961 1272 5022 Carm.
1297 4970 1353 5021 et
1380 4965 1582 5020 Lamb.
1613 4980 1777 5035 super
1804 4979 1895 5019 vos
1917 4976 2139 5017 manere
2322 4961 2437 5037 (ἰῷ)
2469 4961 2671 5037 Lamb.
2708 4961 3007 5037 addsjam.

501 5031 617 5094 sive
646 5031 761 5093 viro
790 5038 902 5092 sive
931 5037 1176 5092 mulieri.
1677 5031 1690 5035 ⁷
2325 5031 2439 5105 (4ξὶ)
2472 5031 2673 5105 Lamb.
2711 5033 2969 5105 inquiris.

596 5109 686 5180 36)
719 5109 921 5164 Lamb.
942 5109 1203 5173 sanandi,
1242 5106 1414 5163 dabit.
1554 5142 1561 5149 .
2326 5102 2422 5180 (41
2424 5109 2442 5180 λ
2474 5102 2671 5180 nam.
2709 5102 2854 5180 add.
2874 5103 3047 5180 modo.

567 4683 589 5037 ἓ

599 5170 687 5248 37)
719 5180 917 5235 Lamb.
948 5170 1292 5234 obduratum.

599 5252 688 5293 2m
720 5251 918 5293 [πηγὴ
953 5252 1083 5293 add,
1114 5266 1255 5293 mm.

2316 5170 2449 5259 “(48)
2478 5172 2747 5231 Clemens
2793 5174 2950 5230 Alex.
2984 5175 3027 5231 Ι.
3077 5190 3177 5257 0.:
3230 5174 3451 5252 Ἀφεσις
3496 5170 3668 5227 τοίνυν
3711 5170 3829 5293 ire;

2254 5264 2407 5293 τίων-
2464 5244 2738 5293 μετανοίας
2793 5242 3050 5293 διαιρέσει·
3107 5245 3273 5293 humu
3334 5242 3392 5293 δὲ
3438 5242 3660 5293 δείκνυσι
3700 5261 3725 5293 τ
3778 5251 3817 5293 i9

718 5251 920 5331 Lamb.
953 5252 1087 5331 add.
1114 5266 1259 5306 mea.

2254 5242 2738 5331 ῖιὶῖξγίμετανοίας
2793 5242 3050 5323 διαφέρει·
3107 5245 3273 5322 ἄμφω
3314 5242 3392 5300 ’δὲ
3438 5242 3660 5299 δείκνυσι
3700 5242 3816 5307 1H?

599 5320 688 5393 39)
720 5321 881 5377 Bodl.
914 5322 1115 5377 stulus.
2258 5320 2414 5389 ἡμῖν.
2896 5320 2905 5323 ⁷
2956 5320 2959 5321 ⁷
3203 5320 3209 5322 “
3684 5386 3695 5396 ⁸

602 5396 671 5449 40
722 5393 910 5449 Carm.
941 5394 1229 5448 intonitus.
2330 5389 2441 5460 (49)
2475 5386 2637 5443 Bodl.
2676 5387 2911 5444 Talibus.
2948 5388 3071 5444 Huc
3102 5388 3339 5461 respicit
3380 5386 3617 5446 Tertull.
3662 5385 3745 5441 Ιώ.
3778 5379 3822 5434 οε

603 5394 691 5537 4)
725 5465 925 5537 Lamb.
959 5465 1229 5533 sapientia
1258 5478 1484 5537 magna.
1518 5461 1927 5537 Recitat_hunc
1956 5460 2150 5537 locum
2255 5460 2531 5537 pudicitia
2560 5476 2685 5537 cap.
2722 5459 2821 5537 1οᾄ
2886 5531 2922 5537 __
2992 5534 3005 5537 _
3078 5532 3087 5537 _
3192 5531 3245 5537 ω
3342 5532 3380 5537 _
3418 5531 3450 5537 __
3622 5535 3627 5537 Α
3655 5532 3664 5537 _
3795 5517 3808 5537 ,

603 5459 691 5533 4‘)
725 5465 925 5520 Lamb.
959 5465 1229 5533 sapientia
1258 5478 1484 5530 magna.
1518 5461 1742 5516 Rccitat
1774 5461 1927 5517 hunc
1956 5460 2150 5533 locum
2255 5459 2531 5533 pudicitia
2560 5476 2685 5530 cap.
2722 5459 2807 5533 1οε

575 5255 595 5537 ἓ

509 5517 1224 5609 βιὲξῃέῐῖεἶᾷκκξέέρῳμ.
1259 5517 1378 5609 lib,"
1414 5551 1475 5600 ιι,
1522 5550 1650 5609 cap,
1698 5534 1788 5601 12,
1840 5550 1970 5609 pag,
2010 5531 2149 5585 458:
2255 5517 2443 5609 ‘__(59)
2477 5517 2761 5609 Lamb._et
2791 5531 2948 5609 Bodl.
2973 5531 3283 5609 facit.__Sic
3340 5531 3545 5609 Bellus.
3602 5532 3672 5609 at
3714 5517 3808 5609 apud

509 5607 567 5658 Ὀ
626 5603 682 5678 δὲ
740 5604 896 5667 αὐτὸς
944 5605 1031 5660 καὶ
1078 5599 1176 5673 ’ὶὴκᾶ
1233 5602 1510 5677 μετάνοιαν
1574 5599 1781 5657 advectu
1839 5599 1971 5657 ἐῖνᾶί
2024 5623 2104 5678 φη

2262 5599 2568 5678 Clericum,
2590 5602 2672 5678 ita
2692 5599 3027 5678 Lamb_._qua
3054 5603 3281 5658 molitur
3298 5603 3503 5676 aliquid
3524 5599 3749 5673 maligni.

517 5675 786 5753 μεγάλην.
1137 5672 1142 5673 ί
1234 5672 1243 5677 ’
2037 5672 2045 5678 ’

2037 5672 2045 5678 ’
2336 5674 2449 5746 (51)
2480 5672 2656 5730 Lamb
2688 5677 2745 5729 et
2769 5672 2939 5731 Bodl:
2955 5675 3213 5746 ﬁgmento
3235 5690 3351 5731 suo.
