4038 6210
303 383 417 447 921
1320 381 1654 445 PASTOR.
1684 413 1763 427 —
1792 381 1942 445 LIB.
1989 380 2068 457 ll,
2115 379 2570 446 MANDATUM
2612 381 2687 444 V.
3583 371 3703 436 923

302 530 420 572 non
450 512 710 587 proderit
732 512 959 571 homini
982 512 1119 569 talia
1139 512 1359 585 agenti;
1392 513 1631 571 difﬁcile
1654 513 1833 570 emim
1862 513 2018 572 vivet
2041 516 2177 570 Deo.
2202 513 2271 569 Et
2298 527 2404 586 ego
2426 513 2542 569 dixi
2568 529 2582 568 :
2612 512 2879 581 Domine,
2902 509 3101 577 revixi,
3124 506 3365 565 ubitam
3393 504 3704 577 diligenter

303 604 501 661 audivi
532 603 653 659 hanc
684 603 980 659 mandata.
1014 602 1138 658 Scio
1165 603 1343 671 enim,
1376 603 1427 658 si
1459 610 1660 674 postea
1690 602 1834 657 nihil
1866 603 1977 675 (52)
2012 604 2275 673 adjecero
2307 603 2556 674 peccatis
2584 601 2750 672 meis,
2783 600 2980 658 salvus
3032 615 3151 656 ero.
3184 599 3254 654 Et
3278 595 3460 652 dixit:
3492 592 3702 650 Salvus

305 691 447 761 eris,
476 691 717 764 inquam
742 710 758 761 ;
793 695 849 747 et
881 707 1084 748 omnes
1115 691 1451 764 quicunque
1480 691 1726 747 fecerint
1754 691 1876 748 haec
1905 692 2201 763 mandata,
2233 690 2375 747 salvi
2404 694 2595 747 erunt.

1836 834 2064 892 CAPUT
2104 834 2196 890 IV.

376 941 449 996 Et
477 940 690 997 iterum
722 940 839 995 dixi
869 940 994 997 illi:
1026 941 1292 1009 Domine,
1354 942 1632 1013 quoniam
1665 942 1955 1015 patienter
2013 958 2105 998 me
2135 942 2329 1008 audis,
2385 942 2560 997 etiam
2590 940 2699 996 hoc
2757 939 2900 995 mihi
2959 939 3315 994 demonstra.
3352 934 3470 1004 Dic,
3501 926 3714 1004 inquit.

306 1029 377 1086 Et
402 1029 519 1084 dixi
547 1046 560 1084 :
596 1029 655 1084 Si
684 1029 775 1084 vir
801 1028 890 1084 vel
922 1028 1134 1085 mulier
1163 1029 1415 1101 alicujus
1474 1031 1789 1087 decesserit
1819 1030 1955 1104 (53),
2017 1035 2075 1087 et
2122 1031 2390 1104 nupserit
2446 1030 2660 1100 aliquis
2707 1028 2939 1084 illorum
2967 1046 2980 1095 ;
3037 1026 3303 1097 nunquid
3335 1022 3581 1096 peccat?
3610 1019 3721 1085 Qui

300 1118 494 1187 nubit,
528 1135 644 1173 non
671 1122 891 1190 peccat,
924 1118 1153 1191 inquit;
1184 1121 1285 1175 sed
1318 1120 1366 1178 si
1399 1137 1502 1191 per
1531 1136 1593 1176 se
1628 1120 1928 1187 manserit,
1962 1136 2243 1193 magnum
2279 1118 2392 1176 sibi
2422 1118 2714 1190 conquirit
2744 1117 2855 1188 (54)
2888 1118 3164 1172 honorem
3196 1115 3350 1186 apud
3384 1110 3717 1167 Dominum.

303 1207 482 1265 Serva
511 1222 648 1280 ergo
706 1208 1040 1264 castitatem
1097 1214 1153 1264 et
1182 1208 1566 1281 pudicitiam;
1624 1213 1682 1265 et
1708 1209 1865 1265 vives
1895 1208 2030 1265 Deo.
2091 1210 2223 1265 Hec
2284 1226 2411 1280 quas
2465 1214 2660 1263 tecum
2711 1206 2919 1278 loquor
2974 1210 3032 1261 et
3060 1204 3273 1259 mando
3330 1201 3460 1270 tibi,
3488 1198 3719 1256 custodi

307 1295 599 1368 deinceps,
629 1313 698 1352 ex
727 1312 843 1369 quo
899 1296 1003 1353 tibi
1062 1297 1313 1354 traditus
1361 1314 1494 1353 sum
1528 1298 1661 1371 (55),
1696 1302 1753 1354 et
1808 1298 1868 1353 in
1902 1300 2075 1354 domo
2134 1302 2237 1354 tua
2290 1297 2526 1367 habito;
2583 1300 2639 1352 et
2668 1295 2960 1368 prioribus
3018 1293 3268 1366 peccatis
3314 1290 3433 1369 tuis
3488 1288 3598 1345 erit
3626 1304 3715 1344 re-

306 1384 533 1452 missio,
566 1386 617 1442 si
672 1385 793 1443 haec
849 1386 1129 1443 mandata
1186 1403 1316 1444 mea
1372 1387 1742 1444 custodieris.
1799 1387 1908 1444 Sed
1967 1390 2025 1444 et
2080 1386 2355 1444 omnibus
2410 1386 2522 1443 erit
2578 1384 2865 1454 remissio,
2926 1383 3027 1456 qui
3083 1382 3196 1455 (56)
3255 1379 3531 1439 mandata
3586 1393 3717 1434 mea

308 1474 714 1532 eustodierint.

1757 1582 2169 1641 MANDATUM
2206 1584 2274 1640 V.

1458 1690 1549 1753 De
1591 1692 1843 1753 tristitia
1886 1689 2104 1768 cordis,
2151 1702 2207 1754 et
2244 1693 2562 1774 patientia.

1857 1824 2091 1882 CAPUT
2130 1826 2175 1881 Ι.

386 1924 636 1982 Φύλασσε
676 1927 773 1996 τὴν
825 1923 1021 1997 ἅνειαν,
1072 1929 1161 1983 καὶ
1224 1926 1620 2004 μακροθυμίαν,
1660 1928 1751 1983 καὶ
1810 1928 1967 2004 γίνου

308 2016 550 2089 συνετὸς,
596 2017 686 2071 καὶ
751 2016 966 2072 πάντων
1017 2021 1124 2072 τῶν
1179 2022 1434 2094 πονηρῶν
1507 2013 1676 2094 ἔργων
1733 2039 1965 2074 κατακυ-

311 2104 567 2183 ριεῦσεις,
624 2105 715 2161 καὶ
774 2105 972 2184 ἐργάσῃ
1029 2112 1199 2161 πᾶσαν
1256 2104 1623 2178 δικαιοσύνην.
1686 2108 1808 2162 Ἐὰν
1866 2107 1967 2185 γὰρ

315 2194 672 2272 μακρόθυμος
720 2191 834 2270 ἔσῃ,
880 2197 943 2251 τὸ
994 2200 1214 2269 Πνεῦμα
1257 2195 1320 2250 τὸ
1372 2196 1519 2272 ἅγιον
1579 2201 1867 2251 κατοικοῦν
1915 2196 1967 2251 ἐν

314 2283 401 2339 σοὶ
465 2284 695 2357 καθαρὸν
764 2282 930 2358 ἔσται,
986 2285 1061 2358 μὴ
1128 2283 1488 2357 σκοτούμενον
1558 2284 1662 2339 ὑπὸ
1724 2288 1970 2360 πονηροῦ

314 2372 647 2446 πνεύματος,
702 2374 801 2447 μή·
864 2372 1158 2447 μιούμενον
1227 2372 1331 2428 ὐπὸ
1378 2376 1477 2443 τῆς
1529 2370 1840 2449 ὀξυχολίας.
1882 2375 1967 2431 Ἐν

317 2461 424 2537 γὰρ
480 2465 549 2535 τῇ
609 2461 958 2538 μακροθυμίᾳ
1014 2463 1042 2517 ὁ
1102 2462 1299 2539 Κύριος
1354 2468 1616 2533 κατοικεῖ,
1678 2462 1730 2517 ἐν
1787 2460 1845 2518 δὲ
1897 2466 1968 2538 τῇ

321 2549 588 2628 ὀξυχολίᾳ
626 2552 653 2606 ὁ
686 2548 963 2615 διάϐολος.

386 2997 695 3075 ’Δμφότερα
742 2994 833 3069 οὖν
884 2996 950 3051 τὰ
997 2997 1279 3071 πνεύματα
1345 2995 1657 3075 ἀσύμφορόν
1721 2995 1859 3051 ἐστιν
1910 2994 1962 3050 ἐν

305 3084 489 3157 ταύτῷ
535 3090 824 3141 κατοικεῖν.
859 3085 982 3140 Ἐὰν
1039 3087 1140 3161 γὰρ
1193 3080 1376 3140 λαϐὼν
1428 3084 1675 3159 ἀψινθίου
1746 3085 1962 3161 μικρὸν,

310 3173 390 3237 εἷς
445 3173 704 3249 κεράμιον
770 3172 992 3248 μέλιτος
1052 3173 1295 3250 ἐπιχέῃς,
1338 3174 1467 3250 οὐχὶ
1525 3172 1654 3230 ὅλον
1711 3172 1775 3230 τὸ
1836 3172 1961 3247 μὲλι

309 3261 658 3341 ἆφανίζεται;
699 3262 793 3319 καί
848 3268 1104 3319 τοσοῦτον
1168 3261 1295 3337 μέλι
1355 3263 1459 3319 ὑπὸ
1511 3268 1611 3320 τοῦ
1667 3261 1962 3339 ἐλαχίστου

311 3351 563 3428 ἀψινθίου
593 3351 903 3410 ἀπόλλυται
928 3370 943 3422 ;

382 3621 505 3676 Ἐὰν
555 3617 614 3675 δὲ
660 3617 738 3682 εἷς
777 3620 841 3674 τὸ
888 3618 1013 3693 μέλι
1064 3618 1125 3674 οὐ
1176 3620 1360 3695 βληθῇ
1401 3620 1464 3675 τὸ
1496 3618 1757 3694 ἀψίνθιον,
1784 3616 1961 3696 γλυκὺ

311 3709 611 3787 εὑρίσκεται
658 3709 720 3764 τὸ
767 3706 915 3782 μέλι,
963 3709 1055 3763 καὶ
1103 3706 1405 3785 εὔχρηστον
1471 3708 1683 3771 πάντως
1756 3709 1960 3783 γίνεται

308 3803 390 3871 τῷ
449 3795 697 3873 δεσπότῃ.
730 3795 910 3854 Βλεπε
966 3796 1078 3867 οὖν,
1125 3796 1206 3852 ὅτι
1266 3800 1300 3867 ἡ
1354 3796 1701 3873 μακροθυμία
1756 3796 1961 3872 γλυκυ-

305 3888 441 3958 τάτη
498 3885 638 3942 ἐστὶν
698 3887 828 3961 ὑπὲρ
877 3888 940 3942 τὸ
1002 3886 1148 3960 μὲλι,
1203 3886 1295 3941 καὶ
1354 3883 1660 3961 εὕχρηστός
1718 3884 1829 3940 ἐστι
1880 3890 1962 3959 τῷ

308 3975 516 4052 Κυρίῳ,
546 3976 637 4030 καὶ
692 3974 743 4029 ὲν
798 3974 935 4049 αὐτῇ
1004 3980 1268 4031 κατοικεῖ·
1327 3978 1363 4045 ἡ
1425 3975 1482 4031 δὲ
1542 3972 1810 4050 ὀξυχολία
1860 3975 1961 4044 τήν

311 4064 688 4141 μακροθυμίαν
726 4063 958 4138 μιαίνει.

2147 1931 2515 2004 Equanimis
2573 1933 2709 2005 (57),
2768 1932 2983 2005 inquit,
3045 1935 3191 2000 esto,
3246 1934 3305 1987 et
3360 1926 3725 2002 patiens;et

2079 2021 2346 2077 omnium
2377 2037 2620 2094 Operum
2671 2021 3170 2092 nequissimorum
3219 2018 3634 2085 dominaberis,
3667 2020 3725 2073 et

2079 2110 2417 2182 operaberis
2449 2127 2681 2166 omnem
2707 2111 3024 2183 justitiam.
3058 2109 3220 2176 Quod
3262 2109 3310 2165 si
3343 2108 3569 2181 patiens
3600 2107 3723 2162 fue-

2081 2198 2183 2268 ris,
2220 2199 2473 2272 Spiritus
2531 2205 2768 2256 sanctus
2825 2200 2923 2273 qui
2982 2199 3211 2255 habitat
3240 2198 3298 2253 in
3355 2202 3430 2265 te,
3466 2196 3724 2252 mundus

2081 2288 2210 2361 erit,
2243 2292 2299 2345 et
2343 2306 2460 2345 non
2518 2289 2928 2345 obscurabitur
2986 2289 3058 2345 ab
3121 2287 3316 2359 aliquo
3359 2284 3722 2357 nequissimo

2080 2377 2289 2450 spiritu
2321 2396 2333 2446 ;
2368 2379 2467 2435 sed
2500 2379 2764 2451 gaudens
2796 2378 3135 2435 dilatabitur
3164 2373 3277 2449 (58)
3306 2379 3363 2431 et
3390 2373 3726 2447 epulabitur

2079 2465 2140 2522 in
2171 2483 2305 2522 vase
2336 2468 2395 2522 in
2427 2484 2542 2540 quo
2574 2468 2862 2523 inhabitat
2890 2468 3027 2539 (59),
3057 2471 3115 2523 et
3139 2464 3442 2538 apparebit
3472 2462 3719 2519 Domino

2078 2555 2283 2611 hilaris
2316 2556 2372 2611 in
2408 2573 2548 2629 pace
2596 2573 2828 2629 magna.
2884 2557 3045 2621 Quod
3095 2556 3144 2611 si
3192 2552 3495 2610 iracundia
3522 2551 3721 2624 aliqua

2079 2645 2499 2716 supervenerit,
2532 2645 2808 2701 continuo
2854 2645 3106 2718 Spiritus
3156 2648 3396 2700 sanctus
3444 2641 3544 2713 qui
3573 2641 3633 2695 in
3664 2644 3721 2696 te

2078 2745 2167 2789 est
2195 2733 2650 2805 angustiabitur,
2682 2740 2740 2790 et
2770 2740 2990 2806 quaeret
3028 2733 3342 2789 discedere.
3393 2729 3723 2787 Suii'ocatur

2078 2823 2234 2879 enim
2265 2839 2297 2879 a
2328 2823 2537 2895 spiritu
2558 2824 2669 2897 (60)
2694 2824 3079 2896 nequissimo,
3106 2828 3163 2879 et
3186 2839 3299 2878 non
3329 2822 3506 2877 habet
3526 2821 3719 2876 locum

2078 2912 2397 2985 apparendi
2423 2912 2557 2985 (6i),
2592 2914 2747 2969 sicut
2775 2914 2897 2969 vult
2924 2929 2937 2968 :
2972 2912 3287 2969 tribulatur
3314 2912 3471 2967 enim
3503 2910 3575 2967 ab
3607 2910 3723 2966 ira-

2080 3001 2313 3057 cundia.
2346 3003 2583 3074 Utrique
2629 3018 2765 3075 ergo
2825 3003 3067 3075 spiritus
3114 3018 3249 3058 cum
3308 3000 3525 3073 pariter
3551 2998 3723 3054 inha-

2076 3090 2292 3156 bitant,
2350 3091 2743 3163 perniciosum
2799 3096 2888 3147 est
2940 3091 3188 3148 homini.
3251 3090 3311 3146 Si
3370 3089 3504 3161 quis
3561 3087 3719 3144 enim

2077 3184 2342 3236 assumat
2362 3180 2641 3235 absinthii
2668 3181 2973 3252 pusillum,
2996 3186 3053 3237 et
3074 3182 3266 3236 mittat
3291 3179 3350 3235 in
3374 3178 3719 3251 amphoram

2076 3268 2288 3337 mellis,
2311 3285 2506 3324 nonne
2526 3274 2713 3325 totum
2737 3269 2851 3325 mel
2869 3268 3392 3326 exterminabitur?
3411 3272 3469 3323 et
3487 3271 3722 3323 tantum

2072 3356 2263 3413 mellis
2295 3374 2331 3413 a
2362 3358 2590 3413 modico
2640 3358 2934 3415 absinthio
2983 3359 3245 3432 disperit,
3275 3362 3333 3414 et
3374 3355 3563 3429 perdit
3590 3354 3722 3411 dul-

2072 3446 2339 3502 cedinem
2371 3445 2609 3512 mellis;
2640 3451 2697 3502 et
2742 3448 2867 3518 jam
2898 3464 3011 3504 non
3071 3447 3180 3520 (62)
3237 3446 3415 3503 habet
3466 3445 3719 3518 gratiam

2072 3535 2227 3607 apud
2257 3535 2558 3591 dominum
2616 3552 2813 3608 suum,
2873 3537 3153 3608 quoniam
3210 3540 3398 3592 totum
3447 3533 3563 3590 mel
3600 3532 3716 3606 (63)

2072 3639 2340 3679 amarum
2374 3624 2594 3680 factum
2625 3629 2713 3680 est
2763 3629 2820 3680 et
2849 3642 3022 3681 usum
3081 3625 3352 3695 perdidit.
3411 3624 3522 3680 Sed
3571 3622 3622 3677 si
3651 3621 3714 3677 in

2071 3710 2185 3769 mel
2219 3730 2332 3769 non
2390 3713 2663 3770 mittatur
2720 3714 3103 3781 absinthium,
3157 3712 3326 3769 dulce
3383 3712 3511 3779 erit,
3563 3711 3713 3767 etin

2070 3819 2180 3857 usu
2214 3802 2324 3875 (64)
2356 3803 2593 3858 domino
2624 3820 2751 3859 suo.
2800 3803 2945 3859 Vide
2975 3804 3151 3870 enim,
3197 3819 3375 3874 quam
3409 3801 3485 3857 sit
3513 3817 3713 3873 aequa-

2070 3890 2307 3946 nimitas
2340 3893 2455 3963 (65)
2486 3892 2713 3948 dulcior
2766 3892 2973 3961 melle;
3032 3897 3091 3949 et
3119 3892 3282 3948 utilis
3336 3892 3445 3947 erit
3469 3890 3715 3947 Domino

2068 3980 2171 4051 qui
2201 3979 2260 4034 in
2292 3980 2423 4052 ipsa
2472 3987 2909 4049 commoratur;
2968 3998 3106 4037 nam
3138 3981 3441 4036 iracundia
3487 3977 3716 4034 inutilis

2066 4073 2174 4125 est.
2208 4069 2268 4124 Si
2298 4084 2435 4142 ergo
2467 4071 2643 4126 mista
2694 4070 2867 4126 fuerit
2918 4070 3224 4126 iracundia
3270 4068 3717 4141 aquanimitati,

2066 4157 2503 4215 contribulatur
2551 4160 2787 4217 aminus
2836 4161 2968 4233 (66),
3029 4164 3232 4217 etnon
3290 4164 3380 4216 est
3406 4157 3569 4215 utilis
3598 4157 3714 4216 Deo

2069 4245 2253 4303 oratio
2284 4246 2463 4304 illius.

1472 4385 1718 4444 VARle
1756 4387 2149 4447 LEGTIONES
2188 4391 2280 4448 ET
2318 4392 2552 4450 NOTIE.

380 4494 497 4568 (52)
525 4493 719 4551 Carm.
776 4493 828 4550 si
875 4494 1050 4564 fecero
1107 4508 1201 4563 ea,
1256 4496 1311 4551 et
1364 4492 1532 4549 nihil.
1592 4494 1725 4555 Mox
1766 4494 1958 4553 Fellus

315 4566 504 4624 omitt.
530 4568 782 4637 inquam.

387 4638 501 4708 (53)
529 4635 692 4694 Bodl.
720 4651 863 4693 uxor
889 4639 989 4691 aut
1018 4636 1103 4708 air
1131 4636 1420 4692 decesserit
1446 4635 1641 4693 alicui.

406 4708 498 4781 54)
528 4708 689 4781 Bodl.
721 4709 980 4781 acquirit.
1014 4707 1216 4781 Lamb.
1247 4709 1402 4779 facit.

404 4779 498 4848 55)
530 4780 732 4837 Lamb.
762 4779 907 4836 mihi
936 4780 1180 4835 traditus
1207 4795 1284 4848 es,
1314 4787 1385 4834 et.

404 4849 495 4908 56)
527 4852 733 4908 Lamb.
768 4852 900 4906 add.
935 4850 1073 4907 hac.
1106 4851 1199 4907 Sic
1229 4856 1285 4907 et
1313 4849 1528 4905 Fellus.

402 4920 493 4994 57)
554 4924 756 4979 Lamb.
814 4924 1230 4994 AniquuusL
1263 4922 1460 4978 Graca
1520 4920 1831 4994 desumpta
1888 4937 1957 4979 ex

309 4993 489 5052 Doctr.
523 4995 597 5050 ad
626 4994 875 5050 Antioch.
910 5010 1075 5049 num.
1100 4996 1154 5049 5.
1191 4993 1298 5049 Ubi
1328 5011 1458 5049 vero
1489 5008 1558 5047 ex
1592 4993 1956 5050 edithont-

310 5069 463 5125 faue.
522 5065 827 5123 occurrit'
888 5063 1205 5137 μιούμενον,
1240 5066 1385 5121 forte
1444 5066 1552 5191 [6%.
1596 5062 1951 5191 (μειούμενον,

310 5139 397 5191 vel
433 5136 803 5191 μιαινόμενον.
835 5136 1014 5191 Paulo
1046 5140 1179 5191 Dost
1209 5153 1388 5191 sane:
1438 5137 1473 5191 ἢ
1537 5134 1564 5188 ὲ
1629 5138 1762 5191 ἔυγο
1810 5134 1904 5191 ία..
1938 5179 1951 5191 .

306 5139 397 5197 vel
419 5136 803 5211 μιαινόμενον,
835 5134 1388 5211 Ρᾲυιοροειεξωοε
1438 5137 1479 5211 ἡΔ
1502 5134 1564 5191 δὲ
1596 5134 1904 5211 ὀξυχολία..
1936 5134 1954 5194 ζ

312 5208 534 5285 μιαίνει.
566 5208 748 5285 Sicet
774 5208 1143 5285 Antiochus,
1166 5209 1260 5285 qui
1285 5280 1297 5285 _
1316 5208 1803 5285 pauciaexceptis
1832 5209 1954 5267 hac

307 5278 511 5341 eadem
541 5281 775 5337 exhibet
805 5278 1012 5335 homil.
1046 5280 1171 5343 110,
1206 5278 1382 5335 habet
1416 5278 1702 5351 μιαίνεταιξ

402 5355 493 5425 58)
525 5352 616 5410 Al.
669 5353 877 5425 laetitia
908 5351 1240 5425 exsultabit.
1274 5351 1437 5425 Bodl.
1497 5368 1599 5425 pro
1628 5352 1955 5425 dilatabitur

310 5422 488 5483 habet
516 5426 757 5493 spatiosa
784 5422 1016 5478 habitat.
1058 5423 1255 5478 Lamb.
1286 5422 1517 5493 spatiose
1548 5423 1723 5479 habet.

382 5498 495 5569 (59)
530 5493 731 5552 Lamb.
765 5510 891 5549 cum
935 5510 1091 5564 vase,
1116 5511 1265 5569 Acum
1297 5511 1398 5565 quo
1447 5493 1677 5569 habitat.
1710 5494 1955 5552 Exhibet

312 5564 547 5641 quoque
574 5584 699 5624 cum
751 5582 876 5622 vase
935 5582 1047 5622 ms.
1107 5564 1319 5622 Garm.’
1348 5570 1406 5621 et
1454 5566 1777 5622 Antiochus
1817 5583 1954 5625 mox

312 5640 497 5783 ιηίέἓθὸ)
525 5708 622 5766 sic
648 5724 792 5765 ωε.
835 5709 1023 5764 Cum.
1055 5711 1113 5765 et
1158 5708 1359 5764 Lamb.
1408 5707 1505 5765 Sic
1533 5712 1590 5765 et
1636 5707 1777 5766 Falli
1806 5709 1946 5781 edit,

2064 4496 2154 4569 Al.
2174 4503 2428 4569 aspectu.

2135 4568 2250 4712 (61)
2283 4569 2476 4626 Fellus
2508 4571 2642 4627 add.
2676 4572 2935 4628 Domino.

2159 4640 2249 4712 62)
2281 4641 2390 4697 Ms.
2424 4644 2612 4699 Carm.
2645 4644 2776 4709 mel,
2807 4648 2858 4699 et
2886 4661 2935 4698 ηε

2159 4640 2228 4694 62
2281 4641 2390 4697 Ms.
2424 4644 2612 4699 Carm.
2645 4644 2776 4709 mel,
2807 4648 2858 4699 et
2886 4661 3021 4700 non.

2159 4641 2249 4784 63)
2281 4712 2453 4768 Deest
2479 4714 2589 4769 met
2620 4731 2761 4771 mss.
2798 4716 2985 4771 Carm.

2137 4710 2249 4781 (63)
2281 4712 2453 4768 Deest
2479 4714 2589 4769 met
2620 4731 2761 4771 mss.
2798 4716 2985 4771 Carm.
3021 4718 3077 4772 et
3108 4716 3309 4771 Lamb.
3339 4713 3469 4770 Mox
3492 4710 3706 4781 Fellus,

2062 4797 2226 4838 usum
2252 4799 2435 4839 suum.

2157 4854 2248 4923 64)
2280 4856 2480 4911 Lamb.
2514 4873 2694 4912 usum.

2157 4926 2248 4997 65)
2280 4926 2439 5001 Bodl.
2488 4933 2544 4982 et
2601 4929 2798 4984 Lamb.
2856 4929 3265 5001 animeequilas,
3302 4934 3364 4986 ut
3419 4932 3476 4985 et
3530 4926 3702 4983 infra.

2066 4996 2638 5073 Yict.'animaf3quitas
2693 5001 3018 5056 dulcissima
3072 4996 3147 5056 est
3198 4996 3326 5073 plus
3382 5001 3704 5073 quamfaet.

2063 5066 2201 5132 Quae
2231 5085 2373 5144 sane
2429 5066 2602 5127 lectio
2658 5078 2853 5127 Graeco
2913 5066 3494 5144 pressius'inhzeret.
3541 5071 3708 5144 Hunc

2063 5145 2259 5195 autem
2292 5140 2486 5196 locum
2539 5144 2817 5199 describit
2847 5140 2931 5199 et'
2961 5143 3219 5200 illustrat
3249 5146 3512 5201 Clemens
3540 5142 3703 5211 Alex,

2063 5227 2379 5286 suppresso
2436 5212 2658 5268 Hermae
2717 5215 2972 5280 nomine,
3032 5216 3090 5270 in
3163 5218 3342 5286 Eclog.
3402 5234 3475 5271 ea:
3508 5216 3704 5286 script.

2056 5283 2305 5360 ρηοριιρι.
2338 5300 2466 5360 cap.
2517 5287 2615 5360 (.5.
2662 5302 2793 5360 pag.
2840 5288 2998 5360 4000,
3044 5288 3145 5360 ubi
3196 5283 3319 5360 sic':
3350 5291 3409 5360 in
3444 5285 3707 5360 μακροθυ-

2065 5351 2171 5425 μία
2191 5351 2468 5427 γλυκύτης
2514 5351 2675 5410 ἐστὶν”
2704 5351 2833 5447 invise
2880 5357 2942 5411 τὸ
2988 5351 3138 5429 μέλι·
3195 5359 3302 5435 οὐχ
3348 5351 3564 5413 ὅτι’ὲπὶ’
3646 5375 3703 5410 α-

2065 5423 2350 5482 κροθυμία.
2384 5422 2529 5480 ἀλλὰ
2584 5428 2718 5481 κατὰ
2770 5448 2861 5482 τον
2892 5429 3095 5482 καοπὸν
3144 5435 3245 5482 τῆς
3308 5376 3701 5482 μακροθυμίας.

2062 5422 2350 5497 κροθυμίᾳ,
2384 5422 2529 5480 ἀλλὰ
2584 5428 2718 5481 κατὰ
2770 5422 2861 5483 τὸν
2892 5422 3095 5503 καρπὸν
3144 5422 3701 5504 τῆςημακροθυμίας,

2063 5497 2367 5579 [dgpehme
2388 5500 2675 5579 detexisse
2706 5504 2997 5579 profiteor,
3021 5507 3313 5574 praeeunte
3333 5502 3413 5559 Cl.
3440 5501 3701 5558 Fabricio

2058 5568 2326 5643 Bibt.__Gr.
2358 5570 2468 5643 vol.
2498 5570 2565 5638 V,
2600 5568 2729 5643 pag}
2764 5576 2884 5630 108.

2130 5640 2244 5713 (66)
2280 5641 2482 5698 Lamb.
2514 5640 2727 5698 animi.
