4038 6210
3368 10 3970 125 τ-

391 338 508 402 923
1245 369 1252 380 ·
1878 347 1944 409 S.
1991 346 2293 409 ΗΕΒΜᾸΞ
3648 351 3756 411 921

1697 500 2057 567 ΑΝτιοοΗυε,
2087 498 2317 553 homilia
2349 496 2468 552 110.

465 598 630 667 Quod
674 599 726 654 si
770 600 892 671 quis
936 603 1150 671 patiens
1192 604 1385 674 fuerit,
1442 604 1681 676 Spiritus
1726 608 1942 660 sanctus
1970 604 2060 673 in

2217 604 2336 657 Ἐάν
2394 603 2495 678 γάρ
2541 622 2627 664 τις
2673 600 3024 675 μακρόθυμος
3072 602 3315 676 γένηται,
3346 602 3408 657 τὸ
3455 606 3663 676 Πνεῦμα
3701 604 3753 660 τὸ

390 701 451 742 eo
480 685 690 743 habitat
718 688 973 758 mundus,
1007 700 1058 745 et
1086 707 1197 747 non
1216 693 1543 748 obscuratur
1566 694 1630 748 ab
1652 695 1762 749 alio
1786 710 1985 764 nequm

2161 694 2286 769 ίγιον
2337 696 2579 747 κατοικεῖ
2626 689 2676 745 ἐν
2727 690 2871 762 αύτῷ
2919 691 3176 767 καθαρὸν,
3212 695 3287 763 μή
3336 690 3756 763 ἐπισκοτούμενον

390 779 591 847 spiritu
611 794 632 839 ;
661 779 754 833 sed
782 780 841 833 in
872 778 979 836 lato
1036 781 1147 837 loco
1178 782 1454 849 habitans,
1505 783 1728 839 laetatur
1752 799 1876 838 cum
1906 800 1985 837 va:

2159 782 2242 836 mo
2292 780 2475 856 ἑτέρου
2524 783 2768 855 πονηροῦ
2810 778 3139 852 πνεύματος·
3187 777 3313 835 ἀλλ’
3368 780 3418 834 ἐν
3479 781 3754 856 εὐρυχώρῳ

389 868 449 920 in
477 882 579 937 quo
611 866 902 930 inhabitat.
934 874 989 923 et
1029 875 1255 941 apparet
1307 869 1422 943 [seu
1472 872 1770 942 ministrat]
1802 872 1984 926 Domin

2159 873 2419 924 ιατοικοῦν
2467 867 2799 946 εὐφραίνεται
2855 869 2987 941 μετὰ
3033 872 3129 923 τοῦ
3195 868 3413 931 σκεύους
3478 869 3540 922 οὗ
3593 890 3754 923 κατοι-

387 957 447 1009 in
478 954 757 1011 hilaritate
804 974 1031 1027 magna.
1083 959 1231 1026 Quod
1279 961 1327 1011 si
1374 960 1662 1014 iracundia
1709 961 1894 1031 aliqua
1936 976 1982 1013 δι

2157 964 2239 1023 ιεῖ,
2269 958 2357 1011 καὶ
2410 956 2717 1032 λειτουργεῖ
2764 961 2844 1029 τῷ
2892 957 3071 1032 Κυρίῳ
3124 956 3175 1011 έν
3224 956 3507 1032 ἱλαρότητι
3564 956 3752 1028 πολλῆ.

379 1046 714 1115 pervenerit,
770 1049 1027 1102 continuo
1093 1047 1332 1119 Spiritus
1404 1054 1622 1103 sanctus
1678 1052 1970 1119 angustata

2159 1047 2258 1103 Εὰν
2294 1043 2347 1100 δέ
2403 1067 2487 1107 τις
2539 1042 2804 1119 ὀξυχολία
2852 1044 3069 1119 ἐπέλθῃ,
3103 1043 3299 1108 εὐθέως
3342 1046 3405 1099 τὸ
3453 1050 3663 1118 Πνεῦμα
3702 1047 3754 1101 τὸ

381 1148 492 1189 non
557 1134 757 1189 habens
808 1136 986 1191 locum
1039 1138 1329 1206 mundum,
1365 1142 1415 1192 et
1462 1140 1655 1208 qumrit
1705 1137 1976 1192 discedere

2159 1136 2290 1209 ἱγιον
2347 1140 2789 1211 πενοχωρεῖται,
2851 1135 2926 1205 μὴ
2976 1132 3103 1209 ἔχον
3159 1134 3324 1189 τόπον
3375 1135 3626 1209 καθαρὸν,
3679 1136 3754 1190 xui

274 1234 275 1241 ‘
388 1223 515 1292 quia
560 1239 674 1278 non
703 1223 865 1278 habet
907 1226 1084 1280 locum
1138 1227 1440 1297 apparendi
1478 1228 1563 1297 [ac
1589 1228 1869 1283 serviendi

2161 1230 2290 1295 ζητεῖ
2320 1225 2635 1292 ἀποστῆναι,
2671 1220 2760 1277 διὰ
2786 1223 2848 1278 τὸ
2892 1225 2967 1295 μή
3030 1220 3175 1298 ἔχειν
3230 1224 3397 1278 τόπον
3460 1222 3756 1299 λειτουργῆ·

390 1314 559 1381 mino,
590 1313 731 1367 sicut
760 1313 890 1368 vult.
924 1314 1063 1368 Deus
1091 1316 1238 1369 enim
1268 1317 1329 1369 in
1355 1316 1637 1386 patientia
1682 1316 1931 1382 habitat;
1963 1316 1985 1370 i

2161 1334 2219 1367 ἀι
2251 1317 2329 1383 τῷ
2359 1313 2540 1385 Κυρίῳ
2568 1313 2745 1373 καθὼς
2791 1311 3065 1387 βούλεται.
3100 1314 3183 1366 Ἐν
3234 1312 3338 1386 γὰρ
3385 1315 3454 1385 τῇ
3516 1324 3756 1387 μακροθυ-

388 1400 679 1455 iracundia
710 1418 832 1457 vero
862 1402 1129 1458 diabolus.
1193 1405 1414 1475 Utrique
1467 1421 1598 1475 ergo
1628 1406 1864 1475 spiritus
1902 1420 1983 1459 cut

2157 1401 2235 1473 ιίᾳ
2291 1402 2318 1456 ὁ
2377 1401 2571 1477 Κύριος
2626 1406 2884 1455 κατοικεῖ·
2946 1399 2995 1455 έν
3058 1398 3115 1455 δὲ
3167 1405 3237 1474 τῇ
3285 1398 3752 1476 ὀξυχολίᾳ,ὁδιά-

385 1491 598 1559 pariter
627 1491 955 1556 inhabitant,
1010 1493 1378 1563 perniciosum
1434 1502 1510 1549 est
1554 1510 1619 1549 ac
1673 1494 1883 1548 malum
1931 1493 1980 1549 hi

2160 1485 2325 1553 ἷολος.
2389 1489 2699 1568 Ἀμφότερα
2757 1488 2847 1545 οὖν
2913 1490 2981 1544 τά
3033 1488 3315 1563 πνεύματα
3372 1488 3461 1544 ἐπὶ
3514 1489 3576 1544 τὸ
3644 1488 3755 1545 αὐτὸ

386 1580 547 1647 mini,
581 1579 639 1633 in
669 1596 772 1649 quo
804 1582 961 1635 ambo
1016 1580 1288 1638 habitant.
1333 1581 1394 1637 Si
1447 1585 1591 1637 enim
1650 1599 1901 1638 assumas
1929 1582 1981 1637 al

2159 1583 2507 1647 ιατοικοῦντα,
2550 1577 2862 1656 ἀσύμφορόν
2908 1578 3019 1633 ἐστὶ
3081 1576 3171 1632 καὶ
3233 1578 3474 1651 πονηρὸν
3540 1576 3618 1650 τῷ
3680 1576 3754 1631 ἆν-

384 1669 582 1723 sinthii
634 1669 918 1738 pusillum,
974 1678 1024 1725 et
1078 1673 1264 1725 mittas
1320 1672 1382 1726 in
1436 1673 1759 1744 amphoram
1813 1672 1979 1727 melli.

2157 1668 2358 1743 Ipcbmp,
2393 1667 2454 1722 οὗ
2511 1672 2852 1722 κατοικοῦσιν
2909 1666 3209 1745 ἀμφότερα.
3252 1667 3375 1722 Ἐάν
3433 1667 3536 1743 γὰρ
3592 1661 3752 1722 λαϐὼν

384 1772 565 1812 nonne
590 1761 763 1812 totum
807 1760 917 1813 mel
961 1760 1461 1815 exterminabitur?
1512 1769 1561 1816 et
1587 1765 1807 1815 tantum
1844 1761 1973 1816 mell

2158 1756 2377 1830 ιψίνθιον
2412 1757 2602 1832 μικρὸν
2657 1755 2733 1818 εἷς
2781 1757 3039 1832 κεράμιον
3094 1753 3317 1829 μέλιτος
3372 1754 3613 1831 ἐπιχέῃς,
3644 1754 3753 1831 οὖχῖ

386 1862 421 1899 ιι
449 1844 656 1901 modico
701 1847 975 1903 absinthio
1032 1848 1308 1918 disperit?
1364 1849 1551 1905 Perdit
1586 1852 1737 1904 enim
1783 1848 1981 1905 dulced;

2161 1844 2262 1900 ’λον
2290 1846 2351 1900 τὸ
2386 1845 2512 1919 μέλι
2543 1844 2889 1923 ἀφανίζεται;
2922 1844 3013 1899 καὶ
3038 1850 3295 1900 τοσοῦτον
3331 1842 3461 1917 μέλι
3511 1844 3610 1898 ὑπὸ
3654 1843 3756 1899 έλα-

385 1949 530 2002 nem,
562 1936 615 1989 et
669 1951 921 1990 amarum
966 1938 1064 2006 ﬁt;
1113 1940 1167 1991 et
1214 1954 1327 1993 non
1382 1939 1547 1993 habet
1600 1940 1838 2005 gratiam
1879 1956 1980 2009 apu

389 2023 664 2048 J-....'..-....
703 2041 854 2048 --.μμ
929 2027 1180 2048 κ-.---.·...---
1217 2043 1458 2048 _-__._-__.---
1515 2028 1713 2048 1|.__.__.-_
1756 2037 1821 2048 --ι
1879 2028 1971 2048 ":1

2161 1935 2325 2011 [ίστου
2367 1934 2615 2009 ἀψινθίου
2648 1933 2990 2003 ἆπόλλυται;
3024 1932 3297 1989 ἀπόλλυσι
3344 1935 3479 2041 γάρ’,
3497 1934 3595 2003 τήν
3636 1931 3756 2007 γλυ-

383 2023 665 2078 dominum
696 2041 877 2093 suum,
922 2027 1183 2095 quoniam
1208 2043 1464 2081 amarum
1508 2028 1721 2101 factum
1744 2037 1837 2083 est.
1879 2028 1978 2082 Vidi

2161 2023 2356 2094 ύτητα,
2414 2023 2502 2078 καὶ
2559 2023 2751 2095 πικρὸν
2825 2023 3050 2097 γίνεται·
3112 2022 3201 2077 καὶ
3278 2021 3377 2076 οὐκ
3452 2020 3565 2096 ἔχει
3619 2024 3756 2097 χάριν

383 2112 523 2182 quod
592 2115 990 2185 aequanimitas
1059 2114 1284 2170 dulcior
1358 2118 1436 2171 sit
1509 2118 1688 2185 melle,
1764 2121 1815 2173 et
1872 2117 1976 2172 utit

2158 2115 2279 2189 ταρὰ
2331 2117 2429 2168 τοῦ
2486 2110 2748 2167 δεσπότου
2806 2111 2993 2180 αὐτοῦ,
3024 2111 3107 2166 ὅτι
3160 2110 3483 2187 ἐπικράνθη.
3535 2110 3753 2183 Βλέπεις,

384 2202 609 2257 Domino
631 2219 650 2257 ε
682 2211 737 2257 at
790 2203 1101 2269 iracundia,
1156 2208 1209 2259 et
1265 2221 1454 2259 amara
1484 2212 1538 2260 et
1589 2206 1806 2260 inutilis
1835 2215 1933 2261 est.
1967 2208 1979 2258 ἐ

2156 2201 2284 2273 ἶτιή
2348 2200 2697 2279 μακροθυμία
2751 2199 3059 2277 γλυκυτάτη
3122 2198 3261 2255 ἐστὶν
3321 2200 3458 2276 ὑπὲρ
3510 2201 3570 2254 τὸ
3627 2199 3751 2272 μέλι,

379 2302 504 2358 ergo
534 2290 697 2344 mista
725 2291 897 2361 fuerit
942 2292 1236 2346 iracundia
1284 2294 1707 2363 sequanimitati,
1755 2294 1974 2364 polluit:

2157 2291 2223 2346 tui
2309 2290 2628 2366 εὐχάριστος
2692 2291 2805 2362 (67)
2862 2294 2940 2361 τῷ
3017 2290 3222 2365 Κυρίῳ·
3281 2291 3316 2358 ἡ
3377 2286 3440 2344 δὲ
3498 2287 3752 2364 ὀξυχολία,

383 2378 794 2450 έεᾳιιιιὴὶτηίταδ,
827 2385 884 2435 et
912 2396 1024 2437 non
1053 2389 1130 2437 est
1158 2382 1312 2437 utilis
1339 2382 1447 2439 Deo
1476 2384 1649 2439 oratio
1681 2383 1851 2440 illius.

2157 2380 2226 2435 tui
2277 2379 2444 2455 πικρά
2499 2378 2589 2433 καὶ
2645 2376 2919 2453 ἄχρηστός
2986 2377 3149 2435 ἐστιν·
3209 2378 3330 2433 Ἐὰν
3388 2375 3486 2432 οὖν
3550 2376 3676 2451 μιγῇ
3724 2379 3752 2446 ἡ

2141 2468 2404 2545 ὀξυχολία
2446 2468 2537 2523 καὶ
2567 2470 2601 2537 ἡ
2639 2465 3006 2541 μακροθυμία,
3043 2466 3309 2541 μιαίνεται
3342 2469 3377 2537 ἡ
3419 2466 3753 2541 μακροθυμία,

2136 2558 2226 2613 καὶ
2285 2557 2384 2612 οὐκ
2433 2554 2572 2611 ἔστιν
2631 2552 2928 2630 εὔχρηστος
2957 2556 3037 2628 τῷ
3093 2560 3209 2628 Θεῷ
3239 2558 3274 2625 ἡ
3305 2554 3537 2627 ἔντευξις
3592 2554 3754 2625 αὐτῆς.

455 2645 523 2701 Et
551 2645 670 2701 dixi
725 2645 847 2702 illi:
906 2646 1128 2703 Vellem
1158 2648 1272 2719 (68)
1327 2649 1495 2713 scire,
1527 2648 1781 2717 domine,
1839 2649 2157 2720 nequitiam
2215 2648 2551 2717 iracundiis,
2612 2651 2676 2702 ut
2722 2646 3049 2703 custodiam
3107 2647 3304 2702 meab
3357 2646 3487 2702 illa.
3547 2646 3757 2702 Etdixit

384 2734 526 2789 mihi
559 2736 713 2806 (69):
744 2736 937 2803 Scies;
997 2741 1054 2792 et
1084 2736 1134 2792 si
1164 2754 1281 2792 non
1340 2737 1684 2793 custodieris
1713 2742 1767 2793 te
1797 2738 1868 2793 ab
1901 2738 2021 2809 illa,
2053 2738 2261 2810 perdes
2314 2751 2479 2807 spem
2511 2740 2674 2791 tuam
2723 2750 2856 2790 cum
2886 2738 3009 2789 tota
3058 2735 3230 2790 domo
3260 2739 3383 2790 tua.
3446 2739 3553 2791 Sed
3583 2734 3756 2790 recede

382 2824 454 2877 ab
475 2823 594 2879 illa.
629 2829 744 2897 Ego
773 2826 929 2881 enim
960 2832 1152 2882 tecum
1181 2843 1314 2882 sum
1343 2827 1587 2882 nuntius
1618 2827 1949 2898 aequitatis:
1981 2833 2038 2883 et
2078 2844 2281 2883 omnes
2311 2826 2408 2897 qui
2458 2826 2531 2880 ab
2561 2841 2629 2879 ea
2657 2823 2955 2892 recedunt,
3015 2823 3347 2896 quicunque
3377 2822 3755 2895 pcsnitentiam

381 2912 607 2984 egerint
635 2930 703 2968 ex
732 2914 870 2969 totis
902 2914 1234 2986 praecordiis
1264 2915 1409 2982 suis,
1442 2916 1634 2971 vivent
1664 2916 1779 2972 Deo
1812 2917 1960 2989 (70);
1995 2916 2096 2972 sed
2146 2922 2205 2972 et
2235 2932 2369 2971 cum
2400 2914 2518 2970 illis
2562 2930 2682 2985 ero,
2713 2917 2771 2970 et
2815 2914 3169 2970 conservabo
3199 2929 3406 2969 omnes
3437 2929 3449 2968 :
3477 2912 3755 2985 justiﬁcati

382 3002 540 3056 enim
571 3007 710 3059 sunt
736 3019 939 3059 omnes
969 3004 1067 3074 qui
1093 3004 1495 3077 paenitentiam
1526 3005 1773 3077 egerint,
1805 3024 1839 3061 a
1869 3005 2241 3062 sanctissimo
2273 3004 2477 3060 nuntio
2506 3004 2641 3075 (71).

1908 3129 2137 3186 CAPUT
2183 3129 2255 3185 ΙΙ.

452 3234 601 3289 Audi
634 3250 809 3305 nunc,
841 3234 1052 3307 inquit,
1104 3236 1426 3310 nequitiam
1478 3237 1815 3310 iracundiae,
1848 3254 2026 3310 quam

2211 3238 2324 3313 (73)
2355 3236 2553 3291 ’Δκουε
2583 3230 2641 3290 δὲ
2689 3234 2779 3291 xui
2836 3235 2937 3303 τήν
2994 3232 3254 3311 ἐνέργειαν
3308 3240 3413 3304 τῆς
3469 3228 3752 3308 ὁξυχολίας,

385 3339 559 3394 prava
590 3325 704 3394 (72)
734 3342 1029 3398 quamque
1060 3325 1230 3382 noxia
1262 3331 1369 3398 est,
1399 3331 1454 3383 et
1484 3344 1598 3399 quo
1628 3331 1796 3399 pacto
1826 3344 1980 3383 servc

2158 3329 2252 3388 τῶς
2310 3322 2525 3401 πονηρά
2590 3323 2753 3392 ἐστιν,
2810 3322 2900 3379 καὶ
2940 3320 3138 3394 πλανᾷ
3193 3320 3317 3385 τοὺς
3400 3320 3625 3384 δούλους
3675 3322 3753 3373 τοῦ

384 3412 478 3468 Dei
511 3414 732 3470 evertit.
783 3414 889 3479 Qui
947 3414 1102 3470 enim
1161 3414 1317 3488 pleni
1377 3421 1515 3472 sunt
1569 3418 1681 3472 fide
1739 3417 1875 3490 (74),
1909 3434 1979 3472 no

2158 3418 2289 3483 95073,
2350 3414 2438 3469 xui
2522 3411 2873 3491 καταστρέφει
2937 3415 3006 3486 τῇ
3088 3411 3281 3481 έαυτῆς
3362 3409 3613 3487 ἐνεργείᾳ.
3665 3404 3753 3461 Οἷηι

384 3507 574 3573 potest
604 3519 811 3558 nocere
868 3504 977 3574 (75)
1023 3502 1164 3573 illis,
1226 3505 1502 3576 quoniam
1554 3505 1737 3562 virtus
1796 3506 1893 3561 Dei
1936 3523 1979 3562 οε

2159 3502 2425 3575 ιποπλανᾷ
2457 3500 2513 3558 δὲ
2541 3500 2670 3564 τοὺς
2704 3500 2861 3563 ὄντας
2918 3499 3153 3577 πλήρεις
3192 3498 3242 3554 έν
3301 3503 3372 3573 τῇ
3432 3500 3622 3566 πίστει,
3652 3493 3754 3551 οὐδὲ

385 3608 519 3646 cum
550 3590 666 3648 illis
696 3610 710 3660 ;
744 3592 949 3648 evertit
972 3592 1127 3648 enim
1175 3593 1384 3650 dubios
1431 3598 1487 3649 et
1523 3611 1754 3651 vacuos.
1788 3594 1980 3659 Quotie

2154 3599 2416 3669 ινεργῆσαι
2476 3588 2691 3646 δύναται
2750 3589 2827 3653 είς
2884 3588 3098 3661 αὐτοὺς,
3154 3587 3237 3644 ὅτι
3293 3590 3329 3658 ἡ
3393 3586 3617 3661 δύναμις
3670 3587 3749 3640 τοῦ

387 3686 582 3736 autem
613 3681 820 3737 viderit
874 3681 1020 3737 tales
1076 3682 1363 3755 homines,
1404 3682 1594 3753 injicit
1645 3700 1707 3739 se
1760 3684 1820 3739 in
1852 3684 1982 3740 cord

2152 3681 2338 3756 ζυρίου
2393 3680 2506 3754 μετ’
2537 3679 2713 3734 αὐτῶν
2765 3678 2925 3734 ἐστιν·
2960 3676 3106 3734 ἀλλά
3161 3676 3455 3750 ἀποπλανᾷ
3506 3676 3631 3738 τοὺς
3681 3671 3747 3729 δι-

387 3785 589 3825 corum
619 3770 753 3843 (76),
784 3775 843 3826 et
869 3771 939 3827 de
983 3770 1166 3826 nihilo
1199 3777 1303 3828 aut
1353 3771 1441 3828 vir
1470 3777 1571 3828 aut
1622 3772 1834 3828 mulier
1863 3789 1982 3829 ams

2155 3770 2365 3846 μύχους.
2416 3770 2575 3823 ’Όταν
2635 3768 2737 3844 γὰρ
2797 3764 2884 3841 ἴδῃ
2938 3766 3065 3829 τοὺς
3119 3765 3405 3830 τοιούτους
3463 3766 3750 3841 ἀνθρώπους

382 3858 703 3915 ritudinem
738 3860 1005 3932 percipit,
1051 3868 1283 3933 propter
1312 3876 1405 3917 res
1456 3878 1581 3932 quea
1629 3868 1767 3917 sunt
1796 3860 1857 3916 in
1890 3878 1977 3917 usu

2153 3860 2541 3927 ;ύσταθοῦντας,
2597 3850 2981 3934 παρεμϐάλλει
3035 3857 3230 3926 ἑαυτὴν
3288 3856 3365 3919 εἷς
3419 3857 3519 3925 τὴν
3557 3850 3748 3930 καρδίαν

384 3948 483 3999 aut
530 3961 632 4016 pro
680 3946 973 4015 convictu,
1031 3950 1134 4002 aut
1179 3964 1282 4019 pro
1339 3946 1535 4019 aliquo
1582 3950 1754 4004 verbo
1806 3949 1979 4020 (77),:

2153 3952 2230 4003 τοῦ
2295 3946 2601 4024 ἀνθρώπου·
2661 3946 2751 4001 xui
2835 3944 3008 4009 οὕτως
3093 3945 3434 4023 πικραίνεται
3499 3945 3748 4020 ἄνθρωπος

388 4033 542 4102 quod
592 4033 735 4089 forte
791 4033 1015 4107 incidit,
1072 4052 1469 4107 supervacuo;
1528 4040 1632 4092 aut
1687 4053 1790 4108 pro
1836 4035 1983 4092 amic

2153 4033 2305 4092 ἕνεκεν
2368 4037 2639 4113 βιωτικῶν
2699 4032 3057 4113 πραγμάτων,
3086 4035 3122 4105 ἢ
3185 4034 3351 4114 φίλου
3408 4034 3549 4096 τινὸς
3583 4034 3617 4102 ἢ
3646 4029 3748 4106 περὶ

388 4120 605 4193 aliquo,
639 4126 740 4177 aut
795 4122 1010 4194 debito,
1043 4128 1144 4180 aut
1200 4141 1303 4197 pro
1360 4125 1453 4181 his
1510 4125 1805 4182 similibus
1850 4125 1983 4181 rebu

2154 4126 2336 4189 ἲόσεως
2383 4125 2475 4181 καὶ
2522 4122 2767 4200 λήψεως,
2796 4124 2833 4195 ἢ
2860 4124 2985 4198 περὶ
3040 4122 3302 4179 τοιούτων
3357 4126 3565 4201 μιαρῶν
3606 4140 3749 4195 πραγ-

389 4212 783 4279 supervacuis.
818 4212 947 4269 Haec
976 4212 1129 4268 enim
1162 4213 1345 4269 stulta
1386 4218 1527 4269 sunt
1556 4220 1613 4269 et
1642 4231 1984 4286 supervacui

2151 4218 2345 4271 ιάτων·
2403 4218 2578 4269 Ταῦτα
2631 4211 2804 4269 πάντα
2872 4214 3031 4289 μωρά
3102 4212 3241 4268 ἐστιν
3318 4212 3410 4267 καὶ
3486 4210 3622 4280 κενά,
3673 4207 3746 4264 καὶ

388 4303 445 4355 et
477 4317 620 4356 vana
649 4302 831 4357 servis
862 4302 982 4358 Dei.
1017 4303 1444 4375 [Equanimitas
1494 4307 1687 4359 autem
1717 4303 1909 4359 valida
1937 4320 1983 4359 et

2153 4303 2421 4381 ἱσύμςρορα
2447 4308 2566 4366 τοῖς
2624 4300 2846 4365 δούλαις
2887 4307 2983 4357 τοῦ
3013 4306 3165 4358 Θεοῦ.
3198 4303 3261 4356 Ἠ
3318 4298 3376 4356 δὲ
3434 4295 3748 4376 μακροθυμία

389 4395 446 4443 et
469 4389 657 4457 fortis,
677 4396 734 4445 et
753 4391 921 4446 habet
938 4392 1207 4447 virtutem
1235 4408 1533 4465 magnam,
1560 4396 1616 4448 et
1645 4392 1805 4447 sedet
1824 4393 1937 4464 (78)
1965 4394 1979 4446 i

2148 4391 2345 4469 ιεγάλη
2398 4392 2507 4448 ἐστὶ
2564 4391 2652 4447 xui
2700 4391 2897 4467 ὀχυρά,
2930 4391 3130 4467 ἔχουσα
3155 4390 3255 4460 τὴν
3287 4388 3514 4463 δύναμιν
3549 4387 3743 4464 ἰσχυρὰν

384 4477 774 4549 amplitudine
822 4496 1068 4551 magna:
1104 4480 1333 4551 hilaris,
1382 4481 1440 4535 in
1472 4497 1613 4553 pace
1653 4480 1938 4553 gaudens,
1969 4500 1979 4535 ι

2149 4482 2221 4537 cui
2267 4482 2578 4555 καθημένην
2627 4481 2678 4536 ἐν
2728 4480 3032 4553 πλατυσμῷ
3078 4478 3326 4555 μεγάλην
3360 4480 3542 4555 ἱλαρὰ,
3601 4474 3744 4552 ἀγαλ-

385 4565 779 4624 honoriﬁcans
801 4568 1116 4625 Dominum
1144 4569 1201 4624 in
1234 4570 1393 4625 omni
1415 4572 1676 4642 tempore
1698 4574 1980 4626 mansueti

2147 4570 2407 4644 λιωμένη,
2440 4570 2529 4625 xui
2559 4568 2865 4644 ἀμέριμνος
2907 4567 3040 4624 οὖσα
3081 4567 3287 4642 δοξάζει
3333 4566 3427 4625 τὸν
3475 4567 3660 4642 Κύριον
3702 4561 3742 4617 έν

387 4655 518 4711 Hac
548 4656 702 4712 enim
733 4656 1141 4730 aequanimitas
1183 4657 1410 4714 habitat
1454 4675 1586 4714 cum
1618 4658 1763 4715 bene
1795 4659 1982 4716 ﬁdent:

2151 4659 2294 4715 παντὶ
2350 4664 2545 4736 καιρῷ,
2608 4655 2776 4733 μηδὲν
2836 4656 3037 4735 ἔχουσα
3092 4657 3144 4713 ἐν
3203 4658 3367 4733 ἑαυτῇ
3423 4658 3629 4732 πικρὸν,
3666 4673 3746 4708 πα-

394 4745 520 4802 bus.
556 4746 705 4803 Nam
728 4747 838 4821 (79)
859 4746 1164 4804 iracundia
1192 4747 1374 4805 stulta
1394 4751 1502 4820 est,
1524 4752 1582 4805 et
1605 4747 1746 4805 levis
1767 4753 1824 4806 et
1846 4750 1989 4806 fatus

2148 4750 2445 4823 οαμένουσα
2500 4745 2591 4803 διὰ
2642 4747 2842 4812 παντὸς
2899 4746 2997 4822 [ἐν]
3052 4746 3320 4824 πραότητι
3377 4748 3466 4803 καὶ
3546 4741 3743 4819 ἡσυχίᾳ.

1549 4858 1785 4915 VARIIE
1825 4859 2222 4918 LECTIONES
2258 4860 2351 4916 ET
2388 4859 2617 4916 NOTtE.

457 4952 910 5040 (6‘7)‘.Fortenleg.
944 4948 1389 5040 εἰξχρηστοςηεξο
1428 4956 1585 5040 enim
1618 4961 1823 5014 auctor
1850 4959 2026 5040 poctr.
2136 4957 2419 5040 pag;
2449 4960 2515 5040 e_t_
2534 4972 2656 5040 seq.

382 5021 913 5115 agnuam/2.99m
942 5021 1290 5099 et'ipsemet
1333 5027 1659 5084 Antiochus
1691 5045 1825 5085 mox
1855 5029 2031 5086 habet
2136 5021 2176 5115 ζ
2208 5021 2320 5102 (74)
2349 5029 2443 5085 Sic
2473 5021 2668 5085 Fellus
2696 5043 2765 5084 ex
2804 5041 2946 5083 mss.
2994 5025 3156 5099 Angl.
3210 5024 3359 5082 Editi
3392 5028 3451 5083 in
3478 5025 3597 5097 ﬁde.
3627 5021 3743 5079 Vide

386 5101 690 5171 εὔχρηστος
719 5102 778 5152 et
807 5101 840 5151 ἂ
887 5116 1105 5171 ρηστος.

458 5116 1161 5255 meminens.
1230 5241 1265 5255 ..
1323 5242 1353 5255 .,
1644 5240 1655 5253 .
1742 5246 1752 5255 .
1826 5245 1837 5255 .

2145 5101 2557 5255 ῧῐξξξξταωεῤ.
2587 5172 2791 5255 facere.
2839 5169 3087 5243 Propius
3135 5169 3209 5227 ad
3257 5169 3518 5228 Gracum
3560 5166 3740 5242 ἐνεργῆ-

482 5240 572 5313 69)
606 5240 810 5298 Lamb.
868 5243 1061 5299 omitt.
1095 5243 1161 5298 Et
1207 5241 1354 5298 dixit
1389 5241 1551 5312 mihi,
1610 5240 1761 5299 sicut
1789 5245 1845 5300 et
1874 5259 2027 5314 mox,

1146 5249 1161 5298 t
1207 5241 1354 5298 dixit
1389 5241 1551 5312 mihi,
1610 5240 1761 5299 sicut
1789 5245 1845 5300 et
1874 5259 2027 5314 mox,
2139 5240 2244 5301 σαι.
2277 5240 2415 5299 Fell.
2445 5240 2657 5315 aliquid
2683 5260 2741 5298 η.

389 5311 520 5368 tota.
557 5311 569 5387 ξ
905 5384 917 5387 Α
995 5385 1007 5387 _
1290 5384 1299 5387 _
1468 5386 1487 5387 ἡ
1539 5311 1544 5312 ί

2208 5316 2322 5386 ('76)
2350 5314 2513 5387 Bodl,
2533 5311 2604 5370 'et
2632 5314 2836 5387 Lamb.
2873 5313 3183 5387 hominum.
3216 5312 3314 5369 Gr.
3347 5311 3639 5387 ἀνθρώπου.

464 5384 577 5457 (70)
609 5391 743 5443 Mss.
776 5384 943 5458 Angl.
977 5385 1209 5455 desunt,
1240 5384 1428 5458 oivent
1458 5386 1585 5442 Deo.
2210 5384 2323 5458 (77)
2360 5386 2779 5458 Lambtomitt.
2812 5386 2988 5458 verba.

463 5452 584 5526 (71)
610 5457 802 5531 Fellus
828 5474 840 5513 :
867 5452 1063 5513 omnes
1090 5473 1159 5531 ea}
1186 5452 1477 5531 salutifero
1508 5458 1725 5529 nuntio,
1757 5475 1807 5529 q.
1838 5476 1895 5531 p.
1928 5475 1979 5515 ε.
2212 5452 2323 5529 (78)
2356 5456 2853 5531 Vetusinterpres
2876 5453 3344 5531 legitxubnpévn.
3378 5456 3536 5531 Forte
3556 5452 3736 5511 rectius

465 5532 576 5613 (73)
608 5530 769 5586 Bodl.
812 5531 1070 5602 pessima.
1134 5528 1326 5583 Lamb.
1380 5531 1611 5601 pessima
1666 5527 1781 5597 est,
1820 5527 1871 5587 et
1900 5545 2030 5604 quo-
2141 5527 2685 5613 (χροιῇ-καθημένην,
2721 5527 2900 5601 “ᾳιιοά
2945 5527 3189 5584 exhibet
3246 5527 3535 5601 exemplar
3577 5532 3732 5583 Doctr.

389 5601 579 5745 ""2333
610 5670 807 5730 Greca
863 5672 975 5730 ista
1024 5688 1091 5730 ex
1150 5671 1327 5730 Doctr.
1376 5672 1447 5730 ad
1495 5672 1747 5732 Antioch.
1780 5690 1944 5733 num.
1975 5675 2034 5745 5,
2140 5601 2501 5746 “(ditiiin
2528 5671 2854 5734 Antiochus
2884 5671 3088 5733 homil.
3122 5672 3245 5747 110,
3278 5674 3342 5731 ut
3368 5670 3532 5730 intra.
