4038 6210
1266 395 1598 459 PASTOR.
1630 429 1709 442 —
1749 396 1903 459 LIB.
1948 396 2030 475 ιι,
2074 396 2526 462 MANDATUM
2566 398 2675 463 v1.

3552 398 3671 461 926

264 520 417 595 Αὕτη
467 522 560 581 οὖν
612 526 648 597 ἡ
710 527 1057 603 μακροθυμία
1098 500 1365 582 κατοικεῖ.
1392 528 1527 601 μετὰ
1569 530 1678 583 τῶν
1734 527 1912 584 πίστιν

2040 529 2110 586 [)θ
2138 529 2387 587 stultitia
2414 548 2549 588 vero
2600 532 2863 589 nascitur
2911 530 3261 600 amaritudo,
3316 534 3382 588 et
3405 546 3478 589 ex
3505 546 3672 587 ama-

266 611 508 690 ἐχόντων
549 612 881 692 ὁλόκληρος.
914 616 977 670 Ἦ
1009 612 1066 671 δὲ
1097 615 1361 692 ὀξυχολία
1390 621 1607 694 πρῶτον
1645 617 1739 691 μὲν
1798 638 1914 691 μω-

265 701 359 779 ρία
412 701 554 759 ἐστὶν
608 704 698 759 καί
747 702 980 783 ἐλαφρία
1021 709 1249 784 φρενῶν.
1303 705 1433 760 Εἶτα
1488 705 1550 761 ἐκ
1595 712 1695 776 τῆς
1746 706 1914 785 ἀφρο-

265 792 434 862 σύνης
478 791 675 868 γίνεται
712 793 903 869 πικρία
951 793 1034 868 [ἐκ
1090 792 1148 849 δὲ
1178 801 1277 865 τῆς
1306 794 1526 871 πικρίας
1556 797 1690 869 (80)]
1720 794 1913 869 θυμὸς,

264 881 330 937 ἐκ
376 879 435 936 δὲ
476 886 577 938 τοῦ
620 884 793 956 θυμοῦ
842 882 1000 959 ὀργή,
1046 881 1105 939 ἐκ
1135 881 1191 939 δὲ
1220 891 1318 954 τῆς
1351 884 1522 961 ὀργῆς
1568 891 1753 958 μῆνις.
1786 885 1917 940 Εἶτα

266 972 307 1042 ἠ
371 978 533 1044 μῆνις
591 970 651 1026 ἐκ
693 970 964 1027 τοσούτων
1023 977 1203 1028 κακῶν
1275 972 1654 1047 συνισταμένη,
1712 973 1916 1049 γίνεται

270 1058 515 1133 ἁμαρτία
564 1059 774 1136 μεγάλη
823 1061 914 1115 καὶ
963 1061 1195 1124 ἀνίατος.
1247 1067 1407 1117 ’Ὀταν
1463 1062 1566 1137 γάρ
1623 1063 1796 1117 πάντα
1852 1064 1919 1117 τὰ

274 1150 589 1225 ἀνθρώπινα
632 1154 796 1204 ταῦτα
844 1149 895 1205 ἐν
944 1151 1021 1205 ἑνὶ
1069 1150 1273 1227 ἀγγείῳ
1322 1157 1583 1223 κατοικεῖ,
1644 1152 1782 1206 ὃπου
1827 1151 1917 1206 καὶ

277 1238 341 1294 τὸ
381 1242 604 1313 Πνεῦμα
650 1239 713 1294 τὸ
764 1238 939 1314 ἅγιον,
989 1239 1050 1294 οὐ
1095 1245 1278 1315 χωηεῖ
1306 1239 1475 1295 ἐκεῖνο
1504 1240 1571 1295 τὰ
1605 1242 1772 1316 ἄγγος
1794 1239 1921 1296 ἀλλ’

280 1326 701 1403 ὐπερπΛεονάζει
756 1327 820 1382 τὸ
865 1329 1126 1407 τροφερὸν
1172 1334 1408 1404 πνεῦμα,
1472 1330 1549 1403 μὴ
1594 1325 1723 1405 ἔχον
1756 1331 1918 1401 συνή-

275 1417 419 1471 θειαν
482 1415 616 1488 μετὰ
669 1421 914 1493 πονηροῦ
995 1416 1321 1491 πνεύματος,
1391 1418 1481 1474 καὶ
1548 1418 1922 1496 σκληρότητος

274 1510 570 1561 κατοικεῖν.
620 1505 929 1582 Ὑποχωρεῖ
968 1506 1059 1561 οὗν
1113 1506 1217 1562 ἀπὸ
1259 1511 1357 1563 τοῦ
1389 1506 1673 1584 ἀνθρώπου
1701 1506 1920 1579 τούτου,

272 1594 367 1649 καὶ
422 1599 573 1664 ζητεῖ
625 1600 895 1650 κατοικεῖν
960 1596 1094 1668 μετὰ
1146 1591 1456 1673 πραότητος
1511 1596 1602 1652 καὶ
1659 1596 1920 1673 ἡσυχίας.

274 1682 412 1740 Εἶτα
449 1681 573 1739 ὅταν
623 1684 832 1759 ἀποστῇ
883 1684 988 1739 ἀπὸ
1037 1688 1137 1739 τοῦ
1185 1686 1471 1762 ἀνθρώπου
1518 1686 1585 1739 οὗ
1656 1690 1919 1759 κατοικεῖ,

270 1770 478 1850 γίνεται
525 1772 555 1827 ὁ
612 1770 894 1850 ἅνθρωπος
940 1772 1141 1837 ἐκεῖνος
1190 1778 1344 1837 κενὸς
1395 1774 1501 1829 ἀπὸ
1546 1778 1644 1829 τοῦ
1674 1773 1920 1848 ΙΙνεύμα-

267 1882 367 1924 τος
414 1866 511 1917 τοῦ
556 1861 731 1939 ἁγίου,
777 1862 867 1917 καὶ
912 1861 1104 1945 λοιπὸν
1152 1862 1592 1938 πεπληρωμένος
1623 1867 1731 1918 τῶν
1760 1884 1921 1919 πνευ-

279 1950 465 2023 μάτων
514 1955 619 2006 τῶν
678 1955 1000 2027 πονηρῶνο..
1031 1952 1121 2006 καὶ
1180 1950 1313 2014 ὅλος
1367 1949 1780 2030 ἀποτυφλοῦται
1822 1951 1929 2008 ἀπὸ

271 2045 377 2110 τῆς
426 2036 662 2104 διανοίας
698 2047 799 2111 τῆς
846 2040 1074 2118 ἀγαθῆς.
1122 2039 1311 2103 Οὕτως
1339 2041 1431 2095 οὗν
1473 2036 1760 2115 συμϐαίνει
1791 2047 1925 2097 πᾶσι

271 2133 392 2191 τοῖς
440 2128 750 2206 ὀξυχόλοις.
799 2128 1039 2206 ’Δπὲχου
1088 2130 1179 2185 οὖν
1220 2130 1326 2185 ἀπὸ
1373 2137 1475 2200 τῆς
1504 2129 1798 2206 ὀξυχολίας
1828 2135 1925 2186 τοῦ

273 2222 523 2293 πονηροῦ
599 2216 875 2292 δαίμονος.
940 2215 1191 2274 Ἐνδυσαι
1263 2217 1320 2273 δὲ
1368 2219 1464 2289 τὴν
1526 2220 1923 2296 μακροθυμίαν,

2022 618 2279 675 ritudine
2309 620 2634 690 iracundia,
2668 638 2736 679 ex
2764 621 3070 679 iracundia
3096 638 3231 679 vero
3253 622 3434 678 furor.
3466 620 3572 677 Hic
3600 636 3670 677 ex

2022 711 2110 764 tot
2132 708 2303 765 malis
2352 713 2582 766 creatus
2642 711 2805 767 furor
2860 711 2993 781 (8|),
3041 715 3315 784 operatur
3362 714 3667 783 peccatum

2025 813 2306 871 magnum
2341 803 2401 854 et
2440 799 2788 856 insanabile.
2840 799 2984 856 Cum
3017 802 3175 857 enim
3230 801 3352 856 haec
3383 799 3584 856 omnia
3611 798 3671 853 in

2024 904 2142 943 uno
2170 904 2305 944 vase
2334 892 2495 959 sunt,
2557 888 2654 945 ubi
2698 894 2754 945 et
2810 889 3063 962 Spiritus
3116 894 3354 946 sanctus
3385 892 3672 957 moratur,

2026 992 2141 1032 non
2172 977 2325 1048 capit
2356 977 2477 1033 haec
2503 978 2620 1050 (82)
2648 996 2767 1046 vas,
2803 980 2901 1034 sed
2950 979 3317 1051 superefﬂuit
3345 996 3358 1047 ;
3388 978 3669 1050 quoniam

2026 1069 2193 1122 tener
2220 1066 2474 1138 Spiritus
2505 1085 2619 1123 non
2652 1073 2844 1140 potest
2873 1085 3009 1123 cum
3042 1068 3194 1123 malo
3218 1068 3426 1139 spiritu
3458 1067 3676 1122 immo-

2027 1154 2165 1221 rari,
2217 1155 2432 1210 recedit
2489 1159 2546 1211 et
2602 1156 2831 1212 habitat
2888 1174 3023 1213 cum
3084 1160 3406 1211 mansueto.
3461 1155 3676 1212 Deinde

2029 1258 2163 1298 cum
2194 1244 2499 1299 recesserit
2557 1246 2630 1300 ab
2684 1245 2918 1301 homine
2962 1245 3019 1301 in
3079 1262 3193 1317 quo
3252 1244 3576 1312 habitabat,
3611 1245 3679 1301 fit
3766 1222 3769 1243 1

2028 1329 2203 1386 homo
2234 1347 2451 1388 vacuus
2481 1350 2515 1388 a
2542 1332 2764 1405 Spiritu
2813 1338 3014 1389 sancto
3040 1351 3052 1389 :
3108 1336 3165 1388 et
3189 1337 3392 1405 postea
3420 1331 3677 1405 repletur

2030 1419 2336 1491 spiritibus
2390 1420 2688 1494 malignis,
2746 1425 2803 1477 et
2856 1422 3180 1477 obcaecatur
3236 1439 3270 1477 a
3326 1420 3677 1494 cogitatione

2031 1508 2187 1565 mala
2215 1510 2348 1583 (83).
2381 1510 2473 1566 Sic
2504 1510 2778 1566 omnibus
2801 1510 3099 1567 iracundis
3122 1510 3426 1583 contingit.
3453 1509 3679 1565 Recede

2031 1613 2168 1671 ergo
2196 1603 2259 1655 tu
2292 1599 2365 1655 ab
2396 1600 2718 1668 iracundia,
2742 1604 2799 1657 et
2822 1600 3000 1656 indue
3022 1598 3518 1672 animaaquitatem
3539 1598 3680 1670 (84),

2031 1692 2089 1743 et
2113 1687 2319 1744 resiste
2349 1688 2703 1744 iracundias:
2757 1693 2816 1745 et
2870 1689 3185 1745 invenieris
3232 1705 3367 1745 cum
3400 1687 3683 1760 pudicitia

2032 1780 2091 1833 et
2117 1777 2385 1833 castitate
2416 1795 2450 1833 a
2479 1777 2618 1835 Deo.
2649 1778 2795 1835 Vide
2826 1794 2959 1851 ergo
2986 1795 3060 1834 ne
3104 1780 3249 1834 forte
3278 1776 3542 1851 negligas
3572 1776 3682 1833 hoc

2034 1866 2418 1922 mandatum:
2453 1866 2504 1922 si
2558 1865 2715 1922 enim
2773 1866 2909 1923 huic
2966 1866 3243 1922 mandato
3290 1863 3682 1921 obedientiam

1955 1911 2005 1977 Β
2037 1954 2379 2028 ρι’ωειίΐθιιὶε
2429 1955 2564 2028 (85),
2618 1960 2824 2012 caetera
2879 1911 3162 2011 inundata
3208 1969 3340 2010 mea
3394 1970 3523 2026 quas
3572 1951 3682 2008 tibi

2038 2044 2425 2100 mandaturus
2456 2060 2613 2113 sum,
2654 2044 2873 2116 poteris
2921 2060 3174 2101 servare.
3230 2042 3522 2098 Conﬁrma
3545 2057 3681 2114 ergo

2036 2149 2193 2189 nunc
2222 2137 2277 2189 te
2326 2133 2386 2188 in
2444 2133 2738 2189 mandatis
2768 2133 2919 2202 istis,
2965 2137 3032 2189 ut
3087 2132 3246 2189 vivas
3278 2136 3427 2187 Deo:
3462 2134 3520 2187 et
3550 2129 3682 2203 qui-

2035 2237 2265 2294 cunque
2297 2222 2652 2279 servaverint
2681 2223 2804 2279 hazc
2836 2223 3132 2293 mandata,
3161 2223 3355 2277 vivent
3387 2226 3519 2277 Deo.

273 2306 366 2361 καὶ
398 2306 673 2378 ἀντίστηθι
701 2311 770 2381 τῇ
804 2306 1089 2384 ὀξυ-χολίᾳ,
1119 2307 1209 2362 καὶ
1249 2304 1342 2382 ἔσῃ
1370 2307 1758 2382 ἐπαινούμενος
1792 2308 1925 2383 μετὰ
1954 2308 2286 2383 σεμνότητος
2311 2315 2427 2373 τοῖς
2484 2308 2861 2387 ἠγαπημένοις
2914 2310 3016 2365 ὑπὸ
3068 2308 3291 2385 Κυρίου.
3350 2306 3525 2363 Βλέπε
3582 2305 3676 2361 οὗν

277 2395 358 2469 μὴ
389 2395 747 2473 παραλογήσῃ
775 2398 874 2465 τὴν
901 2395 1127 2466 ἐντολὴν
1157 2396 1357 2464 ταύτην
1383 2396 1606 2469 ταύτην·
1639 2398 1726 2453 ἐὰν
1763 2399 1867 2474 γὰρ
1894 2398 2098 2470 ταύτην
2126 2396 2383 2476 φυλάξῃς,
2417 2396 2619 2473 δυνήσῃ
2647 2399 2737 2454 καὶ
2790 2400 2888 2462 τὰς
2932 2396 3131 2460 λοιπὰς
3182 2403 3443 2473 τηρῆσαι.
3492 2396 3682 2471 Ἰσχυε

274 2485 369 2541 οὗν
400 2485 450 2541 ἐν
482 2486 667 2549 αὐταῖς
689 2486 780 2541 καὶ
811 2483 1130 2561 ἐνδυναμοῦ.
1161 2486 1251 2542 καὶ
1281 2488 1544 2558 νικήσεις,
1574 2486 1665 2542 καὶ
1698 2489 1904 2559 ζήσεις.

1591 2612 1925 2664 Ακτιοαιιυε
1964 2607 2202 2666 homilia
2240 2609 2362 2665 110.

341 2727 405 2778 Ἦ
454 2722 559 2800 γὰρ
608 2720 892 2798 ὀξυχολία,
951 2719 1167 2798 πονηρᾶ
1214 2722 1365 2793 οὗσα,
1415 2720 1764 2802 καταστρέφει
1795 2721 1925 2786 τοὺς

269 2809 507 2875 δούλους
557 2816 656 2868 τοῦ
707 2815 841 2868 Θεοῦ
885 2814 956 2887 τῇ
995 2813 1188 2881 ἑαυτῆς
1221 2810 1484 2889 ἐνεργείᾳ.
1515 2814 1675 2867 Ὅταν
1702 2814 1805 2889 γὰρ
1837 2809 1927 2887 ἴδῃ

268 2900 402 2964 τοὺς
451 2902 768 2977 ἀνθρώπους
816 2900 1207 2965 εὖοταθοῦντας
1256 2903 1389 2975 (86),
1429 2896 1774 2978 παραϐάλλει
1808 2901 1930 2956 ἑαυ-

270 2991 376 3058 τὴν
428 2990 504 3053 είς
549 2991 650 3059 τήν
699 2987 920 3067 καρδίαν
956 2994 1053 3044 τοῦ
1082 2989 1391 3065 ἀνθρώπου,
1421 2990 1515 3045 καὶ
1548 2989 1607 3045 ἐκ
1633 2994 1729 3045 τοῦ
1762 2987 1932 3063 μηδε-

274 3080 369 3142 νὸς
425 3078 782 3155 πικραίνεται,
829 3076 1001 3134 ἕνεκεν
1058 3079 1327 3153 βιωτικῶν
1377 3078 1712 3155 πραγμάτων
1744 3080 1779 3149 ἢ
1836 3099 1932 3135 πε-

278 3168 336 3242 ρὶ
391 3165 726 3241 ἐδεσμάτων,
771 3168 806 3237 ἢ
839 3166 922 3223 ὅτι
960 3166 1292 3243 μικρολογία
1319 3189 1404 3231 τις
1436 3167 1674 3223 ἐνέπεσεν
1711 3169 1931 3241 μάταια,

276 3259 316 3327 ἢ
348 3257 467 3334 κερὶ
528 3255 751 3319 δόσεως.
810 3261 986 3311 Ταῦτα
1042 3256 1143 3333 γὰρ
1203 3257 1375 3312 πάντα
1436 3258 1597 3333 μωρά
1654 3256 1784 3329 ἐστι,
1843 3257 1934 3312 καὶ

2112 2726 2253 2781 Nam
2280 2725 2594 2791 iracundia,
2624 2741 2748 2781 cum
2771 2741 2947 2797 prava
2984 2726 3076 2793 sit,
3110 2725 3163 2781 vi
3206 2741 3307 2780 sua
3333 2724 3526 2781 evertit
3563 2738 3685 2779 ser-

2038 2829 2131 2870 vos
2158 2815 2273 2871 Dei.
2308 2816 2525 2884 Quoties
2551 2817 2700 2871 enim
2730 2815 2933 2871 viderit
2962 2814 3155 2870 dubios
3204 2813 3469 2879 homines,
3500 2812 3689 2879 inficit

2038 2919 2098 2959 se
2126 2905 2188 2959 in
2215 2920 2307 2960 cor
2334 2904 2616 2971 hominis;
2645 2920 2675 2960 e
2711 2904 2778 2959 de
2822 2904 3002 2960 nihilo
3048 2904 3206 2959 homo
3250 2902 3688 2958 amaritudinem

2037 2994 2291 3064 percipit,
2319 3002 2546 3065 propter
2573 3009 2659 3049 res
2710 3008 2836 3065 quae
2862 2996 2991 3048 sunt
3020 2996 3082 3048 in
3109 2995 3241 3049 vita?
3285 3009 3410 3063 usu,
3464 2995 3561 3048 aut
3587 3006 3687 3063 pro

2041 3084 2336 3149 convictu;
2365 3087 2466 3137 aut
2494 3097 2592 3153 pro
2620 3082 2810 3153 aliqua
2857 3083 3040 3149 verba,
3071 3083 3123 3137 si
3173 3081 3313 3153 quod
3342 3081 3557 3150 incidit,
3588 3096 3688 3136 su-

2037 3186 2312 3242 pervacuo
2329 3188 2353 3233 ;
2384 3175 2479 3227 aut
2504 3187 2603 3243 pro
2654 3175 2778 3228 dato
2831 3175 2887 3226 et
2914 3171 3119 3227 debito.
3181 3172 3304 3226 Hac
3329 3170 3482 3227 enim
3505 3171 3694 3227 omnia

2042 3261 2221 3316 stulta
2247 3262 2394 3328 sunt,
2426 3264 2479 3316 et
2505 3277 2844 3332 supervacua
2868 3265 2922 3315 et
2950 3277 3093 3316 vana
3125 3262 3294 3317 servis
3332 3261 3449 3315 Dei.
3478 3260 3691 3332 Equa-

278 3347 410 3403 κενᾶ
451 3351 570 3409 τοῖς
618 3344 841 3408 δούλοις
887 3350 984 3401 τοῦ
1015 3350 1172 3405 Θεοῦ.
1208 3346 1265 3400 Ὴ
1299 3343 1357 3401 δὲ
1389 3345 1737 3423 μακροθυμία
1770 3348 1925 3423 μεγά-

2042 3349 2272 3404 nimilas
2299 3353 2485 3404 autem
2512 3349 2696 3404 valida
2724 3352 2803 3403 est
2830 3357 2882 3404 et
2923 3350 3105 3420 fortis,
3164 3352 3217 3404 et
3244 3348 3403 3404 habet
3430 3349 3690 3404 virtutem

279 3433 353 3507 λη
407 3435 545 3490 ἐστὶν
602 3436 692 3490 καὶ
742 3435 961 3511 ἰσχυρὰ,
1013 3432 1216 3510 ἔχουσα
1265 3431 1491 3507 δύναμιν
1534 3430 1808 3511 στιϐαρὰν,
1838 3433 1927 3490 καὶ

277 3524 509 3598 εὐθύνει,
557 3524 646 3580 καὶ
677 3523 1071 3599 ἀγαλλιωμὲνη
1107 3522 1407 3599 ἀμέριμνος
1438 3520 1575 3578 οὖσα
1601 3520 1808 3596 δοξάζει
1837 3524 1931 3579 τὸν

279 3615 505 3689 Κύριον,
558 3610 726 3687 μηδὲν
786 3613 838 3668 ἐν
891 3612 1029 3687 αὐτῇ
1077 3610 1281 3688 ἔχουσα
1308 3612 1526 3686 πικρὸν,
1589 3607 1728 3667 διότι
1758 3613 1934 3689 πραΰς

280 3703 395 3760 ἐστι
439 3703 529 3759 καὶ
572 3702 829 3778 ἡσύχιος.
880 3700 1029 3772 Δῧτη
1079 3699 1168 3757 οὖν
1209 3704 1244 3772 ἡ
1307 3701 1655 3776 μακροθυμία
1682 3708 1928 3757 κατοικεῖ

285 3795 422 3871 μετὰ
462 3796 570 3849 τῶν
615 3792 717 3861 τὴν
769 3790 949 3846 πίστιν
982 3790 1221 3865 ἐχόντων
1256 3788 1591 3867 ὁλόκληρον.
1623 3792 1688 3846 Ἡ
1720 3788 1777 3846 δὲ
1809 3791 1929 3861 ὀξυ-

275 3884 451 3963 χολία
501 3880 683 3960 ἄφρων
730 3878 869 3935 ἐστίν
895 3898 908 3913 ·
961 3879 1094 3951 εἶτα,
1144 3878 1206 3935 ἐκ
1249 3886 1351 3950 τῆς
1382 3879 1692 3958 ἀφροσύνης
1723 3880 1929 3956 γίνεται

277 3971 494 4049 πικρία,
542 3971 602 4026 ἐκ
649 3967 708 4025 δέ
747 3975 846 4039 τῆς
892 3968 1111 4045 πικρίας
1160 3969 1355 4042 θυμὸς,
1407 3967 1466 4024 ἐκ
1505 3966 1562 4024 δὲ
1615 3976 1717 4040 τῆς
1756 3970 1930 4046 ὀργῆς

283 4069 472 4138 μῆνις.
522 4060 602 4118 Τὸ
632 4059 723 4114 οὗν
751 4058 905 4134 ἅγιον
938 4061 1177 4132 Πνεῦμα,
1211 4058 1285 4120 ὡς
1315 4058 1579 4137 τρυφερὸν
1611 4053 1693 4130 ὄν,
1725 4059 1815 4114 καὶ
1850 4060 1926 4132 μῆ

278 4151 410 4229 ἔχον
462 4149 742 4220 συνήθειαν
792 4147 927 4221 μετᾶ
968 4151 1066 4202 τοῦ
1098 4144 1342 4224 σκληροῦ
1370 4147 1461 4202 καὶ
1492 4153 1739 4224 πονηροῦ
1770 4149 1928 4204 πνεύ-

288 4261 482 4316 ματος,
531 4239 818 4314 ἀποχωρεῖ
867 4236 971 4291 ἀπὸ
1016 4240 1113 4292 τοῦ
1162 4236 1415 4291 τοιούτου
1472 4237 1782 4313 ἀνθρώπου,
1838 4238 1927 4293 καὶ

286 4333 440 4401 ζητεῖ
481 4331 580 4383 τοῦ
624 4332 950 4395 κατοικῆσαι
1002 4326 1136 4398 μετὰ
1170 4330 1269 4380 τοῦ⁹
1320 4325 1693 4402 μακροθύμου,
1724 4325 1814 4381 καὶ
1844 4326 1927 4403 γί-

2036 3453 2318 3508 magnam,
2349 3447 2403 3493 et
2449 3439 2817 3510 amplissimis
2868 3439 3028 3493 rebus
3055 3439 3284 3509 fruitur,
3316 3445 3367 3493 et
3395 3437 3598 3493 hilaris
3628 3438 3687 3492 in

2039 3542 2172 3598 pace
2199 3526 2445 3598 gaudens
2471 3528 2795 3599 honoriﬁcat
2844 3528 3143 3583 Dominum
3160 3542 3183 3587 ;
3226 3527 3373 3581 nihil
3411 3528 3472 3581 in
3500 3542 3557 3582 se
3584 3525 3690 3582 ha-

2042 3618 2170 3671 bens
2198 3616 2404 3683 amari,
2451 3618 2585 3688 quia
2630 3621 2929 3671 mansueta
2955 3620 3034 3671 est
3078 3624 3132 3672 et
3160 3617 3361 3687 quieta.
3406 3616 3532 3672 Haec
3558 3630 3686 3684 ergo

2039 3705 2429 3776 aequanimitas
2480 3705 2692 3761 habitat
2744 3721 2870 3759 cum
2926 3705 3016 3775 iis,
3065 3706 3160 3776 qui
3202 3704 3366 3774 ﬁdem
3420 3712 3689 3775 integram

2037 3793 2338 3865 possident.
2375 3799 2451 3849 Αι
2479 3793 2771 3850 iracundia
2800 3794 2968 3848 stulta
2994 3800 3112 3860 est;
3142 3793 3337 3849 deinde
3356 3792 3421 3849 de
3446 3794 3693 3848 stultitia

2038 3884 2288 3938 nascitur
2319 3882 2649 3949 amaritudo,
2682 3885 2732 3937 et
2761 3898 2831 3938 ex
2861 3882 3237 3937 amaritudine
3272 3881 3591 3948 iracundia,
3621 3898 3692 3938 ea:

2039 3972 2335 4028 iracundia
2362 3987 2493 4028 vero
2519 3973 2701 4045 furor.
2734 3971 2963 4027 Sanctus
2985 3987 3110 4042 ergo
3136 3972 3400 4044 Spiritus,
3430 3979 3494 4026 ut
3511 3975 3686 4039 tener,

2037 4078 2139 4117 nec
2168 4063 2383 4117 morari
2410 4062 2604 4116 solitus
2630 4077 2756 4117 cum
2784 4060 2922 4117 duro
2951 4076 3014 4115 ac
3054 4061 3202 4115 malo
3229 4060 3451 4132 spiritu,
3481 4060 3689 4116 recedit

2039 4151 2105 4206 ab
2136 4150 2400 4222 ejusmodi
2438 4149 2677 4217 homine,
2735 4152 2786 4205 et
2838 4150 3040 4221 quwrit
3093 4149 3345 4205 habitare
3371 4165 3495 4205 cum
3519 4165 3681 4205 man-

2036 4246 2188 4299 sueto
2266 4245 2320 4294 et
2349 4239 2413 4309 ﬁt
2444 4239 2600 4295 homo
2631 4238 2727 4294 ille
2753 4254 2954 4294 vacuus
2984 4254 3018 4293 a
3042 4239 3262 4309 Spiritu
3279 4238 3453 4310 justo,
3483 4245 3537 4295 et
3566 4253 3687 4295 om-

2035 4330 2213 4386 ninoo
2231 4328 2512 4385 bcaecatur
2542 4345 2577 4383 a
2604 4328 2939 4396 cogitatione
2968 4328 3135 4383 bona.

279 4439 428 4475 νεται
486 4416 515 4471 ὁ
560 4413 845 4492 ἄνθρωπος
893 4412 1094 4477 ἐκεῖνος
1140 4415 1293 4477 κενὸς
1341 4419 1439 4470 τοῦ
1486 4412 1793 4489 πνεύματος
1842 4421 1941 4471 τοῦ
1990 4413 2225 4486 δικαίου,
2276 4415 2366 4470 καὶ
2415 4413 2562 4477 ὅλως
2610 4413 3015 4494 ἀποτυφλοῦται
3058 4414 3163 4469 ἀπὸ
3191 4420 3293 4484 τῆς
3326 4410 3561 4477 διανοίας
3588 4419 3689 4485 τῆς

283 4509 513 4587 ἀγαθῆς,

575 4698 667 4762 De
705 4694 1088 4779 agnoscendis
1125 4694 1589 4777 uniucusjusque
2168 4605 2396 4775 geniis,
2440 4701 2496 4755 et
2537 4693 2845 4775 utriusque
2887 4692 3391 4776 inspirattbnibus.

1829 4826 2061 4886 CAPUT
2097 4828 2140 4884 Ι.

355 4932 470 5006 (87)
513 4922 904 5000 Ἐνετειλάμην
964 4944 1048 4981 σοι
1092 4923 1145 4981 ἐν
1212 4927 1283 5000 τῇ
1350 4924 1543 5002 πρώτῃ
1583 4922 1802 4999 ἐντολῇ,
1845 4921 1940 4981 ἵνα

2116 4930 2535 4998 Ριιωοορθιιαω,
2584 4923 2799 4998 inquit,
2828 4925 2936 4982 tibi
2982 4926 3043 4983 in
3074 4926 3264 5000 primo
3295 4926 3589 4995 Mandato,
3620 4928 3689 4983 ut

1458 5043 1701 5099 VARIIE
1738 5042 2117 5100 LECTIONES
2154 5043 2245 5098 ET
2281 5042 2516 5099 NOTIE.

357 5147 476 5225 (80)_
500 5143 587 5203 Cl.
640 5141 1091 5225 liontfauconus
1137 5140 1281 5210 hac,
1342 5138 1405 5225 ἐκ
1433 5138 1516 5225 δὴ.
1546 5147 1648 5211 τῆς
1678 5140 1934 5225 Δπικρίας,

288 5213 687 5344 ἓιιὶβῗοφιῗὸηι
714 5215 775 5270 in
804 5230 910 5269 suo
962 5213 1180 5283 codice,
1235 5213 1527 5287 supplevit
1553 5231 1624 5270 ex
1661 5213 1933 5270 Antiochi

334 5306 450 5344 om:
482 5329 496 5344 .
642 5327 655 5342 .

289 5289 496 5348 homil.
537 5289 655 5343 110.

380 5361 471 5428 81)
501 5357 664 5414 Bodl.
696 5359 929 5428 creatus,
954 5356 1094 5428 facit
1116 5360 1430 5428 peccatum.

380 5361 471 5501 81)
501 5361 664 5441 del.
696 5361 929 5422 creatus,
952 5361 1094 5481 (aeit
1116 5361 1430 5428 peccatum.

378 5434 448 5487 82
500 5430 592 5486 Sic
652 5427 844 5501 Fellus
898 5435 945 5481 A
977 5468 989 5482 .
1024 5427 1139 5498 hos,
1200 5445 1310 5484 ms.
1369 5432 1556 5483 Carm.
1615 5427 1732 5483 hoc.
1764 5427 1848 5483 Ita
1875 5431 1935 5484 et

286 5500 488 5562 Lamb.
522 5502 595 5557 ab
625 5500 741 5556 alia
771 5515 971 5554 manu.

357 5573 587 5649 (83)_Ita
636 5570 830 5649 Fellus
870 5586 939 5649 ex
967 5586 1134 5649 ραις..
1166 5569 1336 5649 Angl_.
1394 5573 1481 5649 Ita
1526 5572 1610 5649 et_
1637 5567 1828 5649 Carm.
1860 5571 1935 5649 ᾼι

286 5639 633 5703 Vict.'bona.
664 5644 776 5713 Sic,
832 5645 945 5698 etc.
983 5641 1158 5705 Editi,
1209 5639 1379 5698 mala.
1437 5639 1659 5713 Recede,
1695 5640 1933 5698 omissis

286 5718 529 5780 vocibus
552 5711 937 5775 intermediis.
967 5712 1201 5773 Videsis
1228 5715 1443 5785 Greca,
1475 5711 1692 5787 quibus
1724 5714 1933 5773 contir-

2046 5143 2241 5215 matur
2258 5140 2435 5215 l_ec_tio
2469 5157 2581 5198 ms.
2611 5139 2764 5196 Vict.
2794 5141 2892 5215 (Sic
2923 5139 3067 5215 legit
3093 5144 3150 5198 et
3178 5140 3517 5198 Antiochus.

2139 5213 2230 5285 84)
2257 5211 2469 5285 Εεὶιιιε,
2498 5211 2989 5285 ωᾳααηὶηιξιαιεηι.

2135 5282 2225 5355 85)
2256 5282 2416 5339 Bodl.
2452 5288 2509 5339 et
2538 5282 2738 5340 Lamb.
2770 5283 3196 5341 dominationem
3225 5286 3419 5355 egeris.

2113 5354 2228 5426 (86)
2261 5358 2681 5427 Ευσταθοῦντας.
2743 5356 3058 5427 Tranquillo
3114 5354 3263 5427 statu
3316 5357 3545 5411 utentes.
3576 5355 3681 5427 CQ-

2040 5423 2283 5482 teleriils
2313 5426 2536 5482 mavult
2582 5423 2970 5488 δοστατοῦντας
3019 5427 3107 5483 vel
3138 5426 3537 5485 ἐνπατοῦντας.
3571 5424 3682 5480 Ad-

2042 5497 2128 5552 dit
2150 5502 2352 5571 Atamen
2388 5498 2446 5553 in
2492 5505 2629 5554 nota
2660 5498 2835 5554 aliam
2886 5516 2999 5554 ms.
3060 5499 3199 5571 Reg.
3230 5499 3562 5569 lectionem,
3595 5493 3679 5549 εὗ-

2041 5568 2171 5621 σταθ
2180 5571 2429 5639 μοῦντας.

2113 5638 2228 5712 (87)
2252 5641 2333 5697 Ex
2363 5646 2546 5699 Doctr.
2579 5641 2650 5696 ad
2678 5640 2958 5710 Antioch.,
2993 5656 3157 5697 num.
3189 5641 3245 5712 6,
3283 5654 3416 5715 pag.
3446 5638 3575 5698 254.
