4014 6226
404 369 523 432 927
1884 377 1948 441 S.
1998 379 2300 442 HERMJE
2846 406 2849 407 ν
3678 379 3783 442 928

398 502 724 559 custodires
758 502 957 571 fidem,
988 508 1045 560 et
1077 501 1372 579 timorem,
1394 509 1451 563 et
1476 507 1875 580 paenitentiam
1907 513 1983 584 (88

2198 511 2395 586 υλᾶξῃς
2444 516 2541 581 τήν
2593 512 2772 566 πίστιν
2823 511 2911 565 καὶ
2967 512 3058 565 τὸν
3104 504 3295 589 φόϐον,
3325 511 3411 565 καὶ
3454 510 3780 587 ἐγκρατεύσῃ⁸

398 594 604 661 Etiam,
640 593 902 665 inquam,
938 595 1193 651 domine.
1258 600 1324 652 Et
1381 597 1539 654 dixi:
1590 600 1701 655 Sed
1755 618 1910 657 nunc
1940 602 1982 657 ti

2198 602 2504 677 inexpionw
2561 600 2685 671 Ναὶ,
2740 601 2914 677 κύριε,
2967 600 3142 662 οὕτως
3192 599 3352 658 ἐστίν.
3404 600 3579 676 Λέγει·
3640 599 3783 657 Αλλᾶ

392 682 520 736 volo
570 685 897 738 monstrare
944 684 1188 740 virtutes
1244 685 1453 741 horum
1510 690 1944 757 mandatorum,

2198 694 2245 743 3v
2307 690 2450 745 θέλω
2504 712 2585 745 σοι
2629 687 2875 760 δηλῶσαι
2906 690 2994 745 καὶ
3049 689 3145 751 τὰς
3205 686 3457 760 δυνάμεις
3486 687 3678 757 αὐτῶν,
3709 689 3783 747 ἵνα

394 771 545 827 scias
562 772 800 827 effectus
820 772 1078 840 illorum,
1103 777 1394 845 quomodo
1416 777 1528 849 (89)
1552 779 1679 849 ipsa
1700 779 1885 849 posita
1907 798 1972 835 su

2203 779 2351 854 ίησῇς
2400 780 2501 848 τὴν
2549 778 2776 852 δύναμιν
2824 779 2892 848 ἢν
2944 774 3130 854 ἔχουσι
3161 778 3251 832 καὶ
3291 777 3579 853 ἐνέργειαν’
3612 777 3788 834 διπλαῖ

394 862 463 915 ad
490 862 723 929 justum
754 862 970 932 pariter
998 864 1385 933 etinjustum.
1419 866 1505 921 Tu
1537 868 1729 937 itaque
1764 869 1977 939 credej

2197 868 2258 944 sip
2310 867 2465 922 eicw‘
2515 874 2718 923 κεῖνται
2765 868 2866 943 γὰρ
2923 867 3009 922 ἐπὶ
3042 864 3235 940 δικαίῳ
3265 866 3355 921 καὶ
3379 864 3574 939 ἀδίκῳ.
3606 867 3678 922 Σὺ
3705 870 3782 924 οὖν

401 956 529 1017 sto;
564 950 783 1021 injuste
815 956 1009 1006 autem
1062 952 1206 1007 nihil
1255 954 1443 1009 crede.
1494 955 1731 1011 Justitia
1770 957 1923 1011 enim
1959 975 1986 1011 r

2206 958 2375 1013 ίστευε
2403 961 2482 1029 τῷ
2512 954 2728 1029 δικαίῳ,
2785 961 2865 1027 τῷ
2890 953 2947 1010 δὲ
2984 953 3156 1028 ἀδίκῳ
3186 953 3354 1028 μηδὲν
3394 955 3698 1028 πιστεύσῃς.
3724 958 3785 1011 Τὸ

398 1044 553 1094 ctam
588 1039 739 1095 viam
794 1040 1003 1109 habet;
1065 1046 1123 1096 at
1179 1042 1472 1112 injustitia
1527 1061 1784 1115 pravam.
1816 1047 1924 1101 Sed
1978 1064 1983 1072 ‘

2197 1046 2257 1121 ἆρ
2290 1043 2495 1100 δίκαιον
2532 1045 2694 1121 ὀρθὴν
2757 1041 2881 1099 ὀδὸν
2928 1042 3067 1119 ἔχει,
3096 1045 3159 1099 τὸ
3191 1040 3249 1098 δὲ
3296 1040 3481 1098 ἄδικον
3510 1037 3782 1119 στρεϐλήν.

405 1133 624 1183 rectam
646 1129 796 1185 viam
820 1130 1066 1201 custodi,
1084 1147 1322 1201 pravam
1346 1135 1539 1187 autem
1557 1132 1847 1206 relinque.
1865 1136 2048 1191 Prava

398 1222 591 1271 autem
626 1218 717 1273 via
744 1235 858 1274 non
892 1219 1067 1275 habet
1094 1220 1313 1275 exitum
1338 1221 1578 1290 bonum,
1613 1224 1713 1278 sed
1736 1224 2082 1280 offendicula
2114 1224 2301 1282 multa
2325 1243 2337 1293 ;
2362 1241 2567 1298 aspera
2598 1228 2706 1294 est,
2731 1228 2789 1281 et
2818 1224 3075 1297 spinosa,
3106 1227 3164 1279 et
3192 1223 3355 1279 ducit
3376 1222 3448 1279 ad
3481 1221 3783 1293 interitum,

396 1312 453 1361 et
486 1307 655 1363 noxia
683 1312 773 1363 est
799 1307 1139 1364 hominibus
1171 1310 1612 1367 ambulantibus
1642 1312 1701 1366 in
1750 1312 1867 1369 illa.
1903 1315 2007 1381 Qui
2056 1318 2250 1370 autem
2278 1314 2433 1370 viam
2477 1321 2692 1371 rectam
2723 1318 2950 1386 petunt,
3010 1311 3308 1385 aequaliter
3337 1311 3640 1368 ambulant
3667 1312 3779 1368 sine

398 1396 753 1463 offensione;
785 1398 923 1468 quia
952 1415 1065 1454 non
1106 1403 1195 1454 est
1225 1415 1451 1471 aspera,
1485 1417 1670 1472 neque
1713 1402 1972 1474 spinosa.
2004 1404 2180 1460 Vides
2226 1404 2426 1477 igitur,
2462 1404 2617 1476 quod
2662 1403 2873 1459 melius
2903 1405 2991 1458 est
3018 1419 3122 1474 per
3150 1401 3302 1457 hanc
3326 1400 3482 1458 viam
3514 1401 3779 1459 incedere.

401 1483 520 1540 Ibis
549 1485 728 1555 enim,
762 1485 953 1559 inquit
980 1505 993 1555 ;
1025 1491 1083 1543 et
1110 1490 1443 1561 quicunque
1472 1507 1541 1546 ex
1568 1495 1688 1547 toto
1720 1493 1891 1548 corde
1923 1493 2274 1550 crediderint
2308 1493 2368 1548 in
2401 1493 2669 1561 Domino,
2699 1492 2871 1549 ibunt
2898 1508 3000 1565 per
3026 1490 3210 1547 illam.

1930 1590 2154 1646 CAPUT
2194 1592 2264 1646 II.

469 1674 619 1728 Audi
652 1690 828 1744 nune,
852 1674 1064 1746 inquit,
1096 1675 1353 1747 primum
1377 1677 1447 1733 de
1467 1678 1600 1734 fide.
1638 1679 1763 1735 Duo
1787 1684 1925 1735 sunt
1944 1696 2043 1752 ge-

2225 1681 2339 1753 (90)
2389 1677 2493 1733 Δύο
2539 1678 2670 1733 εἰσὶν
2704 1675 2927 1753 ἄγγελοι
2960 1677 3093 1751 μετὰ
3119 1680 3216 1731 τοῦ
3247 1676 3562 1747 ἀνθρώπου,
3591 1676 3662 1737 εἷς
3696 1682 3782 1745 τῆς

399 1762 479 1816 nii
509 1763 623 1833 (91)
653 1779 785 1818 cum
817 1763 1091 1833 homine;
1121 1782 1275 1822 unus
1307 1766 1616 1838 aequitatis,
1651 1772 1706 1824 et
1736 1786 1889 1825 unus
1924 1770 1981 1824 in

2194 1766 2527 1838 ικαιοσύνης,
2584 1767 2673 1821 καὶ
2725 1767 2801 1829 εἷς
2842 1773 2941 1835 τῆς
2990 1764 3284 1840 πονηρίας.
3336 1763 3443 1821 Καὶ
3493 1764 3522 1818 ὁ
3572 1765 3660 1837 μὲν
3696 1770 3779 1832 τῆς

394 1851 658 1922 quitatis.
691 1853 759 1907 Et
783 1868 886 1925 ego
917 1853 1033 1908 dixi
1068 1853 1148 1909 illi
1176 1871 1187 1909 :
1250 1855 1570 1927 Quomodo,
1604 1858 1860 1927 domine,
1891 1861 1972 1915 sci

2194 1855 2497 1927 ικαιοσὺνης
2548 1852 2805 1930 ἅγγελος,
2853 1853 3114 1931 τρυφερός
3146 1852 3257 1908 ἐστι
3315 1852 3405 1907 καὶ
3441 1851 3779 1926 αἱσχυντηρὸς

392 1950 612 2011 potero,
644 1943 797 2013 quod
831 1942 943 1997 duo
1000 1948 1140 1998 sunt
1177 1944 1332 2015 genii
1378 1962 1511 2001 cum
1560 1946 1842 2003 homine?
1870 1949 1977 2003 Auc'

2191 1944 2235 1999 αὶ
2286 1951 2457 2020 πρᾶος
2503 1944 2592 1999 καὶ
2653 1943 2900 2020 ἰσχυρός.
2949 1944 3111 2000 ’Ὀταν
3177 1939 3268 1997 οὖν
3321 1941 3497 2003 οὓτως
3543 1943 3652 2015 (92)
3704 1939 3776 1995 ἐπὶ

395 2028 608 2101 inquit,
640 2034 698 2087 et
725 2031 997 2103 intellige.
1026 2034 1335 2105 Equitatis
1367 2035 1573 2107 genius
1606 2036 1751 2091 lenis
1784 2037 1894 2108 (93)
1951 2054 1979 2091 e

2180 2035 2243 2102 ἠν
2291 2032 2512 2110 καρδίαν
2565 2055 2659 2088 σου
2707 2028 2899 2107 ἀναϐῇ,
2951 2031 3143 2093 εὐθέως
3182 2030 3343 2087 λαλεῖ
3376 2030 3517 2103 μετᾶ
3544 2034 3635 2085 σοῦ
3664 2027 3765 2105 περὶ

392 2124 447 2172 et
472 2120 853 2185 verecundus,
880 2126 1222 2177 mansuetus
1246 2126 1300 2177 et
1321 2123 1555 2194 quietus
1577 2125 1708 2196 (9’1).
1729 2128 1872 2179 Cum
1898 2142 1977 2197 erg

2184 2122 2518 2194 ικαιοσύνης,
2566 2122 2688 2196 περὶ
2739 2121 2972 2197 ἁγνείας,
3030 2120 3153 2191 περὶ
3185 2118 3549 2192 σεμνότητος,
3578 2118 3662 2173 καὶ
3690 2139 3766 2172 πε-

389 2207 447 2261 in
482 2224 580 2263 cor
612 2212 775 2264 tuum
800 2211 1141 2281 ascenderit,
1167 2211 1439 2269 continuo
1461 2212 1723 2285 loquitur
1744 2219 1936 2269 tecum
1961 2232 1974 2269 (

2183 2213 2198 2266 ὶ
2244 2212 2584 2287 αὐταρκείας,
2632 2212 2720 2266 καὶ
2764 2210 2887 2285 περὶ
2937 2210 3136 2271 παντὸς
3181 2207 3341 2283 ἔργου
3401 2205 3633 2275 δικαίου,
3694 2207 3766 2261 καὶ

383 2296 637 2367 justitia,
670 2298 739 2352 de
772 2298 1071 2368 pudicitia,
1105 2301 1175 2355 de
1214 2303 1497 2365 castitate,
1550 2304 1620 2357 de
1651 2303 1968 2375 benignitat

2188 2303 2267 2377 ερὶ
2318 2307 2496 2371 πάσης
2545 2300 2742 2377 ἀρετῆς
2801 2297 3038 2370 ἐνδόξου.
3090 2302 3264 2353 Ταῦτα
3316 2301 3495 2352 πάντα
3545 2296 3661 2351 ὅταν
3706 2295 3768 2356 εἰς

388 2384 459 2440 de
490 2386 657 2441 venia
686 2387 912 2458 (95),'de
934 2387 1217 2444 charitate
1237 2395 1293 2444 et
1322 2391 1393 2445 de
1421 2390 1652 2462 pietate.
1686 2394 1812 2447 Haec
1835 2409 1971 2447 omn

2181 2393 2240 2460 ἠν
2289 2389 2511 2464 καρδίαν
2560 2411 2655 2443 σου
2705 2383 2899 2463 ἀναϐῇ,
2946 2387 3177 2463 γίνωσκε
3232 2387 3315 2442 ὅτι
3356 2388 3384 2441 ὁ
3438 2383 3665 2460 ἅγγελος
3684 2392 3766 2452 τῆς

389 2489 521 2528 cum
555 2476 923 2531 ascenderint
952 2476 1013 2530 in
1065 2493 1162 2531 cor
1192 2482 1381 2546 tuum,
1439 2479 1583 2534 scito
1615 2482 1769 2550 quod
1825 2481 1974 2553 genii

2180 2479 2489 2549 ικαιοσύνης
2552 2480 2685 2552 μετὰ
2733 2484 2828 2532 σοῦ
2874 2477 3033 2533 ἐστιν.
3086 2474 3267 2549 τούτῳ
3315 2475 3407 2530 οὖν
3463 2474 3669 2529 πίστευε
3693 2473 3765 2527 καὶ

388 2563 680 2633 aequitatis
701 2568 894 2619 tecum
917 2570 1005 2620 est
1030 2584 1041 2621 :
1068 2566 1203 2622 huic
1226 2584 1359 2640 ergo
1382 2568 1552 2639 genio
1574 2570 1742 2625 crede
1772 2574 1829 2625 et
1850 2586 1973 2642 open

2181 2576 2255 2632 οἷς
2308 2567 2489 2645 ἔργοις
2540 2568 2723 2636 αὐτοῦ,
2778 2567 2867 2621 καὶ
2918 2566 3178 2643 ἐγκρατὴς
3230 2564 3394 2619 αὐτοῦ
3446 2568 3617 2641 γενοῦ.
3655 2566 3766 2637 Ὅρα

390 2651 501 2705 bus
531 2652 680 2722 ejus.
711 2653 919 2726 Accipe
976 2672 1129 2711 nunc
1159 2660 1215 2711 et
1262 2657 1415 2729 genii
1466 2657 1793 2730 iniquitatis
1832 2676 1971 2732 oper

2179 2659 2231 2713 ὗν
2281 2659 2370 2714 καὶ
2420 2662 2515 2711 τοῦ
2560 2656 2801 2731 ἀγγέλου
2832 2658 2928 2725 τῆς
2961 2653 3227 2731 πονηρίας
3286 2655 3354 2709 τὰ
3382 2650 3541 2728 ἔργα.
3573 2656 3764 2726 Πρῶτον

390 2740 655 2797 Primum
687 2742 1269 2808 amarus,iracundus
1300 2750 1355 2801 et
1376 2747 1625 2803 stolidus
1651 2753 1757 2814 est,
1785 2754 1840 2804 et
1856 2766 1975 2820 opei

2182 2749 2352 2802 άντων
2405 2745 2671 2821 ὀξύχολός
2719 2745 2828 2799 ἐστι
2884 2744 2974 2798 καὶ
3001 2744 3194 2819 πικρὸς
3225 2741 3314 2797 καὶ
3347 2743 3561 2820 ἄφρων,
3589 2740 3671 2795 καὶ
3712 2741 3764 2795 τὶ

388 2828 547 2885 illius
581 2831 903 2903 perniciosa
933 2837 1091 2902 sunt,
1125 2839 1180 2889 et
1209 2840 1476 2891 evertunt
1505 2854 1699 2894 servos
1732 2838 1848 2893 Dei.
1882 2838 1963 2893 Cu

2177 2857 2269 2914 σγα
2310 2836 2474 2891 αὐτοῦ
2522 2834 2754 2910 πονηρὰ,
2806 2831 3241 2910 καταστρέφοντα
3275 2830 3403 2893 τοὺς
3434 2828 3663 2891 δούλους
3685 2834 3762 2883 τοῦ

386 2933 523 2988 ergo
556 2919 615 2974 in
646 2936 744 2976 cor
770 2924 940 2976 tuum
998 2924 1366 2979 ascenderint
1416 2925 1557 2993 haec,
1617 2925 1906 2998 intelliges
1954 2944 1971 2982 ε

2182 2931 2295 2983 εοῦ.
2344 2927 2507 2983 Ὃταν
2561 2923 2721 2986 αὐτὸς
2772 2922 2859 2977 ἐπὶ
2897 2924 2996 2991 τὴν
3026 2920 3248 2997 καρδίαν
3282 2941 3377 2975 σου
3410 2915 3615 2993 ἀναϐῇ,
3640 2922 3762 2993 γνῶ-

387 3008 664 3080 Operibus
692 3009 1002 3080 ejus,hunc
1034 3027 1161 3067 esse
1182 3013 1418 3085 genium
1449 3015 1778 3087 iniquitatis
1799 3016 1932 3089 (96).
1958 3018 1972 3071 l

2179 3036 2191 3068 ι
2236 3014 2395 3069 αὐτὸν
2446 3013 2534 3069 ἐπὶ
2583 3018 2690 3067 τῶν
2743 3008 2915 3087 ἔργων
2947 3010 3225 3068 αύτοῦ.....
3261 3014 3384 3072 Πῶς
3418 3010 3583 3085 Κύριε
3608 3010 3762 3077 νοήσω

394 3060 452 3080 'r
505 3060 515 3062 ν
602 3060 613 3061 η
637 3060 660 3063 -
698 3060 740 3080 νυ
756 3060 999 3075 νή-ι-ν--ν
1037 3060 1160 3067 τ--ν
1182 3060 1418 3085 ον···“·····
1450 3060 1778 3087 ⁸⁶⁶⁸Ἴ““¹“⁴“¹¹⁵“’
1800 3060 1932 3089 \""l'
1959 3060 1975 3071 ⁸

390 3097 506 3152 dixi
528 3097 577 3152 ei
605 3115 618 3153 ι
648 3099 771 3163 Quo
801 3100 995 3167 modo,
1040 3101 1293 3170 domine,
1324 3102 1646 3175 intelligam
1666 3104 1693 3158 ?
1740 3105 1912 3173 Audi,
1944 3104 1975 3159 ii

2181 3103 2301 3159 ύτύν
2326 3123 2341 3173 ;
2376 3102 2531 3179 Λέγει
2556 3122 2568 3135 ’
2634 3060 2795 3157 ἄκουέ
2818 3060 3198 3175 ⁵λεπτομερῶς
3228 3100 3318 3153 καὶ
3349 3060 3671 3175 [προξεχῂ]
3696 3096 3763 3173 γί-

396 3187 544 3258 quit,
574 3191 630 3242 et
658 3187 935 3260 intellige.
968 3190 1112 3245 Cum
1143 3190 1447 3247 iracundia
1465 3192 1572 3247 tibi
1602 3193 1909 3248 accesserit
1931 3210 1981 3249 al

2179 3214 2256 3248 ου·
2310 3196 2469 3248 Ὅταν
2505 3189 2770 3267 ὀξυχολία
2816 3188 2900 3245 σοί
2927 3210 3011 3251 τις
3071 3186 3368 3265 προσέλθῃ,
3399 3187 3439 3256 ἢ
3474 3187 3675 3262 πικρία.
3700 3184 3764 3261 γί-

395 3276 747 3343 amaritudo,
768 3275 1025 3350 intellige
1046 3295 1180 3334 eum
1202 3280 1259 3334 in
1284 3284 1341 3336 te
1361 3296 1488 3337 esse
1508 3282 1621 3355 (97)
1645 3299 1658 3337 :
1694 3282 1903 3338 deinde
1932 3298 1980 3339 οι

2176 3304 2315 3338 ωσκε
2359 3281 2441 3338 ὅτι
2489 3280 2648 3344 αὐτός
2700 3279 2837 3336 ἐστιν
2888 3278 2940 3335 ἐν
2972 3278 3056 3333 σοί
3081 3299 3093 3312 ·
3132 3277 3247 3333 εἶτα
3277 3274 3478 3333 λοιπὸν
3514 3274 3761 3349 ἐπιθυμίαι

392 3364 607 3436 piditas
639 3364 959 3422 multorum
989 3383 1230 3439 operum
1262 3369 1373 3441 (98)
1405 3374 1463 3425 et
1493 3371 1851 3443 optimorum
1882 3372 1972 3428 cib

2178 3372 2384 3450 τράξεων
2459 3368 2714 3442 πολλῶν,
2790 3368 2880 3425 καὶ
2953 3365 3284 3423 πολυτέλεια
3338 3363 3645 3440 ἐδεσμάτων
3688 3362 3763 3418 καὶ

391 3471 521 3509 rum
554 3459 609 3510 et
634 3455 982 3511 ebrietatum
1032 3456 1165 3529 (99),
1190 3461 1247 3513 et
1275 3460 1605 3531 appetentia
1642 3462 1791 3532 (100)
1826 3460 1974 3516 mult

2179 3460 2455 3537 ραιπαλῶν
2514 3457 2766 3533 πολλῶν,
2833 3457 2921 3513 καὶ
2990 3453 3259 3511 ποικίλων
3309 3460 3554 3534 τροφῶν,
3591 3453 3674 3509 καὶ
3714 3451 3764 3508 οὗ

388 3559 517 3598 rum
549 3561 745 3599 rerum
776 3544 1120 3613 alienarum,
1153 3551 1209 3602 et
1230 3548 1523 3620 superbia,
1545 3553 1601 3605 et
1631 3548 1968 3623 multiloqui

2177 3550 2371 3605 εόντων
2436 3548 2526 3604 καὶ
2602 3547 2881 3621 ἐπιθυμίαι
2943 3548 3233 3621 γυναικῶν,
3299 3543 3389 3599 καὶ
3468 3540 3762 3613 πλεονεξίαι,

388 3636 442 3687 et
472 3633 713 3689 ambitio
745 3633 842 3705 (1),
875 3639 932 3689 et
962 3652 1324 3708 quaecunque
1353 3636 1425 3693 iis
1457 3636 1677 3693 similia
1708 3644 1866 3695 sunt.
1902 3643 1973 3695 Ha

2178 3636 2481 3716 περηφανία
2510 3658 2569 3693 τε
2597 3636 2687 3692 καὶ
2730 3634 3041 3705 ἀλαζονεία,
3082 3636 3172 3689 καὶ
3221 3634 3320 3688 ὃσα
3347 3632 3568 3694 τούτοις
3616 3651 3763 3716 παρα-

390 3736 525 3791 ergo
548 3738 681 3776 cum
706 3723 764 3778 in
788 3739 885 3779 cor
904 3728 1070 3779 tuum
1094 3726 1482 3793 ascenderint,
1512 3728 1769 3799 intellige
1792 3730 1975 3802 geniu:

2179 3715 2372 3798 inﬂato?
2419 3731 2593 3781 Ταῦτα
2650 3726 2739 3781 οὖν
2791 3724 2914 3779 ὅταν
2948 3723 3036 3779 ἐπὶ
3072 3725 3172 3792 τὴν
3204 3720 3425 3797 καρδίαν
3470 3743 3565 3777 σου
3594 3715 3764 3792 ἀναϐῇ,

387 3810 719 3881 iniquitatis
750 3816 944 3867 tecum
995 3829 1143 3869 esse.
1201 3815 1285 3869 Tu
1318 3831 1453 3888 ergo
1511 3832 1645 3871 cum
1693 3833 1972 3889 cognover

2180 3816 2387 3886 ίνωσκε,
2434 3815 2516 3871 ὅτι
2575 3814 2811 3891 ἄγγελος
2860 3820 2958 3883 τῆς
3004 3812 3272 3888 πονηρίας
3312 3811 3454 3867 ἐστὶν
3489 3811 3541 3865 ἐν
3575 3809 3673 3866 σοί.
3703 3806 3764 3862 Σὺ

390 3914 564 3969 Opera
594 3898 773 3967 illius,
807 3902 1008 3956 recede
1048 3902 1121 3957 ab
1163 3902 1281 3959 illis
1340 3904 1637 3972 omnibus,
1685 3910 1741 3960 et
1771 3905 1915 3961 nihil
1948 3906 1975 3961 il

2179 3907 2233 3961 ὗν
2287 3904 2534 3982 ἐπιγνοὺς
2581 3905 2650 3960 τὰ
2695 3900 2830 3980 ἔργα
2870 3902 3056 3975 αὐτοῦ,
3088 3901 3298 3957 ἀπόστα
3336 3901 3427 3955 ἀπ’
3460 3900 3640 3971 αὐτοῦ,
3690 3896 3764 3951 καὶ

393 3988 560 4043 crude
587 4006 598 4055 ;
633 3988 770 4061 quia
800 3989 955 4045 mala
984 3996 1124 4047 sunt
1156 4008 1331 4064 opera
1377 3992 1557 4064 illius,
1590 3999 1645 4049 et
1676 4012 1791 4050 non
1824 4012 1978 4052 conw

2181 3992 2314 4065 ,ηδὲν
2365 3994 2511 4066 αύτῷ
2558 3993 2794 4048 πίστευε.
2841 3997 3029 4069 Ἔχεις
3079 3988 3173 4046 οὗδ
3205 3987 3534 4068 ἀμφοτέρων
3563 3992 3662 4043 τῶν
3690 3985 3766 4061 ἀγ-

395 4076 565 4131 niunt
596 4094 758 4134 servo
789 4078 910 4135 Dei.
940 4081 1128 4136 Habes
1160 4098 1296 4154 ergo
1318 4086 1698 4154 utrorumque
1726 4085 1980 4156 geniorui

1279 4086 1698 4154 )utl‘orumque
1726 4085 2031 4156 geniorum
2140 4083 2319 4161 γέλων
2354 4084 2444 4146 τὰς
2476 4080 2737 4159 ἐνεργείας

391 4179 567 4236 opera
596 4167 692 4240 (2).
726 4168 988 4242 Intellige
1019 4187 1194 4239 nunc,
1227 4175 1282 4227 et
1320 4171 1487 4227 crede
1517 4172 1686 4245 genio
1715 4175 2030 4255 aequitatis,

1553 4272 1798 4329 VARIzE
1843 4273 2222 4331 LECTIONES
2261 4274 2353 4329 ET
2391 4271 2626 4329 NOTAE.

472 4354 582 4433 (88)
615 4355 749 4433 Leg.
785 4358 979 4433 potius
1006 4362 1402 4418 continentiam
1428 4361 1516 4418 vel
1551 4362 1946 4419 abstinentiam
1974 4380 2043 4419 ex
2150 4366 2316 4419 vetus
2343 4362 2651 4433 interpres.

401 4428 863 4512 mead..i,‘et‘ex
887 4431 1100 4512 Graecis
1122 4434 1696 4512 pseudo-Athanasii.
1729 4435 1821 4489 sic
1850 4434 2041 4490 visum
2223 4434 2338 4512 (ἓξ)
2368 4428 2573 4512 Lamb.
2608 4431 2854 4512 et_B_odl.
2891 4430 3255 4512 indulgentia.
3337 4501 3367 4512 η
3528 4502 3538 4512 η

398 4498 696 4583 Fabricio:
730 4501 813 4583 sic
847 4509 904 4558 et
931 4498 1140 4583 wakio
1171 4506 1326 4578 apud
1358 4505 1713 4563 Russelium.
2153 4577 2169 4583 _
2368 4505 2571 4583 Lamb.
2604 4498 3145 4583 intelliges‘euln'afi
3186 4501 3625 4583 operibus-em...
3648 4498 3767 4583 galia

467 4572 582 4648 (89)
615 4573 812 4648 Lamb-
846 4579 1135 4648 quoniam.
1207 4568 1227 4578 ’
1973 4647 1977 4648 ν
2149 4568 2237 4632 hic
2265 4568 2343 4632 est
2372 4577 2602 4631 nuntius
2624 4568 2959 4648 iniquitatis.
2983 4573 3077 4630 Sic
3097 4577 3155 4628 et
3186 4568 3324 4629 Felli
3343 4568 3543 4629 editio.
3564 4568 3764 4623 Videsis

465 4645 723 4725 (90)Ista
773 4647 1381 4725 pseudo-Athanasius
1429 4648 1937 4725 continuosubdit
1966 4647 2040 4725 iis
2147 4653 2384 4725 Graeca:
2508 4718 2521 4725 _
2910 4717 2920 4725 .
3000 4724 3005 4725 γ
3134 4715 3240 4725 ___
3356 4719 3366 4725 Δ

396 4730 521 4791 quia
557 4718 726 4791 modo
760 4711 827 4772 ex
854 4789 861 4791 _
884 4718 1012 4790 ipso
1070 4719 1403 4785 retulimus,
1435 4737 1469 4775 a
1527 4719 1767 4791 reliquis
1798 4722 2041 4775 Pastoris
2220 4720 2332 4791 (97)
2362 4718 2564 4791 Lamb.
2600 4719 2731 4789 quia
2752 4719 2868 4791 ipse
2898 4717 2958 4770 in
2988 4724 3035 4772 te
3064 4719 3165 4770 est.
3199 4715 3287 4772 Ita
3316 4719 3375 4772 et
3404 4714 3581 4771 editio
3609 4711 3763 4768 Oxon.

395 4788 717 4844 editoribus
748 4788 986 4844 omissa.
1024 4791 1150 4844 Haec
1182 4791 1317 4845 item
1351 4792 1553 4847 recitat
1586 4788 1905 4846 Aiitiochus
1931 4791 2039 4845 ho-
2220 4788 2331 4858 (98)
2363 4790 2471 4845 Ms.
2502 4788 2692 4846 Carm.
2724 4788 3029 4844 multarum
3057 4803 3242 4858 opum.

399 4859 522 4912 mil.
555 4860 644 4941 6t.
681 4860 947 4941 Laudant
971 4866 1181 4941 autem
1234 4862 1416 4941 hunc_
1441 4864 1664 4941 Hermae.
1690 4862 1882 4941 locum
1914 4862 2039 4917 Ori-
2218 4859 2620 4941 (99)prdl._et
2652 4860 3226 4941 Lamb..ebrie’t‘qtcs._.
3379 4928 3418 4941 ἥ
3455 4927 3494 4941 η
3600 4925 3611 4937 _

402 4946 577 5000 genes
612 4931 822 5004 homil.
844 4934 934 4998 35,
958 4935 1017 4987 in
1037 4934 1261 5000 Lucam,
1296 4939 1352 4988 et
1379 4935 1452 4990 De
1472 4935 1791 5004 principiis,
1820 4935 1917 4989 lib.
1954 4951 2039 5002 111,
2222 4927 2369 5004 (100)
2403 4934 2607 4989 Lamb.
2638 4932 2991 4988 desiderium.
3030 4930 3123 4987 Sic
3153 4929 3327 5004 etiam
3379 4927 3569 4983 Fellus
3597 4927 3763 5004 in_sua

404 4997 531 5071 cap.
579 5006 633 5056 2.
668 4997 982 5077 cassianus
1031 4997 1256 5060 Collatf
1281 5022 1402 5070 vm,
1434 4997 1557 5077 cap.
1618 4997 1704 5073 1'7,
1748 4997 1804 5061 et
1833 4997 2039 5077 Collat'.
2152 4997 2290 5060 edit.
2328 4997 2487 5077 Quod
2520 5009 2715 5060 autem
2748 5004 3033 5077 sequitur,
3064 5003 3366 5077 multarnm
3398 5017 3602 5077 rerum,
3633 4997 3758 5077 Cirt-

398 5068 526 5149 xiii,
555 5090 682 5145 cap.
717 5076 811 5149 12.7
840 5080 1085 5149 Prosper
1108 5080 1300 5149 contr.
1353 5068 1570 5142 ϐοιιαὶη
1604 5068 1730 5149 cap.
1772 5079 1858 5130 30.
1891 5076 2043 5149 Beda
2152 5093 2219 5131 ca
2248 5068 2374 5131 tum
2406 5076 2519 5134 hic.
2552 5080 2679 5131 tum
2711 5068 3032 5149 mogapud
3075 5072 3449 5149 Antiochum.
3484 5068 3759 5149 legendum

397 5145 465 5199 ml
493 5146 604 5200 Aut.
627 5143 739 5211 ιω,
770 5148 855 5212 15,
891 5151 947 5202 et
985 5143 1351 5203 'Walaf'ridus
1399 5149 1624 5216 Strabo,
1656 5143 1705 5205 ν.
1739 5149 1863 5202 675.
1899 5147 2044 5203 Vide
2153 5150 2421 5214 suadent,
2480 5151 2753 5203 monente
2806 5144 2890 5203 Cl.
2914 5143 3241 5214 'Cotelerio,
3270 5145 3568 5200 mulierum
3608 5143 3655 5196 et
3691 5152 3756 5191 re-

397 5217 673 5272 V‘vterum
702 5218 923 5273 testim.
2152 5237 2297 5274 rum.

466 5290 747 5363 (ili),Mss.
773 5290 989 5357 Carm.,
1012 5288 1183 5361 Vict.,
1210 5292 1404 5346 Lamb.
1430 5295 1486 5345 et
1509 5290 1719 5363 Fellus,
1748 5292 1960 5359 nuntii,
1987 5293 2045 5345 et
2224 5291 2299 5363 (1)
2336 5289 2530 5363 Lamb.
2564 5289 2952 5344 ambitiositas.

396 5360 476 5414 sic
509 5362 842 5439 deinceps._
1094 5432 1105 5439 _
1310 5434 1318 5439 Δ
1393 5434 1423 5439 Δ-
1504 5433 1516 5439 _
1702 5360 1713 5363 ⁷
2222 5360 2300 5439 (ἓ)
2336 5362 2531 5439 Lamb.
2564 5370 2856 5439 utrumque
2884 5360 3147 5439 nuntium
3175 5374 3415 5439 Operam:
3454 5428 3466 5439 _
3527 5428 3537 5439 θ
3580 5426 3591 5439 .

2248 5428 2304 5503 3)
2337 5433 2582 5503 Reliqua
2611 5428 2807 5487 Graeca
2840 5448 2967 5503 quas
2999 5430 3091 5486 bis
3123 5428 3323 5487 subdit
3376 5428 3750 5503 Fabricium}!

464 5434 576 5513 (9:2)
782 5430 963 5513 ούτος,
1000 5437 1062 5513 ut
1093 5432 1267 5513 habet
1292 5433 1643 5513 Antiochus;
1795 5508 1804 5513 _
2033 5506 2043 5513 _

2225 5430 2304 5506 (3)
2337 5433 2582 5513 Reliqua
2611 5437 2807 5513 Graeca
2840 5448 2967 5513 quas
2999 5430 3091 5486 bis
3123 5430 3323 5487 subdit
3376 5430 3698 5513 Fabricium}

466 5450 576 5501 (ιιι)
612 5450 687 5488 Le
735 5475 746 5487 .
782 5450 963 5497 ουτος,
1000 5450 1062 5487 ιη
1093 5450 1267 5487 nanet
1292 5450 1637 5489 ADLIOCDUS.
2225 5450 2304 5506 (ό)
2338 5450 2582 5503 neuqua
2611 5450 2807 5487 uraeca
2840 5450 2967 5513 quae
2999 5450 3091 5486 D18
3123 5450 3323 5487 suntm.
3376 5450 3747 5505 ranUlua,.u

466 5506 577 5571 (93)
607 5450 764 5560 ιιοὲι.
799 5508 854 5559 et
876 5504 1073 5558 Lamb.
1102 5508 1255 5577 tener
1276 5522 1383 5577 pro
1412 5507 1579 5577 plenis.
1604 5504 1757 5560 Editi
1787 5508 1939 5561 tener
1969 5506 2046 5559 est
2154 5521 2335 5577 eoque
2367 5505 2622 5560 Clericus
2651 5508 2708 5559 et
2739 5503 3080 5577 Busselius,_
3111 5521 3235 5577 non
3276 5504 3411 5557 sunt
3439 5517 3507 5577 ex_
3536 5501 3747 5577 Deam}!

402 5579 450 5648 et
483 5567 641 5630 lenis.
670 5576 1032 5648 Alterutrum
1067 5567 1375 5632 redundat.
1407 5576 1602 5648 Neque
1633 5577 1799 5633 aliter
1828 5578 2043 5632 Graeca.
2153 5567 2601 5631 ad.Anti0chum
2649 5567 3362 5648 verbotenusddescripta,
3410 5572 3509 5627 sed
3557 5567 3741 5648 enitet-

400 5647 855 5729 Sialet‘Felllis.‘
1024 5719 1034 5729 ,
1330 5718 1343 5729 ι
1478 5644 1524 5729 _'
1705 5718 1794 5729 η,
2030 5722 2039 5729 ,
2155 5648 2364 5729 ίιιςθτρ-
2397 5645 2926 5729 abi2§0_Fab_rjci0
2969 5644 3458 5729 θειοτωαράορυω
3490 5644 3743 5729 Ριῗορὲθω

474 5718 585 5789 (94)
616 5722 811 5776 Graec.
842 5716 1089 5796 ἰσχυρός.
1124 5718 1442 5778 Antiochus
1474 5724 1669 5779 tamen
1694 5718 1951 5795 ἡσύχως,
1984 5722 2048 5776 ut

2155 5704 2487 5791 rejecimus,
2518 5704 2602 5778 Cl.
2636 5717 3056 5777 Montfauconii
3096 5704 3442 5777 sententiam
3474 5704 3663 5771 tecta.
