4014 6226
291 387 410 450 929
1295 384 1897 449 PASTOR.—LIB.
1949 387 2022 458 ll,
2073 383 2518 446 MANDATUM
2561 383 2693 446 VII.

3575 389 3700 451 930

287 521 434 594 quia
463 519 732 576 doctrina.
759 507 918 576 illius
942 519 1098 576 bona
1124 521 1234 576 est.
1269 519 1430 575 Licet
1459 517 1614 574 enim
1648 517 1726 574 sit
1757 515 2130 573 felicissimus
2149 515 2344 580 homo,
2378 518 2436 570 et
2464 513 2736 586 cogitatio
2764 514 3006 572 alterius
3036 516 3190 588 genii
3214 519 3493 575 ascendat
3515 520 3570 575 in
3602 537 3699 578 cor

287 611 497 678 illius;
530 614 758 681 oportet
783 609 950 664 illum
982 609 1171 665 virum
1205 614 1306 664 aut
1337 608 1638 663 mulierem
1675 623 1928 679 peccare.
1961 606 2022 661 Si
2053 613 2247 660 autem
2280 605 2454 660 etiam
2489 605 2884 676 nequissimus
2914 607 3000 660 vir
3029 608 3204 662 fuerit
3235 615 3336 663 aut
3378 608 3609 676 mulier,
3642 616 3698 665 et

290 697 667 756 ascenderint
693 697 754 754 in
779 715 878 754 cor
897 697 1056 754 illius
1086 714 1261 770 opera
1291 697 1447 770 genii
1479 695 1792 768 aequitatis,
1819 711 2054 751 necesse
2093 697 2201 760 est,
2236 693 2403 748 illum
2443 699 2546 749 aut
2577 693 2738 749 illam
2796 694 3017 766 aliquid
3069 695 3204 751 boni
3260 696 3468 753 facere.
3519 698 3694 754 Vides

286 804 451 862 ergo,
485 787 638 858 quod
669 787 888 842 bonum
920 790 1027 855 est,
1060 786 1299 859 genium
1331 785 1622 858 aequitatis
1653 783 1838 857 sequi.
1867 783 1927 838 Si
1957 799 2091 856 ergo
2124 782 2289 837 illum
2321 787 2558 837 secutus
2588 781 2788 848 fueris,
2821 789 2878 838 et
2905 783 3222 841 credideris
3243 785 3516 858 operibus
3538 786 3695 842 illius

285 877 448 934 vives
480 877 630 932 Deo:
665 880 723 932 et
751 875 852 947 qui
886 875 1240 932 crediderint
1269 875 1543 948 operibus
1573 873 1757 943 illius,
1791 872 1983 929 vivent
2017 877 2128 928 Deo

1612 993 1962 1056 ANTIOCHUS,
2010 989 2239 1045 homilia
2295 989 2356 1043 6t
2373 1031 2386 1044 .

371 1088 476 1146 Δύο
508 1087 609 1166 γάρ
641 1088 773 1145 εἶσιν
807 1084 1028 1166 ἄγγελοι
1063 1089 1195 1163 μετὰ
1221 1093 1318 1144 τοῦ
1348 1088 1656 1165 ἀνθρώπου·
1716 1088 1789 1148 εἷς
1840 1093 1938 1156 τῆς

2060 1092 2173 1143 Duo
2196 1089 2341 1143 enim
2381 1091 2509 1143 sunt
2545 1089 2738 1157 angeli
2781 1105 2905 1145 cum
2951 1091 3170 1146 homine
3196 1108 3215 1147 .·
3261 1110 3405 1150 unus
3451 1096 3695 1166 aequita-

299 1177 667 1249 δικαιοσύνης,
702 1179 778 1240 εἷς
805 1185 906 1248 τῆς
937 1178 1217 1255 πονηρίας.
1251 1177 1350 1232 Καὶ
1391 1179 1418 1232 6
1452 1179 1546 1250 μὲν
1594 1184 1694 1247 τῆς
1735 1174 1940 1231 δικαιο-

2060 1179 2160 1238 tis;
2191 1193 2334 1232 unus
2365 1178 2698 1249 iniquitatis.
2735 1182 2810 1233 Et
2855 1182 3132 1252 wq-uitatis
3181 1183 3399 1254 quidem
3444 1185 3692 1255 angelus,

301 1270 463 1338 σύνης
512 1266 765 1344 ἄγγελος,
796 1267 1183 1344 αἰσχυντηρὸς,
1213 1267 1301 1322 καὶ
1349 1266 1543 1343 πραῢς,
1573 1266 1662 1321 καὶ
1708 1265 1944 1341 ἡσύχιός

2060 1267 2380 1322 verecundus
2409 1269 2505 1338 est,
2529 1271 2840 1324 mansuetus
2867 1273 2918 1325 et
2965 1271 3201 1341 quietus.
3253 1271 3392 1327 Cum
3434 1289 3559 1345 ergo
3609 1273 3697 1329 hic

300 1356 458 1413 ἐστιν.
493 1359 653 1411 Ὅταν
678 1355 769 1412 οὖν
802 1356 959 1418 οὗτος
991 1355 1078 1411 ἐπὶ
1107 1358 1207 1426 τήν
1241 1355 1460 1432 καρδίαν
1511 1360 1607 1412 τοῦ
1655 1355 1944 1430 ἀνθρώπου

298 1441 492 1518 ἀναϐῇ,
545 1445 738 1507 εὐθέως
780 1443 943 1500 λαλεῖ
999 1447 1112 1519 μετ’
1159 1445 1322 1501 αὐτοῦ
1386 1445 1509 1521 περὶ
1573 1443 1941 1515 δικαιοσύνης,

293 1535 422 1609 περὶ
471 1534 704 1609 ἁγνείας,
754 1533 877 1610 περὶ
928 1534 1277 1607 σεμνότητος,
1308 1535 1432 1610 περί
1480 1533 1816 1609 αὐταρκείας,
1847 1554 1942 1587 πε-

298 1623 353 1700 ρὶ
401 1624 624 1693 παντὸς,
657 1622 815 1700 ἔργου
868 1621 1099 1695 δικαίου,
1147 1622 1270 1699 περὶ
1318 1622 1494 1693 πάσης
1539 1623 1734 1697 ἀρετῆς
1795 1619 1942 1676 ἐνδό-

297 1713 414 1784 ξου.
445 1716 606 1768 ’Όταν
637 1710 728 1767 οὖν
766 1717 934 1768 ταῦτα
963 1714 1132 1767 πάντα
1163 1712 1248 1767 ἐπὶ
1278 1714 1377 1782 τὴν
1428 1709 1650 1788 καρδίαν
1700 1716 1797 1766 τοῦ
1853 1711 1944 1766 ἀν-

300 1803 525 1878 θρώπου
558 1796 751 1875 ἀναϐῇ,
785 1799 1047 1878 ἀρίδηλόν
1077 1801 1240 1872 ἐστιν,
1273 1800 1357 1857 ὅτι
1388 1802 1416 1856 ὁ
1447 1799 1676 1878 ἄγγελος
1715 1807 1815 1870 τῆς
1862 1797 1943 1854 δι-

296 1889 590 1962 καιοσύνης
653 1895 763 1963 μετ’
826 1889 990 1945 αὐτοῦ
1048 1889 1179 1947 ἐστι.
1233 1893 1346 1948 Τοῦ
1412 1887 1469 1945 δὲ
1543 1889 1773 1967 ἀγγέλου
1845 1897 1946 1958 τῆς

298 1979 568 2054 πονηρίας
595 1980 663 2034 τὰ
690 1975 842 2055 ἔργα·
877 1983 1098 2055 Πρῶτον
1130 1981 1343 2034 πάντων
1387 1977 1654 2055 ὀξύχολός
1693 1978 1822 2042 ἐστι,
1854 1978 1943 2033 καὶ

298 2069 516 2144 πικρὸς,
547 2068 636 2123 καὶ
685 2069 890 2147 ἄφρων,
940 2068 1029 2123 καὶ
1075 2068 1142 2124 τὰ
1189 2067 1320 2145 ἔργα
1361 2069 1526 2124 αὐτοῦ
1567 2070 1800 2142 πονηρὰ,
1848 2089 1942 2123 κα-

299 2157 662 2233 ταστρέφοντα
689 2155 816 2219 τοὺς
847 2153 1079 2220 δούλους
1108 2162 1206 2212 τοῦ
1249 2163 1403 2214 Θεοῦ.
1437 2160 1596 2212 Ὅταν
1647 2155 1738 2211 οὖν
1791 2157 1946 2218 οὗτος

302 2247 392 2301 ἐπὶ
433 2243 655 2322 καρδίαν
702 2246 993 2322 ἀνθρώπου
1040 2241 1231 2318 ἀναϐῇ,
1263 2244 1346 2301 δεῖ
1389 2251 1590 2321 γνῶναι
1649 2247 1806 2301 αὐτὸν
1841 2245 1946 2300 ἀπὸ

301 2341 410 2392 τῶν
441 2332 610 2410 ἔργων
645 2333 828 2392 αὐτοῦ.
862 2338 1022 2389 Ὅταν
1047 2335 1148 2412 γὰρ
1191 2335 1455 2410 ὀξυχολία
1495 2335 1579 2398 τίς
1625 2357 1728 2390 τινι
1775 2355 1944 2410 προσ-

2052 1357 2108 1410 in
2129 1371 2222 1410 cor
2249 1355 2489 1410 hominis
2515 1357 2833 1424 ascenderit,
2882 1360 3136 1414 continuo
3182 1361 3426 1431 loquitur
3471 1379 3595 1418 cum
3634 1378 3693 1418 eo

2051 1443 2117 1498 de
2136 1444 2380 1515 justitia,
2407 1443 2471 1498 de
2496 1444 2788 1516 pudicitia,
2819 1446 2884 1501 de
2921 1449 3194 1510 castitate,
3237 1449 3303 1505 de
3346 1452 3693 1521 frugalitate,

2049 1532 2116 1588 de
2144 1533 2295 1587 omni
2322 1549 2478 1604 opere
2498 1533 2666 1603 jus-to,
2697 1536 2765 1590 de
2792 1539 2946 1590 omni
2974 1544 3178 1593 virtute
3207 1539 3528 1610 honoriﬁca.
3569 1545 3698 1596 Haec

2049 1637 2178 1689 ergo
2205 1624 2395 1677 omnia
2422 1638 2548 1676 eum
2575 1625 2919 1680 ascenderint
2944 1629 3001 1680 in
3030 1642 3125 1681 cor
3155 1627 3411 1695 hominis,
3459 1632 3697 1701 mani/e-

2049 1720 2197 1768 stum
2222 1715 2322 1779 est,
2355 1711 2494 1782 quod
2523 1714 2747 1783 angelus
2784 1716 3060 1785 aequitatis
3096 1733 3220 1771 cum
3249 1733 3309 1773 eo
3353 1725 3450 1774 est.
3501 1719 3700 1788 Angeli

2051 1810 2239 1856 autem
2268 1801 2583 1872 iniquitatis
2619 1818 2781 1873 Opera
2827 1807 2996 1858 sunt:
3039 1807 3216 1874 primo
3265 1807 3532 1875 omnium,
3584 1810 3699 1862 ira-

2050 1889 2260 1946 cundus
2288 1898 2386 1956 est,
2422 1894 2474 1945 et
2526 1908 2772 1958 amarus,
2825 1896 2876 1947 et
2919 1893 3189 1962 stolidus;
3234 1898 3284 1950 et
3329 1912 3493 1968 opera
3543 1898 3700 1954 illius

2049 1981 2354 2051 perniciosa
2381 1987 2527 2047 sunt,
2558 1984 2608 2035 et
2635 1984 2888 2037 evertunt
2921 1997 3100 2038 servos
3132 1985 3256 2038 Dei.
3292 1983 3423 2040 Cum
3447 2002 3577 2057 ergo
3609 1987 3697 2041 hic

2052 2071 2108 2124 in
2141 2084 2233 2124 cor
2261 2068 2499 2124 hominis
2526 2070 2847 2138 ascenderit,
2868 2080 3078 2142 oportet
3105 2072 3423 2142 intelligere
3457 2091 3583 2131 eum
3629 2074 3697 2129 ab

2053 2159 2306 2230 cperibus
2332 2158 2467 2229 ejus.
2504 2160 2647 2214 Cum
2675 2161 2822 2215 enim
2853 2161 3106 2230 quadam
3135 2163 3433 2219 iracundia
3472 2163 3699 2219 cui-lam

2056 2249 2356 2313 accesserit,
2379 2250 2476 2302 aut
2509 2249 2870 2315 amaritudo;
2902 2250 3176 2319 intellige.
3209 2268 3336 2307 eum
3373 2253 3434 2308 in
3479 2253 3701 2309 homine

2055 2351 2206 2390 esse:
2236 2336 2429 2391 deinde
2461 2337 2740 2410 cupiditas
2784 2338 3080 2394 multorum
3130 2355 3372 2410 operum.
3421 2349 3473 2397 et
3508 2344 3701 2413 profu-

302 2423 454 2498 έλθῃ,
486 2425 521 2494 ἢ
572 2424 782 2500 πικρία,
815 2428 1056 2502 φανερῶς
1091 2425 1118 2478 6
1156 2429 1404 2487 τοιοῦτος
1454 2424 1505 2479 ἐν
1549 2429 1630 2497 τῷ
1675 2424 1946 2500 ἀνθρώπῳ

305 2510 464 2536 ῙΑμῖγ.-
507 2513 611 2536 -1,“
650 2511 709 2536 2i
738 2515 776 2536 n,
830 2512 902 2536 ,IW
940 2511 1387 2536 i_1,'_,,,,\\"
1482 2514 1570 2536 ,,,,\
1633 2511 1742 2536 i,\,
1774 2511 1946 2536 ,!\n,-.

2060 2426 2135 2479 sio
2155 2425 2452 2480 multorum
2475 2430 2530 2479 et
2557 2427 2884 2495 optimorum
2919 2429 3166 2482 ciborum
3187 2445 3251 2483 ac
3277 2431 3560 2484 variarum
3607 2430 3698 2485 de-

2066 2514 2314 2536 1.⁹-,’,...-...-
2369 2515 2412 2536 ,ι
2447 2516 2746 2536 ---μ-λ-..ι.”..
2778 2516 3067 2536 -__--l.'-___---_
3093 2533 3338 2536 --ημηηη
3407 2519 3469 2536 [σε

302 2510 466 2567 ἐστίν·
502 2513 615 2568 εἶτα
646 2511 905 2586 ἐπιθυμία
933 2513 1172 2588 πράξεων
1201 2511 1451 2588 πολλῶν,
1480 2514 1570 2568 καὶ
1622 2511 1952 2568 πολυτέλεια

308 2598 616 2674 ἐδεσμάτων
646 2599 895 2670 πολλῶν,
929 2601 1017 2656 καὶ
1050 2601 1316 2657 ποικίλων
1357 2607 1594 2681 τρυφῶν,
1624 2601 1713 2657 καὶ
1765 2601 1948 2666 ἐπιθυ-

313 2691 413 2761 μία
453 2695 719 2765 γυναικῶν
770 2691 860 2744 καὶ
907 2690 1249 2764 πλεονεξιῶν,
1301 2692 1390 2746 καὶ
1433 2691 1813 2768 ὑπερηφάνεια,
1860 2691 1950 2745 καὶ

303 2778 612 2848 ἀλαζονεία,
679 2779 768 2834 καὶ
833 2777 930 2834 ὅσα
991 2779 1206 2842 τούτοις
1270 2780 1380 2836 ἐστὶ
1448 2780 1804 2857 παραπλήσια
1862 2777 1951 2834 καί

302 2867 488 2942 ὅμοια.
521 2867 700 2924 Ἀλλά
745 2868 836 2923 καὶ
881 2869 934 2923 αἱ
983 2870 1215 2946 πονηραὶ
1263 2869 1582 2942 ἐνθυμήσεις
1642 2869 1806 2924 αὐτοῦ
1848 2867 1949 2923 εἰσι

302 2964 491 3013 πᾶσαι.
526 2962 866 3034 Προσχῶμεν
899 2957 990 3012 οὖν
1041 2953 1278 3033 ἀκριϐῶς
1319 2960 1550 3027 ἑαυτοῖς,
1580 2959 1670 3013 καὶ
1723 2959 1805 3030 τῷ
1852 2959 1950 3034 ἀγ-

304 3045 456 3122 γέλῳ
499 3048 580 3119 τῷ
617 3047 846 3122 πονηρῷ
897 3047 1307 3122 ἀποταξώμεθα,
1335 3052 1414 3120 τῷ
1450 3047 1673 3124 ἀγγέλῳ
1718 3055 1817 3117 τῆς
1867 3044 1948 3102 δι-

306 3135 600 3206 καιοσύνης
633 3133 1107 3210 ἀκολουθήσωμεν.

2061 2514 2337 2581 liciarum,
2361 2515 2412 2568 et
2440 2516 2749 2585 appetentia
2774 2516 3073 2570 mulierum
3083 2533 3146 2571 ac
3160 2533 3347 2572 rerum
3362 2519 3700 2584 alienarum,

2059 2605 2108 2657 et
2136 2601 2413 2673 superbiat,
2445 2606 2497 2657 et
2525 2603 2770 2674 ambitio,
2801 2609 2852 2659 et
2881 2619 3219 2677 quaecunque
3262 2608 3333 2662 iis
3372 2610 3532 2679 paria
3578 2617 3704 2664 sunt

2058 2707 2123 2745 ac
2171 2691 2404 2745 similia.
2465 2690 2576 2747 Sed
2619 2695 2671 2746 et
2728 2691 2898 2749 malae
2951 2696 3316 2763 cogitationes
3362 2699 3534 2769 ipsius
3579 2707 3707 2754 sunt

2060 2795 2267 2834 omnes.
2299 2780 2461 2835 Nobis
2487 2797 2610 2852 ergo
2659 2781 2964 2850 diligenter
3003 2784 3360 2852 attendamus,
3409 2792 3466 2842 et
3509 2789 3702 2856 angelo

2059 2869 2250 2939 iniquo
2281 2871 2698 2933 renuntiemus;
2741 2873 2999 2942 angelum
3045 2889 3177 2930 vero
3219 2876 3457 2946 justitiae
3502 2892 3704 2948 sequa-

2058 2975 2210 3014 mur.

1722 3235 2135 3292 MANDATUM
2165 3235 2284 3290 VII.

1306 3325 1396 3387 De
1427 3324 1680 3387 timendo
1713 3327 1855 3398 Deo,
1887 3333 1944 3388 et
1970 3324 2224 3386 daemone
2253 3344 2368 3385 non
2387 3324 2710 3387 metuendo.

1725 3439 1952 3496 CAPUT
1993 3440 2289 3496 UNlCUM.

371 3537 446 3604 (4)
475 3529 660 3591 Φοϐοῦ
706 3536 797 3591 τὸν
853 3534 1070 3610 Κύριον,
1115 3536 1205 3591 καὶ
1271 3535 1508 3614 φύλασσε
1564 3536 1660 3598 τὰς
1728 3536 1950 3599 ἐντολὰς

295 3621 480 3678 αὐτοῦ’
529 3624 618 3680 καὶ
669 3621 760 3698 ἔσῃ
807 3623 1028 3688 δυνατὸς
1078 3625 1129 3680 ἐν
1174 3625 1382 3702 πράξει,
1414 3625 1505 3680 καὶ
1546 3627 1581 3694 ἡ
1613 3625 1804 3702 πρᾶξίς
1854 3647 1950 3680 σου

295 3710 615 3788 ἀσύγκριτος
648 3712 814 3769 ἔσται.
849 3709 1203 3786 Φοϐούμενος
1232 3714 1322 3768 τὸν
1356 3713 1576 3790 Κύριον,
1608 3715 1780 3769 πάντα
1810 3712 1953 3770 καλά

297 3801 514 3877 ἐργάσῃ.
549 3801 717 3866 Οὗτός
751 3801 892 3858 ἐστιν
921 3804 948 3858 6
981 3800 1148 3882 φόϐος
1180 3804 1238 3858 ’ὸν
1274 3801 1356 3859 δεῖ
1385 3825 1441 3858 σε
1489 3799 1818 3882 φοϐηθῆναι.
1850 3805 1950 3858 Τὸν

298 3885 555 3945 διάϐολον
592 3893 667 3964 μή
701 3888 970 3970 φοϐηθῇς,
1003 3891 1085 3948 ὅτι
1118 3890 1342 3966 δύναμις
1374 3893 1426 3948 ἐν
1460 3892 1607 3966 αύτῷ
1639 3893 1739 3948 οὐκ
1786 3889 1950 3967 ἔστιν,

298 3977 424 4035 οὐδὲ
453 3975 742 4058 φόϐος.Ἐν
776 3982 822 4054 ᾧ
863 3979 920 4036 δὲ
946 3985 982 4052 ἡ
1007 3980 1232 4056 δύναμις
1328 3978 1560 4056 ἔνδοξος,
1583 3982 1674 4037 καὶ
1708 3977 1876 4057 φόϐος
1901 3982 1952 4037 ἐν

2131 3539 2297 3608 Time,
2320 3538 2532 3610 inquit,
2555 3541 2873 3596 Dominum.
2891 3545 2941 3596 et
2970 3541 3241 3597 mandata
3259 3543 3377 3614 ejus
3403 3544 3614 3600 custodi
3663 3545 3712 3580 ⁸⁸

2062 3629 2309 3684 Servans
2339 3629 2494 3683 enim
2527 3635 2814 3700 praecepta
2849 3630 2969 3699 Dei,
3021 3635 3132 3686 eris
3189 3637 3395 3703 potens
3438 3632 3498 3688 in
3550 3634 3710 3688 omni

2061 3722 2216 3783 actu,
2246 3721 2302 3772 et
2333 3733 2504 3773 omne
2533 3718 2833 3790 negotium
2865 3720 2942 3791 (5)
2968 3719 3078 3775 erit
3109 3719 3583 3792 incomparabile.
3608 3722 3705 3776 Ti-

2063 3821 2228 3860 mens
2259 3804 2414 3859 enim
2449 3803 2787 3872 Dominum,
2821 3805 3018 3860 omnia
3047 3807 3201 3861 bona
3229 3807 3565 3878 operaberis
3613 3808 3710 3876 (6).

2061 3894 2164 3949 Hic
2193 3897 2284 3949 est
2313 3893 2492 3948 timor
2521 3910 2635 3966 quo
2654 3893 2859 3949 timere
2885 3899 3111 3966 oportet
3139 3896 3237 3966 (7),
3271 3900 3334 3950 ut
3364 3895 3561 3952 salvus
3583 3913 3714 3952 esse

2061 3983 2273 4048 possis.
2309 3982 2617 4038 Diabolum
2652 3987 2848 4038 autem
2901 4000 2969 4039 ne
2999 3984 3248 4046 timeas;
3287 3984 3504 4041 timens
3556 3985 3713 4040 enim

295 4069 465 4141 αὐτῷ.
499 4075 609 4131 lli:
649 4070 752 4146 γὰρ
783 4071 812 4125 6
853 4068 1078 4143 δύναμιν
1109 4069 1277 4147 ἔχων,
1307 4073 1396 4126 καὶ
1438 4067 1604 4149 φόϐον
1657 4069 1794 4146 ἔχει·
1832 4073 1860 4126 ὁ
1891 4071 1946 4127 δὲ

2062 4073 2398 4141 Dominum,
2429 4072 2822 4127 dominaberis
2855 4071 3013 4127 illius
3065 4073 3183 4143 (8);
3236 4072 3376 4144 quia
3421 4073 3606 4129 virtus
3652 4073 3714 4129 in

302 4159 376 4230 μή
410 4155 555 4234 ἔχων
585 4156 832 4232 δύναμιν,
865 4160 968 4214 ὑπὸ
1014 4161 1228 4215 πάντων
1277 4166 1736 4238 καταφρονεῖται..
1770 4162 1798 4215 6
1830 4158 1952 4215 δοῦ-

297 4244 402 4309 λος
433 4247 522 4302 οὖν
561 4253 660 4302 τοῦ
692 4248 890 4323 Κυρίου
924 4249 1149 4326 ἰσχυρός
1180 4249 1290 4304 ἐστι
1326 4249 1416 4304 καὶ
1450 4247 1724 4323 [ἔνδοξος].
1759 4244 1946 4321 Φοϐή-

295 4337 420 4405 Θητι
470 4337 562 4390 οὗν
608 4337 700 4392 τὸν
745 4337 961 4414 Κύριον,
997 4338 1086 4393 καὶ
1132 4340 1266 4412 ζήσῃ
1311 4337 1477 4411 αὐτῷ,
1529 4336 1813 4414 φυλάσσων
1852 4339 1947 4400 τὰς

294 4423 517 4487 ἐντολὰς
547 4424 732 4498 αὐτοῦ,
765 4426 842 4489 εἷς
871 4426 1001 4490 τοὺς
1031 4427 1255 4490 αἰῶνας.

2059 4160 2159 4216 illo
2193 4160 2355 4216 nulla
2381 4167 2486 4217 est.
2519 4161 2580 4216 1n
2614 4177 2728 4233 qu)
2757 4166 2948 4217 autem
2983 4161 3167 4216 virtus
3225 4179 3339 4216 nou
3389 4167 3498 4233 est,
3548 4163 3600 4218 is
3640 4181 3710 4220 ne

2059 4251 2361 4306 timendus
2391 4251 2631 4321 quidem
2663 4255 2771 4306 est.
2805 4250 2866 4306 In
2893 4268 3008 4322 quo
3049 4267 3182 4306 vero
3228 4250 3412 4307 virtus
3455 4250 3716 4324 gloriosa

2057 4343 2169 4406 est,
2201 4339 2252 4395 is
2277 4339 2452 4395 etiam
2485 4341 2783 4395 timendus
2814 4345 2921 4395 est.
2983 4340 3186 4395 Omnis
3236 4340 3392 4395 enim
3438 4341 3710 4396 virtutem

2058 4428 2302 4495 habens,
2329 4429 2504 4484 etiam
2541 4430 2840 4485 timendus
2868 4434 2956 4485 est
2986 4429 3063 4500 (9)
3089 4447 3102 4494 ;
3139 4445 3268 4484 nam
3304 4427 3406 4499 qui
3435 4428 3710 4484 virtutem

294 4531 409 4571 nou
440 4514 636 4588 habet,
677 4517 750 4573 ab
782 4518 1058 4574 omnibus
1088 4518 1502 4574 contemnitur.
1537 4518 1702 4574 Time
1734 4517 1904 4590 plane
1936 4517 2087 4573 facta
2116 4517 2355 4585 diaboli,
2391 4519 2670 4589 quoniam
2715 4517 2975 4589 maligna
3004 4521 3138 4572 sunt
3165 4533 3176 4572 :
3235 4522 3502 4572 metuens
3553 4517 3711 4573 enim

293 4603 631 4673 Dominum,
663 4605 919 4678 timebis,
953 4610 1009 4663 et
1039 4623 1214 4679 opera
1269 4607 1485 4663 diaboli
1517 4624 1630 4662 non
1666 4607 1863 4673 facies,
1892 4607 1992 4662 sed
2025 4606 2133 4678 (10)
2167 4606 2490 4662 abstinebis
2521 4610 2576 4661 te
2625 4607 2697 4661 ab
2723 4606 2827 4661 eis.
2848 4605 3071 4677 Duplex
3121 4605 3277 4661 enim
3318 4605 3497 4660 timor
3515 4611 3623 4661 est.
3649 4606 3709 4660 Si

295 4691 458 4748 enim
492 4692 715 4749 malum
748 4696 975 4767 operari
1000 4695 1253 4751 volueris
1282 4696 1416 4769 (Η),
1449 4696 1664 4752 timens
1695 4697 2032 4761 Dominum,
2067 4713 2138 4751 ne
2169 4695 2225 4750 id
2259 4697 2494 4768 quidem
2528 4696 2702 4750 facies
2733 4696 2871 4766 (12).
2903 4695 2963 4749 Si
2997 4697 3190 4749 autem
3224 4693 3441 4748 bonum
3473 4708 3714 4764 operare

291 4780 567 4848 volueris,
597 4784 776 4839 timor
803 4785 1007 4858 utique
1035 4787 1148 4858 (13)
1179 4785 1411 4841 Domini
1440 4785 1694 4855 validus,
1729 4791 1784 4841 et
1815 4787 2044 4858 ingens,
2078 4790 2134 4840 et
2161 4784 2452 4857 gloriosus
2483 4789 2589 4840 est.
2625 4785 2791 4840 Time
2833 4782 3014 4855 igitur
3039 4788 3241 4850 Deum,
3304 4784 3360 4836 et
3415 4780 3592 4837 vives.
3641 4781 3714 4837 Et

444 4888 625 4946 Eccle.
652 4907 756 4958 χιι,
791 4893 878 4947 13.

1467 4981 1711 5037 VARl/E
1751 4982 1946 5037 LECTl

2063 4982 2142 5036 ES
2181 4981 2271 5035 ET
2311 4980 2537 5035 NOTIE.

368 5075 446 5152 (4)
472 5080 551 5152 Ea
583 5077 762 5152 Doctr.
789 5079 862 5134 ad
890 5079 1332 5152 Antiochinam.
1365 5081 1419 5148 7,
1472 5097 1602 5152 pag.
1651 5083 1778 5135 255.
1831 5081 1949 5136 Ista
2129 5079 2472 5152 (lO)iLamb.
2513 5078 2731 5133 timebis
2783 5085 2833 5132 et
2881 5092 3043 5149 opera
3098 5075 3320 5130 diaboli.
3381 5074 3490 5130 Nec
3532 5073 3707 5148 facies

295 5147 474 5202 etiam
506 5151 701 5204 Graeca
733 5151 945 5206 desunt
978 5152 1034 5205 in
1066 5150 1233 5207 editis
1280 5147 1577 5207 Pastoris."
1597 5153 1839 5207 Exhibet
1888 5157 1945 5207 et
2047 5147 2142 5215 ea,
2168 5147 2285 5206 sed.

293 5218 618 5296 Antiochus
647 5220 848 5296 hornil.
886 5224 1005 5278 127.
1041 5223 1162 5279 Huc
1181 5227 1376 5278 autem
1403 5223 1656 5296 respexit
1676 5223 1943 5280 Clemens
2121 5223 2231 5296 (11)
2264 5221 2455 5296 lf‘ellus
2486 5220 2704 5284 mallet,
2740 5221 3005 5296 nolueris.
3055 5219 3222 5296 Sicet
3254 5216 3593 5296 Akntiocbus.
3628 5218 3698 5271 At

289 5288 451 5367 Alta}.
474 5295 732 5367 ἐτρωμτ,
758 5293 855 5348 lib.
889 5311 951 5367 1i,
985 5296 1234 5367 cap.712,
1269 5312 1400 5367 pag.
1424 5288 1548 5350 458.
2049 5288 2363 5348 Cotelerius
2396 5297 2590 5367 censet
2646 5291 3231 5367 corrigendaupotius
3278 5289 3474 5367 Grmca
3515 5305 3694 5367 quam

365 5361 438 5431 (5)
469 5361 572 5417 Sic'
594 5361 755 5419 Budl.
790 5371 861 5420 At
890 5361 1025 5421 Felli
1053 5361 1192 5422 edit.
1221 5361 1404 5422 Dion.
1447 5367 1760 5423 consilium.

366 5433 443 5507 (ﬁ)
471 5435 675 5507 ἐλωί).
719 5439 1062 5507 operabitur.

365 5503 440 5575 (7)
471 5504 634 5579 Bodl).
668 5511 724 5562 et
750 5503 967 5564 'Lamb.
1026 5524 1185 5579 quem
1239 5508 1329 5563 Sic
1371 5507 1580 5565 Fellus.
1625 5509 1729 5564 Hic
1783 5524 1941 5564 men-

294 5573 438 5629 dum
470 5578 622 5636 apud
657 5579 982 5635 Fabricium
1018 5573 1074 5636 et
1102 5579 1406 5635 Clericum.

371 5646 450 5717 (8)
476 5646 601 5703 Ibid
632 5650 744 5705 illi.
779 5651 1001 5707 Fellum
1034 5650 1293 5707 consule.

370 5717 451 5792 (9)
476 5720 680 5778 Lamb.
711 5729 810 5797 est,
830 5739 928 5783 nec
957 5725 1121 5781 timor
1147 5725 1206 5779 in
1227 5724 1367 5798 ipso.

2052 5366 2273 5429 Latina,
2301 5365 2644 5419 scribendo:
2678 5363 2740 5416 Ei
2799 5355 2890 5415 ὂῦν
2948 5355 3105 5434 θέλῂς
3162 5359 3224 5434 τὸ
3275 5355 3701 5434 «omnem.

2053 5426 2522 5503 ζεσθαιξνθῐϐτθε
2552 5435 2686 5490 libri
2731 5453 2743 5491 :
2779 5434 2898 5489 Ἐἀν
2961 5426 3119 5505 Θέλῃς
3170 5432 3232 5486 τὸ
3277 5426 3512 5503 πονηρὸν
3546 5426 3702 5502 ἔργά-

2051 5509 2256 5560 catellam.

2147 5581 2235 5649 12)
2267 5576 2428 5631 Bodl.
2457 5583 2515 5632 et
2545 5577 2744 5633 Lamb.
2776 5595 2887 5632 non
2908 5577 2962 5631 id
2981 5577 3166 5648 /acies.

2147 5583 2235 5649 l2)
2267 5583 2428 5631 Bodl.
2457 5583 2515 5632 et
2545 5583 2744 5633 Lamb.
2776 5595 2887 5632 non
2908 5583 2962 5631 id
2981 5583 3166 5648 lactes.

2121 5583 2232 5732 (133)
2262 5654 2398 5704 Mss.
2433 5650 2631 5705 Lamb.
2664 5656 2721 5705 et
2748 5649 2897 5705 Vict.
2964 5651 3167 5719 itaque.
3214 5641 3444 5700 Videsis
3493 5644 3704 5701 Antio-

2051 5721 2146 5782 chi
2174 5721 2390 5778 Greca.
