4014 6226
417 335 526 397 931

1891 330 1957 393 S.
2002 325 2305 392 HERME

2725 246 2748 303 '
3664 336 3762 401 932

417 467 755 541 quicunque
784 481 918 523 eum
951 460 1283 534 metuerint,
1316 464 1713 524 custodientes
1733 465 2012 522 mandata
2037 464 2187 536 ejus,
2215 478 2418 520 eorum
2447 463 2568 520 vita
2587 466 2677 520 est
2696 462 2847 536 apud
2872 461 3188 522 Dominum
3213 481 3325 523 non
3346 467 3762 531 custodientium

425 561 646 625 autem,
674 572 780 613 nec
806 555 927 611 vita
956 555 1016 611 in
1046 555 1164 612 illis
1194 562 1301 613 est.

1726 666 2082 731 Amrocaus,
2112 660 2342 718 homitia
2382 659 2507 715 127.

487 769 653 825 Time
681 770 849 840 enim,
888 770 1093 842 inquit,
1128 769 1460 838 Dominum,
1507 774 1565 826 et
1612 770 1888 826 mandata
1934 769 2047 839 ejus

2246 758 2533 835 Φοϐήθητι
2587 765 2715 841 γὰρ,
2782 761 2935 842 φησί,
2992 765 3084 820 τὸν
3140 764 3356 839 Κύριον,
3422 766 3511 822 καί
3570 767 3769 845 φύλασσε

421 856 670 914 custodi.
703 857 935 914 Servans
963 866 1146 914 autem
1174 867 1447 931 praecepta
1473 860 1588 928 Dei,
1622 860 1730 914 eris
1774 863 1960 931 potens
1998 858 2063 912 in

418 948 570 1004 omni
598 949 742 1015 actu,
773 954 827 1002 et
852 948 1137 1019 negotium
1166 957 1319 1003 tuum
1349 949 1454 1003 erit
1480 947 1932 1020 incomparabile.
1977 946 2061 1000 Ti-

326 1050 327 1053 ‘
416 1052 566 1091 mens
586 1037 735 1091 enim
765 1036 1075 1106 Dominum,
1106 1039 1292 1091 omnia
1324 1037 1455 1092 bene
1483 1037 1814 1108 operaberis.
1850 1037 1947 1091 Hic
1983 1037 2061 1090 est

412 1126 598 1191 timor,
621 1140 725 1196 quo
756 1128 961 1196 Oportet
988 1129 1051 1178 ut
1081 1126 1273 1180 timeas
1303 1127 1352 1180 et
1380 1126 1561 1180 salvus
1598 1127 1722 1181 eris.
1774 1124 2061 1179 Diabolum

415 1223 598 1269 autem
627 1230 696 1269 ne
722 1215 939 1269 timeas.
976 1216 1186 1269 Timens
1214 1216 1365 1268 enim
1404 1215 1697 1269 Dominum
1742 1212 2059 1269 dominabe-

409 1305 490 1359 ris
522 1302 769 1367 diaboli;
796 1304 927 1373 quia
953 1303 1127 1358 virtus
1148 1304 1208 1357 in
1237 1302 1339 1358 illo
1368 1304 1529 1358 nutta
1560 1305 1656 1359 est.
1707 1302 1769 1358 In
1798 1319 1901 1373 quo
1952 1318 2058 1357 au-

413 1395 525 1447 tem
546 1392 718 1447 virtus
745 1407 858 1446 non
902 1395 999 1459 est,
1033 1394 1079 1446 is
1118 1407 1188 1447 ne
1240 1391 1513 1448 timendus
1564 1392 1781 1462 quidem
1834 1394 1950 1448 est:
1996 1392 2057 1446 in

412 1495 518 1551 quo
546 1495 675 1535 vero
702 1481 877 1536 vinus
904 1479 1141 1548 gloriosa
1170 1483 1265 1546 est,
1315 1482 1364 1535 is
1418 1482 1590 1535 etiam
1644 1478 1916 1535 timendus
1956 1483 2053 1534 est.

419 1569 609 1624 Omnis
664 1570 814 1624 enim
861 1569 1116 1623 virtutem
1155 1568 1376 1635 habens,
1426 1570 1591 1624 etiam
1655 1567 1928 1624 timendus
1956 1570 2054 1624 est.

407 1657 548 1713 Nam
576 1658 673 1729 qui
698 1658 955 1713 virtutem
977 1672 1091 1712 non
1129 1656 1306 1729 habet,
1335 1659 1404 1713 ab
1451 1658 1701 1714 omnibus
1754 1660 2056 1715 contemni-

414 1755 526 1802 tur.
556 1747 702 1801 Time
724 1746 890 1817 plane
914 1747 1059 1816 facta
1088 1745 1314 1816 diaboli,
1348 1748 1603 1818 quoniam
1632 1747 1879 1817 maligna
1905 1752 2053 1804 sunt.

411 1833 645 1891 Metuens
663 1842 843 1890 autem
873 1835 1186 1899 Dominum,
1217 1850 1327 1891 non
1358 1836 1574 1892 timebis
1620 1852 1783 1908 opera
1827 1836 2053 1905 diaboli,

411 1932 605 1980 etnon
632 1925 797 1995 facies
825 1939 928 1990 ea;
986 1924 1079 1980 sed
1123 1925 1420 1980 abstinebis
1476 1934 1525 1982 te
1577 1928 1648 1981 ab
1698 1928 1793 1982 eis.
1839 1926 2056 1998 Duplex

410 2029 543 2085 ergo
569 2014 740 2069 timor
769 2017 864 2068 cst.
895 2013 958 2069 Si
986 2014 1200 2068 malum
1226 2015 1439 2085 sperari
1465 2015 1730 2082 nolueris,
1770 2016 1901 2070 time
1950 2015 2054 2071 Do-

2166 851 2263 916 τᾶς
2313 852 2533 917 ἐντολὰς
2586 853 2770 910 αὐτοῦ.
2829 851 3126 909 Φυλάσσων
3180 852 3240 909 δὲ
3283 855 3379 918 τὰς
3441 853 3646 919 ἐντολὰς
3692 865 3770 914 τοῦ

2167 946 2322 1015 Θεοῦ,
2381 940 2477 1018 ἔσῃ
2537 940 2761 1005 δυνατὸς
2819 941 2870 997 ἐν
2926 942 3068 1017 πάσῃ
3125 943 3335 1018 πράξειν
3381 943 3471 999 καὶ
3524 947 3557 1015 ἡ
3611 949 3769 1023 πρᾶξίς

2168 1052 2264 1087 σου
2324 1031 2646 1108 ἀσύγκριτος
2706 1030 2872 1087 ἔσται.
2931 1026 3284 1105 Φοϐούμενος
3338 1034 3439 1108 γὰρ
3467 1034 3555 1089 τὸν
3585 1037 3765 1111 Κύριον,

2167 1122 2339 1176 πάντα
2366 1119 2548 1182 καλῶς
2598 1119 2812 1196 ἐργάσῃ.
2846 1120 3015 1182 Οὗτός
3062 1119 3202 1175 ἐστιν
3248 1121 3276 1175 6
3306 1116 3495 1199 φόϐος,
3525 1123 3579 1177 ’ὀν
3624 1120 3695 1179 δεῖ
3724 1147 3767 1181 σε

2166 1206 2494 1289 φοϐηθῆναι,
2541 1210 2632 1264 καὶ
2681 1211 2920 1283 σωθήσῃ.
2967 1209 3067 1264 Τὸν
3115 1206 3170 1264 δὲ
3211 1205 3468 1266 διάϐολον
3512 1214 3582 1284 μὴ
3628 1210 3768 1291 φοϐη.

2166 1302 2286 1374 θῇς.
2345 1294 2695 1371 Φοϐούμενος
2766 1299 2869 1374 γὰρ
2939 1298 3033 1352 τὸν
3105 1297 3322 1375 Κύριον,
3376 1303 3765 1376 κατακυριεύσεις

2163 1393 2262 1443 τοῦ
2304 1383 2588 1460 διαϐόλου,
2621 1386 2705 1442 ὅτι
2754 1384 2978 1460 δύναμις
3021 1386 3121 1442 ούκ
3170 1383 3309 1442 ἔστιν
3353 1386 3407 1443 ἐν
3447 1388 3604 1462 αύτῷ,
3634 1391 3704 1446 Ἐν
3731 1393 3765 1463 ᾧ

2166 1474 2225 1532 δὲ
2266 1475 2489 1551 δύναμις
2541 1476 2640 1531 ούκ
2684 1474 2848 1546 ἔστιν,
2881 1472 3005 1531 οὐδὲ
3052 1471 3241 1554 φόϐος·
3272 1476 3324 1531 ἐν
3367 1477 3415 1549 ᾧ
3458 1479 3493 1547 ἡ
3522 1475 3767 1555 δύναμιςῇ

2165 1563 2398 1641 ἔνδοξος,
2448 1564 2539 1621 καὶ
2570 1567 2597 1619 6
2643 1560 2810 1644 φόϐος
2867 1564 2918 1620 ἐν
2976 1564 3141 1637 αὐτῷ·
3174 1571 3285 1628 Πᾶς
3338 1566 3442 1642 γὰρ
3499 1567 3527 1622 ὁ
3580 1565 3765 1641 δύναμιν

2166 1653 2330 1732 ἔχων,
2361 1655 2451 1711 καὶ
2504 1650 2671 1733 φόϐον
2718 1648 2855 1730 ἔχει·
2889 1653 2917 1708 ὁ
2968 1650 3025 1709 δὲ
3075 1655 3150 1727 μὴ
3200 1650 3345 1730 ἔχων
3400 1651 3639 1730 δύναμιν,
3682 1658 3766 1713 ὑπὸ

2163 1747 2376 1801 πάντων
2404 1749 2839 1823 καταφρονεῖται.
2873 1737 3158 1815 Φοϐήθητι
3208 1741 3267 1798 δὲ
3292 1742 3363 1799 τὰ
3390 1741 3520 1822 ἔργα
3541 1750 3632 1801 τοῦ
3674 1742 3765 1801 δια-

2165 1829 2356 1903 ϐόλου,
2389 1832 2473 1889 ὅτι
2513 1833 2727 1909 πονηρά
2785 1830 2907 1889 εἶσι.
2938 1828 3291 1904 Φοϐούμενος
3348 1830 3406 1888 δὲ
3459 1834 3549 1889 τὸν
3584 1832 3764 1909 Κύριον,

2165 1922 2227 1979 ού
2259 1918 2547 2002 φοϐηθήσῃ
2576 1924 2643 1977 τὰ
2671 1919 2799 1999 ἔργα
2843 1925 2942 1977 τοῦ
2993 1916 3273 1993 διαϐόλου,
3306 1922 3399 1977 καὶ
3455 1922 3552 1978 ούκ
3604 1922 3767 2001 ἐργάσῃ

2162 2011 2314 2068 αὐτά·
2351 2010 2497 2068 ἀλλὰ
2553 2011 2716 2090 φεύξῃ
2772 2010 2863 2066 ἀπ’
2921 2009 3117 2065 αὐτῶν.
3176 2011 3363 2066 Δισσοὶ
3414 2012 3506 2066 οὗν
3564 2012 3679 2068 εἰσιν
3726 2014 3767 2068 οἱ

403 2105 640 2167 minam,
672 2109 723 2158 et
748 2103 810 2157 id
863 2118 969 2158 non
1027 2104 1213 2174 facies.
1271 2104 1333 2159 Si
1386 2106 1573 2158 autem
1618 2104 1802 2159 adhuc
1858 2104 2047 2159 bonum

2172 2096 2346 2180 φόϐοι.
2379 2100 2444 2155 Εἰ
2500 2100 2563 2156 ού
2616 2099 2776 2175 θέλῃς
2831 2100 2895 2154 τὸ
2947 2098 3186 2174 πονηρὸν
3241 2098 3569 2176 ἐργάζεσθαι,
3622 2097 3763 2181 φοϐή-

410 2194 632 2264 Operari
658 2191 917 2261 volueris,
950 2193 1085 2248 time
1103 2192 1395 2246 Dominum
1418 2196 1467 2246 et
1496 2193 1663 2262 facies
1684 2191 1849 2247 illud.
1868 2194 2047 2249 Timor

2172 2202 2289 2261 Βητι
2318 2190 2409 2245 τὸν
2436 2188 2656 2267 Κύριον,
2687 2188 2777 2244 καὶ
2818 2188 2917 2244 ούκ
2954 2188 3149 2266 ἐργάζῃ
3177 2188 3331 2247 αύτό.
3365 2190 3486 2244 Ἐὰν
3537 2188 3591 2245 δὲ
3636 2190 3765 2264 θέλῃς

409 2284 596 2352 itaque
627 2281 850 2335 Domini
870 2279 1089 2336 validus
1110 2286 1161 2335 et
1189 2281 1458 2351 gloriosus
1487 2284 1582 2335 est.
1641 2281 1705 2335 Et
1752 2282 2057 2352 quicunque

404 2385 533 2426 eum
562 2370 878 2440 metuerint,
909 2371 962 2425 et
986 2369 1339 2425 custodierint
1377 2368 1640 2425 mandata
1686 2370 1828 2440 ejus,
1876 2370 2056 2426 vivent

405 2459 535 2515 Deo.
1158 2477 1169 2486 ·

2162 2278 2327 2335 πάλιν
2372 2280 2435 2334 τὸ
2482 2279 2677 2354 ἀγαθὸν
2727 2276 3068 2355 ἐργάσασθαι,
3119 2272 3394 2354 φοϐηθητι
3441 2280 3530 2333 τὸν
3584 2278 3762 2352 Κύριον,

2161 2366 2251 2423 καὶ
2299 2368 2498 2445 ἐργάζῃ
2546 2366 2694 2423 αὐτό.
2726 2369 2886 2422 ’Ὠστε
2916 2367 2944 2422 6
2975 2360 3143 2445 φόϐος
3190 2370 3286 2422 τοῦ
3340 2366 3540 2442 Κυρίου
3578 2366 3763 2445 ἰσχυρό-

2158 2456 2317 2534 τερός
2348 2456 2481 2525 ἐστι,
2513 2455 2602 2512 καὶ
2636 2452 2870 2528 ἔνδοξος.
2898 2454 2997 2510 Καὶ
3054 2455 3171 2511 ὅσοι
3229 2453 3289 2510 ἂν
3344 2451 3645 2534 φοϐηθῶσιν
3691 2456 3761 2512 αύ-

2158 2546 2275 2617 τόν,
2305 2547 2397 2602 καὶ
2434 2547 2719 2623 τηρήσωσι
2773 2548 2869 2608 τὰς
2928 2544 3151 2609 ἐντολὰς
3207 2543 3397 2620 αὐτοῦ,
3431 2548 3662 2618 ζήσονται
3705 2550 3764 2619 τῷ

2160 2640 2296 2709 Θεῷ.

1809 2787 2221 2848 MANDATUM
2257 2788 2404 2845 VIII.

1390 2892 1822 2957 Declinandum
1849 2904 1931 2957 est
1955 2914 1995 2958 a
2021 2895 2200 2973 malo,
2231 2905 2288 2959 et
2312 2895 2590 2978 facienda
2651 2893 2824 2958 bona.

478 3017 602 3076 Dixi
633 3017 761 3087 tibi,
795 3018 1005 3092 inquit.
1047 3018 1201 3089 quod
1231 3022 1507 3075 creaturis
1539 3018 1650 3092 (14)
1680 3018 1913 3076 Domini
1944 3020 2053 3078 du-

404 3106 584 3176 plices
614 3112 772 3174 sunt,
801 3113 857 3162 et
878 3106 1232 3163 abstinentia
1251 3106 1467 3180 duplex
1488 3111 1597 3163 est.
1622 3111 1667 3163 A
1692 3108 2050 3180 quibusdam

399 3212 534 3268 ergo
583 3196 875 3252 abstinere
929 3201 1172 3269 oportet,
1226 3213 1259 3252 a
1305 3196 1659 3268 quibusdam
1718 3213 1850 3254 vero
1907 3215 2046 3254 non.

400 3284 724 3352 Manifesta,
759 3286 1023 3358 inquam,
1059 3284 1223 3352 mihi,
1258 3285 1514 3351 domine,
1548 3303 1581 3341 a
1612 3286 1829 3357 quibus
1862 3286 2047 3343 absti-

398 3390 533 3430 nere
562 3377 810 3445 Oportet,
842 3379 898 3429 et
916 3391 948 3429 a
970 3375 1185 3445 quibus
1207 3391 1344 3430 non.
1366 3373 1536 3440 Audi,
1564 3374 1754 3447 inquit
1779 3392 1791 3430 :
1816 3378 1861 3431 A
1894 3375 2045 3432 malo

398 3462 647 3531 abstine,
682 3467 739 3519 et
761 3462 879 3517 noli
902 3462 1041 3518 illud
1069 3463 1271 3518 facere.
1299 3464 1335 3517 A
1364 3463 1515 3519 bono
1534 3468 1729 3519 autem
1755 3465 2046 3521 abstinere

398 3550 541 3622 noli,
572 3551 673 3607 sed
704 3550 795 3606 fac
819 3550 982 3607 illud.
1017 3552 1071 3605 Si
1104 3551 1258 3607 enim
1292 3552 1648 3608 abstinueris
1679 3570 1713 3607 a
1742 3554 1918 3623 bono,
1985 3558 2043 3611 et
2072 3557 2114 3625 C

398 3657 514 3696 non
542 3638 600 3695 id
634 3640 862 3706 feceris,
904 3641 1191 3712 peccabis.
1249 3640 1493 3696 Abstine
1543 3640 1724 3713 igitur
1771 3642 1843 3698 ab
1883 3642 2043 3698 omni

395 3728 574 3797 malo,
605 3733 662 3784 et
691 3729 841 3785 scies
872 3730 983 3802 (16)
1016 3747 1249 3786 omnem
1296 3730 1611 3801 justitiam.
1662 3729 1895 3797 Quales,
1953 3730 2014 3786 in

394 3833 596 3889 quam,
630 3817 1023 3891 malignitates
1054 3824 1193 3874 sunt
1240 3819 1350 3885 hae,
1406 3836 1440 3874 θ.
1487 3819 1702 3890 quibus
1750 3820 2042 3876 abstinere

393 3906 667 3977 oportet?
719 3906 869 3962 Audi
931 3905 1063 3979 (17),
1126 3906 1356 3979 inquit:
1410 3908 1490 3962 Ab
1547 3906 1852 3963 adulteriis
1906 3908 2041 3980 (18),

393 3994 777 4050 ebrietatibus
804 3999 861 4051 et
890 3995 1414 4051 comessationibus
1463 3995 1575 4068 (19)
1625 3995 1917 4069 malignis,
1969 3997 2042 4052 ab

396 4098 531 4137 esca
560 4081 765 4148 nimia,
799 4099 833 4139 a
864 4082 1091 4139 lautitia
1138 4087 1195 4139 et
1237 4082 1630 4150 inhonestate,
1676 4086 1749 4140 ab
1798 4086 2044 4156 abnega-

388 4169 551 4227 tione
580 4170 719 4243 (20),
750 4188 784 4227 a
821 4172 1143 4241 mendacio,
1175 4188 1210 4227 a
1239 4172 1592 4228 detractione
1622 4172 1756 4244 (24),
1787 4175 2040 4245 unequi-

391 4258 476 4314 tia
532 4259 691 4329 ﬁcta,
751 4277 786 4316 a
841 4260 1237 4317 recordatione
1290 4260 1520 4332 injuriaa
1574 4261 1687 4333 (22)
1739 4262 2043 4319 etafama

394 4347 654 4421 pessima
684 4350 815 4422 (23).
849 4354 980 4405 Haec
1010 4349 1165 4405 enim
1199 4355 1340 4406 sunt
1369 4366 1547 4421 opera
1577 4349 1975 4422 iniquitatum,
2008 4370 2043 4407 a

392 4436 609 4509 quibus
639 4438 934 4495 abstinere
964 4443 1191 4510 oportet
1221 4455 1455 4495 servum
1483 4438 1604 4495 Dei.
1638 4439 1745 4503 Qui
1776 4441 1932 4496 enim
1966 4443 2040 4497 ab

388 4525 463 4582 iis
493 4525 784 4583 abstinere
815 4544 927 4584 non
974 4533 1183 4600 potest,
1239 4528 1428 4583 vivere
1487 4527 1604 4583 Deo
1653 4545 1767 4584 non
1824 4533 2037 4602 potest.

384 4614 537 4669 Audi
568 4632 745 4686 nunc,
770 4656 773 4669 ,η
797 4616 1010 4688 inquit,
1066 4622 1122 4672 et
1177 4615 1481 4688 sequentia
1531 4632 1733 4672 eorum
1782 4618 1917 4690 (24).
1973 4618 2043 4675 Et

387 4702 624 4774 quidem
656 4703 840 4759 multa
863 4710 1001 4760 sunt
1022 4705 1232 4773 adhuc,
1260 4722 1292 4759 a
1314 4704 1530 4776 quibus
1560 4705 1852 4762 abstinere
1872 4707 2042 4764 debet

388 4807 593 4847 servus
622 4791 746 4848 Dei.
777 4794 824 4847 A
854 4793 1025 4863 furto,
1058 4793 1130 4849 ab
1189 4792 1571 4865 abnegatione
1628 4794 1761 4865 (25),
1817 4811 1851 4850 ει
1891 4794 2036 4853 falso

2230 3110 2343 3183 (15)
2373 3110 2435 3164 Ἡ
2465 3108 2748 3184 ἐγκράτεια
2776 3104 2944 3176 διπλῆ
2988 3106 3119 3163 ἐστι.
3153 3104 3273 3160 Ἐπί
3340 3126 3504 3162 τινων
3561 3103 3652 3180 γὰρ
3698 3100 3760 3156 δει

2158 3218 2216 3252 σε
2254 3197 2683 3275 ἐγκρατεύεσθαι,
2712 3195 2800 3252 ἐπί
2828 3216 2990 3252 τινων
3019 3192 3077 3251 δὲ
3106 3194 3168 3250 ού
3201 3192 3302 3252 δεῖ.

2225 3375 2295 3430 Τὸ
2346 3374 2580 3451 πονηρὸν
2635 3373 3063 3449 ἒγκρατεύεσθαι,
3119 3371 3208 3427 καὶ
3270 3372 3349 3445 μὴ
3412 3375 3581 3427 ποιεῖν
3635 3366 3758 3423 αύτό⁸

2151 3464 2214 3519 τὸ
2247 3461 2304 3519 δὲ
2331 3464 2528 3539 ἀγαθὸν
2562 3464 2637 3537 μή
2671 3462 3016 3539 ἐγκρατεύου,
3047 3459 3192 3517 ἀλλὰ
3218 3460 3365 3517 ποίει
3398 3460 3547 3517 αὐτό.

2222 3641 2576 3718 Ἐγκρατεύου
2631 3641 2736 3696 ἀπὸ
2795 3642 2974 3711 πάσης
3029 3640 3318 3716 πονηρίας,
3361 3638 3470 3694 ἀπὸ
3530 3635 3765 3711 μεθύσμα·

2149 3751 2263 3797 τος,
2294 3730 2539 3805 ἀνομίας,
2582 3730 2688 3785 ἀπὸ
2744 3736 2951 3806 τροφῆς
3006 3733 3269 3805 πονηρᾶς,
3322 3728 3434 3782 ἀπὸ
3492 3724 3761 3798 ἐδεσμάτων

2150 3817 2378 3875 πολλῶν
2405 3820 2495 3874 καὶ
2542 3817 2880 3890 πολυτελῶν,
2913 3816 3176 3888 πλούτου,
3207 3820 3556 3892 καυχήσεως,
3587 3810 3763 3887 ὑψηλο·

2152 3908 2424 3987 φροσύνης
2481 3909 2570 3963 καὶ
2635 3907 3021 3985 ὑπερηφανίας,
3077 3904 3167 3961 καί
3223 3902 3459 3980 ψεύδους
3513 3902 3597 3959 καὶ
3633 3920 3763 3956 κατα·

2152 3996 2372 4065 λαλιᾶς,
2404 3998 2495 4052 καὶ
2538 3996 2890 4074 ὑποκρίσεως,
2917 3997 3006 4051 καὶ
3059 3994 3443 4071 μνησικακίας,
3473 3992 3561 4049 καὶ
3615 3990 3764 4058 πάσης

2156 4086 2533 4165 βλασφημίας.

2220 4356 2396 4408 Ταῦτα
2448 4355 2517 4409 τὰ
2566 4350 2696 4430 ἔργα
2747 4353 2962 4429 πονηρά
3019 4351 3130 4407 ἐστι
3184 4353 3254 4425 τῇ
3307 4353 3422 4425 ζωῇ
3452 4352 3557 4404 τῶν
3584 4343 3762 4422 ἀνθρώ·

2151 4460 2290 4496 πων’
2321 4441 2528 4498 τούτων
2562 4443 2654 4498 οὗν
2713 4446 2819 4498 τῶν
2876 4441 3045 4518 ἔργων
3100 4438 3184 4496 δεῖ
3240 4438 3639 4517 ἐγκρατεύεσθαι
3683 4431 3757 4487 τὸν

2152 4527 2351 4586 δοῦλον
2382 4536 2480 4587 τοῦ
2509 4536 2661 4589 Θεοῦ.
2696 4533 2754 4587 Ὀ
2784 4533 2887 4608 γὰρ
2935 4532 3011 4605 μὴ
3064 4530 3517 4606 ἐγκρατευόμενος
3557 4521 3758 4588 τούτων,

2150 4619 2214 4675 ού
2247 4617 2465 4676 δύναται
2499 4623 2654 4690 ζῆσαι
2683 4625 2763 4693 τῷ
2786 4625 2922 4693 Θεῷ.
2955 4621 3156 4674 Ἀκουε
3182 4616 3240 4674 δὲ
3268 4618 3359 4674 καὶ
3411 4616 3481 4674 τὰ
3533 4609 3767 4670 ἀκόλουθα

2148 4707 2379 4764 τούτων.
2418 4710 2519 4764 Καὶ
2548 4709 2736 4765 πολλά
2784 4708 2915 4764 εἰσιν
2946 4708 3037 4786 ἀφ’
3068 4709 3139 4763 ὧν
3190 4705 3273 4763 δεῖ
3313 4707 3404 4763 τὸν
3453 4702 3639 4762 δοῦλον
3687 4698 3766 4752 τοῦ

2152 4802 2289 4854 θεοῦ
2348 4797 2781 4875 ἐγκρατεύεσθαι,
2837 4795 3043 4871 κλοπὴ,
3121 4793 3342 4871 ψεῦδος,
3420 4792 3764 4880 ἀποστέρηαίς⁹

1561 4907 1799 4966 VARle
1836 4912 2214 4971 LECTIONES
2252 4917 2341 4972 ET
2398 4916 2627 4973 NOTIE.

480 5002 569 5077 i4)
600 5003 763 5077 Bold.
795 5008 1114 5063 creationes.
1153 5007 1348 5063 Lamb.
1381 5008 1685 5063 orationes.

484 5076 569 5145 15)
598 5076 679 5131 Ex
707 5081 891 5132 Dootr.
926 5081 999 5134 ad
1029 5079 1280 5135 Antioch.
1316 5096 1480 5135 num.
1512 5079 1566 5133 8.
1601 5079 1812 5135 Eadem
1864 5080 2044 5139 habet

391 5147 710 5203 Antiochus
743 5147 945 5204 homil.
976 5152 1067 5205 79.

459 5219 573 5296 (19)
596 5218 763 5296 ἕρπε
791 5220 989 5296 facies.
1022 5222 1361 5296 Antiochus,
1384 5219 1775 5296 _€PY“§6P5V_°S-

457 5288 571 5357 (17)
604 5288 697 5345 Sic
728 5288 888 5347 Bodl.
925 5293 1126 5349 Lamb.
1161 5300 1217 5350 et
1245 5288 1429 5348 Cot'el.
1467 5288 1571 5348 ἈΙ.
1595 5288 1604 5293 ’
1627 5294 1881 5351 addunt:
1942 5296 2044 5353 Re-

392 5362 609 5434 spondit
638 5362 756 5417 milz
768 5364 807 5417 i.

459 5432 573 5504 (18)
602 5434 719 5487 Aut
767 5434 994 5509 legebat
1049 5434 1153 5489 ἀπὸ
1216 5434 1491 5509 μοιχείας,
1552 5433 1840 5509 πονηρίας,
1886 5435 2043 5509 μεθύ-

390 5514 752 5580 σμᾳτοςηευι
772 5504 1124 5580 ’μεθύσματος
1148 5504 1434 5580 ,ῇοόεοὸαι
1466 5524 1597 5562 cum
1632 5504 1770 5580 voce
1801 5504 1926 5580 quae
1953 5527 2042 5567 se-

434 5572 594 5633 uitur
618 5572 870 5649 ἀνομίας,
902 5572 1056 5636 sicut
1085 5572 1358 5636 exhibent
1395 5580 1511 5636 duo
1568 5578 1795 5636 codices
1816 5572 2040 5654 'Regis.

435 5663 523 5704 OT.

2249 5016 2335 5081 19)
2371 5014 2527 5071 Bodl.
2560 5019 2618 5070 et
2649 5014 2853 5071 Lamb.
2884 5014 3168 5071 conviviis.

2248 5087 2335 5157 20)
2368 5086 2567 5142 Lamb.
2597 5086 2952 5155 abnegantia.

2247 5158 2340 5226 2|)
2364 5158 2564 5213 Lamb.
2597 5157 2819 5213 omittit
2844 5159 3204 5214 detractione.

2246 5230 2336 5308 ἓξ)
2372 5229 2568 5308 L_amb.
2894 5231 3242 5308 malignatis.
3282 5303 3292 5308 _
3366 5301 3377 5308 _
3444 5293 3480 5308 __

2386 5301 2583 5357 Graeca
2631 5286 3192 5369 pseudo-Athanasii
3243 5303 3301 5357 et
3351 5291 3630 5358 Antioch.,
3673 5286 3754 5342 ϐω·

2150 5368 2327 5449 πάσης
2365 5368 2736 5449 βλασφημίας.

2221 5429 2334 5513 (2ἳι)
2365 5429 2724 5499 Μεείόύῐιιηξ
2758 5448 2816 5500 et
2836 5443 2984 5500 Vict.
3020 5445 3235 5501 horum.
3268 5443 3453 5499 Adhuc
3497 5450 3614 5507 ergo
3657 5429 3754 5487 ινιτ

2151 5519 2435 5587 sequentia
2465 5514 2687 5581 horum,
2718 5533 2751 5569 a
2774 5517 2991 5587 quibus,
3024 5521 3135 5572 etc.

2365 5587 2562 5642 Lamb.
2595 5575 3431 5669 apudAClericum,_n_egatione.
3471 5575 3749 5669 Fellusht'l;

2149 5640 2284 5715 men
2314 5640 2375 5715 in
2405 5640 3069 5717 saa‘ean.“*oiss:'2.‘
3082 5640 3516 5733 uirium“,
3563 5665 3600 5707 a
3642 5640 3748 5719 [αισι
