4014 6226
312 385 429 446 933

1295 383 1625 447 PASTOB.
1663 419 1737 428 —
1766 382 1913 445 [ΑΒ.
1958 384 2038 459 ΙΙ,
2083 385 2529 453 MANDATUM
2576 390 2737 453 VIII.

3595 396 3714 459 934

309 514 770 594 ψευδομαρτυρίαι,
801 514 1101 588 πλεονεξία,
1133 512 1421 585 ἀλαζονεία
1448 517 1537 571 καὶ
1588 514 1687 572 ὅσα
1736 516 1952 579 τούτοις

2084 522 2423 594 ;θεῐὶωοηίο,
2451 541 2485 579 a
2517 525 2852 597 cupiditate,
2885 543 2919 581 a
2949 527 3243 600 superbia,
3271 532 3328 584 et
3349 545 3711 602 quaecunque

314 608 504 681 ὃμοια.
533 606 594 663 Εἰ
624 607 715 661 οὗν
746 604 895 661 δοκεῖ
925 625 1008 660 σοι
1033 605 1246 681 πονηρά
1287 606 1421 660 εἶναι
1464 612 1632 661 ταῦτα
1808 627 1823 676 ;
1858 608 1960 664 Καὶ

314 696 437 754 λίαν
465 696 680 772 πονηρά
706 700 822 758 τοῖς
864 692 1083 757 δούλοις
1111 699 1207 750 τοῦ
1249 699 1400 751 Θεοῦ.
1435 695 1816 772 Ἐγκράτευσαι
1865 696 1957 751 οὖν

315 787 421 842 ἀπὸ
452 785 688 859 πάντων,
712 782 807 839 ’ίνα
841 785 1003 859 ζήσῃς
1032 788 1112 857 τῷ
1160 782 1296 857 Θεῷ,
1328 784 1417 839 καὶ
1468 785 1782 863 έγγραφήσῃ
1829 785 1961 859 μετά

312 880 421 931 τῶν
470 872 958 951 έγκρατευομένων.
988 878 1055 927 Ἃ
1105 873 1201 946 μὲν
1253 873 1343 927 οὗν
1404 870 1486 928 δεῖ
1532 873 1958 951 ἐγκρατεύεσθαι,

311 962 482 1020 ταῦτά
536 962 697 1020 ἐστιν.
732 964 798 1017 ’Δ
856 959 915 1017 δὲ
971 959 1055 1016 δεῖ
1111 982 1168 1017 σε
1228 964 1302 1035 μὴ
1356 961 1782 1039 ἐγκρατεύεσθαι,
1816 962 1962 1019 ἀλλά

313 1058 512 1125 ποιεῖν,
541 1054 721 1107 ἄκουε·
752 1050 967 1106 πάντων
1013 1056 1226 1125 πρῶτον
1285 1051 1486 1119 πίστις,
1518 1047 1686 1130 φόϐος
1739 1052 1959 1127 Κυρίου,

318 1143 570 1215 ὁμόνοια,
655 1140 860 1217 ἀγάπη,
936 1140 1157 1217 ῥήματα
1257 1137 1623 1213 δικαιοσύνης,
1709 1141 1959 1213 ἀλήθεια,

324 1233 596 1301 ὑπομονή.
626 1231 840 1285 Τούτων
874 1231 1215 1305 ἀγαθώτερον
1248 1228 1396 1284 οὐδέν
1443 1229 1581 1285 ἐστιν
1630 1230 1680 1285 ἐν
1848 1234 1960 1304 ζωῇ

320 1326 425 1376 τῶν
479 1320 800 1395 ἀνθρώπων·
858 1323 1026 1374 ταῦτα
1080 1318 1167 1374 ἐάν
1242 1340 1325 1381 τις
1392 1317 1672 1395 φυλάσσει,
1735 1319 1822 1374 καὶ
1886 1320 1962 1392 μή

320 1409 693 1486 ἐγκρατεύεται
750 1410 837 1464 ἀπ’
866 1409 1065 1481 αὐτῶν,
1100 1408 1361 1484 μακάριός
1419 1408 1557 1462 ἐστιν
1616 1408 1666 1463 ἐν
1720 1411 1788 1483 τῇ
1850 1412 1964 1483 ζωῇ

319 1499 503 1554 αὐτοῦ.
535 1498 667 1554 Εἶτα
697 1497 903 1553 τούτων
949 1498 1015 1551 τὰ
1061 1495 1334 1560 ἀκόλουθα
1378 1494 1558 1552 ἄκουε·
1593 1499 1775 1574 χήρας
1826 1499 1965 1568 ὑπη-

322 1594 513 1665 ρετεῖν,
571 1588 659 1643 καὶ
718 1585 982 1666 ὀρφανοὺς
1040 1587 1463 1661 ὑστερουμένους
1536 1586 1964 1657 ἐπισκέπτεσθαι,

323 1677 375 1749 ἐξ
423 1677 659 1753 ἀνάγκης
709 1676 1085 1752 λυτρώσασθαι
1135 1673 1262 1737 τοὺς
1295 1672 1525 1737 δούλους
1554 1680 1651 1729 τοῦ
1691 1679 1843 1747 Θεοῦ,
1878 1697 1964 1752 φι-

324 1765 541 1838 λόξενον
572 1766 724 1834 εἶναι,
764 1763 817 1819 ἐν
852 1765 955 1840 γάρ
1012 1768 1082 1838 τῇ
1141 1762 1420 1842 φιλοξενίᾳ
1476 1764 1774 1839 εὑρίσκεται
1829 1764 1967 1839 ἀγά-

324 1855 628 1926 θοποίησιςο
710 1853 943 1930 ἡσύχιον
1036 1853 1187 1923 εἶναι,
1269 1851 1600 1928 ἐνδεέστερον

324 1944 493 2000 πάντα
540 1942 820 2018 ἄνθρωπον
872 1937 1177 2018 πρεσϐύτην
1228 1937 1493 2007 σέϐεσθαι,
1530 1943 1708 1997 ἀσκεῖν
1756 1941 1970 1997 δικαιο-

326 2034 512 2104 σύνην,
561 2031 904 2111 ἀδελφότητα
947 2036 1243 2107 συντηρεῖν,
1294 2026 1448 2106 ὕϐριν
1510 2031 1813 2108 ὑποφέρειν,
1867 2054 1968 2105 μα-

322 2123 593 2198 κρόθυμον
659 2121 812 2193 εἶναι,
868 2119 1260 2193 ἀμνησίκακον,
1311 2141 1615 2192 καμνοντας
1670 2124 1737 2193 τῇ
1813 2124 1966 2195 ψυχῇ

325 2209 679 2287 παρακαλεῖν,
740 2206 1261 2281 ἐσκανδαλισμένους
1309 2206 1415 2261 ἀπὸ
1462 2211 1561 2276 τῆς
1609 2208 1838 2270 πίστεως
1892 2210 1965 2281 μὴ

326 2295 712 2371 ἀποϐαλέσθαι,
745 2296 872 2352 ἀλλ’
918 2297 1252 2374 ἐπιστρέφειν
1305 2296 1395 2351 καὶ
1453 2295 1713 2369 ένθύμους
1766 2303 1965 2367 ποιεῖν,

324 2388 721 2466 ἁμαρτάνοντας
777 2391 1061 2453 νουθετεῖν,
1120 2386 1400 2462 χρεώστας
1462 2387 1536 2459 μή
1595 2381 1826 2455 θλίϐειν,
1882 2386 1969 2442 ὲν-

273 2468 279 2473 ·
327 2475 465 2541 δεεῖς
524 2479 600 2551 μὴ
659 2474 872 2544 λυπεῖν,
903 2475 993 2530 καὶ
1050 2474 1147 2530 ὅσα
1174 2474 1388 2537 τούτοις
1421 2473 1590 2548 ὅμοιά
1618 2474 1780 2531 ἐστιν.
1815 2480 1972 2531 Δοκεῖ

327 2587 411 2622 σοι
441 2570 608 2620 ταῦτα
636 2563 808 2641 ἀγαθὰ
839 2563 971 2619 εἶναι
998 2582 1011 2632 ;
1044 2562 1105 2619 Τί
1162 2563 1266 2638 γὰρ
1307 2560 1524 2619 δύναται
1572 2564 1783 2619 τούτων
1833 2565 1972 2642 ἀγα-

327 2656 560 2731 θώτερον
593 2654 725 2709 εἶναι
756 2671 770 2723 ;
804 2653 1049 2727 Γύμναζε
1104 2653 1322 2707 σεαυτὸν
1380 2651 1432 2707 ἐν
1476 2653 1708 2723 τούτοις,
1740 2653 1829 2709 καὶ
1892 2656 1968 2729 μή

328 2743 649 2822 ἐγκρατεύου
680 2742 916 2811 πάντων,
941 2741 1032 2797 καὶ
1066 2743 1201 2816 ζήσῃ
1229 2746 1308 2813 τῷ
1337 2746 1472 2814 Θεῷ.

1709 1853 1966 1943 γενέσθαι,
1997 1877 2045 1943 Β

2069 610 2142 667 iis
2172 611 2388 668 similia
2418 618 2579 668 sunt.
2614 614 2897 671 Videntur
2924 631 3060 688 ergo
3090 617 3199 672 tibi
3232 617 3353 673 hac
3385 617 3539 674 mala
3559 636 3707 683 esse,

2070 716 2144 755 an
2175 700 2337 756 non?
2371 701 2650 774 Equidem
2679 702 2848 759 valde
2880 703 3033 759 mala
3061 710 3202 761 sunt
3234 705 3416 763 servis
3446 707 3568 765 Dei.
3625 709 3709 764 Ab

2069 786 2161 843 bis
2191 804 2327 861 ergo
2359 789 2632 847 omnibus
2662 790 2777 863 (27)
2807 791 2977 848 debet
3007 793 3299 850 abstinere
3329 812 3531 853 servus
3586 797 3710 853 Dei.

2068 877 2312 933 Abstine
2340 893 2476 951 ergo
2507 878 2579 935 ab
2612 880 2887 935 omnibus
2909 880 3023 949 his,
3055 886 3122 937 ut
3151 883 3308 939 vivas
3338 884 3475 953 Deo,
3509 888 3567 942 et
3599 886 3712 958 (28)

2071 966 2347 1022 scriberis
2378 984 2511 1023 cum
2546 968 2994 1024 abstinentibus.
3024 972 3067 1024 A
3100 971 3314 1042 quibus
3334 987 3470 1044 ergo
3500 972 3714 1029 debeas

2071 1055 2383 1126 abstinere,
2416 1056 2520 1111 illa
2549 1062 2707 1112 sunt.
2744 1063 2789 1110 A
2820 1058 3035 1128 quibus
3077 1065 3271 1114 autem
3329 1077 3443 1115 non
3504 1061 3714 1117 debeas

2071 1144 2381 1211 abstinere,
2415 1144 2569 1199 audi.
2601 1146 2686 1200 Ab
2735 1145 3007 1201 omnibus
3061 1148 3230 1203 bonis
3280 1149 3553 1220 operibus
3595 1150 3718 1211 noli

2072 1234 2386 1299 abstinere,
2420 1235 2518 1289 sed
2556 1235 2641 1289 fac
2665 1233 2784 1289 illa.
2816 1235 2987 1304 Audi,
3019 1235 3231 1307 inquit,
3288 1237 3561 1293 virtutem
3613 1239 3716 1295 bo-

2074 1339 2284 1378 norum
2316 1339 2558 1394 cperum
2590 1340 2719 1394 quae
2750 1324 2961 1378 debeas
2993 1325 3239 1395 operari,
3273 1331 3338 1379 ut
3362 1326 3558 1383 salvus
3588 1344 3717 1383 esse

2076 1410 2287 1483 possis.
2321 1412 2582 1467 Primum
2614 1411 2877 1467 omnium
2917 1418 3007 1467 est
3037 1412 3204 1479 fides,
3255 1414 3429 1470 timor
3458 1415 3718 1483 Domini,

2076 1499 2352 1569 Charitas,
2384 1500 2711 1566 concordia,
2735 1501 2979 1572 aequitas
2999 1501 3133 1573 (29),
3158 1502 3390 1569 veritas,
3414 1502 3717 1574 patientia,

2077 1588 2334 1644 castitas.
2372 1589 2446 1644 Iis
2477 1588 2621 1643 nihil
2653 1594 2742 1644 est
2776 1588 2983 1645 melius
3014 1590 3070 1645 in
3104 1591 3219 1647 vita
3248 1592 3577 1657 hominum,
3612 1593 3714 1664 qui

2075 1676 2195 1732 haec
2224 1677 2605 1732 custodierint
2634 1682 2690 1732 et
2722 1678 2959 1732 fecerint
2980 1678 3035 1733 in
3069 1680 3185 1734 vita
3206 1697 3313 1735 sua
3333 1682 3470 1753 (30).
3496 1681 3717 1737 Deinde

2075 1765 2285 1821 horum
2316 1766 2620 1836 sequentia
2641 1767 2793 1820 audi.
2829 1765 3034 1821 Viduis
3055 1768 3487 1835 administrare,
3510 1770 3722 1842 orpha-

2075 1872 2182 1911 nos
2203 1862 2258 1911 et
2281 1870 2563 1927 pauperes
2585 1871 2696 1909 non
2720 1855 3034 1926 despicere,
3053 1860 3109 1911 et
3122 1873 3313 1913 servos
3327 1858 3425 1913 Dei
3444 1876 3512 1913 ex
3529 1875 3723 1913 neces-

2078 1946 2249 2000 sitate
2281 1944 2586 2008 redimere,
2618 1943 2963 2014 hospitalem
2985 1960 3150 2013 esse;
3184 1945 3581 2017 hospitalitate
3607 1945 3719 2018 (31)

2078 2035 2233 2089 enim
2268 2033 2560 2088 invenitur
2586 2032 2901 2103 aliquando
2934 2033 3157 2089 fructus
3185 2035 3406 2090 bonus:
3441 2052 3554 2090 non
3580 2052 3724 2091 con-

2078 2123 2381 2189 tradicere,
2415 2121 2677 2192 quietum
2711 2136 2859 2187 esse,
2893 2120 3288 2176 humillimum
3312 2122 3425 2195 (32)
3458 2123 3579 2179 ﬁeri
3602 2140 3724 2178 om-

2080 2211 2239 2265 nium
2294 2210 2620 2276 hominum,
2657 2210 2905 2279 majores
2941 2215 3078 2264 natu
3107 2213 3313 2279 colere,
3347 2212 3581 2267 studere
3620 2213 3721 2281 ju-

2079 2300 2271 2370 stitiee,
2306 2298 2728 2354 fraternitatem
2760 2315 3119 2367 conservare,
3164 2300 3549 2357 contumelias
3603 2301 3722 2356 suf-

2078 2389 2246 2457 ferre,
2279 2386 2667 2459 ssquanimem
2699 2404 2861 2456 esse;
2891 2387 3087 2459 lapsos
3118 2406 3152 2444 a
3179 2389 3291 2445 fide
3322 2407 3437 2445 non
3480 2392 3720 2463 projice-

2079 2494 2161 2548 re,
2192 2477 2294 2533 sed
2332 2475 2684 2545 aequanimes
2740 2475 2958 2544 facere;
3022 2481 3325 2548 peccantes
3382 2478 3716 2549 admonere,

2079 2567 2373 2623 debitores
2402 2581 2518 2619 non
2550 2580 2845 2636 premere;
2876 2569 2933 2619 et
2963 2565 3012 2621 si
3055 2582 3171 2637 qua
3216 2565 3290 2621 iis
3347 2566 3583 2623 similia.
3616 2566 3722 2620 Vi-

2081 2657 2293 2712 dentur
2321 2653 2425 2709 tibi
2458 2652 2580 2708 haac
2609 2668 2737 2708 esse
2762 2653 2935 2719 bona,
2958 2669 3030 2709 an
3064 2670 3179 2709 non
3197 2652 3224 2708 ?
3255 2654 3403 2718 Quid
3426 2654 3583 2710 enim
3604 2671 3725 2711 me-

2080 2746 2195 2801 lius
2224 2749 2337 2809 est,
2366 2742 2630 2815 inquam,
2653 2741 2845 2798 verbis
2862 2742 3155 2814 istis(33)?
3176 2741 3308 2798 Vive
3330 2758 3487 2815 ergo,
3510 2743 3726 2815 inquit,

331 2834 394 2891 in
423 2834 517 2890 bis
546 2832 863 2903 mandatis,
894 2836 952 2888 et
981 2832 1097 2888 noli
1121 2833 1193 2888 ab
1215 2833 1300 2888 eis
1329 2833 1612 2891 recedere.
1648 2833 1708 2890 Si
1739 2834 1898 2891 enim
1928 2834 2272 2893 custodieris
2301 2832 2422 2887 haec
2451 2831 2648 2887 omnia
2676 2831 2972 2898 mandata,
3016 2831 3172 2887 vives
3201 2831 3318 2887 Deo
3344 2849 3359 2901 ;
3413 2835 3472 2888 et
3520 2848 3725 2889 omnes

332 2923 433 2996 qui
462 2921 848 2980 custodierint
877 2921 999 2978 haec
1034 2921 1332 2991 mandata,
1364 2920 1558 2978 vivent
1588 2927 1721 2979 Deo.

1641 3031 1999 3102 ANTIOCHUs,
2028 3033 2267 3088 homilia
2320 3030 2411 3083 79.

401 3118 462 3172 Ἦ
493 3114 584 3172 οὗν
642 3114 922 3193 ἐγκράτεια
978 3114 1147 3185 διπλῆ
1183 3116 1340 3171 ἐστιν’
1374 3114 1461 3171 ἐπί
1516 3138 1678 3173 τινων
1735 3120 1838 3196 γὰρ
1892 3117 2047 3191 δεῖί]

331 3205 762 3282 ἐγκρατεύεσθαι,
796 3204 882 3261 ἐπί
910 3227 1067 3260 τινων
1103 3203 1159 3261 δὲ
1197 3204 1258 3260 οὗ
1317 3203 1415 3263 δεῖ.
1446 3206 1515 3260 Τὸ
1575 3209 1814 3281 πονηρὸν
1870 3210 1974 3284 γὰρ

330 3292 412 3350 δεῖ
450 3294 876 3371 ἐγκρατεύεσθαι,
908 3294 999 3349 καὶ
1035 3296 1108 3366 μὴ
1144 3300 1319 3349 ποιεῖν
1370 3293 1518 3349 αὐτόο
1552 3296 1612 3350 τὸ
1670 3294 1727 3351 δὲ
1774 3297 1973 3372 ἀγαθὸν

333 3384 409 3456 μὴ
478 3383 906 3458 έγκρατεύεσθαι,
965 3382 1112 3439 ἀλλά
1166 3389 1361 3439 ποιεῖν.
1423 3384 1805 3459 Ἐγκράτευσαι
1882 3388 1976 3442 οὖν

330 3472 433 3527 ἀπὸ
459 3474 635 3542 πάσης
680 3472 965 3549 πονηρίας,
1001 3471 1357 3549 ἐργαζόμενος
1410 3473 1474 3527 τὸ
1535 3473 1752 3548 ἀγαθόν·
1787 3475 1974 3551 ἐγκρά-

326 3581 509 3614 τευσαι
554 3560 661 3614 ἀπὸ
715 3559 991 3634 μοιχείας,
1022 3560 1293 3635 πορνείας,
1330 3560 1692 3633 μεθύσματος,
1723 3562 1975 3635 ἀνομίας,

330 3650 435 3703 ἀπὸ
461 3651 691 3727 τρυφῆς,
724 3648 830 3702 ἀπὸ
859 3648 1142 3724 πονηρίας,
1176 3648 1279 3703 ἀπό
1308 3670 1368 3704 τε
1414 3646 1719 3722 ἐδεσμάτων
1749 3650 1975 3706 πολλῶν

327 3737 417 3792 καὶ
448 3735 826 3806 πολυτελείας,
858 3735 1120 3802 πλούτου,
1151 3738 1239 3791 καὶ
1280 3739 1622 3813 καυχήσεως,
1658 3738 1975 3817 ὑψηλοφρο-

328 3826 516 3896 σύνης,
547 3825 637 3880 καὶ
671 3825 1059 3905 ὑπερηφανίας,
1092 3825 1180 3880 καὶ
1214 3827 1317 3880 ἀπὸ
1348 3826 1679 3901 ψεύσματος,
1701 3826 1789 3883 καί
1820 3850 1979 3884 κατα-

327 3912 544 3983 λαλιᾶς,
576 3915 667 3969 καὶ
713 3914 1068 3988 ὑποκρίσεως,
1097 3914 1186 3969 καὶ
1248 3915 1622 3989 μνησικακίας,
1654 3917 1743 3971 καὶ
1800 3917 1977 3989 πάσης

328 4004 705 4082 βλασφημίας,
764 4001 1108 4077 κλέμματος,
1176 4004 1611 4081 ἀποστερήσεως,
1672 4003 1976 4083 ψευδομαρο

318 4092 532 4167 τυρίας,
612 4091 950 4163 πλεονεξίας,
1044 4091 1331 4165 ἐπιθυμίας
1412 4099 1674 4170 πονηρᾶς,
1746 4095 1978 4167 ἀπάτης,

317 4178 648 4252 κενοδοξίας,
682 4179 1021 4251 ἀλαζονείας,
1053 4182 1143 4236 καὶ
1195 4181 1294 4237 ὅσα
1348 4182 1564 4245 τούτοις
1621 4182 1788 4256 ὅμοιά
1844 4183 1976 4243 ἐστι.

320 4270 537 4325 Τούτων
596 4267 663 4339 δὴ
720 4274 829 4324 τῶν
883 4267 1051 4346 ἔργων
1105 4267 1186 4324 δεῖ
1216 4268 1747 4347 έγκρατεύεσθαιτὸν
1776 4273 1978 4348 ἀγωνι-

320 4361 452 4428 στὴν
510 4360 600 4413 καὶ
651 4356 845 4414 δοῦλον
904 4363 1000 4413 τοῦ
1031 4358 1184 4416 Θεοῦ.
1218 4359 1337 4415 Εἰσὶ
1394 4360 1484 4415 καὶ
1542 4359 1672 4439 ἔργα
1718 4362 1912 4437 ἀγαθὲ,
1946 4362 1980 4417 ἃ

2155 3122 2327 3192 Igitur
2354 3118 2689 3174 abstinentia
2717 3116 2923 3188 duplex
2949 3123 3070 3175 est:
3114 3135 3153 3174 a
3202 3119 3537 3190 quibusdam
3577 3119 3728 3175 enim

2083 3209 2356 3265 abstinere
2385 3210 2627 3279 oportet;
2658 3223 2693 3261 a
2723 3204 3047 3277 quibusdam
3082 3221 3206 3261 vero
3248 3222 3360 3262 non
3405 3209 3633 3277 oportet.
3686 3206 3729 3261 Α

2083 3299 2229 3353 malo
2258 3298 2406 3353 enim
2437 3296 2713 3350 abstinere
2741 3298 2968 3369 oportet,
2996 3303 3051 3363 (et
3082 3294 3138 3349 id
3166 3310 3275 3350 non
3300 3297 3568 3366 facerem
3590 3296 3730 3351 bono

2084 3392 2400 3442 autemnon
2440 3385 2728 3452 abstinere,
2786 3384 2878 3439 sed
2923 3387 3124 3447 ructre.
3174 3384 3393 3440 Abstine
3440 3385 3615 3453 igitur
3661 3385 3729 3439 ab

2084 3478 2235 3531 omni
2262 3475 2427 3539 malo,
2458 3475 2669 3540 faciens
2694 3474 2831 3545 quod
2854 3475 3051 3527 bonum
3081 3477 3199 3528 est:
3223 3473 3436 3528 abstine
3464 3472 3532 3527 ab
3572 3472 3729 3527 adul-

2082 3567 2239 3630 terio,
2268 3564 2652 3634 fornicatione,
2680 3563 2965 3627 ebrietate,
2995 3564 3215 3616 malitia
3243 3577 3338 3616 seu
3360 3562 3728 3630 inhonestule,

2084 3670 2119 3708 a
2145 3653 2380 3719 deliciis,
2412 3651 2489 3706 ab
2518 3668 2642 3705 esca
2670 3652 2847 3706 nimia
2875 3653 2925 3706 et
2974 3651 3219 3715 lautitia,
3264 3650 3479 3705 divitiis
3524 3654 3575 3706 et
3613 3651 3729 3720 glo-

2085 3743 2340 3809 riatione,
2374 3747 2423 3795 et
2452 3740 2682 3794 elatione
2710 3741 2888 3793 animi
2914 3744 2964 3794 et
2993 3740 3278 3810 superbia,
3311 3747 3417 3794 eta
3445 3740 3731 3794 mendacio

2086 3846 2151 3885 ac
2181 3829 2531 3896 detractione,
2562 3834 2615 3883 ct
2640 3829 2890 3899 nequitia
2934 3829 3080 3898 ﬁcta,
3129 3830 3180 3882 et
3223 3828 3595 3883 recordatione
3640 3830 3729 3882 in-

2077 3920 2267 3991 juriae,
2298 3926 2348 3974 et
2376 3919 2530 3975 omni
2559 3917 2898 3986 blasphemia
2926 3918 3045 3988 [seu
3072 3918 3224 3987 fama
3249 3915 3531 3990 pessima,]
3550 3917 3729 3990 furto,

2085 4007 2279 4078 fraude
2313 4022 2410 4062 seu
2461 4006 2845 4077 abnegatione,
2902 4006 3044 4077 falso
3095 4005 3418 4073 testimonio,
3468 4008 3731 4074 avaritia,

2086 4096 2390 4168 cupiditate
2453 4095 2625 4161 mala,
2678 4093 2829 4165 dolo,
2892 4096 3051 4149 inaui
3100 4096 3296 4164 gloria,
3355 4096 3632 4168 superbia,
3687 4103 3738 4150 et

2087 4201 2425 4258 quaecunque
2447 4185 2518 4239 iis
2546 4182 2763 4240 similia
2816 4192 2965 4239 sunt.
3024 4185 3102 4239 Ab
3161 4185 3246 4239 his
3300 4200 3428 4256 ergo
3483 4186 3737 4257 operibus

2085 4282 2297 4347 oportet
2327 4274 2598 4329 abstinere
2625 4274 2869 4345 pugilem
2903 4289 2967 4327 ac
2994 4289 3209 4328 servum
3241 4274 3354 4330 Dei.
3387 4273 3523 4329 Sunt
3550 4280 3735 4329 autem

2087 4373 2137 4419 et
2165 4380 2327 4435 Opera
2357 4365 2517 4433 bona,
2545 4377 2670 4435 quae
2716 4366 2922 4434 oportet
2974 4363 3175 4432 facere,
3223 4372 3277 4419 et
3306 4380 3338 4418 a
3383 4364 3579 4435 quibus
3623 4378 3735 4419 non

1490 4478 1731 4535 VARle
1771 4480 2159 4536 LECTIONES
2208 4478 2297 4533 ET
2351 4478 2579 4533 ΝΟΤίΕ.

327 4575 680 4648 testimonio,
714 4591 749 4629 a
800 4575 1139 4648 cupiditate,
1182 4591 1216 4629 a
1254 4576 1547 4646 jactantia,
1606 4586 1657 4632 et
1713 4592 1975 4648 quaecun-

326 4650 591 4718 que,etc.
625 4621 718 4718 Sic
749 4621 943 4702 auterm
967 4647 1082 4715 ille,
1106 4621 1240 4701 licet
1254 4621 1547 4718 Jagnoscat’
1561 4621 1805 4704 edittfet
1828 4666 1971 4704 mss.

328 4716 600 4772 exhibere
621 4716 996 4787 abnegatione,
1031 4724 1088 4774 et
1111 4716 1631 4786 statim'superbia:
1664 4742 1690 4768 «
1729 4719 1863 4785 Sed,
1889 4720 1975 4775 in-

328 4789 478 4860 quit,
509 4804 677 4843 voces
707 4790 832 4843 ista:
866 4790 1038 4860 paulo
1070 4789 1340 4860 superius
1390 4790 1701 4854 habentur,
1750 4808 1852 4846 nec
1905 4792 1977 4847 ab

333 4858 567 4943 auctore
590 4860 840 4943 repetitae
857 4858 955 4930 per
974 4858 1330 4943 ταυτολογίαν
1359 4862 1513 4943 credi
1534 4862 1978 4943 debent..Voces

331 4947 466 5003 ergo
489 4930 635 5003 alias
656 4930 729 4986 ex
757 4931 949 5003 Graeco
978 4930 1242 4989 Antiochi
1278 4933 1621 5003 repetendas
1655 4933 1813 4988 duxi.
1844 4958 1866 4985 ι

548 5002 610 5056 In
634 5002 807 5079 editis
827 5008 1023 5079 Graeca
1081 5005 1202 5079 sic:
1257 5001 1390 5079 εἶναι
1444 5007 1610 5079 ταῦτα
1637 5002 1975 5079 ;-Ἀπεκρίθη

328 5070 429 5126 Καὶ
452 5070 680 5147 λίαν,-κ.
708 5070 845 5147 τηλ.
889 5074 997 5131 Ubi
1038 5075 1158 5131 vult
1212 5075 1467 5130 Clericus
1497 5076 1611 5147 leg.
1637 5070 1975 5147 dirupi-0m;

328 5148 404 5220 ᾼῑ
428 5145 1043 5220 pseudo-Athanasius
1074 5147 1230 5202 unde
1261 5147 1375 5220 ista
1421 5145 1754 5220 desu'mpta,
1801 5145 1980 5203 habet

330 5212 595 5289 ἀπεκρίθη
626 5233 640 5283 ;
676 5221 732 5271 et
762 5218 994 5286 quidem
1030 5224 1217 5281 recte;
1274 5218 1403 5289 ejus
1456 5220 1612 5273 enim
1636 5212 1852 5274 'oratio
1900 5220 1980 5274 ita

334 5286 842 5369 postu1.at,Hermee
876 5307 990 5369 μου
1021 5289 1267 5369 ἱΐεωεΕκ
1297 5286 1363 5369 eo
1388 5289 1566 5369 igitur
1592 5289 1694 5369 illa
1749 5296 1978 5369 tantum

332 5359 581 5431 petenda
609 5376 734 5431 quae
765 5376 834 5415 ex
894 5366 1103 5417 Herma
1152 5359 1501 5430 descripsit:
1553 5366 1758 5416 cetera
1801 5362 1981 5418 omit-

330 5430 526 5503 tenda,
560 5430 805 5502 ut’saspe
845 5432 1007 5487 alias.
1042 5434 1234 5503 Neque
1264 5431 1419 5487 enim
1451 5433 1869 5489 conformanda
1896 5433 1979 5488 vi-

334 5500 544 5556 dentur
570 5500 1267 5576 Apseudo-Athanasiana,
1317 5508 1384 5557 ut
1428 5505 1602 5558 veteri
1637 5574 1644 5576 _
1679 5505 1979 5576 interpreti

334 5574 729 5646 respondeant
751 5591 764 5629 :
786 5576 937 5646 quod
959 5583 1149 5630 tamen
1180 5575 1399 5646 passim
1423 5594 1457 5629 a
1480 5574 1740 5630 Fabricio
1765 5574 1976 5632 factum

324 5644 698 5716 video,atque
725 5644 987 5716 aClerico
1018 5651 1075 5702 et
1096 5644 1363 5703 Russelio
1387 5646 1718 5701 Fabricium
1741 5648 1976 5704 secutis.

398 5715 513 5791 (27)
542 5715 790 5787 Cenjicit
817 5715 1134 5775 Gotelerius
1164 5719 1256 5775 hic
1299 5717 1635 5776 addendum
1690 5720 1976 5793 operibus,

2088 4577 2244 4648 quod
2276 4576 2335 4631 in
2367 4576 2560 4649 Graeco
2578 4574 2820 4649 legatur
2842 4570 3049 4649 ἔργων.)
3072 4580 3279 4649 ΝθιιιιθΔ
3299 4572 3522 4649 fallitur
3540 4570 3629 4649 v_ir
3648 4569 3733 4626 Cl.

2090 4641 2292 4704 contra
2320 4666 2384 4702 ac
2415 4647 2619 4702 scribit
2649 4641 2927 4712 Clericus;
2955 4647 3055 4717 qui
3087 4641 3313 4717 putavit
3344 4646 3539 4717 ipsum
3570 4641 3737 4717 locu-

2088 4728 2213 4775 tum
2241 4720 2310 4774 de
2342 4719 2432 4773 his
2461 4717 2673 4773 Graecis
2698 4714 3279 4787 pseudo-Athanasii,
3300 4715 3398 4769 ubi
3416 4729 3556 4770 sane
3575 4714 3737 4787 deest

2088 4787 2278 4865 ἔργων.
2312 4794 2527 4865 verum
2560 4784 2873 4865 potelerips
2896 4789 3163 4865 Antiochi
3203 4788 3398 4865 Graeca
3458 4784 3731 4865 respexit,

2087 4855 2266 4919 e't'hic
2297 4861 2531 4932 quidem
2563 4860 2765 4915 bomil.
2796 4862 2887 4925 79,
2912 4866 2977 4915 ut
2997 4877 3127 4915 mox
3152 4861 3321 4932 infra,
3354 4855 3732 4932 Nequeenim

2088 4935 2147 4989 in
2180 4935 2293 4989 ista
2313 4927 3109 5004 'pseudo-AthanasiiGreca
3144 4931 3391 5002 digitum
3431 4927 3732 5004 intendere

2089 4999 2339 5077 poterat,
2368 5021 2493 5075 quae
2522 5003 2783 5077 nondum
2809 5002 2966 5077 edita
2997 4999 3245 5077 fuerant,
3278 5017 3412 5077 cum
3434 4999 3730 5077 ille_su_am

2086 5069 2748 5145 Patrumapostolicorum
2778 5074 3091 5129 editionem
3125 5074 3184 5127 in
3201 5072 3413 5145 vulgus
3442 5069 3657 5126 emisit.

2158 5149 2269 5217 (28)
2304 5147 2501 5202 Lamb.
2536 5146 2768 5211 desunt,
2800 5146 2947 5200 vivas
2976 5148 3081 5201 Deo
3109 5153 3181 5200 et.
3290 5148 3306 5164 '

2163 5218 2270 5288 (29)
2304 5218 2499 5272 Lamb.
2530 5219 2729 5288 pietas,
2761 5219 3015 5287 wquitas.

2180 5240 2270 5290 ὅθ)
2304 5240 2499 5272 hall”).
2530 5240 2729 5288 pwms,
2761 5240 3015 5287 aequitas.

2158 5240 2269 5362 (30)
2307 5292 2499 5362 Lamb.
2536 5296 2593 5343 et
2620 5290 2811 5362 Carm.
2841 5292 2901 5342 in
2948 5290 3059 5343 vita
3107 5286 3410 5362 hominum.
3454 5283 3560 5352 Qui
3617 5285 3736 5339 hee

2085 5358 2399 5417 custodierit
2428 5371 2477 5414 et
2503 5361 2697 5429 fecerit
2725 5362 2785 5414 in
2819 5362 2929 5414 vita
2958 5376 3079 5426 sua,
3111 5360 3250 5413 vivet
3288 5358 3413 5411 Deo.

2156 5434 2270 5504 (3t)
2307 5440 2318 5504 ί
2347 5432 2501 5504 amb.
2536 5432 2597 5485 In
2627 5432 2879 5504 hospitio.

2157 5494 2270 5571 (3'2)
2310 5503 2473 5571 Bodl.
2500 5494 2785 5571 ctLam'b.
2818 5502 3191 5571 humiliarem,
3227 5494 3732 5571 Vctus_inte_rpres

2088 5564 2389 5644 forte’leg.
2445 5569 2770 5647 ἐνδεέστερον
2830 5571 3070 5645 γενέσθαι
3124 5567 3335 5647 πάντων
3403 5564 3729 5647 ἀνθρώπων.

2088 5647 2182 5705 Sic
2211 5651 2266 5701 et
2297 5638 2640 5699 Abtiochus.
2674 5638 2855 5700 Aliter
2884 5638 3515 5715 pseudo-Athanasius.

2159 5718 2272 5793 (33)
2303 5716 2469 5787 Bodl,
2499 5721 2558 5772 et
2588 5717 2786 5774 Lamb.
2818 5714 3015 5772 horum
3041 5714 3347 5771 verborum.
