4014 6226
392 370 505 431 935
1880 362 1950 424 S.
1995 356 2297 422 HERMIE
3632 372 3735 438 933

386 502 545 557 debes
575 500 864 556 abstinere.
902 496 1151 553 Primum
1179 510 1303 551 vero
1333 509 1579 550 omnium
1627 502 1706 550 est
1752 493 1906 564 ﬁdes,
1956 494 2008 548 ti

2098 544 2109 561 ,
2140 490 2221 547 δεῖ
2268 490 2598 568 ἐργάζεσθαι,
2628 490 2716 547 καὶ
2779 493 2854 564 μή
2914 488 3343 570 ἐγκρατεύεσθαι.
3378 502 3482 574 Πρὸ
3532 499 3583 557 δὲ
3632 509 3738 560 πάν-

387 606 513 646 mor
566 588 789 644 Domini
831 586 1095 651 Charitas,
1146 583 1455 650 concordia,
1503 584 1667 638 verba
1727 584 2008 656 aequitatis

2141 602 2271 651 των,
2304 580 2506 655 πίστις,
2566 576 2732 658 φόϐος
2791 582 3013 659 Κυρίου,
3048 584 3257 659 ἀγάπη,
3290 587 3521 659 ὁμόνοια,
3554 590 3742 667 ῥήματα

384 678 611 743 veritas,
653 676 949 748 patientia,
995 674 1184 729 viduis
1256 671 1680 740 administrare,
1753 674 2008 743 orphano.

2142 667 2515 737 δικαιοσύνης,
2570 669 2819 742 ἀλήθεια,
2878 676 3158 748 προμονή,
3219 678 3420 751 χήραις
3466 678 3737 755 ὑπηρετεῖν,

377 781 649 840 pauperes
678 768 731 820 et
755 764 946 820 solatio
974 763 1256 818 destitutos
1286 762 1532 831 visitare,
1572 776 1752 817 servos
1806 762 1905 817 Dei
1959 777 2008 816 ea

2142 758 2408 836 ὀρφανοὺς
2462 758 2888 836 ὑστερουμένους
2945 760 3373 833 ἐπισκέπτεσθαι,
3432 765 3498 837 ἐξ
3530 768 3738 845 ἀναγκῶν

380 856 699 913 necessitate
726 853 1018 915 redimere,
1068 851 1395 922 hospitalem
1438 866 1572 914 esse,
1616 852 1877 921 quietum,
1927 849 2008 906 hu-

2138 844 2462 924 λυτροῦσθαι
2513 846 2642 910 τοὺς
2700 845 2931 911 δούλους
2960 854 3056 904 τοῦ
3084 855 3240 920 Θεοῦ,
3297 852 3560 929 φιλόξενον
3607 844 3738 929 εἶναι,

379 946 683 1000 millimum
690 943 814 1014 ﬁeri
825 942 1071 997 omnium
1086 939 1397 1008 hominum,
1429 939 1601 1009 major
1610 954 1663 993 es
1680 942 1817 993 natu
1831 938 2008 994 colere

2132 933 2369 1012 ἥσυχον,
2431 934 2758 1013 ἐνδεέστερον
2840 937 3075 1013 γίνεσθαι
3147 941 3361 996 πάντων
3456 944 3735 1020 ἀνθρώπων,

377 1032 595 1089 studere
626 1032 882 1105 justitize,
930 1029 1337 1100 fraternitatem
1382 1042 1724 1099 conservare,
1770 1028 2008 1098 aequani-

2132 1020 2434 1101 πρεσϐύτας
2490 1020 2756 1094 σέϐεσθαι,
2808 1027 2984 1081 ἀσκεῖν
3045 1024 3403 1101 δικαιοσύνην,
3434 1029 3739 1111 ἀδελφότητα

371 1139 499 1178 men
541 1137 676 1190 esse,
707 1119 1076 1177 contumelias
1103 1118 1334 1188 sufferre
1363 1118 1481 1185 [seu
1506 1132 1618 1171 non
1671 1117 1872 1172 habere
1909 1132 2008 1171 me-

2131 1118 2430 1190 συντηρεῖν,
2468 1113 2816 1187 μακρόθυμον
2872 1114 3029 1183 εἶναι,
3064 1117 3415 1189 μνησικακίαν
3470 1121 3542 1192 μὴ
3592 1119 3735 1198 ἔχειν,

375 1212 612 1269 marium
678 1207 1061 1282 injuriarum],
1110 1209 1294 1262 animo
1346 1206 1649 1262 laborantes
1702 1206 2008 1270 consolari,

2128 1204 2431 1277 κάμνοντας
2506 1207 2575 1277 τῇ
2634 1206 2787 1278 ψυχῇ
2852 1202 3207 1278 παρακαλεῖν,
3260 1206 3737 1283 ἐσκανδαλισμὲνους

371 1302 552 1373 lapsos
581 1318 617 1356 a
644 1300 746 1370 ﬁde
772 1315 882 1355 non
912 1299 1199 1369 projicere,
1230 1296 1325 1350 sed
1353 1298 1666 1351 convertere
1724 1311 1788 1350 ac
1833 1311 2008 1366 aequa-

2126 1291 2233 1347 ἀπὸ
2262 1291 2492 1355 πίστεως
2548 1293 2623 1365 μὴ
2657 1288 3086 1361 ἀποϐάλλεσθαι,
3116 1293 3243 1351 ἀλλ’
3303 1296 3620 1377 ἐπιστρέφειν
3662 1303 3736 1356 καὶ

365 1392 545 1446 nimes
573 1391 791 1460 facere;
827 1395 1109 1459 peccantes
1156 1384 1469 1451 admonere,
1518 1384 1782 1439 debitores
1832 1386 2008 1455 inope:

2127 1381 2394 1455 εύθύμους
2448 1386 2646 1452 ποιεῖν,
2706 1381 3113 1457 ἁμαρτάνοντας
3166 1386 3452 1454 νουθετεῖν,
3491 1390 3735 1463 χρεώστας

363 1494 473 1534 non
502 1494 789 1550 premere;
827 1480 879 1532 et
922 1477 971 1531 si
1021 1492 1128 1546 qua
1184 1475 1253 1529 iis
1311 1474 1544 1528 similia.
1594 1473 1653 1527 Si
1700 1475 1849 1528 enim
1892 1474 2008 1545 quis

2128 1472 2203 1544 μὴ
2235 1466 2441 1526 θλίϐειν
2501 1468 2717 1540 ἐνδεεῖς,
2749 1470 2838 1525 καὶ
2894 1468 2947 1525 εἷ’
2996 1491 3115 1526 τινα
3150 1471 3368 1535 τούτοις
3424 1474 3583 1548 ὅμοιά
3626 1476 3735 1536 ἐστι.

361 1567 677 1624 custodierit
698 1566 832 1633 haec,
854 1569 906 1621 et
924 1580 1035 1620 non
1055 1564 1121 1619 ab
1141 1564 1219 1619 eis
1246 1565 1529 1618 recesserit
1570 1577 1633 1617 ac
1661 1562 2008 1630 abstinuerit,

2120 1564 2295 1616 Ταῦτα
2348 1560 2449 1636 γὰρ
2506 1559 2592 1615 ἐάν
2646 1581 2729 1622 τις
2789 1558 3016 1637 φυλάξῃ,
3066 1560 3159 1616 καὶ
3220 1564 3298 1635 μὴ
3359 1563 3737 1641 ἐγκρατεύσηται

365 1658 509 1714 vivet
530 1657 655 1713 Deo.

2119 1647 2211 1703 ἀπ’
2241 1647 2439 1720 αὐτῶν,
2475 1650 2691 1719 ζήσεται
2718 1652 2797 1720 τῷ
2829 1653 2963 1721 Θεῷ.

1788 1758 1990 1814 MAND
2001 1756 2193 1814 ATUM
2260 1756 2345 1812 IX.

1273 1848 1702 1909 Postulandum
1731 1866 1769 1909 a
1801 1848 1921 1909 Deo
1949 1846 2199 1921 assidue,
2231 1856 2287 1906 et
2311 1846 2436 1907 sine
2464 1845 2851 1909 haesitatione.

1764 1963 1998 2018 CAPUT
2064 1960 2359 2018 UNICUM.

428 2059 645 2115 Iterum
676 2057 823 2113 dixit
853 2055 1030 2111 mihi:
1064 2053 1225 2110 Tolle
1255 2071 1288 2109 a
1334 2059 1389 2109 te
1449 2052 1896 2123 dubitationem,
1945 2057 2003 2108 et

2179 2050 2293 2123 (34)
2323 2050 2488 2121 Ἀρον
2520 2048 2627 2103 ἀπὸ
2666 2052 2762 2103 σοῦ
2791 2050 2891 2118 τήν
2926 2047 3210 2126 διψυχίαν,
3239 2051 3331 2106 καὶ
3386 2050 3613 2125 μηδενὸς

354 2146 498 2202 nihil
522 2146 759 2204 omnino
790 2145 1040 2201 dubites.
1072 2148 1279 2198 Petens
1313 2141 1532 2213 aliquid
1571 2159 1605 2196 a
1632 2141 1901 2208 Domino,
1931 2157 2003 2196 ne

2112 2135 2256 2200 δ’λως
2302 2134 2635 2213 διψυχήσῃς,
2670 2136 2986 2208 αἰτήσασθαι
3041 2140 3187 2216 παρά
3244 2144 3340 2195 τοῦ
3402 2146 3553 2213 Θεοῦ,
3583 2141 3729 2221 λέγων

354 2236 513 2292 dicas
543 2235 698 2290 intra
728 2239 818 2290 te:
853 2233 1150 2301 Quomodo
1180 2232 1291 2303 (36)
1323 2248 1454 2286 vero
1487 2247 1728 2301 possum
1776 2228 1999 2301 aliquid

355 2329 550 2397 petere
572 2341 605 2380 a
625 2323 888 2390 Domino,
912 2326 968 2377 et
988 2321 1246 2377 obtinere
1267 2320 1401 2392 (38),
1435 2334 1565 2374 cum
1597 2318 1705 2373 sim
1731 2321 2003 2389 peccator

354 2417 651 2469 tantorum
677 2411 965 2467 malorum
985 2410 1042 2465 in
1060 2408 1371 2465 Dominum
1394 2407 1421 2461 ?
1441 2407 1565 2462 Noli
1590 2406 1699 2461 hoc
1717 2405 1996 2478 cogitare;

351 2503 452 2558 sed
484 2519 551 2557 ex
578 2502 715 2556 totis
772 2499 1101 2573 praecordiis
1158 2502 1491 2553 convertere
1541 2496 1608 2550 ad
1663 2494 1993 2550 Dominum.

348 2594 483 2647 Pete
512 2591 639 2647 sine
670 2588 1052 2655 dubitatione,
1087 2591 1144 2642 et
1172 2586 1319 2642 scies
1375 2584 1835 2640 misericordiam
1888 2589 1996 2640 Do-

350 2679 535 2747 mini;
574 2680 726 2752 quod
769 2695 883 2733 non
941 2681 1000 2731 te
1058 2675 1443 2747 derelinquat,
1504 2674 1605 2729 sed
1656 2668 1993 2744 petitionem

348 2770 556 2826 anima:
587 2774 698 2823 tua:
732 2765 1076 2839 adimplebit
1118 2766 1252 2837 (41).
1303 2769 1427 2819 Non
1486 2768 1574 2818 est
1621 2762 1777 2817 enim
1838 2762 1995 2817 Deus

348 2857 503 2913 sicut
556 2857 847 2924 homines,
904 2871 1192 2909 memores
1251 2853 1365 2924 (42)
1418 2850 1808 2921 injuriarum;
1891 2850 1991 2905 sed

349 2952 438 3003 est
484 2946 795 3001 immemor
842 2944 1211 3014 injuriarum,
1272 2945 1328 2996 et
1376 2939 1685 2995 miseretur
1729 2938 1991 3010 ﬁgmenti

349 3035 439 3089 sui
468 3033 602 3107 (44).
634 3034 783 3104 Ergo
815 3030 1058 3105 puriﬁca
1080 3048 1177 3087 cor
1205 3033 1371 3085 tuum
1402 3028 1474 3083 ab
1526 3027 1798 3082 omnibus
1835 3026 1991 3083 vitiis

350 3120 529 3193 hujus
561 3118 755 3176 saeculi
777 3120 909 3192 (44),
940 3122 996 3175 et
1025 3117 1266 3173 observa
1312 3114 1583 3187 praedicta
1611 3114 1786 3169 verba
1814 3114 1919 3169 tibi
1959 3133 1994 3171 a

342 3209 460 3266 Deo
489 3210 628 3265 data
658 3208 769 3280 (46)
796 3226 810 3275 ;
843 3212 899 3263 et
927 3206 1177 3278 accipies
1198 3205 1395 3261 omnia
1415 3204 1566 3260 bona
1592 3220 1717 3275 quae
1732 3203 1910 3275 petis:
1932 3208 1990 3259 et

334 3316 403 3355 ex
433 3297 708 3354 omnibus
739 3296 1123 3367 petitionibus
1171 3294 1289 3349 tuis
1339 3292 1484 3348 nihil
1531 3291 1715 3347 deerit
1767 3291 1893 3358 tibi,
1936 3292 1986 3348 si

340 3388 468 3445 sine
493 3385 857 3443 dubitatione
888 3383 1121 3456 petieris
1152 3400 1185 3437 a
1215 3381 1482 3437 Domino.
1530 3379 1639 3445 Qui
1668 3396 1804 3452 ergo
1832 3380 1981 3437 tales

333 3492 451 3533 non
482 3478 620 3532 sunt
649 3474 781 3545 (47),
813 3472 1052 3529 omnino
1092 3470 1238 3526 nihil
1266 3470 1583 3543 impetrant
1620 3486 1820 3525 eorum
1853 3485 1983 3540 quae

333 3567 540 3638 petunt
568 3563 703 3634 (48).
738 3562 883 3617 Nam
916 3560 1017 3633 qui
1048 3560 1203 3631 pleni
1235 3564 1373 3615 sunt
1401 3559 1533 3625 fide,
1557 3559 1755 3614 omnia
1780 3564 1983 3630 petunt

337 3655 666 3723 fidentes,et
687 3650 980 3722 accipiunt
1001 3667 1034 3704 a
1054 3646 1466 3719 Domino,quia
1480 3647 1604 3703 sine
1617 3647 1983 3702 dubitatione

338 3744 565 3814 petunt.
591 3738 959 3796 Omnisenim
980 3737 1255 3792 dubitans
1270 3736 1463 3801 homo,
1495 3735 1542 3790 si
1568 3752 1682 3789 non
1705 3734 1984 3804 pmniten-

336 3830 479 3885 tiam
505 3826 945 3902 egerit,difﬁcile
958 3826 1073 3882 Deo
1095 3825 1522 3881 vivet.Puriﬁca
1542 3841 1677 3895 ergo
1695 3840 1793 3879 cor
1813 3828 1979 3879 tuum

336 3936 370 3975 a
388 3919 834 3984 dubitatione,et
854 3916 1029 3970 indue
1052 3916 1245 3983 fidem,
1270 3920 1328 3969 et
1347 3914 1513 3968 crede
1540 3919 1648 3967 Deo
1666 3957 1679 3979 ,
1708 3917 1763 3967 et
1786 3913 1983 3967 omnia

333 4024 462 4081 quae
484 4004 1131 4080 petieris,accipies.Sed
1158 4004 1205 4058 si
1234 4007 1395 4075 petas
1420 4002 1735 4073 aliquando
1750 4002 1981 4073 petitio-

333 4112 488 4166 nem,
515 4100 572 4149 et
601 4112 717 4149 non
749 4094 1000 4165 accipias
1032 4094 1167 4164 (49),
1200 4092 1317 4146 noli
1350 4092 1639 4159 dubitare,
1696 4090 1834 4162 quia
1864 4107 1980 4145 non

329 4184 442 4239 cito
474 4182 765 4255 acceperis
787 4181 1123 4254 petitionem
1149 4181 1356 4236 animae
1381 4184 1511 4235 tuae.
1538 4179 1804 4235 Forsitan
1822 4180 1979 4236 enim

324 4277 559 4346 propter
587 4274 989 4342 tentationem,
1017 4275 1119 4326 aut
1148 4286 1249 4342 pro
1282 4273 1515 4341 peccato
1548 4272 1669 4337 tuo,
1730 4270 1886 4340 quod
1917 4274 1979 4325 tu

2111 2224 2163 2281 ἐν
2196 2230 2423 2299 σεαυτῷ·
2467 2229 2653 2287 Ὅπως
2711 2222 3016 2300 δυνήσομαι
3065 2227 3387 2299 αἰτήσασθαι
3610 2233 3731 2309 παρὰ

2106 2319 2205 2370 τοῦ
2235 2314 2440 2390 Κυρίου
2473 2315 2607 2387 (καὶ)
2641 2309 2844 2384 λαϐεῖν,
2878 2317 3215 2392 ἡμαρτηκὼς
3243 2324 3483 2375 τοσαῦτα
3539 2320 3609 2384 εἷς
3654 2321 3731 2376 αὖ·

2105 2403 2195 2459 τόν
2224 2422 2237 2473 ;
2273 2405 2360 2473 Μὴ
2390 2401 2710 2478 διαλογίζου
2739 2409 2926 2478 ταῦτα,
2961 2403 3086 2461 ἀλλ’
3119 2405 3171 2478 ἐξ
3203 2404 3345 2478 ὅλης
3388 2407 3604 2483 καρδίας
3654 2431 3730 2466 σου

2106 2492 2423 2570 ἐπίπρεψον
2482 2493 2618 2569 πρὸς
2675 2491 2872 2568 Κύριον
2901 2497 3041 2568 (39),
3073 2496 3163 2551 καὶ
3222 2497 3380 2553 αἰτοῦ
3444 2500 3565 2575 παρ’
3594 2498 3730 2554 αὐτοῦ

2105 2579 2461 2652 ἆδιστάκτως,
2495 2580 2582 2636 καί
2633 2582 2816 2656 γνώσῃ
2869 2584 2968 2652 τήν
3028 2583 3581 2663 πολυευσπλαγχνίαν
3636 2590 3729 2660 (40)

2105 2671 2290 2738 αὐτοῦ,
2324 2671 2405 2725 ὅτι
2440 2670 2499 2725 ού
2534 2673 2608 2742 μή
2644 2692 2700 2724 σε
2731 2670 3114 2746 ἐγκαταλείπῃ,
3148 2671 3294 2729 ἀλλὰ
3321 2675 3389 2730 τὸ
3420 2672 3620 2750 αἴτημα
3652 2684 3732 2747 τῆς

2103 2763 2288 2835 ψυχῆς
2322 2781 2416 2814 σου
2447 2758 2889 2838 πληροφορήσει.
2922 2760 3032 2815 Οὐκ
3080 2759 3188 2816 ἔστι
3244 2764 3349 2840 γὰρ
3384 2766 3414 2820 ὁ
3443 2766 3569 2828 Θεὸς
3600 2768 3666 2827 ὡς
3690 2768 3732 2820 οἱ

2102 2847 2380 2924 ἄνθρωποι
2413 2854 2887 2922 μνησικακοῦντες,
2920 2848 3048 2905 ἀλλ’
3101 2851 3261 2914 αὐτὸς
3302 2856 3429 2929 (43)
3460 2855 3733 2928 ἆμνησίκα-

2099 2936 2196 3000 κός
2228 2937 2357 3007 ἐστι,
2390 2937 2478 2992 καὶ
2524 2938 2943 3013 σπλαγχνίζεται
2986 2937 3073 2994 ἐπὶ
3128 2943 3227 3009 τήν
3285 2941 3510 3013 ποίησιν
3563 2944 3723 3001 αὐτοῦ.

2101 3026 2177 3081 Σὺ
2209 3027 2300 3081 οὗν
2334 3026 2619 3103 καθάρισον
2650 3029 2749 3095 τὴν
2781 3025 3002 3103 καρδίαν
3053 3050 3147 3083 σου
3206 3030 3312 3085 ἀπὸ
3371 3034 3586 3088 πάντων
3637 3038 3726 3089 τῶν

2104 3114 2342 3189 ματαίων
2374 3114 2604 3185 τούτων,
2634 3116 2725 3170 καὶ
2781 3122 2888 3170 τῶν
2947 3118 3360 3195 προειρημένων
3427 3143 3512 3177 σοι
3568 3122 3726 3199 ῥημά-

2094 3224 2226 3271 των,
2258 3204 2347 3258 καὶ
2379 3202 2531 3259 αἰτοῦ
2561 3205 2707 3281 παρὰ
2759 3209 2857 3260 τοῦ
2898 3205 3120 3283 Κυρίου,
3151 3207 3239 3263 καί
3293 3208 3472 3285 λήψῃ,
3504 3210 3589 3266 καῖ
3635 3211 3725 3266 ἀπὸ

2094 3293 2308 3347 πάντων
2335 3297 2440 3347 τῶν
2501 3293 2815 3366 αἰτημάτων
2868 3315 2963 3349 σου
3009 3296 3301 3372 ἀστὲρητος
3348 3296 3467 3374 ἔσῃ,
3500 3298 3586 3354 ἐὰν
3629 3297 3727 3354 ἀδι-

2095 3382 2334 3444 στάκτως
2393 3381 2652 3452 αἰτήσεις.
2715 3384 2834 3438 Ἐὰν
2896 3381 2953 3439 δὲ
3011 3382 3260 3460 διστάοῃς
3320 3387 3374 3443 ἐν
3430 3392 3500 3463 τῇ
3556 3386 3727 3463 καρδίᾳ

2092 3492 2207 3539 σου,
2242 3468 2394 3525 οὐδὲν
2452 3471 2512 3525 οὐ
2576 3473 2651 3543 μὴ
2687 3469 2839 3546 λήψῃ
2870 3478 2974 3527 τῶν
3005 3474 3323 3547 αἰτημάτων
3368 3498 3489 3534 σου.
3523 3480 3587 3536 Οἳ
3638 3480 3728 3552 γὰρ

2092 3556 2427 3628 διστάζοντες
2458 3559 2533 3622 εἷς
2563 3560 2651 3613 τὸν
2686 3561 2837 3633 Θεὸν,
2870 3562 3020 3617 οὗτοί
3061 3562 3191 3618 εἰσιν
3242 3565 3317 3628 ὡς
3378 3563 3623 3642 δίψυχοι,
3653 3565 3728 3620 καὶ

2092 3644 2244 3703 οὐδὲν
2294 3646 2442 3711 ὅλως
2491 3644 2831 3721 λαμϐάνουσι
2881 3655 2988 3705 τῶν
3014 3652 3333 3725 αἰτημάτων
3364 3655 3567 3710 αὐτῶν.
3599 3656 3656 3709 Οἱ
3686 3653 3734 3710 δέ

2092 3735 2372 3800 ὁλοτελεῖς
2403 3733 2548 3799 ὄντες
2602 3736 2654 3791 ἐν
2684 3743 2752 3812 τῇ
2786 3739 2961 3794 πίστει
2993 3742 3167 3796 πάντα
3224 3742 3527 3817 αἰτοῦνται,
3567 3765 3737 3799 πεποι-

2092 3825 2242 3889 θότες
2275 3826 2360 3880 ἐπὶ
2391 3827 2481 3881 τὸν
2516 3828 2666 3897 Θεὸν,
2701 3828 2790 3882 καὶ
2842 3824 3235 3905 λαμϐάνουσιν,
3270 3832 3351 3886 ὅτι
3416 3831 3733 3894 ἀδιστάκτως

2089 3915 2385 3988 αἰτοῦνται,
2423 3913 2590 3988 μηδὲν
2626 3914 3004 3991 διψυχοῦντες.
3038 3925 3149 3981 Πᾶς
3181 3922 3284 3996 γὰρ
3318 3918 3560 3998 δίψυχος
3590 3922 3735 3997 ἆνὴρ,

2090 4002 2175 4059 ἐὰν
2213 4006 2287 4078 μὴ
2352 4007 2692 4077 μετανοήσει,
2747 4003 3029 4069 δυσκόλως
3087 4012 3736 4089 σωθήσεται.Καθάρισον

2090 4093 2181 4148 οὗν
2210 4094 2309 4162 τήν
2340 4091 2562 4167 καρδίαν
2598 4114 2693 4149 σου
2724 4094 2831 4149 ἀπὸ
2859 4103 2960 4165 τῆς
2996 4094 3279 4172 διψυχίας,
3312 4097 3535 4156 ἔνδυσαι
3565 4098 3619 4155 δὲ
3644 4100 3733 4168 τήν

2087 4182 2285 4251 πίστιν,
2317 4181 2399 4237 ὅτι
2436 4182 2633 4258 ἰσχυρά
2665 4183 2799 4251 ἐστι,
2829 4184 2918 4239 καὶ
2951 4185 3168 4241 πίστευε
3196 4189 3275 4261 τῷ
3307 4194 3447 4262 Θεῷ,
3465 4189 3550 4245 ὅτι
3580 4190 3735 4245 πάντα

2086 4272 2154 4327 τὰ
2209 4271 2481 4345 αἷτήματά
2537 4293 2654 4344 σου,
2688 4273 2721 4326 ἃ
2748 4272 2898 4348 αἰτῇ,
3134 4277 3242 4333 ,Καὶ
3304 4277 3392 4335 ἐὰν
3455 4269 3735 4352 αἰτησάμε-

1463 4385 1703 4441 νΑΗΙιΕ
1758 4385 2146 4444 LECTIONES
2208 4387 2301 4442 ET
2365 4387 2595 4445 NOT/E.

393 4486 508 4569 (34)
541 4486 619 4542 Ex
647 4487 863 4569 Doctr.“
889 4484 958 4569 ad
999 4484 1265 4569 Antioch:
1322 4483 1789 4569 nu.m.n_9,"p.ag.
1847 4485 1974 4539 256.
2010 4489 2052 4552 ξ)
2096 4555 2108 4569 .
2155 4484 2268 4567 (42)
2298 4485 2499 4543 Lamb.
2536 4486 2702 4543 homo
2732 4504 2963 4546 memor.
2998 4490 3163 4546 Bodl.
3194 4493 3475 4549 malorum
3506 4510 3610 4568 pro
3653 4496 3733 4549 in-

318 4553 533 4614 Eadem
567 4557 873 4629 exscripsit
904 4556 1222 4629 Antiochus
1254 4554 1455 4629 homil.
1475 4556 1567 4629 _85.
1593 4553 1782 4629 Hujus
1812 4571 1975 4610 man-

315 4630 437 4686 dati
466 4626 858 4703 fragmentiim
892 4629 1073 4683 edidit
1103 4627 1352 4703 Grabius
1373 4627 1428 4680 in
1464 4626 1975 4703 SpicilegsPatrum

312 4706 461 4757 tom.
494 4701 540 4768 Ι,
562 4700 702 4772 pag.
736 4701 859 4767 303,
893 4717 959 4755 ex
992 4700 1347 4772 msscatena
1376 4704 1704 4772 Graecorum
1728 4702 1970 4772 Patrum

316 4773 378 4828 in
410 4768 981 4842 Acta—apestolorum
1005 4777 1063 4826 et
1092 4769 1380 4842 Epistolas
1411 4768 1864 4842 catholicas,_ubi
1896 4770 1970 4825 ad

321 4840 764 4915 explicatio—nem
794 4845 1098 4897 verborum
1124 4840 1184 4915 S.
1216 4841 1421 4915 Jacobi
1442 4842 1572 4908 11,6,
1608 4841 1718 4915 ista
1748 4840 1969 4915 Hermas

320 4912 714 4972 adducuntur.
745 4915 931 4968 Latuit
952 4931 1089 4968 sane
1108 4914 1385 4967 Grabium
1410 4912 1518 4966 hoc
1537 4912 1971 4983 pseudo-Atha-

323 4987 475 5044 nasii
507 5003 675 5058 opus,
707 4986 841 5039 licet
871 4992 1009 5058 tunc
1033 4988 1158 5053 jam
1189 4985 1429 5058 editum,
1462 4982 1673 5058 e>x_’qu_o
1704 4982 1817 5058 alia
1847 4982 1970 5054 ple-

322 5075 503 5131 raque
533 5054 998 5131 hausisset.‘Nos
1034 5055 1340 5131 fragmenti
1373 5055 1645 5131 Grabiani
1679 5054 1968 5131 yariantes

322 5099 598 5187 lectiones
643 5129 1073 5199 adnotabimus.
1121 5099 1226 5182 %ic
1275 5131 1470 5183 autem
1517 5126 1762 5198 incipit:
1806 5126 1969 5199 Ἀρον

322 5203 568 5266 σεαυτοῦ,
602 5200 821 5271 absque
853 5193 956 5251 ἀπό
989 5201 1231 5271 σεαυτοῦε

413 5275 500 5341 35)
532 5273 701 5327 Grab.
729 5265 864 5326 cum
899 5272 973 5325 al.
1008 5270 1096 5323 καὶ
1134 5265 1320 5341 μηδὲν.

412 5341 502 5412 36)
535 5345 732 5399 Lamb.
769 5343 1036 5412 Quoniam
1066 5358 1170 5412 quo
1199 5341 1378 5396 modo.

412 5410 499 5483 37)
531 5415 701 5471 Grab.
738 5414 951 5483 aliique
983 5410 1213 5483 δύναμαι
1246 5410 1566 5480 αἰτήσασθαί
1590 5431 1663 5467 τι.

390 5483 501 5559 (38)
537 5491 732 5541 Lamb.
765 5490 1028 5559 accipere,
1063 5492 1127 5559 ut
1158 5485 1375 5539 habent
1404 5483 1617 5539 Graeca.

390 5554 504 5630 (39)
534 5561 706 5614 Grab.
737 5554 993 5630 πρὸςτὸν
1028 5554 1245 5630 Κύριον..

388 5623 499 5698 (40)
531 5630 704 5686 Grab.
736 5623 871 5686 cum
892 5630 966 5687 al.
991 5623 1503 5700 πολὺσπλαγχνίαν.

393 5700 506 5777 (41)
537 5700 699 5757 Bodl.
732 5704 789 5758 et
816 5702 1017 5759 Lamb.
1048 5699 1299 5774 replebit.

2074 4571 2387 4627 Junarum.

2295 4629 2469 4703 Grab.
2503 4628 2554 4681 οἱ
2587 4633 3041 4703 μνησικακοῦντες
3072 4630 3380 4703 ἀλλήλους.
3442 4641 3507 4692 In
3561 4651 3738 4693 exem-

2081 4698 2230 4783 plari
2259 4698 3085 4783 pseudo-Athanasii“excidit
3134 4698 3278 4761 forte
3314 4705 3621 4783 -ἀλλήλους
3654 4707 3732 4783 Aob

2081 4766 2505 4843 altilicbntinuo
2527 4790 2794 4843 sequens.
2821 4777 2923 4829 Hic
2945 4782 3139 4832 autem
3159 4780 3441 4835 mendosa
3462 4766 3523 4836 et
3550 4766 3735 4836 hiulca

2079 4841 2260 4919 editio
2320 4842 2545 4919 Qlerici,
2588 4841 2705 4919 _i1_bi
2765 4846 2887 4902 sic:
2948 4846 2998 4919 οἱ
3060 4846 3387 4919 μνησίκακοί
3465 4848 3569 4903 εἰσι
3652 4847 3731 4902 καί

2080 4910 2537 4992 σπλαγχνίζεταιζ
2587 4915 2757 4992 idem
2815 4910 3093 4992 mendum
3154 4910 3317 4992 apud
3378 4922 3730 4978 Russelium.

2080 4984 2336 5066 ptraque
2367 4987 2507 5042 item
2538 4987 2924 5066 editio_intida
2963 4996 3051 5045 est
3081 4984 3262 5066 supra
3288 4995 3482 5049 Mand.
3514 5012 3576 5066 _v,
3608 5008 3723 5065 cap.

2075 5059 2133 5125 2,
2159 5057 2263 5136 ubi
2294 5074 2400 5136 pro
2431 5058 2800 5136 ,συνισταμένη
2854 5060 3081 5133 γίνεται,
3136 5057 3349 5136 legitur
3404 5057 3727 5118 συνίσταται.

2148 5128 2260 5211 (44)
2294 5129 2487 5183 Lamb.
2518 5128 2782 5203 ﬁgmento
2820 5128 2936 5189 suo.
2978 5128 3288 5206 Hucusque
3337 5136 3724 5209 fragmentum

2078 5198 2458 5255 Grablanum.

2129 5216 2458 5255 ramanum.

2147 5271 2259 5347 (45)
2286 5270 2517 5347 Bod1,_a
2547 5272 2712 5347 malis
2734 5276 3193 5347 cogitationibus,
3253 5281 3309 5334 et
3359 5278 3423 5335 ab
3471 5279 3723 5337 omnibus

2076 5342 2246 5415 hujus
2272 5344 2468 5398 saeculi
2486 5346 2743 5412 negotiis.

2146 5414 2260 5484 (46)
2295 5416 2492 5469 Lamb.
2527 5415 2712 5480 deest,
2743 5416 2890 5472 data.

2148 5486 2259 5558 (47)
2291 5488 2394 5540 Ms.
2428 5486 2578 5541 Vict.
2612 5488 2843 5558 desunt,
2871 5506 2981 5545 non
3009 5496 3157 5548 sunt.

2144 5558 2260 5702 (48)
2299 5558 2494 5613 Lamb.
2527 5573 2598 5613 ea:
2626 5561 2987 5629 petitionibus
3014 5566 3151 5619 suis.

2169 5629 2259 5702 49)
2288 5628 2490 5700 Lamb,
2518 5633 2570 5687 et
2607 5630 2823 5689 tardius
2874 5634 3117 5702 accipias

2169 5629 2259 5703 49)
2288 5628 2490 5700 Lamb,
2518 5633 2570 5687 et
2607 5628 2823 5689 tardius
2874 5634 3117 5710 accipias
3171 5638 3499 5710 petitionem
3545 5637 3708 5691 tuam.
