4014 6226
472 385 590 445 939
1943 385 2008 444 s.
2052 381 2369 444 HERMIE.
3705 396 3792 460 9w

1912 543 2313 599 MANDATUM
2359 544 2422 597 Χ.

1126 643 1201 698 De
1234 643 1411 697 animi
1441 643 1689 711 tristitia,
1724 646 1773 697 et
1800 658 1911 697 non
1940 642 2309 697 contristando
2337 644 2554 713 Spiritu
2582 646 2689 698 Dei
2715 645 2810 715 qui
2840 646 2901 698 in
2926 645 3083 700 nobis
3113 654 3211 701 est.

1867 775 2095 832 CAPUT
2136 775 2439 832 PRIMUM.

532 896 723 965 Longe
771 892 859 949 fac
908 896 1027 948 ate
1076 910 1309 949 omnem
1358 893 1657 949 tristitiam
1692 910 1706 949 :
1736 892 1949 949 etenim
1980 893 2101 948 haec

2285 892 2400 963 (56)
2455 892 2620 967 'Apov
2673 891 2780 946 ἀπὸ
2836 897 2932 947 σοῦ
2987 895 3085 963 τήν
3145 891 3347 964 λύπην*
3392 894 3478 947 καὶ
3543 897 3631 973 γὰρ
3685 897 3786 968 αὕτη

467 997 631 1037 soror
684 986 773 1038 est
828 982 1227 1051 dubitationis,
1287 987 1344 1039 et
1387 981 1721 1037 iracundiae.
1791 983 2051 1047 Quomod

2221 976 2425 1056 ἀδελφή
2461 979 2569 1034 ἐστι
2600 983 2696 1050 τῆς
2728 978 2986 1057 διψυχίας
3035 982 3124 1037 καὶ
3180 989 3281 1053 τῆς
3340 981 3630 1059 ὀξυχολίας.
3680 992 3793 1055 Πῶς,

459 1069 725 1143 inquam,
758 1071 1010 1142 domine,
1044 1088 1208 1127 soror
1236 1077 1325 1127 est
1353 1072 1563 1127 harum
1585 1070 1613 1125 ?
1646 1070 1815 1126 Aliud
1849 1071 1991 1125 mihi
2023 1090 2044 1125 κ

2222 1068 2392 1144 κύριε,
2454 1067 2663 1145 ἀδελφή
2716 1070 2855 1124 ἐστιν
2904 1071 3111 1142 αὐτῆς;
3164 1071 3344 1129 Ἀλλο
3391 1073 3490 1147 γάρ
3552 1094 3636 1145 μοι
3687 1072 3797 1129 δοκεῖ

460 1158 629 1214 detur
660 1159 918 1228 tristitia,
953 1160 1111 1215 aliud
1162 1160 1470 1215 dubitatio.
1500 1161 1569 1214 Et
1599 1161 1680 1215 ait
1712 1177 1724 1213 :
1756 1159 1893 1214 Sine
1933 1176 2045 1215 seu:

2225 1155 2511 1231 ὁξυχολία,
2542 1157 2631 1212 καὶ
2661 1154 2801 1213 ἄλλο
2836 1156 3082 1235 διψυχία,
3114 1160 3204 1214 καὶ
3236 1158 3375 1215 ἄλλο
3408 1158 3567 1231 λύπη.
3598 1159 3794 1237 Λέγει’...

462 1263 579 1303 non
627 1247 925 1320 intelligis.
968 1248 1230 1304 Tristitia
1276 1248 1429 1303 enim
1479 1248 1743 1304 omnium
1793 1248 2045 1319 spirituu

2223 1244 2311 1301 διὰ
2365 1245 2418 1299 τί
2449 1246 2510 1301 οὐ
2536 1251 2676 1308 νοεῖς
2704 1248 2770 1302 τὰ
2799 1236 3067 1324 λεγόμενά
3094 1271 3177 1304 σοι
3203 1268 3218 1319 ;
3256 1294 3270 1307 .
3306 1292 3320 1306 .
3355 1290 3369 1303 .
3407 1294 3421 1307 .
3452 1249 3511 1304 οὐ
3538 1256 3663 1314 νοεῖς
3690 1251 3800 1322 δτιὴ

465 1337 865 1408 nequissimus
915 1342 1023 1407 est,
1054 1343 1112 1393 et
1164 1338 1458 1409 pessimus
1488 1338 1600 1408 (57)
1650 1337 1831 1393 servis
1877 1337 2019 1406 Dei;

2222 1332 2370 1406 λύπη
2402 1336 2616 1390 πάντων
2646 1340 2751 1390 τῶν
2783 1341 2969 1401 παθῶν
3000 1339 3342 1415 πονηροτὲρα
3372 1337 3529 1411 ἐστὶν,
3558 1338 3637 1395 καὶ
3668 1338 3801 1396 δεινοο

464 1425 728 1481 omnium
779 1425 1019 1498 spiritus
1067 1426 1438 1496 exterminat,
1472 1430 1529 1481 et
1574 1425 1795 1481 cruciat
1839 1425 1951 1497 (58)
1981 1425 2049 1497 Sp

2218 1424 2353 1494 τάτη
2385 1429 2499 1485 τοῖς
2531 1421 2752 1488 δούλοις
2782 1430 2880 1480 τοῦ
2912 1431 3067 1495 Θεοῦ,
3099 1426 3189 1482 καὶ
3222 1427 3368 1503 παρά
3390 1427 3557 1484 πάντα
3591 1429 3650 1485 τὰ
3686 1428 3803 1485 mei)-

460 1510 637 1568 ritum
686 1523 995 1583 sanctum;
1030 1518 1086 1570 et
1115 1515 1327 1570 iterum
1382 1513 1607 1570 salvum
1660 1513 1817 1570 facit.
1850 1517 1986 1585 Ego,
2022 1514 2045 1567 i;

1660 1513 1817 1570 facit.
1850 1517 1986 1585 Ego,
2022 1514 2107 1568 in-
2225 1532 2366 1585 ματα
2396 1512 2736 1589 καταφθείρει
2765 1515 2853 1568 τὸν
2888 1512 3171 1589 ἄνθρωπον
3199 1534 3213 1585 ;

462 1618 661 1674 quam,
694 1603 947 1674 domine,
981 1603 1264 1675 insipiens
1295 1619 1451 1671 sum,
1485 1607 1541 1658 et
1567 1619 1681 1658 non
1713 1601 1974 1675 intelligo
2025 1604 2377 1673 quaestiones
2423 1603 2566 1660 istas
2600 1621 2614 1658 :
2648 1620 2763 1675 quo
2795 1606 2965 1662 modo
3015 1607 3202 1679 possit
3233 1607 3513 1675 cruciare,
3542 1612 3597 1665 et
3633 1608 3803 1665 iterum

458 1691 687 1748 salvum
718 1694 921 1761 facere,
955 1710 1069 1748 non
1118 1692 1397 1765 intelligo.
1430 1692 1603 1761 Audi,
1654 1690 1864 1763 inquit,
1897 1696 1953 1747 et
2002 1690 2283 1764 intellige.
2334 1691 2403 1747 Hi
2434 1692 2534 1763 qui
2578 1692 2691 1765 (59)
2739 1710 3041 1766 nunquam
3089 1695 3799 1768 exquisieruntiveritatem,

458 1796 647 1852 neque
675 1781 1070 1853 inquisierunt
1101 1782 1170 1837 de
1202 1783 1527 1852 majestate,
1560 1780 1659 1835 sed
1689 1784 1919 1835 tantum
1968 1780 2360 1847 crediderunt,
2392 1785 2531 1836 sunt
2578 1780 2691 1853 (60)
2722 1782 2967 1838 involuti
3016 1784 3075 1839 in
3132 1784 3382 1857 negotiis
3408 1786 3521 1857 (61)
3549 1784 3802 1841 hominum

457 1869 845 1925 ethnicorum.
878 1871 947 1925 Et
975 1870 1123 1926 alius
1152 1870 1401 1925 mendax
1431 1869 1743 1941 prophetes
1772 1874 1879 1937 est,
1915 1868 2014 1939 qui
2044 1869 2235 1939 perdit
2264 1885 2473 1925 sensus
2502 1886 2799 1926 servorum
2836 1873 2955 1942 Dei,
2985 1873 3299 1929 dubiorum
3331 1878 3547 1941 autem,
3577 1890 3680 1929 non
3706 1872 3806 1929 illo-

457 1976 589 2015 rum
621 1960 719 2031 qui
754 1961 941 2016 ﬁdunt
970 1960 1030 2015 in
1061 1960 1305 2015 Domino
1338 1958 1526 2031 plene.
1563 1957 1651 2012 Illi
1677 1974 1812 2030 ergo
1844 1957 2008 2012 dubii
2049 1958 2216 2028 quasi
2248 1960 2320 2013 ad
2369 1958 2630 2014 divinum
2661 1960 2943 2032 Spiritum
2990 1963 3255 2032 veniunt,
3289 1968 3348 2018 et
3395 1962 3725 2035 interrogant
3744 1960 3802 2016 il-

451 2045 599 2118 lum,
633 2048 773 2120 quid
804 2048 922 2105 illis
953 2050 1215 2105 futurum
1247 2050 1345 2104 sit.
1378 2049 1448 2103 Et
1478 2047 1575 2103 ille
1604 2048 1853 2103 mendax
1884 2046 2219 2118 prophetes,
2246 2046 2469 2103 nullam
2494 2048 2715 2104 habens
2746 2050 2807 2104 in
2834 2067 2898 2106 se
2918 2050 3205 2119 virtutem.
3225 2052 3486 2123 Spiritus
3513 2052 3679 2107 divini
3705 2051 3805 2124 (62)¹

450 2135 710 2209 loquitur
739 2137 856 2194 illis
887 2140 1213 2194 secundum
1247 2136 1759 2209 interrogationem
1796 2135 2053 2206 illorum,
2087 2141 2144 2190 et
2176 2135 2381 2208 implet
2409 2137 2636 2193 animas
2686 2137 2919 2194 illorum
2960 2140 3288 2211 promissis,
3324 2140 3482 2196 sicut
3512 2139 3592 2195 illi
3618 2138 3801 2195 volunt.

451 2226 558 2282 Ille
588 2231 783 2283 autem
808 2227 1118 2299 prophetes
1150 2226 1339 2282 inanis
1371 2231 1481 2295 est,
1507 2232 1564 2281 et
1592 2224 1790 2281 inania
1820 2225 2134 2296 respondet
2162 2225 2456 2281 inanibus.
2483 2226 2777 2299 Quidquid
2808 2228 2962 2284 enim
2992 2228 3389 2302 interrogatur
3410 2247 3445 2285 a
3472 2228 3630 2285 vanis
3656 2228 3803 2284 homi-

452 2314 647 2386 nibus,
677 2333 828 2372 vana
856 2317 1167 2388 respondet
1193 2315 1330 2371 illis.
1366 2315 1639 2378 Quaedam
1671 2318 1867 2369 autem
1899 2313 2075 2369 verba
2099 2330 2234 2370 vera
2264 2312 2545 2386 loquitur.
2579 2315 2857 2372 Diabolus
2892 2317 3050 2373 enim
3080 2318 3286 2391 implet
3315 2318 3432 2392 (63)
3477 2334 3606 2375 eum
3634 2317 3801 2390 spiritu

457 2420 584 2475 suo,
613 2408 680 2461 ut
708 2404 941 2476 dejiciat
968 2404 1225 2476 aliquem
1255 2420 1323 2461 ex
1345 2402 1527 2474 justis
1558 2402 1693 2474 (64).
3939 2400 3941 2469 4

1976 2526 2208 2582 CAPUT
2247 2527 2319 2583 II.

530 2654 871 2726 Quicunque
899 2670 1034 2727 ergo
1065 2654 1241 2709 fortes
1272 2656 1412 2708 sunt
1440 2652 1500 2707 in
1530 2652 1644 2707 ﬁde
1676 2651 1923 2722 Domini,
1955 2654 2012 2706 et
2058 2650 2250 2706 induti
2283 2654 2423 2706 sunt
2450 2651 2776 2720 veritatem,
2807 2653 3027 2710 talibus
3058 2654 3364 2727 spiritibus
3398 2673 3517 2712 non
3541 2656 3806 2734 juguntur,

467 2743 569 2799 sed
599 2743 906 2801 discedunt
933 2743 1004 2798 ab
1033 2741 1171 2797 illis.
1205 2743 1496 2812 Quotquot
1525 2744 1718 2795 autem
1748 2740 1911 2795 dubii
1958 2743 2118 2805 sunt,
2149 2744 2207 2795 et
2236 2739 2486 2795 subinde
2530 2741 2932 2812 pcsnitentiam
2981 2748 3183 2815 agunt,
3215 2744 3540 2801 consulunt
3573 2751 3803 2816 tanquam

465 2832 701 2898 ethnici,
734 2836 791 2888 et
817 2848 1202 2904 permagnum
1233 2830 1347 2885 sibi
1379 2834 1678 2901 peccatum
1710 2833 2033 2901 congerunt
2062 2828 2195 2901 (65),
2231 2828 2402 2884 idolis
2440 2829 2777 2886 servientes.
2812 2831 3152 2904 Quicunque
3199 2849 3334 2906 ergo
3370 2834 3524 2889 tales
3570 2837 3714 2899 sunt,
3736 2831 3803 2885 in-

459 2924 758 2993 terrogant
786 2938 888 2994 pro
919 2920 1150 2993 negotio
1181 2919 1460 2991 quolibet,
1492 2917 1809 2974 simulacra
1838 2917 2058 2989 colunt,
2090 2922 2146 2973 et
2174 2917 2339 2973 stulti
2370 2921 2527 2986 sunt,
2560 2924 2618 2974 et
2648 2919 2851 2976 inanes
2875 2936 2910 2976 a
2951 2921 3213 2977 veritate.
3246 2922 3461 2978 Omnis
3491 2921 3644 2978 enim
3670 2918 3801 2992 spiri-

456 3014 555 3067 tus
584 3028 619 3067 a
648 3011 762 3066 Deo
792 3012 964 3067 datus
992 3026 1108 3065 non
1137 3009 1563 3080 interrogatur;
1591 3008 1692 3063 sed
1723 3007 1946 3063 habens
1989 3008 2261 3062 virtutem
2308 3007 2420 3079 (66)
2451 3006 2791 3076 divinitatis,
2824 3026 2858 3063 a
2888 3026 2950 3064 se
2998 3010 3195 3065 omnia
3239 3010 3554 3083 loquitur;
3583 3009 3707 3082 quia
3728 3008 3805 3061 de-

454 3116 692 3156 sursum
720 3103 808 3156 est
835 3117 870 3155 a
896 3099 1111 3155 virtute
1163 3096 1343 3153 divini
1387 3095 1656 3168 Spiritus.
1689 3096 1799 3161 Qui
1846 3101 2040 3151 autem
2083 3095 2498 3167 interrogatus,
2530 3094 2791 3168 loquitur
2833 3099 3158 3154 secundum
3208 3099 3597 3170 desiderium,
3627 3102 3680 3153 et
3710 3094 3807 3151 aliis

452 3187 566 3261 (67)
595 3188 797 3245 multis
826 3189 1000 3245 rebus
1028 3188 1207 3258 hujus
1254 3185 1467 3241 saeculi.
1521 3184 1869 3256 Hujusmodi
1938 3185 2049 3256 (68)
2099 3201 2215 3240 non
2268 3184 2606 3257 intelligunt
2651 3186 3001 3257 quaestiones
3048 3187 3419 3261 divinitatis;
3468 3189 3811 3244 obscurantur

450 3278 606 3333 enim
637 3278 748 3350 (69)
778 3277 851 3335 iis
880 3276 1147 3349 negotiis,
1179 3280 1237 3331 et
1266 3277 1806 3347 corrumpuntur,et
1833 3273 2300 3346 confringuntur.
2327 3274 2488 3329 Sicut
2513 3274 2660 3330 vites
2689 3275 2851 3330 bona
2881 3292 3008 3347 quae
3038 3275 3445 3349 negliguntur,
3468 3277 3544 3333 ab
3572 3274 3747 3331 herbis
3768 3274 3811 3327 et

450 3366 639 3439 apinis
669 3372 1015 3440 premuntur
1042 3370 1100 3422 et
1128 3368 1410 3421 necantur
1437 3363 1548 3436 (70)
1577 3378 1592 3417 :
1627 3363 1711 3418 sic
1740 3367 1796 3418 et
1825 3362 2091 3418 homines
2121 3362 2222 3435 qui
2250 3362 2467 3418 talibus
2498 3363 2889 3432 crediderunt,
2913 3364 2955 3419 ii
2988 3364 3234 3438 negotiis
3253 3370 3312 3422 et
3340 3365 3675 3422 actionibus
3701 3360 3813 3416 mul-

447 3455 525 3512 tis
557 3455 908 3526 inciderunt,
940 3460 997 3511 et
1022 3458 1380 3510 evacuantur
1406 3452 1520 3525 (71)
1560 3469 1594 3509 a
1620 3468 1797 3508 sensu
1845 3468 1973 3520 suo,
2006 3456 2063 3507 et
2108 3450 2255 3506 nihil
2302 3451 2539 3507 omnino
2587 3451 2935 3523 intelligunt,
2969 3454 3039 3509 de
3084 3453 3304 3510 divitiis
3350 3455 3679 3528 cogitantes
3702 3450 3809 3524 (72).

448 3543 558 3599 Sed
590 3544 640 3600 si
671 3546 904 3617 quando
934 3543 1223 3600 audierint
1251 3543 1322 3598 de
1351 3540 1613 3609 Domino,
1646 3557 1854 3597 sensus
1885 3556 2086 3596 eorum
2116 3539 2177 3596 in
2211 3540 2457 3612 negotiis
2485 3539 2747 3612 ipsorum
2778 3545 2885 3597 est.

519 3658 625 3722 Qui
656 3664 849 3716 autem
880 3660 1151 3715 timorem
1181 3656 1413 3713 Domini
1462 3655 1696 3727 habent,
1729 3660 1785 3710 et
1814 3659 2082 3710 scrutan-

2261 3654 2374 3727 (73)
2430 3654 2493 3707 Ol
2541 3651 2599 3708 δὲ
2655 3652 2820 3730 φόϐον
2877 3651 3092 3732 ἔχοντες
3148 3660 3303 3727 Θεοῦ,
3362 3657 3462 3713 καὶ
3529 3656 3806 3733 ἐρευνῶντες

445 3750 545 3803 tur
573 3748 643 3803 de
673 3749 788 3805 Deo
817 3749 1137 3815 veritatem,
1162 3746 1566 3819 cogitationem
1601 3760 1832 3799 omnem
1866 3744 2030 3799 habet

2221 3742 2313 3817 τερὶ
2367 3746 2499 3797 Θεοῦ
2557 3740 2728 3817 ἔργων
2788 3744 2877 3798 καὶ
2948 3743 3225 3815 ἀληθείας,
3273 3746 3368 3801 καὶ
3449 3750 3554 3815 τὴν
3623 3741 3806 3819 καρδίαν

445 3830 529 3891 ad
548 3835 882 3893 Dominum.
914 3836 1123 3892 Omnia
1142 3852 1268 3906 qua:
1300 3834 1572 3889 dicuntur
1600 3832 1705 3900 eis,
1728 3832 2029 3904 percipiun

2224 3850 2408 3905 χοντες
2441 3832 2575 3907 πρὸς
2616 3831 2840 3907 Κύριον,
2873 3832 3044 3888 πάντᾶ
3090 3836 3157 3890 τὰ
3202 3833 3480 3911 λεγόμενα
3532 3833 3706 3895 αὐτοῖς
3740 3830 3809 3887 τά·

442 3926 500 3980 et
529 3926 726 3981 statim
757 3925 1094 3998 intelligunt
1119 3923 1252 3996 (74),
1277 3923 1415 3995 quia
1442 3922 1659 3977 habent
1678 3920 1947 3977 timorem
1967 3925 2027 3975 1)(

2221 3940 2311 3995 ξιον
2344 3924 2528 3975 νοοῦσι
2556 3920 2646 3975 καὶ
2677 3927 2965 3994 συνιοῦσιν,
3002 3921 3155 3982 ὅτι...
3193 3924 3284 3978 τὸν
3334 3919 3519 4002 φόϐον
3561 3927 3659 3978 τοῦ
3700 3924 3806 3977 Θεοῦ

440 4010 584 4067 mini
616 4012 676 4069 in
707 4030 790 4071 se.
822 4014 929 4071 Ubi
960 4013 1117 4070 enim
1146 4011 1400 4084 Spiritus
1451 4008 1678 4066 Domini
1708 4010 1820 4081 (75)
1849 4009 2025 4065 inhab

2222 4028 2407 4083 χουσιν
2458 4008 2509 4063 ἐν
2569 4010 2799 4072 ἑαυτοῖς.
2840 4013 3011 4066 Ὅπου
3058 4012 3162 4087 γὰρ
3219 4012 3248 4065 ὁ
3308 4012 3524 4089 Κύριος
3582 4012 3807 4081 κατοικεῖ,

1580 4154 1820 4210 νΑΡιΙλΕ
1862 4151 2252 4211 LECTIONES
2293 4152 2384 4208 ET
2422 4152 2654 4210 NOTIE.

505 4274 615 4349 (56)
646 4275 727 4349 Ex
773 4277 947 4349 Doctr.
998 4274 1072 4349 uti
1117 4272 1389 4349 Antio_ch..
1413 4286 1575 4349 num.
1625 4271 1713 4349 11,
1771 4287 1903 4349 pag.
1941 4272 2067 4349 257.
2395 4270 2557 4349 Bodl.
2591 4274 2647 4326 et
2677 4271 2878 4349 Lamb.
2912 4272 3054 4331 illis.

505 4274 615 4349 (56)
646 4275 727 4331 Ex
773 4277 947 4331 Doctr.
998 4274 1072 4328 ad
1117 4272 1363 4328 Antioch.
1413 4286 1575 4325 num.
1627 4271 1713 4339 11,
1771 4287 1903 4397 pag.
1941 4272 2067 4327 257.
2272 4269 2363 4341 64)
2395 4270 2557 4325 Bodl.
2591 4274 2647 4326 et
2677 4271 2878 4327 Lamb.
2912 4289 2924 4327 ι

430 4348 534 4404 Hic
560 4348 823 4403 ordinem
854 4345 1089 4402 invertit
1107 4341 1736 4427 pseudo-Athanasius.
1795 4343 1885 4425 psi
1911 4343 2066 4398 enim
2245 4269 2359 4482 (65)
2395 4342 2589 4397 Lamb.
2616 4344 2924 4425 con[erunt.

430 4424 519 4475 est
544 4420 888 4476 mandatum
918 4417 1316 4482 undec1mum,
1342 4415 1496 4482 quod
1527 4431 1587 4469 1n
1635 4418 1811 4469 veteri
1842 4414 2064 4469 Hermzs
2267 4411 2359 4482 66)
2388 4412 2587 4468 Lamb.
2618 4418 2921 4470 veritatem.

430 4424 519 4475 est
544 4420 888 4476 mandatum
918 4411 1316 4482 undecimum,
1342 4415 1496 4485 quod
1527 4414 1587 4469 in
1635 4411 1813 4469 veteri
1842 4414 2064 4469 Hermzs
2245 4411 2359 4554 (66)
2388 4412 2587 4468 Lamb.
2618 4411 2921 4470 veritatem.

430 4491 691 4547 versione
735 4496 826 4547 est
870 4489 1183 4546 decimum.
1219 4487 1280 4542 Id
1333 4502 1447 4541 non
1481 4485 1730 4541 advertit
1775 4484 1846 4541 el.
1878 4489 2062 4542 Mont-
2244 4484 2333 4554 (67
2389 4484 2655 4541 Fortasse
2684 4486 2749 4541 de
2796 4486 2921 4542 aliis

425 4491 691 4569 versione
735 4496 826 4547 est
870 4489 1183 4546 decimum.
1219 4487 1280 4542 Id
1333 4484 1447 4541 non
1481 4485 1730 4541 advertit
1775 4484 1846 4541 el.
1878 4489 2062 4542 Mont-
2184 4554 2193 4565 .
2244 4484 2655 4569 (67).l"ortasse
2684 4486 2749 4541 de
2796 4486 2945 4542 aliis.
2980 4485 3172 4542 Fellus
3207 4502 3220 4542 :
3253 4489 3305 4542 et
3353 4487 3429 4543 de
3456 4488 3659 4543 aliis...
3688 4486 3800 4555 Hm-

425 4562 837 4707 failsciilﬂiinb.
870 4632 1098 4707 nequior
1140 4633 1206 4707 et
1234 4644 1487 4700 pessima.
1542 4627 1739 4707 Graeca
1783 4627 1866 4683 sic
1901 4644 1914 4683 :
1946 4629 2062 4707 An-
2162 4555 2596 4707 {ﬁggdzhamb
2645 4632 2721 4707 et
2747 4628 3144 4707 Bodl._deest_
3173 4629 3527 4707 hujusmodi.
3554 4627 3803 4707 Pseudo-

422 4696 530 4760 non
567 4696 828 4776 intelligis
857 4696 1103 4760 omnium
1131 4696 1423 4826 ctzlﬂectuum
1463 4700 1762 4769 pessimum
1791 4716 1905 4753 esse
1934 4701 2061 4755 tris-
2166 4696 2523 4752 Athanasius
2567 4699 2758 4753 verbis
2810 4700 2979 4755 modo
3012 4696 3289 4765 recitatis,
3343 4707 3493 4773 post
3554 4696 3796 4774 λεγόμενά

422 4778 631 4826 titiam-
684 4779 882 4826 Deique
926 4776 1094 4826 seruis
1176 4774 1493 4826 urissimam
1517 4786 1535 4826 .'
1567 4786 1691 4826 qua?
1736 4774 1854 4826 plus
1896 4788 2058 4826 uuam
2167 4787 2273 4826 σοι,
2309 4769 2427 4822 haec
2458 4769 2663 4825 addit:
2720 4769 2816 4822 Καὶ
2847 4770 2948 4826 γὰρ
2981 4768 3173 4824 ἐκεῖνοι
3220 4769 3287 4824 οὐ
3325 4776 3563 4826 νοοῦσιν
3618 4765 3796 4826 0135:1-

421 4778 632 4843 litiam,
680 4765 882 4848 Deique
926 4776 1094 4831 servis
1139 4765 1691 4848 durissimamrquae
1733 4774 1854 4841 plus
1896 4788 2006 4848 quae

2213 4788 2273 4833 )t,
2309 4769 2427 4848 haec
2458 4769 2619 4848 add‘it
2650 4787 2663 4825 ζ
2707 4769 2816 4848 ιΚαὶ
2843 4770 2948 4848 χάρ
2981 4768 3173 4848 ἐκεῖνοι
3220 4765 3563 4848 οὐνοοῦσιν
3615 4765 3669 4848 οἱ

419 4849 526 4925 alii
552 4836 733 4925 omnes
776 4836 1102 4925 [nequitiae].
1123 4846 1350 4925 spiritus
1398 4836 1670 4925 {tamin—em
1718 4836 2004 4924 corrumpit

2210 4858 2353 4900 οντες
2402 4839 2619 4901 ἑαυτοὺς
2679 4840 2755 4901 εἷς
2802 4836 2871 4894 τᾶ
2921 4836 3168 4915 ’σαρκικᾶ
3231 4841 3319 4896 καὶ
3384 4844 3639 4917 κοσμικὰ
3689 4836 3795 4915 ’ἐτνί-

418 4917 522 4974 Hic
569 4920 715 4975 bene
764 4913 948 4974 multa
990 4913 1189 4972 omisit
1240 4913 1857 4985 pseudo-Athanasius,
1917 4930 2052 4969 nam
2160 4930 2359 4985 Tua-ca.

415 4994 549 5065 post
568 4990 867 5065 ἄνθρωπον,
898 5007 965 5045 ea
994 4987 1193 5044 statim
1226 4983 1570 5065 sequuntur,
1597 4990 1661 5039 ut
1690 5002 1823 5040 mox
1852 4985 2003 5041 infra
2036 5002 2050 5041 :
2175 4983 2182 4984 ⁷
2377 4983 2576 5065 Lamb.
2609 4999 2809 5065 ex'pro
2838 4986 3006 5040 enim.

415 5053 1197 5138 ὒὶώᾷξλφροονῌέᾗοντεςτὲκετλ.
1233 5053 1325 5138 λς’
1592 5132 1603 5138 -
1650 5128 1680 5138 η
1745 5127 1757 5138 ν
1856 5088 1859 5091 -

1592 5132 1603 5138 _
1650 5128 1680 5138 η
1745 5127 1757 5138 ,
1856 5088 1859 5091 ·
2369 5053 2562 5138 Carm.
2594 5060 2652 5110 et
2681 5053 2830 5138 Vict.
2862 5060 3143 5113 uocentur.

2251 5124 2340 5182 71)
2369 5124 2518 5179 Vict.
2548 5136 2865 5182 evocantur.

499 5205 590 5274 59)
628 5205 820 5260 Lamb.
856 5207 1017 5260 deest
1046 5206 1159 5274 qui.

2224 4985 2247 5339 ξ

2248 5198 2318 5249 72
2370 5196 2572 5252 Lamb.
2602 5202 2845 5268 agentes.

2248 5202 2339 5339 73)
2365 5267 2722 5339 Haacuhabet
2787 5287 2845 5339 ps

502 5122 1201 5199 58)'Lamb."contributat,
1234 5132 1290 5184 et
1321 5144 1452 5183 mox
1480 5127 1873 5184 contribulare.

502 5134 572 5187 58
606 5134 1201 5199 'Lamb."contributat,
1234 5134 1290 5184 et
1321 5144 1452 5183 mox
1480 5134 1873 5184 contributare.
2251 5134 2340 5197 71)
2378 5134 2518 5179 vict.
2548 5136 2865 5182 evocantur.

499 5205 571 5259 59
628 5205 820 5260 Lamb.
856 5207 1017 5260 deest
1046 5206 1159 5274 qui.
2370 5196 2572 5252 Lamb.
2602 5202 2845 5268 agentes.
3900 5134 3939 5335 Ι

499 5277 569 5330 60
619 5276 766 5332 Vict.
800 5277 989 5331 Carm.
1022 5279 1079 5329 et
1108 5271 1306 5328 Lamb.
1339 5278 1389 5325 et
1418 5277 1562 5325 sunt.
2244 5269 2315 5322 73
2365 5272 2497 5323 H830
2548 5267 2722 5324 habet
2787 5269 3404 5340 pseudo-Athanasius
3470 5275 3611 5343 post
3664 5282 3787 5323 ml—
3936 5338 3939 5339 ν

499 5350 558 5404 61
620 5347 758 5405 Vict.
792 5348 979 5404 Carm.
1013 5351 1068 5401 et
1098 5343 1295 5400 Lamb.
1328 5343 1561 5410 negotiis
1587 5346 1639 5396 et
1665 5341 1891 5397 divitiis.
2151 5336 2352 5414 φθείρει
2383 5338 2473 5392 τὸν
2509 5334 2788 5413 ἄνθρωπον
2832 5342 3004 5397 modo
3035 5342 3235 5397 relata.
3900 5356 3905 5363 ·
3932 5356 3939 5391 ι

499 5421 561 5503 62
613 5419 811 5503 Lamb.
841 5420 1134 5503 veritatem
1154 5417 1223 5503 in
1250 5430 1306 5469 se
1332 5414 1537 5503 spiritu
1575 5413 1787 5503 divino.
1821 5414 2037 5503 Lauda:
2217 5410 2332 5503 (714)
2364 5410 2457 5503 Sil?
2488 5410 2634 5466 Vict.
2662 5416 2733 5503 .et‘
2771 5417 2969 5503 '(T‘arm:
2993 5414 3084 5468 Sic
3122 5429 3369 5503 quoque
3404 5414 3637 5503 Greece.

474 5334 585 5419 (61)
620 5347 758 5405 Vict.
792 5348 979 5404 Carm.
1013 5351 1068 5401 et
1098 5343 1295 5419 Lamb.
1328 5343 1561 5419 negotiis
1587 5346 1642 5419 et
1665 5341 1891 5419 divitiis.
1954 5414 1969 5419 _

2366 5338 2473 5419 ’ἰὸν
2488 5334 2806 5419 ’ᾅνθρωπονί
2832 5342 3013 5419 modo
3035 5342 3235 5419 relata.
3414 5414 3450 5419 _
3470 5334 3491 5343 ’
3664 5404 3779 5419 _.,_,
3900 5356 3905 5363 ’

470 5408 583 5488 (62)
613 5419 811 5475 Lamb.
841 5420 1134 5474 veritatem
1162 5417 1223 5488 in
1250 5430 1306 5469 se
1332 5408 1537 5483 spiritu
1575 5413 1787 5488 divino.
1821 5414 2037 5488 Landa-
2163 5408 2172 5414 ’
2217 5408 2332 5481 (7'4)
2364 5410 2457 5488 Sic
2488 5408 2634 5466 Vict.
2663 5416 2725 5488 et
2771 5417 2958 5488 Carm.
2993 5414 3084 5468 Sic
3122 5429 3369 5488 quoque
3404 5414 3637 5471 Graeca.

398 5481 495 5546 tur
524 5481 618 5545 hic
650 5492 810 5546 locus
842 5508 874 5546 a
928 5490 1103 5544 Clem.
1138 5486 1310 5557 Alex._
1344 5481 1546 5555 Στρωμ
1575 5483 1754 5557 Ιὶὺει,
1788 5501 1914 5557 cap.
1949 5486 2036 5549 17,
2146 5488 2354 5557 praeter
2410 5481 2589 5557 Oxon.
2650 5484 3061 5557 intelliguntur.
3121 5481 3225 5540 Pro
3262 5481 3599 5557 sequente

396 5578 529 5634 pag.
562 5564 700 5634 369.Δ
715 5563 857 5633 Ejus
882 5562 1057 5617 verba
1084 5559 1237 5614 inter
1262 5552 1535 5611 Veterum
1566 5552 1901 5614 testimonia
1930 5573 2033 5613 su-
2146 5552 2397 5634 VictL‘et
2415 5553 2618 5634 Lamb.
2650 5556 2764 5634 qui.

397 5614 855 5705 ᾗεῖίίυέξέέιξῖδῖ
1104 5701 1143 5705 __
1245 5702 1256 5705 _
2213 5622 2324 5705 (τε)
2360 5623 2519 5705 Bodl.
2569 5614 2821 5705 srviat.
2870 5625 3282 5705 Dominus..Sic
3336 5631 3404 5684 et
3455 5614 3765 5701 omni

466 5704 577 5784 (63)
837 5706 1022 5761 autem
1049 5701 1326 5777 adimplet.
2140 5694 2416 5751 mendose
2445 5694 2506 5751 in
2534 5696 2673 5753 edit.
2706 5695 2980 5769 Russelii,
3002 5694 3249 5773 Χριστός.
