4014 6226
186 454 296 515 9M

1200 453 1523 515 PASTOR.
1560 486 1635 498 —
1665 452 1810 515 LIB.
1858 454 1934 527 II,
1981 455 2430 520 MANDA'I‘UM
2474 461 2550 519 X.

3460 467 3577 525 942

184 582 298 643 ἐκεῖ
346 585 436 641 καὶ
477 586 678 648 σύνεσις
725 583 933 657 πολλή.
983 584 1301 657 Κολλήθητι
1353 586 1442 640 οὖν
1479 583 1573 641 τοῦ
1603 585 1824 661 Κυρίου,

1949 594 2045 657 tat,
2080 589 2158 644 ibi
2190 595 2246 644 et
2275 608 2485 647 sensus
2516 591 2736 646 multus
2763 592 3122 665 adjungitur.
3146 595 3411 668 Adjunge
3440 614 3574 670 ergo

182 676 272 731 καὶ
303 677 518 731 πάντων
548 678 661 749 (76)
691 677 922 746 νοήσεις.

1933 681 1989 733 te
2021 678 2267 733 Domino
2293 697 2305 746 ;
2339 683 2397 734 et
2427 680 2624 734 omnia
2653 679 2943 753 intelliges
2974 698 3039 737 ac
3070 682 3284 740 senties
3312 685 3474 756 (76").

1699 818 1929 878 CAPUT
1966 819 2040 875 ΙΙΙ
2048 858 2062 875 .

252 935 453 991 ’Δκουε
501 931 592 989 οὖν
638 937 756 995 πῶς
809 936 844 1003 ἡ
901 932 1046 1003 λύπη
1094 928 1327 1010 ἐκτρίϐει
1377 933 1441 988 τὸ
1467 937 1707 1006 Πνεῦμα,
1736 933 1826 987 καὶ

178 1020 349 1079 πάλιν
399 1024 581 1092 σώζει.
626 1025 783 1078 ’Ὀταν
828 1024 855 1078 ὁ
906 1020 1136 1098 δίψυχος
1168 1016 1495 1093 ἐπιϐάληται
1526 1020 1723 1097 πρᾶξαί
1749 1042 1824 1090 τι,

178 1112 272 1167 καὶ
329 1112 581 1189 ἀποτύχῃ
626 1109 715 1166 διὰ
758 1112 857 1181 τὴν
907 1109 1162 1186 διψυχίαν
1202 1110 1387 1183 αὐτοῦ,
1419 1112 1453 1180 ἡ
1486 1109 1633 1180 λύπη
1661 1109 1826 1164 ἐκπο-

184 1201 393 1274 ρεύεται
446 1199 522 1263 είς
562 1201 653 1255 τὸν
712 1198 1014 1274 ἅναρωπον,
1064 1198 1155 1255 καὶ
1205 1198 1367 1254 λυπεῖ
1414 1198 1475 1253 τὸ
1523 1202 1735 1270 Πνεῦμα
1764 1197 1826 1251 τὸ

187 1288 369 1367 ἅγιον,
412 1287 503 1345 καὶ
551 1293 884 1365 στενοχωρεῖ
932 1287 1084 1344 αὐτό.
1135 1287 1265 1343 Εἶτα
1311 1285 1475 1341 πάλιν
1558 1284 1828 1361 ὀξυχολία

188 1378 314 1435 ὅταν
373 1375 627 1452 κολληθῇ
674 1383 753 1449 τῷ
780 1378 1051 1453 ἀναρώπῳ
1104 1377 1227 1453 περὶ
1285 1374 1599 1451 πράγματός
1656 1395 1823 1436 τινος.

185 1470 277 1524 καὶ
344 1466 464 1523 λίαν
521 1468 788 1544 πικρανθῇ
846 1466 934 1521 καὶ
992 1467 1196 1539 ποιήσῃ
1243 1486 1295 1519 τι
1344 1464 1526 1533 κακὸν,
1584 1463 1747 1518 πάλιν
1789 1464 1825 1532 ἡ

187 1555 335 1627 λύπη
406 1555 772 1632 εἲσπορεύνναι
832 1554 906 1616 εἰς
960 1555 1059 1624 τὴν
1115 1550 1336 1630 καρδίαν
1391 1556 1489 1607 τοῦ
1545 1552 1827 1628 ἀνθρώπου

180 1650 282 1701 τοῦ
339 1645 799 1721 ὀξυχολήσαντος,
850 1643 939 1698 καὶ
971 1642 1217 1698 λυπεῖται
1251 1641 1337 1697 ἐπὶ
1391 1646 1460 1715 τῇ
1490 1640 1677 1718 πράξει
1732 1640 1827 1695 αύ-

180 1740 303 1805 τοῦ,
422 1734 665 1808 ἔπραξεν,
693 1733 783 1787 καὶ
818 1737 1066 1806 μετανοεῖ
1095 1730 1179 1786 ὅτι
1226 1730 1465 1807 πονηρὸν
1520 1728 1824 1806 εἰργάσατοο

181 1823 321 1894 αὕτη
372 1820 463 1877 οῦν
513 1824 548 1891 ἡ
582 1820 727 1892 λύπη
765 1818 913 1876 δοκεῖ
944 1818 1214 1895 σωτηρίαν
1249 1818 1416 1895 ἔχειν,
1449 1818 1531 1874 ὅτι
1563 1819 1625 1873 τὸ
1656 1839 1828 1889 πονη-

182 1911 277 1987 ρὸν
332 1910 536 1987 πράξας
592 1909 931 1984 μετενόησεν.
1006 1908 1355 1986 [Ἀμφότεραι
1405 1906 1462 1962 δὲ
1505 1909 1638 1980 τῶν]
1698 1908 1830 1982 πρά-

182 2002 318 2075 ξεων
351 1999 585 2056 λυποῦσι
641 1999 731 2054 τὸν
764 1998 1062 2074 ἄνθρωπον⁸
1120 1999 1176 2070 [ἡ
1214 1997 1307 2069 μὲν
1342 1996 1512 2067 λύπη,
1547 1994 1652 2069 ὅτι]
1696 1995 1825 2051 ἀπέ-

183 2109 322 2165 τυχε
376 2095 476 2159 τῆς
524 2087 791 2163 πράξεως,
849 2088 884 2155 ἡ
945 2083 1002 2141 δὲ
1050 2084 1337 2160 ὀξυχολία,
1388 2083 1472 2139 ὅτι
1522 2080 1712 2159 ἔπραξε
1765 2084 1829 2138 τὸ

184 2176 451 2251 πονηρόν.
512 2174 821 2259 Ἀμφότερα
870 2172 960 2228 οῦν
1014 2172 1237 2245 λυπηρά
1293 2172 1402 2228 ἐστι
1448 2177 1527 2245 τῷ
1557 2171 1828 2246 Πνεύματι

184 2271 266 2338 τῷ
294 2264 437 2339 ἁγίῳ
467 2267 601 2339 (78).
634 2266 797 2339 Ἀρον
858 2261 947 2317 οῦν
1006 2262 1113 2317 ἀπὸ
1162 2266 1258 2317 σοῦ
1286 2263 1384 2331 τήν
1420 2260 1600 2332 λύπην
1629 2262 1717 2316 καί
1752 2263 1829 2335 μὴ

189 2349 349 2411 θλῖὅε
376 2355 439 2409 τὸ
469 2357 687 2425 Πνεῦμα
739 2353 803 2407 τὸ
858 2353 1033 2426 ἅγιον,
1062 2351 1124 2406 τὸ
1156 2350 1207 2406 ἐν
1240 2350 1324 2405 σοὶ
1357 2355 1664 2423 κατοικοῦν,
1720 2352 1826 2423 μή·

184 2464 322 2499 ποτε
364 2441 665 2515 ἐπεύξηται
710 2444 969 2513 τῷιΘεῴ,
1017 2442 1105 2495 καὶ
1157 2441 1364 2513 ἀποστῇ
1417 2440 1521 2494 ἀπὸ
1577 2443 1693 2495 σοῦ.
1752 2440 1831 2496 Τὸ

190 2534 299 2609 γὰρ
332 2535 543 2604 πνεῦμα
570 2534 667 2587 τοῦ
698 2533 831 2584 Θεοῦ
862 2529 924 2584 τὸ
980 2525 1212 2592 δοθὲνεῖς
1268 2528 1367 2597 τὴν
1401 2529 1570 2602 σάρκα
1604 2526 1828 2600 ταύτην,

187 2619 372 2692 λύπην
422 2620 681 2696 σαρκικὴν
726 2618 834 2693 οὐχ
878 2618 1156 2695 ὑποφέρει,
1214 2614 1339 2672 οὐδὲ
1394 2616 1826 2693 στενοχωρίαν...

188 2708 442 2765 Ἔνδυσαι
491 2707 581 2763 οῦν
624 2709 724 2777 τὴν
788 2706 1107 2782 ἱλαρότητα,
1157 2707 1256 2775 τὴν
1313 2707 1544 2761 πάντοτε
1602 2702 1829 2781 ἔχουσαν

186 2801 325 2874 χάρι
380 2799 525 2874 παρὰ
568 2801 647 2868 τῷ
701 2800 836 2867 Θεῷ,
886 2796 975 2850 καὶ
1036 2792 1424 2872 εὐπρόσδεκτον
1454 2793 1610 2849 οὖσαν
1664 2794 1830 2866 αὐτῷ,

183 2888 280 2943 καὶ
337 2887 664 2965 ἐντρύφησον
697 2885 747 2940 ἐν
782 2885 937 2959 αὐτῇ.
993 2890 1103 2945 Πᾶς
1132 2885 1233 2961 γὰρ
1262 2882 1454 2960 ἱλαρὸς
1485 2884 1622 2955 ἀνὴρ
1651 2883 1834 2959 ἀγαθὰ

188 2977 487 3053 ἐργάζεται,
546 2974 636 3029 καὶ
696 2974 868 3048 ἀγαθὰ
916 2978 1122 3051 φρονεῖ,
1183 2973 1271 3027 καὶ
1339 2978 1665 3050 καταφρονεῖ
1732 2978 1832 3041 τῆς

192 3064 425 3140 ματαίας
474 3063 675 3134 λύπης.
725 3068 778 3117 Ὁ
824 3060 881 3118 δὲ
923 3060 1172 3134 λυπηρὸς
1220 3061 1356 3136 ἀνὴρ
1412 3063 1637 3116 πάντοτε
1684 3059 1834 3137 ὀργί-

1858 1788 1906 1853 Β

2005 936 2154 990 Audi
2214 952 2389 1001 nunc,
2442 936 2745 1008 insipiens,
2797 939 3292 1009 quemadmodum
3339 942 3577 999 tristitia

1936 1024 2158 1080 cruciat
2187 1024 2466 1096 Spiritum
2493 1028 2784 1090 sanctum,
2817 1030 2871 1080 et
2902 1043 3015 1097 quo
3038 1028 3208 1083 modo
3239 1028 3464 1086 salvum
3496 1032 3577 1087 fa-

1936 1112 2032 1167 cit.
2065 1112 2209 1168 Cum
2242 1113 2455 1168 dubius
2488 1113 2755 1168 inciderit
2796 1114 2855 1169 in
2906 1117 3202 1188 negotium
3234 1117 3488 1191 aliquod,
3521 1125 3579 1177 et

1936 1218 2051 1256 non
2085 1201 2346 1272 provenit
2376 1202 2488 1273 (7‘7)
2518 1201 2603 1255 illi
2635 1207 2867 1273 pr0pter
2914 1205 3357 1274 dubitationem,
3390 1208 3576 1264 tristi-

1936 1289 2019 1345 tia
2048 1289 2167 1345 haac
2197 1290 2375 1345 intrat
2410 1291 2467 1345 in
2515 1290 2836 1359 hominem,
2868 1297 2925 1346 et
2956 1294 3182 1349 tristem
3230 1296 3366 1351 facit
3396 1297 3575 1369 Spiri-

1936 1381 2064 1433 tum
2095 1384 2382 1449 sanctum,
2411 1384 2468 1434 et
2495 1383 2659 1434 vexat
2680 1396 2834 1435 eum.
2863 1381 3076 1438 Deinde
3108 1384 3317 1439 iterum
3342 1386 3579 1444 iracun-

1937 1467 2034 1522 dia
2065 1484 2197 1522 cum
2232 1468 2540 1523 accesserit
2572 1468 2793 1523 homini
2825 1486 2926 1541 pro
2976 1472 3206 1543 negotio
3234 1472 3451 1546 aliquo,
3483 1492 3577 1531 ve-

1940 1554 2237 1611 hementer
2266 1556 2539 1611 irascitur
2565 1575 2577 1623 ;
2612 1560 2667 1612 et
2696 1557 2813 1611 haec
2845 1558 2933 1613 ira
2962 1559 3141 1615 intrat
3170 1561 3229 1616 in
3262 1564 3578 1633 praecordia

1936 1644 2261 1712 irascentis,
2287 1650 2342 1700 et
2370 1650 2608 1700 vexatur
2656 1646 2715 1701 in
2764 1649 2987 1719 negotio
3007 1666 3112 1705 suo
3161 1652 3314 1722 quod
3350 1653 3489 1725 agit,
3521 1658 3581 1710 et

1938 1737 2139 1804 postea
2186 1733 2441 1804 pcnnitet,
2475 1734 2628 1805 quod
2677 1733 2828 1789 male
2879 1736 3092 1791 fecerit.
3128 1738 3395 1812 Utraeque
3440 1757 3576 1815 ergo

1938 1839 2029 1877 res
2061 1821 2278 1877 laedunt
2307 1821 2586 1893 Spiritum
2619 1827 2926 1891 sanctum;
2962 1826 3267 1897 dubitatio,
3300 1833 3357 1884 et
3386 1830 3576 1886 tristi—

1937 1910 2020 1965 tia
2052 1928 2064 1965 :
2099 1910 2407 1976 dubitatio,
2440 1911 2577 1982 quia
2625 1928 2741 1967 non
2784 1914 3068 1969 successit
3114 1918 3277 1972 actus
3326 1918 3489 1987 ejus;
3524 1924 3581 1975 et

1938 1999 2199 2065 tristitia,
2232 2000 2372 2071 quia
2401 1999 2532 2055 fecit
2578 2000 2938 2056 iracundiam
2968 2002 3207 2073 Spiritui
3239 2005 3372 2076 (78).
3405 2007 3581 2064 Aufer

1940 2103 2075 2159 ergo
2104 2087 2402 2142 tristitiam
2434 2104 2467 2143 a
2496 2092 2571 2155 te,
2605 2092 2661 2143 et
2690 2088 2806 2143 noli
2830 2089 3115 2146 offendere
3137 2092 3417 2164 Spiritum
3450 2112 3580 2151 san-

1940 2181 2098 2232 ctum
2130 2175 2228 2247 qui
2261 2175 2319 2230 in
2350 2180 2405 2231 te
2434 2175 2694 2243 habitat;
2729 2193 2801 2231 ne
2829 2187 2986 2249 roget
3016 2178 3350 2249 Dominum,
3384 2187 3441 2238 et
3469 2183 3581 2240 dis-

1940 2265 2107 2320 cedat
2135 2282 2168 2319 a
2199 2269 2274 2319 te.
2305 2264 2560 2336 Spiritus
2590 2265 2747 2319 enim
2777 2265 2877 2321 Dei
2908 2267 3009 2337 qui
3042 2268 3213 2324 datus
3247 2276 3337 2326 est
3364 2271 3424 2326 in
3456 2289 3579 2328 car-

1940 2369 2073 2408 nem
2106 2352 2239 2424 (79),
2271 2352 2567 2409 tristitiam
2598 2370 2710 2408 non
2729 2354 2996 2410 sustinet.
3032 2356 3210 2413 Indue
3241 2363 3295 2414 te
3325 2375 3460 2433 ergo
3492 2361 3578 2417 hi-

1940 2441 2190 2509 laritate,
2225 2458 2353 2513 qua:
2400 2458 2628 2514 semper
2677 2442 2852 2498 habet
2899 2444 3147 2515 gratiam
3198 2448 3351 2519 apud
3384 2450 3579 2505 Domi-

1941 2547 2121 2597 num;
2155 2534 2211 2585 et
2238 2529 2523 2586 laetaberis
2571 2529 2629 2584 in
2661 2547 2746 2586 ea.
2800 2530 2999 2587 Omnis
3048 2533 3204 2589 enim
3254 2535 3454 2593 hilaris
3494 2538 3582 2594 vir

1940 2619 2087 2674 bene
2116 2623 2407 2689 operatur,
2438 2622 2495 2673 et
2522 2618 2674 2673 bona
2700 2618 2872 2690 sapit,
2903 2624 2960 2675 et
2989 2623 3308 2679 contemnit
3339 2625 3579 2695 injusti-

1940 2707 2083 2763 tiam
2114 2708 2246 2779 (80).
2282 2708 2375 2762 Vir
2422 2711 2617 2762 autem
2664 2707 2850 2763 tristis
2898 2709 3048 2764 male
3079 2710 3251 2779 facit;
3301 2714 3439 2785 quia
3477 2716 3579 2770 tri-

1944 2800 2092 2851 stem
2124 2796 2260 2851 facit
2288 2796 2567 2867 Spiritum
2602 2801 2890 2866 sanctum,
2917 2798 3012 2868 qui
3037 2798 3209 2855 datus
3240 2805 3328 2856 est
3357 2802 3581 2859 homini

1944 2884 2115 2939 hilari
2146 2886 2277 2956 (81).
2321 2888 2388 2938 Et
2418 2885 2627 2939 iterum
2661 2885 2812 2940 male
2851 2886 3004 2956 facit,
3038 2889 3193 2959 quod
3242 2889 3427 2947 tristis
3458 2896 3582 2947 orat

1945 2973 2278 3041 Dominum,
2310 2976 2365 3027 et
2394 2989 2509 3027 non
2558 2976 2692 3028 ante
2722 2973 2857 3028 facit
2902 2976 3349 3049 exomologesin,
3381 2982 3438 3034 et
3467 2997 3581 3035 non

1946 3061 2215 3134 impetrai
2246 3079 2280 3117 a
2307 3061 2423 3116 Deo
2454 3062 2607 3132 quod
2640 3062 2802 3132 petit.
2825 3066 3064 3134 Semper
3091 3065 3245 3119 enim
3278 3066 3459 3122 oratio
3486 3067 3586 3123 tri-

190 3160 337 3224 ζεται
394 3153 483 3208 καὶ
532 3152 757 3224 ἀνομίαν
804 3151 1102 3227 ἐργάζεται,
1163 3151 1237 3223 μὴ
1299 3148 1638 3225 ἐντυγχάνων
1694 3146 1832 3222 μηδὲ

1950 3152 2058 3207 stis
2101 3150 2357 3205 hominis
2391 3167 2504 3205 non
2553 3150 2727 3206 habet
2772 3151 3067 3218 virtutem,
3100 3158 3162 3208 ut
3210 3156 3445 3210 acCedat
3472 3157 3582 3229 (82)

187 3241 697 3318 ἐξομολογούμενος
746 3245 825 3311 τῷ
871 3244 1008 3311 Θεῷ.
1062 3240 1296 3293 Πάντοτε
1324 3240 1424 3315 γάρ
1458 3238 1707 3314 λυπηροῦ
1739 3238 1829 3292 ἀν-

190 3331 321 3406 δρὸς
366 3333 401 3401 ἡ
452 3327 680 3399 ἔντευξις
736 3328 834 3383 οὐκ
881 3325 993 3404 ἔχει
1040 3324 1265 3401 δύναμιν
1295 3332 1393 3382 τοῦ
1423 3322 1683 3396 ἀναϐῆναι
1742 3326 1828 3380 ἐπὶ

182 3422 250 3477 τὸ
281 3422 657 3493 θυσιαστήριον
684 3422 781 3472 τοῦ
811 3421 981 3473 Θεοῦ.
1064 3460 1076 3472 .
1156 3437 1168 3450 ⁸
1249 3460 1262 3473 .
1345 3459 1357 3471 .
1440 3459 1451 3471 .
1533 3459 1545 3472 .
1628 3460 1640 3473 .
1722 3459 1734 3471 .
1817 3459 1828 3471 .

183 3513 308 3565 Ὀτι
340 3512 373 3579 ἡ
406 3507 554 3578 λύπη
589 3507 879 3581 ἐγκάθηται
910 3504 985 3567 εἷς
1038 3506 1137 3574 τὴν
1196 3502 1415 3580 καρδίαν
1446 3504 1629 3559 υύτοῦ.
1660 3511 1831 3576 Μεμι-

184 3598 365 3673 γμὲνη
418 3594 509 3652 οὖν
567 3598 601 3665 ἡ
654 3594 800 3665 λύπη
848 3597 883 3663 ἡ
935 3594 1171 3666 κοσμική
1210 3594 1346 3665 μετά
1398 3600 1496 3661 τῆς
1530 3591 1830 3664 ἐντεύξεως,

184 3685 290 3741 οὐκ
320 3684 511 3764 ἀφιησι
565 3685 664 3752 τὴν
698 3679 921 3753 ἔντευξιν
975 3676 1237 3751 ἀναϐῆναι
1275 3682 1507 3754 καθαρὰν
1541 3680 1615 3741 εἷς
1644 3680 1707 3735 τὸ
1738 3691 1834 3744 θυ-

184 3773 526 3847 σιαστήρίον.
574 3774 776 3845 Ὥσπερ
824 3772 924 3847 γὰρ
971 3769 1091 3843 ὅξος
1138 3766 1267 3842 οἶᾮῳ
1321 3770 1657 3844 μεμιγμένον
1732 3770 1831 3838 τὴν

186 3862 358 3931 αὐτὴν
407 3859 608 3931 ἡδονὴν
658 3860 758 3915 οὐκ
806 3859 1043 3934 ἔχουσιν·
1107 3858 1278 3920 οὕτως
1322 3858 1411 3912 καὶ
1470 3857 1617 3927 λύπη
1668 3878 1834 3930 μεμι-

185 3950 366 4027 γμὲνη
405 3951 539 4024 μετὰ
586 3954 684 4004 τοῦ
733 3948 885 4025 ἁγίου
935 3946 1267 4019 Πνεύματος,
1315 3948 1414 4016 τήν
1460 3946 1626 4015 αὐτὴν
1662 3942 1834 4001 ἔντευ-

188 4040 272 4112 ξιν
324 4039 446 4114 [οὐκ
495 4036 657 4115 ἔχει.]
706 4039 1003 4113 Καθάρισον
1051 4034 1141 4091 οὖν
1176 4036 1360 4091 ἑαυτὸν
1389 4035 1494 4091 ἀπὸ
1523 4039 1620 4105 τῆς
1655 4034 1834 4106 λύπης

189 4134 438 4206 πονηρᾶς
464 4128 688 4199 ταύτης,
719 4128 809 4182 καὶ
843 4128 977 4200 ζήσῃ
1004 4130 1083 4197 τῷ
1113 4130 1249 4197 Θεῷ.

1941 3241 2014 3296 ad
2046 3239 2224 3295 altare
2254 3239 2373 3293 Dei.
2407 3240 2475 3293 Et
2505 3238 2623 3294 dixi
2672 3238 2755 3293 illi
2783 3256 2797 3295 :
2833 3241 3093 3307 Domine,
3127 3260 3304 3314 quare
3334 3262 3449 3300 non
3480 3245 3584 3300 ha-

1942 3330 2040 3385 bet
2069 3328 2337 3383 virtutem
2371 3327 2552 3382 oratio
2584 3327 2770 3383 tristis
2800 3328 3077 3396 hominis,
3111 3335 3172 3385 ut
3203 3334 3478 3388 ascendat
3507 3335 3581 3389 ad

1940 3418 2119 3473 altare
2150 3416 2427 3471 Domini?
2467 3416 2770 3483 Quoniam,
2802 3417 3011 3489 inquit,
3045 3419 3283 3475 tristitia
3329 3421 3490 3477 sedet
3519 3422 3579 3478 in

1941 3507 2110 3561 corde
2143 3507 2288 3575 ejus.
2322 3506 2463 3560 Cum
2496 3522 2630 3577 ergo
2661 3506 2833 3560 mista
2880 3506 3053 3562 fuerit
3095 3509 3276 3564 oratio
3306 3510 3410 3563 viri
3444 3528 3578 3565 cum

1941 3594 2198 3658 tristitia,
2223 3611 2336 3649 non
2358 3594 2609 3664 patietur
2630 3595 2948 3649 orationem
2974 3597 3252 3651 mundam
3273 3600 3585 3656 ascendere

1942 3684 2013 3738 ad
2063 3683 2241 3737 altare
2293 3682 2412 3737 Dei.
2459 3682 2623 3737 Sicut
2675 3683 2831 3737 enim
2878 3683 3077 3738 vinum
3133 3691 3293 3741 aceto
3340 3688 3583 3743 mistum

1943 3771 2210 3827 eamdem
2242 3770 2585 3825 suavitatem
2620 3787 2734 3824 non
2766 3770 2975 3826 habet:
3000 3772 3083 3827 sic
3114 3778 3169 3828 et
3197 3773 3437 3830 tristitia
3458 3776 3587 3848 Spi-

1945 3859 2082 3915 ritui
2134 3864 2337 3914 sancto
2387 3859 2562 3913 mista
2617 3860 2881 3915 eamdem
2931 3861 3253 3918 orationem
3307 3866 3588 3920 mundam

1945 3965 2061 4003 non
2092 3947 2287 4002 habet.
2323 3947 2538 4002 Munda
2568 3963 2703 4019 ergo
2733 3952 2787 4003 te
2818 3965 2851 4003 a
2881 3948 3121 4005 tristitia
3149 3951 3322 4017 mala,
3348 3955 3405 4009 et
3432 3952 3589 4008 vives

1945 4042 2058 4092 Deo
2092 4054 2104 4092 :
2140 4040 2197 4090 et
2248 4051 2450 4091 omnes
2500 4035 2692 4091 vivent
2741 4036 2882 4108 Deo,
2914 4038 3013 4109 qui
3048 4041 3396 4112 projecerint
3443 4058 3477 4097 a
3524 4058 3587 4098 se

1948 4125 2267 4193 tristitiam,
2299 4128 2356 4180 et
2387 4125 2683 4181 induerint
2715 4125 3092 4182 hilaritatem.

1520 4269 1870 4339 Amrocnus,
1911 4267 2140 4324 homitia
2175 4267 2265 4322 25.

266 4387 427 4461 ’Δρον
476 4383 566 4440 οῦν
613 4384 719 4439 ἀπὸ
766 4388 861 4439 σοῦ
903 4382 1101 4453 ταύτην
1145 4384 1245 4453 τὴν
1296 4382 1474 4452 λύπην
1506 4380 1595 4437 καί
1629 4383 1704 4455 μὴ
1739 4380 1832 4437 λύ-

2018 4384 2185 4454 Aufer
2211 4397 2334 4453 ergo
2365 4382 2504 4437 hanc
2541 4384 2830 4439 tristitiam
2878 4402 2914 4439 a
2955 4390 3025 4453 te,
3057 4390 3109 4442 et
3154 4387 3270 4443 noli
3317 4388 3595 4459 offendere

187 4496 286 4530 πει
334 4474 397 4529 τὸ
447 4478 664 4546 Πνεῦμα
706 4473 769 4528 τὸ
815 4470 987 4548 ἅγιον,
1034 4471 1096 4526 τὸ
1144 4474 1430 4526 κατοικοῦν
1480 4470 1530 4525 ἐν
1567 4469 1667 4524 σοί·
1732 4472 1840 4543 μή-

1948 4470 2218 4542 Spiritum
2244 4478 2493 4525 sanctum
2525 4472 2622 4540 qui
2650 4472 2709 4524 in
2755 4475 2807 4527 te
2857 4471 3089 4541 habitat,
3121 4490 3192 4529 ne
3235 4483 3381 4545 roget
3411 4477 3596 4530 Domi-

187 4584 330 4619 ποτε
382 4561 685 4632 ἐντεύξηται
733 4565 811 4633 τῷ
860 4558 997 4634 Θεῷ,
1052 4561 1141 4614 καὶ
1190 4559 1399 4633 ἀποστῇ
1444 4558 1549 4613 ἀπὸ
1597 4563 1712 4615 σοῦ.
1771 4559 1832 4613 TE

1950 4576 2103 4627 num,
2136 4565 2188 4613 et
2221 4558 2437 4614 recedat
2470 4575 2504 4613 α
2534 4566 2604 4614 te.
2637 4558 2873 4631 Spiritus
2900 4564 3048 4617 enim
3076 4564 3174 4619 Dei
3200 4565 3297 4635 qui
3325 4564 3487 4619 datus
3520 4567 3601 4620 est

187 4654 300 4729 γὰρ
356 4656 571 4724 πνεῦμα
614 4654 711 4705 τοῦ
759 4654 915 4721 Θεοῦ,
967 4650 1031 4704 τὸ
1080 4646 1229 4703 δοθὲν
1281 4648 1354 4709 εἷς
1392 4648 1491 4716 τὴν
1524 4649 1694 4724 σάρκα
1720 4646 1845 4701 ταύ-

186 4763 295 4813 την
330 4739 508 4810 λύπην
568 4738 674 4814 οὐχ
727 4737 1000 4815 ὑποφέρει,
1048 4737 1173 4792 οὐδὲ
1230 4756 1615 4811 στενοχωριαν.
1649 4732 1844 4792 Ἐνδυ-

194 4852 287 4886 σαι
334 4828 424 4884 οὗν
471 4831 570 4897 την
604 4828 920 4901 ἱλαρότητα,
978 4828 1075 4896 τήν
1136 4828 1371 4887 πάντοτς
1421 4822 1647 4900 ἔχουσαν
1682 4826 1843 4900 χάριν

1951 4649 2010 4703 in
2061 4649 2198 4703 hanc
2248 4663 2489 4715 carnem,
2521 4650 2811 4703 tristitiam
2857 4666 2966 4705 non
3011 4653 3257 4723 sustinet,
3299 4668 3468 4723 neque
3498 4669 3601 4707 an-

1951 4739 2235 4792 xietatem.
2270 4736 2439 4791 Indue
2486 4744 2537 4790 te
2583 4753 2706 4806 ergo
2761 4738 3064 4806 hilaritate,
3115 4755 3239 4812 quae
3285 4742 3593 4813 semperha-

1957 4825 2038 4880 bet
2084 4826 2325 4895 gratiam
2371 4824 2514 4895 apud
2565 4827 2776 4889 Deum;
2825 4836 2877 4881 et
2923 4828 3113 4884 laetare
3158 4831 3214 4883 in
3263 4847 3349 4885 ea.
3401 4830 3606 4885 Hilaris

196 4920 350 4996 παρᾶ
396 4924 475 4989 τῷ
522 4922 655 4988 Θεῷ,
706 4918 795 4971 καὶ
844 4916 1069 4993 ἐντρύφα
1121 4915 1171 4970 ἐν
1210 4915 1343 4988 αύτῇ
1414 4916 1470 4968 Ὁ
1528 4912 1832 4990 γᾶρίλαρὸε

1955 4916 2102 4969 enim
2144 4916 2230 4969 vir
2262 4914 2391 4968 bene
2420 4922 2691 4984 operatur,
2726 4920 2775 4969 et
2803 4919 3101 4971 contemnit
3147 4920 3443 4973 tristitiam
3474 4936 3487 4972 :
3521 4920 3610 4973 vir

200 5010 343 5082 ἀνὴρ
394 5006 568 5083 ἀγαθά
618 5005 916 5081 ἐργάζεται,
966 5005 1055 5059 καὶ
1103 5009 1427 5081 καταφρονεῖ
1472 5008 1571 5077 τῇς
1642 5002 1844 5073 λύπης·

1958 5012 2137 5058 autem
2166 5004 2342 5057 tristis
2372 5018 2579 5073 semper
2608 5004 2749 5058 male
2777 5007 2931 5075 facit.
2972 5007 3158 5063 Primo
3188 5008 3410 5079 quidem
3460 5008 3603 5064 male

1373 5146 1610 5201 VARI/E
1646 5145 2027 5202 LECTIONES
2068 5145 2158 5199 ET
2200 5144 2430 5202 ΝΟΤίΕ.

280 5266 398 5338 ('76),
422 5265 515 5321 Sic
559 5265 891 5338 refragante
940 5262 1342 5338 grammatica,
1395 5280 1498 5335 pro
1544 5265 1623 5332 τῷ
1653 5259 1860 5333 Κυρίῳ,

202 5337 299 5393 καὶ
332 5336 519 5391 πάντα.
553 5337 655 5392 En.
689 5336 930 5392 Phaon.

284 5410 443 5481 (76'),
460 5409 664 5481 Lamb.
696 5411 853 5463 scies.

284 5480 400 5549 (77)
433 5480 634 5535 Lamb.
667 5497 793 5536 even
803 5482 860 5535 it.

286 5545 388 5619 (78'
434 5551 562 5606 Haec
593 5550 733 5605 item
766 5552 939 5606 habet
968 5548 1287 5605 Antiochus
1328 5545 1531 5601 homil.
1560 5546 1649 5601 25.

290 5552 407 5693 (Ἰῼζ
468 5622 1080 5678 Pseudo-Athanasius
1139 5626 1195 5693 et
1250 5618 1570 5693 antiochus
1643 5636 1649 5670 ι

222 5688 449 5763 ταύτην,
481 5696 543 5749 in
570 5710 793 5749 carnem
823 5695 962 5750 hanc
991 5711 1009 5747 .'
1041 5692 1193 5764 quod
1242 5690 1507 5761 Spiritum
1537 5688 1730 5764 dabunt
1772 5688 1865 5746 h0-

220 5758 469 5823 minibus
515 5765 779 5837 designat,
830 5770 893 5821 ut
957 5758 1110 5822 recte
1153 5758 1570 5837 interpretatur
1616 5758 1808 5817 Fellus
1852 5785 1868 5829 ς

1974 5260 2290 5336 mox_en_im
2324 5276 2335 5313 :
2370 5260 2633 5336 Spiritum
2662 5268 2931 5336 sanctum,
2960 5267 3058 5336 qui
3084 5266 3238 5322 datus
3275 5269 3352 5321 est
3382 5263 3611 5319 homini.

2045 5333 2156 5404 (80)
2189 5332 2357 5408 Forte
2373 5332 2688 5408 tristitiam.
2726 5332 2809 5388 Ita
2847 5332 3042 5391 Graeca
3072 5352 3085 5391 :
3121 5338 3275 5408 quod
3308 5353 3448 5392 sane
3476 5351 3613 5391 con-

1975 5400 2167 5459 teXtus
2198 5401 2489 5459 postulare
2518 5400 2765 5459 videtur.

2046 5475 2157 5546 (81)
2192 5473 2376 5542 Forte,
2409 5473 2627 5527 hilaris.

2047 5544 2157 5621 (82)
2188 5546 2477 5621 Fortasse.
2501 5544 2777 5600 ascendat.
2818 5548 2963 5621 _Sane
3009 5547 3617 5621 pseudo-Athanasius

468 5622 1080 5678 Pseudo-Athanasius
1139 5626 1195 5693 et
1250 5618 1570 5693 antiochus
1643 5617 1868 5693 addunt
1977 5612 2420 5681 et'Antiochus,
2454 5612 2754 5693 ἀναοῆναι..
2807 5619 2955 5693 Quin
3004 5612 3059 5677 et
3106 5640 3238 5677 mox
3283 5622 3408 5693 ipse
3452 5626 3618 5676 vetus

1976 5693 2288 5767 lnterpres,
2338 5686 2708 5767 ascendatﬁati
2754 5689 2934 5747 altare
2981 5694 3215 5753 Domini.
3267 5686 3335 5749 Et
3382 5692 3618 5767 iterum,

1979 5757 2267 5817 ascendere
2297 5757 2367 5813 ad
2396 5757 2570 5815 altare
2596 5758 2717 5841 Dei.
