4014 6226
246 352 365 431 θη

1237 348 1568 412 PASTOR.
1595 346 1839 411 —LIB.
1884 347 1963 425 II,
2010 347 2462 416 MANDATUM
2504 348 2635 413 XII.

3514 350 3637 425 946.

249 479 469 555 ἔνδυσαι
502 478 605 559 τὴν
648 477 939 559 ἐπιθυμίαν
983 478 1082 549 τὴν
1120 480 1322 560 ἀγαθὴν
1372 480 1460 536 καὶ
1522 481 1744 553 σεμνήν.
1778 481 1885 533 Ἐν-

2005 480 2237 550 malam,
2268 485 2324 537 et
2368 482 2546 538 indue
2573 481 2952 555 cupiditatem
2988 481 3202 557 bonam
3233 482 3290 540 et
3340 484 3633 546 sanctam.

247 568 541 645 δεδυμὲνος
588 570 690 648 γὰρ
736 570 836 640 τὴν
890 566 1173 643 ἐπιθυμίαν
1225 568 1447 639 ταύτην,
1510 571 1757 643 μισήσεις
1786 571 1886 637 τὴν

245 659 492 734 πονηρὰν
542 656 851 731 ἐπιθυμίαν.
899 656 1085 732 Ἀγρία
1131 658 1233 734 γὰρ
1304 656 1562 729 ἐπιθυμία
1623 655 1699 718 εἷς
1761 654 1889 712 τάδε

242 748 568 822 ἂνεμπεσεῖ,
615 746 690 809 εἷς
733 746 909 818 λύπην
1094 745 1179 800 ἐὰν
1234 748 1310 818 μὴ
1364 748 1424 819 ἦ]
1457 746 1688 817 συνετὸς,
1722 745 1888 799 δαπα-

238 842 397 893 νᾶται
448 838 533 899 ὑπ’
578 835 746 905 αὐτῆς
797 833 1005 898 δεινῶς·
1040 832 1247 905 δαπανᾷ
1277 833 1334 889 δὲ
1361 835 1584 897 τούτους
1620 836 1695 907 μὴ
1729 832 1887 909 ἕχον-

238 947 339 989 τας
396 923 598 998 ἔνδυμα
669 923 951 998 ἐπιθυμίας
996 922 1225 999 ἀγαθῆς,
1266 921 1392 977 ἀλλ’
1442 922 1888 999 ἐμπεφυρμὲνους

238 1020 322 1088 τῷ
367 1015 523 1069 αἰῶνι
562 1014 757 1086 τούτῳ·
807 1013 1032 1075 τούτους
1082 1010 1172 1067 οὖν
1218 1009 1580 1088 παραδίδωσιν
1622 1011 1697 1073 εἰς
1728 1013 1885 1065 θάνα-

240 1125 453 1162 τον.....
504 1108 664 1171 Ποῖα,
708 1102 881 1177 κύριε,
927 1102 1027 1156 εἷσῖ
1056 1105 1155 1171 τῆς
1178 1101 1462 1173 ἐπιθυμίας
1491 1108 1591 1169 τῆς
1622 1106 1886 1173 πονηρᾶς,

240 1194 314 1250 τὰ
356 1189 721 1269 παραδιδόντα
768 1190 895 1253 τοὺς
948 1191 1266 1265 ἀνθρῶπους
1313 1190 1388 1252 εἰς
1440 1188 1705 1258 θάνατον;
1748 1191 1889 1243 Γνώ-

249 1280 397 1358 ρισύν
449 1301 565 1354 μοι,
609 1277 702 1335 ’ίνα
747 1277 903 1358 φύγω
949 1279 1040 1333 ἀπ’
1087 1278 1284 1335 αὐτῶν.
1334 1284 1607 1333 Ἀκουσον·
1664 1281 1885 1355 Πρῶτον

2000 573 2245 628 lndutus
2275 571 2429 629 enim
2461 573 2837 645 cupiditatem
2868 573 3106 645 bonam,
3140 572 3332 630 oderis
3358 566 3474 646 (99)
3506 589 3630 630 ma-

1996 660 2134 728 lam,
2170 664 2225 716 et
2252 662 2569 718 refrenabis
2599 679 2725 718 eam
2756 662 2907 718 sicut
2932 662 3516 718 volueris.Horrenda
3542 665 3633 721 est

1996 750 2153 805 enim
2183 749 2472 822 cupiditas
2501 750 2676 818 mala,
2707 756 2766 806 et
2795 751 3029 805 difﬁcile
3083 751 3400 822 mitigatur.
3436 751 3631 807 Horri-

1995 837 2128 893 bilis
2158 844 2246 893 est
2273 839 2438 894 valde
2471 843 2528 894 et
2558 840 2695 907 fera,
2730 844 2786 894 et
2812 840 3037 895 feritate
3069 857 3175 895 sua
3205 840 3498 895 consumit
3526 840 3630 896 ho-

1996 927 2460 997 mines,maxime
2492 928 2537 982 si
2572 927 2837 983 inciderit
2868 928 2925 982 in
2957 944 3083 983 eam
3106 945 3306 983 servus
3334 928 3626 1000 Dei(100):

1996 1019 2052 1071 et
2080 1015 2193 1071 nisi
2246 1016 2476 1087 sapiens
2509 1017 2701 1082 fuerit,
2754 1020 3130 1071 consumetur
3159 1018 3237 1088 (1)
3269 1017 3339 1072 ab
3373 1017 3470 1072 illa
3502 1035 3631 1089 pes-

1996 1105 2163 1160 sime.
2194 1105 2496 1160 Consumit
2546 1110 2739 1159 autem
2772 1104 2938 1175 tales,
2972 1105 3071 1175 qui
3128 1122 3243 1160 non
3293 1105 3507 1161 habent
3535 1122 3632 1162 ve-

1998 1198 2146 1249 stem
2178 1193 2515 1265 cupiditatis
2548 1194 2796 1264 bonae,et
2824 1193 3087 1264 implicat
3116 1193 3246 1249 illos
3277 1195 3352 1266 (2)
3386 1195 3631 1266 negotiis

1996 1282 2174 1353 hujus
2205 1281 2419 1354 saculi,
2451 1287 2509 1338 et
2536 1282 2713 1337 tradit
2741 1282 2817 1353 (3)
2847 1282 2977 1338 illos
3009 1282 3341 1347 morti.Qua3
3373 1284 3629 1347 sunt,in-

245 1372 482 1443 πάντων,
514 1390 568 1427 κ.
597 1391 649 1427 τ.
682 1368 738 1426 λ.
771 1370 914 1427 Vide
942 1386 1078 1427 mox
1106 1370 1278 1440 infra,
1310 1386 1427 1442 cap.
1460 1371 1513 1425 2.
1996 1370 2638 1443 quam,domine,opera
2661 1370 3001 1442 cupiditatis
3035 1370 3358 1443 malas,quae
3391 1372 3631 1426 tradunt

860 1446 861 1449 “
1997 1458 2267 1515 homines
2282 1459 2482 1515 morti?
2496 1459 2838 1514 Demonstra
2856 1458 3090 1527 mihi,ut
3110 1460 3375 1514 recedam
3399 1460 3469 1514 ab
3490 1458 3629 1516 iliis.

236 1548 411 1617 Audi,
439 1547 654 1621 inquit,
685 1548 746 1604 in
777 1548 993 1620 quibus
1022 1548 1296 1619 operibus
1324 1546 1614 1618 cupiditas
1653 1545 1808 1601 mala
1837 1546 2011 1602 morti
2040 1548 2217 1603 tradit
2244 1564 2438 1603 servos
2482 1548 2600 1603 Dei.
2625 1548 2893 1619 [Spiritus
2924 1547 3189 1603 omnium
3220 1547 3294 1620 (4)
3327 1547 3631 1604 hominum

238 1630 655 1693 terrestris’est
683 1640 740 1692 et
767 1634 939 1703 levis,
963 1639 1020 1691 et
1048 1636 1321 1691 virtutem
1354 1652 1469 1690 non
1498 1635 1674 1690 habet
1704 1634 1761 1689 in
1793 1638 2007 1706 totum,
2022 1639 2080 1691 et
2110 1635 2296 1691 multa
2325 1635 2680 1708 loquitur.Et
2707 1636 2852 1690 dixit
2885 1652 2897 1690 :
2930 1637 3050 1701 Quo
3082 1636 3254 1691 modo
3279 1635 3459 1709 igitur
3487 1636 3635 1693 scire

233 1714 430 1807 potest
458 1725 675 1798 aliquis
705 1741 804 1781 eos
826 1725 853 1780 ‘t
882 1724 1052 1793 Audi,
1086 1725 1297 1797 inquit,
1331 1724 1401 1780 de
1432 1723 1696 1795 utrisque
1724 1723 1878 1779 vasis
1911 1740 1925 1778 :
1960 1728 2015 1779 et
2035 1724 2187 1779 sicut
2217 1724 2344 1781 dico
2376 1725 2501 1796 tibi,
2536 1726 2621 1781 sic
2650 1725 2923 1798 probabis
2939 1725 3280 1797 prophetam
3311 1725 3496 1792 Dei,et
3524 1726 3632 1782 fal-

234 1830 370 1871 sum
404 1814 776 1887 prophetam.
810 1813 1070 1869 Primum
1103 1813 1303 1884 itaque
1342 1814 1417 1885 (5)
1450 1812 1630 1885 proba
1660 1812 1978 1879 hominem,
2013 1813 2113 1885 qui
2143 1812 2320 1869 habet
2353 1814 2634 1886 Spiritum
2668 1814 2766 1869 Dei
2801 1831 2813 1868 :
2850 1813 2987 1886 quia
3013 1814 3263 1886 Spiritus
3294 1815 3393 1887 qui
3425 1815 3633 1871 desur-

233 1919 371 1960 sum
405 1906 494 1959 est
520 1904 621 1974 (6),
654 1890 890 1975 quietus
921 1908 1010 1957 est
1039 1906 1096 1958 et
1121 1892 1384 1968 humilis,
1414 1906 1470 1957 et
1497 1901 1715 1956 recedit
1746 1902 1816 1956 ab
1848 1901 2008 1958 omni
2037 1901 2298 1973 nequitia
2328 1907 2385 1958 et
2413 1902 2702 1958 desiderio
2732 1919 2878 1958 vano
2909 1903 3087 1973 hujus
3118 1902 3313 1957 seaculi
3344 1928 3358 1969 ;
3389 1908 3446 1958 et
3474 1903 3633 1959 omni

232 1991 477 2049 homine
505 1992 581 2064 (7)
612 2008 676 2047 se
705 1991 843 2047 facit
886 1990 1300 2047 humiliorem:
1329 1996 1388 2046 et
1434 1990 1654 2045 nemini
1686 1991 1999 2063 respondet
2043 1990 2435 2064 interrogatus
2466 1993 2581 2063 (8):
2617 2008 2723 2048 nec
2760 1990 3011 2063 singulis
3063 1992 3413 2063 respondet:
3450 2007 3635 2063 neque

230 2097 369 2137 cum
400 2078 542 2147 vult,
573 2079 798 2136 homini
827 2079 1088 2151 loquitur
1133 2080 1385 2151 Spiritus
1414 2079 1517 2134 Dei
1546 2096 1559 2147 ;
1593 2080 1695 2134 sed
1725 2082 1865 2135 tunc
1914 2078 2173 2151 loquitur
2202 2096 2334 2135 cum
2365 2080 2488 2136 vult
2510 2081 2687 2137 Deus.
2720 2080 2866 2136 Cum
2898 2097 3034 2153 ergo
3064 2080 3286 2137 venerit
3314 2081 3490 2136 homo
3533 2080 3635 2152 qui

231 2169 415 2226 habet
442 2168 724 2242 Spiritum
758 2169 879 2238 Dei,
911 2170 972 2223 in
1004 2167 1316 2223 Ecclesium
1344 2169 1643 2239 justorum
1676 2166 2017 2223 habentium
2050 2168 2225 2223 ﬁdem
2260 2169 2376 2237 Dei,
2411 2172 2468 2223 et
2498 2168 2679 2224 oratio
2711 2169 2776 2223 ﬁt
2804 2170 2876 2224 ad
2928 2169 3280 2237 Dominum;
3314 2174 3452 2224 tunc
3485 2185 3635 2224 nun-

230 2258 354 2315 tius
382 2258 461 2331 (9)
488 2261 730 2316 sanctus
781 2257 1101 2313 divinitatis
1130 2255 1336 2327 implet
1378 2254 1676 2311 hominem
1705 2254 1877 2311 illum
1921 2254 2142 2328 Spiritu
2174 2261 2375 2311 sancto
2425 2256 2577 2329 (10);
2611 2261 2669 2312 et
2697 2256 2955 2328 loquitur
2984 2258 3043 2311 in
3092 2257 3268 2313 turba
3297 2258 3450 2315 sicut
3478 2258 3633 2314 Deus

235 2347 383 2432 vult.
415 2348 507 2404 Sic
537 2363 673 2420 ergo
705 2347 1072 2420 dignoscitur
1100 2345 1350 2418 Spiritus
1378 2343 1720 2412 divinitatis,
1746 2344 1807 2399 in
1839 2360 2190 2416 quocunque
2220 2344 2476 2417 Spiritus
2506 2344 2826 2402 divinitatis
2855 2345 3113 2417 loquitur
3144 2345 3275 2420 (11).

1762 2487 1990 2543 CAPUT
2040 2487 2110 2543 ΙΙ.

318 2604 459 2661 Audi
489 2622 647 2661 nunc
677 2609 735 2662 et
763 2605 834 2661 de
864 2604 1077 2678 spiritu
1106 2604 1574 2671 terrestri,vacuo
1605 2607 1661 2658 et
1689 2604 1869 2675 fatuo,
1900 2603 2176 2659 virtutem
2216 2620 2331 2660 non
2360 2602 2902 2659 habente.Primum
2934 2606 3129 2659 autem
3160 2603 3316 2660 hunc
3340 2604 3512 2661 homo
3535 2620 3638 2683 pu-

235 2697 398 2751 tatur
424 2694 703 2767 spiritum
733 2694 947 2751 habere
971 2712 985 2762 ;
1009 2693 1219 2750 exaltat
1250 2693 1406 2748 enim
1438 2709 1500 2748 se
1532 2692 1665 2765 (12),
1698 2698 1755 2749 et
1785 2692 1908 2748 vult
1936 2693 2188 2765 primam
2216 2692 2550 2750 cathedram
2578 2692 2828 2761 habere;
2857 2697 2913 2748 et
2937 2693 3241 2765 improbus
3271 2698 3377 2765 est,
3411 2698 3468 2749 et
3504 2710 3638 2751 ver-

232 2784 419 2840 bosus
446 2800 463 2852 ;
495 2786 553 2839 et
580 2783 640 2839 in
671 2783 897 2840 deliciis
926 2787 1324 2854 conversatur,
1357 2786 1415 2838 et
1445 2782 1505 2837 in
1534 2781 1934 2853 voluptatibus
1968 2782 2169 2838 multis
2194 2800 2207 2850 ;
2242 2787 2300 2838 et
2329 2782 2653 2838 mercedem
2686 2782 2895 2854 accipit
2924 2782 3298 2838 divinationis
3328 2782 3635 2847 suae.Quod

235 2872 289 2931 si
316 2888 434 2928 non
465 2872 774 2944 acceperit,
803 2889 919 2929 non
951 2870 1193 2928 divinat.
1216 2873 1377 2928 Itane
1408 2871 1517 2944 (13)
1550 2870 1805 2942 Spiritus
1835 2870 1936 2927 Dei
1967 2874 2157 2943 potest
2188 2871 2483 2926 mercedes
2514 2870 2773 2943 accipere
2799 2875 2857 2926 et
2883 2870 3137 2927 divinare
3156 2870 3184 2926 ?
3214 2871 3339 2927 Non
3368 2871 3637 2928 convenit

233 2962 362 3018 haec
393 2961 582 3017 facere
612 2961 712 3017 Dei
744 2961 1136 3034 prophetam.)

309 3069 529 3142 Πρῶτον
578 3065 793 3121 πάντων
854 3064 1102 3138 ἐκιθυμία
1154 3067 1429 3142 γυναικὸς,
1493 3066 1583 3120 καὶ
1647 3062 1878 3120 πολυτὲ-

2061 3067 2170 3122 Sed
2222 3066 2515 3139 cupiditas
2563 3067 2719 3122 mala
2764 3071 2886 3135 est,
2938 3067 3345 3140 concupiscere
3394 3084 3631 3125 uxorem

230 3152 363 3211 λεια
397 3153 666 3224 πλούτου,
695 3156 732 3226 ἢ
766 3154 876 3210 ἐστι
934 3152 1281 3233 φιλαργυρία,
1307 3154 1395 3209 καὶ
1429 3152 1735 3228 ἐδεσμάτων
1756 3152 1886 3208 πολ-

2005 3154 2270 3222 alienam,
2314 3154 2401 3211 vel
2436 3154 2741 3210 mulierem
2791 3155 3196 3228 concupiscere
3242 3156 3432 3212 virum
3487 3155 3631 3213 alie-

231 3240 347 3299 λῶν
378 3239 467 3297 διαὲ
500 3242 766 3317 ματαίων,
796 3247 886 3297 καὶ
924 3241 1267 3316 μεθύσματος
1314 3240 1549 3314 πολλοῦ,
1614 3239 1885 3319 διαφόρων

2005 3260 2176 3311 num;
2212 3249 2266 3298 et
2294 3242 2555 3299 lautitias
2584 3244 2991 3316 concupiscere
3021 3243 3375 3310 divitiarum,
3394 3250 3450 3301 et
3480 3245 3633 3301 mul-

231 3329 489 3408 γεύσεως,
543 3331 633 3387 καὶ
668 3331 862 3409 ἑτέρων
888 3336 1105 3411 τρυφῶν
1137 3328 1386 3403 πολλῶν,
1420 3331 1509 3386 καὶ
1545 3334 1765 3406 μωρῶν,
1797 3328 1886 3384 καὶ

2005 3332 2309 3389 titudinem
2357 3332 2621 3388 ciborum
2655 3349 3170 3404 supervacuorum,
3204 3337 3261 3389 et
3298 3334 3635 3391 ebrietatem

237 3416 402 3494 δόξης
459 3420 806 3497 ἀνθρωπίνης
858 3420 948 3476 καὶ
1003 3420 1256 3495 ματαίας.
1311 3425 1461 3475 Πᾶσα
1515 3420 1689 3498 τρυφή
1732 3420 1886 3495 μωρά

2005 3420 2267 3489 multam,
2300 3425 2358 3477 et
2388 3421 2626 3477 delicias
2657 3422 2895 3478 multas.
2918 3422 3108 3477 Fatua:
3138 3421 3295 3477 enim
3325 3428 3465 3479 sunt
3494 3423 3638 3480 deli-

236 3506 352 3587 ᾆστι
378 3508 469 3577 καὶ
496 3510 623 3582 κενή
650 3514 775 3583 τοῖς
801 3507 1022 3575 δούλοις
1053 3513 1151 3566 τοῦ
1181 3512 1339 3567 Θεοῦ.

2005 3509 2093 3566 ciu
2126 3510 2236 3582 (14)
2286 3508 2485 3566 multae
2513 3534 2527 3579 ;
2559 3514 2617 3566 et
2663 3510 2989 3582 voluptates
3018 3509 3214 3566 multa
3265 3528 3633 3583 supervacuas

1997 3601 2137 3653 sunt
2160 3597 2341 3655 servis
2371 3597 2493 3653 Dei.

312 3705 443 3763 Haec
474 3722 610 3779 ergo
642 3705 932 3779 cupiditas
964 3704 1120 3761 mala
1148 3708 1237 3761 est
1264 3708 1323 3761 et
1351 3703 1824 3776 perniciosa,quae
1857 3703 2169 3760 mortiﬁcat
2198 3705 2309 3775 (15)
2333 3720 2529 3760 servos
2559 3704 2818 3761 Dei.Haac
2845 3705 3000 3761 enim
3031 3706 3319 3779 cupiditas
3345 3724 3379 3763 a
3402 3707 3633 3765 diabolo

238 3799 351 3853 est.
385 3795 729 3867 Quicunque
758 3812 895 3867 ergo
925 3793 1272 3851 recesserint
1302 3811 1335 3849 a
1365 3793 1679 3865 cupiditate
1710 3792 1884 3863 mala,
1917 3792 2109 3849 vivent
2137 3792 2425 3849 Deo.Nam
2458 3794 2795 3865 quicunque
2822 3795 3069 3866 subjecti
3090 3795 3305 3852 fuerint
3329 3797 3635 3867 cupiditati

238 3900 304 3940 ω
329 3884 453 3956 ale,
483 3884 542 3940 in
572 3887 923 3956 perpetuum
953 3882 1602 3939 morientur.Mortifera
1627 3882 1781 3937 enim
1812 3886 1900 3937 est
1924 3881 2045 3937 haec
2077 3881 2367 3953 cupiditas
2393 3881 2659 3937 mala.'l‘u
2690 3899 2826 3955 ergo
2856 3882 3033 3938 indue
3060 3883 3433 3956 cupiditatem
3455 3886 3633 3957 justi-

235 3974 376 4044 tisz;
412 3977 473 4030 et
502 3978 765 4029 armatus
794 3972 1004 4029 timore
1032 3971 1286 4039 Domini,
1320 3971 1526 4028 resiste
1559 3971 1862 4043 cupiditati
1893 3969 2081 4027 malae.
2113 3971 2315 4027 Timor
2342 3971 2497 4026 enim
2528 3970 2751 4027 habitat
2778 3971 2838 4026 in
2868 3972 3186 4044 cupiditate
3210 3974 3457 4030 bona.Et
3479 3975 3639 4047 cupi-

233 4062 394 4120 ditas
424 4062 598 4134 mala,
630 4078 763 4119 cum
791 4060 1003 4117 viderit
1033 4067 1089 4118 te
1116 4064 1411 4118 armatum
1445 4060 1653 4116 timore
1684 4059 1918 4116 Domini
1950 4060 2258 4117 resistente
2287 4060 2401 4132 (16)
2432 4059 2567 4129 sibi,
2598 4060 2782 4132 fugiet
2811 4077 2845 4116 a
2873 4064 2929 4117 te
2957 4060 3148 4135 longe,
3176 4066 3235 4118 et
3266 4079 3379 4118 non
3410 4080 3638 4136 compa-

1411 4202 1647 4258 VARIIE
1686 4202 2074 4259 LECTIONES
2111 4201 2202 4257 ET
2238 4201 2466 4257 NOTIE.

411 4322 428 4395 )
458 4321 677 4395 “mh:
1018 4318 1195 4395 1’03“:
1218 4317 1383 4395 Ogies'

342 4385 557 4466 1_OO)In
589 4385 1546 4466 editisihicincipiuptjiraacausic
1589 4406 1622 4466 ε
1638 4385 1886 4466 Μάλιστα

239 4463 292 4521 εί
446 4456 691 4536 ’ἐμπεσεῖ
737 4461 813 4523 εἷς
852 4456 1087 4536 ιαότήνᾌ
1136 4456 1334 4536 δοῦλος
1363 4463 1462 4514 τοῦ
1494 4462 1653 4536 ῷε-οὖ·
1679 4459 1769 4513 καὶ
1800 4458 1886 4536 ξαν

243 4536 325 4610 μὴ
355 4533 395 4610 ᾖ
422 4529 655 4610 ωνετρς,
686 4554 739 4591 κ.
767 4553 819 4589 τ.
852 4529 931 4603 λ.,
963 4549 1111 4603 quae,
1146 4531 1195 4586 si
1233 4547 1431 4610 vocem
1466 4530 1734 4610 ultimam
1788 4532 1887 4586 de-

242 4603 399 4676 inas,
427 4603 649 4663 nullibi'
675 4609 927 4671 exstant,
958 4620 1147 4676 neque
1176 4603 1330 4676 apud
1377 4603 1885 4676 pseudo-Athana-

242 4673 404 4737 sium
435 4695 624 4750 neque
640 4678 794 4750 apud
820 4673 1408 4750 Antiochu_m..Efﬁcta
1436 4673 1618 4750 igitur
1642 4692 1681 4750 ιι
1697 4674 1888 4728 Fabri-

242 4750 336 4807 cio
365 4767 434 4807 ex
462 4744 651 4806 vetere
678 4744 1039 4819 'Interprete,
1063 4744 1322 4819 Clericus
1350 4750 1407 4801 et
1456 4744 1884 4819 Russelius__ex-

242 4821 546 4893 scripsere.
598 4821 713 4877 Nos
741 4816 876 4875 vero
927 4818 1104 4873 verba
1143 4816 1719 4893 pseudo-Athanasii,
1754 4816 1888 4871 licet

242 4886 498 4950 Pastoris
525 4897 745 4949 textum
777 4895 972 4947 exacte
1003 4905 1118 4944 non
1146 4886 1499 4959 exprimant,
1522 4886 1885 4959 exhibemus,

243 4964 821 5021 Montfauconianam
852 4958 1400 5032 editionemisecuti,
1433 4958 1762 5032 supplenda
1800 4963 1885 5014 ta-

240 5052 383 5107 men
408 5052 479 5093 ex
506 5035 578 5090 iis
608 5051 734 5107 quae
766 5033 943 5107 habet
969 5031 1310 5107 Antiochus.

341 5106 394 5180 1)
427 5100 1030 5180 Lambfconsumiturl
1054 5104 1135 5180 Ita
1168 5118 1306 5180 sane
1338 5100 1553 5180 Graeca.

341 5110 394 5180 1)
427 5110 623 5163 Lamb.
656 5110 1016 5162 consumitur.
1054 5110 1135 5157 Ita
1168 5118 1306 5157 sane
1338 5110 1553 5157 Graeca.

315 5110 875 5260 i2)__l_n.quib‘usdam
906 5174 1208 5260 codicibus
1239 5174 1488 5243 implicat
1516 5188 1732 5244 eos,pro
1764 5172 1890 5244 qui-

239 5248 632 5307 bus'Wakius
662 5249 801 5320 legit
831 5248 1161 5320 implicatos.

313 5323 391 5395 (3)
440 5322 645 5395 Lamb.
701 5313 1050 5395 tradethic
1095 5332 1248 5395 _m_ox
1295 5315 1535 5395 tradent,
1586 5318 1648 5395 et
1694 5313 1886 5395 tradet.

245 5385 405 5451 sint
455 5393 762 5448 lectionem
794 5388 1061 5451 sequitur
1090 5386 1278 5442 Fellus
1312 5387 1369 5440 in
1404 5404 1509 5441 sua
1541 5385 1677 5441 edit.
1705 5386 1886 5441 Oxon.

242 5467 312 5522 In
343 5464 517 5522 editis
546 5462 747 5519 Clerici
781 5468 837 5516 et
867 5458 1115 5515 Russelii
1146 5458 1436 5513 omittitur
1451 5458 1785 5528 conjunctio
1816 5460 1886 5527 et,

244 5536 507 5609 quamial
521 5577 533 5589 .
566 5534 860 5609 exhibent.

343 5608 760 5683 §)'Ms_s._Ang.
810 5605 1063 5683 [trimum
1111 5602 1380 5657 omnium.
1436 5602 1785 5683 [iacentem
1832 5604 1889 5655 et

244 5672 479 5752 reiiqua
503 5677 683 5751 hujus
699 5672 907 5751 capitis
924 5673 1153 5745 aliaque
1170 5672 1626 5745 cap.seq.,uncis
1639 5672 1885 5741 inclusa,

1914 4319 1958 4386 C
1995 4317 2132 4391 hinc
2163 4317 2595 4391 removenda,et
2619 4318 2675 4372 in
2700 4319 3043 4391 mandatum
3067 4322 3396 4391 praecedens
3415 4321 3637 4378 immit-

1996 4389 2199 4461 tenda,
2225 4388 2533 4461 exgwiikio
2560 4390 2999 4461 monuimusad
3047 4388 3245 4446 mand.
3277 4410 3356 4461 x1,
3392 4397 3510 4449 not.
3540 4394 3633 4449 84.

2088 4460 2143 4516 5)
2178 4460 2270 4515 Sic
2301 4458 2442 4515 Felli
2474 4460 2611 4514 edit.
2646 4462 2825 4516 Oxon.
2854 4460 2941 4515 Al.
2971 4463 3068 4516 ita.

2173 4531 2378 4614 Lamb.
2411 4531 2650 4614 Spiritus
2676 4539 2985 4614 desursum,
3020 4533 3276 4601 omissis,
3306 4536 3404 4607 qui
3426 4540 3526 4590 est.

2086 4601 2143 4673 7)
2175 4603 2313 4658 Mss.
2349 4601 2518 4673 Angl.
2550 4606 2796 4658 omnium
2822 4604 3125 4661 hominum.

2090 4675 2143 4744 8)
2172 4673 2376 4730 Lamb.
2409 4674 2589 4744 deest,
2624 4676 3016 4743 interrogatus.

2080 4719 2262 4826 PlN-
2292 4746 2542 4826 αηρειέιδε
2574 4719 2597 4826 ’.

2093 4816 2180 4886 10)
2211 4816 2412 4887 Lamb.
2445 4816 2685 4887 Spiritus
2709 4824 2948 4872 sanctus.

2066 4887 2180 4961 (l1)
2215 4886 2394 4961 Bodl._
2422 4886 2489 4941 et
2510 4888 2710 4961 Lamb.
2762 4890 2892 4958 quia
2921 4889 3228 4960 quicunque
3254 4892 3459 4961 spiritu
3486 4890 3635 4946 divi-

1994 4960 2190 5030 nitatis
2241 4959 2510 5030 loquitur,
2537 4958 2785 5030 loquitur
2833 4958 2973 5015 sicut
3004 4958 3443 5017 Dominus'vult.
3476 4962 3636 5019 Hanc

1995 5028 2577 5135 lectigpem'rftinnuit
2611 5028 2799 5086 Fellus
2826 5030 2886 5085 in
2918 5048 3025 5135 eius
3055 5031 3190 5087 edit.
3224 5032 3403 5089 Oxon.

2257 5118 2344 5135 om
2509 5103 2710 5135 animum
2742 5103 2889 5135 anim
2961 5118 3080 5135 nmn
3124 5112 3345 5135 ...νοτηιν-
3379 5121 3398 5135 .-

2069 5102 2179 5226 (112)
2213 5101 2410 5155 Lamb.
2462 5102 2710 5155 Primum
2741 5103 2890 5156 enim
2922 5103 3080 5159 homo
3121 5112 3345 5174 putatur
3372 5106 3639 5175 spiritum

1997 5171 2067 5227 ha
2104 5188 2195 5227 ere
2249 5173 2584 5226 exultantem
2611 5187 2684 5226 se.
2734 5172 2895 5229 Bodl.
2948 5178 3143 5229 autem
3193 5174 3321 5230 sic:
3374 5178 3635 5232 Primum

1998 5244 2145 5298 enim
2175 5244 2330 5297 homo
2361 5245 2458 5313 qui
2495 5246 2718 5314 putetur
2744 5245 3007 5315 spiritum
3052 5245 3268 5312 habere,
3301 5248 3513 5302 exultat
3554 5264 3631 5303 se.

2069 5314 2179 5385 (13)
2212 5315 2415 5439 liamb.
2465 5319 2522 5369 et
2551 5315 2742 5370 Carm.
2768 5314 2857 5370 'Ita
2883 5333 3048 5372 nunc.
3082 5318 3151 5372 Et
3181 5334 3311 5373 mox
3341 5333 3352 5373 :
3386 5318 3487 5373 Sed
3524 5335 3636 5375 non

2069 5402 2222 5439 nvem
2256 5429 2268 5439 .

1997 5402 2091 5440 0οη
2101 5402 2268 5441 venit.

2069 5458 2180 5529 (14)
2209 5459 2293 5511 An
2324 5456 2583 5529 divitia}?

2068 5527 2181 5597 (15)
2211 5532 2346 5582 Mss.
2382 5528 2552 5598 Angl.
2584 5529 2749 5581 morti
2776 5527 2889 5584 dat.

2068 5602 2180 5670 (16)
2214 5598 2374 5654 Bodl.
2408 5600 2761 5654 resistentem.
