4014 6226
266 381 384 443 949
1263 380 1863 441 PASTOR.—LIB.
1908 381 1984 453 ll,
2030 377 2474 441 MANDATUM
2516 377 2652 441 XII.
3537 376 3656 439 950

252 510 420 589 χείλη
450 508 670 588 ἔχοντες
700 510 792 567 τὸν
840 509 1073 585 Κόμων,
1104 514 1205 583 τήν
1258 512 1315 569 δὲ
1361 510 1581 589 καρδίαν
1634 533 1837 588 πεπιυρ‹

2063 517 2145 567 ita
2179 514 2293 569 haec
2326 517 2472 571 dura
2498 520 2637 570 sunt
2667 520 2723 571 et
2751 514 3035 572 difficilia.
3063 514 3266 571 Ponite
3295 527 3430 585 ergo
3460 510 3648 582 vobis,

251 601 442 676 μένην,
490 602 579 656 καὶ
631 602 834 678 μακρὰν
886 598 1033 664 ὄντες
1083 604 1188 659 ἀπὸ
1252 608 1349 659 τοῦ
1414 602 1613 679 Κυρίου
1678 600 1836 655 διὰ-τὶ

2052 603 2097 655 ai
2130 604 2292 657 vacui
2326 611 2382 659 et
2412 604 2563 659 leves
2614 606 2756 660 estis
2807 605 2865 660 in
2908 606 3039 672 fide,
3090 603 3403 659 Dominum
3455 602 3637 657 Deum

247 692 451 747 ἑαυτῶν
504 690 783 767 ῥᾳθυμίαν,
818 691 1042 753 ἐκείνοις
1094 693 1145 746 αἶ
1193 692 1405 747 ἐντολαὶ
1457 692 1607 745 αὗται
1661 688 1832 763 σκληρ

2053 697 2261 747 astrum
2296 693 2353 748 in
2384 694 2556 749 corde
2586 694 2797 749 habere
2828 695 2939 766 (33)
2966 712 2977 760 ;
3011 697 3067 749 et
3096 691 3452 765 intelligetis,
3486 690 3638 763 quod

246 780 405 850 εἰσιν,
446 781 535 835 καὶ
568 778 1018 857 δυσκατόρθωτοι.
1052 782 1213 836 ΘὲσΟε
1244 781 1356 849 οὖν,
1392 783 1546 853 ὑμεῖς
1598 780 1647 835 οἷ
1710 778 1831 853 ὀλιγ

2053 781 2147 835 ihil
2184 781 2410 838 facilius
2440 786 2528 837 est
2558 783 2650 837 bis
2681 783 2992 850 mandatis,
3040 799 3227 854 neque
3255 781 3505 846 dulcius,
3540 797 3638 836 ne-

245 872 446 945 ψυχοι,
476 868 566 923 καὶ
598 867 823 947 ἐλαφροὶ
853 869 922 943 τῇ
950 869 1147 938 πίστει,
1178 871 1267 924 τὸν
1302 870 1495 945 Κύριον
1529 867 1830 924 ἀδιαλείπτι

2052 888 2115 926 ue
2145 870 2534 935 mansuetius,
2568 887 2755 943 neque
2780 871 3041 926 sanctius
3065 889 3077 926 :
3112 875 3168 926 et
3196 870 3506 925 convertite
3535 885 3637 925 vos

246 957 325 1019 εἷς
356 959 451 1020 τὰς
481 955 701 1031 καρδίας
753 958 923 1031 ὑμῶν,
967 958 1056 1012 καὶ
1102 959 1363 1034 γνώσεσθε
1410 957 1491 1013 ὅτι
1554 954 1705 1011 οὐδέν
1754 956 1831 1010 ἐστ

2053 960 2071 1012 l
2106 960 2413 1015 Dominum
2441 961 2641 1027 Deum,
2667 964 2723 1014 et
2743 959 3050 1030 relinquite
3081 958 3380 1014 diabolum
3406 962 3461 1012 et
3481 955 3638 1012 volu-

244 1045 613 1123 εὐκολώτερον
664 1051 767 1101 τῶν
821 1045 1052 1101 ἐντολῶν
1110 1047 1340 1114 τούτων,
1374 1044 1495 1101 οὕτε
1538 1044 1829 1121 γλυκύ-περς

2050 1051 2189 1103 tates
2220 1048 2331 1118 (34)
2362 1050 2488 1119 ejus
2514 1067 2526 1116 ;
2551 1047 2685 1119 quia
2716 1047 2880 1102 malae
2907 1052 3062 1115 sunt,
3095 1052 3151 1103 et
3177 1064 3407 1111 amares,
3440 1051 3495 1101 et
3523 1044 3635 1100 im-

243 1132 369 1191 οὕτε
396 1137 864 1211 ἡμερώτερον.....
1032 1134 1204 1191 Βλέπε
1236 1140 1486 1211 στερεῶς,
1518 1133 1607 1188 καὶ
1650 1133 1699 1203 ἐξ
1752 1133 1828 1187 ὅλ·

2049 1136 2251 1190 ιυῐιάω.
2288 1135 2351 1190 Et
2405 1136 2580 1191 nolite
2611 1136 2815 1192 timere
2862 1136 3181 1204 diabolum,
3224 1134 3361 1206 quia
3388 1134 3447 1189 in
3470 1134 3634 1190 vobis

240 1232 344 1295 τῆς
375 1222 595 1298 καρδίας
630 1224 909 1303 ἐπίστρεφε
949 1225 1085 1301 πρὸς
1138 1225 1352 1300 Κύριον,
1378 1224 1465 1279 καὶ
1519 1226 1593 1297 μὴ
1636 1218 1825 1300 φοϐηοτ

2048 1229 2343 1279 otestatem
2375 1241 2488 1280 non
2538 1224 2731 1280 habet.
2788 1225 2902 1296 Ego
2951 1224 3103 1279 enim
3159 1224 3460 1279 vobiscum
3501 1239 3633 1279 sum

240 1313 332 1368 τὸν
379 1308 657 1369 διάϐολον·
702 1312 928 1387 δύναμις
978 1314 1080 1391 γὰρ
1127 1314 1177 1369 ἐν
1225 1314 1369 1387 αὐτῷ
1417 1313 1514 1367 οὐκ
1563 1310 1701 1367 ἔστιν
1752 1333 1825 1365 κα·

2048 1314 2237 1368 nntius
2270 1314 2637 1385 pcsnitentiaa,
2688 1314 2787 1385 qui
2819 1313 3087 1369 dominor
3135 1312 3313 1368 illius.
3358 1311 3633 1368 Diabolus

238 1406 345 1457 τῶν
396 1400 606 1457 δούλων
654 1407 752 1457 τοῦ
802 1408 953 1459 Θεοῦ’
989 1404 1017 1457 6
1063 1402 1191 1465 Θεὸς
1237 1403 1339 1479 γάρ
1390 1402 1530 1457 ἐστιν
1570 1403 1597 1457 6
1628 1399 1823 1477 παρέχι

2045 1406 2189 1458 ηοω
2220 1402 2489 1457 timorem
2522 1402 2695 1469 facit;
2746 1402 2846 1457 sed
2887 1402 3063 1456 timor
3106 1400 3265 1457 illius
3306 1418 3491 1459 vanus
3520 1404 3630 1457 est.

235 1492 335 1561 τήν
364 1490 540 1563 νίκην.
572 1493 629 1546 Ὀ
660 1487 918 1554 διάϐολος
969 1491 1131 1566 μόνον
1177 1488 1341 1571 φόϐον
1395 1488 1531 1567 ἔχει’
1566 1492 1593 1545 ὁ
1627 1490 1684 1545 δὲ
1714 1485 1817 1568 φόϐ

1743 1485 1881 1553 ιόϐος
1991 1492 2181 1547 Nolite
2211 1507 2346 1563 ergo
2376 1491 2581 1547 timere
2610 1507 2765 1562 eum,
2798 1494 2855 1547 et
2879 1490 3062 1564 fugiet
3092 1507 3126 1546 a
3147 1489 3328 1546 vobis.

235 1580 401 1636 αὐτοῦ
451 1580 641 1644 τόνους
693 1580 792 1637 οὐκ
836 1578 972 1658 ἔχει.
1008 1584 1095 1652 Μὴ
1146 1576 1391 1657 φοϐηθῇς
1437 1578 1527 1636 οὖν
1579 1579 1757 1653 αὐτὸν,
1790 1579 1879 1634 καὶ

234 1668 479 1748 φεύξεται
509 1669 617 1727 ἀπὸ
647 1674 762 1727 σοῦ.

1763 1794 1997 1850 CAPUT
2032 1797 2100 1849 ν.

304 1894 377 1950 Et
404 1893 521 1950 dixi
550 1893 675 1950 illi:
708 1894 973 1965 Domine,
1006 1894 1141 1950 audi
1176 1911 1268 1950 me
1296 1911 1484 1967 pauca
1511 1894 1685 1949 verba
1734 1893 2020 1948 dicentem
2050 1894 2163 1965 (36)
2193 1893 2319 1948 tibi.
2353 1893 2477 1963 Dic,
2528 1891 2737 1964 inquit.
2776 1892 2981 1958 Homo,
3030 1891 3273 1963 inquam
3302 1892 3461 1963 cupit
3490 1893 3628 1964 qui-

231 1982 365 2039 dem
399 1983 678 2039 mandata
705 1983 809 2039 Dei
839 1984 1169 2051 custodire;
1201 1988 1256 2039 et
1286 2000 1457 2039 nemo
1487 1988 1576 2040 est
1604 1982 1705 2055 qui
1732 1999 1845 2038 non
1878 1986 2039 2053 petat
2065 1999 2098 2037 a
2131 1982 2392 2053 Domino,
2436 1987 2499 2038 ut
2527 1982 2712 2053 possit
2742 1982 3018 2037 mandata
3058 1981 3185 2052 ejus
3234 1997 3480 2037 servare.
3509 1981 3619 2037 Sed

230 2070 503 2127 diabolus
534 2072 719 2127 durus
747 2075 872 2139 est;
903 2076 963 2127 et
993 2071 1247 2143 potentia
1277 2088 1385 2126 sua
1415 2071 1751 2126 dominatur
1780 2071 1839 2125 in
1869 2070 1965 2126 Dei
1996 2087 2213 2127 servos.

301 2160 416 2231 (37)
442 2157 519 2216 Οὐ
550 2155 769 2213 δύναται
807 2159 908 2235 γὰρ
964 2156 1435 2213 καταδυναστεύειν
1493 2161 1598 2212 τῶν
1661 2155 1870 2211 δούλων

2054 2160 2121 2214 Et
2151 2159 2294 2214 dixit
2320 2176 2332 2214 :
2368 2158 2491 2216 Non
2522 2163 2716 2230 potest
2743 2157 3030 2213 dominari
3052 2158 3111 2214 in
3144 2158 3244 2214 Dei
3270 2174 3486 2225 servos,
3520 2158 3621 2229 qui

223 2250 325 2302 τοῦ
357 2251 510 2317 Θεοῦ,
540 2251 649 2301 τῶν
683 2247 734 2317 ἐξ
767 2245 905 2316 ὅλης
936 2244 1156 2323 καρδίας
1190 2245 1518 2315 ἐλπιζόντων
1579 2245 1659 2300 ἐπ’
1689 2244 1808 2301 αὖτέ

2041 2265 2055 2302 ι
2082 2248 2221 2303 totis
2252 2248 2586 2320 praecordiis
2617 2248 2674 2302 in
2718 2247 3033 2303 Dominum
3082 2248 3327 2303 credunt
3355 2247 3487 2319 (38).
3520 2247 3626 2302 Po-

227 2336 456 2391 Δύναται
489 2334 579 2390 οὖν
613 2336 641 2390 6
674 2331 934 2397 διάϐολος
970 2335 1253 2408 παλαῖσαι,
1285 2333 1683 2391 καταπαλαῖσαι
1725 2333 1779 2389 δὲ
1811 2369 1812 2374 η

2031 2340 2098 2392 εει
2119 2340 2312 2392 autem
2337 2336 2605 2393 diabolus
2627 2337 2834 2392 luctari
2861 2362 2875 2404 ;
2906 2336 3005 2392 sed
3030 2336 3254 2391 vincere
3274 2352 3388 2391 non
3408 2338 3616 2407 potest.

222 2422 467 2481 δύναται.
498 2424 619 2480 Ἐὰν
672 2423 764 2480 οὖν
815 2426 1066 2499 ἀντιστῇς
1120 2424 1301 2494 αὐτὸν,
1331 2425 1570 2496 νικηθεὶς
1628 2424 1807 2502 φεύξετ

2030 2426 2228 2481 ienim
2260 2425 2534 2481 resistitis
2584 2425 2687 2493 illi,
2740 2425 2921 2498 fugiet
2949 2442 2984 2480 a
3030 2424 3192 2481 vobis
3240 2425 3518 2480 confusus
3547 2424 3615 2479 99.

222 2514 332 2569 ἀπὸ
364 2517 460 2569 σοῦ
488 2533 733 2589 κατῃσχυ
742 2514 880 2587 μμὲν
889 2534 968 2576 ος.

2034 2531 2128 2570 am
2142 2515 2475 2587 quicunque
2488 2514 2601 2570 fide
2616 2514 2769 2587 pleni
2783 2531 2896 2570 non
2911 2518 3070 2583 sunt,
3083 2511 3617 2582 timentdiabolum,

218 2604 392 2679 quasi
422 2608 768 2678 potestatem
800 2604 1130 2660 habentem.
1166 2604 1445 2661 Diabolus
1475 2604 1629 2660 enim
1678 2607 1863 2660 tentat
1893 2621 2091 2661 servos
2142 2604 2259 2671 Dei,
2292 2608 2372 2674 et,
2404 2604 2453 2659 si
2502 2603 2786 2659 invenerit
2825 2619 3059 2670 vacuos,
3093 2601 3461 2658 exterminat.
3496 2601 3623 2657 Sic-

216 2697 289 2749 ut
308 2693 420 2766 (39)
446 2692 600 2749 enim
622 2693 818 2761 homo,
843 2709 977 2748 cum
1006 2691 1268 2764 implevit
1291 2693 1601 2765 amphoras
1627 2694 1776 2749 bono
1798 2693 1952 2761 vino,
1985 2696 2044 2749 et
2066 2693 2217 2748 inter
2236 2692 2365 2747 illas
2390 2692 2703 2764 amphoras
2725 2709 2939 2764 paucas
2957 2691 3310 2763 semiplenas
3329 2691 3543 2764 posuit,
3562 2694 3620 2747 et

215 2782 379 2839 venit
408 2786 475 2838 ut
503 2786 687 2838 tentet
713 2786 770 2838 et
794 2785 991 2855 gustet
1009 2781 1322 2853 amphoras
1350 2800 1364 2850 ;
1396 2798 1511 2838 non
1541 2786 1727 2837 tentat
1746 2782 1948 2853 plenas
1972 2800 1985 2851 ;
2020 2782 2132 2836 scit
2154 2781 2308 2837 enim
2340 2782 2487 2851 quod
2523 2782 2688 2837 bonae
2709 2786 2849 2836 sunt
2871 2799 2884 2849 ;
2904 2780 3256 2852 semiplenas
3286 2783 3480 2835 autem
3505 2796 3614 2852 gu-

217 2875 356 2943 stat,
388 2887 460 2927 ne
488 2870 607 2927 sint
637 2871 813 2927 acida
843 2871 1005 2926 facta:
1040 2888 1052 2926 :
1086 2871 1198 2926 cito
1227 2873 1382 2926 enim
1414 2870 1747 2943 semiplenae
1778 2870 2061 2942 amphora
2089 2875 2385 2935 acescunt,
2419 2875 2475 2926 et
2504 2870 2757 2941 perdunt
2809 2886 3076 2941 saporem
3105 2869 3243 2926 vini.
3276 2870 3369 2925 Sic
3400 2873 3457 2924 et
3485 2869 3613 2924 dia-

216 2959 388 3016 bolus
411 2959 569 3015 venit
599 2960 669 3015 ad
703 2959 969 3015 homines
1001 2976 1195 3015 servos
1226 2959 1348 3027 Dei,
1372 2964 1437 3015 ut
1466 2963 1649 3015 tentet
1674 2959 1825 3015 illos.
1861 2959 2205 3031 Quicunque
2225 2966 2420 3015 autem
2453 2960 2606 3032 pleni
2638 2964 2778 3016 sunt
2797 2960 2929 3027 fide,
2963 2958 3244 3015 resistunt
3272 2959 3323 3015 ei
3355 2959 3614 3028 fortiter);

216 3052 279 3105 et
308 3047 404 3104 ille
432 3047 646 3104 recedit
672 3048 744 3104 ab
792 3048 899 3116 eis,
958 3048 1096 3119 quia
1126 3064 1240 3102 non
1275 3046 1449 3103 habet
1503 3047 1696 3103 locum
1729 3048 2007 3104 intrandi.
2068 3049 2229 3103 Tunc
2257 3048 2415 3103 vadit
2468 3050 2539 3103 ad
2570 3047 2702 3105 illos
2758 3049 2857 3120 qui
2890 3065 3004 3104 non
3039 3052 3178 3103 sunt
3206 3048 3318 3104 fide
3348 3047 3527 3121 pleni,
3560 3053 3619 3105 et

216 3136 501 3209 quoniam
532 3137 708 3193 habet
735 3136 949 3206 locum,
981 3138 1118 3192 inde
1146 3136 1325 3192 intrat
1355 3136 1413 3191 in
1446 3136 1617 3206 illos;
1650 3142 1710 3193 et
1740 3154 2101 3210 quascunque
2130 3137 2274 3207 vult,
2307 3138 2445 3193 facit
2473 3137 2613 3206 illis,
2645 3142 2701 3194 et
2729 3139 2879 3194 ﬁunt
2911 3138 3115 3194 famuli
3142 3138 3292 3209 ejus.

1736 3264 1966 3319 CAPUT
2003 3263 2099 3319 VI.

284 3360 396 3416 Sed
424 3359 587 3417 vobis
617 3359 745 3416 dico
802 3375 908 3432 ego
939 3359 1184 3415 nuntius
1214 3359 1566 3431 poenitentia)
1596 3376 1610 3417 :
1665 3361 1746 3417 Ne
1778 3360 2037 3418 timeatis
2069 3360 2390 3417 diabolum.
2418 3362 2632 3417 Missus
2657 3360 2812 3417 enim
2843 3378 2998 3428 sum,
3030 3364 3095 3416 ut
3144 3360 3445 3417 vobiscum
3474 3360 3611 3433 sim,

212 3448 551 3523 quicunque
582 3465 650 3505 ex
678 3448 816 3505 totis
873 3449 1207 3521 praecordiis
1263 3448 1497 3521 egeritis
1548 3450 1971 3521 pcenitentiam,
2005 3454 2070 3505 ut
2125 3452 2462 3507 conﬁrmem
2494 3467 2595 3507 vos
2644 3450 2703 3505 in
2734 3451 2866 3506 fide.
2924 3450 3150 3506 Credite
3178 3466 3315 3523 ergo
3346 3449 3479 3523 (40),
3513 3449 3615 3521 qui

208 3542 449 3613 propter
478 3536 691 3594 delicta
713 3542 907 3594 vestra
936 3536 1103 3594 obliti
1130 3537 1271 3594 estis
1301 3538 1507 3606 Deum,
1540 3542 1595 3593 et
1617 3538 1716 3609 qui
1748 3538 1998 3594 salutem
2028 3542 2280 3595 vestram
2309 3538 2645 3610 objicientes
2675 3539 2788 3611 (41)
2821 3538 3071 3611 peccatis
3101 3538 3327 3607 vestris,
3355 3538 3610 3611 gravatis

208 3628 392 3685 vitam
421 3630 697 3693 vestram,
729 3627 880 3699 quod
914 3626 963 3682 si
994 3626 1254 3683 conversi
1286 3626 1511 3682 fueritis
1539 3627 1611 3682 ad
1642 3627 1957 3683 Dominum
1990 3643 2058 3683 ex
2088 3627 2225 3683 totis
2256 3628 2592 3699 praecordiis
2621 3629 2848 3695 vestris,
2890 3632 2948 3682 et
2976 3627 3291 3683 servieritis
3320 3627 3371 3683 ei
3403 3644 3611 3683 secun-

208 3716 353 3772 dum
384 3713 745 3771 voluntatem
774 3714 982 3786 ipsius,
1016 3714 1177 3770 dabit
1207 3715 1532 3770 remedium
1582 3715 1892 3771 animabus
1942 3716 2151 3772 vestris
2181 3716 2317 3788 (42),
2347 3716 2698 3788 posthabitis
2748 3717 2999 3790 peccatis
3038 3717 3247 3773 vestris
3277 3716 3568 3789 prioribus
3594 3733 3609 3785 ;

206 3813 268 3863 et
296 3804 586 3861 habebitis
617 3808 964 3877 potestatem
996 3804 1336 3860 dominandi
1369 3805 1645 3860 omnibus
1676 3805 1950 3877 operibus
1982 3806 2084 3878 (43)
2118 3806 2354 3862 diaboli.

284 3893 515 3967 (44)Μή
574 3889 633 3946 δὲ
682 3893 782 3961 τὴν
842 3889 1073 3960 ἀπειλὴν
1129 3890 1291 3947 αὐτοῦ
1340 3889 1634 3966 δειλιάσῃς·
1668 3893 1856 3955 ἄτονος

2038 3894 2224 3951 Minas
2256 3899 2450 3951 autem
2480 3894 2639 3951 illius
2670 3896 2729 3951 in
2760 3899 2947 3951 totum
2999 3895 3204 3951 timere
3236 3894 3411 3951 nolite
3437 3910 3449 3951 :
3482 3894 3608 3951 sine

206 3983 316 4059 γὰρ
366 3980 440 4045 ὡς
487 3984 677 4055 νεκροῦ
722 3984 902 4057 νεῦρα.
1042 3979 1265 4037 Μᾶλλον
1300 3975 1574 4058 φοϐήθητι
1622 3980 1712 4036 τὸν
1758 3985 1791 4038 Κ

2027 3988 2180 4039 rtute
2209 3984 2365 4040 enim
2398 3989 2556 4054 sunt,
2582 3984 2734 4041 sicut
2764 3984 3018 4041 hominis
3040 3985 3253 4041 mortui
3285 3984 3466 4041 nervi.
3488 3988 3604 4039 Au-

209 4091 329 4147 ριον
360 4069 453 4125 τὸν
483 4066 775 4142 δυνάμενον
805 4072 971 4123 σῶσαι
1004 4070 1091 4123 καὶ
1124 4068 1406 4126 ἀπολέσαι.

2019 4074 2085 4129 ite
2113 4089 2249 4145 ergo
2278 4089 2407 4141 me;
2440 4079 2498 4128 et
2540 4074 2739 4129 timete
2786 4074 3098 4129 Dominum
3150 4073 3604 4146 omnipotentem

203 4161 310 4235 qui
341 4164 530 4234 potest
555 4177 658 4217 vos
688 4160 879 4216 salvos
911 4161 1097 4216 facere
1145 4162 1257 4233 (45)
1289 4166 1345 4216 et
1375 4162 1614 4231 perdere
1642 4162 1688 4197 ⁸³
1714 4180 1727 4230 ;
1761 4166 1818 4218 et
1874 4163 2159 4219 custodite
2192 4164 2467 4219 mandata
2503 4164 2651 4235 ejus,
2685 4167 2751 4218 ut
2805 4164 3009 4219 vivatis
3040 4169 3171 4219 Deo.
3233 4164 3299 4218 Et
3327 4162 3443 4217 dixi
3477 4161 3602 4217 illi:

200 4251 473 4316 Domine,
506 4250 680 4306 modo
712 4250 1095 4306 confirmatus
1129 4267 1258 4305 sum
1291 4251 1355 4305 in‘
1404 4251 1675 4307 omnibus
1709 4252 2001 4307 mandatis
2048 4252 2300 4318 Domini,
2335 4253 2598 4324 quandiu
2652 4269 2879 4308 mecum
2912 4269 3013 4322 es;
3044 4257 3101 4309 et
3129 4253 3247 4309 scio
3278 4253 3433 4325 quod
3465 4268 3606 4307 con-

197 4339 422 4411 fringes
452 4355 685 4394 omnem
716 4338 987 4393 virtutem
1013 4339 1224 4394 diaboli
1250 4340 1381 4412 (46).
1407 4340 1514 4395 Sed
1548 4345 1603 4395 et
1630 4357 1735 4396 nos
1757 4341 2241 4412 exsuperabimus
2262 4341 2452 4409 illum,
2477 4340 2527 4396 si
2550 4358 2867 4413 possumus
2896 4342 3008 4414 (47)
3033 4343 3306 4398 mandata
3334 4342 3455 4397 haec
3477 4357 3605 4411 qum

194 4428 550 4501 pracepisti,
581 4426 826 4483 Domino
858 4427 1261 4495 confirmante,
1294 4428 1605 4483 custodire.
1667 4428 1993 4495 Custodies,
2025 4428 2237 4502 inquit,
2299 4430 2349 4487 si
2378 4447 2476 4486 cor
2504 4434 2675 4486 tuum
2736 4430 3132 4501 purificaveris
3165 4432 3233 4486 ad
3266 4431 3604 4487 Dominum.

196 4518 316 4576 Sed
345 4522 404 4574 et
432 4533 635 4573 omnes
664 4516 1019 4584 custodient,
1049 4516 1151 4588 qui
1181 4516 1614 4589 puriﬁcaverint
1643 4518 1818 4572 corda
1846 4534 1953 4573 sua
1983 4535 2018 4574 a
2043 4518 2209 4574 vanis
2241 4518 2663 4591 cupiditatibus
2693 4518 2873 4589 hujus
2902 4519 3118 4589 saaculi,
3161 4524 3218 4577 et
3244 4520 3436 4577 vivent
3464 4522 3603 4578 Deo.

344 4632 390 4670 ⁸³
417 4632 540 4691 Jac.
576 4648 655 4701 Iv,
683 4633 739 4687 7.
815 4631 861 4667 ⁸³
890 4631 1091 4687 Matth.
1125 4648 1180 4700 x,
1212 4632 1320 4700 28;
1354 4632 1490 4687 Luc.
1519 4649 1621 4700 x11,
1651 4633 1706 4687 5.

1369 4747 1612 4804 VARIIE
1650 4748 2028 4806 LECTIONES
2066 4750 2154 4805 ET
2190 4750 2422 4807 NOTIE.

272 4847 387 4920 (33)
417 4844 517 4921 Al.
538 4849 793 4921 vestrum
823 4849 874 4921 et
929 4846 993 4900 in
1021 4844 1177 4901 corde
1232 4844 1446 4901 habere.
1509 4846 1647 4902 Felii
1698 4847 1836 4903 edit.
2020 4848 2134 4921 (40)
2166 4848 2284 4903 Ista
2314 4847 2624 4921 exscripsit
2651 4848 2970 4905 Antiochus
3004 4850 3207 4905 homil.
3238 4853 3326 4907 77.

198 4917 382 5001 0x213.
414 4925 467 5001 et
495 4917 746 5001 in‘gorde
774 4917 1008 5001 habete._
1059 4996 1067 5001 _
1206 4988 1264 5001 Η·
1488 4988 1510 5001 ν
1631 4989 1643 5001 ¹
1954 4917 2347 5001 -__(41_).Mss._
2385 4917 2663 5001 Angl.‘et
2718 4920 2951 5001 salutem
3007 4931 3243 5001 vestram
3297 4924 3589 5001 adﬁcietis.

273 4991 385 5063 (34)
413 4993 519 5063 Ms.
552 4988 769 5045 Victor.
818 4989 1145 5045 voluntates.
1206 4988 1274 5043 Et
1304 5005 1436 5044 mox
1487 4988 1687 5044 Lamb.
1720 5004 1844 5061 quae
1954 4988 2234 5046 wackius
2257 4994 2449 5046 autem
2474 4988 2557 5046 ita
2577 4990 2734 5046 hunc
2756 4991 2949 5047 locum
2972 4994 3262 5049 restituit:
3286 4988 3592 5054 Obtitz'estis

196 5062 486 5140 pro_gtt§t_1.
535 5136 544 5140 _
896 5131 911 5140 _
1009 5135 1018 5140 Δ
1048 5130 1082 5140 ._
1258 5130 1270 5140 _
1587 5134 1642 5140 Α,
1951 5063 2120 5140 Deum
2141 5066 2191 5117 et
2212 5063 2446 5140 salutem
2476 5071 2710 5140 vestram
2730 5080 2749 5123 ;
2779 5072 2829 5118 et
2877 5066 2972 5135 qui
3016 5065 3332 5138 adjz‘cz’entes
3356 5074 3591 5140 peccatu

270 5079 304 5118 ο
369 5079 486 5117 uta.
1951 5079 2120 5117 ueum
2141 5079 2191 5117 et
2212 5079 2446 5117 salutem
2476 5079 2710 5117 vestram
2730 5080 2749 5123 ;
2779 5079 2829 5118 et
2877 5081 2927 5135 qz

270 5079 386 5206 (3g)
412 5132 702 5187 Hactenus
732 5130 1349 5207 pseudo-Athanasius
1390 5148 1553 5187 num.
1584 5134 1674 5204 21,
1709 5150 1839 5205 pag.
1952 5135 2159 5207 reatris,
2190 5138 2443 5207 grauatis
2473 5136 2642 5207 vitam
2674 5144 2927 5207 vestram.

192 5206 322 5283 2§4.
358 5203 719 5283 Quassatam
778 5208 1108 5283 sequuntur
1158 5203 1389 5283 exhibet
1435 5210 1637 5283 auctor
1661 5203 1839 5261 nam.
1968 5206 2133 5283 Δ’(42)
2170 5203 2473 5283 ιῑαἘεΙΙιιε
2504 5206 2559 5259 in
2594 5222 2702 5283 sua
2731 5206 2867 5261 edit.
2920 5207 3098 5263 Oxon.
3132 5224 3200 5263 ex
3244 5227 3386 5267 mss.
3419 5210 3585 5283 Angl.

197 5278 287 5346 12,
320 5275 610 5348 ρθεη258,
639 5273 1012 5348 aliquantum
1045 5274 1291 5348 diversa,
1328 5279 1391 5328 ut
1420 5276 1653 5331 assolet.
1951 5277 2039 5331 Al.
2072 5278 2373 5331 remedium
2399 5279 2652 5346 peccatis.

268 5344 508 5418 (3B)‘Sic
540 5344 703 5419 Bodl.
738 5344 929 5419 Fellus
960 5350 1174 5419 autem,
1210 5347 1535 5419 loquentem.
1920 5393 1924 5399 .
2022 5349 2134 5418 (43)
2167 5353 2301 5403 Mss.
2336 5344 2529 5419 Angl.,
2563 5350 2809 5402 omnium
2840 5365 3082 5419 operum.

290 5416 384 5493 37)
412 5418 494 5493 Ex
523 5416 1101 5493 pseudofAtbanasio
1130 5416 1292 5471 num.
1336 5418 1579 5493 l2,_p_ag.
1607 5420 1732 5473 258.
2024 5419 2135 5491 (44)
2168 5425 2296 5474 Haec
2328 5416 2929 5493 pseudO-Athanasius
2976 5438 3139 5477 num.
3187 5424 3271 5493 12,
3316 5425 3426 5479 sub
3459 5426 3588 5485 init.

290 5492 382 5562 38)
411 5489 701 5563 Ms._Vict.
737 5490 795 5542 in
821 5489 1017 5563 _Deum
1057 5498 1298 5560 sperant.
1351 5489 1594 5545 Exhibet
1623 5496 1841 5561 sperant
1952 5489 2083 5562 pag.
2116 5494 2241 5561 258,
2275 5489 2521 5563 quorum
2556 5491 2792 5562 quidem
2840 5491 3030 5563 priora
3069 5494 3141 5549 ab
3190 5489 3317 5550 aliis
3347 5498 3587 5557 omissa.

197 5558 381 5619 etiam
412 5558 569 5616 Bodl.
606 5561 690 5632 ita
719 5563 778 5614 et
812 5559 1025 5632 Graeca.
1084 5558 1097 5560 “
1649 5558 1659 5561 ’
1952 5558 1971 5562 ⁷
2021 5558 2134 5631 (45)
2170 5558 2325 5617 Bodl.
2358 5566 2523 5632 potest
2551 5558 2763 5618 salvum
2790 5558 2986 5632 facere.

271 5633 387 5706 (39)
415 5636 586 5706 Hunc
606 5630 798 5706 locum
820 5630 1020 5706 laudat
1048 5632 1345 5703 Origenes,
1370 5636 1535 5687 tract.
1560 5634 1647 5699 31,
1675 5634 1839 5688 Com-
2023 5630 2134 5706 (46)
2168 5630 2370 5689 Lamb.
2400 5636 2635 5706 inimici.

195 5703 378 5763 ment.
402 5704 465 5759 in
488 5703 674 5760 Matth.
708 5718 859 5773 xxxv,
890 5703 976 5757 42.
2022 5703 2136 5779 (47)
2164 5711 2300 5763 Mss.
2328 5705 2499 5778 Angl.
2520 5710 2570 5761 et
2594 5721 2898 5778 possumus.
