4014 6226
398 342 512 404 955
1883 347 1945 407 S.
1992 347 2290 409 HERMIE
3636 352 3737 414 956

399 491 494 530 mo
525 475 776 547 disputo,
812 476 1064 545 domine,
1098 473 1377 549 quoniam
1408 481 1631 537 fructus
1663 481 1896 537 illarum
1926 480 2115 535 decori
2155 481 2387 535 sunt.Et
2417 480 2560 537 dixit
2591 481 2773 537 mihi:
2809 480 2908 537 Hm
2938 481 3065 536 duae
3093 479 3329 537 arbores
3350 479 3408 536 in
3436 483 3737 555 exemplum

396 563 598 636 positae
633 569 772 618 sunt
801 565 981 620 servis
1010 566 1131 622 Dei.
1156 569 1224 622 Et
1246 569 1363 623 dixi
1387 569 1469 624 illi
1499 587 1509 626 :
1535 570 1754 625 Vellem
1778 571 1946 640 scire,
1970 571 2223 638 domine,
2250 571 2457 625 harum
2486 571 2759 626 arborum
2787 569 3118 642 exemplum
3147 571 3300 641 quod
3322 569 3478 626 dicis.
3501 572 3740 638 Audi,in-

398 653 558 724 quit:
594 653 769 708 Vides
801 653 946 709 hanc
978 656 1151 710 vitem
1185 661 1241 712 et
1272 658 1421 713 hanc
1454 659 1720 716 ulmum:
1754 660 1956 722 Video,
1991 649 2252 730 inquam,
2286 660 2540 714 domine.
2577 660 2705 715 Haec
2736 661 2846 732 (67)
2877 660 3034 730 vitis,
3067 659 3278 730 inquit,
3312 660 3588 716 fructifera
3631 667 3732 720 est:

398 740 594 797 ulmus
617 747 834 811 autem,
858 743 1082 816 lignum
1110 747 1234 800 sine
1259 748 1445 802 fructu
1465 754 1580 816 est;
1604 751 1703 804 sed
1725 749 1859 802 vitis
1880 749 2020 815 haec,
2046 748 2155 802 nisi
2181 747 2451 819 applicita
2475 749 2649 804 fuerit
2669 749 2827 803 ulmo
2853 754 2908 804 et
2925 765 3102 820 super
3118 748 3279 804 illam
3302 749 3740 823 requieverit(68),

396 845 511 884 non
537 834 730 901 potest
762 832 1014 887 multum
1049 835 1298 888 fructum
1327 836 1528 892 facere.
1564 839 1773 892 Jacens
1805 838 1960 891 enim
1994 838 2049 890 in
2091 842 2264 904 terra,
2317 837 2502 892 malos
2535 840 2758 893 fructus
2814 839 2935 902 dat,
2996 838 3135 908 quia
3183 854 3296 892 non
3356 839 3553 909 pendet
3595 856 3743 912 super

397 919 659 976 ulmum:
694 925 751 975 et
781 938 883 992 pro
915 939 975 976 se
1007 927 1061 976 et
1092 941 1192 994 pro
1228 923 1384 979 ulmo
1420 927 1672 980 fructum
1698 928 1812 980 dat.
1844 927 1987 980 Vide
2016 942 2172 996 ergo,
2208 927 2361 997 quod
2388 927 2497 997 (69)
2523 927 2718 981 ulmus
2745 926 2995 981 fructum
3020 927 3120 980 dat
3140 943 3253 981 non
3273 925 3569 993 minorem,
3592 945 3739 998 quam

395 1009 553 1075 vitis,
587 1011 686 1065 sed
719 1012 913 1083 potius
945 1013 1249 1083 majorem.
1283 1017 1602 1082 Quomodo,
1638 1017 1900 1087 inquam,
1934 1015 2188 1080 domine,
2233 1018 2510 1086 majorem
2543 1033 2720 1087 quam
2752 1015 2925 1070 vitis?
2957 1016 3273 1086 Suspensa,
3311 1014 3518 1086 inquit,
3563 1016 3626 1070 ad
3674 1017 3744 1072 ul-

397 1115 559 1153 mum
591 1100 723 1170 (70),
758 1100 1012 1156 fructum
1045 1102 1293 1157 multum
1329 1109 1385 1159 et.
1416 1105 1634 1159 bonum
1657 1107 1753 1159 dat
1780 1107 2013 1175 ;jacens
2036 1109 2228 1159 autem
2254 1105 2499 1172 interra,
2524 1105 2798 1176 exiguum
2823 1110 2880 1159 et
2915 1103 3237 1174 pessimum
3263 1104 3510 1159 fructum
3531 1105 3621 1159 dat
3637 1105 3743 1175 (71).

397 1186 528 1241 Haec
560 1187 737 1258 igitur
770 1188 1092 1244 similitudo
1125 1192 1310 1261 posita
1333 1198 1421 1247 est
1455 1193 1634 1248 servis
1666 1194 1785 1258 Dei,
1811 1192 2049 1264 pauperi
2071 1198 2126 1247 et
2150 1192 2309 1246 diviti
2335 1193 2466 1263 (72).
2493 1191 2808 1264 Respondi,
2834 1192 3134 1263 inquiens:
3165 1191 3430 1256 Domine,
3453 1192 3748 1249 demonstra

398 1275 566 1330 mihi.
599 1277 769 1346 Audi,
793 1277 1020 1349 inquit:
1055 1279 1222 1335 Dives
1251 1280 1426 1336 habet
1458 1299 1611 1352 opes,
1647 1300 1679 1337 a
1708 1283 1951 1337 Domino
1982 1298 2114 1336 vero
2149 1298 2366 1352 pauper
2396 1286 2520 1336 est:
2555 1281 2901 1337 distrahitur
2931 1281 3089 1336 enim
3109 1279 3262 1335 circa
3291 1281 3521 1336 divitias
3538 1298 3678 1348 suas,
3698 1287 3744 1338 et

395 1363 561 1420 valde
591 1365 858 1436 exiguam
891 1366 1065 1422 habet
1096 1370 1413 1425 orationem
1447 1372 1515 1426 ad
1551 1371 1886 1437 Dominum;
1921 1373 1978 1426 et
2006 1387 2183 1441 quam
2214 1370 2409 1438 habet,
2448 1371 2692 1425 inertem
2716 1370 2910 1435 habet,
2935 1374 2992 1424 et
3013 1385 3127 1424 non
3152 1368 3463 1423 habentem
3485 1369 3748 1426 virtutem.

397 1454 540 1509 Cum
572 1453 751 1525 igitur
781 1457 940 1511 dives
997 1462 1232 1527 praestat
1261 1459 1522 1530 pauperi,
1556 1477 1680 1531 quae
1711 1459 1794 1513 illi
1820 1460 1931 1530 (73)
1955 1476 2100 1530 opus
2131 1463 2288 1526 sunt,
2322 1475 2542 1530 pauper
2573 1463 2699 1515 orat
2727 1459 2798 1514 ad
2831 1458 3143 1514 Dominum
3175 1474 3278 1529 pro
3308 1456 3502 1524 divite,
3535 1462 3588 1513 et
3625 1458 3750 1515 Deus

397 1547 635 1614 praestat
660 1544 820 1599 diviti
860 1545 1055 1600 omnia
1084 1547 1272 1615 bona;
1307 1549 1443 1619 quia
1475 1565 1693 1621 pauper
1723 1551 1880 1604 dives
1911 1553 2001 1604 est
2030 1549 2088 1602 in
2112 1549 2392 1614 oratione,
2422 1553 2479 1604 et
2495 1547 2767 1603 virtutem
2788 1564 3062 1620 magnam
3086 1547 3263 1602 habet
3282 1547 3436 1618 apud
3477 1546 3753 1604 Dominum

399 1632 580 1687 oratio
611 1633 756 1703 ejus.
789 1634 950 1689 Tunc
981 1651 1116 1706 ergo
1147 1636 1307 1692 dives
1338 1643 1573 1709 prastat
1604 1639 1801 1694 omnia
1831 1638 2094 1710 pauperi,
2128 1637 2264 1709 quia
2297 1637 2475 1693 sentit
2506 1637 2672 1692 illum
2696 1637 2959 1693 exaudiri
2985 1653 3019 1692 a
3047 1636 3405 1702 Domino;et
3432 1634 3686 1691 libentius
3703 1652 3753 1691 ac

396 1719 524 1776 sine
554 1721 912 1779 dubitatione
944 1729 1180 1795 prastat
1211 1726 1262 1781 ei
1293 1727 1507 1795 omnia,
1540 1733 1596 1782 et
1626 1733 1792 1783 curat
1822 1744 1890 1783 ne
1921 1727 2060 1798 quid
2087 1727 2138 1782 ei
2167 1727 2337 1782 desit.
2371 1727 2596 1798 Pauper
2626 1731 2737 1782 Deo
2760 1727 2979 1799 gratias
3001 1725 3120 1796 agit
3144 1741 3248 1797 pro
3269 1724 3464 1791 divite,
3485 1723 3614 1796 quia
3631 1740 3751 1796 opus

397 1808 616 1864 faciunt
645 1827 678 1865 θ.
707 1812 968 1868 Domino.
999 1815 1166 1885 Apud
1198 1814 1464 1872 homines
1495 1832 1628 1887 ergo
1656 1815 1850 1872 ulmus
1883 1833 1995 1870 non
2028 1820 2263 1886 putatur
2292 1816 2430 1870 dare
2459 1815 2716 1870 fructum
2741 1815 2852 1886 (74)
2881 1833 2894 1883 ;
2929 1817 2986 1870 et
3015 1813 3310 1880 nesciunt,
3355 1828 3538 1883 neque
3566 1812 3752 1868 intelli-

394 1902 558 1970 gunt,
605 1901 756 1971 quod
788 1900 837 1955 si
859 1903 1104 1958 societas
1136 1905 1430 1960 advenerit
1459 1906 1571 1974 (75)
1600 1907 1739 1974 viti;
1772 1910 1827 1960 et
1856 1905 1990 1960 vitis
2019 1904 2262 1976 duplum
2295 1905 2396 1959 dat
2426 1904 2681 1959 fructum
2714 1904 2847 1976 (76),
2881 1907 2936 1958 et
2965 1919 3069 1975 pro
3102 1918 3164 1958 se
3193 1906 3250 1957 et
3298 1918 3403 1974 pro
3458 1901 3626 1958 ulmo.
3677 1901 3751 1957 Sic

393 1992 450 2043 et
479 2004 763 2059 pauperes
797 2007 897 2061 pro
927 1990 1314 2064 locupletibus
1345 1994 1457 2066 (77)
1488 1999 1717 2050 orantes
1749 1995 1819 2049 ad
1850 1993 2186 2061 Dominum,
2221 1993 2640 2061 exaudiuntur;
2673 1997 2730 2048 et
2763 1996 3054 2065 augentur
3083 2008 3222 2064 opes
3265 2006 3490 2060 eorum,
3510 1990 3751 2061 quoniam

391 2081 669 2149 praestant
700 2080 1053 2150 pauperibus
1085 2099 1151 2137 ex
1182 2083 1389 2154 opibus
1422 2083 1564 2138 suis.
1600 2084 1748 2138 Sunt
1778 2083 1958 2155 igitur
1988 2083 2157 2137 ambo
2190 2085 2489 2137 consortes
2521 2081 2810 2137 honorum
2843 2096 3089 2152 operum
3123 2095 3392 2134 suorum.
3451 2078 3753 2150 Quicunque

392 2165 572 2237 igitur
601 2167 721 2223 haec
754 2169 968 2240 fecerit,
999 2188 1112 2225 non
1145 2173 1443 2228 deseretur
1472 2190 1504 2227 a
1536 2173 1794 2243 Domino,
1827 2190 1891 2227 ac
1922 2173 2029 2228 erit
2055 2171 2308 2242 seriptus
2339 2170 2397 2224 in
2446 2170 2594 2225 libro
2627 2169 2772 2225 vitae.
2807 2169 3025 2224 Felices
3074 2167 3254 2238 igitur
3312 2166 3418 2238 qui
3471 2167 3755 2238 possident,

393 2258 450 2310 et
479 2255 742 2312 sentiunt
773 2273 833 2313 se
862 2257 1200 2331 locupletari
1235 2279 1248 2329 ;
1285 2261 1386 2333 qui
1418 2262 1526 2317 hoc
1555 2262 1711 2317 enim
1743 2261 2009 2325 senserit,
2038 2259 2249 2332 poterit
2280 2258 2500 2330 aliquid
2535 2258 2964 2314 administrare.

1783 2380 2236 2441 SIMILITUDO
2282 2377 2384 2438 III.

398 2471 478 2536 Ut
543 2472 726 2534 Iu'eme
799 2473 1013 2536 virides
1071 2474 1310 2536 arbores
1377 2475 1452 2537 ab
1539 2477 1745 2550 aridzs,
1833 2478 1915 2537 sic
1988 2476 2051 2536 in
2135 2475 2243 2536 Izoc
2316 2473 2521 2535 saeculo
2592 2473 2757 2553 justi
2832 2473 2908 2534 ab
2984 2473 3221 2554 injustis
3278 2472 3597 2534 internosci
3656 2491 3753 2531 non

1951 2566 2213 2638 possunt.

1794 2673 2032 2728 CAPUT
2071 2671 2365 2728 UNICUM.

462 2759 729 2815 Ostendit
757 2759 899 2815 mihi
930 2761 1166 2817 arbores
1196 2762 1409 2819 multas
1440 2763 1681 2834 abjectis
1712 2761 1887 2827 foliis,
1922 2779 2047 2834 quae
2077 2761 2223 2816 mihi
2250 2762 2411 2816 velut
2441 2758 2613 2814 aridae
2644 2758 2998 2814 videbantur
3024 2777 3039 2827 ;
3083 2765 3300 2814 'omnes
3358 2757 3516 2814 enim
3563 2754 3754 2813 similes

389 2851 572 2903 erant.
605 2848 677 2903 Et
708 2848 852 2903 dixit
881 2849 1063 2903 mihi:
1097 2849 1272 2906 Vides
1303 2852 1536 2907 arbores
1576 2851 1722 2907 has?
1751 2851 1952 2915 Video,
1986 2851 2246 2922 inquam,
2279 2847 2534 2918 domine,
2564 2846 2788 2902 similes
2810 2846 3011 2902 aridis.
3041 2847 3424 2919 Respondeas
3442 2846 3583 2901 dixit
3603 2845 3752 2900 mihi:

388 2936 488 2992 Hae
519 2938 631 3010 (78)
662 2938 897 2993 arbores
927 2937 985 2992 in
1017 2939 1465 2996 similitudinem
1490 2945 1628 2995 sunt
1659 2940 1768 3012 (79)
1802 2939 2129 3005 hominum,
2182 2937 2281 3010 qui
2326 2938 2387 2992 in
2445 2935 2654 2991 saeculo
2713 2941 3035 2991 morantur.
3096 2935 3416 3008 Respondi,
3474 2935 3749 3007 inquiens:

385 3026 650 3092 Domine,
681 3043 784 3082 cur
811 3027 968 3082 velut
994 3028 1172 3083 aridis
1205 3029 1426 3085 similes
1456 3029 1640 3085 sunt?
1671 3029 1978 3099 Quoniam,
2009 3027 2220 3099 inquit,
2255 3041 2362 3081 nec
2385 3026 2536 3096 justi
2568 3042 2672 3080 nec
2701 3024 2911 3096 injusti
2942 3030 3401 3097 cognoscuntur,
3427 3025 3527 3080 sed
3554 3022 3748 3078 similes

386 3120 521 3171 sunt
546 3117 604 3170 in
636 3116 746 3172 hoc
777 3117 888 3189 (80)
911 3118 1140 3173 saeculo.
1176 3119 1288 3190 (81)
1319 3118 1435 3174 Ηοο
1465 3121 1619 3173 enim
1653 3117 1931 3174 saeculum
1953 3118 2133 3188 justis
2164 3116 2353 3171 hiems
2385 3119 2510 3182 est;
2546 3114 2647 3186 qui
2677 3114 2790 3186 (82)
2821 3131 2935 3169 non
2981 3117 3404 3186 agnoscuntur,
3465 3129 3597 3168 cum
3641 3126 3753 3183 pec-

384 3205 679 3260 catoribus
701 3204 1049 3262 habitantes.
1075 3206 1238 3262 Sicut
1263 3208 1320 3262 in
1342 3208 1535 3263 hieme
1553 3224 1756 3262 omnes
1779 3207 2032 3277 arbores,
2059 3203 2299 3276 abjectis
2322 3202 2496 3271 foliis,
2521 3201 2700 3257 aridis
2722 3202 2944 3257 similes
2966 3207 3124 3270 sunt,
3150 3219 3255 3258 nec
3288 3205 3486 3274 potest
3511 3199 3751 3273 cognosci

383 3308 514 3366 quae
541 3297 680 3349 sunt
707 3294 901 3363 aridm,
935 3300 1036 3350 aut
1065 3311 1190 3367 quae
1222 3296 1472 3352 virides:
1507 3296 1590 3352 sic
1619 3301 1675 3352 et
1702 3300 1761 3350 in
1793 3295 1901 3350 hoc
1935 3293 2166 3362 saeculo,
2199 3309 2304 3347 nec
2325 3290 2475 3363 justi
2506 3307 2610 3346 nec
2640 3289 2846 3362 injusti
2878 3294 3316 3362 cognoscuntur
3343 3314 3360 3358 ;
3392 3290 3497 3346 sed
3557 3287 3756 3345 similes

385 3387 526 3438 sunt
553 3397 780 3439 omnes.

1775 3474 2231 3546 SIMILITUDO
2275 3472 2376 3532 1V.

395 3568 478 3633 Ut
528 3579 727 3652 astate
782 3570 996 3632 vivida
1052 3572 1303 3634 arbores
1343 3572 1418 3633 ab
1475 3571 1682 3647 aridis,
1741 3572 1943 3652 fructu
1991 3579 2065 3652 et,
2094 3567 2424 3652 virentibus
2480 3565 2654 3652 fqitis
2705 3566 3229 3628 internascuntur:
3309 3567 3397 3627 sic
3466 3565 3532 3625 in
3583 3564 3761 3644 futuro

579 3648 596 3658 “
1327 3653 1540 3715 saeculo
1571 3645 1832 3734 justiab
1856 3651 2088 3731 injustis
2120 3645 2487 3710 beatitudine
2511 3645 2812 3726 different.

1793 3775 2027 3834 CAPUT
2067 3773 2367 3830 UNICUM.

456 3874 723 3931 Ostendit
753 3875 896 3930 mihi
929 3875 1140 3931 iterum
1171 3876 1405 3932 arbores
1434 3875 1673 3944 multas,
1706 3892 1954 3947 quarum
1988 3873 2111 3929 aliae
2143 3872 2379 3928 frondes
2401 3869 2763 3935 emittebant,
2793 3868 2918 3924 aliae
2948 3869 3122 3924 aridas
3144 3869 3409 3925 erant.Et
3431 3867 3576 3923 dixit
3604 3863 3759 3921 mihi:

383 3964 634 4020 Videsne
667 3965 770 4020 has
801 3967 911 4037 (83)
943 3965 1183 4021 urbores
1209 3965 1236 4020 ?
1267 3965 1595 4037 Respondi:
1629 3965 1833 4030 Video,
1864 3963 2126 4029 Domine,
2163 3960 2308 4017 alias
2343 3959 2559 4026 aridas,
2595 3962 2653 4013 et
2672 3957 2818 4013 alias
2852 3958 3182 4014 frondentes
3207 3958 3343 4030 (84).
3378 3962 3479 4012 Hae
3531 3956 3760 4019 arbores,

395 4053 608 4125 inquit,
642 4071 768 4125 qua:
791 4054 1004 4110 virides
1034 4059 1192 4120 sunt,
1216 4056 1364 4125 justi
1396 4060 1533 4110 sunt
1561 4055 1661 4125 qui
1693 4053 2011 4108 habitaturi
2043 4057 2181 4108 sunt
2211 4051 2271 4104 in
2307 4050 2501 4103 futuro
2534 4046 2743 4103 saeculo
2775 4048 2906 4118 (85).
2941 4046 3090 4101 Illud
3122 4047 3278 4102 enim
3312 4047 3582 4102 futurum
3607 4059 3767 4100 sescn-

393 4142 518 4197 lum
549 4146 719 4198 aestas
751 4148 837 4198 est
858 4143 1073 4214 justis;
1109 4143 1505 4215 peccatoribus
1535 4147 1729 4198 autem
1762 4143 1968 4197 hiems.
2005 4144 2148 4198 Cum
2179 4155 2314 4212 ergo
2347 4137 2606 4192 illuxerit
2653 4134 3050 4190 misericordia
3087 4135 3342 4202 Domini,
3373 4140 3517 4190 tunc
3539 4132 3766 4188 declara-

394 4231 614 4287 buntur
644 4232 742 4303 qui
775 4232 1032 4288 serviunt
1062 4232 1197 4302 Deo,
1231 4236 1288 4287 et
1319 4233 1592 4287 omnibus
1625 4232 1734 4303 (86)
1767 4230 2058 4302 perspicui
2091 4232 2280 4284 erunt.
2312 4226 2472 4280 Sicut
2503 4225 2660 4279 enim
2692 4223 2749 4278 in
2782 4228 2982 4279 aestate
3039 4223 3264 4279 fructus
3317 4224 3547 4280 arboris
3588 4223 3768 4292 cujus-

396 4337 626 4394 cunque
657 4321 1003 4391 declaratur,
1036 4326 1092 4378 et
1120 4326 1278 4394 patet
1306 4321 1460 4393 (87):
1493 4321 1575 4377 sic
1607 4326 1662 4377 et
1685 4323 1983 4393 justorum
2017 4319 2235 4374 factum
2269 4313 2683 4383 declarabitur,
2715 4316 2771 4368 et
2819 4313 3073 4385 patebit;
3106 4318 3162 4370 et
3209 4329 3416 4369 omnes
3475 4311 3681 4368 hilares
3723 4311 3768 4363 et

1567 4445 1799 4500 VARI/ﬁ
1838 4443 2227 4500 LECTIONES
2264 4441 2356 4496 ET
2396 4438 2628 4495 NOTIE.

2219 4530 2331 4608 (Ἡ)
2362 4526 2565 4608 Parne-
2599 4526 3076 4608 ιοςξιρέςιαηιξιξαδο

2217 4597 2327 4670 (78)
2362 4598 2566 4654 Lamb.
2597 4597 2824 4670 addidit
2853 4599 3057 4656 aridae.

2236 4668 2326 4726 79)
2358 4673 2440 4726 Ita
2471 4668 2672 4724 Lamb.
2705 4670 2792 4724 Ita
2811 4674 2869 4726 et
2900 4670 3114 4726 Fellus.
3147 4669 3238 4724 Al.
3270 4668 3491 4726 horum.

467 4535 581 4607 (67)
616 4535 835 4607 Laudat
862 4534 1019 4590 hunc
1049 4534 1241 4590 locum
1273 4533 1549 4607 Origenes
1577 4533 1782 4607 homil,
1833 4534 1920 4601 10,
1976 4534 2037 4587 in

391 4605 642 4666 laeuam.
666 4606 801 4662 edit.
827 4607 1042 4662 noviss.
1076 4607 1182 4661 BB.
1215 4610 1356 4661 tom.
1383 4605 1487 4676 "III,
1519 4621 1652 4677 pag.
1687 4605 1810 4660 423.

467 4679 580 4758 (68)
608 4678 750 4734 Mss.
773 4678 968 4758 _Angl._
987 4688 1048 4758 ut
1075 4694 1240 4758 super
1256 4677 1426 4758 illam
1472 4674 2034 4758 ire-frigeretﬁli‘ellus

395 4748 570 4824 paulo
592 4751 863 4824 superius
881 4748 1116 4806 Exhibet
1136 4748 1434 4822 applicata,
1459 4748 1726 4820 rejiciens
1746 4748 2032 4803 editorum
2215 4748 2326 4824 (8Q)
2360 4748 2696 4824 Mss._A_n‘gl.
2721 4748 2867 4824 huic.
3065 4813 3100 4824 η
3282 4811 3320 4824 Α
3361 4811 3373 4822 ·

2217 4810 2328 4885 (81)
2361 4813 2582 4868 Laudat
2611 4810 2763 4885 hanc
2794 4812 3244 4869 similitudinem
3279 4811 3561 4885 Origenes
3617 4810 3762 4885 tract.

403 4839 472 4894 ap
520 4823 691 4877 licita.
2217 4823 2328 4885 (81)
2363 4823 2582 4868 Laudat
2611 4823 2763 4868 hanc
2794 4823 3244 4869 similitudinem
3279 4823 3561 4883 Urigenes
3617 4823 3762 4864 tract.

465 4839 576 4966 (69)
609 4895 756 4966 Mss.
781 4891 951 4966 Aug].
975 4893 1125 4963 quia,
1149 4899 1218 4948 et.
1339 4962 1351 4966 _
1431 4961 1474 4966 Α
1551 4964 1558 4966 Α
1671 4963 1684 4966 _
2142 4889 2233 4944 30.
2266 4887 2563 4966 ngzpwm.
2594 4884 2654 4938 in
2687 4885 2880 4941 Matth.
2902 4901 3054 4952 xxrv,
3083 4885 3172 4952 32,
3202 4883 3419 4939 noviss.
3452 4883 3617 4952 edit.,
3639 4885 3678 4935 t.
3709 4877 3766 4942 ll,

610 4962 1384 5091 illiFfilglifilgsginliiiiil
1827 5034 1887 5087 in
1926 5040 2034 5087 ter-
2143 4957 2496 5108 pdissﬁés.
2528 5024 2680 5081 Vict.
2713 5029 2770 5081 et
2797 5025 2988 5084 Carm.
3017 5028 3174 5100 quia.
3209 5024 3346 5082 Felli
3374 5024 3558 5081 editio
3607 5022 3766 5079 Oxon.

2144 5118 2173 5174 q

2237 4739 2326 4809 80)
2359 4742 2498 4797 Mss.
2525 4739 2696 4813 Angl.
2721 4739 2867 4798 huic.

561 4895 579 5106 ξ

611 5037 718 5091 Ms.
748 5035 949 5090 Lamb.
983 5035 1106 5090 haec
1135 5034 1384 5090 omittit:
1407 5035 1596 5106 jacens
1626 5042 1804 5090 autem
1827 5034 1887 5087 in
1926 5040 2034 5087 ter-

393 5105 483 5176 ra,
510 5105 772 5179 exiguum
803 5111 852 5162 et
888 5108 1185 5179 pessimum
1211 5105 1456 5177 fructum
1477 5106 1590 5161 dat.
1970 5175 2007 5179 __
2144 5105 2423 5179 quoniam.

467 5169 577 5251 (72)
609 5169 744 5235 Mss.
778 5169 948 5251 Angl.
977 5179 1036 5232 in
1067 5169 1244 5234 servos
1279 5180 1400 5251 Dei,
1429 5180 1518 5251 ing
1536 5192 1833 5251 pauperem
1872 5179 1922 5230 et
1945 5175 2034 5230 di-
2152 5169 2165 5174 ’
2217 5175 2329 5251 (83)
2362 5175 2563 5251 Lamb.
2587 5173 2753 5251 deest
2779 5169 2901 5251 has.

392 5241 574 5306 vitem:
607 5252 765 5307 Hanc
795 5241 1104 5306 lectionem
1162 5241 1428 5321 sequitur
1479 5241 1692 5320 Fellus,
1743 5247 2035 5320 vulgatam
2215 5241 2328 5321 (84)
2359 5245 2699 5321 MssiAngl.
2716 5241 3081 5321 frondescere.

392 5339 695 5396 respuens.
905 5393 917 5396 _
991 5393 1006 5396 _
1675 5311 1689 5320 ’
1845 5311 1876 5320 ν
2360 5319 2560 5396 Lamb.
2595 5311 2844 5396 habituri
2873 5316 3000 5396 sunt
3027 5315 3283 5396 futurum
3303 5311 3592 5368 saeculum.
3627 5395 3633 5396 γ
3664 5375 3738 5396 Μ

464 5380 578 5463 (73)
608 5395 747 5450 Mss.
778 5393 943 5464 Angl.
975 5393 1140 5464 deest
1169 5393 1275 5446 illi.
2151 5460 2184 5464 _
2218 5380 2443 5464 (86)‘Ita
2475 5407 2616 5464 mss.
2649 5385 2799 5456 Angl
2833 5391 2910 5441 .et
2956 5380 3146 5441 Carm.
3203 5384 3287 5439 lta
3331 5399 3564 5454 quoque
3615 5380 3768 5434 editio

467 5460 577 5536 (74)
608 5468 746 5521 Mss.
783 5460 944 5536 Angl.
979 5463 1195 5537 fructus
1224 5464 1376 5537 dare.
1711 5535 1718 5537 Α
1865 5536 1870 5537 γ
1946 5535 1952 5537 _
2151 5460 2296 5537 Peli:
2312 5460 2496 5537 '_O_x_on.
2531 5460 2622 5537 :Al.
2654 5473 2853 5537 omnes.

2312 5248 2328 5461 ἒ

2218 5533 2327 5604 (87)
2356 5535 2493 5589 Mss.
2519 5534 2711 5589 Carm.
2732 5533 2789 5586 et
2815 5528 3010 5583 Lamb.
3035 5535 3212 5599 paret.
3245 5529 3310 5580 Et
3330 5541 3487 5593 mox,
3520 5521 3767 5594 parebant

467 5539 574 5609 (75)
607 5538 768 5595 Bodl.
801 5535 1019 5593 siceitus
1056 5553 1171 5591 non
1199 5535 1502 5591 advenerit.
1567 5535 1763 5592 Lamb.
1823 5535 2037 5589 siccitas

2146 5619 2330 5660 omnes
2362 5622 2464 5676 pro
2501 5605 2730 5677 patebit;
2759 5605 2808 5658 et
2836 5615 3038 5656 omnes.

395 5616 588 5752 veiize')
621 5681 819 5738 Lamb.
849 5680 1089 5737 abundat
1115 5682 1319 5752 fructu.
