4014 6226
316 369 430 431 957
1434 371 1765 433 PASTOR.
1795 400 1874 415 -
1902 370 2049 434 LIB.
2082 369 2189 443 Ill,
2234 370 2469 433 SIMIL.
2513 372 2589 433 ν.
3593 357 3711 419 958

314 500 643 574 gaudentes
666 499 725 557 in
755 500 853 556 illo
884 500 1096 557 saeculo
1128 502 1527 558 restituentur.
1553 503 1698 559 Nam
1722 506 1938 558 ceteras
1965 504 2075 574 (88)
2098 507 2320 573 gentes,
2346 506 2675 575 peccatores
2706 500 2927 558 scilicet
2948 498 3081 572 (89),
3114 494 3265 552 sicut
3297 492 3531 547 arbores
3561 506 3707 563 quas

312 590 512 646 vidisti
540 590 753 661 aridas,
787 591 935 646 tales
965 590 1335 647 invenientur
1363 593 1509 648 aridi
1536 599 1591 648 et
1620 593 1745 649 sine
1775 594 1965 649 fructu
1999 594 2057 647 in
2089 594 2187 647 illo
2218 594 2427 648 saeculo
2453 612 2466 659 ;
2500 597 2556 648 et
2580 593 2733 648 sicut
2762 592 2925 647 arida
2950 589 3128 661 ligna,
3160 584 3577 642 comburantur
3610 596 3623 634 :
3654 582 3712 634 et

312 679 509 752 palam
542 681 644 736 ﬁet
672 682 811 752 (90),
845 681 1121 752 quoniam
1154 681 1305 737 male
1338 683 1596 737 fecerunt
1627 682 1684 737 in
1717 683 1875 737 omni
1906 686 2164 754 tempore
2195 682 2325 737 vitze
2356 700 2473 737 suae
2500 700 2513 750 ;
2548 687 2604 737 et
2635 682 3052 736 comburantur
3088 677 3237 745 ideo,
3269 671 3408 744 quia
3436 684 3711 743 peccave-

312 775 453 825 runt
483 774 540 825 et
570 775 937 841 peccatorum
969 787 1209 825 suorum
1242 789 1355 825 non
1388 776 1631 843 egerunt
1664 773 2059 843 pmnitentiam
2091 773 2154 826 ⁸⁵.
2186 773 2294 827 Sed
2328 778 2384 826 et
2415 778 2629 826 caetera:
2674 776 2877 841 gentes
2925 766 3340 823 comburantur
3386 761 3535 825 ideo,
3572 758 3709 829 quia

313 876 429 915 non
463 865 823 930 agnoverunt
849 860 1031 914 Deum
1066 864 1392 915 creatorum
1426 878 1620 915 suum.
1654 861 1737 914 Tu
1768 877 1901 931 ergo
1935 862 2022 916 fac
2055 863 2305 916 fructum
2330 862 2573 926 bonum,
2606 864 2670 915 ut
2700 861 2757 915 in
2780 862 2980 914 astate
3011 856 3122 929 (91)
3153 854 3537 924 cognoscatur
3561 849 3710 904 fruc-

312 952 409 1004 tus
440 953 583 1003 tuus
608 966 621 1016 ;
654 953 710 1003 et
739 948 965 1003 abstine
996 954 1049 1003 te
1079 966 1110 1003 a
1140 949 1342 1004 multis
1374 950 1645 1021 negotiis,
1677 954 1734 1003 et
1765 950 1910 1003 nihil
1941 950 2264 1021 delinques.
2289 951 2629 1022 Quicunque
2655 948 2809 1004 enim
2842 946 3026 1002 multa
3050 943 3280 1015 negotia
3300 944 3499 1013 agunt,
3523 937 3713 993 multa

312 1037 702 1109 delinquunt;
738 1039 875 1109 quia
901 1037 1199 1093 constricti
1227 1043 1363 1093 sunt
1390 1038 1543 1092 circa
1571 1043 1801 1109 negotia
1831 1056 1956 1105 sua,
1991 1044 2046 1095 et
2084 1057 2196 1094 non
2228 1040 2488 1095 serviunt
2516 1040 2648 1094 Deo.
2682 1039 2825 1093 Nam
2857 1034 3143 1106 quomodo
3173 1034 3359 1104 potest
3404 1028 3579 1083 homo
3609 1025 3709 1097 qui

315 1144 427 1181 non
464 1128 639 1181 servit
670 1128 806 1193 Deo,
840 1126 1059 1198 aliquid
1092 1134 1283 1198 petere
1313 1132 1369 1183 et
1401 1128 1657 1197 accipere
1690 1145 1723 1182 a
1751 1128 1866 1183 Deo
1888 1128 1915 1182 ‘l
1944 1128 2051 1191 Qui
2080 1129 2231 1184 enim
2267 1128 2524 1184 serviunt
2554 1130 2679 1194 deo,
2714 1130 2917 1198 petunt
2945 1131 3001 1180 et
3025 1122 3316 1194 accipiunt
3345 1135 3452 1174 sua
3480 1115 3712 1172 deside-

316 1217 421 1272 ria.
453 1217 613 1280 Quod
656 1217 703 1271 si
756 1234 939 1272 unum
993 1217 1288 1289 negotium
1320 1222 1531 1272 tractat
1562 1217 1792 1289 aliquis,
1828 1219 2070 1289 posterit
2098 1219 2309 1273 servire
2346 1220 2492 1286 Deo;
2535 1217 2810 1290 quoniam
2844 1232 2956 1270 non
2989 1213 3275 1269 alienatur
3320 1209 3551 1263 animus
3581 1206 3710 1277 ejus

317 1323 351 1362 a
378 1306 644 1369 Domino,
676 1308 775 1362 sed
806 1324 951 1378 pura
982 1312 1173 1362 mente
1206 1308 1381 1361 servit
1405 1307 1537 1362 Deo.
1573 1307 1689 1363 Hoc
1720 1324 1858 1379 ergo
1889 1308 1939 1363 si
1965 1308 2189 1376 feceris,
2219 1308 2434 1380 poteris
2464 1308 2521 1362 in
2543 1312 2781 1363 venturo
2804 1304 3013 1360 saeculo
3034 1301 3248 1358 habere
3278 1300 3529 1354 fructum
3560 1314 3573 1365 ;
3606 1294 3705 1351 sed

312 1399 367 1450 et
395 1411 599 1451 omnes
630 1395 729 1467 qui
761 1395 1000 1451 fecerint
1030 1395 1173 1461 haec,
1208 1395 1461 1451 fructum
1493 1397 1697 1451 ferent.

1750 1512 2170 1568 SIMILITUDO
2209 1512 2277 1569 V.

1040 1602 1114 1655 De
1140 1616 1269 1656 vero
1285 1601 1530 1673 jejunio,
1564 1605 1617 1656 et
1643 1601 1758 1673 ejus
1784 1602 2074 1664 mercede;
2104 1607 2225 1656 tum
2254 1609 2306 1657 et
2331 1601 2395 1657 de
2421 1602 2661 1674 corporis
2689 1598 2988 1655 munditia.

1715 1725 1941 1782 CAPUT
1996 1725 2301 1782 PRIMUM.

386 1832 531 1886 Cum
555 1832 886 1903 jejunarem
918 1836 974 1887 et
1004 1833 1264 1887 sederem
1294 1832 1353 1887 in
1388 1837 1585 1889 monte
1616 1833 1893 1905 quodam,
1928 1837 1984 1888 et
2010 1834 2228 1905 gratias
2250 1850 2482 1907 agerem
2505 1834 2619 1889 Deo
2641 1849 2743 1905 pro
2768 1830 3041 1887 omnibus
3067 1843 3193 1900 quae
3216 1826 3429 1881 fecerat
3448 1837 3713 1888 mecum;

308 1921 478 1977 video
514 1926 804 1993 pastorem
836 1920 1002 1976 illum
1035 1922 1331 1977 sedentem
1357 1925 1527 1993 juxta
1558 1939 1669 1992 me,
1706 1940 1772 1978 ac
1802 1924 1913 1996 (92)
1943 1923 2231 1979 diccntem
2265 1923 2407 1979 mihi
2442 1940 2454 1978 :
2488 1924 2635 1987 Quid
2667 1927 2787 1977 tam
2819 1935 2991 1975 mane
3020 1918 3133 1973 huc
3162 1913 3422 1972 venisti?
3451 1916 3707 1984 Respon-

314 2010 375 2066 di
412 2028 425 2066 :
460 2010 766 2077 Quoniam,
799 2010 1054 2080 domine,
1088 2011 1394 2066 stationem
1428 2011 1634 2067 habeo.
1668 2012 1817 2075 Quid
1848 2017 1965 2087 est,
1988 2013 2199 2084 inquit,
2232 2012 2453 2069 statio?
2495 2013 2562 2068 Et
2587 2012 2703 2067 dixi
2734 2009 3053 2081 Jejunium.
3086 2010 3155 2061 Et
3203 2004 3349 2059 dixit
3380 2020 3393 2058 :
3441 2000 3588 2066 Quid
3622 2002 3713 2054 est

312 2090 461 2153 illud
489 2100 791 2170 Jejunium
815 2099 843 2153 ‘I
872 2099 1036 2154 Sicut
1064 2099 1345 2170 solebam,
1378 2100 1641 2172 inquam,
1676 2101 1759 2156 sic
1779 2103 2005 2173 jejuno.
2039 2103 2305 2170 Nescitis,
2337 2102 2549 2173 inquit,
2585 2103 2695 2157 Deo
2720 2101 3024 2171 jejunare;
3058 2112 3246 2167 neque
3284 2096 3373 2149 est
3412 2089 3707 2163 jejunium

314 2188 424 2245 hoc
482 2190 635 2261 quod
678 2190 985 2259 jejunatis,
1019 2194 1130 2245 Deo
1182 2190 1327 2245 nihil
1382 2192 1772 2262 proﬁcientes.
1806 2194 1993 2257 Quare
2039 2192 2303 2265 inquam,
2337 2192 2590 2257 domine,
2622 2192 2707 2246 ita
2753 2188 2945 2245 dicis?
2974 2187 3111 2243 Dico
3143 2191 3317 2252 certe,
3350 2181 3561 2252 inquit,
3596 2194 3711 2234 non

313 2295 439 2335 esse
458 2279 569 2349 (93)
587 2278 881 2349 jejunium
914 2278 1205 2350 hoc,quod
1239 2281 1461 2350 putatis
1488 2298 1589 2337 vos
1610 2282 1878 2352 jejunare
1902 2300 1916 2350 ;
1942 2283 2044 2337 sed
2076 2298 2181 2354 ego
2202 2286 2257 2337 te
2287 2282 2501 2338 docebo
2531 2282 2683 2353 quod
2709 2281 2784 2336 sit
2798 2279 3092 2351 jejunium
3126 2275 3360 2348 plenum
3383 2274 3715 2341 acceptum-

315 2384 428 2440 que
454 2373 590 2422 Deo.
623 2368 797 2435 Audi,
830 2368 1022 2441 inquit
1053 2387 1067 2424 :
1100 2369 1380 2425 Dominus
1412 2386 1525 2425 non
1560 2370 1852 2426 desiderat
1880 2370 1995 2426 tale
2023 2372 2317 2442 jejunium
2369 2386 2832 2444 supervacuum:
2885 2369 2967 2424 sic
3013 2365 3169 2422 enim
3213 2362 3531 2436 jejunando
3573 2359 3719 2415 nihil

309 2460 557 2527 prmatas
592 2456 870 2527 aequitati.
913 2458 1125 2529 Jejuna
1153 2463 1303 2514 certe
1334 2476 1535 2514 verum
1560 2459 1859 2530 jejunium
1890 2458 2004 2515 tale
2033 2460 2166 2531 (94).
2200 2459 2357 2514 Nihil
2405 2460 2464 2515 in
2510 2461 2630 2515 vita
2678 2463 2781 2514 tua
2829 2455 3097 2528 nequiter
3125 2454 3341 2519 facias;
3375 2450 3474 2506 sed
3523 2452 3716 2504 mente

308 2560 455 2616 pura
487 2544 634 2600 servi
661 2544 799 2612 Deo,
834 2546 1170 2602 custodiens
1203 2547 1479 2601 mandata
1508 2548 1635 2617 ejus
1664 2552 1722 2602 et
1744 2546 1801 2601 in
1831 2554 2118 2619 praecepta
2157 2550 2285 2619 ejus
2313 2549 2428 2617 (95)
2476 2546 2843 2620 ingrediaris,
2896 2559 3084 2615 neque
3133 2538 3440 2597 admiseris
3486 2536 3718 2593 deside-

308 2631 464 2687 rium
487 2648 701 2687 nocens
733 2631 791 2686 in
824 2632 1018 2689 animo
1048 2637 1170 2689 tuo.
1206 2634 1383 2690 Crede
1416 2643 1608 2689 autem
1642 2635 1911 2703 Domino,
1944 2636 1993 2689 si
2027 2635 2147 2691 haec
2180 2636 2403 2705 feceris,
2438 2635 2826 2706 timoremque
2854 2634 2983 2703 ejus
3033 2628 3328 2695 habueris,
3362 2629 3536 2698 atque
3582 2624 3714 2679 abs-

306 2720 554 2777 tinueris
582 2722 655 2776 ab
682 2723 841 2777 omni
874 2721 1104 2795 negotio
1138 2724 1311 2795 malo,
1346 2723 1460 2779 Deo
1496 2729 1548 2779 te
1576 2725 1890 2779 victurum.
1922 2725 2052 2780 Haac
2085 2725 2133 2781 si
2164 2724 2389 2791 feceris,
2410 2723 2699 2797 jejunium
2734 2737 3010 2797 magnum
3043 2716 3479 2777 consummabis
3511 2728 3712 2788 accep-

307 2812 557 2882 tumque
588 2812 851 2867 Domino.

1834 2929 2060 2986 CAPUT
2116 2930 2184 2986 II.

380 3042 530 3097 Audi
562 3041 1009 3099 similitudinem
1041 3060 1217 3115 quam
1250 3043 1516 3099 dicturus
1547 3061 1678 3100 sum
1708 3045 1815 3100 tibi
1850 3046 1921 3101 ad
1944 3046 2241 3117 jejunium
2274 3047 2685 3119 pertinentem.
2720 3046 2965 3111 Quidam
3001 3044 3151 3117 quod
3194 3038 3431 3099 haberet
3462 3040 3708 3096 fundum

318 3146 635 3203 servosque
666 3131 903 3201 multos,
942 3132 998 3185 in
1032 3132 1285 3203 quadam
1315 3136 1477 3203 parte
1507 3133 1669 3187 fundi
1701 3135 1791 3188 sui
1824 3135 2022 3206 posuit
2046 3136 2274 3190 vineam
2299 3136 2736 3192 successoribus
2756 3135 2867 3206 (96)
2894 3159 2908 3200 ;
2935 3133 3142 3189 deinde
3162 3147 3398 3204 peregre
3418 3129 3711 3202 profectus

312 3218 490 3290 elegit
518 3236 747 3275 servum
781 3236 955 3291 quem
986 3219 1241 3274 habebat
1267 3218 1677 3275 fidelissimum
1703 3238 1767 3276 ac
1785 3221 1897 3278 sibi
1930 3222 2241 3293 probatum
2271 3242 2283 3291 ;
2316 3225 2486 3298 eique
2517 3223 2835 3297 assignavit
2865 3222 3113 3288 vineam,
3138 3218 3475 3293 praecipiens
3497 3222 3561 3273 ut
3583 3215 3713 3273 viti-

308 3307 424 3364 bus
448 3309 721 3379 jungeret
751 3308 951 3380 palos;
985 3310 1141 3380 quod
1172 3309 1218 3364 si
1256 3309 1488 3364 fecisset
1517 3313 1575 3365 et
1599 3312 1943 3366 mandatum
1995 3329 2170 3368 suum
2220 3318 2711 3379 consummasset,
2745 3314 3073 3369 libertatem
3103 3310 3290 3366 eidem
3322 3323 3383 3364 se
3431 3308 3709 3363 daturum

305 3398 597 3470 promisit.
630 3398 745 3453 Nec
775 3402 1050 3470 praeterea
1079 3399 1402 3470 quidquam
1433 3398 1590 3454 aliud
1624 3402 1894 3472 praecepit
1922 3401 2028 3473 illi,
2063 3404 2219 3474 quod
2250 3402 2309 3458 in
2340 3419 2409 3459 ea
2439 3404 2652 3460 faceret
2681 3405 2815 3475 (97),
2840 3408 3012 3475 atque
3041 3401 3123 3457 ita
3152 3414 3391 3472 peregre
3418 3397 3707 3470 profectus

304 3492 415 3544 est.
448 3487 765 3559 Postquam
798 3492 990 3543 autem
1013 3505 1213 3543 servus
1246 3488 1343 3543 ille
1374 3505 1572 3543 curam
1606 3490 1992 3562 apprehendit
2022 3493 2157 3564 (98),
2189 3493 2327 3559 fecit
2357 3510 2722 3566 quaecunque
2758 3496 3103 3566 praeceperat
3121 3489 3415 3547 dominus.
3446 3485 3709 3556 Cumque

304 3576 637 3648 depalasset
664 3577 890 3631 vineam
924 3576 1107 3643 illam,
1140 3584 1195 3631 et
1225 3576 1731 3635 animadvertisset
1760 3596 1886 3635 eam
1918 3580 2116 3637 herbis
2146 3581 2423 3653 repletan,
2456 3584 2627 3655 coepit
2669 3598 2867 3638 secum
2900 3582 2981 3636 ita
3010 3579 3263 3652 cogitare
3292 3577 3425 3650 (99),
3456 3574 3658 3631 dicens
3692 3590 3705 3630 :

303 3665 505 3737 Peregi
539 3666 693 3737 quod
724 3666 869 3721 mihi
902 3671 1252 3738 praeceperat
1280 3666 1556 3722 dominus
1583 3692 1597 3737 ;
1631 3667 1845 3723 fodiam
1876 3686 2033 3725 nunc
2062 3671 2291 3726 vineam
2324 3670 2495 3741 hanc,
2530 3676 2586 3727 et
2614 3672 2723 3727 erit
2770 3670 3079 3726 formosior
3132 3684 3264 3724 cum
3322 3664 3494 3721 fuerit
3550 3664 3709 3720 fossa

304 3753 456 3826 (100)
484 3773 497 3823 ;
528 3760 585 3811 et
613 3756 881 3812 extractis
913 3756 1129 3828 herbis,
1163 3757 1444 3827 majorem
1472 3757 1632 3812 dabit
1654 3758 1932 3827 fructum,
1962 3762 2019 3814 et
2047 3776 2162 3814 non
2194 3760 2574 3816 suﬂ‘ocabitur
2603 3761 2674 3816 ab
2701 3759 2918 3816 herbis.
2951 3762 3279 3832 Aggressus
3309 3754 3519 3811 deinde
3543 3752 3706 3824 fodit,

305 3847 365 3899 et
394 3861 596 3899 omnes
629 3844 837 3900 herbas
871 3862 995 3917 quae
1028 3845 1087 3899 in
1122 3860 1189 3900 ea
1218 3850 1405 3915 erant,
1440 3846 1688 3901 extraxit
1715 3863 1728 3913 ;
1764 3851 1938 3918 atque
1968 3848 2049 3903 ita
2078 3849 2261 3904 evasit
2291 3849 2461 3904 vinea
2494 3849 2926 3921 speciosissima
2969 3865 3035 3903 ac
3082 3846 3230 3912 laeta,
3262 3862 3377 3901 non
3427 3844 3710 3900 sull'ocata

305 3932 381 3988 ab
414 3932 630 3989 herbis.
674 3934 810 3989 Post
839 3933 1209 4005 aliquantum
1243 3950 1373 3989 vero
1404 3934 1687 4005 temporis
1716 3936 1876 3991 venit
1904 3936 2179 3991 dominus
2209 3939 2356 4008 ejus,
2391 3941 2448 3992 et
2476 3937 2776 4009 ingressus
2808 3941 2897 3992 est
2926 3936 3154 3992 vineam
3189 3953 3202 3991 :
3236 3950 3413 4005 quam
3440 3949 3571 3989 cum
3604 3932 3702 3987 de-

304 4020 561 4093 palatam
590 4022 832 4078 vidisset
862 4024 1149 4091 decenter,
1182 4040 1247 4078 ac
1272 4023 1715 4078 circumfossam
1758 4024 1854 4095 (1),
1888 4028 1944 4080 et
1974 4029 2257 4081 extractas
2288 4025 2498 4081 herbas
2531 4028 2601 4081 ab
2631 4044 2720 4091 ea,
2751 4030 2805 4081 et
2836 4025 2998 4081 lietas
3028 4042 3155 4080 esse
3203 4026 3385 4091 vites;
3435 4039 3504 4078 ex
3553 4022 3701 4076 facto

307 4109 417 4166 hoc
445 4113 591 4166 servi
622 4113 711 4167 sui
746 4112 1027 4185 gaudium
1061 4114 1233 4185 cepit.
1268 4113 1544 4168 Adhibito
1578 4113 1773 4184 itaque
1796 4113 1915 4169 ﬁlio
1946 4131 2117 4186 quem
2147 4116 2387 4170 charum
2418 4121 2473 4171 et
2503 4116 2793 4172 haredem
2824 4115 3094 4180 habebat,
3129 4120 3186 4170 et
3214 4112 3419 4169 amicis
3466 4128 3615 4184 quos
3641 4110 3703 4165 in

301 4200 549 4255 concilio
581 4202 918 4272 advocabat,
952 4202 1171 4257 indicat
1200 4219 1267 4257 ea
1294 4220 1420 4274 quae
1455 4220 1619 4257 servo
1653 4220 1758 4258 suo
1796 4204 2059 4259 facienda
2089 4207 2402 4274 madasset,
2438 4223 2563 4277 quae
2598 4211 2875 4277 praeterea
2904 4204 2998 4259 ille
3029 4205 3276 4260 fecisset.
3308 4204 3378 4258 At
3405 4201 3486 4256 illi
3519 4200 3700 4272 proti-

300 4305 419 4343 nus
447 4290 726 4361 gratulati
761 4297 898 4347 sunt
929 4308 1091 4347 servo
1123 4290 1225 4361 illi,
1259 4293 1413 4363 quod
1460 4296 1581 4347 tam
1630 4291 1869 4363 plenum
1916 4294 2321 4349 testimonium
2370 4296 2592 4351 domini
2645 4296 2737 4350 sui
2784 4298 3086 4350 assecutus
3118 4294 3344 4349 fuisset.
3379 4291 3466 4347 Ait
3492 4291 3702 4346 deinde

296 4375 457 4433 illis:
492 4378 609 4450 Ego
642 4380 879 4451 quidem
910 4379 1046 4435 huic
1077 4397 1242 4436 servo
1286 4379 1614 4435 libertatem
1649 4380 1910 4452 promisi,
1943 4382 1993 4437 si
2044 4383 2396 4439 custodisset
2447 4385 2792 4440 mandatum
2842 4400 3038 4438 meum
3088 4382 3243 4453 quod
3296 4381 3611 4445 dederam;
3645 4382 3703 4433 et

296 4467 615 4523 oustodivit
644 4467 789 4523 illud
821 4472 879 4524 et
901 4474 1178 4541 praeterea
1207 4486 1355 4540 opus
1386 4469 1603 4524 bonum
1637 4470 1849 4541 adjecit
1888 4468 1948 4525 in
1987 4471 2236 4540 vineam,
2288 4473 2441 4543 quod
2486 4472 2633 4528 mihi
2684 4470 3185 4544 quamplurimum
3216 4469 3290 4541 (2)
3322 4466 3560 4540 placuit.
3592 4467 3701 4522 Pro

368 4573 416 4608 ⁸⁸
444 4574 647 4631 Matth.
682 4592 767 4642 III,
802 4576 905 4644 10;
935 4593 1034 4642 vn,
1069 4576 1155 4632 19.

1468 4666 1705 4723 νΑΒΙίΕ
1744 4667 2124 4726 LECTlONES
2163 4671 2254 4726 ET
2293 4670 2526 4727 NOTIE.

370 4764 390 4979 ἑ

394 4764 485 4841 SS)
518 4765 855 4841 Mss._An_gl.
888 4769 947 4820 et
975 4766 1169 4841 Carm.
1202 4773 1436 4822 exterae.
2054 4768 2323 4841 exhibere
2354 4770 2413 4824 in
2438 4770 2729 4841 praeceptis
2757 4768 2895 4840 ejus.
2928 4766 3013 4823 Al.
3048 4770 3108 4823 in
3131 4766 3425 4840 praeceptis
3455 4765 3577 4836 ejus
3604 4766 3693 4821 in-

393 4836 485 4907 89)
519 4837 720 4892 Lamb.
750 4836 911 4893 deest
937 4837 1163 4908 scilicet.
1344 4907 1349 4908 7
1387 4907 1394 4908 ί
2053 4840 2323 4908 grediens.

394 4908 486 4984 90)
518 4908 603 4963 Ita
632 4925 775 4965 mss.
806 4907 976 4981 Angl.
1029 4909 1114 4963 Ita
1156 4912 1213 4964 et
1259 4907 1400 4964 Felli
1443 4908 1581 4965 edit.
1616 4908 1799 4965 Oxon.
1851 4908 1939 4965 Al.
2059 4907 2081 4984 ί
2126 4912 2239 4983 (96)
2269 4912 2407 4967 Mss.
2437 4910 2608 4984 Angl.
2666 4911 2967 4982 adfuturis.
2999 4910 3093 4966 Sic
3121 4915 3181 4966 et
3210 4909 3353 4965 Vict.
3385 4911 3458 4965 At
3487 4909 3688 4965 Lamb.

339 4983 454 5035 ent.
2054 4983 2283 5037 futuris.

296 4980 487 5127 fugi)
515 5050 717 5127 Lamb.
752 5052 1086 5127 meostare.
2051 4983 2407 5127 fu(3;)sl\dss.
2442 5052 2609 5127 Angl.
2642 5055 2822 5122 facere
2849 5053 3077 5127 deberet.
3110 5051 3202 5127 Sic
3248 5055 3309 5127 et
3343 5050 3463 5127 edit
3510 5050 3691 5127 Oxon.

392 5121 482 5195 92)
515 5122 675 5195 Bodl.
710 5122 871 5177 addit
900 5121 1040 5179 haec.
1406 5193 1415 5195 Α
1609 5193 1646 5195 ᾼ
1854 5193 1888 5195 Α
2052 5121 2225 5195 Apud
2249 5121 2699 5180 Clericum'vero
2729 5142 2839 5179 ms.
2880 5125 3070 5180 Lamb.
3098 5122 3181 5178 sic
3212 5139 3275 5178 se
3296 5122 3505 5195 habet:
3540 5121 3692 5194 quid-

391 5191 483 5266 93)
519 5193 711 5247 Lamb.
749 5196 896 5249 enim
927 5196 1067 5268 quia
1097 5209 1205 5248 non
1236 5197 1331 5249 est.
1363 5193 1454 5249 Sic
1500 5199 1557 5247 et
1608 5191 1748 5268 Felli
1800 5193 1939 5268 edit.
2051 5191 2217 5268 quam
2245 5198 2507 5267 praecepit
2536 5197 2648 5265 illi,
2681 5205 2741 5251 ut
2771 5195 2901 5267 quid
2931 5199 2991 5251 in
3019 5212 3083 5251 ea
3108 5198 3286 5264 facere
3314 5194 3546 5250 deberet.

288 5267 475 5322 Oxon.
508 5281 635 5390 quae
685 5270 879 5321 tamen
930 5265 1105 5321 habet
1152 5268 1420 5335 quoniam
1457 5267 1763 5346 prqquz‘a.
1800 5265 1941 5320 Hinc
2059 5265 2076 5268 ἡ
2121 5265 2348 5409 (98);“.
2384 5265 2561 5323 Codd.
2595 5265 2814 5323 addunt
2843 5270 3006 5339 coepit
3034 5270 3105 5323 ei.

295 5335 519 5409 nonnul
546 5353 580 5391 a
611 5338 898 5408 excerpsit
928 5338 1544 5408 pseudo-Athanasms
1576 5352 1635 5389 in
1667 5336 1846 5391 Doetr.
1869 5337 1940 5409 ad
2142 5340 2232 5409 99)
2265 5344 2401 5394 Mss.
2433 5339 2599 5409 Angl.
2633 5340 2930 5409 disputare,
2964 5343 3028 5394 ut
3076 5356 3105 5394 n

295 5335 580 5412 nonnulla
611 5338 898 5412 excerpsit
928 5336 1544 5412 pseud_o_-_Athanasius
1576 5335 1635 5389 in
1667 5336 1846 5391 Doetr.
1866 5337 1940 5412 ad
2121 5335 2232 5409 (99)
2265 5344 2401 5394 Mss.
2433 5339 2599 5412 Angl.
2633 5335 2934 5410 disputare,
2964 5343 3028 5394 ut
3076 5338 3248 5394 modo
3298 5354 3429 5409 sup.
3488 5352 3615 5408 cap.
3650 5352 3690 5403 ι,

290 5407 539 5481 Antioch.
573 5407 867 5481 numsit‘),
917 5407 1048 5481 pag.
1099 5409 1225 5475 260,
1283 5424 1532 5479 quorum
1573 5424 1708 5479 pars
1750 5408 1937 5480 profe-
2048 5407 2336 5466 notatum.

292 5479 475 5535 renda
507 5495 642 5533 mox
681 5480 832 5533 infra
873 5479 1083 5551 capf3.
1758 5479 1765 5480 ⁷
2117 5482 2266 5617 (100)
2298 5486 2433 5536 Mss.
2468 5480 2636 5552 Angl.
2669 5484 2960 5552 formosior
2985 5484 3158 5554 fossa.

367 5551 480 5617 (91)
516 5550 710 5606 Lamb.
756 5553 892 5606 Leve
937 5552 1087 5606 enim
1125 5551 1562 5617 jejuniumalale
1606 5553 1702 5605 est.
1755 5550 1937 5606 Habet
2142 5554 2192 5617 1)
2228 5553 2429 5607 Lamb.
2460 5554 2683 5617 fossam.

367 5551 480 5618 (91)
516 5550 710 5606 Lamb.
756 5553 892 5606 Leve
937 5550 1087 5606 enim
1110 5551 1562 5623 jejuniumalale
1606 5553 1702 5605 est.
1755 5550 1937 5606 Habet
2117 5550 2192 5621 (1)
2228 5550 2429 5607 Lamb.
2459 5550 2683 5623 fossam.

292 5623 836 5696 quoquefnilnpro
867 5632 1004 5678 certe
1031 5620 1336 5696 Felliedit.
1371 5622 1550 5696 Oxon.
1772 5694 1781 5696 _
1866 5694 1903 5696 __
2115 5620 2194 5695 (2)
2229 5625 2365 5680 Mss.
2398 5620 2571 5696 Angl.
2606 5624 2965 5680 validissime.

368 5692 480 5764 (95)
508 5693 602 5749 Sic
634 5692 825 5749 Fellus
855 5710 923 5749 ex
964 5710 1106 5749 mss.
1156 5692 1324 5765 Angl.
1375 5693 1473 5749 ubi
1523 5697 1717 5749 monet
1766 5694 1929 5750 Bodl.
