4014 6226
377 310 497 391 9859
1861 320 1927 382 S-

2127 322 2275 403 ,ΝΕ
3608 323 3712 407 96,0.

380 443 489 509 hoc
517 443 697 519 igitur
725 461 895 519 opere
924 449 1079 521 quod
1110 449 1267 521 fecit,
1295 450 1422 508 volo
1453 465 1589 509 eum
1618 452 1736 510 ﬁlio
1762 469 1893 509 meo
1923 455 2107 511 facere
2145 455 2500 512 cobzeredem
2527 473 2542 525 ;
2594 455 2873 529 quoniam
2916 471 3051 525 cum
3100 451 3384 527 sensisset
3417 452 3547 529 quid
3585 460 3716 531 esset

379 535 622 608 bonum,
654 555 767 595 non
800 539 998 595 omisit
1025 541 1123 613 (3),
1155 544 1255 600 sed
1289 543 1422 601 fecit
1449 544 1614 600 illud.
1648 550 1765 601 Hoc
1795 546 2103 602 consilium
2135 548 2376 619 domini,
2408 550 2466 603 et
2494 546 2652 605 filius
2674 547 2749 621 (4)
2770 552 2826 603 et
2859 546 3031 605 amici
3059 546 3187 617 ejus
3218 536 3714 618 comprobaveruntj

382 628 446 679 ut
472 625 630 681 ﬁeret
660 626 881 683 scilicet
911 628 1006 685 hic
1039 647 1240 686 servus
1272 633 1522 689 cohaeres
1554 633 1838 689 ﬁlio.Post
1868 635 1992 691 dies
2024 635 2231 691 deinde
2262 653 2375 690 non
2401 636 2617 692 multos
2637 637 2714 708 (5)
2736 636 3065 692 convocatis
3095 634 3321 699 amicis,
3344 634 3718 705 paterfamilias

382 713 542 770 misit
571 716 647 789 (6)
680 718 751 773 de
782 735 944 791 coena.
972 737 1080 781 sua
1108 739 1270 778 servo
1302 723 1385 778 illi
1416 724 1573 779 cibos
1605 724 1953 795 complures.
1987 725 2141 788 Quos
2171 742 2305 781 cum
2338 727 2659 798 accepisset
2686 725 2803 795 ille,
2840 725 3084 786 sustulit
3111 741 3182 781 ex
3215 724 3301 781 eis
3328 724 3471 795 quod
3500 725 3718 782 sufﬁcie-

382 804 482 860 bat
509 807 586 878 (7)
617 807 769 876 sibi;
801 809 1089 883 reliquum
1123 818 1318 869 autem
1350 814 1639 870 conservis
1671 816 1794 871 suis
1826 815 2146 871 distribuit.
2179 816 2401 879 Quibus
2433 818 2706 889 acceptis,
2739 816 2822 872 illi
2853 816 3028 871 laetati
3059 819 3218 883 sunt,
3252 818 3310 871 et
3340 819 3614 887 cmperunt
3649 814 3721 873 illi

379 901 600 969 optare,
634 905 700 955 ut
730 903 1013 973 majorem
1042 905 1292 975 gratiam
1324 906 1475 976 apud
1508 906 1811 962 dominum
1842 906 2149 972 inveniret,
2179 908 2251 962 ob
2273 924 2340 962 ea
2361 924 2488 979 quas
2511 908 2723 963 fecerat
2756 906 2925 978 ipsis.
2958 907 3089 969 Haec
3118 906 3316 962 omnia
3343 921 3469 961 cum
3500 906 3724 967 audisset

378 985 651 1047 dominus
681 990 830 1060 ejus,
862 992 1117 1063 percepit
1147 992 1357 1048 iterum
1391 994 1713 1050 maximum
1740 995 2021 1066 gaudium
2046 1021 2060 1063 ς
2093 1000 2148 1050 et
2178 996 2506 1051 convocatis
2536 1008 2767 1051 rursum
2802 995 3006 1051 amicis
3036 998 3094 1050 et
3126 993 3265 1061 ﬁlio,
3293 993 3519 1065 exponit
3536 994 3723 1057 factum

374 1074 525 1129 servi
554 1077 649 1143 sui
678 1078 748 1133 de
780 1078 925 1133 cibis
952 1079 1075 1134 suis
1103 1096 1250 1152 quos
1281 1081 1332 1136 ei
1366 1081 1623 1139 miserat.
1658 1082 1746 1138 Illi
1775 1083 1973 1153 itaque
2003 1088 2163 1141 tanto
2195 1084 2382 1157 magis
2415 1089 2795 1141 assenserunt
2826 1082 3254 1156 patrifamilias,
3290 1081 3479 1154 ipsum
3521 1099 3723 1139 servum

374 1162 731 1223 cohaeredem
762 1166 879 1223 ﬁlio
912 1168 1119 1224 debere
1149 1158 1295 1226 ﬁeri.

1913 1286 2139 1344 CAPUT
2196 1287 2291 1344 ΙΙΙ.

362 1472 367 1487 λ
446 1397 582 1454 Dico
611 1398 662 1455 ei
693 1416 707 1455 :
742 1401 1005 1470 Domine,
1035 1401 1142 1458 has
1175 1402 1591 1460 similitudines
1623 1421 1737 1459 non
1782 1403 1937 1471 novi,
1970 1419 2157 1475 neque
2203 1403 2527 1477 intelligere
2572 1420 2838 1477 possum,
2870 1403 2986 1459 nisi
3039 1418 3139 1459 eas
3186 1406 3248 1458 tu
3300 1399 3445 1457 mihi
3488 1415 3710 1473 exponas

377 1487 604 1555 Omnia,
640 1488 854 1562 inquit,
887 1506 1172 1563 exponam
1197 1491 1304 1547 tibi
1336 1508 1695 1564 quiscunque
1724 1492 1954 1549 locutus
1983 1493 2146 1549 fuero
2175 1496 2391 1564 tecum,
2415 1498 2516 1550 aut
2535 1493 2841 1550 ostendero
2864 1493 2993 1549 tibi.
3022 1492 3299 1548 Mandata
3320 1489 3542 1545 Domini
3568 1493 3729 1545 custo-

376 1576 457 1648 di,
487 1580 543 1633 et
572 1576 687 1633 eris
716 1578 1017 1651 probatus,
1050 1584 1109 1635 et
1137 1580 1408 1637 scriberis
1440 1582 1499 1637 in
1530 1598 1772 1638 numero
1805 1598 2005 1638 eorum
2057 1583 2158 1654 qui
2212 1582 2550 1639 custodiunt
2597 1583 2875 1639 mandata
2920 1582 3068 1653 ejus.
3099 1581 3160 1636 Si
3207 1583 3405 1636 autem
3452 1582 3640 1651 praeter
3677 1593 3734 1633 ea

377 1682 502 1739 quae
532 1668 610 1740 (8)
642 1669 940 1723 mandavit
969 1669 1271 1743 Dominus,
1305 1670 1523 1743 aliquid
1556 1672 1690 1728 boni
1721 1672 2003 1742 adjeceris
2034 1672 2131 1743 (9),
2167 1674 2447 1745 majorem
2482 1671 2827 1745 dignitatem
2856 1670 2965 1727 tibi
2996 1670 3310 1742 conquiras
3341 1669 3472 1741 (10),
3502 1672 3556 1724 et
3582 1667 3733 1722 bono.

375 1757 555 1814 ratior
583 1758 694 1832 (11)
722 1760 875 1832 apud
908 1761 1219 1817 Dominum
1253 1763 1388 1828 eris,
1422 1779 1592 1834 quam
1626 1780 1753 1819 eras
1786 1763 2037 1818 futurus.
2070 1764 2254 1836 Igitur
2300 1763 2348 1819 si
2399 1763 2747 1820 custodieris
2792 1763 3069 1819 mandata
3102 1759 3360 1837 Domini,
3392 1764 3449 1831 et
3492 1756 3737 1833 adjeceris

374 1848 549 1906 etiam
582 1851 653 1906 ad
684 1867 757 1908 ea.
780 1852 1058 1907 stationes
1091 1852 1217 1919 bas,
1249 1853 1531 1925 gaudebis
1559 1872 1574 1923 ;
1606 1855 1876 1924 maxime,
1910 1855 1958 1909 si
2006 1854 2328 1923 secundum
2382 1854 2727 1910 mandatum
2776 1870 2973 1911 meum
3022 1851 3343 1925 servaveris
3392 1866 3477 1905 ea.
3510 1846 3635 1927 Dico
3660 1847 3738 1925 ei:

376 1937 671 2010 Quidquid
703 1939 846 1994 mihi
879 1943 1239 2013 prmoeperis,
1272 1944 1525 2011 domine,
1558 1946 1833 2001 servabo:
1867 1945 1987 2001 scio
2018 1944 2172 2003 enim
2204 1948 2259 2001 te
2291 1961 2519 2001 mecum
2552 1945 2839 2001 futurum.
2874 1945 3002 2011 Ero,
3035 1943 3251 2015 inquit,
3283 1946 3502 2019 tecum,
3536 1940 3629 2027 qui

375 2030 741 2105 propositum
773 2031 971 2088 habes.
1005 2033 1113 2102 Sed
1146 2038 1202 2088 et
1230 2050 1363 2089 cum
1396 2036 1668 2093 omnibus
1699 2052 1815 2102 ero,
1848 2035 2188 2109 quicunque
2218 2036 2377 2099 idem,
2408 2035 2773 2107 propositum
2805 2034 3120 2105 habuerint
3148 2033 3284 2107 (12).
3318 2030 3611 2117 Jejuniuim
3628 2030 3739 2117 hoc,

379 2116 590 2191 inquit,
622 2121 930 2177 custoditis
962 2122 1257 2181 mandatis
1288 2123 1539 2195 Domini,
1569 2124 1736 2181 valde
1769 2124 1984 2209 bonum
2014 2106 2124 2195 est.
2159 2124 2252 2180 Sic
2284 2106 2466 2197 igitur
2495 2106 2755 2185 servabis
2783 2123 2930 2179 illud
2959 2123 3104 2197 (13).
3164 2106 3169 2107 ί
3264 2116 3267 2121 ’
3516 2112 3519 2115 λ
3552 2106 3577 2119 ⁴’
3695 2106 3699 2117 ⁸

449 2234 711 2294 Primum
741 2237 1007 2297 omnium
1037 2255 1175 2295 cave
1205 2239 1276 2297 ab
1303 2240 1463 2296 omni
1494 2241 1725 2312 probro,
1758 2245 1815 2299 et
1859 2241 2015 2313 turpi

2198 2240 2311 2312 (14)
2367 2242 2591 2314 Πρῶτον
2635 2235 2849 2295 πάντων
2882 2236 3133 2315 φύλαξαι
3183 2234 3601 2311 νηπεύεινγάπὸ,
3634 2253 3743 2293 παυς

371 2324 568 2393 verbo,
599 2328 656 2381 et
702 2324 783 2383 ab
825 2326 985 2383 omni
1034 2328 1207 2383 noxia
1254 2329 1607 2400 cupiditate;
1658 2334 1717 2385 et
1769 2328 1956 2401 puriﬁi

2156 2327 2213 2390 ὸς
2248 2327 2491 2403 ῥήματος
2520 2330 2789 2401 πονηροῦ,
2848 2325 2940 2385 καὶ
2988 2324 3158 2395 ἀκοῆς
3201 2328 3495 2401 πονηρᾶς·
3542 2321 3626 2379 καὶ
3664 2339 3739 2395 κα-

373 2428 615 2471 seusum
665 2419 833 2471 tuum
882 2415 955 2472 ab
1001 2416 1163 2479 omni
1210 2417 1464 2474 vanitate
1493 2417 1692 2477 saeculi
1727 2418 1958 2488 hujus.

2153 2414 2342 2493 ,ἀρισόν
2394 2437 2489 2471 σου
2528 2417 2629 2485 τὴν
2665 2413 2885 2490 καρδίαν
2940 2413 3047 2471 ἀπὸ
3077 2411 3279 2493 παντὸς
3311 2411 3613 2487 μολυσμοῦ,
3660 2406 3738 2481 ut

373 2500 495 2558 haec
524 2502 889 2573 custodieris,
921 2504 1033 2561 erit
1064 2504 1172 2561 hoc
1193 2506 1491 2578 jejunium
1509 2509 1760 2577 justum.
1795 2507 1888 2565 Sic
1919 2522 1958 2562 ei

2157 2505 2506 2576 ινησικακίας,
2568 2504 2657 2560 καὶ
2706 2501 3146 2582 αἰσχροκερδίας.
3219 2502 3329 2567 Καὶ
3389 2500 3450 2569 ἐκ

377 2605 450 2665 go
480 2590 674 2649 facies.
708 2593 964 2653 Peractis
994 2610 1120 2666 quas
1158 2612 1336 2667 supra
1357 2596 1576 2667 scripta
1605 2600 1765 2664 sunt,
1798 2595 1895 2652 illo
1925 2596 1959 2650 d

2157 2593 2420 2669 ηπεύεις,
2470 2594 2757 2670 ἆρκὲσθητι
2805 2591 2953 2670 ἄρτῳ
3003 2591 3095 2655 καὶ
3142 2589 3420 2669 λαχάνοις,
3458 2588 3547 2655 καὶ
3592 2585 3742 2657 ὕδατι,

380 2695 496 2752 quo
518 2680 840 2752 jejunabis,
874 2681 1019 2738 nihil
1052 2683 1290 2739 omnino
1330 2685 1622 2757 gustabis,
1655 2685 1768 2741 nisi
1808 2701 1965 2758 panei

2161 2683 2463 2760 ὖχαριοτῶν
2516 2687 2595 2756 τῷ
2640 2686 2793 2756 Θεῷ⁶
2843 2680 3192 2760 συμψηφίσας
3242 2678 3305 2745 δὲ
3356 2685 3467 2750 τῆν
3499 2676 3746 2748 item“

378 2773 438 2825 et
466 2786 677 2841 aquam
707 2787 720 2839 ;
749 2775 805 2825 et
824 2776 1157 2842 computata
1177 2774 1499 2845 quantitate
1514 2773 1630 2830 cibi
1661 2791 1835 2845 quem
1859 2778 1963 2829 cast

2160 2778 2228 2842 ἧς
2279 2770 2521 2843 δαπάνης
2575 2775 2675 2826 τοῦ
2732 2770 2973 2847 ἀρίστου,
3029 2768 3093 2826 οὗ
3146 2767 3385 2843 ἔμελλες
3434 2764 3745 2849 ἒσθίεινῖηςςῗ

380 2856 462 2914 ris
492 2857 698 2915 diebus
728 2864 1096 2917 comesturus
1143 2878 1294 2933 eras,
1345 2868 1647 2934 sumptum
1698 2863 1811 2919 diei
1860 2863 1965 2921 illii

2159 2859 2334 2931 κείνην
2365 2861 2464 2930 τήν
2492 2859 2731 2937 ἠμάραν,
2748 2857 2839 2923 δὸς
2861 2861 3038 2936 χήρᾳ,
3060 2860 3095 2928 ἢ
3116 2858 3393 2937 ὀρφανῷἢ
3417 2854 3744 2934 στερουμένῳ,

376 2962 552 3019 quem
583 2947 844 3004 facturus
875 2965 1030 3020 eras,
1062 2967 1329 3022 repones,
1360 2955 1417 3007 et
1448 2952 1615 3007 dabis
1646 2953 1780 3022 (l5),
1810 2952 1961 3007 νὶᾶυε

2161 2951 2264 3027 τρὸς
2291 2949 2347 3004 ὅν
2380 2946 2447 3018 δὴ
2482 2954 2664 3028 σαφῶς
2696 2949 2985 3024 ἐμπλήσας
3012 2950 3112 3018 τὴν
3137 2948 3336 3031 ἑαυῖοῦ
3357 2942 3746 3031 ψυχήνβῦξεται

375 3035 738 3109 pupillo,aut
760 3037 945 3108 in0pi;
973 3044 1030 3095 et
1058 3039 1144 3095 sic
1173 3041 1612 3097 consummabis
1628 3041 1957 3097 humilitate

2164 3040 2262 3115 πὲρ
2324 3042 2420 3094 acii
2454 3038 2591 3115 πρὸς
2647 3037 3036 3115 Κύριον.”Εὰν
3084 3035 3175 3093 οὖν
3224 3028 3458 3119 τελέα-ης
3518 3037 3615 3104 τήν
3674 3028 3749 3103 νη·

384 3122 596 3181 animas
623 3129 739 3182 tum
764 3150 778 3185 :
811 3130 877 3181 ut
903 3127 1001 3197 qui
1031 3143 1101 3183 ex
1128 3144 1195 3184 eo
1225 3129 1529 3199 acceperit,
1563 3129 1735 3185 satiet
1762 3129 1969 3185 animai

2161 3127 2332 3195 τείαν,
2365 3128 2439 3190 ὡς
2469 3126 2818 3202 ἐνετειλάμην
2856 3148 2963 3201 σοι,
2996 3125 3143 3203 ἔσται
3171 3129 3208 3196 ἡ
3267 3124 3429 3181 θυσία
3476 3146 3571 3180 σου
3613 3118 3746 3201 δεκτῆ

382 3229 571 3283 suam,
603 3218 659 3270 et
687 3231 791 3286 pro
829 3219 886 3272 te
917 3216 1085 3272 adeat
1110 3216 1423 3273 Dominum
1450 3222 1633 3273 Deum
1665 3218 1847 3281 oratio
1868 3218 1962 3289 eju

2169 3217 2360 3272 ιώπιον
2393 3216 2613 3292 Κυρίου,
2643 3215 2733 3271 καὶ
2774 3215 3191 3295 ἐγγεγραμμὲνη
3340 3217 3461 3295 τοῖς
3512 3211 3754 3289 οὐρανοῖς,

382 3301 444 3360 Si
474 3302 654 3375 igitur
673 3303 756 3360 sic
782 3307 1279 3363 consummaveris
1293 3307 1589 3378 jejunium
1612 3311 1801 3379 tuum,
1825 3324 1967 3379 quen

2169 3327 2184 3360 ν
2234 3303 2418 3380 ἡμέρᾳ
2464 3312 2566 3375 τῆς
2618 3292 3029 3367 ἀνταποδόσεως
3058 3307 3169 3360 τῶν
3200 3292 3623 3380 ἡτοιμασμένων
3645 3299 3754 3375 ἀγί-

379 3391 701 3471 admodum
752 3394 1024 3466 principio
1076 3394 1205 3465 tibi,
1240 3395 1351 3451 erit
1400 3394 1593 3452 hostia
1640 3400 1740 3452 tua
1788 3412 1961 3468 accep

1087 3394 1205 3465 tibi,
1240 3395 1351 3451 erit
1400 3394 1593 3452 hostia
1640 3400 1740 3452 tua
1788 3401 2023 3468 accepta
2131 3396 2239 3449 θῶν
2271 3398 2391 3457 τοῖς
2421 3391 2672 3457 δικαίοις.

382 3480 648 3583 Domino,
681 3487 739 3539 et
793 3482 1082 3540 scribetur
1130 3483 1240 3541 hoc
1287 3485 1581 3556 jejunium
1638 3488 1828 3541 tuum.
1862 3484 1993 3583 {Iaso
2039 3484 2212 3571 statio
2269 3485 2353 3542 sic
2408 3489 2538 3542 acta
2592 3484 2705 3558 (16)
2758 3488 2844 3540 est
2894 3484 3068 3552 bona,
3095 3481 3301 3539 hilaris
3331 3486 3392 3540 et
3420 3484 3649 3557 accepta
3669 3478 3758 3551 Do:

380 3580 563 3627 mino.
1882 3580 1891 3583 V
3572 3580 3575 3583 λ

1646 3664 1796 3719 Hinc
1822 3668 2178 3735 Amoenus,
2208 3662 2444 3721 humilia
2460 3665 2516 3719 7.

442 3766 725 3839 Jejunium
760 3769 911 3824 enim
938 3784 1124 3824 verum
1170 3773 1268 3840 est,
1318 3784 1431 3826 non
1475 3768 1638 3826 modo
1674 3785 1730 3824 se
1776 3768 2021 3825 tabidum

2199 3767 2442 3839 Νηστεία
2487 3768 2591 3843 γὰρ
2640 3763 2880 3836 ἀληθινή
2939 3764 3079 3839 ἐστιν
3127 3763 3190 3845 οὐ
3253 3762 3424 3843 μόνον
3467 3764 3532 3819 τὸ
3592 3759 3754 3833 ἑαυτὸν¹

374 3856 586 3927 facere,
616 3846 709 3912 sed
745 3860 800 3912 et
845 3859 1207 3928 quantitatem
1255 3861 1505 3929 sumptus
1551 3874 1711 3929 quem
1756 3862 1959 3914 comest;

2173 3857 2390 3929 ιτήξειν,
2440 3854 2587 3911 ἀλλὰ
2644 3855 2735 3911 καὶ
2790 3857 2890 3926 τὴν
2940 3854 3219 3929 ποσότητα
3266 3861 3373 3929 τῆς
3425 3851 3679 3925 δαπάνης,
3704 3849 3758 3923 ἦν

379 3960 477 3999 rus
506 3948 643 4015 erat,
674 3946 816 4001 dare
843 3945 1022 4001 viduae
1053 3948 1107 4001 et
1135 3947 1291 4016 inopi
1319 3965 1338 4001 :
1368 3928 1432 4001 ut
1481 3928 1577 4018 qui
1614 3949 1899 4017 acceperit,
1927 3963 1964 4001 Si

2176 3944 2364 4000 ιελλεν
2395 3943 2608 4013 ἐσθίειν,
2671 3941 2851 3999 δοῦναι
2886 3928 3060 4023 χήρᾳ,
3092 3943 3128 4012 ἢ
3162 3928 3377 4021 πτωχῷ
3408 3964 3422 3977 ·
3458 3939 3551 3996 ’ἵνα
3580 3941 3606 3996 ὁ
3635 3938 3761 4006 εἰλη-

381 4033 579 4103 tiatus,
609 4037 725 4089 oret
750 4050 849 4105 pro
869 4049 949 4106 eo,
979 4043 1033 4090 et
1062 4044 1279 4107 accepta
1306 4034 1409 4107 ﬁat
1440 4041 1554 4092 Deo
1582 4036 1756 4090 hostia
1784 4036 1924 4106 ejus.

2176 4034 2268 4103 ὼς,
2304 4032 2660 4107 ἐμπλησθεὶς,
2695 4030 2910 4106 εὔξηται
2944 4032 3076 4108 ὑπὲρ
3107 4030 3293 4103 αὐτοῦ,
3326 4031 3422 4088 καὶ
3455 4027 3761 4110 δεκτήγένηέ

448 4112 453 4125 “
2134 4142 2220 4177 ται
2251 4124 2286 4192 ἡ
2318 4120 2473 4177 θυσία
2495 4121 2660 4176 αὐτοῦ
2691 4121 2837 4199 παρὰ
2864 4124 2943 4192 τῷ
2975 4117 3110 4193 Θεῷ.
3346 4114 3347 4117 η

384 4216 518 4268 Haec
548 4216 613 4268 tu
640 4213 689 4277 si
720 4212 1038 4270 servaveris
1066 4230 1201 4270 cum
1234 4212 1434 4270 liberis
1463 4213 1583 4271 tuis
1612 4216 1669 4269 et
1695 4216 1818 4269 tota
1847 4213 2020 4269 domo
2050 4215 2174 4280 tua,
2206 4210 2511 4267 custoditis
2551 4211 2644 4266 his
2675 4210 2811 4267 felix
2860 4212 2968 4285 (17)
3001 4209 3137 4267 eris.
3168 4210 3239 4266 Et
3292 4210 3632 4285 quicunque
3671 4207 3769 4264 haec

385 4302 585 4385 audita
614 4302 1012 4385 custodierint,
1043 4303 1239 4360 felices
1268 4306 1478 4373 erunt;
1511 4306 1567 4360 et
1596 4302 1876 4376 quidquid
1911 4301 2185 4375 petierint
2217 4318 2251 4356 a
2288 4300 2555 4372 Domino,
2579 4298 2944 4357 obtinebunt.
3212 4296 3213 4301 “
3326 4294 3331 4301 “
3496 4288 3499 4293 ’
3580 4299 3584 4302 ⁴

1915 4434 2147 4497 CAPUT
2187 4435 2273 4494 IV.

458 4544 530 4601 Et
554 4548 823 4617 precatus
852 4544 965 4618 (18)
995 4502 1129 4601 sum
1158 4561 1316 4616 eum,
1348 4549 1415 4601 ut
1445 4543 1590 4600 mihi
1622 4543 1956 4617 explanaret
1984 4542 2137 4599 hanc
2181 4540 2632 4599 similitudinem
2663 4541 2734 4596 de
2784 4540 2963 4597 fundo
3011 4542 3069 4601 et
3114 4538 3379 4609 domino.
3412 4556 3489 4601 ac
3530 4537 3691 4597 vinea
3726 4536 3773 4591 et

388 4651 553 4693 servo
584 4634 681 4707 qui
715 4633 1085 4707 depalaverat
1107 4634 1336 4692 vineam
1356 4650 1369 4691 :
1386 4638 1442 4690 et
1467 4632 1664 4691 herbis
1695 4649 1822 4705 qua:
1852 4636 2120 4697 extractas
2150 4632 2223 4690 de
2253 4631 2423 4691 vinea
2450 4634 2647 4700 erant;
2672 4632 2728 4686 et
2749 4629 2819 4685 de
2840 4627 2958 4685 ﬁlio
2988 4632 3046 4686 et
3065 4628 3139 4685 de
3162 4628 3563 4701 amicis,quod
3581 4628 3638 4682 in
3657 4640 3768 4682 con-

1562 4749 1806 4807 VARIIE
1844 4747 2234 4805 LECTIONES
2272 4748 2364 4803 ET
2403 4746 2642 4803 NOT/E.

482 4858 516 4914 3

459 4857 482 5141 ί

518 4858 540 5145 Ξ

570 4858 770 4931 Lamb.
804 4857 1196 4931 dissimulapit.
2213 4854 2326 4931 (18)
2358 4853 2562 4931 Lamb.
2595 4852 2857 4931 Siigitur
2880 4851 3189 4931 servaveris
3209 4849 3361 4931 illud
3391 4852 3661 4931 primum.

485 4858 516 4914 3
570 4858 770 4916 Lamb.
804 4857 1196 4915 dissimulavit.
2238 4855 2304 4909 13
2358 4855 2562 4911 Lamb.
2595 4855 2655 4915 Si
2683 4855 2857 4923 igitur
2882 4855 3189 4921 servaveris
3217 4855 3361 4917 illud
3391 4855 3661 4923 primum.

485 4858 540 5069 4i
568 4930 770 4985 Lamb.
804 4938 854 4986 et
870 4930 1013 5055 {coit
1042 4927 1221 4999 ﬁlius.
2213 4855 2326 5069 ξω)
2358 4922 2969 4981 Pseudo-Athanasius
3001 4926 3167 5024 num:
3201 4921 3466 5005 16,.pag.
3495 4918 3624 5006 261.
3653 4993 3665 5003 .

485 5003 520 5057 5
572 5002 711 5058 Mss.
742 5003 869 5069 Aug
899 5045 911 5058 .
944 5002 1066 5056 dies
1094 5015 1322 5069 paucos.
2240 4998 2326 5066 15)
2359 4997 2562 5052 Lamb.
2598 4995 2751 5068 apud
2784 4994 3007 5050 Fellum
3040 5009 3127 5069 sic
3153 5036 3171 5069 ._
3199 4993 3587 5069 cibi,czta:i_s
3606 4992 3665 5069 dy

484 4988 540 5077 5)
571 4988 911 5077 Mss._Angl.
944 4988 1066 5056 dies
1094 5015 1322 5077 paucos.
1359 5073 1372 5077 Α
1745 5070 1755 5077 ³
1800 5071 1811 5077 _
1969 5070 2003 5077 Α.
2215 4988 2326 5069 (15)
2359 4997 2562 5052 Lamb.
2598 4995 2751 5068 apud
2784 4994 3007 5050 Fellum
3040 4993 3127 5077 sic
3153 5011 3172 5077 ξ
3199 4988 3587 5077 σαὶ*ῳὲ

832 5056 1136 5129 convocatis
1158 5056 1167 5057 ί
1185 5070 1593 5144 paterfamilias
1639 5070 1837 5127 amicis
1884 5070 2031 5126 anti-
2145 5056 2270 5151 quae
2296 5056 2694 5151 comesturus..."
2728 5082 3018 5151 repouens,
3054 5056 3485 5151 ’άαδίεέμᾲρυά
3511 5056 3766 5151 Geticum

393 5136 538 5225 quis;
567 5145 738 5225 ηιάςίες
1066 5219 1076 5225 .
1185 5136 1200 5143 ’
1340 5136 1349 5144 ’
2145 5136 2341 5225 autem
2370 5140 2453 5225 ite
2484 5156 2503 5225 =.
2527 5136 3025 5225 φήησκέέεῖίδέίτιεν
3060 5151 3185 5225 (1%”
3213 5136 3471 5225 «ante
3490 5148 3768 5225 ςνειε-κζες

487 5204 542 5289 7)
574 5216 772 5271 Lamb.
803 5204 1097 5298 sufﬁceret.

489 5289 543 5370 ξ)
575 5288 777 5370 Lamb.
810 5286 911 5370 8m
938 5295 1124 5370 autem
1149 5292 1356 5358 praeter
1380 5300 1445 5341 ea
1474 5300 1639 5355 quam
1667 5284 1827 5356 quod.

2182 5212 2303 5267 onis
2332 5218 2382 5266 et
2411 5209 2588 5266 dabis.
2620 5204 2692 5265 At
2719 5207 2858 5265 edit.
2891 5204 3089 5265 Oxon.“
3105 5204 3327 5280 sepone:
3348 5210 3406 5264 et
3426 5204 3605 5271 dabis.
3628 5208 3763 5279 ﬂues

2178 5299 2339 5370 acum
2369 5282 2607 5370 respicit
2634 5280 2955 5370 Aptiochus
2986 5278 3191 5351 bomil.
3221 5279 3277 5336 7.

488 5354 544 5429 9)
575 5360 776 5415 Lamb.
807 5359 1020 5430 feceris.
1149 5354 1160 5358 ’
1482 5354 1497 5355 ί
1675 5354 1690 5356 ἡ
2243 5354 2330 5422 16)
2365 5355 2562 5409 Lamb.
2585 5356 2753 5424 gesta.

491 5432 579 5498 10)
610 5432 749 5486 Mss.
783 5428 950 5498 Angl.
984 5430 1252 5498 acquires.
1466 5497 1473 5498 γ
2216 5356 2348 5498 (17).
2385 5425 2585 5481 Lamb.
2615 5423 2818 5480 salvus.
2852 5423 2922 5478 Et
2950 5421 3123 5495 paulo
3173 5424 3322 5496 post,
3351 5419 3511 5478 salvi
3558 5436 3657 5497 pro
3696 5419 3762 5491 [te

491 5497 578 5558 11)
614 5503 807 5558 Lamb.
842 5497 1142 5557 honestior.
1176 5499 1270 5555 Sic
1298 5501 1357 5553 et
1386 5497 1596 5554 Fellus.
2147 5498 2301 5554 lices.

488 5565 577 5641 12)
607 5574 701 5630 Sic
732 5590 874 5629 mss.
904 5571 1052 5629 Vict.
1085 5575 1275 5631 Carm.
1316 5573 1373 5627 et
1415 5569 1614 5633 Lamb.
1647 5569 1741 5625 Sic
1792 5573 1847 5625 et
1892 5569 2029 5625 edit.
2214 5566 2324 5639 (18)
2353 5568 2493 5625 Mss.
2525 5565 2694 5641 Angl.
2727 5566 3072 5641 deprecatus.

491 5428 557 5485 10
610 5432 749 5486 Mss.
783 5428 950 5502 A‘ngl.
984 5430 1252 5501 acquires.

491 5504 550 5556 11
614 5503 807 5558 Lamb.
842 5501 1142 5557 honestior.
1176 5499 1252 5555 Sit

491 5433 579 5646 12%
607 5574 701 5646 Sic
732 5590 874 5646 mss.
904 5571 1052 5629 Vict.
1085 5575 1252 5631 Carm

394 5641 572 5709 Oxon;
603 5644 693 5701 Al.
726 5644 942 5701 habent.
