4014 6226
313 408 423 496 681
1428 430 1756 491 PASTOR.
1790 454 1866 473 —~-

2125 430 2207 504 λιι,
2254 429 2487 491 SlMlL.
2538 431 2612 492 v.
3593 428 3710 504 ωε

312 566 451 661 silio
491 580 857 638 adhbiuerat.
892 579 1151 637 Intellexi
1175 577 1351 648 enim,
1385 595 1512 636 esse
1540 579 1679 635 illud
1714 578 2179 634 similitudinem.
2220 579 2314 634 Ait
2361 579 2504 634 mihi
2532 596 2543 635 :
2575 579 2754 636 Valde
2786 582 2973 638 audax
3005 600 3067 639 es
3097 585 3168 640 ad
3209 586 3706 661 interrogandum.

306 671 466 741 Nihil
484 671 643 753 enim
667 671 844 727 debes
904 669 1266 753 interrogare
1298 687 1310 725 :
1346 687 1483 725 nam
1515 670 1564 725 si
1621 669 1942 741 oportuerit
1986 669 2396 736 demonstrari,
2439 670 2931 726 demonstrabitur
2960 673 3089 728 tibi.
3123 674 3265 749 Dico.
3289 676 3341 731 ei
3374 693 3388 733 :
3446 679 3710 752 Domine,

309 748 671 833 quaecunque
699 748 1024 837 ostenderis
1054 756 1220 824 mihi,
1246 752 1361 813 nec
1386 757 1791 823 declaraveris,
1824 758 2041 812 frustra
2082 757 2274 813 videro
2323 757 2431 829 (19)
2463 757 2582 823 illa,
2617 758 2666 814 si
2694 758 2813 835 non
2856 758 3188 818 intellexero
3232 764 3512 833 quidnam
3570 748 3709 838 sint,

310 853 370 906 et
399 840 816 905 similitudines
846 847 897 903 si
927 864 1074 919 quas
1105 838 1497 919 proposueris,
1530 851 1587 902 et
1618 864 1730 902 non
1771 847 2127 918 exposueris,
2168 846 2388 901 frustra
2418 847 2654 902 audiero
2676 848 2786 919 (20)
2810 865 2928 904 eas.
2959 848 3278 921 Respondit
3307 852 3451 909 mihi
3483 864 3711 928 rursus,

312 937 553 994 dicens:
587 936 932 1008 Quicunque
959 936 1060 992 Dei
1091 952 1291 992 servus
1322 940 1429 1004 est,
1458 935 1889 1006 Dominumque
1921 935 2034 1007 (21)
2066 934 2241 989 habet
2280 935 2338 989 in
2370 934 2701 1006 primordiis
2732 936 2878 1003 suis,
2928 937 3073 1008 petit
3102 939 3173 993 ab
3204 956 3270 995 eo
3328 941 3710 1018 intellectum,

311 1029 370 1082 et
400 1024 653 1081 obtinet:
687 1029 745 1080 et
774 1040 1008 1080 omnem
1039 1024 1489 1080 similitudinem
1521 1023 1769 1096 explicat
1798 1023 1938 1094 (‘22);
1968 1029 2026 1079 et
2055 1022 2329 1095 intelligit
2358 1024 2531 1079 verba
2560 1023 2814 1093 Domini,
2847 1042 2972 1097 quae
2994 1025 3368 1097 inquisitione
3388 1037 3559 1104 egent
3577 1034 3714 1107 (23).

316 1111 685 1183 Quicumque
706 1129 839 1169 vero
869 1113 1085 1169 inertes
1115 1118 1255 1169 sunt
1276 1116 1334 1169 et
1363 1112 1513 1185 pigri
1542 1113 1613 1168 ad
1639 1113 1948 1179 orandum,
1980 1111 2067 1166 illi
2098 1111 2368 1166 dubitant
2397 1117 2589 1182 petere
2611 1128 2645 1167 a
2675 1113 2915 1168 Domino
2942 1130 2954 1170 :
2990 1130 3122 1169 cum
3155 1116 3231 1171 sit
3262 1117 3540 1175 Dominus
3597 1126 3720 1178 tam

316 1201 615 1275 profunda:
645 1200 946 1269 bonitatis,
972 1206 1040 1257 ut
1062 1201 1397 1274 petentibus
1429 1219 1462 1258 a
1481 1218 1542 1257 se
1573 1204 1784 1257 cuncta
1812 1201 1927 1273 (24)
1948 1200 2075 1256 sine
2104 1200 2537 1256 intermissione
2570 1200 2805 1257 tribuat.
2840 1202 2923 1257 Tu
2948 1218 3105 1275 ergo,
3130 1204 3227 1276 qui
3252 1208 3633 1267 conﬁrmatus
3656 1228 3719 1268 es

319 1291 393 1349 ab
421 1289 519 1346 illo
538 1289 1079 1365 venerabili'nuntio
1111 1290 1244 1363 (‘25),
1269 1295 1326 1346 et
1355 1291 1626 1363 accepisti
1684 1289 2007 1346 orationem
2049 1293 2183 1345 tam
2224 1292 2541 1361 potentem,
2571 1305 2704 1345 cum
2737 1289 2900 1362 piger
2927 1308 3042 1346 non
3086 1292 3189 1360 sis,
3247 1310 3352 1350 cur
3371 1297 3498 1367 jam
3526 1316 3563 1355 a
3606 1300 3724 1358 Do-

319 1378 476 1437 mino
511 1372 873 1459 intellectum
904 1392 1019 1435 non
1052 1380 1223 1451 petis,
1257 1384 1313 1435 et
1344 1378 1556 1451 accipis
1582 1378 1611 1434 ?
1642 1378 1773 1434 Dico
1804 1378 1855 1434 ei
1890 1378 2053 1434 :Cum
2084 1381 2140 1433 te
2171 1383 2515 1449 praesentem
2548 1377 2817 1446 habeam,
2851 1394 3087 1435 necesse
3114 1385 3203 1437 est
3230 1386 3296 1438 ut
3338 1401 3372 1439 a
3418 1389 3474 1441 te
3504 1392 3724 1460 petam,

316 1462 376 1535 δι
398 1466 801 1542 interrogem;
833 1470 1086 1524 tu'enim
1118 1468 1316 1525 omnia
1346 1467 1490 1524 mihi
1520 1468 1806 1532 ostendis,
1831 1472 1887 1524 et
1911 1467 2186 1540 loqueris.
2220 1483 2353 1522 cum
2385 1468 2542 1523 ades.
2580 1467 2723 1525 Nam
2745 1468 2938 1540 (26)‘si
2967 1468 3094 1525 sine
3127 1475 3181 1526 te
3210 1485 3280 1528 ea
3317 1473 3594 1547 viderem,
3636 1480 3730 1538 vel

335 1555 1133 1629 andir’em,"tunc‘Dominum
1166 1572 1453 1632 rogarem,
1485 1562 1550 1614 ut
1578 1558 1909 1614 ostenderet
1937 1554 2052 1629 (57)
2082 1555 2248 1611 mihi.

1853 1654 2081 1712 CAPUT
2136 1652 2202 1710 V.

384 1730 825 1819 Et’respOndit’:
850 1734 1263 1801 ‘DiXeram‘tibi
1290 1743 1463 1815 paulo
1486 1747 1639 1815 ante,
1674 1740 1953 1799 callidum
1974 1745 2031 1797 te
2059 1757 2186 1797 esse
2217 1745 2274 1796 et
2295 1740 2598 1809 audacem,
2644 1741 2746 1812 qui
2778 1741 3097 1799 solutiones
3126 1745 3580 1807 similitudinum
3623 1751 3726 1809 'in-

322 1833 754 1907 terrogas.'Sed
786 1833 924 1906 quia
953 1832 1065 1907 (28)
1085 1832 1167 1889 ita
1196 1840 1326 1891 sese
1351 1833 1634 1906 pertinax,
1657 1832 1879 1888 solvam
1899 1830 2006 1887 tibi
2039 1830 2190 1887 hanc
2214 1846 2391 1902 quam
2423 1828 2716 1887 desideras
2748 1831 3215 1902 similitudinem,
3239 1840 3303 1891 ut
3322 1838 3597 1897 omnibus
3627 1849 3727 1899 no-

326 1922 449 1981 tam
484 1921 663 1981 facias
691 1924 841 1979 eam.
876 1920 1228 1990 'Audi‘nunc,
1260 1921 1472 1995 inquit,
1504 1925 1561 1977 et
1589 1920 1818 1994 percipe
1839 1918 2055 1976 animo.
2091 1919 2301 1975 Orbem
2332 1921 2619 1975 terrarum
2652 1920 2870 1976 fundus
2901 1919 2997 1977 ille
3027 1921 3336 1996 signiﬁcat,
3360 1926 3461 1998 qui
3481 1926 3541 1984 in
3561 1929 3727 1987 simi-

328 2011 637 2069 litudinem
668 2015 756 2069 est
785 2011 1032 2085 positus.
1063 2011 1347 2069 Dominus
1377 2014 1573 2067 autem
1608 2009 1769 2064 fundi
1796 2010 2231 2065 demonstratur
2259 2024 2387 2064 esse
2417 2006 2488 2075 is,
2521 2009 2621 2079 qui
2653 2010 2870 2065 creavit
2907 2015 3116 2075 cuncta
3172 2016 3230 2068 et
3276 2018 3726 2091 consummavit,

325 2105 385 2158 et
410 2101 685 2157 virtutem
716 2099 834 2156 illis
864 2100 1043 2156 dedit.
1069 2098 1248 2156 Filius
1276 2103 1494 2167 autem,
1528 2098 1781 2170 Spiritus
1804 2101 2043 2153 sanctus
2075 2101 2201 2165 est;
2234 2112 2435 2152 servus
2472 2113 2604 2152 vero
2635 2096 2753 2168 ille,
2779 2096 2959 2154 Filius
2994 2098 3093 2156 Dei
3118 2105 3247 2164 est;
3295 2102 3463 2160 vinea
3510 2110 3728 2179 autem,

329 2188 585 2261 populus
605 2188 695 2245 eet
723 2192 896 2260 quem
924 2191 1122 2244 servat
1150 2187 1275 2259 ipse
1308 2204 1321 2255 ;
1356 2187 1473 2260 pali
1497 2196 1653 2255 vero,
1684 2186 1878 2242 nuntii
1903 2189 2063 2252 sunt,
2090 2185 2189 2257 qui
2221 2185 2527 2240 a‘Domino
2558 2186 2853 2259 praepositi
2885 2192 3024 2243 sunt
3057 2189 3127 2243 ad
3160 2192 3577 2251 continendum
3621 2213 3731 2268 po-

325 2276 532 2349 pulum
555 2279 683 2349 ejus
716 2276 947 2345 ;herbae
978 2280 1171 2332 autem
1205 2292 1331 2348 quis
1363 2277 1575 2332 evulsas
1607 2280 1747 2332 sunt
1776 2277 1847 2331 de
1875 2275 2062 2339 vinea,
2085 2273 2344 2329 admissa
2366 2274 2481 2346 (29)
2511 2280 2650 2330 sunt
2673 2292 2969 2332 servorum
3000 2276 3098 2332 Dei
3135 2294 3147 2333 :
3182 2279 3294 2334 cibi
3318 2297 3450 2337 vero
3482 2299 3627 2355 quos
3658 2286 3729 2342 de

327 2382 486 2423 cena
516 2365 676 2422 misit
703 2365 810 2433 illi,
843 2366 1121 2421 mandata
1150 2370 1289 2421 sunt
1310 2382 1436 2436 quas
1470 2383 1571 2437 per
1593 2365 1805 2420 Filium
1837 2364 1995 2419 dedit
2017 2362 2230 2435 populo
2252 2380 2357 2418 suo
2383 2380 2396 2430 ;
2432 2363 2602 2418 amici
2634 2368 2827 2420 autem
2856 2364 2936 2419 illi
2961 2382 3108 2436 quos
3129 2365 3187 2421 in
3219 2368 3461 2425 consilio
3483 2372 3724 2430 advoca-

325 2454 429 2523 vit,
463 2454 658 2527 angeli
696 2455 809 2528 (30)
839 2459 979 2510 sunt
1002 2454 1193 2510 sancti
1214 2470 1361 2525 quos
1388 2455 1575 2527 primo
1598 2455 1712 2526 (31)
1741 2454 1973 2509 creavit.
2011 2452 2289 2508 Absentia
2318 2468 2451 2507 vero
2482 2451 2640 2507 illius
2672 2452 3127 2524 patrisfamilias,
3161 2459 3392 2528 tempus
3431 2464 3519 2515 est
3564 2464 3722 2534 quod

326 2543 392 2599 in
424 2543 737 2600 adventum
767 2546 896 2615 ejus
925 2548 1127 2601 restat.
1157 2543 1293 2600 Dico
1324 2544 1375 2599 ei
1400 2561 1413 2598 :
1437 2543 1701 2609 Domine,
1734 2543 2041 2615 magniﬁce
2071 2546 2127 2596 et
2157 2540 2299 2596 mire
2330 2541 2527 2596 omnia
2557 2541 2674 2597 haec
2705 2559 2767 2598 se
2796 2542 3030 2610 habent,
3062 2548 3236 2615 atque
3252 2545 3514 2615 honeste,
3546 2568 3725 2608 num-

326 2632 469 2704 quid
499 2649 657 2705 ergo,
687 2633 944 2702 domine,
966 2633 1231 2706 inquam,
1286 2633 1409 2689 hinc
1440 2637 1701 2705 poteram
1732 2630 2092 2704 intelligere?
2108 2635 2188 2686 Ne
2212 2631 2444 2701 quidem
2470 2631 2759 2703 quispiam
2785 2636 3060 2704 preterea
3084 2632 3275 2703 homo,
3299 2638 3533 2695 tametsi
3561 2641 3726 2699 valde

324 2721 586 2793 prudens
616 2720 715 2793 sit,
746 2722 958 2795 poterit
977 2721 1091 2794 (32)
1138 2721 1463 2795 intelligere
1520 2737 1608 2777 ea.
1644 2721 1755 2777 Sed
1788 2737 1945 2775 nunc
1976 2718 2119 2775 mihi
2178 2719 2533 2787 demonstra,
2566 2720 2820 2791 domine,
2851 2722 3006 2792 quod
3074 2737 3287 2793 quaero.
3318 2724 3516 2788 Quaere
3572 2730 3727 2801 quod

330 2810 423 2866 vis
452 2810 589 2883 (33),
618 2810 828 2883 inquit.
856 2812 1063 2878 Quare,
1097 2810 1361 2883 inquam,
1393 2810 1570 2867 Filius
1601 2810 1703 2867 Dei
1724 2810 1782 2866 in
1814 2808 2197 2866 similitudine
2227 2808 2355 2875 hac,
2376 2807 2582 2864 lservili
2610 2808 2735 2865 loco
2764 2809 3000 2882 ponitur
3021 2810 3049 2866 ?

1844 2906 2077 2964 CAPUT
2119 2905 2210 2961 VI.

399 2996 571 3065 Audi,
604 2994 838 3069 inquit:
872 2997 931 3052 in
960 2996 1151 3053 servili
1185 2997 1517 3054 conditione
1547 3014 1662 3053 non
1695 2997 1930 3070 ponitur
1960 2995 2141 3051 Filius
2171 2994 2295 3064 Dei,
2354 2996 2454 3050 sed
2513 3011 2726 3067 magna
2755 3000 3037 3067 potestate
3093 3002 3149 3053 et
3190 2998 3435 3071 imperio
3483 3003 3613 3075 (34).
3661 3005 3727 3061 Ei

322 3085 482 3143 dixi:
514 3085 814 3151 Quomodo
840 3086 975 3159 (35),
1009 3087 1275 3159 inquam,
1307 3086 1541 3143 domine
1564 3087 1735 3143 ?Non
1768 3085 2048 3158 intelligo.
2106 3084 2411 3149 Quoniam,
2472 3084 2682 3155 inquit,
2715 3090 2799 3141 eis
2823 3102 2970 3157 quos
3000 3087 3109 3157 (36)
3141 3087 3283 3145 Filio
3317 3107 3425 3146 suo
3461 3092 3725 3167 tradidit,

326 3173 428 3231 Fil
444 3176 536 3231 ius
556 3176 686 3247 ejus
708 3170 947 3232 nuntios
966 3176 1302 3249 praeposuit,
1324 3176 1395 3231 ad
1410 3177 1838 3232 conservandos
1857 3175 1969 3246 (37)
2000 3172 2305 3246 singulos;
2335 3171 2460 3243 ipse
2482 3178 2674 3228 autem
2700 3172 3019 3244 plurimum
3044 3174 3345 3243 laboravit,
3370 3178 3724 3251 plurimum-

329 3278 459 3336 que
478 3278 789 3336 perpessus
819 3269 927 3333 est,
956 3268 1024 3320 ut
1049 3264 1306 3321 aboleret
1334 3262 1546 3321 delicta
1574 3281 1796 3320 eorum.
1828 3262 2001 3319 Nulla
2026 3262 2181 3318 enim
2224 3261 2393 3316 vinea
2440 3264 2631 3332 potest
2688 3261 2805 3316 fodi
2846 3261 2971 3318 sine
3007 3261 3206 3321 labore
3247 3283 3314 3322 ac
3370 3267 3586 3326 dolore.
3618 3270 3727 3327 De-

324 3350 466 3408 letis
490 3350 676 3425 igitur
705 3352 955 3425 peccatis
988 3350 1187 3425 populi
1206 3352 1339 3420 sui,
1370 3352 1499 3425 ipse
1526 3353 1745 3409 eisdem
1779 3349 2124 3407 monstravit
2153 3349 2363 3404 itinera
2392 3348 2540 3417 vitae,
2574 3349 2711 3405 data
2739 3349 2824 3406 eis
2854 3350 2979 3423 lege
3008 3368 3185 3423 quam
3210 3371 3244 3409 a
3270 3355 3438 3411 Patre
3494 3373 3726 3431 accepe-

328 3445 441 3497 rat.
472 3440 647 3497 Vides
677 3441 875 3514 igitur,
908 3457 1035 3497 esse
1064 3440 1379 3496 Dominum
1429 3440 1651 3513 populi,
1684 3444 1921 3512 accepta
1948 3456 1983 3494 a
2011 3442 2180 3494 Patre
2210 3454 2317 3493 suo
2349 3436 2508 3492 omni
2552 3441 2854 3509 potestate.
2887 3442 3074 3507 Quare
3103 3446 3295 3498 autem
3328 3443 3612 3502 Dominus
3667 3447 3727 3504 in

322 3527 569 3585 consilio
591 3528 924 3585 adhibuerit
943 3527 1152 3584 Filium
1173 3528 1247 3584 de
1262 3528 1682 3595 hmreditate,et
1702 3529 1884 3584 bonos
1904 3528 2016 3600 (38)
2040 3525 2277 3598 angelos
2294 3524 2323 3578 ?
2352 3525 2497 3591 Quia
2522 3527 2761 3583 nuntius
2783 3528 2945 3583 audit
2963 3528 3127 3584 illum
3151 3531 3263 3602 (39)
3285 3532 3564 3603 Spiritum
3590 3551 3726 3591 san-

329 3617 631 3689 ctum,'qui
647 3617 1002 3689 infusus(40)
1032 3623 1121 3673 est
1150 3618 1414 3673 omnium
1434 3617 1731 3690 primusin
1747 3633 2005 3689 corpore,
2022 3617 2079 3671 in
2096 3632 2207 3685 quo
2230 3613 2517 3670 habitaret
2539 3620 2709 3671 Deus.
2734 3616 3047 3673 Collocavit
3066 3618 3219 3674 enim
3244 3635 3376 3675 eum
3400 3622 3726 3682 intellectus

324 3706 389 3761 in
419 3722 677 3778 corpore,
711 3710 780 3762 ut
807 3706 860 3761 ei
886 3702 1343 3778 videbatur(4i).
1379 3706 1497 3762 Hoc
1552 3723 1688 3780 ergo
1720 3723 1954 3778 corpus,
1984 3706 2044 3760 in
2077 3704 2231 3776 quod
2266 3703 2539 3758 inductus
2587 3705 2701 3776 (42)
2759 3710 2848 3761 est
2894 3706 3136 3778 spiritus
3169 3713 3430 3775 sanctus,
3490 3712 3725 3769 servivit

326 3793 414 3850 illi
445 3794 734 3866 Spiritui”
758 3797 922 3851 recte
952 3794 1011 3850 in
1044 3795 1333 3851 modestia
1353 3795 1663 3851 ambulans
1694 3801 1751 3852 et
1779 3798 1956 3863 caste,
1992 3808 2179 3863 neque
2208 3790 2445 3846 omnino
2478 3791 2792 3848 maculavit
2817 3793 3097 3865 Spiritum
3129 3794 3317 3852 illum.
3369 3800 3511 3854 Cum
3541 3801 3727 3873 igitur

327 3898 541 3956 corpus
570 3882 713 3939 illud
744 3884 1038 3956 paruisset
1064 3884 1224 3939 omni
1258 3888 1516 3956 tempore
1544 3885 1784 3957 Spiritui
1816 3888 2037 3950 sancto,
2073 3885 2342 3951 recteque
2362 3885 2419 3936 et
2438 3886 2593 3936 caste
2622 3881 2946 3939 laborasset
2970 3899 3104 3939 cum
3127 3900 3214 3952 eo,
3242 3901 3345 3941 nec
3375 3890 3727 3946 succubuis-

326 3975 419 4028 sct
463 3971 523 4027 in
556 3972 717 4028 omni
746 3975 1041 4045 tempore:
1077 3972 1387 4045 fatigatum
1409 3989 1619 4045 corpus
1649 3972 1793 4029 illud
1822 3970 2110 4029 serviliter
2156 3973 2561 4024 conversatum
2610 3971 2724 4039 (43)
2755 3976 2863 4033 est.
2923 3971 3023 4027 sed
3082 3972 3306 4029 fortiter
3352 3990 3484 4030 cum
3514 3977 3729 4049 Spiritu

326 4063 535 4117 sancto
562 4060 1010 4133 comprobatum
1040 4060 1156 4117 Deo
1186 4064 1483 4133 receptum
1513 4062 1626 4134 (44)
1656 4067 1763 4118 est.
1797 4060 2018 4117 Placuit
2047 4057 2224 4131 igitur
2254 4062 2366 4113 Deo
2390 4057 2729 4128 hujusmodi
2758 4060 3106 4131 (45)—potens
3157 4077 3366 4119 cursus
3392 4089 3406 4133 ;
3438 4065 3577 4136 quia
3603 4082 3731 4124 ma-

1464 4156 1713 4215 VARIIE
1773 4156 2159 4215 LECTIONES
2216 4155 2308 4210 ET
2356 4154 2590 4210 NOT/E.

403 4244 494 4306 (19
544 4243 748 4302 Lamb.
785 4244 1277 4313 demonstraveris,
1296 4248 1755 4319 ‘lrustra'videbo.
2086 4244 2222 4300 teret
2284 4247 2483 4299 eccata.

403 4245 516 4387 (20;
549 4317 751 4375 Lamb.
782 4320 1097 4387 exposueris
1124 4324 1176 4375 et
1221 4335 1332 4376 non
1387 4321 1708 4387 absolveris,
1766 4322 1974 4387 frustra
2080 4360 2084 4387 λ
2152 4261 2282 4385 (38f
2298 4318 2432 4370 Mss.
2460 4322 2483 4369 Δ

399 4315 751 4443 (ἓςέῃέαωὶ).
782 4320 1097 4390 exposueris
1124 4324 1176 4375 et
1221 4315 1332 4376 nou
1387 4321 1708 4388 absolveris,
1766 4322 1974 4391 frustra
2288 4316 2630 4454 33:11am.
2650 4315 3025 4390 honestosque.
3059 4317 3196 4374 Fel].
3230 4322 3283 4376 et
3304 4321 3466 4377 bonos
3482 4325 3725 4381 nuntios.

333 4401 592 4445 audiam.
2081 4401 2221 4442 sua:
2234 4404 2252 4440 .'
2288 4401 2445 4445 υυια.

424 4459 519 4535 es
549 4459 751 4535 ιαιιψ.
779 4462 1075 4535 Dominum
1105 4478 1281 4535 quem.
2152 4458 2264 4535 (39>
2296 4457 2495 4535 μέλεοι»
2530 4458 2691 4535 ἀθρει
2716 4456 2909 4535 ﬂium-

380 4528 516 4601 τωρ)
550 4528 747 4587 ωιτη),
1111 4528 1129 4535 ·
2158 4528 2264 4599 (40)
2298 4529 2434 4584 Mss.
2468 4528 2644 4601 Angl.
2675 4534 2731 4584 et
2748 4534 2935 4585 Carm.
2969 4536 3198 4587 creatus.

422 4600 517 4676 23)
547 4602 1277 4676 ΜεεηΑῑιεΙερυκδιίοηεπι
1301 4606 1511 4676 ferum.
1612 4653 1616 4657 .
2154 4600 2267 4668 (41)
2302 4601 2498 4676 Lamb.
2532 4600 2594 4654 iu
2622 4615 2838 4676 corpore
2884 4604 3023 4672 quod
3047 4619 3077 4658 e
3131 4602 3437 4659 videbatur.
3495 4606 3603 4661 Hoc
3648 4621 3729 4662 er-

426 4671 518 4745 24)
550 4673 752 4745 Lamb.
780 4671 844 4730 et
862 4671 1004 4730 Vict.
1037 4677 1271 4731 cunctis.
1301 4671 1312 4676 ⁷
1698 4744 1705 4745 7
1804 4744 1807 4745 7
2088 4687 2152 4742 go
2182 4687 2376 4745 corpus
2400 4673 2461 4725 in
2508 4687 2611 4741 quo
2665 4671 2937 4745 habitaret
2984 4676 3141 4745 Deus,
3171 4676 3451 4731 collocavit
3507 4677 3725 4733 intelle-

425 4744 517 4817 25)
550 4744 645 4817 Sic
675 4762 817 4801 mss.
852 4745 1016 4817 Angl.
1048 4750 1105 4802 et
1136 4746 1325 4802 Carm.
1358 4746 1451 4803 Sic
1509 4750 1567 4803 et
1619 4744 1758 4801 edit.
1791 4744 1972 4801 Oxon.
2081 4742 2702 4817 ctus_7sciticet7_corpore
2729 4744 2873 4814 quod
2891 4747 2947 4800 ei
2972 4742 3279 4801 videbatur.
3314 4752 3389 4801 At
3418 4762 3529 4803 ms.
3574 4748 3720 4804 Vict.

330 4813 519 4893 Διί,ᾳᾷ
540 4816 707 4893 illius
730 4813 1000 4893 τιίέηιίοῖΔ
1121 4888 1156 4893 __
1188 4889 1196 4893 7
1275 4888 1284 4893 7
1316 4888 1325 4893 _
1444 4889 1486 4893 μ
1637 4892 1641 4893 7
2080 4813 2592 4893 intellecto_s_cilzcet
2620 4813 2841 4893 corpore
2877 4817 3017 4884 quod
3044 4825 3098 4872 et
3122 4818 3425 4893 videbatur.
3459 4848 3529 4859 —-
3555 4819 3722 4893 Hunc

386 4886 515 4959 (276)
540 4887 750 4959 Lamb.
784 4889 1026 4959 loqueris
1052 4888 1215 4943 mihi.
1247 4888 1402 4945 Ades.
1433 4889 1575 4944 Nam
1595 4892 1704 4944 etc.
2081 4884 2275 4959 locum
2297 4883 2462 4959 valde
2484 4883 2845 4959 corruptum,
2877 4904 2945 4943 ex
2965 4905 3108 4943 mss.
3132 4893 3189 4943 et
3209 4889 3529 4945 editionum
3551 4890 3723 4947 colla-

427 4955 517 5039 ῃ)
547 4958 709 5039 βοάι3
740 4955 1161 5039 demonstraret.
1219 4962 1418 5016 Lamb.
1484 4960 1971 5017 demonstraretur.
2080 4955 2620 5039 tionensiccorrigit
2650 4955 3372 5039 doctissimus77Grabiu§7z_7
3400 4964 3589 5039 Quare
3615 4978 3718 5039 au-

552 5031 751 5086 Lamb.
791 5033 1067 5101 quamuis.
2082 5031 2199 5101 tem
2218 5028 2479 5101 Dominus
2536 5028 2597 5081 in
2649 5030 2876 5084 consilio
2905 5030 3213 5085 adhibuerit
3263 5028 3465 5087 Filium
3513 5033 3578 5089 de
3609 5034 3720 5091 haz-

380 5098 521 5172 ‘(29)
549 5101 750 5172 Lamb.
773 5098 1080 5158 commissa.
2080 5098 2711 5172 reditate,_honestosque
2753 5104 2999 5171 nuntios,
3059 5104 3227 5157 audi:
3259 5102 3529 5172 Spiritum
3584 5120 3720 5159 san-

370 5232 375 5243 ,
408 5170 521 5246 (30)
552 5171 697 5246 Mss.
717 5173 883 5243 Angl.
909 5175 1119 5230 nuntii.
1152 5172 1243 5230 Sic
1263 5178 1320 5231 et
1347 5172 1487 5229 edit.
1518 5173 1696 5231 Oxon.
2081 5170 2355 5246 clum_qui7
2373 5174 2586 5246 creatus
2614 5180 2695 5225 est
2723 5170 2993 5246 omnium
3019 5176 3256 5246 primus,
3286 5170 3347 5246 in
3392 5190 3615 5246 corpOre
3660 5177 3723 5231 in

380 5240 516 5318 (31)
539 5244 745 5318 Lamb.
772 5240 998 5317 primos.
2082 5259 2188 5312 quo
2212 5240 2496 5318 habitaret
2530 5240 3055 5318 7Deu§_,_collocavit';
3104 5245 3165 5300 in
3222 5244 3419 5300 detecto
3474 5240 3718 5318 corpore,

404 5312 519 5389 (32)
554 5316 751 5389 Lamb.
772 5312 881 5389 'qui
895 5318 1087 5389 possit.
1242 5387 1250 5389 7
1274 5387 1285 5389 7
2083 5312 2630 5389 WWﬂiﬂidebatu’?
2654 5313 2823 5389 WAK'

432 5385 525 5460 33)
545 5387 695 5460 Mss.
728 5382 909 5460 Anglf
928 5386 1048 5455 Die,
1078 5389 1131 5443 si
1158 5387 1287 5458 quid
1313 5390 1413 5442 vis.
1848 5459 1852 5460 7
2090 5382 2106 5383 ἡ
2153 5384 2265 5460 (427)
2299 5382 2437 5438 Mss.
2469 5383 2638 5455 Angl.
2672 5386 2731 5439 in
2760 5401 2860 5456 quo
2888 5385 3162 5442 deductus.
3197 5386 3291 5442 Sic
3320 5390 3376 5442 et
3402 5385 3557 5442 Vict.
3589 5387 3724 5444 abs-

427 5456 685 5530 34)Mss.
727 5456 889 5530 Angl.
922 5456 1181 5530 Μαθηαηὶ
1206 5463 1527 5530 potestatem
1555 5466 1606 5514 et
1654 5459 1971 5529 imperium.
2084 5471 2199 5530 que
2215 5456 2305 5530 jn.

429 5526 520 5601 35)
550 5530 750 5585 Lamb.
810 5526 873 5585 Et
903 5526 1031 5586 dixi
1049 5548 1068 5585 :
1091 5526 1575 5601 Quemadmodum.
1738 5526 1748 5529 ⁷
2104 5526 2116 5527 ί
2153 5526 2259 5601 (43)
2296 5526 2504 5601 Eamb;
2524 5536 2914 5601 εοηδσνυαωηῑο

431 5596 751 5721 ῗὲἓειιαωι).
783 5618 909 5657 eum
935 5596 1126 5673 quem:
1146 5604 1241 5657 'Et
1295 5617 1464 5657 mox:
1521 5611 1573 5657 et
1626 5603 1800 5657 Filius
1855 5603 1975 5673 ejus
2080 5596 2657 5721 ϐξεῗῗὼῧθτω-
2710 5604 2766 5654 et
2812 5600 2958 5655 Vict-
2992 5609 3366 5671 νεσθρίιιηραε·
3398 5602 3471 5657 At
3525 5601 3716 5663 Garm-

302 5673 569 5727 ‘rnumiis.
2080 5673 2475 5725 conservatum.

406 5384 429 5669 ξ

316 5704 1213 5817 ευοηπῇηαηάυσ,
1240 5741 1689 5817 εΕιιραιιισίροεῐ
1707 5760 1723 5803 :
1742 5752 1819 5801 ut
1841 5745 1975 5802 abo-
2080 5704 2581 5812 νυῗιίὲγῆίηῆίοι.
2612 5738 2773 5813 hujus
2802 5757 2931 5800 esse.
