4014 6226
209 403 337 489 969

1287 426 1622 486 PASTOR.
1654 424 1911 485 -—LIB.
1957 425 2059 484 IlI.
2109 423 2347 484 SlMlL.
2394 425 2522 484 VII.

3489 416 3607 485 970
3628 420 3633 421 ί

1745 555 1974 612 CAPUT
2012 555 2076 609 V.

269 647 395 703 Dixi
426 647 510 703 ei:
546 646 806 713 Domine,
839 646 1113 716 quoniam
1143 663 1260 701 non
1292 645 1551 717 intelligo
1582 646 1783 701 omnia
1803 646 1913 714 (95)
1946 649 2210 716 tempora
2244 645 2359 699 haec
2392 645 2719 700 dulcedinis
2747 644 3063 716 voluptatis
3095 662 3160 700 ac
3202 662 3405 717 poena,
3465 646 3605 701 luci—

198 736 329 791 dius
361 735 507 791 mihi
541 736 609 790 de
642 735 733 791 his
763 751 1005 806 expone.
1038 734 1364 807 Respondit
1388 735 1551 799 mihi,
1586 734 1787 789 dicens
1822 751 1834 789 :
1873 734 2211 805 Insipientia
2245 735 2359 805 (96)
2391 739 2493 790 tua
2517 734 2621 788 tibi
2654 740 3087 806 perseveranter
3107 735 3367 791 inhaeret.
3402 735 3605 791 Nonne

197 825 283 881 vis
315 824 506 897 potius
538 828 792 880 mentem
824 828 987 879 tuam
1020 825 1348 895 puriﬁcare,
1383 826 1439 878 et
1468 823 1584 879 Deo
1617 822 1880 879 servire?
1908 823 2073 892 Vide,
2108 840 2179 878 ne
2200 824 2344 879 forte
2371 824 2482 895 (97)
2512 828 2771 895 tempore
2802 828 3095 891 exacto,tu
3127 824 3409 896 insipiens
3442 841 3603 896 repe-

197 913 385 971 riaris.
419 913 569 969 Audi
595 930 774 978 nunc,
809 913 1303 983 quemadmodum
1336 912 1443 978 vis,
1478 929 1590 981 quo
1620 912 1850 967 facilius
1879 910 2189 982 intelligas.

266 1004 381 1075 (98)
419 1003 475 1055 Ὁ
520 1005 735 1079 τρυφῶν
795 1000 885 1055 καὶ
940 1001 1318 1073 ἀπατώμενος,
1360 1000 1449 1054 καὶ
1508 1002 1758 1075 πράσσων
1812 999 1845 1053 '0':

202 1088 477 1165 βούλεται,
529 1088 746 1158 πολλὴν
824 1089 1126 1167 ἀφροσῦνην
1206 1087 1497 1143 ἐνδὲδυται·
1560 1088 1674 1142 ἀντὶ
1744 1090 1844 1164 γὰρ

196 1186 297 1249 τῆς
352 1185 559 1256 τρυφῆς
613 1179 704 1233 καὶ
764 1178 965 1240 ἀπάτνς
1024 1178 1251 1248 ἑκάστης
1310 1178 1540 1254 ἡμέρας,
1602 1177 1843 1232 ἀποτίσει

205 1269 426 1345 βάσανον
464 1266 732 1343 μεγάλην,
767 1267 1004 1323 ἐνιαυτὸν
1034 1272 1102 1341 τῇ
1135 1267 1333 1341 ἡμέρᾳ.

2028 1002 2133 1065 Qui
2160 1018 2274 1056 uno
2306 1000 2396 1056 die
2430 1002 2869 1058 commiseritse
2901 1000 3386 1073 voluptatibus,et
3406 1003 3609 1058 fecerit

1959 1090 2250 1161 quidquid
2274 1091 2493 1162 appetit
2550 1092 2781 1145 animus
2840 1091 2989 1161 ejus,
3050 1090 3306 1163 plurima
3351 1091 3609 1164 repletur

1957 1179 2338 1245 stultitia,nec
2370 1179 2640 1252 intelligit
2669 1180 2808 1251 quid
2833 1180 3139 1248 admittat;
3163 1198 3228 1236 ac
3252 1181 3343 1236 die
3374 1186 3605 1253 postero

1959 1268 2487 1339 obliviscitur,quid
2524 1268 2836 1340 fecerit(99)
2868 1268 3054 1340 pridie
3088 1288 3100 1336 ;
3153 1268 3399 1325 dulcedo
3449 1270 3605 1325 enim

204 1363 261 1415 et
286 1359 553 1431 voluptas
586 1359 885 1414 mundana
911 1356 1060 1430 (100)
1095 1358 1316 1413 nullam
1350 1358 1692 1413 memoriam
1731 1356 2206 1429 habent,propter
2234 1356 2543 1412 stultitiam
2576 1374 2701 1427 quae
2729 1356 2910 1412 insita
2958 1362 3045 1412 est
3094 1356 3230 1413 illis.
3279 1358 3424 1413 Cum
3478 1373 3607 1413 vero

204 1464 319 1503 uno
350 1447 442 1504 die
473 1447 783 1503 accesserit
813 1447 1039 1502 homini
1070 1447 1365 1502 cruciatus
1395 1462 1461 1499 ac
1482 1461 1674 1517 paena,
1706 1449 1828 1500 toto
1860 1462 2012 1500 anno
2043 1449 2346 1515 torquetur
2377 1464 2389 1512 ;
2417 1462 2691 1517 magnam
2740 1446 2895 1500 enim
2955 1447 3293 1501 memoriam
3351 1446 3611 1518 possidet

200 1537 541 1608 pmna.Toto
572 1535 752 1609 igitur
777 1552 930 1592 anno
956 1535 1162 1591 dolens
1192 1534 1463 1590 meminit
1500 1552 1513 1601 ;
1546 1539 1601 1589 et
1630 1538 1770 1589 tunc
1804 1534 2143 1588 recordatur
2173 1533 2566 1589 dulcedininis
2590 1534 2747 1590 illius
2778 1552 2938 1589 vana:
2963 1536 3040 1607 (1)
3074 1552 3138 1590 ac
3166 1536 3503 1608 voluptatis,
3551 1539 3610 1591 et

198 1625 379 1682 sentit
407 1628 713 1697 propterea
743 1640 805 1680 se
837 1640 1039 1696 pmnas
1072 1622 1210 1695 pati.
1245 1624 1590 1693 Quicunque
1639 1622 1818 1694 igitur
1874 1638 1936 1676 se
1987 1620 2281 1676 dulcedini
2342 1626 2398 1676 et
2454 1620 2738 1695 voluptati
2790 1622 3157 1689 tradiderint,
3213 1623 3295 1679 sic
3353 1625 3615 1695 puniun-

193 1717 293 1769 tur
321 1714 401 1785 (2)
436 1732 450 1783 ;
477 1714 756 1786 quoniam
786 1714 968 1768 vitam
999 1712 1308 1777 habentes,
1340 1711 1453 1783 ipsi
1486 1728 1545 1766 se
1564 1712 1817 1766 reddunt
1837 1711 2117 1766 obnoxios
2148 1711 2340 1766 morti.

264 1799 364 1855 Καὶ
422 1799 564 1876 λέγω
601 1804 681 1871 τῷ
738 1798 971 1875 ἀγγέλῳ·
1026 1804 1185 1853 Ποῖαι
1245 1797 1440 1875 τροφαί
1500 1797 1600 1852 εἷ’σι
1651 1792 1844 1871 βλαϐε-

192 1887 321 1964 pati;
356 1886 483 1963 λέγε
537 1909 650 1961 μοι.
713 1893 863 1941 Πᾶσα
912 1889 1103 1960 πρᾶξις
1164 1887 1391 1961 σαρκική
1442 1888 1615 1963 τρυφή
1681 1885 1843 1954 ἐστιν,

190 1982 283 2031 νῦν
336 1979 413 2050 (3)
467 1975 643 2045 ἡδέως
700 1982 848 2030 ποιεῖ
904 1976 1093 2046 αὐτήν.
1130 1977 1207 2048 [Ὁ
1265 1976 1391 2049 γὰρ]
1457 1974 1725 2049 ὀξύχολος
1773 1979 1851 2046 τῷ

193 2068 389 2121 ἑαυτοῦ
437 2068 593 2130 πάθει
640 2067 701 2120 τὸ
760 2065 939 2119 ἱκανὸν
1010 2070 1182 2119 ποιῶν
1233 2070 1425 2142 τρυφᾷ·
1459 2064 1668 2135 ὁμοίως
1698 2065 1790 2118 καὶ
1822 2064 1849 2117 6

198 2155 424 2231 μοιχός,
456 2156 544 2210 καὶ
578 2157 606 2211 6
644 2156 893 2227 μέθυσος,
925 2154 1013 2208 καὶ
1072 2156 1097 2209 6
1155 2153 1481 2219 κατάλαλος,
1514 2153 1603 2207 καὶ
1652 2156 1679 2207 6
1728 2152 1852 2226 ψεύ-

197 2265 350 2316 στης,
383 2244 472 2299 καὶ
523 2244 551 2297 6
606 2242 962 2313 πλεονέκτης,
996 2242 1083 2297 καὶ
1126 2244 1153 2296 ὁ
1187 2242 1582 2317 ἀποστερητὴς,
1616 2242 1703 2296 καὶ
1754 2240 1852 2295 ὅσα

194 2337 440 2387 τοιαῦτω
495 2336 738 2409 τρυφῶσι
798 2332 900 2407 γὰρ
943 2330 993 2385 ἐν
1050 2334 1119 2404 τῇ
1179 2330 1354 2385 αὐτῶν
1410 2330 1618 2406 πράξει.
1682 2328 1849 2385 Αὗται

199 2420 260 2477 Si
322 2423 376 2476 αἱ
431 2422 649 2495 πράξεις
712 2415 974 2496 βλαϐεραί
1024 2420 1123 2474 εἶσι
1156 2425 1271 2482 τοῖς
1310 2417 1533 2481 δούλοις
1564 2425 1662 2473 τοῦ
1694 2424 1847 2477 Θεοῦ.

196 2510 323 2566 Εἰσὶ
357 2507 413 2565 δὶ
438 2510 527 2565 καὶ
558 2509 752 2587 τρυφαὶ
785 2510 1053 2578 σώζουσαι
1099 2509 1226 2571 τοὺς
1268 2508 1603 2581 ἀνθρώπους.
1638 2507 1851 2563 Πολλοὶ

194 2600 302 2675 γὰρ
333 2598 509 2675 ἀγαθὰ
542 2596 894 2673 ἐργαζόμενοι
924 2601 1216 2672 τρυφῶσιν.
1250 2596 1400 2665 Αὕτη
1434 2596 1525 2651 οὖν
1580 2599 1614 2665 ἡ
1672 2599 1849 2675 τρυφὴ

2025 1798 2151 1853 Dixi
2184 1800 2271 1854 ei:
2307 1799 2441 1863 Quae
2473 1805 2629 1869 sunt,
2664 1801 2919 1867 domine,
2975 1800 3306 1872 voluptates
3365 1803 3546 1858 noxias
3578 1802 3607 1857 ?

1956 1887 2147 1958 Omni,
2191 1887 2403 1958 inquit,
2465 1888 2687 1943 homini
2746 1889 3017 1961 voluptas
3075 1894 3162 1945 est
3220 1890 3609 1963 quodcunque

1960 1976 2210 2031 libenter
2240 1976 2394 2031 facit.
2428 1978 2657 2032 Etenim
2690 1978 3008 2033 iracundus
3034 1978 3397 2035 satisfaciens
3429 1981 3611 2036 mori-

1960 2065 2071 2120 bus
2094 2065 2217 2120 suis
2242 2066 2489 2137 percipit
2517 2065 2877 2139 voluptatem
2921 2084 3091 2122 suam
3119 2086 3131 2135 ;
3166 2072 3222 2123 et
3259 2069 3507 2136 adulter,
3556 2074 3612 2124 et

1963 2154 2229 2209 ebriosus
2263 2155 2361 2226 (4),
2394 2160 2449 2209 et
2474 2156 2785 2223 detractor,
2817 2161 2874 2211 et
2904 2157 3153 2212 mendax
3183 2161 3239 2213 et
3263 2158 3530 2229 cupidus,
3556 2163 3613 2214 et

1961 2242 2283 2309 fraudator,
2316 2248 2373 2298 et
2400 2244 2731 2315 quicunque
2762 2245 2835 2300 iis
2867 2244 3059 2300 simile
3082 2245 3305 2314 aliquid
3330 2246 3608 2313 admittit,

1963 2332 2166 2386 morbo
2198 2349 2303 2386 suo
2335 2333 2819 2405 parens,percipit
2849 2350 2912 2389 ex
2946 2350 3015 2389 ea
3045 2351 3104 2389 re
3126 2334 3609 2406 voluptatemﬁm

1962 2436 2165 2475 omnes
2196 2420 2536 2476 dulcedines
2566 2439 2630 2476 ac
2662 2422 2990 2494 voluptates
3022 2423 3209 2478 noxiae
3241 2429 3380 2479 sunt
3428 2424 3611 2480 servis

1962 2509 2352 2580 Dei.Propter
2397 2510 2503 2565 bas
2560 2510 2755 2581 itaque
2811 2512 3147 2567 cruciantur
3204 2518 3260 2567 et
3308 2513 3612 2585 patiuntur

1962 2615 2187 2668 pinnas.
2219 2598 2371 2653 Sunt
2402 2600 2577 2655 etiam
2608 2599 2954 2672 voluptates,
2991 2602 3240 2657 salutem
3272 2601 3612 2658 hominibus

193 2693 316 2750 τοῖς
376 2685 595 2749 δούλοις
665 2690 761 2741 τοῦ
834 2691 968 2741 Θεοῦ
1026 2691 1386 2762 περιποιεῖται
1459 2688 1623 2755 ζωήν
1683 2687 1737 2739 αἱ
1796 2684 1844 2740 δὲ

1976 2688 2288 2743 itferentes.
2323 2688 2489 2743 Multi
2540 2689 2697 2744 enim
2755 2706 2929 2761 opera
2971 2688 3251 2745 bonitatis
3308 2690 3611 2761 facientes,

193 2775 594 2853 προειρημέναι
625 2775 824 2854 τρυφαὶ
852 2775 1103 2850 βάσανον.

1976 2776 2692 2849 percipiuntvoluptatem,
2717 2778 3023 2833 dulcedine
3070 2796 3179 2834 sua
3234 2781 3425 2836 tracti.
3482 2784 3613 2836 Hac

195 2885 338 2942 ergo
366 2868 636 2941 voluptas
660 2866 826 2922 utilis
858 2871 945 2922 est
975 2865 1156 2921 servis
1186 2866 1308 2932 Dei,
1341 2870 1400 2921 et
1426 2866 1609 2921 vitam
1636 2868 1805 2937 parat
1835 2864 2177 2936 bujusmodi
2214 2866 2695 2923 hominibulelze
2727 2884 2858 2923 vero
2881 2868 3062 2923 noxiae
3093 2885 3217 2940 quae
3250 2886 3430 2941 supra
3449 2870 3614 2924 dictze

195 2962 363 3026 sunt,
396 2961 693 3013 tormenta
723 2960 780 3011 et
809 2972 1010 3027 poenas
1041 2958 1297 3026 pariunt.
1332 2954 1677 3027 Quicunque
1697 2971 1830 3010 vero
1864 2955 2299 3026 permanserint
2330 2956 2389 3010 in
2417 2955 2667 3023 illis,nec
2685 2957 3080 3014 admissorum
3113 2975 3356 3014 suorum
3390 2958 3616 3031 egerint

197 3045 632 3119 penitentiam,
674 3048 922 3101 mortem
956 3044 1068 3101 sibi
1099 3045 1423 3117 acquirent.

1620 3141 2042 3198 SIMILITUDO
2082 3143 2205 3197 VII.

1061 3231 1462 3288 Paenitentibus
1490 3230 1775 3301 faciendos
1806 3248 1919 3288 esse
1950 3234 2294 3303 paenitentia:
2320 3231 2511 3303 dignos
2538 3232 2767 3302 fructus.

1630 3329 1861 3385 CAPUT
1903 3329 2202 3385 UNICUM.

279 3433 422 3486 Post
450 3428 574 3485 dies
605 3444 822 3501 paucos
850 3428 1020 3484 video
1049 3427 1221 3482 illum
1252 3426 1313 3482 in
1345 3443 1411 3483 eo
1444 3443 1671 3498 campo,
1692 3427 1752 3481 in
1785 3444 1899 3499 quo
1930 3432 2193 3499 pastores
2223 3428 2353 3483 illos
2385 3432 2517 3483 ante
2546 3428 2805 3483 videram
2837 3430 2933 3500 (5).
2989 3430 3057 3483 Et
3106 3430 3187 3484 ait
3235 3429 3419 3485 mihi:
3479 3429 3628 3495 Quid

206 3518 473 3591 inquiris
494 3516 698 3584 ?Veni,
732 3517 995 3588 inquam,
1030 3531 1235 3587 rogare
1260 3519 1336 3585 te,
1370 3515 1623 3581 domine,
1658 3521 1722 3569 ut
1750 3521 2040 3587 pastorem
2073 3515 2241 3570 illum
2275 3517 2651 3588 praepositum
2676 3518 3095 3589 pmnaejubeas
3147 3519 3219 3573 de
3279 3535 3402 3574 mea
3460 3520 3631 3574 domo

206 3608 392 3674 exire,
425 3606 569 3678 quia
595 3605 969 3661 vehementer
997 3621 1089 3661 me
1119 3604 1349 3677 afﬂigit.
1380 3605 1448 3659 Et
1477 3604 1870 3675 respondens:
1904 3605 2151 3660 Necesse
2181 3610 2287 3675 est,
2317 3605 2529 3675 inquit,
2556 3605 2795 3677 patiaris
2840 3606 3214 3663 incommoda
3260 3612 3316 3662 et
3373 3608 3631 3663 vexatio-

203 3713 317 3753 nes
348 3696 427 3768 (6)
459 3713 473 3763 ;
509 3696 591 3751 sic
622 3698 781 3751 enim
813 3696 1085 3766 praecepit
1113 3694 1184 3749 de
1210 3699 1266 3749 te
1296 3692 1393 3749 ille
1426 3693 1670 3748 nuntius
1704 3694 1894 3749 bonus
1915 3694 2029 3765 (7):
2064 3694 2202 3764 quia
2243 3699 2465 3749 tentare
2515 3699 2571 3748 te
2612 3694 2754 3748 vult.
2817 3696 3001 3762 Quod,
3050 3696 3313 3766 inquam,
3374 3696 3629 3764 domine,

196 3790 329 3840 tam
365 3801 540 3857 grave
568 3789 870 3856 peccatum
900 3783 1212 3854 admisi,ut
1242 3783 1379 3838 huic
1410 3783 1617 3838 nuntio
1648 3783 1910 3837 traderer
1936 3782 1964 3835 7
1993 3783 2255 3853 Adverte,
2294 3783 2503 3853 inquit.
2537 3782 2855 3854 Cumplura
2876 3784 3114 3854 quidem
3139 3783 3322 3839 habes
3354 3788 3629 3855 peccata;

195 3875 309 3931 sed
342 3890 459 3930 non
492 3878 613 3929 tam
647 3872 859 3940 multa,
888 3876 955 3928 ut
985 3872 1121 3927 huic
1150 3872 1357 3927 nuntio
1389 3872 1602 3926 debeas
1634 3872 1782 3927 tradi
1810 3872 1921 3942 (8):
1958 3873 2057 3927 sed
2088 3870 2273 3926 multa
2303 3872 2514 3926 delicta
2544 3875 2601 3926 et
2630 3872 2848 3927 scelera
2888 3873 3100 3927 domus
3160 3878 3261 3928 tua
3311 3872 3628 3943 commisit,

194 3965 451 4035 ideoque
482 3963 648 4018 factis
678 3978 883 4019 eorum
918 3961 1014 4017 ille
1034 3962 1223 4017 bonus
1245 3961 1490 4016 nuntius
1514 3962 1943 4026 exarcerbatus,
1968 3962 2153 4031 jussit
2181 3966 2235 4015 te
2260 3959 2630 4031 aliquantum
2654 3961 2933 4031 temporis
2962 3962 3325 4017 vexationem
3357 3962 3627 4033 experiri;

198 4058 270 4107 ut
302 4056 361 4108 et
391 4051 475 4107 illi
506 4051 906 4107 admissorum
941 4067 1183 4105 suorum
1216 4054 1392 4122 agant
1423 4050 1845 4121 paenitentiam,
1878 4055 1936 4104 et
1965 4050 2206 4105 abluant
2237 4066 2299 4105 se
2332 4051 2401 4105 ab
2418 4050 2575 4104 omni
2608 4050 2928 4121 cupiditate
2976 4051 3155 4121 hujus
3207 4050 3426 4107 saeculi.
3486 4056 3629 4105 Cum

198 4143 409 4211 itaque
438 4141 663 4212 egerint
684 4139 1089 4212 paenitentiam
1124 4144 1191 4193 ut
1218 4139 1509 4210 puriﬁcati
1540 4139 1778 4203 fuerint,
1810 4145 1951 4193 tunc
1982 4140 2241 4194 discedet
2272 4156 2305 4193 a
2334 4146 2389 4193 te
2414 4140 2657 4193 nuntius
2689 4138 2785 4193 ille
2815 4139 2915 4210 qui
2947 4140 3292 4212 praepositus
3316 4145 3404 4195 est
3426 4155 3627 4211 poenas.

201 4230 351 4287 Dico
383 4229 435 4284 ei
462 4247 474 4284 :
509 4229 771 4297 Domine,
805 4229 854 4284 si
882 4229 965 4283 ita
995 4228 1075 4283 illi
1110 4245 1171 4284 se
1200 4232 1531 4299 gesserunt,
1563 4232 1628 4282 ut
1655 4227 2053 4299 exasperarint
2084 4228 2358 4282 nuntium
2392 4230 2608 4283 bonum
2633 4254 2646 4293 ;
2671 4245 2775 4300 ego
2807 4228 2947 4299 quid
2979 4228 3084 4284 feci
3116 4229 3143 4283 ?
3202 4228 3581 4300 Respondeas
3613 4243 3625 4282 :

199 4318 416 4385 Aliter,
447 4317 663 4389 inquit,
694 4334 809 4373 non
832 4321 1081 4388 possunt
1109 4315 1193 4370 illi
1224 4316 1587 4371 vexationem
1621 4316 1763 4388 pati,
1787 4315 1900 4371 nisi
1930 4322 1993 4371 tu
2024 4317 2125 4387 qui
2177 4321 2352 4387 caput
2380 4333 2441 4371 es
2497 4316 2678 4372 totius
2738 4318 2971 4383 domus,
3028 4318 3275 4373 labores.
3334 4315 3629 4385 Quidquid

201 4407 372 4463 enim
401 4410 463 4460 tu
485 4422 697 4478 passus
728 4404 930 4475 fueris,
963 4421 1198 4460 necesse
1226 4409 1316 4460 est
1347 4409 1410 4459 ut
1439 4411 1495 4459 et
1515 4404 1598 4459 illi
1629 4406 1885 4460 sentiant
1918 4422 1931 4472 ;
1967 4405 2228 4476 quandiu
2260 4422 2393 4459 vero
2426 4411 2486 4459 tu
2519 4405 2666 4460 bene
2698 4405 2997 4461 stabilitus
3029 4405 3229 4474 fueris,
3262 4404 3347 4459 illi
3408 4402 3632 4458 nullam

197 4494 573 4551 vexationem
602 4499 852 4566 possunt
880 4493 1147 4566 experiri.
1180 4494 1248 4548 Et
1278 4494 1395 4548 dixi
1430 4510 1442 4547 :
1474 4494 1584 4549 Sed
1615 4510 1747 4549 ecce
1770 4495 1896 4564 jam
1929 4510 2103 4560 nunc,
2138 4493 2391 4563 domine,
2442 4499 2626 4566 agunt
2674 4495 3077 4565 paenitentiam
3113 4495 3253 4549 totis
3302 4491 3633 4562 praecordiis

201 4585 358 4641 suis.
383 4584 452 4639 Et
479 4599 585 4655 ego
618 4584 757 4651 scio,
789 4584 1005 4654 inquit,
1035 4583 1174 4637 totis
1197 4582 1529 4654 prmcordiis
1560 4598 1659 4637 eos
1690 4598 1860 4655 agere
1888 4584 2311 4653 paenitentiam.
2345 4582 2621 4653 Nunquid
2656 4598 2816 4653 ergo,
2855 4583 2955 4649 ait,
2989 4583 3259 4654 protinus
3290 4585 3461 4653 putas
3492 4580 3632 4635 abo-

191 4674 313 4749 leri
344 4672 561 4729 delicta
590 4688 794 4730 eorum
827 4672 928 4744 qui
946 4675 1130 4744 agunt
1156 4671 1593 4743 paenitentiam?
1614 4672 1739 4727 Non
1768 4673 2013 4743 proinde
2046 4671 2325 4727 continuo
2362 4690 2374 4739 ;
2409 4673 2512 4727 sed
2544 4675 2769 4743 oportet
2788 4687 2922 4726 eum
2950 4672 3048 4742 qui
3077 4671 3197 4743 agit
3224 4668 3631 4742 paenitentiam

1378 4787 1621 4842 VARLE
1659 4786 2050 4843 LECTIONES
2088 4788 2175 4843 ET
2213 4788 2449 4843 NOTAE.

272 4887 388 4960 (95)
420 4886 625 4943 Lamb.
660 4886 841 4941 deest.
874 4886 1082 4942 omnia.
1116 4889 1242 4941 Mox
1273 4884 1446 4941 fellus
1480 4903 1492 4939 :
1529 4887 1587 4941 ιι.
1647 4903 1711 4940 ac
1763 4902 1853 4941 υο-
2035 4886 2110 4956 (3)
2146 4887 2231 4940 Ita
2258 4886 2644 4960 Greecaedita
2674 4902 2708 4939 a
2744 4883 2814 4938 cl.
2852 4885 3282 4960 Montfaucono.
3321 4882 3633 4960 Fabricius

197 4953 463 5031 luptatis,
486 4968 562 5014 et.
730 5027 743 5031 Δ
894 5030 903 5031 7
1094 5028 1133 5031 _
1336 5028 1343 5031 _
1742 5030 1745 5031 ν
1974 4953 2169 5031 tamen
2204 4975 2306 5028 pro
2327 4960 2416 5008 νῦν
2454 4957 2595 5031 legit
2615 4953 2719 5031 ὅτι,
2744 4957 2917 5031 veteri
2950 4956 3253 5031 interpreti
3278 5027 3300 5031 υ
3318 4955 3629 5031 inhaerens.

275 5027 391 5101 (96)
423 5030 564 5101 Mss.
597 5027 768 5100 Angl.
794 5030 1061 5101 stultitia.
1094 5028 1386 5101 Etrpaulo
1436 5034 1588 5099 post,
1640 5030 1862 5084 stultus.
1976 5027 2231 5083 Clericus
2261 5034 2457 5083 autem
2482 5027 2680 5082 omisit
2710 5030 2819 5097 νῦν,
2856 5044 2958 5082 nec
3016 5029 3233 5099 recepit
3272 5027 3375 5081 ὅτι.
3425 5027 3518 5082 Sic
3576 5035 3633 5082 et

299 5097 395 5170 97)
429 5097 625 5169 Uamb.
651 5097 885 5171 quando.
918 5100 1011 5155 Sic
1042 5104 1098 5155 et
1129 5097 1270 5171 edit.
1299 5097 1480 5154 Oxon.
1546 5169 1556 5171 Α
1978 5101 2283 5155 Russelius
2318 5101 2511 5170 ipsum
2546 5102 2804 5155 secutus.

299 5104 395 5170 97)
429 5104 625 5169 Camb.
651 5104 885 5171 quando.
918 5104 1011 5155 Sic
1042 5104 1098 5155 et
1129 5104 1270 5154 edit.
1299 5104 1480 5154 Oxon.
1978 5104 2283 5155 Russelius
2318 5104 2511 5170 ipsum
2546 5104 2804 5155 secutus.

277 5104 399 5244 l98)
420 5172 558 5227 Post
586 5174 757 5227 verba
790 5170 1019 5245 βασάνου
1051 5167 1248 5237 πολύς,
1274 5172 1448 5225 modo
1480 5169 1685 5236 relata,
1746 5171 1867 5227 haec
2047 5172 2123 5242 (4)
2158 5171 2356 5225 Lamb.
2383 5172 2587 5225 ebrius.
2617 5171 2683 5226 Et
2714 5187 2846 5225 mox
2908 5187 3039 5225 cum
3100 5169 3259 5225 Bodl.
3322 5171 3629 5239 infamalor

277 5244 415 5296 atim
440 5244 638 5296 subdit
659 5242 1596 5296 nseudo-Athanasius.naululum
1618 5243 1863 5296 variata.
1978 5260 2080 5296 nro
2102 5243 2401 5296 detractor.

2020 5260 2080 5297 ro
2102 5247 2401 5297 detractor.

1977 5260 2080 5313 pro
2102 5260 2401 5297 aetraczor.

2048 5315 2125 5384 (5)
2158 5314 2353 5369 Lamb.
2384 5318 2659 5384 pastorem
2690 5312 2852 5366 illum
2882 5312 3156 5367 videram.
3191 5312 3375 5367 Editio
3425 5316 3623 5365 autem

1978 5385 2115 5440 Felli
2149 5388 2333 5439 Oxon.
2371 5383 2589 5439 Omittit
2615 5385 2761 5439 illos.

2049 5456 2125 5526 (6)
2159 5458 2359 5511 Lamb.
2396 5459 2452 5509 ut
2482 5456 2829 5510 incommoda
2857 5463 2907 5509 et
2934 5456 3251 5509 vexationes
3280 5456 3410 5509 sint.

2070 5529 2125 5595 7)
2160 5528 2318 5582 Bodl.
2354 5527 2632 5581 honestus.
2669 5527 2762 5580 Sic
2796 5532 2852 5580 et
2881 5527 3053 5581 infra.

2070 5600 2125 5667 8)
2158 5600 2356 5654 Lamb.
2385 5600 2625 5666 desunt,
2653 5598 2741 5652 sed
2773 5598 2843 5652 ad
2878 5598 3041 5653 tradi.
3067 5597 3351 5651 Videntur
3382 5595 3617 5653 librario

1977 5671 2259 5726 excidisse
2316 5670 2643 5741 obsequens
2679 5669 2792 5725 sed.

203 5242 415 5301 statim
440 5244 638 5298 subdit
659 5242 1596 5314 pseudo-Athanasius,paululum
1618 5243 1863 5297 variata.

200 5315 431 5386 ceteris
463 5315 697 5370 interim
729 5314 986 5369 omissis.
1022 5314 1115 5369 Sic
1147 5320 1210 5386 et
1238 5331 1369 5386 mox
1406 5314 1578 5386 infra,
1617 5320 1746 5386 post
1796 5317 1863 5386 τῇ

200 5385 436 5461 ἡμξρᾳη
456 5386 733 5461 continuo
773 5385 1035 5461 sequitur
1069 5402 1080 5440 :
1116 5383 1215 5437 Καί
1242 5382 1389 5457 λέγω
1418 5387 1496 5453 τῷ
1522 5382 1763 5458 ἀγγέλῳ.

272 5457 392 5532 (99)
410 5457 615 5532 Lamb-
646 5459 840 5532 [μενίιο

272 5527 424 5601 (100)
455 5530 546 5584 Sic
578 5529 769 5584 Fellus
800 5530 856 5583 in
884 5528 1021 5583 edit.
1056 5530 1235 5583 Oxon.
1260 5544 1327 5582 ex
1360 5544 1504 5583 mss.
1549 5527 1715 5600 Angl.
1766 5528 1853 5583 Al.

192 5600 487 5659 omittunt
508 5600 813 5656 mundana.

268 5674 349 5745 (1)
372 5672 491 5745 Mss
507 5713 518 5725 .
534 5671 737 5745 _Angl.r
755 5672 936 5739 deest,
973 5688 1147 5727 vana.

274 5675 321 5745 (1
372 5675 518 5728 Mss.
548 5675 719 5744 Angl.
755 5675 936 5739 deest,

274 5675 352 5819 (2)
386 5742 587 5800 Lamb.
617 5744 937 5816 patiuntur.

499 5872 762 5933 PAI'BOL.
812 5870 922 5933 Gs.
971 5871 1048 5931 ll.
3270 5868 3340 5928 31
