4014 6226
373 360 487 432 971
1878 370 1941 427 S.
1989 365 2290 432 HERMIE
3496 372 3504 379 ’
3674 374 3799 433 972

377 504 636 576 afﬂigere
673 504 751 576 (9)
783 503 1044 558 animam
1064 516 1255 570 suam,
1291 502 1347 556 et
1375 497 1660 556 humilem
1692 500 1888 556 animo
1920 517 1982 557 se
2014 507 2291 573 praestare
2320 506 2434 577 (10)
2463 508 2523 563 in
2554 510 2715 565 omni
2771 508 3027 583 negotio,
3082 513 3142 565 et
3185 508 3517 564 vexationes
3575 504 3801 562 multas

376 594 685 665 variasque
714 593 826 664 (11)
858 592 1142 665 perferre;
1178 605 1430 661 cumque
1460 606 1775 661 perpessus
1808 589 1981 645 fuerit
2032 594 2231 648 omnia
2280 612 2407 667 qua:
2466 598 2549 653 illi
2597 598 2869 655 instituta
2916 598 3134 654 fuerint
3185 599 3314 670 (12),
3360 601 3504 653 tunc
3551 596 3797 651 forsitan

384 682 485 755 qui
506 699 640 737 eum
673 683 887 737 creavit
916 686 972 737 et
1002 682 1102 752 qui
1134 680 1405 735 formavit
1432 679 1705 734 universa
1735 679 1869 750 (13),
1902 684 2365 741 commovebitur
2395 704 2531 760 erga
2560 706 2697 745 eum
2728 688 3036 745 clementia
3066 705 3196 756 sua,
3219 692 3275 743 et
3315 686 3556 759 aliquod
3611 701 3798 741 reme~

384 773 549 829 dium
581 772 744 827 dabit
776 790 788 839 ;
823 772 1000 843 idque
1028 771 1129 835 ita,
1161 770 1211 825 si
1242 768 1451 823 viderit
1482 769 1609 838 ejus
1632 769 1733 839 qui
1758 769 2162 839 paenitentiam
2185 774 2326 845 agit,
2377 793 2476 831 cor
2515 794 2729 849 purum
2776 795 2905 833 esse
2936 777 3009 833 ab
3031 777 3191 833 omni
3214 775 3796 848 operenequissimo.

383 863 512 919 Tibi
542 868 739 917 autem
764 863 821 915 et
850 861 1051 914 domui
1080 864 1191 914 tuae
1222 857 1411 912 vexari
1431 873 1585 911 nunc
1611 858 1922 928 expedit,et
1954 859 2197 915 multam
2214 866 2573 921 vexationem
2600 868 2712 938 pati
2750 883 2988 923 necesse
3039 872 3129 922 est
3157 866 3269 938 (14)
3301 884 3315 933 ;
3347 866 3430 921 sic
3468 870 3535 921 ut
3577 880 3797 936 prisce-

385 952 471 1026 pit
496 951 738 1006 nuntius
774 949 1001 1005 Domini
1034 949 1133 1020 qui
1165 954 1222 1003 te
1254 947 1396 1002 mihi
1422 946 1681 1001 tradidit.
1716 946 1864 1008 Quin
1897 947 2090 1018 potius
2119 953 2339 1021 gratias
2376 972 2513 1027 agas
2553 955 2797 1012 Domino
2826 974 2840 1026 ;
2892 956 3047 1028 quod
3106 956 3385 1027 praescius
3444 954 3627 1009 futuri
3686 954 3799 1023 (15)

385 1043 632 1115 dignum
653 1045 709 1095 te
735 1039 960 1104 habuit,
989 1038 1081 1093 cui
1115 1037 1449 1110 praediceret
1478 1034 1914 1091 tribulationem
1948 1037 2165 1095 instare
2191 1042 2519 1100 valentibus
2549 1062 2676 1100 eam
2718 1047 3027 1102 sustinere.
3089 1046 3225 1100 Dico
3286 1044 3367 1100 ei:
3421 1044 3489 1099 Et
3544 1048 3632 1112 tu,
3696 1044 3798 1099 do-

383 1132 564 1198 mine,
596 1145 827 1184 mecum
851 1132 974 1183 esto
1010 1146 1023 1195 ;
1058 1132 1115 1182 et
1143 1126 1310 1182 facile
1340 1140 1575 1181 omnem
1604 1124 1965 1181 vexationem
1997 1129 2318 1186 sustinebo.
2352 1135 2491 1205 Ego,
2522 1133 2737 1205 inquit,
2770 1152 2867 1191 ero
2898 1140 3089 1190 tecum
3125 1153 3138 1186 :
3170 1135 3271 1189 sed
3303 1138 3361 1189 et
3392 1133 3610 1206 rogabo
3641 1149 3797 1187 nun-

379 1220 532 1275 tium
564 1219 732 1273 illum
765 1218 865 1291 qui
895 1216 1244 1288 praepositus
1267 1219 1355 1271 est
1383 1230 1585 1285 pinnae,
1621 1218 1685 1267 ut
1716 1212 1900 1268 levius
1932 1219 1988 1269 te
2018 1214 2237 1289 affligat
2271 1239 2284 1287 ;
2318 1222 2418 1276 sed
2445 1227 2503 1277 et
2530 1224 2738 1293 exiguo
2768 1228 3031 1295 tempore
3061 1221 3300 1295 patieris
3358 1223 3625 1287 adversa,
3687 1221 3797 1275 ite-

379 1324 633 1380 rumque
662 1312 762 1362 tuo
794 1306 919 1361 loco
951 1304 1279 1361 restitueris
1312 1321 1325 1371 ;
1358 1301 1766 1357 tantummodo
1798 1303 1857 1356 in
1888 1302 2221 1362 humilitate
2248 1325 2572 1380 persevera.
2604 1315 2747 1366 Pare
2777 1312 3024 1367 Domino
3044 1316 3236 1368 mente
3266 1328 3432 1383 pura,
3464 1311 3797 1380 domusque

377 1402 480 1453 tua
509 1413 575 1453 ac
604 1396 725 1450 nati
757 1394 867 1466 (16)
903 1419 917 1462 ;
949 1399 1004 1448 et
1033 1394 1093 1447 in
1124 1392 1419 1449 mandatis
1441 1392 1568 1461 ejus
1598 1389 1856 1458 ambula,
1887 1408 2014 1462 quae
2046 1397 2320 1468 praecepit
2349 1399 2460 1469 (17)
2493 1399 2601 1454 tibi
2630 1416 2643 1453 :
2676 1404 2735 1455 et
2767 1400 3109 1473 pcenitentia
3166 1399 3382 1471 poterit
3437 1415 3568 1455 esse
3624 1397 3799 1453 firma

378 1492 554 1559 atque
583 1502 749 1557 pura.
785 1488 852 1539 Et
879 1483 929 1539 si
959 1483 1080 1537 haec
1112 1480 1461 1538 custodieris
1492 1496 1625 1534 cum
1658 1479 1829 1535 domo
1856 1486 1979 1549 tua,
2003 1481 2376 1542 incommoda
2399 1504 2431 1543 a
2458 1492 2514 1544 te
2545 1490 2814 1546 recedent
2845 1508 2859 1545 ε
2893 1490 2993 1546 sed
3027 1494 3083 1545 et
3114 1490 3186 1545 ab
3218 1489 3497 1545 omnibus
3546 1486 3802 1560 quicun~

380 1593 495 1649 que
516 1577 579 1632 in
609 1574 702 1631 his
732 1572 1027 1629 mandatis
1058 1570 1491 1628 ambulaverint
1521 1568 1714 1623 omnis
1745 1569 1966 1625 vexatio
1998 1574 2248 1631 recedet.

1776 1693 2201 1755 SIMILITUDO
2239 1701 2387 1758 VIII.

471 1789 803 1855 Electorum,
843 1792 898 1843 et
916 1788 1297 1858 paenitentiam
1320 1790 1670 1859 peccatorum
1698 1781 1877 1836 multa
1904 1786 2267 1866 suntngergera
2288 1808 2307 1866 ς
2335 1806 2522 1848 omnes
2565 1797 2779 1866 autem,
2807 1808 2913 1863 pro
2936 1793 3276 1866 panitme
3318 1800 3371 1849 et
3422 1793 3703 1850 banorum

1404 1870 1626 1927 operum
1654 1869 1879 1909 suorum
1922 1858 2106 1927 modo,
2139 1860 2413 1919 habebunt
2444 1865 2765 1921 mercedem.

1803 1979 2035 2035 CAPUT
2076 1978 2384 2034 PRIMUM.

452 2079 718 2136 Ostendit
738 2078 884 2134 mihi
916 2077 1155 2135 salicem
1184 2081 1478 2149 tegentem
1506 2094 1744 2149 campos
1772 2095 1836 2134 ac
1868 2078 2232 2147 montes,sub
2255 2079 2425 2149 cujus
2455 2078 2726 2135 umbram
2746 2084 3034 2135 venerunt
3063 2096 3268 2136 omnes
3298 2079 3398 2152 qui
3421 2079 3613 2135 vocati
3633 2086 3810 2135 erant

378 2169 437 2223 in
469 2167 703 2223 nomine
728 2166 979 2222 Domini.
1014 2170 1079 2220 Et
1100 2167 1271 2236 juxta
1301 2164 1538 2220 salicem
1570 2166 1763 2221 stabat
1792 2166 2040 2221 nuntius
2061 2164 2294 2221 Domini
2322 2165 2489 2222 valde
2517 2167 2832 2239 przeclarus
2862 2172 2917 2224 et
2948 2167 3219 2224 sublimis
3244 2193 3259 2236 ;
3302 2173 3362 2224 et
3389 2169 3631 2224 secabat
3661 2184 3807 2224 cum

378 2257 521 2313 falce
546 2272 763 2329 magna
792 2256 863 2311 ab
896 2255 1001 2310 illa
1026 2254 1202 2310 salice
1224 2255 1335 2325 (18)
1367 2271 1562 2310 ramos
1598 2273 1610 2322 ;
1647 2258 1703 2310 et
1732 2254 1947 2327 populo
1979 2253 2063 2309 illi
2092 2254 2191 2323 qui
2217 2258 2343 2309 erat
2372 2254 2481 2311 sub
2513 2255 2722 2310 umbra
2752 2255 2951 2312 salicis
2981 2255 3160 2322 illius,
3221 2256 3461 2329 exiguas
3508 2261 3567 2312 et
3622 2258 3809 2328 quasi

379 2346 664 2403 cubitales
693 2345 888 2417 virgas
917 2344 1272 2417 porrigebat.
1307 2348 1625 2414 Postquam
1657 2349 1852 2398 autem
1886 2341 2249 2414 accepissent
2278 2343 2555 2413 universi,
2586 2343 2859 2415 deposuit
2892 2343 3098 2400 falcem
3124 2368 3140 2410 ;
3171 2348 3229 2400 et
3257 2345 3430 2400 arbor
3452 2344 3809 2417 illaintegra

375 2436 719 2509 permansit,
743 2436 895 2491 sicut
926 2438 1098 2489 antea
1124 2432 1385 2488 videram
1408 2449 1537 2487 eam
1573 2450 1585 2487 :
1619 2449 1795 2504 quam
1829 2448 1933 2504 ego
1965 2448 2089 2486 rem
2113 2431 2374 2487 mirabar
2402 2432 2535 2504 (19),
2559 2436 2735 2503 atque
2768 2433 2924 2488 intra
2952 2449 3046 2489 me
3102 2433 3475 2505 disputabam
3530 2434 3648 2504 (20)
3717 2435 3808 2489 Ait

375 2526 446 2581 ad
480 2542 572 2581 me
601 2529 799 2596 pastor
829 2522 925 2578 ille
958 2539 971 2577 :
1008 2521 1214 2577 Desine
1246 2521 1443 2575 mirari
1475 2521 1631 2591 quod
1657 2520 1828 2575 arbor
1849 2519 1950 2575 illa
1971 2524 2056 2575 tot
2076 2520 2186 2591 (21)
2214 2520 2394 2577 ramis
2415 2521 2673 2592 praecisis
2696 2522 3083 2593 permanserit
3125 2523 3351 2595 integra
3386 2540 3399 2589 ;
3440 2522 3544 2577 sed
3590 2539 3808 2595 exspe-

378 2620 689 2670 ctaznunc
710 2610 1215 2668 demonstrabitur
1235 2610 1337 2664 tibi
1360 2610 1514 2681 quod
1534 2609 1825 2681 significet
1846 2609 2090 2681 angelus
2122 2608 2219 2664 ille
2242 2610 2339 2681 qui
2381 2608 2595 2682 populo
2650 2611 2905 2682 porrexit
2950 2612 3162 2684 virgas.
3217 2611 3283 2666 Et
3328 2627 3534 2666 rursus
3581 2628 3686 2667 eas
3730 2612 3803 2666 ab

381 2702 474 2758 his
500 2702 838 2775 reposcebat
867 2700 981 2772 (22)
1017 2718 1030 2767 ;
1071 2704 1127 2755 et
1156 2716 1270 2771 quo
1303 2699 1553 2770 quisque
1582 2715 1681 2754 eas
1708 2703 2044 2770 perceperat
2074 2699 2296 2769 ordine,
2328 2700 2531 2755 eodem
2572 2699 2747 2756 etiam
2776 2701 3091 2757 vocabatur
3121 2701 3192 2757 ad
3226 2700 3413 2771 illum,
3471 2700 3803 2773 virgasque

376 2792 494 2863 (23)
526 2792 806 2846 reddebat
837 2806 1024 2861 ;quas
1040 2805 1174 2845 cum
1205 2793 1507 2859 acceperat
1536 2786 1655 2853 ille,
1683 2788 2108 2843 considerabat.
2132 2789 2178 2842 A
2210 2788 2565 2859 quibusdam
2586 2789 2744 2844 enim
2789 2790 3111 2861 accipiebat
3157 2790 3353 2845 aridas
3394 2794 3452 2845 et
3494 2790 3801 2862 putridas,

378 2880 540 2936 velut
569 2898 603 2935 a
632 2880 789 2935 tinea
820 2883 1040 2933 tactas:
1075 2882 1132 2932 et
1152 2877 1397 2948 jubebat
1426 2893 1523 2931 eos
1555 2876 1655 2948 qui
1686 2876 2027 2947 hujusmodi
2056 2877 2249 2949 virgas
2278 2877 2659 2946 tradiderant,
2693 2878 2987 2934 secerniet
3011 2895 3275 2934 seorsum
3308 2878 3627 2933 statui.Alii
3660 2895 3811 2950 por-

379 2970 650 3042 rigebant
679 2968 875 3024 aridas
907 2967 1165 3039 quidem,
1200 2966 1300 3022 sed
1334 2983 1448 3020 non
1479 2970 1664 3021 tactas
1687 2983 1720 3020 a
1750 2954 1906 3021 tinea
1938 2983 1951 3021 :
1977 2974 2031 3020 et
2061 2965 2167 3021 hos
2197 2982 2463 3021 seorsum
2513 2968 2692 3022 statui
2717 2968 2989 3037 jubebat.
3051 2966 3155 3022 Alii
3186 2967 3560 3039 porrigebant
3616 2968 3807 3023 semi-

388 3059 580 3115 aridas
610 3059 805 3130 virgas
837 3075 849 3112 :
882 3061 939 3112 et
970 3055 1279 3127 hiquoque
1309 3072 1573 3110 seorsum
1605 3056 2030 3110 statuebantur.
2063 3055 2312 3119 Quidam
2334 3059 2529 3110 autem
2562 3056 2780 3112 dabant
2805 3056 2999 3128 virgas
3029 3072 3168 3111 suas
3188 3055 3532 3112 semiaridas
3558 3060 3616 3111 et
3647 3058 3807 3112 scis-

384 3166 554 3204 suras
587 3148 903 3203 habentes:
937 3149 993 3200 et
1012 3144 1073 3200 hi
1102 3161 1365 3200 seorsum
1398 3144 1827 3199 statuebantur.
1860 3143 1971 3198 Alii
2001 3142 2194 3216 virgas
2226 3161 2364 3199 suas
2385 3145 2498 3216 (24)
2532 3144 2871 3213 efferebant,
2902 3161 3154 3216 quarum
3184 3145 3431 3200 dimidia
3451 3162 3588 3216 pars
3620 3146 3808 3201 arida

386 3242 527 3304 erat,
550 3236 793 3292 dimidia
822 3236 934 3306 (25)
964 3251 1096 3290 vero
1126 3234 1329 3289 viridis
1361 3251 1379 3287 :
1408 3238 1463 3289 et
1492 3233 1553 3287 hi
1584 3249 1853 3289 seorsum
1886 3233 2313 3288 statuebantur.
2346 3231 2458 3287 Alii
2486 3232 2681 3305 virgas
2729 3250 2865 3289 suas
2919 3233 3238 3290 efferebant
3271 3252 3283 3301 ;
3346 3250 3601 3305 quarum
3664 3236 3806 3290 dua:

386 3332 581 3400 partes
612 3324 807 3381 virides
837 3328 1021 3391 erant,
1053 3324 1226 3379 tertia
1246 3339 1378 3379 vero
1410 3322 1574 3378 arida
1606 3339 1618 3377 :
1652 3326 1709 3377 et
1728 3322 1787 3376 hi
1818 3338 2084 3378 seorsum
2112 3323 2541 3378 statuebantur.
2574 3321 2688 3377 Alii
2712 3322 2905 3395 virgas
2936 3340 3075 3379 suas
3129 3323 3469 3391 afferebant,
3529 3340 3803 3395 quarum

383 3419 510 3473 duae
542 3420 738 3489 partes
764 3418 929 3470 erant
958 3413 1155 3479 aridae,
1184 3413 1359 3468 tertia
1386 3428 1518 3467 vero
1548 3410 1749 3466 viridis
1774 3428 1786 3466 :
1822 3415 1878 3466 et
1899 3411 1957 3465 hi
1990 3427 2255 3467 seorsum
2287 3412 2970 3476 statuebantur.Quidam
2992 3412 3369 3485 porrigebant
3397 3412 3592 3485 virgas
3650 3430 3809 3470 suas

381 3506 689 3581 paululum
721 3505 832 3575 (26)
863 3503 1056 3558 aridas
1086 3501 1557 3574 (exiguissimum
1574 3500 1729 3554 enim
1760 3500 1991 3554 aridum
2023 3503 2147 3555 erat
2174 3499 2235 3554 in
2264 3500 2443 3573 virgis
2468 3516 2690 3569 eorum,
2718 3500 2776 3555 id
2832 3505 2920 3557 est
2976 3501 3239 3573 ipsarum
3298 3518 3579 3557 cacumen
3633 3502 3814 3574 [27]),

382 3599 672 3655 scissuras
702 3609 834 3649 vero
866 3591 1159 3647 habebant
1191 3609 1203 3645 :
1236 3595 1294 3646 et
1326 3589 1381 3644 hi
1413 3606 1675 3646 seorsum
1697 3588 2124 3644 statuebantur.
2155 3587 2418 3644 Aliorum
2452 3593 2646 3645 autem
2683 3590 2742 3644 in
2763 3589 2944 3661 virgis
2974 3590 3251 3662 exiguum
3284 3595 3409 3645 erat
3436 3590 3813 3657 viride,reli-

384 3701 569 3759 quum
599 3699 733 3739 vero
765 3681 995 3737 aridum
1023 3698 1035 3734 :
1071 3685 1127 3735 et
1155 3679 1216 3734 hi
1249 3695 1511 3735 seorsum
1545 3678 1972 3734 statuebantur.
2006 3677 2121 3732 Alii
2179 3678 2489 3734 veniebant
2547 3678 2849 3734 afferentes
2876 3679 3070 3751 virgas
3102 3695 3239 3734 suae
3272 3679 3423 3734 sicut
3452 3686 3815 3752 acceperant

381 3776 618 3840 virides,
654 3772 1024 3842 maximaque
1058 3786 1192 3841 pars
1215 3768 1415 3841 populi
1446 3767 1785 3837 hujusmodi
1806 3768 1999 3839 virgas
2020 3767 2386 3840 porrigebat;
2411 3772 2469 3822 et
2498 3783 2779 3839 magnum
2801 3784 2869 3823 ex
2894 3767 2986 3823 his
3018 3767 3371 3823 nuntiusille
3401 3768 3695 3839 gaudium
3723 3787 3817 3827 ce-

386 3868 506 3939 pit:
540 3868 597 3919 et
626 3861 683 3916 hi
716 3876 981 3916 seorsum
1006 3858 1430 3914 statuebantur.
1462 3856 1573 3911 Alii
1604 3856 1919 3911 efferebant
1942 3857 2134 3928 virgas
2155 3874 2294 3911 suas
2321 3856 2534 3912 virides
2567 3861 2625 3911 et
2658 3857 2967 3929 pampinos
2997 3856 3280 3913 habentes
3312 3873 3324 3911 :
3359 3860 3416 3911 et
3439 3856 3499 3911 bi
3530 3874 3813 3914 seorsum

389 3953 799 4012 statuebantur
830 3974 843 4016 ς
877 3953 934 4003 et
963 3948 1071 4002 hos
1100 3963 1333 4018 quoque
1360 3945 1603 4001 nuntius
1634 3944 1730 4000 ille
1761 3962 1975 4017 magna
2004 3961 2136 3999 cum
2168 3944 2461 4001 hilaritate
2490 3945 2809 4017 excipiebat
2867 3945 3002 4017 (28).
3055 3945 3167 4000 Alii
3230 3945 3551 4002 afferebant
3605 3947 3816 4021 virgas

389 4059 528 4100 suas
565 4038 800 4103 virides,
832 4053 900 4091 ex
935 4036 1147 4108 quibus
1178 4039 1551 4091 excreverant
1580 4034 2058 4106 pampiniearum
2092 4034 2204 4105 (29)
2237 4052 2249 4103 ;
2284 4033 2384 4105 qui
2415 4034 2679 4106 pampini
2711 4035 2988 4105 quosdam
3024 4034 3251 4089 fructus
3295 4034 3632 4090 efferebant.
3698 4037 3815 4102 Qui

390 4126 728 4202 hujusmodi
775 4125 887 4197 (30)
934 4124 1127 4196 virgas
1177 4123 1549 4196 porrigebant
1596 4123 1761 4179 valde
1810 4123 2027 4179 hilares
2085 4129 2252 4179 erant
2303 4122 2501 4186 vultu;
2554 4124 2655 4179 sed
2718 4128 2775 4179 et
2825 4124 3069 4180 nuntius
3119 4123 3246 4196 ipse
3298 4123 3535 4196 quidem
3585 4142 3656 4180 ex
3727 4127 3816 4183 eis

1567 4246 1808 4303 VARIIE
1849 4247 2237 4303 LECTIONES
2278 4248 2366 4303 ET
2405 4247 2622 4303 ΝΟΤιἘ

482 4352 537 4422 9)
569 4350 709 4422 Mss.
740 4347 912 4422 Angl.
946 4349 1228 4422 cruciare.
1341 4419 1352 4422 _
1610 4416 1623 4422 _
1689 4417 1698 4422 _
1877 4417 1911 4422 _
1976 4417 2013 4422 η
2223 4345 2332 4422 (24)
2364 4346 2451 4422 11a
2480 4345 2672 4422 Fellus
2698 4361 2952 4422 δέχ-φξβ.
2984 4346 3181 4415 Editi.,
3212 4352 3349 4422 tota.

482 4361 537 4422 9)
569 4361 709 4405 Mss.
740 4361 912 4420 Angl.
946 4364 1228 4405 cruciare.
2223 4361 2332 4417 (21)
2364 4361 2451 4401 ita
2480 4361 2672 4401 r'euus
2704 4361 2775 4401 ex
2803 4362 2952 4403 mss.
2984 4361 3181 4415 Editi.,
3212 4361 3349 4402 tota.

462 4361 575 4495 (10)
609 4420 701 4477 Sic
736 4419 925 4475 Fellus
956 4420 1189 4495 ALamb.
1248 4419 1441 4495 animo
1494 4433 1552 4495 se
1604 4416 1824 4473 habere.
1876 4417 2036 4495 Bodl.
2224 4418 2338 4495 (22)
2366 4418 2456 4473 Sic
2486 4416 2663 4473 editio
2694 4416 2832 4473 Felli
2863 4418 3043 4474 Oxon.
3071 4435 3139 4476 ex
3167 4418 3364 4474 Lamb.
3396 4418 3483 4474 Al.
3537 4420 3662 4475 illi:
3727 4438 3811 4477 re-

389 4488 637 4553 animose
700 4508 909 4563 gerere.
942 4492 1132 4547 Carm.
1166 4495 1223 4545 et
1248 4489 1397 4544 Vict.
1432 4490 1689 4563 animam
1719 4505 1896 4557 agere.
1924 4488 2035 4563 MAI.
2146 4492 2339 4563 poscit.

389 4570 637 4624 animo”
691 4559 881 4631 agere.
940 4563 1226 4618 Exhibent
1276 4577 1504 4633 quoque
1537 4562 1805 4633 animose
1872 4561 2035 4616 editt.
2150 4559 2155 4560 “
2224 4560 2339 4633 (23)
2370 4559 2575 4633 Lamb.
2606 4560 2726 4616 ista
2752 4577 2873 4632 quae
2897 4572 3177 4633 acceperat
3205 4566 3423 4633 ordine,
3454 4563 3647 4622 eodem
3710 4580 3805 4621 vo-

390 4640 539 4696 Cler.
575 4641 632 4693 et
662 4629 907 4707 Russel.
929 4635 1125 4689 minus
1152 4629 1323 4701 recte,
1358 4629 1428 4686 ut
1451 4632 1687 4703 quidem
1717 4632 1964 4687 videtur.
2153 4629 2692 4707 caoafar‘adiltum,
2724 4629 3062 4707 uirgamque.

495 4712 579 4781 11)
610 4707 699 4781 Al.
736 4701 1038 4781 sapiu'sque
1070 4723 1170 4781 pro
1204 4701 1511 4781 variasque.
2196 4704 2334 4781 (24)
2366 4701 2608 4781 Conjicit
2628 4702 2699 4757 cl.
2733 4701 2999 4781 walgius,
3034 4712 3183 4781 ante
3222 4708 3348 4781 ista
3402 4708 3581 4781 verba
3610 4724 3628 4758 :
3693 4708 3804 4762 Alii

489 4775 577 4847 12)
610 4775 820 4833 Ιιειωὺξ
845 4793 970 4848 quae
1000 4775 1327 4851 instituerit.
1403 4775 1407 4776 ⁷
1485 4848 1499 4851 _
1699 4848 1707 4851 _
1849 4847 1858 4851 _
2150 4776 2340 4851 virgas
2365 4790 2519 4851 suas,
2538 4778 2686 4851 _etc.,
2718 4775 3005 4851 excidisse
3030 4776 3271 4851 librario
3301 4779 3607 4851 sequentia
3636 4796 3660 4832 :
3693 4781 3797 4833 Αιὲι

490 4846 576 4920 13)
604 4850 802 4905 Lamb.
836 4846 932 4919 ciui
951 4850 1155 4904 creavit
1176 4849 1364 4903 omnia
1392 4854 1442 4901 et
1466 4848 1736 4920 formavit
1754 4847 2036 4901 universa.
2148 4847 2331 4920 uirgas
2360 4846 2677 4920 offerebant,
2708 4846 2909 4901 virides
2938 4848 3178 4919 quidem,
3227 4852 3321 4906 sed
3377 4846 3651 4907 scissum:
3706 4852 3797 4904 ha-

463 4916 575 4995 (14)
606 4921 753 4975 Edit.
784 4916 965 4975 Oion.
998 4929 1047 4975 et
1078 4920 1221 4990 quod
1260 4920 1491 4973 multam
1556 4919 1898 4972 vexationem
1936 4935 2038 4989 pa-
2151 4916 2353 4995 beates.
2384 4916 2512 4971 Heec
2542 4918 2697 4995 epim
2721 4916 3019 4995 memorat
3046 4916 3291 4978 Hermas
3323 4923 3384 4978 in
3417 4924 3527 4979 hac
3559 4921 3694 4994 ipsa
3712 4922 3794 4976 Si-

391 4989 796 5052 tia'ris'necesse
824 4995 919 5046 est.
1088 4989 1098 4990 ί
2150 4989 2344 5053 milit.,
2369 5004 2534 5058 capp.
2567 4990 2603 5040 5
2634 4992 2691 5042 et
2721 4989 2775 5042 7.

461 5065 574 5135 (15)
603 5065 741 5119 Mss.
776 5066 946 5135 Angl.
980 5062 1119 5133 quod
1149 5063 1380 5131 dignum
1407 5068 1455 5115 te
1484 5059 1709 5135 habuit,
1729 5076 1853 5113 cum
1875 5073 2036 5135 _pr&3-
2357 5059 2560 5135 _L_amb.
2589 5060 2706 5135 alia
2728 5058 3130 5135 vero_dim_idia.

390 5130 595 5193 diceret
624 5130 1027 5191 incommodum
1046 5136 1153 5189 tibi
1182 5130 1390 5189 instare
1419 5132 1623 5187 valenti
1653 5131 1711 5185 id
1739 5132 2037 5199 sustinere,
2220 5130 2334 5203 (26)
2356 5131 2515 5203 Mss;
2532 5130 2703 5203 Angl.
2734 5132 2901 5203 paulo
2925 5133 3125 5189 minus.
3157 5135 3251 5190 Sic
3288 5141 3347 5191 et
3401 5135 3583 5191 editio
3616 5134 3782 5190 Oxon.

392 5211 661 5282 prwsciiis
688 5208 882 5282 laturi.
1320 5278 1328 5282 _
2148 5277 2194 5282 -_
2220 5201 2329 5273 (27)
2354 5202 2445 5282 Sic
2477 5201 2701 5282 Felluh.
2852 5204 3031 5274 ipsum
3050 5221 3335 5282 cacumen.
3386 5210 3473 5282 Ita
3510 5213 3581 5282 Aet

464 5282 577 5352 (16)
619 5274 819 5333 Lamb.
848 5279 1083 5352 desunt,
1115 5293 1179 5331 ac
1206 5278 1346 5352 uati.
1520 5348 1527 5352 _
1710 5345 1720 5352 _
1783 5345 1795 5352 _
2147 5274 2550 5352 _He_rmas_ipse
2578 5274 2703 5352 sub'
2724 5274 2853 5328 init.
2882 5291 3007 5352 cap.
3056 5278 3121 5330 10
3150 5278 3357 5352 hujus,
3388 5279 3621 5346 similit,
3680 5279 3778 5333 hac

463 5345 576 5423 (17)
599 5354 738 5423 Mss.
769 5348 956 5423 Angl._
972 5351 1033 5423 in
1069 5348 1349 5423 mandatis
1417 5348 1552 5401 meis
1607 5345 1852 5413 ambula,
1914 5360 2040 5416 qua?
2147 5345 2359 5423 habet:
2392 5345 2649 5423 Exceptis
2679 5348 3062 5423 cacuminibus
3084 5345 3635 5423 earum.Sicrursus
3668 5364 3771 5419 cap.

391 5416 651 5495 pracepi.
684 5421 778 5495 Sic
809 5416 1030 5495 et'edit.
1052 5420 1252 5495 Oxon.
1422 5490 1459 5495 __
2150 5416 2413 5495 Muttine
2444 5416 3019 5495 confirmatur-lectio
3044 5435 3219 5487 quam
3252 5422 3582 5494 sequimur.

460 5486 586 5566 (18)
601 5492 803 5566 Lamb.
829 5508 956 5566 ea?"
984 5492 1124 5562 Γαῖεθ
1153 5491 1219 5545 de
1244 5507 1312 5566 ,ϐα
1351 5490 1536 5566 salice.
1657 5559 1695 5566 _
1899 5558 1939 5566 __
2218 5488 2329 5566 (ἓξ)
2359 5488 2566 5566 [Δῃὼ.
2590 5503 2802 5559 magna
2831 5486 3119 5547 hilaritate
3146 5486 3423 5563 capiebat.

464 5557 574 5633 (l9)
600 5563 739 5619 Mss.
773 5562 940 5634 Angl.
967 5557 1071 5633 quo
1099 5564 1321 5616 nomine
1347 5560 1619 5615 mirabar.
1657 5557 1839 5613 Editio
1898 5557 2035 5613 Felli
2216 5560 2331 5634 (29)
2353 5560 2523 5634 _Bodl_.
2548 5557 2855 5634 earumque
2880 5566 3158 5633 pampini.

392 5630 571 5714 Oxon.
605 5637 689 5714 Eg:
715 5650 818 5708 quo
837 5630 1000 5714 opere
1029 5634 1337 5714 mirabar.“
1374 5700 1411 5714 η
2190 5631 2328 5714 .(30)
2353 5630 2573 5714 Lambu
2612 5630 2897 5714 quemde
2947 5630 3191 5706 fractum
3245 5636 3551 5709 aﬂerebant
3601 5643 3754 5693 cori

463 5706 575 5776 (20)
606 5705 691 5759 Al.
718 5700 1051 5776 cogitabam.
1086 5704 1179 5760 Sic
1209 5708 1263 5759 et
1298 5700 1511 5759 Fellus.
2144 5700 2391 5759 virorum
2418 5703 2517 5777 qui
2552 5700 2884 5776 huiusmodi.
