4014 6226
222 411 329 471 973
493 391 502 399 ”
1282 411 1613 472 PAS'I‘OR.
1648 442 1725 455 -
1754 409 1903 470 LIB.
1952 410 2060 470 IIl.
2108 410 2346 471 SIMlL.
2392 411 2552 471 VIII.
3502 418 3621 478 9'74

220 558 489 616 magnam
518 541 779 599 letitiam
810 542 1202 615 percipiebat;
1239 560 1343 601 nec
1373 544 1572 600 minus
1603 545 1803 616 pastor
1850 541 1946 597 ille
1976 559 2109 597 cum
2142 559 2207 598 eo
2249 544 2358 615 (31)
2390 560 2457 599 ex
2486 545 2688 599 eadem
2721 561 2902 601 causa
2932 544 3291 603 hilaritatem
3325 548 3611 620 capiebat.

1742 658 1971 716 CAPUT
2011 658 2079 714 ll.

282 758 447 813 Tunc
478 757 724 813 nuntius
756 756 985 813 Domini
1016 773 1260 813 coronas
1284 757 1467 829 jussit
1498 757 1708 814 afferri.
1746 756 1948 813 Allatas
1976 761 2115 811 sunt
2143 761 2341 812 autem
2391 774 2615 812 coronae
2665 757 2819 813 velut
2857 776 2926 815 ex
2956 760 3172 832 palmis
3204 763 3368 819 factae
3394 782 3408 831 ;
3442 768 3498 819 et
3524 781 3619 820 co-

218 846 441 902 ronavit
471 863 568 902 eos
598 847 752 902 viros
784 845 1048 913 nuntius,
1080 846 1138 900 in
1172 863 1423 916 quorum
1454 846 1632 918 virgis
1684 845 1993 916 pampinos
2034 845 2335 899 invenerat
2381 851 2437 900 et
2484 847 2737 901 fructum
2770 849 2922 917 (32);
2962 853 3019 903 et
3053 849 3238 919 jussit
3286 868 3385 908 eos
3426 852 3508 908 ire
3554 853 3615 910 in

218 934 447 991 turrim.
482 935 589 989 Sed
624 939 679 990 et
708 933 839 989 illos
867 934 1021 989 viros
1054 934 1215 990 misit
1242 934 1301 989 in
1334 935 1565 999 turrim,
1600 935 1659 989 in
1692 950 1943 1005 quorum
1992 932 2170 1003 virgis
2219 934 2344 989 sine
2376 935 2569 989 fructu
2609 936 2721 1006 (33)
2771 936 3071 991 invenerat
3102 940 3430 1010 pampinos,
3484 942 3617 998 dato

219 1026 301 1081 eis
326 1023 542 1097 sigillo.
575 1023 719 1079 Nam
750 1028 970 1078 vestem
1003 1024 1267 1079 eamdem
1296 1024 1606 1089 habebant,
1641 1023 1699 1078 id
1732 1028 1819 1077 est
1848 1022 2154 1077 candidam
2187 1022 2339 1077 sicut
2368 1024 2557 1078 nivem
2585 1042 2597 1091 ;
2632 1041 2763 1079 cum
2798 1042 2914 1095 qua
2935 1026 3183 1097 jubebat
3212 1028 3371 1100 ipsos
3392 1028 3475 1085 ire
3505 1032 3617 1103 (34)

218 1112 274 1168 in
304 1113 537 1170 turrim.
566 1113 680 1168 Nec
717 1112 913 1167 minus
942 1117 999 1167 et
1029 1129 1125 1167 eos
1157 1113 1257 1183 qui
1292 1113 1663 1167 reddiderant
1690 1112 1884 1183 virgas
1914 1128 2073 1181 suas,
2107 1112 2278 1166 sicuti
2311 1118 2651 1184 acceperant
2696 1113 2929 1183 virides,
2986 1116 3118 1170 data
3162 1117 3245 1171 eis
3294 1122 3450 1174 veste
3480 1136 3616 1175 can-

219 1202 389 1270 dida;
424 1207 483 1259 et
513 1202 597 1258 sic
627 1219 725 1257 eos
757 1201 982 1256 dimisit
1012 1202 1095 1256 ire
1124 1202 1237 1272 (35)
1269 1202 1327 1255 in
1360 1201 1588 1256 turrim.
1623 1201 1726 1256 His
1759 1200 2205 1263 consummatis,
2238 1200 2317 1255 ait
2347 1202 2417 1256 ad
2460 1206 2753 1272 pastorem
2788 1202 2954 1257 illum
2982 1220 2994 1259 :
3032 1205 3146 1276 Ego
3176 1206 3355 1274 vado;
3388 1212 3452 1262 tu
3483 1224 3617 1265 vero

220 1291 443 1348 dimitte
473 1292 581 1347 hos
610 1291 763 1346 intra
794 1307 1017 1358 muros,
1046 1290 1105 1345 in
1139 1307 1204 1346 eo
1236 1290 1359 1346 loco
1391 1308 1505 1362 quo
1537 1290 1788 1362 quisque
1822 1288 2028 1345 metuit
2058 1289 2346 1360 habitare,
2381 1292 2765 1347 consideratis
2811 1293 2977 1363 prius
3025 1293 3205 1367 virgis
3252 1310 3453 1352 eorum
3493 1296 3623 1352 dili-

220 1386 451 1454 genter:
484 1385 701 1451 tamen,
733 1396 804 1435 ne
834 1380 966 1451 quis
996 1384 1053 1434 te
1082 1379 1268 1445 fallat,
1297 1380 1619 1435 considera.
1652 1380 1761 1435 Sed
1796 1384 1853 1434 et
1902 1380 1951 1434 si
1986 1379 2120 1450 quis
2150 1384 2205 1434 te
2236 1380 2595 1451 praeterierit,
2646 1381 2861 1452 inquit,
2921 1398 3025 1453 ego
3084 1399 3182 1439 eos
3234 1400 3412 1455 super
3456 1403 3620 1442 aram

219 1471 491 1543 probabo.
526 1469 628 1525 His
659 1470 730 1525 ad
785 1473 1075 1541 pastorem
1111 1468 1303 1539 dictis,
1338 1469 1594 1524 recessit.
1649 1469 1968 1539 Postquam
2000 1468 2096 1524 ille
2126 1468 2500 1535 discesserat,
2532 1470 2612 1524 ait
2660 1470 2803 1524 mihi
2864 1477 3097 1543 pastor:
3139 1473 3507 1545 Accipiamus
3548 1477 3620 1532 ab

219 1559 491 1615 omnibus
520 1558 748 1632 virgas;
776 1562 831 1614 et
862 1557 1194 1630 plantemus
1224 1556 1373 1625 illas,
1408 1558 1456 1612 si
1502 1558 1727 1629 possint
1768 1558 2115 1613 revirescere
2145 1558 2277 1629 (36).
2313 1559 2446 1613 Dico
2480 1559 2530 1613 ei
2558 1576 2569 1611 :
2629 1559 2884 1626 Domine,
2932 1561 3057 1616 ista:
3101 1578 3228 1633 quae
3276 1568 3416 1618 sunt
3448 1566 3621 1621 arida:

217 1648 411 1721 virgae,
446 1664 560 1719 quo
592 1648 763 1703 modo
795 1651 1042 1718 possunt
1072 1646 1458 1702 revirescere?
1487 1648 1599 1717 (37)
1625 1647 1720 1702 Ait
1750 1646 1895 1701 mihi
1922 1664 1933 1701 :
1969 1647 2155 1701 Arbor
2187 1648 2299 1703 ista
2322 1647 2468 1703 salix
2490 1652 2596 1710 est.
2631 1655 2688 1703 et
2709 1666 2941 1721 semper
2964 1656 3123 1705 amat
3143 1651 3341 1707 vitam.
3368 1653 3427 1708 Si
3457 1653 3624 1726 plan-

218 1740 350 1793 tataa
380 1752 515 1808 ergo
538 1735 754 1792 fuerint
784 1735 869 1789 hie
907 1736 1106 1807 virgae,
1154 1735 1547 1807 exiguumque
1573 1735 1841 1790 humoris
1892 1736 2220 1806 acceperint
2250 1737 2381 1805 (38),
2416 1736 2684 1807 plurimae
2713 1753 2782 1791 ex
2838 1738 2921 1793 eis
2946 1738 3315 1795 revirescent.
3364 1742 3623 1799 Tentabo

216 1827 393 1895 enim,
429 1830 486 1882 et
514 1824 843 1881 suffundam
874 1824 988 1896 (39)
1018 1824 1102 1879 eis
1132 1840 1345 1896 aquam
1374 1841 1386 1879 :
1421 1830 1478 1879 et
1509 1824 1557 1879 si
1594 1841 1709 1897 qua
1735 1841 1935 1880 earum
1988 1824 2240 1896 potuerit
2268 1825 2477 1893 vivere,
2511 1825 2851 1897 gratulabor
2882 1826 2932 1882 ei
2959 1852 2972 1896 ;
3014 1829 3167 1899 quod
3221 1829 3271 1884 si
3303 1847 3438 1901 non,
3473 1835 3624 1887 certe

216 1932 333 1971 non
365 1914 605 1970 videbor
634 1929 740 1986 ego
771 1911 1073 1985 negligens
1103 1913 1305 1969 fuisse.
1345 1914 1533 1969 Jussit
1558 1915 1769 1970 deinde
1801 1931 1893 1970 me
1922 1930 2125 1970 vocare
2150 1931 2268 1969 eos.
2300 1916 2366 1969 Et
2396 1915 2547 1970 sicut
2580 1920 2866 1971 steterunt
2914 1916 3163 1989 quisque
3193 1934 3416 1987 eorum,
3448 1938 3623 1976 vene-

217 2010 356 2060 runt
384 2003 587 2060 ordine
607 2019 737 2069 suo,
769 2003 1080 2073 virgasque
1110 2019 1249 2059 suas
1291 2002 1693 2058 tradiderunt:
1736 2020 1886 2075 quas
1937 2008 2203 2074 acceptas
2236 2003 2332 2058 ille
2382 2003 2649 2075 singulas
2683 2004 2967 2076 plantavit
3022 2006 3330 2063 ordinibus
3375 2009 3521 2064 suis.
3553 2010 3625 2065 Et

217 2098 533 2166 postquam
565 2091 884 2163 plantasset
914 2108 1138 2157 omnes,
1162 2108 1374 2164 aquam
1407 2092 1657 2148 multam
1690 2092 2075 2163 supereﬂ'udit
2108 2093 2219 2164 (40)
2249 2092 2406 2158 illis;
2440 2092 2521 2147 ita
2546 2098 2609 2147 ut
2638 2098 2975 2165 tegerentur
3004 2094 3076 2149 ab
3119 2112 3292 2166 aqua,
3326 2112 3516 2167 neque
3548 2098 3621 2153 ab

217 2200 284 2239 ea
313 2185 623 2239 exstarent.
659 2180 873 2235 Deinde
903 2195 1037 2234 cum
1068 2180 1370 2252 irrigasset
1400 2179 1553 2248 illas,
1588 2180 1670 2235 ait
1700 2180 1879 2235 mihi:
1925 2181 2174 2247 Eamus;
2211 2185 2267 2235 et
2297 2186 2427 2252 post
2475 2198 2691 2253 paucos
2741 2182 2864 2237 dies
2912 2188 3292 2253 revertamur,
3322 2190 3379 2240 et
3424 2185 3620 2241 visite-

217 2288 352 2328 mus
384 2286 502 2327 eas.
527 2270 633 2335 Qui
662 2270 876 2325 creavit
903 2269 1059 2324 enim
1090 2269 1241 2324 hanc
1271 2270 1561 2337 arborem,
1593 2271 1784 2325 vivere
1814 2269 1940 2324 vult
1970 2270 2080 2341 (41)
2113 2286 2317 2325 omnes
2349 2286 2469 2336 eos,
2502 2271 2601 2341 qui
2634 2288 2701 2325 ex
2749 2287 2816 2326 ea
2864 2277 3213 2343 acceperunt
3259 2272 3471 2346 virgas.
3505 2274 3623 2347 Ego

216 2366 411 2417 autem
442 2375 634 2432 spero,
666 2374 800 2414 cum
832 2360 951 2413 sint
978 2375 1133 2429 aqua
1163 2358 1547 2431 superinfusaz
1578 2358 1663 2414 ha:
1693 2360 1807 2431 (42)
1837 2358 2031 2430 virgae,
2065 2358 2350 2431 plurimas
2380 2360 2639 2415 victuras
2672 2360 2917 2415 humore
2947 2365 3112 2433 capto
3144 2362 3274 2431 (43).

1740 2492 1970 2549 CAPUT
2007 2492 2101 2548 ΙΙΙ.

282 2610 422 2667 Dico
455 2610 506 2665 ei
540 2626 553 2665 :
585 2609 773 2665 Arbor
801 2609 942 2680 haec,
975 2609 1239 2679 Domine,
1292 2610 1629 2665 demonstra
1678 2608 1845 2675 mihi,
1888 2608 2028 2680 quid
2063 2609 2175 2664 sit:
2226 2608 2392 2665 valde
2442 2610 2597 2664 enim
2632 2626 2882 2678 moveor,
2932 2612 3087 2682 quod
3122 2614 3205 2667 tot
3248 2610 3430 2667 ramis
3478 2611 3622 2667 reci-

217 2700 303 2755 sis
350 2700 463 2771 (44)
515 2698 743 2770 integra
790 2699 1058 2754 videatur
1104 2716 1270 2766 esse;
1328 2715 1435 2754 nec
1464 2698 1702 2755 omnino
1752 2699 2075 2770 quidquam
2113 2699 2183 2753 de
2216 2716 2283 2754 ea
2314 2700 2511 2753 minus
2556 2698 2788 2754 videtur
2832 2715 2997 2768 esse;
3050 2716 3165 2771 quo
3209 2700 3462 2755 maxime
3509 2699 3623 2771 (45)

213 2793 442 2860 stupeo.
474 2787 648 2855 Audi,
696 2787 925 2859 inquit:
976 2788 1167 2844 Arbor
1195 2788 1317 2845 haec
1368 2804 1583 2861 magna
1620 2805 1751 2861 quae
1793 2805 2034 2859 campos
2084 2788 2230 2860 tegit
2260 2805 2326 2843 ac
2375 2792 2603 2844 montes
2652 2793 2952 2859 totamque
2998 2792 3233 2856 terram,
3285 2789 3376 2844 lex
3406 2792 3495 2844 est
3523 2789 3624 2845 Dei

208 2877 271 2932 in
312 2882 501 2933 totum
559 2876 759 2932 orbem
811 2882 1103 2932 terrarum
1158 2878 1311 2933 data.
1374 2877 1491 2933 Hac
1538 2883 1738 2933 autem
1770 2876 1896 2949 lege
1925 2876 2108 2932 Filius
2140 2876 2238 2932 Dei
2271 2877 2623 2948 praedicatus
2652 2878 2766 2946 (46)
2820 2882 2911 2932 est
2956 2877 3014 2931 in
3076 2877 3352 2933 omnibus
3407 2877 3627 2933 ﬁnibus

212 2966 375 3022 orbis
404 2966 799 3038 terrae.Populi
832 2983 965 3022 vero
997 2970 1219 3022 stantes
1252 2967 1360 3022 sub
1392 2967 1622 3034 umbra,
1656 2966 1694 3021 ii
1726 2971 1865 3022 sunt
1893 2965 1993 3038 qui
2025 2965 2337 3020 audierunt
2354 2965 2793 3037 praedicationes
2824 2968 3037 3035 ejus,et
3059 2966 3449 3022 crediderunt.
3474 2966 3630 3021 Nun-

215 3055 340 3112 tius
370 3059 567 3111 autem
592 3054 690 3110 ille
723 3055 1070 3126 magnificus
1098 3060 1155 3111 et
1181 3056 1373 3111 bonus
1402 3056 1515 3127 (47)
1545 3054 1792 3110 Michael
1823 3059 1930 3122 est,
1962 3054 2063 3125 qui
2096 3054 2293 3125 populi
2327 3054 2507 3124 hujus
2530 3054 2705 3109 habet
2736 3058 3081 3126 potestatem
3113 3058 3169 3109 et
3187 3054 3475 3127 gubernat
3501 3071 3622 3111 eos.

212 3143 319 3199 Hic
349 3144 505 3199 enim
537 3144 596 3198 in
626 3143 796 3198 corde
817 3159 1020 3197 eorum
1046 3144 1144 3214 qui
1174 3144 1568 3210 crediderunt,
1605 3143 1812 3199 inserit
1841 3142 2062 3215 legem.
2090 3144 2203 3214 (48)
2251 3142 2462 3198 Visitat
2508 3143 2686 3211 igitur
2732 3161 2849 3211 eos,
2893 3143 3108 3214 quibus
3140 3142 3299 3198 dedit
3328 3141 3537 3214 legem,
3571 3141 3622 3197 si

208 3249 346 3289 eam
377 3232 990 3289 custodierunt.Videt
1018 3236 1213 3287 autem
1248 3233 1713 3303 uniuscujusque
1739 3232 1985 3303 virgam,
2016 3238 2073 3287 et
2103 3248 2170 3287 ex
2192 3231 2274 3286 eis
2307 3231 2524 3287 multas
2556 3231 2886 3287 labefactas.
2922 3231 3037 3286 111m
3080 3231 3237 3287 enim
3284 3231 3479 3303 virgae,
3512 3235 3621 3286 Do-

209 3322 361 3377 mini
392 3321 484 3378 lex
512 3326 672 3377 sunt.
708 3321 1014 3393 Cognoscit
1047 3327 1241 3377 autem
1262 3321 1376 3391 (49)
1407 3322 1618 3376 deinde
1650 3337 1854 3376 omnes
1887 3338 2010 3385 eos,
2034 3320 2134 3392 qui
2169 3338 2282 3375 non
2312 3324 2686 3375 servaverunt
2716 3322 2899 3393 legem
2927 3346 2939 3387 ;
2972 3320 3162 3375 sciens
3192 3320 3391 3376 sedem
3423 3319 3627 3375 unius-

208 3413 504 3483 cujusque
526 3428 749 3466 eorum.
783 3411 918 3466 Dico
938 3411 1026 3467 ei:
1062 3412 1269 3481 Quare,
1302 3412 1567 3482 inquam,
1612 3412 1873 3479 Domine,
1910 3410 2054 3466 alios
2103 3410 2331 3465 dimisit
2377 3409 2436 3464 in
2488 3410 2720 3477 turrim,
2761 3410 2905 3465 alios
2957 3410 3061 3464 tibi
3092 3410 3187 3464 hic
3219 3407 3496 3480 reliquit?
3524 3408 3618 3476 Hi,

206 3500 428 3573 inquit,
461 3501 799 3572 quicunque
821 3500 1185 3572 supergressi
1218 3504 1356 3554 sunt
1382 3499 1571 3571 legem
1596 3516 1770 3569 quam
1805 3501 1876 3555 ab
1905 3516 1970 3555 eo
2003 3503 2372 3570 acceperunt,
2407 3499 2465 3552 in
2499 3516 2629 3553 mea
2671 3498 2855 3553 relicti
2900 3502 3039 3553 sunt
3069 3502 3389 3569 potestate;
3428 3499 3491 3551 ut
3522 3496 3625 3551 ad-

205 3589 531 3645 missurum
561 3590 673 3660 (50)
705 3606 947 3645 suorum
978 3593 1155 3661 agant
1185 3589 1588 3660 paenitentiam
1616 3606 1628 3656 ;
1664 3588 1766 3659 qui
1798 3593 1994 3644 autem
2040 3587 2451 3642 satisfecerunt
2480 3586 2591 3658 legi
2631 3591 2688 3640 et
2733 3590 3107 3642 servaverunt
3135 3602 3284 3652 eam,
3320 3586 3430 3641 sub
3462 3583 3625 3639 illius

202 3683 496 3751 potestate
527 3682 689 3734 sunt.
724 3678 830 3744 Qui
861 3682 999 3733 sunt
1016 3694 1176 3750 ergo,
1207 3677 1473 3746 Domine,
1507 3677 1773 3749 inquam,
1806 3677 1862 3732 in
1889 3677 2100 3732 turrim
2129 3681 2333 3731 euntes
2364 3675 2663 3731 coronati?
2692 3677 2786 3730 Ait
2826 3676 2969 3731 mihi
2996 3693 3009 3731 :
3043 3675 3391 3746 Quicunque
3421 3673 3624 3729 luctati

206 3784 349 3823 cum
382 3766 610 3823 diabolo
639 3767 903 3822 vicerunt
932 3765 1193 3837 eum,illi
1225 3770 1365 3821 sunt
1399 3767 1678 3822 coronati.
1713 3766 1798 3821 Illi
1834 3771 2030 3821 autem
2062 3770 2219 3831 sunt,
2254 3764 2353 3835 qui
2387 3769 2451 3819 ut
2482 3770 2779 3819 servarent
2808 3765 3017 3837 legem,
3048 3765 3307 3837 perpessi
3342 3767 3481 3818 sunt
3508 3762 3626 3817 ini-

203 3873 332 3927 qua
360 3856 496 3928 (51).
530 3855 618 3911 Illi
649 3872 803 3921 vero,
830 3849 936 3927 qui
968 3855 1183 3911 virides
1212 3856 1407 3927 virgas
1441 3855 1870 3927 pampinosque
1903 3855 2029 3910 sine
2084 3856 2273 3908 fructu
2321 3853 2603 3908 habentes
2650 3852 3037 3921 tradiderunt,
3095 3857 3332 3923 propter
3360 3851 3626 3907 eamdem

208 3945 456 4017 quidem
486 3944 673 4018 legem
702 3945 1065 4001 vexationem
1098 3945 1525 4012 sustinuerunt,
1562 3961 1675 3999 non
1709 3944 1981 4000 obierunt
2012 3948 2208 3999 autem
2240 3948 2486 3997 mortem
2538 3942 2686 4013 (52);
2720 3944 2820 3998 sed
2872 3959 2974 3998 nec
3026 3942 3464 4013 abnegaverunt
3494 3956 3630 3996 san-

208 4041 374 4090 ctam
405 4035 517 4107 (53)
550 4035 757 4107 legem.
791 4034 862 4088 Hi
890 4051 1046 4103 vero,
1079 4034 1179 4105 qui
1212 4033 1445 4100 virides,
1480 4032 1635 4089 sicut
1658 4039 2020 4105 acceperant,
2053 4032 2459 4099 tradiderunt;
2495 4031 2743 4086 modesti
2793 4035 2932 4087 sunt
2980 4036 3157 4102 atque
3200 4030 3369 4101 justi,
3422 4032 3477 4083 et
3525 4026 3631 4099 qui

208 4121 387 4178 valde
416 4140 562 4194 pura
590 4128 786 4179 mente
815 4122 1085 4178 vixerunt
1099 4128 1157 4177 et
1184 4123 1594 4178 custodierunt
1633 4124 1912 4179 mandata
1944 4122 2063 4178 Dei.
2098 4120 2344 4193 Reliqua
2391 4124 2587 4175 autem
2637 4120 2807 4191 scies,
2848 4138 2983 4177 cum
3012 4119 3450 4177 consideravero
3500 4116 3634 4173 illas

211 4210 413 4284 virgas
445 4229 591 4284 quas
621 4212 879 4285 plantavi
908 4215 965 4269 et
993 4211 1247 4284 irrigavi.

1728 4309 1959 4366 CAPUT
2002 4310 2093 4364 IV.

297 4408 434 4465 Post
462 4425 680 4482 paucos
710 4425 843 4466 vero
875 4409 1002 4465 dies
1023 4407 1237 4465 reversi
1264 4424 1473 4464 sumus
1498 4426 1511 4477 ;
1540 4410 1863 4481 eodemque
1884 4408 2008 4464 loco
2034 4405 2296 4463 consedit
2317 4405 2563 4461 nuntius
2590 4404 2689 4461 ille
2719 4406 3070 4479 magniﬁcus
3097 4423 3110 4473 ;
3135 4420 3240 4478 ego
3262 4406 3458 4459 autem
3477 4399 3636 4457 astiti

1397 4552 1640 4609 VARI/‘E
1678 4551 2069 4609 LECTIONES
2109 4552 2199 4607 ET
2236 4549 2464 4605 NOT/E.

291 4668 413 4739 (31)
435 4668 525 4724 Sic
558 4668 751 4725 F‘ellus
783 4686 852 4724 ex
883 4666 1195 4724 Lamb.A1.
1230 4667 1534 4733 omittunt,
1565 4684 1693 4724 cum
1722 4685 1801 4725 eo.
2063 4667 2173 4739 (43)
2207 4665 2409 4739 Lamb.
2444 4664 2610 4739 humo
2631 4664 3082 4739 receptassBodl.
3116 4664 3344 4739 humore
3362 4662 3631 4731 percepto.

298 4734 415 4824 (32⁷)
450 4740 769 4824 Lamb._eos
799 4742 964 4824 viros,
998 4742 1057 4794 in
1098 4754 1331 4820 quorum
1378 4742 1549 4824 virgis
1585 4743 1876 4812 pampino-
2204 4737 2343 4824 Mss.
2378 4736 2551 4824 :Angll.
2582 4734 2855 4824 praecisis.
2889 4738 2983 4792 Sic
3014 4742 3071 4792 et
3100 4736 3238 4791 edit.
3271 4734 3447 4788 Oxon.

222 4807 358 4866 nam
388 4807 675 4869 invenerat
700 4807 983 4881 fructum}
1016 4807 1257 4875 omisso,
1290 4807 1537 4865 nuntius.
1586 4807 1597 4811 ⁷
1716 4807 1730 4812 ’
2059 4807 2170 4881 (45)
2201 4807 2535 4881 Mss/\ngl.
2569 4811 2810 4864 nomine.
3170 4878 3193 4881 _
3252 4878 3259 4881 _
3353 4878 3360 4881 Α
3564 4868 3602 4881 η

301 4882 418 5023 (33)
451 4883 653 4940 Lamb.
688 4868 760 4940 de
808 4888 969 4949 sunt,
1000 4884 1122 4937 sine
1148 4868 1352 4953 fructu.
2060 4868 2170 4951 (46)
2202 4880 2401 4934 Lamb.
2438 4868 2574 4935 Haec
2604 4885 2786 4936 autem
2837 4881 2928 4936 lex
2960 4881 3129 4934 Filius
3162 4878 3260 4932 Dei
3287 4878 3383 4941 est,
3428 4868 3632 4945 pradi-

327 4953 418 5020 34)
450 4954 655 5012 Lamb.
687 4958 882 5023 quibus
912 4954 1143 5023 jubebat
1172 4955 1273 5008 ire.
1326 4957 1401 5007 At
1452 4954 1577 5009 Vic.
1613 4955 1881 5011 habebant
1990 4961 2159 5008 catus.
2212 5022 2261 5023 η
2527 5020 2539 5023 _
3304 5022 3307 5023 ν

327 4953 418 5027 34)
450 4954 655 5012 Lamb.
687 4958 882 5027 quibus
912 4954 1143 5025 jubebat
1172 4955 1273 5008 ire.
1326 4957 1401 5007 At
1452 4954 1577 5009 Vic.
1613 4955 1881 5011 habebant
1990 4961 2159 5027 catus.

2155 4667 2173 4877 ἒ

2059 4668 2077 4951 ἓ

225 5020 341 5097 pro
384 5026 614 5082 'ubebat.
693 5020 711 5027 ’
913 5020 933 5025 ⁷
2088 5024 2175 5090 47)
2210 5022 2347 5075 Mss.
2396 5020 2563 5091 Angl.
2599 5040 2834 5094 magnus
2865 5029 2916 5077 et
2946 5024 3217 5077 honestus.
3271 5022 3355 5072 lta
3400 5026 3633 5085 quoque

306 5042 423 5149 (35)
456 5097 658 5149 Lamb.
694 5099 877 5149 deest-
905 5100 1008 5149 ire.
1994 5024 2134 5149 Ιτρῆὶὶ
2166 5092 2305 5149 edit.
2338 5098 2517 5146 Oxon.
2550 5092 2714 5149 Hunc
2740 5096 2931 5149 locum
2964 5093 3166 5149 laudat
3186 5088 3451 5149 Origines
3484 5084 3633 5139 Com-

331 5084 401 5150 35
456 5097 658 5153 Lamb.
694 5099 877 5169 deest,
905 5100 1008 5153 ire.
1994 5084 2134 5150 Felli
2162 5084 2305 5163 edit.
2338 5084 2519 5146 Oxon".
2550 5084 2717 5151 Ηυηό
2740 5096 2931 5151 locum
2964 5093 3166 5149 laudat
3186 5084 3451 5161 Origines
3484 5084 3635 5139 Com-

306 5097 423 5237 (36)
454 5168 617 5224 Bodl.
649 5174 706 5226 et
742 5170 934 5225 Lamb.
968 5169 1309 5223 reviviscere.
1356 5168 1440 5222 Ita
1486 5184 1656 5237 saepe.
1708 5168 1797 5224 Sic
1828 5174 1883 5224 et
1990 5176 2158 5233 ment,
2190 5169 2252 5221 in
2283 5164 2476 5220 Matth.
2510 5168 2651 5224 tom.
2686 5168 2826 5233 XlV,
2858 5166 2996 5223 edit.
3035 5181 3165 5219 nov.
3221 5169 3364 5216 tom.
3396 5156 3467 5222 Il,
3500 5169 3633 5227 pag.

332 5099 401 5150 35
456 5099 658 5153 Lamb.
694 5099 877 5169 deest,
905 5100 1008 5153 ire.
1994 5099 2134 5150 Felli
2166 5099 2305 5163 edit.
2338 5099 2517 5146 Oxon.
2551 5099 2714 5151 Hunc
2740 5099 2931 5151 locum
2965 5099 3166 5149 laudat
3186 5099 3451 5161 Origines
3484 5099 3633 5139 uom-

332 5099 423 5238 36;
454 5168 617 5239 Bodl.
649 5174 706 5226 et
742 5170 934 5225 Lamb.
968 5169 1309 5223 reviviscere.
1356 5168 1440 5239 Ita
1486 5184 1656 5239 saepe.
1708 5168 1797 5224 Sic
1828 5174 1883 5224 et
1990 5176 2158 5233 ment,
2190 5169 2252 5221 in
2283 5164 2476 5220 Matth.
2510 5168 2651 5224 tom.
2686 5168 2826 5233 XlV,
2858 5166 2996 5223 edit.
3035 5181 3165 5219 nov.
3221 5169 3364 5216 tom.
3396 5156 3467 5222 Il,
3500 5169 3633 5227 pag.

227 5254 383 5293 mss.
418 5238 564 5295 Vict.
598 5246 655 5295 et
683 5241 870 5297 Carm.
906 5238 1100 5295 Fellus
1135 5243 1327 5293 autem
1359 5238 1417 5292 in
1452 5238 1588 5294 editi
1622 5240 1802 5295 Oxon.
1835 5243 1884 5295 si
1991 5240 2115 5293 644.

220 5311 622 5385 for_t_e_possint
648 5315 1003 5385 revirescere:
1036 5384 1041 5385 ί
1178 5383 1185 5385 _
1391 5381 1401 5385 _
2064 5312 2175 5385 (48)
2210 5313 2410 5368 Lamb-
2447 5314 2623 5382 legem
2653 5328 2832 5385 δηανη-
3371 5372 3383 5385 .
3515 5369 3523 5378 -

309 5328 376 5364 ’τε
448 5328 622 5367 assint
648 5328 995 5368 revirescere.
2064 5328 2175 5381 (46)
2210 5328 2410 5368 Lamo.
2447 5328 2623 5382 tegem
2653 5328 2832 5367 suam.
3515 5369 3523 5378 ε

309 5328 659 5524 (37fLamb.
693 5386 943 5440 desunt:
977 5383 1103 5437 Dico
1134 5383 1253 5437 ei...
1285 5381 1625 5437 revirescere.
2065 5384 2179 5451 (49)
2214 5385 2406 5439 Lamb.
2443 5402 2513 5439 ea:
2541 5386 2609 5438 iis
2631 5384 2831 5438 multas
2864 5384 3104 5437 vexatas.
3137 5376 3257 5432 ιιικ
3293 5372 3439 5429 enim
3468 5382 3635 5437 virgae

334 5452 401 5506 38
456 5455 660 5512 Lamb.
694 5458 998 5512 humorem.
1995 5454 2085 5507 lea:
2113 5458 2209 5511 est.
2246 5457 2578 5524 Cognosccns
2607 5455 2819 5510 deinde.

334 5452 423 5524 38)
456 5455 660 5512 Lamb.
694 5458 998 5512 humorem.
1995 5454 2085 5507 lea:
2113 5458 2209 5511 est.
2246 5457 2578 5525 Cognosccns
2607 5455 2819 5510 deinde.

311 5524 425 5599 (39)
457 5528 655 5599 138mb.
687 5527 986 5599 effundam.
1045 5595 1081 5599 __
1220 5594 1254 5599 _
2067 5525 2180 5599 (50)
2213 5524 2415 5599 Lamb.
2447 5530 2879 5582 commissorum.

338 5596 429 5671 to)
462 5598 667 5671 Lamb.
701 5593 911 5671 erravit.
945 5595 1108 5652 Bodl.
1140 5593 1387 5666 suffudit.
2066 5593 2180 5671 (ξω
2214 5598 2373 5654 Bodl.
2406 5599 2631 5669 injuste.

340 5668 428 5739 41)
461 5669 663 5726 Lamb-
692 5668 873 5736 ἰαξςδίῑο
1173 5737 1180 5739 _
2069 5669 2179 5739 (52)
2212 5671 2410 5725 Lamb.
2444 5668 2677 5725 ederunt
2706 5685 2829 5725 vero
2861 5668 3048 5738 legem.

340 5737 431 5813 42)
462 5740 603 5799 ΜΒΒ-
636 5742 805 5818 Αηειο
840 5741 1132 5814 αάαίιααεκ
1162 5737 1262 5795 hx.
2069 5737 2181 5817 (53)
2210 5746 2346 5800 Mss.
2380 5741 2574 5817 Angl.,
2606 5742 2753 5799 Vict.
2788 5744 2843 5796 et
2872 5737 3053 5795 carm.
3092 5748 3268 5792 suam.
