4014 6226
432 385 549 442 975
1929 386 1990 443 S.

2249 383 2341 444 [Ε
3719 392 3834 452 976

428 515 500 571 ei.
533 514 693 571 Tunc
723 514 805 570 ait
834 513 1021 569 mihi:
1077 513 1359 586 Succinge
1388 514 1501 587 (54)
1559 518 1616 571 te
1681 515 1921 587 sabano,
1981 519 2038 571 et
2094 515 2365 571 ministra
2424 515 2590 571 mihi.
2622 516 2887 573 Succinxi
2946 533 3041 574 me
3100 518 3319 576 sabano
3376 520 3619 591 mundo,
3678 524 3836 594 quod

426 608 553 659 erat
588 604 805 658 factum
847 619 915 659 ex
944 618 1133 658 sacco.
1166 602 1240 657 Ut
1269 607 1463 658 autem
1501 602 1644 658 vidit
1674 621 1766 659 me
1798 604 2079 671 cinctum,
2111 608 2169 660 et
2208 608 2476 675 paratum
2510 603 2591 658 illi
2618 604 2732 677 (55)
2765 604 3123 674 ministrare,
3161 607 3278 663 ait:
3314 607 3468 664 Voca
3494 610 3652 666 viros
3679 608 3831 681 illos,

425 709 677 765 quorum
716 692 887 765 virgae
918 691 1187 764 plantataa
1227 697 1385 758 sunt,
1427 710 1533 749 suo
1574 709 1867 765 quemque
1906 692 2130 759 ordine,
2171 692 2323 747 sicut
2362 698 2745 765 porrexerunt
2783 693 2937 750 illas.
2973 695 3042 750 Et
3070 695 3237 751 duxit
3276 712 3368 752 me
3409 697 3468 753 in
3500 714 3781 765 campum
3814 717 3829 767 ;

424 787 483 838 et
512 780 707 837 vocavi
737 782 847 854 (56)
872 797 1114 848 omnes;
1147 780 1247 853 qui
1278 782 1456 837 etiam
1492 781 1745 837 universi
1777 782 2163 837 constiterunt
2192 782 2495 837 ordinibus
2525 783 2636 853 (57)
2664 783 2808 838 suis.
2842 784 2937 838 Ait
2968 784 3177 840 deinde
3224 785 3296 841 ad
3339 784 3509 841 illos:
3567 786 3832 859 Quisque

422 870 644 943 virgam
697 888 866 925 suam
906 870 1187 939 extrahat,
1244 875 1301 925 et
1329 870 1399 925 ad
1435 887 1527 925 me
1556 870 1778 926 afferat.
1822 871 1889 925 Et
1947 870 2133 941 primo
2163 871 2557 937 tradiderunt,
2591 871 2693 943 qui
2750 871 2942 927 aridas
2985 878 3041 928 et
3080 874 3343 945 putridas
3370 874 3727 933 habuerunt.
3772 876 3839 932 Et

420 976 671 1032 quorum
702 959 811 1029 (58)
864 958 1110 1030 putridis
1141 962 1197 1012 et
1226 959 1401 1013 aridae
1460 965 1696 1030 repertae
1746 963 1883 1013 sunt
1926 959 2123 1030 virgae,
2158 959 2343 1029 jussit
2390 975 2487 1014 eos
2540 966 2694 1016 stare
2734 978 3024 1026 seorsum,
3065 962 3284 1019 Deinde
3314 972 3698 1036 porrexerunt
3726 966 3832 1037 qui

422 1049 616 1106 aridas
648 1048 906 1120 quidem,
935 1047 1035 1103 sed
1065 1064 1176 1102 non
1211 1046 1476 1118 putridas
1508 1048 1859 1102 habuerunt.
1886 1046 2080 1118 Aliqui
2109 1063 2309 1103 eorum
2346 1048 2715 1104 tradiderunt
2745 1051 2941 1123 virgas
2977 1051 3089 1124 (59)
3132 1052 3349 1108 virides
3375 1072 3389 1109 :
3425 1054 3667 1125 quidam
3699 1071 3837 1111 vero

423 1139 614 1196 aridas
666 1142 723 1194 et
778 1137 1063 1209 putridas,
1104 1136 1259 1191 velut
1310 1154 1343 1191 a
1393 1138 1551 1191 tinea
1579 1139 1785 1191 tactas.
1846 1136 1956 1191 Eos
1986 1136 2085 1208 qui
2113 1137 2330 1192 virides
2360 1138 2751 1206 tradiderunt,
2774 1140 2965 1210 jussit
2994 1156 3261 1198 seorsum
3292 1146 3486 1198 stare:
3520 1143 3654 1200 illos
3697 1161 3835 1201 vero

422 1230 525 1301 qui
554 1228 749 1285 aridas
770 1232 826 1283 et
854 1226 1121 1299 putridas
1149 1225 1541 1295 tradiderunt,
1572 1242 1706 1281 cum
1739 1225 1946 1297 primis
1969 1228 2122 1281 stare
2154 1226 2265 1297 (60)
2291 1226 2491 1296 jussit.
2527 1228 2912 1283 Porrexerunt
2950 1228 3159 1286 deinde
3202 1229 3289 1285 illi
3333 1232 3434 1302 qui
3483 1232 3843 1289 semiaridas

420 1320 765 1389 habuerant,
796 1320 853 1371 et
878 1316 1167 1372 scissuras
1196 1314 1478 1370 habentes
1513 1333 1525 1369 :
1562 1314 1733 1370 multi
1765 1331 1833 1369 ex
1863 1313 1981 1370 illis
2021 1314 2236 1370 virides
2283 1320 2683 1388 porrexerunt,
2717 1333 2823 1373 nec
2881 1319 3172 1376 scissuras
3230 1319 3553 1389 habentes;
3584 1322 3835 1394 quidam

416 1426 550 1465 vero
579 1408 817 1476 virides,
848 1405 1155 1479 pampinos
1185 1404 1489 1475 habentes,
1522 1408 1579 1459 et
1603 1404 1660 1458 in
1692 1403 1984 1475 pampinis
2036 1404 2311 1472 fructum,
2345 1405 2499 1461 sicut
2538 1404 2623 1459 illi
2656 1405 2757 1478 qui
2788 1406 2849 1462 in
2888 1408 3101 1463 turrim
3132 1409 3364 1466 iverunt
3394 1412 3678 1467 coronati.
3713 1412 3840 1467 Alii

416 1499 797 1570 porrexerunt
827 1494 1042 1566 aridas,
1070 1499 1126 1550 et
1155 1510 1269 1549 non
1300 1494 1588 1565 putridas.
1620 1492 1865 1558 Quidam
1894 1508 2028 1548 vero
2059 1492 2213 1548 sicut
2243 1493 2493 1560 fuerant,
2525 1494 2871 1551 semiaridas
2900 1500 2957 1551 et
2981 1496 3272 1553 scissuras
3298 1498 3605 1556 habentes.
3629 1499 3831 1558 Jussit

415 1601 898 1659 unumquemque
926 1600 1128 1639 eorum
1161 1598 1426 1638 seorsum
1458 1586 1650 1649 stare;
1682 1580 1827 1638 alios
1859 1598 1967 1637 suo
1999 1597 2295 1654 quemque
2321 1582 2523 1639 ordine
2550 1582 2687 1655 (61),
2717 1582 2862 1640 alios
2893 1600 3182 1643 seorsum.

1950 1696 2179 1755 CAPUT
2214 1697 2280 1754 V.

482 1800 701 1857 Deinde
730 1799 1111 1871 porrexerunt
1134 1795 1235 1868 qui
1267 1795 1594 1851 habuerant
1624 1795 1735 1866 (62)
1766 1795 1981 1852 virides
2011 1796 2251 1867 quidem
2281 1796 2466 1868 virga,
2499 1796 2600 1853 sed
2632 1797 2922 1855 scissuras
2969 1798 3275 1857 habentes.
3330 1799 3401 1856 Hi
3450 1817 3665 1859 omnes
3706 1804 3819 1859 viri

409 1891 510 1947 des
538 1889 924 1956 tradiderunt,
958 1902 1181 1957 suoque
1214 1885 1414 1940 ordine
1444 1888 1748 1940 steterunt.
1778 1884 2069 1940 Gaudium
2097 1890 2291 1941 autem
2322 1902 2392 1941 ex
2420 1886 2514 1941 his
2544 1886 2801 1959 percepit
2829 1887 2924 1943 hic
2965 1888 3191 1958 Pastor,
3225 1891 3381 1961 quod
3418 1906 3628 1947 omnes
3675 1892 3830 1965 poli-

406 1984 477 2034 tas
508 1979 619 2052 (63)
651 1980 867 2044 essent,
899 1980 955 2031 et
983 1974 1394 2047 deposuissent
1421 1973 1709 2029 scissuras
1739 1991 1896 2030 suas.
1932 1974 2152 2029 Deinde
2196 1978 2596 2046 porrexerunt,
2628 1975 2730 2047 qui
2769 1976 3075 2033 dimidiam
3106 1977 3367 2048 viridem,
3414 1983 3471 2035 et
3511 1980 3830 2037 dimidiam

404 2068 629 2124 aridam
660 2067 1014 2123 habuerant:
1048 2064 1440 2136 quorumdam
1469 2081 1599 2119 vero
1629 2066 1875 2119 inventae
1903 2068 2043 2119 sunt
2069 2067 2200 2119 tota:
2222 2063 2436 2120 virides
2462 2082 2474 2131 ;
2500 2064 2752 2120 aliorum
2782 2067 3117 2123 semiaridaa
3143 2086 3157 2123 :
3213 2067 3464 2125 aliorum
3513 2069 3740 2125 virides
3770 2074 3830 2126 et

406 2158 715 2230 pampinos
733 2155 1158 2225 habentes(6-’i).
1184 2154 1250 2208 Hi
1274 2170 1477 2209 omnes
1508 2153 1736 2209 dimissi
1759 2159 1899 2209 sunt
1915 2153 2328 2225 unusquisque
2352 2154 2411 2208 in
2428 2170 2603 2210 suum
2625 2155 2914 2227 ordinem(
2936 2157 3050 2228 65).
3065 2158 3453 2214 Tradiderunt
3471 2159 3587 2230 (66)
3605 2159 3827 2214 deinde

405 2246 506 2319 qui
526 2246 1016 2303 habuerantduas
1040 2249 1234 2316 partes
1254 2244 1549 2314 virgarum
1573 2260 1815 2299 suarum
1840 2242 2076 2307 virides,
2092 2242 2441 2315 tertiamque
2467 2244 2690 2299 aridam
2719 2262 2732 2301 :
2766 2244 2935 2300 multi
2956 2262 3026 2301 ex
3054 2246 3138 2302 eis
3167 2247 3380 2302 virides
3402 2252 3827 2319 porrexerunt;

407 2336 577 2391 multi
607 2334 951 2393 semiaridas
976 2351 990 2402 ;
1023 2332 1213 2388 caeteri
1242 2347 1376 2387 vero
1408 2332 1602 2387 aridas
1626 2337 1681 2387 et
1710 2349 1826 2387 non
1856 2332 2142 2404 putridas.
2174 2332 2246 2385 Hi
2278 2348 2481 2388 omnes
2511 2332 2742 2389 dimissi
2772 2338 2914 2390 sunt
2937 2334 2997 2390 in
3027 2351 3203 2391 suum
3234 2337 3485 2407 quisque
3515 2336 3821 2393 ordinem.

405 2425 625 2481 Deinde
656 2424 1051 2497 porrigebant,
1083 2421 1184 2493 qui
1215 2422 1499 2477 abuerant
1527 2421 1586 2475 in
1620 2421 1798 2493 virgis
1830 2421 1954 2477 suis
1983 2421 2132 2477 duas
2162 2425 2354 2492 partes
2398 2422 2614 2493 aridas,
2663 2423 3015 2495 tertiamque
3061 2424 3342 2480 viridem:
3376 2424 3546 2480 multi
3578 2442 3824 2499 quoque

403 2531 472 2570 ex
502 2514 587 2570 eis
615 2517 996 2585 porrexerunt
1025 2511 1399 2578 semiaridas;
1433 2509 1674 2582 quidam
1704 2526 1836 2565 vero
1868 2510 2063 2566 aridas
2085 2514 2142 2565 et
2161 2509 2428 2581 putridas
2452 2534 2467 2578 ;
2501 2509 2597 2565 alii
2620 2514 2816 2566 autem
2847 2512 3195 2568 semiaridas
3210 2517 3266 2568 et
3290 2515 3581 2570 scissuras
3598 2513 3824 2570 haben-

403 2609 490 2660 tes
528 2622 540 2659 :
574 2603 743 2675 pauci
776 2619 907 2658 vero
940 2600 1172 2656 virides.
1206 2599 1277 2653 Hi
1324 2600 1503 2671 igitur
1532 2615 1735 2654 omnes
1793 2599 2181 2654 constiterunt
2238 2598 2296 2653 in
2327 2615 2432 2654 suo
2472 2599 2723 2670 quisque
2760 2599 2964 2655 ordine
2994 2602 3128 2669 (67).
3161 2601 3377 2658 Deinde
3406 2609 3819 2673 porrexean

402 2692 502 2764 qui
532 2694 771 2748 tertium
804 2691 915 2763 (68)
937 2690 1265 2745 habuerant
1303 2688 1504 2758 viride,
1538 2688 1829 2759 reliquum
1861 2704 1994 2743 vero
2025 2687 2289 2743 aridum:
2344 2688 2555 2743 horum
2600 2687 2773 2760 virgae
2822 2689 3029 2760 majori
3081 2706 3150 2745 ex
3175 2695 3338 2762 parte
3385 2691 3634 2748 inventae
3675 2699 3823 2749 sunt

398 2781 635 2849 virides,
667 2778 1034 2836 ramusculos
1066 2777 1372 2843 habentes,
1405 2782 1463 2832 et
1491 2777 1549 2831 in
1600 2777 1683 2832 eis
1732 2776 2083 2833 ramusculis
2118 2778 2371 2832 fructum
2397 2795 2410 2843 ;
2445 2780 2502 2832 et
2530 2777 2996 2848 reliquavirides
3026 2782 3177 2834 totae.
3210 2780 3293 2835 Ex
3324 2779 3414 2836 his
3443 2780 3626 2854 virgis
3658 2798 3819 2855 gau-

401 2872 564 2927 dium
594 2869 967 2926 vehementer
995 2868 1253 2941 percepit
1282 2870 1481 2939 pastor
1508 2865 1626 2933 ille,
1658 2867 1799 2938 quia
1827 2867 1911 2923 sic
1941 2867 2242 2923 invenerat
2271 2882 2389 2923 eas.
2422 2865 2708 2922 Abierunt
2736 2871 2793 2923 et
2821 2866 2908 2923 illi
2934 2867 2992 2922 in
3026 2867 3261 2926 ordines
3282 2885 3441 2927 suos.

1920 2981 2149 3038 CAPUT
2188 2982 2282 3038 VI.

474 3085 785 3157 Postquam
816 3085 1011 3138 autem
1040 3081 1305 3137 omnium
1337 3080 1449 3153 (69)
1478 3080 1671 3154 virgas
1702 3080 2147 3148 considerasset,
2179 3081 2261 3135 ait
2290 3080 2433 3136 mihi
2458 3097 2471 3134 :
2508 3080 2772 3136 Dixeram
2802 3080 2930 3149 tibi,
2964 3082 3233 3140 arborem
3263 3083 3412 3140 hanc
3439 3084 3694 3157 diligere
3725 3087 3810 3142 vi-

398 3177 539 3228 tam.
573 3172 766 3241 Vides,
798 3171 952 3242 quod
984 3171 1094 3241 (70)
1127 3168 1298 3225 multi
1330 3174 1575 3241 egerunt
1604 3168 2028 3240 paenitentiam,
2061 3173 2118 3224 et
2146 3170 2396 3225 assecuti
2427 3172 2566 3224 sunt
2595 3168 2867 3225 salutem.
2902 3170 3102 3239 Video,
3134 3172 3400 3243 inquam,
3433 3173 3703 3230 domine.
3746 3175 3819 3233 Ut

398 3262 570 3329 scias,
601 3260 814 3333 inquit,
844 3259 1168 3315 bonitatem
1199 3263 1256 3314 et
1286 3257 1655 3315 clementiam
1687 3257 1917 3313 Domini
1940 3274 2236 3330 magnam,
2271 3262 2328 3314 et
2356 3258 2760 3313 honorandam
2786 3258 2900 3331 (74)
2933 3275 3083 3331 esse,
3112 3261 3216 3331 qui
3246 3261 3402 3317 dedit
3432 3262 3721 3333 spiritum
3744 3264 3819 3321 iis

400 3350 501 3422 qui
533 3349 697 3421 digni
726 3353 893 3404 erant
923 3363 1093 3420 agere
1121 3347 1233 3418 (72)
1266 3346 1689 3418 pmnitentiam.
1717 3347 1788 3401 Et
1816 3346 1973 3402 dixi:
2008 3348 2194 3412 Quare
2223 3363 2381 3420 ergo,
2417 3348 2679 3419 Domine,
2711 3364 2828 3403 non
2858 3364 3061 3405 omnes
3092 3355 3335 3422 egerunt
3352 3351 3817 3423 paenitentiam?

394 3439 493 3494 Ait
522 3437 667 3493 mihi
692 3455 704 3494 :
739 3438 997 3503 Quorum
1028 3436 1251 3491 viderat
1279 3436 1393 3507 (73)
1427 3434 1708 3491 Dominus
1732 3452 1913 3507 puras
1943 3440 2169 3491 mentes
2194 3436 2447 3502 futuras,
2479 3441 2538 3492 et
2567 3436 2885 3493 servituros
2915 3437 2967 3492 ei
2999 3454 3068 3494 ex
3103 3439 3244 3496 totis
3274 3440 3651 3511 praecordiis;
3690 3441 3817 3499 illis

388 3527 597 3584 tribuit
628 3526 1051 3600 pmnitentiam.
1084 3530 1158 3580 At
1207 3542 1459 3597 quorum
1493 3524 1719 3597 aspexit
1756 3524 1957 3580 dolum
1987 3529 2046 3579 et
2094 3524 2407 3597 nequitias,
2456 3530 2515 3581 et
2565 3525 2982 3582 animadvertit
3010 3528 3082 3583 ad
3114 3544 3176 3583 se
3224 3526 3505 3584 fallaciter
3536 3545 3815 3585 reversu-

388 3634 482 3673 ros
510 3617 642 3689 (74),
667 3616 898 3689 negavit
924 3615 994 3670 iis
1027 3631 1092 3670 ac
1118 3614 1518 3686 pcenitentiam
1552 3630 1904 3687 regressum,
1930 3630 2002 3669 ne
2021 3630 2227 3669 rursus
2249 3613 2436 3687 legem
2467 3614 2596 3686 ejus
2627 3614 2892 3671 nefandis
2924 3614 3339 3672 maledicerent
3387 3617 3601 3674 verbis.
3660 3618 3811 3676 Dico

386 3707 436 3761 ei
462 3724 475 3762 :
510 3706 677 3763 Nunc
709 3705 873 3776 mihi,
908 3704 1165 3771 domine,
1197 3704 1554 3769 demonstra,
1592 3703 1785 3775 qualis
1818 3703 1893 3759 sit
1921 3703 2034 3775 (75)
2064 3702 2226 3759 locus
2252 3703 2539 3775 cujusque
2560 3720 2762 3759 eorum
2782 3704 2882 3775 qui
2902 3705 3095 3777 virgas
3122 3705 3526 3775 reddiderunt,
3547 3711 3604 3763 et
3626 3709 3811 3764 sedes

383 3812 585 3851 eorum
607 3795 747 3865 (76):
784 3798 848 3849 ut
878 3793 1097 3849 auditis
1129 3793 1222 3848 his
1253 3798 1309 3848 et
1338 3793 1593 3857 creditis,
1626 3793 1665 3846 ii
1699 3792 1799 3864 qui
1831 3809 1946 3848 non
1980 3792 2385 3848 custodierunt
2409 3792 2726 3864 integrum,
2753 3793 2855 3848 sed
2882 3793 3317 3865 dissipaverunt
3341 3794 3603 3866 sigillum
3640 3798 3808 3869 quod

380 3887 749 3955 acceperunt,
783 3882 998 3955 agnitis
1028 3883 1151 3938 suis
1178 3882 1367 3950 factis,
1398 3882 1800 3954 paenitentiam
1830 3888 2046 3955 agant;
2079 3886 2135 3937 et
2156 3885 2392 3953 accepto
2440 3898 2474 3937 a
2504 3885 2561 3937 te
2606 3881 2821 3953 sigillo,
2856 3882 3101 3938 Domino
3150 3884 3290 3939 dent
3340 3884 3617 3940 honorem
3657 3886 3805 3957 (77),

381 3974 537 4044 quod
568 3972 646 4028 sit
671 3988 847 4044 super
877 3972 988 4043 (78)
1015 3988 1113 4027 eos
1144 3976 1339 4027 motus
1372 3970 1822 4038 clementiasua,
1854 3974 1911 4026 et
1935 3970 2162 4027 miserit
2182 3974 2259 4036 te,
2292 3974 2357 4025 ut
2380 3970 2621 4042 spiritus
2653 3987 2856 4027 eorum
2889 3972 3345 4038 renoves.Audi,
3379 3972 3606 4045 inquit:
3640 3975 3804 4040 Quo-

383 4078 515 4117 rum
544 4061 721 4134 virga:
751 4061 927 4116 arida
957 4064 1013 4117 et
1043 4061 1286 4132 putridas
1310 4065 1549 4131 repertae
1578 4063 1733 4128 sunt,
1767 4064 1824 4115 et
1847 4058 2005 4115 velut
2034 4076 2068 4115 a
2092 4059 2252 4115 tinea
2275 4063 2443 4115 tacta
2469 4076 2483 4127 ;
2514 4058 2576 4115 hi
2603 4063 2744 4116 sunt
2768 4061 3109 4134 transfugas,
3139 4064 3199 4118 et
3230 4062 3343 4133 (79)
3364 4059 3636 4118 Ecclesia
3669 4080 3803 4136 pro.

1549 4193 1790 4249 VARIIE
1826 4193 2219 4249 LECTIONES
2256 4193 2349 4250 ET
2388 4191 2619 4248 NOTIE.

454 4293 568 4363 (54)
599 4293 739 4348 Mss.
789 4292 962 4364 Angl.
1010 4294 1249 4362 ineinge.
1284 4293 1353 4348 Et
1372 4308 1517 4364 mox
1582 4293 1819 4364 incinxi.
1885 4291 2014 4347 Usi-
2139 4291 2515 4364 Tradiderunt,

380 4358 563 4419 tatam
594 4376 788 4420 autem
821 4358 1032 4421 Gr'iecis
1087 4358 1288 4420 vocem
1317 4358 1571 4434 σᾴϐανον,
1603 4380 1731 4436 quae
1756 4363 2029 4436 linteum
2209 4363 2321 4436 (67)
2350 4362 2597 4434 Gonjicit
2639 4360 2924 4436 Wakius,
2950 4360 3177 4417 librarii
3208 4360 3442 4436 incuria
3477 4362 3577 4419 hic
3604 4363 3795 4421 fuisse

380 4435 499 4492 sive
528 4436 844 4491 linteamen
878 4437 1134 4504 denotat,
1187 4432 1370 4492 vetus
1394 4432 1681 4508 interpres
1712 4434 1805 4490 hic
1828 4435 1886 4489 in
1920 4452 2030 4490 sua
2139 4432 2360 4508 omissa
2389 4432 2729 4508 sequentia;
2783 4432 3020 4508 Quidam
3061 4434 3416 4508 porrigebant
3444 4439 3630 4506 virga:
3662 4453 3793 4492 sua:

379 4508 646 4564 versione
676 4508 936 4563 retinuit.
1547 4504 1565 4508 ’
2133 4507 2429 4577 paululum
2456 4504 2651 4577 aridas
2671 4505 2952 4577 :(aridum
2981 4506 3127 4577 enim
3156 4514 3273 4561 erat
3296 4506 3478 4577 ipsum
3504 4504 3788 4577 cacumen)

472 4580 565 4647 55)
595 4580 801 4634 Lamb.
833 4580 959 4634 sibi.
2131 4575 2398 4633 scissuras
2425 4592 2551 4633 vero
2582 4575 2876 4632 habebant.
2912 4578 2987 4632 De
3016 4575 3111 4632 his
3160 4575 3327 4632 enim
3350 4577 3420 4632 ﬁt
3470 4579 3702 4635 mentio
3733 4575 3784 4634 in

472 4652 563 4722 56)
596 4652 799 4707 Lamb.
831 4652 1119 4722 Eteduacit
1157 4652 1219 4705 in
1248 4666 1458 4722 campo,
1489 4657 1543 4705 et
1570 4650 1798 4705 vocavit.
2132 4648 2312 4719 hujus
2344 4647 2570 4722 similit.
2601 4664 2728 4720 cap.
2762 4650 2784 4704 4
2825 4652 2883 4703 et
2912 4649 2996 4722 10.

473 4717 564 4794 57)
596 4723 737 4778 Mss.
771 4721 941 4793 Angl.
975 4723 1308 4794 agminibus.
1365 4717 1383 4722 ”
1442 4717 1451 4720 ’
2138 4791 2181 4794 μ
2202 4717 2427 4794 (⁷68)-ῌΧ
2460 4717 2613 4775 Fello
2645 4717 2788 4775 mss.
2835 4718 3010 4792 Angl.
3052 4720 3347 4775 minimum
3394 4736 3501 4792 pro
3529 4722 3775 4778 tertius;

450 4791 563 4865 (58)
597 4794 800 4848 Lamb.
833 4791 977 4865 qum.
1013 4791 1024 4794 ⁷
1592 4863 1599 4865 _
1666 4863 1673 4865 _
1812 4863 1857 4865 η
2130 4791 2220 4846 Sic
2238 4797 2309 4865 et
2331 4791 2549 4865 Victor.

447 4863 558 4931 (59)
590 4865 789 4919 Lamb.
824 4863 1005 4920 addit.
1037 4881 1187 4921 suas.
1224 4866 1294 4920 Et
1322 4881 1457 4919 mox
1487 4863 1708 4919 omittit
1734 4863 1919 4918 aridas
1947 4867 2015 4919 et.
2201 4864 2313 4931 (69)
2342 4863 2548 4918 Lamb.
2581 4876 2786 4916 omnes.

444 4932 556 5007 (60)
612 4936 815 4991 Lamb.
872 4938 1160 5007 primariis
1203 4937 1435 4993 tradere.
1502 4934 1664 4990 Bodl.
1718 4937 2020 5005 primariis
2201 4932 2314 5007 (70)
2345 4934 2483 4990 Mss.
2518 4932 2705 5007 Angl.‘
2723 4948 2910 5004 quam.

444 4949 556 5007 (ου)
612 4949 815 4991 Lamb.
872 4953 1160 5007 primariis
1203 4949 1435 4993 tradere.
1504 4949 1664 4990 boui.
1718 4951 2020 5005 primariis
2201 4949 2293 5005 ('IU
2345 4949 2483 4990 mss.
2518 4949 2691 5057 Ahpi.
2723 4949 2910 5004 quam.

377 5011 546 5063 stare.
2198 4949 2314 5073 (74)
2344 5009 2447 5060 Ms.
2481 5011 2609 5073 Ang
2640 5046 2653 5058 .
2686 5003 2983 5060 honestam.

444 5079 557 5150 (61)
592 5078 879 5151 Ms.Angl.
924 5096 1020 5135 suo
1059 5096 1269 5151 quoque
1315 5080 1551 5149 agmine.
1579 5078 1664 5133 Ita
1694 5094 1865 5150 smpe.
1900 5077 2017 5133 Ha-
2199 5075 2311 5151 (72)
2345 5077 2545 5132 Lamb.
2573 5075 2812 5151 diligunt
2841 5093 3023 5147 agere.

373 5146 512 5206 bent
542 5146 716 5205 etiam
749 5146 980 5219 aqmine
1007 5146 1156 5206 Vict.
1171 5146 1246 5206 'et
1275 5146 1463 5205 Carm.
1775 5146 1795 5150 ⁷
2197 5149 2312 5219 (73)
2342 5154 2443 5203 Ms.
2479 5146 2648 5219 Angl.
2682 5146 2839 5203 vidit.

441 5222 554 5293 (62)
588 5222 789 5277 Lamb.
825 5221 1155 5278 habuerunt.
1189 5222 1286 5277 Sic
1319 5227 1375 5276 et
1407 5220 1579 5294 paulo
1611 5224 1761 5293 post,
1795 5224 1851 5276 et
1881 5237 2014 5292 pas-
2196 5219 2309 5294 (74)
2343 5219 2547 5294 Lamb.
2579 5234 2840 5294 reversos.

375 5289 547 5373 siml:
592 5366 620 5373 Α
678 5363 728 5373 η
966 5366 975 5373 _
1221 5365 1231 5373 .
1296 5364 1311 5373 _
1378 5289 1423 5373 ς
1498 5367 1507 5373 Δ
1545 5365 1554 5373 _
1707 5371 1714 5373 Α
1750 5289 1754 5290 ί
1940 5365 1949 5373 ι
2174 5289 2428 5373 _(75)\Sic
2459 5307 2602 5373 mss:
2634 5289 2813 5373 Angl,
2841 5295 2897 5372 et
2925 5290 3071 5345 Vict.
3105 5291 3201 5347 Sic
3225 5295 3283 5347 et
3309 5291 3452 5348 edit.
3483 5291 3661 5349 Oxon.
3689 5294 3745 5344 At

441 5366 553 5435 (63)
585 5363 831 5429 Quidam
860 5381 932 5438 ex
962 5365 1268 5438 impressis
1296 5364 1517 5438 habent
1532 5365 1779 5438 imitatae.
1803 5363 1891 5418 A1.
1926 5365 2013 5418 in-
2124 5361 2661 5438 edit.__Paris._quis,_
2682 5361 2824 5438 quid
2846 5363 2910 5416 is.

369 5432 574 5491 vitales.
603 5440 678 5489 At
711 5452 822 5489 ms.
857 5432 1067 5492 Lamb:
1094 5438 1319 5492 mutati.
1352 5436 1446 5491 Sic
1478 5440 1535 5490 et
1563 5434 1774 5489 Victor.
2194 5436 2307 5501 (76)
2340 5432 2539 5489 Lamb.
2570 5432 2827 5488 sederunt
2853 5433 3101 5487 seorsim.

439 5507 553 5646 (64)
585 5506 724 5561 Mss.
750 5508 921 5578 Angl.
954 5510 1195 5564 aliorum
1218 5509 1512 5579 pampinos
1543 5507 1843 5561 habebant.
2195 5504 2305 5577 (77)
2339 5506 2540 5563 Lamb.
2581 5512 2797 5573 accepto
2827 5506 2909 5559 ait
2952 5505 3159 5574 sigillo,
3190 5505 3442 5575 Domine,
3491 5506 3617 5562 dent
3655 5504 3723 5557 δέ’

459 5578 550 5646 65)
601 5577 689 5632 Al.
748 5582 1119 5646 unusquisque
1175 5582 1236 5635 in
1294 5595 1390 5634 suo
1465 5578 1655 5633 ordine
1728 5582 2009 5634 steterunt.
2121 5594 2329 5633 norem.
2618 5645 2626 5646 ί

459 5578 550 5700 63
601 5577 689 5632 Al.
748 5577 1119 5652 unusquisque
1175 5577 1236 5635 in
1294 5577 1390 5634 suo
1465 5578 1655 5633 ordine
1728 5582 2009 5634 steterunt.
2121 5594 2329 5633 norem.
2696 5646 2710 5660 ο

459 5664 471 5700 ι
555 5662 600 5700 e.
2194 5649 2307 5700 (78)
2340 5649 2448 5700 Ms.
2483 5645 2656 5700 Anc].
2688 5663 2707 5700 ι

370 5649 600 5703 Deinde.
1026 5649 1038 5652 ‘
2194 5649 2307 5721 (78)
2340 5649 2448 5705 Ms.
2483 5649 2656 5720 Angl.
2688 5649 2748 5702 in
2779 5662 2883 5719 pro
2911 5662 3092 5716 super.

438 5718 548 5789 (66)
587 5718 665 5772 Ita
698 5717 835 5776 Felli
865 5722 1040 5777 editio
1074 5722 1253 5778 Oxon.
1284 5738 1351 5776 ex
1384 5720 1582 5774 Lamb.
1612 5719 1697 5775 Al.
1732 5720 2013 5776 omittunt
2192 5721 2302 5793 (79)
2334 5720 2424 5777 Al.
2459 5719 2738 5776 omittunt
2761 5724 2831 5788 et,
2865 5719 3021 5793 quod
3048 5719 3279 5778 exhibet
3307 5719 3445 5776 edit.
3476 5722 3653 5777 Oxon.
