4014 6226
232 398 347 459 917
378 364 381 367 ’
1326 396 1662 459 PASTOB.
1696 396 1817 454 —-J

2060 393 2107 453 Ι.
2154 392 2390 454 SIMIL.
2438 391 2539 453 1Χ.
3562 390 3640 447 78

231 529 471 600 ditores,
507 528 610 602 qui
643 528 798 587 inter
826 529 1054 603 reliqua
1085 547 1194 587 sua
1220 529 1449 600 delicta,
1482 528 1755 586 nefandis
1784 527 1974 585 verbis
2002 526 2319 583 Dominum
2364 523 2633 580 insectati
2674 523 2788 597 (80)
2830 540 3043 581 nomen
3091 525 3220 596 ejus
3262 527 3638 595 negaverunt,

234 620 391 691 quod
421 636 600 692 super
628 635 727 675 eos
759 624 884 676 erat
911 620 1263 677 invocatum.
1298 620 1366 676 Hi
1399 620 1582 693 igitur
1609 634 1813 675 omnes
1845 617 2059 673 mortui
2092 620 2232 671 sunt
2270 615 2385 671 Deo
2414 633 2427 683 ;
2459 617 2634 686 atque
2681 614 2858 669 etiam
2903 613 3198 669 neminem
3247 629 3449 669 eorum
3479 613 3640 669 vides

228 708 418 782 egisse
448 708 876 781 penitentiam,
907 710 1142 766 tametsi
1176 709 1469 767 audierint
1496 710 1776 765 mandata
1804 724 1953 774 mea,
1991 722 2118 778 quae
2146 710 2209 761 tu
2240 705 2323 759 eis
2359 703 2659 776 protulisti
2687 720 2701 757 :
2738 704 2810 758 ab
2842 703 3183 774 hujusmodi
3216 719 3352 776 ergo
3385 702 3637 759 homini-

227 798 342 854 bus
372 798 540 854 abest
569 797 685 853 vita
713 800 847 871 (81).
885 799 950 854 Hi
981 816 1212 871 quoque
1243 798 1344 871 qui
1376 799 1569 855 aridas
1601 802 1657 854 et
1688 814 1803 853 non
1834 796 2101 869 putridas
2130 794 2523 861 tradiderunt,
2555 809 2671 848 non
2704 792 2908 864 procul
2956 794 3027 847 ab
3078 794 3190 864 (82)
3231 792 3350 847 illis
3382 793 3637 860 fuerunt,

230 887 353 943 ﬁcti
386 888 545 943 enim
586 892 773 956 erant,
808 893 865 943 et
894 888 1189 945 doctrinas
1219 906 1425 961 pravas
1452 887 1797 955 intulerunt,
1823 890 1878 941 et
1900 888 2304 958 perverterunt
2329 900 2526 939 servos
2548 883 2646 938 Dei
2672 900 2684 949 ;
2710 881 2999 954 praecipue
3021 899 3118 937 eos
3140 882 3239 955 qui
3259 887 3601 954 peccassent
3625 900 3639 938 :

228 994 345 1033 non
378 977 643 1033 sinentes
673 994 773 1034 eos
803 979 875 1033 ad
906 977 1310 1049 penitentiam
1342 978 1552 1045 redire,
1585 977 1686 1032 sed
1718 975 2000 1033 doctrinis
2029 974 2207 1031 fatuis
2240 973 2586 1029 detinentes.
2622 972 2691 1026 Hi
2726 988 2862 1044 ergo
2892 971 3112 1027 habent
3133 972 3203 1027 ad
3228 988 3392 1045 spem
3415 988 3639 1044 regres-

231 1083 366 1122 sum
393 1082 406 1121 :
441 1072 619 1138 atque
649 1066 825 1122 etiam
855 1067 1075 1124 multos
1104 1066 1266 1123 vides
1294 1083 1464 1140 agere
1494 1066 1919 1140 penitentiam,
1948 1081 2017 1121 ex
2047 1080 2161 1135 quo
2194 1064 2277 1118 eis
2309 1063 2587 1117 mandata
2627 1078 2757 1117 mea
2796 1060 3088 1133 protulisti
3117 1080 3129 1128 ;
3162 1065 3218 1116 et
3247 1060 3439 1116 adhuc
3470 1066 3645 1133 agent

230 1155 656 1229 penitentiam.
691 1156 1038 1229 Quicunque
1066 1174 1200 1213 vero
1233 1173 1348 1213 non
1379 1156 1607 1230 agerint
1636 1154 2062 1227 penitentiam,
2095 1153 2136 1209 ii
2166 1157 2223 1209 et
2253 1152 2593 1225 patientiam
2626 1150 3027 1223 perdiderunt,
3060 1156 3115 1206 et
3134 1150 3311 1205 vitam
3334 1150 3443 1219 (83)
3470 1167 3637 1206 suam

230 1245 525 1301 amittant.
554 1247 629 1301 At
660 1245 755 1302 his
786 1245 888 1318 qui
919 1247 1166 1318 egerint,
1198 1263 1410 1303 murus
1443 1246 1502 1301 in
1528 1246 1739 1319 primis
1769 1244 1944 1317 cepit
1973 1259 2101 1299 esse
2133 1243 2301 1299 sedes
2332 1242 2444 1313 (84)
2489 1257 2690 1297 eorum
2719 1265 2735 1309 ;
2785 1240 3024 1312 quidam
3069 1256 3202 1296 vero
3232 1240 3408 1296 etiam
3440 1242 3550 1313 (85)
3580 1241 3639 1295 in

231 1334 439 1390 turrim
471 1336 884 1392 ascenderunt.
919 1336 1097 1392 Vides
1123 1337 1323 1409 igitur,
1358 1337 1573 1409 inquit,
1607 1336 1665 1392 in
1692 1334 2059 1409 penitentia,
2091 1331 2468 1407 peccantium
2498 1332 2691 1387 inesse
2737 1331 2915 1386 vitam
2946 1348 2960 1399 ;
3011 1346 3127 1385 non
3180 1330 3479 1402 agentium
3508 1347 3640 1387 vero

223 1422 646 1495 penitentiam,
681 1427 931 1481 mortem
961 1429 1247 1497 paratam.

1726 1540 1964 1596 CAPUT
2002 1538 2122 1595 VII.

291 1658 368 1710 De
396 1654 492 1711 his
521 1670 656 1711 vero
687 1654 788 1728 qui
819 1656 1165 1713 semiaridas
1196 1658 1393 1729 virgas
1423 1660 1825 1730 porrexerunt,
1858 1659 1915 1711 et
1965 1654 2257 1711 scissuras
2307 1654 2663 1722 habuerunt,
2715 1652 2873 1708 audi.
2924 1652 3185 1717 Quorum
3228 1654 3637 1710 tantummodo

225 1743 553 1801 semiaridas
584 1748 756 1800 erant
781 1744 959 1818 virge
985 1763 999 1814 ;
1031 1746 1092 1801 hi
1123 1746 1288 1801 dubii
1319 1751 1459 1802 sunt
1486 1764 1501 1814 ;
1533 1762 1642 1801 nec
1672 1744 1829 1801 enim
1860 1743 1972 1799 vivi
2003 1748 2164 1813 sunt,
2196 1758 2301 1798 nec
2332 1742 2567 1797 mortui.
2600 1744 2668 1797 At
2697 1741 2756 1796 hi
2778 1742 2878 1813 qui
2900 1742 3246 1798 semiaridas
3272 1747 3330 1797 et
3350 1742 3639 1799 scissuras

217 1830 505 1888 habentes
537 1833 945 1903 tradiderunt;
978 1839 1035 1891 et
1063 1834 1225 1891 dubii
1259 1840 1417 1903 sunt,
1451 1840 1509 1890 et
1538 1833 1830 1899 maledici,
1862 1832 1934 1889 de
1965 1832 2311 1888 absentibus
2341 1831 2735 1899 detrahentes,
2768 1836 2824 1887 et
2853 1848 3157 1903 nunquam
3180 1832 3332 1887 inter
3352 1849 3415 1888 se
3434 1849 3637 1905 pacem

214 1920 522 1989 habentes,
556 1925 618 1977 et
644 1921 797 1977 inter
826 1939 889 1978 se
920 1923 1035 1994 (86)
1068 1922 1413 1979 invidentes.
1447 1923 1516 1978 Et
1545 1922 1619 1978 iis
1651 1923 1888 1994 quidem
1924 1922 2225 1994 proposita
2252 1925 2310 1977 et
2338 1921 2717 1993 penitentia:
2756 1920 2916 1976 vides
2965 1921 3122 1976 enim
3172 1937 3241 1977 ex
3287 1921 3377 1976 his
3411 1921 3637 1994 aliquos

214 2008 513 2081 penitere.
547 2011 894 2083 Quicunque
924 2028 1058 2068 vero
1089 2029 1290 2068 eorum
1323 2013 1435 2067 cito
1482 2016 1728 2085 egerunt
1776 2012 1889 2083 (87)
1936 2009 2360 2082 penitentiam,
2409 2010 2471 2064 hi
2520 2009 2580 2064 in
2629 2009 2775 2065 turri
2826 2009 3044 2065 habent
3090 2010 3323 2065 sedem:
3378 2010 3503 2066 atii
3534 2012 3635 2082 qui

214 2099 383 2155 tarde
408 2103 674 2170 egerunt,
703 2100 765 2155 in
796 2100 987 2157 muris
1016 2101 1287 2157 habitant
1317 2102 1449 2173 (88).
1475 2101 1583 2166 Qui
1604 2117 1739 2156 vero
1762 2118 1878 2157 non
1901 2106 2150 2173 egerunt
2170 2098 2595 2171 penitentiam,
2619 2099 2720 2154 sed
2742 2098 2801 2153 in
2824 2098 2950 2153 suis
2972 2104 3422 2170 permanserunt
3444 2099 3631 2165 factis,

215 2191 405 2243 morte
436 2188 780 2244 morientur.
816 2193 887 2245 At
910 2206 1043 2246 vero
1066 2191 1123 2245 hi
1149 2191 1251 2263 qui
1271 2191 1489 2247 virides
1517 2190 1755 2259 quidem
1778 2190 1994 2263 virgas,
2013 2190 2115 2245 sed
2137 2189 2427 2245 scissuras
2448 2188 2729 2244 habentes
2749 2188 3116 2243 tradiderunt
3141 2206 3154 2255 ;
3180 2188 3378 2243 fideles
3401 2203 3635 2260 semper

217 2275 458 2332 fuerunt
486 2281 543 2332 et
571 2277 732 2345 boni,
765 2279 865 2334 sed
898 2278 1183 2335 habentes
1214 2280 1368 2335 inter
1398 2296 1460 2335 se
1491 2279 1809 2350 quamdam
1832 2279 2112 2334 invidiam
2137 2282 2193 2333 et
2221 2277 2404 2332 zelum
2430 2278 2542 2348 (89)
2563 2277 2633 2332 de
2658 2276 2985 2349 principatu
3013 2276 3389 2348 etdignitate.
3411 2277 3629 2333 Verum

215 2380 423 2420 omnes
452 2365 797 2437 hujusmodi
830 2367 1174 2440 insipientes
1206 2369 1322 2441 (90)
1354 2373 1495 2424 sunt
1514 2374 1573 2424 et
1594 2368 1760 2435 fatui,
1792 2369 1891 2440 qui
1919 2367 2138 2423 habent
2167 2366 2321 2421 inter
2341 2383 2403 2422 se
2426 2366 2861 2422 emulationem
2884 2366 2955 2421 de
2977 2366 3325 2438 principatu.
3355 2371 3628 2422 Attamen

210 2453 296 2519 hi,
338 2471 472 2510 cum
506 2455 627 2512 sint
660 2455 874 2527 alioqui
908 2456 1065 2525 boni,
1100 2458 1147 2513 si
1184 2458 1403 2514 auditis
1436 2458 1732 2514 mandatis
1762 2458 1892 2514 istis
1922 2458 2035 2529 (91)
2066 2457 2506 2512 emendaverint
2549 2474 2630 2523 se,
2662 2461 2719 2511 et
2762 2456 2875 2511 cito
2924 2472 3027 2527 per
3071 2457 3407 2512 suasionem
3440 2473 3631 2513 meam

214 2541 330 2613 (92)
362 2542 587 2614 egerint
616 2544 1055 2616 penitentiam;
1090 2546 1150 2601 in
1182 2546 1331 2601 turri
1357 2546 1612 2619 denique
1640 2546 1925 2619 incipient
1954 2546 2238 2613 habitare,
2273 2546 2423 2601 sicut
2451 2550 2507 2600 et
2534 2545 2593 2600 hi
2625 2545 2725 2616 qui
2757 2550 3001 2617 egerunt
3021 2546 3194 2617 digne
3214 2546 3326 2617 (93)
3347 2546 3629 2617 peniten-

211 2629 380 2687 tiam.
416 2633 578 2698 Quod
610 2632 660 2689 si
691 2633 825 2704 quis
857 2650 1060 2690 eorum
1093 2652 1301 2692 rursus
1332 2637 1404 2691 ad
1436 2635 1867 2691 dissensionem
1899 2634 2156 2701 redierit,
2190 2634 2501 2707 repelletur
2530 2634 2643 2706 (94)
2678 2652 2713 2689 a
2742 2634 2912 2702 turri,
2936 2638 2993 2690 et
3013 2634 3191 2690 vitam
3213 2651 3381 2689 suam
3405 2635 3626 2706 perdet.

217 2719 348 2775 Vita
376 2722 533 2777 enim
566 2738 768 2778 eorum
801 2724 902 2795 qui
934 2724 1277 2781 custodiunt
1305 2726 1585 2781 mandata
1628 2724 1878 2793 Domini,
1911 2724 1970 2779 in
2004 2724 2300 2779 mandatis
2333 2722 2637 2791 consistit;
2670 2740 2784 2778 non
2837 2722 2896 2777 in
2940 2721 3269 2795 principatu
3302 2726 3401 2779 aut
3431 2724 3628 2796 aliqua

213 2807 519 2882 dignitate.
553 2814 661 2867 Per
689 2812 1033 2884 patientiam
1065 2814 1222 2869 enim
1254 2818 1311 2870 et
1338 2814 1731 2870 humilitatem
1762 2813 1969 2869 anime
1998 2814 2178 2869 vitam
2210 2812 2478 2869 homines
2510 2816 2980 2883 consequentur:
3015 2828 3118 2885 per
3146 2812 3461 2869 seditiones
3490 2830 3624 2871 vero

210 2900 270 2952 et
299 2903 701 2972 contemptum
732 2900 880 2974 legis
910 2906 1159 2959 mortem
1191 2902 1303 2959 sibi
1341 2903 1663 2975 acquirent.

1705 3026 1933 3083 CAPUT
1972 3028 2117 3083 VIII.

284 3139 397 3204 Qui
424 3155 558 3195 vero
587 3139 648 3195 in
677 3140 858 3215 virgis
889 3141 1015 3198 suis
1048 3141 1359 3200 dimidium
1389 3144 1619 3199 aridum
1649 3143 1967 3214 habebant,
1999 3147 2057 3199 et
2085 3142 2398 3198 dimidium
2428 3141 2635 3212 viride,
2676 3141 2737 3197 hi
2769 3144 2911 3199 sunt
2939 3142 3434 3216 negotiationibus
3464 3145 3624 3202 invo-

211 3226 350 3293 luti,
382 3244 575 3300 neque
605 3229 865 3302 appliciti
897 3232 1116 3287 sanctis
1143 3250 1155 3286 :
1190 3232 1439 3304 ideoque
1468 3232 1645 3288 etiam
1676 3232 1989 3287 dimidium
2018 3249 2221 3288 eorum
2251 3232 2411 3299 vivit,
2444 3231 2755 3286 dimidium
2794 3248 2929 3287 vero
2974 3236 3272 3288 mortuum
3316 3238 3426 3289 est.
3461 3234 3627 3290 Multi

206 3316 397 3399 igitur
425 3333 493 3372 ex
516 3316 656 3389 illis,
691 3319 908 3374 auditis
938 3321 1254 3392 mandatis,
1287 3326 1532 3393 egerunt
1560 3321 1987 3393 penitentiam,
2021 3326 2080 3376 et
2108 3321 2166 3375 in
2189 3321 2337 3376 turri
2360 3320 2626 3377 habitare
2647 3324 2975 3393 ceperunt:
3004 3321 3245 3393 quidam
3268 3339 3402 3378 vero
3425 3340 3627 3379 eorum

206 3406 273 3461 l11
306 3408 498 3461 totum
532 3406 905 3463 destiterunt.
938 3408 1039 3464 His
1069 3409 1250 3482 igitur
1278 3427 1393 3465 non
1425 3414 1515 3466 est
1541 3410 1707 3465 locus
1739 3410 2124 3483 penitentie:
2158 3428 2192 3466 a
2213 3410 2604 3482 negotiatione
2625 3411 2782 3465 enim
2807 3427 2935 3476 sua,
2961 3411 3213 3466 nefanda
3234 3412 3291 3466 in
3316 3413 3630 3469 Dominum

210 3492 394 3549 locuti
426 3499 585 3566 sunt,
618 3501 676 3551 et
704 3513 840 3552 eum
874 3497 1330 3569 abnegaverunt.
1364 3502 1607 3570 Propter
1636 3498 1786 3554 hanc
1831 3499 2013 3571 igitur
2062 3498 2383 3571 nequitiam
2433 3499 2761 3554 amiserunt
2807 3500 3008 3554 vitam.
3060 3499 3227 3554 Multi
3278 3517 3411 3557 vero
3440 3517 3509 3556 ex
3538 3500 3655 3556 his.

210 3582 460 3638 dubiam
492 3588 750 3641 mentem
782 3585 1126 3641 induerunt.
1156 3586 1363 3643 Adhuc
1394 3592 1450 3642 et
1477 3586 1550 3642 iis
1582 3593 1671 3643 est
1700 3604 2003 3659 regressus
2035 3606 2047 3655 ;
2085 3588 2184 3659 qui
2217 3588 2266 3642 si
2316 3588 2428 3643 cito
2459 3588 2860 3659 penitentiam
2893 3588 3136 3659 egerint,
3166 3590 3224 3643 in
3255 3589 3403 3643 turri
3434 3590 3632 3645 sedem

206 3670 560 3741 habebunt;
595 3673 641 3729 si
674 3690 810 3730 vero
844 3674 1072 3730 tardius
1104 3676 1350 3747 egerint,
1381 3675 1441 3730 in
1474 3676 1661 3731 muris
1690 3676 2043 3732 habitabunt
2068 3702 2081 3743 ;
2108 3677 2159 3732 si
2191 3680 2385 3732 autem
2418 3694 2534 3731 non
2566 3676 2791 3748 egerint
2821 3677 2953 3748 (95),
2989 3682 3235 3733 mortem
3287 3678 3399 3733 sibi
3430 3678 3629 3751 acqui-

206 3763 361 3814 rent.
402 3762 481 3817 Ad
509 3760 568 3817 hi
598 3761 699 3834 qui
731 3763 883 3818 duas
915 3767 1110 3835 partes
1139 3763 1441 3836 virgarum
1472 3781 1714 3820 suarum
1745 3766 1962 3821 virides
1993 3765 2347 3833 habuerunt,
2376 3769 2432 3821 et
2462 3765 2691 3821 tertiam
2725 3764 2947 3821 aridam
2972 3784 2985 3832 ;
3010 3766 3414 3837 complUribus
3436 3768 3626 3824 modis

213 3848 521 3921 depravati
553 3851 689 3921 (96),
724 3856 1083 3923 negaverunt
1113 3851 1448 3907 Dominum.
1482 3853 1562 3907 Ex
1591 3852 1685 3908 his
1717 3853 1897 3926 igitur
1925 3853 2094 3909 multi
2127 3859 2373 3925 egerunt
2399 3853 2822 3925 penitentiam,
2856 3859 3030 3925 atque
3076 3854 3158 3909 ita
3185 3855 3245 3909 in
3276 3855 3423 3910 turri
3453 3856 3625 3910 habi-

203 3941 335 3992 tare
371 3944 710 4010 ceperunt;
743 3943 801 3995 et
830 3939 999 3995 multi
1031 3957 1064 3996 a
1095 3944 1205 3996 Deo
1235 3941 1294 3996 in
1322 3946 1668 4014 perpetuum
1701 3947 2102 3998 recesserunt:
2137 3942 2222 3997 illi
2254 3942 2434 4014 igitur
2462 3942 2521 3996 in
2552 3947 2740 3998 totum
2772 3943 3096 3999 amiserunt
3124 3942 3301 3998 vitam
3326 3944 3457 4015 (97).
3483 3944 3620 4009 Qui-

206 4025 350 4081 dam
376 4043 510 4082 vero
543 4027 723 4083 dubia
752 4032 947 4085 mente
978 4034 1279 4101 concepta,
1314 4030 1710 4087 dissensiones
1740 4032 2177 4088 concitaverunt
2202 4050 2214 4087 :
2248 4033 2320 4087 iis
2350 4032 2542 4088 adhuc
2567 4048 2871 4104 regressus
2900 4036 3011 4099 est,
3044 4032 3093 4087 si
3125 4033 3236 4087 cito
3266 4033 3490 4105 egerint
3510 4050 3623 4105 pe-

205 4114 545 4187 nitentiam,
580 4132 687 4172 nec
727 4116 1124 4191 voluptatibus
1154 4119 1267 4189 (98)
1297 4118 1423 4175 suis
1462 4120 1734 4176 remorati
1766 4121 2019 4191 fuerint;
2053 4122 2103 4176 si
2148 4125 2343 4177 autem
2388 4121 2817 4191 permanserint
2862 4120 2923 4175 in
2978 4120 3147 4177 factis
3196 4122 3342 4189 suis,
3372 4126 3618 4179 mortem

206 4201 325 4259 sibi
352 4204 675 4275 acquirent.

1730 4307 1962 4364 CAPUT
2000 4307 2095 4363 1Χ.

281 4415 392 4483 Qui
420 4432 555 4474 vero
584 4424 973 4489 porrexerunt
1002 4420 1195 4493 virgas
1227 4438 1388 4489 suas,
1420 4438 1671 4493 quarum
1705 4423 1832 4478 due
1864 4426 2058 4494 partes
2086 4423 2259 4479 aridas
2292 4424 2541 4490 fuerant,
2572 4427 2629 4478 et
2655 4424 2831 4479 tertia
2858 4424 3061 4480 viridis
3087 4442 3099 4493 ;
3150 4425 3354 4482 ﬁdeles
3378 4425 3618 4497 quidem

205 4506 477 4575 fuerunt,
507 4508 609 4564 sed
642 4507 977 4580 locupletati
1008 4514 1066 4564 et
1094 4511 1413 4566 exsaturati
1443 4511 1555 4583 (99)
1586 4511 1777 4579 bonis,
1810 4512 1966 4583 apud
2015 4516 2241 4569 exteras
2289 4517 2492 4585 gentes
2540 4512 2885 4569 celebriores
2932 4529 3061 4569 esse
3110 4514 3420 4585 cupierunt
3449 4516 3615 4586 (100),

1367 4661 1608 4718 VARUE
1660 4662 2045 4719 LECTIONES
2093 4664 2183 4719 ET
2221 4664 2446 4721 NOTIE.

280 4784 374 4850 (80
422 4784 530 4840 Ms.
564 4782 735 4856 Angl.
769 4785 1024 4841 insecuti.
2061 4790 2130 4842 90
2186 4789 2389 4845 Lamb.
2422 4789 2654 4856 desunt,
2690 4791 3013 4861 insipientes
3041 4795 3113 4845 et.

280 4784 397 4952 est
426 4855 633 4952 11.513“;
650 4856 1076 4952 arma;
2181 4860 2320 4952 liae
2355 4860 2528 4952 ιῖιξιξῐ-

304 4854 397 4933 81)
426 4855 631 4933 Lamb.
657 4854 915 4933 tu_habes
940 4858 1064 4933 ita._
2037 4854 2149 4933 (91)
2181 4860 2320 4933 Mss.
2355 4860 2528 4933 Angl.
2558 4854 2716 4917 meis.

303 4926 395 5004 βξ)
425 4927 572 5004 Mss1
600 4926 771 5004 Angl.
794 4943 981 5004 prope
1007 4927 1151 5004 ab.“
1254 4999 1294 5004 __
1401 4999 1427 5004 _
1667 5000 1675 5004 _
1981 5003 1989 5004 η
2012 4926 2323 5004 _(92)_Mss.
2357 4926 2528 5004 Angl.
2556 4933 2936 5003 persuasionis
2965 4948 3103 4991 suae.
3128 4933 3304 4990 Editt.
3338 4933 3524 5002 Paris,
3553 4940 3610 4991 et

303 4942 394 4981 82'
428 4942 567 4981 mss.
600 4942 685 4982 an
734 4942 771 4981 ι.
809 4943 981 4999 prope
1007 4942 1098 4983 ao.
2038 4942 2149 5003 (92)
2182 4942 2323 4986 Mss.
2357 4942 2528 5004 Angl.
2556 4942 2936 5003 persuasionis
2965 4948 3103 4991 suae.
3131 4942 3304 4990 Editt.
3338 4942 3524 5002 Paris,
3553 4942 3610 4991 et

422 4997 518 5086 Sic
549 4942 877 5086 Lam‘g.§ic
909 5005 968 5055 et
1014 4998 1155 5055 Felli
1206 4999 1345 5055 edit.
1393 4999 1574 5055 Oxon.
1611 5000 1702 5055 Al.
1736 5003 1783 5057 ii
1809 5006 1857 5057 et
1966 5000 2181 5086 Clerici.
2224 5005 2652 5086 persuasionem,
2688 5004 3008 5086 ‘m'endose:
3075 5006 3329 5086 Fabricii
3376 5023 3610 5080 quoque

184 5072 620 5146 penitentiam,
652 5072 921 5146 et‘vitam.
1113 5145 1117 5146 ν
1527 5144 1534 5146 _
1664 5143 1676 5146 _
1966 5074 2141 5146 editio
2168 5072 2478 5146 ty'pothete
2512 5074 2741 5130 incuria
2770 5075 2863 5130 hic
2895 5076 3045 5131 male
3072 5094 3134 5133 se
3164 5077 3357 5133 habet.

267 5140 391 5217 (84)
423 5140 627 5217 Lamb.
661 5140 721 5196 hi
757 5144 855 5212 qui
905 5145 1124 5217 egerint
1141 5158 1405 5217 ;‘__murus
1452 5144 1563 5217 erit
1582 5143 1753 5217 sedes.
1786 5146 1858 5199 At
2033 5145 2148 5217 (93)
2184 5140 2379 5201 Lamb.
2414 5146 2597 5212 deest,
2630 5147 2811 5217 digne.

189 5210 421 5295 Victor.
471 5214 652 5296 oinutis
682 5210 1037 5296 prdmurus.
1064 5211 1224 5298 .Felli
1275 5219 1471 5297 autem
1501 5215 1640 5297 edit.
1673 5215 1851 5271 Oxon.
2036 5210 2148 5345 (94)
2179 5217 2268 5271 ΑΙ.
2300 5210 2623 5288 expelletur,

194 5299 287 5340 sic
315 5300 328 5338 :
361 5284 427 5339 At
458 5300 502 5339 ιι
531 5300 624 5345 qui
654 5294 958 5345 egerznmn
986 5300 1183 5345 primis
1212 5301 1419 5345 muris.
1449 5290 1626 5345 coepit.
1661 5292 1771 5341 etc.
2034 5288 2126 5345 (95
2179 5289 2382 5343 Lamb.
2418 5289 2551 5345 add.
2587 5306 2623 5345 ne

194 5283 291 5360 sic
304 5284 443 5360 3_At_
458 5285 504 5339 ii
531 5285 626 5355 qui
654 5286 969 5360 ege_rin_t,in_
978 5284 1183 5360 primis
1212 5288 1419 5360 muris,
1449 5288 1626 5356 coepit,
1661 5292 1771 5360 etc.
2034 5283 2147 5360 (933)
2179 5283 2382 5343 Lamb}
2418 5289 2551 5345 add.
2581 5290 2984 5360 penitentiam.

274 5354 510 5437 (85)Alta
540 5354 680 5437 mss.
718 5355 913 5437 A_ngl.,
947 5354 1163 5411 Victor.
1200 5360 1257 5411 et
1285 5356 1477 5411 Carm.
1512 5354 1597 5411 ita
1628 5363 1683 5413 et
1713 5357 1851 5413 Felli
2175 5364 2316 5437 lites,
2348 5360 2535 5437 Angl._
2566 5354 2995 5437 q'uagmplurimis
3041 5362 3332 5432 generibus
3375 5363 3608 5433 inﬁcati.

198 5426 563 5501 edit._,0_xon_.
595 5426 688 5501 Al.
722 5426 892 5482 etiam
920 5444 1014 5499 qui
1045 5444 1174 5482 non.
1301 5498 1313 5501 Α
2035 5426 2145 5501 (97)
2180 5430 2341 5486 Bodl.
2379 5426 2787 5501 paenitentiam.

299 5498 391 5571 86)
424 5498 583 5553 Bodl.
619 5500 835 5571 desunt
864 5498 1011 5554 inter
1040 5515 1113 5554 se.
1156 5498 1357 5554 Lamb.
1392 5501 1543 5554 intra
1573 5516 1647 5556 se.
2036 5498 2148 5571 (98)
2180 5498 2391 5556 LambI
2410 5506 2469 5556 in
2500 5505 2892 5559 voluntatibus.

299 5569 389 5643 87)
418 5569 755 5643 Mss.,Angl.
787 5576 1083 5641 gesserunt.
2033 5569 2146 5642 (99)
2178 5574 2371 5628 Lamb.
2405 5578 2606 5630 exacti.

274 5641 392 5783 (88)
419 5641 620 5697 Lamb.
655 5641 995 5698 habitabant.
2030 5644 2177 5713 (100)
2211 5645 2348 5700 Mss.
2388 5646 2558 5717 Angl.
2592 5648 2921 5703 honestiores
2949 5663 3064 5702 esse
3091 5648 3332 5719 cupiere.

300 5712 391 5783 89)
420 5712 511 5769 Sic
538 5711 733 5771 Fellus
763 5731 831 5770 ex
863 5712 1063 5771 Lamb.
1104 5712 1191 5768 Al.
1224 5716 1643 5771 contentionem.

300 5712 391 5784 89)
420 5712 511 5769 Sic
538 5711 733 5771 Fellus
763 5731 831 5770 ex
863 5712 1063 5771 Lamb.
1104 5712 1191 5768 Al.
1224 5716 1643 5771 contentionem.
