4014 6226
373 355 491 417 979
1871 355 1935 416 S.
1981 354 2285 419 ΗΕΗΜᾹΞ
3656 356 3782 419 980

370 491 428 543 et
455 487 516 543 in
548 486 884 560 superbiam
918 504 1192 560 magnam
1225 486 1556 544 inciderunt
1584 488 1685 558 (1),
1731 492 1787 543 et
1815 487 2093 543 sublimia
2144 491 2443 560 cceperunt
2491 487 2713 562 spirare
2758 489 2858 563 (2),
2910 493 2967 545 et
3009 489 3311 545 veritatem
3359 489 3627 546 deserere
3655 490 3778 561 (3);

370 593 561 649 neque
590 576 847 649 appliciti
880 584 1020 634 sunt
1044 577 1242 648 justis,
1277 579 1377 633 sed
1408 580 1485 647 (4)
1517 596 1651 633 cum
1684 578 1894 633 exteris
1924 577 2197 649 gentibus
2237 578 2651 646 convixerunt;
2686 583 2743 633 et
2772 578 2890 634 hac
2930 578 3046 635 illis
3075 580 3195 635 vita
3240 578 3468 634 dulcior
3495 580 3620 635 visa
3648 584 3777 636 est:

371 684 406 721 a
433 667 549 721 Deo
580 672 776 721 tamen
808 684 923 721 non
956 671 1344 734 recesserunt,
1378 672 1433 721 et
1463 667 1523 720 in
1558 668 1671 721 fide
1718 670 2235 737 perseveraverant
2286 666 2400 737 (5);
2454 667 2553 721 sed
2603 684 2777 738 opera
2824 667 2960 723 ﬁdei
3012 684 3124 723 non
3176 673 3580 723 exercuerunt.
3612 668 3783 723 Multi

370 754 553 827 igitur
580 772 648 809 ex
679 754 796 811 illis
826 762 1071 829 egerunt
1101 756 1501 827 paenitentiam
1528 776 1543 822 :,
1577 762 1633 809 et
1662 758 1830 810 sedes
1861 771 2061 810 eorum
2094 755 2151 808 in
2184 754 2334 808 turri
2365 771 2493 810 esse
2521 759 2840 826 cmperunt.
2874 754 2984 810 Alii
3017 772 3148 811 vero
3179 756 3433 812 viventes
3463 772 3597 811 cum
3630 762 3788 812 exta.

370 844 453 899 ris
479 844 776 916 gentibus,
810 850 867 899 et
896 845 1028 900 elati
1059 845 1416 900 vanitatibus
1450 844 1573 899 suis
1604 844 1701 915 (6),
1735 843 1793 897 in
1842 848 2187 914 perpetuum
2222 859 2256 897 a
2284 842 2400 898 Deo
2448 843 2785 898 defecerunt
2831 844 2931 914 (7),
2983 845 3290 899 nationum
3338 844 3703 900 facinoribus
3730 851 3785 901 et

371 932 645 1005 operibus
678 935 1016 989 servientes.
1044 935 1394 1005 Hujusmodi
1428 951 1563 1004 ergo
1595 932 1865 988 homines
1895 932 2263 987 adnumerati
2294 936 2435 987 sunt
2470 933 2681 987 exteris
2731 932 3087 989 nationibus.
3141 932 3249 988 Alii
3294 950 3363 989 ex
3409 934 3501 989 his
3532 934 3780 990 dubiam

371 1025 626 1077 mentem
653 1022 868 1078 habere
897 1028 1219 1095 cmperunt,
1252 1040 1365 1077 non
1401 1027 1703 1094 sperantes
1734 1039 1795 1077 se
1835 1025 2069 1093 propter
2098 1022 2249 1076 facta
2275 1038 2383 1076 sua
2416 1021 2650 1092 assequi
2681 1038 2852 1093 posse
2883 1022 2958 1093 (8)
2991 1021 3277 1078 salutem:
3303 1022 3398 1077 alii
3425 1023 3590 1078 dubii
3615 1023 3781 1091 facti,

373 1111 769 1167 dissensiones
800 1114 1214 1168 excitaverunt.
1246 1113 1347 1167 His
1380 1112 1558 1182 igitur
1596 1116 1652 1166 et
1686 1110 1799 1165 illis
1834 1110 1933 1181 qui
1967 1114 2205 1182 propter
2238 1110 2393 1165 facta
2422 1127 2529 1166 sua
2558 1110 2720 1165 dubii
2746 1127 2875 1167 esse
2896 1116 3211 1183 ceperunt,
3234 1112 3423 1167 adhuc
3442 1117 3534 1168 est
3554 1128 3783 1185 regres-

372 1217 475 1256 sus
503 1215 517 1260 :
547 1202 647 1256 sed
680 1201 800 1257 hac
831 1202 1171 1273 pmnitentia
1201 1202 1316 1257 cita
1347 1201 1423 1273 (9)
1450 1218 1578 1256 esse
1608 1201 1797 1267 debet,
1832 1204 1896 1255 ut
1927 1199 2003 1254 sit
2025 1200 2082 1253 in
2118 1199 2266 1254 turri
2299 1200 2467 1255 sedes
2496 1216 2719 1256 eorum.
2753 1199 2853 1256 His
2891 1217 3025 1256 vero
3074 1202 3175 1272 qui
3225 1217 3339 1258 non
3388 1206 3571 1274 agunt
3600 1202 3787 1274 paeni-

370 1291 638 1361 tentiam,
672 1292 772 1346 sed
805 1294 1150 1363 permanent
1176 1291 1235 1345 in
1264 1291 1665 1362 voluptatibus
1704 1288 1850 1356 suis,
1885 1304 2045 1343 mors
2076 1304 2256 1360 prope
2280 1293 2388 1344 est.

1913 1413 2141 1469 CAPUT
2176 1414 2242 1469 X.

448 1516 523 1566 At
549 1512 609 1567 hi
640 1514 741 1585 qui
771 1514 962 1586 virgas
994 1513 1207 1569 virides
1238 1517 1638 1585 porrexerunt,
1671 1512 1923 1584 exceptis
1968 1510 2373 1567 cacuminibus
2415 1527 2618 1567 earum
2667 1528 2794 1583 quas
2839 1513 2963 1569 sola
2993 1514 3154 1569 arida
3182 1515 3296 1586 (10)
3328 1520 3516 1583 erant,
3548 1520 3609 1572 et
3637 1516 3785 1572 scis-

376 1616 547 1657 suras
578 1602 903 1670 habebant;
934 1620 1165 1674 semper
1192 1604 1329 1658 boni
1360 1608 1536 1673 atque
1566 1600 1765 1656 ﬁdeles
1797 1606 1854 1656 et
1886 1601 2046 1672 probi
2072 1616 2211 1672 erga
2246 1605 2422 1656 Deum
2454 1601 2565 1673 (11)
2597 1601 2874 1672 fuerunt;
2907 1604 3008 1659 sed
3056 1620 3376 1677 parumper
3403 1605 3789 1678 deliquerunt

379 1695 613 1762 propter
645 1692 847 1747 inanes
876 1692 1225 1764 voluptates,
1260 1697 1317 1748 et
1345 1692 1603 1746 minutas
1636 1691 2020 1761 cogitationes
2051 1690 2185 1761 (12),
2218 1706 2367 1761 quas
2396 1690 2552 1745 intra
2580 1691 2691 1761 (13)
2721 1708 2782 1747 se
2804 1691 3155 1748 habuerunt.
3178 1694 3407 1749 Auditis
3428 1711 3567 1768 ergo
3590 1694 3791 1751 verbis

379 1779 546 1847 meis,
578 1780 819 1852 plurimi
849 1788 1097 1854 egerunt
1122 1782 1524 1853 paenitentiam
1558 1780 1850 1846 celeriter;
1886 1785 1941 1835 et
1972 1780 2031 1833 in
2066 1779 2214 1833 turri
2249 1778 2513 1835 habitare
2541 1785 2859 1850 coeperunt.
2888 1782 3137 1847 Quidam
3160 1786 3355 1839 autem
3378 1800 3448 1839 ex
3467 1783 3562 1839 his
3586 1801 3823 1840 evase--

378 1872 517 1924 runt
546 1870 708 1924 dubii
735 1889 747 1939 ;
782 1871 1021 1942 quidam
1053 1872 1393 1941 adjecerunt
1423 1870 1493 1924 ad
1527 1869 1765 1924 dubiam
1798 1872 2075 1937 mentem,
2107 1868 2285 1923 etiam
2318 1868 2719 1924 dissensiones
2750 1886 3001 1927 movere.
3027 1872 3090 1927 In
3116 1871 3206 1927 bis
3226 1872 3409 1945 igitur
3429 1873 3610 1929 etiam
3631 1890 3793 1929 nunc

379 1975 515 2031 spes
547 1962 635 2014 est
665 1976 987 2032 regressus,
1023 1961 1161 2031 quia
1192 1960 1327 2015 boni
1358 1975 1589 2031 semper
1627 1960 1899 2025 fuerunt;
1935 1957 2170 2013 difficile
2210 1962 2406 2013 autem
2457 1959 2847 2014 movebuntur
2894 1960 3026 2032 (14).
3079 1962 3188 2027 Qui
3233 1978 3365 2017 vero
3410 1962 3609 2034 virgas
3650 1979 3793 2018 suas

374 2049 568 2104 aridas
599 2053 997 2120 porrexerunt,
1031 2049 1283 2119 exceptis
1314 2047 1720 2103 cacuminibus
1753 2063 1956 2101 earum
2000 2062 2128 2117 quae
2160 2045 2288 2101 sola
2326 2051 2493 2101 erant
2535 2046 2747 2102 viridia
2796 2049 2928 2119 (15),
2956 2050 3329 2106 crediderunt
3374 2050 3616 2121 quidem
3652 2051 3795 2118 Deo,

377 2139 437 2193 in
470 2137 784 2194 sceleribus
816 2154 947 2194 vero
979 2138 1304 2194 conversati
1340 2142 1478 2192 sunt
1510 2138 1621 2209 (16)
1649 2155 1661 2203 ;
1700 2152 2003 2207 nunquam
2032 2142 2228 2190 tamen
2263 2152 2296 2190 a
2326 2136 2440 2191 Deo
2471 2142 2854 2203 recesserunt,
2899 2139 2999 2193 sed
3050 2155 3282 2211 semper
3312 2155 3526 2195 nomen
3553 2140 3796 2196 Domini

377 2227 630 2283 libenter
660 2228 945 2297 tulerunt,
979 2234 1036 2283 et
1062 2228 1309 2282 libenter
1338 2227 1396 2281 in
1428 2226 1701 2298 hospitiis
1735 2225 1858 2279 suis
1890 2225 1990 2280 Dei
2024 2241 2221 2280 servos
2251 2230 2637 2297 susceperunt
2657 2227 2791 2297 (17).
2816 2227 3224 2300 Auditoigitur
3244 2228 3629 2302 hoc,regressi
3652 2230 3796 2301 (18),

378 2316 502 2373 sine
532 2334 698 2373 mora
727 2323 973 2389 egerunt
1000 2318 1426 2389 paenitentiam,
1460 2322 1518 2371 et
1549 2330 1784 2370 omnem
1816 2314 2051 2369 virtutis
2080 2314 2412 2385 aequitatem
2444 2316 2558 2387 (19)
2587 2321 2987 2371 exercuerunt.
3021 2317 3213 2390 Aliqui
3242 2334 3375 2374 vero
3402 2335 3611 2375 eorum
3633 2336 3798 2375 mor»

377 2410 494 2463 tem
527 2407 800 2463 obierunt
827 2426 839 2475 ;
873 2412 931 2463 et
960 2407 1057 2462 alii
1088 2407 1338 2462 libenter
1360 2407 1604 2461 adversa
1636 2404 1792 2476 passi
1825 2408 1985 2474 sunt,
2018 2420 2306 2460 memores
2335 2404 2448 2476 (20)
2479 2404 2764 2460 factorum
2805 2422 3068 2461 suorum.
3190 2420 3195 2421 ί

1896 2520 2123 2575 CAPUT
2172 2519 2265 2575 XI.

450 2624 769 2693 Postquam
796 2622 1025 2678 ﬁnisset
1054 2622 1317 2677 omnium
1349 2622 1651 2692 virgarum
1681 2617 2118 2690 explanationes
2152 2618 2281 2689 (21),
2332 2618 2414 2672 ait
2464 2618 2646 2674 mihi:
2698 2620 2876 2690 Vade,
2925 2626 2983 2677 et
3028 2622 3118 2678 dic
3169 2623 3461 2691 omnibus,
3512 2627 3580 2678 ut
3610 2627 3800 2697 agant

381 2712 786 2784 paenitentiam
814 2730 827 2780 ;
863 2716 919 2767 et
941 2711 1136 2767 vivent
1168 2716 1301 2779 Deo,
1333 2711 1471 2782 quia
1493 2714 1688 2765 motus
1717 2708 2003 2763 Dominus
2034 2723 2247 2779 magna
2277 2706 2589 2763 clementia
2617 2726 2726 2765 sua
2763 2711 2900 2782 (22),
2945 2710 3109 2767 misit
3152 2728 3245 2767 me
3288 2717 3354 2768 ut
3383 2712 3800 2785 paenitentiam

381 2801 716 2856 nuntiarem
748 2800 1044 2866 omnibus,
1070 2800 1163 2855 his
1186 2800 1359 2855 etiam
1394 2799 1493 2871 qui
1519 2816 1635 2854 non
1678 2800 1973 2852 merentur
2024 2797 2135 2867 (23)
2182 2801 2419 2869 propter
2466 2798 2617 2853 facta
2664 2815 2774 2854 sua
2815 2800 3051 2872 assequi
3096 2800 3367 2857 salutem.
3413 2802 3525 2858 Sed
3559 2802 3802 2873 patiens

383 2895 475 2943 est
522 2888 826 2957 Dominus,
875 2894 932 2943 et
981 2888 1383 2943 invitationem
1434 2903 1535 2957 per
1585 2886 1797 2941 Filium
1848 2901 2023 2940 suum
2076 2885 2288 2939 factam
2336 2884 2461 2940 vult
2521 2902 2882 2942 conservare.
2953 2888 3088 2944 Dico
3136 2889 3229 2944 ei:
3273 2894 3471 2961 Spero,
3524 2892 3802 2955 Domine,

384 2978 504 3033 fore
535 2983 602 3031 ut
662 2977 882 3032 auditis
934 2977 1027 3032 his
1077 2976 1332 3031 universi
1382 2981 1558 3048 agant
1605 2975 1717 3045 (24)
1766 2973 2191 3045 penitentiam.
2242 2974 2420 3029 Credo
2473 2974 2654 3040 enim,
2700 2993 3185 3049 unumquemque
3232 2978 3446 3051 agnitis
3495 2979 3609 3049 (25)
3666 2979 3801 3033 suis

386 3066 556 3122 factis
585 3071 643 3122 et
673 3071 907 3138 accepto
938 3066 1038 3122 Dei
1071 3066 1301 3132 timore,
1333 3066 1402 3120 ad
1436 3063 1838 3136 paenitentiam
1871 3078 2299 3134 regressurum.
2333 3062 2428 3116 Ait
2458 3062 2599 3118 mihi
2628 3082 2640 3119 :
2691 3066 3033 3136 Quicunque
3063 3071 3182 3121 toto
3213 3068 3383 3122 corde
3415 3068 3642 3137 egerint
3676 3084 3805 3139 pce-

387 3156 719 3223 nitentiam,
754 3162 817 3210 ut
846 3156 1283 3227 puriﬁcaverint
1313 3171 1374 3209 se
1405 3156 1476 3209 ab
1508 3153 1667 3209 omni
1700 3152 1958 3223 nequitia
1987 3168 2115 3222 qua)
2146 3168 2326 3222 supra
2373 3152 2528 3207 dicta
2575 3157 2665 3207 est
2711 3156 2843 3223 (26),
2876 3160 2932 3209 et
2979 3172 3093 3210 non
3142 3157 3462 3226 adjecerint
3488 3156 3692 3211 adhuc
3726 3157 3802 3211 ad

382 3244 594 3301 delicta
624 3263 731 3301 sua
761 3246 1077 3317 quidquam
1105 3263 1118 3311 ;
1151 3244 1437 3316 accipient
1467 3262 1500 3298 a
1530 3242 1774 3297 Domino
1808 3240 2132 3295 remedium
2164 3240 2423 3311 priorum
2455 3241 2569 3313 (27)
2603 3248 2970 3313 peccatorum
3005 3261 3269 3313 suorum,
3294 3246 3343 3301 si
3372 3244 3515 3301 nihil
3545 3246 3798 3301 dubita-

381 3335 570 3391 verint
600 3336 671 3389 de
702 3334 998 3390 mandatis
1029 3334 1122 3388 his
1151 3334 1301 3405 (28);
1335 3338 1391 3388 et
1418 3333 1611 3387 vivent
1640 3332 1777 3386 Deo.
1811 3330 1916 3394 Qui
1966 3346 2100 3383 vero
2150 3330 2488 3400 adjecerint,
2539 3331 2753 3402 inquit,
2804 3336 2872 3388 ad
2925 3333 3135 3389 delicta
3179 3352 3305 3405 sua,
3356 3339 3413 3392 et
3456 3336 3803 3391 conversati

380 3423 599 3479 fuerint
629 3422 689 3477 in
712 3422 1136 3495 cupiditatibus
1167 3423 1278 3492 (29)
1312 3420 1509 3475 sazculi
1540 3420 1719 3489 hujus
1745 3437 1757 3486 ;
1793 3419 2159 3495 damnabunt
2192 3418 2417 3489 seipsos
2447 3420 2519 3474 ad
2552 3424 2823 3476 mortem.
2858 3423 2942 3476 Tu
2967 3439 3100 3479 vero
3130 3422 3371 3479 ambula
3398 3424 3458 3479 in
3489 3423 3801 3479 mandatis

376 3512 547 3581 istis;
579 3517 635 3569 et
662 3514 819 3567 vives
846 3512 999 3567 Deo:
1032 3517 1088 3566 et
1116 3512 1453 3582 quicunque
1484 3508 1911 3564 ambulaverint
1939 3507 1999 3561 in
2043 3506 2158 3574 his,
2191 3512 2248 3562 et
2290 3512 2445 3562 recte
2494 3525 2563 3563 ea
2607 3511 2990 3579 exercuerint,
3041 3513 3233 3569 vivent
3274 3513 3409 3569 Deo.
3460 3517 3797 3584 Postquam

375 3618 510 3658 vero
542 3601 663 3657 haac
694 3601 893 3657 omnia
924 3600 1069 3654 mihi
1101 3600 1377 3665 ostendit,
1410 3599 1491 3653 ait
1520 3597 1663 3652 mihi
1693 3614 1704 3652 :
1738 3595 1981 3667 Reliqua
2007 3600 2141 3667 post
2171 3594 2296 3650 dies
2326 3612 2544 3666 paucos
2571 3597 2678 3652 tibi
2707 3599 3035 3655 ostendam.

1779 3747 2236 3808 SIMILITUDO
2280 3745 2383 3807 IX.

949 3849 1359 3931 Ediﬁcandze
1390 3847 1709 3909 militantis
1737 3856 1792 3906 et
1838 3841 2261 3923 triumphantis
2288 3843 2570 3906 Ecclesia
2597 3849 2879 3928 mysteria
2906 3849 3190 3912 maxima.

1788 3994 2021 4051 CAPUT
2063 3995 2370 4053 PRIMUM.

452 4129 770 4199 Postquam
803 4126 1010 4197 scripsi
1041 4126 1313 4180 Mandata
1343 4129 1399 4180 et
1428 4122 1858 4179 Similitudines
1890 4118 2140 4192 pastoris
2171 4119 2631 4188 illius,'nuntius
2682 4125 3031 4196 paenitentiae
3078 4127 3235 4183 venit
3281 4129 3351 4183 ad
3406 4145 3521 4195 me,
3555 4134 3614 4186 et
3642 4131 3804 4186 dixit

386 4218 570 4273 mihi:
603 4215 746 4271 Volo
776 4216 1080 4270 ostendere
1111 4214 1215 4270 tibi
1245 4230 1608 4286 quaecunque
1639 4211 1893 4284 Spiritus
1923 4208 2030 4263 tibi
2076 4210 2353 4277 ostendit,
2400 4212 2498 4282 qui
2539 4213 2597 4267 in
2645 4213 2814 4286 efﬁge
2865 4214 3126 4272 Ecclesiae
3174 4215 3406 4274 locutus
3450 4224 3539 4275 est
3568 4224 3796 4276 tecum.

382 4306 487 4362 Ille
516 4306 674 4362 enim
704 4305 979 4377 Spiritus,
1011 4303 1191 4359 Filius
1222 4304 1316 4358 Dei
1348 4310 1456 4359 est.
1491 4304 1557 4357 Et
1586 4302 1725 4373 quia
1754 4298 2046 4355 inﬁrmior
2074 4314 2200 4353 eras
2233 4315 2491 4372 corpore,
2524 4318 2637 4357 non
2682 4308 2816 4359 ante
2846 4319 2949 4375 per
2995 4304 3270 4362 nuntium
3302 4307 3669 4364 declaratum
3706 4318 3801 4366 est

1539 4436 1786 4491 VARIjE
1835 4431 2223 4489 LECTIONES
2263 4434 2353 4488 ET
2390 4435 2620 4491 NOTJE.

454 4559 531 4629 (1)
562 4556 1113 4629 Lamb.superbiam
1142 4571 1418 4629 mg_gnam_
1427 4554 1745 4629 induerunt.
2359 4550 2501 4629 Mss.
2545 4552 2707 4629 Angl.
2741 4557 3074 4629 receperunt.

458 4621 534 4696 (2)
571 4635 651 4683 tta
681 4621 1077 4684 BodlfLamb.
1113 4631 1170 4681 et
1197 4621 1346 4681 Vict.
1382 4626 1554 4692 Editi,
1588 4638 1832 4695 sperare.
2216 4621 2328 4696 (18)
2360 4622 2501 4696 Mss.
2536 4621 2704 4696 Angl.
2740 4625 2837 4680 hoc
2857 4621 3131 4696 regressu.

479 4631 513 4683 2
571 4635 651 4683 tta
681 4631 841 4684 Bodl.
878 4631 1077 4682 Lamb.
1113 4631 1170 4681 et
1197 4631 1346 4681 Vict.
1382 4631 1554 4692 Editi,
1588 4638 1832 4695 sperare.
2216 4631 2328 4687 (18)
2362 4631 2501 4678 Mss.
2536 4631 2704 4696 Angl.
2740 4631 2837 4680 hoc
2866 4642 3131 4696 regressu.

478 4631 534 4772 3;
566 4702 705 4781 Mss.
737 4698 1314 4781 Angl..dcseruerunt.
1401 4768 1412 4779 '
1640 4767 1649 4777 ι
2215 4694 2329 4833 (19)
2359 4694 2576 4749 Victor.
2608 4698 2870 4779 virtutem
2906 4699 3217 4767 equitatis.

481 4774 534 4833 4)
566 4773 659 4827 Sic
692 4787 835 4825 mss.
871 4771 1013 4826 Vict.
1047 4776 1103 4824 et
1133 4770 1322 4824 Carm.
1357 4768 1450 4823 Sic
1476 4773 1532 4823 et
1561 4767 1699 4823 edit.
1738 4766 1916 4821 Oxon.
1941 4762 2028 4817 Al.
2236 4765 2327 4833 20)
2361 4766 2564 4822 Lamb.
2596 4770 2647 4822 et
2678 4768 2912 4823 libenter
2948 4771 3217 4833 patiuntui

478 4702 533 4772 3)
566 4702 705 4756 Mss.
737 4702 905 4771 Angl.
940 4702 1314 4753 deseruerunt.
2241 4702 2329 4761 19)
2365 4702 2576 4749 Victor.
2608 4702 2870 4751 virtutem
2906 4702 3217 4767 equitum.

456 4702 534 4843 (4)
566 4773 659 4827 Sic
692 4787 835 4825 mss.
871 4770 1013 4826 Vict.
1047 4776 1103 4824 et
1133 4770 1322 4824 Carm.
1357 4768 1450 4823 Sic
1476 4773 1532 4823 et
1561 4767 1699 4823 edit.
1738 4766 1916 4821 Oxon.
1941 4762 2028 4817 Al.
2361 4766 2564 4843 Lamb.
2596 4770 2647 4843 et
2678 4768 2912 4843 libenter
2948 4771 3258 4840 patiuntur,
3290 4787 3575 4828 memores.

387 4836 688 4907 omittunt,
720 4843 835 4897 sed.
2215 4836 2327 4977 (21)
2358 4836 2441 4891 ΑΙ.
2474 4840 2859 4895 exsolutiones.

458 4914 535 4977 (5)
567 4915 767 4969 Lamb.
801 4912 982 4977 ﬁdeles
1011 4916 1493 4977 perseveraverant
1524 4926 1655 4965 esse.
2236 4908 2325 4976 22)
2379 4909 2581 4964 Lamb.
2632 4913 2821 4965 mortis

458 4914 535 4989 (5)
567 4915 767 4989 Lamb.
801 4912 982 4989 ﬁdeles
1010 4916 1493 4989 perseveraverant
1524 4926 1655 4965 esse.
2215 4908 2325 4989 (22)
2379 4909 2581 4964 Lamb.
2632 4913 2821 4965 mortis
2882 4913 3147 4967 Dominus
3206 4915 3268 4967 in
3312 4914 3489 4970 multa
3534 4931 3640 4971 sua
3691 4918 3794 4973 c1:-

458 4982 537 5055 (6)
570 4986 710 5040 Mss.
743 4982 913 5055 Angl.
945 4985 1114 5038 evecti
1134 4985 1471 5039 vanitatibus
1500 4998 1710 5038 eorum.
2142 4982 2379 5055 mantia.

572 5050 901 5131 Mss._An§l.
940 5056 1284 5109 destiterunt.
2156 5122 2165 5131 Ι
2217 5050 2328 5131 (23)
2363 5050 2501 5105 Mss.
2553 5051 2723 5124 Angl.
2770 5054 3022 5131 omnibus
3065 5054 3275 5122 darem,
3323 5065 3377 5113 et
3414 5057 3637 5129 quidem
3669 5062 3787 5131 qui-

484 5122 540 5195 8)
572 5129 773 5183 Lamb.
805 5122 971 5181 deest.
1008 5142 1178 5199 posse.
2149 5122 2386 5199 busdam
2404 5140 2516 5199 non
2545 5122 2897 5199 merentibus.

484 5193 536 5267 9)
567 5199 726 5255 Bodl.
760 5200 958 5272 citata.
978 5193 1019 5272 γ’
1148 5270 1155 5272 Α
1182 5268 1190 5272 _
2150 5265 2186 5272 ﬁ
2220 5193 2333 5272 (24)
2365 5194 2446 5249 Al.
2479 5198 2764 5272 quoniam,
2796 5197 2999 5272 auditis
3028 5196 3133 5265 his,
3164 5200 3415 5255 universi
3442 5208 3624 5272 agent.
3661 5202 3787 5257 Εὰῆ

491 5264 578 5337 10)
604 5272 803 5325 Lamb.
836 5271 1039 5325 solidae
1068 5268 1262 5324 aridae.
2150 5264 2331 5319 Paris.
2366 5264 2644 5337 quoniam,
2680 5268 2908 5324 eruditis
2936 5270 3041 5325 his.

466 5338 579 5411 (it)
614 5344 816 5396 Lamb.
850 5343 1062 5396 honesti
1091 5355 1219 5407 erga
1256 5341 1570 5395 Dominum.
2220 5338 2332 5411 (25)
2364 5339 2563 5393 Lamb.
2588 5338 2811 5395 auditis.

465 5410 577 5485 (12)
610 5414 810 5469 Lamb.
844 5415 1109 5485 inanesget
1136 5412 1396 5466 minimas
1424 5411 1833 5481 disputationes.
2367 5411 2567 5485 _L_amb.
2599 5411 2833 5485 desunt,
2860 5425 2986 5482 qua?
3012 5426 3181 5483 supra
3202 5412 3349 5469 dicta
3367 5419 3465 5470 est.

492 5481 576 5548 13)
609 5485 773 5539 Bodl.
809 5488 869 5539 in
899 5483 1097 5538 Lamb.
1125 5485 1290 5537 inter.
2222 5481 2336 5553 (27)
2367 5481 2508 5536 Mss.
2540 5481 2712 5552 Angl.
2754 5481 2936 5537 deest.
2968 5481 3239 5553 priorum.

562 5274 579 5548 ἓ

465 5487 576 5556 (13)
609 5487 773 5539 Bodl.
809 5488 869 5539 in
899 5487 1097 5538 Lamb.
1125 5487 1290 5537 inter.

468 5558 511 5624 (1
535 5559 577 5625 ’i)
616 5556 804 5609 Lamb.
843 5557 968 5611 boni
996 5570 1207 5624 semper
1236 5554 1468 5623 difﬁcile
1497 5553 1871 5607 movebuntur.

496 5628 582 5698 15)
618 5628 812 5681 Lamb.
850 5642 974 5698 quae
1001 5626 1127 5680 satae
1157 5630 1313 5698 erant
1342 5625 1563 5698 virides.

496 5630 582 5695 15)
618 5630 812 5681 Lamb.
850 5642 974 5698 quae
1001 5630 1127 5680 satae
1157 5630 1313 5679 erant
1342 5630 1563 5678 virides.

468 5630 580 5767 (16)
613 5697 693 5753 Al.
724 5700 826 5753 etsi
853 5698 923 5754 ad
948 5698 1155 5754 scelera
1182 5697 1373 5767 aliqua
1396 5696 1645 5767 prolapsi
1674 5699 1821 5750 sunt.

2277 5553 2331 5611 8)
2367 5553 2565 5607 Lamb.
2602 5555 2753 5608 meis.
2788 5554 2881 5608 Sic
2913 5558 2969 5610 et
2997 5554 3135 5609 edit.
3171 5553 3310 5611 Felli
3338 5554 3515 5611 Oxon.

610 5414 810 5469 Lamb.
844 5415 1038 5467 inanes
1060 5420 1109 5466 et
1136 5412 1396 5466 minimas
1424 5411 1833 5481 disputationes.
2222 5410 2331 5478 (26)

609 5485 773 5577 Bodl.
809 5488 869 5539 in
899 5483 1097 5566 Lamb.
1125 5485 1298 5564 inter.
1406 5556 1415 5565 .
2221 5481 2331 5585 (27)

616 5556 804 5609 Lamb.
843 5557 965 5611 bom
996 5570 1207 5621 semper
1236 5554 1468 5621 dif/imle
1497 5553 1871 5607 movebuntur.
2221 5553 2331 5621 ‘28)

2220 5594 2331 5693 i255
2362 5594 2791 5680 xr.‘:i;;.-;i:;;-'.=.L

4004 2930 4014 3379 l
