4014 6226
373 332 494 396 983
1874 333 1914 393 S
1926 377 1940 390 .

2197 333 2286 393 [1E
3660 330 3782 393 98‘

375 482 505 522 esse
535 466 823 522 curiosus.
856 466 975 536 Ego
1014 468 1209 521 autem
1240 464 1656 521 demonstrabo
1677 463 1785 521 tibi
1815 469 2047 531 cuncta,
2097 480 2463 538 quaecunque
2493 465 2673 522 debeo
2706 465 2816 537 (56)
2849 464 3181 522 ostendere:
3228 479 3386 521 nune
3415 466 3613 520 autem
3642 461 3787 518 reli-

383 571 501 629 qua
530 554 856 610 considera.

1891 670 2124 727 CAPUT
2165 671 2263 727 ΙΙΙ.

443 813 511 868 Et
541 829 673 868 cum
704 812 825 868 haec
854 814 1099 870 dixisset
1127 814 1293 881 mihi,
1328 814 1568 886 suspexi
1606 814 1746 887 (57):
1783 819 1840 869 et
1861 830 1992 869 ecce
2022 814 2139 868 vidi
2159 813 2391 869 venisse
2418 830 2517 869 sex
2539 813 2692 870 viros
2723 812 2980 869 excelsos
3005 830 3071 869 ac
3090 813 3472 879 venerandos,
3494 816 3552 867 et
3581 828 3793 867 omnes

375 902 598 958 similes
623 903 733 973 (58)
764 904 959 970 vultu;
996 909 1053 957 et
1082 920 1317 958 vocasse
1351 904 1667 974 quamdam
1704 903 2144 957 multitudinem
2176 904 2430 958 virorum
2462 908 2557 970 ;et
2589 902 2647 957 bi
2682 903 2779 975 qui
2811 906 3088 958 venerant
3116 901 3300 957 vocati
3322 902 3393 957 ab
3416 900 3553 973 illis,
3587 908 3647 956 et
3675 900 3791 973 ipsi

375 1008 606 1063 quoque
635 990 845 1046 excelsi
872 996 928 1045 et
953 992 1128 1047 fortes
1151 996 1333 1046 erant.
1367 993 1682 1046 Jusserunt
1714 998 1910 1047 autem
1964 991 2048 1046 illi
2093 1009 2190 1046 sex
2222 1009 2319 1046 eos
2351 993 2559 1046 turrim
2594 992 2908 1063 quamdam
2970 992 3082 1063 (59)
3134 1007 3311 1062 super
3368 1007 3493 1046 eam
3555 996 3790 1062 portam

376 1080 684 1136 aedificare.
711 1081 958 1150 Magnus
988 1097 1119 1135 vero
1152 1087 1289 1134 tunc
1326 1081 1592 1134 fremitus
1624 1081 1797 1150 cmpit
1828 1098 1955 1135 esse
1987 1080 2419 1135 decurrentium
2451 1080 2601 1135 circa
2634 1087 2860 1151 portam
2894 1079 3006 1134 huc
3039 1086 3209 1149 atque
3238 1078 3375 1133 illuc
3421 1079 3558 1151 (ϐυ),
3581 1096 3791 1133 eorum

370 1169 625 1224 virorum
643 1169 739 1240 qui
755 1170 824 1223 ad
862 1170 1263 1223 aedificandam
1297 1169 1504 1222 turrim
1524 1175 1912 1223 convenerant
1928 1171 2058 1239 (61).
2078 1169 2346 1240 Virgines
2367 1185 2499 1223 vero
2530 1168 2643 1222 illa
2677 1186 2801 1239 quae
2816 1169 3052 1223 stabant
3072 1168 3225 1222 circa
3241 1169 3795 1239 portam,jubebant

371 1256 908 1313 eisaadiﬁcationem
929 1258 1108 1311 turris
1124 1258 1746 1329 accelerare(62).lpsze
1779 1264 1971 1312 autem
1993 1263 2670 1329 exporrexeruntmanus
2688 1273 2849 1320 suas,
2877 1262 3159 1328 tanquam
3200 1255 3419 1327 aliquid
3466 1262 3792 1327 acceptura

350 1345 447 1401 ab
479 1344 617 1400 illis.
652 1347 816 1400 Tunc
849 1345 935 1399 illi
968 1364 1066 1401 sex
1089 1347 1419 1417 jusserunt,
1443 1351 1506 1400 ut
1543 1347 1656 1416 (63)
1705 1364 1772 1401 ex
1804 1347 2058 1418 quodam
2109 1347 2396 1418 profundo
2448 1344 2671 1417 lapides
2721 1343 3071 1410 attollerent,
3131 1349 3189 1399 et
3229 1344 3287 1398 in
3347 1344 3797 1400 aediﬁcationem

373 1434 555 1490 turris
587 1439 998 1506 praepararent.
1034 1436 1102 1490 Et
1127 1434 1331 1490 elevati
1365 1439 1501 1489 sunt
1532 1435 1730 1489 decem
1764 1435 1983 1506 lapides
2028 1436 2283 1501 candidi,
2307 1434 2573 1507 quadrati
2610 1434 2739 1506 (64),
2772 1433 3123 1489 circumcisi.
3162 1432 3478 1503 Postquam
3510 1449 3645 1488 vero
3698 1450 3796 1487 sex

373 1521 457 1577 illi
487 1524 917 1578 advocaverunt
946 1524 1054 1578 has
1088 1524 1367 1596 virgines,
1395 1514 1709 1593 jusserunt
1737 1541 1836 1580 eas
1870 1526 2172 1580 universos
2202 1524 2447 1596 lapides,
2488 1522 2823 1595 quicunque
2854 1524 2913 1577 in
2963 1523 3143 1578 turris
3175 1522 3620 1577 aedificationem
3653 1522 3796 1577 mit-

372 1612 533 1666 tendi
566 1616 784 1680 essent,
821 1616 1051 1683 portare
1084 1614 1226 1683 (65);
1258 1618 1315 1668 et
1344 1613 1658 1668 translatos
1676 1630 1778 1684 per
1810 1620 2035 1684 portam
2068 1614 2297 1668 tradere
2340 1613 2453 1684 (66)
2503 1612 2588 1668 eis
2619 1613 2722 1684 qui
2770 1610 3111 1668 aedificaturi
3154 1616 3319 1666 erant
3346 1611 3561 1666 turrim
3605 1610 3793 1667 illam.

372 1699 659 1756 Continuo
688 1701 774 1755 hae
804 1701 1057 1772 virgines
1086 1702 1321 1757 eosdem
1346 1701 1569 1773 lapides
1595 1701 1693 1772 qui
1727 1702 1889 1774 prius
1919 1701 2122 1757 elevati
2154 1706 2319 1758 erant
2371 1702 2484 1770 (67)
2506 1702 2577 1756 de
2608 1701 2918 1773 profundo,
2950 1700 3103 1756 inter
3130 1717 3191 1756 se
3220 1698 3444 1756 elevare
3465 1699 3582 1772 (68)
3603 1716 3796 1773 cepe-

374 1792 515 1844 runt
544 1789 765 1862 pariter
793 1805 1018 1845 omnes.

1885 1906 2114 1962 CAPUT
2154 1905 2246 1961 IV.

449 2047 557 2114 Qui
590 2051 783 2103 autem
813 2051 1099 2103 steterunt
1128 2047 1280 2104 circa
1309 2052 1558 2120 portam,
1593 2048 1676 2104 sic
1709 2049 1885 2104 etiam
1918 2049 2257 2120 portabant:
2310 2053 2375 2103 ut
2406 2048 2505 2121 qui
2539 2047 2895 2103 videbantur
2940 2062 3068 2104 esse
3100 2046 3388 2118 fortiores,
3439 2047 3512 2102 ad
3544 2046 3797 2119 angulos

382 2141 771 2210 ponerentur:
807 2137 995 2193 caeteri
1026 2155 1164 2193 vero
1195 2137 1418 2210 lapides
1449 2139 1520 2193 ad
1553 2138 1737 2193 latera
1768 2138 2234 2210 subjiciebantur
2264 2138 2375 2210 (69)
2412 2155 2425 2193 :
2461 2142 2635 2209 atque
2676 2137 2758 2193 ita
2787 2137 3089 2193 universos
3130 2136 3354 2209 lapides
3400 2134 3797 2209 pertulerunt,

379 2243 597 2298 eosque
630 2243 731 2297 per
760 2232 989 2298 portam
1026 2228 1138 2297 (70)
1170 2227 1487 2283 translatos
1518 2227 1962 2295 aediﬁcantibus,
1996 2228 2149 2283 sicut
2171 2229 2354 2298 jussis
2373 2232 2537 2282 erant
2566 2226 2702 2298 (71),
2732 2226 3120 2282 tradiderunt.
3147 2226 3233 2281 Illi
3260 2242 3392 2281 vero
3415 2225 3798 2298 excipientes,

378 2320 797 2373 exstruxerunt
827 2315 979 2371 illos.
1015 2316 1145 2370 Hinc
1176 2320 1370 2370 autem
1402 2316 1708 2371 aedificatio
1736 2332 1913 2387 super
1941 2315 2102 2371 illam
2137 2320 2366 2387 petram
2399 2332 2677 2388 magnam
2705 2320 2763 2370 et
2792 2320 3018 2387 portam
3040 2315 3241 2381 fiebat;
3277 2319 3452 2385 atque
3480 2314 3654 2370 abiis
3682 2319 3802 2369 tota

376 2404 565 2459 turris
596 2405 1055 2459 sustentabatur.
1090 2405 1311 2459 Horum
1345 2409 1538 2459 autem
1572 2406 1771 2460 decem
1818 2404 2083 2475 lapidum
2118 2408 2414 2460 structura
2432 2408 2615 2460 totam
2652 2408 2880 2475 portam
2915 2402 3073 2459 illam
3103 2402 3362 2474 replevit,
3395 2420 3522 2474 quas
3572 2402 3635 2458 in
3669 2404 3801 2457 fun-

389 2493 666 2549 damento
697 2493 876 2547 turris
902 2492 1060 2548 illius
1091 2510 1218 2548 esse
1240 2494 1427 2565 coepit.
1462 2494 1598 2549 Post
1628 2492 1760 2548 illos
1800 2510 1932 2549 vero
1962 2493 2161 2549 decem
2194 2493 2437 2565 lapides,
2485 2492 2583 2547 alii
2612 2492 2819 2565 viginti
2868 2492 3127 2563 quinque
3169 2491 3377 2547 elevati
3406 2495 3550 2547 sunt
3578 2492 3697 2563 (72)
3735 2492 3803 2546 de

387 2580 711 2652 profundo;
745 2586 802 2635 et
832 2580 891 2634 hi
918 2582 1123 2636 structi
1156 2586 1295 2636 sunt
1325 2582 1382 2635 in
1406 2582 1849 2637 aediﬁcationem
1874 2582 2056 2636 turris
2088 2582 2378 2652 ejusdem,
2411 2597 2514 2653 per
2543 2580 2677 2637 illas
2703 2581 2958 2654 virgines
2976 2580 3167 2648 levati,
3200 2581 3355 2637 sicut
3382 2580 3627 2653 priores.
3664 2584 3805 2636 Post

386 2670 515 2740 bos,
550 2668 652 2724 alii
683 2669 923 2742 triginta
953 2670 1214 2741 quinque
1239 2670 1442 2726 elevati
1476 2675 1633 2737 sunt,
1666 2675 1722 2726 et
1752 2670 1814 2724 hi
1845 2670 2114 2726 similiter
2147 2671 2206 2725 in
2239 2671 2440 2726 eodem
2469 2686 2641 2742 opere
2672 2671 2850 2743 aptati
2883 2675 3041 2727 sunt.
3078 2670 3215 2725 Post
3237 2669 3364 2738 hos,
3407 2669 3807 2742 quadraginta

385 2755 611 2828 lapides
644 2759 1057 2825 ascenderunt;
1093 2762 1150 2813 et
1187 2758 1247 2813 hi
1282 2775 1485 2814 omnes
1512 2759 1720 2829 adjecti
1755 2764 1893 2814 sunt
1915 2758 1972 2813 in
2006 2764 2364 2814 structuram
2391 2757 2767 2814 turrisillius.
2796 2761 3053 2824 Quatuor
3070 2775 3204 2831 ergo
3238 2758 3470 2814 ordines
3495 2762 3807 2831 coeperunt

388 2859 515 2902 esse
538 2847 595 2901 in
625 2847 1008 2902 fundamento
1036 2847 1216 2902 turris
1246 2847 1405 2903 illius
1430 2848 1575 2919 (73);
1600 2848 1898 2903 desierunt
1927 2848 2085 2903 enim
2113 2846 2337 2920 lapides
2367 2847 2591 2903 extrahi
2614 2849 2683 2902 de
2709 2848 2823 2919 (74)
2854 2847 3171 2920 profundo:
3204 2846 3503 2920 paulisper
3528 2851 3586 2903 et
3604 2846 3675 2903 bi
3701 2846 3807 2919 qui

390 2935 777 3000 tediﬁcabant,
810 2936 1169 3007 quieverunt.
1200 2938 1414 2991 Iterum
1446 2936 1530 2991 illi
1562 2955 1661 2992 sex
1688 2937 1793 2991 viri
1829 2936 2190 2992 multitudini
2218 2936 2300 2991 illi
2323 2936 2777 3009 imperaverunt,
2808 2940 2874 2990 ut
2902 2937 2973 2992 de
3004 2935 3120 2991 illis
3153 2936 3461 2992 duodecim
3486 2936 3805 2993 montibus

388 3028 765 3095 apportarent
795 3024 907 3095 (75)
931 3023 1155 3096 lapides
1178 3026 1247 3080 ad
1281 3026 1725 3081 aedificationem
1756 3025 1935 3080 turris
1966 3026 2251 3094 ejusdem.
2280 3025 2364 3079 Illi
2395 3029 2587 3080 autem
2621 3024 2963 3080 excidebant
2991 3025 3061 3081 de
3076 3025 3365 3081 universis
3383 3024 3694 3081 montibus
3713 3042 3807 3081 va-

388 3114 611 3168 riorum
644 3112 900 3168 colorum
934 3113 1159 3185 lapides
1189 3114 1301 3185 (76)
1328 3133 1341 3180 ;
1375 3119 1429 3168 et
1460 3115 1779 3170 deferenles
1810 3131 1909 3170 eos
1950 3115 2062 3185 (77)
2096 3114 2470 3187 porrigebant
2506 3114 2859 3185 virginibus:
2897 3130 3044 3185 quos
3069 3113 3181 3169 illis
3211 3114 3558 3186 accipientes
3589 3118 3806 3171 trans-

389 3202 655 3257 ferebant
686 3203 819 3272 (18),
854 3208 911 3256 et
940 3202 999 3256 in
1032 3204 1477 3259 adificationem
1509 3204 1691 3258 turris
1722 3204 2117 3276 porrigebant.
2176 3205 2233 3257 ln
2291 3220 2409 3274 qua
2455 3219 2589 3257 cum
2620 3203 2825 3258 structi
2885 3207 3082 3257 essent
3110 3203 3221 3274 (79)
3251 3201 3359 3267 illi,
3407 3202 3671 3269 candidi,
3714 3220 3815 3258 va.

386 3290 578 3362 riique
613 3290 865 3345 fiebant:
899 3295 955 3346 et
977 3290 1248 3346 similiter
1274 3309 1477 3348 omnes
1509 3293 1731 3364 priores
1758 3294 1872 3363 (80)
1905 3293 2217 3347 mutabant
2247 3292 2486 3347 colores.
2520 3292 2769 3355 Quidam
2799 3307 2934 3347 vero
2978 3292 3048 3346 ab
3082 3292 3225 3363 ipsis
3254 3291 3393 3346 viris
3422 3292 3818 3365 porrigeban-

382 3384 516 3447 tur;
551 3378 650 3451 qui
684 3395 816 3433 cum
850 3378 907 3433 in
936 3396 1064 3434 eam
1097 3380 1541 3435 aediﬁcationem
1575 3381 1893 3452 venissent,
1931 3381 2133 3453 quales
2163 3381 2553 3452 ponebantur,
2585 3379 2731 3435 tales
2762 3384 2820 3434 et
2848 3381 3289 3453 permanebant.
3325 3381 3390 3435 Hi
3430 3397 3536 3436 nec
3562 3381 3815 3436 candidi

386 3468 626 3536 ﬁebant,
663 3483 766 3523 nec
798 3468 975 3535 varii;
1012 3470 1290 3539 quoniam
1324 3486 1437 3523 non
1474 3474 1639 3524 erant
1668 3469 2048 3541 avirginibus
2080 3486 2184 3541 per
2214 3473 2439 3540 portam
2469 3468 2757 3523 translati.
2791 3468 2858 3524 Hi
2885 3484 3023 3540 ergo
3060 3468 3284 3540 lapides
3313 3468 3608 3525 deformes
3638 3474 3820 3525 erant

385 3557 447 3613 in
477 3556 858 3613 aediﬁcatione
889 3557 1031 3629 (81);
1065 3574 1213 3629 quos
1246 3575 1381 3613 cum
1415 3559 1964 3614 animadvertissent
2013 3558 2099 3612 illi
2152 3575 2253 3614 sex
2296 3557 2423 3625 viri,
2448 3558 2759 3628 jusserunt
2785 3556 2911 3612 tolli
2970 3562 3028 3612 et
3073 3574 3179 3614 suo
3227 3556 3353 3614 loco
3404 3558 3607 3630 reponi
3649 3560 3819 3615 unde

388 3644 565 3701 delati
596 3645 826 3700 fuerant
854 3646 985 3717 (82).
1020 3648 1091 3702 Et
1121 3647 1326 3702 dicunt
1357 3647 1427 3702 ad
1464 3647 1596 3702 illos
1629 3648 1727 3718 qui
1760 3646 1986 3719 lapides
2018 3645 2152 3702 illos
2200 3647 2546 3702 aﬂ‘erebant:
2590 3646 2840 3701 Omnino
2882 3663 2983 3702 vos
3037 3646 3206 3703 nobis
3255 3648 3328 3703 ad
3356 3647 3817 3705 aediﬁcationem

388 3733 539 3789 hanc
569 3733 793 3806 lapides
823 3736 1120 3808 porrigere
1141 3736 1350 3805 nolite;
1384 3737 1483 3792 sed
1500 3738 1673 3807 juxta
1702 3737 1911 3791 turrim
1944 3735 2141 3808 ponite
2157 3752 2276 3806 eos,
2310 3741 2375 3790 ut
2404 3735 2490 3790 hae
2519 3734 2780 3808 virgines
2805 3734 3121 3792 translatos
3150 3736 3476 3809 porrigant;
3503 3736 3619 3792 nisi
3648 3738 3818 3794 enim

387 3822 463 3877 ab
494 3822 588 3878 his
608 3823 936 3895 virginibus
968 3824 1237 3880 translati
1274 3825 1489 3881 fuerint
1534 3843 1637 3897 per
1665 3826 1815 3881 hanc
1874 3828 2121 3897 portam,
2181 3824 2402 3881 colores
2453 3840 2592 3880 suos
2642 3828 2873 3879 mutare
2905 3840 3021 3879 non
3074 3829 3352 3897 possunt:
3385 3824 3565 3881 nolite
3619 3825 3818 3899 igitur

388 3910 607 3967 frustra
633 3910 923 3967 laborare.

1560 4039 1797 4095 VARI/E
1840 4037 2234 4095 LECTIONES
2277 4038 2364 4094 ET
2402 4037 2617 4095 NOTAE

458 4159 574 4374 (565
604 4160 805 4215 Lamb.
834 4162 1081 4244 potueris
1103 4179 1207 4235 pro
1236 4162 1425 4217 debeo.
2216 4164 2332 4306 (68)
2364 4163 2503 4218 Mss.
2537 4161 2711 4235 Angl.
2737 4162 2994 4217 allevare.
3364 4232 3375 4243 ⁸

481 4232 551 4284 57
605 4232 807 4287 Lamb.
843 4249 1081 4303 inspexi.
2239 4236 2328 4305 69)
2385 4232 2547 4289 Bodl.
2582 4250 2617 4288 a
2659 4234 2935 4288 lateribus
2983 4232 3266 4289 subibant.
3318 4233 3375 4288 Si

480 4302 549 4355 58
616 4303 819 4358 Lamb.
860 4306 1072 4361 venisse
1138 4307 1285 4360 viros
1333 4306 1589 4374 excelsos,
1641 4306 1944 4374 dignitosos
1987 4310 2039 4360 et
2146 4306 2549 4374 praepositione
2572 4310 2766 4360 tamen
2791 4304 2913 4359 ain
2946 4320 2975 4359 e
3032 4310 3279 4360 mutata.

481 4232 570 4305 57)
605 4232 807 4305 Lamb.
843 4232 1121 4303 inspexi.’
2216 4232 2328 4305 (69)
2385 4232 2547 4289 Bodl.
2582 4232 2935 4305 a'lateribus
2983 4232 3266 4289 subibant.
3318 4232 3414 4288 Sic
3472 4238 3529 4290 et
3577 4234 3816 4301 ιωδ..

480 4302 571 4378 58)
616 4303 819 4358 Lamb.
860 4302 1072 4361 venisse
1138 4307 1285 4360 viros
1333 4306 1589 4377 excelsos,
1641 4306 1944 4375 dignitosos
1987 4310 2039 4360 et
2146 4302 2549 4378 praepositione
2572 4310 2825 4360 tamena
2854 4304 2913 4378 in
2946 4320 2975 4359 e
3032 4310 3279 4378 mutata.

389 4374 630 4450 similes;
752 4445 764 4450 _
1537 4374 1583 4450 _'
1712 4374 1719 4375 “
2146 4374 2166 4378 “
2218 4374 2329 4448 (70)
2370 4377 2573 4432 Lamb.
2619 4379 2827 4448 portas.
2858 4377 2927 4431 Et
2973 4374 3148 4448 paulo
3177 4380 3329 4449 post,
3357 4384 3521 4448 porta
3548 4392 3661 4449 pro
3692 4395 3816 4450 por-

482 4445 573 4519 59)
606 4445 927 4519 Lambreos
946 4446 1045 4502 illi
1070 4464 1144 4502 ea:
1173 4451 1326 4501 turre
1346 4447 1664 4519 quamdam.
2147 4445 2276 4503 tam.

482 4516 572 4586 60)
600 4517 764 4592 Sodl.
796 4516 1223 4592 discurrentium
1266 4516 1412 4574 circa
1450 4527 1669 4590 portam
1718 4520 1845 4575 hinc
1880 4523 2040 4592 atque
2219 4521 2332 4592 (71)
2362 4520 2502 4573 Mss.
2537 4516 2707 4592 Angl.
2736 4519 3035 4592 jusserunt.

389 4586 567 4662 illine.
600 4588 797 4662 Lamb.
832 4606 1059 4662 quoque
1088 4590 1280 4662 habet
1296 4592 1424 4644 hinc
1450 4586 1614 4661 atque
1642 4592 1819 4646 illinc.
1945 4586 1959 4592 ’
2218 4586 2331 4662 (72)
2364 4592 2502 4646 Mss.
2537 4586 3219 4662 Angl._ascenderunt.ut
3249 4603 3421 4662 sazpe.

461 4660 571 4731 (61)
604 4659 697 4714 Sic
731 4659 935 4716 Lamb.
970 4662 1064 4717 Sic
1104 4667 1159 4716 et
1190 4659 1331 4717 Felli
1362 4663 1501 4717 edit.
1524 4659 1717 4717 ’Oxon.
1751 4663 1842 4719 Al.
1876 4679 2035 4719 vene-
2218 4659 2328 4732 (73)
2363 4661 2561 4716 Lamb.
2592 4660 2967 4732 fundamentis
2997 4659 3371 4732 tun-ishujus.

388 4738 561 4804 rant.)
605 4802 624 4804 _
2216 4731 2329 4804 (74)
2360 4732 2718 4804 Lamb.ergo
2749 4731 2959 4804 lapides
2986 4731 3271 4804 ascendere
3288 4732 3371 4786 de.

459 4801 570 4875 (62)
603 4802 803 4858 Lamb.
837 4803 1094 4875 videbant
1147 4804 1567 4874 aediﬁcationem
1606 4807 1786 4860 turris
1830 4805 2034 4860 accele-
2217 4800 2331 4875 (75)
2360 4804 2439 4859 De
2467 4800 2681 4874 quibus
2703 4800 2921 4858 mentio
2940 4804 3113 4874 cap.1
3141 4802 3321 4873 hujus
3342 4800 3575 4857 similit.
3606 4801 3805 4860 Pelius

385 4872 511 4926 rari
534 4872 795 4944 oportere.
832 4874 971 4929 Felli
1003 4879 1198 4930 autem
1240 4872 1377 4930 edit.
1430 4876 1607 4931 Oxon.
1643 4876 1758 4931 sic:
1792 4876 2035 4947 Agnove-
2147 4872 2344 4931 autem
2378 4872 2599 4938 statim,
2648 4875 2923 4945 deferrent
2958 4872 3062 4945 pro
3106 4872 3481 4945 apportarent,
3516 4875 3681 4947 quod
3714 4893 3806 4932 e1-

386 4945 613 5016 runtab
643 4947 720 4999 eis
739 4945 1157 5016 cedi/irationem
1212 4950 1382 5001 turris
1429 4948 1725 5002 accelerari
1771 4952 2031 5016 oportere.
2144 4947 2346 5002 bibent
2378 4944 2750 5016 mss.Angl._
2875 5014 2881 5016 _
3361 5015 3370 5016 ί

546 4962 613 4999 αο
643 4962 720 4999 eis
739 4962 1157 5003 waznrauonem
1212 4962 1382 5001 turris
1429 4962 1723 5002 acceterart
1771 4962 2031 5003 ουονιενε.
2145 4962 2346 5002 [libent
2378 4963 2521 5001 mss.
2547 4962 2714 5003 A1121.

456 4961 519 4997 ηι
546 4961 613 4999 ao
643 4961 720 4999 eis
739 4961 1157 5016 aedi/irationem
1212 4961 1382 5001 turris
1429 4961 1723 5002 accelerarz
1771 4961 2031 5017 Oportere.
2145 4961 2346 5002 bibent
2378 4963 2521 5001 mss.
2547 4961 2714 5016 angi.

456 5014 572 5085 (63)
601 5015 741 5070 Mss.
777 5016 947 5090 Angl.
982 5018 1164 5087 deest,
1195 5026 1271 5072 ut.
1305 5019 1375 5073 Et
1417 5035 1551 5073 mox
1581 5036 1683 5090 pro
1731 5021 2036 5075 attollerent
2216 5020 2328 5090 (76)
2360 5018 2500 5072 Mss.
2535 5015 2705 5090 Angl.
2733 5014 2938 5086 lapides
2966 5016 3140 5072 variis
3176 5015 3470 5073 coloribus.

388 5088 446 5141 et
469 5088 1120 5157 praepararent,’babent
1150 5090 1438 5144 ascendere
1469 5096 1526 5145 et
1554 5088 1751 5151 aptari.
1794 5090 2033 5146 Statim-
2214 5088 2327 5159 (77)
2362 5090 2504 5145 Mss.
2538 5088 2707 5159 Angl.
2740 5089 3072 5159 apportutos.

387 5160 625 5233 que:__E_t
652 5160 1007 5233 ascenderunt
1031 5162 1229 5216 decem.
1370 5232 1377 5233 ί
1900 5232 1927 5233 ﬂ
2192 5158 2326 5233 (78)
2360 5161 2501 5233 Mss.
2536 5158 2715 5233 Aug],
2736 5158 3111 5229 porrigebant,
3130 5162 3187 5213 et
3203 5174 3336 5214 mox
3365 5158 3793 5230 transferebat.

457 5230 568 5300 (64)
599 5229 797 5285 Lamb.
858 5231 1076 5301 quidem
1132 5237 1189 5286 et
1236 5232 1512 5302 quadrati.
1572 5234 1663 5286 Sic
1715 5237 1770 5288 et
1820 5232 2032 5289 Fellus.
2143 5229 2239 5288 Sic
2263 5229 2321 5288 et
2348 5231 2484 5287 Felli
2517 5229 2656 5285 editi.
2682 5229 2861 5284 Oxon.

386 5301 526 5375 _Voci
558 5307 750 5375 autem
777 5300 1065 5375 sequenti,
1091 5300 1425 5367 circumcisi,
1445 5304 1918 5375 praemittendum
1939 5321 2037 5359 nec
2216 5306 2329 5375 (79)
2358 5303 2559 5375 Lamb.
2591 5317 2757 5375 quam
2780 5316 2907 5375 cum
2936 5300 3210 5355 instructi.

380 5371 560 5446 jubet,
581 5371 899 5446 Cpteleriu's
928 5391 991 5428 ex
1025 5391 1149 5444 cap.
1183 5376 1217 5427 5
1246 5380 1302 5429 et
1332 5376 1415 5429 16.
1445 5371 1463 5375 “
2214 5371 2327 5444 (80)
2364 5371 2862 5446 Lamb.et_similes
2875 5387 3070 5446 omnes
3093 5373 3783 5446 etpriores.Mss.quoqn

458 5442 570 5513 (65)
613 5444 811 5500 Lamb.
846 5462 962 5517 ejus
1018 5442 1439 5515 mdiﬁcationem
1486 5448 1624 5500 ituri
1677 5456 1855 5501 essent
1898 5463 2031 5517 por-
2142 5446 2288 5500 Vict.
2311 5442 2380 5501 et
2409 5445 2599 5517 Carm.
2632 5443 2868 5517 habent,
2900 5451 2952 5497 et
2977 5442 3211 5513 priores.

388 5520 521 5587 tare.
867 5514 877 5517 ’
1133 5514 1139 5515 “
1900 5514 1909 5517 ⁷
2213 5519 2326 5587 (81)
2359 5516 2560 5572 Lamb.
2590 5514 3037 5587 aediﬁcationem.

462 5584 574 5660 (69)
606 5588 799 5660 Lamb.
836 5604 969 5660 cum
998 5588 1180 5643 Fello:
1216 5588 1401 5643 itidem
1430 5589 1663 5644 tradere.
2216 5584 2328 5660 (82)
2358 5589 2496 5643 Mss.
2531 5586 2705 5659 Angl.
2738 5587 2942 5657 referri
2964 5585 3107 5642 unde
3135 5585 3429 5658 deportati.

464 5655 574 5724 (67)
606 5656 742 5713 Mss.
777 5658 948 5731 Angl.
979 5660 1153 5731 primi
1177 5660 1551 5715 ascenderunt.
