  <div class='ocr_page' id='page_1' title='image "/cluster/home/n/w/nwhite01/storage/ocr_20150623/2/hvd.32044073501397/500.png"; bbox 0 0 4014 6226; ppageno 0'>
   <div class='ocr_carea' id='block_1_1' title="bbox 325 370 3721 438">
    <p class='ocr_par' dir='ltr' id='par_1_1' title="bbox 325 370 3721 438">
     <span class='ocr_line' id='line_1_1' title="bbox 325 370 3721 438; baseline -0.001 -2"><span class='ocrx_word' id='word_1_1' title='bbox 325 373 438 438; x_wconf 77' lang='lat'>985</span> <span class='ocrx_word' id='word_1_2' title='bbox 1415 377 1743 438; x_wconf 75' lang='lat' dir='ltr'>PASTOB.</span> <span class='ocrx_word' id='word_1_3' title='bbox 1783 407 1856 420; x_wconf 85' lang='lat'>-—</span> <span class='ocrx_word' id='word_1_4' title='bbox 1886 376 2036 438; x_wconf 89' lang='lat' dir='ltr'>LIB.</span> <span class='ocrx_word' id='word_1_5' title='bbox 2084 376 2191 438; x_wconf 89' lang='lat' dir='ltr'>IlI.</span> <span class='ocrx_word' id='word_1_6' title='bbox 2240 373 2476 438; x_wconf 81' lang='lat' dir='ltr'>SIMIL.</span> <span class='ocrx_word' id='word_1_7' title='bbox 2523 373 2621 437; x_wconf 88' lang='lat' dir='ltr'>IX.</span> <span class='ocrx_word' id='word_1_8' title='bbox 3598 370 3721 432; x_wconf 85' lang='lat'>986</span> 
     </span>
    </p>
   </div>
   <div class='ocr_carea' id='block_1_2' title="bbox 1862 509 2172 566">
    <p class='ocr_par' dir='ltr' id='par_1_2' title="bbox 1862 509 2172 566">
     <span class='ocr_line' id='line_1_2' title="bbox 1862 509 2172 566; baseline -0.01 0"><span class='ocrx_word' id='word_1_9' title='bbox 1862 509 2092 566; x_wconf 87' lang='lat' dir='ltr'><strong>CAPUT</strong></span> <span class='ocrx_word' id='word_1_10' title='bbox 2123 513 2172 563; x_wconf 88' lang='lat' dir='ltr'>V</span> 
     </span>
    </p>
   </div>
   <div class='ocr_carea' id='block_1_3' title="bbox 398 605 3714 678">
    <p class='ocr_par' dir='ltr' id='par_1_3' title="bbox 398 605 3714 678">
     <span class='ocr_line' id='line_1_3' title="bbox 398 605 3714 678; baseline -0 -17"><span class='ocrx_word' id='word_1_11' title='bbox 398 605 609 663; x_wconf 79' lang='lat' dir='ltr'>Eﬂ&#39;ecta</span> <span class='ocrx_word' id='word_1_12' title='bbox 639 611 729 664; x_wconf 84' lang='lat' dir='ltr'>est</span> <span class='ocrx_word' id='word_1_13' title='bbox 758 612 955 666; x_wconf 89' lang='lat' dir='ltr'>autem</span> <span class='ocrx_word' id='word_1_14' title='bbox 983 612 1280 667; x_wconf 80' lang='lat' dir='ltr'>structura</span> <span class='ocrx_word' id='word_1_15' title='bbox 1320 610 1420 666; x_wconf 92' lang='lat' dir='ltr'>illo</span> <span class='ocrx_word' id='word_1_16' title='bbox 1447 611 1576 678; x_wconf 87' lang='lat' dir='ltr'>die;</span> <span class='ocrx_word' id='word_1_17' title='bbox 1609 611 1708 667; x_wconf 91' lang='lat' dir='ltr'>sed</span> <span class='ocrx_word' id='word_1_18' title='bbox 1739 609 1919 666; x_wconf 90' lang='lat' dir='ltr'>turris</span> <span class='ocrx_word' id='word_1_19' title='bbox 1949 612 2358 665; x_wconf 89' lang='lat' dir='ltr'>consummata</span> <span class='ocrx_word' id='word_1_20' title='bbox 2389 624 2503 663; x_wconf 92' lang='lat' dir='ltr'>non</span> <span class='ocrx_word' id='word_1_21' title='bbox 2534 611 2660 676; x_wconf 83' lang='lat' dir='ltr'>est;</span> <span class='ocrx_word' id='word_1_22' title='bbox 2696 607 2957 662; x_wconf 86' lang='lat' dir='ltr'>futurum</span> <span class='ocrx_word' id='word_1_23' title='bbox 2989 607 3144 662; x_wconf 89' lang='lat' dir='ltr'>enim</span> <span class='ocrx_word' id='word_1_24' title='bbox 3194 609 3342 675; x_wconf 89' lang='lat' dir='ltr'>erat,</span> <span class='ocrx_word' id='word_1_25' title='bbox 3374 609 3438 661; x_wconf 90' lang='lat' dir='ltr'>ut</span> <span class='ocrx_word' id='word_1_26' title='bbox 3466 606 3714 662; x_wconf 74' lang='lat' dir='ltr'>aedifica-</span> 
     </span>
    </p>
   </div>
   <div class='ocr_carea' id='block_1_4' title="bbox 325 696 3724 772">
    <p class='ocr_par' dir='ltr' id='par_1_4' title="bbox 325 696 3724 772">
     <span class='ocr_line' id='line_1_4' title="bbox 325 696 3724 772; baseline -0 -21"><span class='ocrx_word' id='word_1_27' title='bbox 325 699 489 752; x_wconf 89' lang='lat' dir='ltr'>retur</span> <span class='ocrx_word' id='word_1_28' title='bbox 515 697 664 768; x_wconf 87' lang='lat'>(83);</span> <span class='ocrx_word' id='word_1_29' title='bbox 699 705 1004 769; x_wconf 82' lang='lat' dir='ltr'>propterea</span> <span class='ocrx_word' id='word_1_30' title='bbox 1033 701 1208 756; x_wconf 90' lang='lat' dir='ltr'>etiam</span> <span class='ocrx_word' id='word_1_31' title='bbox 1243 717 1397 756; x_wconf 91' lang='lat' dir='ltr'>nunc</span> <span class='ocrx_word' id='word_1_32' title='bbox 1429 706 1486 757; x_wconf 88' lang='lat' dir='ltr'>et</span> <span class='ocrx_word' id='word_1_33' title='bbox 1518 701 1783 772; x_wconf 65' lang='lat' dir='ltr'>quedam</span> <span class='ocrx_word' id='word_1_34' title='bbox 1817 699 2018 755; x_wconf 82' lang='lat' dir='ltr'>dilatio</span> <span class='ocrx_word' id='word_1_35' title='bbox 2053 699 2202 754; x_wconf 78' lang='lat' dir='ltr'>facta</span> <span class='ocrx_word' id='word_1_36' title='bbox 2232 702 2338 753; x_wconf 91' lang='lat' dir='ltr'>est.</span> <span class='ocrx_word' id='word_1_37' title='bbox 2372 699 2438 752; x_wconf 93' lang='lat' dir='ltr'>Et</span> <span class='ocrx_word' id='word_1_38' title='bbox 2460 699 2770 768; x_wconf 80' lang='lat' dir='ltr'>jusserunt</span> <span class='ocrx_word' id='word_1_39' title='bbox 2800 696 2882 751; x_wconf 89' lang='lat' dir='ltr'>illi</span> <span class='ocrx_word' id='word_1_40' title='bbox 2913 713 3031 763; x_wconf 85' lang='lat' dir='ltr'>sex,</span> <span class='ocrx_word' id='word_1_41' title='bbox 3065 713 3164 752; x_wconf 91' lang='lat' dir='ltr'>eos</span> <span class='ocrx_word' id='word_1_42' title='bbox 3213 697 3310 767; x_wconf 90' lang='lat' dir='ltr'>qui</span> <span class='ocrx_word' id='word_1_43' title='bbox 3354 697 3724 752; x_wconf 67' lang='lat' dir='ltr'>aediﬁcabant</span> 
     </span>
    </p>
   </div>
   <div class='ocr_carea' id='block_1_5' title="bbox 325 785 3725 862">
    <p class='ocr_par' dir='ltr' id='par_1_5' title="bbox 325 785 3725 862">
     <span class='ocr_line' id='line_1_5' title="bbox 325 785 3725 862; baseline 0 -22"><span class='ocrx_word' id='word_1_44' title='bbox 325 785 486 841; x_wconf 86' lang='lat' dir='ltr'>abire</span> <span class='ocrx_word' id='word_1_45' title='bbox 517 791 571 841; x_wconf 91' lang='lat' dir='ltr'>et</span> <span class='ocrx_word' id='word_1_46' title='bbox 590 786 762 841; x_wconf 91' lang='lat' dir='ltr'>veluti</span> <span class='ocrx_word' id='word_1_47' title='bbox 787 787 1127 859; x_wconf 82' lang='lat' dir='ltr'>aliquandiu</span> <span class='ocrx_word' id='word_1_48' title='bbox 1149 790 1445 862; x_wconf 84' lang='lat' dir='ltr'>quiescere</span> <span class='ocrx_word' id='word_1_49' title='bbox 1467 790 1579 861; x_wconf 84' lang='grc'>(84)</span> <span class='ocrx_word' id='word_1_50' title='bbox 1606 808 1618 857; x_wconf 84' lang='grc'>;</span> <span class='ocrx_word' id='word_1_51' title='bbox 1644 789 1761 844; x_wconf 91' lang='lat' dir='ltr'>illis</span> <span class='ocrx_word' id='word_1_52' title='bbox 1777 806 1908 845; x_wconf 92' lang='lat' dir='ltr'>vero</span> <span class='ocrx_word' id='word_1_53' title='bbox 1931 789 2258 860; x_wconf 83' lang='lat' dir='ltr'>virginibus</span> <span class='ocrx_word' id='word_1_54' title='bbox 2283 791 2699 858; x_wconf 63' lang='lat' dir='ltr'>praeceperunt,</span> <span class='ocrx_word' id='word_1_55' title='bbox 2726 803 2793 841; x_wconf 93' lang='lat' dir='ltr'>ne</span> <span class='ocrx_word' id='word_1_56' title='bbox 2817 804 2849 841; x_wconf 89' lang='lat' dir='ltr'>a</span> <span class='ocrx_word' id='word_1_57' title='bbox 2866 788 3011 841; x_wconf 91' lang='lat' dir='ltr'>turri</span> <span class='ocrx_word' id='word_1_58' title='bbox 3033 787 3397 842; x_wconf 80' lang='lat' dir='ltr'>discederent</span> <span class='ocrx_word' id='word_1_59' title='bbox 3419 787 3566 856; x_wconf 89' lang='lat'>(85):</span> <span class='ocrx_word' id='word_1_60' title='bbox 3599 803 3725 857; x_wconf 89' lang='lat' dir='ltr'>pro-</span> 
     </span>
    </p>
   </div>
   <div class='ocr_carea' id='block_1_6' title="bbox 323 876 3725 948">
    <p class='ocr_par' dir='ltr' id='par_1_6' title="bbox 323 876 3725 948">
     <span class='ocr_line' id='line_1_6' title="bbox 323 876 3725 948; baseline 0 -19"><span class='ocrx_word' id='word_1_61' title='bbox 323 880 523 946; x_wconf 90' lang='lat' dir='ltr'>pterea</span> <span class='ocrx_word' id='word_1_62' title='bbox 553 880 748 930; x_wconf 90' lang='lat' dir='ltr'>autem</span> <span class='ocrx_word' id='word_1_63' title='bbox 789 876 1137 932; x_wconf 85' lang='lat' dir='ltr'>videbantur</span> <span class='ocrx_word' id='word_1_64' title='bbox 1168 878 1307 934; x_wconf 92' lang='lat' dir='ltr'>mihi</span> <span class='ocrx_word' id='word_1_65' title='bbox 1334 879 1566 948; x_wconf 69' lang='lat' dir='ltr'>relictae,</span> <span class='ocrx_word' id='word_1_66' title='bbox 1592 884 1657 934; x_wconf 91' lang='lat' dir='ltr'>ut</span> <span class='ocrx_word' id='word_1_67' title='bbox 1680 879 2040 934; x_wconf 83' lang='lat' dir='ltr'>custodirent</span> <span class='ocrx_word' id='word_1_68' title='bbox 2061 877 2269 932; x_wconf 90' lang='lat' dir='ltr'>turrim</span> <span class='ocrx_word' id='word_1_69' title='bbox 2289 877 2469 931; x_wconf 86' lang='lat' dir='ltr'>illam.</span> <span class='ocrx_word' id='word_1_70' title='bbox 2496 877 2811 948; x_wconf 85' lang='lat' dir='ltr'>Postquam</span> <span class='ocrx_word' id='word_1_71' title='bbox 2836 882 3028 930; x_wconf 89' lang='lat' dir='ltr'>autem</span> <span class='ocrx_word' id='word_1_72' title='bbox 3053 881 3436 939; x_wconf 83' lang='lat' dir='ltr'>recesserunt,</span> <span class='ocrx_word' id='word_1_73' title='bbox 3462 876 3589 930; x_wconf 85' lang='lat' dir='ltr'>dico</span> <span class='ocrx_word' id='word_1_74' title='bbox 3613 876 3725 946; x_wconf 93' lang='lat'>(86)</span> 
     </span>
    </p>
   </div>
   <div class='ocr_carea' id='block_1_7' title="bbox 323 963 3723 1039">
    <p class='ocr_par' dir='ltr' id='par_1_7' title="bbox 323 963 3723 1039">
     <span class='ocr_line' id='line_1_7' title="bbox 323 963 3723 1039; baseline -0.001 -19"><span class='ocrx_word' id='word_1_75' title='bbox 323 963 396 1020; x_wconf 85' lang='lat' dir='ltr'>ad</span> <span class='ocrx_word' id='word_1_76' title='bbox 431 969 720 1035; x_wconf 86' lang='lat' dir='ltr'>pastorem</span> <span class='ocrx_word' id='word_1_77' title='bbox 741 965 907 1020; x_wconf 91' lang='lat' dir='ltr'>illum</span> <span class='ocrx_word' id='word_1_78' title='bbox 937 985 948 1022; x_wconf 89' lang='lat'>:</span> <span class='ocrx_word' id='word_1_79' title='bbox 976 969 1182 1034; x_wconf 86' lang='lat' dir='ltr'>Quare,</span> <span class='ocrx_word' id='word_1_80' title='bbox 1209 969 1464 1038; x_wconf 89' lang='lat' dir='ltr'>domine,</span> <span class='ocrx_word' id='word_1_81' title='bbox 1491 985 1604 1022; x_wconf 93' lang='lat' dir='ltr'>non</span> <span class='ocrx_word' id='word_1_82' title='bbox 1637 974 1725 1023; x_wconf 91' lang='lat' dir='ltr'>est</span> <span class='ocrx_word' id='word_1_83' title='bbox 1757 973 1987 1039; x_wconf 87' lang='lat' dir='ltr'>peracta</span> <span class='ocrx_word' id='word_1_84' title='bbox 2008 967 2309 1021; x_wconf 71' lang='lat' dir='ltr'>aedificatio</span> <span class='ocrx_word' id='word_1_85' title='bbox 2335 965 2514 1020; x_wconf 87' lang='lat' dir='ltr'>turris</span> <span class='ocrx_word' id='word_1_86' title='bbox 2533 965 2560 1018; x_wconf 86' lang='lat'><strong><em>?</em></strong></span> <span class='ocrx_word' id='word_1_87' title='bbox 2591 966 2712 1020; x_wconf 88' lang='lat' dir='ltr'>Non</span> <span class='ocrx_word' id='word_1_88' title='bbox 2735 965 2913 1032; x_wconf 90' lang='lat' dir='ltr'>enim,</span> <span class='ocrx_word' id='word_1_89' title='bbox 2935 964 3146 1035; x_wconf 91' lang='lat' dir='ltr'>inquit,</span> <span class='ocrx_word' id='word_1_90' title='bbox 3172 969 3303 1019; x_wconf 87' lang='lat' dir='ltr'>ante</span> <span class='ocrx_word' id='word_1_91' title='bbox 3325 965 3723 1019; x_wconf 88' lang='lat' dir='ltr'>consummari</span> 
     </span>
    </p>
   </div>
   <div class='ocr_carea' id='block_1_8' title="bbox 321 1053 3722 1128">
    <p class='ocr_par' dir='ltr' id='par_1_8' title="bbox 321 1053 3722 1128">
     <span class='ocr_line' id='line_1_8' title="bbox 321 1053 3722 1128; baseline 0.001 -22"><span class='ocrx_word' id='word_1_92' title='bbox 321 1058 535 1125; x_wconf 88' lang='lat' dir='ltr'>potest,</span> <span class='ocrx_word' id='word_1_93' title='bbox 566 1071 742 1124; x_wconf 87' lang='lat' dir='ltr'>quam</span> <span class='ocrx_word' id='word_1_94' title='bbox 775 1056 970 1111; x_wconf 89' lang='lat' dir='ltr'>veniat</span> <span class='ocrx_word' id='word_1_95' title='bbox 1000 1057 1276 1112; x_wconf 77' lang='lat' dir='ltr'>dominus</span> <span class='ocrx_word' id='word_1_96' title='bbox 1307 1059 1456 1128; x_wconf 84' lang='lat' dir='ltr'>ejus,</span> <span class='ocrx_word' id='word_1_97' title='bbox 1491 1063 1546 1112; x_wconf 91' lang='lat' dir='ltr'>et</span> <span class='ocrx_word' id='word_1_98' title='bbox 1578 1063 1932 1112; x_wconf 84' lang='lat' dir='ltr'>structuram</span> <span class='ocrx_word' id='word_1_99' title='bbox 1971 1057 2116 1110; x_wconf 85' lang='lat' dir='ltr'>hanc</span> <span class='ocrx_word' id='word_1_100' title='bbox 2149 1056 2387 1126; x_wconf 89' lang='lat' dir='ltr'>probet;</span> <span class='ocrx_word' id='word_1_101' title='bbox 2422 1059 2486 1109; x_wconf 90' lang='lat' dir='ltr'>ut</span> <span class='ocrx_word' id='word_1_102' title='bbox 2511 1055 2558 1109; x_wconf 88' lang='lat' dir='ltr'>si</span> <span class='ocrx_word' id='word_1_103' title='bbox 2593 1072 2738 1125; x_wconf 89' lang='lat' dir='ltr'>quos</span> <span class='ocrx_word' id='word_1_104' title='bbox 2772 1054 2991 1126; x_wconf 86' lang='lat' dir='ltr'>lapides</span> <span class='ocrx_word' id='word_1_105' title='bbox 3024 1071 3137 1108; x_wconf 92' lang='lat' dir='ltr'>non</span> <span class='ocrx_word' id='word_1_106' title='bbox 3171 1054 3353 1109; x_wconf 91' lang='lat' dir='ltr'>bonos</span> <span class='ocrx_word' id='word_1_107' title='bbox 3386 1055 3443 1108; x_wconf 89' lang='lat' dir='ltr'>in</span> <span class='ocrx_word' id='word_1_108' title='bbox 3470 1070 3537 1108; x_wconf 88' lang='lat' dir='ltr'>ea</span> <span class='ocrx_word' id='word_1_109' title='bbox 3559 1053 3722 1108; x_wconf 85' lang='lat' dir='ltr'>inve—</span> 
     </span>
    </p>
   </div>
   <div class='ocr_carea' id='block_1_9' title="bbox 325 1143 3717 1217">
    <p class='ocr_par' dir='ltr' id='par_1_9' title="bbox 325 1143 3717 1217">
     <span class='ocr_line' id='line_1_9' title="bbox 325 1143 3717 1217; baseline -0 -20"><span class='ocrx_word' id='word_1_110' title='bbox 325 1143 494 1206; x_wconf 89' lang='lat' dir='ltr'>nerit,</span> <span class='ocrx_word' id='word_1_111' title='bbox 529 1149 870 1198; x_wconf 88' lang='lat' dir='ltr'>mutentur:</span> <span class='ocrx_word' id='word_1_112' title='bbox 903 1147 974 1200; x_wconf 91' lang='lat' dir='ltr'>ad</span> <span class='ocrx_word' id='word_1_113' title='bbox 1008 1145 1366 1201; x_wconf 87' lang='lat' dir='ltr'>voluntatem</span> <span class='ocrx_word' id='word_1_114' title='bbox 1399 1147 1556 1201; x_wconf 90' lang='lat' dir='ltr'>enim</span> <span class='ocrx_word' id='word_1_115' title='bbox 1587 1148 1714 1217; x_wconf 83' lang='lat' dir='ltr'>ejus</span> <span class='ocrx_word' id='word_1_116' title='bbox 1757 1146 2079 1200; x_wconf 70' lang='lat' dir='ltr'>aediﬁcatur</span> <span class='ocrx_word' id='word_1_117' title='bbox 2109 1146 2220 1217; x_wconf 77' lang='lat'>(87)</span> <span class='ocrx_word' id='word_1_118' title='bbox 2254 1145 2374 1199; x_wconf 77' lang='lat' dir='ltr'>hzec</span> <span class='ocrx_word' id='word_1_119' title='bbox 2404 1146 2603 1199; x_wconf 90' lang='lat' dir='ltr'>turris.</span> <span class='ocrx_word' id='word_1_120' title='bbox 2639 1143 2878 1211; x_wconf 88' lang='lat' dir='ltr'>Vellem,</span> <span class='ocrx_word' id='word_1_121' title='bbox 2933 1143 3198 1214; x_wconf 90' lang='lat' dir='ltr'>inquam,</span> <span class='ocrx_word' id='word_1_122' title='bbox 3254 1148 3514 1207; x_wconf 86' lang='lat' dir='ltr'>Domine,</span> <span class='ocrx_word' id='word_1_123' title='bbox 3549 1143 3717 1208; x_wconf 91' lang='lat' dir='ltr'>scire,</span> 
     </span>
    </p>
   </div>
   <div class='ocr_carea' id='block_1_10' title="bbox 326 1231 3725 1306">
    <p class='ocr_par' dir='ltr' id='par_1_10' title="bbox 326 1231 3725 1306">
     <span class='ocr_line' id='line_1_10' title="bbox 326 1231 3725 1306; baseline 0 -21"><span class='ocrx_word' id='word_1_124' title='bbox 326 1231 462 1303; x_wconf 91' lang='lat' dir='ltr'>quid</span> <span class='ocrx_word' id='word_1_125' title='bbox 495 1232 785 1302; x_wconf 86' lang='lat' dir='ltr'>significet</span> <span class='ocrx_word' id='word_1_126' title='bbox 805 1233 1104 1289; x_wconf 71' lang='lat' dir='ltr'>aadiﬁcatio</span> <span class='ocrx_word' id='word_1_127' title='bbox 1128 1235 1305 1290; x_wconf 90' lang='lat' dir='ltr'>turris</span> <span class='ocrx_word' id='word_1_128' title='bbox 1336 1236 1532 1305; x_wconf 86' lang='lat' dir='ltr'>hujus,</span> <span class='ocrx_word' id='word_1_129' title='bbox 1567 1240 1624 1290; x_wconf 91' lang='lat' dir='ltr'>et</span> <span class='ocrx_word' id='word_1_130' title='bbox 1654 1236 1723 1289; x_wconf 91' lang='lat' dir='ltr'>de</span> <span class='ocrx_word' id='word_1_131' title='bbox 1757 1236 1863 1289; x_wconf 89' lang='lat' dir='ltr'>hac</span> <span class='ocrx_word' id='word_1_132' title='bbox 1895 1240 2078 1306; x_wconf 87' lang='lat' dir='ltr'>petra,</span> <span class='ocrx_word' id='word_1_133' title='bbox 2113 1238 2168 1288; x_wconf 88' lang='lat' dir='ltr'>et</span> <span class='ocrx_word' id='word_1_134' title='bbox 2197 1235 2266 1288; x_wconf 90' lang='lat' dir='ltr'>de</span> <span class='ocrx_word' id='word_1_135' title='bbox 2297 1234 2403 1288; x_wconf 89' lang='lat' dir='ltr'>hac</span> <span class='ocrx_word' id='word_1_136' title='bbox 2433 1239 2596 1305; x_wconf 88' lang='lat' dir='ltr'>porta</span> <span class='ocrx_word' id='word_1_137' title='bbox 2622 1248 2987 1304; x_wconf 84' lang='lat' dir='ltr'>cognoscere,</span> <span class='ocrx_word' id='word_1_138' title='bbox 3021 1237 3076 1287; x_wconf 92' lang='lat' dir='ltr'>et</span> <span class='ocrx_word' id='word_1_139' title='bbox 3105 1233 3174 1286; x_wconf 91' lang='lat' dir='ltr'>de</span> <span class='ocrx_word' id='word_1_140' title='bbox 3215 1231 3534 1297; x_wconf 85' lang='lat' dir='ltr'>montibus,</span> <span class='ocrx_word' id='word_1_141' title='bbox 3568 1236 3624 1286; x_wconf 91' lang='lat' dir='ltr'>et</span> <span class='ocrx_word' id='word_1_142' title='bbox 3655 1232 3725 1286; x_wconf 87' lang='lat' dir='ltr'>de</span> 
     </span>
    </p>
   </div>
   <div class='ocr_carea' id='block_1_11' title="bbox 324 1319 3726 1395">
    <p class='ocr_par' dir='ltr' id='par_1_11' title="bbox 324 1319 3726 1395">
     <span class='ocr_line' id='line_1_11' title="bbox 324 1319 3726 1395; baseline 0 -21"><span class='ocrx_word' id='word_1_143' title='bbox 324 1319 667 1392; x_wconf 85' lang='lat' dir='ltr'>virginibus,</span> <span class='ocrx_word' id='word_1_144' title='bbox 700 1325 756 1376; x_wconf 89' lang='lat' dir='ltr'>et</span> <span class='ocrx_word' id='word_1_145' title='bbox 788 1323 857 1377; x_wconf 92' lang='lat' dir='ltr'>de</span> <span class='ocrx_word' id='word_1_146' title='bbox 883 1321 1180 1395; x_wconf 90' lang='lat' dir='ltr'>lapidibus</span> <span class='ocrx_word' id='word_1_147' title='bbox 1215 1324 1314 1395; x_wconf 86' lang='lat' dir='ltr'>qui</span> <span class='ocrx_word' id='word_1_148' title='bbox 1347 1325 1583 1379; x_wconf 84' lang='lat' dir='ltr'>extracti</span> <span class='ocrx_word' id='word_1_149' title='bbox 1609 1331 1748 1379; x_wconf 89' lang='lat' dir='ltr'>sunt</span> <span class='ocrx_word' id='word_1_150' title='bbox 1771 1325 1882 1395; x_wconf 61' lang='lat'>(88)</span> <span class='ocrx_word' id='word_1_151' title='bbox 1916 1325 1985 1378; x_wconf 91' lang='lat' dir='ltr'>de</span> <span class='ocrx_word' id='word_1_152' title='bbox 2018 1324 2326 1394; x_wconf 85' lang='lat' dir='ltr'>profundo,</span> <span class='ocrx_word' id='word_1_153' title='bbox 2353 1340 2456 1378; x_wconf 90' lang='lat' dir='ltr'>nec</span> <span class='ocrx_word' id='word_1_154' title='bbox 2483 1322 2809 1378; x_wconf 87' lang='lat' dir='ltr'>circumcisi</span> <span class='ocrx_word' id='word_1_155' title='bbox 2831 1327 2988 1387; x_wconf 89' lang='lat' dir='ltr'>sunt,</span> <span class='ocrx_word' id='word_1_156' title='bbox 3018 1322 3116 1376; x_wconf 90' lang='lat' dir='ltr'>sed</span> <span class='ocrx_word' id='word_1_157' title='bbox 3141 1322 3293 1376; x_wconf 89' lang='lat' dir='ltr'>sicut</span> <span class='ocrx_word' id='word_1_158' title='bbox 3313 1323 3726 1390; x_wconf 89' lang='lat' dir='ltr'>ascenderunt,</span> 
     </span>
    </p>
   </div>
   <div class='ocr_carea' id='block_1_12' title="bbox 323 1408 3726 1485">
    <p class='ocr_par' dir='ltr' id='par_1_12' title="bbox 323 1408 3726 1485">
     <span class='ocr_line' id='line_1_12' title="bbox 323 1408 3726 1485; baseline 0.001 -21"><span class='ocrx_word' id='word_1_159' title='bbox 323 1408 408 1464; x_wconf 86' lang='lat' dir='ltr'>sic</span> <span class='ocrx_word' id='word_1_160' title='bbox 441 1408 606 1463; x_wconf 88' lang='lat' dir='ltr'>missi</span> <span class='ocrx_word' id='word_1_161' title='bbox 639 1415 777 1464; x_wconf 88' lang='lat' dir='ltr'>sunt</span> <span class='ocrx_word' id='word_1_162' title='bbox 806 1411 918 1481; x_wconf 89' lang='lat'>(89)</span> <span class='ocrx_word' id='word_1_163' title='bbox 950 1412 1009 1465; x_wconf 89' lang='lat' dir='ltr'>in</span> <span class='ocrx_word' id='word_1_164' title='bbox 1048 1417 1406 1468; x_wconf 85' lang='lat' dir='ltr'>structuram</span> <span class='ocrx_word' id='word_1_165' title='bbox 1432 1431 1444 1480; x_wconf 90' lang='lat'>;</span> <span class='ocrx_word' id='word_1_166' title='bbox 1473 1418 1529 1467; x_wconf 93' lang='lat' dir='ltr'>et</span> <span class='ocrx_word' id='word_1_167' title='bbox 1551 1430 1730 1484; x_wconf 89' lang='lat' dir='ltr'>quare</span> <span class='ocrx_word' id='word_1_168' title='bbox 1753 1413 2008 1485; x_wconf 89' lang='lat' dir='ltr'>primum</span> <span class='ocrx_word' id='word_1_169' title='bbox 2031 1413 2250 1483; x_wconf 88' lang='lat' dir='ltr'>lapides</span> <span class='ocrx_word' id='word_1_170' title='bbox 2272 1414 2471 1468; x_wconf 90' lang='lat' dir='ltr'>decem</span> <span class='ocrx_word' id='word_1_171' title='bbox 2496 1413 2550 1465; x_wconf 92' lang='lat' dir='ltr'>in</span> <span class='ocrx_word' id='word_1_172' title='bbox 2571 1413 2950 1467; x_wconf 85' lang='lat' dir='ltr'>fundamento</span> <span class='ocrx_word' id='word_1_173' title='bbox 2972 1411 3176 1466; x_wconf 88' lang='lat' dir='ltr'>structi</span> <span class='ocrx_word' id='word_1_174' title='bbox 3200 1415 3339 1465; x_wconf 89' lang='lat' dir='ltr'>sunt</span> <span class='ocrx_word' id='word_1_175' title='bbox 3359 1411 3492 1478; x_wconf 87' lang='grc'>(90),</span> <span class='ocrx_word' id='word_1_176' title='bbox 3518 1410 3726 1466; x_wconf 90' lang='lat' dir='ltr'>deinde</span> 
     </span>
    </p>
   </div>
   <div class='ocr_carea' id='block_1_13' title="bbox 321 1497 3725 1574">
    <p class='ocr_par' dir='ltr' id='par_1_13' title="bbox 321 1497 3725 1574">
     <span class='ocr_line' id='line_1_13' title="bbox 321 1497 3725 1574; baseline 0.001 -24"><span class='ocrx_word' id='word_1_177' title='bbox 321 1497 528 1568; x_wconf 89' lang='lat' dir='ltr'>viginti</span> <span class='ocrx_word' id='word_1_178' title='bbox 562 1499 844 1570; x_wconf 92' lang='lat' dir='ltr'>quinque,</span> <span class='ocrx_word' id='word_1_179' title='bbox 879 1500 1088 1556; x_wconf 91' lang='lat' dir='ltr'>deinde</span> <span class='ocrx_word' id='word_1_180' title='bbox 1115 1503 1354 1573; x_wconf 90' lang='lat' dir='ltr'>triginta</span> <span class='ocrx_word' id='word_1_181' title='bbox 1383 1503 1664 1573; x_wconf 90' lang='lat' dir='ltr'>quinque,</span> <span class='ocrx_word' id='word_1_182' title='bbox 1699 1503 1905 1558; x_wconf 90' lang='lat' dir='ltr'>deinde</span> <span class='ocrx_word' id='word_1_183' title='bbox 1936 1502 2363 1574; x_wconf 84' lang='lat' dir='ltr'>quadraginta:</span> <span class='ocrx_word' id='word_1_184' title='bbox 2399 1501 2536 1556; x_wconf 89' lang='lat' dir='ltr'>item</span> <span class='ocrx_word' id='word_1_185' title='bbox 2570 1503 2640 1556; x_wconf 93' lang='lat' dir='ltr'>de</span> <span class='ocrx_word' id='word_1_186' title='bbox 2672 1501 2787 1555; x_wconf 88' lang='lat' dir='ltr'>illis</span> <span class='ocrx_word' id='word_1_187' title='bbox 2819 1501 3114 1572; x_wconf 89' lang='lat' dir='ltr'>lapidibus</span> <span class='ocrx_word' id='word_1_188' title='bbox 3146 1500 3243 1571; x_wconf 91' lang='lat' dir='ltr'>qui</span> <span class='ocrx_word' id='word_1_189' title='bbox 3275 1500 3447 1570; x_wconf 88' lang='lat' dir='ltr'>positi</span> <span class='ocrx_word' id='word_1_190' title='bbox 3499 1504 3637 1554; x_wconf 88' lang='lat' dir='ltr'>sunt</span> <span class='ocrx_word' id='word_1_191' title='bbox 3666 1499 3725 1554; x_wconf 89' lang='lat' dir='ltr'>in</span> 
     </span>
    </p>
   </div>
   <div class='ocr_carea' id='block_1_14' title="bbox 323 1587 3726 1663">
    <p class='ocr_par' dir='ltr' id='par_1_14' title="bbox 323 1587 3726 1663">
     <span class='ocr_line' id='line_1_14' title="bbox 323 1587 3726 1663; baseline 0.001 -23"><span class='ocrx_word' id='word_1_192' title='bbox 323 1589 704 1658; x_wconf 87' lang='lat' dir='ltr'>structuram,</span> <span class='ocrx_word' id='word_1_193' title='bbox 730 1589 1062 1661; x_wconf 85' lang='lat' dir='ltr'>iterumque</span> <span class='ocrx_word' id='word_1_194' title='bbox 1094 1590 1333 1658; x_wconf 86' lang='lat' dir='ltr'>sublati,</span> <span class='ocrx_word' id='word_1_195' title='bbox 1368 1597 1425 1646; x_wconf 91' lang='lat' dir='ltr'>et</span> <span class='ocrx_word' id='word_1_196' title='bbox 1455 1593 1510 1645; x_wconf 89' lang='lat' dir='ltr'>in</span> <span class='ocrx_word' id='word_1_197' title='bbox 1542 1591 1733 1646; x_wconf 90' lang='lat' dir='ltr'>locum</span> <span class='ocrx_word' id='word_1_198' title='bbox 1758 1609 1930 1647; x_wconf 89' lang='lat' dir='ltr'>suum</span> <span class='ocrx_word' id='word_1_199' title='bbox 1951 1592 2064 1663; x_wconf 92' lang='grc'>(91)</span> <span class='ocrx_word' id='word_1_200' title='bbox 2096 1591 2282 1646; x_wconf 88' lang='lat' dir='ltr'>relati.</span> <span class='ocrx_word' id='word_1_201' title='bbox 2318 1591 2395 1645; x_wconf 92' lang='lat' dir='ltr'>De</span> <span class='ocrx_word' id='word_1_202' title='bbox 2427 1591 2702 1645; x_wconf 90' lang='lat' dir='ltr'>omnibus</span> <span class='ocrx_word' id='word_1_203' title='bbox 2725 1589 2835 1658; x_wconf 88' lang='lat' dir='ltr'>his,</span> <span class='ocrx_word' id='word_1_204' title='bbox 2861 1589 3115 1656; x_wconf 92' lang='lat' dir='ltr'>domine,</span> <span class='ocrx_word' id='word_1_205' title='bbox 3140 1589 3492 1643; x_wconf 88' lang='lat' dir='ltr'>desiderium</span> <span class='ocrx_word' id='word_1_206' title='bbox 3520 1587 3726 1643; x_wconf 66' lang='lat' dir='ltr'>anima:</span> 
     </span>
    </p>
   </div>
   <div class='ocr_carea' id='block_1_15' title="bbox 324 1675 3724 1750">
    <p class='ocr_par' dir='ltr' id='par_1_15' title="bbox 324 1675 3724 1750">
     <span class='ocr_line' id='line_1_15' title="bbox 324 1675 3724 1750; baseline 0.001 -21"><span class='ocrx_word' id='word_1_207' title='bbox 324 1690 466 1729; x_wconf 71' lang='lat' dir='ltr'>meae</span> <span class='ocrx_word' id='word_1_208' title='bbox 499 1675 747 1748; x_wconf 90' lang='lat' dir='ltr'>comple,</span> <span class='ocrx_word' id='word_1_209' title='bbox 785 1681 841 1732; x_wconf 93' lang='lat' dir='ltr'>et</span> <span class='ocrx_word' id='word_1_210' title='bbox 873 1679 1069 1733; x_wconf 90' lang='lat' dir='ltr'>omnia</span> <span class='ocrx_word' id='word_1_211' title='bbox 1099 1680 1243 1734; x_wconf 91' lang='lat' dir='ltr'>mihi</span> <span class='ocrx_word' id='word_1_212' title='bbox 1277 1680 1633 1735; x_wconf 88' lang='lat' dir='ltr'>demonstra.</span> <span class='ocrx_word' id='word_1_213' title='bbox 1668 1681 1736 1735; x_wconf 87' lang='lat' dir='ltr'>Et</span> <span class='ocrx_word' id='word_1_214' title='bbox 1764 1681 1910 1735; x_wconf 88' lang='lat' dir='ltr'>dixit</span> <span class='ocrx_word' id='word_1_215' title='bbox 1939 1680 2121 1735; x_wconf 91' lang='lat' dir='ltr'>mihi:</span> <span class='ocrx_word' id='word_1_216' title='bbox 2158 1681 2216 1735; x_wconf 91' lang='lat' dir='ltr'>Si</span> <span class='ocrx_word' id='word_1_217' title='bbox 2245 1681 2465 1734; x_wconf 88' lang='lat' dir='ltr'>arduus</span> <span class='ocrx_word' id='word_1_218' title='bbox 2499 1680 2611 1750; x_wconf 87' lang='lat'>(92)</span> <span class='ocrx_word' id='word_1_219' title='bbox 2641 1696 2755 1733; x_wconf 90' lang='lat' dir='ltr'>non</span> <span class='ocrx_word' id='word_1_220' title='bbox 2788 1679 2990 1745; x_wconf 86' lang='lat' dir='ltr'>fueris,</span> <span class='ocrx_word' id='word_1_221' title='bbox 3024 1679 3222 1733; x_wconf 89' lang='lat' dir='ltr'>omnia</span> <span class='ocrx_word' id='word_1_222' title='bbox 3250 1694 3567 1750; x_wconf 85' lang='lat' dir='ltr'>cognosces</span> <span class='ocrx_word' id='word_1_223' title='bbox 3593 1679 3724 1748; x_wconf 88' lang='lat'>(93),</span> 
     </span>
    </p>
   </div>
   <div class='ocr_carea' id='block_1_16' title="bbox 326 1764 3728 1840">
    <p class='ocr_par' dir='ltr' id='par_1_16' title="bbox 326 1764 3728 1840">
     <span class='ocr_line' id='line_1_16' title="bbox 326 1764 3728 1840; baseline 0.001 -20"><span class='ocrx_word' id='word_1_224' title='bbox 326 1768 384 1820; x_wconf 78' lang='lat' dir='ltr'>st</span> <span class='ocrx_word' id='word_1_225' title='bbox 414 1764 640 1820; x_wconf 87' lang='lat' dir='ltr'>videbis</span> <span class='ocrx_word' id='word_1_226' title='bbox 666 1764 890 1837; x_wconf 91' lang='lat' dir='ltr'>reliqua</span> <span class='ocrx_word' id='word_1_227' title='bbox 923 1783 1051 1836; x_wconf 67' lang='lat' dir='ltr'>quas</span> <span class='ocrx_word' id='word_1_228' title='bbox 1085 1767 1286 1824; x_wconf 83' lang='lat' dir='ltr'>futura</span> <span class='ocrx_word' id='word_1_229' title='bbox 1314 1773 1455 1823; x_wconf 90' lang='lat' dir='ltr'>sunt</span> <span class='ocrx_word' id='word_1_230' title='bbox 1483 1769 1620 1824; x_wconf 86' lang='lat' dir='ltr'>huic</span> <span class='ocrx_word' id='word_1_231' title='bbox 1651 1770 1798 1824; x_wconf 91' lang='lat' dir='ltr'>turri</span> <span class='ocrx_word' id='word_1_232' title='bbox 1832 1795 1846 1837; x_wconf 85' lang='lat'><strong>;</strong></span> <span class='ocrx_word' id='word_1_233' title='bbox 1879 1775 1935 1825; x_wconf 91' lang='lat' dir='ltr'>et</span> <span class='ocrx_word' id='word_1_234' title='bbox 1963 1786 2166 1825; x_wconf 89' lang='lat' dir='ltr'>omnes</span> <span class='ocrx_word' id='word_1_235' title='bbox 2198 1768 2614 1824; x_wconf 90' lang='lat' dir='ltr'>similitudines</span> <span class='ocrx_word' id='word_1_236' title='bbox 2645 1767 2956 1840; x_wconf 87' lang='lat' dir='ltr'>diligenter</span> <span class='ocrx_word' id='word_1_237' title='bbox 3003 1783 3306 1839; x_wconf 88' lang='lat' dir='ltr'>cognoces.</span> <span class='ocrx_word' id='word_1_238' title='bbox 3364 1767 3434 1822; x_wconf 91' lang='lat' dir='ltr'>Et</span> <span class='ocrx_word' id='word_1_239' title='bbox 3460 1767 3728 1822; x_wconf 87' lang='lat' dir='ltr'>venimus</span> 
     </span>
    </p>
   </div>
   <div class='ocr_carea' id='block_1_17' title="bbox 324 1854 3725 1929">
    <p class='ocr_par' dir='ltr' id='par_1_17' title="bbox 324 1854 3725 1929">
     <span class='ocr_line' id='line_1_17' title="bbox 324 1854 3725 1929; baseline 0.001 -21"><span class='ocrx_word' id='word_1_240' title='bbox 324 1859 456 1925; x_wconf 91' lang='lat' dir='ltr'>post</span> <span class='ocrx_word' id='word_1_241' title='bbox 486 1854 609 1909; x_wconf 91' lang='lat' dir='ltr'>dies</span> <span class='ocrx_word' id='word_1_242' title='bbox 641 1871 859 1926; x_wconf 90' lang='lat' dir='ltr'>paucos</span> <span class='ocrx_word' id='word_1_243' title='bbox 890 1855 950 1910; x_wconf 89' lang='lat' dir='ltr'>in</span> <span class='ocrx_word' id='word_1_244' title='bbox 982 1858 1255 1912; x_wconf 90' lang='lat' dir='ltr'>eumdem</span> <span class='ocrx_word' id='word_1_245' title='bbox 1287 1857 1503 1929; x_wconf 89' lang='lat' dir='ltr'>locum,</span> <span class='ocrx_word' id='word_1_246' title='bbox 1537 1858 1636 1913; x_wconf 90' lang='lat' dir='ltr'>ubi</span> <span class='ocrx_word' id='word_1_247' title='bbox 1669 1859 2031 1924; x_wconf 79' lang='lat' dir='ltr'>sederemus,</span> <span class='ocrx_word' id='word_1_248' title='bbox 2065 1864 2122 1914; x_wconf 89' lang='lat' dir='ltr'>et</span> <span class='ocrx_word' id='word_1_249' title='bbox 2151 1858 2296 1912; x_wconf 82' lang='lat' dir='ltr'>dixit</span> <span class='ocrx_word' id='word_1_250' title='bbox 2346 1857 2487 1912; x_wconf 88' lang='lat' dir='ltr'>mihi</span> <span class='ocrx_word' id='word_1_251' title='bbox 2517 1874 2529 1912; x_wconf 91' lang='lat'>:</span> <span class='ocrx_word' id='word_1_252' title='bbox 2575 1856 2982 1911; x_wconf 90' lang='lat' dir='ltr'>Perveniamus</span> <span class='ocrx_word' id='word_1_253' title='bbox 3032 1857 3103 1911; x_wconf 89' lang='lat' dir='ltr'>ad</span> <span class='ocrx_word' id='word_1_254' title='bbox 3154 1857 3364 1911; x_wconf 91' lang='lat' dir='ltr'>turrim</span> <span class='ocrx_word' id='word_1_255' title='bbox 3393 1873 3405 1910; x_wconf 75' lang='grc' dir='ltr'>ε</span> <span class='ocrx_word' id='word_1_256' title='bbox 3444 1855 3725 1912; x_wconf 86' lang='lat' dir='ltr'>Dominus</span> 
     </span>
    </p>
   </div>
   <div class='ocr_carea' id='block_1_18' title="bbox 319 1943 3730 2020">
    <p class='ocr_par' dir='ltr' id='par_1_18' title="bbox 319 1943 3730 2020">
     <span class='ocr_line' id='line_1_18' title="bbox 319 1943 3730 2020; baseline 0 -22"><span class='ocrx_word' id='word_1_257' title='bbox 319 1943 476 1998; x_wconf 88' lang='lat' dir='ltr'>enim</span> <span class='ocrx_word' id='word_1_258' title='bbox 511 1944 641 2014; x_wconf 88' lang='lat' dir='ltr'>ejus</span> <span class='ocrx_word' id='word_1_259' title='bbox 665 1947 944 1999; x_wconf 89' lang='lat' dir='ltr'>venturus</span> <span class='ocrx_word' id='word_1_260' title='bbox 971 1948 1076 2012; x_wconf 89' lang='lat' dir='ltr'>est,</span> <span class='ocrx_word' id='word_1_261' title='bbox 1111 1950 1176 2000; x_wconf 91' lang='lat' dir='ltr'>ut</span> <span class='ocrx_word' id='word_1_262' title='bbox 1205 1946 1534 2002; x_wconf 87' lang='lat' dir='ltr'>consideret</span> <span class='ocrx_word' id='word_1_263' title='bbox 1562 1963 1712 2002; x_wconf 90' lang='lat' dir='ltr'>eam.</span> <span class='ocrx_word' id='word_1_264' title='bbox 1745 1947 2026 2003; x_wconf 88' lang='lat' dir='ltr'>Venimus</span> <span class='ocrx_word' id='word_1_265' title='bbox 2057 1948 2236 2020; x_wconf 90' lang='lat' dir='ltr'>igitur</span> <span class='ocrx_word' id='word_1_266' title='bbox 2266 1945 2424 2016; x_wconf 91' lang='lat' dir='ltr'>illuc,</span> <span class='ocrx_word' id='word_1_267' title='bbox 2458 1950 2513 2001; x_wconf 92' lang='lat' dir='ltr'>et</span> <span class='ocrx_word' id='word_1_268' title='bbox 2545 1945 2837 2000; x_wconf 88' lang='lat' dir='ltr'>neminem</span> <span class='ocrx_word' id='word_1_269' title='bbox 2869 1944 3050 2000; x_wconf 89' lang='lat' dir='ltr'>alium</span> <span class='ocrx_word' id='word_1_270' title='bbox 3084 1961 3261 2016; x_wconf 91' lang='lat' dir='ltr'>quam</span> <span class='ocrx_word' id='word_1_271' title='bbox 3315 1945 3569 2017; x_wconf 90' lang='lat' dir='ltr'>virgines</span> <span class='ocrx_word' id='word_1_272' title='bbox 3599 1944 3730 2000; x_wconf 89' lang='lat' dir='ltr'>illas</span> 
     </span>
    </p>
   </div>
   <div class='ocr_carea' id='block_1_19' title="bbox 320 2031 3731 2107">
    <p class='ocr_par' dir='ltr' id='par_1_19' title="bbox 320 2031 3731 2107">
     <span class='ocr_line' id='line_1_19' title="bbox 320 2031 3731 2107; baseline 0.001 -21"><span class='ocrx_word' id='word_1_273' title='bbox 320 2031 672 2088; x_wconf 89' lang='lat' dir='ltr'>invenimus.</span> <span class='ocrx_word' id='word_1_274' title='bbox 708 2032 778 2088; x_wconf 84' lang='lat' dir='ltr'>Et</span> <span class='ocrx_word' id='word_1_275' title='bbox 805 2034 1184 2106; x_wconf 87' lang='lat' dir='ltr'>interrogavit</span> <span class='ocrx_word' id='word_1_276' title='bbox 1213 2051 1334 2102; x_wconf 92' lang='lat' dir='ltr'>eas,</span> <span class='ocrx_word' id='word_1_277' title='bbox 1367 2053 1439 2090; x_wconf 89' lang='lat' dir='ltr'>an</span> <span class='ocrx_word' id='word_1_278' title='bbox 1477 2037 1763 2092; x_wconf 86' lang='lat' dir='ltr'>adfuisset</span> <span class='ocrx_word' id='word_1_279' title='bbox 1794 2037 1874 2093; x_wconf 90' lang='lat' dir='ltr'>ibi</span> <span class='ocrx_word' id='word_1_280' title='bbox 1903 2037 2183 2093; x_wconf 90' lang='lat' dir='ltr'>dominus</span> <span class='ocrx_word' id='word_1_281' title='bbox 2213 2036 2393 2091; x_wconf 90' lang='lat' dir='ltr'>turris</span> <span class='ocrx_word' id='word_1_282' title='bbox 2424 2034 2582 2090; x_wconf 89' lang='lat' dir='ltr'>illius</span> <span class='ocrx_word' id='word_1_283' title='bbox 2603 2036 2630 2089; x_wconf 70' lang='grc' dir='ltr'>ἲ)</span> <span class='ocrx_word' id='word_1_284' title='bbox 2677 2035 2743 2090; x_wconf 89' lang='lat' dir='ltr'>Et</span> <span class='ocrx_word' id='word_1_285' title='bbox 2791 2035 3240 2107; x_wconf 90' lang='lat' dir='ltr'>responderunt,</span> <span class='ocrx_word' id='word_1_286' title='bbox 3291 2033 3566 2090; x_wconf 89' lang='lat' dir='ltr'>continuo</span> <span class='ocrx_word' id='word_1_287' title='bbox 3597 2049 3731 2090; x_wconf 88' lang='lat' dir='ltr'>eum</span> 
     </span>
    </p>
   </div>
   <div class='ocr_carea' id='block_1_20' title="bbox 322 2120 1888 2193">
    <p class='ocr_par' dir='ltr' id='par_1_20' title="bbox 322 2120 1888 2193">
     <span class='ocr_line' id='line_1_20' title="bbox 322 2120 1888 2193; baseline 0.003 -18"><span class='ocrx_word' id='word_1_288' title='bbox 322 2120 665 2176; x_wconf 81' lang='lat' dir='ltr'>adfuturum</span> <span class='ocrx_word' id='word_1_289' title='bbox 696 2121 829 2193; x_wconf 80' lang='grc'>(94),</span> <span class='ocrx_word' id='word_1_290' title='bbox 864 2126 928 2177; x_wconf 91' lang='lat' dir='ltr'>ut</span> <span class='ocrx_word' id='word_1_291' title='bbox 957 2121 1284 2179; x_wconf 88' lang='lat' dir='ltr'>consideret</span> <span class='ocrx_word' id='word_1_292' title='bbox 1313 2128 1674 2180; x_wconf 90' lang='lat' dir='ltr'>structuram</span> <span class='ocrx_word' id='word_1_293' title='bbox 1706 2124 1888 2180; x_wconf 91' lang='lat' dir='ltr'>illam.</span> 
     </span>
    </p>
   </div>
   <div class='ocr_carea' id='block_1_21' title="bbox 1848 2258 2192 2314">
    <p class='ocr_par' dir='ltr' id='par_1_21' title="bbox 1848 2258 2192 2314">
     <span class='ocr_line' id='line_1_21' title="bbox 1848 2258 2192 2314; baseline -0.009 0"><span class='ocrx_word' id='word_1_294' title='bbox 1848 2258 2075 2314; x_wconf 89' lang='lat' dir='ltr'>CAPUT</span> <span class='ocrx_word' id='word_1_295' title='bbox 2099 2260 2192 2312; x_wconf 88' lang='lat' dir='ltr'>Vl.</span> 
     </span>
    </p>
   </div>
   <div class='ocr_carea' id='block_1_22' title="bbox 395 2351 3726 2429">
    <p class='ocr_par' dir='ltr' id='par_1_22' title="bbox 395 2351 3726 2429">
     <span class='ocr_line' id='line_1_22' title="bbox 395 2351 3726 2429; baseline 0.003 -26"><span class='ocrx_word' id='word_1_296' title='bbox 395 2353 533 2406; x_wconf 87' lang='lat' dir='ltr'>Post</span> <span class='ocrx_word' id='word_1_297' title='bbox 568 2351 852 2422; x_wconf 90' lang='lat' dir='ltr'>pusillum</span> <span class='ocrx_word' id='word_1_298' title='bbox 882 2369 1018 2408; x_wconf 91' lang='lat' dir='ltr'>vero</span> <span class='ocrx_word' id='word_1_299' title='bbox 1050 2355 1218 2410; x_wconf 92' lang='lat' dir='ltr'>video</span> <span class='ocrx_word' id='word_1_300' title='bbox 1249 2355 1690 2412; x_wconf 90' lang='lat' dir='ltr'>multitudinem</span> <span class='ocrx_word' id='word_1_301' title='bbox 1720 2357 1978 2412; x_wconf 90' lang='lat' dir='ltr'>virorum</span> <span class='ocrx_word' id='word_1_302' title='bbox 2012 2373 2287 2429; x_wconf 90' lang='lat' dir='ltr'>magnam</span> <span class='ocrx_word' id='word_1_303' title='bbox 2313 2356 2662 2418; x_wconf 74' lang='lat' dir='ltr'>venientem.</span> <span class='ocrx_word' id='word_1_304' title='bbox 2695 2359 2750 2411; x_wconf 92' lang='lat' dir='ltr'>et</span> <span class='ocrx_word' id='word_1_305' title='bbox 2780 2356 2838 2410; x_wconf 93' lang='lat' dir='ltr'>in</span> <span class='ocrx_word' id='word_1_306' title='bbox 2873 2357 3062 2412; x_wconf 91' lang='lat' dir='ltr'>medio</span> <span class='ocrx_word' id='word_1_307' title='bbox 3093 2373 3292 2411; x_wconf 93' lang='lat' dir='ltr'>eorum</span> <span class='ocrx_word' id='word_1_308' title='bbox 3324 2356 3406 2412; x_wconf 89' lang='lat' dir='ltr'>ita</span> <span class='ocrx_word' id='word_1_309' title='bbox 3435 2355 3726 2412; x_wconf 84' lang='lat' dir='ltr'>excelsum</span> 
     </span>
    </p>
   </div>
   <div class='ocr_carea' id='block_1_23' title="bbox 323 2437 3728 2518">
    <p class='ocr_par' dir='ltr' id='par_1_23' title="bbox 323 2437 3728 2518">
     <span class='ocr_line' id='line_1_23' title="bbox 323 2437 3728 2518; baseline 0.002 -26"><span class='ocrx_word' id='word_1_310' title='bbox 323 2437 536 2504; x_wconf 88' lang='lat' dir='ltr'>virum,</span> <span class='ocrx_word' id='word_1_311' title='bbox 570 2448 635 2494; x_wconf 91' lang='lat' dir='ltr'>ut</span> <span class='ocrx_word' id='word_1_312' title='bbox 673 2442 1080 2512; x_wconf 89' lang='lat' dir='ltr'>magnitudine</span> <span class='ocrx_word' id='word_1_313' title='bbox 1113 2459 1221 2498; x_wconf 88' lang='lat' dir='ltr'>sua</span> <span class='ocrx_word' id='word_1_314' title='bbox 1246 2444 1432 2515; x_wconf 89' lang='lat' dir='ltr'>ipsam</span> <span class='ocrx_word' id='word_1_315' title='bbox 1465 2445 1674 2500; x_wconf 91' lang='lat' dir='ltr'>turrim</span> <span class='ocrx_word' id='word_1_316' title='bbox 1712 2450 2052 2518; x_wconf 89' lang='lat' dir='ltr'>superaret;</span> <span class='ocrx_word' id='word_1_317' title='bbox 2087 2451 2143 2500; x_wconf 89' lang='lat' dir='ltr'>et</span> <span class='ocrx_word' id='word_1_318' title='bbox 2173 2447 2326 2501; x_wconf 89' lang='lat' dir='ltr'>circa</span> <span class='ocrx_word' id='word_1_319' title='bbox 2355 2463 2488 2500; x_wconf 92' lang='lat' dir='ltr'>eum</span> <span class='ocrx_word' id='word_1_320' title='bbox 2513 2445 2758 2501; x_wconf 85' lang='lat' dir='ltr'>sexillos</span> <span class='ocrx_word' id='word_1_321' title='bbox 2780 2463 2927 2516; x_wconf 89' lang='lat' dir='ltr'>quos</span> <span class='ocrx_word' id='word_1_322' title='bbox 2950 2446 3009 2500; x_wconf 91' lang='lat' dir='ltr'>in</span> <span class='ocrx_word' id='word_1_323' title='bbox 3031 2445 3411 2500; x_wconf 76' lang='lat' dir='ltr'>aedificatione</span> <span class='ocrx_word' id='word_1_324' title='bbox 3441 2447 3728 2517; x_wconf 90' lang='lat' dir='ltr'>imperare</span> 
     </span>
    </p>
   </div>
   <div class='ocr_carea' id='block_1_24' title="bbox 325 2528 3728 2606">
    <p class='ocr_par' dir='ltr' id='par_1_24' title="bbox 325 2528 3728 2606">
     <span class='ocr_line' id='line_1_24' title="bbox 325 2528 3728 2606; baseline 0.002 -25"><span class='ocrx_word' id='word_1_325' title='bbox 325 2528 608 2597; x_wconf 83' lang='lat' dir='ltr'>videram,</span> <span class='ocrx_word' id='word_1_326' title='bbox 660 2533 717 2584; x_wconf 89' lang='lat' dir='ltr'>et</span> <span class='ocrx_word' id='word_1_327' title='bbox 745 2545 844 2585; x_wconf 89' lang='lat' dir='ltr'>eos</span> <span class='ocrx_word' id='word_1_328' title='bbox 889 2547 1093 2586; x_wconf 88' lang='lat' dir='ltr'>omnes</span> <span class='ocrx_word' id='word_1_329' title='bbox 1147 2532 1248 2603; x_wconf 89' lang='lat' dir='ltr'>qui</span> <span class='ocrx_word' id='word_1_330' title='bbox 1294 2534 1724 2589; x_wconf 64' lang='lat' dir='ltr'>aediﬁcaverunt</span> <span class='ocrx_word' id='word_1_331' title='bbox 1753 2536 1963 2590; x_wconf 90' lang='lat' dir='ltr'>turrim</span> <span class='ocrx_word' id='word_1_332' title='bbox 2011 2535 2193 2602; x_wconf 90' lang='lat' dir='ltr'>illam,</span> <span class='ocrx_word' id='word_1_333' title='bbox 2246 2540 2303 2589; x_wconf 92' lang='lat' dir='ltr'>et</span> <span class='ocrx_word' id='word_1_334' title='bbox 2345 2540 2621 2604; x_wconf 69' lang='lat' dir='ltr'>praeterea</span> <span class='ocrx_word' id='word_1_335' title='bbox 2666 2533 2810 2588; x_wconf 90' lang='lat' dir='ltr'>alios</span> <span class='ocrx_word' id='word_1_336' title='bbox 2863 2534 3243 2605; x_wconf 87' lang='lat' dir='ltr'>quamplures</span> <span class='ocrx_word' id='word_1_337' title='bbox 3296 2534 3579 2606; x_wconf 82' lang='lat' dir='ltr'>dignitate</span> <span class='ocrx_word' id='word_1_338' title='bbox 3619 2535 3728 2605; x_wconf 80' lang='lat'>(95)</span> 
     </span>
    </p>
   </div>
   <div class='ocr_carea' id='block_1_25' title="bbox 325 2615 3728 2694">
    <p class='ocr_par' dir='ltr' id='par_1_25' title="bbox 325 2615 3728 2694">
     <span class='ocr_line' id='line_1_25' title="bbox 325 2615 3728 2694; baseline 0.002 -23"><span class='ocrx_word' id='word_1_339' title='bbox 325 2615 666 2687; x_wconf 86' lang='lat' dir='ltr'>splendidos</span> <span class='ocrx_word' id='word_1_340' title='bbox 697 2619 872 2675; x_wconf 89' lang='lat' dir='ltr'>viros.</span> <span class='ocrx_word' id='word_1_341' title='bbox 908 2619 1179 2692; x_wconf 89' lang='lat' dir='ltr'>Virgines</span> <span class='ocrx_word' id='word_1_342' title='bbox 1203 2638 1334 2676; x_wconf 89' lang='lat' dir='ltr'>vero</span> <span class='ocrx_word' id='word_1_343' title='bbox 1353 2622 1466 2677; x_wconf 68' lang='lat' dir='ltr'>illae</span> <span class='ocrx_word' id='word_1_344' title='bbox 1495 2640 1620 2694; x_wconf 71' lang='lat' dir='ltr'>quae</span> <span class='ocrx_word' id='word_1_345' title='bbox 1645 2624 2054 2679; x_wconf 90' lang='lat' dir='ltr'>custodiebant</span> <span class='ocrx_word' id='word_1_346' title='bbox 2073 2623 2282 2678; x_wconf 92' lang='lat' dir='ltr'>turrim</span> <span class='ocrx_word' id='word_1_347' title='bbox 2306 2623 2488 2689; x_wconf 88' lang='lat' dir='ltr'>illam,</span> <span class='ocrx_word' id='word_1_348' title='bbox 2514 2627 2894 2677; x_wconf 90' lang='lat' dir='ltr'>accurrerunt</span> <span class='ocrx_word' id='word_1_349' title='bbox 2915 2627 2970 2677; x_wconf 92' lang='lat' dir='ltr'>et</span> <span class='ocrx_word' id='word_1_350' title='bbox 2991 2621 3262 2677; x_wconf 60' lang='lat' dir='ltr'>osculata;</span> <span class='ocrx_word' id='word_1_351' title='bbox 3283 2628 3422 2678; x_wconf 88' lang='lat' dir='ltr'>sunt</span> <span class='ocrx_word' id='word_1_352' title='bbox 3455 2639 3588 2677; x_wconf 92' lang='lat' dir='ltr'>eum</span> <span class='ocrx_word' id='word_1_353' title='bbox 3613 2623 3728 2694; x_wconf 90' lang='lat'>(96)</span> 
     </span>
    </p>
   </div>
   <div class='ocr_carea' id='block_1_26' title="bbox 325 2709 3729 2784">
    <p class='ocr_par' dir='ltr' id='par_1_26' title="bbox 325 2709 3729 2784">
     <span class='ocr_line' id='line_1_26' title="bbox 325 2709 3729 2784; baseline 0.002 -24"><span class='ocrx_word' id='word_1_354' title='bbox 325 2709 383 2760; x_wconf 91' lang='lat' dir='ltr'>et</span> <span class='ocrx_word' id='word_1_355' title='bbox 413 2722 589 2777; x_wconf 89' lang='lat' dir='ltr'>prope</span> <span class='ocrx_word' id='word_1_356' title='bbox 619 2723 752 2762; x_wconf 90' lang='lat' dir='ltr'>eum</span> <span class='ocrx_word' id='word_1_357' title='bbox 784 2709 897 2779; x_wconf 89' lang='lat'>(97)</span> <span class='ocrx_word' id='word_1_358' title='bbox 929 2716 1232 2781; x_wconf 63' lang='lat' dir='ltr'>coeperunt</span> <span class='ocrx_word' id='word_1_359' title='bbox 1265 2712 1584 2767; x_wconf 90' lang='lat' dir='ltr'>ambulare.</span> <span class='ocrx_word' id='word_1_360' title='bbox 1619 2712 1718 2768; x_wconf 92' lang='lat' dir='ltr'>Ille</span> <span class='ocrx_word' id='word_1_361' title='bbox 1746 2717 1938 2768; x_wconf 89' lang='lat' dir='ltr'>autem</span> <span class='ocrx_word' id='word_1_362' title='bbox 1971 2717 2090 2768; x_wconf 90' lang='lat' dir='ltr'>tam</span> <span class='ocrx_word' id='word_1_363' title='bbox 2123 2713 2434 2784; x_wconf 89' lang='lat' dir='ltr'>diligenter</span> <span class='ocrx_word' id='word_1_364' title='bbox 2465 2711 2872 2766; x_wconf 87' lang='lat' dir='ltr'>considerabat</span> <span class='ocrx_word' id='word_1_365' title='bbox 2899 2715 3255 2766; x_wconf 91' lang='lat' dir='ltr'>structuram</span> <span class='ocrx_word' id='word_1_366' title='bbox 3307 2711 3465 2766; x_wconf 88' lang='lat' dir='ltr'>illam</span> <span class='ocrx_word' id='word_1_367' title='bbox 3511 2717 3576 2766; x_wconf 88' lang='lat' dir='ltr'>ut</span> <span class='ocrx_word' id='word_1_368' title='bbox 3606 2712 3729 2766; x_wconf 90' lang='lat' dir='ltr'>sin-</span> 
     </span>
    </p>
   </div>
   <div class='ocr_carea' id='block_1_27' title="bbox 327 2792 3730 2872">
    <p class='ocr_par' dir='ltr' id='par_1_27' title="bbox 327 2792 3730 2872">
     <span class='ocr_line' id='line_1_27' title="bbox 327 2792 3730 2872; baseline 0.002 -25"><span class='ocrx_word' id='word_1_369' title='bbox 327 2792 738 2865; x_wconf 82' lang='lat' dir='ltr'>guloslapides</span> <span class='ocrx_word' id='word_1_370' title='bbox 760 2800 1141 2853; x_wconf 89' lang='lat' dir='ltr'>contrectaret</span> <span class='ocrx_word' id='word_1_371' title='bbox 1163 2799 1274 2869; x_wconf 91' lang='lat'>(98)</span> <span class='ocrx_word' id='word_1_372' title='bbox 1303 2817 1315 2866; x_wconf 92' lang='lat'><strong>;</strong></span> <span class='ocrx_word' id='word_1_373' title='bbox 1350 2800 1675 2871; x_wconf 90' lang='lat' dir='ltr'>quinetiam</span> <span class='ocrx_word' id='word_1_374' title='bbox 1709 2800 1973 2871; x_wconf 90' lang='lat' dir='ltr'>singulos</span> <span class='ocrx_word' id='word_1_375' title='bbox 2013 2802 2176 2872; x_wconf 91' lang='lat' dir='ltr'>virga</span> <span class='ocrx_word' id='word_1_376' title='bbox 2207 2817 2381 2870; x_wconf 90' lang='lat' dir='ltr'>quam</span> <span class='ocrx_word' id='word_1_377' title='bbox 2416 2801 2472 2854; x_wconf 89' lang='lat' dir='ltr'>in</span> <span class='ocrx_word' id='word_1_378' title='bbox 2509 2816 2687 2854; x_wconf 90' lang='lat' dir='ltr'>manu</span> <span class='ocrx_word' id='word_1_379' title='bbox 2711 2801 2943 2855; x_wconf 90' lang='lat' dir='ltr'>tenebat</span> <span class='ocrx_word' id='word_1_380' title='bbox 2961 2801 3092 2870; x_wconf 85' lang='lat'>(99),</span> <span class='ocrx_word' id='word_1_381' title='bbox 3117 2800 3377 2854; x_wconf 80' lang='lat' dir='ltr'>feriebat.</span> <span class='ocrx_word' id='word_1_382' title='bbox 3413 2800 3493 2855; x_wconf 81' lang='lat' dir='ltr'>Ex</span> <span class='ocrx_word' id='word_1_383' title='bbox 3513 2800 3730 2872; x_wconf 91' lang='lat' dir='ltr'>quibus</span> 
     </span>
    </p>
   </div>
   <div class='ocr_carea' id='block_1_28' title="bbox 328 2881 3730 2962">
    <p class='ocr_par' dir='ltr' id='par_1_28' title="bbox 328 2881 3730 2962">
     <span class='ocr_line' id='line_1_28' title="bbox 328 2881 3730 2962; baseline 0.002 -25"><span class='ocrx_word' id='word_1_384' title='bbox 328 2881 568 2953; x_wconf 89' lang='lat' dir='ltr'>quidam</span> <span class='ocrx_word' id='word_1_385' title='bbox 602 2900 734 2938; x_wconf 91' lang='lat' dir='ltr'>cum</span> <span class='ocrx_word' id='word_1_386' title='bbox 767 2891 964 2940; x_wconf 90' lang='lat' dir='ltr'>essent</span> <span class='ocrx_word' id='word_1_387' title='bbox 993 2888 1282 2957; x_wconf 90' lang='lat' dir='ltr'>percussi,</span> <span class='ocrx_word' id='word_1_388' title='bbox 1316 2889 1466 2959; x_wconf 85' lang='lat' dir='ltr'>nigri</span> <span class='ocrx_word' id='word_1_389' title='bbox 1499 2889 1718 2944; x_wconf 79' lang='lat' dir='ltr'>ﬁebant</span> <span class='ocrx_word' id='word_1_390' title='bbox 1747 2890 1904 2944; x_wconf 88' lang='lat' dir='ltr'>velut</span> <span class='ocrx_word' id='word_1_391' title='bbox 1935 2889 2116 2962; x_wconf 80' lang='lat' dir='ltr'>fuligo</span> <span class='ocrx_word' id='word_1_392' title='bbox 2143 2907 2156 2957; x_wconf 86' lang='lat'><strong>;</strong></span> <span class='ocrx_word' id='word_1_393' title='bbox 2191 2889 2428 2961; x_wconf 89' lang='lat' dir='ltr'>quidam</span> <span class='ocrx_word' id='word_1_394' title='bbox 2461 2894 2654 2944; x_wconf 89' lang='lat' dir='ltr'>autem</span> <span class='ocrx_word' id='word_1_395' title='bbox 2685 2893 2968 2959; x_wconf 89' lang='lat' dir='ltr'>tanquam</span> <span class='ocrx_word' id='word_1_396' title='bbox 3001 2889 3190 2943; x_wconf 87' lang='lat' dir='ltr'>scabri</span> <span class='ocrx_word' id='word_1_397' title='bbox 3217 2907 3229 2956; x_wconf 90' lang='lat'><strong>;</strong></span> <span class='ocrx_word' id='word_1_398' title='bbox 3292 2888 3532 2960; x_wconf 89' lang='lat' dir='ltr'>quidam</span> <span class='ocrx_word' id='word_1_399' title='bbox 3564 2889 3730 2960; x_wconf 88' lang='lat' dir='ltr'>quasi</span> 
     </span>
    </p>
   </div>
   <div class='ocr_carea' id='block_1_29' title="bbox 326 2971 3730 3052">
    <p class='ocr_par' dir='ltr' id='par_1_29' title="bbox 326 2971 3730 3052">
     <span class='ocr_line' id='line_1_29' title="bbox 326 2971 3730 3052; baseline 0.002 -27"><span class='ocrx_word' id='word_1_400' title='bbox 326 2971 620 3027; x_wconf 87' lang='lat' dir='ltr'>scissuras</span> <span class='ocrx_word' id='word_1_401' title='bbox 651 2973 970 3042; x_wconf 89' lang='lat' dir='ltr'>habentes;</span> <span class='ocrx_word' id='word_1_402' title='bbox 1003 2975 1240 3044; x_wconf 90' lang='lat' dir='ltr'>quidam</span> <span class='ocrx_word' id='word_1_403' title='bbox 1274 2978 1422 3032; x_wconf 89' lang='lat' dir='ltr'>curti</span> <span class='ocrx_word' id='word_1_404' title='bbox 1450 2996 1461 3044; x_wconf 93' lang='lat'>;</span> <span class='ocrx_word' id='word_1_405' title='bbox 1497 2978 1737 3049; x_wconf 87' lang='lat' dir='ltr'>quidam</span> <span class='ocrx_word' id='word_1_406' title='bbox 1769 2996 1872 3034; x_wconf 90' lang='lat' dir='ltr'>nec</span> <span class='ocrx_word' id='word_1_407' title='bbox 1906 2980 2054 3052; x_wconf 88' lang='lat' dir='ltr'>nigri</span> <span class='ocrx_word' id='word_1_408' title='bbox 2087 2995 2190 3034; x_wconf 90' lang='lat' dir='ltr'>nec</span> <span class='ocrx_word' id='word_1_409' title='bbox 2222 2978 2336 3033; x_wconf 90' lang='lat' dir='ltr'>albi</span> <span class='ocrx_word' id='word_1_410' title='bbox 2388 2979 2535 3050; x_wconf 91' lang='grc'>(100)</span> <span class='ocrx_word' id='word_1_411' title='bbox 2563 2997 2575 3046; x_wconf 91' lang='grc'><strong>;</strong></span> <span class='ocrx_word' id='word_1_412' title='bbox 2625 2978 2864 3049; x_wconf 88' lang='lat' dir='ltr'>quidam</span> <span class='ocrx_word' id='word_1_413' title='bbox 2915 2978 3127 3049; x_wconf 88' lang='lat' dir='ltr'>asperi,</span> <span class='ocrx_word' id='word_1_414' title='bbox 3179 2994 3283 3034; x_wconf 89' lang='lat' dir='ltr'>nec</span> <span class='ocrx_word' id='word_1_415' title='bbox 3341 2994 3475 3033; x_wconf 90' lang='lat' dir='ltr'>cum</span> <span class='ocrx_word' id='word_1_416' title='bbox 3508 2979 3730 3033; x_wconf 69' lang='lat' dir='ltr'>caeteris</span> 
     </span>
    </p>
   </div>
   <div class='ocr_carea' id='block_1_30' title="bbox 320 3059 3727 3139">
    <p class='ocr_par' dir='ltr' id='par_1_30' title="bbox 320 3059 3727 3139">
     <span class='ocr_line' id='line_1_30' title="bbox 320 3059 3727 3139; baseline 0.002 -24"><span class='ocrx_word' id='word_1_417' title='bbox 320 3059 623 3132; x_wconf 82' lang='lat' dir='ltr'>lapidibus</span> <span class='ocrx_word' id='word_1_418' title='bbox 651 3063 1058 3119; x_wconf 88' lang='lat' dir='ltr'>convenientes</span> <span class='ocrx_word' id='word_1_419' title='bbox 1085 3082 1097 3131; x_wconf 92' lang='lat'><strong>;</strong></span> <span class='ocrx_word' id='word_1_420' title='bbox 1134 3065 1372 3136; x_wconf 91' lang='lat' dir='ltr'>quidam</span> <span class='ocrx_word' id='word_1_421' title='bbox 1401 3067 1686 3138; x_wconf 88' lang='lat' dir='ltr'>plurimas</span> <span class='ocrx_word' id='word_1_422' title='bbox 1718 3069 1977 3123; x_wconf 91' lang='lat' dir='ltr'>maculas</span> <span class='ocrx_word' id='word_1_423' title='bbox 2001 3069 2299 3124; x_wconf 91' lang='lat' dir='ltr'>habentes.</span> <span class='ocrx_word' id='word_1_424' title='bbox 2331 3070 2421 3122; x_wconf 73' lang='lat' dir='ltr'>liae</span> <span class='ocrx_word' id='word_1_425' title='bbox 2456 3073 2595 3122; x_wconf 88' lang='lat' dir='ltr'>sunt</span> <span class='ocrx_word' id='word_1_426' title='bbox 2625 3068 2932 3122; x_wconf 88' lang='lat' dir='ltr'>varietates</span> <span class='ocrx_word' id='word_1_427' title='bbox 2961 3068 3224 3139; x_wconf 89' lang='lat' dir='ltr'>lapidum</span> <span class='ocrx_word' id='word_1_428' title='bbox 3258 3067 3514 3136; x_wconf 90' lang='lat' dir='ltr'>illorum,</span> <span class='ocrx_word' id='word_1_429' title='bbox 3547 3067 3646 3139; x_wconf 93' lang='lat' dir='ltr'>qui</span> <span class='ocrx_word' id='word_1_430' title='bbox 3668 3067 3727 3121; x_wconf 90' lang='lat' dir='ltr'>in</span> 
     </span>
    </p>
   </div>
   <div class='ocr_carea' id='block_1_31' title="bbox 323 3149 3730 3228">
    <p class='ocr_par' dir='ltr' id='par_1_31' title="bbox 323 3149 3730 3228">
     <span class='ocr_line' id='line_1_31' title="bbox 323 3149 3730 3228; baseline 0.003 -27"><span class='ocrx_word' id='word_1_431' title='bbox 323 3152 620 3205; x_wconf 86' lang='lat' dir='ltr'>structura</span> <span class='ocrx_word' id='word_1_432' title='bbox 650 3149 751 3205; x_wconf 88' lang='lat' dir='ltr'>illa</span> <span class='ocrx_word' id='word_1_433' title='bbox 781 3168 894 3206; x_wconf 90' lang='lat' dir='ltr'>non</span> <span class='ocrx_word' id='word_1_434' title='bbox 927 3153 1120 3208; x_wconf 91' lang='lat' dir='ltr'>idonei</span> <span class='ocrx_word' id='word_1_435' title='bbox 1153 3155 1236 3226; x_wconf 93' lang='grc'>(1)</span> <span class='ocrx_word' id='word_1_436' title='bbox 1263 3156 1472 3226; x_wconf 83' lang='lat' dir='ltr'>reperti</span> <span class='ocrx_word' id='word_1_437' title='bbox 1506 3161 1661 3210; x_wconf 91' lang='lat' dir='ltr'>sunt.</span> <span class='ocrx_word' id='word_1_438' title='bbox 1693 3157 1881 3213; x_wconf 87' lang='lat' dir='ltr'>Jussit</span> <span class='ocrx_word' id='word_1_439' title='bbox 1909 3175 2009 3213; x_wconf 91' lang='lat' dir='ltr'>eos</span> <span class='ocrx_word' id='word_1_440' title='bbox 2040 3158 2315 3213; x_wconf 90' lang='lat' dir='ltr'>dominus</span> <span class='ocrx_word' id='word_1_441' title='bbox 2348 3175 2550 3212; x_wconf 90' lang='lat' dir='ltr'>omnes</span> <span class='ocrx_word' id='word_1_442' title='bbox 2580 3158 2650 3211; x_wconf 90' lang='lat' dir='ltr'>de</span> <span class='ocrx_word' id='word_1_443' title='bbox 2681 3156 2826 3211; x_wconf 91' lang='lat' dir='ltr'>turri</span> <span class='ocrx_word' id='word_1_444' title='bbox 2861 3157 3092 3228; x_wconf 89' lang='lat' dir='ltr'>deponi,</span> <span class='ocrx_word' id='word_1_445' title='bbox 3124 3162 3180 3212; x_wconf 91' lang='lat' dir='ltr'>et</span> <span class='ocrx_word' id='word_1_446' title='bbox 3201 3158 3374 3228; x_wconf 84' lang='lat' dir='ltr'>juxta</span> <span class='ocrx_word' id='word_1_447' title='bbox 3403 3175 3528 3212; x_wconf 89' lang='lat' dir='ltr'>eam</span> <span class='ocrx_word' id='word_1_448' title='bbox 3552 3158 3730 3212; x_wconf 89' lang='lat' dir='ltr'>relin-</span> 
     </span>
    </p>
   </div>
   <div class='ocr_carea' id='block_1_32' title="bbox 323 3237 3732 3318">
    <p class='ocr_par' dir='ltr' id='par_1_32' title="bbox 323 3237 3732 3318">
     <span class='ocr_line' id='line_1_32' title="bbox 323 3237 3732 3318; baseline 0.003 -28"><span class='ocrx_word' id='word_1_449' title='bbox 323 3237 423 3306; x_wconf 91' lang='lat' dir='ltr'>qui</span> <span class='ocrx_word' id='word_1_450' title='bbox 452 3255 464 3303; x_wconf 91' lang='lat'>;</span> <span class='ocrx_word' id='word_1_451' title='bbox 500 3243 557 3293; x_wconf 92' lang='lat' dir='ltr'>et</span> <span class='ocrx_word' id='word_1_452' title='bbox 587 3238 730 3294; x_wconf 88' lang='lat' dir='ltr'>alios</span> <span class='ocrx_word' id='word_1_453' title='bbox 752 3239 976 3311; x_wconf 88' lang='lat' dir='ltr'>lapides</span> <span class='ocrx_word' id='word_1_454' title='bbox 1007 3243 1198 3298; x_wconf 80' lang='lat' dir='ltr'>alI‘erri</span> <span class='ocrx_word' id='word_1_455' title='bbox 1232 3249 1288 3299; x_wconf 91' lang='lat' dir='ltr'>et</span> <span class='ocrx_word' id='word_1_456' title='bbox 1319 3245 1442 3300; x_wconf 91' lang='lat' dir='ltr'>loco</span> <span class='ocrx_word' id='word_1_457' title='bbox 1466 3263 1665 3301; x_wconf 89' lang='lat' dir='ltr'>eorum</span> <span class='ocrx_word' id='word_1_458' title='bbox 1693 3249 1912 3318; x_wconf 87' lang='lat' dir='ltr'>reponi.</span> <span class='ocrx_word' id='word_1_459' title='bbox 1945 3249 2014 3303; x_wconf 88' lang='lat' dir='ltr'>Et</span> <span class='ocrx_word' id='word_1_460' title='bbox 2052 3248 2556 3318; x_wconf 88' lang='lat' dir='ltr'>interrogaverunt</span> <span class='ocrx_word' id='word_1_461' title='bbox 2583 3264 2715 3301; x_wconf 93' lang='lat' dir='ltr'>eum</span> <span class='ocrx_word' id='word_1_462' title='bbox 2749 3245 2847 3316; x_wconf 89' lang='lat' dir='ltr'>qui</span> <span class='ocrx_word' id='word_1_463' title='bbox 2881 3247 3265 3316; x_wconf 63' lang='lat' dir='ltr'>aediﬁcabant,</span> <span class='ocrx_word' id='word_1_464' title='bbox 3298 3263 3365 3301; x_wconf 86' lang='lat' dir='ltr'>ex</span> <span class='ocrx_word' id='word_1_465' title='bbox 3396 3263 3510 3318; x_wconf 93' lang='lat' dir='ltr'>quo</span> <span class='ocrx_word' id='word_1_466' title='bbox 3536 3253 3732 3301; x_wconf 89' lang='lat' dir='ltr'>monte</span> 
     </span>
    </p>
   </div>
   <div class='ocr_carea' id='block_1_33' title="bbox 321 3324 3732 3408">
    <p class='ocr_par' dir='ltr' id='par_1_33' title="bbox 321 3324 3732 3408">
     <span class='ocr_line' id='line_1_33' title="bbox 321 3324 3732 3408; baseline 0.004 -30"><span class='ocrx_word' id='word_1_467' title='bbox 321 3324 491 3380; x_wconf 80' lang='lat' dir='ltr'>vellet</span> <span class='ocrx_word' id='word_1_468' title='bbox 522 3327 736 3397; x_wconf 72' lang='lat' dir='ltr'>afferri,</span> <span class='ocrx_word' id='word_1_469' title='bbox 770 3334 826 3383; x_wconf 90' lang='lat' dir='ltr'>et</span> <span class='ocrx_word' id='word_1_470' title='bbox 857 3332 1056 3401; x_wconf 90' lang='lat' dir='ltr'>reponi</span> <span class='ocrx_word' id='word_1_471' title='bbox 1091 3333 1148 3386; x_wconf 89' lang='lat' dir='ltr'>in</span> <span class='ocrx_word' id='word_1_472' title='bbox 1181 3333 1372 3388; x_wconf 92' lang='lat' dir='ltr'>locum</span> <span class='ocrx_word' id='word_1_473' title='bbox 1410 3336 1872 3406; x_wconf 84' lang='lat' dir='ltr'>ejectorum?De</span> <span class='ocrx_word' id='word_1_474' title='bbox 1906 3339 2206 3392; x_wconf 90' lang='lat' dir='ltr'>montibus</span> <span class='ocrx_word' id='word_1_475' title='bbox 2238 3337 2475 3408; x_wconf 90' lang='lat' dir='ltr'>quidem</span> <span class='ocrx_word' id='word_1_476' title='bbox 2509 3336 2689 3390; x_wconf 88' lang='lat' dir='ltr'>vetuit</span> <span class='ocrx_word' id='word_1_477' title='bbox 2731 3335 2920 3390; x_wconf 83' lang='lat' dir='ltr'>atl‘erri</span> <span class='ocrx_word' id='word_1_478' title='bbox 2949 3361 2962 3400; x_wconf 87' lang='lat'><strong>;</strong></span> <span class='ocrx_word' id='word_1_479' title='bbox 2996 3336 3093 3391; x_wconf 90' lang='lat' dir='ltr'>sed</span> <span class='ocrx_word' id='word_1_480' title='bbox 3129 3353 3196 3390; x_wconf 88' lang='lat' dir='ltr'>ex</span> <span class='ocrx_word' id='word_1_481' title='bbox 3225 3352 3430 3407; x_wconf 91' lang='lat' dir='ltr'>campo</span> <span class='ocrx_word' id='word_1_482' title='bbox 3480 3338 3732 3407; x_wconf 91' lang='lat' dir='ltr'>quodam</span> 
     </span>
    </p>
   </div>
   <div class='ocr_carea' id='block_1_34' title="bbox 317 3415 3730 3498">
    <p class='ocr_par' dir='ltr' id='par_1_34' title="bbox 317 3415 3730 3498">
     <span class='ocr_line' id='line_1_34' title="bbox 317 3415 3730 3498; baseline 0.004 -31"><span class='ocrx_word' id='word_1_483' title='bbox 317 3415 418 3486; x_wconf 91' lang='lat' dir='ltr'>qui</span> <span class='ocrx_word' id='word_1_484' title='bbox 451 3432 629 3487; x_wconf 90' lang='lat' dir='ltr'>prope</span> <span class='ocrx_word' id='word_1_485' title='bbox 658 3423 800 3487; x_wconf 87' lang='lat' dir='ltr'>erat,</span> <span class='ocrx_word' id='word_1_486' title='bbox 828 3420 1010 3489; x_wconf 87' lang='lat' dir='ltr'>jussit</span> <span class='ocrx_word' id='word_1_487' title='bbox 1041 3422 1230 3477; x_wconf 74' lang='lat' dir='ltr'>afferri</span> <span class='ocrx_word' id='word_1_488' title='bbox 1256 3424 1352 3495; x_wconf 82' lang='lat'>(2).</span> <span class='ocrx_word' id='word_1_489' title='bbox 1390 3425 1680 3480; x_wconf 90' lang='lat' dir='ltr'>Foderunt</span> <span class='ocrx_word' id='word_1_490' title='bbox 1712 3427 1867 3480; x_wconf 92' lang='lat' dir='ltr'>enim</span> <span class='ocrx_word' id='word_1_491' title='bbox 1903 3443 2174 3498; x_wconf 90' lang='lat' dir='ltr'>campum</span> <span class='ocrx_word' id='word_1_492' title='bbox 2222 3426 2410 3491; x_wconf 91' lang='lat' dir='ltr'>illum,</span> <span class='ocrx_word' id='word_1_493' title='bbox 2468 3431 2522 3479; x_wconf 90' lang='lat' dir='ltr'>et</span> <span class='ocrx_word' id='word_1_494' title='bbox 2550 3425 2897 3480; x_wconf 90' lang='lat' dir='ltr'>invenerunt</span> <span class='ocrx_word' id='word_1_495' title='bbox 2927 3425 3149 3496; x_wconf 88' lang='lat' dir='ltr'>lapides</span> <span class='ocrx_word' id='word_1_496' title='bbox 3182 3424 3541 3495; x_wconf 90' lang='lat' dir='ltr'>splendidos,</span> <span class='ocrx_word' id='word_1_497' title='bbox 3588 3443 3730 3496; x_wconf 90' lang='lat' dir='ltr'>qua-</span> 
     </span>
    </p>
   </div>
   <div class='ocr_carea' id='block_1_35' title="bbox 319 3503 3728 3585">
    <p class='ocr_par' dir='ltr' id='par_1_35' title="bbox 319 3503 3728 3585">
     <span class='ocr_line' id='line_1_35' title="bbox 319 3503 3728 3585; baseline 0.003 -28"><span class='ocrx_word' id='word_1_498' title='bbox 319 3503 560 3572; x_wconf 87' lang='lat' dir='ltr'>dratos;</span> <span class='ocrx_word' id='word_1_499' title='bbox 600 3507 886 3575; x_wconf 91' lang='lat' dir='ltr'>quosdam</span> <span class='ocrx_word' id='word_1_500' title='bbox 915 3525 1048 3564; x_wconf 90' lang='lat' dir='ltr'>vero</span> <span class='ocrx_word' id='word_1_501' title='bbox 1079 3511 1256 3565; x_wconf 87' lang='lat' dir='ltr'>etiam</span> <span class='ocrx_word' id='word_1_502' title='bbox 1292 3515 1592 3568; x_wconf 90' lang='lat' dir='ltr'>rotundos.</span> <span class='ocrx_word' id='word_1_503' title='bbox 1626 3515 1968 3585; x_wconf 87' lang='lat' dir='ltr'>Quicunque</span> <span class='ocrx_word' id='word_1_504' title='bbox 2000 3520 2191 3569; x_wconf 91' lang='lat' dir='ltr'>autem</span> <span class='ocrx_word' id='word_1_505' title='bbox 2227 3520 2393 3569; x_wconf 89' lang='lat' dir='ltr'>erant</span> <span class='ocrx_word' id='word_1_506' title='bbox 2425 3515 2480 3568; x_wconf 90' lang='lat' dir='ltr'>in</span> <span class='ocrx_word' id='word_1_507' title='bbox 2506 3513 2604 3568; x_wconf 91' lang='lat' dir='ltr'>illo</span> <span class='ocrx_word' id='word_1_508' title='bbox 2623 3531 2828 3584; x_wconf 89' lang='lat' dir='ltr'>campo</span> <span class='ocrx_word' id='word_1_509' title='bbox 2851 3531 3054 3568; x_wconf 90' lang='lat' dir='ltr'>omnes</span> <span class='ocrx_word' id='word_1_510' title='bbox 3077 3515 3234 3568; x_wconf 89' lang='lat' dir='ltr'>allati</span> <span class='ocrx_word' id='word_1_511' title='bbox 3271 3520 3429 3581; x_wconf 91' lang='lat' dir='ltr'>sunt,</span> <span class='ocrx_word' id='word_1_512' title='bbox 3452 3518 3507 3568; x_wconf 87' lang='lat' dir='ltr'>et</span> <span class='ocrx_word' id='word_1_513' title='bbox 3530 3530 3631 3584; x_wconf 91' lang='lat' dir='ltr'>per</span> <span class='ocrx_word' id='word_1_514' title='bbox 3652 3515 3728 3585; x_wconf 89' lang='lat'>(3)</span> 
     </span>
    </p>
   </div>
   <div class='ocr_carea' id='block_1_36' title="bbox 317 3596 3724 3676">
    <p class='ocr_par' dir='ltr' id='par_1_36' title="bbox 317 3596 3724 3676">
     <span class='ocr_line' id='line_1_36' title="bbox 317 3596 3724 3676; baseline 0.003 -31"><span class='ocrx_word' id='word_1_515' title='bbox 317 3596 553 3662; x_wconf 89' lang='lat' dir='ltr'>portam</span> <span class='ocrx_word' id='word_1_516' title='bbox 583 3597 962 3666; x_wconf 87' lang='lat' dir='ltr'>transportati</span> <span class='ocrx_word' id='word_1_517' title='bbox 996 3599 1074 3670; x_wconf 87' lang='grc'>(4)</span> <span class='ocrx_word' id='word_1_518' title='bbox 1105 3616 1139 3654; x_wconf 88' lang='lat' dir='ltr'>a</span> <span class='ocrx_word' id='word_1_519' title='bbox 1170 3600 1498 3672; x_wconf 89' lang='lat' dir='ltr'>virginibus</span> <span class='ocrx_word' id='word_1_520' title='bbox 1523 3603 1678 3658; x_wconf 90' lang='lat' dir='ltr'>illis:</span> <span class='ocrx_word' id='word_1_521' title='bbox 1714 3608 1771 3659; x_wconf 93' lang='lat' dir='ltr'>et</span> <span class='ocrx_word' id='word_1_522' title='bbox 1803 3606 1901 3676; x_wconf 90' lang='lat' dir='ltr'>qui</span> <span class='ocrx_word' id='word_1_523' title='bbox 1935 3621 2002 3659; x_wconf 84' lang='lat' dir='ltr'>ex</span> <span class='ocrx_word' id='word_1_524' title='bbox 2048 3604 2132 3659; x_wconf 92' lang='lat' dir='ltr'>eis</span> <span class='ocrx_word' id='word_1_525' title='bbox 2183 3604 2447 3674; x_wconf 86' lang='lat' dir='ltr'>quadrati</span> <span class='ocrx_word' id='word_1_526' title='bbox 2495 3609 2662 3657; x_wconf 93' lang='lat' dir='ltr'>erant</span> <span class='ocrx_word' id='word_1_527' title='bbox 2712 3602 3017 3657; x_wconf 84' lang='lat' dir='ltr'>deformati</span> <span class='ocrx_word' id='word_1_528' title='bbox 3067 3605 3144 3673; x_wconf 89' lang='lat'>(5)</span> <span class='ocrx_word' id='word_1_529' title='bbox 3184 3607 3339 3670; x_wconf 91' lang='lat' dir='ltr'>sunt,</span> <span class='ocrx_word' id='word_1_530' title='bbox 3374 3608 3429 3657; x_wconf 93' lang='lat' dir='ltr'>et</span> <span class='ocrx_word' id='word_1_531' title='bbox 3462 3603 3632 3673; x_wconf 91' lang='lat' dir='ltr'>positi</span> <span class='ocrx_word' id='word_1_532' title='bbox 3667 3603 3724 3656; x_wconf 89' lang='lat' dir='ltr'>in</span> 
     </span>
    </p>
   </div>
   <div class='ocr_carea' id='block_1_37' title="bbox 310 3677 3727 3764">
    <p class='ocr_par' dir='ltr' id='par_1_37' title="bbox 310 3677 3727 3764">
     <span class='ocr_line' id='line_1_37' title="bbox 310 3677 3727 3764; baseline 0.004 -31"><span class='ocrx_word' id='word_1_533' title='bbox 310 3677 439 3735; x_wconf 90' lang='lat' dir='ltr'>loco</span> <span class='ocrx_word' id='word_1_534' title='bbox 473 3681 556 3753; x_wconf 91' lang='lat'>(_6)</span> <span class='ocrx_word' id='word_1_535' title='bbox 586 3682 928 3753; x_wconf 88' lang='lat' dir='ltr'>ejectorum.</span> <span class='ocrx_word' id='word_1_536' title='bbox 959 3687 1033 3741; x_wconf 83' lang='lat' dir='ltr'>At</span> <span class='ocrx_word' id='word_1_537' title='bbox 1062 3704 1193 3743; x_wconf 90' lang='lat' dir='ltr'>vero</span> <span class='ocrx_word' id='word_1_538' title='bbox 1225 3690 1324 3759; x_wconf 91' lang='lat' dir='ltr'>qui</span> <span class='ocrx_word' id='word_1_539' title='bbox 1357 3693 1614 3759; x_wconf 89' lang='lat' dir='ltr'>rotundi,</span> <span class='ocrx_word' id='word_1_540' title='bbox 1668 3709 1784 3747; x_wconf 91' lang='lat' dir='ltr'>non</span> <span class='ocrx_word' id='word_1_541' title='bbox 1834 3697 1974 3747; x_wconf 89' lang='lat' dir='ltr'>sunt</span> <span class='ocrx_word' id='word_1_542' title='bbox 2021 3693 2231 3763; x_wconf 71' lang='lat' dir='ltr'>adjecti</span> <span class='ocrx_word' id='word_1_543' title='bbox 2285 3693 2341 3747; x_wconf 91' lang='lat' dir='ltr'>in</span> <span class='ocrx_word' id='word_1_544' title='bbox 2393 3697 2783 3758; x_wconf 89' lang='lat' dir='ltr'>structuram;</span> <span class='ocrx_word' id='word_1_545' title='bbox 2846 3692 3122 3762; x_wconf 90' lang='lat' dir='ltr'>quoniam</span> <span class='ocrx_word' id='word_1_546' title='bbox 3183 3691 3313 3745; x_wconf 91' lang='lat' dir='ltr'>duri</span> <span class='ocrx_word' id='word_1_547' title='bbox 3345 3696 3510 3746; x_wconf 89' lang='lat' dir='ltr'>erant</span> <span class='ocrx_word' id='word_1_548' title='bbox 3538 3691 3637 3764; x_wconf 89' lang='lat'>(7),</span> <span class='ocrx_word' id='word_1_549' title='bbox 3671 3697 3727 3746; x_wconf 89' lang='lat' dir='ltr'>et</span> 
     </span>
    </p>
   </div>
   <div class='ocr_carea' id='block_1_38' title="bbox 313 3767 3724 3852">
    <p class='ocr_par' dir='ltr' id='par_1_38' title="bbox 313 3767 3724 3852">
     <span class='ocr_line' id='line_1_38' title="bbox 313 3767 3724 3852; baseline 0.003 -29"><span class='ocrx_word' id='word_1_550' title='bbox 313 3767 559 3842; x_wconf 87' lang='lat' dir='ltr'>longum</span> <span class='ocrx_word' id='word_1_551' title='bbox 590 3787 719 3828; x_wconf 89' lang='lat' dir='ltr'>esse</span> <span class='ocrx_word' id='word_1_552' title='bbox 739 3772 1048 3830; x_wconf 87' lang='lat' dir='ltr'>videbatur</span> <span class='ocrx_word' id='word_1_553' title='bbox 1071 3777 1486 3835; x_wconf 79' lang='lat' dir='ltr'>circumcidere</span> <span class='ocrx_word' id='word_1_554' title='bbox 1506 3797 1604 3836; x_wconf 92' lang='lat' dir='ltr'>eos</span> <span class='ocrx_word' id='word_1_555' title='bbox 1628 3798 1639 3835; x_wconf 91' lang='lat'><strong>:</strong></span> <span class='ocrx_word' id='word_1_556' title='bbox 1678 3782 1776 3837; x_wconf 91' lang='lat' dir='ltr'>sed</span> <span class='ocrx_word' id='word_1_557' title='bbox 1810 3782 1980 3852; x_wconf 87' lang='lat' dir='ltr'>positi</span> <span class='ocrx_word' id='word_1_558' title='bbox 2005 3786 2143 3837; x_wconf 90' lang='lat' dir='ltr'>sunt</span> <span class='ocrx_word' id='word_1_559' title='bbox 2163 3782 2316 3837; x_wconf 90' lang='lat' dir='ltr'>circa</span> <span class='ocrx_word' id='word_1_560' title='bbox 2336 3781 2567 3849; x_wconf 90' lang='lat' dir='ltr'>turrim,</span> <span class='ocrx_word' id='word_1_561' title='bbox 2591 3786 2874 3852; x_wconf 88' lang='lat' dir='ltr'>tanquam</span> <span class='ocrx_word' id='word_1_562' title='bbox 2897 3782 3160 3836; x_wconf 84' lang='lat' dir='ltr'>futurum</span> <span class='ocrx_word' id='word_1_563' title='bbox 3183 3785 3355 3848; x_wconf 91' lang='lat' dir='ltr'>esset,</span> <span class='ocrx_word' id='word_1_564' title='bbox 3380 3785 3444 3835; x_wconf 90' lang='lat' dir='ltr'>ut</span> <span class='ocrx_word' id='word_1_565' title='bbox 3473 3779 3724 3836; x_wconf 88' lang='lat' dir='ltr'>circum-</span> 
     </span>
    </p>
   </div>
   <div class='ocr_carea' id='block_1_39' title="bbox 311 3857 2712 3943">
    <p class='ocr_par' dir='ltr' id='par_1_39' title="bbox 311 3857 2712 3943">
     <span class='ocr_line' id='line_1_39' title="bbox 311 3857 2712 3943; baseline 0.005 -30"><span class='ocrx_word' id='word_1_566' title='bbox 311 3857 668 3931; x_wconf 89' lang='lat' dir='ltr'>ciderentur,</span> <span class='ocrx_word' id='word_1_567' title='bbox 699 3866 757 3918; x_wconf 92' lang='lat' dir='ltr'>et</span> <span class='ocrx_word' id='word_1_568' title='bbox 786 3862 845 3918; x_wconf 90' lang='lat' dir='ltr'>in</span> <span class='ocrx_word' id='word_1_569' title='bbox 877 3868 1234 3922; x_wconf 89' lang='lat' dir='ltr'>structuram</span> <span class='ocrx_word' id='word_1_570' title='bbox 1267 3869 1641 3925; x_wconf 88' lang='lat' dir='ltr'>mitterentur</span> <span class='ocrx_word' id='word_1_571' title='bbox 1671 3871 1784 3941; x_wconf 90' lang='lat'>(8);</span> <span class='ocrx_word' id='word_1_572' title='bbox 1817 3872 1984 3926; x_wconf 89' lang='lat' dir='ltr'>valde</span> <span class='ocrx_word' id='word_1_573' title='bbox 2014 3872 2170 3927; x_wconf 92' lang='lat' dir='ltr'>enim</span> <span class='ocrx_word' id='word_1_574' title='bbox 2202 3871 2492 3943; x_wconf 89' lang='lat' dir='ltr'>splendidi</span> <span class='ocrx_word' id='word_1_575' title='bbox 2526 3876 2712 3925; x_wconf 88' lang='lat' dir='ltr'>erant.</span> 
     </span>
    </p>
   </div>
   <div class='ocr_carea' id='block_1_40' title="bbox 1821 4005 2203 4062">
    <p class='ocr_par' dir='ltr' id='par_1_40' title="bbox 1821 4005 2203 4062">
     <span class='ocr_line' id='line_1_40' title="bbox 1821 4005 2203 4062; baseline -0.003 -1"><span class='ocrx_word' id='word_1_576' title='bbox 1821 4005 2056 4061; x_wconf 85' lang='lat' dir='ltr'>CAPUT</span> <span class='ocrx_word' id='word_1_577' title='bbox 2084 4006 2203 4062; x_wconf 88' lang='lat' dir='ltr'>VII.</span> 
     </span>
    </p>
   </div>
   <div class='ocr_carea' id='block_1_41' title="bbox 389 4088 3731 4177">
    <p class='ocr_par' dir='ltr' id='par_1_41' title="bbox 389 4088 3731 4177">
     <span class='ocr_line' id='line_1_41' title="bbox 389 4088 3731 4177; baseline 0.004 -33"><span class='ocrx_word' id='word_1_578' title='bbox 389 4088 523 4146; x_wconf 71' lang='lat' dir='ltr'>Haec</span> <span class='ocrx_word' id='word_1_579' title='bbox 582 4107 717 4148; x_wconf 91' lang='lat' dir='ltr'>cum</span> <span class='ocrx_word' id='word_1_580' title='bbox 777 4093 1020 4150; x_wconf 88' lang='lat' dir='ltr'>vidisset</span> <span class='ocrx_word' id='word_1_581' title='bbox 1046 4096 1135 4152; x_wconf 88' lang='lat' dir='ltr'>vir</span> <span class='ocrx_word' id='word_1_582' title='bbox 1163 4097 1262 4154; x_wconf 92' lang='lat' dir='ltr'>ille</span> <span class='ocrx_word' id='word_1_583' title='bbox 1291 4099 1574 4172; x_wconf 88' lang='lat' dir='ltr'>dignitate</span> <span class='ocrx_word' id='word_1_584' title='bbox 1605 4102 1682 4173; x_wconf 88' lang='grc'>(9)</span> <span class='ocrx_word' id='word_1_585' title='bbox 1712 4105 2062 4177; x_wconf 81' lang='lat' dir='ltr'>praecipuus,</span> <span class='ocrx_word' id='word_1_586' title='bbox 2085 4109 2143 4160; x_wconf 89' lang='lat' dir='ltr'>et</span> <span class='ocrx_word' id='word_1_587' title='bbox 2164 4104 2439 4160; x_wconf 91' lang='lat' dir='ltr'>dominus</span> <span class='ocrx_word' id='word_1_588' title='bbox 2461 4105 2640 4162; x_wconf 87' lang='lat' dir='ltr'>totius</span> <span class='ocrx_word' id='word_1_589' title='bbox 2666 4104 2869 4174; x_wconf 88' lang='lat' dir='ltr'>turris,</span> <span class='ocrx_word' id='word_1_590' title='bbox 2891 4104 3116 4160; x_wconf 91' lang='lat' dir='ltr'>vocavit</span> <span class='ocrx_word' id='word_1_591' title='bbox 3136 4103 3290 4159; x_wconf 89' lang='lat' dir='ltr'>hunc</span> <span class='ocrx_word' id='word_1_592' title='bbox 3315 4105 3606 4176; x_wconf 88' lang='lat' dir='ltr'>pastorem</span> <span class='ocrx_word' id='word_1_593' title='bbox 3635 4120 3649 4172; x_wconf 91' lang='lat'><strong>;</strong></span> <span class='ocrx_word' id='word_1_594' title='bbox 3673 4109 3731 4157; x_wconf 88' lang='lat' dir='ltr'>et</span> 
     </span>
    </p>
   </div>
   <div class='ocr_carea' id='block_1_42' title="bbox 314 4178 3726 4264">
    <p class='ocr_par' dir='ltr' id='par_1_42' title="bbox 314 4178 3726 4264">
     <span class='ocr_line' id='line_1_42' title="bbox 314 4178 3726 4264; baseline 0.004 -32"><span class='ocrx_word' id='word_1_595' title='bbox 314 4178 559 4234; x_wconf 82' lang='lat' dir='ltr'>tradidit</span> <span class='ocrx_word' id='word_1_596' title='bbox 595 4180 645 4236; x_wconf 91' lang='lat' dir='ltr'>ei</span> <span class='ocrx_word' id='word_1_597' title='bbox 663 4180 890 4253; x_wconf 88' lang='lat' dir='ltr'>lapides</span> <span class='ocrx_word' id='word_1_598' title='bbox 916 4184 1015 4254; x_wconf 92' lang='lat' dir='ltr'>qui</span> <span class='ocrx_word' id='word_1_599' title='bbox 1039 4186 1334 4257; x_wconf 89' lang='lat' dir='ltr'>reprobati</span> <span class='ocrx_word' id='word_1_600' title='bbox 1350 4194 1534 4253; x_wconf 91' lang='lat' dir='ltr'>erant,</span> <span class='ocrx_word' id='word_1_601' title='bbox 1555 4195 1611 4246; x_wconf 90' lang='lat' dir='ltr'>et</span> <span class='ocrx_word' id='word_1_602' title='bbox 1631 4193 1804 4264; x_wconf 89' lang='lat' dir='ltr'>positi</span> <span class='ocrx_word' id='word_1_603' title='bbox 1828 4194 1982 4248; x_wconf 91' lang='lat' dir='ltr'>circa</span> <span class='ocrx_word' id='word_1_604' title='bbox 2001 4193 2210 4249; x_wconf 90' lang='lat' dir='ltr'>turrim</span> <span class='ocrx_word' id='word_1_605' title='bbox 2239 4213 2251 4261; x_wconf 90' lang='lat'>;</span> <span class='ocrx_word' id='word_1_606' title='bbox 2279 4199 2337 4249; x_wconf 91' lang='lat' dir='ltr'>et</span> <span class='ocrx_word' id='word_1_607' title='bbox 2354 4194 2436 4249; x_wconf 90' lang='lat' dir='ltr'>ait</span> <span class='ocrx_word' id='word_1_608' title='bbox 2458 4194 2528 4248; x_wconf 92' lang='lat' dir='ltr'>ad</span> <span class='ocrx_word' id='word_1_609' title='bbox 2554 4193 2720 4249; x_wconf 92' lang='lat' dir='ltr'>illum</span> <span class='ocrx_word' id='word_1_610' title='bbox 2747 4212 2759 4248; x_wconf 92' lang='lat'>:</span> <span class='ocrx_word' id='word_1_611' title='bbox 2783 4194 2982 4249; x_wconf 87' lang='lat' dir='ltr'>Comm</span> <span class='ocrx_word' id='word_1_612' title='bbox 2994 4194 3152 4248; x_wconf 90' lang='lat' dir='ltr'>unda</span> <span class='ocrx_word' id='word_1_613' title='bbox 3171 4192 3484 4264; x_wconf 88' lang='lat' dir='ltr'>diligenter</span> <span class='ocrx_word' id='word_1_614' title='bbox 3500 4192 3726 4264; x_wconf 86' lang='lat' dir='ltr'>lapides</span> 
     </span>
    </p>
   </div>
   <div class='ocr_carea' id='block_1_43' title="bbox 314 4265 3702 4356">
    <p class='ocr_par' dir='ltr' id='par_1_43' title="bbox 314 4265 3702 4356">
     <span class='ocr_line' id='line_1_43' title="bbox 314 4265 3702 4356; baseline 0.004 -34"><span class='ocrx_word' id='word_1_615' title='bbox 314 4265 443 4335; x_wconf 86' lang='lat' dir='ltr'>hos,</span> <span class='ocrx_word' id='word_1_616' title='bbox 476 4273 533 4325; x_wconf 89' lang='lat' dir='ltr'>et</span> <span class='ocrx_word' id='word_1_617' title='bbox 566 4273 701 4341; x_wconf 87' lang='lat' dir='ltr'>apta</span> <span class='ocrx_word' id='word_1_618' title='bbox 730 4271 790 4326; x_wconf 90' lang='lat' dir='ltr'>in</span> <span class='ocrx_word' id='word_1_619' title='bbox 824 4275 1186 4329; x_wconf 88' lang='lat' dir='ltr'>structuram</span> <span class='ocrx_word' id='word_1_620' title='bbox 1220 4276 1330 4348; x_wconf 80' lang='grc'>(10)</span> <span class='ocrx_word' id='word_1_621' title='bbox 1365 4280 1565 4346; x_wconf 89' lang='lat' dir='ltr'>turris,</span> <span class='ocrx_word' id='word_1_622' title='bbox 1600 4285 1665 4336; x_wconf 94' lang='lat' dir='ltr'>ut</span> <span class='ocrx_word' id='word_1_623' title='bbox 1693 4298 1824 4337; x_wconf 90' lang='lat' dir='ltr'>cum</span> <span class='ocrx_word' id='word_1_624' title='bbox 1859 4284 2080 4338; x_wconf 71' lang='lat' dir='ltr'>caeteris</span> <span class='ocrx_word' id='word_1_625' title='bbox 2111 4283 2340 4356; x_wconf 91' lang='lat' dir='ltr'>possint</span> <span class='ocrx_word' id='word_1_626' title='bbox 2370 4283 2674 4339; x_wconf 87' lang='lat' dir='ltr'>convenire</span> <span class='ocrx_word' id='word_1_627' title='bbox 2701 4301 2713 4348; x_wconf 89' lang='lat'><strong>;</strong></span> <span class='ocrx_word' id='word_1_628' title='bbox 2749 4299 2845 4338; x_wconf 90' lang='lat' dir='ltr'>eos</span> <span class='ocrx_word' id='word_1_629' title='bbox 2869 4287 3061 4339; x_wconf 88' lang='lat' dir='ltr'>autem</span> <span class='ocrx_word' id='word_1_630' title='bbox 3086 4282 3184 4352; x_wconf 93' lang='lat' dir='ltr'>qui</span> <span class='ocrx_word' id='word_1_631' title='bbox 3209 4297 3323 4336; x_wconf 90' lang='lat' dir='ltr'>non</span> <span class='ocrx_word' id='word_1_632' title='bbox 3352 4281 3702 4336; x_wconf 88' lang='lat' dir='ltr'>conveniunt</span> 
     </span>
    </p>
   </div>
   <div class='ocr_carea' id='block_1_44' title="bbox 1477 4395 2547 4455">
    <p class='ocr_par' dir='ltr' id='par_1_44' title="bbox 1477 4395 2547 4455">
     <span class='ocr_line' id='line_1_44' title="bbox 1477 4395 2547 4455; baseline 0.003 -4"><span class='ocrx_word' id='word_1_633' title='bbox 1477 4395 1707 4452; x_wconf 72' lang='lat' dir='ltr'>VARI/E</span> <span class='ocrx_word' id='word_1_634' title='bbox 1747 4398 2137 4455; x_wconf 89' lang='lat' dir='ltr'>LECTIONES</span> <span class='ocrx_word' id='word_1_635' title='bbox 2195 4400 2285 4455; x_wconf 90' lang='lat' dir='ltr'>ET</span> <span class='ocrx_word' id='word_1_636' title='bbox 2319 4399 2547 4455; x_wconf 71' lang='grc' dir='ltr'>ΝΟΤίΈ.</span> 
     </span>
    </p>
   </div>
   <div class='ocr_carea' id='block_1_45' title="bbox 399 4480 3543 4568">
    <p class='ocr_par' dir='ltr' id='par_1_45' title="bbox 399 4480 3543 4568">
     <span class='ocr_line' id='line_1_45' title="bbox 399 4480 3543 4568; baseline 0.004 -31"><span class='ocrx_word' id='word_1_637' title='bbox 515 4482 722 4568; x_wconf 65' lang='lat' dir='ltr'>_Lamb.</span> <span class='ocrx_word' id='word_1_638' title='bbox 753 4487 868 4568; x_wconf 52' lang='lat' dir='ltr'>[u‘it</span> <span class='ocrx_word' id='word_1_639' title='bbox 888 4504 910 4540; x_wconf 89' lang='grc'>.·</span> <span class='ocrx_word' id='word_1_640' title='bbox 939 4488 1192 4568; x_wconf 60' lang='lat' dir='ltr'>futurum</span> <span class='ocrx_word' id='word_1_641' title='bbox 1220 4490 1398 4568; x_wconf 51' lang='lat' dir='ltr'>enim,</span> <span class='ocrx_word' id='word_1_642' title='bbox 1422 4499 1483 4547; x_wconf 73' lang='lat' dir='ltr'>ut</span> <span class='ocrx_word' id='word_1_643' title='bbox 1508 4493 1826 4568; x_wconf 52' lang='lat' dir='ltr'>ediﬁcetur.</span> <span class='ocrx_word' id='word_1_644' title='bbox 2144 4498 2256 4568; x_wconf 79' lang='grc'>(94)</span> <span class='ocrx_word' id='word_1_645' title='bbox 2289 4497 2428 4551; x_wconf 89' lang='lat' dir='ltr'>Mss.</span> <span class='ocrx_word' id='word_1_646' title='bbox 2460 4496 2628 4568; x_wconf 85' lang='lat' dir='ltr'>Angl.</span> <span class='ocrx_word' id='word_1_647' title='bbox 2659 4503 2970 4568; x_wconf 74' lang='lat' dir='ltr'>venturum.</span> <span class='ocrx_word' id='word_1_648' title='bbox 3007 4496 3208 4550; x_wconf 90' lang='lat' dir='ltr'>Lamb.</span> <span class='ocrx_word' id='word_1_649' title='bbox 3243 4496 3378 4568; x_wconf 81' lang='lat' dir='ltr'>add.</span> <span class='ocrx_word' id='word_1_650' title='bbox 3409 4511 3543 4551; x_wconf 71' lang='lat' dir='ltr'>esse.</span> 
     </span>
    </p>
   </div>
   <div class='ocr_carea' id='block_1_46' title="bbox 401 4553 3364 4640">
    <p class='ocr_par' dir='ltr' id='par_1_46' title="bbox 401 4553 3364 4640">
     <span class='ocr_line' id='line_1_46' title="bbox 401 4553 3364 4640; baseline 0.004 -33"><span class='ocrx_word' id='word_1_651' title='bbox 515 4553 848 4640; x_wconf 47' lang='lat' dir='ltr'>hlss.‘Angl.</span> <span class='ocrx_word' id='word_1_652' title='bbox 875 4553 1124 4640; x_wconf 66' lang='lat' dir='ltr'>recedere</span> <span class='ocrx_word' id='word_1_653' title='bbox 1142 4564 1196 4614; x_wconf 76' lang='lat' dir='ltr'>et</span> <span class='ocrx_word' id='word_1_654' title='bbox 1219 4553 1398 4617; x_wconf 66' lang='lat' dir='ltr'>veluti</span> <span class='ocrx_word' id='word_1_655' title='bbox 1424 4553 1699 4634; x_wconf 70' lang='lat' dir='ltr'>quiescere</span> <span class='ocrx_word' id='word_1_656' title='bbox 1722 4569 1958 4638; x_wconf 77' lang='lat' dir='ltr'>aliquid.</span> <span class='ocrx_word' id='word_1_657' title='bbox 2143 4553 2255 4640; x_wconf 75' lang='lat'>(95)</span> <span class='ocrx_word' id='word_1_658' title='bbox 2285 4569 2423 4623; x_wconf 92' lang='lat' dir='ltr'>Mss.</span> <span class='ocrx_word' id='word_1_659' title='bbox 2460 4553 2632 4637; x_wconf 65' lang='lat' dir='ltr'>Angl.</span> <span class='ocrx_word' id='word_1_660' title='bbox 2665 4567 2994 4635; x_wconf 68' lang='lat' dir='ltr'>dignitosos,</span> <span class='ocrx_word' id='word_1_661' title='bbox 3028 4573 3093 4640; x_wconf 89' lang='lat' dir='ltr'>ut</span> <span class='ocrx_word' id='word_1_662' title='bbox 3123 4567 3364 4638; x_wconf 89' lang='lat' dir='ltr'>passim.</span> 
     </span>
    </p>
   </div>
   <div class='ocr_carea' id='block_1_47' title="bbox 397 4623 3322 4710">
    <p class='ocr_par' dir='ltr' id='par_1_47' title="bbox 397 4623 3322 4710">
     <span class='ocr_line' id='line_1_47' title="bbox 397 4623 3322 4710; baseline 0.005 -33"><span class='ocrx_word' id='word_1_663' title='bbox 520 4625 720 4710; x_wconf 72' lang='lat' dir='ltr'>Lamb.</span> <span class='ocrx_word' id='word_1_664' title='bbox 750 4623 1077 4684; x_wconf 57' lang='lat' dir='ltr'>recederent.</span> <span class='ocrx_word' id='word_1_665' title='bbox 1480 4707 1487 4710; x_wconf 85' lang='lat'>_</span> <span class='ocrx_word' id='word_1_666' title='bbox 1817 4623 1834 4638; x_wconf 70' lang='grc'><strong><em>³</em></strong></span> <span class='ocrx_word' id='word_1_667' title='bbox 1949 4623 1953 4624; x_wconf 17' lang='grc' dir='ltr'><em>ν</em></span> <span class='ocrx_word' id='word_1_668' title='bbox 2144 4623 2256 4710; x_wconf 79' lang='grc'>(96)</span> <span class='ocrx_word' id='word_1_669' title='bbox 2287 4640 2487 4693; x_wconf 91' lang='lat' dir='ltr'>Lamb.</span> <span class='ocrx_word' id='word_1_670' title='bbox 2521 4623 2880 4693; x_wconf 49' lang='lat' dir='ltr'>uocum-erunt</span> <span class='ocrx_word' id='word_1_671' title='bbox 2907 4623 3150 4694; x_wconf 57' lang='lat' dir='ltr'>osculari</span> <span class='ocrx_word' id='word_1_672' title='bbox 3177 4655 3322 4692; x_wconf 84' lang='lat' dir='ltr'>eum.</span> 
     </span>
    </p>
   </div>
   <div class='ocr_carea' id='block_1_48' title="bbox 372 4695 2857 4782">
    <p class='ocr_par' dir='ltr' id='par_1_48' title="bbox 372 4695 2857 4782">
     <span class='ocr_line' id='line_1_48' title="bbox 372 4695 2857 4782; baseline 0.006 -33"><span class='ocrx_word' id='word_1_673' title='bbox 519 4696 950 4782; x_wconf 49' lang='lat' dir='ltr'>Lamb‘.‘omgzes</span> <span class='ocrx_word' id='word_1_674' title='bbox 980 4711 1332 4782; x_wconf 43' lang='lat' dir='ltr'>recesserunt,</span> <span class='ocrx_word' id='word_1_675' title='bbox 1365 4705 1506 4782; x_wconf 44' lang='lat' dir='ltr'>dimi.</span> <span class='ocrx_word' id='word_1_676' title='bbox 1582 4778 1593 4782; x_wconf 87' lang='lat'>_</span> <span class='ocrx_word' id='word_1_677' title='bbox 1710 4779 1751 4782; x_wconf 15' lang='grc' dir='ltr'>Α-</span> <span class='ocrx_word' id='word_1_678' title='bbox 1897 4781 1905 4782; x_wconf 17' lang='lat'><em>7</em></span> <span class='ocrx_word' id='word_1_679' title='bbox 2289 4711 2490 4765; x_wconf 91' lang='lat' dir='ltr'>Lamb.</span> <span class='ocrx_word' id='word_1_680' title='bbox 2525 4710 2686 4782; x_wconf 87' lang='lat' dir='ltr'>deest</span> <span class='ocrx_word' id='word_1_681' title='bbox 2714 4727 2857 4765; x_wconf 82' lang='lat' dir='ltr'>eum.</span> 
     </span>
    </p>
   </div>
   <div class='ocr_carea' id='block_1_49' title="bbox 371 4765 3042 4852">
    <p class='ocr_par' dir='ltr' id='par_1_49' title="bbox 371 4765 3042 4852">
     <span class='ocr_line' id='line_1_49' title="bbox 371 4765 3042 4852; baseline 0.007 -35"><span class='ocrx_word' id='word_1_682' title='bbox 371 4765 500 4852; x_wconf 77' lang='lat'>(87)</span> <span class='ocrx_word' id='word_1_683' title='bbox 519 4767 602 4822; x_wconf 90' lang='lat' dir='ltr'>Ita</span> <span class='ocrx_word' id='word_1_684' title='bbox 637 4769 823 4824; x_wconf 83' lang='lat' dir='ltr'>Fellus</span> <span class='ocrx_word' id='word_1_685' title='bbox 853 4770 911 4824; x_wconf 91' lang='lat' dir='ltr'>in</span> <span class='ocrx_word' id='word_1_686' title='bbox 949 4772 1086 4827; x_wconf 90' lang='lat' dir='ltr'>edit.</span> <span class='ocrx_word' id='word_1_687' title='bbox 1123 4765 1407 4830; x_wconf 35' lang='lat' dir='ltr'>Oxonfex</span> <span class='ocrx_word' id='word_1_688' title='bbox 1436 4777 1636 4832; x_wconf 89' lang='lat' dir='ltr'>Lamb.</span> <span class='ocrx_word' id='word_1_689' title='bbox 1694 4779 1778 4833; x_wconf 82' lang='lat' dir='ltr'>Al.</span> <span class='ocrx_word' id='word_1_690' title='bbox 1810 4781 1958 4837; x_wconf 57' lang='grc' dir='ltr'>καί·</span> <span class='ocrx_word' id='word_1_691' title='bbox 2143 4765 2254 4852; x_wconf 75' lang='lat'>(98)</span> <span class='ocrx_word' id='word_1_692' title='bbox 2287 4782 2424 4836; x_wconf 91' lang='lat' dir='ltr'>Mss.</span> <span class='ocrx_word' id='word_1_693' title='bbox 2461 4781 2608 4852; x_wconf 86' lang='lat' dir='ltr'>Angl</span> <span class='ocrx_word' id='word_1_694' title='bbox 2663 4789 3042 4851; x_wconf 76' lang='lat' dir='ltr'>pertractaret.</span> 
     </span>
    </p>
   </div>
   <div class='ocr_carea' id='block_1_50' title="bbox 296 4834 2968 4926">
    <p class='ocr_par' dir='ltr' id='par_1_50' title="bbox 296 4834 2968 4926">
     <span class='ocr_line' id='line_1_50' title="bbox 296 4834 2968 4926; baseline 0.006 -36"><span class='ocrx_word' id='word_1_695' title='bbox 296 4834 588 4926; x_wconf 43' lang='lat' dir='ltr'>ﬁcorogtz‘tr.</span> <span class='ocrx_word' id='word_1_696' title='bbox 701 4912 716 4926; x_wconf 34' lang='grc' dir='ltr'>ι</span> <span class='ocrx_word' id='word_1_697' title='bbox 817 4910 830 4926; x_wconf 34' lang='grc' dir='ltr'><strong>ι</strong></span> <span class='ocrx_word' id='word_1_698' title='bbox 1077 4913 1088 4926; x_wconf 30' lang='grc'><strong>1</strong></span> <span class='ocrx_word' id='word_1_699' title='bbox 1247 4925 1253 4926; x_wconf 14' lang='grc' dir='ltr'>ί</span> <span class='ocrx_word' id='word_1_700' title='bbox 1356 4923 1363 4926; x_wconf 95' lang='lat'>_</span> <span class='ocrx_word' id='word_1_701' title='bbox 1622 4919 1658 4926; x_wconf 90' lang='lat'>__</span> <span class='ocrx_word' id='word_1_702' title='bbox 2143 4834 2252 4926; x_wconf 57' lang='lat'>(995</span> <span class='ocrx_word' id='word_1_703' title='bbox 2289 4834 2485 4926; x_wconf 42' lang='lat' dir='ltr'>tam),</span> <span class='ocrx_word' id='word_1_704' title='bbox 2514 4834 2968 4926; x_wconf 62' lang='grc' dir='ltr'>ηῖαηίίρενεεάζι.</span> 
     </span>
    </p>
   </div>
   <div class='ocr_carea' id='block_1_51' title="bbox 369 4907 3280 4998">
    <p class='ocr_par' dir='ltr' id='par_1_51' title="bbox 369 4907 3280 4998">
     <span class='ocr_line' id='line_1_51' title="bbox 369 4907 3280 4998; baseline 0.005 -36"><span class='ocrx_word' id='word_1_705' title='bbox 513 4907 652 4998; x_wconf 53' lang='lat' dir='ltr'>Mss.</span> <span class='ocrx_word' id='word_1_706' title='bbox 685 4910 855 4998; x_wconf 46' lang='lat' dir='ltr'>angi.</span> <span class='ocrx_word' id='word_1_707' title='bbox 891 4913 1274 4998; x_wconf 65' lang='lat' dir='ltr'>ascenderunt,</span> <span class='ocrx_word' id='word_1_708' title='bbox 1309 4923 1374 4972; x_wconf 90' lang='lat' dir='ltr'>ut</span> <span class='ocrx_word' id='word_1_709' title='bbox 1403 4935 1556 4991; x_wconf 71' lang='lat' dir='ltr'>saepe</span> <span class='ocrx_word' id='word_1_710' title='bbox 1587 4919 1752 4978; x_wconf 88' lang='lat' dir='ltr'>alias.</span> <span class='ocrx_word' id='word_1_711' title='bbox 2142 4907 2301 4998; x_wconf 57' lang='lat'>(106)</span> <span class='ocrx_word' id='word_1_712' title='bbox 2322 4924 2523 4978; x_wconf 90' lang='lat' dir='ltr'>Lamb.</span> <span class='ocrx_word' id='word_1_713' title='bbox 2553 4907 2770 4998; x_wconf 64' lang='lat' dir='ltr'>desunt</span> <span class='ocrx_word' id='word_1_714' title='bbox 2801 4925 3120 4995; x_wconf 71' lang='lat' dir='ltr'>quidam...</span> <span class='ocrx_word' id='word_1_715' title='bbox 3148 4923 3280 4978; x_wconf 76' lang='lat' dir='ltr'>albi.</span> 
     </span>
    </p>
   </div>
   <div class='ocr_carea' id='block_1_52' title="bbox 392 4978 2769 5068">
    <p class='ocr_par' dir='ltr' id='par_1_52' title="bbox 392 4978 2769 5068">
     <span class='ocr_line' id='line_1_52' title="bbox 392 4978 2769 5068; baseline 0.006 -34"><span class='ocrx_word' id='word_1_716' title='bbox 515 4981 655 5068; x_wconf 62' lang='lat' dir='ltr'>hlss.</span> <span class='ocrx_word' id='word_1_717' title='bbox 683 4978 858 5068; x_wconf 42' lang='lat' dir='ltr'>A‘ngl‘.</span> <span class='ocrx_word' id='word_1_718' title='bbox 893 4985 1097 5068; x_wconf 65' lang='lat' dir='ltr'>ierunt.</span> <span class='ocrx_word' id='word_1_719' title='bbox 1422 5065 1429 5068; x_wconf 24' lang='grc' dir='ltr'><strong>Α</strong></span> <span class='ocrx_word' id='word_1_720' title='bbox 1485 4978 1503 4991; x_wconf 62' lang='grc'><strong>⁸</strong></span> <span class='ocrx_word' id='word_1_721' title='bbox 1752 5061 1776 5068; x_wconf 94' lang='lat'><em>_</em></span> <span class='ocrx_word' id='word_1_722' title='bbox 1900 5062 1912 5068; x_wconf 89' lang='lat'><strong><em>_</em></strong></span> <span class='ocrx_word' id='word_1_723' title='bbox 2143 4978 2220 5068; x_wconf 77' lang='grc'>(1)</span> <span class='ocrx_word' id='word_1_724' title='bbox 2247 4978 2390 5050; x_wconf 74' lang='lat' dir='ltr'>Mss.</span> <span class='ocrx_word' id='word_1_725' title='bbox 2423 4994 2590 5068; x_wconf 80' lang='lat' dir='ltr'>Angl.</span> <span class='ocrx_word' id='word_1_726' title='bbox 2627 4995 2769 5051; x_wconf 77' lang='lat' dir='ltr'>boni.</span> 
     </span>
    </p>
   </div>
   <div class='ocr_carea' id='block_1_53' title="bbox 392 5051 2926 5138">
    <p class='ocr_par' dir='ltr' id='par_1_53' title="bbox 392 5051 2926 5138">
     <span class='ocr_line' id='line_1_53' title="bbox 392 5051 2926 5138; baseline 0.006 -33"><span class='ocrx_word' id='word_1_727' title='bbox 392 5051 482 5121; x_wconf 89' lang='grc'>90)</span> <span class='ocrx_word' id='word_1_728' title='bbox 547 5052 655 5138; x_wconf 58' lang='lat' dir='ltr'>lyIs:</span> <span class='ocrx_word' id='word_1_729' title='bbox 715 5051 872 5138; x_wconf 67' lang='lat' dir='ltr'>Vict.</span> <span class='ocrx_word' id='word_1_730' title='bbox 914 5056 1317 5138; x_wconf 57' lang='lat' dir='ltr'>fundamentis</span> <span class='ocrx_word' id='word_1_731' title='bbox 1383 5065 1691 5120; x_wconf 64' lang='lat' dir='ltr'>structurae.</span> <span class='ocrx_word' id='word_1_732' title='bbox 1752 5061 1955 5117; x_wconf 89' lang='lat' dir='ltr'>Lamb.</span> <span class='ocrx_word' id='word_1_733' title='bbox 2251 5068 2389 5121; x_wconf 90' lang='lat' dir='ltr'>Mss.</span> <span class='ocrx_word' id='word_1_734' title='bbox 2424 5051 2592 5135; x_wconf 65' lang='lat' dir='ltr'>Angl.</span> <span class='ocrx_word' id='word_1_735' title='bbox 2626 5068 2926 5138; x_wconf 80' lang='lat' dir='ltr'>apportari.</span> 
     </span>
    </p>
   </div>
   <div class='ocr_carea' id='block_1_54' title="bbox 293 5123 3560 5209">
    <p class='ocr_par' dir='ltr' id='par_1_54' title="bbox 293 5123 3560 5209">
     <span class='ocr_line' id='line_1_54' title="bbox 293 5123 3560 5209; baseline 0.004 -29"><span class='ocrx_word' id='word_1_736' title='bbox 293 5136 536 5209; x_wconf 43' lang='lat' dir='ltr'>quoque,</span> <span class='ocrx_word' id='word_1_737' title='bbox 559 5123 769 5209; x_wconf 80' lang='lat' dir='ltr'>habet,_</span> <span class='ocrx_word' id='word_1_738' title='bbox 787 5123 1189 5196; x_wconf 69' lang='lat' dir='ltr'>fundamentis.</span> <span class='ocrx_word' id='word_1_739' title='bbox 2141 5123 2216 5209; x_wconf 76' lang='lat'>(‘35</span> <span class='ocrx_word' id='word_1_740' title='bbox 2260 5138 2460 5191; x_wconf 90' lang='lat' dir='ltr'>Lamb.</span> <span class='ocrx_word' id='word_1_741' title='bbox 2496 5123 2803 5192; x_wconf 64' lang='lat' dir='ltr'>i‘z’zati‘s&#39;unt</span> <span class='ocrx_word' id='word_1_742' title='bbox 2833 5155 2946 5208; x_wconf 82' lang='lat' dir='ltr'>per.</span> <span class='ocrx_word' id='word_1_743' title='bbox 2983 5136 3120 5193; x_wconf 90' lang='lat' dir='ltr'>Felli</span> <span class='ocrx_word' id='word_1_744' title='bbox 3157 5141 3352 5193; x_wconf 89' lang='lat' dir='ltr'>autem</span> <span class='ocrx_word' id='word_1_745' title='bbox 3385 5137 3560 5192; x_wconf 84' lang='lat' dir='ltr'>editio</span> 
     </span>
    </p>
   </div>
   <div class='ocr_carea' id='block_1_55' title="bbox 367 5193 2961 5265">
    <p class='ocr_par' dir='ltr' id='par_1_55' title="bbox 367 5193 2961 5265">
     <span class='ocr_line' id='line_1_55' title="bbox 367 5193 2961 5265; baseline 0.006 -17"><span class='ocrx_word' id='word_1_746' title='bbox 367 5193 481 5265; x_wconf 87' lang='grc'>(91)</span> <span class='ocrx_word' id='word_1_747' title='bbox 514 5195 716 5251; x_wconf 91' lang='lat' dir='ltr'>Lamb.</span> <span class='ocrx_word' id='word_1_748' title='bbox 751 5193 862 5253; x_wconf 84' lang='lat' dir='ltr'>loco</span> <span class='ocrx_word' id='word_1_749' title='bbox 893 5215 1010 5253; x_wconf 78' lang='lat' dir='ltr'>suo.</span> <span class='ocrx_word' id='word_1_750' title='bbox 2068 5193 2248 5265; x_wconf 58' lang='lat' dir='ltr'>Orion.</span> <span class='ocrx_word' id='word_1_751' title='bbox 2282 5209 2474 5262; x_wconf 74' lang='lat' dir='ltr'>ablati.</span> <span class='ocrx_word' id='word_1_752' title='bbox 2507 5211 2591 5262; x_wconf 88' lang='lat' dir='ltr'>An</span> <span class='ocrx_word' id='word_1_753' title='bbox 2626 5193 2904 5264; x_wconf 63' lang='lat' dir='ltr'>mendo&#39;se</span> <span class='ocrx_word' id='word_1_754' title='bbox 2940 5211 2961 5263; x_wconf 84' lang='lat'><strong><em>?</em></strong></span> 
     </span>
    </p>
   </div>
   <div class='ocr_carea' id='block_1_56' title="bbox 367 5264 2760 5352">
    <p class='ocr_par' dir='ltr' id='par_1_56' title="bbox 367 5264 2760 5352">
     <span class='ocr_line' id='line_1_56' title="bbox 367 5264 2760 5352; baseline 0.005 -31"><span class='ocrx_word' id='word_1_755' title='bbox 517 5267 605 5352; x_wconf 64' lang='lat' dir='ltr'>Ita</span> <span class='ocrx_word' id='word_1_756' title='bbox 634 5270 1005 5352; x_wconf 25' lang='lat' dir='ltr'>pssumiqu</span> <span class='ocrx_word' id='word_1_757' title='bbox 1038 5268 1194 5352; x_wconf 55' lang='lat' dir='ltr'>Vict:</span> <span class='ocrx_word' id='word_1_758' title='bbox 1219 5271 1493 5352; x_wconf 63' lang='lat' dir='ltr'>etCarm.</span> <span class='ocrx_word' id='word_1_759' title='bbox 1524 5277 1702 5352; x_wconf 63' lang='lat' dir='ltr'>pditi,</span> <span class='ocrx_word' id='word_1_760' title='bbox 1743 5275 1952 5352; x_wconf 71' lang='lat' dir='ltr'>tardus.</span> <span class='ocrx_word' id='word_1_761' title='bbox 2089 5264 2092 5265; x_wconf 13' lang='grc' dir='ltr'><em>ν</em></span> <span class='ocrx_word' id='word_1_762' title='bbox 2141 5283 2215 5352; x_wconf 83' lang='grc'>(4)</span> <span class='ocrx_word' id='word_1_763' title='bbox 2251 5281 2426 5352; x_wconf 91' lang='lat' dir='ltr'>_Lamb</span> <span class='ocrx_word' id='word_1_764' title='bbox 2482 5281 2760 5334; x_wconf 79' lang='lat' dir='ltr'>translatz.</span> 
     </span>
    </p>
   </div>
   <div class='ocr_carea' id='block_1_57' title="bbox 368 5335 3717 5422">
    <p class='ocr_par' dir='ltr' id='par_1_57' title="bbox 368 5335 3717 5422">
     <span class='ocr_line' id='line_1_57' title="bbox 368 5335 3717 5422; baseline 0.005 -33"><span class='ocrx_word' id='word_1_765' title='bbox 368 5335 483 5410; x_wconf 90' lang='lat'>(93)</span> <span class='ocrx_word' id='word_1_766' title='bbox 516 5335 602 5394; x_wconf 89' lang='lat' dir='ltr'>Ita</span> <span class='ocrx_word' id='word_1_767' title='bbox 634 5339 846 5422; x_wconf 58' lang='lat' dir='ltr'>Lamb.</span> <span class='ocrx_word' id='word_1_768' title='bbox 899 5335 998 5422; x_wconf 70' lang='lat' dir='ltr'>Ita</span> <span class='ocrx_word' id='word_1_769' title='bbox 1043 5346 1100 5396; x_wconf 87' lang='lat' dir='ltr'>et</span> <span class='ocrx_word' id='word_1_770' title='bbox 1153 5342 1292 5398; x_wconf 86' lang='lat' dir='ltr'>Felli</span> <span class='ocrx_word' id='word_1_771' title='bbox 1343 5346 1482 5402; x_wconf 90' lang='lat' dir='ltr'>edit.</span> <span class='ocrx_word' id='word_1_772' title='bbox 1516 5335 1812 5422; x_wconf 56' lang='lat' dir='ltr'>Oxon._l\l.</span> <span class='ocrx_word' id='word_1_773' title='bbox 1846 5363 1956 5402; x_wconf 82' lang='lat' dir='ltr'>non</span> <span class='ocrx_word' id='word_1_774' title='bbox 2251 5350 2330 5405; x_wconf 88' lang='lat' dir='ltr'>Ita</span> <span class='ocrx_word' id='word_1_775' title='bbox 2362 5352 2534 5405; x_wconf 85' lang='lat' dir='ltr'>Lamb</span> <span class='ocrx_word' id='word_1_776' title='bbox 2595 5352 2764 5416; x_wconf 84' lang='lat' dir='ltr'>Editi,</span> <span class='ocrx_word' id='word_1_777' title='bbox 2823 5353 3066 5422; x_wconf 79' lang='lat' dir='ltr'>formati.</span> <span class='ocrx_word' id='word_1_778' title='bbox 3120 5351 3262 5407; x_wconf 89' lang='lat' dir='ltr'>Vide</span> <span class='ocrx_word' id='word_1_779' title='bbox 3291 5351 3443 5405; x_wconf 78' lang='lat' dir='ltr'>infra</span> <span class='ocrx_word' id='word_1_780' title='bbox 3473 5354 3592 5404; x_wconf 91' lang='lat' dir='ltr'>not.</span> <span class='ocrx_word' id='word_1_781' title='bbox 3627 5351 3717 5407; x_wconf 90' lang='lat'>30.</span> 
     </span>
    </p>
   </div>
   <div class='ocr_carea' id='block_1_58' title="bbox 293 5411 3582 5534">
    <p class='ocr_par' dir='ltr' id='par_1_58' title="bbox 293 5411 3582 5534">
     <span class='ocr_line' id='line_1_58' title="bbox 299 5411 3582 5493; baseline 0.005 -34"><span class='ocrx_word' id='word_1_782' title='bbox 299 5420 606 5478; x_wconf 75' lang='lat' dir='ltr'>cognosces.</span> <span class='ocrx_word' id='word_1_783' title='bbox 672 5411 965 5493; x_wconf 75' lang='lat' dir='ltr'>Qmittunt</span> <span class='ocrx_word' id='word_1_784' title='bbox 1019 5429 1251 5485; x_wconf 90' lang='lat' dir='ltr'>quoque</span> <span class='ocrx_word' id='word_1_785' title='bbox 1308 5433 1437 5482; x_wconf 83' lang='lat' dir='ltr'>non,</span> <span class='ocrx_word' id='word_1_786' title='bbox 1501 5436 1640 5474; x_wconf 91' lang='lat' dir='ltr'>mss.</span> <span class='ocrx_word' id='word_1_787' title='bbox 1701 5419 1846 5474; x_wconf 91' lang='lat' dir='ltr'>Vict.</span> <span class='ocrx_word' id='word_1_788' title='bbox 1899 5423 1956 5473; x_wconf 91' lang='lat' dir='ltr'>et</span> <span class='ocrx_word' id='word_1_789' title='bbox 2250 5423 2342 5476; x_wconf 86' lang='lat' dir='ltr'>Sic</span> <span class='ocrx_word' id='word_1_790' title='bbox 2377 5423 2577 5476; x_wconf 89' lang='lat' dir='ltr'>Lamb.</span> <span class='ocrx_word' id='word_1_791' title='bbox 2613 5429 2669 5477; x_wconf 91' lang='lat' dir='ltr'>et</span> <span class='ocrx_word' id='word_1_792' title='bbox 2717 5411 2852 5477; x_wconf 41' lang='lat' dir='ltr'>F&#39;elli</span> <span class='ocrx_word' id='word_1_793' title='bbox 2885 5423 3022 5476; x_wconf 91' lang='lat' dir='ltr'>edit.</span> <span class='ocrx_word' id='word_1_794' title='bbox 3058 5423 3235 5478; x_wconf 84' lang='lat' dir='ltr'>Oxon.</span> <span class='ocrx_word' id='word_1_795' title='bbox 3268 5422 3354 5476; x_wconf 86' lang='lat' dir='ltr'>Al.</span> <span class='ocrx_word' id='word_1_796' title='bbox 3390 5422 3582 5477; x_wconf 81' lang='lat' dir='ltr'>locum.</span> 
     </span>
     <span class='ocr_line' id='line_1_59' title="bbox 293 5476 3407 5534; baseline 0.001 -3"><span class='ocrx_word' id='word_1_797' title='bbox 293 5476 486 5533; x_wconf 89' lang='lat' dir='ltr'>Carm.</span> <span class='ocrx_word' id='word_1_798' title='bbox 523 5486 592 5534; x_wconf 72' lang='lat' dir='ltr'><strong>At</strong></span> <span class='ocrx_word' id='word_1_799' title='bbox 621 5481 768 5534; x_wconf 70' lang='lat' dir='ltr'>Vlct.</span> <span class='ocrx_word' id='word_1_800' title='bbox 803 5500 921 5534; x_wconf 83' lang='lat' dir='ltr'>Slc:</span> <span class='ocrx_word' id='word_1_801' title='bbox 956 5486 1145 5534; x_wconf 76' lang='lat' dir='ltr'>omnia</span> <span class='ocrx_word' id='word_1_802' title='bbox 1186 5491 1461 5534; x_wconf 72' lang='lat' dir='ltr'>connnsm’:</span> <span class='ocrx_word' id='word_1_803' title='bbox 1525 5502 1640 5534; x_wconf 69' lang='lat' dir='ltr'>nnsl</span> <span class='ocrx_word' id='word_1_804' title='bbox 1673 5510 1684 5520; x_wconf 89' lang='grc'><strong>·</strong></span> <span class='ocrx_word' id='word_1_805' title='bbox 1725 5491 1944 5534; x_wconf 63' lang='lat' dir='ltr'>uidebis,</span> <span class='ocrx_word' id='word_1_806' title='bbox 2139 5498 2214 5534; x_wconf 74' lang='lat'>(&#39;7)</span> <span class='ocrx_word' id='word_1_807' title='bbox 2248 5494 2428 5534; x_wconf 61' lang='grc' dir='ltr'>[ητηῆ</span> <span class='ocrx_word' id='word_1_808' title='bbox 2483 5502 2532 5534; x_wconf 76' lang='lat' dir='ltr'>pl</span> <span class='ocrx_word' id='word_1_809' title='bbox 2563 5495 2767 5534; x_wconf 76' lang='lat' dir='ltr'>rhnmm</span> <span class='ocrx_word' id='word_1_810' title='bbox 2792 5498 2904 5534; x_wconf 69' lang='lat' dir='ltr'>ornt</span> <span class='ocrx_word' id='word_1_811' title='bbox 2962 5505 3011 5534; x_wconf 74' lang='lat' dir='ltr'><strong><em>pl</em></strong></span> <span class='ocrx_word' id='word_1_812' title='bbox 3049 5495 3265 5534; x_wconf 57' lang='lat' dir='ltr'>Inv-llum</span> <span class='ocrx_word' id='word_1_813' title='bbox 3296 5509 3407 5534; x_wconf 57' lang='lat' dir='ltr'>pem</span> 
     </span>
    </p>
   </div>
   <div class='ocr_carea' id='block_1_59' title="bbox 290 5486 3425 5638">
    <p class='ocr_par' dir='ltr' id='par_1_59' title="bbox 290 5486 3425 5638">
     <span class='ocr_line' id='line_1_60' title="bbox 293 5486 3425 5564; baseline 0.005 -33"><span class='ocrx_word' id='word_1_814' title='bbox 293 5486 486 5533; x_wconf 81' lang='lat' dir='ltr'>Uarm.</span> <span class='ocrx_word' id='word_1_815' title='bbox 523 5486 592 5536; x_wconf 84' lang='lat' dir='ltr'>At</span> <span class='ocrx_word' id='word_1_816' title='bbox 621 5486 768 5537; x_wconf 90' lang='lat' dir='ltr'>Vict.</span> <span class='ocrx_word' id='word_1_817' title='bbox 803 5486 921 5538; x_wconf 90' lang='lat' dir='ltr'>sic:</span> <span class='ocrx_word' id='word_1_818' title='bbox 956 5486 1145 5540; x_wconf 75' lang='lat' dir='ltr'>omnia</span> <span class='ocrx_word' id='word_1_819' title='bbox 1186 5491 1461 5556; x_wconf 71' lang='lat' dir='ltr'>cognosci:</span> <span class='ocrx_word' id='word_1_820' title='bbox 1521 5502 1684 5561; x_wconf 79' lang='lat' dir='ltr'>post;</span> <span class='ocrx_word' id='word_1_821' title='bbox 1725 5491 1949 5546; x_wconf 75' lang='lat' dir='ltr'>videbis.</span> <span class='ocrx_word' id='word_1_822' title='bbox 2139 5486 2214 5564; x_wconf 84' lang='lat'>(7)</span> <span class='ocrx_word' id='word_1_823' title='bbox 2248 5494 2449 5548; x_wconf 89' lang='lat' dir='ltr'>Lamb.</span> <span class='ocrx_word' id='word_1_824' title='bbox 2483 5502 2532 5549; x_wconf 77' lang='lat' dir='ltr'>et</span> <span class='ocrx_word' id='word_1_825' title='bbox 2563 5495 2770 5548; x_wconf 83' lang='lat' dir='ltr'>durum</span> <span class='ocrx_word' id='word_1_826' title='bbox 2792 5498 2926 5564; x_wconf 87' lang='lat' dir='ltr'>erat,</span> <span class='ocrx_word' id='word_1_827' title='bbox 2961 5505 3011 5548; x_wconf 79' lang='lat' dir='ltr'>et</span> <span class='ocrx_word' id='word_1_828' title='bbox 3049 5495 3266 5548; x_wconf 81' lang='lat' dir='ltr'>tardum</span> <span class='ocrx_word' id='word_1_829' title='bbox 3295 5509 3425 5549; x_wconf 73' lang='lat' dir='ltr'>esse.</span> 
     </span>
     <span class='ocr_line' id='line_1_61' title="bbox 290 5551 2782 5638; baseline 0.006 -34"><span class='ocrx_word' id='word_1_830' title='bbox 290 5551 480 5638; x_wconf 51' lang='grc' dir='ltr'>ξειςφ.</span> <span class='ocrx_word' id='word_1_831' title='bbox 512 5569 642 5634; x_wconf 77' lang='lat' dir='ltr'>vero</span> <span class='ocrx_word' id='word_1_832' title='bbox 669 5571 681 5621; x_wconf 83' lang='lat'><strong>;</strong></span> <span class='ocrx_word' id='word_1_833' title='bbox 712 5570 1068 5638; x_wconf 36' lang='grc' dir='ltr'>ολςορῃοεεεε</span> <span class='ocrx_word' id='word_1_834' title='bbox 1095 5574 1236 5638; x_wconf 38' lang='lat' dir='ltr'>p_.._v.</span> <span class='ocrx_word' id='word_1_835' title='bbox 1287 5561 1445 5638; x_wconf 74' lang='lat' dir='ltr'>Quae</span> <span class='ocrx_word' id='word_1_836' title='bbox 1476 5563 1951 5638; x_wconf 38' lang='lat' dir='ltr'>.mss._lectioges</span> <span class='ocrx_word' id='word_1_837' title='bbox 2139 5568 2215 5638; x_wconf 91' lang='lat'>(8)</span> <span class='ocrx_word' id='word_1_838' title='bbox 2249 5567 2382 5638; x_wconf 80' lang='lat' dir='ltr'>Mss.</span> <span class='ocrx_word' id='word_1_839' title='bbox 2417 5565 2586 5638; x_wconf 85' lang='lat' dir='ltr'>Angl.</span> <span class='ocrx_word' id='word_1_840' title='bbox 2622 5568 2782 5621; x_wconf 78' lang='lat' dir='ltr'>irent.</span> 
     </span>
    </p>
   </div>
   <div class='ocr_carea' id='block_1_60' title="bbox 289 5618 2949 5710">
    <p class='ocr_par' dir='ltr' id='par_1_60' title="bbox 289 5618 2949 5710">
     <span class='ocr_line' id='line_1_62' title="bbox 289 5618 2949 5710; baseline 0.006 -35"><span class='ocrx_word' id='word_1_841' title='bbox 289 5618 550 5710; x_wconf 58' lang='lat' dir='ltr'>glerjcus</span> <span class='ocrx_word' id='word_1_842' title='bbox 582 5618 1059 5698; x_wconf 59' lang='lat' dir='ltr'>invertit&#39;Neque</span> <span class='ocrx_word' id='word_1_843' title='bbox 1089 5618 1256 5685; x_wconf 75' lang='lat' dir='ltr'>aliter</span> <span class='ocrx_word' id='word_1_844' title='bbox 1287 5618 1608 5690; x_wconf 64' lang='lat' dir='ltr'>Husselius.</span> <span class='ocrx_word' id='word_1_845' title='bbox 1645 5618 1814 5690; x_wconf 85' lang='lat' dir='ltr'>Recte</span> <span class='ocrx_word' id='word_1_846' title='bbox 1846 5634 1948 5689; x_wconf 88' lang='lat' dir='ltr'>Fa-</span> <span class='ocrx_word' id='word_1_847' title='bbox 2248 5618 2388 5710; x_wconf 46' lang='lat' dir='ltr'>iiiis.</span> <span class='ocrx_word' id='word_1_848' title='bbox 2418 5618 2587 5710; x_wconf 59' lang='lat' dir='ltr'>Kiéi.</span> <span class='ocrx_word' id='word_1_849' title='bbox 2620 5618 2949 5708; x_wconf 45' lang='lat' dir='ltr'>diendam.</span> 
     </span>
    </p>
   </div>
   <div class='ocr_carea' id='block_1_61' title="bbox 291 5690 3066 5783">
    <p class='ocr_par' dir='ltr' id='par_1_61' title="bbox 291 5690 3066 5783">
     <span class='ocr_line' id='line_1_63' title="bbox 291 5690 3066 5783; baseline 0.003 -28"><span class='ocrx_word' id='word_1_850' title='bbox 291 5690 535 5749; x_wconf 69' lang='grc' dir='ltr'>δι’ίοίιιεο</span> <span class='ocrx_word' id='word_1_851' title='bbox 961 5690 979 5698; x_wconf 73' lang='grc'><strong>’</strong></span> <span class='ocrx_word' id='word_1_852' title='bbox 2137 5690 2258 5780; x_wconf 66' lang='grc'>(10)⁷</span> <span class='ocrx_word' id='word_1_853' title='bbox 2279 5690 2649 5783; x_wconf 52' lang='lat' dir='ltr'>Lamifﬁb&#39;na</span> <span class='ocrx_word' id='word_1_854' title='bbox 2662 5690 2746 5765; x_wconf 17' lang='grc' dir='ltr'>Ἵῗή</span> <span class='ocrx_word' id='word_1_855' title='bbox 2762 5690 3066 5764; x_wconf 57' lang='lat' dir='ltr'>structura.</span> 
     </span>
    </p>
   </div>
  </div>
