4014 6226
376 297 489 360 987
1868 311 1931 370 S.

2141 314 2277 376 MzE
3622 321 3725 383 988

374 431 543 504 longe
574 450 608 488 a
639 435 785 490 turri
818 435 1105 508 projicies.
1139 439 1267 494 Haec
1297 457 1430 495 cum
1463 443 1831 515 pracepisset
1858 446 1934 512 ei,
1967 462 2100 500 cum
2131 448 2407 503 omnibus
2448 465 2582 504 cum
2637 449 2853 520 quibus
2906 452 3140 504 venerat
3182 450 3253 505 ad
3304 451 3524 518 turrim,
3571 452 3726 508 abiit:

371 522 628 593 virgines
660 529 852 580 autem
886 526 992 580 illa:
1020 532 1308 584 steterunt
1330 531 1480 586 circa
1505 534 1734 600 turrim,
1761 534 2158 590 custodientes
2184 554 2333 591 eam.
2359 538 2426 592 Et
2459 538 2572 592 dixi
2606 540 2675 593 ad
2731 543 3022 610 pastorem
3071 538 3271 594 illum:
3299 541 3547 603 Quonam
3578 542 3730 597 modo

369 618 619 681 possunt
645 613 868 685 lapides
899 616 957 670 hi
984 616 1040 669 in
1076 623 1428 674 structuram
1456 621 1633 690 hujus
1657 624 1854 688 turris,
1887 641 2019 678 cum
2054 627 2342 696 reprobati
2376 627 2493 682 sint
2527 628 2759 683 redire?
2784 629 2848 682 Et
2879 629 3024 682 dixit
3071 627 3252 682 mihi:
3303 633 3412 698 Ego
3455 629 3522 682 de
3551 628 3730 699 lapidi-

368 700 477 755 bus
501 701 628 756 istis
656 705 935 774 majorem
971 711 1194 776 partem
1225 710 1638 764 circumcidam
1671 717 1726 765 et
1757 714 2026 781 adjiciam
2059 714 2114 768 in
2157 721 2536 782 structuram,
2568 721 2623 772 et
2654 717 2998 771 convenient
3051 733 3182 770 cum
3227 716 3464 771 ceteris.
3508 717 3568 770 Et
3595 718 3728 771 dixi:

367 788 487 850 Quo
521 793 712 858 modo,
739 794 995 861 domine,
1022 803 1268 867 possunt
1291 799 1616 854 circumcisi
1647 803 1916 855 eumdem
1950 803 2138 857 locum
2168 805 2406 875 implere
2440 808 2548 876 (11)
2572 807 2598 859 ?
2621 807 2988 876 Quicunque,
3021 805 3230 875 inquit,
3263 806 3510 859 minores
3541 806 3731 860 inventi

370 878 604 943 fuerint,
641 881 698 934 in
733 884 983 937 mediam
1020 891 1371 940 structuram
1399 888 1731 959 ibunt(1‘2);
1769 892 2017 960 majores
2051 909 2182 947 vero
2212 895 2282 948 de
2316 896 2456 949 foris
2490 901 2804 966 ponuntur,
2831 901 2886 948 et
2906 894 3285 948 continebunt
3315 910 3432 948 eos.
3468 898 3586 948 Haec
3616 911 3727 949 cum

371 966 613 1023 dixisset
633 971 769 1024 mihi
796 989 813 1024 :
882 974 1116 1037 Eamus,
1167 975 1382 1046 inquit,
1441 982 1496 1031 et
1542 983 1671 1048 post
1717 980 1976 1034 triduum
2029 988 2422 1050 revertamur;
2457 990 2511 1038 et
2541 985 2889 1038 emundatos
2923 983 3028 1037 hos
3060 981 3279 1052 lapides
3313 982 3368 1036 in
3405 989 3728 1038 structuram

372 1058 669 1127 adjiciam.
704 1065 780 1114 Ea
801 1062 955 1115 enim
990 1080 1114 1133 qua:
1139 1071 1271 1118 sunt
1321 1066 1473 1120 circa
1503 1067 1731 1136 turrim,
1765 1072 2168 1124 commundari
2200 1072 2412 1126 debent
2442 1073 2675 1139 omnia;
2711 1089 2782 1126 ne
2815 1072 2958 1125 forte
2990 1072 3186 1125 subito
3218 1069 3622 1142 paterfamilias
3649 1087 3732 1126 su-

369 1148 685 1215 perveniat,
709 1155 765 1203 et
795 1149 1101 1206 immunda
1118 1171 1183 1208 ea
1213 1172 1338 1224 quae
1372 1157 1523 1210 circa
1553 1157 1760 1210 turrim
1796 1163 1950 1222 sunt,
1980 1159 2254 1230 inveniat,
2284 1166 2339 1215 et
2370 1161 2451 1215 ita
2483 1167 2829 1232 aspernetur
2857 1161 2966 1231 (13)
2993 1181 3006 1222 ς
3039 1165 3096 1213 81
3124 1160 3181 1212 111
3216 1160 3442 1230 lapides
3474 1175 3580 1213 non
3614 1160 3726 1214 mit-

367 1239 569 1290 tantur
597 1239 709 1309 (14)
733 1239 791 1292 111
823 1246 1178 1297 structuram
1197 1245 1376 1298 turris
1408 1245 1608 1316 hujus,
1632 1251 1687 1300 et
1716 1263 1818 1317 ego
1841 1247 2140 1319 negligens
2171 1250 2588 1319 paterfamilias
2619 1251 2732 1321 (15)
2761 1250 2959 1303 videar
2989 1264 3139 1303 esse.
3190 1252 3329 1303 Post
3358 1248 3608 1302 triduum
3640 1248 3730 1318 (16)

367 1329 560 1379 81118111
583 1343 714 1382 011111
747 1329 1112 1385 venissemus
1144 1333 1214 1386 ad
1239 1335 1504 1388 eamdem
1529 1335 1759 1399 turrim,
1795 1336 1875 1389 ait
1908 1336 2052 1390 mihi
2077 1354 2090 1392 :
2122 1337 2572 1392 Consideremus
2600 1338 2706 1393 1108
2737 1336 2963 1409 lapides
2994 1352 3219 1404 omnes,
3247 1341 3304 1390 et
3333 1335 3623 1391 videamus
3649 1336 3729 1407 qui

366 1427 434 1468 ex
482 1415 566 1470 eis
598 1423 845 1486 possunt
875 1419 932 1473 in
965 1424 1320 1476 structuram
1353 1423 1434 1477 ire
1466 1425 1597 1493 (17).
1631 1423 1768 1478 Dico
1800 1425 1886 1479 ei:
1921 1425 2386 1489 Consideremus,
2420 1426 2674 1481 domine.

1853 1542 2084 1596 CAPUT
2127 1542 2274 1597 VIII.

444 1631 704 1687 Primum
737 1634 999 1690 omnium
1032 1637 1314 1707 ccepimus
1346 1638 1710 1693 considerare
1741 1656 1839 1694 eos
1863 1641 1961 1710 qui
1995 1641 2144 1711 nigri
2179 1641 2642 1705 fuerant.Quales
2677 1641 2830 1696 enim
2865 1658 2898 1696 a
2928 1644 3223 1695 structura
3245 1639 3495 1712 depositi
3525 1640 3737 1710 fuerant,

369 1718 516 1775 tales
546 1728 685 1776 sunt
706 1725 934 1794 reperti.
967 1727 1156 1781 Jussit
1187 1744 1284 1782 eos
1316 1746 1348 1782 a
1377 1729 1523 1782 turri
1557 1729 1791 1795 moveri,
1829 1735 1885 1783 et
1916 1747 2179 1785 seorsum
2213 1730 2411 1801 reponi
2442 1730 2576 1801 (t8).
2611 1731 2828 1785 Deinde
2861 1729 3245 1784 consideravit
3264 1746 3365 1784 eos
3387 1727 3486 1800 qui
3511 1729 3735 1784 scabrosi

368 1808 624 1865 fuerant:
670 1817 726 1865 et
757 1814 974 1869 multos
1006 1832 1073 1869 ex
1104 1815 1186 1869 eis
1218 1816 1552 1871 circumcidi
1578 1817 1780 1886 jussit,
1809 1822 1864 1872 et
1896 1834 1996 1888 per
2028 1819 2280 1890 virgines
2312 1836 2411 1874 eos
2443 1820 2502 1873 in
2545 1823 2901 1874 structuram
2934 1819 3116 1873 turris
3165 1816 3354 1890 aptari
3386 1835 3398 1872 ε
3433 1816 3541 1871 illae
3567 1823 3732 1872 autem

368 1899 629 1954 sublatos
661 1918 758 1956 eos
789 1908 1136 1973 aptaverunt
1165 1906 1222 1959 in
1257 1906 1446 1960 media
1478 1912 1790 1962 structura.
1829 1908 2100 1978 Reliquos
2142 1914 2334 1963 autem
2365 1909 2548 1978 jussit
2596 1925 2729 1963 cum
2779 1907 2897 1962 illis
2946 1908 3130 1979 nigris
3179 1907 3383 1978 reponi
3413 1924 3431 1960 .'
3460 1923 3588 1961 nam
3613 1912 3663 1961 et
3687 1906 3733 1960 hi

369 1995 680 2044 evaserunt
711 1991 884 2061 nigri.
918 1993 1135 2048 Deinde
1167 1996 1570 2050 considerabat
1599 2015 1697 2052 eos
1727 1998 1827 2069 qui
1859 1997 2147 2052 scissuras
2173 1997 2468 2052 habebant
2497 2016 2509 2053 :
2547 2002 2602 2052 et
2631 2014 2698 2052 ex
2728 1997 2846 2052 illis
2876 1997 3094 2052 multos
3125 1995 3464 2051 circumcidi
3490 1997 3672 2066 jussit,
3693 2001 3735 2050 et

369 2092 470 2146 per
498 2076 627 2133 illas
658 2079 912 2151 virgines
943 2083 1114 2153 adjici
1149 2084 1207 2137 in
1236 2089 1613 2140 structuram.
1650 2088 1717 2141 Ili
1745 2088 1816 2141 de
1843 2087 1983 2142 foris
2015 2086 2185 2158 positi
2221 2092 2381 2151 sunt,
2414 2087 2691 2157 quoniam
2726 2086 2837 2157 (19)
2868 2086 3078 2158 integri
3112 2086 3330 2140 inventi
3357 2089 3532 2139 sunt:
3561 2083 3734 2154 reliqui

369 2170 564 2221 autem
599 2174 831 2241 propter
861 2171 1301 2227 multitudinem
1335 2174 1726 2230 scissurarum
1760 2193 1873 2230 non
1905 2179 2223 2247 potuerunt
2252 2175 2546 2230 al‘formari
2578 2175 2711 2246 (20),
2737 2179 3044 2245 propterea
3067 2173 3305 2245 projecti
3332 2177 3470 2227 sunt
3493 2173 3561 2226 ab
3584 2172 3734 2226 ediﬁ-

371 2256 598 2312 catione
631 2260 829 2314 turris.
856 2260 1073 2316 Deinde
1101 2263 1509 2319 considerabat
1539 2281 1637 2320 eos
1669 2265 1768 2336 qui
1799 2265 1947 2320 curti
1980 2264 2115 2319 facti
2145 2269 2346 2320 erant:
2382 2263 2552 2319 multi
2585 2281 2653 2318 ex
2681 2263 2795 2319 illis
2825 2264 3113 2319 scissuras
3169 2261 3489 2326 habebant,
3538 2266 3590 2316 et
3616 2259 3739 2332 nigri

372 2352 676 2401 evaserant
706 2366 718 2414 ;
755 2348 855 2402 alii
885 2366 1015 2404 vero
1040 2351 1329 2406 scissuras
1363 2369 1610 2424 magnas
1645 2354 1959 2423 habebant,
1993 2371 2141 2425 quos
2164 2354 2348 2425 jussit
2376 2353 2589 2425 apponi
2624 2369 2757 2407 cum
2789 2351 2906 2407 illis
2937 2353 3048 2422 (21)
3082 2350 3182 2423 qui
3206 2350 3404 2422 rejecti
3426 2355 3584 2405 erant
3607 2367 3618 2403 :
3641 2350 3741 2404 reli-

371 2449 520 2504 quos
551 2441 746 2492 autem
778 2441 1223 2494 commundatos
1245 2447 1300 2495 et
1321 2442 1656 2497 alformatos
1695 2443 1868 2512 adjici
1921 2444 2104 2514 jussit
2132 2443 2190 2496 in
2224 2447 2600 2507 structuram,
2636 2458 2783 2512 quos
2804 2441 3066 2496 sublatos
3086 2439 3344 2511 virgines
3363 2437 3472 2494 illae
3493 2437 3550 2493 in
3580 2437 3741 2493 media

371 2528 670 2579 structura
702 2533 1086 2597 aptaverunt;
1116 2529 1468 2586 infirmiores
1498 2532 1653 2586 enim
1687 2537 1868 2587 erant.
1896 2532 2112 2587 Deinde
2143 2532 2549 2587 considerabat
2579 2531 2813 2601 eos,qui
2847 2530 3075 2584 dimidii
3098 2529 3337 2600 quidem
3379 2527 3514 2594 albi,
3537 2525 3741 2581 demidii

371 2616 566 2667 autem
602 2615 754 2686 nigri
789 2617 1017 2671 fuerant
1049 2620 1259 2689 reperti
1287 2637 1300 2685 ;
1335 2624 1390 2674 et
1421 2620 1590 2674 multi
1623 2637 1691 2675 ex
1723 2620 1839 2675 illis
1869 2621 2020 2692 nigri
2053 2621 2271 2676 inventi
2306 2626 2477 2676 sunt:
2507 2621 2691 2692 jussit
2720 2625 2776 2675 et
2806 2620 2912 2674 hos
2944 2618 3244 2674 transferri
3276 2617 3349 2672 ad
3374 2617 3505 2672 illos
3525 2615 3744 2687 quit-eje-

372 2701 447 2755 cti
483 2707 667 2757 erant.
703 2703 931 2775 Reliqui
963 2723 1095 2761 vero
1129 2708 1234 2762 toti
1267 2709 1500 2763 candidi
1522 2710 1739 2764 inventi
1767 2715 1907 2764 sunt
1933 2731 1951 2764 :
1983 2714 2039 2765 et
2065 2710 2123 2764 hi
2157 2709 2373 2764 sublati
2406 2713 2545 2764 sunt
2575 2727 2608 2764 a
2629 2708 2980 2781 virginibus,
3000 2711 3060 2762 et
3080 2705 3339 2778 aptatiin
3365 2706 3567 2761 eadem
3592 2703 3742 2768 turri;

374 2792 688 2846 exteriores
718 2798 912 2848 autem
947 2795 1120 2866 positi
1152 2803 1289 2850 sunt
1330 2799 1428 2869 qui
1459 2799 1569 2869 (22)
1602 2799 1814 2870 integri
1845 2799 2066 2854 inventi
2101 2803 2259 2863 sunt,
2293 2799 2373 2853 ita
2406 2803 2470 2853 ut
2501 2802 2741 2870 possent
2771 2797 3068 2852 continere
3096 2812 3194 2851 eos
3218 2795 3319 2866 qui
3352 2795 3413 2850 in
3438 2793 3619 2849 medio
3641 2809 3745 2848 con-

379 2880 584 2934 structi
615 2887 782 2936 erant
810 2902 822 2950 ;
858 2883 1002 2938 nihil
1037 2885 1193 2940 enim
1235 2887 1317 2940 eis
1349 2887 1459 2958 (23)
1493 2888 1742 2942 1801811111
1774 2893 1880 2943 881.
1917 2888 2135 2943 Deinde
2167 2888 2575 2943 considerabat
2605 2904 2702 2942 eos
2736 2887 2835 2958 qui
2864 2886 2995 2941 duri
3026 2889 3082 2941 et
3128 2885 3319 2956 asperi
3364 2884 3595 2939 fuerunt
3620 2883 3741 2952 (25);

381 2969 551 3039 pauci
582 2986 650 3024 ex
681 2971 774 3026 his
805 2974 1015 3042 adjecti
1045 2975 1160 3043 (25)
1191 2979 1349 3044 sunt,
1383 2977 1658 3046 quoniam
1693 2994 1809 3031 non
1842 2982 2108 3048 poterant
2137 2977 2474 3032 circumcidi
2503 2996 2515 3045 ;
2558 2977 2725 3032 valde
2753 2975 2907 3030 enim
2941 2975 3072 3029 duri
3105 2973 3315 3044 reperti
3366 2981 3539 3027 sunt:
3570 2967 3744 3040 reliqui

383 3062 576 3112 autem
611 3060 842 3115 formati
865 3063 976 3132 (26)
1007 3070 1164 3130 sunt,
1199 3068 1255 3119 et
1287 3065 1343 3118 in
1376 3066 1568 3120 media
1597 3071 1892 3121 structura
1913 3085 1944 3121 a
1974 3067 2298 3138 virginibus
2331 3067 2508 3137 aptati
2535 3085 2548 3134 ;
2580 3066 2930 3120 infirmiores
2954 3064 3108 3119 enim
3131 3067 3316 3118 erant.
3345 3062 3561 3118 Deinde
3590 3059 3746 3115 consi-

381 3146 622 3202 derabat
648 3149 777 3204 illos
808 3153 907 3220 qui
943 3153 1201 3209 maculas
1243 3154 1538 3210 habebant
1564 3173 1578 3222 ;
1612 3160 1668 3210 et
1697 3172 1763 3210 ex
1793 3156 1876 3210 eis
1907 3156 2074 3228 pauci
2110 3156 2318 3226 reperti
2351 3161 2490 3210 sunt
2524 3155 2694 3226 nigri,
2724 3160 2781 3209 et
2811 3154 2870 3209 hi
2898 3155 2968 3209 ad
3001 3158 3238 3208 caeteros
3261 3152 3475 3223 adjecti
3496 3155 3643 3206 sunt.
3663 3147 3748 3212 Qui

373 3252 508 3316 gero
540 3241 970 3308 superfuerant,
1005 3243 1237 3297 candidi
1272 3249 1327 3297 et
1356 3244 1563 3316 integri
1598 3245 1814 3299 inventi
1848 3250 2022 3313 sunt;
2055 3249 2110 3300 et
2139 3244 2198 3298 hi
2231 3262 2264 3300 a
2293 3243 2620 3316 virginibus
2650 3243 2709 3297 in
2742 3247 3097 3298 structuram
3147 3240 3329 3312 aptati
3390 3244 3549 3307 sunt,
3596 3243 3647 3293 et
3695 3237 3750 3292 de

377 3306 521 3381 foris
553 3306 746 3397 positi,
785 3334 1020 3400 propter
1049 3330 1449 3386 fortitudinem
1479 3306 1670 3388 suam.

1906 3423 2139 3478 CAPUT
2165 3423 2260 3478 IX.

452 3514 624 3570 Venit
650 3515 879 3586 deinde,
913 3522 977 3572 ut
1006 3519 1402 3575 consideraret
1430 3521 1543 3590 (27)
1574 3537 1673 3576 808
1704 3521 1946 3593 lapides,
1981 3522 2079 3592 qui
2113 3520 2346 3576 candidi
2377 3525 2434 3575 et
2462 3520 2696 3576 rotundi
2721 3523 2888 3575 erant
2911 3537 2925 3584 ;
2948 3522 3004 3574 et
3023 3518 3100 3573 ait
3124 3517 3301 3572 mihi:
3330 3517 3480 3580 Quid
3511 3515 3751 3570 faciemus

389 3605 460 3661 de
485 3605 577 3660 his
605 3605 902 3677 lapidibus
922 3609 948 3661 ?
979 3609 1050 3662 Et
1081 3625 1185 3680 ego
1218 3609 1334 3663 dixi
1362 3627 1373 3662 :
1410 3610 1676 3675 Domine,
1711 3611 1925 3666 nescio.
1957 3610 2113 3665 Nihil
2140 3627 2299 3682 ergo,
2323 3609 2535 3681 inquit,
2568 3609 2857 3681 excogitas
2881 3609 2950 3663 de
2980 3607 3113 3662 his?
3143 3608 3281 3678 Ego,
3316 3607 3579 3677 inquam,
3601 3608 3752 3658 artem

384 3694 552 3761 hanc,
587 3695 842 3764 domine,
877 3712 988 3750 non
1022 3697 1153 3752 novi
1211 3715 1314 3753 nec
1344 3697 1666 3770 lapidarius
1698 3717 1854 3764 sum,
1888 3715 1992 3753 nec
2024 3716 2266 3770 possum
2300 3698 2626 3771 intelligere
2655 3697 2999 3769 quidquam.
3033 3700 3100 3750 Et
3121 3695 3301 3750 dixit:
3339 3695 3465 3750 Non
3495 3694 3643 3748 vides
3670 3706 3750 3746 eos

383 3783 550 3839 valde
573 3786 856 3840 rotundos
888 3801 1015 3840 esse
1036 3787 1064 3840 ‘?
1094 3788 1256 3849 Quod
1285 3788 1332 3841 si
1365 3787 1599 3844 voluero
1631 3806 1728 3844 eos
1762 3789 2080 3860 quadratos
2110 3789 2390 3859 redigere,
2425 3788 2745 3859 plurimum
2779 3786 2925 3841 mihi
2947 3801 3016 3840 ex
3031 3785 3123 3839 his
3145 3783 3524 3840 recidendum
3546 3787 3628 3838 est
3649 3779 3753 3846 ;sed

387 3889 625 3929 necesse
654 3877 743 3930 est
773 3874 1001 3947 aliquos
1023 3892 1091 3930 ex
1121 3876 1214 3930 his
1244 3876 1302 3930 in
1337 3883 1694 3933 structuram
1725 3877 1906 3932 turris
1936 3878 2185 3933 transire
2216 3879 2351 3950 (28).
2381 3879 2447 3932 Et
2475 3877 2590 3931 dixi
2615 3893 2626 3930 :
2661 3877 2720 3932 Si
2753 3891 2990 3931 necesse
3019 3879 3125 3939 est,
3150 3873 3290 3945 quid
3316 3869 3756 3945 igiturteimpli-

386 3979 484 4017 cas
514 3964 647 4033 (29),
681 3967 737 4018 et
759 3980 872 4018 non
904 3963 1092 4035 eligis,
1125 3966 1171 4019 si
1206 3983 1356 4036 quos
1386 3966 1569 4022 habes
1601 3967 1834 4039 eligere,
1860 3971 1917 4022 et
1956 3971 2122 4038 aptas
2147 3967 2207 4021 in
2239 3970 2594 4021 structuram
2628 3964 2835 4019 illam?
2864 3965 2932 4018 Et
2963 3962 3138 4034 elegit
3167 3979 3316 4034 quos
3340 3962 3486 4017 vidit
3509 3959 3755 4016 maximos

389 4058 447 4107 et
480 4052 1012 4123 splendidissimos,
1038 4058 1091 4108 et
1112 4054 1436 4109 afformavit
1459 4057 1566 4126 (30)
1591 4074 1709 4122 eos,
1735 4072 1881 4127 quos
1905 4055 2168 4110 sublatos
2188 4055 2442 4128 virgines
2473 4055 2582 4110 illae
2605 4055 2662 4108 in
2686 4052 3069 4109 exterioribus
3088 4052 3358 4124 partibus
3379 4055 3669 4106 structurae
3683 4063 3755 4119 po-

394 4147 660 4196 suerunt.
696 4141 925 4213 Reliqui
956 4159 1088 4200 vero
1115 4144 1217 4216 qui
1249 4144 1683 4216 superfuerunt,
1709 4145 1946 4216 repositi
1972 4149 2113 4199 sunt
2135 4145 2194 4199 in
2217 4145 2490 4200 eumdem
2510 4160 2783 4215 campum
2807 4143 2920 4214 (31)
2945 4142 3098 4196 unde
3116 4140 3337 4212 sumpti
3361 4144 3559 4206 erant;
3583 4135 3757 4208 abjecti

1570 4262 1804 4317 VARI/ﬁ
1843 4260 2238 4316 LECTIONES
2270 4261 2358 4314 ET
2390 4259 2620 4314 NOTIE.

463 4573 482 4788 ἕ

493 4358 579 4430 11)
609 4356 747 4412 Mss.
781 4357 951 4430 Angl.
980 4359 1214 4430 explere.
2223 4360 2335 4430 (2t)
2369 4359 2569 4413 Lamb.
2601 4357 2848 4430 fuerant,

490 4425 678 4500 12)118
701 4447 843 4485 mss.
867 4425 1260 4502 AnglfFellus
1282 4431 1552 4485 tamenin
1576 4448 1682 4486 sua
1702 4430 2038 4485 edit.0xon.
2224 4425 2335 4501 (25)
2367 4431 2507 4486 Mss.
2545 4425 2769 4502 Lamb.,
2798 4426 2949 4482 Vict.
2992 4430 3050 4502 et
3076 4426 3267 4481 Carm.
3299 4425 3518 4496 objecti.

391 4499 697 4556 mittentur.
967 4499 991 4502 ⁷
2222 4499 2335 4570 (26)
2368 4503 2507 4556 Mss.
2535 4501 2702 4570 Angl.
2737 4499 3048 4570 deformati.

492 4573 577 4644 13)
611 4573 746 4628 Mss.
780 4572 944 4643 Angl.
977 4581 1346 4644 exasperetur.
2221 4570 2335 4644 (27)
2368 4574 2564 4628 Lamb.
2600 4571 2795 4644 deinde
2825 4570 3198 4627 considerare.

491 4643 574 4716 14)
607 4645 807 4699 Lamb.
866 4654 926 4699 ut
953 4653 1001 4698 et
1032 4643 1326 4716 hi’lapitles
1355 4662 1464 4701 non
1493 4647 1624 4700 sint.
2225 4643 2336 4716 (28)
2367 4645 2506 4716 Mss.
2539 4643 2708 4713 Angl.
2740 4644 2840 4697 ire.

488 4710 574 4786 15)
620 4717 819 4770 Lamb.
870 4710 1318 4788 patrisfamilias.
1373 4719 1561 4788 Forte,
1609 4716 2042 4786 patrifamilias,
2224 4710 2336 4786 (29)
2367 4715 2522 4788 Bodl.
2554 4710 2814 4788 tristaris.
2849 4712 3051 4788 Lamb.
3086 4716 3136 4766 te
3167 4710 3354 4788 tricas.

393 4777 800 4858 ut‘legenilum
833 4777 1399 4845 censet'Cotelerius.
1548 4777 1560 4788 ’
1610 4777 1621 4786 ’
1768 4777 1777 4786 ’
2029 4777 2036 4781 ’
2373 4787 2569 4841 Lamb.
2602 4787 2942 4855 deformavit.
2969 4783 3102 4858 {:1ch
3131 4784 3432 4858 rectaest‘
3459 4777 3641 4844 lectio,
3669 4789 3757 4830 non

467 4852 579 4929 (16)
615 4860 815 4913 Lamb.
869 4860 1116 4914 biduum.
1169 4865 1242 4914 At
1291 4862 1463 4917 modo
1520 4859 1898 4931 legebamus:
1930 4862 2046 4929 post
2155 4852 2352 4929 inepta
2376 4864 2432 4913 et
2462 4852 2740 4912 inusitata
2769 4873 2878 4911 vox
2915 4856 3226 4925 afformare.
3262 4852 3356 4908 Sic
3385 4855 3759 4970 818111118οῈ

467 4931 641 4970 ‘dnum
668 4937 1006 4970 rmmrfnmur
2153 4930 2187 4970 Ω
2242 4931 2546 4970 Αμΐηνσνηηνὶ
2576 4944 2873 4970 nnrnnrnm
2909 4931 3196 4970 mutatum
3227 4923 3284 4970 in
3307 4924 3610 4970 aﬂnrmarz.
3633 4924 3681 4970 Et

395 4923 642 5006 triduum
668 4937 1025 5006 revertamur.
1058 5004 1068 5006 4
1575 4923 1606 4931 ⁷
1930 4923 1941 4929 ’
2153 4930 2208 5006 8,
2242 4923 2546 5006 deformari
2576 4944 2876 5006 perperam
2909 4923 3198 5006 mutatum
3227 4923 3735 5006 inaﬂormarﬁft

493 4947 642 4985 tuum
668 4947 1025 4986 revertamur.

493 5004 577 5079 1?)
609 5002 812 5079 Lamb.
846 5004 1153 5079 conuenire.
1357 5074 1369 5079 _
1556 5077 1560 5079 Α

2171 4947 2208 4998 s,
2242 4947 2543 5000 ae/ormarz
2615 4947 2876 5000 erperam
2909 4947 3198 4981 mutatum
3228 4947 3285 4977 111
3307 4947 3610 4994 αησντηαη,
3633 4947 3756 4996 υιιιξ·

2171 5004 2417 5079 formatos
2447 5001 2505 5055 in
2528 4947 2864 5079 agorfmatos,
2898 5002 2955 5079 et
2999 4997 3296 5079 deformati
3323 4995 3380 5079 in
3401 4988 3756 5079 .formatidii:

495 5067 579 5140 l8)
610 5073 808 5145 Lamb.
841 5075 992 5144 poni.
1028 5074 1120 5129 Sic
1152 5080 1207 5128 et
1238 5074 1410 5145 paulo
1442 5077 1590 5145 post.
2154 5067 2396 5140 'mirum,
2464 5067 2814 5143 exc'riptores
2871 5068 3278 5145 existimarunt
3327 5067 3623 5145 deformare
3651 5073 3757 5145 esst

465 5139 578 5215 (19)
614 5144 749 5199 Felli
781 5139 918 5199 edit.
954 5145 1132 5200 Oxon.
1167 5139 1263 5216 qui
1294 5163 1394 5214 pro
1428 5139 1709 5215 quoniam.
1964 5213 2009 5216 Η
2159 5150 2385 5216 1811111111
2419 5139 2738 5198 deformem
2769 5147 2824 5216 et
2842 5145 3071 5216 turpem
3096 5139 3600 5216 reddere,pum__sit
3618 5139 3754 5216 etiam

467 5201 578 5286 (20)
611 5216 814 5271 Lamb.
847 5201 1356 5287 deformarifEdit.
1393 5201 1572 5271 Paris.
1608 5217 1908 5288 e/formari.
1955 5213 2048 5268 Sic
2160 5215 2502 5288 simpliciter
2539 5218 2752 5288 mutare
2781 5201 3016 5282 formam
3044 5213 3100 5265 in
3152 5201 3414 5288 quamvis
3455 5207 3650 5288 aliam;
3675 5201 3753 5288 V16-

398 5275 532 5343 mox
563 5275 737 5342 [idem
800 5275 1005 5344 Lamb.
1071 5289 1393 5360 deformatos
1450 5275 1666 5359 adjici.”
1716 5288 1860 5342 Vide
1918 5302 2052 5340 mox
2160 5275 2312 5342 teres
2345 5286 2602 5360 Glossae:
2652 5275 3326 5360 Defo'rmOhttera‘Hdpth,
3389 5275 3754 5360 μετριτυεῦρς

398 5365 517 5415 1101.
551 5361 638 5415 30.
1135 5348 1143 5360 ’
1513 5348 1530 5359 ”
2161 5361 2334 5428 formo
2366 5360 2474 5426 (sic
2505 5348 2882 5429 legendum),
2911 5348 3200 5429 ίάᾑτὶοτελέώ
3227 5348 3245 5408 ε’
3288 5348 3407 5429 qua:
3427 5348 3752 5429 _siguiﬁcatio

495 5433 588 5496 21)
620 5431 812 5502 Lamb.
848 5431 1103 5486 habentes
1122 5432 1294 5502 jussit
1324 5448 1410 5486 eos
1439 5433 1573 5498 poni
1601 5447 1725 5486 cum
1757 5431 1845 5484 iis.
1903 5500 1966 5502 ___
2161 5421 2382 5502 optime
2411 5429 2504 5502 hic
2525 5421 2928 5502 conveniu'ubi
2954 5428 3138 5481 forma
3159 5421 3403 5502 rotunda
3427 5421 3751 5495 lapiduer-

495 5433 588 5496 21)
620 5433 812 5485 Lamb.
848 5433 1103 5486 habentes
1122 5433 1294 5502 jussit
1324 5448 1410 5486 eos
1439 5433 1573 5498 poni
1601 5447 1725 5486 cum
1757 5433 1845 5484 iis.
2163 5433 2378 5502 optime
2411 5433 2504 5484 hic
2525 5433 2810 5490 convenit,
2832 5433 2928 5481 ubi
2954 5433 3138 5481 forma
3159 5433 3396 5480 rotunda

474 5433 586 5570 (22)
610 5501 702 5556 Sic
734 5508 790 5556 et
819 5503 956 5557 edit.
995 5505 1176 5558 Paris.
1210 5510 1266 5558 et
1326 5504 1505 5558 Oxon.
1561 5509 1636 5556 At
1667 5502 1869 5557 Lamb.
1902 5500 2051 5554 Vict.
2165 5503 2419 5557 sectione
2452 5501 2508 5554 in
2540 5500 2888 5571 quadratam
2921 5503 3203 5554 mutatur.
3234 5496 3396 5552 Casa.

405 5577 460 5627 et
487 5576 678 5645 Qarm.
710 5576 993 5642 quoniam,
1027 5579 1090 5629 ut
1122 5576 1292 5630 modo
1333 5591 1528 5645 supra.
2237 5573 2346 5645 (31)
2378 5572 2580 5628 Lamb.
2613 5571 2794 5628 eodem
2822 5585 3033 5643 campo.

477 5643 588 5714 (23)
623 5643 821 5700 Lamb.
855 5647 1116 5703 instructi
1151 5657 1340 5714 erant;
1373 5643 1520 5701 nihil
1549 5647 1695 5702 enim
1732 5645 1926 5717 ex_eis.
