4014 6226
308 382 424 444 989
1401 380 1733 442 PASTOR.
1767 379 2020 440 —LIB.
2066 379 2171 440 Ill.
2219 377 2454 442 SIMIL.
2501 378 2608 439 IX.
3587 371 3706 433 990

305 532 437 572 vero
469 531 583 572 non
619 519 776 570 sunt.
801 513 1107 582 Quoniam,
1131 513 1341 586 inquit,
1375 513 1566 569 adhuc
1596 513 1869 586 exiguum
1895 514 2057 568 deest
2085 513 2221 567 huic
2252 512 2421 578 turri,
2443 512 2596 582 quod
2628 509 3032 565 mdificandum
3054 506 3162 564 erit
3194 523 3208 575 ;
3235 509 3291 562 et
3320 504 3562 561 forsitan
3582 501 3709 557 vult

303 605 580 662 dominus
615 605 718 660 hos
747 604 970 675 lapides
1001 605 1186 675 aptari
1219 605 1276 657 in
1309 620 1376 658 ea
1423 608 1739 669 structura,
1775 603 1916 674 quia
1946 601 2113 658 valde
2162 601 2393 656 candidi
2427 605 2565 656 sunt
2595 601 2726 671 (3‘2).
2762 604 2986 654 Vocate
3023 601 3161 653 sunt
3196 596 3404 651 deinde
3437 592 3708 648 mulieres

303 693 755 766 speciosissima
783 694 1110 760 duodecim,
1135 693 1302 765 nigra
1333 698 1490 749 veste
1522 693 1762 762 vestitae,
1795 693 2079 758 incinctae,
2114 696 2169 745 et
2200 691 2409 745 exertis
2439 690 2721 758 humeris,
2769 689 3114 760 capillisque
3146 686 3351 742 solutis
3385 686 3516 756 (33).
3548 682 3715 735 Video

303 783 524 838 bantur
553 788 746 838 autem
782 783 924 838 mihi
949 783 1034 838 hae
1068 783 1344 838 mulieres
1365 788 1625 856 agrestes
1647 799 1794 838 esse.
1820 782 2084 852 Etjussit
2107 799 2204 836 eas
2225 786 2422 852 pastor
2445 779 2541 834 ille
2572 779 2769 834 tollere
2801 779 3022 849 lapides
3051 777 3177 831 illos
3198 776 3293 847 qui
3326 776 3395 829 de
3418 776 3715 829 structura

303 871 475 943 ejecti
507 877 671 927 erant
704 873 839 944 (34),
871 877 926 927 et
955 890 1051 928 eos
1075 872 1272 927 referri
1294 872 1352 926 in
1379 877 1604 927 montes
1638 873 1792 926 unde
1820 871 1996 926 ablati
2021 872 2274 925 fuerant.
2304 871 2373 924 Et
2406 869 2513 923 illa:
2548 869 2868 940 gaudentes
2900 866 3262 921 sustulerunt
3293 881 3516 928 omnes,
3545 868 3603 917 et
3632 876 3716 914 re-

307 965 684 1032 portaverunt
714 977 811 1016 eos
844 961 999 1016 unde
1031 961 1268 1014 extracti
1305 961 1554 1015 fuerant.
1592 960 1904 1030 Postquam
1939 965 2132 1014 autem
2169 958 2367 1013 nullus
2394 958 2542 1028 lapis
2565 958 2716 1011 circa
2749 957 2954 1010 turrim
2977 957 3220 1026 jaceret,
3256 954 3336 1008 ait
3367 952 3509 1006 mihi
3544 969 3556 1006 :
3590 949 3709 1004 Cir-

305 1067 650 1106 cumeamus
680 1050 829 1104 hanc
861 1050 1096 1117 turrim,
1131 1055 1187 1105 et
1215 1051 1514 1105 videamus
1547 1050 1813 1120 nunquid
1848 1048 2065 1119 aliquid
2096 1048 2245 1103 desit
2270 1049 2380 1119 (35)
2410 1048 2828 1118 illi.Cmpimus
2859 1062 2994 1116 ergo
3029 1043 3334 1099 circumire
3365 1058 3512 1096 eam.
3547 1041 3616 1094 Et
3648 1043 3712 1092 ut

305 1139 452 1194 vidit
476 1156 603 1194 eam
636 1140 908 1194 decenter
938 1139 1309 1209 aediﬁcatam,
1342 1139 1517 1210 caepit
1544 1138 1710 1193 valde
1741 1137 1945 1193 hilaris
1977 1154 2105 1193 esse
2140 1156 2151 1192 :
2184 1139 2265 1192 ita
2295 1137 2447 1191 enim
2482 1138 2754 1192 decenter
2770 1137 3050 1190 aediﬁcata
3083 1135 3288 1198 fuerat,
3323 1136 3387 1186 ut
3411 1131 3511 1202 qui
3540 1128 3712 1182 vidis-

308 1232 417 1298 set,
448 1228 883 1299 concupisceret
912 1232 1263 1282 slructuram
1294 1229 1418 1297 ejus
1451 1245 1463 1294 ;
1516 1227 1792 1298 quoniam
1826 1226 1991 1298 quasi
2025 1228 2095 1282 de
2126 1243 2242 1281 uno
2274 1226 2467 1298 lapide
2497 1227 2801 1281 videbatur
2832 1241 2980 1295 esse,
3013 1240 3118 1279 nec
3150 1238 3400 1293 nsquam
3433 1218 3711 1275 commis-

307 1333 445 1372 sura
473 1317 810 1389 apparebat,
844 1317 945 1372 sed
976 1333 1044 1372 ex
1073 1321 1237 1388 petra
1269 1333 1385 1372 una
1415 1317 1530 1386 (36)
1561 1316 1867 1372 videbatur
1898 1315 2218 1388 exsculpta.

1844 1449 2073 1506 CAPUT
2107 1449 2172 1504 Χ.

377 1567 491 1638 Ego
523 1568 714 1621 autem
747 1565 1090 1636 hujusmodi
1121 1565 1331 1620 turrim
1364 1568 1584 1620 attente
1638 1564 2039 1631 considerans,
2089 1563 2258 1620 valde
2300 1564 2540 1619 laetabar
2584 1564 2714 1635 (37).
2767 1564 2835 1619 Et
2872 1563 2953 1619 ait
2984 1562 3130 1620 mihi
3181 1577 3193 1616 :
3226 1561 3380 1615 After
3409 1557 3623 1614 calcem
3652 1561 3709 1613 et

303 1658 485 1710 testas
515 1654 798 1724 minutas,
823 1657 888 1708 ut
917 1654 1136 1709 formas
1165 1670 1367 1709 eorum
1399 1653 1662 1725 lapidum
1696 1653 1792 1724 qui
1825 1653 2039 1708 sublati
2073 1659 2214 1708 sunt
2242 1654 2312 1708 de
2343 1657 2638 1708 structura
2669 1657 2724 1708 et
2750 1654 2960 1708 iterum
2991 1650 3252 1723 repositi,
3277 1649 3537 1720 expleam
3567 1646 3701 1716 (38);

301 1758 371 1798 ea
399 1743 554 1798 enim
585 1760 708 1813 qua:
740 1742 891 1797 circa
918 1743 1128 1798 turrim
1165 1747 1302 1797 sunt
1323 1743 1541 1812 omnia,
1566 1743 1783 1814 aequari
1811 1743 2041 1797 debent.
2076 1744 2144 1797 Et
2175 1742 2283 1796 feci
2323 1741 2474 1797 sicut
2495 1743 2679 1811 jussit
2722 1742 2888 1806 mihi,
2931 1745 2986 1796 et
3016 1740 3180 1794 attuli
3214 1740 3285 1793 ad
3347 1755 3500 1792 eum.
3529 1736 3597 1790 Et
3627 1735 3706 1790 ait

302 1831 449 1887 mihi
482 1848 494 1885 :
534 1832 738 1887 Praesto
774 1831 932 1887 adsis
964 1831 1106 1886 mihi
1133 1853 1147 1898 ς
1179 1836 1235 1886 et
1264 1832 1375 1886 cito
1403 1833 1515 1903 (39)
1553 1831 1661 1887 hoc
1695 1848 1842 1903 opus
1874 1832 2226 1902 perﬁcietur.
2261 1830 2586 1903 Complevit
2628 1848 2763 1903 ergo
2818 1831 3034 1886 formas
3066 1829 3298 1883 illorum
3334 1827 3616 1898 lapidum,
3651 1828 3707 1879 et

293 1919 478 1991 jussit
504 1919 698 1974 locum
731 1920 1002 1975 mundari
1028 1919 1180 1975 circa
1210 1920 1607 1976 turrim.Tunc
1639 1919 1895 1991 virgines
1926 1919 2036 1974 illae
2067 1919 2578 1991 apprehenderunt
2607 1934 2832 1990 scopas,
2868 1922 2924 1973 et
2956 1917 3385 1971 mundaverunt
3413 1918 3621 1978 totum,
3653 1915 3709 1966 et

303 2009 669 2064 sustulerunt
698 2013 1066 2064 excrementa
1098 2008 1232 2079 (40),
1266 2013 1322 2063 et
1351 2013 1695 2080 sparserunt
1725 2026 1934 2079 aquam
1971 2027 1983 2063 :
2018 2025 2131 2079 quo
2181 2007 2485 2079 completo,
2544 2008 2731 2064 lactus
2761 2014 2849 2062 est
2897 2007 3059 2061 locus
3109 2001 3467 2059 delectabilis
3489 2001 3624 2072 (41),
3651 2004 3708 2055 et

301 2098 483 2152 turris
515 2098 742 2152 decora.
776 2098 872 2151 Ait
896 2097 1106 2152 deinde
1139 2097 1284 2151 mihi
1313 2115 1326 2152 :
1352 2097 1562 2153 Omnia
1586 2099 2004 2154 commundata
2035 2102 2172 2153 sunt
2206 2114 2218 2151 :
2255 2098 2301 2152 si
2333 2098 2554 2152 venerit
2585 2097 2857 2152 dominus
2881 2096 3027 2151 hanc
3046 2095 3254 2149 turrim
3279 2105 3705 2156 consummare,

303 2185 450 2240 nihil
481 2185 734 2241 inveniet
763 2187 916 2256 quod
949 2186 1018 2241 de
1049 2186 1219 2240 nobis
1251 2191 1548 2256 queratur.
1584 2188 1716 2242 Haec
1749 2204 1881 2242 cum
1915 2186 2180 2254 dixisset,
2210 2186 2437 2242 volebat
2469 2187 2645 2242 abire.
2697 2190 2772 2240 At
2801 2201 2906 2257 ego
2950 2183 3304 2256 apprehendi
3337 2195 3532 2253 peram
3558 2179 3703 2248 ejus,

303 2278 361 2330 et
393 2275 537 2347 ccepi
569 2291 772 2346 rogare
802 2291 935 2330 eum
968 2292 1070 2347 per
1099 2275 1436 2345 Dominum,
1469 2280 1534 2330 ut
1563 2276 1706 2330 mihi
1738 2276 1936 2331 omnia
1965 2293 2089 2346 quae
2121 2277 2475 2343 ostenderat,
2520 2275 2831 2347 explicaret
2857 2275 2987 2346 (42).
3023 2273 3110 2327 Ait
3139 2271 3281 2326 mihi
3313 2289 3325 2325 :
3360 2269 3552 2324 Habeo
3583 2283 3707 2323 mo-

304 2363 492 2418 dicam
525 2363 964 2434 occupationem
998 2381 1010 2430 ;
1045 2367 1100 2418 at
1125 2363 1319 2418 omnia
1359 2363 1464 2418 tibi
1512 2365 1812 2436 explicabo
1849 2383 1860 2419 :
1889 2369 2158 2436 exspecta
2205 2370 2399 2419 autem
2434 2380 2525 2418 me
2575 2364 2688 2428 hic,
2738 2364 2878 2418 dum
2929 2362 3116 2418 venio.
3149 2360 3288 2415 Dico
3315 2359 3366 2414 ei
3401 2357 3704 2425 :Domine,

303 2451 438 2522 quid
472 2450 565 2506 hic
598 2451 758 2506 solus
789 2451 998 2506 faciam
1025 2452 1036 2506 !
1074 2452 1396 2523 Respondit
1429 2469 1440 2507 :
1476 2453 1602 2508 Non
1633 2471 1694 2508 es
1725 2452 1918 2519 solus;
1955 2469 2159 2508 omnes
2193 2453 2348 2507 enim
2379 2453 2634 2523 virgines
2659 2457 2854 2507 tecum
2887 2456 3045 2506 sunt.
3079 2451 3148 2504 Et
3179 2449 3296 2504 dixi
3333 2465 3345 2502 :
3373 2448 3558 2502 Trade
3590 2462 3704 2510 me,

304 2539 560 2611 domine,
592 2556 728 2613 ergo
759 2539 862 2596 eis.
897 2545 972 2594 At
1003 2540 1101 2595 ille
1131 2541 1354 2596 vocavit
1385 2541 1534 2608 illas,
1569 2547 1625 2597 et
1667 2542 1810 2596 dixit
1842 2543 1955 2610 (43)
1984 2542 2068 2596 eis
2119 2559 2132 2596 :
2188 2542 2540 2596 Commendo
2570 2541 2733 2596 vobis
2764 2541 2938 2605 hunc,
2989 2541 3172 2595 donec
3217 2538 3403 2592 venio.
3431 2534 3707 2592 Rcmansi

301 2628 482 2700 igitur
509 2646 642 2684 cum
673 2629 1002 2702 virginibus
1033 2629 1172 2684 illis.
1208 2629 1323 2684 Illae
1356 2635 1548 2684 autem
1575 2629 1792 2685 hilares
1823 2634 2073 2698 erant,et
2095 2631 2354 2688 atl‘abiles
2385 2630 2840 2702 mihi,pracipue
2864 2635 3060 2686 tamen
3093 2633 3360 2700 quatuor;
3382 2644 3505 2697 qua:
3539 2629 3705 2681 caete-

299 2734 397 2773 ras
425 2719 827 2790 praecedebant
859 2718 1160 2790 dignitate.

1816 2834 2048 2891 CAPUT
2085 2836 2178 2890 XI.

367 2947 578 3002 Dicunt
608 2947 752 3002 mihi
784 2949 993 3003 deinde
1022 2947 1276 3019 virgines
1307 2948 1418 3003 ἱΙΙεΒ
1453 2966 1465 3003 :
1502 2949 1682 3005 Hodie
1714 2955 1912 3022 pastor
1945 2949 2042 3005 ille
2073 2949 2186 3005 huc
2216 2954 2497 3006 venturus
2529 2968 2643 3006 non
2676 2955 2783 3006 est.
2825 2952 2893 3005 Et
2922 2966 3026 3022 ego
3057 2950 3170 3005 dixi
3208 2967 3220 3003 :
3255 2949 3400 3014 Quid
3433 2964 3569 3020 ergo
3601 2964 3706 3019 ego

296 3037 505 3092 iaciam
537 3038 564 3091 7
590 3038 659 3092 Et
690 3038 892 3092 dicunt
914 3037 1058 3092 mihi
1086 3055 1098 3092 :
1127 3038 1318 3109 Usque
1342 3039 1400 3093 in
1422 3056 1721 3109 vesperam
1746 3044 2037 3111 exspecta,
2065 3039 2111 3094 si
2137 3039 2330 3094 forsan
2353 3041 2572 3095 venerit
2589 3046 2646 3094 et
2674 3039 2942 3109 loquetur
2962 3041 3070 3110 (44)
3093 3045 3285 3094 tecum
3312 3057 3324 3106 ;
3370 3038 3460 3092 sin
3491 3038 3706 3105 minus,

295 3127 608 3181 nobiscum
641 3128 779 3181 dum
813 3127 1027 3192 veniat,
1061 3127 1325 3182 manebis
1359 3128 1488 3198 (45).
1523 3127 1649 3182 Dixi
1681 3128 1764 3182 eis
1801 3147 1813 3183 :
1849 3129 2175 3200 Expectabo
2207 3145 2338 3182 eum
2375 3145 2560 3200 usque
2591 3129 2660 3182 ad
2706 3145 2998 3200 vesperam
3027 3129 3212 3200 :quod
3248 3127 3297 3182 si
3321 3144 3432 3181 non
3462 3126 3703 3191 venerit,

293 3217 532 3270 domum
565 3214 749 3283 ibo,et
779 3220 1032 3271 revertar
1061 3232 1248 3270 mane.
1285 3217 1732 3287 Responderunt
1764 3218 1942 3272 mihi:
1977 3217 2156 3273 Nobis
2186 3220 2518 3290 assignatus
2549 3235 2610 3273 es
2645 3237 2656 3273 :
2691 3235 2804 3273 non
2839 3223 3002 3288 potes
3025 3218 3289 3272 recedere
3314 3218 3422 3287 (46)
3447 3233 3480 3270 a
3509 3215 3697 3271 nobis.

291 3303 362 3357 Et
392 3303 510 3358 dixi
547 3320 559 3357 :
595 3303 702 3359 Ubi
735 3303 1029 3360 manebo?
1063 3305 1271 3359 Dicunt
1305 3305 1468 3359 mihi.
1504 3306 1818 3360 Nobiscum
1853 3307 2106 3362 dormies
2139 3312 2201 3360 ut
2229 3308 2404 3362 frater
2434 3324 2546 3362 non
2581 3312 2646 3361 ut
2676 3308 2923 3362 maritus
2959 3324 2970 3361 :
3005 3308 3181 3362 frater
3209 3305 3364 3360 enim
3397 3310 3592 3358 noster
3621 3321 3708 3363 es.

291 3396 349 3447 et
383 3393 452 3447 de
483 3397 686 3448 caetero
710 3397 901 3448 tecum
926 3393 1190 3448 habitare
1215 3398 1428 3465 paratae
1462 3411 1669 3449 sumus
1699 3396 1811 3466 (47)
1837 3414 1850 3462 ;
1883 3395 2047 3451 valde
2072 3397 2227 3451 enim
2252 3396 2492 3450 charum
2523 3401 2576 3450 te
2608 3396 2910 3452 habemus.
2933 3400 3048 3468 Ego
3081 3399 3274 3450 autem
3297 3394 3710 3448 erubescebam

294 3498 430 3535 cum
463 3481 546 3536 eis
578 3497 812 3536 manere
843 3482 975 3552 (48).
1015 3482 1088 3536 Ea
1119 3498 1249 3537 vero
1284 3499 1410 3553 qua:
1444 3499 1512 3537 ex
1542 3482 1659 3537 illis
1692 3483 1881 3554 prima
1902 3500 2030 3540 esse
2059 3485 2385 3551 videbatur,
2413 3484 2742 3556 amplexata
2772 3502 2864 3539 me
2896 3490 3004 3552 est,
3029 3489 3085 3538 et
3113 3482 3362 3539 osculari
3396 3499 3487 3537 me
3518 3484 3708 3553 coepit.

291 3568 519 3624 Caetera
549 3584 684 3624 vero
714 3585 847 3624 cum
878 3569 1159 3625 vidissent
1188 3587 1281 3624 me
1313 3569 1622 3642 amplexari
1647 3573 1759 3642 (49)
1793 3573 1863 3626 ab
1904 3572 2026 3639 illa,
2059 3577 2115 3628 et
2149 3573 2289 3644 ipsa:
2331 3589 2360 3626 c
2381 3577 2650 3644 ceperunt
2697 3590 2787 3627 me
2818 3578 2882 3628 ut
2913 3574 3148 3628 fratrem
3196 3570 3466 3638 osculari,
3518 3576 3574 3625 et
3603 3571 3710 3625 du-

291 3675 420 3714 cere
449 3658 561 3729 (50)
593 3659 746 3713 circa
772 3658 1004 3726 turrim,
1040 3661 1096 3713 et
1126 3657 1326 3714 ludere
1358 3676 1608 3714 mecum.
1638 3661 1915 3724 Quaedam
1953 3666 2150 3716 autem
2183 3679 2250 3716 ex
2280 3661 2399 3716 illis
2421 3662 2678 3732 psalmos
2710 3663 2996 3717 canebant
3025 3661 3138 3732 (51)
3165 3679 3178 3727 ;
3211 3661 3472 3732 quaedam
3503 3660 3712 3716 choros

292 3747 604 3802 ducebant.
639 3747 756 3819 Ego
800 3751 997 3802 autem
1041 3747 1193 3803 circa
1223 3749 1333 3820 (52)
1380 3750 1594 3804 turrim
1625 3749 1683 3804 in
1715 3749 1946 3806 silentio
1977 3751 2142 3805 laetus
2176 3767 2306 3806 cum
2338 3751 2421 3806 eis
2454 3750 2850 3818 ambulabam,
2876 3755 2933 3805 et
2961 3750 3196 3805 videbar
3225 3749 3368 3804 mihi
3392 3749 3596 3820 junior
3625 3749 3710 3804 fa-

290 3840 424 3892 ctus
456 3853 582 3892 esse
614 3836 749 3908 (53).
783 3837 1098 3908 Postquam
1129 3855 1262 3893 vero
1295 3855 1535 3910 vespera
1558 3855 1685 3894 esse
1717 3840 1909 3910 coepit,
1943 3841 2184 3894 domum
2217 3845 2451 3911 repente
2481 3840 2594 3912 (54)
2640 3839 2799 3894 abire
2852 3839 3115 3894 volebam
3143 3865 3156 3906 ;
3201 3838 3311 3893 illae
3342 3843 3534 3894 autem
3569 3838 3712 3892 reti-

294 3930 558 3981 nuerunt
588 3927 837 3997 (55)me,
872 3930 930 3981 et
958 3943 1074 3981 non
1119 3928 1516 3998 permiserunt
1547 3928 1725 3984 abire.
1779 3929 1966 3984 Mansi
1997 3946 2132 4001 ergo
2183 3929 2280 3984 illa
2320 3934 2488 3984 nocte
2521 3946 2652 3984 cum
2686 3929 2769 3984 eis
2810 3930 2978 3998 juxta
3028 3929 3288 3984 eamdem
3333 3928 3538 3983 turrim
3572 3929 3708 3999 (56).

293 4014 640 4070 Straverunt
672 4019 868 4071 autem
899 4015 1130 4071 tunicas
1163 4033 1302 4072 suas
1331 4016 1542 4071 linteas
1567 4009 1628 4071 in
1659 4021 1897 4088 terram,
1920 4023 1977 4072 et
2006 4035 2099 4073 me
2129 4019 2187 4072 in
2223 4019 2413 4073 medio
2445 4018 2872 4074 collocaverunt
2904 4036 2916 4071 :
2953 4035 3056 4073 nec
3085 4017 3404 4088 quidquam
3435 4018 3592 4072 aliud
3627 4018 3709 4071 fa-

288 4102 544 4169 ciebant,
578 4104 688 4158 nisi
724 4104 876 4176 quod
910 4104 1174 4160 orabant.
1206 4106 1315 4160 Sed
1346 4111 1402 4161 et
1432 4122 1536 4177 ego
1569 4122 1701 4160 cum
1734 4106 1850 4161 illis
1881 4107 2006 4162 sine
2035 4107 2467 4162 intermissione
2498 4107 2759 4176 orabam,
2793 4123 2981 4178 neque
3014 4108 3210 4162 minus
3230 4124 3402 4177 quam
3433 4105 3706 4169 illas.Quze

287 4208 422 4248 cum
445 4208 539 4248 me
561 4192 645 4248 sic
668 4197 930 4248 orantem
953 4193 1474 4268 vidissent,ingens
1495 4194 1775 4266 gaudium
1796 4200 2179 4268 perceperunt
2203 4215 2215 4263 ;
2249 4201 2305 4251 et
2327 4213 2459 4250 cum
2499 4195 2582 4251 eis
2618 4195 2736 4250 illic
2760 4195 2840 4250 fui
2867 4211 3051 4267 usque
3091 4196 3161 4249 ad
3187 4195 3340 4250 diem
3365 4199 3665 4266 posterum
3691 4235 3705 4248 .

1464 4311 1704 4366 VARI/E
1742 4312 2129 4368 LECTIONES
2169 4313 2258 4368 ET
2295 4312 2527 4368 ΝΟΤιΕ.

359 4408 376 4622 l

382 4406 473 4479 32)
504 4407 708 4463 Lamb.
742 4423 850 4479 qua
872 4406 1296 4479 valdeean-dida
1313 4415 1419 4479 est.
2044 4427 2188 4465 mss.
2221 4409 2494 4465 exhibere
2527 4409 2850 4479 explicaret,
2884 4411 2950 4462 ut
2996 4425 3166 4479 sape.
3201 4407 3384 4465 Aliter
3414 4410 3506 4466 hic
3528 4409 3705 4464 Cleri‘

383 4477 474 4551 33)
506 4479 644 4534 Mss.
674 4477 846 4551 Angl.
878 4477 1104 4551 capillis
1133 4494 1259 4533 vero
1290 4478 1590 4535 dissolutis.
2058 4499 2182 4545 cus,
2216 4485 2386 4550 cujus
2418 4477 2850 4535 adnotationem
2881 4477 3098 4535 videsis
3129 4497 3262 4535 mox
3293 4481 3444 4536 infra
3469 4485 3590 4537 not.
3613 4482 3702 4536 62·

381 4549 472 4622 34)
505 4551 704 4605 Lamb.
738 4549 850 4622 leg.
900 4549 1319 4625 abjecti7erant,
1381 4555 1438 4605 et
1486 4551 1703 4606 omittit
1751 4551 1949 4608 omnia
2127 4554 2239 4625 (43)
2275 4549 2477 4607 Lamb.
2515 4557 2665 4625 voeat
2695 4560 2748 4606 et
2776 4550 2940 4625 dixit.

285 4639 420 4694 quae
453 4627 800 4695 sequuntur,
830 4638 1025 4695 usque
1053 4622 1124 4677 ad
1153 4624 1688 4695 Postquamautem.
1710 4693 1741 4695 77
1885 4694 1888 4695 7
2126 4622 2240 4692 (44)
2274 4625 2416 4679 Mss.
2450 4623 2620 4695 Angl.
2656 4625 2706 4676 si
2734 4624 2967 4690 venerit,
2993 4624 3226 4695 forsitan
3260 4625 3527 4695 loquetur.

359 4695 475 4765 (35)
504 4694 644 4749 Mss.
694 4693 867 4766 Angl.
915 4710 985 4748 ne
1031 4693 1163 4764 quid
1218 4694 1372 4747 desit.
1407 4693 1502 4748 Sic
1535 4700 1591 4749 et
1631 4693 1769 4750 Felli
1802 4694 1942 4750 edit.
2129 4697 2241 4767 (45)
2280 4695 2417 4750 Felli
2449 4693 2587 4767 edit.
2614 4695 2794 4767 Oxon.
2827 4693 3145 4749 moraberis.

287 4765 475 4822 Oxon.
655 4835 659 4836 7
799 4765 802 4766 ⁷
1047 4834 1061 4836 _
1297 4835 1305 4836 7
1417 4835 1420 4836 7
2127 4765 2240 4836 (46)
2266 4771 2402 4822 Mss.
2438 4766 2607 4836 Angl.
2642 4766 2998 4833 consignatus
3047 4782 3103 4820 es
3150 4783 3168 4819 :
3217 4779 3326 4819 non
3351 4770 3500 4835 potes
3529 4765 3702 4820 disce-

359 4837 474 4920 (36)
504 4835 712 4918 Lamb:
728 4836 850 4920 illa.
875 4836 950 4920 At
968 4834 1604 4920 vulgatamlectionem
1635 4836 1948 4920 confirmat
2053 4834 2194 4920 dere:

285 4907 588 4980 Origenes,
616 4908 714 4978 qui
749 4907 905 4962 hunc
936 4907 1129 4980 locum
1162 4907 1365 4980 laudat
1391 4907 1700 4980 Comment.
1726 4910 1786 4961 in
1819 4908 1947 4964 Osee
2125 4909 2234 4979 (47)
2267 4908 2430 4964 Bodl.
2466 4909 2802 4964 habitatura?
2827 4924 3039 4963 sumus.

284 4995 356 5035 ex
394 4978 742 5036 'Philocaliae
779 4995 906 5050 cap.
957 4978 1009 5048 8,
1063 4978 1282 5034 noviss.
1339 4978 1477 5034 edit.
1531 4980 1640 5035 BB.
1690 4984 1832 5034 tom.
1872 4980 1942 5045 ll,
2148 4978 2235 5046 48)
2274 4982 2470 5035 Lamb.
2505 4980 2771 5034 habitare.

285 5067 420 5122 pag.
462 5052 588 5106 439.
820 5121 828 5122 7
1126 5120 1131 5122 7
1388 5121 1396 5122 7
1866 5121 1873 5122 7
1901 5121 1910 5122 7
2123 4982 2234 5122 549)
2267 5052 2407 5107 Mss.
2431 5054 2577 5122 Ang.
2611 5051 2771 5121 ampli

2219 4909 2234 4979 )

285 4995 356 5035 ex
413 4989 742 5036 Philocatite
779 4995 906 5050 cap.
957 4989 1009 5048 ὅ,
1063 4995 1282 5034 nowss.
1339 4989 1477 5034 edit.
1531 4989 1640 5035 Bb.
1690 4989 1832 5034 tom.
1872 4989 1942 5045 ll,
2123 4989 2235 5122 (48)
2274 4989 2470 5035 Lamb.
2505 4989 2771 5034 habitare.

285 5052 637 5178 “$731959.
683 5121 856 5178 Angl.
887 5120 1158 5178 eiusmodi
1204 5121 1564 5176 considerans
1604 5122 1755 5178 bene.
1786 5121 1944 5176 valde
2267 5052 2407 5178 gaias:
2996 5126 3053 5178 et
3103 5139 3237 5177 mox
3281 5122 3559 5177 ludebant.
3603 5120 3658 5177 Si

357 5120 470 5193 (37)
496 5123 637 5178 Mss.
683 5121 856 5193 Angl.
887 5120 1158 5192 ejusmodi
1204 5121 1564 5176 considerans
1604 5122 1755 5187 bene,
1786 5121 1944 5176 valde
2123 5120 2237 5195 (50)
2267 5128 2402 5178 Mss.
2438 5120 2603 5195 Angl.
2639 5120 2949 5184 ducebant;
2996 5126 3053 5178 et
3103 5139 3237 5177 mox
3281 5122 3559 5177 ludebant.
3603 5120 3696 5177 Sic

284 5195 446 5252 laetus
476 5211 650 5249 eram.
2050 5197 2105 5249 et
2132 5194 2271 5249 Felli
2305 5195 2442 5250 edit.
2478 5194 2658 5250 Oxon.

355 5265 469 5336 (38)
504 5265 674 5320 Editt.
710 5263 915 5339 Clerici
949 5266 1002 5317 et
1029 5262 1266 5339 _Russel.
1302 5262 1492 5318 omitt.
1518 5263 1585 5318 de
1604 5265 1707 5318 Ms.
1733 5263 1936 5318 Lamb.
2120 5268 2230 5339 (51)
2266 5267 2468 5339 Lamb.
2502 5268 2649 5339 enim
2673 5281 2746 5339 ex
2779 5265 2862 5318 his
2890 5265 3126 5336 psalmos
3155 5265 3469 5320 cantabant.
3508 5264 3697 5319 Habet

281 5334 588 5402 structura,
621 5337 882 5407 repositos
911 5334 1184 5404 expleam.
1587 5405 1597 5407 _
1747 5406 1756 5407 7
2048 5334 2286 5392 enimet
2320 5337 2454 5391 Felli
2488 5337 2623 5392 edit.
2660 5337 2839 5390 Oxon.

353 5409 469 5480 (39)
500 5405 703 5463 Lamb.
730 5409 935 5462 Presto
965 5407 1043 5461 sis
1071 5407 1263 5467 mihi;
1296 5409 1348 5460 et
1375 5407 1501 5461 cito.
1533 5405 1622 5460 Al.
1655 5406 1816 5474 mihi,
1849 5423 1936 5460 τη·
2119 5409 2230 5480 (52)
2263 5409 2357 5464 Sic
2390 5408 2529 5462 Felli
2564 5408 2702 5462 edit.
2740 5407 2921 5462 Oxon.
2955 5407 3044 5463 Al.
3080 5408 3304 5462 addunt
3332 5424 3471 5462 eam.

283 5482 423 5552 quit.
453 5479 458 5552 ξ
686 5551 691 5552 7
797 5547 810 5552 _
2117 5479 2228 5548 (53)
2264 5480 2466 5552 Lamb.
2503 5481 2679 5552 veluti
2700 5479 2983 5547 juniorem
3013 5496 3127 5534 esse
3153 5482 3378 5550 factum.

356 5551 468 5622 (40)
498 5552 634 5622 Mss.
665 5547 836 5622 Angl.
869 5558 1092 5622 stercus.
2116 5547 2227 5622 (54)
2264 5551 2403 5606 Mss.
2439 5551 2598 5622 Angl.
2643 5551 2829 5613 deest,
2861 5560 3097 5621 repente.

356 5620 467 5694 (41)
502 5621 641 5694 Mss.
673 5620 842 5694 Angl.
868 5620 1106 5694 hilaris.
1373 5692 1380 5694 7
2115 5620 2228 5694 (55)
2262 5623 2462 5678 Lamb.
2488 5620 2882 5694 detinuerunt;
2912 5620 2968 5676 et
2997 5639 3151 5690 mox,
3174 5638 3260 5677 me
3288 5638 3370 5678 ire
3394 5637 3498 5694 pro
3516 5622 3687 5678 abire.

357 5691 470 5765 (42)
503 5691 694 5751 Fellus
725 5691 792 5749 in
816 5693 954 5750 edit.
997 5692 1175 5749 Oxon.
1229 5692 1569 5755 exsolveret;
1619 5695 1932 5764 monetque
2116 5691 2228 5767 (56)
2259 5694 2463 5750 Lamb.
2493 5693 2563 5750 ad
2592 5709 2713 5749 eam
2742 5694 2963 5748 turrim.
