4014 6226
321 313 435 375 991
1824 323 1888 386 S.

2141 322 2236 383 [ΑΞ
3601 325 3726 385 99Ξ

316 449 385 504 Et
413 466 546 508 cum
572 453 982 510 adorassemus
1013 454 1496 526 Dominum,tunc
1525 457 1683 514 venit
1713 462 1913 530 pastor
1942 456 2125 524 ille,et
2154 457 2236 512 ait
2265 456 2335 511 ad
2367 453 2501 512 illas
2537 473 2548 512 :
2581 455 2814 511 Nullam
2848 453 2900 511 ei
2931 454 3148 513 fecistis
3173 457 3283 528 (57)
3303 456 3622 530 injuriam?
3655 460 3728 514 Et

319 539 590 596 dixerunt
622 543 672 596 ei
707 559 720 597 :
755 544 953 614 Ipsum
987 545 1297 618 interroga.
1333 549 1470 602 Dico
1502 548 1553 604 ei
1589 566 1601 603 :
1638 548 1897 613 Domine,
1937 564 2149 619 magna
2171 546 2443 618 voluptas
2475 563 2566 601 me
2596 548 2768 618 ccepit
2796 546 2930 617 (58),
2962 547 3115 619 quod
3143 549 3327 604 mansi
3361 565 3492 604 cum
3519 549 3624 604 eis.
3658 550 3727 605 Et

314 629 458 684 dixit
488 629 631 684 mihi
667 649 678 686 :
712 633 857 698 Quid
892 636 1128 689 ctenasti
1152 635 1179 689 ‘?
1209 638 1276 691 Et
1304 637 1419 691 dixi
1456 655 1467 692 :
1505 638 1751 702 Crenavi,
1773 637 2024 702 domine,
2058 641 2179 690 tota
2210 641 2374 690 nocte
2405 636 2579 690 verba
2608 636 2718 706 (59)
2751 636 3000 691 Domini.
3021 637 3192 703 Bene,
3227 637 3438 708 inquit,
3471 647 3528 693 te
3560 655 3726 693 acce-

315 720 572 789 perunt?
603 721 669 775 Et
701 721 814 775 dixi
852 740 863 776 :
901 723 1050 778 Bene
1080 725 1213 795 (60),
1242 727 1496 782 domine.
1529 727 1805 798 Nunquid
1835 725 1918 781 vis
1946 742 2100 780 nunc
2132 725 2381 779 audire?
2413 729 2477 778 Et
2509 724 2625 778 dixi
2661 742 2673 779 :
2705 724 2867 792 Volo,
2901 725 3135 780 domine
3157 727 3268 798 (61)
3305 743 3317 780 :
3351 732 3408 781 et
3437 728 3730 798 primum,

311 807 461 861 sicut
491 813 545 862 te
575 808 1018 882 interrogavero,
1053 831 1190 883 rogo
1224 821 1286 869 ut
1322 816 1404 870 sic
1434 816 1577 870 mihi
1633 817 1990 870 demontres.
2041 814 2547 878 Quemadmodum
2577 815 2684 883 vis,
2718 814 2927 885 inquit,
2979 815 3063 869 sic
3093 815 3198 870 tibi
3231 832 3349 871 rem
3374 815 3726 888 explanabo,

314 897 446 968 (62),
481 914 584 952 nec
613 899 934 971 quidquam
959 910 1014 956 te
1045 903 1264 958 celabo.

1823 1010 2048 1065 CAPUT
2088 1011 2210 1064 XII.

391 1094 649 1149 Primum
683 1097 1229 1167 omnium,domine,
1254 1100 1518 1171 inquam,
1552 1101 1660 1155 hoc
1692 1102 1801 1172 (63)
1836 1100 1978 1154 mihi
2013 1101 2349 1154 demonstra
2382 1115 2394 1152 :
2431 1099 2595 1153 Petra
2641 1099 2783 1164 haec,
2831 1103 2890 1154 et
2936 1103 3102 1171 porta
3148 1099 3283 1170 quid
3316 1099 3504 1155 sunt?
3555 1100 3730 1166 Audi,

313 1183 506 1254 inquit
539 1202 550 1238 :
585 1186 751 1240 Petra
782 1187 899 1242 haec
930 1193 986 1242 et
1017 1194 1183 1260 porta
1209 1192 1320 1261 (64)
1357 1190 1535 1244 Filius
1567 1190 1665 1246 Dei
1697 1195 1802 1245 est.
1837 1190 2096 1252 Quonam
2131 1193 2317 1260 pacto,
2351 1189 2614 1258 inquam,
2667 1189 2920 1254 domine,
2982 1193 3144 1260 petra
3192 1194 3357 1243 vetus
3412 1193 3523 1253 est,
3557 1194 3732 1259 porta

313 1279 507 1328 autem
543 1275 733 1330 nova?
762 1277 932 1343 Audi,
967 1277 1177 1349 inquit,
1210 1279 1513 1349 insipiens,
1551 1284 1607 1334 et
1641 1278 1916 1349 intellige.
1954 1278 2135 1333 Filius
2165 1278 2398 1348 quidem
2430 1277 2525 1332 Dei
2566 1277 2724 1332 omni
2753 1283 3017 1332 creatura
3069 1277 3365 1349 antiquior
3410 1282 3519 1348 est,
3552 1278 3635 1332 ita
3667 1281 3737 1332 ut

310 1364 370 1417 in
398 1364 639 1418 consilio
670 1365 822 1419 Patri
860 1383 964 1420 suo
997 1367 1245 1421 adfuerit
1278 1370 1345 1422 ad
1395 1369 1756 1423 condendam
1817 1369 1930 1438 (65)
1977 1371 2321 1422 creaturam.
2378 1367 2547 1421 Porta
2595 1370 2790 1421 autem
2835 1372 3104 1438 proptera
3144 1383 3291 1422 nova
3333 1371 3440 1437 est,
3495 1367 3637 1437 quia
3668 1368 3729 1421 in

308 1454 811 1508 consummatione
842 1455 899 1508 in
935 1457 1270 1512 novissimis
1302 1457 1508 1512 diebus
1540 1457 1843 1528 apparebit
1874 1458 2010 1525 (66),
2043 1463 2104 1510 ut
2149 1456 2249 1527 qui
2297 1456 2622 1511 assecuturi
2656 1459 2795 1510 sunt
2823 1454 3094 1521 salutem,
3128 1472 3230 1527 per
3259 1471 3386 1510 eam
3417 1455 3638 1510 intrent
3672 1456 3732 1510 in

311 1557 555 1613 regnum
589 1542 710 1597 Dei.
744 1543 975 1614 Vidisti,
1009 1545 1223 1615 inquit,
1257 1545 1480 1617 lapides
1513 1546 1645 1602 illos
1677 1547 1776 1617 qui
1831 1562 1934 1617 per
1980 1550 2205 1616 portam
2257 1544 2521 1599 translati
2568 1549 2728 1613 sunt,
2768 1545 2824 1598 in
2874 1549 3230 1600 structuram
3262 1544 3443 1600 turris
3473 1543 3732 1600 colloca-

311 1634 401 1685 tos
431 1631 586 1701 (67);
621 1647 718 1687 eos
746 1649 876 1688 vero
910 1634 1010 1704 qui
1035 1651 1148 1688 non
1182 1641 1350 1690 erant
1394 1634 1661 1689 translati
1697 1652 1799 1706 per
1829 1639 2076 1706 portam,
2115 1634 2371 1705 abjectos
2404 1634 2460 1688 in
2493 1632 2685 1688 locum
2721 1649 2894 1688 suum
2936 1633 3088 1704 (68)?
3125 1634 3194 1688 Et
3237 1633 3352 1689 dixi
3387 1650 3400 1688 :
3435 1632 3592 1701 Vidi,
3624 1639 3733 1688 do-

317 1718 489 1775 mine.
525 1720 618 1775 Sic
648 1721 857 1791 inquit,
890 1739 1058 1777 nemo
1084 1723 1326 1778 intrabit
1357 1725 1417 1778 in
1451 1740 1697 1795 regnum
1725 1724 1825 1779 Dei
1857 1723 1968 1778 nisi
1993 1723 2130 1794 quia
2159 1723 2446 1793 acceperit
2477 1739 2691 1777 nomen
2722 1721 2842 1777 Filii
2889 1722 3007 1778 Dei.
3038 1722 3097 1778 Si
3127 1723 3284 1778 enim
3317 1723 3378 1778 in
3432 1722 3731 1778 civitatem

312 1807 571 1880 aliquam
602 1809 854 1865 volueris
878 1812 1176 1877 intrare,et
1200 1813 1402 1868 civitas
1433 1813 1532 1867 illa
1561 1814 1749 1868 cincta
1791 1813 1864 1867 sit
1905 1829 2097 1880 muro,
2142 1816 2197 1866 et
2228 1828 2402 1866 unam
2429 1811 2700 1867 habuerit
2721 1815 3129 1867 tantummodo
3153 1816 3380 1883 portam
3407 1830 3422 1880 ;
3457 1811 3734 1883 nunquid

310 1898 528 1968 poteris
549 1897 782 1954 aliunde
814 1901 923 1971 (69)
956 1901 1171 1956 intrare
1201 1902 1492 1957 civitatem
1526 1901 1706 1968 illam,
1744 1901 1854 1955 nisi
1891 1918 1992 1972 per
2023 1905 2246 1973 portam
2281 1917 2456 1971 quam
2488 1900 2712 1955 habet?
2742 1903 2809 1954 Et
2834 1917 3090 1971 quonam
3123 1901 3316 1965 modo,
3348 1900 3731 1972 inquam,do-

310 1985 487 2052 mine,
521 1987 690 2042 aliter
719 1988 841 2043 fieri
871 1989 1102 2060 potest?
1139 1991 1300 2045 Sicut
1329 2007 1485 2063 ergo,
1521 1991 1734 2061 inquit,
1770 1991 1828 2045 in
1859 1989 2022 2045 illam
2055 1990 2256 2044 urbem
2302 2006 2414 2044 non
2441 1993 2634 2060 potest
2685 1988 2888 2043 intrari
2940 1990 3073 2060 (70),
3125 2005 3299 2060 quam
3340 2005 3445 2060 per
3495 1993 3728 2059 portam

308 2075 436 2143 ejus
471 2092 483 2129 :
521 2075 601 2130 ita
631 2093 735 2131 nec
767 2077 824 2130 in
860 2094 1103 2150 regnum
1141 2079 1232 2134 Dei
1267 2087 1456 2151 potest
1491 2078 1656 2133 aliter
1688 2080 1889 2134 intrari
1925 2080 2058 2150 (71),
2093 2078 2205 2133 nisi
2239 2095 2340 2148 per
2370 2094 2580 2132 nomen
2616 2077 2742 2131 Filii
2776 2080 2902 2148 ejus
2935 2079 3032 2148 qui
3066 2078 3118 2133 ei
3180 2077 3594 2132 charissimus.
3656 2076 3726 2132 Et

310 2163 457 2218 dixit
488 2164 628 2219 mihi
665 2183 676 2219 :
711 2166 915 2221 Vidisti
948 2169 1175 2222 turbam
1203 2186 1402 2224 eorum
1440 2168 1536 2239 qui
1568 2167 2161 2222 aadiﬁcahantturrim
2196 2166 2355 2221 illam
2383 2168 2410 2220 ‘?
2439 2166 2590 2236 Vidi,
2621 2166 3140 2237 inquam,domine.
3174 2168 3241 2221 Et
3263 2167 3404 2220 dixit
3438 2183 3450 2221 :
3488 2165 3578 2220 Illi
3603 2183 3730 2220 om-

310 2269 412 2307 nes
444 2253 633 2308 nuntii
665 2260 802 2310 sunt
832 2256 1112 2327 dignitate
1142 2258 1253 2329 (72)
1283 2259 1617 2313 venerandi.
1654 2258 1755 2312 His
1784 2257 1965 2328 igitur
1992 2255 2168 2311 veluti
2202 2273 2369 2310 muro
2419 2255 2645 2310 cinctus
2698 2261 2786 2311 est
2815 2257 3118 2310 Dominus.
3156 2257 3321 2311 Porta
3350 2272 3482 2310 vero
3541 2255 3728 2309 Filius

312 2341 414 2396 Dei
446 2348 554 2413 est,
587 2343 686 2414 qui
718 2344 878 2399 solus
910 2351 994 2400 est
1023 2363 1292 2402 accessus
1316 2348 1385 2402 ad
1420 2347 1623 2402 Deum.
1649 2347 1830 2401 Aliter
1853 2363 1988 2418 ergo
2020 2362 2190 2400 nemo
2213 2345 2454 2399 intrabit
2474 2346 2545 2400 ad
2579 2345 2785 2408 Deum,
2810 2345 2920 2400 nisi
2949 2362 3050 2416 per
3075 2345 3279 2399 Filium
3315 2345 3464 2414 ejus.
3486 2343 3724 2413 Vidisti,

309 2431 516 2501 inquit,
551 2431 682 2487 illos
713 2450 810 2488 sex
840 2433 1014 2502 viros,
1038 2440 1094 2489 et
1124 2435 1179 2488 in
1218 2437 1406 2490 medio
1438 2453 1637 2490 eorum
1671 2435 2012 2506 praecelsum
2048 2434 2235 2488 virum
2272 2433 2438 2488 illum
2471 2450 2536 2488 ac
2570 2450 2848 2505 magnum
2881 2433 3137 2504 (73),qui
3170 2432 3321 2488 circa
3350 2434 3563 2487 turrim
3599 2450 3728 2487 am-

311 2519 552 2588 bulavit,
585 2525 641 2575 et
672 2522 893 2592 lapides
924 2523 993 2578 de
1026 2527 1318 2578 structura
1348 2524 1677 2595 reprobavit
1702 2524 1813 2595 (74)
1837 2524 2036 2592 ?Vidi,
2069 2523 2331 2593 inquam,
2366 2523 2616 2577 domine.
2645 2522 2762 2589 Ille,
2785 2522 3000 2593 inquit,
3032 2521 3342 2592 praecelsus
3369 2523 3503 2591 (75),
3542 2521 3727 2576 Filius

309 2607 409 2662 Dei
443 2614 530 2664 est
561 2627 574 2676 ;
608 2615 665 2664 et
694 2610 779 2664 illi
811 2628 930 2677 sex,
965 2613 1154 2667 nuntii
1189 2618 1326 2668 sunt
1356 2613 1638 2684 dignitate
1670 2614 1780 2682 (76)
1813 2612 2134 2684 conspicui,
2169 2612 2368 2666 dextra
2395 2612 2650 2682 laevaque
2695 2627 2825 2666 eum
2865 2611 3311 2666 circumstantes
3336 2612 3471 2681 (77).
3496 2611 3580 2666 Ex
3611 2610 3732 2676 his,

308 2698 521 2768 inquit,
555 2699 975 2756 excellentibus
1009 2704 1122 2772 (78)
1155 2702 1398 2768 nuntiis,
1432 2719 1599 2758 nemo
1635 2703 1758 2758 sine
1789 2719 1852 2757 eo
1882 2702 2129 2757 intrabit
2159 2701 2230 2756 ad
2263 2700 2465 2756 Deum.
2501 2705 2567 2755 Et
2595 2700 2737 2756 dixit
2765 2719 2777 2756 :
2811 2699 3156 2771 Quicunque
3187 2716 3322 2772 ergo
3354 2717 3572 2756 nomen
3603 2701 3731 2771 ejus

305 2803 420 2842 non
454 2789 758 2860 acceperit,
793 2807 906 2844 non
939 2791 1177 2845 intrabit
1205 2791 1263 2846 in
1295 2808 1539 2864 regnum
1570 2792 1684 2847 Dei.

1797 2906 2026 2962 CAPUT
2066 2907 2209 2962 Xlll.

388 2992 456 3046 Et
495 2992 614 3046 dixi
650 3010 662 3047 :
699 2992 835 3064 quid
869 2998 957 3049 est
989 2995 1197 3050 deinde
1226 2995 1346 3051 hac
1377 2995 1526 3050 turis
1552 2996 1579 3050 ‘I
1607 2996 1758 3063 Hinc,
1786 2995 1995 3067 inquit,
2030 2994 2297 3050 Ecclesiae
2327 2999 2436 3050 est.
2469 2995 2539 3049 Et
2565 2994 2824 3066 virgines
2853 2994 2962 3064 hie,
2983 3009 3113 3066 qua
3141 2997 3304 3061 sunt,
3334 2993 3624 3050 domine?
3654 2996 3731 3050 Et

320 3079 466 3135 dixit
496 3081 639 3135 mihi
675 3100 688 3137 :
724 3082 841 3150 Hae,
871 3083 1343 3155 inquit,Spiritus
1378 3085 1562 3140 sancti
1594 3089 1770 3140 sunt:
1805 3103 1918 3140 non
1954 3084 2119 3140 aliter
2150 3085 2304 3139 enim
2331 3084 2444 3155 (79)
2467 3083 2641 3139 homo
2663 3088 2853 3156 potest
2876 3082 2934 3138 in
2963 3099 3207 3155 regnum
3238 3083 3340 3138 Dei
3362 3082 3734 3151 intrare,nisi

316 3169 403 3224 hae
436 3170 732 3225 induerint
755 3189 887 3226 eum
920 3179 1076 3228 veste
1107 3191 1234 3228 sua.
1269 3175 1493 3228 Etenim
1550 3175 1693 3229 nihil
1728 3174 1984 3245 proderit
2033 3173 2137 3228 tibi
2187 3174 2447 3244 accipere
2479 3189 2689 3228 nomen
2746 3172 2872 3226 Filii
2904 3172 3025 3240 Dei,
3061 3172 3172 3228 nisi
3207 3173 3378 3227 ctiam
3409 3177 3470 3228 et
3495 3179 3724 3228 vestem

313 3275 516 3314 earum
549 3261 836 3331 acceperis
868 3262 938 3315 ab
962 3262 1065 3316 eis.
1105 3264 1195 3316 Ηω
1229 3279 1482 3334 namque
1513 3265 1789 3335 virgines,
1835 3267 2150 3334 potestates
2183 3267 2321 3316 sunt
2369 3261 2494 3316 Filii
2543 3262 2666 3317 Dei.
2699 3261 2782 3315 Ita
2816 3263 3034 3315 frustra
3066 3277 3275 3316 nomen
3307 3262 3435 3331 ejus
3465 3263 3727 3333 portabit

316 3348 446 3417 quis
476 3349 610 3420 (80),
648 3350 757 3403 nisi
792 3350 966 3405 etiam
1001 3355 1315 3421 potestates
1337 3353 1463 3422 ejus
1496 3353 1808 3424 portaverit
1839 3353 1969 3424 (81).
2005 3355 2069 3405 Et
2096 3352 2242 3406 dixit
2270 3351 2415 3405 mihi
2443 3368 2454 3405 :
2489 3350 2702 3405 Vidisti
2744 3349 2971 3421 lapides
3002 3350 3132 3405 illos
3162 3351 3260 3421 qui
3291 3351 3503 3421 abjecti
3538 3357 3680 3406 sunt
3712 3352 3741 3406 ?

310 3436 397 3492 Illi
430 3438 584 3492 enim
620 3455 829 3493 nomen
868 3440 1104 3510 quidem
1140 3446 1444 3511 portarunt
1470 3442 1584 3511 (82)
1614 3460 1625 3508 ;
1660 3446 1876 3496 vestem
1910 3445 2103 3496 autem
2155 3440 2388 3494 illarum
2424 3456 2539 3494 non
2573 3440 2907 3494 induerunt.
2958 3440 3028 3494 Et
3059 3440 3176 3494 dixi
3211 3456 3223 3494 :
3260 3441 3392 3505 Qua
3422 3445 3513 3494 est
3543 3441 3733 3495 vestis

311 3542 511 3582 earum
545 3527 825 3582 domine?
854 3529 1002 3599 Ipsa,
1037 3528 1250 3599 inquit,
1283 3531 1522 3584 nomina
1555 3532 1690 3601 (83),
1725 3530 1901 3585 vestis
1951 3547 2151 3585 earum
2184 3535 2293 3584 est.
2328 3529 2672 3599 Quicunque
2715 3544 2872 3599 ergo,
2925 3528 3118 3599 inquit
3167 3544 3402 3592 nomen,
3436 3528 3567 3583 Filii
3614 3514 3732 3598 (84)

314 3615 414 3670 Dei
446 3621 658 3688 portat,
693 3616 903 3672 harum
935 3634 1166 3689 quoque
1198 3619 1436 3674 nomina
1464 3626 1692 3690 portare
1724 3620 1931 3675 debet:
1963 3636 2098 3674 nam
2124 3624 2180 3674 et
2209 3617 2389 3674 Filius
2421 3618 2661 3673 nomina
2689 3622 2882 3688 portat
2911 3633 3133 3673 earum.
3161 3619 3553 3688 Quaecunque
3577 3618 3716 3685 (85),

1489 3763 1734 3818 VARUE
1763 3762 2150 3818 LECTIONES
2190 3763 2282 3817 ET
2322 3761 2547 3816 ΝΟΤιΕ.

404 3876 497 3944 57)
527 3880 665 3949 Mss.
698 3875 870 3949 Angl.
897 3877 972 3932 Ne
996 3879 1136 3948 forte
1165 3880 1391 3949 /ecistis.
2140 3879 2252 3948 (68)
2284 3877 2482 3932 Lamb.
2519 3877 2636 3949 loCo
2664 3891 2788 3949 suo.

403 3949 493 4022 58)
529 3945 879 4022 MsssAngl.
899 3945 1173 4017 magnam'
1194 3951 1526 4022 voluptatem
1551 3952 1787 4021 percepi.
2142 3945 2252 4022 (69)
2285 3949 2398 4022 Sic.
2436 3947 2788 4022 Lamb._Sic.
2812 3950 2868 4022 et
2897 3945 3036 4022 Felli
3067 3946 3209 4022 edit.
3242 3945 3426 4022 Oxon.
3447 3945 3547 4022 _Al.
3583 3947 3732 4022 alia.

406 3952 472 4002 58
529 3952 666 4003 Mss.
697 3952 866 4019 Angl.
899 3965 1162 4017 magnam
1194 3952 1526 4022 voluptatem
1551 3952 1787 4021 percepi.
2160 3952 2252 4019 69)
2285 3952 2398 4003 Sic.
2436 3952 2636 4003 Lamb.
2673 3952 2788 4002 Sic.
2812 3952 2868 4002 et
2898 3952 3036 4001 Felli
3067 3952 3209 4001 edit.
3242 3952 3426 4002 Oxon.
3457 3952 3547 4001 Al.
3583 3952 3724 4002 alia.

531 4020 732 4100 Lamb.
767 4020 1010 4100 uerbum.
2140 3952 2256 4091 (70)
2287 4020 2493 4100 Lamb.
2541 4018 2782 4100 omisso,
2831 4020 3055 4100 inquit,‘
3074 4018 3159 4100 sic
3193 4035 3205 4072 :
3239 4019 3303 4100 in
3351 4019 3546 4100 eadem
3587 4019 3724 4100 urbe

409 4088 500 4163 60)
533 4091 735 4163 Lamb.
772 4091 872 4145 Ita.
2075 4088 2190 4146 non
2213 4088 2363 4163 potes
2391 4092 2558 4145 aliter
2579 4093 2815 4163 intrare.
2837 4088 2983 4144 Hinc
3019 4088 3236 4156 Fellus;
3262 4091 3320 4143 in
3353 4089 3511 4145 illam
3536 4091 3731 4145 urbem

409 4093 479 4146 60
533 4093 735 4145 Lamb.
772 4093 872 4145 Ita.
2075 4109 2190 4146 non
2213 4099 2363 4163 potes
2391 4093 2558 4145 aliter
2579 4093 2812 4144 intrare.

385 4093 502 4232 (61)
533 4162 735 4216 Lamb.
771 4163 1003 4228 desunt,
1028 4163 1313 4233 Nunquid,
1363 4180 1551 4234 usque
1583 4164 1654 4218 ad
1685 4165 1915 4218 Domine
1946 4181 1964 4216 :
2074 4180 2186 4218 non
2211 4167 2386 4234 potest
2414 4163 2586 4216 aliter
2610 4162 2835 4216 intrari.

320 4238 391 4289 et.
2148 4235 2260 4299 (71)
2296 4235 2492 4288 Lamb.
2529 4234 2728 4287 alicuis
2759 4236 2993 4286 intrare.

393 4303 506 4375 (62)
541 4304 648 4358 Ms.
672 4304 869 4360 Lamb.
896 4321 1028 4359 cum
1063 4303 1216 4360 Fello
1242 4323 1254 4360 :
1278 4306 1571 4360 exsolvam.
1595 4306 1688 4360 Sic
1716 4310 1772 4361 et
1803 4304 1963 4372 alibi,
2149 4303 2260 4376 (72)
2293 4306 2431 4360 Mss.
2465 4303 2635 4376 Angl.
2668 4305 2962 4376 dignitosi.

325 4376 422 4449 ubi
455 4378 697 4449 verbum
729 4379 1030 4449 explanare
1059 4377 1155 4431 alii
1184 4379 1350 4432 codd.
1378 4395 1583 4449 praese
1615 4377 1969 4432 ferunt.Fuit
2149 4375 2263 4449 (73)
2293 4378 2431 4432 Mss.
2464 4375 2629 4447 Angl.
2666 4375 2949 4430 honestum
2978 4377 3163 4430 virum
3190 4377 3354 4446 atque
3379 4389 3659 4446 magnum.

322 4444 828 4520 nimirum_G_rtece
859 4444 1070 4520 ἐκλύσω
1101 4444 1394 4519 expediunt
1429 4448 1514 4504 vel
1545 4450 1963 4520 interpretabor.
2147 4444 2260 4520 (74)
2294 4449 2498 4513 Lamb,
2530 4444 2791 4520 portavit.

316 4519 532 4592 Glossa:
571 4538 583 4575 :
617 4517 796 4572 ἐκλύω
829 4519 1040 4575 resolvo
1064 4517 1251 4575 enodo.
1311 4521 1442 4574 Vid.
1479 4538 1645 4592 capp.
1683 4517 1750 4592 13
1791 4525 1848 4592 et
1879 4521 1900 4574 1

1356 4521 1442 4574 'id.
1479 4538 1645 4592 capp.
1683 4517 1750 4592 13
1791 4525 1848 4592 et
1879 4521 1963 4574 16.
2150 4517 2264 4592 (75⁷)
2296 4520 2436 4575 Mss.
2469 4517 2636 4592 Angl.
2672 4519 2941 4592 honestus.

316 4592 376 4645 in
437 4590 554 4647 ﬁne
611 4592 709 4647 ubi
766 4593 1163 4648 exsolutionem
1221 4593 1510 4648 habemus
1550 4589 1670 4664 pro
1727 4589 1964 4657 ἔκλυσιν,
2150 4589 2262 4664 (76)
2287 4595 2424 4646 Mss.
2458 4589 2626 4664 Angl.
2658 4590 2936 4664 dignitosi.

315 4668 488 4718 CLER.
1568 4661 1585 4664 '
2149 4661 2266 4729 (77)
2296 4664 2436 4718 Mss.
2468 4661 2638 4732 Angl.
2669 4662 3028 4715 continentes.

387 4734 501 4803 (63)
533 4734 735 4794 Lamb,
770 4736 1262 4806 desunt,inquam,
1295 4735 1410 4789 hoc.
1437 4736 1559 4798 Quo
1591 4734 1647 4788 in
1681 4733 1964 4806 cod.pas-r
2150 4735 2262 4806 (78)
2294 4732 2631 4806 MsssAngl.
2673 4732 2979 4803 dignitosis.

319 4801 431 4859 sim
463 4801 817 4860 omittuntur
860 4801 1094 4876 inquam'
1120 4812 1176 4860 et
1206 4809 1404 4876 inquit.
1437 4810 1568 4858 Haec
1601 4805 1754 4860 enim
1790 4801 1968 4859 Graeci
2153 4801 2263 4874 (79)
2297 4805 2499 4859 Lamb.
2533 4801 2846 4875 autem‘pro
2878 4818 3045 4857 enim.
3068 4801 3138 4856 Et
3166 4815 3339 4857 mox:
3372 4801 3488 4857 nisi
3514 4802 3612 4857 has
3638 4801 3718 4857 ἕπ-

321 4875 646 4949 ὧᾶὶοεὶδὶω
677 4875 1002 4948 supplenda
1056 4877 1254 4932 lectori
1276 4875 1288 4876 ί
1317 4878 1686 4949 permittunt,
1721 4881 1783 4930 ut
1815 4877 1963 4948 apud
2079 4876 2260 4949 duerit
2287 4892 2428 4929 cum.

324 4945 619 5004 Platonem
655 4945 896 5019 passim.
933 4950 1100 5003 CLER.
1317 4945 1334 4949 ⁷
1852 4945 1867 4948 ⁷
2151 4947 2264 5017 (80)
2298 4946 2492 5001 Lamb.
2522 4950 2716 5016 Itaque
2745 4947 2866 5019 sine
2893 4960 3062 5019 causa
3092 4947 3213 5019 quis
3233 4945 3484 5016 portabit
3510 4960 3724 5010 nomen,

398 5020 510 5090 (64)
541 5019 634 5073 Sic
655 5016 724 5073 in
756 5020 936 5074 sacris
967 5019 1194 5087 litteris,
1230 5019 1512 5074 Dominus
1535 5022 1689 5090 petra
1719 5021 1775 5072 et
1793 5019 1972 5087 janua
2079 5016 2195 5073 nisi
2223 5021 2388 5073 etiam
2415 5021 2464 5072 et
2490 5021 2784 5090 potestates
2813 5018 2932 5090 ejus
2962 5016 3228 5071 induerit.

325 5088 562 5147 dieitur.
598 5092 684 5145 Ita
717 5092 924 5145 Fellus.
978 5096 1040 5144 Et
1091 5090 1336 5144 alterum
1388 5088 1626 5162 quidem
1679 5093 1699 5145 1
1744 5089 1864 5145 Cor.
1913 5107 1970 5155 x,
2152 5092 2266 5158 (81)
2299 5090 2439 5144 Mss.
2471 5088 2639 5162 Angl.
2676 5088 2982 5162 induerint.

323 5165 395 5230 4;
430 5162 678 5218 alterum
711 5179 842 5217 vero
871 5163 1040 5216 Joan.
1076 5179 1130 5226 x,
1162 5163 1217 5230 7,
1250 5164 1302 5215 9.
1409 5161 1417 5162 7
2153 5163 2265 5231 (82)
2298 5162 2437 5215 Mss.
2469 5161 2639 5231 Angl.
2678 5161 2945 5214 tulerunt.

392 5236 506 5305 (65)
551 5233 750 5288 Lamb.
798 5233 1196 5305 constituendo.
1249 5233 1410 5288 Bodl.
1462 5234 1846 5289 constituendi.
1879 5231 1974 5287 Sic
2157 5233 2258 5302 (83)
2292 5232 2493 5305 Lamb.
2527 5235 2708 5304 Ipsum
2740 5233 3211 5305 inqu_it,_nomen.

321 5299 758 5378 apud'Fellum.
787 5304 971 5378 Aliter
1001 5304 1275 5378 Clericus.
1636 5375 1651 5378 _
1839 5376 1872 5378 ῌ
2121 5373 2133 5378 _
2157 5299 2270 5378 (84)
2313 5303 2514 5358 Lamb.
2547 5299 2728 5378 'deest
2768 5299 2922 5357 Filii.
2958 5301 3038 5356 De
3087 5301 3324 5378 nomine
3353 5299 3480 5378 Filii
3531 5301 3630 5357 Dei
3661 5299 3720 5378 ab

395 5379 508 5446 (66)
541 5377 680 5431 Mss.
734 5377 899 5446 Angl.
954 5383 1011 5430 et
1061 5377 1248 5430 Carm.
1301 5378 1580 5446 apparuit.
1635 5375 1716 5428 Ita
1748 5381 1803 5429 et
1838 5373 1974 5428 Felli
2087 5373 2286 5430 electis
2318 5380 2560 5445 gestato,
2612 5376 2739 5446 vide
2787 5377 2961 5444 Apoc.
2997 5390 3059 5436 η,
3094 5376 3192 5438 17;
3240 5375 3469 5446 111,12:
3518 5374 3718 5446 ιιγηί,

330 5444 465 5503 edit.
493 5444 1496 5520 Oxon.Vulgatalectioiconlirmari
1514 5452 1700 5518 potest
1716 5463 1782 5501 ex
1802 5447 1971 5501 Hebr.
2086 5452 2140 5520 et
2168 5447 2238 5520 de
2270 5444 2424 5520 veste
2459 5445 2702 5520 nuptiali
2734 5446 2935 5520 Matth,
2969 5447 3204 5520 xxu._11.
3239 5445 3412 5500 Porro
3434 5444 3718 5520 apostolus

327 5538 383 5587 x,
415 5521 505 5582 28,
539 5537 652 5590 quo
685 5516 832 5574 forte
859 5520 1108 5590 respexit
1139 5519 1403 5574 Hermas.
1436 5516 1632 5573 Altera
1661 5534 1795 5572 vero
1829 5534 1972 5573 mss.
2087 5517 2497 5590 Paulusijubet
2529 5516 2802 5573 Christum
2833 5516 3274 5590 induere,Rom.
3306 5534 3428 5584 xm,
3465 5516 3550 5574 14.
3569 5517 3714 5572 Fui.

331 5608 400 5645 ex
415 5589 594 5663 (Hebr.
633 5609 671 5660 ι,
695 5593 754 5663 1,
782 5595 834 5646 2.
959 5589 962 5590 ⁷
2111 5661 2122 5663 Α
2163 5589 2280 5657 (85)
2314 5589 2718 5663 LambsFilius
2769 5590 2920 5644 enim
2952 5589 3224 5663 Dfipipsq
3249 5592 3480 5663 mina
3530 5589 3713 5663 potiat-

405 5661 516 5729 (67)
549 5657 749 5718 Lamb.
780 5663 1028 5718 collatos.
2093 5661 2459 5732 Quoscunque.
2497 5661 2680 5717 Habet
2709 5674 2942 5732 quoque
2970 5657 3146 5715 Filius
3191 5661 3290 5718 Dei
3325 5660 3462 5719 Felli
3495 5657 3585 5718 ea.
3627 5657 3713 5715 οι.
