4014 6226
274 430 385 492 993
1364 424 1693 487 PASTOR.
1728 456 1806 469 â€”
1834 424 1982 485 LIB.
2033 426 2138 485 lll.
2186 425 2425 487 SIMIL.
2469 427 2577 488 IX.
3556 429 3672 492 994

273 561 485 634 inquit,
514 557 740 632 lapides
767 554 964 612 vidisti
994 557 1052 612 in
1083 558 1382 612 structura
1411 556 1769 613 remansisse
1801 573 1903 629 per
1933 572 2146 612 manus
2188 557 2396 613 harum
2436 557 2704 625 traditos,
2738 574 2940 614 earum
2972 562 3259 631 potestate
3286 560 3477 617 vestiti
3510 566 3672 617 sunt.

274 652 521 721 Ideoque
551 652 733 703 totam
760 644 970 701 turrim
1001 646 1347 701 concordem
1380 646 1492 718 (86)
1522 646 1683 702 vides
1713 662 1845 702 cum
1880 651 2063 719 petra,
2098 651 2153 702 et
2181 647 2337 703 velut
2368 665 2435 703 ex
2468 665 2581 703 uno
2613 646 2806 719 lapide
2840 650 3073 703 factam.
3106 649 3199 704 Sic
3242 665 3472 720 quoque
3503 650 3543 704 ii
3575 650 3677 723 qui

275 738 649 796 crediderunt
678 736 794 791 Deo
826 752 929 807 per
956 735 1169 790 Filium
1201 735 1348 806 ejus,
1383 735 1570 790 induti
1617 741 1754 790 sunt
1788 736 2071 808 Spiritum
2106 736 2262 792 hunc
2293 737 2426 808 (87).
2460 738 2604 793 Ecce
2636 754 2789 791 unus
2818 737 2928 792 erit
2954 737 3218 809 spiritus,
3249 744 3306 793 et
3337 756 3519 794 unum
3551 757 3675 796 cor-

275 845 406 900 pus,
438 832 495 883 et
524 841 677 881 unus
704 823 862 881 color
890 824 1141 880 vestium
1175 839 1377 880 eorum
1411 825 1563 897 (88);
1597 825 1697 880 sed
1728 830 1784 880 et
1814 824 1898 879 illi
1938 832 2325 895 assequentur
2357 826 2489 896 ista,
2521 827 2621 898 qui
2670 826 3025 897 portaverint
3054 826 3164 897 (89)
3218 827 3456 883 nomina
3501 828 3677 901 virgi-

275 934 417 973 num
450 916 681 971 harum.
711 915 779 970 Et
809 914 927 969 dixi
959 932 973 969 :
1010 914 1198 977 Quare
1230 930 1388 986 ergo,
1421 915 1673 981 domine,
1708 914 1917 983 abjecti
1949 920 2088 969 sunt
2118 913 2345 986 lapides
2373 916 2468 987 qui
2504 916 2793 987 reprobati
2827 916 3079 979 fuerunt,
3112 932 3242 969 cum
3276 916 3384 987 ipsi
3415 933 3515 987 per
3546 934 3677 989 por-

272 1010 393 1063 tam
425 1006 536 1077 (90)
567 1003 835 1059 translati
867 1002 1112 1069 fuerint,
1147 1008 1203 1058 et
1233 1003 1431 1058 traditi
1464 1020 1565 1075 per
1592 1020 1801 1058 manus
1832 1003 2122 1075 virginum
2155 1004 2364 1058 harum
2396 1004 2455 1058 in
2482 1010 2836 1059 structuram
2870 1003 3049 1059 turris
3100 1004 3275 1075 hujus
3298 1005 3324 1059 ?
3368 1007 3677 1076 Quoniam,

274 1095 489 1168 inquit,
518 1110 658 1149 cura
685 1093 791 1147 tibi
823 1097 914 1148 est
943 1092 1142 1147 omnia
1171 1092 1478 1165 diligenter
1509 1092 1819 1163 inquirere,
1854 1093 1989 1147 audi
2021 1094 2091 1148 de
2123 1093 2194 1148 iis
2225 1092 2521 1165 lapidibus
2553 1094 2649 1165 qui
2679 1094 2889 1165 abjecti
2924 1098 3079 1147 sunt.
3113 1095 3179 1147 Hi
3215 1111 3419 1150 omnes
3468 1112 3679 1151 nomen

280 1184 407 1241 Filii
435 1183 533 1239 Dei
564 1187 930 1254 acceperunt,
964 1183 1063 1237 sed
1091 1186 1179 1237 est
1210 1187 1556 1253 potestatem
1589 1181 1879 1253 virginum
1913 1181 2144 1247 harum,
2180 1182 2278 1237 His
2307 1199 2443 1254 ergo
2474 1183 2781 1253 spiritibus
2821 1183 3092 1253 acceptis,
3123 1184 3517 1238 consummati
3553 1186 3683 1239 fue-

280 1276 435 1344 runt,
469 1276 525 1327 et
551 1271 613 1326 in
645 1286 956 1326 numerum
986 1287 1286 1326 servorum
1318 1269 1416 1325 Dei
1447 1270 1684 1341 redacti,
1708 1274 1764 1325 et
1795 1286 1978 1326 unum
1999 1286 2211 1341 corpus
2230 1287 2432 1326 eorum
2463 1287 2591 1326 esse
2619 1270 2792 1341 cmpit
2820 1276 2994 1341 atque
3025 1286 3141 1324 una
3166 1270 3375 1338 vestis;
3411 1274 3677 1328 eamdem

282 1361 389 1434 (91)
422 1361 579 1417 enim
610 1360 945 1416 sentiebant
970 1359 1323 1429 equitatem,
1356 1375 1528 1429 quam
1567 1359 1785 1434 pariter
1813 1360 2176 1415 exercebant.
2206 1362 2278 1414 At
2325 1377 2458 1415 vero
2516 1368 2829 1431 postquam
2875 1359 3146 1414 viderunt
3198 1359 3475 1416 mulieres
3530 1360 3683 1432 illas,

280 1427 426 1523 quas
461 1448 760 1506 advertisti
791 1447 961 1520 nigra
988 1427 1147 1504 veste
1177 1427 1443 1513 vestitas,
1475 1427 1721 1503 exertis.
1738 1447 2000 1504 humeris
2047 1453 2104 1504 et
2155 1448 2363 1505 solutis
2394 1427 2535 1520 (92)-
2557 1427 2838 1519 crinibus,
2870 1448 3324 1520 concupiverunt
3369 1427 3687 1505 sollicitare

280 1538 410 1595 illas
437 1538 510 1594 ob
541 1536 1037 1611 pulchritudinem
1068 1535 1182 1608 (93)
1213 1552 1437 1603 earum,
1468 1541 1525 1592 et
1554 1535 1745 1593 induti
1773 1540 1913 1592 sunt
1934 1541 2217 1609 potestate
2245 1554 2447 1593 earum
2473 1555 2486 1605 ;
2521 1536 2812 1609 virginum
2844 1554 2975 1593 vero
3005 1538 3373 1609 projecerunt
3401 1539 3686 1594 amictum

280 1628 414 1700 (94).
448 1627 516 1683 Hi
547 1627 728 1701 igitur
756 1625 966 1698 abjecti
997 1630 1136 1682 sunt
1173 1642 1208 1683 a
1234 1626 1408 1682 domo
1438 1625 1560 1697 Dei,
1594 1630 1651 1681 et
1678 1626 1878 1681 traditi
1910 1626 2261 1682 mulieribus
2293 1625 2429 1683 illis.
2464 1629 2533 1681 At
2563 1626 2622 1681 hi
2655 1626 2755 1697 qui
2786 1642 2900 1681 non
2932 1630 3071 1682 sunt
3114 1626 3371 1699 corrupti
3420 1626 3685 1699 pulchri-

280 1715 485 1773 tudine
516 1731 742 1785 earum,
770 1715 831 1771 in
863 1715 1037 1771 domo
1069 1714 1167 1771 Dei
1211 1719 1639 1772 remanserunt.
1687 1715 1899 1786 Habes,
1948 1715 2156 1786 inquit,
2189 1716 2396 1771 horum
2444 1714 2708 1788 lapidum
2739 1716 2841 1786 qui
2890 1715 3100 1786 abjecti
3144 1719 3304 1785 sunt,
3352 1716 3691 1789 explicatio-

281 1820 416 1862 nem
446 1804 581 1877 (95).

1791 1892 2022 1949 CAPUT
2061 1893 2200 1950 XIV.

358 1984 425 2039 Et
453 1982 571 2038 dixi
605 2001 619 2039 :
651 1982 711 2038 Si
742 1982 841 2052 qui
869 1998 1027 2054 ergo,
1060 1982 1318 2051 domine,
1348 1981 1655 2038 hominum
1686 1983 1783 2052 qui
1814 1983 2155 2054 hujusmodi
2189 1988 2346 2049 sunt,
2380 1983 2606 2055 egerint
2636 1983 3061 2056 paenitentiam,
3093 1988 3150 2039 et
3182 1983 3497 2054 abjecerint
3527 1985 3689 2057 cupi-

286 2073 529 2130 ditatem
563 2072 877 2127 mulierum
904 2070 1162 2143 illarum,
1197 2077 1255 2127 et
1286 2070 1546 2127 conversi
1579 2071 1851 2127 redierint
1887 2072 1959 2127 ad
1990 2071 2263 2144 virgines,
2298 2077 2354 2127 et
2384 2089 2583 2128 earum
2619 2078 2962 2144 potestatem
2992 2072 3326 2140 induerint;
3379 2090 3569 2129 nonne
3599 2074 3688 2130 in-

290 2161 541 2219 trabunt
567 2160 628 2216 in
659 2162 899 2217 domum
931 2160 1074 2216 Dei?
1108 2161 1434 2229 Intrabunt,
1467 2160 1654 2231 inquit
1684 2161 1734 2215 si
1781 2161 2100 2230 abjecerint
2129 2161 2326 2217 omnia
2355 2177 2530 2232 Opera
2556 2162 2869 2216 mulierum
2899 2160 3154 2231 illarum,
3189 2166 3244 2216 et
3274 2161 3482 2217 harum
3515 2162 3691 2235 virgi-

292 2267 434 2307 num
467 2249 891 2320 resumpserint
921 2254 1291 2321 potestatem,
1322 2255 1379 2305 et
1408 2250 1466 2304 in
1498 2249 1771 2321 operibus
1792 2265 1992 2305 earum
2017 2249 2463 2305 ambulaverint.
2497 2254 2565 2305 Et
2594 2250 2721 2306 ideo
2745 2250 3101 2305 intermissio
3124 2250 3275 2305 facta
3295 2255 3384 2305 est
3405 2252 3695 2321 struendi,

289 2343 356 2394 ut
384 2339 436 2394 si
467 2337 528 2393 hi
558 2338 786 2411 egerint
814 2338 1240 2410 pmnitentiam,
1275 2337 1625 2409 adjiciantur
1658 2340 1716 2393 in
1747 2342 2103 2394 structuram
2136 2338 2315 2394 turris
2350 2356 2364 2394 :
2397 2339 2447 2394 si
2479 2345 2675 2394 autem
2707 2339 2818 2410 (96)
2851 2354 2963 2393 non
2995 2338 3220 2410 egerint
3268 2338 3694 2410 pmnitentiam,

289 2427 388 2484 alii
415 2431 721 2483 struentur
744 2426 870 2483 loco
904 2443 1105 2483 eorum
1133 2444 1147 2495 ;
1180 2432 1237 2483 et
1266 2426 1351 2482 ilii
1383 2431 1524 2482 tunc
1554 2426 1907 2497 abjiciantur
1934 2427 1995 2482 in
2025 2432 2144 2483 toto
2177 2428 2309 2500 (97).
2346 2428 2430 2482 Ad
2479 2428 2599 2483 haec
2649 2428 2846 2483 omnia
2876 2428 2988 2498 (98)
3020 2426 3237 2498 gratias
3288 2427 3377 2499 egi
3427 2427 3695 2497 Domino,

292 2516 449 2590 quod
480 2516 539 2572 in
568 2532 773 2572 omnes
804 2517 864 2571 in
894 2516 1105 2587 quibus
1136 2516 1469 2571 invocatum
1520 2521 1611 2571 est
1656 2532 1867 2571 nomen
1910 2517 2060 2587 ejus,
2091 2520 2288 2571 motus
2311 2516 2622 2573 clementia
2643 2516 2869 2571 miserit
2891 2516 3195 2587 presidem
3224 2516 3495 2572 nuntium
3527 2517 3705 2589 paeni-

290 2605 485 2662 tentia
534 2606 607 2661 ad
657 2622 786 2672 nos,
830 2606 928 2675 qui
979 2604 1331 2676 deliquimus
1374 2605 1465 2673 ei;
1516 2610 1575 2661 et
1621 2605 1772 2675 quod
1824 2605 2183 2661 renovaverit
2231 2605 2473 2677 spiritus
2522 2610 2751 2661 nostros
2782 2606 2909 2675 jam
2942 2610 3094 2660 certe
3122 2604 3480 2677 deï¬cientes,
3512 2622 3702 2677 neque

292 2695 573 2750 habentes
622 2711 784 2767 spem
840 2694 1087 2762 salutis;
1139 2711 1297 2750 nunc
1342 2712 1475 2750 vero
1524 2699 1809 2749 recreatos
1843 2695 1951 2767 (99)
2002 2695 2074 2749 ad
2122 2694 2670 2767 redintegrationem
2718 2694 2868 2748 vita).
2904 2694 2970 2747 Et
3001 2693 3165 2748 dixi:
3215 2692 3400 2763 Nunc,
3442 2694 3697 2762 domine,

294 2784 635 2839 demonstra
664 2782 833 2853 mihi,
873 2798 1050 2854 quare
1081 2783 1278 2838 nonin
1310 2787 1463 2838 terra
1492 2782 1815 2838 aedificatur
1838 2783 1958 2837 haec
1980 2783 2178 2853 turris,
2203 2784 2305 2838 sed
2328 2800 2505 2855 supra
2525 2789 2747 2855 petram
2771 2788 2827 2838 et
2848 2790 3073 2855 portam
3091 2782 3120 2837 ?
3149 2783 3457 2847 Quoniam,
3482 2784 3698 2854 inquit,

295 2871 583 2943 insipiens
614 2876 672 2927 et
703 2870 830 2927 sine
858 2870 1156 2927 intellectu
1188 2888 1271 2937 es,
1305 2871 1434 2927 ideo
1465 2871 1811 2945 interrogas.
1844 2872 1909 2926 Et
1940 2873 2057 2927 dixi
2094 2891 2106 2928 :
2159 2873 2403 2928 Necesse
2433 2873 2638 2940 habeo,
2672 2872 2925 2938 domine,
2958 2871 3156 2927 omnia
3201 2878 3257 2928 te
3303 2872 3659 2943 interrogare
3687 2896 3701 2934 ;

300 2960 577 3031 quoniam
608 2959 754 3015 nihil
788 2960 1026 3016 omnino
1058 2959 1321 3032 intelligo
1355 2978 1368 3016 :
1398 2976 1678 3032 responsa
1708 2960 1864 3015 enim
1896 2961 2093 3016 omnia
2122 2961 2269 3033 (100)
2303 2978 2516 3033 magna
2546 2965 2603 3015 et
2646 2960 2919 3031 praeclara
2965 2964 3123 3029 sunt,
3156 2964 3213 3016 et
3259 2977 3387 3032 quae
3435 2960 3705 3016 homines

299 3050 395 3106 vix
424 3048 745 3122 intelligere
775 3054 1044 3122 possunt.
1077 3049 1252 3116 Audi,
1286 3049 1479 3120 inquit
1512 3067 1525 3105 :
1557 3050 1780 3105 Nomen
1814 3050 1942 3105 Filii
1972 3051 2072 3106 Dei
2105 3067 2385 3123 magnum
2415 3054 2471 3105 et
2500 3050 2858 3104 immensum
2889 3053 2997 3118 est,
3020 3054 3079 3105 et
3108 3054 3266 3105 totus
3289 3051 3360 3105 ab
3383 3066 3449 3105 eo
3482 3055 3711 3106 susten-

296 3142 459 3195 tatur
487 3138 645 3194 orbis
674 3139 735 3190 â¸â¸.
774 3138 832 3193 Si
865 3155 1024 3211 ergo,
1056 3139 1321 3211 inquam,
1353 3138 1548 3193 omnis
1578 3139 1653 3210 (1)
1685 3139 1785 3195 Dei
1815 3142 2083 3194 creatura
2114 3156 2215 3211 per
2247 3136 2457 3193 Filium
2490 3138 2618 3208 ejus
2650 3141 3050 3205 sustentatur;
3085 3155 3188 3193 cur
3218 3156 3332 3193 non
3365 3143 3422 3193 et
3451 3155 3549 3194 eos
3579 3155 3709 3194 sus-

298 3228 449 3282 tinet
476 3227 573 3297 qui
604 3225 830 3282 invitati
871 3232 1012 3282 sunt
1042 3227 1115 3281 ab
1147 3244 1235 3292 eo,
1269 3231 1326 3281 et
1357 3242 1568 3281 nomen
1599 3228 1728 3297 ejus
1760 3228 1977 3292 ferunt,
2003 3231 2060 3281 et
2090 3226 2149 3280 in
2181 3225 2483 3297 praeceptis
2514 3226 2641 3295 ejus
2675 3225 3028 3281 ambulant?
3074 3227 3276 3281 Nonne
3316 3226 3491 3281 etiam
3525 3226 3706 3296 vides,

298 3316 511 3387 inquit,
543 3316 700 3387 quod
732 3316 985 3372 sustinet
1013 3316 1090 3388 (2)
1120 3332 1239 3387 eos,
1272 3316 1371 3387 qui
1404 3330 1473 3370 ex
1503 3316 1641 3371 totis
1673 3316 2006 3388 praecordiis
2038 3320 2273 3387 portant
2304 3332 2515 3370 nomen
2547 3315 2720 3386 ejus?
2770 3315 2898 3386 Ipse
2928 3315 3107 3386 igitur
3138 3316 3587 3371 fundamentum
3620 3320 3714 3371 est

299 3420 529 3472 eorum,
561 3409 618 3459 et
646 3403 896 3460 libenter
919 3395 1115 3477 portat
1144 3420 1242 3460 eos
1273 3404 1370 3475 qui
1403 3405 1483 3476 (3)
1513 3421 1629 3461 non
1660 3410 1876 3477 negant
1906 3422 2117 3460 nomen
2148 3405 2295 3475 ejus,
2321 3405 2421 3459 sed
2453 3403 2700 3460 libenter
2730 3404 3021 3459 sustinent
3050 3402 3216 3459 illum
3251 3405 3348 3476 (4).

1821 3520 2052 3576 CAPUT
2081 3519 2197 3575 XV.

373 3608 444 3663 Et
473 3608 593 3663 dixi
628 3624 641 3664 :
674 3608 1023 3665 Demonstra
1051 3609 1218 3679 mihi,
1250 3609 1507 3677 domine,
1540 3610 1780 3665 nomina
1808 3611 2102 3682 virginum
2153 3610 2361 3664 harum
2409 3613 2467 3665 et
2515 3608 2829 3664 mulierum
2878 3608 3136 3675 illarum,
3171 3625 3296 3681 quae
3346 3608 3515 3680 nigra
3553 3612 3712 3664 veste

301 3702 445 3752 sunt
474 3696 688 3751 indutae
720 3697 818 3769 (5).
852 3699 1027 3765 Audi,
1059 3697 1248 3768 inquit
1281 3716 1294 3754 :
1330 3698 1581 3755 Nomina
1608 3699 1903 3771 virginum
1936 3716 2062 3770 quae
2096 3700 2445 3771 potentiores
2476 3704 2635 3763 sunt,
2668 3714 2795 3770 quis
2827 3699 3207 3753 obtinuerunt
3237 3697 3482 3769 angulos
3513 3702 3713 3769 portae,

307 3785 432 3840 haec
461 3790 601 3840 sunt
648 3786 771 3858 (6):
823 3786 1019 3841 Prima
1061 3792 1299 3842 vocatur
1348 3787 1534 3854 Fides,
1586 3789 1845 3843 secunda
1891 3788 2275 3858 Abstinentia,
2328 3788 2497 3843 tertia
2546 3788 2825 3857 Potestas,
2877 3792 3083 3856 quarta
3128 3786 3449 3852 Patientia;
3501 3792 3716 3841 cetera:

309 3878 505 3928 autem
538 3890 663 3943 quas
695 3874 847 3930 infra
876 3875 984 3931 has
1015 3875 1349 3931 consistunt
1378 3876 1475 3947 (7),
1500 3875 1593 3931 his
1625 3877 1967 3931 nominibus
1988 3881 2304 3932 vocantur:
2339 3875 2719 3947 Simplicitas,
2741 3874 3095 3941 Innocentis,
3120 3873 3391 3942 Castitas,
3417 3874 3717 3942 Hilaritas,

306 3961 561 4031 Veritas,
594 3963 1005 4036 lntelligentia,
1038 3964 1375 4033 Concordia,
1407 3964 1695 4021 Charitas.
1729 3966 2071 4037 Quicunque
2118 3966 2315 4036 itaque
2360 3969 2596 4036 portant
2637 3966 2757 4019 haec
2808 3965 3047 4019 nomina
3092 3967 3149 4018 et
3178 3980 3389 4019 nomen
3424 3963 3553 4019 Filii
3586 3961 3690 4018 Dei

300 4051 363 4107 in
396 4067 644 4123 regnum
677 4052 777 4107 Dei
810 4058 1085 4124 poterunt
1113 4053 1351 4109 intrare.
1383 4053 1534 4108 Audi
1575 4071 1730 4110 nunc
1761 4054 2073 4110 mulierum
2106 4056 2363 4121 nomina,
2396 4070 2522 4125 quae
2551 4053 2717 4126 nigra
2746 4060 2904 4108 veste
2933 4054 3153 4108 vestita
3186 4058 3347 4107 sunt.
3399 4053 3481 4108 Ex
3514 4051 3601 4106 his
3631 4050 3711 4122 (8)

300 4144 557 4213 quatuor
585 4140 943 4213 potentiores
973 4146 1114 4198 sunt
1146 4159 1159 4197 :
1194 4158 1441 4212 quarum
1492 4143 1684 4215 prima
1711 4144 1982 4213 Perï¬dia,
2031 4144 2288 4200 secunda
2336 4143 2812 4214 Intemperantia,
2857 4141 3027 4197 tertia
3072 4140 3476 4205 Incredulitas,
3510 4144 3720 4211 quarta

298 4228 586 4300 Voluptas
614 4229 693 4300 (9)
724 4230 1083 4287 nominatur.
1119 4232 1435 4301 Sequentes
1466 4247 1600 4288 vero
1632 4234 1840 4290 harum
1895 4234 1977 4291 sic
2028 4233 2446 4289 nominentur:
2499 4232 2778 4299 Tristitia,
2829 4231 3072 4299 Malitia,
3118 4230 3344 4297 Libido,
3385 4229 3714 4296 Iracundia,

303 4316 699 4388 Mendacium,
733 4319 1019 4389 Stultitia,
1054 4322 1301 4392 Inï¬‚atio,
1332 4325 1567 4381 Odium.
1602 4325 1717 4382 Hos
1748 4323 1991 4396 spiritus
2020 4323 2123 4395 qui
2155 4328 2346 4395 portat
2376 4322 2474 4378 Dei
2504 4338 2729 4390 servus,
2762 4339 3007 4393 regnum
3056 4323 3154 4379 Dei
3206 4319 3426 4377 videbit
3454 4318 3714 4390 quidem,

375 4406 421 4441 â¸â¸
451 4406 595 4462 Heb.
630 4424 670 4473 Î™,
703 4408 757 4463 3.

1485 4502 1721 4557 Î½Î‘Î’Î™Î¹Î•
1760 4500 2155 4557 LECTIONES
2194 4500 2285 4555 ET
2324 4499 2559 4556 NOTIE.

377 4601 498 4678 (86)
523 4599 1083 4678 Bodl._co1_zsimilem.
1116 4607 1309 4663 Fellus
1338 4608 1397 4663 in
1444 4625 1553 4664 sua
1598 4608 1739 4663 edit.
1774 4607 1957 4667 Oxon.
2140 4606 2252 4678 (99)
2285 4607 2370 4661 Ita
2400 4623 2543 4663 mss.
2577 4604 2744 4677 Angl.
2771 4609 2827 4660 et
2847 4605 2995 4661 Vict.
3021 4607 3105 4662 Ita
3125 4611 3181 4662 et
3200 4604 3341 4663 edit.
3375 4601 3517 4659 Felli
3539 4601 3719 4657 Oxon.

303 4671 850 4751 corigglogem._Vide
879 4675 1145 4751 Origenis
1174 4679 1443 4735 Philocal.
1476 4696 1603 4751 cap.
1635 4680 1689 4751 8.
2075 4671 2165 4751 Alâ€˜.
2199 4671 2435 4751 recreat.

386 4886 407 5242 á¼“

484 5028 503 5243 l

382 4743 511 4823 (8â€˜7)
533 4743 738 4823 Lamb.
770 4743 1067 4805 Dominam
1090 4766 1193 4822 per
1219 4752 1432 4807 Filium
1466 4743 1605 4823 ejus,
1637 4750 1735 4807 hoc
1761 4752 1969 4821 spiritu
2147 4750 2296 4823 (100)
2328 4749 2856 4823 Lamb_._responsis.
2892 4751 3097 4823 Omnia
3125 4750 3294 4804 enim.

312 4815 511 4890 induti
535 4819 696 4890 sunt.
828 4888 840 4890 _
1090 4815 1105 4822 â€™
1487 4815 1504 4823 â·
1591 4815 1598 4818 â€™
1789 4815 1799 4821 â€™
2149 4815 2225 4890 (l)
2259 4815 2459 4876 Lamb.
2493 4819 2584 4875 Sic
2611 4815 2735 4890 ergo
2766 4821 2967 4875 omnis.

408 4886 501 4963 Î²Î¾)
529 4886 741 4963 _L_amb.
774 4888 905 4963 odor
933 4894 1167 4948 vestium
1195 4910 1407 4950 earum.
2148 4886 2225 4963 (2)
2259 4892 2459 4946 Lamb.
2480 4886 2855 4962 Atque'etiam
2880 4892 3027 4948 vides
3057 4907 3143 4947 eos
3172 4906 3301 4963 quos
3324 4889 3578 4945 sustinet.

410 4896 501 4957 88)
535 4896 741 4943 Lamb.
774 4896 905 4945 odor
933 4896 1167 4948 vestium
1195 4910 1407 4950 earum.
2170 4896 2205 4946 2
2259 4896 2459 4946 Lamb.
2480 4896 2655 4962 Atque
2682 4896 2756 4945 eti

528 4958 876 5036 Mss._An_gl.
907 4965 1159 5019 tulerint.
2148 4896 2226 5036 (Î´á½²
2251 4964 2450 5019 Lamb-
2478 4965 2756 5036 Î±Î·ÏÎ·á½·Î±Î½Î·Ï‚

536 5029 737 5109 Lamb.
771 5029 1132 5109 desunt,_per
1155 5044 1402 5109 portam.
2150 5029 2228 5107 (4)
2263 5036 2460 5109 Lamb.
2484 5029 2665 5088 illud.
2720 5032 2860 5089 Felli
2912 5033 3050 5090 edit.
3081 5033 3263 5089 Oxon.
3312 5031 3405 5088 sed
3457 5031 3732 5085 sustinent

410 5100 503 5177 91)
534 5102 732 5177 Lamb.
775 5104 851 5177 ad,
874 5100 1135 5162 eandem.
1155 5100 1168 5109 â€™
2080 5100 2265 5177 ipsum
2297 5107 2545 5161 libenter.

354 5243 366 5254 .
387 5172 501 5254 (92:)
535 5172 740 5229 Lamb.
791 5176 1092 5233 dissolutis.
1126 5178 1269 5234 Vide
1327 5195 1506 5251 supra
1556 5195 1680 5250 cap.
1712 5179 1748 5230 2
1794 5177 1973 5248 hujus
2102 5172 2114 5177 â·
2154 5178 2228 5254 (á¾‡)
2260 5178 2401 5254 Mss.
2434 5176 2606 5254 angi.
2639 5177 2865 5254 vestita,
2891 5180 2970 5254 (ut
2993 5176 3164 5254 infra.

317 5242 502 5317 Îµá½·Î¹Î·á½·á¿‘á½³
1402 5242 1420 5251 â€™
1625 5242 1643 5250 â€™
1872 5242 1890 5248 â·
2260 5250 2397 5304 Mss.
2434 5242 2637 5302 Lamb.
2669 5246 2817 5301 Vict.
2850 5242 2905 5301 et
2933 5248 3122 5302 Carm.
3156 5249 3281 5303 Haec
3323 5252 3448 5300 sunt
3492 5242 3722 5317 nomina

393 5315 507 5393 (93)
537 5318 675 5393 Mss.
707 5318 876 5391 Angl.
908 5322 1305 5393 concupierunt
1348 5339 1496 5378 enim
1546 5336 1655 5391 eas,
1688 5320 1975 5376 sollicitati
2083 5313 2295 5376 caram.
2320 5320 2412 5393 Sic
2442 5326 2498 5373 et
2534 5318 2826 5393 Eelligedit.
2861 5318 3019 5393 Oxon
3067 5320 3332 5393 Laudant
3353 5313 3723 5393 hunclocum

316 5385 763 5464 ÏÎ±Î¹Ï‚Î¾Î¹Î¾Î·Î¶Î¹Î±á½±á½·Î·Îµ.
799 5385 829 5391 â·
1075 5385 1091 5393 â€™
1642 5385 1651 5391 â·
2084 5392 2359 5464 Origenes
2392 5390 2593 5446 homil.
2631 5391 2716 5453 13,
2748 5392 2809 5464 in
2838 5391 3035 5464 Ezech.
3072 5388 3482 5464 AuctprOperis
3513 5385 3726 5464 imp.i_n

395 5458 508 5533 (94)
541 5458 743 5533 Lamb.
779 5464 1107 5521 amicitiam.
2084 5456 2269 5519 Matth.
2302 5480 2418 5533 XIX,
2448 5464 2539 5528 28,
2572 5466 2629 5515 et
2659 5461 2907 5533 scriptor
2939 5463 3074 5517 Vitae
3106 5464 3163 5517 S.
3198 5458 3493 5516 Genovefaa
3526 5456 3721 5527 cap.4.

1219 5536 1312 5593 Sic
1342 5539 1399 5591 et
1426 5534 1566 5590 Felli
1600 5536 1740 5591 edit.
1791 5536 1971 5593 Oxon.
2659 5507 3648 5609 â€˜EÃ©Ã©â€™c'Ã©istiiÃ©ï¬‚ji._f'":"mf:

418 5600 509 5679 á¼“Î¾)
547 5602 748 5679 Lamb.
782 5606 1014 5679 desunt,
1046 5615 1283 5679 egerint.
1329 5649 1341 5662 .
1387 5650 1400 5663 .
1445 5649 1459 5663 .
1499 5610 1547 5662 si
1574 5611 1776 5664 autem.
2270 5608 2352 5660 Ita
2384 5622 2492 5660 ms.
2525 5604 2672 5658 Vict.
2706 5604 2787 5658 ita
2813 5622 3045 5678 quoque
3075 5605 3214 5662 Felli
3238 5610 3291 5660 et
3316 5598 3730 5659 Russel.editt.

418 5672 509 5735 97)
543 5673 746 5731 Lamb.
781 5681 970 5735 totum.
1001 5672 1011 5679 â€™
1077 5672 1099 5679 â·
2087 5672 2171 5735 Î‘Î¹Î¶
2212 5672 2265 5733 et
2296 5679 2402 5732 his.

400 5742 513 5821 (98)
542 5745 744 5804 Lamb.
777 5750 1022 5821 singula.
1056 5752 1127 5809 Et
1157 5768 1290 5809 mox
1320 5751 1504 5821 deest,
1538 5753 1645 5822 egi.
2156 5749 2233 5830 (9)
2261 5753 2396 5807 Mss.
2428 5745 2599 5821 Angl.
2632 5745 2885 5803 Dulcedo.
