4014 6226
349 388 466 448 995
1848 381 1913 442 8.
1959 386 1960 389 “

2092 378 2261 443 {MIE
3636 388 3760 452 996

348 519 450 577 sed
480 518 594 588 (10)
622 534 737 573 non
766 515 1009 571 intrabit
1037 514 1098 571 in
1127 514 1296 571 illud.
1328 515 1579 587 Lapides
1609 532 1741 571 vero
1770 513 1877 584 illi,
1912 514 2167 580 domine,
2200 514 2300 587 qui
2348 516 2421 571 de
2472 517 2759 588 profundo
2808 517 2869 573 in
2911 522 3210 576 structura
3253 520 3437 593 aptati
3468 522 3585 593 (11)
3614 529 3756 580 sunt

346 608 445 679 qui
481 606 667 662 sunt?
696 605 928 670 Decem,
960 603 1175 676 inquit,
1207 604 1310 675 qui
1342 604 1400 658 in
1435 604 1832 660 fundamentis
1864 603 2127 659 collocati
2172 608 2331 671 sunt,
2365 605 2620 676 primum
2669 606 2950 662 saaculum
2998 611 3090 663 est
3122 624 3135 663 :
3188 614 3499 681 sequentes
3547 611 3756 684 viginti

345 696 624 768 quinque,
659 694 980 749 secundum
1014 692 1291 748 saeculum
1322 693 1729 763 estjustorum
1759 693 2037 747 virorum.
2072 691 2158 746 llli
2191 698 2384 749 autem
2416 694 2657 765 triginta
2679 696 2793 767 (12)
2844 696 3125 768 quinque,
3178 697 3468 770 prophetae
3512 698 3749 756 Domini

342 802 408 840 ac
438 783 691 839 ministri
722 787 880 838 sunt.
914 783 1310 853 Quadraginta
1337 799 1470 837 vero
1502 780 1747 853 apostoli
1781 786 1838 836 et
1865 782 2129 836 doctores
2159 787 2299 836 sunt
2329 782 2755 852 praedicationis
2803 784 2929 838 Filii
2975 785 3098 839 Dei.
3142 786 3209 840 Et
3253 787 3370 841 dixi
3402 804 3417 842 :
3443 791 3558 843 Cur
3586 804 3753 861 ergo,

344 873 600 940 domine,
633 870 888 943 virgines
934 870 1044 925 illa;
1094 870 1268 925 etiam
1321 870 1426 924 bos
1475 869 1699 940 lapides
1747 869 1806 923 in
1857 874 2209 923 structuram
2242 871 2421 925 turris
2450 877 2849 942 porrexerunt,
2888 873 3203 930 translatos
3234 890 3336 947 per
3363 882 3593 947 portam
3615 877 3644 932 ‘I
3675 879 3746 933 Et

341 961 489 1017 dixit
520 978 547 1035 :1
568 961 636 1016 Hi
673 961 828 1016 enim
861 959 1033 1032 primi
1064 958 1305 1031 spiritus
1337 958 1468 1014 illos
1502 962 1894 1029 portaverunt,
1924 962 1981 1011 et
2012 957 2248 1012 omnino
2276 957 2425 1014 alius
2449 960 2520 1014 ab
2544 959 2656 1016 alio
2678 977 2791 1015 non
2814 962 2925 1033 (13)
2948 968 3334 1033 recesserunt,
3367 981 3473 1021 nec
3502 965 3753 1038 spiritus

343 1052 415 1107 ab
445 1049 805 1119 hominibus,
840 1065 943 1104 nec
974 1048 1240 1103 homines
1270 1064 1304 1102 a
1332 1047 1674 1119 spiritibus;
1711 1046 1812 1100 sed
1837 1046 2029 1117 juncti
2062 1047 2293 1102 fuerunt
2328 1047 2385 1101 hi
2417 1048 2660 1119 spiritus
2691 1049 2775 1104 eis
2805 1050 2919 1121 (14)
2951 1067 3137 1123 usque
3180 1052 3253 1109 ad
3293 1050 3448 1109 diem
3479 1054 3697 1126 quietis
3731 1072 3745 1110 :

341 1139 443 1212 qui
474 1139 586 1196 nisi
617 1139 724 1195 hos
757 1139 999 1210 spiritus
1025 1154 1225 1193 secum
1258 1137 1623 1201 habuissent,
1658 1152 1773 1190 non
1806 1136 2053 1191 fuissent
2084 1135 2255 1190 utiles
2287 1142 2593 1192 structuras
2625 1139 2806 1195 turris
2834 1138 3035 1211 hujus.

1850 1258 2076 1315 CAPUT
2122 1258 2240 1315 XVI

408 1353 479 1409 Et
507 1352 627 1408 dixi
662 1368 674 1409 :
706 1352 893 1407 Etiam
925 1367 1100 1418 nunc,
1133 1350 1389 1419 domine,
1424 1350 1762 1405 demonstra
1793 1347 1957 1403 mihi.
1992 1347 2140 1412 Quid
2172 1349 2428 1420 quaeris?
2456 1349 2671 1421 inquit.
2719 1354 2926 1417 Quare,
2959 1351 3225 1425 inquam,
3259 1355 3331 1411 de
3363 1356 3653 1427 profundo
3687 1357 3753 1413 hi

336 1443 560 1514 lapides
592 1442 1003 1506 ascenderunt,
1036 1445 1091 1495 et
1122 1440 1293 1512 positi
1326 1444 1464 1495 sunt
1494 1439 1548 1493 in
1579 1443 1935 1493 structuram
1979 1437 2162 1493 turris
2210 1436 2427 1509 hujus;
2480 1455 2615 1495 cum
2656 1440 2783 1510 jam
2832 1441 3059 1512 pridem
3109 1444 3468 1515 portaverint
3498 1446 3751 1517 spiritus

329 1531 576 1605 justos‘?
607 1531 852 1587 Necesse
881 1535 988 1601 est,
1019 1530 1234 1600 inquit,
1269 1534 1333 1584 ut
1363 1544 1465 1601 per
1504 1545 1716 1600 aquam
1767 1528 2020 1582 habeant
2067 1527 2399 1595 ascendere,
2430 1533 2495 1583 ut
2543 1530 2934 1600 requiescant.
2988 1531 3112 1588 Non
3160 1537 3431 1604 poterant
3479 1535 3636 1590 enim
3686 1536 3751 1592 in

336 1637 583 1693 regnum
609 1620 709 1675 Dei
742 1620 909 1675 aliter
936 1618 1173 1686 intrare,
1205 1634 1382 1690 quam
1414 1622 1477 1672 ut
1506 1618 1861 1690 deponerent
1889 1616 2298 1671 mortalitatem
2329 1616 2538 1687 prioris
2569 1617 2718 1674 vitae.
2750 1618 2839 1673 Illi
2869 1618 3050 1691 igitur
3079 1621 3360 1690 defuncti,
3386 1622 3584 1696 sigillo
3617 1623 3755 1680 Filii

335 1709 437 1766 Dei
469 1709 579 1781 (15)
610 1708 822 1781 signati
848 1712 1006 1774 sunt,
1039 1712 1095 1763 et
1124 1707 1489 1763 intraverunt
1512 1707 1570 1761 in
1604 1723 1849 1779 regnum
1882 1705 1977 1761 Dei
2010 1705 2142 1777 (16).
2174 1706 2505 1777 Antequam
2537 1706 2694 1761 enim
2726 1706 2972 1779 accipiat
3002 1708 3177 1765 homo
3210 1727 3422 1767 nomen
3454 1711 3585 1767 Filii
3617 1713 3749 1783 Dei,

330 1799 507 1855 morti
539 1798 867 1853 destinatus
897 1801 986 1853 est
1018 1815 1030 1852 :
1064 1801 1123 1853 at
1152 1797 1249 1852 ubi
1280 1796 1493 1868 accipit
1521 1795 1667 1851 illud
1700 1794 1986 1867 sigillum,
2017 1793 2300 1849 liberatur
2331 1810 2365 1848 a
2410 1799 2615 1861 morte,
2648 1800 2705 1851 et
2733 1796 2987 1853 traditur
3013 1798 3144 1854 vitae
3175 1799 3309 1872 (17).
3345 1800 3492 1856 Illud
3542 1806 3750 1860 autem

326 1887 585 1960 sigillum
617 1903 770 1958 aqua
797 1891 904 1952 est,
939 1886 998 1941 in
1028 1903 1202 1956 quam
1232 1887 1596 1942 descendunt
1634 1884 1902 1940 homines
1937 1882 2107 1939 morti
2136 1881 2414 1955 obligati;
2448 1885 2774 1939 ascendunt
2813 1901 2945 1941 vero
2992 1886 3120 1943 vita
3169 1888 3453 1962 assignati
3487 1907 3502 1949 :
3534 1894 3596 1945 et
3625 1890 3748 1948 illis

324 1976 505 2049 igitur
535 1976 911 2048 praedicatum
938 1980 1026 2031 est
1055 1975 1200 2031 illud
1232 1974 1513 2047 sigillum,
1546 1979 1602 2030 et
1631 1975 1723 2029 usi
1755 1978 1893 2030 sunt
1918 1990 1983 2029 eo
2018 1978 2084 2028 ut
2110 1971 2396 2028 intrarent
2438 1972 2498 2027 in
2539 1989 2787 2045 regnum
2838 1976 2956 2030 Dei.
3008 1977 3078 2032 Et
3124 1977 3243 2033 dixi
3280 1995 3294 2034 :
3344 1982 3532 2043 Quare
3581 1995 3747 2053 ergo,

329 2065 565 2121 domine
591 2070 647 2121 et
675 2064 759 2119 illi
791 2066 1177 2137 quadraginta
1205 2064 1428 2136 lapides
1460 2065 1849 2119 ascenderunt
1878 2080 2011 2118 cum
2044 2062 2161 2117 illis
2192 2062 2262 2117 de
2301 2061 2614 2134 profundo,
2639 2064 2765 2133 jam
2813 2064 3095 2122 habentes
3127 2066 3274 2122 illud
3322 2068 3592 2140 sigillum
3616 2068 3645 2123 ?
3676 2073 3749 2126 Et

316 2148 476 2211 dixit
507 2172 521 2210 :
554 2153 837 2218 Quoniam
867 2154 977 2225 (18)
1010 2154 1068 2208 hi
1096 2154 1343 2224 apostoli
1373 2158 1430 2209 et
1458 2155 1723 2209 doctores
1754 2152 1851 2224 qui
1885 2153 2345 2223 praedicaverunt
2373 2167 2586 2207 nomen
2613 2151 2745 2208 Filii
2772 2153 2889 2222 Dei,
2913 2171 3048 2210 cum
3080 2156 3363 2213 habentes
3395 2157 3577 2213 ﬁdem
3607 2159 3743 2230 ejus

328 2249 385 2300 et
415 2248 761 2315 potestatem
792 2243 1049 2298 defuncti
1090 2248 1307 2308 essent,
1342 2242 1799 2313 praedicaverunt
1828 2240 1945 2297 illis
1976 2241 2077 2313 qui
2112 2246 2244 2295 ante
2274 2239 2581 2308 obierunt;
2632 2244 2689 2295 et
2717 2240 2831 2313 ipsi
2863 2243 3153 2300 dederunt
3198 2245 3282 2301 eis
3319 2244 3465 2300 illud
3496 2247 3743 2319 signum

326 2332 459 2404 (19).
494 2330 929 2388 Descenderunt
958 2330 1137 2403 igitur
1168 2332 1226 2385 in
1258 2347 1466 2401 aquam
1499 2346 1631 2385 cum
1662 2329 1798 2400 illis,
1832 2334 1888 2384 et
1931 2328 2141 2383 iterum
2173 2329 2584 2384 ascenderunt.
2636 2330 2747 2385 Sed
2799 2331 2858 2386 hi
2905 2331 3017 2387 vivi
3067 2334 3456 2389 ascenderunt
3486 2335 3602 2407 (20)
3638 2354 3651 2391 :
3687 2341 3747 2393 at

325 2420 411 2475 illi
438 2420 538 2491 qui
570 2421 806 2474 fuerunt
836 2423 967 2474 ante
997 2419 1281 2489 defuncti,
1315 2419 1528 2474 mortui
1562 2418 1799 2490 quidem
1832 2417 2296 2484 descenderunt;
2331 2416 2432 2471 sed
2463 2416 2576 2472 vivi
2606 2420 3017 2475 ascenderunt.
3069 2421 3175 2476 Per
3204 2422 3313 2478 hos
3345 2422 3530 2495 igitur
3560 2424 3744 2480 vitam

325 2512 689 2581 receperunt,
718 2512 775 2562 et
804 2513 1199 2579 cognoverunt
1229 2508 1441 2564 Filium
1472 2509 1573 2564 Dei
1611 2525 1625 2563 :
1682 2508 1930 2579 ideoque
1962 2507 2353 2562 ascenderunt
2391 2522 2525 2561 cum
2574 2506 2677 2578 eis,
2723 2512 2781 2563 et
2828 2517 3224 2567 convenerunt
3264 2512 3323 2567 in
3374 2517 3741 2570 structuram

324 2598 545 2668 turris;
578 2612 683 2652 nec
713 2596 1064 2665 circumcisi,
1098 2598 1199 2653 sed
1231 2598 1441 2670 integri
1474 2597 1741 2653 aediﬁcati
1775 2600 1947 2664 sunt;
1990 2595 2268 2667 quoniam
2315 2595 2589 2666 aequitate
2634 2595 2793 2668 pleni
2841 2615 2974 2655 cum
3019 2599 3133 2673 (21)
3181 2617 3417 2658 summa
3465 2602 3743 2658 castitate

328 2685 587 2742 defuncti
618 2689 794 2755 sunt;
828 2687 928 2741 sed
960 2688 1367 2743 tantummodo
1399 2688 1507 2743 hoc
1537 2685 1797 2763 sigillum
1828 2686 2093 2741 defuerat
2121 2685 2225 2741 eis.

1067 2817 1327 2868 CLEMENS
1365 2815 1560 2880 ALEX.,
1604 2817 1849 2887 Στρωμ.,
1884 2811 1978 2866 lib.
2013 2828 2076 2878 II,
2105 2828 2223 2885 cap.
2254 2814 2311 2880 9,
2336 2830 2463 2886 pag.
2498 2815 2622 2882 452,
2653 2812 2781 2869 edit.
2816 2812 2988 2868 Oxon.

397 2929 462 2984 Et
491 2930 601 2999 ipsi
624 2928 889 2984 dederunt
917 2932 995 2985 eis
1021 2931 1240 3001 signum
1273 2929 1713 3002 praedicationis,
1743 2933 1967 2983 Descen-

325 3017 527 3073 derunt
555 3020 730 3089 igitur
756 3020 817 3073 in
846 3036 1049 3092 aquam
1090 3036 1215 3074 cum
1244 3020 1380 3084 illis,
1409 3023 1458 3074 et
1487 3020 1689 3073 iterum
1717 3018 1966 3074 ascende-

324 3110 473 3161 runt.
506 3106 610 3161 Sed
639 3106 700 3161 hi
727 3109 841 3163 vivi
883 3107 1292 3174 descenderunt,
1326 3116 1378 3163 et
1401 3109 1605 3163 iterum
1634 3108 1748 3163 vivi
1776 3123 1965 3162 ascen-

320 3196 518 3252 derunt
548 3215 567 3251 :
595 3200 655 3251 at
685 3197 775 3252 illi
801 3199 899 3269 qui
925 3200 1152 3267 fuerunt
1182 3200 1308 3253 ante
1335 3197 1601 3269 defuncti,
1627 3198 1838 3252 mortui
1865 3198 1963 3251 de-

316 3285 668 3353 scenderunt,
725 3286 827 3341 sed
874 3287 986 3341 vivi
1041 3287 1428 3342 ascenderunt.
1481 3287 1586 3341 Per
1643 3286 1737 3341 hos
1795 3287 1968 3357 igitur

318 3375 494 3429 vitam
538 3383 876 3446 receperunt,
930 3380 985 3430 et
1029 3380 1397 3447 cognoverunt
1425 3391 1622 3431 nomen
1660 3375 1795 3429 Filii
1821 3375 1917 3429 Dei
1950 3391 1962 3428 :

323 3462 552 3535 ideoque
579 3464 935 3520 ascenderunt
961 3481 1086 3519 cum
1114 3467 1270 3531 eis,et
1294 3467 1662 3521 convenerunt
1700 3466 1758 3518 in
1787 3467 1966 3519 struc-

320 3559 505 3606 turam
555 3556 770 3614 turris;
819 3569 917 3608 nec
962 3556 1287 3621 circumcisi,
1338 3554 1662 3624 coaediﬁcati
1699 3560 1872 3608 sunt:
1906 3554 1967 3607 in

318 3641 572 3713 aequitate
598 3641 849 3712 defuncti
888 3645 1036 3709 sunt,
1084 3646 1136 3698 et
1180 3645 1242 3697 in
1286 3659 1499 3698 summa
1551 3644 1842 3699 castitate:
1872 3642 1968 3696 sed

313 3730 686 3786 tantummodo
716 3730 814 3787 hoc
839 3732 1093 3800 sigillum
1123 3732 1373 3803 defuerat
1402 3734 1499 3788 eis.

2150 2928 2245 2982 Καὶ
2299 2927 2452 2983 αὐτοὶ
2503 2925 2702 2984 ἔδωκαν
2744 2927 2926 2987 αὐτοῖς
2983 2928 3082 2997 τὴν
3136 2924 3407 3006 σφραγῖδα
3434 2932 3536 2982 τοῦ
3565 2928 3740 3003 κηρύ-

2078 3038 2305 3092 γματος.
2340 3012 2649 3088 Κατὲϐησαν
2703 3014 2793 3071 οὖν
2849 3016 2962 3089 μετ’
2993 3015 3168 3071 αὐτῶν
3216 3015 3292 3077 εἰς
3343 3016 3406 3070 τὸ
3438 3013 3610 3092 ὕδωρ,
3644 3016 3738 3071 καί

2078 3105 2239 3161 πάλιν
2295 3101 2576 3176 ἀνέϐησαν.
2628 3104 2784 3160 Ἀλλ’
2827 3106 2973 3160 οὗτοι
3018 3110 3211 3174 ζῶντες
3268 3099 3597 3177 κατέϐησαν,
3638 3106 3733 3160 καὶ

2076 3195 2238 3250 πάλιν
2296 3201 2488 3265 ζῶντες
2547 3191 2829 3266 ἀνέϐησαν⁸
2876 3193 3066 3249 ἐκεῖνοι
3128 3191 3206 3261 δὲ,
3236 3194 3287 3247 οἱ
3346 3214 3733 3270 προκεκοιμη-

2080 3286 2252 3357 μένοι,
2310 3285 2489 3361 νεκροὶ
2537 3279 2855 3355 κατέϐησαν,
2908 3289 3102 3353 ζῶντες
3159 3281 3216 3337 δὲ
3272 3277 3563 3351 ἀνέϐησαν.
3615 3284 3729 3337 Διὰ.

2074 3374 2279 3429 τούτων
2312 3372 2403 3428 οὖν
2437 3373 2902 3446 ἐξωοποιήθησαν,
2934 3373 3023 3428 καὶ
3079 3371 3386 3448 ἐπέγνωσαν
3435 3372 3500 3426 τὸ
3558 3368 3738 3446 ὄνομα

2074 3467 2171 3518 τοῦ
2201 3465 2329 3517 Υἱοῦ
2376 3467 2532 3517 Θεοῦ’
2592 3460 2680 3518 διὰ
2727 3467 2887 3517 τοῦτο
2936 3463 3027 3517 καὶ
3084 3456 3449 3531 συνανέϐησαν
3482 3463 3599 3534 μετ’
3630 3462 3734 3516 αὖ-

2073 3557 2205 3621 τῶν,
2235 3553 2325 3606 καὶ
2373 3555 2717 3628 συνήρμοσαν
2770 3552 2844 3614 εἷς
2877 3553 2975 3621 τήν
3027 3548 3328 3625 οἰκοδομὴν
3366 3554 3464 3605 τοῦ
3493 3550 3736 3627 πύργου,

2074 3642 2163 3697 καὶ
2247 3640 2590 3715 ἀλατόμητοι
2664 3638 3220 3714 συνῳκοδομήθησαν’
3286 3639 3339 3695 ἐν
3416 3638 3741 3715 δικαιοσύνῃ

2074 3731 2470 3804 ἐκοιμήθησαν,
2500 3730 2590 3785 καὶ
2648 3729 2699 3785 ἐν
2753 3729 2965 3806 μεγάλῃ
3024 3730 3225 3807 ἁγνείᾳ*
3292 3728 3456 3804 μόνον
3521 3728 3577 3785 δὲ
3626 3731 3741 3798 τήν

2012 3826 2016 3830 ’
2076 3818 2343 3898 σφραγῖδα
2371 3819 2571 3890 ταύτην
2606 3819 2704 3874 οὐκ
2732 3817 2913 3895 ἔσχον.

1404 3949 1569 4017 IDEM,
1610 3952 1831 4022 Στρωμ.
1867 3948 1962 4003 lib.
1994 3964 2073 4019 v1,
2108 3963 2229 4020 cap.
2261 3949 2315 4019 6,
2345 3963 2473 4020 pag.
2504 3947 2630 4002 764.

389 4060 461 4115 Et
488 4063 639 4116 recte
670 4060 893 4117 dictum
926 4067 1014 4118 est
1034 4080 1067 4118 a
1096 4067 1333 4119 Pastore
1365 4080 1377 4118 :
1411 4063 1820 4119 Descenderunt
1850 4064 1955 4136 igi-

318 4152 411 4202 tur
437 4150 499 4203 in
526 4166 728 4220 aquam
754 4168 876 4206 cum
912 4153 1046 4208 illis.
1077 4152 1183 4209 Sed
1213 4153 1277 4208 hi
1313 4152 1548 4224 quidem,
1579 4155 1690 4209 vivi
1736 4153 1956 4209 descen-

2138 4061 2238 4116 Καὶ
2293 4060 2477 4124 καλῶς
2556 4058 2765 4139 εἴρηται
2815 4065 2894 4134 τῷ
2950 4061 3196 4133 Ποιμὲνι’
3257 4052 3567 4129 Κατὲὗησαν
3625 4056 3734 4112 οὖν

2066 4150 2240 4205 αὐτῶν
2274 4151 2348 4213 εἰς
2374 4151 2437 4206 τὸ
2466 4148 2611 4226 ὕδωρ
2806 4148 2964 4205 Ἀλλ’
3002 4149 3152 4204 οὗτοι
3186 4148 3302 4222 μὶν,
3337 4153 3533 4217 ζῶντες
3560 4147 3733 4202 ιιιτὲ-

314 4236 538 4303 derunt,
567 4241 617 4292 et
644 4240 757 4295 vivi
796 4241 1157 4297 ascenderunt
1185 4260 1203 4295 :
1233 4248 1293 4297 at
1324 4241 1415 4296 illi
1442 4242 1538 4313 qui
1564 4243 1800 4312 fuerunt
1830 4250 1957 4298 ante

2092 4236 2259 4313 ἰησαν,
2290 4239 2379 4295 καὶ
2440 4245 2637 4309 ζῶντες
2687 4234 2969 4310 ἀνέϐησαν
3030 4238 3229 4293 ἐκεῖνοι
3281 4234 3361 4310 δὲ,
3402 4238 3455 4292 οἱ
3513 4257 3719 4311 προκε.

310 4326 576 4395 defuncti,
610 4331 814 4384 mortui
840 4330 1247 4399 descenderunt,
1279 4330 1370 4386 sed
1411 4332 1527 4387 vivi
1572 4331 1950 4388 ascenderunt.

309 4413 501 4473 Habes
531 4416 743 4474 horum
773 4418 1237 4492 explanationem
1270 4420 1399 4493 (23).

2064 4328 2419 4404 κοιμημὲνοι,
2478 4328 2659 4405 νεκροὶ
2701 4322 3022 4400 κατέϐησαν,
3058 4330 3253 4397 ζῶντες
3311 4323 3368 4382 δὲ
3422 4319 3732 4396 ἀνέὄησανν

1467 4535 1711 4591 νΑΗΙΛΕ
1750 4537 2141 4595 LECTIONES
2180 4538 2272 4593 ET
2309 4536 2541 4593 NOTAE.

412 4631 500 4706 19)
550 4630 753 4706 Lamb.
805 4635 907 4690 Hos
952 4635 1179 4706 spiritus
1228 4637 1325 4706 qui
1380 4636 1725 4706 portat,,Dei
1773 4652 1958 4692 servus

311 4702 517 4775 videbit
530 4703 782 4775 quidem,
814 4715 865 4761 et
892 4702 1119 4775 regnum
1148 4702 1248 4761 Dei
1272 4706 1493 4769 videbit,
1521 4705 1632 4761 sed.

384 4772 496 4850 (11)
525 4772 728 4850 Lamb.
770 4772 1115 4850 structuram
1161 4780 1296 4848 apti.
1347 4778 1489 4832 Vide
1543 4777 1764 4850 origen.
1801 4778 1954 4834 Com-

312 4848 479 4919 ment.
511 4845 569 4919 in
602 4845 732 4901 Osee
758 4863 825 4903 ea.
856 4849 1128 4904 Philocal.
1153 4845 1279 4919 cap.
1307 4851 1360 4904 8.

383 4915 495 4984 (12)
530 4916 613 4970 Ita
644 4932 754 4972 ms.
790 4920 979 4975 Carm.
1016 4921 1186 4993 Itaqet
1216 4915 1429 4976 Fellus.
1464 4919 1557 4993 Sic
1588 4936 1726 4993 sane
1756 4920 1956 4993 legen-

312 4986 558 5064 du_m_ex
588 5004 783 5064 super.
817 5008 944 5064 cap.
975 4993 1028 5064 5.
1062 4991 1153 5047 Al.
1194 4994 1455 5063 trigenta.
1506 4991 1718 5064 Lamb.
1760 4986 1956 5048 autem

312 5006 453 5041 uum
489 5006 558 5042 8X
588 5006 783 5114 super.
817 5008 944 5064 08p.
975 5006 1028 5046 ἶ).
1062 5006 1153 5047 ΑΙ.
1194 5006 1455 5063 trzgenta.
1506 5006 1708 5046 Lami).
1760 5006 1956 5048 autem

310 5056 489 5112 habet
515 5074 649 5130 pr0p
691 5065 927 5132 etarum,
978 5063 1102 5120 loco
1138 5065 1455 5136 praphetz;
1505 5070 1561 5119 et
1607 5062 1824 5119 omittit
1866 5081 1958 5120 se-

314 5144 503 5200 quens
526 5146 610 5185 ac.

385 5200 501 5342 (13)
534 5200 731 5257 Lamb.
758 5204 940 5272 deest,
967 5224 1104 5262 non.

410 5272 498 5342 l4)
532 5271 670 5328 Mss.
706 5277 871 5341 Angl.
906 5279 1101 5333 addun

410 5272 498 5342 l4)
532 5271 871 5348 Mss._Angl.
906 5271 1132 5333 addunt
1160 5275 1471 5348 hominibus
1502 5293 1520 5330 :
1549 5292 1724 5348 quam
1758 5276 1957 5333 lectio-

313 5358 446 5397 nem
479 5345 719 5400 retinuit
744 5347 943 5419 Fellus
974 5350 1029 5404 in
1065 5367 1172 5405 sua
1201 5349 1338 5404 edit.
1374 5345 1745 5419 Oxoanpud
1780 5349 1954 5404 cleri-

312 5429 445 5495 cum
478 5421 675 5495 autem
707 5417 790 5495 sic
818 5421 1078 5495 sebabet
1111 5421 1313 5495 Lamb.
1348 5417 1669 5495 hispiritus
1688 5437 1858 5492 usque
1885 5421 1959 5476 ad

310 5484 703 5563 diem__quietis.
738 5490 896 5558 Quod
922 5494 1037 5547 nisi
1063 5495 1123 5549 hi
1149 5493 1379 5562 spiritus
1410 5484 1507 5547 hbs
1530 5484 1774 5563 spiritus:

534 5557 734 5633 Lamb.
756 5555 953 5631 sigillo
982 5564 1111 5633 ﬁdei
1148 5555 1281 5618 Filii
1316 5564 1437 5618 Dei.

531 5631 730 5707 Ijamb.
762 5626 945 5707 deest,
978 5626 1093 5692 Dei.

412 5696 499 5765 17)
540 5696 740 5758 Lamb.
788 5706 887 5762 ubi
926 5696 1124 5781 éeperit
1169 5707 1267 5763 hoc
1307 5704 1573 5777 sigillum,
1607 5704 1874 5765 liberatus
1921 5722 1957 5765 α

2066 4644 2241 4692 morte
2270 4634 2513 4691 traditur
2539 4635 2689 4690 vitae.

2136 4708 2249 4780 (18)
2282 4707 2505 4785 Laudat
2533 4705 2689 4761 hunc
2717 4703 2922 4785 lgcum
2952 4702 3219 4785 Clemens
3266 4702 3429 4759 Alex.
3486 4707 3727 4785 Στρεορ..

2066 4775 2169 4835 Ιὶὶ).
2202 4775 2263 4847 1i,
2299 4795 2425 4850 cap.
2452 4779 2507 4850 9,
2540 4792 2672 4849 pag.
2706 4776 2829 4850 452.
2863 4775 3139 4847 Ejusdem
3170 4791 3404 4848 quoque
3436 4775 3725 4831 meminit

2066 4851 2168 4907 lib.
2202 4868 2281 4919 v1,
2314 4848 2442 4921 cap.
2473 4849 2530 4917 6,
2548 4848 2695 4920 pag.
2718 4848 2854 4921 A764.

2136 4922 2249 4994 (19)
2270 4916 2442 4977 Bodl.
2475 4916 2533 4975 et
2562 4916 2776 4974 Lamb.
2828 4919 3109 4992 sigillum.
3158 4918 3250 4973 Sic
3280 4923 3337 4975 et
3380 4916 3529 4975 Felli
3576 4916 3723 4974 edit.

2066 4993 2250 5137 Οἲέῐῶ
2280 5062 2447 5137 Forte
2478 5061 2563 5117 sic
2594 5060 2905 5137 legendum
2938 5078 2952 5137 ξ
3002 5060 3111 5117 Sed
3157 5061 3234 5137 hi_
3265 5062 3379 5117 vivi
3406 5058 3723 5137 descende-

2065 5130 2213 5201 runt,
2266 5137 2315 5190 et
2366 5136 2571 5189 iterum
2626 5130 2743 5187 vivi
2795 5132 3136 5188 ascederunt.
3190 5132 3347 5188 Hanc
3406 5130 3725 5188 lectionem

2068 5209 2274 5263 suadet
2319 5205 2585 5261 Clemens
2632 5203 2789 5259 Alex.
2825 5209 2891 5259 ut
2938 5221 3072 5259 mox
3119 5204 3291 5259 infra.
3328 5202 3472 5258 Felli
3522 5210 3722 5259 autem

2066 5279 2243 5335 editio
2270 5277 2451 5333 Oxon.
2493 5276 2575 5331 ita
2605 5292 2667 5331 se
2696 5275 2872 5331 habet
2904 5293 2916 5330 :
2941 5276 3043 5331 Sed
3064 5275 3124 5331 hi
3142 5277 3256 5331 vivi
3282 5275 3722 5332 descenderunt:

2065 5352 2260 5495 “(22111),
2282 5356 2484 5495 133mb.
2520 5420 2579 5495 in
2608 5434 2711 5489 pro
2740 5431 2883 5473 cum.
2914 5418 3009 5495 Sic
3040 5422 3097 5495 et
3123 5418 3389 5495 Clemens
3419 5416 3578 5495 Alex.

2138 5483 2250 5563 (22)
2278 5483 3217 5563 Seribendum_ex‘superioribus,
3254 5494 3365 5563 μετ’
3410 5486 3583 5543 αὐτῶν
3635 5483 3717 5543 εἷς

2062 5552 2322 5630 τὸῖἇδὼρ,
2346 5561 2436 5617 καὶ
2465 5557 2630 5614 πάλιν
2665 5552 2947 5629 ἀνέϐησᾶν.

2134 5629 2481 5719 (23)}.amb.
2539 5632 2960 5706 exsolutionem,
3011 5637 3076 5691 ut
3127 5650 3279 5709 sepe
3324 5631 3485 5690 alibi.
3533 5629 3622 5687 Sic
3654 5631 3709 5686 et

2063 5707 2205 5768 edit.
2233 5707 2415 5767 Oxon.
