4014 6226
245 425 361 490 997
1345 418 1679 483 PASTOR.
1710 419 1961 480 —LIB.
2010 418 2115 479 III.
2164 418 2401 480 SIMIL.
2445 416 2553 479 1x.
3526 426 3645 487 998

1788 551 2017 608 CAPUT
2055 550 2223 606 XVII.

316 658 388 713 Et
417 656 534 712 dixi
569 673 581 711 :
615 656 783 711 Nunc
827 654 1063 722 iterum,
1097 652 1351 719 domine,
1382 656 1439 707 et
1491 653 1562 706 de
1593 650 1892 707 montibus
1946 649 2062 704 illis
2094 648 2234 704 mihi
2292 650 2653 716 demonstra,
2684 668 2861 722 quare
2892 653 3053 719 varii,
3086 658 3143 709 et
3181 655 3295 710 alia
3327 659 3499 727 atque
3538 657 3654 714 alia

249 750 391 803 sunt
422 745 628 818 ﬁgura.
661 743 830 812 Audi,
863 742 1052 813 inquit
1079 758 1093 798 :
1130 741 1195 797 Hi
1250 740 1555 796 duodecim
1591 745 1819 795 montes
1851 756 1995 809 quos
2040 739 2221 803 vides,
2257 738 2561 792 duodecim
2594 744 2733 793 sunt
2760 744 2961 811 gentes
3006 759 3129 812 qua
3161 747 3350 799 totum
3390 746 3656 801 obtinent

247 835 449 889 orbem
482 834 615 904 (24).
650 832 1001 887 Pradicatus
1032 835 1119 886 est
1144 846 1279 901 ergo
1310 829 1368 884 in
1400 829 1484 884 eis
1513 828 1693 884 Filius
1729 830 1844 895 Uei,
1879 844 1983 899 per
2012 844 2110 882 eos
2141 843 2285 896 quos
2317 826 2441 897 ipse
2473 828 2543 882 ad
2578 826 2711 883 illos
2744 830 2923 883 misit.
2952 832 3136 894 Quare
3169 834 3652 905 autem,inquam,

252 922 399 978 varii
432 926 654 989 sunt,et
683 921 798 977 alia
827 926 995 992 atque
1027 919 1141 976 alia
1172 920 1358 989 figura
1380 918 1407 972 ‘?
1439 918 1729 972 AudizHa
1762 918 2068 973 duodecim
2102 921 2301 988 gentes
2333 933 2459 987 qua
2492 922 2676 970 totum
2710 918 2975 973 obtinent
3004 921 3538 990 orbem,duodecim
3558 942 3656 980 na-

250 1012 443 1068 tiones
475 1016 615 1067 sunt
648 1029 661 1066 :
694 1016 751 1065 et
779 1011 932 1065 sicut
960 1026 1059 1064 eos
1091 1013 1318 1063 montes
1348 1008 1546 1062 vidisti
1577 1007 1805 1071 varios;
1838 1007 1915 1060 ita
1948 1012 2005 1061 et
2034 1006 2119 1059 ha
2151 1010 2371 1077 gentes.
2405 1015 2622 1061 Sensus
2650 1023 2877 1077 quoque
2908 1012 2963 1062 et
2994 1013 3160 1063 actus
3193 1010 3655 1083 uniuscujusque

254 1100 475 1156 montis
524 1104 579 1154 te
610 1099 848 1155 docebo.
902 1098 1092 1161 Prius,
1125 1097 1389 1167 inquam,
1443 1096 1695 1159 domine,
1729 1096 1836 1150 hoc
1886 1094 2028 1149 mihi
2061 1095 2425 1149 demonstrat
2458 1110 2469 1148 :
2508 1111 2639 1148 cum
2692 1095 2810 1149 sint
2839 1101 2957 1150 tam
2993 1098 3133 1151 varii
3164 1099 3275 1169 (25)
3308 1100 3367 1155 hi
3407 1110 3657 1172 montes,

256 1206 511 1261 quonam
547 1194 715 1261 pacto
744 1188 1165 1243 instructuram
1196 1186 1375 1257 hujus
1404 1185 1583 1239 turris
1615 1185 2009 1251 convenerint,
2042 1200 2271 1253 unoque
2300 1183 2644 1255 redigantur
2674 1184 2880 1252 colore,
2906 1191 2962 1240 et
2992 1203 3107 1241 non
3140 1187 3335 1244 minus
3368 1190 3664 1262 splendidi

257 1280 400 1345 sint,
430 1293 606 1349 quam
638 1275 735 1345 qui
763 1277 1151 1332 ascenderunt
1182 1290 1251 1329 ex
1277 1274 1567 1345 profundo
1588 1276 1616 1327 ‘I
1645 1273 1953 1342 Quoniam,
1989 1273 2199 1342 inquit,
2250 1271 2528 1327 universa
2562 1273 2827 1328 nationes
2859 1292 2980 1343 qua
3033 1276 3141 1330 sub
3173 1277 3316 1332 calo
3364 1285 3523 1349 sunt,
3556 1298 3659 1336 au-

268 1367 502 1422 dierunt
531 1370 589 1421 et
635 1365 1031 1431 crediderunt,
1064 1368 1119 1419 et
1164 1380 1280 1419 uno
1312 1362 1548 1417 nomine
1593 1361 1720 1416 Filii
1752 1362 1872 1429 Dei,
1902 1361 2089 1415 vocati
2140 1365 2281 1415 sunt
2308 1361 2439 1431 (26).
2490 1363 2737 1433 Accepto
2768 1361 2946 1433 igitur
2974 1364 3101 1431 ejus
3149 1364 3362 1437 sigillo,
3394 1370 3661 1425 eamdem

264 1472 468 1512 omnes
498 1453 871 1527 prudentiam
919 1453 1305 1522 eumdemque
1339 1467 1580 1507 sensum
1612 1455 1993 1522 acceperunt;
2026 1454 2081 1505 et
2114 1467 2230 1505 una
2260 1450 2403 1505 ﬁdes
2452 1455 2623 1520 atque
2653 1451 2905 1507 charitas
2935 1470 3137 1508 eorum
3170 1455 3301 1522 fuit,
3335 1460 3393 1511 et
3420 1458 3665 1529 spiritus

264 1544 560 1617 virginum
591 1543 801 1598 harum
833 1557 967 1597 cum
999 1542 1126 1613 ejus
1153 1541 1389 1596 nomine
1421 1541 1701 1596 ferebant.
1737 1540 1987 1611 Ideoque
2016 1543 2313 1594 structura
2342 1540 2521 1593 turris
2551 1539 2729 1609 hujus
2760 1542 3026 1597 concolor
3056 1543 3378 1612 videbatur,
3413 1551 3470 1601 et
3500 1548 3680 1620 fulge-

267 1634 370 1690 bat
398 1649 584 1703 usque
612 1633 684 1688 ad
718 1631 861 1688 solis
891 1630 1236 1687 claritatem.
1267 1632 1339 1685 At
1368 1646 1502 1686 vero
1534 1634 1841 1702 postquam
1874 1629 1956 1684 ita
1987 1632 2297 1685 senserunt
2324 1629 2435 1699 (27)
2462 1653 2477 1696 ;
2509 1645 2694 1684 unum
2726 1646 2937 1701 corpus
2967 1647 3167 1687 eorum
3199 1634 3373 1705 capit
3402 1651 3531 1692 esse
3552 1653 3676 1692 om-

264 1723 455 1779 nium.
487 1722 737 1789 Quidam
770 1726 971 1777 tamen
1003 1737 1072 1777 ex
1099 1720 1183 1776 eis
1233 1719 1674 1776 maculaverunt
1702 1735 1787 1786 se,
1816 1723 1873 1773 et
1901 1718 2141 1789 projecti
2174 1722 2313 1772 sunt
2342 1718 2414 1773 de
2462 1734 2672 1790 genere
2693 1719 3015 1790 justorum,
3048 1724 3105 1776 et
3135 1721 3349 1779 iterum
3381 1725 3684 1782 redierunt

266 1811 344 1867 ad
374 1814 595 1868 statum
623 1810 962 1883 pristinum,
996 1814 1167 1881 atque
1196 1809 1373 1866 etiam
1404 1808 1721 1865 deteriores
1754 1824 1929 1879 quam
1962 1807 2127 1879 prius
2158 1807 2273 1879 (28)
2304 1812 2631 1863 evaserunt.

1750 1951 1984 2007 CAPUT
2021 1949 2212 2005 XVIII.
2240 1982 2245 1991 -

350 2071 471 2136 Quo
503 2068 697 2133 modo,
730 2066 990 2138 inquam,
1021 2066 1257 2122 domine
1287 2068 1420 2139 (29),
1453 2067 1769 2122 deteriores
1799 2066 1898 2137 qui
1929 2070 2325 2137 cognoverunt
2371 2065 2737 2121 Dominum?
2768 2068 2834 2123 Et
2863 2068 3008 2125 dixit
3040 2087 3052 2124 :
3086 2074 3143 2126 Is
3173 2071 3406 2141 quidem
3437 2074 3535 2144 qui
3569 2090 3685 2129 non

273 2158 436 2215 novit
464 2156 801 2225 Dominum,
835 2155 884 2210 si
915 2155 1179 2225 nequiter
1226 2156 1383 2225 vivit,
1418 2160 1616 2211 manet
1645 2156 1702 2209 in
1733 2171 1798 2210 eo
1831 2154 1939 2225 (30)
1972 2154 2242 2223 nequitia
2274 2170 2390 2208 sua
2421 2172 2608 2226 pana.
2646 2161 2717 2210 At
2748 2158 2847 2228 qui
2883 2159 3037 2213 novit
3074 2159 3411 2228 Dominum,
3444 2162 3683 2217 omnino

276 2247 571 2304 abstinere
602 2262 663 2302 se
694 2245 865 2301 debet
890 2245 963 2299 ab
993 2245 1153 2299 omni
1184 2244 1461 2314 nequitia,
1490 2249 1547 2299 et
1577 2244 1763 2316 magis
1795 2244 2096 2315 magisque
2126 2243 2339 2298 servire
2370 2243 2613 2298 bonitati
2646 2245 2919 2301 '7.Nonne
2947 2264 3082 2318 ergo
3111 2248 3209 2304 ille
3237 2250 3334 2319 qui
3367 2251 3685 2307 bonitatem

278 2336 447 2408 sequi
478 2334 747 2402 debebat,
779 2333 828 2388 si
862 2332 1129 2403 nequitia
1162 2333 1430 2405 praferat
1457 2336 1669 2404 partes,
1703 2331 1833 2405 plus
1867 2347 2101 2403 peccare
2133 2332 2382 2398 videtur,
2414 2349 2592 2403 quam
2626 2332 2676 2388 is
2708 2335 2809 2405 qui
2842 2334 3090 2407 deliquit
3119 2338 3397 2408 ignorans
3442 2338 3541 2395 Dei
3573 2344 3687 2396 vir-

284 2430 473 2481 tutem
494 2424 522 2479 ‘I
552 2422 891 2494 Ideoque,hi
921 2423 1156 2493 quidem
1189 2422 1363 2477 morti
1395 2421 1668 2476 destinati
1699 2425 1838 2476 sunt
1869 2437 1881 2474 :
1916 2425 1976 2475 at
2006 2436 2138 2475 vero
2172 2419 2229 2473 hi
2258 2420 2358 2491 qui
2390 2427 2786 2492 cognoverunt
2815 2424 3328 2497 Dominum,atque
3354 2429 3481 2498 eius
3512 2429 3690 2485 mira-

276 2514 425 2570 bilia
453 2530 631 2586 opera
656 2512 954 2580 viderunt,
988 2512 1038 2567 si
1068 2512 1331 2582 nequiter
1359 2511 1582 2577 vivunt,
1616 2509 1792 2582 duplo
1822 2509 1934 2581 (31)
1966 2508 2221 2580 amplius
2252 2510 2588 2581 punientur,
2623 2516 2680 2566 et
2710 2512 2820 2582 ipsi
2854 2513 3177 2569 morientur
3206 2517 3264 2571 in
3297 2534 3504 2573 avum.
3526 2520 3689 2575 Sicut

287 2621 421 2675 ergo
451 2601 668 2669 vidisti,
703 2606 1017 2674 postquam
1050 2599 1213 2672 ejecti
1247 2605 1386 2656 sunt
1412 2598 1636 2672 lapides
1668 2600 1737 2655 de
1768 2597 1914 2653 turri
1945 2600 2044 2669 qui
2078 2598 2367 2670 reprobati
2397 2605 2583 2668 erant,
2616 2601 2809 2655 traditi
2840 2608 2979 2657 sunt
3006 2604 3311 2675 spiritibus
3344 2608 3688 2678 perniciosis

285 2698 460 2764 atque
494 2692 698 2759 savis;
729 2696 788 2746 et
817 2690 898 2746 ita
924 2690 1289 2762 puriﬁcatam
1322 2690 1532 2744 turrim
1563 2689 1759 2743 vidisti
1793 2688 1927 2759 (32),
1961 2693 2027 2742 ut
2055 2689 2387 2743 crederetur
2414 2705 2482 2743 ex
2512 2707 2628 2744 uno
2659 2689 2851 2761 lapide
2880 2708 3008 2747 esse
3038 2698 3159 2749 tota
3190 2712 3204 2749 :
3240 2695 3321 2751 ita
3349 2702 3406 2751 et
3436 2697 3693 2753 Ecclesia
3802 2718 3803 2721 η

284 2782 390 2839 Dei
422 2797 554 2837 cum
586 2779 895 2852 puriﬁcata
924 2778 1119 2845 fuerit,
1152 2779 1352 2850 ejectis
1384 2796 1451 2834 ex
1479 2794 1547 2833 ea
1576 2776 1748 2832 malis
1781 2784 1955 2848 atque
1986 2775 2427 2843 ﬁctis,scelestis
2456 2783 2513 2832 et
2542 2778 2756 2845 dubiis,
2791 2785 2848 2834 et
2876 2782 3207 2853 quicunque
3240 2786 3507 2856 nequiter
3536 2787 3594 2840 in
3625 2804 3693 2842 ea

286 2886 352 2928 se
384 2873 712 2942 gesserunt,
746 2885 810 2923 ac
841 2867 1017 2923 variis
1049 2866 1317 2939 nequitia
1350 2871 1717 2938 peccatorum
1750 2866 2062 2937 generibus
2094 2865 2202 2919 erit
2232 2882 2414 2920 unum
2447 2882 2658 2938 corpus
2690 2869 3008 2937 ejus,unus
3037 2872 3368 2929 intellectus
3398 2875 3694 2947 (33),unus

287 2977 520 3027 sensus,
555 2975 671 3013 una
718 2958 886 3025 ﬁdes,
919 2957 1237 3026 eademque
1295 2956 1546 3011 charitas
1580 2974 1591 3011 :
1628 2961 1684 3010 et
1715 2961 1853 3010 tunc
1906 2954 2085 3009 Filius
2116 2954 2216 3009 Dei
2264 2954 2556 3009 latabitur
2587 2958 2697 3027 (34)
2730 2958 2882 3013 inter
2912 2958 3063 3024 illos,
3096 2966 3154 3015 et
3198 2962 3437 3034 recipiet
3488 2964 3695 3021 volun-

289 3053 410 3105 tate
440 3064 586 3120 pura
616 3045 897 3118 populum
930 3062 1103 3101 suum
1135 3046 1269 3117 (35).
1300 3046 1369 3100 Et
1398 3045 1514 3099 dixi
1545 3062 1557 3099 :
1591 3045 1855 3111 Domine,
1890 3044 2200 3115 magniﬁce
2230 3050 2285 3099 et
2314 3043 2630 3099 honoriﬁce
2660 3046 2771 3116 (36)
2804 3064 2865 3102 se
2896 3048 3113 3104 habent
3143 3053 3553 3110 cuncta.Nunc
3585 3056 3694 3110 mi-

295 3138 358 3193 hi
387 3138 725 3192 demonstra
778 3135 1050 3189 effectum
1080 3138 1137 3189 et
1164 3134 1281 3189 vim
1332 3135 1793 3204 uniuscujusque
1842 3134 2093 3201 montis;
2128 3136 2193 3186 ut
2238 3133 2430 3187 omnis
2478 3134 2674 3189 anima
2702 3135 2761 3189 in
2800 3135 3045 3193 Domino
3095 3140 3302 3207 ﬁdens,
3336 3144 3552 3199 auditis
3583 3146 3701 3218 his,

295 3227 541 3282 honoret
570 3241 853 3296 magnum
881 3240 947 3279 ac
977 3223 1243 3279 mirabile
1273 3229 1329 3279 et
1357 3228 1627 3279 sanctum
1661 3224 1772 3294 (37)
1804 3238 2015 3278 nomen
2048 3223 2197 3293 ejus.
2243 3222 2415 3291 Audi,
2466 3223 2676 3295 inquit,
2727 3227 3064 3283 varietatem
3114 3230 3226 3301 (38)
3276 3231 3485 3288 horum
3540 3252 3705 3291 mon-

296 3316 465 3382 tium,
499 3314 559 3369 id
588 3318 677 3370 est
704 3313 1011 3369 duodecim
1043 3314 1327 3385 gentium.

1786 3409 2018 3465 CAPUT
2066 3410 2208 3465 XIX.

371 3511 453 3566 De
484 3509 673 3582 primo
704 3513 903 3565 monte
932 3510 1100 3581 nigro
1134 3526 1145 3563 :
1180 3508 1279 3581 qui
1331 3509 1728 3575 crediderunt,
1761 3509 2081 3580 transfuga
2131 3513 2291 3575 sunt,
2324 3525 2390 3564 ac
2415 3510 2667 3565 nefanda
2698 3512 2754 3566 in
2787 3511 3099 3570 Dominum
3150 3515 3455 3589 loquentes
3486 3525 3543 3575 et
3571 3538 3705 3592 pro-

299 3600 522 3656 ditores
550 3598 663 3670 (39)
716 3614 1015 3654 servorum
1048 3598 1168 3653 Dei.
1205 3597 1323 3653 lllis
1372 3598 1669 3669 proposita
1699 3614 1857 3653 mors
1887 3602 1999 3665 est,
2032 3598 2370 3668 panitentia
2400 3616 2512 3654 non
2563 3601 2919 3671 est,ideoque
2950 3603 3098 3675 nigri
3131 3611 3309 3673 sunt;
3338 3607 3475 3677 quia
3517 3625 3705 3681 genus

300 3706 504 3746 eorum
536 3686 848 3744 scelestum
880 3691 987 3743 est.
1020 3688 1102 3742 De
1132 3688 1389 3742 secundo
1427 3704 1561 3743 vero
1594 3692 1790 3742 monte
1824 3686 2094 3759 glabroso
2125 3687 2239 3757 (40)
2274 3703 2286 3741 ;
2322 3687 2437 3742 ﬁcti
2470 3694 2605 3743 sunt
2635 3690 2734 3760 qui
2765 3692 3158 3759 crediderunt,
3191 3699 3248 3749 et
3276 3696 3541 3753 doctores
3568 3702 3710 3753 sunt

302 3778 610 3851 nequitia;
643 3781 701 3833 et
745 3777 804 3831 bi
835 3776 1082 3848 proximi
1130 3781 1269 3832 sunt
1299 3776 1721 3849 superioribus,
1754 3793 1869 3831 non
1913 3776 2195 3831 habentes
2227 3777 2379 3831 inter
2424 3794 2486 3832 se
2517 3777 2770 3833 fructum
2804 3780 3108 3849 aequitatis.
3141 3782 3305 3837 Sicut
3334 3784 3489 3839 enim
3531 3802 3701 3842 mons

306 3884 510 3924 eorum
559 3865 773 3923 sterilis
803 3871 892 3922 est
946 3866 1080 3937 (41),
1127 3882 1193 3921 ac
1239 3865 1366 3922 sine
1418 3868 1648 3935 fructu;
1682 3867 1761 3921 ita
1808 3871 1865 3921 et
1893 3865 2233 3936 hujusmodi
2282 3865 2547 3921 homines
2597 3866 2815 3922 habent
2861 3868 3097 3940 quidem
3146 3888 3379 3942 nomen,
3417 3873 3526 3928 ﬁde
3571 3892 3705 3932 vero

304 3958 511 4013 inanes
542 3961 699 4027 sunt,
736 3971 922 4025 neque
952 3960 1041 4011 est
1071 3956 1130 4009 in
1163 3956 1246 4011 eis
1276 3954 1432 4011 ullus
1464 3956 1687 4011 fructus
1716 3954 1995 4010 veritatis.
2033 3954 2130 4010 His
2160 3960 2358 4009 tamen
2389 3956 2525 4010 data
2553 3961 2643 4011 est
2668 3957 3026 4028 panitentia,
3057 3959 3104 4014 si
3138 3960 3250 4014 cito
3279 3978 3406 4016 eam
3448 3979 3713 4034 sequun-

302 4053 401 4102 tur
433 4065 446 4101 :
481 4045 569 4101 sin
600 4050 797 4100 autem
854 4044 1109 4110 tardant,
1141 4048 1313 4099 erunt
1358 4050 1415 4100 et
1445 4044 1558 4117 ipsi
1607 4045 1813 4100 mortis
1848 4044 2107 4116 priorum
2153 4048 2474 4100 consortes.
2505 4045 2713 4114 Quare,
2746 4048 3011 4117 inquam,
3068 4049 3325 4115 domine,
3356 4049 3429 4106 iis
3467 4054 3705 4121 quidem

308 4136 505 4191 aditus
535 4139 623 4190 est
653 4134 726 4189 ad
758 4134 1181 4205 paenitentiam,
1215 4133 1507 4206 prioribus
1537 4150 1671 4189 vero
1703 4151 1818 4189 non
1852 4133 1990 4189 est?
2023 4150 2169 4204 pene
2198 4133 2352 4188 enim
2385 4149 2586 4188 eorum
2618 4134 2817 4189 eadem
2851 4141 2991 4191 sunt
3017 4138 3294 4194 admissa.
3318 4140 3473 4208 Ideo,
3498 4140 3715 4212 inquit,

307 4230 399 4280 est
428 4224 522 4279 his
551 4240 653 4293 per
684 4222 1086 4294 paenitentiam
1119 4223 1229 4293 (42)
1261 4239 1563 4295 regressus
1595 4224 1665 4279 ad
1689 4222 2148 4293 vitam,quia(43)
2181 4222 2326 4276 nihil
2360 4222 2417 4276 in
2452 4222 2763 4277 Dominum
2795 4242 2971 4280 suum
3003 4224 3183 4281 locuti
3215 4233 3354 4283 sunt
3386 4230 3706 4287 nefandum

305 4328 498 4385 neque
527 4311 851 4383 proditores
880 4327 1181 4368 servorum
1211 4312 1313 4367 Dei
1344 4312 1727 4369 fuerunt:sed
1759 4329 1862 4384 per
1885 4312 2200 4383 quamdam
2233 4310 2471 4366 babenti
2503 4311 2614 4382 (44)
2648 4311 3029 4384 cupiditatem
3058 4315 3388 4372 fefellerunt
3416 4317 3709 4391 homines,

376 4402 422 4437 ⁸⁷
454 4402 523 4458 II.
556 4401 705 4457 Tim.
738 4418 800 4470 ιι,
830 4400 916 4456 19.

1455 4490 1691 4546 νΑΡιΙᾸΞ
1732 4489 2121 4546 LECTIONES
2159 4488 2249 4543 ET
2287 4488 2522 4544 NOTz’E.

381 4598 476 4669 24)
526 4600 740 4671 Auctor
797 4597 988 4671 Operis
1009 4667 1022 4671 _
1043 4598 1265 4668 imper/2
1326 4598 1385 4651 in
1437 4597 1630 4671 Matth.
1690 4615 1812 4671 arx,
1835 4598 1903 4671 28
1936 4615 1954 4650 :
2135 4596 2247 4671 (33)
2280 4596 2483 4671 Lamb.
2515 4602 2568 4653 et
2598 4599 2708 4671 erit
2735 4615 2930 4671 corpus
2958 4603 3075 4669 eius
3101 4620 3245 4659 unus
3276 4604 3611 4660 intellectus.

314 4667 609 4740 Quoniam,
660 4667 869 4739 inquit,
916 4667 1236 4726 Iudaeorum
1288 4670 1519 4739 populus
1565 4672 1625 4723 in
1671 4669 1955 4724 duodecim
2136 4667 2249 4738 (34)
2289 4670 2482 4740 Lamb.
2520 4667 2872 4727 laudabitur.

312 4739 491 4819 tribus
517 4742 917 4819 faitaivisus;
942 4742 1022 4819 sic
1077 4748 1130 4819 et
1160 4741 1449 4819 universus
1488 4742 1723 4819 papulas
1774 4741 1956 4795 Chris-
2074 4740 2256 4819 _7(35)
2288 4739 2449 4819 Bodl.
2500 4742 2837 4819 voluntatem
2860 4761 3079 4815 puram,
3113 4755 3319 4817 recepto
3365 4748 3561 4819 populo
3592 4762 3713 4803 suo.

318 4810 857 4891 tianus’divisusest
880 4811 1249 4891 induodecim
1269 4810 1782 4891 _trzb_z_es,iecundum
1801 4827 1963 4883 quas-
2072 4810 2257 4891 Sichet
2289 4812 2492 4891 Lamb.
2526 4813 2746 4891 omissa
2775 4810 2971 4871 tamen
3001 4810 3157 4889 voce,
3191 4810 3417 4891 recepto.

318 4886 449 4942 dam
478 4885 834 4955 praprietates
864 4886 1196 4951 animorum,
1230 4888 1337 4939 etc.
1372 4884 1533 4939 FELL.
2144 4883 2255 4953 (36)
2290 4884 2491 4938 Lamb.
2526 4886 2761 4940 honeste.

391 4957 504 5026 (25)
536 4954 738 5010 Lamb.
773 4963 1039 5026 tanquam
1070 4971 1218 5025 aqua
1251 4956 1411 5011 varii.
2146 4954 2259 5021 (37)
2292 4955 2492 5009 Lamb.
2526 4956 2758 5019 desunt,
2791 4961 2839 5011 et
2868 4970 3135 5015 sanctum.

383 5028 496 5098 (26)
528 5032 628 5081 Ms.
667 5027 810 5083 Vict.
843 5034 894 5081 et
942 5028 1005 5081 in
1032 5042 1254 5081 nomine
1288 5028 1418 5081 Filii
1445 5029 1563 5096 Dei,
1596 5043 1630 5081 a
1659 5042 1761 5097 quo
1786 5026 1963 5081 vocati
2130 5026 2376 5098 7(38)7Ita
2408 5044 2547 5082 mss.
2586 5028 2812 5093 Lamb.,
2850 5030 3102 5087 Carm.et
3131 5032 3453 5089 Victor.Sic
3484 5037 3541 5087 et
3572 5029 3715 5089 Felli

320 5096 472 5155 sunt.
512 5098 646 5153 Felli
678 5099 820 5153 edit.
852 5098 1031 5154 Oxon.
1066 5098 1287 5153 omissa
1316 5096 1746 5171 conjunctione.
1768 5100 1827 5152 in
1858 5113 1967 5152 uno
2076 5096 2231 5171 edit.7
2248 5097 2429 5171 Oxon.
2466 5098 2547 5153 Al.
2580 5102 2878 5155 veritatem.

324 5173 569 5227 nomine.
1164 5238 1171 5239 7
1190 5238 1193 5239 7
1427 5169 1438 5171 ’
2150 5169 2261 5239 (39)
2297 5171 2495 5224 Lamb.
2529 5172 2839 5227 traditores.

398 5243 512 5312 (27)
548 5241 745 5296 Lamb.
778 5242 928 5296 intra
954 5256 1028 5309 se,
1062 5238 1224 5293 Bodl.
1257 5240 1402 5312 inter
1429 5256 1486 5295 se
1516 5247 1920 5296 consenserunt.
2150 5238 2263 5311 (40)
2296 5241 2433 5295 Mss.
2472 5242 2673 5297 Lamb.
2708 5249 2763 5297 et
2793 5243 2939 5299 Vict.
2971 5247 3239 5301 scabrosa.

400 5244 489 5312 (27
548 5243 745 5296 Lamb.
778 5243 928 5296 intra
954 5256 1028 5309 se,
1063 5243 1224 5293 Bodl.
1257 5243 1402 5294 inter
1429 5256 1486 5295 se
1516 5247 1920 5296 consenserunt.
2150 5243 2263 5311 (40)
2296 5243 2433 5295 Mss.
2472 5243 2673 5297 Lamb.
2708 5249 2763 5297 et
2793 5243 2939 5299 Vict.
2971 5247 3239 5301 scabrosa.

572 5313 769 5368 Lamb.
831 5328 997 5382 quam
1047 5312 1251 5381 potius.
1316 5311 1471 5367 Bodl.
1536 5314 1750 5367 desunt
1803 5327 1971 5382 quam
2152 5312 2502 5391 (471)7Lamb.
2562 5315 2774 5391 desupt
2806 5332 2959 5371 mons
3006 5323 3062 5371 et
3103 5322 3199 5373 est.
3252 5316 3443 5373 Fellus
3492 5330 3720 5388 quoque

326 5388 504 5459 ρήᾳξ.
551 5455 572 5459 7
697 5455 708 5459 7
804 5455 817 5459 7
935 5457 940 5459 7
1010 5454 1040 5459 _
1151 5454 1160 5459 7
2081 5384 2298 5459 omittit
2326 5384 2491 5459 estin
2524 5385 2663 5439 edit.
2698 5385 2878 5442 Oxon.

401 5457 517 5526 (29)
550 5455 753 5510 Lamb.
787 5455 969 5519 deest,
1001 5454 1247 5509 Domine.

2154 5454 2265 5526 (42)
2300 5455 2494 5526 Lamb.
2527 5458 2888 5525 paenitentiae.

403 5525 516 5599 (30)
551 5526 754 5581 Lamb.
786 5542 909 5599 cum
936 5540 1016 5580 eo.
2136 5525 2263 5599 7(43)
2297 5525 2390 5580 Sic
2441 5542 2585 5581 mss.
2618 5528 2806 5582 Carm.
2862 5533 2919 5583 et
2946 5528 3091 5585 Vict.
3122 5532 3214 5587 Sic
3258 5535 3315 5586 et
3341 5530 3480 5587 edit.
3528 5528 3716 5585 Oxon.

402 5595 516 5669 (31)
550 5600 747 5654 Lamb.
781 5598 1075 5669 duplicius.
1109 5666 1144 5669 77
1622 5668 1627 5669 7
1726 5668 1735 5669 7
1793 5668 1797 5669 7
1854 5668 1861 5669 7
2082 5595 2319 5669 Al.7qui7.

333 5666 517 5801 p£312)
550 5669 751 5797 liamb.
788 5670 970 5796 dseest,
1020 5666 1234 5725 vidisti.
1268 5671 1393 5725 Huc
1424 5668 1662 5743 respicit
1709 5668 1975 5741 Origines
2155 5666 2268 5740 (44)
2300 5668 2439 5725 Mss.
2472 5668 2639 5743 Angl.
2668 5672 2995 5744 accipiendi.

429 5757 568 5798 ioca
599 5785 610 5798 .
647 5758 773 5801 can.
848 5783 859 5798 .

429 5757 610 5798 uocat.
647 5758 773 5816 cap.
805 5757 859 5798 δ.
