4014 6226
394 356 513 416 999
1890 354 1953 413 S.
2002 350 2304 414 ΗΕΗΜΛΕ
3592 371 3719 435 ίοοο

395 488 675 578 ducentes
705 502 802 578 eos
833 486 1156 578 secundum
1187 485 2179 578 cupiditates(45)peccantium;ideo
2211 486 2435 541 dabunt
2463 488 2781 578 quamdam
2810 489 2939 560 ejus
2970 489 3055 546 rei
3086 497 3432 563 pmnam;sed
3460 501 3720 578 tamen(t6)

392 575 464 633 iis
496 574 789 648 proposita
820 580 911 630 est
941 573 1299 647 pmnitentia,
1330 575 1466 646 quia
1493 575 1605 645 (47)
1640 574 1786 630 nihil
1816 574 1875 631 in
1907 574 2225 631 Dominum
2256 591 2430 631 suum
2462 575 2738 632 dixerunt
2767 578 3106 636 nefandum.

1898 688 2128 745 CAPUT
2166 688 2282 745 XX.

461 789 543 846 De
572 789 744 845 tertio
792 805 925 845 vero
956 792 1152 843 monte
1200 787 1295 859 qui
1329 786 1529 859 spinas
1560 792 1617 842 et
1663 786 1911 842 tribulos
1966 786 2215 842 habebat
2249 803 2263 843 :
2296 787 2443 843 tales
2491 793 2630 844 sunt
2681 790 2778 860 qui
2828 791 3221 865 crediderunt,
3268 794 3462 854 divites
3508 801 3726 874 quidam,

390 881 626 953 quidam
678 884 873 934 autem
908 877 1177 949 plurimis
1224 877 1485 932 obstricti
1519 877 1764 948 negotiis
1811 876 1923 947 (48)
1957 892 1969 931 :
2005 874 2206 930 tribuli
2255 877 2411 932 enim
2461 878 2676 933 divitiae
2724 885 2864 934 sunt
2891 881 2975 949 88;
3010 882 3193 953 spina:
3240 900 3388 957 vero,
3425 887 3513 958 qui
3560 892 3726 949 multis

296 960 297 965 “
388 968 627 1041 obligati
663 972 801 1023 sunt
830 966 1096 1039 negotiis.
1130 966 1197 1019 Hi
1224 982 1360 1036 ergo
1393 965 1513 1035 (49)
1543 966 1638 1034 qui
1672 963 1940 1035 plurimis
1972 963 2213 1036 obligati
2240 970 2380 1020 sunt
2412 967 2661 1039 negotiis
2691 969 2985 1040 variisque
3015 971 3341 1039 rebus,non
3371 975 3663 1049 adjungunt
3679 997 3727 1037 se

388 1058 570 1114 servis
604 1057 724 1120 Dei,
756 1057 855 1112 sed
888 1057 1177 1121 aberrant,
1212 1055 1284 1109 ab
1318 1054 1408 1108 his
1440 1053 1687 1124 negotiis
1718 1053 1963 1108 revocati
1998 1054 2106 1125 (50)
2138 1071 2169 1108 a
2201 1055 2418 1125 quibus
2452 1055 2829 1111 suifocantur.
2862 1059 3043 1112 Etiam
3075 1064 3131 1114 et
3162 1060 3219 1115 hi
3252 1062 3349 1132 qui
3384 1063 3571 1120 divites
3596 1074 3724 1133 sunt,

383 1146 497 1220 ipsi
527 1146 793 1202 difﬁciles
824 1162 885 1200 se
916 1145 986 1200 ad
1019 1143 1513 1199 conversationem
1544 1142 1660 1209 (51)
1690 1158 1989 1197 servorum
2041 1142 2143 1197 Dei
2177 1143 2455 1213 praebent,
2490 1149 2815 1200 metuentes
2845 1163 2915 1201 ne
2946 1148 3083 1217 quid
3116 1156 3387 1219 poscatur
3412 1152 3478 1207 ab
3514 1152 3616 1210 illis
3642 1174 3654 1211 :
3680 1156 3728 1212 hi

385 1253 522 1309 ergo
554 1235 789 1291 difﬁcile
817 1234 876 1289 in
908 1250 1154 1306 regnum
1187 1232 1285 1287 Dei
1319 1232 1625 1286 intrabunt
1649 1231 1712 1285 ⁸9.
1742 1230 1904 1285 Sicut
1932 1230 2088 1285 enim
2121 1231 2462 1288 excalceatis
2494 1233 3006 1304 pedibus,difﬁcile
3037 1237 3097 1291 in
3130 1238 3364 1295 tribulis
3400 1242 3727 1301 ambulatur:

385 1325 469 1381 sic
501 1329 559 1380 et
588 1323 928 1395 hujusmodi
960 1322 1227 1378 homines
1257 1319 1491 1375 difficile
1523 1324 1612 1375 est
1640 1320 1699 1373 in
1730 1335 1976 1391 regnum
2006 1318 2109 1375 Dei
2141 1320 2379 1376 intrare.
2412 1322 2520 1377 Sed
2552 1328 2608 1377 et
2637 1323 2722 1378 eis
2751 1324 3027 1381 omnibus
3059 1326 3234 1381 datur
3262 1327 3335 1383 ad
3383 1329 3727 1400 paenitentiam

382 1430 705 1486 regressus,
741 1411 790 1468 si
835 1416 1031 1466 tamen
1063 1411 1175 1465 cito
1219 1409 1499 1464 redierint
1528 1409 1599 1463 ad
1650 1408 1851 1474 illam;
1887 1413 1949 1463 ut
2001 1410 2139 1480 quia
2188 1409 2484 1481 prioribus
2533 1411 2740 1467 diebus
2772 1418 3149 1470 cessaverunt
3198 1415 3271 1470 ab
3321 1432 3503 1490 Opere,
3534 1422 3729 1491 repetito

383 1507 644 1574 tempore
692 1500 909 1571 aliquid
957 1498 1094 1555 boni
1131 1500 1319 1555 facere
1347 1498 1595 1569 possint.
1646 1499 1787 1552 Acta
1817 1497 1996 1569 igitur
2044 1498 2405 1568 poenitentia,
2456 1498 2507 1554 si
2559 1500 2802 1556 fecerint
2852 1518 3027 1575 Opera
3072 1502 3376 1573 bonitatis,
3422 1506 3730 1565 vivent:sin

384 1594 578 1647 autem
608 1590 669 1647 in
700 1588 975 1646 admissis
1006 1588 1130 1644 suis
1160 1586 1608 1661 permanserint,
1640 1587 1946 1641 tradentur
1974 1585 2318 1643 mulieribus
2352 1586 2467 1643 illis
2496 1604 2622 1659 quas
2651 1588 2736 1645 eis
2766 1590 3030 1647 auferent
3058 1591 3261 1648 vitam.

1883 1700 2108 1757 CAPUT
2145 1700 2283 1758 XXI.

449 1810 527 1861 De
558 1808 765 1877 quarto
794 1821 926 1860 vero
975 1806 1170 1858 monte
1199 1802 1447 1857 habente
1495 1799 1811 1871 plurimam
1860 1799 2099 1854 herbam
2134 1802 2268 1872 (52),
2302 1802 2471 1872 cujus
2519 1802 2785 1874 superior
2826 1819 2962 1875 pars
3017 1804 3220 1861 viridis
3271 1811 3417 1874 erat,
3445 1807 3573 1880 ipsa;
3611 1826 3717 1867 vero

377 1894 602 1950 radices
633 1894 809 1950 aridae
836 1912 848 1961 ;
883 1894 1146 1963 quaedam
1198 1890 1374 1946 etiam
1406 1906 1440 1945 a
1469 1888 1609 1944 solis
1658 1890 1861 1943 ardore
1892 1889 2004 1960 (53)
2039 1893 2202 1944 tactas
2235 1892 2578 1946 arescebant
2609 1908 2622 1945 :
2657 1891 2999 1962 hujusmodi
3048 1899 3189 1949 sunt
3217 1894 3454 1964 quidam
3481 1897 3627 1953 dubii
3652 1899 3730 1970 qui

378 1984 768 2054 crediderunt,
801 1988 857 2038 et
904 1981 1142 2053 quidam
1174 1979 1272 2035 alii
1320 1980 1380 2033 in
1410 1978 1582 2033 labiis
1629 1978 1966 2041 Dominum,
2001 1995 2114 2033 non
2163 1977 2224 2032 in
2255 1979 2427 2034 corde
2458 1979 2729 2036 ferentes.
2761 1981 3012 2052 Ideoque
3061 1981 3241 2039 arida
3270 1989 3431 2054 sunt,
3461 1990 3516 2041 et
3541 1986 3726 2043 nullum

380 2073 826 2128 fundamentum
860 2071 973 2143 (54)
1005 2070 1284 2125 habentes
1316 2068 1507 2123 herbae
1538 2083 1739 2122 eorum
1773 2083 1785 2120 :
1821 2066 2011 2121 verbis
2041 2066 2198 2121 enim
2229 2069 2636 2124 tantummodo
2683 2068 2903 2136 vivunt,
2938 2086 3115 2141 Opera
3143 2087 3275 2127 vero
3309 2088 3506 2128 eorum
3544 2080 3735 2131 mortus

376 2165 534 2218 sunt.
566 2162 636 2215 Hi
670 2177 805 2233 ergo
835 2177 939 2215 nec
970 2158 1183 2214 mortui
1214 2162 1354 2213 sunt
1406 2173 1512 2211 nec
1542 2155 1675 2217 vivi,
1707 2162 1762 2209 et
1792 2155 1953 2209 dubii
1987 2156 2258 2210 similiter
2308 2162 2464 2212 sunt.
2499 2157 2613 2229 Ipsi
2646 2159 2802 2213 enim
2833 2159 3015 2229 dubii,
3051 2177 3157 2216 nec
3185 2161 3403 2218 virides
3434 2170 3562 2218 sunt
3589 2181 3735 2235 neque

374 2251 522 2305 aridi
549 2268 562 2318 ;
594 2251 652 2305 id
686 2254 776 2306 est
807 2265 908 2304 nec
936 2248 1048 2302 vivi
1079 2264 1184 2303 nec
1217 2245 1453 2301 mortui.
1487 2246 1650 2298 Sicut
1679 2245 1834 2299 enim
1867 2244 2058 2299 herba
2089 2245 2441 2311 eorum,sole
2472 2247 2617 2313 viso,
2649 2252 2929 2303 aruerunt
2954 2265 2966 2303 :
2991 2249 3075 2304 ita
3102 2255 3161 2305 et
3191 2250 3555 2317 dubii,simul
3584 2260 3641 2309 ut
3661 2271 3734 2309 au-

376 2341 612 2397 dierunt
642 2339 1130 2411 persecutionem,
1163 2336 1536 2391 incommoda
1564 2334 1675 2404 (55)
1706 2339 2052 2402 metuentes,
2086 2335 2383 2390 redierunt
2413 2335 2481 2389 ad
2516 2336 2850 2402 simulacra,
2886 2343 2943 2393 et
2972 2355 3178 2395 rursus
3227 2341 3550 2396 servierunt
3577 2344 3666 2411 eis,
3692 2348 3735 2398 et

374 2430 738 2485 erubuerunt
784 2426 1014 2482 Domini
1063 2425 1154 2481 sui
1204 2425 1352 2480 ferre
1400 2439 1632 2478 nomen.
1667 2422 2017 2492 Hujusmodi
2066 2439 2202 2495 ergo
2252 2423 2540 2488 homines,
2575 2441 2681 2480 nec
2728 2426 2838 2480 vivi
2871 2444 2974 2483 nec
3025 2429 3239 2483 mortui
3270 2435 3449 2499 sunt;
3482 2431 3575 2487 sed
3618 2430 3731 2486 ethi

376 2520 625 2590 possunt
670 2516 879 2583 vivere,
910 2514 960 2571 si
1013 2514 1128 2571 cito
1160 2512 1385 2587 egerint
1432 2510 1831 2584 pcenitentiam
1862 2529 1874 2578 ;
1910 2513 2001 2567 sin
2050 2512 2247 2567 minus
2270 2513 2397 2583 jam
2427 2513 2621 2570 traditi
2656 2520 2795 2571 sunt
2824 2516 3172 2575 mulieribus
3203 2518 3325 2575 illis
3362 2536 3489 2591 qua
3517 2520 3738 2577 auferent

369 2607 552 2662 vitam
583 2622 807 2662 eorum.

1858 2688 2087 2745 CAPUT
2126 2690 2291 2745 XXII.

442 2785 521 2840 De
553 2785 757 2856 quinto
787 2799 918 2838 vero
968 2785 1165 2837 monte
1195 2797 1398 2852 aspero
1428 2784 1485 2835 et
1510 2780 1724 2835 virides
1753 2779 1963 2835 herbas
1995 2779 2243 2836 habente
2277 2798 2290 2837 :
2324 2780 2666 2851 hujusmodi
2698 2788 2836 2838 sunt
2885 2784 2983 2855 qui
3014 2786 3395 2843 crediderunt
3427 2788 3615 2844 ﬁdeles
3639 2787 3737 2859 qui.

365 2875 526 2939 dem,
558 2873 660 2929 sed
693 2870 930 2928 difficile
979 2871 1297 2937 credentes,
1332 2874 1389 2925 et
1430 2869 1681 2925 audaces
1712 2885 1778 2924 ac
1826 2868 1938 2923 sibi
1987 2867 2321 2939 placentes;
2354 2869 2613 2926 volentes
2665 2871 2846 2929 videri
2889 2873 3003 2946 (56)
3052 2879 3263 2931 cuncta
3314 2877 3467 2933 scire
3513 2875 3737 2949 nihilque

365 2964 607 3020 omnino
640 2962 910 3017 scientes.
944 2960 1184 3032 Propter
1227 2959 1379 3014 hanc
1409 2958 1588 3031 igitur
1635 2958 1964 3025 audaciam,
1998 2974 2208 3015 sensus
2252 2959 2523 3015 discessit
2553 2960 2625 3015 ab
2673 2960 2814 3029 illis,
2845 2966 2904 3017 et
2952 2963 3188 3019 intravit
3217 2965 3279 3020 in
3315 2983 3418 3022 eos
3465 2966 3738 3023 temeraria

361 3051 697 3124 arrogantia
727 3052 861 3122 (57).
894 3048 1189 3105 Sublimes
1241 3053 1436 3103 autem
1468 3064 1532 3103 se
1574 3051 1805 3120 gerunt,
1838 3053 1897 3102 et
1937 3047 2113 3103 veluti
2162 3049 2514 3119 prudentes;
2548 3053 2604 3105 et
2651 3067 2784 3106 eum
2816 3051 2935 3107 sint
2980 3051 3169 3121 stulti,
3203 3055 3463 3127 cupiunt
3511 3055 3740 3111 doctores

357 3142 565 3197 videri.
598 3141 839 3213 Propter
864 3140 1015 3195 hanc
1047 3138 1380 3204 stultitiam,
1413 3139 1555 3193 dum
1587 3153 1648 3192 se
1680 3136 2082 3209 magniﬁcant,
2114 3136 2284 3195 multi
2316 3154 2516 3193 eorum
2549 3139 2827 3196 exinaniti
2854 3145 3012 3196 sunt.
3045 3142 3329 3215 Magnum
3369 3144 3525 3200 enim
3559 3144 3738 3199 damo-

361 3231 528 3286 nium
559 3236 649 3286 est
676 3229 921 3285 audacia
944 3234 1001 3284 et
1029 3227 1379 3284 conﬁdentia
1409 3227 1708 3282 inanis.Ex
1739 3226 1830 3281 his
1857 3226 2037 3298 igitur
2065 3225 2234 3281 multi
2264 3228 2475 3298 abjecti
2507 3228 2786 3283 sunt.Alii
2811 3234 3007 3286 autem
3038 3232 3238 3304 agnito
3266 3232 3385 3306 (58)
3415 3248 3605 3290 errore
3630 3248 3736 3299 suo,

363 3318 765 3392 pcenitentiam
795 3324 1056 3388 egerunt,
1091 3322 1148 3373 et
1177 3315 1566 3372 subdiderunt
1596 3331 1658 3370 se
1688 3314 2038 3370 habentibus
2076 3332 2337 3371 sensum.
2372 3316 2478 3371 Sed
2512 3322 2572 3372 et
2619 3318 2839 3374 caeteris
2870 3318 3081 3375 horum
3122 3320 3426 3379 similibus
3476 3320 3735 3394 proposita

359 3415 451 3465 est
480 3407 852 3481 poenitentia;
886 3423 1071 3477 neque
1101 3406 1260 3461 enim
1296 3404 1439 3460 mali
1474 3404 1839 3471 fuerunt,sed
1870 3403 2212 3474 insipientes
2243 3404 2435 3476 potius
2465 3410 2522 3461 et
2552 3405 2814 3463 stulti.Hi
2843 3408 3059 3481 ergo,si
3088 3409 3320 3482 egerint
3351 3411 3737 3483 pmnitentism,

356 3498 552 3553 vivent
580 3496 696 3553 Deo
731 3514 744 3553 :
777 3496 869 3551 sin
900 3494 1119 3561 minus,
1151 3494 1502 3549 habitabunt
1532 3509 1665 3548 cum
1696 3492 2045 3548 mulieribus
2076 3492 2214 3560 illis,
2248 3510 2375 3565 quae
2408 3495 2697 3565 nequitias
2728 3513 2866 3553 suas
2896 3500 3248 3554 exercebunt
3280 3499 3343 3556 in
3376 3501 3462 3557 eis
3494 3500 3619 3572 (59).

1830 3608 2058 3665 CAPUT
2096 3608 2288 3664 XXIII.

425 3712 507 3768 De
538 3717 696 3768 sexto
725 3728 859 3767 vero
891 3716 1087 3765 monte
1117 3709 1367 3765 habente
1399 3709 1684 3765 scissuras
1718 3708 1969 3778 majores
1999 3713 2054 3763 et
2084 3708 2340 3763 minores
2373 3726 2386 3765 :
2420 3709 2759 3779 hujusmodi
2792 3714 2932 3766 sunt
2962 3712 3059 3782 qui
3089 3712 3496 3770 crediderunt.
3523 3714 3588 3769 Et
3616 3711 3670 3767 hi
3691 3709 3739 3765 in

355 3802 569 3873 quibus
599 3801 868 3856 scissuris
894 3798 1147 3855 minores
1179 3798 1434 3865 erant,hi
1469 3802 1609 3853 sunt
1627 3797 1724 3867 qui
1757 3797 1908 3851 inter
1928 3813 1989 3851 se
2018 3796 2235 3851 habent
2264 3796 2478 3865 lites,et
2501 3804 2734 3870 propter
2760 3800 3027 3871 querelas
3048 3818 3187 3857 suas
3219 3802 3278 3855 in
3307 3803 3425 3858 fide
3457 3798 3741 3875 languenti

354 3890 457 3947 sed
488 3889 657 3945 multi
691 3906 757 3944 ex
788 3888 860 3943 iis
890 3892 1133 3960 egerunt
1168 3885 1566 3959 pmnitentiam
1600 3904 1613 3941 :
1644 3886 1915 3956 idemque
1946 3885 2135 3939 caeteri
2168 3885 2378 3941 facient
2407 3887 2542 3957 (60),
2567 3887 2782 3942 auditis
2814 3888 3107 3944 mandatis
3140 3890 3286 3946 meis
3313 3908 3327 3958 ;
3360 3891 3580 3963 exigua:
3610 3887 3741 3945 enim

356 3984 498 4035 sunt
525 3977 657 4034 lites
687 3994 908 4044 eorum,
942 3994 1007 4032 ac
1040 3976 1205 4031 facile
1252 3977 1324 4031 ad
1360 3976 1757 4047 paenitentiam
1809 3979 2109 4029 recurrent
2139 3974 2272 4047 (61).
2308 3980 2381 4030 At
2408 3975 2469 4030 hi
2503 3976 2602 4047 qui
2636 3978 2885 4047 majores
2928 3976 3164 4046 habent,
3200 3980 3357 4035 sicut
3390 3978 3611 4052 lapides
3637 3993 3744 4050 per-

356 4067 580 4137 tinaces
610 4071 800 4127 erunt.
853 4064 1222 4120 simultatum
1257 4064 1368 4136 (62)
1400 4070 1459 4119 et
1508 4064 1862 4118 offensarum
1906 4067 2045 4117 sunt
2094 4079 2404 4135 memores,
2436 4063 2799 4121 iracundiam
2852 4064 3005 4120 inter
3034 4083 3095 4122 se
3125 4073 3485 4123 exercentes.
3520 4067 3585 4122 Hi
3631 4080 3743 4135 ergo

357 4154 569 4227 abjecti
599 4159 739 4211 sunt
769 4172 801 4209 a
828 4154 998 4214 turri.
1032 4158 1088 4208 et
1117 4171 1148 4208 a
1182 4157 1477 4208 structura
1506 4153 1633 4222 ejus
1664 4151 1955 4223 reprobati
1987 4168 2001 4205 :
2037 4151 2377 4222 hujusmodi
2408 4168 2544 4224 ergo
2576 4152 2843 4208 homines
2875 4153 3113 4209 difficile
3140 4155 3360 4211 vivent.
3395 4156 3554 4212 Deus
3582 4160 3630 4211 et
3657 4153 3748 4209 Do-

356 4245 556 4301 minus
586 4249 783 4300 noster
812 4243 911 4315 qui
960 4243 1298 4298 dominatur
1326 4242 1593 4298 omnium
1644 4252 1859 4307 rerum,
1894 4244 1950 4296 et
1979 4243 2256 4296 creatura:
2292 4258 2410 4296 suae
2440 4241 2720 4298 universas
2754 4242 2923 4298 habet
2954 4244 3067 4314 (63)
3100 4249 3479 4315 potestatem,
3520 4244 3743 4299 offensas

352 4334 695 4390 meminisse
724 4350 840 4390 non
871 4332 1030 4400 vult;
1064 4332 1165 4388 sed
1195 4331 1265 4387 ab
1293 4331 1386 4386 his
1416 4330 1518 4402 qui
1549 4334 1785 4402 peccata
1814 4346 1921 4385 sua
1950 4330 2322 4396 confitentur,
2357 4329 2523 4386 facile
2555 4330 2837 4403 placatur.
2870 4332 3055 4389 Homo
3084 4350 3220 4389 vero
3246 4350 3387 4390 cum
3422 4333 3501 4390 sit
3538 4328 3743 4405 langui-

349 4425 483 4491 dus,
534 4422 819 4494 mortalis,
870 4422 1143 4477 inﬁrmus
1195 4425 1251 4477 et
1281 4420 1536 4492 repletus
1566 4419 1839 4490 peccatis,
1894 4418 2121 4474 homini
2164 4423 2601 4491 perseveranter
2644 4419 2919 4476 irascitur
2969 4422 3035 4486 νο,
3084 4427 3371 4493 tanquam
3425 4434 3743 4479 conservare

350 4530 483 4568 cum
515 4513 702 4585 possit
731 4516 833 4568 aut
860 4512 1100 4585 perdere
1131 4512 1197 4566 ⁰¹.
1231 4510 1348 4582 Ego
1380 4513 1577 4565 autem
1608 4525 1709 4564 vos
1740 4508 2222 4579 moneo,nuntius
2254 4512 2310 4564 et
2336 4509 2683 4581 praepositus
2712 4510 3156 4582 posuitentiaa,ut
3185 4512 3534 4584 quicunque
3555 4524 3741 4585 propo-

352 4619 463 4745 12⁸⁸
497 4619 700 4675 Matth.
734 4635 860 4687 xm,
907 4620 998 4673 22.
1074 4618 1119 4655 ⁸ο
1145 4618 1350 4674 Matth.
1383 4633 1499 4684 xix,
1530 4617 1621 4687 23,
1669 4617 1777 4683 24;
1811 4616 1987 4671 Marc.
2020 4633 2078 4685 χ,
2106 4615 2217 4685 23;
2251 4617 2387 4672 Luc.
2436 4633 2593 4685 xvm,
2626 4617 2716 4673 24.
2793 4618 2838 4652 9°
2869 4616 3038 4674 Eccli.
3071 4636 3269 4689 xxvm,
3300 4621 3358 4675 3.
3442 4621 3487 4656 ἰ
3532 4618 3649 4676 Jac.
3680 4631 3740 4683 iv,

1508 4784 1749 4841 VARI/E
1787 4783 2177 4841 LECTIONES
2216 4784 2306 4840 ET
2344 4783 2573 4840 ΝΟΤιἘ.

418 4887 533 4958 (45)
567 4886 720 4960 Mss._
742 4885 905 4958 Angl.
938 4885 1230 4942 desideria.
1264 4885 1353 4940 Sic
1383 4888 1441 4941 et
1470 4882 1609 4939 edit.
1641 4883 1823 4940 Oxon.
2178 4882 2292 4953 (55)
2326 4883 2524 4960 Lamb.
2554 4884 2724 4941 simul
2767 4885 3049 4942 audientes
3094 4889 3537 4960 persecutionem
3580 4895 3629 4944 et
3668 4886 3742 4941 is-

442 4954 532 5020 46)
570 4958 765 5013 Lamb.
801 4954 1077 5013 tormenti.
2104 4954 2402 5011 commoda.

442 4961 532 5020 46)
570 4961 765 5013 Lamb.
801 4961 1077 5013 tormenti.
2104 4961 2402 5011 commoda.

418 4961 532 5103 in)
560 5030 669 5103 Sic.
705 5046 847 5103 mss.
884 5030 1033 5084 Vict.
1069 5034 1126 5084 et
1153 5031 1454 5100 Carm.pro
1483 5026 1736 5097 quia.Sic
1766 5030 1823 5082 et
1854 5026 1993 5082 edil.
2175 5026 2288 5103 (5§)
2321 5026 2523 5103 Lamb.
2558 5027 2739 5103 deest,
2768 5028 2966 5103 uideri.

352 5097 533 5158 Ox'on'.
571 5100 658 5156 Al.
692 5102 807 5172 qui.
1352 5097 1368 5100 ⁷
1809 5171 1838 5172 η
2112 5167 2136 5172 Δ
2174 5097 2284 5169 (57)
2339 5098 2476 5152 Mss.
2532 5097 2705 5170 Angl.
2753 5102 2911 5169 fama
2969 5103 3352 5172 praesumptio.
3418 5101 3562 5159 Felli
3618 5099 3737 5157 edit.

419 5175 530 5244 (48)
564 5167 765 5228 Lam'b.
798 5172 893 5244 qui
916 5173 1177 5244 plurimis
1207 5171 1450 5244 obstricti
1475 5172 1602 5244 sunt
1622 5171 1883 5244 uegetas.
2103 5167 2282 5244 Orion.
2316 5172 2611 5244 temeraria
2624 5167 3019 5244 praesumptio.

422 5240 531 5317 (49)
565 5245 702 5317 Mss.
734 5240 987 5317 An—glfli
1016 5260 1156 5299 vero.
1192 5244 1283 5298 Sio
1314 5249 1370 5298 et
1400 5241 1539 5298 Felli
1571 5240 1713 5296 edit.
1737 5241 1917 5296 Oxon.
2172 5241 2284 5317 (5S)
2317 5241 2457 5317 Mss.
2490 5240 2659 5317 Angl.
2691 5240 2930 5310 cognito.

419 5312 531 5388 (50)
563 5316 701 5388 Mss.
732 5312 899 5388 Angl.
933 5317 1126 5370 vocati.
2171 5312 2284 5388 (59)
2310 5312 2466 5388 _Mss._
2490 5314 2655 5388 Angl.
2690 5317 2965 5369 exercent.

443 5383 533 5456 51)
564 5386 648 5442 Al.
682 5383 1106 5443 convérsionem.
2168 5383 2279 5456 (60)
2310 5383 2510 5439 Lamb.
2545 5385 2767 5455 ideoque
2794 5395 2995 5442 caetera
3020 5387 3259 5456 faciunt.

443 5455 537 5525 52)
564 5458 650 5512 Al.
678 5460 953 5529 plurimas
980 5460 1198 5525 herbas,
1230 5473 1487 5527 quarum.
2169 5455 2279 5529 (61)
2315 5455 2515 5529 Lamb.
2547 5462 2860 5529 recurrunt.

442 5530 534 5670 53)
566 5527 707 5584 Mss.
738 5532 906 5601 Angl.
939 5531 1141 5585 calore.
1451 5599 1461 5609 .
1782 5595 1794 5608 O
1924 5595 1935 5607 η
2132 5527 2280 5608 ,(62)
2331 5527 2526 5582 Lamb.
2577 5527 2757 5597 deest,
2804 5529 3170 5585 simultatum.
3220 5528 3301 5585 Al.
3360 5531 3425 5585 in
3491 5527 3727 5585 simul“.

442 5599 508 5653 54
560 5598 759 5657 Lamb.
805 5601 967 5658 nulla
997 5600 1376 5670 fundamenta.
1405 5598 1500 5655 Sic
1548 5601 1606 5655 et
1657 5596 1797 5656 Felli
1844 5597 1984 5653 edit.
2093 5597 2361 5670 ιιὸῳλεξ.
2454 5668 2465 5670 _
2555 5669 2564 5670 ί
2640 5608 2641 5613 ‘

440 5596 530 5670 54)
560 5598 759 5657 Lamb.
805 5596 967 5658 n'ulla
997 5600 1376 5674 fundamenta.
1405 5598 1500 5655 Sic
1548 5601 1606 5655 et
1657 5596 1797 5656 Felli
1844 5596 1984 5653 edit.
2093 5596 2361 5674 tibg,_e_t.

350 5667 531 5725 Oxon.
997 5667 1007 5674 '
2164 5667 2278 5743 (63)
2309 5668 2511 5727 Lamb.
2544 5669 2769 5729 habens.
