4014 6226
202 423 321 485 1001
1253 422 1585 482 PASTOR.
1619 453 1694 462 —
1726 419 1787 479 Ll

1979 420 2025 478 Ι.
2076 420 2312 479 SIMIL.
2362 420 2465 479 IX.
3406 424 3562 482 1002

198 557 343 611 situm
371 554 478 611 tale
508 555 619 626 (64)
650 552 899 619 habetis,
933 554 1235 625 deponatis
1280 553 1446 619 illud,
1474 558 1531 608 et
1575 554 1643 607 ad
1680 552 2077 624 poenitentiam
2111 553 2459 607 recurratis:
2497 558 2554 605 et
2585 551 2866 605 Dominus
2898 552 3228 608 medebitur
3271 554 3567 624 prioribus

196 643 388 699 delictis
429 642 639 699 vestris
671 642 806 713 (65),
856 642 905 697 si
934 643 1005 697 ab
1038 641 1147 698 hoc
1181 643 1467 699 daemonio
1500 659 1601 698 vos
1632 640 2077 713 puriﬁcaveritis
2108 657 2120 696 :
2156 641 2244 696 sin
2279 641 2496 709 minus,
2549 640 2619 694 ad
2652 644 2903 695 mortem
2935 641 3249 697 trademini
3278 642 3382 698 illi.

1598 756 1835 813 CAPUT
1866 756 2058 812 XXIV.

252 858 319 913 De
345 861 533 913 monte
586 872 721 912 vero
753 856 999 928 septimo
1060 857 1120 911 in
1179 873 1294 928 quo
1350 856 1565 913 virides
1596 860 1652 911 et
1688 855 1904 911 hilares
1934 859 2099 910 erant
2129 854 2341 925 herba,
2371 858 2427 910 et
2474 857 2634 909 totus
2664 870 2834 910 mons
2866 855 3075 911 fertilis
3106 861 3248 925 erat,
3286 872 3577 928 omneque

192 964 349 1020 genus
376 948 663 1018 pecudum
679 947 995 1017 carpebant
1021 946 1303 1017 pabulum
1334 962 1402 1000 ex
1443 945 1638 1001 herbis
1670 945 1887 1000 montis
1917 944 2184 1015 ejusdem
2211 962 2224 1011 ;
2259 948 2317 998 et
2345 947 2564 1014 quanto
2598 942 2787 1015 magis
2810 943 3001 999 herbis
3024 943 3134 999 illa:
3166 946 3575 1017 carpebantur,

190 1041 328 1099 tanto
355 1035 595 1091 laetiores
644 1034 975 1090 revirehant
1022 1035 1170 1105 (66):
1228 1034 1567 1103 hujusmodi
1621 1038 1758 1087 sunt
1812 1032 1909 1103 qui
1972 1032 2359 1099 crediderunt,
2405 1032 2705 1104 simplices
2737 1037 2793 1087 et
2842 1033 2977 1088 boni
3021 1049 3253 1105 semper
3301 1039 3357 1089 et
3386 1032 3578 1089 nullas

187 1124 432 1181 habentes
458 1124 611 1179 inter
656 1140 717 1178 se
746 1123 1140 1178 dissensiones
1170 1140 1182 1186 ;
1218 1124 1317 1176 sed
1366 1122 1627 1177 lzetantes
1649 1138 1879 1192 semper
1908 1122 1977 1177 de
2003 1123 2185 1176 servis
2216 1121 2337 1189 Dei,
2371 1122 2558 1176 induti
2590 1121 2863 1192 spiritum
2914 1123 3207 1194 virginum
3235 1123 3441 1178 harum
3470 1140 3480 1177 :
3518 1127 3581 1179 et

192 1230 391 1284 semper
434 1213 493 1266 in
526 1228 729 1267 omnes
760 1211 1027 1266 homines
1059 1212 1169 1281 (67)
1203 1212 1273 1264 ad
1306 1210 1628 1265 faciendam
1652 1210 2110 1265 misericordiam
2146 1210 2418 1281 prompti,
2452 1214 2508 1265 et
2539 1210 2607 1265 de
2637 1209 2934 1265 laboribus
2966 1211 3090 1266 suis
3121 1212 3347 1266 cunctis
3397 1212 3581 1268 homi-

194 1303 347 1357 nibus
375 1300 535 1356 facile
566 1300 890 1355 tribuentes
922 1300 1049 1355 sine
1079 1298 1430 1371 improperio
1464 1303 1520 1353 et
1550 1298 1987 1353 deliberatione.
2021 1298 2155 1353 Visa
2184 1298 2363 1371 igitur
2383 1298 2663 1353 Dominus
2687 1298 3060 1370 simplicitate
3082 1305 3139 1355 et
3165 1300 3583 1357 omniinfantia

190 1406 386 1458 eorum,
453 1390 614 1445 auxit
684 1405 783 1444 eos
837 1389 897 1442 in
927 1388 1227 1444 laboribus
1259 1405 1539 1443 manuum
1574 1404 1840 1455 suarum,
1865 1391 1922 1443 et
1951 1387 2109 1443 dedit
2139 1387 2221 1442 eis
2252 1387 2311 1442 in
2343 1389 2501 1442 omni
2562 1404 2733 1459 opere
2788 1388 2900 1459 (68)
2931 1390 3203 1460 gratiam.
3236 1390 3351 1461 Ego
3382 1395 3578 1446 autem

190 1480 364 1537 hortor
404 1495 526 1548 vos,
560 1478 910 1550 praepositus
948 1476 1296 1548 poenitentia:
1324 1477 1590 1541 nuntius,
1622 1477 1682 1531 in
1716 1476 1918 1531 eodem
1960 1478 2252 1548 proposito
2285 1492 2646 1548 permanere,
2688 1476 3021 1549 quicunque
3050 1479 3193 1534 estis
3223 1478 3584 1549 hujusmodi,

190 1585 255 1626 no
274 1568 579 1624 eradicatur
607 1583 807 1623 semen
836 1569 1094 1621 vestrum
1128 1565 1187 1620 in
1218 1582 1427 1621 aevum.
1460 1565 1741 1621 Dominus
1763 1565 1918 1620 enim
1949 1580 2052 1620 vos
2080 1564 2364 1636 probavit,
2389 1570 2446 1620 et
2467 1565 2815 1635 conscripsit
2852 1565 2911 1619 in
2935 1569 3201 1621 nostrum
3234 1583 3545 1623 numerum
3576 1586 3589 1636 ;

188 1663 240 1715 ct
268 1673 423 1714 omne
452 1672 653 1713 semen
699 1656 808 1728 (69)
833 1660 1091 1711 vestrum
1142 1671 1278 1710 cum
1309 1654 1449 1710 Filio
1480 1656 1581 1711 Dei
1614 1653 1819 1709 ditavit
1848 1654 1997 1725 (70);
2032 1654 2102 1709 de
2133 1654 2349 1725 Spiritu
2381 1654 2535 1711 enim
2595 1654 2710 1724 (7i)
2770 1656 2897 1725 ejus
2943 1655 3084 1711 estis
3142 1672 3364 1713 omnes.

1728 1779 1960 1835 CAPUT
2001 1780 2167 1835 XXV.

255 1881 329 1937 De
354 1884 548 1936 octavo
580 1896 711 1935 vero
764 1883 979 1945 monte,
1022 1878 1082 1932 in
1114 1894 1229 1949 quo
1260 1877 1497 1949 plurimi
1527 1881 1691 1932 erant
1722 1878 1933 1947 fontes,
1964 1878 2024 1932 in
2055 1877 2270 1949 quibus
2294 1878 2408 1949 (72)
2441 1877 2848 1948 adaquabatur
2876 1894 3049 1933 omne
3081 1894 3265 1951 genus
3298 1885 3593 1947 creaturas,

182 1971 279 2026 Dei
307 1988 317 2025 :
348 1968 486 2025 tales
517 1972 657 2023 sunt
685 1967 783 2037 qui
813 1967 1187 2023 crediderunt
1211 1966 1514 2039 apostolis,
1550 1982 1697 2037 quos
1754 1966 1915 2021 misit
1952 1966 2239 2022 Dominus
2270 1967 2329 2021 in
2361 1971 2549 2022 totum
2596 1966 2796 2021 orbem
2848 1967 3191 2037 praedicare;
3253 1973 3310 2024 et
3358 1970 3595 2041 quidam

183 2060 455 2127 doctores,
491 2056 591 2127 qui
625 2056 737 2126 (73)
771 2059 927 2111 caste
957 2059 1015 2109 et
1046 2055 1270 2110 sincere
1299 2054 1758 2126 praedicaverunt
1788 2071 1853 2109 ac
1893 2055 2236 2121 docuerunt,
2273 2070 2378 2109 nec
2436 2054 2761 2126 quidquam
2820 2055 3059 2110 omnino
3120 2057 3599 2129 subscripserunt

186 2146 340 2202 mala
371 2145 668 2217 cupiditati
695 2163 707 2199 :
742 2144 843 2199 sed
872 2144 1107 2200 assidue
1137 2144 1196 2198 in
1238 2143 1507 2214 aequitate
1538 2146 1594 2198 et
1623 2143 1734 2213 (74)
1765 2143 2003 2198 veritate
2036 2142 2497 2198 ambulaverunt.
2532 2142 2599 2197 Hi
2632 2157 2767 2214 ergo
2801 2143 2954 2198 inter
3008 2144 3245 2217 angelos
3290 2161 3595 2201 conversa-

195 2237 399 2292 tionem
429 2233 664 2289 habent.

1683 2302 1915 2357 CAPUT
1947 2303 2136 2358 XXVI.

251 2410 326 2460 De
356 2420 502 2459 nono
535 2406 732 2457 autem
764 2405 961 2456 monte
984 2401 1233 2471 deserto,
1268 2417 1333 2455 ac
1362 2400 1944 2471 serpentes'hahente
1974 2402 2085 2471 (75)
2116 2420 2126 2455 :
2164 2401 2507 2469 hujusmodi
2536 2404 2676 2455 sunt
2710 2401 2810 2472 qui
2842 2401 3245 2469 crediderunt;
3282 2404 3380 2458 sed
3405 2408 3461 2459 et
3490 2406 3602 2475 (76)

184 2493 439 2550 maculas
468 2492 781 2547 habebant.
816 2490 884 2544 Hi
917 2494 1055 2545 sunt
1078 2490 1335 2545 ministri
1369 2489 1517 2544 male
1548 2489 1944 2544 ministerium
1978 2488 2589 2561 agentes,diripientes
2618 2490 2929 2545 viduarum
2961 2491 3602 2564 bonaetpupillorum;

184 2585 317 2647 sibi,
344 2600 456 2638 non
489 2581 715 2648 aliis,ex
745 2580 838 2634 his
871 2596 997 2651 quas
1025 2583 1390 2650 acceperunt,
1426 2578 1847 2634 ministrantes.
1875 2578 2020 2645 Hi,si
2053 2579 2165 2649 (77)
2200 2578 2631 2650 permanserint
2657 2579 2717 2633 in
2740 2580 2942 2634 eadem
2974 2580 3317 2652 cupiditate,
3341 2584 3517 2638 morti
3544 2600 3604 2639 se

182 2672 564 2736 tradiderunt,
608 2686 711 2725 nec
764 2667 883 2723 ulla
911 2667 1022 2723 erit
1050 2667 1109 2722 in
1144 2668 1225 2723 eis
1258 2684 1392 2739 spes
1418 2666 1568 2733 vitai,
1601 2667 1755 2739 quod
1788 2667 1837 2721 si
1870 2668 2133 2722 conversi
2176 2667 2414 2731 fuerint,
2462 2670 2518 2721 et
2550 2671 2706 2722 caste
2757 2670 3297 2725 consummaverint
3341 2672 3604 2727 ministe-

178 2762 331 2817 rium
362 2762 854 2830 suum,poterunt
884 2757 1093 2813 vivere.
1138 2756 1243 2819 Qui
1270 2773 1403 2811 vero
1452 2756 1711 2811 scabrosi
1743 2756 1952 2827 reperti
1988 2760 2145 2820 sunt,
2180 2756 2217 2810 ii
2264 2760 2402 2811 sunt
2458 2756 2557 2826 qui
2580 2772 2791 2811 nomen
2851 2756 3084 2812 Domini
3143 2758 3599 2831 abnegaverunt,

179 2868 283 2906 nec
312 2849 422 2921 (78)
453 2849 522 2904 ad
556 2847 867 2903 Dominum
896 2863 1101 2901 rursus
1132 2846 1450 2912 redierunt,
1482 2847 1582 2900 sed
1608 2851 1867 2916 agrestes
1895 2849 2207 2901 evaserunt
2234 2851 2407 2916 atque
2439 2846 2674 2912 deserti,
2726 2862 2841 2900 non
2874 2846 3234 2917 applicantes
3266 2865 3327 2903 se
3358 2850 3429 2904 ad
3462 2850 3597 2917 Dei;

176 2956 413 3007 servos;
448 2937 547 2993 sed
582 2936 834 3008 separati
866 2936 937 2990 ab
968 2935 1073 3003 eis,
1108 2952 1210 3006 pro
1242 2951 1419 3005 parva
1448 2932 1839 2989 sollicitudine
1869 2934 2049 2988 vitam
2081 2950 2250 2988 suam
2283 2934 2631 2990 amiserunt.
2662 2934 2825 2989 Sicut
2853 2935 3010 2989 enim
3040 2936 3176 2991 vitis
3220 2936 3418 3009 aliqua
3442 2939 3605 2994 dere-

176 3028 318 3083 licta
340 3028 398 3081 in
435 3042 592 3097 sepe,
615 3025 706 3080 cui
752 3024 915 3079 nulla
944 3023 1171 3079 cultura
1200 3023 1505 3094 contingit,
1533 3023 1777 3094 disperit
1807 3039 1873 3077 ac
1900 3022 2222 3077 suffocatur
2251 3023 2322 3077 ab
2371 3022 2589 3089 herbis,
2640 3028 2697 3078 et
2753 3024 3001 3095 agrestis
3049 3028 3310 3097 tempore
3358 3027 3607 3082 efficitur

172 3116 416 3188 (desinit
443 3114 599 3170 enim
651 3113 812 3168 utilis
832 3129 960 3169 esse
992 3112 1230 3168 domino
1257 3114 1420 3183 suo):
1456 3113 1537 3167 sic
1568 3116 1624 3166 et
1654 3112 1993 3181 hujusmodi
2022 3111 2290 3167 homines
2330 3112 2398 3166 de
2434 3111 2642 3183 seipsis
2674 3112 3050 3184 desperantes
3090 3116 3222 3185 (79),
3254 3116 3604 3182 exacerbati,

170 3206 423 3261 Domino
455 3220 561 3258 suo
612 3202 847 3257 inutiles
879 3218 1007 3257 esse
1039 3206 1358 3273 cmperunt.
1392 3200 1493 3256 His
1524 3218 1658 3272 ergo
1699 3202 1937 3255 demum
1968 3202 2140 3255 datur
2160 3202 2272 3271 (80)
2302 3200 2663 3271 pmnitentia,
2688 3202 2738 3256 si
2770 3219 2886 3257 non
2915 3218 2985 3257 ex
3013 3204 3348 3274 praecordiis
3381 3206 3607 3260 inventi

169 3295 398 3352 fuerint
426 3293 782 3363 denegasse:
808 3291 963 3362 quod
997 3290 1045 3346 si
1078 3291 1211 3362 quis
1251 3308 1319 3345 ex
1348 3290 1682 3363 preecordiis
1715 3290 1988 3345 inventus
2006 3290 2180 3345 fuerit
2203 3290 2544 3361 denegasse,
2595 3308 2668 3346 an
2698 3292 2811 3362 (81)
2867 3292 3049 3347 vitam
3109 3294 3345 3364 assequi
3401 3294 3606 3364 possit,

168 3386 405 3457 ignoro.
428 3382 676 3452 Ideoque
708 3380 859 3447 dico,
893 3383 959 3435 ut
988 3378 1047 3432 in
1078 3378 1172 3434 his
1198 3379 1426 3445 diebus,
1461 3378 1509 3433 si
1541 3377 1671 3449 quis
1700 3377 1951 3450 negavit,
1988 3379 2057 3433 ad
2096 3378 2208 3449 (82)
2265 3378 2664 3447 paenitentiam
2722 3384 3086 3449 revertatur;
3132 3396 3267 3436 nam
3321 3381 3445 3437 fieri
3493 3399 3611 3437 non

166 3475 371 3546 potest
402 3474 469 3525 ut
498 3485 653 3524 nunc
683 3467 997 3523 Dominum
1035 3483 1208 3522 suum
1232 3467 1366 3537 quis
1398 3467 1695 3538 abnegans
1724 3467 1836 3537 (83)
1868 3470 2070 3537 postea
2099 3466 2334 3536 assequi
2382 3468 2566 3538 possit
2622 3467 2906 3535 salutem;
2966 3469 3065 3524 sed
3121 3468 3236 3524 illis
3297 3474 3613 3541 reputatur

168 3558 481 3634 proposita
508 3556 865 3629 pmnitentia,
895 3556 994 3627 qui
1026 3555 1165 3610 olim
1198 3556 1649 3627 abnegaverunt.
1683 3555 2019 3610 Accelerare
2050 3555 2206 3610 enim
2239 3556 2339 3627 qui
2374 3563 2614 3612 acturus
2644 3562 2733 3612 est
2762 3557 3170 3629 poenitentiam
3209 3559 3399 3627 debet,
3441 3564 3607 3616 ante-

166 3666 358 3722 quam
394 3651 707 3720 peragatur
735 3645 1044 3700 asdiﬁcatio
1070 3643 1255 3700 turris
1286 3644 1466 3715 hujus
1493 3662 1508 3713 ;
1541 3645 1632 3700 sin
1666 3644 1883 3711 minus,
1917 3662 1951 3699 a
1982 3644 2328 3701 mulieribus
2358 3645 2473 3701 illis
2503 3646 2768 3701 trahetur
2798 3647 2813 3716 (
2846 3647 2943 3716 84)
2973 3648 3044 3701 ad
3065 3652 3329 3703 mortem.
3356 3648 3609 3712 Quivero

161 3741 290 3811 (85)
319 3736 495 3803 curti,
530 3734 713 3791 dolosi
744 3738 905 3805 sunt,
938 3737 995 3789 et
1025 3732 1176 3790 alius
1204 3734 1264 3789 in
1291 3733 1472 3789 alium
1505 3733 2051 3801 comminiscentes;
2083 3734 2142 3789 hi
2173 3739 2313 3789 sunt
2342 3738 2640 3805 serpentes
2666 3735 2725 3788 in
2758 3752 2823 3790 eo
2847 3739 3045 3791 monte
3069 3737 3423 3793 misti.Sicut
3448 3738 3604 3794 enim

158 3827 546 3885 mortiferum
578 3829 667 3880 est
692 3823 1031 3879 hominibus
1062 3829 1401 3895 serpentum
1430 3839 1741 3890 venenum,
1775 3823 1857 3878 ita
1885 3828 1942 3878 et
1971 3824 2144 3878 verba
2164 3822 2371 3878 talium
2401 3822 2671 3878 inficiunt
2702 3823 2813 3894 (86)
2843 3822 3113 3880 homines
3134 3830 3308 3897 atque
3328 3827 3600 3897 perdunt.

156 3916 337 3973 Curti
399 3919 543 3972 sunt
600 3912 779 3985 igitur
809 3912 920 3980 (87)
951 3929 984 3967 a
1014 3912 1127 3967 ﬁde
1158 3929 1284 3979 sua,
1318 3916 1552 3983 propter
1580 3912 1688 3967 hoc
1718 3928 1904 3984 genus
1929 3912 2055 3967 vitae
2087 3929 2204 3967 sua;
2235 3911 2295 3965 in
2329 3928 2441 3983 quo
2473 3917 2779 3968 morantur
2808 3914 2938 3984 (88).
2985 3914 3179 3985 Aliqui
3208 3932 3340 3971 vero
3372 3932 3595 3983 eorum,

153 4010 417 4077 accepta
448 4002 804 4076 poenitentia,
833 4001 1085 4057 assecuti
1116 4004 1254 4057 sunt
1283 4002 1533 4057 salutem
1560 4020 1571 4068 ;
1607 4002 1707 4057 sed
1740 4007 1797 4056 et
1827 4002 2020 4057 caeteri
2050 4001 2392 4072 hujusmodi
2431 4001 2699 4057 homines
2739 4018 2898 4074 aeque
2944 4010 3350 4076 assequentur,
3384 4005 3434 4061 si
3464 4020 3597 4077 ege-

156 4098 295 4152 rint
325 4092 768 4167 paenitentiam:
811 4090 901 4147 sin
933 4090 1153 4161 minus,
1186 4090 1509 4147 morientur
1546 4108 1677 4146 cum
1710 4090 2057 4146 mulieribus
2116 4091 2229 4162 (89)
2285 4090 2420 4161 illis,
2471 4108 2721 4162 quarum
2779 4092 2896 4147 vim
2954 4093 3257 4164 possident
3312 4111 3377 4150 ac
3435 4100 3605 4167 pote-

157 4188 421 4241 etatem.

1424 4321 1663 4376 VARUE
1695 4320 2086 4377 LECTIONES
2116 4320 2205 4375 ET
2233 4320 2460 4376 NOT/E.

239 4468 374 4539 (6A)
414 4467 616 4523 Lamb.
652 4464 1001 4539 hujusmodi.
1048 4536 1094 4539 μ
1242 4537 1249 4539 _
1428 4535 1437 4539 _
1479 4535 1515 4539 __
2030 4462 2139 4539 (78)
2174 4462 2364 4539 Lamb.
2390 4463 2628 4539 desunt,
2670 4464 2781 4519 ii...
2812 4481 2928 4519 nec.

267 4468 345 4522 64
414 4468 616 4523 Lamb.
652 4468 989 4520 huiusmodi.
2030 4468 2139 4533 (78)
2174 4468 2364 4517 Lamb.
2400 4468 2628 4527 desunt,
2670 4468 2755 4519 ii..

266 4468 376 4611 esi
412 4539 553 4593 Mss.
586 4483 759 4611 Angf.
792 4536 1115 4611 remediabit
1132 4537 1349 4611 Δρνίονα
1404 4535 1600 4611 delicta
1639 4544 1844 4611 vestra.
2168 4533 2337 4611 _Bodl.
2365 4534 2766 4611 despondentes.

156 4605 392 4669 Fellus
427 4615 622 4666 autem
656 4605 712 4664 in
766 4624 875 4664 sua
930 4607 1066 4663 edit.
1124 4606 1304 4662 Oxon.
1358 4606 1599 4662 remedia
1651 4609 1845 4678 provi-
2015 4605 2144 4678 (80)
2168 4605 2251 4659 Ita
2282 4621 2425 4660 mss.
2453 4606 2619 4675 Angl.
2651 4612 2707 4661 et
2736 4607 2886 4662 Vict.
2914 4608 2998 4663 Ita
3028 4611 3085 4663 et
3112 4608 3405 4665 Felliedit.
3426 4611 3609 4667 Oxon.

151 4684 353 4740 debit.
1651 4676 1665 4678 ⁷
1959 4676 2028 4730 ΑΙ
2063 4676 2461 4732 demandatur.

242 4755 376 4825 (66)
410 4750 755 4825 Mss._Angl.
790 4749 1174 4825 accrescebant:
1964 4819 2002 4825 _
2031 4748 2144 4825 (8t)
2178 4748 2269 4825 Sic
2302 4765 2446 4825 mss.
2481 4749 2853 4825 Angl.,_Vict.
2876 4754 2965 4825 et,
2993 4752 3181 4806 Carm.
3236 4752 3329 4806 Sic
3388 4768 3615 4822 quoque

241 4818 385 4892 (67')
417 4823 623 4879 Lamb.
658 4818 909 4877 o'mnibus
958 4821 1268 4877 homnibus.
1964 4818 2103 4893 Felli
2138 4819 2493 4893 edit._()xon_.
2547 4818 2634 4893 ᾹΙ.
2670 4822 2883 4875 inventi
2936 4824 3150 4892 fuerint
3201 4818 3459 4893 negasse:
3520 4818 3615 4890 an,

268 4890 380 4967 68)
419 4895 621 4950 Lamb.
658 4898 916 4965 tempore.
1964 4890 2328 4967 intermediis
2362 4891 2637 4967 omissis:
2678 4910 2803 4967 quin
2836 4890 2977 4948 sane
2999 4890 3301 4967 contextus
3353 4896 3618 4965 requirit,

270 4961 383 5036 69)
420 4967 623 5021 Lamb.
654 4961 841 5036 genus.
1129 5035 1132 5036 ν
1224 5033 1258 5036 Δ
1324 5034 1335 5036 8
1407 5035 1414 5036 7
1522 5033 1531 5036 _
1563 5034 1569 5036 _
1963 4961 2351 5036 videnturque
2381 4964 2451 5017 ob
2486 4961 2798 5019 nonnullas
2830 4966 3103 5036 repetitas
3134 4961 3617 5021 vocesexci'disseL

243 4970 356 5039 (69
420 4970 623 5021 Lamb.
654 4981 841 5036 genus.
1963 4970 2351 5032 videnturque
2381 4970 2451 5017 ob
2486 4970 2798 5019 nonnullas
2830 4970 3103 5036 repetitas
3134 4970 3617 5021 vocesexcidisse.

421 5038 620 5092 Lamb.
656 5038 835 5119 deest.
870 5036 1087 5119 (litavit.
1122 5033 1283 5115 del.
1316 5033 1592 5119 Itabintabit
1617 5050 1627 5087 :
1657 5050 1854 5119 Aquam
2007 5033 2147 5119 .(8‘2)
2192 5034 2387 5119 Lamb.
2444 5037 2741 5119 insatiatus
2781 5038 2982 5107 aliquis
3029 5036 3099 5091 ad
3147 5040 3342 5109 punit.
3405 5037 3617 5104 Fellus,

148 5105 519 5169 lectionem
552 5113 792 5164 secutus
821 5112 909 5163 est
939 5105 1132 5162 Fellus
1165 5105 1223 5159 in
1282 5106 1417 5160 edit.
1435 5108 1609 5160 Oxon.
1642 5107 1711 5159 At
1743 5121 1854 5160 ms.
1966 5106 2015 5160 si
2045 5105 2164 5175 quis
2188 5105 2491 5174 denegavit.

156 5184 345 5241 Vict.
378 5181 688 5252 deputavit.
931 5249 941 5252 _
2043 5177 2153 5248 (83)
2187 5176 2389 5232 Lamb.
2419 5178 2657 5233 Ecclesia
2681 5180 2973 5250 abnegans.
3026 5178 3241 5249 Fellus,
3276 5183 3325 5235 si
3371 5181 3491 5251 quis
3521 5180 3622 5235 ab-

271 5255 388 5318 71)
424 5249 630 5308 Lamb.
661 5251 824 5305 deest
851 5249 1017 5304 enim.
1973 5264 2204 5318 negans.

271 5256 354 5308 71
424 5255 630 5308 Lamb.
661 5255 824 5305 deest
851 5255 1017 5304 enim.
1973 5264 2204 5318 negans.

268 5255 388 5396 72l
426 5324 618 5379 Lamb.
651 5321 963 5396 exquibus.
1072 5392 1082 5396 _
2047 5320 2159 5396 (8:1)
2191 5318 2395 5396 Lamb.
2427 5318 2695 5396 tradetur.

274 5389 393 5463 73')
421 5396 560 5451 Mss.
594 5389 770 5463 Angli
790 5393 954 5448 deest
981 5392 1101 5462 qui.
2049 5392 2161 5462 (85)
2192 5390 2395 5463 Lamb.
2431 5389 2491 5463 lii
2510 5406 2654 5445 vero.

276 5461 397 5535 74)
432 5466 629 5521 Lamb.
665 5461 877 5520 desunt
902 5461 1180 5535 dignitate
1200 5468 1267 5516 et.
2047 5463 2161 5535 (86)
2194 5462 2389 5535 Lamb.
2422 5461 2721 5535 decipiunt.

279 5532 400 5606 75)
434 5537 596 5593 Bodl.
628 5532 1257 5608 serpentibus'habitato.
2051 5532 2163 5608 (87)
2199 5534 2394 5608 Lamb.
2430 5534 2596 5608 enim.

279 5605 397 5680 76)
422 5613 557 5664 Mss.
595 5605 769 5680 Angl.
803 5624 894 5680 qui
924 5615 996 5662 et.
1199 5678 1204 5680 _
1259 5677 1267 5680 Α
1394 5678 1400 5680 ἓ
1605 5675 1617 5680 _
2052 5605 2163 5680 (88)
2198 5605 2393 5660 Lamb.
2428 5606 2485 5657 in
2518 5618 2620 5673 quo
2653 5605 2987 5659 moriantur.
3016 5605 3179 5661 Bodl.
3211 5608 3270 5660 in
3302 5622 3405 5677 quo
3426 5614 3636 5668 morali

252 5675 403 5755 (77)
438 5680 641 5755 Lamb.
688 5675 987 5735 Ezbi’alios
1024 5677 1431 5755 ex_ministerio
1478 5675 1619 5750 quod
1647 5691 1870 5748 accepe—
1980 5679 2128 5755 sunt.

146 5745 361 5825 mist,
382 5745 723 5810 'ministrare
750 5758 996 5820 cogentes
1019 5768 1037 5805 :
1070 5751 1140 5806 si.
1484 5745 1502 5750 ⁷
1767 5745 1784 5748 ’
2060 5745 2171 5821 (89)
2204 5746 2398 5805 Lamb.
2429 5762 2463 5803 a
2482 5746 2825 5803 mulieribus.

506 5880 772 5944 Panos.
820 5878 931 5943 Gs.
978 5876 1058 5939 ll.
3272 5878 3353 5943 32
