2007 3113
218 171 297 203 1003
967 165 999 195 S.

1127 164 1174 195 UE
1842 163 1919 194 1004

939 244 1057 272 CAPUT
1075 244 1185 272 XXVII.

252 313 291 339 De
306 309 419 338 decimo
433 316 500 337 vero
514 308 624 341 monte,
639 306 669 334 in
682 314 739 342 quo
754 305 871 333 arbores
887 307 970 333 erant
983 307 1113 341 tegentes
1128 314 1250 341 pecora:
1266 306 1340 335 tales
1355 309 1424 335 sunt
1437 306 1488 342 qui
1503 305 1689 334 crediderunt
1717 304 1839 341 quidam
1859 304 1919 340 epi-

219 356 310 393 scOpi,
327 355 356 383 id
371 356 417 383 est
431 353 569 390 praesides
584 350 778 379 Ecciesiarum
795 351 861 386 (90).
878 350 934 377 Alii
945 358 1023 386 vero,
1040 350 1070 378 hi
1084 350 1195 386 lapides
1212 351 1261 387 qui
1277 360 1335 380 non
1351 352 1429 386 ﬁcto,
1444 351 1494 378 sed
1510 350 1599 378 alacri
1614 350 1670 385 (91)
1694 349 1792 377 animo
1805 357 1922 384 semper

218 401 249 429 in
265 401 368 429 domos
386 407 456 427 suas
466 406 564 426 servos
580 396 629 424 Dei
645 397 833 431 receperunt;
850 396 879 422 et
892 395 995 422 deinde
1010 395 1061 430 qui
1076 395 1215 431 praesides
1225 398 1294 424 sunt
1304 394 1599 431 ministeriorum.qui
1615 397 1643 422 et
1657 394 1758 430 inopes
1772 396 1801 421 et
1816 393 1922 422 viduas

218 447 405 482 protexerunt
420 443 486 480 (92),
502 444 530 470 et
544 443 655 470 castam
670 442 809 476 perpetuo
826 439 1074 467 conversationem
1089 440 1265 468 habuerunt.
1281 441 1355 477 Ergo
1370 440 1400 468 bi
1415 439 1704 468 hominesaDomino
1716 441 1921 475 proteguntur.

220 491 284 519 Haec
298 490 467 526 quicunque
482 487 593 524 egerint
608 486 674 522 (93);
691 484 824 513 honorati
840 486 910 512 sunt
924 485 1000 520 apud
1016 485 1190 513 Dominum:
1207 488 1236 514 et
1248 485 1325 514 inter
1339 485 1458 513 nuntios
1483 485 1565 512 locus
1584 492 1684 512 eorum
1711 486 1765 519 est,
1783 484 1806 512 si
1824 492 1922 520 perse—

215 535 378 565 veraverint
393 541 486 569 usque
501 533 531 560 in
547 529 831 560 consummationem
846 536 947 565 parere
962 529 1094 557 Domino.

915 600 1033 628 CAPUT
1048 601 1170 629 XXVIII.

251 669 289 694 De
301 664 456 693 undecimo
472 663 581 694 monte,
598 660 628 688 in
652 667 709 695 quo
720 658 926 687 erantarbores
932 658 997 687 aliis
1004 661 1091 695 atque
1103 659 1169 687 aliis
1178 659 1320 687 fructibus
1327 662 1453 687 oneratae
1464 660 1520 695 (94)
1534 668 1540 687 :
1553 659 1583 687 hi
1593 659 1718 695 suntqui
1731 660 1921 688 crediderunt

214 713 243 740 et
256 712 374 748 propter
401 715 508 736 nomen
523 704 639 734 Domini
655 700 779 731 mortem
795 703 942 737 obierunt,
958 705 987 731 et
1002 703 1099 731 animo
1122 706 1256 741 prompto
1272 704 1352 740 passi
1367 706 1446 738 sunt,
1463 707 1492 732 et
1507 713 1541 732 ex
1556 706 1616 732 toto
1630 704 1716 732 corde
1732 713 1785 732 suo
1801 705 1921 733 animas

213 764 283 785 suas
297 754 482 783 tradiderunt
495 751 530 779 Et
543 749 620 778 dixi:
637 749 730 781 Quare
745 756 823 784 ergo,
840 748 968 783 domine,
985 756 1087 776 omnes
1103 748 1145 776 has
1169 749 1288 777 arbores
1302 749 1411 777 habent
1440 749 1559 785 quidem
1574 749 1698 782 fructus,
1727 750 1779 777 sed
1815 758 1921 778 eorum

213 801 333 838 quidam
361 795 565 835 pulchriores?
578 794 664 828 Audi,
685 793 802 838 inquit;
817 792 988 828 Quicunque
996 795 1113 838 propter
1128 801 1234 822 nomen
1251 793 1367 822 Domini
1383 793 1462 829 passi
1478 795 1557 827 sunt,
1574 793 1707 821 honorati
1725 794 1805 830 apud
1823 794 1921 822 Domi-

212 853 284 873 num
294 844 440 872 habentur
450 843 488 869 :et
502 839 634 868 omnium
644 846 745 866 eorum
760 837 854 865 deleta
868 837 924 873 (95)
939 839 1009 865 sunt
1023 837 1138 874 delicta,
1152 838 1221 874 quia
1236 840 1354 874 propter
1368 845 1474 866 nomen
1491 838 1556 865 Filii
1567 838 1615 866 Dei
1628 840 1750 866 mortem
1766 839 1917 867 obierunt.

212 891 307 923 Quare
334 890 432 916 autem
447 886 560 913 fructus
583 891 684 911 earum
699 883 831 918 dispares
847 881 917 916 sint,
933 883 962 909 et
976 881 1119 910 excellant
1134 882 1255 917 quidam
1275 882 1352 910 inter
1365 882 1443 916 illos,
1471 882 1540 909 audi
1555 882 1630 917 (96):
1648 882 1825 919 Quicunque
1841 884 1920 911 enim

211 933 343 971 perducti
358 932 394 960 ad
409 931 577 967 potestates,
591 927 760 963 interrogati
776 935 834 954 non
850 928 1028 962 negaverunt
1042 926 1199 954 Dominum
1215 927 1281 962 (97),
1293 927 1343 955 sed
1359 929 1493 962 prompto
1510 926 1607 954 animo
1623 927 1701 962 passi
1715 930 1805 955 sunt:
1825 928 1919 956 hono—

210 978 330 1007 ratiores
350 978 420 1005 sunt
434 975 511 1011 apud
526 976 634 1001 Deum:
651 972 702 1008 qui
717 970 960 1007 excelluntigitur
976 971 1100 1004 fructus,
1116 980 1216 999 eorum
1233 974 1311 999 sunt.
1326 972 1380 1004 Qui
1396 980 1462 999 vero
1478 971 1574 999 timidi
1590 974 1619 998 et
1640 971 1721 999 dubii
1738 973 1876 1007 fuerunt,
1894 978 1920 1001 et

210 1022 443 1052 deliberaverunt
455 1019 486 1047 in
501 1018 587 1047 corde
600 1025 663 1052 suo,
679 1019 815 1044 utrumne
830 1016 989 1043 faterentur
1002 1024 1039 1043 an
1055 1018 1205 1052 negarent,
1221 1018 1248 1043 et
1263 1016 1317 1052 (98)
1329 1016 1407 1052 passi
1423 1018 1510 1050 sunt;
1526 1015 1631 1044 horum
1655 1016 1769 1044 fructus
1784 1018 1920 1054 exiguio-

210 1076 257 1096 res
272 1069 351 1101 sunt,
367 1064 506 1102 quoniam
521 1063 581 1090 haec
596 1061 732 1097 cogitatio
745 1060 877 1088 ascendit
891 1059 921 1086 in
937 1060 1025 1087 corda
1039 1068 1139 1088 eorum
1152 1069 1158 1088 :
1175 1060 1252 1088 mala
1266 1060 1344 1088 enim
1360 1069 1393 1088 ac
1408 1069 1535 1096 nequam
1552 1063 1596 1088 est
1611 1060 1782 1096 hujusmodi
1800 1063 1919 1098 cogita-

209 1112 261 1148 tio,
277 1110 398 1148 perinde
412 1109 469 1144 (99)
484 1116 517 1135 ac
532 1107 557 1135 si
568 1106 634 1142 quis
659 1113 759 1133 servus
775 1106 860 1140 neget
875 1104 1038 1132 dominum.
1054 1104 1157 1132 Cavete
1172 1104 1271 1141 igitur,
1287 1113 1338 1132 vos
1350 1104 1400 1140 qui
1411 1104 1581 1140 hujusmodi
1591 1105 1783 1140 cogitationes
1795 1106 1916 1135 habetis

209 1165 246 1185 ne
260 1155 428 1193 permaneat
454 1152 515 1180 haec
548 1160 631 1179 mens
658 1150 688 1177 in
716 1149 797 1177 vobis
812 1149 896 1184 (100),
913 1151 941 1176 et
957 1149 1015 1176 Deo
1031 1149 1210 1177 moriemini.
1223 1149 1281 1177 Vos
1297 1149 1387 1185 igitur
1402 1149 1570 1185 quicunque
1586 1151 1704 1185 propter
1718 1150 1773 1178 hoc
1805 1160 1916 1180 nomen

209 1203 335 1230 mortem
350 1198 447 1230 obitis,
465 1196 619 1224 Dominum
634 1195 776 1222 honorare
790 1193 827 1229 (1)
840 1193 969 1227 debetis;
984 1194 1061 1229 quod
1090 1193 1194 1230 dignos
1209 1202 1259 1221 vos
1273 1193 1359 1221 habet
1375 1194 1527 1229 Dominus,
1553 1196 1586 1221 ut
1606 1202 1711 1222 nomen
1728 1196 1794 1230 ejus
1816 1196 1916 1225 feratis

210 1248 239 1275 et
248 1244 470 1280 omniapeccata
479 1242 576 1268 vestra
591 1239 773 1267 redimantur
788 1238 836 1274 (2).
853 1237 954 1266 Nonne
968 1246 1035 1273 ergo
1051 1246 1103 1266 vos
1116 1238 1211 1274 potius
1218 1237 1518 1266 felicesexistimatis?
1528 1240 1633 1266 Putate
1642 1238 1679 1274 (3)
1687 1239 1797 1275 potius,
1812 1240 1841 1268 Si
1853 1242 1916 1277 quis

209 1299 245 1319 ex
263 1289 344 1318 vobis
358 1287 621 1324 patitur,magnum
636 1292 709 1320 opus
724 1283 873 1319 perficere.
888 1282 985 1310 Vitam
1000 1282 1079 1310 enim
1093 1283 1176 1310 vobis
1191 1283 1280 1311 donat
1297 1283 1447 1315 Dominus,
1464 1290 1516 1310 nec
1531 1282 1830 1319 intelligitis.l)elicta
1838 1287 1915 1314 enim

208 1336 306 1363 vestra
323 1341 375 1361 vos
390 1331 567 1368 gravabant;
583 1331 612 1357 et
626 1328 682 1356 nisi
698 1327 777 1363 passi
792 1326 895 1355 essetis
910 1327 999 1362 hujus
1015 1326 1142 1355 nominis
1158 1329 1260 1355 causat
1275 1329 1391 1363 propter
1419 1329 1536 1363 peccata
1550 1329 1626 1354 certe
1646 1328 1683 1362 (4)
1699 1330 1799 1356 vestra
1819 1334 1916 1358 mortu

209 1378 298 1408 eratis
314 1378 380 1406 Deo.
396 1378 463 1403 Haec
476 1374 567 1411 igitur
579 1373 662 1401 vobis
677 1372 751 1405 dico,
768 1371 935 1407 quicunque
950 1370 1115 1399 deliberatis
1131 1371 1165 1399 de
1181 1371 1362 1399 confessione
1377 1374 1427 1398 aut
1442 1371 1477 1398 de
1493 1371 1692 1406 abnegatione.
1705 1372 1917 1402 Conﬁteamini

208 1424 299 1460 igitur
311 1430 363 1450 vos
377 1421 484 1448 habere
499 1418 656 1446 Dominum
672 1419 774 1450 Deum,
788 1424 824 1443 ne
839 1416 911 1443 forte
925 1416 964 1451 (5)
980 1417 1130 1452 negantes,
1146 1415 1303 1443 tradamini
1317 1415 1347 1443 in
1372 1415 1498 1443 vincula.
1529 1415 1559 1443 Si
1586 1423 1687 1443 omnes
1717 1416 1799 1445 enim
1831 1422 1918 1455 gente

208 1475 307 1497 servos
322 1473 391 1494 suos
402 1463 539 1501 puniunt,
552 1462 720 1498 quicunque
734 1460 887 1488 dominum
899 1468 986 1488 suum
1000 1462 1196 1496 negaverunt;
1214 1460 1284 1496 quid
1300 1460 1408 1496 putatis
1424 1468 1476 1487 vos
1496 1460 1652 1488 Dominum
1665 1461 1747 1489 vobis
1765 1462 1918 1491 facturum

208 1512 259 1549 qui
274 1510 478 1539 universorum
501 1507 590 1535 habet
613 1506 798 1542 potestatem.
820 1504 974 1532 Removete
996 1503 1087 1540 igitur
1101 1504 1136 1531 de
1155 1503 1322 1539 przecordiis
1336 1504 1442 1533 vestris
1458 1504 1511 1532 has
1537 1504 1751 1540 disputationes
1767 1507 1820 1542 (6),
1840 1511 1872 1536 nt
1888 1509 1915 1536 in

207 1557 382 1593 perpetuum
395 1552 500 1581 vivatis
515 1551 585 1579 Deo.

970 1606 1086 1635 CAPUT
1100 1606 1193 1635 XXIX.

241 1673 282 1702 De
295 1670 468 1700 duodecimo
482 1676 549 1697 vero
563 1668 663 1695 monte
678 1665 800 1694 candido
816 1665 854 1701 (7)
867 1674 873 1693 :
890 1664 962 1693 tales
977 1666 1048 1693 sunt
1062 1665 1112 1701 qui
1140 1665 1326 1693 crediderunt
1340 1665 1417 1693 sicut
1431 1665 1557 1693 infantes
1572 1666 1689 1700 sinceri,
1701 1667 1814 1703 quibus
1831 1670 1920 1698 nulla

205 1716 317 1746 malitia
329 1713 462 1744 ascendit
474 1713 505 1741 in
520 1719 652 1744 sensum,
668 1718 720 1738 nec
735 1709 883 1738 sciverunt
897 1709 968 1745 quid
984 1709 1023 1737 sit
1037 1709 1158 1745 malitia,
1175 1710 1226 1738 sed
1242 1718 1357 1746 semper
1372 1710 1402 1737 in
1417 1710 1584 1738 sinceritate
1598 1714 1784 1740 manserunt.
1797 1714 1918 1749 Hujus-

205 1761 285 1790 modi
300 1767 368 1796 ergo
382 1758 515 1787 homines
530 1757 569 1792 (8)
585 1755 648 1783 sine
664 1754 724 1782 ulla
735 1753 917 1782 dubitatione
947 1753 1153 1781 inhabitabunt
1180 1762 1304 1790 regnum
1328 1754 1378 1782 Dei
1409 1754 1445 1791 (9)
1458 1764 1465 1782 :
1493 1755 1630 1790 quoniam
1647 1756 1677 1783 in
1693 1756 1776 1784 nullo
1791 1760 1920 1794 negotio

206 1806 344 1835 mandata
354 1803 403 1831 Dei
418 1801 638 1831 maculaverunt
652 1799 717 1836 (40),
734 1799 785 1827 sed
801 1807 869 1826 cum
884 1798 1049 1826 sinceritate
1069 1801 1294 1834 permanserunt
1307 1807 1409 1827 omnes
1425 1799 1487 1827 dies
1512 1799 1577 1827 vita:
1593 1808 1662 1834 sua,
1680 1801 1784 1829 eodem
1801 1810 1918 1832 sensus

203 1849 561 1884 tenore".Quicunqueergo
568 1842 1181 1882 permanserint(11),inquit,sicutinfantes,
1192 1851 1249 1871 non
1264 1843 1404 1871 habentes
1420 1843 1573 1879 malitiam,
1594 1843 1797 1873 honoratiores
1824 1851 1920 1876 erunt

203 1896 342 1925 omnibus
355 1894 415 1922 illis
431 1900 504 1929 quos
517 1892 579 1927 jam
594 1890 664 1918 dixi.
682 1890 790 1917 Omnes
805 1889 883 1917 enim
899 1889 1028 1917 infantes
1043 1888 1174 1917 honorati
1190 1890 1261 1917 sunt
1273 1889 1350 1924 apud
1366 1888 1533 1925 Dominum,
1550 1891 1578 1917 et
1592 1890 1680 1925 primi
1696 1890 1860 1920 habentur.
1869 1893 1893 1920 F
1893 1902 1921 1921 e-

202 1941 273 1969 lices
288 1948 356 1976 ergo
369 1947 432 1972 vos,
448 1937 615 1974 quicunque
629 1933 809 1963 removeritis
822 1932 963 1961 malitiam
981 1941 998 1960 a
1011 1933 1103 1967 vobis,
1121 1934 1150 1960 et
1164 1932 1318 1960 indueritis
1333 1933 1529 1961 innocentiam
1544 1942 1551 1967 ;
1568 1934 1637 1969 quia
1652 1934 1740 1970 primi
1754 1935 1816 1972 (12)
1834 1938 1918 1965 vide-

200 1985 270 2014 bitis
287 1987 389 2012 Deum.
405 1983 563 2017 Postquam
579 1979 671 2007 ﬁnivit
684 1978 816 2007 omnium
833 1977 977 2005 montium
993 1977 1225 2014 explanationem
1241 1977 1307 2013 (l3),
1325 1977 1388 2005 dico
1403 1978 1447 2006 ei:
1468 1978 1600 2012 Domine,
1616 1987 1694 2006 nunc
1707 1987 1825 2015 expone
1842 1982 1920 2009 mihi

199 2030 235 2057 de
251 2028 398 2065 lapidibus
413 2026 460 2054 his
475 2026 525 2061 qui
540 2024 620 2053 allati
635 2031 670 2051 ex
684 2031 786 2059 campo
802 2023 831 2050 in
847 2022 944 2050 locum
960 2022 1181 2058 reprobatorum
1196 2022 1262 2058 (lli),
1279 2021 1315 2049 ad
1331 2024 1508 2050 structuram
1524 2022 1614 2050 turris
1628 2023 1711 2051 missi
1737 2027 1814 2052 sunt
1832 2026 1893 2061 (15}
1908 2036 1916 2056 :

198 2073 269 2101 item
284 2073 320 2101 de
335 2071 482 2108 lapidibus
497 2069 556 2098 illis
570 2068 767 2104 rotundis,qui
782 2067 812 2095 in
828 2068 1005 2095 structuram
1019 2066 1111 2095 turris
1126 2067 1231 2102 adjecti
1243 2068 1354 2100 sunt,et
1369 2067 1404 2094 de
1419 2066 1465 2095 his
1480 2066 1531 2103 qui
1545 2066 1642 2095 adhuc
1656 2068 1777 2096 rotundi
1792 2078 1921 2098 reman-

198 2119 310 2148 serunt.

785 2170 905 2198 VARIIE
925 2169 1118 2199 LECTIONES
1132 2169 1179 2197 ET
1194 2169 1312 2197 NOTIE.

235 2233 290 2270 (90)
310 2232 389 2261 Bodl.
418 2230 620 2270 episqopis,_id_
639 2232 679 2270 est
703 2228 867 2270 prasalibu:
884 2228 1022 2270 Ecclesia.
1079 2263 1098 2270 η
1113 2227 1151 2270 (2)
1166 2227 1221 2270 Ms.
1237 2227 1311 2254 Vict.
1328 2227 1523 2270 remedientar.
1540 2229 1578 2255 At
1590 2227 1685 2270 Carm.
1704 2229 1917 2270 ‘rtdinlqll_u{_

200 2263 303 2298 Lamb.
317 2263 439 2305 quoque
448 2263 545 2301 habet,
553 2263 710 2294 Ἐεειεδὶκξ
731 2267 843 2298 caetera,
861 2266 893 2291 ut
915 2264 944 2291 in
959 2264 1021 2291 vul-
1076 2263 1190 2305 ‘Habent
1206 2263 1522 2305 quoque-remediantur
1543 2263 1724 2305 mss:__Angl.
1750 2266 1839 2305 apud
1856 2267 1920 2295 Fel-

199 2306 285 2343 ἕψε.
303 2298 335 2343 -Ῐ
385 2298 403 2343 ’ν
457 2338 463 2343 ‘
573 2338 592 2343 Η
1075 2298 1262 2343 lugu-quam
1276 2298 1431 2341 lectionem
1447 2299 1576 2343 Olericus
1588 2298 1698 2335 aliique
1722 2298 1916 2331 omiserunt.

229 2342 290 2413 £91)
303 2340 373 2368 Mss.
390 2338 477 2402 Angl.
493 2338 601 2380 libenti.
626 2374 630 2378 _
685 2373 690 2378 .
870 2371 874 2376 .
1110 2335 1150 2406 (3;
1167 2335 1267 2362 Lamb.
1284 2337 1437 2362 Il’slmmlis.
1454 2335 1506 2362 Sed
1516 2337 1631 2370 portate.

239 2377 285 2412 92)
299 2378 369 2404 Mss.
383 2376 447 2411 Ang
462 2395 469 2402 .
493 2378 658 2407 mznuterio,
679 2379 774 2408 inopes
797 2375 823 2399 et
846 2370 944 2398 viduas
956 2378 1019 2406 por-
1164 2370 1262 2413 Lamb.
1279 2371 1368 2413 deest,
1385 2373 1464 2398 certe.
1485 2371 1579 2398 Pelius
1592 2379 1607 2413 ;¹
1625 2379 1631 2398 1

239 2370 287 2412 92)
299 2378 369 2404 Mss.
383 2370 469 2411 Angl.
493 2374 658 2407 ministerio,
679 2373 774 2408 inopes
797 2375 823 2399 ct
846 2370 944 2398 viduas
956 2378 1019 2406 por-
1164 2370 1262 2412 Lamb.
1279 2371 1368 2412 deest,
1385 2373 1464 2398 certe.
1485 2371 1579 2398 l~‘ellus
1592 2379 1607 2412 :_
1625 2372 1716 2399 vestra
1729 2376 1817 2401 certe.

195 2406 338 2440 reme/unt.
429 2406 446 2411 ν
651 2406 654 2407 ν
726 2406 734 2408 “
1109 2407 1147 2442 (5)
1166 2406 1266 2442 Lamb.
1285 2407 1447 2439 Dominum;
1466 2415 1498 2433 nc
1512 2407 1634 2442 quando.

230 2448 285 2482 (93)
300 2446 402 2475 Lamb.
417 2445 560 2482 gesserint.
578 2444 690 2472 Fellus:
707 2443 823 2478 egerint,
835 2442 1015 2470 honorantur.
1161 2441 1209 2482 _S_ic
1224 2444 1257 2482 et
1268 2442 1348 2482 Bodl.
1368 2442 1483 2482 At_l_?_elli
1503 2441 1572 2482 edit.
1588 2443 1679 2482 Oxon.
1695 2442 1908 2482 dubitationes.

240 2477 285 2518 94)
301 2482 371 2511 Mss.
386 2477 472 2518 Angl.
487 2481 590 2518 plenae.
724 2477 729 2478 ⁷
1159 2477 1333 2518 Mss.‘An_gll._
1345 2477 1491 2518 conditam.
1508 2478 1575 2514 Leg.
1592 2478 1668 2506 infra
1697 2486 1762 2514 cap.
1778 2479 1834 2507 31.

239 2512 285 2553 95)
301 2518 371 2546 Mss.
387 2512 474 2553 Angl.
487 2512 623 2553 abolita."
868 2548 887 2553 __
928 2549 953 2553 μ
1007 2550 1011 2553 Α
1106 2513 1144 2553 (ξ)
1160 2513 1262 2553 Lamb.
1280 2512 1313 2553 hi"
1324 2512 1455 2553 homines.

299 2554 400 2582 Lamb.
416 2548 481 2581 sint
495 2557 522 2580 et
532 2552 708 2580 excellunt...
732 2557 807 2578 nunc
821 2548 895 2577 audi.
926 2549 973 2576 Sic
987 2550 1016 2577 et
1104 2548 1143 2584 (9)
1158 2550 1226 2576 Mss.
1243 2548 1325 2584 Angl.
1342 2549 1505 2590 (labitabuni
1520 2550 1549 2576 in
1565 2557 1649 2585 regno
1661 2549 1723 2577 Dei.

192 2590 230 2619 Fe
242 2590 262 2617 II
277 2589 346 2618 edit.
361 2589 454 2618 Oxon.
1104 2585 1160 2620 (10)
1175 2584 1255 2612 Bodl.
1271 2585 1416 2612 Dominum
1431 2585 1650 2612 maculaverunt.

215 2593 262 2618 elli
277 2593 346 2618 edit.
361 2593 454 2618 Oxon.
1104 2593 1160 2618 (1U)
1175 2593 1255 2612 boni.
1271 2593 1416 2612 Hominum
1431 2593 1650 2612 macutaverunz.

225 2626 282 2656 (97)
294 2626 392 2654 Lamb.
410 2625 500 2652 deest.
518 2624 678 2652 Dominum.
1103 2620 1158 2656 (14)
1173 2622 1241 2648 Mss.
1258 2620 1342 2655 Angl.
1357 2622 1574 2654 permanseritis.
1588 2622 1624 2649 Et
1640 2628 1715 2652 mox.
1733 2621 1904 2651 honoratis.-

234 2662 279 2696 98)
295 2660 377 2689 Bodl.
394 2660 460 2689 add.
481 2664 582 2688 tamen.
597 2695 600 2696 ν
632 2693 637 2696 _
694 2693 719 2696 Μ
784 2694 788 2696 Α
921 2691 938 2696 Λ
1066 2657 1208 2696 reserilg's.
1225 2655 1335 2696 Quibus
1353 2657 1452 2696 statim
1468 2657 1534 2696 add.
1552 2657 1653 2696 Lamb.
1668 2657 1811 2696 sicutjam
1823 2658 1900 2687 diu.

234 2691 279 2731 99)
297 2697 394 2725 Lamb.
420 2696 512 2730 deest,
538 2693 661 2731 perinde.
691 2693 739 2721 Sic
764 2694 793 2720 et
820 2691 889 2719 edit.
919 2691 1009 2719 Oxon.
1101 2692 1156 2731 (lg)
1174 2692 1546 2731 LumbquicunqucImpetis
1562 2691 1769 2731 ignqgentiam’:
1794 2696 1895 2729 prim;

1100 2728 1156 2762 (13)
1174 2729 1270 2754 Lamb.
1287 2729 1457 2755 solutionem.
1475 2728 1522 2756 Sic
1536 2731 1564 2756 et
1580 2728 1687 2756 Fellus.

186 2732 231 2760 Al.
250 2732 322 2760 mss.
335 2737 366 2760 ut
398 2732 454 2759 uis.
1100 2732 1156 2762 (13)
1174 2732 1270 2754 Lamb.
1287 2732 1457 2755 solutionem.
1475 2732 1522 2756 Sic
1536 2732 1564 2756 et
1580 2732 1687 2756 Fellus.

215 2768 295 2804 (100)
310 2740 409 2796 Lamg.
427 2768 543 2801 desunt,
560 2766 590 2793 in
604 2765 698 2795 vobis;
714 2766 741 2792 et
757 2765 823 2800 post
836 2763 1009 2797 moriamini,
1066 2799 1071 2804 Ι
1099 2763 1156 2797 (14)
1172 2764 1239 2804 belli
1256 2764 1325 2790 edit.
1340 2764 1418 2791 Oxon
1435 2764 1515 2792 allati
1527 2773 1565 2792 ea:
1574 2772 1678 2800 campo,
1701 2769 1726 2792 et
1756 2767 1888 2801 reproba-

187 2799 254 2832 add.
268 2799 325 2832 vos.
537 2799 540 2801 ⁷
759 2799 765 2800 ί
1061 2799 1153 2826 torum
1168 2799 1234 2827 loco.

222 2839 261 2879 (1)
274 2839 376 2868 Lamb.
391 2846 492 2872 orare;
506 2840 535 2867 et
548 2845 624 2871 mox,
640 2835 737 2864 habeat
1095 2834 1152 2872 (15)
1167 2834 1237 2864 Mss.
1253 2834 1336 2871 Angl.
1352 2835 1452 2865 ierunt.

1855 3032 2004 3092 11έᾴ
