4014 6226
207 419 346 480 1005

1287 416 1609 476 PASTOR.
1644 415 1898 476 —LIB.
1946 416 2052 475 ΙΙΙ.
2097 415 2332 478 SIMlL.
2377 418 2478 478 IX.

3426 424 3586 484 1006

1676 548 1904 604 CAPUT
1936 548 2098 602 XXX.

261 640 407 696 Audi
437 656 613 707 nunc,
645 639 856 711 inquit,
881 640 952 694 de
997 639 1313 710 lapidibus.
1339 638 1446 702 Qui
1479 635 1636 692 allati
1661 639 1770 708 (16)
1821 639 1891 693 de
1942 654 2147 709 campo
2178 639 2236 692 in
2261 643 2618 694 structuram
2649 639 2830 694 turris
2860 639 3033 711 positi
3063 645 3202 696 sunt
3226 658 3427 698 eorum
3459 644 3585 702 loco

199 730 290 801 qui
311 732 424 802 (17)
456 729 746 803 reprobati
775 733 961 795 erant,
993 729 1218 785 radices
1249 732 1387 784 sunt
1419 727 1576 782 illius
1608 727 1838 782 candidi
1861 728 2099 783 montis.
2133 732 2275 782 Cum
2307 729 2484 799 igitur
2511 728 2570 783 hi
2603 728 2704 799 qui
2735 728 2805 784 de
2834 727 2933 784 illo
2966 734 3163 786 monte
3194 733 3585 807 crediderunt,

197 820 324 876 facti
357 825 496 876 sunt
520 819 860 876 innocentes
888 845 902 887 ;
924 819 1107 890 jussit
1135 818 1421 873 Dominus
1442 817 1570 887 ejus
1601 817 1801 883 turris,
1826 834 1922 872 eos
1947 817 2046 890 qui
2078 819 2148 873 de
2177 819 2472 873 radicibus
2492 818 2708 874 montis
2737 822 2955 886 essent,
2987 818 3046 873 in
3080 824 3438 879 structuram
3468 824 3587 880 col-

197 907 387 965 locari.
419 908 706 964 Intellexit
734 907 844 979 (18)
876 907 1052 974 enim,
1087 906 1134 962 si
1167 907 1237 961 ad
1271 905 1710 961 aediﬁcationem
1741 905 1947 960 iissent
1976 906 2110 978 (19),
2143 906 2480 979 splendidos
2510 906 2645 962 illos
2694 923 3128 978 permansuros,
3163 925 3268 965 nec
3297 910 3488 967 ullum
3519 912 3592 968 de

197 997 301 1066 his,
338 997 592 1069 amplius
631 996 1058 1069 demigrandum
1092 996 1226 1065 (20).
1259 995 1419 1060 Quod
1455 993 1502 1049 si
1533 994 1614 1049 ita
1643 995 1752 1065 (21)
1783 995 1856 1050 de
1907 997 2130 1051 caeteris
2161 996 2459 1050 montibus
2491 994 2819 1066 adjecisset,
2851 1011 2965 1050 non
2998 1012 3234 1053 necesse
3287 998 3594 1057 habuisset

198 1104 397 1143 rursus
423 1086 660 1142 visitare
701 1102 827 1141 eam
858 1085 1069 1140 turrim
1100 1092 1272 1154 atque
1302 1099 1569 1155 purgare.
1603 1083 1671 1138 Hi
1694 1087 1887 1139 autem
1917 1101 2119 1140 omnes
2149 1085 2403 1150 candidi,
2431 1085 2675 1155 juvenes
2697 1085 2808 1155 (22)
2831 1087 2969 1139 sunt
2998 1085 3099 1156 qui
3130 1085 3521 1160 crediderunt,
3535 1092 3595 1144 et

199 1177 294 1249 qui
337 1175 613 1232 credituri
659 1178 794 1231 sunt
826 1199 839 1242 ;
870 1191 938 1229 ex
962 1174 1164 1229 eodem
1191 1172 1347 1227 enim
1378 1188 1585 1244 genere
1617 1178 1772 1227 sunt.
1807 1173 1960 1228 Felix
1991 1173 2099 1229 hoc
2116 1191 2321 1245 genus,
2355 1176 2493 1244 quia
2520 1175 2841 1229 innocuum
2871 1179 2976 1230 est.
3002 1175 3320 1232 Audinunc
3341 1181 3398 1232 et
3425 1178 3496 1233 de
3527 1176 3598 1232 il-

196 1266 266 1322 lis
285 1264 553 1322 rotundis
581 1263 876 1336 lapidibus
905 1267 961 1318 et
988 1261 1331 1334 splendidis.
1361 1261 1428 1315 Hi
1453 1279 1655 1318 omnes
1685 1263 1754 1317 de
1783 1262 1891 1318 hoc
1922 1263 2170 1319 candido
2201 1267 2397 1319 monte
2427 1267 2586 1319 sunt.
2620 1264 2810 1327 Quare
2838 1264 2949 1336 (23)
2980 1269 3175 1320 autem
3205 1267 3596 1323 rotundisunt

199 1355 422 1427 reperti,
445 1371 624 1410 causa
677 1358 765 1409 est
784 1353 924 1424 quia
951 1351 1160 1406 divitia:
1193 1368 1310 1406 sua:
1343 1350 1474 1405 illos
1531 1350 1813 1422 pusillum
1839 1369 1871 1406 a
1891 1352 2129 1408 veritate
2159 1353 2616 1409 obscuraverunt
2643 1357 2820 1424 atque
2875 1353 3327 1410 obfuscaverunt
3359 1373 3372 1424 ;
3427 1355 3528 1411 sed
3561 1372 3598 1413 a

201 1445 307 1500 Deo
337 1459 635 1513 nunquam
668 1447 1048 1510 recesserunt,
1074 1456 1180 1495 nec
1205 1438 1393 1494 ullum
1423 1441 1664 1494 verbum
1699 1440 1917 1495 malum
1942 1442 2225 1512 processit
2253 1445 2323 1498 de
2354 1459 2452 1498 ore
2482 1459 2714 1510 eorum;
2749 1443 2850 1497 sed
2881 1442 3074 1498 omnis
3114 1443 3377 1515 aquitas,
3409 1444 3594 1500 virtus

198 1538 250 1590 et
287 1534 497 1588 veritas
527 1531 661 1603 (2/1).
699 1532 915 1586 Horum
946 1545 1081 1601 ergo
1114 1534 1371 1584 mentem
1413 1546 1548 1584 cum
1608 1529 1849 1583 vidisset
1891 1531 2193 1600 Dominus,
2227 1535 2283 1586 et
2348 1547 2519 1603 posse
2565 1549 2663 1587 eos
2691 1531 2916 1587 veritati
2946 1533 3163 1601 favere;
3191 1533 3368 1603 jussit
3409 1534 3594 1591 bonos

195 1638 423 1694 quoque
451 1637 812 1693 permanere,
845 1623 901 1674 ct
931 1636 1068 1691 opes
1099 1635 1302 1674 corum
1333 1618 1669 1673 circumcidi
1695 1636 1707 1685 ;
1742 1636 1857 1674 non
1889 1619 2044 1674 enim
2076 1619 2257 1675 voluit
2285 1619 2343 1674 in
2374 1625 2561 1676 totum
2619 1619 2748 1675 illas
2779 1619 2904 1674 tolli
2935 1622 3070 1692 (25),
3094 1625 3159 1677 ut
3188 1627 3430 1695 possent
3457 1623 3595 1679 boni

193 1711 414 1785 aliquid
440 1711 629 1767 facere
657 1709 768 1782 (26)
799 1709 870 1764 de
899 1726 964 1764 eo
995 1709 1150 1781 quod
1181 1708 1265 1763 eis
1310 1706 1578 1763 relictum
1609 1712 1698 1763 est
1722 1733 1736 1776 ;
1759 1712 1817 1762 et
1845 1709 2038 1763 vivent
2068 1710 2178 1778 (27)
2210 1709 2348 1779 Deo,
2381 1709 2658 1781 quoniam
2689 1713 2744 1765 et
2772 1709 2883 1781 ipsi
2914 1710 2986 1766 de
3009 1727 3219 1783 genere
3249 1713 3400 1769 bono
3433 1715 3590 1770 sunt.

191 1801 324 1857 Ideo
364 1815 500 1873 ergo
524 1797 809 1872 pusillum
839 1797 1169 1854 circumcisi
1193 1800 1355 1864 sunt,
1379 1801 1432 1852 et
1458 1795 1633 1868 positi
1655 1795 1714 1851 in
1737 1801 2090 1853 structuram
2121 1798 2302 1855 turris
2330 1799 2528 1870 hujus.

1667 1913 1896 1970 CAPUT
1926 1913 2116 1969 XXXI.

260 2005 455 2062 Czeteri
491 2020 628 2061 vero
659 2005 761 2076 qui
791 2003 982 2059 adhuc
1026 2001 1262 2058 rotundi
1293 2006 1764 2074 permanserunt,
1798 2019 1986 2074 neque
2011 2002 2132 2074 apti
2163 2003 2377 2074 reperti
2408 2004 2519 2074 (28)
2551 2008 2690 2059 sunt
2722 2005 2780 2058 in
2840 2021 2970 2061 eam
3018 2009 3400 2074 structuram,
3459 2007 3601 2078 quia

189 2095 452 2150 nondum
498 2096 845 2164 acceperunt
875 2090 1152 2161 sigillum,
1187 2090 1429 2162 repositi
1461 2094 1599 2145 sunt
1625 2091 1681 2144 in
1713 2089 1838 2146 loco
1869 2108 1975 2146 suo
2008 2109 2022 2159 ;
2053 2090 2217 2146 valde
2248 2091 2401 2145 enim
2435 2092 2669 2146 rotundi
2699 2093 2908 2163 reperti
2941 2097 3103 2148 sunt.
3138 2096 3372 2165 Oportet
3400 2098 3597 2150 autem

191 2182 526 2240 circumcidi
566 2182 674 2238 hoc
697 2179 974 2237 sacculum
1008 2180 1079 2234 ab
1109 2178 1245 2249 illis,
1280 2187 1337 2234 et
1377 2180 1663 2234 vanitates
1694 2197 1871 2252 opum
1895 2197 2136 2236 suarum
2175 2199 2187 2248 ;
2221 2185 2276 2235 et
2304 2186 2442 2236 tunc
2472 2181 2815 2237 convenient
2845 2181 2905 2237 in
2963 2198 3141 2255 regno
3192 2183 3312 2239 Dei.
3352 2182 3598 2239 Necesse

191 2278 281 2329 est
299 2273 455 2328 enim
485 2288 584 2327 eos
616 2272 829 2326 intrare
866 2269 927 2323 in
958 2286 1205 2341 regnum
1238 2268 1334 2323 Dei
1364 2294 1378 2336 ;
1419 2268 1535 2326 hoc
1551 2269 1706 2324 enim
1739 2287 1922 2341 genus
1952 2272 2269 2325 innocuum
2301 2270 2593 2326 benedixit
2622 2271 2926 2326 Dominus.
2959 2272 3039 2326 Ex
3069 2271 3180 2326 hoc
3221 2287 3357 2344 ergo
3386 2287 3597 2344 genere

191 2379 309 2418 non
353 2361 662 2417 intercidet
693 2360 998 2432 quisquam
1023 2384 1037 2425 ;
1067 2358 1282 2414 etenim
1313 2357 1448 2414 licet
1478 2360 1614 2429 quis
1646 2375 1846 2415 eorum
1871 2364 2130 2415 tentatus
2160 2361 2568 2432 anequissimo
2600 2361 2850 2427 diabolo,
2874 2360 3094 2433 aliquid
3125 2359 3455 2433 deliquerit,
3483 2361 3596 2418 cito

186 2455 447 2507 recurret
477 2451 547 2505 ad
579 2449 893 2505 Dominum
925 2448 1107 2503 Deum
1134 2464 1329 2503 suum.
1363 2447 1579 2504 Felices
1599 2465 1699 2504 vos
1730 2449 1862 2522 (29)
1873 2450 2074 2519 judico
2105 2466 2207 2520 ego
2226 2450 2469 2505 nuntius
2491 2449 2858 2520 paenitentiae,
2892 2449 3229 2521 quicunque
3256 2448 3596 2506 innocentes

186 2540 332 2596 estis
370 2540 520 2595 sicut
549 2538 823 2604 infantes,
858 2536 1138 2609 quoniam
1170 2554 1305 2608 pars
1334 2542 1528 2592 vestra
1557 2538 1709 2594 bona
1738 2543 1825 2594 est
1855 2543 1913 2594 et
1945 2542 2227 2595 honorata
2253 2540 2405 2610 apud
2436 2539 2769 2594 Dominum.
2803 2538 2942 2595 Dico
2965 2542 3162 2594 autem
3201 2537 3476 2594 omnibus
3498 2555 3596 2594 vo-

185 2630 302 2699 bis,
336 2630 671 2701 quicunque
701 2626 959 2699 sigillum
991 2627 1101 2682 hoc
1133 2626 1477 2698 accepistis:
1512 2627 1949 2698 simplicitatem
1975 2629 2204 2696 habete,
2238 2645 2426 2701 neque
2457 2628 2811 2684 offensarum
2845 2643 3136 2684 memores
3176 2631 3380 2700 estote,
3411 2643 3594 2697 neque

184 2719 246 2773 in
272 2718 495 2774 malitia
517 2721 848 2790 permanete
871 2717 887 2789 (
911 2718 979 2771 30
1001 2716 1018 2788 )
1041 2736 1056 2785 ;
1077 2734 1264 2789 neque
1283 2716 1344 2770 in
1369 2716 1651 2772 memoria
1667 2719 2022 2774 offensarum
2047 2718 2467 2774 amaritudines
2488 2718 2547 2772 in
2562 2718 3028 2788 uniuscujusque
3046 2716 3258 2789 spiritu
3273 2717 3444 2788 ﬁant(
3457 2717 3522 2772 31
3540 2716 3592 2789 );

183 2808 289 2863 sed
319 2808 412 2863 his
470 2806 642 2863 malis
672 2806 944 2863 scissuris
973 2808 1084 2878 (32)
1125 2805 1385 2861 remedia
1430 2810 1761 2875 Procurate,
1797 2813 1976 2880 atque
2008 2807 2192 2863 tollite
2223 2806 2571 2862 illasavobis
2607 2823 2618 2860 :
2653 2811 2718 2860 ut
2737 2806 3012 2861 dominus
3042 2821 3316 2876 pecorum
3346 2805 3597 2876 gaudeat

180 2897 256 2952 de
285 2896 448 2951 vobis
497 2896 609 2967 (33)
643 2915 658 2962 ;
709 2896 986 2966 gaudebit
1015 2899 1233 2961 autem,
1267 2894 1315 2948 si
1349 2894 1546 2950 omnia
1600 2895 1886 2951 invenerit
1934 2914 2093 2951 sana.
2137 2897 2196 2951 Si
2228 2900 2420 2952 autem
2477 2912 2655 2967 pecus
2685 2894 2918 2966 aliquod
2950 2912 3019 2951 ex
3049 2894 3269 2950 talibus
3307 2893 3596 2950 invenerit

178 2985 534 3058 dissipatum
572 3011 587 3053 ;
617 3002 700 3039 vaa
730 2986 840 3040 erit
868 2984 1228 3055 pastoribus.
1271 2983 1431 3048 Quod
1468 2983 1517 3039 si
1540 2984 1653 3055 ipsi
1688 2990 1952 3056 pastores
1982 2983 2248 3055 dissipati
2280 2984 2516 3051 fuerint,
2548 2984 2690 3054 quid
2723 2983 3161 3055 respondebunt
3189 2982 3364 3038 etiam
3396 2983 3447 3038 ei
3479 2982 3594 3055 (34)

175 3091 288 3146 pro
335 3075 641 3146 pecoribus
664 3074 690 3128 ?
719 3074 993 3144 Nunquid
1024 3073 1237 3140 dicent,
1263 3089 1295 3126 τι
1323 3089 1529 3144 pecore
1561 3090 1622 3128 se
1654 3077 1882 3129 vexatos
1903 3073 1931 3128 ‘I
1959 3074 2073 3144 (35)
2103 3073 2228 3130 Non
2257 3074 2523 3128 credetur
2551 3072 2692 3128 illis.
2727 3071 3092 3128 Incredibilis
3123 3072 3280 3127 enim
3330 3088 3423 3128 res
3482 3075 3594 3141 est,

174 3168 480 3236 pastorem
512 3164 631 3236 pati
655 3179 824 3234 posse
854 3179 887 3218 a
915 3178 1120 3234 pecore
1155 3180 1169 3230 ;
1203 3167 1260 3217 et
1285 3162 1469 3233 magis
1500 3163 1742 3235 punitur
1772 3162 2133 3235 (36)propter
2154 3162 2525 3218 mendacium
2549 3178 2746 3218 suum.
2779 3163 2849 3217 Et
2879 3178 2983 3234 ego
2997 3178 3130 3217 sum
3145 3165 3346 3234 pastor
3369 3179 3381 3231 ;
3403 3164 3461 3217 et
3488 3177 3593 3217 va-

170 3253 470 3310 lidissime
499 3256 725 3325 oportet
754 3267 847 3307 me
875 3251 948 3307 de
965 3251 1126 3307 vobis
1157 3252 1443 3308 rationem
1476 3252 1734 3307 reddere.

1539 3371 1834 3423 ANTIocnus
1862 3367 2116 3435 homilia,
2147 3367 2236 3421 94.

251 3454 429 3511 Καλόν
459 3455 570 3510 ἐστι
598 3459 808 3530 κρατεῖν
859 3456 958 3524 τὴν
1013 3455 1296 3526 ἁπλότητα
1332 3454 1421 3509 καὶ
1450 3455 1547 3522 τήν
1581 3453 1822 3526 ἀκακίαν,

171 3547 270 3601 καὶ
307 3545 440 3600 εἶναι
473 3545 546 3607 ὠς
575 3546 642 3598 τὰ
687 3547 855 3616 νήπια
897 3545 964 3600 τὰ
1015 3547 1090 3618 μὴ
1140 3546 1471 3621 γινώσκοντα
1515 3545 1613 3612 τὴν
1656 3565 1826 3614 πονη-

167 3633 326 3708 ρίαν,
382 3634 481 3701 τὴν
540 3630 924 3688 ἀπολλύουσαν
977 3633 1077 3700 τὴν
1138 3634 1279 3700 ζωὴν
1333 3637 1438 3686 τῶν
1509 3632 1825 3706 ἀνθρώπων·

162 3723 267 3776 καὶ
304 3723 379 3793 μὴ
408 3722 541 3776 εἶναι
592 3722 982 3794 μνησικάκους,
1036 3724 1173 3796 μήτε
1222 3720 1568 3795 παρανόμους
1759 3724 1826 3794 τῇ

161 3811 360 3882 κακίᾳο
410 3810 536 3866 ἀλλ’
579 3810 865 3866 ἀποθέσθαι
916 3811 1011 3873 τὰς
1059 3809 1246 3872 κακίας
1289 3810 1503 3872 καὶτὰς
1534 3809 1828 3885 πονηρίας,

159 3899 265 3955 καὶ
328 3902 419 3961 τὰς
477 3900 694 3976 πικρίας
754 3900 848 3962 τὰς
903 3896 1269 3975 παρανόμους,
1323 3898 1412 3954 καὶ
1468 3900 1711 3974 γενέσθαι
1769 3898 1824 3953 ἓν

159 3993 413 4062 πνεῦμα,
445 3989 631 4043 καὶτὰ
682 3991 942 4064 σχήματα
1143 3989 1209 4043 τὰ
1254 3990 1471 4064 πονηρὰ
1515 3988 1823 4064 ἀνατρέψαι.

2005 3458 2218 3510 Bonum
2247 3464 2328 3510 est
2360 3454 2561 3510 habere
2588 3454 2999 3526 simplicitatem
3027 3459 3084 3511 et
3111 3453 3502 3521 innocentiam,
3534 3461 3589 3510 et

1939 3560 2050 3600 esse
2078 3546 2217 3600 sicut
2246 3546 2506 3615 infantes,
2536 3543 2631 3615 qui
2661 3544 2909 3599 nesciunt
2927 3543 3222 3611 malitiam,
3248 3557 3374 3615 quae
3410 3543 3586 3598 vitam

1938 3634 2220 3689 hominum
2245 3633 2468 3706 perdit;
2499 3649 2674 3703 neque
2692 3648 2806 3688 esse
2826 3633 3157 3704 offensarum
3174 3647 3462 3700 memores,
3493 3647 3588 3688 ne-

1939 3740 2042 3794 que
2071 3726 2131 3778 in
2159 3724 2379 3778 malitia
2404 3738 2727 3795 permanere
2755 3739 2776 3783 ,'
2806 3721 2900 3778 sed
2931 3737 3205 3778 removere
3231 3721 3480 3777 malitias
3533 3722 3586 3777 et

1937 3814 2332 3882 malignitates,
2365 3816 2415 3868 et
2439 3812 2834 3867 amaritudine:
2860 3813 3253 3882 permanentes
3274 3827 3295 3873 ;
3344 3815 3398 3866 et
3451 3808 3590 3880 ﬁeri

1939 3903 2421 3973 unumspiritum;
2475 3907 2530 3956 et
2557 3902 2740 3958 malas
2788 3902 3062 3958 seissuras
3092 3899 3287 3957 tollere
3315 3915 3388 3956 ac
3433 3914 3587 3956 ever-

1939 3998 2073 4046 tere.

1506 4107 1863 4173 ANTIOCIIUS,
1894 4107 2126 4162 homilia
2156 4109 2277 4162 122.

242 4206 360 4256 Ἵνα
417 4201 542 4256 ὅταν
603 4201 731 4277 ἔλθῃ
783 4205 811 4258 ὁ
866 4202 1052 4279 κύριος
1119 4207 1227 4257 τῶν
1304 4197 1620 4278 προϐάτων,
1678 4207 1826 4279 χαρῇ

2016 4209 2078 4262 Ut
2133 4223 2260 4262 cum
2333 4209 2539 4262 venerit
2591 4206 2844 4262 dominus
2897 4221 3154 4276 pecorum
3176 4245 3191 4272 ,
3247 4203 3483 4275 gaudeat
3533 4202 3598 4258 de

1352 4331 1598 4386 VARI/13
1637 4331 2020 4389 LECTIONES
2068 4332 2160 4386 ET
2215 4331 2444 4387 NOT/E.

241 4444 363 4516 (16)
394 4444 530 4518 Mss.
590 4445 757 4517 Angl.
811 4445 1200 4518 ejecti.Editio
1259 4444 1400 4502 Felli
1457 4446 1637 4502 Oxon.
1670 4447 1826 4503 hunc

150 4517 375 4573 locum
424 4517 504 4572 ita
547 4517 776 4572 exhibet
803 4517 841 4572 ;⁷
869 4523 953 4572 De
970 4519 1055 4572 his
1113 4518 1397 4589 lapidibus
1426 4521 1524 4587 qui
1560 4518 1723 4573 allati
1777 4520 1840 4574 de

154 4603 374 4662 campo
407 4590 468 4662 in
490 4591 818 4644 structuram
834 4591 1008 4645 turris
1020 4591 1191 4662 positi
1218 4598 1348 4644 sunt
1378 4605 1567 4644 eorum
1597 4590 1709 4646 loco
1747 4592 1843 4661 qui

169 4659 470 4732 reprobati
497 4665 674 4732 erant,
706 4665 813 4716 etc.

256 4732 380 4804 (17)
414 4732 615 4804 Lamb.
648 4733 714 4787 de
743 4732 828 4787 his
859 4734 972 4802 qui.

256 4803 381 4931 (18)
413 4803 908 4887 Lamb._inlellexi.

291 4874 381 4931 19)
412 4873 604 4930 Fellus
625 4881 705 4930 ita
736 4892 793 4930 1n
825 4892 908 4930 su:

291 4874 381 4949 _19)
412 4873 604 4949 Fellus
625 4875 705 4930 ita
736 4877 793 4930 in
825 4891 933 4930 sua.
969 4877 1104 4931 edit.
1163 4880 1341 4932 Oxon.
1372 4878 1420 4930 si
1449 4878 1505 4931 in
1540 4874 1641 4949 illa
1669 4879 1842 4949 aelidi-

167 4946 409 5027 catione
434 4947 592 5000 missi
619 4956 794 5002 essent
820 4964 840 5008 ;
871 4951 1234 5020 testaturque
1254 4965 1398 5004 mss.
1417 4945 1586 5020 Angl.
1621 4945 1842 5018 deesse,

165 5032 375 5072 1711581.

257 5089 384 5158 (20)
421 5087 624 5143 Lamb.
656 5088 719 5144 de
749 5089 834 5144 his
862 5092 1293 5159 nigricaturum.

259 5161 384 5231 (21)
417 5159 617 5214 Lamb.
649 5161 866 5217 omisso
908 5165 1007 5231 ita,
1057 5167 1187 5235 post
1215 5163 1497 5235 adjecisset
1546 5167 1677 5221 add.
1716 5167 1847 5221 tan-

159 5239 335 5288 tum.

263 4935 273 4944 ι

263 5301 387 5384 (22)
418 5301 508 5384 Sic
541 5302 740 5358 Lamb.
774 5303 868 5360 Sic
897 5309 954 5360 et
983 5306 1120 5362 edit.
1148 5305 1435 5362 Oxon.Al.
1467 5308 1692 5364 candidi
1723 5313 1851 5364 sunt

170 5375 424 5430 omisso
455 5375 691 5431 iuvenes.

265 5445 389 5516 (23)
451 5445 646 5500 Lamb.

189 5532 381 5573 causa
407 5519 482 5571 est
513 5521 663 5588 quia.

271 5589 393 5727 (24)
415 5588 555 5644 Mss.
588 5590 756 5661 Angl.
788 5599 840 5646 et
866 5594 1038 5648 virtus
1066 5593 1334 5649 veritatis.

297 5660 371 5713 25
423 5660 620 5718 Lamb.
649 5679 761 5719 non
788 5665 939 5720 enim
965 5666 1027 5719 in
1079 5667 1252 5719 totum
1279 5681 1474 5722 eorum
1498 5667 1619 5722 tolli

297 5660 392 5722 25)
423 5660 620 5718 Lamb.
649 5660 761 5719 non
788 5665 939 5720 enim
965 5666 1027 5719 in
1079 5667 1252 5719 totum
1279 5681 1474 5722 eorum
1498 5667 1638 5722 tolli.

275 5731 394 5810 (26)
447 5731 636 5793 Fellus
680 5734 743 5794 in
799 5735 936 5795 edit.
968 5735 1133 5794 Oxon
1185 5739 1428 5811 operari.
1457 5737 1545 5797 Al.
1575 5741 1782 5820 facere.

492 5447 646 5522 amb.
705 5447 838 5503 audi
865 5456 1049 5505 autem
1077 5466 1268 5522 quare.
1300 5451 1370 5505 Et
1425 5467 1560 5506 mox
1614 5452 1849 5521 omittit,

2009 4447 2121 4519 (27)
2181 4451 2266 4502 Ita
2295 4464 2436 4503 mss.
2473 4447 2692 4514 Lamb.,
2725 4446 2938 4502 Victor.
2972 4450 3030 4501 et
3066 4445 3257 4501 Carm.
3310 4442 3482 4510 Editi,
3513 4443 3598 4496 vi-

1950 4536 2091 4574 vere.

2021 4591 2133 4665 (28)
2164 4591 2364 4665 Lamb.
2398 4591 2578 4665 deest.
2611 4591 2868 4665 reperiri.
2927 4663 2932 4665 _
2995 4659 3011 4665 _
3134 4657 3148 4665 _
3228 4655 3276 4665 Μ
3385 4659 3394 4665 _
3461 4652 3597 4665 nm

2023 4652 2136 4732 (29)
2163 4662 2253 4716 Sic
2285 4679 2427 4717 mss.
2460 4662 2627 4733 Vict.,
2661 4652 2852 4716 Carm.
2886 4663 2943 4714 et
2990 4657 3190 4713 Lamb.
3225 4655 3315 4712 Sic
3346 4659 3405 4710 et
3441 4652 3602 4733 .Ifelli

1953 4726 2093 4789 edit.
2119 4726 2310 4788 'Oxon.
2347 4733 2434 4787 Al.
2470 4726 2625 4788 vero:
2648 4750 2750 4804 pro
2780 4748 2872 4787 vos
2905 4736 3032 4800 Leg.
3050 4743 3247 4801 supra,
3282 4744 3403 4798 cap.
3438 4726 3527 4781 29.

2024 4806 2133 4876 (30)
2156 4806 2293 4859 Mss.
2327 4804 2488 4875 Angl.
2521 4804 2771 4872 habere,‘.
2793 4819 2961 4875 neque
2981 4804 3316 4874 oﬂensarum
3341 4813 3606 4854 memores

1954 4894 2086 4942 esse,
2117 4893 2288 4946 neque
2319 4879 2379 4931 in
2417 4877 2641 4931 malitia
2673 4879 2848 4932 vestra
2884 4889 3226 4945 permanere.

2028 4949 2138 5016 (31)
2170 4944 2306 5003 Mss.
2343 4949 2508 5009 Anul.
2565 4948 2707 5016 ﬁeri,
2739 4952 2791 5002 et
2821 4944 2919 5002 has
2946 4947 3126 5001 malas
3154 4944 3422 4999 scissura:
3473 4956 3601 5013 per—
3654 4953 3661 4961 '

1957 5020 2246 5088 medicare,
2277 5024 2328 5074 et
2349 5021 2542 5075 tollere
2571 5038 2608 5075 a
2637 5020 2804 5075 vobis.

2029 5091 2138 5166 (32)
2169 5083 2450 5157 scissuris,
2486 5092 2582 5166 Cr.
2642 5091 2922 5166 σχήματα.
2965 5090 3030 5144 In
3085 5103 3198 5144 uno
3255 5085 3384 5141 cod.
3435 5083 3606 5154 Regis

1958 5161 2401 5235 menbranaceo,
2434 5161 2729 5235 σχίσματα.
2757 5164 2888 5219 Cor.

2028 5234 2138 5301 (33)
2172 5234 2280 5288 Ms.
2313 5234 2505 5290 Carm.
2537 5235 2600 5290 de
2629 5235 2732 5290 his.

2165 5305 2373 5382 Lamb.
2404 5308 2636 5382 desunt,
2667 5307 2835 5382 etiam
2864 5305 2967 5382 ei._
3073 5373 3087 5382 _

2051 5308 2141 5375 34)
2173 5308 2373 5360 Lamb.
2404 5308 2636 5373 desunt,
2667 5308 2835 5361 etiam
2864 5308 2939 5360 ei.

2029 5308 2141 5450 (35)
2164 5376 2329 5432 Hunc
2359 5378 2551 5450 locum
2607 5378 2804 5450 laudat
2843 5379 3045 5450 auctor
3073 5370 3325 5428 homiliaa
3355 5369 3429 5426 De
3455 5368 3605 5425 alea-

1962 5447 2186 5517 toribus,
2211 5452 2278 5522 ad
2309 5448 2527 5504 calcem
2561 5467 2693 5522 opp.
2717 5447 3006 5522 Cypriani.

2032 5523 2144 5593 (36)
2177 5521 2310 5576 Mss.
2337 5526 2524 5577 Carm.
2545 5519 2616 5593 et
2639 5519 2846 5576 Lamb.
2874 5519 3156 5593 punietur.

2033 5585 2147 5666 (37)
2175 5593 2306 5666 Leg.
2336 5590 2722 5666 παραμόνουις.
2756 5593 2849 5650 Sic
2874 5585 2938 5648 δι
2968 5605 3100 5646 mox
3118 5585 3293 5642 infra.

2034 5599 2122 5662 (37
2175 5599 2306 5661 Leg.
2336 5599 2635 5666 παραμόνοι

2034 5599 2147 5739 (38)
2180 5665 2312 5738 Leg.
2343 5664 2635 5740 σχίσματα.
