  <div class='ocr_page' id='page_1' title='image "/cluster/home/n/w/nwhite01/storage/ocr_20150623/2/hvd.32044073501397/511.png"; bbox 0 0 4014 6226; ppageno 0'>
   <div class='ocr_carea' id='block_1_1' title="bbox 442 377 2027 447">
    <p class='ocr_par' dir='ltr' id='par_1_1' title="bbox 442 377 2000 437">
     <span class='ocr_line' id='line_1_1' title="bbox 442 377 2000 437; baseline 0.001 -3"><span class='ocrx_word' id='word_1_1' title='bbox 442 377 594 437; x_wconf 78' lang='grc'>1007</span> <span class='ocrx_word' id='word_1_2' title='bbox 1796 420 1804 428; x_wconf 56' lang='grc' dir='ltr'><strong><em>η-</em></strong></span> <span class='ocrx_word' id='word_1_3' title='bbox 1935 377 1975 435; x_wconf 92' lang='lat' dir='ltr'><strong><em>S</em></strong></span> <span class='ocrx_word' id='word_1_4' title='bbox 1986 420 2000 435; x_wconf 92' lang='lat'><strong><em>.</em></strong></span> 
     </span>
    </p>
   </div>
   <div class='ocr_carea' id='block_1_2' title="bbox 2264 377 3849 447">
    <p class='ocr_par' dir='ltr' id='par_1_2' title="bbox 2264 377 3849 447">
     <span class='ocr_line' id='line_1_2' title="bbox 2264 377 3849 447; baseline 0.006 -11"><span class='ocrx_word' id='word_1_5' title='bbox 2264 377 2350 437; x_wconf 71' lang='lat' dir='ltr'><strong><em>ijE</em></strong></span> <span class='ocrx_word' id='word_1_6' title='bbox 3691 386 3849 447; x_wconf 75' lang='grc'>1008</span> 
     </span>
    </p>
   </div>
   <div class='ocr_carea' id='block_1_3' title="bbox 435 508 2020 591">
    <p class='ocr_par' dir='ltr' id='par_1_3' title="bbox 435 509 2020 582">
     <span class='ocr_line' id='line_1_3' title="bbox 435 509 2020 582; baseline 0 -18"><span class='ocrx_word' id='word_1_7' title='bbox 435 526 514 575; x_wconf 92' lang='lat' dir='ltr'><strong><em>eo,</em></strong></span> <span class='ocrx_word' id='word_1_8' title='bbox 573 517 622 566; x_wconf 88' lang='lat' dir='ltr'><strong><em>et</em></strong></span> <span class='ocrx_word' id='word_1_9' title='bbox 646 509 712 565; x_wconf 88' lang='lat' dir='ltr'><strong><em>de</em></strong></span> <span class='ocrx_word' id='word_1_10' title='bbox 735 509 1020 582; x_wconf 73' lang='lat' dir='ltr'><strong><em>pecoribus</em></strong></span> <span class='ocrx_word' id='word_1_11' title='bbox 1049 511 1282 567; x_wconf 75' lang='lat' dir='ltr'><strong><em>laetetur.</em></strong></span> <span class='ocrx_word' id='word_1_12' title='bbox 1307 510 1784 576; x_wconf 86' lang='lat' dir='ltr'><strong><em>Gaudebitautem,</em></strong></span> <span class='ocrx_word' id='word_1_13' title='bbox 1815 511 1864 564; x_wconf 93' lang='lat' dir='ltr'><strong><em>si</em></strong></span> <span class='ocrx_word' id='word_1_14' title='bbox 1893 525 2020 565; x_wconf 89' lang='lat' dir='ltr'><strong><em>omn</em></strong></span> 
     </span>
    </p>
   </div>
   <div class='ocr_carea' id='block_1_4' title="bbox 2260 508 3845 591">
    <p class='ocr_par' dir='ltr' id='par_1_4' title="bbox 2264 508 3845 591">
     <span class='ocr_line' id='line_1_4' title="bbox 2264 508 3845 591; baseline 0.006 -30"><span class='ocrx_word' id='word_1_15' title='bbox 2264 510 2277 528; x_wconf 84' lang='lat'><strong><em>’</em></strong></span> <span class='ocrx_word' id='word_1_16' title='bbox 2334 509 2497 580; x_wconf 75' lang='grc' dir='ltr'><strong><em>αὐτῷ,</em></strong></span> <span class='ocrx_word' id='word_1_17' title='bbox 2547 508 2636 563; x_wconf 74' lang='grc' dir='ltr'><strong><em>καί</em></strong></span> <span class='ocrx_word' id='word_1_18' title='bbox 2693 508 2779 564; x_wconf 77' lang='grc' dir='ltr'><strong><em>ἐπὶ</em></strong></span> <span class='ocrx_word' id='word_1_19' title='bbox 2822 517 2939 572; x_wconf 80' lang='grc' dir='ltr'>τοῖς</span> <span class='ocrx_word' id='word_1_20' title='bbox 2988 508 3284 588; x_wconf 71' lang='grc' dir='ltr'>προϐάτοις</span> <span class='ocrx_word' id='word_1_21' title='bbox 3336 514 3629 591; x_wconf 79' lang='grc' dir='ltr'>εὐφρανθῇ.</span> <span class='ocrx_word' id='word_1_22' title='bbox 3665 521 3845 591; x_wconf 67' lang='grc' dir='ltr'>Καρή-</span> 
     </span>
    </p>
   </div>
   <div class='ocr_carea' id='block_1_5' title="bbox 435 596 2020 677">
    <p class='ocr_par' dir='ltr' id='par_1_5' title="bbox 435 598 2020 671">
     <span class='ocr_line' id='line_1_5' title="bbox 435 598 2020 671; baseline 0 -17"><span class='ocrx_word' id='word_1_23' title='bbox 435 599 709 654; x_wconf 78' lang='lat' dir='ltr'><strong><em>invenerit</em></strong></span> <span class='ocrx_word' id='word_1_24' title='bbox 763 615 922 666; x_wconf 88' lang='lat' dir='ltr'><strong><em>sana,</em></strong></span> <span class='ocrx_word' id='word_1_25' title='bbox 981 603 1034 656; x_wconf 87' lang='lat' dir='ltr'><strong><em>et</em></strong></span> <span class='ocrx_word' id='word_1_26' title='bbox 1077 615 1188 654; x_wconf 88' lang='lat' dir='ltr'><strong><em>non</em></strong></span> <span class='ocrx_word' id='word_1_27' title='bbox 1242 599 1498 670; x_wconf 78' lang='lat' dir='ltr'><strong><em>quaedam</em></strong></span> <span class='ocrx_word' id='word_1_28' title='bbox 1524 601 1599 654; x_wconf 78' lang='lat' dir='ltr'><strong><em>ex&#39;</em></strong></span> <span class='ocrx_word' id='word_1_29' title='bbox 1618 599 1736 654; x_wconf 89' lang='lat' dir='ltr'><strong><em>illis</em></strong></span> <span class='ocrx_word' id='word_1_30' title='bbox 1793 598 2020 671; x_wconf 84' lang='lat' dir='ltr'><strong><em>dissipat</em></strong></span> 
     </span>
    </p>
   </div>
   <div class='ocr_carea' id='block_1_6' title="bbox 2266 596 3851 677">
    <p class='ocr_par' dir='ltr' id='par_1_6' title="bbox 2266 596 3851 677">
     <span class='ocr_line' id='line_1_6' title="bbox 2266 596 3851 677; baseline 0.007 -27"><span class='ocrx_word' id='word_1_31' title='bbox 2266 619 2338 651; x_wconf 78' lang='grc' dir='ltr'>ται</span> <span class='ocrx_word' id='word_1_32' title='bbox 2369 596 2425 652; x_wconf 74' lang='grc' dir='ltr'><strong><em>δὲ</em></strong></span> <span class='ocrx_word' id='word_1_33' title='bbox 2479 597 2565 652; x_wconf 79' lang='grc' dir='ltr'>ἐὰν</span> <span class='ocrx_word' id='word_1_34' title='bbox 2622 600 2797 655; x_wconf 80' lang='grc' dir='ltr'>πάντα</span> <span class='ocrx_word' id='word_1_35' title='bbox 2850 602 2971 675; x_wconf 79' lang='grc' dir='ltr'>ὑγιῆ</span> <span class='ocrx_word' id='word_1_36' title='bbox 3026 603 3239 676; x_wconf 78' lang='grc' dir='ltr'>εὑρεθῇ,</span> <span class='ocrx_word' id='word_1_37' title='bbox 3289 604 3491 677; x_wconf 78' lang='grc' dir='ltr'>καὶμὴ</span> <span class='ocrx_word' id='word_1_38' title='bbox 3541 602 3851 661; x_wconf 79' lang='grc' dir='ltr'>διαπεπτω-</span> 
     </span>
    </p>
   </div>
   <div class='ocr_carea' id='block_1_7' title="bbox 432 686 2017 768">
    <p class='ocr_par' dir='ltr' id='par_1_7' title="bbox 432 688 2017 760">
     <span class='ocr_line' id='line_1_7' title="bbox 432 688 2017 760; baseline 0 -17"><span class='ocrx_word' id='word_1_39' title='bbox 432 689 495 743; x_wconf 86' lang='lat' dir='ltr'><strong><em>Si</em></strong></span> <span class='ocrx_word' id='word_1_40' title='bbox 520 691 704 744; x_wconf 82' lang='lat' dir='ltr'><strong><em>autem</em></strong></span> <span class='ocrx_word' id='word_1_41' title='bbox 732 689 920 760; x_wconf 87' lang='lat' dir='ltr'><strong><em>aliqua</em></strong></span> <span class='ocrx_word' id='word_1_42' title='bbox 947 705 1018 744; x_wconf 79' lang='lat' dir='ltr'><strong><em>ea:</em></strong></span> <span class='ocrx_word' id='word_1_43' title='bbox 1073 689 1274 744; x_wconf 87' lang='lat' dir='ltr'><strong><em>talibus</em></strong></span> <span class='ocrx_word' id='word_1_44' title='bbox 1320 691 1592 745; x_wconf 76' lang='lat' dir='ltr'><strong><em>invenerit</em></strong></span> <span class='ocrx_word' id='word_1_45' title='bbox 1631 688 1920 758; x_wconf 88' lang='lat' dir='ltr'><strong><em>dissipata,</em></strong></span> <span class='ocrx_word' id='word_1_46' title='bbox 1998 705 2017 743; x_wconf 79' lang='grc' dir='ltr'><strong><em>ι</em></strong></span> 
     </span>
    </p>
   </div>
   <div class='ocr_carea' id='block_1_8' title="bbox 2267 686 3852 768">
    <p class='ocr_par' dir='ltr' id='par_1_8' title="bbox 2267 686 3852 768">
     <span class='ocr_line' id='line_1_8' title="bbox 2267 686 3852 768; baseline 0.006 -28"><span class='ocrx_word' id='word_1_47' title='bbox 2267 707 2323 740; x_wconf 76' lang='grc' dir='ltr'>τα</span> <span class='ocrx_word' id='word_1_48' title='bbox 2350 687 2472 741; x_wconf 70' lang='grc' dir='ltr'>τινα</span> <span class='ocrx_word' id='word_1_49' title='bbox 2520 686 2568 759; x_wconf 76' lang='grc' dir='ltr'><strong>ἐξ</strong></span> <span class='ocrx_word' id='word_1_50' title='bbox 2601 687 2796 746; x_wconf 80' lang='grc' dir='ltr'>αὐτῶν.</span> <span class='ocrx_word' id='word_1_51' title='bbox 2845 691 2968 744; x_wconf 76' lang='grc' dir='ltr'><strong><em>Ἐὰν</em></strong></span> <span class='ocrx_word' id='word_1_52' title='bbox 3023 688 3079 745; x_wconf 75' lang='grc' dir='ltr'><strong><em>δὲ</em></strong></span> <span class='ocrx_word' id='word_1_53' title='bbox 3113 692 3344 768; x_wconf 80' lang='grc' dir='ltr'>.εὑρεθῇ,</span> <span class='ocrx_word' id='word_1_54' title='bbox 3397 694 3541 754; x_wconf 25' lang='grc' dir='ltr'>τινὰ)</span> <span class='ocrx_word' id='word_1_55' title='bbox 3571 693 3622 767; x_wconf 74' lang='grc' dir='ltr'><strong><em>ἐξ</em></strong></span> <span class='ocrx_word' id='word_1_56' title='bbox 3677 695 3852 750; x_wconf 70' lang='grc' dir='ltr'>αὐτῶν</span> 
     </span>
    </p>
   </div>
   <div class='ocr_carea' id='block_1_9' title="bbox 434 772 2019 852">
    <p class='ocr_par' dir='ltr' id='par_1_9' title="bbox 434 777 2019 850">
     <span class='ocr_line' id='line_1_9' title="bbox 434 777 2019 850; baseline 0.001 -20"><span class='ocrx_word' id='word_1_57' title='bbox 434 778 543 831; x_wconf 88' lang='lat' dir='ltr'><strong><em>erit</em></strong></span> <span class='ocrx_word' id='word_1_58' title='bbox 584 778 935 848; x_wconf 76' lang='lat' dir='ltr'><strong><em>pastoribus.</em></strong></span> <span class='ocrx_word' id='word_1_59' title='bbox 993 778 1144 847; x_wconf 83' lang='lat' dir='ltr'><strong><em>Quod</em></strong></span> <span class='ocrx_word' id='word_1_60' title='bbox 1187 778 1238 833; x_wconf 92' lang='lat' dir='ltr'><strong><em>si</em></strong></span> <span class='ocrx_word' id='word_1_61' title='bbox 1259 781 1502 850; x_wconf 91' lang='lat' dir='ltr'><strong><em>pastores</em></strong></span> <span class='ocrx_word' id='word_1_62' title='bbox 1533 779 1641 848; x_wconf 77' lang='lat' dir='ltr'><strong><em>ipsi</em></strong></span> <span class='ocrx_word' id='word_1_63' title='bbox 1678 777 1938 847; x_wconf 75' lang='lat' dir='ltr'><strong><em>dissipati</em></strong></span> <span class='ocrx_word' id='word_1_64' title='bbox 1992 779 2019 833; x_wconf 91' lang='lat' dir='ltr'><strong><em>i:</em></strong></span> 
     </span>
    </p>
   </div>
   <div class='ocr_carea' id='block_1_10' title="bbox 2266 772 3851 852">
    <p class='ocr_par' dir='ltr' id='par_1_10' title="bbox 2266 776 3851 852">
     <span class='ocr_line' id='line_1_10' title="bbox 2266 776 3851 852; baseline 0.006 -22"><span class='ocrx_word' id='word_1_65' title='bbox 2266 776 2648 848; x_wconf 79' lang='grc' dir='ltr'>ιπεπτωκότα,</span> <span class='ocrx_word' id='word_1_66' title='bbox 2709 777 2830 832; x_wconf 72' lang='grc' dir='ltr'>οὐαὶ</span> <span class='ocrx_word' id='word_1_67' title='bbox 2884 785 3001 841; x_wconf 83' lang='grc' dir='ltr'>τοῖς</span> <span class='ocrx_word' id='word_1_68' title='bbox 3053 782 3304 852; x_wconf 74' lang='grc' dir='ltr'><strong><em>ποιμέσιν</em></strong></span> <span class='ocrx_word' id='word_1_69' title='bbox 3365 781 3547 841; x_wconf 80' lang='grc' dir='ltr'>ἔσται.</span> <span class='ocrx_word' id='word_1_70' title='bbox 3609 785 3733 838; x_wconf 73' lang='grc' dir='ltr'>Ἐὰν</span> <span class='ocrx_word' id='word_1_71' title='bbox 3797 782 3851 839; x_wconf 71' lang='grc' dir='ltr'><strong><em>δὲ</em></strong></span> 
     </span>
    </p>
   </div>
   <div class='ocr_carea' id='block_1_11' title="bbox 431 858 2016 945">
    <p class='ocr_par' dir='ltr' id='par_1_11' title="bbox 431 867 2016 938">
     <span class='ocr_line' id='line_1_11' title="bbox 431 867 2016 938; baseline 0.001 -18"><span class='ocrx_word' id='word_1_72' title='bbox 431 868 584 921; x_wconf 86' lang='lat' dir='ltr'><strong><em>venti</em></strong></span> <span class='ocrx_word' id='word_1_73' title='bbox 608 870 842 938; x_wconf 77' lang='lat' dir='ltr'><strong><em>fuerint,</em></strong></span> <span class='ocrx_word' id='word_1_74' title='bbox 871 867 1004 938; x_wconf 89' lang='lat' dir='ltr'><strong><em>quid</em></strong></span> <span class='ocrx_word' id='word_1_75' title='bbox 1031 869 1247 924; x_wconf 77' lang='lat' dir='ltr'><strong><em>discent</em></strong></span> <span class='ocrx_word' id='word_1_76' title='bbox 1275 867 1498 923; x_wconf 87' lang='lat' dir='ltr'><strong><em>domino</em></strong></span> <span class='ocrx_word' id='word_1_77' title='bbox 1543 869 1720 938; x_wconf 80' lang='lat' dir='ltr'><strong><em>gregis</em></strong></span> <span class='ocrx_word' id='word_1_78' title='bbox 1749 871 1774 920; x_wconf 70' lang='lat'><strong><em>.9</em></strong></span> <span class='ocrx_word' id='word_1_79' title='bbox 1803 885 1876 922; x_wconf 88' lang='lat' dir='ltr'><strong><em>an</em></strong></span> <span class='ocrx_word' id='word_1_80' title='bbox 1918 885 1959 922; x_wconf 91' lang='lat' dir='ltr'><strong><em>a</em></strong></span> <span class='ocrx_word' id='word_1_81' title='bbox 1986 885 2016 938; x_wconf 88' lang='lat' dir='ltr'><strong><em>p</em></strong></span> 
     </span>
    </p>
   </div>
   <div class='ocr_carea' id='block_1_12' title="bbox 2263 858 3848 945">
    <p class='ocr_par' dir='ltr' id='par_1_12' title="bbox 2263 865 3848 945">
     <span class='ocr_line' id='line_1_12' title="bbox 2263 865 3848 945; baseline 0.007 -27"><span class='ocrx_word' id='word_1_82' title='bbox 2263 865 2278 918; x_wconf 88' lang='grc' dir='ltr'>ἰ</span> <span class='ocrx_word' id='word_1_83' title='bbox 2353 865 2506 920; x_wconf 79' lang='grc' dir='ltr'>αὐτοὶ</span> <span class='ocrx_word' id='word_1_84' title='bbox 2583 868 2634 920; x_wconf 78' lang='grc' dir='ltr'>οἱ</span> <span class='ocrx_word' id='word_1_85' title='bbox 2714 867 2970 941; x_wconf 73' lang='grc' dir='ltr'><strong><em>ποιμένες</em></strong></span> <span class='ocrx_word' id='word_1_86' title='bbox 3034 869 3292 945; x_wconf 75' lang='grc' dir='ltr'>εὑρεθῶσι</span> <span class='ocrx_word' id='word_1_87' title='bbox 3360 869 3804 935; x_wconf 78' lang='grc' dir='ltr'>διαπεπτωκότες</span> <span class='ocrx_word' id='word_1_88' title='bbox 3835 921 3848 944; x_wconf 86' lang='lat'><strong><em>,</em></strong></span> 
     </span>
    </p>
   </div>
   <div class='ocr_carea' id='block_1_13' title="bbox 429 953 2014 1033">
    <p class='ocr_par' dir='ltr' id='par_1_13' title="bbox 429 955 2014 1024">
     <span class='ocr_line' id='line_1_13' title="bbox 429 955 2014 1024; baseline -0.001 -14"><span class='ocrx_word' id='word_1_89' title='bbox 429 968 556 1010; x_wconf 86' lang='lat' dir='ltr'><strong><em>core</em></strong></span> <span class='ocrx_word' id='word_1_90' title='bbox 605 970 663 1011; x_wconf 90' lang='lat' dir='ltr'><strong><em>se</em></strong></span> <span class='ocrx_word' id='word_1_91' title='bbox 730 955 998 1013; x_wconf 76' lang='lat' dir='ltr'><strong><em>vexatos?</em></strong></span> <span class='ocrx_word' id='word_1_92' title='bbox 1047 957 1165 1011; x_wconf 88' lang='lat' dir='ltr'><strong><em>Non</em></strong></span> <span class='ocrx_word' id='word_1_93' title='bbox 1218 955 1468 1011; x_wconf 86' lang='lat' dir='ltr'><strong><em>credetur</em></strong></span> <span class='ocrx_word' id='word_1_94' title='bbox 1524 955 1678 1024; x_wconf 62' lang='lat' dir='ltr'><strong><em>{illis</em></strong></span> <span class='ocrx_word' id='word_1_95' title='bbox 1737 955 2014 1011; x_wconf 42' lang='lat' dir='ltr'><strong><em>Incredibii</em></strong></span> 
     </span>
    </p>
   </div>
   <div class='ocr_carea' id='block_1_14' title="bbox 2262 953 3847 1033">
    <p class='ocr_par' dir='ltr' id='par_1_14' title="bbox 2283 953 3847 1033">
     <span class='ocr_line' id='line_1_14' title="bbox 2283 953 3847 1033; baseline 0.004 -23"><span class='ocrx_word' id='word_1_96' title='bbox 2283 953 2465 1030; x_wconf 78' lang='grc' dir='ltr'><strong><em>ἐροῦσι</em></strong></span> <span class='ocrx_word' id='word_1_97' title='bbox 2516 960 2595 1027; x_wconf 83' lang='grc' dir='ltr'><strong><em>τῷ</em></strong></span> <span class='ocrx_word' id='word_1_98' title='bbox 2664 953 2895 1031; x_wconf 77' lang='grc' dir='ltr'><strong><em>δεσπότῃ</em></strong></span> <span class='ocrx_word' id='word_1_99' title='bbox 2942 963 3038 1012; x_wconf 72' lang='grc' dir='ltr'><strong><em>τοῦ</em></strong></span> <span class='ocrx_word' id='word_1_100' title='bbox 3111 960 3370 1033; x_wconf 76' lang='grc' dir='ltr'><strong><em>ποιμνίου</em></strong></span> <span class='ocrx_word' id='word_1_101' title='bbox 3405 981 3418 1030; x_wconf 89' lang='grc'>;</span> <span class='ocrx_word' id='word_1_102' title='bbox 3453 961 3534 1016; x_wconf 78' lang='grc' dir='ltr'>ὅτι</span> <span class='ocrx_word' id='word_1_103' title='bbox 3597 963 3708 1017; x_wconf 80' lang='grc' dir='ltr'><strong><em>ἀπὸ</em></strong></span> <span class='ocrx_word' id='word_1_104' title='bbox 3738 969 3847 1018; x_wconf 79' lang='grc' dir='ltr'>τῶν</span> 
     </span>
    </p>
   </div>
   <div class='ocr_carea' id='block_1_15' title="bbox 428 1038 2013 1120">
    <p class='ocr_par' dir='ltr' id='par_1_15' title="bbox 428 1043 2013 1116">
     <span class='ocr_line' id='line_1_15' title="bbox 428 1043 2013 1116; baseline 0 -18"><span class='ocrx_word' id='word_1_105' title='bbox 428 1045 578 1099; x_wconf 85' lang='lat' dir='ltr'><strong><em>enim</em></strong></span> <span class='ocrx_word' id='word_1_106' title='bbox 603 1060 692 1101; x_wconf 87' lang='lat' dir='ltr'><strong><em>res</em></strong></span> <span class='ocrx_word' id='word_1_107' title='bbox 746 1049 844 1114; x_wconf 88' lang='lat' dir='ltr'><strong><em>est,</em></strong></span> <span class='ocrx_word' id='word_1_108' title='bbox 869 1053 1143 1116; x_wconf 85' lang='lat' dir='ltr'><strong><em>pastorem</em></strong></span> <span class='ocrx_word' id='word_1_109' title='bbox 1167 1046 1287 1116; x_wconf 88' lang='lat' dir='ltr'><strong><em>pati</em></strong></span> <span class='ocrx_word' id='word_1_110' title='bbox 1310 1060 1471 1116; x_wconf 81' lang='lat' dir='ltr'><strong><em>posse</em></strong></span> <span class='ocrx_word' id='word_1_111' title='bbox 1524 1043 1738 1116; x_wconf 77' lang='lat' dir='ltr'><strong><em>aliquid</em></strong></span> <span class='ocrx_word' id='word_1_112' title='bbox 1786 1061 1823 1098; x_wconf 92' lang='lat' dir='ltr'><strong><em>a</em></strong></span> <span class='ocrx_word' id='word_1_113' title='bbox 1867 1060 2013 1115; x_wconf 65' lang='lat' dir='ltr'><strong><em>peco:</em></strong></span> 
     </span>
    </p>
   </div>
   <div class='ocr_carea' id='block_1_16' title="bbox 2266 1038 3851 1120">
    <p class='ocr_par' dir='ltr' id='par_1_16' title="bbox 2266 1038 3851 1120">
     <span class='ocr_line' id='line_1_16' title="bbox 2266 1038 3851 1120; baseline 0.006 -23"><span class='ocrx_word' id='word_1_114' title='bbox 2266 1038 2472 1098; x_wconf 74' lang='grc' dir='ltr'>οϐάτων</span> <span class='ocrx_word' id='word_1_115' title='bbox 2535 1042 2779 1100; x_wconf 76' lang='grc' dir='ltr'>διὲπεσαν</span> <span class='ocrx_word' id='word_1_116' title='bbox 2833 1067 2848 1116; x_wconf 87' lang='grc'>;</span> <span class='ocrx_word' id='word_1_117' title='bbox 2897 1047 2968 1101; x_wconf 81' lang='grc' dir='ltr'>Οὐ</span> <span class='ocrx_word' id='word_1_118' title='bbox 3027 1051 3521 1120; x_wconf 74' lang='grc' dir='ltr'>πιστευθήσονται.</span> <span class='ocrx_word' id='word_1_119' title='bbox 3584 1055 3851 1109; x_wconf 63' lang='lat' dir='ltr'><strong><em>&quot;Amata-4</em></strong></span> 
     </span>
    </p>
   </div>
   <div class='ocr_carea' id='block_1_17' title="bbox 427 1126 2012 1215">
    <p class='ocr_par' dir='ltr' id='par_1_17' title="bbox 427 1126 2012 1208">
     <span class='ocr_line' id='line_1_17' title="bbox 427 1126 2012 1208; baseline 0.001 -21"><span class='ocrx_word' id='word_1_120' title='bbox 427 1132 597 1204; x_wconf 74' lang='lat' dir='ltr'><strong><em>Magis</em></strong></span> <span class='ocrx_word' id='word_1_121' title='bbox 651 1150 775 1191; x_wconf 88' lang='lat' dir='ltr'><strong><em>vero</em></strong></span> <span class='ocrx_word' id='word_1_122' title='bbox 844 1135 1150 1208; x_wconf 79' lang='lat' dir='ltr'><strong><em>punientur</em></strong></span> <span class='ocrx_word' id='word_1_123' title='bbox 1200 1139 1419 1206; x_wconf 83' lang='lat' dir='ltr'><strong><em>propter</em></strong></span> <span class='ocrx_word' id='word_1_124' title='bbox 1469 1134 1822 1189; x_wconf 79' lang='lat' dir='ltr'><strong><em>mendacium</em></strong></span> <span class='ocrx_word' id='word_1_125' title='bbox 1892 1126 2012 1188; x_wconf 71' lang='lat' dir='ltr'><strong><em>suui</em></strong></span> 
     </span>
    </p>
   </div>
   <div class='ocr_carea' id='block_1_18' title="bbox 2260 1126 3845 1215">
    <p class='ocr_par' dir='ltr' id='par_1_18' title="bbox 2261 1133 3845 1215">
     <span class='ocr_line' id='line_1_18' title="bbox 2261 1133 3845 1215; baseline 0.006 -29"><span class='ocrx_word' id='word_1_126' title='bbox 2261 1153 2289 1207; x_wconf 85' lang='grc' dir='ltr'><em>ρ</em></span> <span class='ocrx_word' id='word_1_127' title='bbox 2348 1133 2572 1209; x_wconf 80' lang='grc' dir='ltr'>πρᾶγμά</span> <span class='ocrx_word' id='word_1_128' title='bbox 2627 1134 2758 1206; x_wconf 82' lang='grc' dir='ltr'>ἐστι,</span> <span class='ocrx_word' id='word_1_129' title='bbox 2819 1137 3054 1209; x_wconf 71' lang='grc' dir='ltr'>ποιμένα</span> <span class='ocrx_word' id='word_1_130' title='bbox 3115 1138 3247 1212; x_wconf 76' lang='grc' dir='ltr'>ὑπὲρ</span> <span class='ocrx_word' id='word_1_131' title='bbox 3305 1135 3594 1215; x_wconf 68' lang='grc' dir='ltr'>προϐάτων</span> <span class='ocrx_word' id='word_1_132' title='bbox 3652 1148 3845 1206; x_wconf 77' lang='grc' dir='ltr'>παθεῖν</span> 
     </span>
    </p>
   </div>
   <div class='ocr_carea' id='block_1_19' title="bbox 429 1221 2014 1305">
    <p class='ocr_par' dir='ltr' id='par_1_19' title="bbox 429 1223 2014 1298">
     <span class='ocr_line' id='line_1_19' title="bbox 429 1223 2014 1298; baseline -0.001 -19"><span class='ocrx_word' id='word_1_133' title='bbox 429 1223 668 1280; x_wconf 85' lang='lat' dir='ltr'><strong><em>Scientes</em></strong></span> <span class='ocrx_word' id='word_1_134' title='bbox 708 1240 857 1296; x_wconf 87' lang='lat' dir='ltr'><strong><em>ergo,</em></strong></span> <span class='ocrx_word' id='word_1_135' title='bbox 915 1225 1057 1298; x_wconf 88' lang='lat' dir='ltr'><strong><em>quod</em></strong></span> <span class='ocrx_word' id='word_1_136' title='bbox 1109 1225 1270 1281; x_wconf 86' lang='lat' dir='ltr'><strong><em>valde</em></strong></span> <span class='ocrx_word' id='word_1_137' title='bbox 1315 1232 1555 1297; x_wconf 86' lang='lat' dir='ltr'><strong><em>apportet</em></strong></span> <span class='ocrx_word' id='word_1_138' title='bbox 1607 1223 1672 1280; x_wconf 90' lang='lat' dir='ltr'><strong><em>de</em></strong></span> <span class='ocrx_word' id='word_1_139' title='bbox 1727 1225 1800 1279; x_wconf 87' lang='lat' dir='ltr'><strong><em>iis</em></strong></span> <span class='ocrx_word' id='word_1_140' title='bbox 1858 1223 2014 1279; x_wconf 85' lang='lat' dir='ltr'><strong><em>redde</em></strong></span> 
     </span>
    </p>
   </div>
   <div class='ocr_carea' id='block_1_20' title="bbox 2261 1221 3846 1305">
    <p class='ocr_par' dir='ltr' id='par_1_20' title="bbox 2308 1221 3846 1305">
     <span class='ocr_line' id='line_1_20' title="bbox 2308 1221 3846 1305; baseline 0.008 -28"><span class='ocrx_word' id='word_1_141' title='bbox 2308 1221 2536 1278; x_wconf 79' lang='grc' dir='ltr'>Μᾶλλον</span> <span class='ocrx_word' id='word_1_142' title='bbox 2585 1223 2643 1280; x_wconf 74' lang='grc' dir='ltr'><em>δὲ</em></span> <span class='ocrx_word' id='word_1_143' title='bbox 2683 1226 3117 1299; x_wconf 75' lang='grc' dir='ltr'>κολασθήσονται</span> <span class='ocrx_word' id='word_1_144' title='bbox 3166 1228 3255 1285; x_wconf 64' lang='grc' dir='ltr'><strong><em>διὰ</em></strong></span> <span class='ocrx_word' id='word_1_145' title='bbox 3305 1233 3368 1286; x_wconf 87' lang='grc' dir='ltr'><strong><em>τὸ</em></strong></span> <span class='ocrx_word' id='word_1_146' title='bbox 3398 1229 3596 1305; x_wconf 71' lang='grc' dir='ltr'>ψεῦδος</span> <span class='ocrx_word' id='word_1_147' title='bbox 3645 1233 3846 1290; x_wconf 71' lang='grc' dir='ltr'>αὐτῶν.</span> 
     </span>
    </p>
   </div>
   <div class='ocr_carea' id='block_1_21' title="bbox 428 1308 2013 1398">
    <p class='ocr_par' dir='ltr' id='par_1_21' title="bbox 428 1315 864 1382">
     <span class='ocr_line' id='line_1_21' title="bbox 428 1315 864 1382; baseline 0.005 -15"><span class='ocrx_word' id='word_1_148' title='bbox 428 1315 724 1382; x_wconf 85' lang='lat' dir='ltr'><strong><em>rationem,</em></strong></span> <span class='ocrx_word' id='word_1_149' title='bbox 755 1318 864 1370; x_wconf 88' lang='lat' dir='ltr'><strong><em>etc.</em></strong></span> 
     </span>
    </p>
   </div>
   <div class='ocr_carea' id='block_1_22' title="bbox 2264 1308 3849 1398">
    <p class='ocr_par' dir='ltr' id='par_1_22' title="bbox 2264 1308 3849 1398">
     <span class='ocr_line' id='line_1_22' title="bbox 2264 1308 3849 1398; baseline 0.007 -33"><span class='ocrx_word' id='word_1_150' title='bbox 2264 1308 2404 1374; x_wconf 73' lang='grc' dir='ltr'>Ξότες</span> <span class='ocrx_word' id='word_1_151' title='bbox 2439 1311 2530 1368; x_wconf 78' lang='grc' dir='ltr'><strong><em>οὖν</em></strong></span> <span class='ocrx_word' id='word_1_152' title='bbox 2559 1312 2643 1370; x_wconf 76' lang='grc' dir='ltr'>ὅτι</span> <span class='ocrx_word' id='word_1_153' title='bbox 2674 1313 2794 1371; x_wconf 83' lang='grc' dir='ltr'>λίαν</span> <span class='ocrx_word' id='word_1_154' title='bbox 2845 1314 2914 1370; x_wconf 81' lang='grc' dir='ltr'>δι’</span> <span class='ocrx_word' id='word_1_155' title='bbox 2964 1317 3159 1380; x_wconf 79' lang='grc' dir='ltr'>αὐτοὺς</span> <span class='ocrx_word' id='word_1_156' title='bbox 3203 1317 3496 1377; x_wconf 79' lang='grc' dir='ltr'>ἀποδοῦναι</span> <span class='ocrx_word' id='word_1_157' title='bbox 3539 1320 3712 1398; x_wconf 84' lang='grc' dir='ltr'>λόγον</span> <span class='ocrx_word' id='word_1_158' title='bbox 3746 1320 3849 1392; x_wconf 74' lang='grc' dir='ltr'>δεῖ,</span> 
     </span>
    </p>
   </div>
   <div class='ocr_carea' id='block_1_23' title="bbox 2182 1400 2408 1458">
    <p class='ocr_par' dir='ltr' id='par_1_23' title="bbox 2182 1400 2408 1458">
     <span class='ocr_line' id='line_1_23' title="bbox 2182 1400 2408 1458; baseline 0.013 -4"><span class='ocrx_word' id='word_1_159' title='bbox 2182 1421 2234 1454; x_wconf 83' lang='grc' dir='ltr'><strong>κ.</strong></span> <span class='ocrx_word' id='word_1_160' title='bbox 2267 1421 2318 1458; x_wconf 90' lang='grc' dir='ltr'><strong><em>τ.</em></strong></span> <span class='ocrx_word' id='word_1_161' title='bbox 2352 1400 2408 1457; x_wconf 84' lang='grc' dir='ltr'>λ.</span> 
     </span>
    </p>
   </div>
   <div class='ocr_carea' id='block_1_24' title="bbox 1882 1517 2379 1577">
    <p class='ocr_par' dir='ltr' id='par_1_24' title="bbox 1882 1517 2379 1577">
     <span class='ocr_line' id='line_1_24' title="bbox 1882 1517 2379 1577; baseline 0.006 -4"><span class='ocrx_word' id='word_1_162' title='bbox 1882 1517 2108 1574; x_wconf 86' lang='lat' dir='ltr'><strong>CAPUT</strong></span> <span class='ocrx_word' id='word_1_163' title='bbox 2159 1518 2379 1577; x_wconf 88' lang='lat' dir='ltr'><strong><em>XXXII.</em></strong></span> 
     </span>
    </p>
   </div>
   <div class='ocr_carea' id='block_1_25' title="bbox 495 1616 3843 1700">
    <p class='ocr_par' dir='ltr' id='par_1_25' title="bbox 495 1616 3843 1700">
     <span class='ocr_line' id='line_1_25' title="bbox 495 1616 3843 1700; baseline 0.002 -21"><span class='ocrx_word' id='word_1_164' title='bbox 495 1621 792 1679; x_wconf 82' lang='lat' dir='ltr'><strong><em>Consulite</em></strong></span> <span class='ocrx_word' id='word_1_165' title='bbox 822 1637 957 1694; x_wconf 84' lang='lat' dir='ltr'><strong><em>ergo</em></strong></span> <span class='ocrx_word' id='word_1_166' title='bbox 987 1619 1149 1676; x_wconf 82' lang='lat' dir='ltr'><strong><em>vobis</em></strong></span> <span class='ocrx_word' id='word_1_167' title='bbox 1207 1619 1338 1691; x_wconf 83' lang='grc'>(39),</span> <span class='ocrx_word' id='word_1_168' title='bbox 1365 1619 1505 1673; x_wconf 91' lang='lat' dir='ltr'><strong><em>dum</em></strong></span> <span class='ocrx_word' id='word_1_169' title='bbox 1537 1616 1724 1673; x_wconf 88' lang='lat' dir='ltr'><strong><em>adhuc</em></strong></span> <span class='ocrx_word' id='word_1_170' title='bbox 1755 1616 1936 1672; x_wconf 86' lang='lat' dir='ltr'><strong><em>turris</em></strong></span> <span class='ocrx_word' id='word_1_171' title='bbox 1967 1616 2304 1674; x_wconf 86' lang='lat' dir='ltr'><strong><em>aediﬁcatur.</em></strong></span> <span class='ocrx_word' id='word_1_172' title='bbox 2352 1619 2630 1676; x_wconf 81' lang='lat' dir='ltr'><strong><em>Dominus</em></strong></span> <span class='ocrx_word' id='word_1_173' title='bbox 2662 1621 2886 1679; x_wconf 80' lang='lat' dir='ltr'><strong><em>habitat</em></strong></span> <span class='ocrx_word' id='word_1_174' title='bbox 2956 1624 3014 1680; x_wconf 89' lang='lat' dir='ltr'><strong><em>in</em></strong></span> <span class='ocrx_word' id='word_1_175' title='bbox 3045 1625 3184 1681; x_wconf 91' lang='lat' dir='ltr'><strong><em>viris</em></strong></span> <span class='ocrx_word' id='word_1_176' title='bbox 3222 1626 3583 1695; x_wconf 84' lang='lat' dir='ltr'><strong><em>amantibus,</em></strong></span> <span class='ocrx_word' id='word_1_177' title='bbox 3606 1644 3843 1700; x_wconf 82' lang='lat' dir='ltr'><strong><em>pacem,</em></strong></span> 
     </span>
    </p>
   </div>
   <div class='ocr_carea' id='block_1_26' title="bbox 423 1706 3848 1788">
    <p class='ocr_par' dir='ltr' id='par_1_26' title="bbox 423 1706 3848 1788">
     <span class='ocr_line' id='line_1_26' title="bbox 423 1706 3848 1788; baseline 0.002 -20"><span class='ocrx_word' id='word_1_178' title='bbox 423 1710 637 1768; x_wconf 89' lang='lat' dir='ltr'><strong><em>etenim</em></strong></span> <span class='ocrx_word' id='word_1_179' title='bbox 679 1727 813 1766; x_wconf 87' lang='lat' dir='ltr'><strong><em>vera</em></strong></span> <span class='ocrx_word' id='word_1_180' title='bbox 838 1711 946 1782; x_wconf 84' lang='lat'>(40)</span> <span class='ocrx_word' id='word_1_181' title='bbox 1005 1726 1116 1781; x_wconf 82' lang='lat' dir='ltr'><strong><em>pax</em></strong></span> <span class='ocrx_word' id='word_1_182' title='bbox 1147 1708 1321 1764; x_wconf 83' lang='lat' dir='ltr'><strong><em>chara</em></strong></span> <span class='ocrx_word' id='word_1_183' title='bbox 1351 1711 1475 1774; x_wconf 86' lang='lat' dir='ltr'><strong><em>est;</em></strong></span> <span class='ocrx_word' id='word_1_184' title='bbox 1507 1724 1541 1761; x_wconf 87' lang='lat' dir='ltr'><strong><em>a</em></strong></span> <span class='ocrx_word' id='word_1_185' title='bbox 1579 1707 1956 1762; x_wconf 88' lang='lat' dir='ltr'><strong><em>contentiosis</em></strong></span> <span class='ocrx_word' id='word_1_186' title='bbox 1993 1706 2106 1778; x_wconf 89' lang='grc'>(41)</span> <span class='ocrx_word' id='word_1_187' title='bbox 2137 1722 2272 1762; x_wconf 89' lang='lat' dir='ltr'><strong><em>vero</em></strong></span> <span class='ocrx_word' id='word_1_188' title='bbox 2303 1712 2362 1764; x_wconf 89' lang='lat' dir='ltr'><strong><em>et</em></strong></span> <span class='ocrx_word' id='word_1_189' title='bbox 2391 1710 2638 1780; x_wconf 84' lang='lat' dir='ltr'><strong><em>perditis</em></strong></span> <span class='ocrx_word' id='word_1_190' title='bbox 2669 1711 2914 1784; x_wconf 83' lang='lat' dir='ltr'><strong><em>malitia,</em></strong></span> <span class='ocrx_word' id='word_1_191' title='bbox 2949 1714 3116 1786; x_wconf 82' lang='lat' dir='ltr'><strong><em>longe</em></strong></span> <span class='ocrx_word' id='word_1_192' title='bbox 3149 1715 3331 1771; x_wconf 85' lang='lat' dir='ltr'><strong><em>abest.</em></strong></span> <span class='ocrx_word' id='word_1_193' title='bbox 3367 1716 3610 1773; x_wconf 77' lang='lat' dir='ltr'><strong><em>Reddite</em></strong></span> <span class='ocrx_word' id='word_1_194' title='bbox 3671 1717 3848 1788; x_wconf 74' lang='lat' dir='ltr'><strong><em>igitur</em></strong></span> 
     </span>
    </p>
   </div>
   <div class='ocr_carea' id='block_1_27' title="bbox 421 1793 3843 1879">
    <p class='ocr_par' dir='ltr' id='par_1_27' title="bbox 421 1793 3843 1879">
     <span class='ocr_line' id='line_1_27' title="bbox 421 1793 3843 1879; baseline 0.002 -22"><span class='ocrx_word' id='word_1_195' title='bbox 421 1801 472 1857; x_wconf 90' lang='lat' dir='ltr'><strong><em>ei</em></strong></span> <span class='ocrx_word' id='word_1_196' title='bbox 519 1800 792 1873; x_wconf 76' lang='lat' dir='ltr'><strong><em>spiritum</em></strong></span> <span class='ocrx_word' id='word_1_197' title='bbox 821 1800 1135 1871; x_wconf 86' lang='lat' dir='ltr'><strong><em>integrum:</em></strong></span> <span class='ocrx_word' id='word_1_198' title='bbox 1169 1798 1322 1853; x_wconf 88' lang='lat' dir='ltr'><strong><em>sicut</em></strong></span> <span class='ocrx_word' id='word_1_199' title='bbox 1369 1793 1694 1867; x_wconf 86' lang='lat' dir='ltr'><strong><em>accepistis.</em></strong></span> <span class='ocrx_word' id='word_1_200' title='bbox 1727 1794 1785 1850; x_wconf 91' lang='lat' dir='ltr'><strong><em>Si</em></strong></span> <span class='ocrx_word' id='word_1_201' title='bbox 1817 1795 1973 1849; x_wconf 89' lang='lat' dir='ltr'><strong><em>enim</em></strong></span> <span class='ocrx_word' id='word_1_202' title='bbox 2005 1795 2231 1852; x_wconf 90' lang='lat' dir='ltr'><strong><em>dederis</em></strong></span> <span class='ocrx_word' id='word_1_203' title='bbox 2262 1797 2468 1853; x_wconf 88' lang='lat' dir='ltr'><strong><em>fulloni</em></strong></span> <span class='ocrx_word' id='word_1_204' title='bbox 2497 1801 2911 1858; x_wconf 81' lang='lat' dir='ltr'><strong><em>vestimentum</em></strong></span> <span class='ocrx_word' id='word_1_205' title='bbox 2970 1803 3284 1876; x_wconf 85' lang='lat' dir='ltr'><strong><em>integrum,</em></strong></span> <span class='ocrx_word' id='word_1_206' title='bbox 3317 1805 3495 1877; x_wconf 89' lang='lat' dir='ltr'><strong><em>idque</em></strong></span> <span class='ocrx_word' id='word_1_207' title='bbox 3536 1806 3843 1879; x_wconf 81' lang='lat' dir='ltr'><strong><em>integrum</em></strong></span> 
     </span>
    </p>
   </div>
   <div class='ocr_carea' id='block_1_28' title="bbox 418 1884 3840 1961">
    <p class='ocr_par' dir='ltr' id='par_1_28' title="bbox 418 1884 3840 1961">
     <span class='ocr_line' id='line_1_28' title="bbox 418 1884 3840 1961; baseline 0.002 -15"><span class='ocrx_word' id='word_1_208' title='bbox 418 1889 504 1946; x_wconf 85' lang='lat' dir='ltr'><strong><em>vis</em></strong></span> <span class='ocrx_word' id='word_1_209' title='bbox 553 1891 742 1946; x_wconf 90' lang='lat' dir='ltr'><strong><em>denuo</em></strong></span> <span class='ocrx_word' id='word_1_210' title='bbox 776 1889 1029 1961; x_wconf 88' lang='lat' dir='ltr'><strong><em>recipere</em></strong></span> <span class='ocrx_word' id='word_1_211' title='bbox 1063 1906 1076 1956; x_wconf 86' lang='lat'><strong>;</strong></span> <span class='ocrx_word' id='word_1_212' title='bbox 1109 1887 1251 1943; x_wconf 85' lang='lat' dir='ltr'><strong><em>fullo</em></strong></span> <span class='ocrx_word' id='word_1_213' title='bbox 1301 1890 1494 1941; x_wconf 89' lang='lat' dir='ltr'><strong><em>autem</em></strong></span> <span class='ocrx_word' id='word_1_214' title='bbox 1526 1884 1778 1941; x_wconf 88' lang='lat' dir='ltr'><strong><em>scissum</em></strong></span> <span class='ocrx_word' id='word_1_215' title='bbox 1824 1884 1929 1939; x_wconf 91' lang='lat' dir='ltr'><strong><em>tibi</em></strong></span> <span class='ocrx_word' id='word_1_216' title='bbox 1963 1884 2107 1939; x_wconf 90' lang='lat' dir='ltr'><strong><em>illud</em></strong></span> <span class='ocrx_word' id='word_1_217' title='bbox 2140 1886 2344 1942; x_wconf 89' lang='lat' dir='ltr'><strong><em>reddat</em></strong></span> <span class='ocrx_word' id='word_1_218' title='bbox 2377 1905 2390 1955; x_wconf 91' lang='lat'><strong>;</strong></span> <span class='ocrx_word' id='word_1_219' title='bbox 2445 1888 2694 1960; x_wconf 90' lang='lat' dir='ltr'><strong><em>recipies</em></strong></span> <span class='ocrx_word' id='word_1_220' title='bbox 2725 1891 2871 1946; x_wconf 90' lang='lat' dir='ltr'><strong><em>illud</em></strong></span> <span class='ocrx_word' id='word_1_221' title='bbox 2902 1896 2930 1946; x_wconf 65' lang='grc' dir='ltr'><strong>Υ</strong></span> <span class='ocrx_word' id='word_1_222' title='bbox 2958 1893 3163 1949; x_wconf 88' lang='lat' dir='ltr'><strong><em>Nonne</em></strong></span> <span class='ocrx_word' id='word_1_223' title='bbox 3193 1894 3391 1950; x_wconf 86' lang='lat' dir='ltr'><strong><em>statim</em></strong></span> <span class='ocrx_word' id='word_1_224' title='bbox 3421 1897 3840 1961; x_wconf 77' lang='lat' dir='ltr'><strong><em>excandesces,</em></strong></span> 
     </span>
    </p>
   </div>
   <div class='ocr_carea' id='block_1_29' title="bbox 419 1973 3839 2054">
    <p class='ocr_par' dir='ltr' id='par_1_29' title="bbox 419 1973 3839 2054">
     <span class='ocr_line' id='line_1_29' title="bbox 419 1973 3839 2054; baseline 0.002 -21"><span class='ocrx_word' id='word_1_225' title='bbox 419 1983 476 2034; x_wconf 89' lang='lat' dir='ltr'><strong><em>et</em></strong></span> <span class='ocrx_word' id='word_1_226' title='bbox 522 1995 656 2034; x_wconf 91' lang='lat' dir='ltr'><strong><em>eum</em></strong></span> <span class='ocrx_word' id='word_1_227' title='bbox 708 1978 962 2034; x_wconf 88' lang='lat' dir='ltr'><strong><em>convicio</em></strong></span> <span class='ocrx_word' id='word_1_228' title='bbox 1023 1974 1408 2049; x_wconf 86' lang='lat' dir='ltr'><strong><em>prosequeris,</em></strong></span> <span class='ocrx_word' id='word_1_229' title='bbox 1433 1975 1629 2030; x_wconf 88' lang='lat' dir='ltr'><strong><em>dicens</em></strong></span> <span class='ocrx_word' id='word_1_230' title='bbox 1659 1991 1672 2029; x_wconf 91' lang='lat'>:</span> <span class='ocrx_word' id='word_1_231' title='bbox 1706 1973 2130 2029; x_wconf 83' lang='lat' dir='ltr'><strong><em>Vestimentum</em></strong></span> <span class='ocrx_word' id='word_1_232' title='bbox 2161 1991 2356 2030; x_wconf 90' lang='lat' dir='ltr'><strong><em>meum</em></strong></span> <span class='ocrx_word' id='word_1_233' title='bbox 2379 1978 2494 2045; x_wconf 89' lang='lat'>(42)</span> <span class='ocrx_word' id='word_1_234' title='bbox 2526 1978 2812 2051; x_wconf 83' lang='lat' dir='ltr'><strong><em>integrum</em></strong></span> <span class='ocrx_word' id='word_1_235' title='bbox 2845 1980 2952 2036; x_wconf 86' lang='lat' dir='ltr'><strong><em>tibi</em></strong></span> <span class='ocrx_word' id='word_1_236' title='bbox 2983 1982 3114 2037; x_wconf 90' lang='lat' dir='ltr'><strong><em>dedi</em></strong></span> <span class='ocrx_word' id='word_1_237' title='bbox 3150 2007 3164 2050; x_wconf 89' lang='lat'><strong>;</strong></span> <span class='ocrx_word' id='word_1_238' title='bbox 3197 1999 3377 2054; x_wconf 88' lang='lat' dir='ltr'><strong><em>quare</em></strong></span> <span class='ocrx_word' id='word_1_239' title='bbox 3406 1985 3636 2041; x_wconf 86' lang='lat' dir='ltr'><strong><em>scidisti</em></strong></span> <span class='ocrx_word' id='word_1_240' title='bbox 3668 1985 3839 2052; x_wconf 87' lang='lat' dir='ltr'><strong><em>illud,</em></strong></span> 
     </span>
    </p>
   </div>
   <div class='ocr_carea' id='block_1_30' title="bbox 416 2063 3844 2144">
    <p class='ocr_par' dir='ltr' id='par_1_30' title="bbox 416 2063 3844 2144">
     <span class='ocr_line' id='line_1_30' title="bbox 416 2063 3844 2144; baseline 0.002 -22"><span class='ocrx_word' id='word_1_241' title='bbox 416 2071 474 2123; x_wconf 87' lang='lat' dir='ltr'><strong><em>et</em></strong></span> <span class='ocrx_word' id='word_1_242' title='bbox 513 2067 722 2124; x_wconf 89' lang='lat' dir='ltr'><strong><em>inutile</em></strong></span> <span class='ocrx_word' id='word_1_243' title='bbox 773 2067 961 2124; x_wconf 84' lang='lat' dir='ltr'><strong><em>fecisti</em></strong></span> <span class='ocrx_word' id='word_1_244' title='bbox 985 2071 1008 2122; x_wconf 70' lang='grc' dir='ltr'><strong><em>Ρ</em></strong></span> <span class='ocrx_word' id='word_1_245' title='bbox 1035 2067 1202 2122; x_wconf 90' lang='lat' dir='ltr'><strong><em>Nunc</em></strong></span> <span class='ocrx_word' id='word_1_246' title='bbox 1257 2067 1492 2137; x_wconf 87' lang='lat' dir='ltr'><strong><em>propter</em></strong></span> <span class='ocrx_word' id='word_1_247' title='bbox 1545 2063 1862 2119; x_wconf 86' lang='lat' dir='ltr'><strong><em>scissuram</em></strong></span> <span class='ocrx_word' id='word_1_248' title='bbox 1953 2079 2131 2133; x_wconf 89' lang='lat' dir='ltr'><strong><em>quam</em></strong></span> <span class='ocrx_word' id='word_1_249' title='bbox 2191 2064 2249 2119; x_wconf 89' lang='lat' dir='ltr'><strong><em>in</em></strong></span> <span class='ocrx_word' id='word_1_250' title='bbox 2280 2081 2345 2120; x_wconf 91' lang='lat' dir='ltr'><strong><em>eo</em></strong></span> <span class='ocrx_word' id='word_1_251' title='bbox 2375 2065 2584 2134; x_wconf 87' lang='lat' dir='ltr'><strong><em>fecisti,</em></strong></span> <span class='ocrx_word' id='word_1_252' title='bbox 2647 2068 2774 2124; x_wconf 89' lang='lat' dir='ltr'><strong><em>usui</em></strong></span> <span class='ocrx_word' id='word_1_253' title='bbox 2807 2069 2918 2142; x_wconf 90' lang='lat'>(43)</span> <span class='ocrx_word' id='word_1_254' title='bbox 2951 2087 3079 2128; x_wconf 84' lang='lat' dir='ltr'><strong><em>esse</em></strong></span> <span class='ocrx_word' id='word_1_255' title='bbox 3111 2089 3226 2128; x_wconf 89' lang='lat' dir='ltr'><strong><em>non</em></strong></span> <span class='ocrx_word' id='word_1_256' title='bbox 3246 2077 3456 2144; x_wconf 87' lang='lat' dir='ltr'><strong><em>potest.</em></strong></span> <span class='ocrx_word' id='word_1_257' title='bbox 3483 2073 3702 2130; x_wconf 86' lang='lat' dir='ltr'><strong><em>Nonne</em></strong></span> <span class='ocrx_word' id='word_1_258' title='bbox 3722 2075 3844 2130; x_wconf 64' lang='lat' dir='ltr'><strong><em>hae</em></strong></span> 
     </span>
    </p>
   </div>
   <div class='ocr_carea' id='block_1_31' title="bbox 415 2153 3843 2231">
    <p class='ocr_par' dir='ltr' id='par_1_31' title="bbox 415 2153 3843 2231">
     <span class='ocr_line' id='line_1_31' title="bbox 415 2153 3843 2231; baseline 0.001 -16"><span class='ocrx_word' id='word_1_259' title='bbox 415 2160 614 2215; x_wconf 88' lang='lat' dir='ltr'><strong><em>omnia</em></strong></span> <span class='ocrx_word' id='word_1_260' title='bbox 639 2158 815 2214; x_wconf 88' lang='lat' dir='ltr'><strong><em>verba</em></strong></span> <span class='ocrx_word' id='word_1_261' title='bbox 839 2158 993 2213; x_wconf 87' lang='lat' dir='ltr'><strong><em>dices</em></strong></span> <span class='ocrx_word' id='word_1_262' title='bbox 1023 2154 1246 2224; x_wconf 86' lang='lat' dir='ltr'><strong><em>fulloni,</em></strong></span> <span class='ocrx_word' id='word_1_263' title='bbox 1281 2157 1338 2209; x_wconf 89' lang='lat' dir='ltr'><strong><em>et</em></strong></span> <span class='ocrx_word' id='word_1_264' title='bbox 1365 2154 1437 2208; x_wconf 91' lang='lat' dir='ltr'><strong><em>de</em></strong></span> <span class='ocrx_word' id='word_1_265' title='bbox 1480 2153 1736 2208; x_wconf 89' lang='lat' dir='ltr'><strong><em>scissura</em></strong></span> <span class='ocrx_word' id='word_1_266' title='bbox 1767 2168 1945 2224; x_wconf 88' lang='lat' dir='ltr'><strong><em>quam</em></strong></span> <span class='ocrx_word' id='word_1_267' title='bbox 2005 2153 2068 2207; x_wconf 90' lang='lat' dir='ltr'><strong><em>in</em></strong></span> <span class='ocrx_word' id='word_1_268' title='bbox 2095 2155 2442 2210; x_wconf 88' lang='lat' dir='ltr'><strong><em>vestimento</em></strong></span> <span class='ocrx_word' id='word_1_269' title='bbox 2501 2160 2604 2212; x_wconf 90' lang='lat' dir='ltr'><strong><em>tuo</em></strong></span> <span class='ocrx_word' id='word_1_270' title='bbox 2633 2157 2832 2214; x_wconf 87' lang='lat' dir='ltr'><strong><em>fecerit</em></strong></span> <span class='ocrx_word' id='word_1_271' title='bbox 2862 2161 2962 2215; x_wconf 76' lang='lat' dir='ltr'><strong><em>PSi</em></strong></span> <span class='ocrx_word' id='word_1_272' title='bbox 3021 2161 3197 2231; x_wconf 84' lang='lat' dir='ltr'><strong><em>igitur</em></strong></span> <span class='ocrx_word' id='word_1_273' title='bbox 3223 2166 3288 2216; x_wconf 89' lang='lat' dir='ltr'><strong><em>tu</em></strong></span> <span class='ocrx_word' id='word_1_274' title='bbox 3318 2163 3475 2218; x_wconf 89' lang='lat' dir='ltr'><strong><em>doles</em></strong></span> <span class='ocrx_word' id='word_1_275' title='bbox 3535 2163 3612 2220; x_wconf 86' lang='lat' dir='ltr'><strong><em>de</em></strong></span> <span class='ocrx_word' id='word_1_276' title='bbox 3663 2165 3843 2219; x_wconf 79' lang='lat' dir='ltr'><strong><em>vesti-</em></strong></span> 
     </span>
    </p>
   </div>
   <div class='ocr_carea' id='block_1_32' title="bbox 419 2241 3838 2322">
    <p class='ocr_par' dir='ltr' id='par_1_32' title="bbox 419 2241 3838 2322">
     <span class='ocr_line' id='line_1_32' title="bbox 419 2241 3838 2322; baseline 0.001 -18"><span class='ocrx_word' id='word_1_277' title='bbox 419 2251 616 2305; x_wconf 87' lang='lat' dir='ltr'><strong><em>mento</em></strong></span> <span class='ocrx_word' id='word_1_278' title='bbox 647 2252 770 2315; x_wconf 88' lang='lat' dir='ltr'><strong><em>tuo,</em></strong></span> <span class='ocrx_word' id='word_1_279' title='bbox 803 2253 859 2302; x_wconf 89' lang='lat' dir='ltr'><strong><em>et</em></strong></span> <span class='ocrx_word' id='word_1_280' title='bbox 882 2245 1144 2317; x_wconf 87' lang='lat' dir='ltr'><strong><em>quereris</em></strong></span> <span class='ocrx_word' id='word_1_281' title='bbox 1175 2244 1285 2316; x_wconf 85' lang='lat'>(44)</span> <span class='ocrx_word' id='word_1_282' title='bbox 1334 2243 1489 2314; x_wconf 92' lang='lat' dir='ltr'><strong><em>quod</em></strong></span> <span class='ocrx_word' id='word_1_283' title='bbox 1536 2259 1652 2298; x_wconf 88' lang='lat' dir='ltr'><strong><em>non</em></strong></span> <span class='ocrx_word' id='word_1_284' title='bbox 1712 2241 1859 2297; x_wconf 89' lang='lat' dir='ltr'><strong><em>illud</em></strong></span> <span class='ocrx_word' id='word_1_285' title='bbox 1889 2241 2183 2312; x_wconf 79' lang='lat' dir='ltr'><strong><em>integrum</em></strong></span> <span class='ocrx_word' id='word_1_286' title='bbox 2215 2243 2461 2315; x_wconf 85' lang='lat' dir='ltr'><strong><em>recipias</em></strong></span> <span class='ocrx_word' id='word_1_287' title='bbox 2489 2269 2503 2313; x_wconf 84' lang='lat'><strong>;</strong></span> <span class='ocrx_word' id='word_1_288' title='bbox 2537 2245 2674 2317; x_wconf 90' lang='lat' dir='ltr'><strong><em>quid</em></strong></span> <span class='ocrx_word' id='word_1_289' title='bbox 2738 2256 2906 2320; x_wconf 88' lang='lat' dir='ltr'><strong><em>pulas</em></strong></span> <span class='ocrx_word' id='word_1_290' title='bbox 2944 2249 3057 2322; x_wconf 88' lang='lat'>(45)</span> <span class='ocrx_word' id='word_1_291' title='bbox 3078 2251 3379 2307; x_wconf 87' lang='lat' dir='ltr'><strong><em>dominum</em></strong></span> <span class='ocrx_word' id='word_1_292' title='bbox 3411 2252 3514 2308; x_wconf 89' lang='lat' dir='ltr'><strong><em>tibi</em></strong></span> <span class='ocrx_word' id='word_1_293' title='bbox 3540 2253 3838 2309; x_wconf 83' lang='lat' dir='ltr'><strong><em>facturum</em></strong></span> 
     </span>
    </p>
   </div>
   <div class='ocr_carea' id='block_1_33' title="bbox 418 2331 3841 2413">
    <p class='ocr_par' dir='ltr' id='par_1_33' title="bbox 418 2331 3841 2413">
     <span class='ocr_line' id='line_1_33' title="bbox 418 2331 3841 2413; baseline 0.001 -19"><span class='ocrx_word' id='word_1_294' title='bbox 418 2339 520 2410; x_wconf 90' lang='lat' dir='ltr'><strong><em>qui</em></strong></span> <span class='ocrx_word' id='word_1_295' title='bbox 568 2337 839 2410; x_wconf 85' lang='lat' dir='ltr'><strong><em>spiritum</em></strong></span> <span class='ocrx_word' id='word_1_296' title='bbox 869 2336 1164 2406; x_wconf 87' lang='lat' dir='ltr'><strong><em>integrum</em></strong></span> <span class='ocrx_word' id='word_1_297' title='bbox 1197 2332 1302 2388; x_wconf 89' lang='lat' dir='ltr'><strong><em>tibi</em></strong></span> <span class='ocrx_word' id='word_1_298' title='bbox 1332 2332 1507 2399; x_wconf 81' lang='lat' dir='ltr'><strong><em>dedit,</em></strong></span> <span class='ocrx_word' id='word_1_299' title='bbox 1532 2335 1590 2387; x_wconf 84' lang='lat' dir='ltr'><strong><em>et</em></strong></span> <span class='ocrx_word' id='word_1_300' title='bbox 1618 2335 1682 2386; x_wconf 90' lang='lat' dir='ltr'><strong><em>tu</em></strong></span> <span class='ocrx_word' id='word_1_301' title='bbox 1710 2347 1843 2387; x_wconf 88' lang='lat' dir='ltr'><strong><em>eum</em></strong></span> <span class='ocrx_word' id='word_1_302' title='bbox 1873 2335 2064 2387; x_wconf 84' lang='lat' dir='ltr'><strong><em>totum</em></strong></span> <span class='ocrx_word' id='word_1_303' title='bbox 2128 2331 2393 2388; x_wconf 88' lang='lat' dir='ltr'><strong><em>inutilem</em></strong></span> <span class='ocrx_word' id='word_1_304' title='bbox 2439 2335 2745 2392; x_wconf 85' lang='lat' dir='ltr'><strong><em>reddidisti</em></strong></span> <span class='ocrx_word' id='word_1_305' title='bbox 2798 2339 2933 2406; x_wconf 85' lang='grc'>(46),</span> <span class='ocrx_word' id='word_1_306' title='bbox 2959 2339 3038 2394; x_wconf 86' lang='lat' dir='ltr'><strong><em>ita</em></strong></span> <span class='ocrx_word' id='word_1_307' title='bbox 3070 2344 3131 2394; x_wconf 88' lang='lat' dir='ltr'><strong><em>ut</em></strong></span> <span class='ocrx_word' id='word_1_308' title='bbox 3161 2340 3320 2397; x_wconf 88' lang='lat' dir='ltr'><strong><em>nullo</em></strong></span> <span class='ocrx_word' id='word_1_309' title='bbox 3352 2342 3480 2398; x_wconf 88' lang='lat' dir='ltr'><strong><em>usui</em></strong></span> <span class='ocrx_word' id='word_1_310' title='bbox 3543 2343 3667 2413; x_wconf 84' lang='lat'>(47)</span> <span class='ocrx_word' id='word_1_311' title='bbox 3715 2359 3841 2398; x_wconf 80' lang='lat' dir='ltr'><strong><em>esse</em></strong></span> 
     </span>
    </p>
   </div>
   <div class='ocr_carea' id='block_1_34' title="bbox 414 2420 3826 2500">
    <p class='ocr_par' dir='ltr' id='par_1_34' title="bbox 414 2420 3826 2500">
     <span class='ocr_line' id='line_1_34' title="bbox 414 2420 3826 2500; baseline 0.001 -16"><span class='ocrx_word' id='word_1_312' title='bbox 414 2427 598 2500; x_wconf 88' lang='lat' dir='ltr'><strong><em>possit</em></strong></span> <span class='ocrx_word' id='word_1_313' title='bbox 625 2426 861 2482; x_wconf 92' lang='lat' dir='ltr'><strong><em>domino</em></strong></span> <span class='ocrx_word' id='word_1_314' title='bbox 892 2442 998 2480; x_wconf 90' lang='lat' dir='ltr'><strong><em>suo</em></strong></span> <span class='ocrx_word' id='word_1_315' title='bbox 1018 2424 1046 2478; x_wconf 85' lang='lat'><strong>?</strong></span> <span class='ocrx_word' id='word_1_316' title='bbox 1076 2422 1302 2479; x_wconf 88' lang='lat' dir='ltr'><strong><em>Inutilis</em></strong></span> <span class='ocrx_word' id='word_1_317' title='bbox 1350 2422 1506 2478; x_wconf 89' lang='lat' dir='ltr'><strong><em>enim</em></strong></span> <span class='ocrx_word' id='word_1_318' title='bbox 1563 2420 1740 2492; x_wconf 61' lang='lat' dir='ltr'><strong><em>saepit</em></strong></span> <span class='ocrx_word' id='word_1_319' title='bbox 1767 2436 1891 2476; x_wconf 86' lang='lat' dir='ltr'><strong><em>esse</em></strong></span> <span class='ocrx_word' id='word_1_320' title='bbox 1921 2437 2065 2476; x_wconf 90' lang='lat' dir='ltr'><strong><em>usus</em></strong></span> <span class='ocrx_word' id='word_1_321' title='bbox 2097 2421 2240 2492; x_wconf 90' lang='lat' dir='ltr'><strong><em>ejus,</em></strong></span> <span class='ocrx_word' id='word_1_322' title='bbox 2273 2437 2404 2478; x_wconf 92' lang='lat' dir='ltr'><strong><em>cum</em></strong></span> <span class='ocrx_word' id='word_1_323' title='bbox 2436 2422 2509 2478; x_wconf 87' lang='lat' dir='ltr'><strong><em>sit</em></strong></span> <span class='ocrx_word' id='word_1_324' title='bbox 2539 2430 2853 2498; x_wconf 86' lang='lat' dir='ltr'><strong><em>corruptus</em></strong></span> <span class='ocrx_word' id='word_1_325' title='bbox 2877 2444 2912 2482; x_wconf 89' lang='lat' dir='ltr'><strong><em>a</em></strong></span> <span class='ocrx_word' id='word_1_326' title='bbox 2943 2431 3018 2484; x_wconf 84' lang='lat' dir='ltr'><strong><em>te.</em></strong></span> <span class='ocrx_word' id='word_1_327' title='bbox 3077 2429 3278 2485; x_wconf 88' lang='lat' dir='ltr'><strong><em>Nonne</em></strong></span> <span class='ocrx_word' id='word_1_328' title='bbox 3326 2429 3500 2500; x_wconf 80' lang='lat' dir='ltr'><strong><em>igitur</em></strong></span> <span class='ocrx_word' id='word_1_329' title='bbox 3530 2430 3826 2488; x_wconf 80' lang='lat' dir='ltr'><strong><em>Dominus</em></strong></span> 
     </span>
    </p>
   </div>
   <div class='ocr_carea' id='block_1_35' title="bbox 415 2509 3837 2594">
    <p class='ocr_par' dir='ltr' id='par_1_35' title="bbox 415 2509 3837 2594">
     <span class='ocr_line' id='line_1_35' title="bbox 415 2509 3837 2594; baseline 0.001 -20"><span class='ocrx_word' id='word_1_330' title='bbox 415 2518 485 2575; x_wconf 90' lang='lat' dir='ltr'><strong><em>de</em></strong></span> <span class='ocrx_word' id='word_1_331' title='bbox 515 2517 722 2588; x_wconf 85' lang='lat' dir='ltr'><strong><em>spiritu</em></strong></span> <span class='ocrx_word' id='word_1_332' title='bbox 754 2531 860 2571; x_wconf 87' lang='lat' dir='ltr'><strong><em>suo</em></strong></span> <span class='ocrx_word' id='word_1_333' title='bbox 892 2520 1122 2585; x_wconf 88' lang='lat' dir='ltr'><strong><em>propter</em></strong></span> <span class='ocrx_word' id='word_1_334' title='bbox 1147 2513 1254 2568; x_wconf 87' lang='lat' dir='ltr'><strong><em>hoc</em></strong></span> <span class='ocrx_word' id='word_1_335' title='bbox 1285 2512 1502 2567; x_wconf 84' lang='lat' dir='ltr'><strong><em>factum</em></strong></span> <span class='ocrx_word' id='word_1_336' title='bbox 1523 2515 1698 2594; x_wconf 74' lang='lat' dir='ltr'><strong><em>tuum</em></strong></span> <span class='ocrx_word' id='word_1_337' title='bbox 1729 2510 1882 2565; x_wconf 91' lang='lat' dir='ltr'><strong><em>idem</em></strong></span> <span class='ocrx_word' id='word_1_338' title='bbox 1911 2509 2124 2566; x_wconf 83' lang='lat' dir='ltr'><strong><em>faciet?</em></strong></span> <span class='ocrx_word' id='word_1_339' title='bbox 2174 2511 2371 2582; x_wconf 87' lang='lat' dir='ltr'><strong><em>Plane,</em></strong></span> <span class='ocrx_word' id='word_1_340' title='bbox 2407 2512 2647 2582; x_wconf 86' lang='lat' dir='ltr'><strong><em>inquam</em></strong></span> <span class='ocrx_word' id='word_1_341' title='bbox 2680 2531 2693 2569; x_wconf 89' lang='lat'>:</span> <span class='ocrx_word' id='word_1_342' title='bbox 2752 2516 3026 2573; x_wconf 88' lang='lat' dir='ltr'><strong><em>omnibus</em></strong></span> <span class='ocrx_word' id='word_1_343' title='bbox 3083 2519 3177 2586; x_wconf 88' lang='lat' dir='ltr'><strong><em>iis,</em></strong></span> <span class='ocrx_word' id='word_1_344' title='bbox 3239 2535 3624 2591; x_wconf 86' lang='lat' dir='ltr'><strong><em>quoscunque</em></strong></span> <span class='ocrx_word' id='word_1_345' title='bbox 3678 2521 3837 2577; x_wconf 63' lang='lat' dir='ltr'><strong><em>inve-</em></strong></span> 
     </span>
    </p>
   </div>
   <div class='ocr_carea' id='block_1_36' title="bbox 413 2595 3830 2677">
    <p class='ocr_par' dir='ltr' id='par_1_36' title="bbox 413 2595 3830 2677">
     <span class='ocr_line' id='line_1_36' title="bbox 413 2595 3830 2677; baseline -0.001 -13"><span class='ocrx_word' id='word_1_346' title='bbox 413 2609 567 2664; x_wconf 85' lang='lat' dir='ltr'><strong><em>nerit</em></strong></span> <span class='ocrx_word' id='word_1_347' title='bbox 595 2607 657 2663; x_wconf 87' lang='lat' dir='ltr'><strong><em>in</em></strong></span> <span class='ocrx_word' id='word_1_348' title='bbox 686 2606 965 2663; x_wconf 89' lang='lat' dir='ltr'><strong><em>memoria</em></strong></span> <span class='ocrx_word' id='word_1_349' title='bbox 1019 2595 1766 2672; x_wconf 59' lang='lat' dir='ltr'><strong><em>oﬁ‘ensarum&#39;permanere,</em></strong></span> <span class='ocrx_word' id='word_1_350' title='bbox 1799 2599 1955 2654; x_wconf 90' lang='lat' dir='ltr'><strong><em>idem</em></strong></span> <span class='ocrx_word' id='word_1_351' title='bbox 1985 2599 2156 2656; x_wconf 85' lang='lat' dir='ltr'><strong><em>faciet</em></strong></span> <span class='ocrx_word' id='word_1_352' title='bbox 2202 2601 2339 2673; x_wconf 91' lang='lat'>(48).</span> <span class='ocrx_word' id='word_1_353' title='bbox 2368 2601 2773 2672; x_wconf 88' lang='lat' dir='ltr'><strong><em>Clementiam,</em></strong></span> <span class='ocrx_word' id='word_1_354' title='bbox 2809 2604 3018 2677; x_wconf 90' lang='lat' dir='ltr'><strong><em>inquit,</em></strong></span> <span class='ocrx_word' id='word_1_355' title='bbox 3054 2607 3179 2677; x_wconf 86' lang='lat' dir='ltr'><strong><em>ejus</em></strong></span> <span class='ocrx_word' id='word_1_356' title='bbox 3209 2607 3385 2664; x_wconf 88' lang='lat' dir='ltr'><strong><em>nolite</em></strong></span> <span class='ocrx_word' id='word_1_357' title='bbox 3414 2607 3697 2677; x_wconf 85' lang='lat' dir='ltr'><strong><em>calcare;</em></strong></span> <span class='ocrx_word' id='word_1_358' title='bbox 3730 2611 3830 2665; x_wconf 81' lang='lat' dir='ltr'><strong><em>sed</em></strong></span> 
     </span>
    </p>
   </div>
   <div class='ocr_carea' id='block_1_37' title="bbox 411 2689 3832 2772">
    <p class='ocr_par' dir='ltr' id='par_1_37' title="bbox 411 2689 3832 2772">
     <span class='ocr_line' id='line_1_37' title="bbox 411 2689 3832 2772; baseline 0 -18"><span class='ocrx_word' id='word_1_359' title='bbox 411 2697 604 2772; x_wconf 84' lang='lat' dir='ltr'><strong><em>potius</em></strong></span> <span class='ocrx_word' id='word_1_360' title='bbox 637 2695 1012 2753; x_wconf 81' lang='lat' dir='ltr'><strong><em>honoriﬁcate</em></strong></span> <span class='ocrx_word' id='word_1_361' title='bbox 1040 2693 1154 2765; x_wconf 86' lang='lat'>(49)</span> <span class='ocrx_word' id='word_1_362' title='bbox 1184 2707 1314 2748; x_wconf 88' lang='lat' dir='ltr'><strong><em>eum</em></strong></span> <span class='ocrx_word' id='word_1_363' title='bbox 1336 2691 1490 2762; x_wconf 90' lang='lat' dir='ltr'><strong><em>quod</em></strong></span> <span class='ocrx_word' id='word_1_364' title='bbox 1541 2696 1655 2745; x_wconf 82' lang='lat' dir='ltr'><strong><em>tam</em></strong></span> <span class='ocrx_word' id='word_1_365' title='bbox 1700 2689 1924 2760; x_wconf 90' lang='lat' dir='ltr'><strong><em>patiens</em></strong></span> <span class='ocrx_word' id='word_1_366' title='bbox 1954 2692 2044 2745; x_wconf 88' lang='lat' dir='ltr'><strong><em>est</em></strong></span> <span class='ocrx_word' id='word_1_367' title='bbox 2065 2690 2135 2744; x_wconf 89' lang='lat' dir='ltr'><strong><em>ad</em></strong></span> <span class='ocrx_word' id='word_1_368' title='bbox 2169 2689 2378 2746; x_wconf 88' lang='lat' dir='ltr'><strong><em>delicta</em></strong></span> <span class='ocrx_word' id='word_1_369' title='bbox 2395 2697 2603 2763; x_wconf 85' lang='lat' dir='ltr'><strong><em>vestra,</em></strong></span> <span class='ocrx_word' id='word_1_370' title='bbox 2663 2699 2719 2748; x_wconf 91' lang='lat' dir='ltr'><strong><em>et</em></strong></span> <span class='ocrx_word' id='word_1_371' title='bbox 2761 2709 2876 2750; x_wconf 89' lang='lat' dir='ltr'><strong><em>non</em></strong></span> <span class='ocrx_word' id='word_1_372' title='bbox 2935 2699 3026 2751; x_wconf 87' lang='lat' dir='ltr'><strong><em>est</em></strong></span> <span class='ocrx_word' id='word_1_373' title='bbox 3050 2696 3199 2752; x_wconf 87' lang='lat' dir='ltr'><strong><em>sicut</em></strong></span> <span class='ocrx_word' id='word_1_374' title='bbox 3244 2713 3368 2753; x_wconf 91' lang='lat' dir='ltr'><strong><em>vos.</em></strong></span> <span class='ocrx_word' id='word_1_375' title='bbox 3413 2697 3585 2769; x_wconf 78' lang='lat' dir='ltr'><strong><em>Agite</em></strong></span> <span class='ocrx_word' id='word_1_376' title='bbox 3641 2701 3832 2771; x_wconf 71' lang='lat' dir='ltr'><strong><em>pinni-</em></strong></span> 
     </span>
    </p>
   </div>
   <div class='ocr_carea' id='block_1_38' title="bbox 410 2778 1646 2861">
    <p class='ocr_par' dir='ltr' id='par_1_38' title="bbox 410 2778 1646 2861">
     <span class='ocr_line' id='line_1_38' title="bbox 410 2778 1646 2861; baseline -0.01 -16"><span class='ocrx_word' id='word_1_377' title='bbox 410 2787 669 2861; x_wconf 88' lang='lat' dir='ltr'><strong><em>pentiam</em></strong></span> <span class='ocrx_word' id='word_1_378' title='bbox 707 2811 722 2854; x_wconf 84' lang='lat'><strong>;</strong></span> <span class='ocrx_word' id='word_1_379' title='bbox 776 2784 916 2840; x_wconf 89' lang='lat' dir='ltr'><strong><em>utile</em></strong></span> <span class='ocrx_word' id='word_1_380' title='bbox 947 2783 1060 2855; x_wconf 92' lang='grc'>(50)</span> <span class='ocrx_word' id='word_1_381' title='bbox 1082 2781 1238 2838; x_wconf 85' lang='lat' dir='ltr'><strong><em>enim</em></strong></span> <span class='ocrx_word' id='word_1_382' title='bbox 1270 2781 1330 2837; x_wconf 89' lang='lat' dir='ltr'><strong><em>id</em></strong></span> <span class='ocrx_word' id='word_1_383' title='bbox 1350 2786 1437 2835; x_wconf 86' lang='lat' dir='ltr'><strong><em>est</em></strong></span> <span class='ocrx_word' id='word_1_384' title='bbox 1466 2778 1646 2834; x_wconf 83' lang='lat' dir='ltr'><strong><em>vobis.</em></strong></span> 
     </span>
    </p>
   </div>
   <div class='ocr_carea' id='block_1_39' title="bbox 1745 2867 2469 2938">
    <p class='ocr_par' dir='ltr' id='par_1_39' title="bbox 1745 2867 2469 2938">
     <span class='ocr_line' id='line_1_39' title="bbox 1745 2867 2469 2938; baseline 0.006 -17"><span class='ocrx_word' id='word_1_385' title='bbox 1745 2868 2076 2938; x_wconf 67' lang='lat' dir='ltr'><strong><em>Amrocnns,</em></strong></span> <span class='ocrx_word' id='word_1_386' title='bbox 2119 2867 2354 2924; x_wconf 89' lang='lat' dir='ltr'><strong><em>homilia</em></strong></span> <span class='ocrx_word' id='word_1_387' title='bbox 2380 2871 2469 2926; x_wconf 84' lang='lat'><strong><em>94.</em></strong></span> 
     </span>
    </p>
   </div>
   <div class='ocr_carea' id='block_1_40' title="bbox 483 2975 2068 3055">
    <p class='ocr_par' dir='ltr' id='par_1_40' title="bbox 483 2975 2052 3052">
     <span class='ocr_line' id='line_1_40' title="bbox 483 2975 2052 3052; baseline -0.01 -9"><span class='ocrx_word' id='word_1_388' title='bbox 483 2986 545 3043; x_wconf 88' lang='lat' dir='ltr'><strong><em>Ut</em></strong></span> <span class='ocrx_word' id='word_1_389' title='bbox 575 2984 837 3040; x_wconf 89' lang='lat' dir='ltr'><strong><em>Dominus</em></strong></span> <span class='ocrx_word' id='word_1_390' title='bbox 863 2981 1015 3052; x_wconf 87' lang='lat' dir='ltr'><strong><em>pacis</em></strong></span> <span class='ocrx_word' id='word_1_391' title='bbox 1043 2978 1252 3034; x_wconf 82' lang='lat' dir='ltr'><strong><em>habitet</em></strong></span> <span class='ocrx_word' id='word_1_392' title='bbox 1277 2978 1335 3032; x_wconf 86' lang='lat' dir='ltr'><strong><em>in</em></strong></span> <span class='ocrx_word' id='word_1_393' title='bbox 1385 2975 1656 3044; x_wconf 89' lang='lat' dir='ltr'><strong><em>omnibus,</em></strong></span> <span class='ocrx_word' id='word_1_394' title='bbox 1710 2991 1815 3046; x_wconf 91' lang='lat' dir='ltr'><strong><em>quo</em></strong></span> <span class='ocrx_word' id='word_1_395' title='bbox 1839 2982 1891 3030; x_wconf 91' lang='lat' dir='ltr'><strong><em>et</em></strong></span> <span class='ocrx_word' id='word_1_396' title='bbox 1933 2976 2052 3046; x_wconf 87' lang='lat' dir='ltr'><strong><em>spi-</em></strong></span> 
     </span>
    </p>
   </div>
   <div class='ocr_carea' id='block_1_41' title="bbox 2243 2975 3828 3055">
    <p class='ocr_par' dir='ltr' id='par_1_41' title="bbox 2243 2976 3828 3055">
     <span class='ocr_line' id='line_1_41' title="bbox 2243 2976 3828 3055; baseline 0.006 -28"><span class='ocrx_word' id='word_1_397' title='bbox 2243 2976 2468 3036; x_wconf 79' lang='grc' dir='ltr'><strong><em>Ὀπωςὸ</em></strong></span> <span class='ocrx_word' id='word_1_398' title='bbox 2511 2976 2706 3052; x_wconf 75' lang='grc' dir='ltr'>Κύριος</span> <span class='ocrx_word' id='word_1_399' title='bbox 2754 2985 2853 3048; x_wconf 82' lang='grc' dir='ltr'><strong><em>τῆς</em></strong></span> <span class='ocrx_word' id='word_1_400' title='bbox 2910 2979 3130 3055; x_wconf 74' lang='grc' dir='ltr'>εἰρήνης</span> <span class='ocrx_word' id='word_1_401' title='bbox 3177 2983 3477 3055; x_wconf 70' lang='grc' dir='ltr'>κατοικήσῃ</span> <span class='ocrx_word' id='word_1_402' title='bbox 3524 2981 3576 3036; x_wconf 81' lang='grc' dir='ltr'>ἐν</span> <span class='ocrx_word' id='word_1_403' title='bbox 3637 2990 3828 3050; x_wconf 68' lang='grc' dir='ltr'>πᾶσιν,</span> 
     </span>
    </p>
   </div>
   <div class='ocr_carea' id='block_1_42' title="bbox 406 3061 1991 3147">
    <p class='ocr_par' dir='ltr' id='par_1_42' title="bbox 406 3063 1991 3143">
     <span class='ocr_line' id='line_1_42' title="bbox 406 3063 1991 3143; baseline -0.007 -13"><span class='ocrx_word' id='word_1_404' title='bbox 406 3076 547 3130; x_wconf 88' lang='lat' dir='ltr'><strong><em>ritus</em></strong></span> <span class='ocrx_word' id='word_1_405' title='bbox 573 3075 790 3143; x_wconf 82' lang='lat' dir='ltr'><strong><em>integer</em></strong></span> <span class='ocrx_word' id='word_1_406' title='bbox 817 3071 932 3142; x_wconf 87' lang='lat' dir='ltr'><strong><em>ﬁat,</em></strong></span> <span class='ocrx_word' id='word_1_407' title='bbox 953 3070 1094 3124; x_wconf 84' lang='lat' dir='ltr'><strong><em>sicut</em></strong></span> <span class='ocrx_word' id='word_1_408' title='bbox 1123 3068 1284 3122; x_wconf 87' lang='lat' dir='ltr'><strong><em>illum</em></strong></span> <span class='ocrx_word' id='word_1_409' title='bbox 1312 3067 1520 3137; x_wconf 80' lang='lat' dir='ltr'><strong><em>accepit</em></strong></span> <span class='ocrx_word' id='word_1_410' title='bbox 1575 3064 1750 3120; x_wconf 90' lang='lat' dir='ltr'><strong><em>homo.</em></strong></span> <span class='ocrx_word' id='word_1_411' title='bbox 1785 3063 1848 3119; x_wconf 88' lang='lat' dir='ltr'><strong><em>Si</em></strong></span> <span class='ocrx_word' id='word_1_412' title='bbox 1904 3066 1991 3119; x_wconf 88' lang='lat' dir='ltr'><strong><em>eni</em></strong></span> 
     </span>
    </p>
   </div>
   <div class='ocr_carea' id='block_1_43' title="bbox 2241 3061 3826 3147">
    <p class='ocr_par' dir='ltr' id='par_1_43' title="bbox 2241 3064 3826 3147">
     <span class='ocr_line' id='line_1_43' title="bbox 2241 3064 3826 3147; baseline 0.007 -30"><span class='ocrx_word' id='word_1_413' title='bbox 2241 3064 2362 3118; x_wconf 74' lang='grc' dir='ltr'>ικαὶ</span> <span class='ocrx_word' id='word_1_414' title='bbox 2386 3065 2448 3119; x_wconf 83' lang='grc' dir='ltr'><strong><em>τὸ</em></strong></span> <span class='ocrx_word' id='word_1_415' title='bbox 2478 3070 2688 3139; x_wconf 73' lang='grc' dir='ltr'>πνεῦμα</span> <span class='ocrx_word' id='word_1_416' title='bbox 2737 3068 2884 3142; x_wconf 73' lang='grc' dir='ltr'>ὑγιὲς</span> <span class='ocrx_word' id='word_1_417' title='bbox 2931 3068 3172 3144; x_wconf 77' lang='grc' dir='ltr'>γενηται,</span> <span class='ocrx_word' id='word_1_418' title='bbox 3229 3069 3408 3147; x_wconf 82' lang='grc' dir='ltr'>ὥσπερ</span> <span class='ocrx_word' id='word_1_419' title='bbox 3459 3071 3592 3126; x_wconf 71' lang='grc' dir='ltr'><strong><em>αὐτὸ</em></strong></span> <span class='ocrx_word' id='word_1_420' title='bbox 3630 3068 3826 3128; x_wconf 69' lang='grc' dir='ltr'>ἔλαϐεν</span> 
     </span>
    </p>
   </div>
   <div class='ocr_carea' id='block_1_44' title="bbox 406 3153 1991 3237">
    <p class='ocr_par' dir='ltr' id='par_1_44' title="bbox 406 3156 1991 3235">
     <span class='ocr_line' id='line_1_44' title="bbox 406 3156 1991 3235; baseline -0.008 -16"><span class='ocrx_word' id='word_1_421' title='bbox 406 3163 610 3235; x_wconf 84' lang='lat' dir='ltr'><strong><em>aliquis</em></strong></span> <span class='ocrx_word' id='word_1_422' title='bbox 663 3161 873 3218; x_wconf 85' lang='lat' dir='ltr'><strong><em>dederit</em></strong></span> <span class='ocrx_word' id='word_1_423' title='bbox 925 3159 1134 3226; x_wconf 80' lang='lat' dir='ltr'><strong><em>fulloni</em></strong></span> <span class='ocrx_word' id='word_1_424' title='bbox 1161 3157 1540 3212; x_wconf 84' lang='lat' dir='ltr'><strong><em>vestimentum</em></strong></span> <span class='ocrx_word' id='word_1_425' title='bbox 1589 3170 1791 3209; x_wconf 89' lang='lat' dir='ltr'><strong><em>novum</em></strong></span> <span class='ocrx_word' id='word_1_426' title='bbox 1830 3156 1880 3210; x_wconf 90' lang='lat' dir='ltr'><strong><em>et</em></strong></span> <span class='ocrx_word' id='word_1_427' title='bbox 1909 3156 1991 3208; x_wconf 89' lang='lat' dir='ltr'><strong><em>int</em></strong></span> 
     </span>
    </p>
   </div>
   <div class='ocr_carea' id='block_1_45' title="bbox 2247 3153 3832 3237">
    <p class='ocr_par' dir='ltr' id='par_1_45' title="bbox 2247 3154 3832 3237">
     <span class='ocr_line' id='line_1_45' title="bbox 2247 3154 3832 3237; baseline 0.004 -30"><span class='ocrx_word' id='word_1_428' title='bbox 2247 3154 2524 3227; x_wconf 73' lang='grc' dir='ltr'>ἅνθρωπος</span> <span class='ocrx_word' id='word_1_429' title='bbox 2561 3200 2574 3212; x_wconf 95' lang='grc'><strong>.</strong></span> <span class='ocrx_word' id='word_1_430' title='bbox 2631 3156 2760 3209; x_wconf 72' lang='grc' dir='ltr'>’Ἐὰν</span> <span class='ocrx_word' id='word_1_431' title='bbox 2838 3158 2941 3233; x_wconf 75' lang='grc' dir='ltr'><strong><em>γάρ</em></strong></span> <span class='ocrx_word' id='word_1_432' title='bbox 3007 3179 3088 3220; x_wconf 81' lang='grc' dir='ltr'>τις</span> <span class='ocrx_word' id='word_1_433' title='bbox 3144 3161 3332 3237; x_wconf 78' lang='grc' dir='ltr'>κναφεῖ</span> <span class='ocrx_word' id='word_1_434' title='bbox 3387 3157 3537 3231; x_wconf 75' lang='grc' dir='ltr'>δώσή</span> <span class='ocrx_word' id='word_1_435' title='bbox 3594 3162 3832 3233; x_wconf 71' lang='grc' dir='ltr'>ἱμάτιον</span> 
     </span>
    </p>
   </div>
   <div class='ocr_carea' id='block_1_46' title="bbox 403 3241 1988 3325">
    <p class='ocr_par' dir='ltr' id='par_1_46' title="bbox 403 3241 1988 3325">
     <span class='ocr_line' id='line_1_46' title="bbox 403 3241 1988 3325; baseline -0.006 -17"><span class='ocrx_word' id='word_1_436' title='bbox 403 3269 587 3325; x_wconf 88' lang='lat' dir='ltr'><strong><em>grum,</em></strong></span> <span class='ocrx_word' id='word_1_437' title='bbox 611 3259 772 3323; x_wconf 90' lang='lat' dir='ltr'><strong><em>atque</em></strong></span> <span class='ocrx_word' id='word_1_438' title='bbox 797 3249 948 3304; x_wconf 91' lang='lat' dir='ltr'><strong><em>illud</em></strong></span> <span class='ocrx_word' id='word_1_439' title='bbox 966 3248 1099 3304; x_wconf 84' lang='lat' dir='ltr'><strong><em>velit</em></strong></span> <span class='ocrx_word' id='word_1_440' title='bbox 1130 3246 1304 3303; x_wconf 87' lang='lat' dir='ltr'><strong><em>denuo</em></strong></span> <span class='ocrx_word' id='word_1_441' title='bbox 1333 3246 1605 3316; x_wconf 87' lang='lat' dir='ltr'><strong><em>recipere;</em></strong></span> <span class='ocrx_word' id='word_1_442' title='bbox 1660 3241 1808 3314; x_wconf 87' lang='lat' dir='ltr'><strong><em>fullo</em></strong></span> <span class='ocrx_word' id='word_1_443' title='bbox 1865 3246 1988 3298; x_wconf 86' lang='lat' dir='ltr'><strong><em>aute</em></strong></span> 
     </span>
    </p>
   </div>
   <div class='ocr_carea' id='block_1_47' title="bbox 2251 3241 3836 3325">
    <p class='ocr_par' dir='ltr' id='par_1_47' title="bbox 2251 3243 3836 3322">
     <span class='ocr_line' id='line_1_47' title="bbox 2251 3243 3836 3322; baseline 0.006 -26"><span class='ocrx_word' id='word_1_444' title='bbox 2251 3243 2338 3297; x_wconf 88' lang='grc' dir='ltr'><strong><em>νὸν</em></strong></span> <span class='ocrx_word' id='word_1_445' title='bbox 2379 3244 2467 3298; x_wconf 80' lang='grc' dir='ltr'><strong><em>καὶ</em></strong></span> <span class='ocrx_word' id='word_1_446' title='bbox 2527 3244 2688 3320; x_wconf 72' lang='grc' dir='ltr'>ὑγιὲς,</span> <span class='ocrx_word' id='word_1_447' title='bbox 2748 3245 2836 3299; x_wconf 82' lang='grc' dir='ltr'>καὶ</span> <span class='ocrx_word' id='word_1_448' title='bbox 2892 3251 3052 3302; x_wconf 83' lang='grc' dir='ltr'>τοῦτο</span> <span class='ocrx_word' id='word_1_449' title='bbox 3107 3247 3252 3312; x_wconf 67' lang='grc' dir='ltr'>θέλει</span> <span class='ocrx_word' id='word_1_450' title='bbox 3299 3249 3661 3322; x_wconf 72' lang='grc' dir='ltr'>κομίσασθαι,</span> <span class='ocrx_word' id='word_1_451' title='bbox 3719 3250 3836 3306; x_wconf 66' lang='grc' dir='ltr'><strong><em>ὅδὲ</em></strong></span> 
     </span>
    </p>
   </div>
   <div class='ocr_carea' id='block_1_48' title="bbox 403 3331 1988 3414">
    <p class='ocr_par' dir='ltr' id='par_1_48' title="bbox 403 3332 1988 3403">
     <span class='ocr_line' id='line_1_48' title="bbox 403 3332 1988 3403; baseline -0.007 -5"><span class='ocrx_word' id='word_1_452' title='bbox 403 3344 635 3398; x_wconf 87' lang='lat' dir='ltr'><strong><em>scissum</em></strong></span> <span class='ocrx_word' id='word_1_453' title='bbox 714 3340 1096 3395; x_wconf 82' lang='lat' dir='ltr'><strong><em>vestimentum</em></strong></span> <span class='ocrx_word' id='word_1_454' title='bbox 1177 3334 1408 3396; x_wconf 85' lang='lat' dir='ltr'><strong><em>reddat;</em></strong></span> <span class='ocrx_word' id='word_1_455' title='bbox 1466 3351 1540 3389; x_wconf 86' lang='lat' dir='ltr'><strong><em>an</em></strong></span> <span class='ocrx_word' id='word_1_456' title='bbox 1591 3333 1822 3403; x_wconf 89' lang='lat' dir='ltr'><strong><em>recipiet</em></strong></span> <span class='ocrx_word' id='word_1_457' title='bbox 1860 3332 1988 3388; x_wconf 82' lang='lat' dir='ltr'><strong><em>illuo</em></strong></span> 
     </span>
    </p>
   </div>
   <div class='ocr_carea' id='block_1_49' title="bbox 2248 3331 3833 3414">
    <p class='ocr_par' dir='ltr' id='par_1_49' title="bbox 2248 3331 3833 3414">
     <span class='ocr_line' id='line_1_49' title="bbox 2248 3331 3833 3414; baseline 0.005 -28"><span class='ocrx_word' id='word_1_458' title='bbox 2248 3331 2387 3410; x_wconf 76' lang='grc' dir='ltr'>ιφεὺς</span> <span class='ocrx_word' id='word_1_459' title='bbox 2445 3332 2636 3408; x_wconf 79' lang='grc' dir='ltr'>σχίσας</span> <span class='ocrx_word' id='word_1_460' title='bbox 2692 3335 2756 3388; x_wconf 85' lang='grc' dir='ltr'><strong><em>τὸ</em></strong></span> <span class='ocrx_word' id='word_1_461' title='bbox 2806 3334 3021 3408; x_wconf 76' lang='grc' dir='ltr'>ἱμάτιον</span> <span class='ocrx_word' id='word_1_462' title='bbox 3075 3335 3369 3407; x_wconf 82' lang='grc' dir='ltr'>ἀποδώσει,</span> <span class='ocrx_word' id='word_1_463' title='bbox 3431 3338 3534 3412; x_wconf 79' lang='grc' dir='ltr'>ἆρα</span> <span class='ocrx_word' id='word_1_464' title='bbox 3575 3337 3833 3414; x_wconf 66' lang='grc' dir='ltr'>λήψεται</span> 
     </span>
    </p>
   </div>
   <div class='ocr_carea' id='block_1_50' title="bbox 402 3421 1987 3501">
    <p class='ocr_par' dir='ltr' id='par_1_50' title="bbox 402 3423 1987 3492">
     <span class='ocr_line' id='line_1_50' title="bbox 402 3423 1987 3492; baseline -0.008 -4"><span class='ocrx_word' id='word_1_465' title='bbox 402 3432 592 3488; x_wconf 87' lang='lat' dir='ltr'><strong><em>Nonne</em></strong></span> <span class='ocrx_word' id='word_1_466' title='bbox 636 3430 832 3486; x_wconf 84' lang='lat' dir='ltr'><strong><em>statim</em></strong></span> <span class='ocrx_word' id='word_1_467' title='bbox 877 3425 1245 3492; x_wconf 78' lang='lat' dir='ltr'><strong><em>excandescet,</em></strong></span> <span class='ocrx_word' id='word_1_468' title='bbox 1305 3428 1356 3478; x_wconf 91' lang='lat' dir='ltr'><strong><em>et</em></strong></span> <span class='ocrx_word' id='word_1_469' title='bbox 1411 3438 1533 3478; x_wconf 90' lang='lat' dir='ltr'><strong><em>eum</em></strong></span> <span class='ocrx_word' id='word_1_470' title='bbox 1579 3423 1820 3478; x_wconf 84' lang='lat' dir='ltr'><strong><em>convicio</em></strong></span> <span class='ocrx_word' id='word_1_471' title='bbox 1865 3437 1987 3492; x_wconf 89' lang='lat' dir='ltr'><strong><em>pers</em></strong></span> 
     </span>
    </p>
   </div>
   <div class='ocr_carea' id='block_1_51' title="bbox 2250 3421 3835 3501">
    <p class='ocr_par' dir='ltr' id='par_1_51' title="bbox 2250 3421 3835 3501">
     <span class='ocr_line' id='line_1_51' title="bbox 2250 3421 3835 3501; baseline 0.008 -29"><span class='ocrx_word' id='word_1_472' title='bbox 2250 3421 2330 3490; x_wconf 72' lang='lat'><strong><em>:6;</em></strong></span> <span class='ocrx_word' id='word_1_473' title='bbox 2378 3421 2507 3496; x_wconf 80' lang='grc' dir='ltr'><strong><em>οὖχὶ</em></strong></span> <span class='ocrx_word' id='word_1_474' title='bbox 2557 3443 2875 3498; x_wconf 79' lang='grc' dir='ltr'>μαχῃσεται,</span> <span class='ocrx_word' id='word_1_475' title='bbox 2935 3425 3025 3480; x_wconf 81' lang='grc' dir='ltr'>καὶ</span> <span class='ocrx_word' id='word_1_476' title='bbox 3085 3421 3315 3501; x_wconf 78' lang='grc' dir='ltr'>ὑϐρίσει,</span> <span class='ocrx_word' id='word_1_477' title='bbox 3379 3424 3561 3499; x_wconf 77' lang='grc' dir='ltr'>λέγων</span> <span class='ocrx_word' id='word_1_478' title='bbox 3625 3429 3835 3500; x_wconf 77' lang='grc' dir='ltr'>αὐτῷ-</span> 
     </span>
    </p>
   </div>
   <div class='ocr_carea' id='block_1_52' title="bbox 402 3509 1987 3592">
    <p class='ocr_par' dir='ltr' id='par_1_52' title="bbox 402 3509 1987 3592">
     <span class='ocr_line' id='line_1_52' title="bbox 402 3509 1987 3592; baseline -0.008 -15"><span class='ocrx_word' id='word_1_479' title='bbox 402 3528 599 3592; x_wconf 87' lang='lat' dir='ltr'><strong><em>quetur</em></strong></span> <span class='ocrx_word' id='word_1_480' title='bbox 653 3518 889 3575; x_wconf 86' lang='lat' dir='ltr'><strong><em>dicens:</em></strong></span> <span class='ocrx_word' id='word_1_481' title='bbox 957 3516 1339 3573; x_wconf 78' lang='lat' dir='ltr'><strong><em>Vestimentum</em></strong></span> <span class='ocrx_word' id='word_1_482' title='bbox 1392 3513 1667 3581; x_wconf 82' lang='lat' dir='ltr'><strong><em>integrum</em></strong></span> <span class='ocrx_word' id='word_1_483' title='bbox 1719 3510 1820 3566; x_wconf 89' lang='lat' dir='ltr'><strong><em>tibi</em></strong></span> <span class='ocrx_word' id='word_1_484' title='bbox 1873 3509 1987 3565; x_wconf 61' lang='lat' dir='ltr'><strong><em>dedi</em></strong></span> 
     </span>
    </p>
   </div>
   <div class='ocr_carea' id='block_1_53' title="bbox 2251 3509 3836 3592">
    <p class='ocr_par' dir='ltr' id='par_1_53' title="bbox 2251 3510 3836 3592">
     <span class='ocr_line' id='line_1_53' title="bbox 2251 3510 3836 3592; baseline 0.004 -27"><span class='ocrx_word' id='word_1_485' title='bbox 2251 3511 2394 3566; x_wconf 73' lang='grc' dir='ltr'>ἀτιόν</span> <span class='ocrx_word' id='word_1_486' title='bbox 2446 3532 2527 3565; x_wconf 89' lang='grc' dir='ltr'><strong><em>σοι</em></strong></span> <span class='ocrx_word' id='word_1_487' title='bbox 2579 3512 2726 3586; x_wconf 76' lang='grc' dir='ltr'>ὑγιὲς</span> <span class='ocrx_word' id='word_1_488' title='bbox 2773 3510 2967 3585; x_wconf 76' lang='grc' dir='ltr'><strong><em>ἔδωκα,</em></strong></span> <span class='ocrx_word' id='word_1_489' title='bbox 3020 3511 3108 3568; x_wconf 75' lang='grc' dir='ltr'><strong><em>διὰ</em></strong></span> <span class='ocrx_word' id='word_1_490' title='bbox 3155 3513 3208 3570; x_wconf 82' lang='grc' dir='ltr'>τί</span> <span class='ocrx_word' id='word_1_491' title='bbox 3255 3514 3386 3570; x_wconf 78' lang='grc' dir='ltr'><strong><em>αὐτὸ</em></strong></span> <span class='ocrx_word' id='word_1_492' title='bbox 3435 3512 3695 3592; x_wconf 60' lang='lat' dir='ltr'><strong><em>Eclio-ac,</em></strong></span> <span class='ocrx_word' id='word_1_493' title='bbox 3743 3521 3836 3574; x_wconf 67' lang='lat' dir='ltr'><strong><em>ui</em></strong></span> 
     </span>
    </p>
   </div>
   <div class='ocr_carea' id='block_1_54' title="bbox 401 3599 1986 3682">
    <p class='ocr_par' dir='ltr' id='par_1_54' title="bbox 401 3599 1986 3682">
     <span class='ocr_line' id='line_1_54' title="bbox 401 3599 1986 3682; baseline -0.008 -16"><span class='ocrx_word' id='word_1_494' title='bbox 401 3625 575 3682; x_wconf 90' lang='lat' dir='ltr'><strong><em>quare</em></strong></span> <span class='ocrx_word' id='word_1_495' title='bbox 614 3608 800 3665; x_wconf 88' lang='lat' dir='ltr'><strong><em>cidisti</em></strong></span> <span class='ocrx_word' id='word_1_496' title='bbox 854 3605 1015 3671; x_wconf 86' lang='lat' dir='ltr'><strong><em>illud,</em></strong></span> <span class='ocrx_word' id='word_1_497' title='bbox 1074 3611 1128 3659; x_wconf 87' lang='lat' dir='ltr'><strong><em>et</em></strong></span> <span class='ocrx_word' id='word_1_498' title='bbox 1159 3603 1359 3659; x_wconf 85' lang='lat' dir='ltr'><strong><em>inutile</em></strong></span> <span class='ocrx_word' id='word_1_499' title='bbox 1395 3602 1621 3672; x_wconf 80' lang='lat' dir='ltr'><strong><em>fecisti?</em></strong></span> <span class='ocrx_word' id='word_1_500' title='bbox 1656 3600 1718 3656; x_wconf 91' lang='lat' dir='ltr'><strong><em>Si</em></strong></span> <span class='ocrx_word' id='word_1_501' title='bbox 1769 3599 1986 3668; x_wconf 88' lang='lat' dir='ltr'><strong><em>igituri</em></strong></span> 
     </span>
    </p>
   </div>
   <div class='ocr_carea' id='block_1_55' title="bbox 2249 3599 3834 3682">
    <p class='ocr_par' dir='ltr' id='par_1_55' title="bbox 2249 3600 3834 3681">
     <span class='ocr_line' id='line_1_55' title="bbox 2249 3600 3834 3681; baseline 0.005 -27"><span class='ocrx_word' id='word_1_502' title='bbox 2249 3600 2456 3670; x_wconf 72' lang='grc' dir='ltr'>εοίηκας</span> <span class='ocrx_word' id='word_1_503' title='bbox 2517 3602 2792 3677; x_wconf 80' lang='grc' dir='ltr'>ἄχρηστον</span> <span class='ocrx_word' id='word_1_504' title='bbox 2845 3620 2858 3671; x_wconf 89' lang='lat'>;</span> <span class='ocrx_word' id='word_1_505' title='bbox 2902 3603 2964 3657; x_wconf 81' lang='grc' dir='ltr'><strong><em>Εἰ</em></strong></span> <span class='ocrx_word' id='word_1_506' title='bbox 3024 3601 3114 3657; x_wconf 82' lang='grc' dir='ltr'>οὖν</span> <span class='ocrx_word' id='word_1_507' title='bbox 3172 3603 3346 3666; x_wconf 80' lang='grc' dir='ltr'>οὕτως</span> <span class='ocrx_word' id='word_1_508' title='bbox 3404 3606 3528 3681; x_wconf 74' lang='grc' dir='ltr'>περέ</span> <span class='ocrx_word' id='word_1_509' title='bbox 3591 3607 3834 3680; x_wconf 72' lang='grc' dir='ltr'>ἱματίου</span> 
     </span>
    </p>
   </div>
   <div class='ocr_carea' id='block_1_56' title="bbox 399 3687 1984 3772">
    <p class='ocr_par' dir='ltr' id='par_1_56' title="bbox 399 3688 1984 3769">
     <span class='ocr_line' id='line_1_56' title="bbox 399 3688 1984 3769; baseline -0.008 -14"><span class='ocrx_word' id='word_1_510' title='bbox 399 3699 544 3757; x_wconf 87' lang='lat' dir='ltr'><strong><em>dolet</em></strong></span> <span class='ocrx_word' id='word_1_511' title='bbox 571 3699 777 3769; x_wconf 87' lang='lat' dir='ltr'><strong><em>aliquis</em></strong></span> <span class='ocrx_word' id='word_1_512' title='bbox 831 3695 896 3751; x_wconf 87' lang='lat' dir='ltr'><strong><em>de</em></strong></span> <span class='ocrx_word' id='word_1_513' title='bbox 945 3695 1283 3758; x_wconf 89' lang='lat' dir='ltr'><strong><em>vestimento,</em></strong></span> <span class='ocrx_word' id='word_1_514' title='bbox 1350 3696 1401 3747; x_wconf 89' lang='lat' dir='ltr'><strong><em>et</em></strong></span> <span class='ocrx_word' id='word_1_515' title='bbox 1446 3691 1695 3762; x_wconf 85' lang='lat' dir='ltr'><strong><em>queritur</em></strong></span> <span class='ocrx_word' id='word_1_516' title='bbox 1740 3688 1884 3760; x_wconf 91' lang='lat' dir='ltr'><strong><em>quod</em></strong></span> <span class='ocrx_word' id='word_1_517' title='bbox 1937 3707 1984 3743; x_wconf 68' lang='grc' dir='ltr'><strong><em>ηε</em></strong></span> 
     </span>
    </p>
   </div>
   <div class='ocr_carea' id='block_1_57' title="bbox 2253 3687 3838 3772">
    <p class='ocr_par' dir='ltr' id='par_1_57' title="bbox 2253 3689 3838 3772">
     <span class='ocr_line' id='line_1_57' title="bbox 2253 3689 3838 3772; baseline 0.006 -30"><span class='ocrx_word' id='word_1_518' title='bbox 2253 3689 2407 3743; x_wconf 77' lang='grc' dir='ltr'>ιεῖταί</span> <span class='ocrx_word' id='word_1_519' title='bbox 2451 3711 2554 3760; x_wconf 81' lang='grc' dir='ltr'>τις,</span> <span class='ocrx_word' id='word_1_520' title='bbox 2607 3691 2694 3745; x_wconf 84' lang='grc' dir='ltr'>καὶ</span> <span class='ocrx_word' id='word_1_521' title='bbox 2752 3691 3004 3768; x_wconf 81' lang='grc' dir='ltr'>μάχεται,</span> <span class='ocrx_word' id='word_1_522' title='bbox 3055 3691 3138 3747; x_wconf 78' lang='grc' dir='ltr'><strong><em>δτι</em></strong></span> <span class='ocrx_word' id='word_1_523' title='bbox 3184 3693 3282 3748; x_wconf 76' lang='grc' dir='ltr'>οὐκ</span> <span class='ocrx_word' id='word_1_524' title='bbox 3328 3693 3640 3772; x_wconf 64' lang='grc' dir='ltr'>ἀπείληφεν</span> <span class='ocrx_word' id='word_1_525' title='bbox 3679 3699 3838 3772; x_wconf 49' lang='grc' dir='ltr'><strong><em>ὁτιὴ</em></strong></span> 
     </span>
    </p>
   </div>
   <div class='ocr_carea' id='block_1_58' title="bbox 396 3779 1981 3859">
    <p class='ocr_par' dir='ltr' id='par_1_58' title="bbox 396 3780 1981 3858">
     <span class='ocr_line' id='line_1_58' title="bbox 396 3780 1981 3858; baseline -0.008 -14"><span class='ocrx_word' id='word_1_526' title='bbox 396 3789 540 3844; x_wconf 89' lang='lat' dir='ltr'><strong><em>illud</em></strong></span> <span class='ocrx_word' id='word_1_527' title='bbox 567 3790 845 3858; x_wconf 88' lang='lat' dir='ltr'><strong><em>integrum</em></strong></span> <span class='ocrx_word' id='word_1_528' title='bbox 888 3783 1206 3854; x_wconf 84' lang='lat' dir='ltr'><strong><em>receperit;</em></strong></span> <span class='ocrx_word' id='word_1_529' title='bbox 1265 3780 1396 3851; x_wconf 87' lang='lat' dir='ltr'><strong><em>quid</em></strong></span> <span class='ocrx_word' id='word_1_530' title='bbox 1449 3788 1704 3851; x_wconf 88' lang='lat' dir='ltr'><strong><em>putamus</em></strong></span> <span class='ocrx_word' id='word_1_531' title='bbox 1745 3780 1981 3834; x_wconf 84' lang='lat' dir='ltr'><strong><em>Dominu</em></strong></span> 
     </span>
    </p>
   </div>
   <div class='ocr_carea' id='block_1_59' title="bbox 2249 3779 3834 3859">
    <p class='ocr_par' dir='ltr' id='par_1_59' title="bbox 2265 3779 3834 3859">
     <span class='ocr_line' id='line_1_59' title="bbox 2265 3779 3834 3859; baseline 0.006 -28"><span class='ocrx_word' id='word_1_532' title='bbox 2265 3780 2506 3851; x_wconf 71' lang='grc' dir='ltr'>ἱμάτιον,</span> <span class='ocrx_word' id='word_1_533' title='bbox 2567 3780 2617 3833; x_wconf 76' lang='grc' dir='ltr'>τί</span> <span class='ocrx_word' id='word_1_534' title='bbox 2679 3779 2941 3854; x_wconf 80' lang='grc' dir='ltr'>δοκοῦμεν</span> <span class='ocrx_word' id='word_1_535' title='bbox 3001 3783 3188 3836; x_wconf 81' lang='grc' dir='ltr'>παθεῖν</span> <span class='ocrx_word' id='word_1_536' title='bbox 3246 3783 3350 3837; x_wconf 78' lang='grc' dir='ltr'><strong><em>ὑπὸ</em></strong></span> <span class='ocrx_word' id='word_1_537' title='bbox 3401 3788 3500 3838; x_wconf 70' lang='grc' dir='ltr'>τοῦ</span> <span class='ocrx_word' id='word_1_538' title='bbox 3558 3788 3790 3859; x_wconf 68' lang='grc' dir='ltr'>Κυρίου</span> <span class='ocrx_word' id='word_1_539' title='bbox 3823 3835 3834 3856; x_wconf 82' lang='grc'><strong>,</strong></span> 
     </span>
    </p>
   </div>
   <div class='ocr_carea' id='block_1_60' title="bbox 397 3863 1982 3946">
    <p class='ocr_par' dir='ltr' id='par_1_60' title="bbox 397 3869 1982 3946">
     <span class='ocr_line' id='line_1_60' title="bbox 397 3869 1982 3946; baseline -0.008 -12"><span class='ocrx_word' id='word_1_540' title='bbox 397 3877 554 3934; x_wconf 86' lang='lat' dir='ltr'><strong><em>nobis</em></strong></span> <span class='ocrx_word' id='word_1_541' title='bbox 608 3878 910 3946; x_wconf 80' lang='lat' dir='ltr'><strong><em>facturum,</em></strong></span> <span class='ocrx_word' id='word_1_542' title='bbox 959 3874 1053 3945; x_wconf 89' lang='lat' dir='ltr'><strong><em>qui</em></strong></span> <span class='ocrx_word' id='word_1_543' title='bbox 1108 3872 1363 3943; x_wconf 86' lang='lat' dir='ltr'><strong><em>spiritum</em></strong></span> <span class='ocrx_word' id='word_1_544' title='bbox 1390 3870 1672 3940; x_wconf 87' lang='lat' dir='ltr'><strong><em>integrum</em></strong></span> <span class='ocrx_word' id='word_1_545' title='bbox 1709 3869 1982 3939; x_wconf 72' lang='lat' dir='ltr'><strong><em>accepimv</em></strong></span> 
     </span>
    </p>
   </div>
   <div class='ocr_carea' id='block_1_61' title="bbox 2248 3863 3833 3946">
    <p class='ocr_par' dir='ltr' id='par_1_61' title="bbox 2259 3863 3833 3944">
     <span class='ocr_line' id='line_1_61' title="bbox 2259 3863 3833 3944; baseline 0.006 -24"><span class='ocrx_word' id='word_1_546' title='bbox 2259 3871 2470 3941; x_wconf 76' lang='grc' dir='ltr'>πνεῦμα</span> <span class='ocrx_word' id='word_1_547' title='bbox 2514 3863 2768 3931; x_wconf 75' lang='grc' dir='ltr'>λαϐόντες</span> <span class='ocrx_word' id='word_1_548' title='bbox 2826 3870 2990 3944; x_wconf 75' lang='grc' dir='ltr'>ὑγιὲς,</span> <span class='ocrx_word' id='word_1_549' title='bbox 3049 3870 3138 3924; x_wconf 82' lang='grc' dir='ltr'>καὶ</span> <span class='ocrx_word' id='word_1_550' title='bbox 3196 3876 3354 3926; x_wconf 74' lang='grc' dir='ltr'>τοῦτο</span> <span class='ocrx_word' id='word_1_551' title='bbox 3415 3869 3786 3943; x_wconf 67' lang='grc' dir='ltr'>λυπήσαντες</span> <span class='ocrx_word' id='word_1_552' title='bbox 3819 3922 3833 3942; x_wconf 83' lang='lat'><strong><em>,</em></strong></span> 
     </span>
    </p>
   </div>
   <div class='ocr_carea' id='block_1_62' title="bbox 397 3955 1982 4036">
    <p class='ocr_par' dir='ltr' id='par_1_62' title="bbox 397 3956 1982 4033">
     <span class='ocr_line' id='line_1_62' title="bbox 397 3956 1982 4033; baseline -0.007 -11"><span class='ocrx_word' id='word_1_553' title='bbox 397 3971 448 4022; x_wconf 90' lang='lat' dir='ltr'><strong><em>et</em></strong></span> <span class='ocrx_word' id='word_1_554' title='bbox 474 3966 638 4022; x_wconf 87' lang='lat' dir='ltr'><strong><em>illum</em></strong></span> <span class='ocrx_word' id='word_1_555' title='bbox 681 3963 926 4020; x_wconf 87' lang='lat' dir='ltr'><strong><em>molestia</em></strong></span> <span class='ocrx_word' id='word_1_556' title='bbox 979 3962 1263 4033; x_wconf 74' lang='lat' dir='ltr'><strong><em>aﬂ‘ecimus</em></strong></span> <span class='ocrx_word' id='word_1_557' title='bbox 1284 3963 1334 4014; x_wconf 89' lang='lat' dir='ltr'><strong><em>et</em></strong></span> <span class='ocrx_word' id='word_1_558' title='bbox 1359 3960 1617 4014; x_wconf 87' lang='lat' dir='ltr'><strong><em>inutilem</em></strong></span> <span class='ocrx_word' id='word_1_559' title='bbox 1680 3956 1982 4013; x_wconf 79' lang='lat' dir='ltr'><strong><em>reddidimv</em></strong></span> 
     </span>
    </p>
   </div>
   <div class='ocr_carea' id='block_1_63' title="bbox 2246 3955 3831 4036">
    <p class='ocr_par' dir='ltr' id='par_1_63' title="bbox 2272 3956 3831 4036">
     <span class='ocr_line' id='line_1_63' title="bbox 2272 3956 3831 4036; baseline 0.006 -27"><span class='ocrx_word' id='word_1_560' title='bbox 2272 3956 2688 4032; x_wconf 73' lang='grc' dir='ltr'>ἀχρειώσαντες,</span> <span class='ocrx_word' id='word_1_561' title='bbox 2744 3959 2819 4030; x_wconf 79' lang='grc' dir='ltr'><strong><em>μὴ</em></strong></span> <span class='ocrx_word' id='word_1_562' title='bbox 2870 3957 2920 4012; x_wconf 81' lang='grc' dir='ltr'>ἐν</span> <span class='ocrx_word' id='word_1_563' title='bbox 2969 3960 3258 4031; x_wconf 83' lang='grc' dir='ltr'>σεμνότητι</span> <span class='ocrx_word' id='word_1_564' title='bbox 3302 3961 3831 4036; x_wconf 46' lang='grc' dir='ltr'>πολιτευσάμενος</span> 
     </span>
    </p>
   </div>
   <div class='ocr_carea' id='block_1_64' title="bbox 397 4043 1982 4127">
    <p class='ocr_par' dir='ltr' id='par_1_64' title="bbox 397 4045 1982 4112">
     <span class='ocr_line' id='line_1_64' title="bbox 397 4045 1982 4112; baseline -0.007 0"><span class='ocrx_word' id='word_1_565' title='bbox 397 4071 508 4112; x_wconf 86' lang='lat' dir='ltr'><strong><em>non</em></strong></span> <span class='ocrx_word' id='word_1_566' title='bbox 535 4056 772 4110; x_wconf 84' lang='lat' dir='ltr'><strong><em>viventes</em></strong></span> <span class='ocrx_word' id='word_1_567' title='bbox 828 4068 950 4106; x_wconf 90' lang='lat' dir='ltr'><strong><em>cum</em></strong></span> <span class='ocrx_word' id='word_1_568' title='bbox 998 4051 1329 4110; x_wconf 90' lang='lat' dir='ltr'><strong><em>homestate;</em></strong></span> <span class='ocrx_word' id='word_1_569' title='bbox 1365 4049 1443 4103; x_wconf 90' lang='lat' dir='ltr'><strong><em>ita</em></strong></span> <span class='ocrx_word' id='word_1_570' title='bbox 1466 4051 1529 4101; x_wconf 86' lang='lat' dir='ltr'><strong><em>ut</em></strong></span> <span class='ocrx_word' id='word_1_571' title='bbox 1554 4045 1714 4102; x_wconf 88' lang='lat' dir='ltr'><strong><em>nullo</em></strong></span> <span class='ocrx_word' id='word_1_572' title='bbox 1739 4048 1871 4101; x_wconf 89' lang='lat' dir='ltr'><strong><em>usui</em></strong></span> <span class='ocrx_word' id='word_1_573' title='bbox 1928 4062 1982 4101; x_wconf 91' lang='lat' dir='ltr'><strong><em>es</em></strong></span> 
     </span>
    </p>
   </div>
   <div class='ocr_carea' id='block_1_65' title="bbox 2251 4043 3836 4127">
    <p class='ocr_par' dir='ltr' id='par_1_65' title="bbox 2299 4043 3836 4127">
     <span class='ocr_line' id='line_1_65' title="bbox 2299 4043 3836 4127; baseline 0.005 -28"><span class='ocrx_word' id='word_1_574' title='bbox 2299 4045 2376 4108; x_wconf 83' lang='grc' dir='ltr'>εἷς</span> <span class='ocrx_word' id='word_1_575' title='bbox 2435 4043 2693 4120; x_wconf 75' lang='grc' dir='ltr'>οὐδεμίαν</span> <span class='ocrx_word' id='word_1_576' title='bbox 2753 4050 2948 4122; x_wconf 74' lang='grc' dir='ltr'>χρῆσιν</span> <span class='ocrx_word' id='word_1_577' title='bbox 3012 4045 3228 4103; x_wconf 77' lang='grc' dir='ltr'>δύναται</span> <span class='ocrx_word' id='word_1_578' title='bbox 3299 4050 3426 4105; x_wconf 80' lang='grc' dir='ltr'>εἶναι</span> <span class='ocrx_word' id='word_1_579' title='bbox 3483 4055 3565 4122; x_wconf 78' lang='grc' dir='ltr'><strong><em>τῷ</em></strong></span> <span class='ocrx_word' id='word_1_580' title='bbox 3635 4055 3836 4127; x_wconf 64' lang='grc' dir='ltr'>Κυρίῳ</span> 
     </span>
    </p>
   </div>
   <div class='ocr_carea' id='block_1_66' title="bbox 397 4133 1982 4219">
    <p class='ocr_par' dir='ltr' id='par_1_66' title="bbox 397 4135 1982 4216">
     <span class='ocr_line' id='line_1_66' title="bbox 397 4135 1982 4216; baseline -0.007 -15"><span class='ocrx_word' id='word_1_581' title='bbox 397 4145 565 4216; x_wconf 83' lang='lat' dir='ltr'><strong><em>possit</em></strong></span> <span class='ocrx_word' id='word_1_582' title='bbox 583 4143 802 4198; x_wconf 87' lang='lat' dir='ltr'><strong><em>domino</em></strong></span> <span class='ocrx_word' id='word_1_583' title='bbox 857 4143 1147 4197; x_wconf 82' lang='lat' dir='ltr'><strong><em>suo?nam</em></strong></span> <span class='ocrx_word' id='word_1_584' title='bbox 1168 4153 1324 4204; x_wconf 85' lang='lat' dir='ltr'><strong><em>usus,</em></strong></span> <span class='ocrx_word' id='word_1_585' title='bbox 1364 4138 1592 4208; x_wconf 84' lang='lat' dir='ltr'><strong><em>spiritus</em></strong></span> <span class='ocrx_word' id='word_1_586' title='bbox 1633 4152 1668 4190; x_wconf 90' lang='lat' dir='ltr'><strong><em>a</em></strong></span> <span class='ocrx_word' id='word_1_587' title='bbox 1713 4135 1872 4191; x_wconf 84' lang='lat' dir='ltr'><strong><em>nobis</em></strong></span> <span class='ocrx_word' id='word_1_588' title='bbox 1923 4151 1982 4191; x_wconf 90' lang='lat' dir='ltr'><strong><em>co</em></strong></span> 
     </span>
    </p>
   </div>
   <div class='ocr_carea' id='block_1_67' title="bbox 2246 4133 3831 4219">
    <p class='ocr_par' dir='ltr' id='par_1_67' title="bbox 2246 4136 3831 4219">
     <span class='ocr_line' id='line_1_67' title="bbox 2246 4136 3831 4219; baseline 0.006 -31"><span class='ocrx_word' id='word_1_589' title='bbox 2246 4138 2342 4188; x_wconf 81' lang='grc' dir='ltr'>τοῦ</span> <span class='ocrx_word' id='word_1_590' title='bbox 2391 4153 2404 4204; x_wconf 93' lang='grc'><strong>;</strong></span> <span class='ocrx_word' id='word_1_591' title='bbox 2465 4137 2499 4204; x_wconf 79' lang='grc' dir='ltr'><strong>ἡ</strong></span> <span class='ocrx_word' id='word_1_592' title='bbox 2563 4136 2662 4212; x_wconf 75' lang='grc' dir='ltr'><strong><em>γὰρ</em></strong></span> <span class='ocrx_word' id='word_1_593' title='bbox 2719 4143 2920 4212; x_wconf 78' lang='grc' dir='ltr'>χρῆσις</span> <span class='ocrx_word' id='word_1_594' title='bbox 2975 4141 3073 4192; x_wconf 77' lang='grc' dir='ltr'><strong><em>τοῦ</em></strong></span> <span class='ocrx_word' id='word_1_595' title='bbox 3133 4139 3438 4212; x_wconf 78' lang='grc' dir='ltr'>πνεύματος</span> <span class='ocrx_word' id='word_1_596' title='bbox 3499 4141 3588 4219; x_wconf 63' lang='grc' dir='ltr'>ὑφ’</span> <span class='ocrx_word' id='word_1_597' title='bbox 3655 4145 3831 4216; x_wconf 69' lang='grc' dir='ltr'><strong><em>ἧμῶ</em></strong></span> 
     </span>
    </p>
   </div>
   <div class='ocr_carea' id='block_1_68' title="bbox 397 4224 1982 4305">
    <p class='ocr_par' dir='ltr' id='par_1_68' title="bbox 397 4239 713 4305">
     <span class='ocr_line' id='line_1_68' title="bbox 397 4239 713 4305; baseline -0.003 -17"><span class='ocrx_word' id='word_1_598' title='bbox 397 4241 592 4305; x_wconf 88' lang='lat' dir='ltr'><strong><em>ruptus</em></strong></span> <span class='ocrx_word' id='word_1_599' title='bbox 619 4239 713 4289; x_wconf 88' lang='lat' dir='ltr'><strong><em>est.</em></strong></span> 
     </span>
    </p>
   </div>
   <div class='ocr_carea' id='block_1_69' title="bbox 896 4224 2481 4305">
    <p class='ocr_par' dir='ltr' id='par_1_69' title="bbox 2150 4224 2481 4300">
     <span class='ocr_line' id='line_1_69' title="bbox 2150 4224 2481 4300; baseline 0.012 -24"><span class='ocrx_word' id='word_1_600' title='bbox 2150 4224 2458 4300; x_wconf 79' lang='grc' dir='ltr'>κατεφθάρη</span> <span class='ocrx_word' id='word_1_601' title='bbox 2471 4269 2481 4280; x_wconf 95' lang='grc'>.</span> 
     </span>
    </p>
   </div>
   <div class='ocr_carea' id='block_1_70' title="bbox 1853 4340 2343 4398">
    <p class='ocr_par' dir='ltr' id='par_1_70' title="bbox 1853 4340 2343 4398">
     <span class='ocr_line' id='line_1_70' title="bbox 1853 4340 2343 4398; baseline -0.002 -2"><span class='ocrx_word' id='word_1_602' title='bbox 1853 4340 2083 4398; x_wconf 87' lang='lat' dir='ltr'><strong><em>CAPUT</em></strong></span> <span class='ocrx_word' id='word_1_603' title='bbox 2121 4340 2343 4396; x_wconf 85' lang='lat' dir='ltr'><strong>XXXIII</strong></span> 
     </span>
    </p>
   </div>
   <div class='ocr_carea' id='block_1_71' title="bbox 465 4448 3838 4524">
    <p class='ocr_par' dir='ltr' id='par_1_71' title="bbox 465 4448 3838 4524">
     <span class='ocr_line' id='line_1_71' title="bbox 465 4448 3838 4524; baseline 0.001 -12"><span class='ocrx_word' id='word_1_604' title='bbox 465 4455 596 4512; x_wconf 62' lang='lat' dir='ltr'><strong><em>Haec</em></strong></span> <span class='ocrx_word' id='word_1_605' title='bbox 644 4455 993 4524; x_wconf 71' lang='lat' dir='ltr'><strong><em>omniaquae</em></strong></span> <span class='ocrx_word' id='word_1_606' title='bbox 1025 4451 1419 4523; x_wconf 87' lang='lat' dir='ltr'><strong><em>suprascripta</em></strong></span> <span class='ocrx_word' id='word_1_607' title='bbox 1449 4453 1604 4516; x_wconf 89' lang='lat' dir='ltr'><strong><em>sunt,</em></strong></span> <span class='ocrx_word' id='word_1_608' title='bbox 1658 4465 1760 4519; x_wconf 85' lang='lat' dir='ltr'><strong><em>ego</em></strong></span> <span class='ocrx_word' id='word_1_609' title='bbox 1813 4452 2008 4520; x_wconf 86' lang='lat' dir='ltr'><strong><em>pastor</em></strong></span> <span class='ocrx_word' id='word_1_610' title='bbox 2039 4449 2279 4505; x_wconf 89' lang='lat' dir='ltr'><strong><em>nuntius</em></strong></span> <span class='ocrx_word' id='word_1_611' title='bbox 2310 4448 2658 4521; x_wconf 64' lang='lat' dir='ltr'><strong><em>poenitentiae</em></strong></span> <span class='ocrx_word' id='word_1_612' title='bbox 2717 4451 2962 4519; x_wconf 89' lang='lat' dir='ltr'><strong><em>ostendi,</em></strong></span> <span class='ocrx_word' id='word_1_613' title='bbox 3024 4453 3080 4508; x_wconf 88' lang='lat' dir='ltr'><strong><em>et</em></strong></span> <span class='ocrx_word' id='word_1_614' title='bbox 3137 4451 3363 4508; x_wconf 85' lang='lat' dir='ltr'><strong><em>locutus</em></strong></span> <span class='ocrx_word' id='word_1_615' title='bbox 3419 4469 3559 4509; x_wconf 88' lang='lat' dir='ltr'><strong><em>sum</em></strong></span> <span class='ocrx_word' id='word_1_616' title='bbox 3632 4459 3838 4514; x_wconf 71' lang='lat' dir='ltr'><strong><em>servis</em></strong></span> 
     </span>
    </p>
   </div>
   <div class='ocr_carea' id='block_1_72' title="bbox 391 4537 3839 4615">
    <p class='ocr_par' dir='ltr' id='par_1_72' title="bbox 391 4537 3839 4615">
     <span class='ocr_line' id='line_1_72' title="bbox 391 4537 3839 4615; baseline 0.001 -14"><span class='ocrx_word' id='word_1_617' title='bbox 391 4544 512 4601; x_wconf 91' lang='lat' dir='ltr'><strong><em>Dei.</em></strong></span> <span class='ocrx_word' id='word_1_618' title='bbox 544 4545 601 4600; x_wconf 90' lang='lat' dir='ltr'><strong><em>Si</em></strong></span> <span class='ocrx_word' id='word_1_619' title='bbox 631 4560 764 4615; x_wconf 77' lang='lat' dir='ltr'><strong><em>ergo</em></strong></span> <span class='ocrx_word' id='word_1_620' title='bbox 821 4541 1200 4611; x_wconf 84' lang='lat' dir='ltr'><strong><em>credideritis,</em></strong></span> <span class='ocrx_word' id='word_1_621' title='bbox 1232 4548 1286 4595; x_wconf 82' lang='lat' dir='ltr'><strong><em>et</em></strong></span> <span class='ocrx_word' id='word_1_622' title='bbox 1340 4538 1636 4595; x_wconf 88' lang='lat' dir='ltr'><strong><em>audieritis</em></strong></span> <span class='ocrx_word' id='word_1_623' title='bbox 1687 4537 1865 4593; x_wconf 89' lang='lat' dir='ltr'><strong><em>verba</em></strong></span> <span class='ocrx_word' id='word_1_624' title='bbox 1918 4553 2068 4608; x_wconf 87' lang='lat' dir='ltr'><strong><em>mea,</em></strong></span> <span class='ocrx_word' id='word_1_625' title='bbox 2119 4545 2168 4593; x_wconf 86' lang='lat' dir='ltr'><strong><em>et</em></strong></span> <span class='ocrx_word' id='word_1_626' title='bbox 2230 4537 2664 4593; x_wconf 86' lang='lat' dir='ltr'><strong><em>ambulaveritis</em></strong></span> <span class='ocrx_word' id='word_1_627' title='bbox 2720 4538 2782 4593; x_wconf 90' lang='lat' dir='ltr'><strong><em>in</em></strong></span> <span class='ocrx_word' id='word_1_628' title='bbox 2830 4538 2994 4609; x_wconf 90' lang='lat' dir='ltr'><strong><em>ipsis,</em></strong></span> <span class='ocrx_word' id='word_1_629' title='bbox 3053 4543 3110 4595; x_wconf 90' lang='lat' dir='ltr'><strong><em>et</em></strong></span> <span class='ocrx_word' id='word_1_630' title='bbox 3165 4541 3532 4598; x_wconf 82' lang='lat' dir='ltr'><strong><em>correxeritis</em></strong></span> <span class='ocrx_word' id='word_1_631' title='bbox 3599 4544 3839 4603; x_wconf 68' lang='lat' dir='ltr'><strong><em>itiner:</em></strong></span> 
     </span>
    </p>
   </div>
   <div class='ocr_carea' id='block_1_73' title="bbox 391 4626 3836 4704">
    <p class='ocr_par' dir='ltr' id='par_1_73' title="bbox 391 4626 3836 4704">
     <span class='ocr_line' id='line_1_73' title="bbox 391 4626 3836 4704; baseline 0.001 -14"><span class='ocrx_word' id='word_1_632' title='bbox 391 4637 613 4702; x_wconf 82' lang='lat' dir='ltr'><strong><em>vestra;</em></strong></span> <span class='ocrx_word' id='word_1_633' title='bbox 644 4633 836 4688; x_wconf 89' lang='lat' dir='ltr'><strong><em>vivere</em></strong></span> <span class='ocrx_word' id='word_1_634' title='bbox 866 4629 1146 4704; x_wconf 90' lang='lat' dir='ltr'><strong><em>poteritis.</em></strong></span> <span class='ocrx_word' id='word_1_635' title='bbox 1180 4629 1284 4685; x_wconf 87' lang='lat' dir='ltr'><strong><em>Sin</em></strong></span> <span class='ocrx_word' id='word_1_636' title='bbox 1315 4631 1511 4683; x_wconf 89' lang='lat' dir='ltr'><strong><em>autem</em></strong></span> <span class='ocrx_word' id='word_1_637' title='bbox 1567 4626 2002 4698; x_wconf 85' lang='lat' dir='ltr'><strong><em>permanseritis</em></strong></span> <span class='ocrx_word' id='word_1_638' title='bbox 2060 4626 2176 4698; x_wconf 84' lang='lat'>(51)</span> <span class='ocrx_word' id='word_1_639' title='bbox 2222 4628 2282 4682; x_wconf 89' lang='lat' dir='ltr'><strong><em>in</em></strong></span> <span class='ocrx_word' id='word_1_640' title='bbox 2339 4626 2561 4682; x_wconf 89' lang='lat' dir='ltr'><strong><em>malitia</em></strong></span> <span class='ocrx_word' id='word_1_641' title='bbox 2609 4633 2662 4681; x_wconf 86' lang='lat' dir='ltr'><strong><em>et</em></strong></span> <span class='ocrx_word' id='word_1_642' title='bbox 2717 4629 2995 4684; x_wconf 87' lang='lat' dir='ltr'><strong><em>memoria</em></strong></span> <span class='ocrx_word' id='word_1_643' title='bbox 3049 4629 3422 4698; x_wconf 80' lang='lat' dir='ltr'><strong><em>oti‘ensarum,</em></strong></span> <span class='ocrx_word' id='word_1_644' title='bbox 3477 4630 3706 4690; x_wconf 82' lang='lat' dir='ltr'><strong><em>nullus</em></strong></span> <span class='ocrx_word' id='word_1_645' title='bbox 3767 4652 3836 4692; x_wconf 74' lang='lat' dir='ltr'><strong><em>ex</em></strong></span> 
     </span>
    </p>
   </div>
   <div class='ocr_carea' id='block_1_74' title="bbox 390 4715 3833 4794">
    <p class='ocr_par' dir='ltr' id='par_1_74' title="bbox 390 4715 3833 4794">
     <span class='ocr_line' id='line_1_74' title="bbox 390 4715 3833 4794; baseline 0.001 -15"><span class='ocrx_word' id='word_1_646' title='bbox 390 4722 725 4794; x_wconf 85' lang='lat' dir='ltr'><strong><em>hujusmodi</em></strong></span> <span class='ocrx_word' id='word_1_647' title='bbox 783 4719 1179 4793; x_wconf 86' lang='lat' dir='ltr'><strong><em>peccatoribus</em></strong></span> <span class='ocrx_word' id='word_1_648' title='bbox 1230 4717 1381 4774; x_wconf 85' lang='lat' dir='ltr'><strong><em>vivet</em></strong></span> <span class='ocrx_word' id='word_1_649' title='bbox 1438 4715 1551 4788; x_wconf 89' lang='lat'>(52)</span> <span class='ocrx_word' id='word_1_650' title='bbox 1583 4715 1719 4771; x_wconf 91' lang='lat' dir='ltr'><strong><em>Deo.</em></strong></span> <span class='ocrx_word' id='word_1_651' title='bbox 1768 4715 1900 4772; x_wconf 74' lang='lat' dir='ltr'><strong><em>Haec</em></strong></span> <span class='ocrx_word' id='word_1_652' title='bbox 1929 4716 2126 4772; x_wconf 87' lang='lat' dir='ltr'><strong><em>omnia</em></strong></span> <span class='ocrx_word' id='word_1_653' title='bbox 2155 4733 2189 4772; x_wconf 89' lang='lat' dir='ltr'><strong><em>a</em></strong></span> <span class='ocrx_word' id='word_1_654' title='bbox 2217 4731 2307 4771; x_wconf 90' lang='lat' dir='ltr'><strong><em>me</em></strong></span> <span class='ocrx_word' id='word_1_655' title='bbox 2346 4716 2645 4781; x_wconf 89' lang='lat' dir='ltr'><strong><em>discenda,</em></strong></span> <span class='ocrx_word' id='word_1_656' title='bbox 2677 4716 2830 4772; x_wconf 87' lang='lat' dir='ltr'><strong><em>dicta</em></strong></span> <span class='ocrx_word' id='word_1_657' title='bbox 2859 4726 2992 4773; x_wconf 84' lang='lat' dir='ltr'><strong><em>sunt</em></strong></span> <span class='ocrx_word' id='word_1_658' title='bbox 3037 4719 3200 4775; x_wconf 86' lang='lat' dir='ltr'><strong><em>vobis</em></strong></span> <span class='ocrx_word' id='word_1_659' title='bbox 3222 4720 3354 4791; x_wconf 91' lang='lat'>(53).</span> <span class='ocrx_word' id='word_1_660' title='bbox 3386 4721 3483 4776; x_wconf 85' lang='lat' dir='ltr'><strong><em>Ait</em></strong></span> <span class='ocrx_word' id='word_1_661' title='bbox 3527 4723 3695 4780; x_wconf 85' lang='lat' dir='ltr'><strong><em>mihi</em></strong></span> <span class='ocrx_word' id='word_1_662' title='bbox 3733 4726 3833 4780; x_wconf 79' lang='lat' dir='ltr'><strong><em>ille</em></strong></span> 
     </span>
    </p>
   </div>
   <div class='ocr_carea' id='block_1_75' title="bbox 1570 4839 2625 4896">
    <p class='ocr_par' dir='ltr' id='par_1_75' title="bbox 1570 4839 2625 4896">
     <span class='ocr_line' id='line_1_75' title="bbox 1570 4839 2625 4896; baseline 0.001 -3"><span class='ocrx_word' id='word_1_663' title='bbox 1570 4839 1816 4895; x_wconf 71' lang='lat' dir='ltr'><strong><em>VARI/E</em></strong></span> <span class='ocrx_word' id='word_1_664' title='bbox 1855 4839 2238 4896; x_wconf 87' lang='lat' dir='ltr'><strong><em>LECTIONES</em></strong></span> <span class='ocrx_word' id='word_1_665' title='bbox 2276 4840 2368 4895; x_wconf 87' lang='lat' dir='ltr'><strong><em>ET</em></strong></span> <span class='ocrx_word' id='word_1_666' title='bbox 2400 4839 2625 4896; x_wconf 71' lang='grc' dir='ltr'><strong><em>ΝΟΤΛΕ.</em></strong></span> 
     </span>
    </p>
   </div>
   <div class='ocr_carea' id='block_1_76' title="bbox 461 5159 480 5374">
    <p class='ocr_par' dir='ltr' id='par_1_76' title="bbox 461 5159 480 5374">
     <span class='ocr_line' id='line_1_76' title="bbox 461 5159 480 5374; baseline 0 0"><span class='ocrx_word' id='word_1_667' title='bbox 461 5159 480 5374; x_wconf 68' lang='grc' dir='ltr'><em>ἓ</em></span> 
     </span>
    </p>
   </div>
   <div class='ocr_carea' id='block_1_77' title="bbox 464 4938 3005 5015">
    <p class='ocr_par' dir='ltr' id='par_1_77' title="bbox 464 4938 3005 5015">
     <span class='ocr_line' id='line_1_77' title="bbox 464 4938 3005 5015; baseline -0.002 -16"><span class='ocrx_word' id='word_1_668' title='bbox 464 4943 574 5015; x_wconf 84' lang='grc'>(39)</span> <span class='ocrx_word' id='word_1_669' title='bbox 606 4941 803 5015; x_wconf 87' lang='lat' dir='ltr'><strong><em>Lamb.</em></strong></span> <span class='ocrx_word' id='word_1_670' title='bbox 832 4941 1145 4998; x_wconf 84' lang='lat' dir='ltr'><strong><em>Remediate</em></strong></span> <span class='ocrx_word' id='word_1_671' title='bbox 1173 4955 1303 5015; x_wconf 70' lang='lat' dir='ltr'><strong><em>ergg</em></strong></span> <span class='ocrx_word' id='word_1_672' title='bbox 1332 4955 1442 4995; x_wconf 88' lang='lat' dir='ltr'><strong><em>vos.</em></strong></span> <span class='ocrx_word' id='word_1_673' title='bbox 1519 5012 1527 5015; x_wconf 91' lang='lat'>_</span> <span class='ocrx_word' id='word_1_674' title='bbox 1640 5011 1649 5015; x_wconf 83' lang='lat'><strong>_</strong></span> <span class='ocrx_word' id='word_1_675' title='bbox 1924 5009 1974 5015; x_wconf 86' lang='lat'><strong><em>__</em></strong></span> <span class='ocrx_word' id='word_1_676' title='bbox 2221 4938 2332 5015; x_wconf 66' lang='grc'>(47)</span> <span class='ocrx_word' id='word_1_677' title='bbox 2365 4938 2567 5015; x_wconf 72' lang='lat' dir='ltr'><strong><em>Lamb.</em></strong></span> <span class='ocrx_word' id='word_1_678' title='bbox 2601 4939 2663 5015; x_wconf 70' lang='lat' dir='ltr'><strong><em>in</em></strong></span> <span class='ocrx_word' id='word_1_679' title='bbox 2690 4938 2858 5015; x_wconf 84' lang='lat' dir='ltr'><strong><em>nullo</em></strong></span> <span class='ocrx_word' id='word_1_680' title='bbox 2883 4955 3005 4994; x_wconf 87' lang='lat' dir='ltr'><strong><em>usu.</em></strong></span> 
     </span>
    </p>
   </div>
   <div class='ocr_carea' id='block_1_78' title="bbox 463 5009 3822 5088">
    <p class='ocr_par' dir='ltr' id='par_1_78' title="bbox 463 5009 3822 5088">
     <span class='ocr_line' id='line_1_78' title="bbox 463 5009 3822 5088; baseline -0.003 -18"><span class='ocrx_word' id='word_1_681' title='bbox 463 5009 576 5088; x_wconf 86' lang='grc'>(40)</span> <span class='ocrx_word' id='word_1_682' title='bbox 610 5014 813 5070; x_wconf 87' lang='lat' dir='ltr'><strong><em>Lamb.</em></strong></span> <span class='ocrx_word' id='word_1_683' title='bbox 845 5018 898 5070; x_wconf 85' lang='lat' dir='ltr'><strong><em>et</em></strong></span> <span class='ocrx_word' id='word_1_684' title='bbox 917 5015 1210 5071; x_wconf 86' lang='lat' dir='ltr'><strong><em>enimvero.</em></strong></span> <span class='ocrx_word' id='word_1_685' title='bbox 1235 5009 1450 5082; x_wconf 54' lang='lat' dir='ltr'><strong><em>&#39;Forte,</em></strong></span> <span class='ocrx_word' id='word_1_686' title='bbox 1473 5012 1527 5066; x_wconf 87' lang='lat' dir='ltr'><strong><em>ei</em></strong></span> <span class='ocrx_word' id='word_1_687' title='bbox 1554 5011 1706 5066; x_wconf 87' lang='lat' dir='ltr'><strong><em>enim</em></strong></span> <span class='ocrx_word' id='word_1_688' title='bbox 1733 5025 1884 5065; x_wconf 86' lang='lat' dir='ltr'><strong><em>vera.</em></strong></span> <span class='ocrx_word' id='word_1_689' title='bbox 1919 5009 2031 5065; x_wconf 89' lang='lat' dir='ltr'><strong><em>Sic.</em></strong></span> <span class='ocrx_word' id='word_1_690' title='bbox 2183 5085 2190 5088; x_wconf 18' lang='grc' dir='ltr'><strong>Α</strong></span> <span class='ocrx_word' id='word_1_691' title='bbox 2221 5009 2331 5081; x_wconf 87' lang='grc'>(48)</span> <span class='ocrx_word' id='word_1_692' title='bbox 2366 5009 2567 5088; x_wconf 81' lang='lat' dir='ltr'><strong><em>Lamb.</em></strong></span> <span class='ocrx_word' id='word_1_693' title='bbox 2612 5010 2902 5088; x_wconf 75' lang='lat' dir='ltr'><strong><em>Dominum</em></strong></span> <span class='ocrx_word' id='word_1_694' title='bbox 2947 5013 3207 5088; x_wconf 85' lang='lat' dir='ltr'><strong><em>spiritum</em></strong></span> <span class='ocrx_word' id='word_1_695' title='bbox 3261 5015 3400 5086; x_wconf 85' lang='lat' dir='ltr'><strong><em>ejus,</em></strong></span> <span class='ocrx_word' id='word_1_696' title='bbox 3452 5022 3704 5086; x_wconf 64' lang='lat' dir='ltr'><strong><em>propter</em></strong></span> <span class='ocrx_word' id='word_1_697' title='bbox 3731 5022 3822 5088; x_wconf 63' lang='grc' dir='ltr'><strong><em>[ει-</em></strong></span> 
     </span>
    </p>
   </div>
   <div class='ocr_carea' id='block_1_79' title="bbox 392 5081 3822 5156">
    <p class='ocr_par' dir='ltr' id='par_1_79' title="bbox 392 5081 3822 5156">
     <span class='ocr_line' id='line_1_79' title="bbox 392 5081 3822 5156; baseline 0.001 -13"><span class='ocrx_word' id='word_1_698' title='bbox 392 5091 449 5143; x_wconf 87' lang='lat' dir='ltr'><strong><em>et</em></strong></span> <span class='ocrx_word' id='word_1_699' title='bbox 469 5081 610 5142; x_wconf 76' lang='lat' dir='ltr'><strong><em>Mss.</em></strong></span> <span class='ocrx_word' id='word_1_700' title='bbox 639 5090 822 5141; x_wconf 86' lang='lat' dir='ltr'><strong><em>Carm.</em></strong></span> <span class='ocrx_word' id='word_1_701' title='bbox 2144 5085 2293 5137; x_wconf 85' lang='lat' dir='ltr'><strong><em>ctum</em></strong></span> <span class='ocrx_word' id='word_1_702' title='bbox 2325 5093 2477 5137; x_wconf 83' lang='lat' dir='ltr'><strong><em>tuum</em></strong></span> <span class='ocrx_word' id='word_1_703' title='bbox 2524 5081 2624 5156; x_wconf 87' lang='lat' dir='ltr'><strong><em>_hoc</em></strong></span> <span class='ocrx_word' id='word_1_704' title='bbox 2651 5097 2686 5135; x_wconf 89' lang='lat' dir='ltr'><strong><em>a</em></strong></span> <span class='ocrx_word' id='word_1_705' title='bbox 2731 5082 2873 5156; x_wconf 82' lang='lat' dir='ltr'><strong><em>facie</em></strong></span> <span class='ocrx_word' id='word_1_706' title='bbox 2927 5084 3109 5153; x_wconf 82' lang='lat' dir='ltr'><strong><em>plane,</em></strong></span> <span class='ocrx_word' id='word_1_707' title='bbox 3161 5081 3411 5156; x_wconf 76' lang='lat' dir='ltr'><strong><em>inquam,</em></strong></span> <span class='ocrx_word' id='word_1_708' title='bbox 3452 5081 3681 5144; x_wconf 56' lang='lat' dir='ltr'><strong><em>&#39;omnes</em></strong></span> <span class='ocrx_word' id='word_1_709' title='bbox 3731 5081 3822 5146; x_wconf 51' lang='grc' dir='ltr'><strong><em>ἐς</em></strong></span> 
     </span>
    </p>
   </div>
   <div class='ocr_carea' id='block_1_80' title="bbox 486 5153 3820 5231">
    <p class='ocr_par' dir='ltr' id='par_1_80' title="bbox 486 5153 3820 5231">
     <span class='ocr_line' id='line_1_80' title="bbox 486 5153 3820 5231; baseline 0 -19"><span class='ocrx_word' id='word_1_710' title='bbox 486 5158 575 5231; x_wconf 86' lang='grc'><strong><em>41)</em></strong></span> <span class='ocrx_word' id='word_1_711' title='bbox 608 5156 810 5231; x_wconf 83' lang='lat' dir='ltr'><strong><em>Lamb.</em></strong></span> <span class='ocrx_word' id='word_1_712' title='bbox 847 5156 1127 5231; x_wconf 85' lang='lat' dir='ltr'><strong><em>litigiosis.</em></strong></span> <span class='ocrx_word' id='word_1_713' title='bbox 2144 5167 2487 5231; x_wconf 78' lang='lat' dir='ltr'><strong><em>quoscunque</em></strong></span> <span class='ocrx_word' id='word_1_714' title='bbox 2509 5153 2786 5231; x_wconf 63' lang='lat' dir='ltr'><strong><em>invenerit</em></strong></span> <span class='ocrx_word' id='word_1_715' title='bbox 2814 5155 2875 5207; x_wconf 90' lang='lat' dir='ltr'><strong><em>in</em></strong></span> <span class='ocrx_word' id='word_1_716' title='bbox 2921 5158 3189 5210; x_wconf 86' lang='lat' dir='ltr'><strong><em>memoria</em></strong></span> <span class='ocrx_word' id='word_1_717' title='bbox 3217 5153 3556 5231; x_wconf 70' lang='lat' dir='ltr'><strong><em>oﬁ&#39;ensarurn</em></strong></span> <span class='ocrx_word' id='word_1_718' title='bbox 3580 5177 3820 5231; x_wconf 66' lang='lat' dir='ltr'><strong><em>pm-</em></strong></span> 
     </span>
    </p>
   </div>
   <div class='ocr_carea' id='block_1_81' title="bbox 486 5158 3812 5306">
    <p class='ocr_par' dir='ltr' id='par_1_81' title="bbox 486 5158 3812 5306">
     <span class='ocr_line' id='line_1_81' title="bbox 486 5158 3812 5231; baseline 0.001 -19"><span class='ocrx_word' id='word_1_719' title='bbox 486 5159 548 5213; x_wconf 86' lang='grc'>41</span> <span class='ocrx_word' id='word_1_720' title='bbox 608 5158 810 5212; x_wconf 88' lang='lat' dir='ltr'><strong><em>Lamb.</em></strong></span> <span class='ocrx_word' id='word_1_721' title='bbox 847 5158 1127 5225; x_wconf 88' lang='lat' dir='ltr'><strong><em>litigiosis.</em></strong></span> <span class='ocrx_word' id='word_1_722' title='bbox 2144 5167 2487 5224; x_wconf 88' lang='lat' dir='ltr'><strong><em>quoscunque</em></strong></span> <span class='ocrx_word' id='word_1_723' title='bbox 2509 5158 2786 5207; x_wconf 82' lang='lat' dir='ltr'><strong><em>invenerit</em></strong></span> <span class='ocrx_word' id='word_1_724' title='bbox 2814 5158 2875 5207; x_wconf 88' lang='lat' dir='ltr'><strong><em>in</em></strong></span> <span class='ocrx_word' id='word_1_725' title='bbox 2921 5158 3189 5210; x_wconf 88' lang='lat' dir='ltr'><strong><em>memoria</em></strong></span> <span class='ocrx_word' id='word_1_726' title='bbox 3217 5158 3556 5228; x_wconf 71' lang='lat' dir='ltr'><strong><em>oﬁ&#39;ensarum</em></strong></span> <span class='ocrx_word' id='word_1_727' title='bbox 3580 5177 3812 5231; x_wconf 68' lang='grc' dir='ltr'>ρεπεα-</span> 
     </span>
     <span class='ocr_line' id='line_1_82' title="bbox 486 5158 3812 5306; baseline -0.001 -15"><span class='ocrx_word' id='word_1_728' title='bbox 486 5158 576 5306; x_wconf 49' lang='lat'><strong><em>43;</em></strong></span> <span class='ocrx_word' id='word_1_729' title='bbox 609 5227 802 5306; x_wconf 61' lang='lat' dir='ltr'><strong><em>Lamb.</em></strong></span> <span class='ocrx_word' id='word_1_730' title='bbox 835 5229 1016 5306; x_wconf 69' lang='lat' dir='ltr'><strong><em>deest,</em></strong></span> <span class='ocrx_word' id='word_1_731' title='bbox 1048 5243 1249 5282; x_wconf 82' lang='lat' dir='ltr'><strong><em>meum.</em></strong></span> <span class='ocrx_word' id='word_1_732' title='bbox 2145 5241 2290 5306; x_wconf 76' lang='lat' dir='ltr'><strong><em>nere,</em></strong></span> <span class='ocrx_word' id='word_1_733' title='bbox 2314 5223 2728 5306; x_wconf 56' lang='lat' dir='ltr'><strong><em>afﬁcietNullo</em></strong></span> <span class='ocrx_word' id='word_1_734' title='bbox 2759 5240 2934 5306; x_wconf 74' lang='lat' dir='ltr'><strong><em>sensu</em></strong></span> <span class='ocrx_word' id='word_1_735' title='bbox 2971 5243 2982 5281; x_wconf 90' lang='lat'><strong>:</strong></span> <span class='ocrx_word' id='word_1_736' title='bbox 3021 5243 3201 5306; x_wconf 87' lang='lat' dir='ltr'><strong><em>eoque</em></strong></span> <span class='ocrx_word' id='word_1_737' title='bbox 3232 5230 3472 5285; x_wconf 87' lang='lat' dir='ltr'><strong><em>nomine</em></strong></span> <span class='ocrx_word' id='word_1_738' title='bbox 3504 5229 3665 5288; x_wconf 79' lang='lat' dir='ltr'><strong><em>hanc</em></strong></span> <span class='ocrx_word' id='word_1_739' title='bbox 3735 5233 3812 5289; x_wconf 87' lang='lat' dir='ltr'><strong><em>le-</em></strong></span> 
     </span>
    </p>
   </div>
   <div class='ocr_carea' id='block_1_82' title="bbox 483 5295 3126 5374">
    <p class='ocr_par' dir='ltr' id='par_1_82' title="bbox 483 5295 3126 5374">
     <span class='ocr_line' id='line_1_83' title="bbox 483 5295 3126 5374; baseline -0.001 -18"><span class='ocrx_word' id='word_1_740' title='bbox 483 5295 574 5374; x_wconf 89' lang='grc'>43)</span> <span class='ocrx_word' id='word_1_741' title='bbox 605 5299 802 5374; x_wconf 81' lang='lat' dir='ltr'><strong><em>_L_amb.</em></strong></span> <span class='ocrx_word' id='word_1_742' title='bbox 835 5301 897 5355; x_wconf 91' lang='lat' dir='ltr'><strong><em>in</em></strong></span> <span class='ocrx_word' id='word_1_743' title='bbox 927 5295 1108 5374; x_wconf 73' lang='lat' dir='ltr'><strong><em>usum.</em></strong></span> <span class='ocrx_word' id='word_1_744' title='bbox 1154 5369 1167 5374; x_wconf 28' lang='grc' dir='ltr'><strong>Α</strong></span> <span class='ocrx_word' id='word_1_745' title='bbox 1195 5372 1207 5374; x_wconf 95' lang='lat'>_</span> <span class='ocrx_word' id='word_1_746' title='bbox 1266 5369 1305 5374; x_wconf 89' lang='lat'>_</span> <span class='ocrx_word' id='word_1_747' title='bbox 1472 5369 1481 5374; x_wconf 25' lang='grc' dir='ltr'><strong>Α</strong></span> <span class='ocrx_word' id='word_1_748' title='bbox 1534 5365 1544 5374; x_wconf 88' lang='lat'><em>_</em></span> <span class='ocrx_word' id='word_1_749' title='bbox 1675 5368 1683 5374; x_wconf 91' lang='lat'><em>_</em></span> <span class='ocrx_word' id='word_1_750' title='bbox 2143 5297 2393 5374; x_wconf 72' lang='lat' dir='ltr'><strong><em>stionem</em></strong></span> <span class='ocrx_word' id='word_1_751' title='bbox 2418 5313 2451 5350; x_wconf 89' lang='lat' dir='ltr'><strong><em>a</em></strong></span> <span class='ocrx_word' id='word_1_752' title='bbox 2477 5295 2627 5374; x_wconf 66' lang='lat' dir='ltr'><strong><em>Eellp</em></strong></span> <span class='ocrx_word' id='word_1_753' title='bbox 2659 5295 2932 5352; x_wconf 87' lang='lat' dir='ltr'><strong><em>omissam</em></strong></span> <span class='ocrx_word' id='word_1_754' title='bbox 2966 5295 3126 5368; x_wconf 61' lang='lat' dir='ltr'><strong><em>puto:</em></strong></span> 
     </span>
    </p>
   </div>
   <div class='ocr_carea' id='block_1_83' title="bbox 457 5365 2863 5445">
    <p class='ocr_par' dir='ltr' id='par_1_83' title="bbox 457 5365 2863 5445">
     <span class='ocr_line' id='line_1_84' title="bbox 457 5365 2863 5445; baseline -0.003 -16"><span class='ocrx_word' id='word_1_755' title='bbox 457 5365 573 5445; x_wconf 81' lang='grc'>(44)</span> <span class='ocrx_word' id='word_1_756' title='bbox 603 5372 710 5429; x_wconf 84' lang='lat' dir='ltr'><strong><em>Ms.</em></strong></span> <span class='ocrx_word' id='word_1_757' title='bbox 733 5373 925 5426; x_wconf 88' lang='lat' dir='ltr'><strong><em>Carm.</em></strong></span> <span class='ocrx_word' id='word_1_758' title='bbox 956 5369 1210 5445; x_wconf 61' lang='lat' dir='ltr'><strong><em>fullonii</em></strong></span> <span class='ocrx_word' id='word_1_759' title='bbox 1253 5369 1404 5445; x_wconf 80' lang='lat' dir='ltr'><strong><em>Ergo</em></strong></span> <span class='ocrx_word' id='word_1_760' title='bbox 1432 5369 1484 5445; x_wconf 79' lang='lat' dir='ltr'><strong><em>et</em></strong></span> <span class='ocrx_word' id='word_1_761' title='bbox 1510 5365 1576 5421; x_wconf 90' lang='lat' dir='ltr'><strong><em>de</em></strong></span> <span class='ocrx_word' id='word_1_762' title='bbox 1603 5368 1845 5445; x_wconf 80' lang='lat' dir='ltr'><strong><em>scissura</em></strong></span> <span class='ocrx_word' id='word_1_763' title='bbox 1873 5383 2036 5445; x_wconf 80' lang='lat' dir='ltr'><strong><em>quam</em></strong></span> <span class='ocrx_word' id='word_1_764' title='bbox 2213 5369 2325 5445; x_wconf 63' lang='lat'>(49)</span> <span class='ocrx_word' id='word_1_765' title='bbox 2357 5366 2548 5445; x_wconf 75' lang='lat' dir='ltr'><strong><em>Lamb.</em></strong></span> <span class='ocrx_word' id='word_1_766' title='bbox 2582 5367 2863 5445; x_wconf 74' lang='lat' dir='ltr'><strong><em>honorate.</em></strong></span> 
     </span>
    </p>
   </div>
   <div class='ocr_carea' id='block_1_84' title="bbox 386 5437 3213 5514">
    <p class='ocr_par' dir='ltr' id='par_1_84' title="bbox 386 5437 3213 5514">
     <span class='ocr_line' id='line_1_85' title="bbox 386 5437 3213 5514; baseline -0.001 -16"><span class='ocrx_word' id='word_1_767' title='bbox 386 5437 474 5498; x_wconf 69' lang='grc' dir='ltr'><strong><em>ἐπ’</em></strong></span> <span class='ocrx_word' id='word_1_768' title='bbox 509 5437 828 5499; x_wconf 78' lang='lat' dir='ltr'><strong><em>vestimento</em></strong></span> <span class='ocrx_word' id='word_1_769' title='bbox 884 5437 976 5499; x_wconf 82' lang='lat' dir='ltr'><strong><em>tuo</em></strong></span> <span class='ocrx_word' id='word_1_770' title='bbox 1030 5441 1242 5514; x_wconf 78' lang='lat' dir='ltr'><strong><em>fecerit,</em></strong></span> <span class='ocrx_word' id='word_1_771' title='bbox 1259 5440 1310 5494; x_wconf 93' lang='lat' dir='ltr'><strong><em>si</em></strong></span> <span class='ocrx_word' id='word_1_772' title='bbox 1343 5437 1499 5494; x_wconf 17' lang='lat' dir='ltr'><strong><em>idoles</em></strong></span> <span class='ocrx_word' id='word_1_773' title='bbox 1529 5446 1588 5494; x_wconf 84' lang='lat' dir='ltr'><strong><em>tu</em></strong></span> <span class='ocrx_word' id='word_1_774' title='bbox 1641 5442 1692 5495; x_wconf 89' lang='lat' dir='ltr'><strong><em>et</em></strong></span> <span class='ocrx_word' id='word_1_775' title='bbox 1759 5437 2030 5509; x_wconf 80' lang='lat' dir='ltr'><strong><em>quereris,</em></strong></span> <span class='ocrx_word' id='word_1_776' title='bbox 2213 5437 2324 5514; x_wconf 83' lang='grc'>(50)</span> <span class='ocrx_word' id='word_1_777' title='bbox 2360 5438 2548 5514; x_wconf 71' lang='lat' dir='ltr'><strong><em>Lamb.</em></strong></span> <span class='ocrx_word' id='word_1_778' title='bbox 2578 5440 2966 5514; x_wconf 70' lang='lat' dir='ltr'><strong><em>paenitentiam</em></strong></span> <span class='ocrx_word' id='word_1_779' title='bbox 3006 5443 3213 5496; x_wconf 84' lang='lat' dir='ltr'><strong><em>utilem.</em></strong></span> 
     </span>
    </p>
   </div>
   <div class='ocr_carea' id='block_1_85' title="bbox 386 5511 3620 5585">
    <p class='ocr_par' dir='ltr' id='par_1_85' title="bbox 386 5511 3620 5585">
     <span class='ocr_line' id='line_1_86' title="bbox 386 5511 3620 5585; baseline 0.002 -17"><span class='ocrx_word' id='word_1_780' title='bbox 386 5515 652 5584; x_wconf 89' lang='lat' dir='ltr'><strong><em>quodnon</em></strong></span> <span class='ocrx_word' id='word_1_781' title='bbox 672 5514 976 5570; x_wconf 85' lang='lat' dir='ltr'><strong><em>reddidisti</em></strong></span> <span class='ocrx_word' id='word_1_782' title='bbox 998 5531 1010 5569; x_wconf 89' lang='lat'>:</span> <span class='ocrx_word' id='word_1_783' title='bbox 1030 5511 1179 5584; x_wconf 84' lang='lat' dir='ltr'><strong><em>quid</em></strong></span> <span class='ocrx_word' id='word_1_784' title='bbox 1204 5516 1388 5582; x_wconf 87' lang='lat' dir='ltr'><strong><em>putas.</em></strong></span> <span class='ocrx_word' id='word_1_785' title='bbox 2212 5511 2322 5585; x_wconf 72' lang='lat' dir='ltr'>(5i)</span> <span class='ocrx_word' id='word_1_786' title='bbox 2353 5511 2549 5585; x_wconf 74' lang='lat' dir='ltr'><strong><em>Lamb.</em></strong></span> <span class='ocrx_word' id='word_1_787' title='bbox 2574 5511 2804 5585; x_wconf 79' lang='lat' dir='ltr'><strong><em>desunt,</em></strong></span> <span class='ocrx_word' id='word_1_788' title='bbox 2832 5511 2927 5565; x_wconf 89' lang='lat' dir='ltr'><strong><em>Sin</em></strong></span> <span class='ocrx_word' id='word_1_789' title='bbox 2956 5518 3143 5585; x_wconf 80' lang='lat' dir='ltr'><strong><em>autem</em></strong></span> <span class='ocrx_word' id='word_1_790' title='bbox 3166 5518 3620 5585; x_wconf 77' lang='lat' dir='ltr'><strong><em>pennanserilis.</em></strong></span> 
     </span>
    </p>
   </div>
   <div class='ocr_carea' id='block_1_86' title="bbox 455 5581 3181 5655">
    <p class='ocr_par' dir='ltr' id='par_1_86' title="bbox 455 5581 3181 5655">
     <span class='ocr_line' id='line_1_87' title="bbox 455 5581 3181 5655; baseline -0.001 -16"><span class='ocrx_word' id='word_1_791' title='bbox 455 5586 569 5655; x_wconf 85' lang='grc'>(45)</span> <span class='ocrx_word' id='word_1_792' title='bbox 615 5586 807 5641; x_wconf 90' lang='lat' dir='ltr'><strong><em>Lamb.</em></strong></span> <span class='ocrx_word' id='word_1_793' title='bbox 841 5585 988 5641; x_wconf 88' lang='lat' dir='ltr'><strong><em>doles</em></strong></span> <span class='ocrx_word' id='word_1_794' title='bbox 1013 5581 1071 5640; x_wconf 77' lang='lat' dir='ltr'><strong><em>et</em></strong></span> <span class='ocrx_word' id='word_1_795' title='bbox 1096 5581 1368 5655; x_wconf 80' lang='lat' dir='ltr'><strong><em>quereris.</em></strong></span> <span class='ocrx_word' id='word_1_796' title='bbox 1571 5651 1605 5655; x_wconf 86' lang='lat'><em>__</em></span> <span class='ocrx_word' id='word_1_797' title='bbox 1728 5653 1744 5655; x_wconf 97' lang='lat'>_</span> <span class='ocrx_word' id='word_1_798' title='bbox 2019 5654 2023 5655; x_wconf 12' lang='grc' dir='ltr'>ί</span> <span class='ocrx_word' id='word_1_799' title='bbox 2211 5581 2323 5652; x_wconf 86' lang='grc'>(52)</span> <span class='ocrx_word' id='word_1_800' title='bbox 2351 5582 2543 5655; x_wconf 83' lang='lat' dir='ltr'><strong><em>Lamb.</em></strong></span> <span class='ocrx_word' id='word_1_801' title='bbox 2585 5598 2656 5635; x_wconf 80' lang='lat' dir='ltr'><strong><em>ea:</em></strong></span> <span class='ocrx_word' id='word_1_802' title='bbox 2679 5581 2993 5655; x_wconf 73' lang='lat' dir='ltr'><strong><em>hujusmodi</em></strong></span> <span class='ocrx_word' id='word_1_803' title='bbox 3020 5581 3181 5639; x_wconf 55' lang='lat' dir='ltr'><strong><em>vivit:</em></strong></span> 
     </span>
    </p>
   </div>
   <div class='ocr_carea' id='block_1_87' title="bbox 481 5601 3286 5726">
    <p class='ocr_par' dir='ltr' id='par_1_87' title="bbox 481 5601 3286 5726">
     <span class='ocr_line' id='line_1_88' title="bbox 481 5601 3184 5667; baseline -0 -28"><span class='ocrx_word' id='word_1_804' title='bbox 481 5601 547 5639; x_wconf 74' lang='grc'><strong><em>45</em></strong></span> <span class='ocrx_word' id='word_1_805' title='bbox 615 5601 807 5641; x_wconf 81' lang='lat' dir='ltr'><strong><em>Lamo.</em></strong></span> <span class='ocrx_word' id='word_1_806' title='bbox 841 5601 988 5641; x_wconf 66' lang='grc' dir='ltr'>αοιθις</span> <span class='ocrx_word' id='word_1_807' title='bbox 1013 5601 1064 5640; x_wconf 80' lang='lat' dir='ltr'><strong><em>et</em></strong></span> <span class='ocrx_word' id='word_1_808' title='bbox 1096 5601 1368 5663; x_wconf 75' lang='lat' dir='ltr'><strong><em>quereris.</em></strong></span> <span class='ocrx_word' id='word_1_809' title='bbox 1595 5652 1606 5662; x_wconf 49' lang='lat'>&#39;</span> <span class='ocrx_word' id='word_1_810' title='bbox 2211 5601 2323 5652; x_wconf 70' lang='grc' dir='ltr'>(δι)</span> <span class='ocrx_word' id='word_1_811' title='bbox 2351 5601 2543 5637; x_wconf 64' lang='lat' dir='ltr'><strong><em>LIII“).</em></strong></span> <span class='ocrx_word' id='word_1_812' title='bbox 2585 5601 2656 5635; x_wconf 80' lang='lat' dir='ltr'><strong><em>ea:</em></strong></span> <span class='ocrx_word' id='word_1_813' title='bbox 2679 5601 2989 5653; x_wconf 77' lang='lat' dir='ltr'><strong><em>nujusmoat</em></strong></span> <span class='ocrx_word' id='word_1_814' title='bbox 3020 5601 3184 5667; x_wconf 43' lang='grc' dir='ltr'>ιξιυιεῖ</span> 
     </span>
     <span class='ocr_line' id='line_1_89' title="bbox 481 5601 3286 5726; baseline 0.002 -18"><span class='ocrx_word' id='word_1_815' title='bbox 481 5601 569 5726; x_wconf 59' lang='grc'><strong><em>46)</em></strong></span> <span class='ocrx_word' id='word_1_816' title='bbox 601 5658 682 5710; x_wconf 87' lang='lat' dir='ltr'><strong><em>Ita</em></strong></span> <span class='ocrx_word' id='word_1_817' title='bbox 710 5671 778 5713; x_wconf 83' lang='lat' dir='ltr'><strong><em>ex</em></strong></span> <span class='ocrx_word' id='word_1_818' title='bbox 804 5657 999 5714; x_wconf 85' lang='lat' dir='ltr'><strong><em>Lamb.</em></strong></span> <span class='ocrx_word' id='word_1_819' title='bbox 1050 5655 1241 5712; x_wconf 87' lang='lat' dir='ltr'><strong><em>Fellus</em></strong></span> <span class='ocrx_word' id='word_1_820' title='bbox 1269 5669 1328 5708; x_wconf 87' lang='lat' dir='ltr'><strong><em>1n</em></strong></span> <span class='ocrx_word' id='word_1_821' title='bbox 1361 5667 1466 5708; x_wconf 87' lang='lat' dir='ltr'><strong><em>sua</em></strong></span> <span class='ocrx_word' id='word_1_822' title='bbox 1519 5651 1652 5708; x_wconf 74' lang='lat' dir='ltr'><strong><em>edit.</em></strong></span> <span class='ocrx_word' id='word_1_823' title='bbox 1713 5653 1897 5709; x_wconf 84' lang='lat' dir='ltr'><strong><em>Oxon.</em></strong></span> <span class='ocrx_word' id='word_1_824' title='bbox 1965 5654 2028 5708; x_wconf 84' lang='lat' dir='ltr'><strong><em>At</em></strong></span> <span class='ocrx_word' id='word_1_825' title='bbox 2211 5655 2322 5726; x_wconf 87' lang='lat'>(53)</span> <span class='ocrx_word' id='word_1_826' title='bbox 2357 5653 2544 5710; x_wconf 78' lang='lat' dir='ltr'><strong><em>Lamb.</em></strong></span> <span class='ocrx_word' id='word_1_827' title='bbox 2570 5669 2658 5709; x_wconf 90' lang='lat' dir='ltr'><strong><em>me</em></strong></span> <span class='ocrx_word' id='word_1_828' title='bbox 2681 5652 2898 5711; x_wconf 86' lang='lat' dir='ltr'><strong><em>docente</em></strong></span> <span class='ocrx_word' id='word_1_829' title='bbox 2925 5655 3074 5712; x_wconf 76' lang='lat' dir='ltr'><strong><em>vobis</em></strong></span> <span class='ocrx_word' id='word_1_830' title='bbox 3124 5657 3286 5713; x_wconf 71' lang='lat' dir='ltr'><strong><em>dicta.</em></strong></span> 
     </span>
    </p>
   </div>
   <div class='ocr_carea' id='block_1_88' title="bbox 386 5727 669 5798">
    <p class='ocr_par' dir='ltr' id='par_1_88' title="bbox 386 5727 669 5798">
     <span class='ocr_line' id='line_1_90' title="bbox 386 5727 669 5798; baseline -0.004 -14"><span class='ocrx_word' id='word_1_831' title='bbox 386 5727 669 5798; x_wconf 85' lang='lat' dir='ltr'><strong><em>redegisti.</em></strong></span> 
     </span>
    </p>
   </div>
  </div>
