  <div class='ocr_page' id='page_1' title='image "/cluster/home/n/w/nwhite01/storage/ocr_20150623/2/hvd.32044073501397/513.png"; bbox 0 0 4014 6226; ppageno 0'>
   <div class='ocr_carea' id='block_1_1' title="bbox 410 370 3815 447">
    <p class='ocr_par' dir='ltr' id='par_1_1' title="bbox 410 370 3815 447">
     <span class='ocr_line' id='line_1_1' title="bbox 410 370 3815 447; baseline -0.001 -1"><span class='ocrx_word' id='word_1_1' title='bbox 410 370 560 447; x_wconf 76' lang='lat' dir='ltr'><strong>10H</strong></span> <span class='ocrx_word' id='word_1_2' title='bbox 1584 384 1980 446; x_wconf 86' lang='lat' dir='ltr'><strong>APPENDIX</strong></span> <span class='ocrx_word' id='word_1_3' title='bbox 2022 387 2127 445; x_wconf 86' lang='lat' dir='ltr'><strong>AD</strong></span> <span class='ocrx_word' id='word_1_4' title='bbox 2173 387 2239 447; x_wconf 90' lang='lat' dir='ltr'><strong>s.</strong></span> <span class='ocrx_word' id='word_1_5' title='bbox 2285 385 2650 446; x_wconf 85' lang='lat' dir='ltr'><strong>HERMAM.</strong></span> <span class='ocrx_word' id='word_1_6' title='bbox 3659 383 3815 444; x_wconf 72' lang='lat'><strong>1012</strong></span> 
     </span>
    </p>
   </div>
   <div class='ocr_carea' id='block_1_2' title="bbox 408 518 3818 592">
    <p class='ocr_par' dir='ltr' id='par_1_2' title="bbox 408 518 3818 592">
     <span class='ocr_line' id='line_1_2' title="bbox 408 518 3818 592; baseline -0.001 -17"><span class='ocrx_word' id='word_1_7' title='bbox 408 522 702 592; x_wconf 81' lang='lat' dir='ltr'><strong>pastorem</strong></span> <span class='ocrx_word' id='word_1_8' title='bbox 733 518 934 574; x_wconf 91' lang='lat' dir='ltr'><strong>illum:</strong></span> <span class='ocrx_word' id='word_1_9' title='bbox 967 518 1147 574; x_wconf 86' lang='lat' dir='ltr'><strong>Video</strong></span> <span class='ocrx_word' id='word_1_10' title='bbox 1180 535 1411 591; x_wconf 86' lang='lat' dir='ltr'><strong>servum</strong></span> <span class='ocrx_word' id='word_1_11' title='bbox 1441 519 1540 575; x_wconf 87' lang='lat' dir='ltr'><strong>Dei</strong></span> <span class='ocrx_word' id='word_1_12' title='bbox 1572 519 1714 574; x_wconf 79' lang='lat' dir='ltr'><strong>velle</strong></span> <span class='ocrx_word' id='word_1_13' title='bbox 1759 519 1952 574; x_wconf 90' lang='lat' dir='ltr'><strong>videre</strong></span> <span class='ocrx_word' id='word_1_14' title='bbox 2011 520 2122 590; x_wconf 78' lang='lat' dir='ltr'>(7G)</span> <span class='ocrx_word' id='word_1_15' title='bbox 2153 528 2209 574; x_wconf 84' lang='lat' dir='ltr'><strong>et</strong></span> <span class='ocrx_word' id='word_1_16' title='bbox 2248 519 2539 575; x_wconf 88' lang='lat' dir='ltr'><strong>custodire</strong></span> <span class='ocrx_word' id='word_1_17' title='bbox 2585 521 2703 575; x_wconf 82' lang='lat' dir='ltr'><strong>haec</strong></span> <span class='ocrx_word' id='word_1_18' title='bbox 2752 521 3029 575; x_wconf 88' lang='lat' dir='ltr'><strong>mandata</strong></span> <span class='ocrx_word' id='word_1_19' title='bbox 3060 537 3073 587; x_wconf 85' lang='lat'><strong>;</strong></span> <span class='ocrx_word' id='word_1_20' title='bbox 3102 522 3160 575; x_wconf 89' lang='lat' dir='ltr'><strong>et</strong></span> <span class='ocrx_word' id='word_1_21' title='bbox 3181 518 3435 591; x_wconf 82' lang='lat' dir='ltr'><strong>virgines</strong></span> <span class='ocrx_word' id='word_1_22' title='bbox 3455 518 3567 573; x_wconf 88' lang='lat' dir='ltr'><strong>has</strong></span> <span class='ocrx_word' id='word_1_23' title='bbox 3588 518 3818 572; x_wconf 85' lang='lat' dir='ltr'><strong>munda</strong></span> 
     </span>
    </p>
   </div>
   <div class='ocr_carea' id='block_1_3' title="bbox 409 607 3818 680">
    <p class='ocr_par' dir='ltr' id='par_1_3' title="bbox 409 607 3818 680">
     <span class='ocr_line' id='line_1_3' title="bbox 409 607 3818 680; baseline -0.001 -17"><span class='ocrx_word' id='word_1_24' title='bbox 409 608 767 663; x_wconf 83' lang='lat' dir='ltr'><strong>habitatione</strong></span> <span class='ocrx_word' id='word_1_25' title='bbox 793 607 1205 663; x_wconf 89' lang='lat' dir='ltr'><strong>collocaturum</strong></span> <span class='ocrx_word' id='word_1_26' title='bbox 1240 610 1370 679; x_wconf 85' lang='lat'>(77).</span> <span class='ocrx_word' id='word_1_27' title='bbox 1424 610 1551 663; x_wconf 79' lang='lat' dir='ltr'><strong>Ilaec</strong></span> <span class='ocrx_word' id='word_1_28' title='bbox 1583 626 1714 664; x_wconf 89' lang='lat' dir='ltr'><strong>cum</strong></span> <span class='ocrx_word' id='word_1_29' title='bbox 1749 609 2009 673; x_wconf 80' lang='lat' dir='ltr'><strong>dixisset,</strong></span> <span class='ocrx_word' id='word_1_30' title='bbox 2058 607 2270 663; x_wconf 84' lang='lat' dir='ltr'><strong>iterum</strong></span> <span class='ocrx_word' id='word_1_31' title='bbox 2329 610 2548 680; x_wconf 81' lang='lat' dir='ltr'><strong>pastori</strong></span> <span class='ocrx_word' id='word_1_32' title='bbox 2606 609 2690 663; x_wconf 91' lang='lat' dir='ltr'><strong>illi</strong></span> <span class='ocrx_word' id='word_1_33' title='bbox 2747 626 2839 664; x_wconf 89' lang='lat' dir='ltr'><strong>me</strong></span> <span class='ocrx_word' id='word_1_34' title='bbox 2900 609 3159 678; x_wconf 85' lang='lat' dir='ltr'><strong>tradidit,</strong></span> <span class='ocrx_word' id='word_1_35' title='bbox 3218 612 3273 663; x_wconf 91' lang='lat' dir='ltr'><strong>et</strong></span> <span class='ocrx_word' id='word_1_36' title='bbox 3300 607 3527 663; x_wconf 83' lang='lat' dir='ltr'><strong>vocavit</strong></span> <span class='ocrx_word' id='word_1_37' title='bbox 3554 607 3818 678; x_wconf 81' lang='lat' dir='ltr'><strong>virgines</strong></span> 
     </span>
    </p>
   </div>
   <div class='ocr_carea' id='block_1_4' title="bbox 409 696 3815 770">
    <p class='ocr_par' dir='ltr' id='par_1_4' title="bbox 409 696 3815 770">
     <span class='ocr_line' id='line_1_4' title="bbox 409 696 3815 770; baseline -0.001 -17"><span class='ocrx_word' id='word_1_38' title='bbox 409 700 467 753; x_wconf 87' lang='lat' dir='ltr'><strong>et</strong></span> <span class='ocrx_word' id='word_1_39' title='bbox 497 696 642 751; x_wconf 84' lang='lat' dir='ltr'><strong>dixit</strong></span> <span class='ocrx_word' id='word_1_40' title='bbox 670 696 754 752; x_wconf 91' lang='lat' dir='ltr'><strong>eis</strong></span> <span class='ocrx_word' id='word_1_41' title='bbox 784 697 929 768; x_wconf 90' lang='lat'>(78):</span> <span class='ocrx_word' id='word_1_42' title='bbox 966 697 1252 761; x_wconf 87' lang='lat' dir='ltr'><strong>Quoniam</strong></span> <span class='ocrx_word' id='word_1_43' title='bbox 1279 698 1444 753; x_wconf 85' lang='lat' dir='ltr'><strong>video</strong></span> <span class='ocrx_word' id='word_1_44' title='bbox 1475 715 1577 753; x_wconf 91' lang='lat' dir='ltr'><strong>vos</strong></span> <span class='ocrx_word' id='word_1_45' title='bbox 1604 698 1851 752; x_wconf 87' lang='lat' dir='ltr'><strong>libenter</strong></span> <span class='ocrx_word' id='word_1_46' title='bbox 1880 697 1938 751; x_wconf 89' lang='lat' dir='ltr'><strong>in</strong></span> <span class='ocrx_word' id='word_1_47' title='bbox 1969 697 2141 751; x_wconf 87' lang='lat' dir='ltr'><strong>domo</strong></span> <span class='ocrx_word' id='word_1_48' title='bbox 2197 697 2376 768; x_wconf 88' lang='lat' dir='ltr'><strong>hujus</strong></span> <span class='ocrx_word' id='word_1_49' title='bbox 2423 697 2707 770; x_wconf 88' lang='lat' dir='ltr'><strong>habitare,</strong></span> <span class='ocrx_word' id='word_1_50' title='bbox 2769 699 3113 754; x_wconf 89' lang='lat' dir='ltr'><strong>commendo</strong></span> <span class='ocrx_word' id='word_1_51' title='bbox 3145 714 3278 753; x_wconf 89' lang='lat' dir='ltr'><strong>eum</strong></span> <span class='ocrx_word' id='word_1_52' title='bbox 3307 696 3472 752; x_wconf 86' lang='lat' dir='ltr'><strong>vobis</strong></span> <span class='ocrx_word' id='word_1_53' title='bbox 3502 700 3560 751; x_wconf 89' lang='lat' dir='ltr'><strong>et</strong></span> <span class='ocrx_word' id='word_1_54' title='bbox 3591 696 3815 751; x_wconf 89' lang='lat' dir='ltr'><strong>domun</strong></span> 
     </span>
    </p>
   </div>
   <div class='ocr_carea' id='block_1_5' title="bbox 409 785 3137 857">
    <p class='ocr_par' dir='ltr' id='par_1_5' title="bbox 409 785 3137 857">
     <span class='ocr_line' id='line_1_5' title="bbox 409 785 3137 857; baseline 0 -16"><span class='ocrx_word' id='word_1_55' title='bbox 409 785 575 856; x_wconf 85' lang='lat' dir='ltr'><strong>ejus;</strong></span> <span class='ocrx_word' id='word_1_56' title='bbox 605 790 671 841; x_wconf 90' lang='lat' dir='ltr'><strong>ut</strong></span> <span class='ocrx_word' id='word_1_57' title='bbox 700 802 734 839; x_wconf 88' lang='lat' dir='ltr'><strong>a</strong></span> <span class='ocrx_word' id='word_1_58' title='bbox 762 786 932 842; x_wconf 90' lang='lat' dir='ltr'><strong>domo</strong></span> <span class='ocrx_word' id='word_1_59' title='bbox 965 787 1092 857; x_wconf 86' lang='lat' dir='ltr'><strong>ejus</strong></span> <span class='ocrx_word' id='word_1_60' title='bbox 1123 804 1238 843; x_wconf 91' lang='lat' dir='ltr'><strong>non</strong></span> <span class='ocrx_word' id='word_1_61' title='bbox 1263 787 1543 843; x_wconf 86' lang='lat' dir='ltr'><strong>recedatis</strong></span> <span class='ocrx_word' id='word_1_62' title='bbox 1575 786 1833 842; x_wconf 89' lang='lat' dir='ltr'><strong>omnino.</strong></span> <span class='ocrx_word' id='word_1_63' title='bbox 1867 786 1983 841; x_wconf 74' lang='lat' dir='ltr'><strong>Illae</strong></span> <span class='ocrx_word' id='word_1_64' title='bbox 2014 803 2147 841; x_wconf 90' lang='lat' dir='ltr'><strong>vero</strong></span> <span class='ocrx_word' id='word_1_65' title='bbox 2180 785 2428 842; x_wconf 85' lang='lat' dir='ltr'><strong>libenter</strong></span> <span class='ocrx_word' id='word_1_66' title='bbox 2458 788 2579 843; x_wconf 66' lang='lat' dir='ltr'><strong>haec</strong></span> <span class='ocrx_word' id='word_1_67' title='bbox 2607 790 2782 844; x_wconf 89' lang='lat' dir='ltr'><strong>verba</strong></span> <span class='ocrx_word' id='word_1_68' title='bbox 2804 788 3137 844; x_wconf 90' lang='lat' dir='ltr'><strong>audierunt.</strong></span> 
     </span>
    </p>
   </div>
   <div class='ocr_carea' id='block_1_6' title="bbox 1945 902 2311 957">
    <p class='ocr_par' dir='ltr' id='par_1_6' title="bbox 1945 902 2311 957">
     <span class='ocr_line' id='line_1_6' title="bbox 1945 902 2311 957; baseline 0 0"><span class='ocrx_word' id='word_1_69' title='bbox 1945 902 2173 957; x_wconf 88' lang='lat' dir='ltr'><strong>CAPUT</strong></span> <span class='ocrx_word' id='word_1_70' title='bbox 2217 903 2311 957; x_wconf 91' lang='lat' dir='ltr'><strong>IV.</strong></span> 
     </span>
    </p>
   </div>
   <div class='ocr_carea' id='block_1_7' title="bbox 480 1021 3825 1097">
    <p class='ocr_par' dir='ltr' id='par_1_7' title="bbox 480 1021 3825 1097">
     <span class='ocr_line' id='line_1_7' title="bbox 480 1021 3825 1097; baseline 0.001 -18"><span class='ocrx_word' id='word_1_71' title='bbox 480 1021 575 1079; x_wconf 79' lang='lat' dir='ltr'><strong>Ait</strong></span> <span class='ocrx_word' id='word_1_72' title='bbox 630 1021 839 1078; x_wconf 90' lang='lat' dir='ltr'><strong>deinde</strong></span> <span class='ocrx_word' id='word_1_73' title='bbox 886 1024 1027 1079; x_wconf 90' lang='lat' dir='ltr'><strong>mihi</strong></span> <span class='ocrx_word' id='word_1_74' title='bbox 1062 1043 1074 1081; x_wconf 90' lang='lat'>:</span> <span class='ocrx_word' id='word_1_75' title='bbox 1125 1025 1383 1080; x_wconf 90' lang='lat' dir='ltr'><strong>Viriliter</strong></span> <span class='ocrx_word' id='word_1_76' title='bbox 1424 1024 1484 1078; x_wconf 91' lang='lat' dir='ltr'><strong>in</strong></span> <span class='ocrx_word' id='word_1_77' title='bbox 1525 1021 1847 1078; x_wconf 90' lang='lat' dir='ltr'><strong>ministerio</strong></span> <span class='ocrx_word' id='word_1_78' title='bbox 1878 1021 1989 1075; x_wconf 92' lang='lat' dir='ltr'><strong>hoc</strong></span> <span class='ocrx_word' id='word_1_79' title='bbox 2019 1036 2397 1077; x_wconf 88' lang='lat' dir='ltr'><strong>conversare:</strong></span> <span class='ocrx_word' id='word_1_80' title='bbox 2434 1021 2591 1076; x_wconf 89' lang='lat' dir='ltr'><strong>omni</strong></span> <span class='ocrx_word' id='word_1_81' title='bbox 2615 1021 2839 1077; x_wconf 92' lang='lat' dir='ltr'><strong>homini</strong></span> <span class='ocrx_word' id='word_1_82' title='bbox 2873 1022 3066 1078; x_wconf 90' lang='lat' dir='ltr'><strong>indica</strong></span> <span class='ocrx_word' id='word_1_83' title='bbox 3095 1024 3206 1092; x_wconf 86' lang='lat'>(79)</span> <span class='ocrx_word' id='word_1_84' title='bbox 3258 1025 3553 1097; x_wconf 86' lang='lat' dir='ltr'><strong>magnalia</strong></span> <span class='ocrx_word' id='word_1_85' title='bbox 3588 1026 3736 1092; x_wconf 89' lang='lat' dir='ltr'><strong>Dei;</strong></span> <span class='ocrx_word' id='word_1_86' title='bbox 3774 1031 3825 1081; x_wconf 89' lang='lat' dir='ltr'><strong>et</strong></span> 
     </span>
    </p>
   </div>
   <div class='ocr_carea' id='block_1_8' title="bbox 411 1109 3825 1184">
    <p class='ocr_par' dir='ltr' id='par_1_8' title="bbox 411 1109 3825 1184">
     <span class='ocr_line' id='line_1_8' title="bbox 411 1109 3825 1184; baseline 0.001 -19"><span class='ocrx_word' id='word_1_87' title='bbox 411 1110 657 1166; x_wconf 90' lang='lat' dir='ltr'><strong>habebis</strong></span> <span class='ocrx_word' id='word_1_88' title='bbox 701 1112 951 1184; x_wconf 85' lang='lat' dir='ltr'><strong>gratiam</strong></span> <span class='ocrx_word' id='word_1_89' title='bbox 996 1114 1056 1168; x_wconf 92' lang='lat' dir='ltr'><strong>in</strong></span> <span class='ocrx_word' id='word_1_90' title='bbox 1105 1115 1214 1170; x_wconf 89' lang='lat' dir='ltr'><strong>hoc</strong></span> <span class='ocrx_word' id='word_1_91' title='bbox 1257 1113 1602 1169; x_wconf 87' lang='lat' dir='ltr'><strong>ministerio.</strong></span> <span class='ocrx_word' id='word_1_92' title='bbox 1650 1111 1986 1179; x_wconf 87' lang='lat' dir='ltr'><strong>Quicunque</strong></span> <span class='ocrx_word' id='word_1_93' title='bbox 2027 1126 2161 1181; x_wconf 86' lang='lat' dir='ltr'><strong>ergo</strong></span> <span class='ocrx_word' id='word_1_94' title='bbox 2210 1109 2269 1163; x_wconf 91' lang='lat' dir='ltr'><strong>in</strong></span> <span class='ocrx_word' id='word_1_95' title='bbox 2313 1109 2405 1164; x_wconf 89' lang='lat' dir='ltr'><strong>his</strong></span> <span class='ocrx_word' id='word_1_96' title='bbox 2438 1109 2733 1166; x_wconf 88' lang='lat' dir='ltr'><strong>mandatis</strong></span> <span class='ocrx_word' id='word_1_97' title='bbox 2764 1111 3167 1178; x_wconf 87' lang='lat' dir='ltr'><strong>ambulaverit,</strong></span> <span class='ocrx_word' id='word_1_98' title='bbox 3198 1111 3349 1167; x_wconf 89' lang='lat' dir='ltr'><strong>vivet</strong></span> <span class='ocrx_word' id='word_1_99' title='bbox 3379 1116 3436 1168; x_wconf 91' lang='lat' dir='ltr'><strong>et</strong></span> <span class='ocrx_word' id='word_1_100' title='bbox 3456 1114 3591 1169; x_wconf 81' lang='lat' dir='ltr'><strong>felix</strong></span> <span class='ocrx_word' id='word_1_101' title='bbox 3623 1115 3739 1169; x_wconf 87' lang='lat' dir='ltr'><strong>erit</strong></span> <span class='ocrx_word' id='word_1_102' title='bbox 3770 1115 3825 1170; x_wconf 89' lang='lat' dir='ltr'><strong>in</strong></span> 
     </span>
    </p>
   </div>
   <div class='ocr_carea' id='block_1_9' title="bbox 414 1198 3829 1275">
    <p class='ocr_par' dir='ltr' id='par_1_9' title="bbox 414 1198 3829 1275">
     <span class='ocr_line' id='line_1_9' title="bbox 414 1198 3829 1275; baseline 0.001 -21"><span class='ocrx_word' id='word_1_103' title='bbox 414 1199 553 1270; x_wconf 91' lang='lat' dir='ltr'><strong>(vita</strong></span> <span class='ocrx_word' id='word_1_104' title='bbox 582 1216 718 1255; x_wconf 87' lang='lat' dir='ltr'><strong>sua:</strong></span> <span class='ocrx_word' id='word_1_105' title='bbox 753 1202 1085 1275; x_wconf 90' lang='lat' dir='ltr'><strong>quicunque</strong></span> <span class='ocrx_word' id='word_1_106' title='bbox 1126 1221 1257 1259; x_wconf 87' lang='lat' dir='ltr'><strong>vero</strong></span> <span class='ocrx_word' id='word_1_107' title='bbox 1308 1202 1644 1274; x_wconf 81' lang='lat' dir='ltr'><strong>neglexerit,</strong></span> <span class='ocrx_word' id='word_1_108' title='bbox 1702 1217 1817 1254; x_wconf 90' lang='lat' dir='ltr'><strong>non</strong></span> <span class='ocrx_word' id='word_1_109' title='bbox 1849 1198 1998 1253; x_wconf 85' lang='lat' dir='ltr'><strong>vivet</strong></span> <span class='ocrx_word' id='word_1_110' title='bbox 2031 1202 2087 1253; x_wconf 89' lang='lat' dir='ltr'><strong>et</strong></span> <span class='ocrx_word' id='word_1_111' title='bbox 2115 1200 2225 1253; x_wconf 90' lang='lat' dir='ltr'><strong>erit</strong></span> <span class='ocrx_word' id='word_1_112' title='bbox 2269 1198 2467 1254; x_wconf 83' lang='lat' dir='ltr'><strong>infelix</strong></span> <span class='ocrx_word' id='word_1_113' title='bbox 2496 1200 2553 1253; x_wconf 89' lang='lat' dir='ltr'><strong>in</strong></span> <span class='ocrx_word' id='word_1_114' title='bbox 2584 1200 2701 1254; x_wconf 89' lang='lat' dir='ltr'><strong>vita</strong></span> <span class='ocrx_word' id='word_1_115' title='bbox 2723 1217 2848 1255; x_wconf 90' lang='lat' dir='ltr'><strong>sua.</strong></span> <span class='ocrx_word' id='word_1_116' title='bbox 2887 1200 2983 1255; x_wconf 90' lang='lat' dir='ltr'><strong>Dic</strong></span> <span class='ocrx_word' id='word_1_117' title='bbox 3013 1201 3313 1267; x_wconf 87' lang='lat' dir='ltr'><strong>omnibus,</strong></span> <span class='ocrx_word' id='word_1_118' title='bbox 3346 1206 3412 1256; x_wconf 88' lang='lat' dir='ltr'><strong>ut</strong></span> <span class='ocrx_word' id='word_1_119' title='bbox 3442 1220 3556 1258; x_wconf 89' lang='lat' dir='ltr'><strong>non</strong></span> <span class='ocrx_word' id='word_1_120' title='bbox 3586 1209 3829 1259; x_wconf 88' lang='lat' dir='ltr'><strong>cessent</strong></span> 
     </span>
    </p>
   </div>
   <div class='ocr_carea' id='block_1_10' title="bbox 412 1288 3825 1364">
    <p class='ocr_par' dir='ltr' id='par_1_10' title="bbox 412 1288 3825 1364">
     <span class='ocr_line' id='line_1_10' title="bbox 412 1288 3825 1364; baseline 0.001 -21"><span class='ocrx_word' id='word_1_121' title='bbox 412 1289 746 1361; x_wconf 86' lang='lat' dir='ltr'><strong>quicunque</strong></span> <span class='ocrx_word' id='word_1_122' title='bbox 821 1296 971 1347; x_wconf 85' lang='lat' dir='ltr'><strong>recte</strong></span> <span class='ocrx_word' id='word_1_123' title='bbox 1017 1294 1201 1348; x_wconf 89' lang='lat' dir='ltr'><strong>facere</strong></span> <span class='ocrx_word' id='word_1_124' title='bbox 1242 1294 1511 1364; x_wconf 91' lang='lat' dir='ltr'><strong>possunt)</strong></span> <span class='ocrx_word' id='word_1_125' title='bbox 1562 1293 1713 1346; x_wconf 85' lang='lat' dir='ltr'><strong>bona</strong></span> <span class='ocrx_word' id='word_1_126' title='bbox 1742 1306 1915 1360; x_wconf 85' lang='lat' dir='ltr'><strong>opera</strong></span> <span class='ocrx_word' id='word_1_127' title='bbox 1973 1305 2267 1343; x_wconf 87' lang='lat' dir='ltr'><strong>exercere:</strong></span> <span class='ocrx_word' id='word_1_128' title='bbox 2315 1288 2455 1343; x_wconf 84' lang='lat' dir='ltr'><strong>utile</strong></span> <span class='ocrx_word' id='word_1_129' title='bbox 2498 1293 2586 1344; x_wconf 90' lang='lat' dir='ltr'><strong>est</strong></span> <span class='ocrx_word' id='word_1_130' title='bbox 2642 1288 2777 1344; x_wconf 88' lang='lat' dir='ltr'><strong>illis.</strong></span> <span class='ocrx_word' id='word_1_131' title='bbox 2825 1290 2962 1344; x_wconf 91' lang='lat' dir='ltr'><strong>Dico</strong></span> <span class='ocrx_word' id='word_1_132' title='bbox 2994 1294 3214 1356; x_wconf 86' lang='lat' dir='ltr'><strong>autem,</strong></span> <span class='ocrx_word' id='word_1_133' title='bbox 3248 1307 3484 1346; x_wconf 88' lang='lat' dir='ltr'><strong>omnem</strong></span> <span class='ocrx_word' id='word_1_134' title='bbox 3517 1292 3825 1348; x_wconf 86' lang='lat' dir='ltr'><strong>hominem</strong></span> 
     </span>
    </p>
   </div>
   <div class='ocr_carea' id='block_1_11' title="bbox 414 1377 3827 1453">
    <p class='ocr_par' dir='ltr' id='par_1_11' title="bbox 414 1377 3827 1453">
     <span class='ocr_line' id='line_1_11' title="bbox 414 1377 3827 1453; baseline 0.001 -22"><span class='ocrx_word' id='word_1_135' title='bbox 414 1377 486 1431; x_wconf 91' lang='lat' dir='ltr'><strong>de</strong></span> <span class='ocrx_word' id='word_1_136' title='bbox 517 1377 907 1436; x_wconf 90' lang='lat' dir='ltr'><strong>incommodis</strong></span> <span class='ocrx_word' id='word_1_137' title='bbox 964 1382 1107 1452; x_wconf 87' lang='lat' dir='ltr'><strong>eripi</strong></span> <span class='ocrx_word' id='word_1_138' title='bbox 1164 1386 1445 1453; x_wconf 88' lang='lat' dir='ltr'><strong>oportere.</strong></span> <span class='ocrx_word' id='word_1_139' title='bbox 1508 1380 1561 1435; x_wconf 89' lang='lat' dir='ltr'><strong>ls</strong></span> <span class='ocrx_word' id='word_1_140' title='bbox 1611 1380 1765 1434; x_wconf 86' lang='lat' dir='ltr'><strong>enim</strong></span> <span class='ocrx_word' id='word_1_141' title='bbox 1816 1378 1915 1448; x_wconf 90' lang='lat' dir='ltr'><strong>qui</strong></span> <span class='ocrx_word' id='word_1_142' title='bbox 1974 1381 2102 1448; x_wconf 88' lang='lat' dir='ltr'><strong>eget</strong></span> <span class='ocrx_word' id='word_1_143' title='bbox 2154 1378 2287 1447; x_wconf 89' lang='lat'>(80),</span> <span class='ocrx_word' id='word_1_144' title='bbox 2320 1381 2376 1431; x_wconf 90' lang='lat' dir='ltr'><strong>et</strong></span> <span class='ocrx_word' id='word_1_145' title='bbox 2433 1378 2491 1430; x_wconf 91' lang='lat' dir='ltr'><strong>in</strong></span> <span class='ocrx_word' id='word_1_146' title='bbox 2521 1378 2861 1447; x_wconf 89' lang='lat' dir='ltr'><strong>quotidiana</strong></span> <span class='ocrx_word' id='word_1_147' title='bbox 2908 1379 3025 1433; x_wconf 90' lang='lat' dir='ltr'><strong>vita</strong></span> <span class='ocrx_word' id='word_1_148' title='bbox 3056 1380 3276 1451; x_wconf 87' lang='lat' dir='ltr'><strong>patitur</strong></span> <span class='ocrx_word' id='word_1_149' title='bbox 3324 1380 3739 1443; x_wconf 87' lang='lat' dir='ltr'><strong>incommoda;</strong></span> <span class='ocrx_word' id='word_1_150' title='bbox 3774 1383 3827 1437; x_wconf 87' lang='lat' dir='ltr'><strong>in</strong></span> 
     </span>
    </p>
   </div>
   <div class='ocr_carea' id='block_1_12' title="bbox 415 1465 3825 1548">
    <p class='ocr_par' dir='ltr' id='par_1_12' title="bbox 415 1465 3825 1548">
     <span class='ocr_line' id='line_1_12' title="bbox 415 1465 3825 1548; baseline 0.001 -27"><span class='ocrx_word' id='word_1_151' title='bbox 415 1482 629 1538; x_wconf 87' lang='lat' dir='ltr'><strong>magno</strong></span> <span class='ocrx_word' id='word_1_152' title='bbox 684 1472 974 1525; x_wconf 88' lang='lat' dir='ltr'><strong>tormento</strong></span> <span class='ocrx_word' id='word_1_153' title='bbox 1032 1476 1119 1526; x_wconf 88' lang='lat' dir='ltr'><strong>est</strong></span> <span class='ocrx_word' id='word_1_154' title='bbox 1172 1489 1236 1526; x_wconf 89' lang='lat' dir='ltr'><strong>ac</strong></span> <span class='ocrx_word' id='word_1_155' title='bbox 1286 1470 1632 1526; x_wconf 90' lang='lat' dir='ltr'><strong>necessitate</strong></span> <span class='ocrx_word' id='word_1_156' title='bbox 1672 1469 1801 1539; x_wconf 86' lang='lat'>(81).</span> <span class='ocrx_word' id='word_1_157' title='bbox 1845 1466 2121 1537; x_wconf 88' lang='lat' dir='ltr'><strong>Quisquis</strong></span> <span class='ocrx_word' id='word_1_158' title='bbox 2175 1465 2355 1548; x_wconf 76' lang='lat' dir='ltr'><strong>igitur</strong></span> <span class='ocrx_word' id='word_1_159' title='bbox 2386 1466 3054 1537; x_wconf 89' lang='lat' dir='ltr'><strong>bujuscemodianiman</strong></span> <span class='ocrx_word' id='word_1_160' title='bbox 3104 1468 3277 1540; x_wconf 88' lang='lat' dir='ltr'><strong>eripit</strong></span> <span class='ocrx_word' id='word_1_161' title='bbox 3325 1470 3394 1524; x_wconf 91' lang='lat' dir='ltr'><strong>de</strong></span> <span class='ocrx_word' id='word_1_162' title='bbox 3424 1470 3825 1531; x_wconf 81' lang='lat' dir='ltr'><strong>necessitate;</strong></span> 
     </span>
    </p>
   </div>
   <div class='ocr_carea' id='block_1_13' title="bbox 417 1556 3829 1631">
    <p class='ocr_par' dir='ltr' id='par_1_13' title="bbox 417 1556 3829 1631">
     <span class='ocr_line' id='line_1_13' title="bbox 417 1556 3829 1631; baseline 0.001 -21"><span class='ocrx_word' id='word_1_163' title='bbox 417 1570 698 1627; x_wconf 84' lang='lat' dir='ltr'><strong>magnum</strong></span> <span class='ocrx_word' id='word_1_164' title='bbox 723 1560 1002 1630; x_wconf 89' lang='lat' dir='ltr'><strong>gaudium</strong></span> <span class='ocrx_word' id='word_1_165' title='bbox 1026 1560 1134 1616; x_wconf 88' lang='lat' dir='ltr'><strong>sibi</strong></span> <span class='ocrx_word' id='word_1_166' title='bbox 1169 1560 1437 1631; x_wconf 88' lang='lat' dir='ltr'><strong>acquirit.</strong></span> <span class='ocrx_word' id='word_1_167' title='bbox 1462 1561 1607 1614; x_wconf 88' lang='lat' dir='ltr'><strong>Nam</strong></span> <span class='ocrx_word' id='word_1_168' title='bbox 1656 1558 1705 1612; x_wconf 88' lang='lat' dir='ltr'><strong>is</strong></span> <span class='ocrx_word' id='word_1_169' title='bbox 1736 1556 1837 1628; x_wconf 93' lang='lat' dir='ltr'><strong>qui</strong></span> <span class='ocrx_word' id='word_1_170' title='bbox 1894 1556 2233 1626; x_wconf 90' lang='lat' dir='ltr'><strong>hujusmodi</strong></span> <span class='ocrx_word' id='word_1_171' title='bbox 2288 1560 2528 1610; x_wconf 80' lang='lat' dir='ltr'><strong>vexatur</strong></span> <span class='ocrx_word' id='word_1_172' title='bbox 2586 1557 2974 1625; x_wconf 87' lang='lat' dir='ltr'><strong>incommodo,</strong></span> <span class='ocrx_word' id='word_1_173' title='bbox 3010 1558 3135 1629; x_wconf 88' lang='lat' dir='ltr'><strong>pari</strong></span> <span class='ocrx_word' id='word_1_174' title='bbox 3168 1563 3457 1614; x_wconf 84' lang='lat' dir='ltr'><strong>tormento</strong></span> <span class='ocrx_word' id='word_1_175' title='bbox 3508 1560 3829 1628; x_wconf 76' lang='lat' dir='ltr'><strong>cruciatur,</strong></span> 
     </span>
    </p>
   </div>
   <div class='ocr_carea' id='block_1_14' title="bbox 416 1644 3832 1721">
    <p class='ocr_par' dir='ltr' id='par_1_14' title="bbox 416 1644 3832 1721">
     <span class='ocr_line' id='line_1_14' title="bbox 416 1644 3832 1721; baseline 0.001 -23"><span class='ocrx_word' id='word_1_176' title='bbox 416 1648 594 1716; x_wconf 89' lang='lat' dir='ltr'><strong>atque</strong></span> <span class='ocrx_word' id='word_1_177' title='bbox 625 1663 687 1701; x_wconf 89' lang='lat' dir='ltr'><strong>se</strong></span> <span class='ocrx_word' id='word_1_178' title='bbox 715 1650 1015 1720; x_wconf 89' lang='lat' dir='ltr'><strong>torquetis</strong></span> <span class='ocrx_word' id='word_1_179' title='bbox 1049 1650 1161 1721; x_wconf 76' lang='lat'>(82)</span> <span class='ocrx_word' id='word_1_180' title='bbox 1194 1651 1293 1721; x_wconf 90' lang='lat' dir='ltr'><strong>qui</strong></span> <span class='ocrx_word' id='word_1_181' title='bbox 1323 1650 1381 1704; x_wconf 90' lang='lat' dir='ltr'><strong>in</strong></span> <span class='ocrx_word' id='word_1_182' title='bbox 1409 1647 1657 1703; x_wconf 87' lang='lat' dir='ltr'><strong>vinculis</strong></span> <span class='ocrx_word' id='word_1_183' title='bbox 1706 1650 1812 1701; x_wconf 90' lang='lat' dir='ltr'><strong>est.</strong></span> <span class='ocrx_word' id='word_1_184' title='bbox 1874 1645 2042 1699; x_wconf 90' lang='lat' dir='ltr'><strong>Multi</strong></span> <span class='ocrx_word' id='word_1_185' title='bbox 2094 1644 2251 1700; x_wconf 90' lang='lat' dir='ltr'><strong>enim</strong></span> <span class='ocrx_word' id='word_1_186' title='bbox 2294 1649 2527 1715; x_wconf 89' lang='lat' dir='ltr'><strong>propter</strong></span> <span class='ocrx_word' id='word_1_187' title='bbox 2555 1645 2896 1715; x_wconf 89' lang='lat' dir='ltr'><strong>hujusmodi</strong></span> <span class='ocrx_word' id='word_1_188' title='bbox 2929 1646 3317 1713; x_wconf 86' lang='lat' dir='ltr'><strong>calamitates,</strong></span> <span class='ocrx_word' id='word_1_189' title='bbox 3347 1664 3481 1702; x_wconf 88' lang='lat' dir='ltr'><strong>cum</strong></span> <span class='ocrx_word' id='word_1_190' title='bbox 3512 1665 3617 1703; x_wconf 87' lang='lat' dir='ltr'><strong>eas</strong></span> <span class='ocrx_word' id='word_1_191' title='bbox 3653 1654 3832 1704; x_wconf 85' lang='lat' dir='ltr'><strong>susti-</strong></span> 
     </span>
    </p>
   </div>
   <div class='ocr_carea' id='block_1_15' title="bbox 417 1734 3836 1808">
    <p class='ocr_par' dir='ltr' id='par_1_15' title="bbox 417 1734 3836 1808">
     <span class='ocr_line' id='line_1_15' title="bbox 417 1734 3836 1808; baseline 0.001 -20"><span class='ocrx_word' id='word_1_192' title='bbox 417 1750 553 1789; x_wconf 87' lang='lat' dir='ltr'><strong>nere</strong></span> <span class='ocrx_word' id='word_1_193' title='bbox 586 1734 697 1805; x_wconf 91' lang='lat'><strong>(83)</strong></span> <span class='ocrx_word' id='word_1_194' title='bbox 728 1752 844 1791; x_wconf 92' lang='lat' dir='ltr'><strong>non</strong></span> <span class='ocrx_word' id='word_1_195' title='bbox 879 1743 1148 1808; x_wconf 89' lang='lat' dir='ltr'><strong>possunt,</strong></span> <span class='ocrx_word' id='word_1_196' title='bbox 1200 1743 1447 1794; x_wconf 90' lang='lat' dir='ltr'><strong>mortem</strong></span> <span class='ocrx_word' id='word_1_197' title='bbox 1480 1737 1593 1792; x_wconf 89' lang='lat' dir='ltr'><strong>sibi</strong></span> <span class='ocrx_word' id='word_1_198' title='bbox 1642 1736 2015 1791; x_wconf 88' lang='lat' dir='ltr'><strong>consciscunt</strong></span> <span class='ocrx_word' id='word_1_199' title='bbox 2044 1734 2174 1805; x_wconf 80' lang='grc'>(84).</span> <span class='ocrx_word' id='word_1_200' title='bbox 2227 1735 2334 1799; x_wconf 92' lang='lat' dir='ltr'><strong>Qui</strong></span> <span class='ocrx_word' id='word_1_201' title='bbox 2365 1735 2522 1788; x_wconf 89' lang='lat' dir='ltr'><strong>novit</strong></span> <span class='ocrx_word' id='word_1_202' title='bbox 2543 1735 2720 1805; x_wconf 84' lang='lat' dir='ltr'><strong>igitur</strong></span> <span class='ocrx_word' id='word_1_203' title='bbox 2750 1735 3141 1791; x_wconf 85' lang='lat' dir='ltr'><strong>calamitatem</strong></span> <span class='ocrx_word' id='word_1_204' title='bbox 3172 1736 3517 1806; x_wconf 88' lang='lat' dir='ltr'><strong>hujusmodi</strong></span> <span class='ocrx_word' id='word_1_205' title='bbox 3546 1736 3836 1803; x_wconf 77' lang='lat' dir='ltr'><strong>hominis,</strong></span> 
     </span>
    </p>
   </div>
   <div class='ocr_carea' id='block_1_16' title="bbox 417 1822 3828 1899">
    <p class='ocr_par' dir='ltr' id='par_1_16' title="bbox 417 1822 3828 1899">
     <span class='ocr_line' id='line_1_16' title="bbox 417 1822 3828 1899; baseline 0.001 -21"><span class='ocrx_word' id='word_1_206' title='bbox 417 1826 475 1878; x_wconf 89' lang='lat' dir='ltr'><strong>et</strong></span> <span class='ocrx_word' id='word_1_207' title='bbox 506 1839 621 1877; x_wconf 89' lang='lat' dir='ltr'><strong>non</strong></span> <span class='ocrx_word' id='word_1_208' title='bbox 654 1824 825 1897; x_wconf 91' lang='lat' dir='ltr'><strong>eripit</strong></span> <span class='ocrx_word' id='word_1_209' title='bbox 853 1843 987 1881; x_wconf 87' lang='lat' dir='ltr'><strong>eum</strong></span> <span class='ocrx_word' id='word_1_210' title='bbox 1022 1846 1034 1895; x_wconf 94' lang='lat'>;</span> <span class='ocrx_word' id='word_1_211' title='bbox 1078 1844 1360 1899; x_wconf 87' lang='lat' dir='ltr'><strong>magnum</strong></span> <span class='ocrx_word' id='word_1_212' title='bbox 1416 1830 1719 1897; x_wconf 89' lang='lat' dir='ltr'><strong>peccatum</strong></span> <span class='ocrx_word' id='word_1_213' title='bbox 1770 1824 2045 1889; x_wconf 82' lang='lat' dir='ltr'><strong>admittit,</strong></span> <span class='ocrx_word' id='word_1_214' title='bbox 2098 1828 2154 1878; x_wconf 88' lang='lat' dir='ltr'><strong>et</strong></span> <span class='ocrx_word' id='word_1_215' title='bbox 2187 1822 2251 1877; x_wconf 85' lang='lat' dir='ltr'><strong>ﬁt</strong></span> <span class='ocrx_word' id='word_1_216' title='bbox 2298 1840 2430 1878; x_wconf 90' lang='lat' dir='ltr'><strong>reus</strong></span> <span class='ocrx_word' id='word_1_217' title='bbox 2482 1824 2785 1896; x_wconf 79' lang='lat' dir='ltr'><strong>sanguinis</strong></span> <span class='ocrx_word' id='word_1_218' title='bbox 2819 1826 2969 1893; x_wconf 90' lang='lat' dir='ltr'><strong>ejus.</strong></span> <span class='ocrx_word' id='word_1_219' title='bbox 3001 1824 3194 1881; x_wconf 90' lang='lat' dir='ltr'><strong>Facite</strong></span> <span class='ocrx_word' id='word_1_220' title='bbox 3227 1825 3406 1896; x_wconf 87' lang='lat' dir='ltr'><strong>igitur</strong></span> <span class='ocrx_word' id='word_1_221' title='bbox 3434 1841 3618 1896; x_wconf 87' lang='lat' dir='ltr'><strong>opera</strong></span> <span class='ocrx_word' id='word_1_222' title='bbox 3651 1827 3828 1893; x_wconf 84' lang='lat' dir='ltr'><strong>bona,</strong></span> 
     </span>
    </p>
   </div>
   <div class='ocr_carea' id='block_1_17' title="bbox 419 1910 3830 1986">
    <p class='ocr_par' dir='ltr' id='par_1_17' title="bbox 419 1910 3830 1986">
     <span class='ocr_line' id='line_1_17' title="bbox 419 1910 3830 1986; baseline 0.002 -21"><span class='ocrx_word' id='word_1_223' title='bbox 419 1910 753 1984; x_wconf 87' lang='lat' dir='ltr'><strong>quicunque</strong></span> <span class='ocrx_word' id='word_1_224' title='bbox 781 1916 1086 1986; x_wconf 90' lang='lat' dir='ltr'><strong>accepistis</strong></span> <span class='ocrx_word' id='word_1_225' title='bbox 1118 1934 1152 1972; x_wconf 91' lang='lat' dir='ltr'><strong>a</strong></span> <span class='ocrx_word' id='word_1_226' title='bbox 1184 1917 1445 1984; x_wconf 85' lang='lat' dir='ltr'><strong>Domino;</strong></span> <span class='ocrx_word' id='word_1_227' title='bbox 1482 1931 1552 1970; x_wconf 88' lang='lat' dir='ltr'><strong>ne</strong></span> <span class='ocrx_word' id='word_1_228' title='bbox 1583 1915 1723 1968; x_wconf 90' lang='lat' dir='ltr'><strong>dum</strong></span> <span class='ocrx_word' id='word_1_229' title='bbox 1766 1912 2077 1967; x_wconf 88' lang='lat' dir='ltr'><strong>moramini</strong></span> <span class='ocrx_word' id='word_1_230' title='bbox 2126 1913 2238 1983; x_wconf 83' lang='lat'>(85)</span> <span class='ocrx_word' id='word_1_231' title='bbox 2296 1913 2504 1979; x_wconf 88' lang='lat' dir='ltr'><strong>facere,</strong></span> <span class='ocrx_word' id='word_1_232' title='bbox 2536 1919 2974 1969; x_wconf 87' lang='lat' dir='ltr'><strong>consummetur</strong></span> <span class='ocrx_word' id='word_1_233' title='bbox 3012 1919 3311 1970; x_wconf 86' lang='lat' dir='ltr'><strong>structura</strong></span> <span class='ocrx_word' id='word_1_234' title='bbox 3337 1915 3553 1981; x_wconf 85' lang='lat' dir='ltr'><strong>turris;</strong></span> <span class='ocrx_word' id='word_1_235' title='bbox 3591 1922 3830 1986; x_wconf 78' lang='lat' dir='ltr'><strong>propter</strong></span> 
     </span>
    </p>
   </div>
   <div class='ocr_carea' id='block_1_18' title="bbox 416 2000 3827 2077">
    <p class='ocr_par' dir='ltr' id='par_1_18' title="bbox 416 2000 3827 2077">
     <span class='ocr_line' id='line_1_18' title="bbox 416 2000 3827 2077; baseline 0.001 -22"><span class='ocrx_word' id='word_1_236' title='bbox 416 2017 519 2056; x_wconf 90' lang='lat' dir='ltr'><strong>vos</strong></span> <span class='ocrx_word' id='word_1_237' title='bbox 548 2002 707 2057; x_wconf 88' lang='lat' dir='ltr'><strong>enim</strong></span> <span class='ocrx_word' id='word_1_238' title='bbox 731 2002 1140 2061; x_wconf 87' lang='lat' dir='ltr'><strong>intermissum</strong></span> <span class='ocrx_word' id='word_1_239' title='bbox 1162 2010 1249 2061; x_wconf 89' lang='lat' dir='ltr'><strong>est</strong></span> <span class='ocrx_word' id='word_1_240' title='bbox 1280 2022 1424 2077; x_wconf 91' lang='lat' dir='ltr'><strong>opus</strong></span> <span class='ocrx_word' id='word_1_241' title='bbox 1456 2001 1853 2059; x_wconf 72' lang='lat' dir='ltr'><strong>aediﬁcationis</strong></span> <span class='ocrx_word' id='word_1_242' title='bbox 1877 2002 2024 2072; x_wconf 88' lang='lat' dir='ltr'><strong>ejus.</strong></span> <span class='ocrx_word' id='word_1_243' title='bbox 2061 2000 2183 2055; x_wconf 89' lang='lat' dir='ltr'><strong>Nisi</strong></span> <span class='ocrx_word' id='word_1_244' title='bbox 2216 2001 2391 2071; x_wconf 75' lang='lat' dir='ltr'><strong>igitur</strong></span> <span class='ocrx_word' id='word_1_245' title='bbox 2413 2002 2823 2059; x_wconf 76' lang='lat' dir='ltr'><strong>festinaveritis</strong></span> <span class='ocrx_word' id='word_1_246' title='bbox 2881 2004 3069 2059; x_wconf 85' lang='lat' dir='ltr'><strong>facere</strong></span> <span class='ocrx_word' id='word_1_247' title='bbox 3100 2010 3275 2069; x_wconf 91' lang='lat' dir='ltr'><strong>recte,</strong></span> <span class='ocrx_word' id='word_1_248' title='bbox 3308 2006 3827 2059; x_wconf 80' lang='lat' dir='ltr'><strong>consummabitur</strong></span> 
     </span>
    </p>
   </div>
   <div class='ocr_carea' id='block_1_19' title="bbox 418 2090 3833 2166">
    <p class='ocr_par' dir='ltr' id='par_1_19' title="bbox 418 2090 3833 2166">
     <span class='ocr_line' id='line_1_19' title="bbox 418 2090 3833 2166; baseline 0.002 -23"><span class='ocrx_word' id='word_1_249' title='bbox 418 2090 621 2161; x_wconf 88' lang='lat' dir='ltr'><strong>turris,</strong></span> <span class='ocrx_word' id='word_1_250' title='bbox 681 2096 739 2146; x_wconf 88' lang='lat' dir='ltr'><strong>et</strong></span> <span class='ocrx_word' id='word_1_251' title='bbox 781 2094 1192 2151; x_wconf 84' lang='lat' dir='ltr'><strong>excludemini.</strong></span> <span class='ocrx_word' id='word_1_252' title='bbox 1250 2097 1565 2165; x_wconf 88' lang='lat' dir='ltr'><strong>Postquam</strong></span> <span class='ocrx_word' id='word_1_253' title='bbox 1612 2109 1744 2147; x_wconf 88' lang='lat' dir='ltr'><strong>vero</strong></span> <span class='ocrx_word' id='word_1_254' title='bbox 1783 2091 2014 2145; x_wconf 90' lang='lat' dir='ltr'><strong>locutus</strong></span> <span class='ocrx_word' id='word_1_255' title='bbox 2044 2094 2133 2144; x_wconf 85' lang='lat' dir='ltr'><strong>est</strong></span> <span class='ocrx_word' id='word_1_256' title='bbox 2191 2106 2443 2157; x_wconf 89' lang='lat' dir='ltr'><strong>mecum,</strong></span> <span class='ocrx_word' id='word_1_257' title='bbox 2486 2093 2737 2148; x_wconf 87' lang='lat' dir='ltr'><strong>surrexit</strong></span> <span class='ocrx_word' id='word_1_258' title='bbox 2777 2093 2848 2148; x_wconf 88' lang='lat' dir='ltr'><strong>de</strong></span> <span class='ocrx_word' id='word_1_259' title='bbox 2878 2092 3065 2162; x_wconf 90' lang='lat' dir='ltr'><strong>lecto;</strong></span> <span class='ocrx_word' id='word_1_260' title='bbox 3108 2098 3165 2149; x_wconf 91' lang='lat' dir='ltr'><strong>et</strong></span> <span class='ocrx_word' id='word_1_261' title='bbox 3194 2093 3561 2165; x_wconf 87' lang='lat' dir='ltr'><strong>apprehenso</strong></span> <span class='ocrx_word' id='word_1_262' title='bbox 3598 2099 3833 2166; x_wconf 81' lang='lat' dir='ltr'><strong>pastore</strong></span> 
     </span>
    </p>
   </div>
   <div class='ocr_carea' id='block_1_20' title="bbox 419 2178 3832 2327">
    <p class='ocr_par' dir='ltr' id='par_1_20' title="bbox 419 2178 3832 2327">
     <span class='ocr_line' id='line_1_20' title="bbox 419 2178 3832 2327; baseline 0.002 -95"><span class='ocrx_word' id='word_1_263' title='bbox 419 2182 476 2305; x_wconf 53' lang='lat' dir='ltr'><strong>(at</strong></span> <span class='ocrx_word' id='word_1_264' title='bbox 504 2178 859 2251; x_wconf 89' lang='lat' dir='ltr'><strong>virginibus,</strong></span> <span class='ocrx_word' id='word_1_265' title='bbox 894 2184 1037 2327; x_wconf 56' lang='lat' dir='ltr'><strong>a(l)8ig)§</strong></span> <span class='ocrx_word' id='word_1_266' title='bbox 1061 2185 1196 2256; x_wconf 83' lang='grc'>(86).</span> <span class='ocrx_word' id='word_1_267' title='bbox 1226 2185 1377 2239; x_wconf 83' lang='lat' dir='ltr'><strong>Dixit</strong></span> <span class='ocrx_word' id='word_1_268' title='bbox 1399 2188 1595 2240; x_wconf 88' lang='lat' dir='ltr'><strong>autem</strong></span> <span class='ocrx_word' id='word_1_269' title='bbox 1630 2182 1772 2237; x_wconf 89' lang='lat' dir='ltr'><strong>mihi</strong></span> <span class='ocrx_word' id='word_1_270' title='bbox 1806 2180 2193 2235; x_wconf 87' lang='lat' dir='ltr'><strong>remissurum</strong></span> <span class='ocrx_word' id='word_1_271' title='bbox 2234 2197 2296 2235; x_wconf 87' lang='lat' dir='ltr'><strong>se</strong></span> <span class='ocrx_word' id='word_1_272' title='bbox 2329 2185 2622 2252; x_wconf 88' lang='lat' dir='ltr'><strong>pastorem</strong></span> <span class='ocrx_word' id='word_1_273' title='bbox 2688 2183 2800 2254; x_wconf 89' lang='lat'>(87)</span> <span class='ocrx_word' id='word_1_274' title='bbox 2856 2181 3046 2250; x_wconf 90' lang='lat' dir='ltr'><strong>illum,</strong></span> <span class='ocrx_word' id='word_1_275' title='bbox 3096 2187 3155 2238; x_wconf 92' lang='lat' dir='ltr'><strong>et</strong></span> <span class='ocrx_word' id='word_1_276' title='bbox 3181 2182 3435 2254; x_wconf 83' lang='lat' dir='ltr'><strong>virgines</strong></span> <span class='ocrx_word' id='word_1_277' title='bbox 3463 2181 3604 2237; x_wconf 86' lang='lat' dir='ltr'><strong>illas</strong></span> <span class='ocrx_word' id='word_1_278' title='bbox 3640 2184 3756 2253; x_wconf 85' lang='lat'>(88)</span> <span class='ocrx_word' id='word_1_279' title='bbox 3783 2184 3832 2238; x_wconf 89' lang='lat' dir='ltr'><strong>in</strong></span> 
     </span>
     <span class='ocr_line' id='line_1_21' title="bbox 465 2267 1056 2310; baseline 0.007 -3"><span class='ocrx_word' id='word_1_280' title='bbox 465 2267 667 2307; x_wconf 89' lang='lat' dir='ltr'><strong>omum</strong></span> <span class='ocrx_word' id='word_1_281' title='bbox 702 2269 891 2310; x_wconf 85' lang='lat' dir='ltr'><strong>:neam</strong></span> <span class='ocrx_word' id='word_1_282' title='bbox 1044 2298 1056 2310; x_wconf 91' lang='lat'><strong>.</strong></span> 
     </span>
    </p>
   </div>
   <div class='ocr_carea' id='block_1_21' title="bbox 465 2267 1056 2310">
    <p class='ocr_par' dir='ltr' id='par_1_21' title="bbox 465 2267 1056 2310">
     <span class='ocr_line' id='line_1_22' title="bbox 465 2267 1056 2310; baseline 0.005 -3"><span class='ocrx_word' id='word_1_283' title='bbox 465 2267 667 2307; x_wconf 89' lang='lat' dir='ltr'><strong>omum</strong></span> <span class='ocrx_word' id='word_1_284' title='bbox 702 2269 891 2310; x_wconf 85' lang='lat' dir='ltr'><strong>:neam</strong></span> <span class='ocrx_word' id='word_1_285' title='bbox 923 2267 1056 2310; x_wconf 69' lang='lat' dir='ltr'>(U9).</span> 
     </span>
    </p>
   </div>
   <div class='ocr_carea' id='block_1_22' title="bbox 1598 2350 2655 2407">
    <p class='ocr_par' dir='ltr' id='par_1_22' title="bbox 1598 2350 2655 2407">
     <span class='ocr_line' id='line_1_23' title="bbox 1598 2350 2655 2407; baseline 0 -1"><span class='ocrx_word' id='word_1_286' title='bbox 1598 2352 1838 2407; x_wconf 68' lang='lat' dir='ltr'><strong>VARI/13</strong></span> <span class='ocrx_word' id='word_1_287' title='bbox 1868 2350 2255 2407; x_wconf 83' lang='lat' dir='ltr'><strong>LECTIONES</strong></span> <span class='ocrx_word' id='word_1_288' title='bbox 2305 2352 2393 2405; x_wconf 90' lang='lat' dir='ltr'><strong>ET</strong></span> <span class='ocrx_word' id='word_1_289' title='bbox 2423 2352 2655 2406; x_wconf 69' lang='lat' dir='ltr'><strong>NOT/E.</strong></span> 
     </span>
    </p>
   </div>
   <div class='ocr_carea' id='block_1_23' title="bbox 497 2467 2938 2542">
    <p class='ocr_par' dir='ltr' id='par_1_23' title="bbox 497 2467 2938 2542">
     <span class='ocr_line' id='line_1_24' title="bbox 497 2467 2938 2542; baseline 0 -19"><span class='ocrx_word' id='word_1_290' title='bbox 497 2467 614 2542; x_wconf 64' lang='grc' dir='ltr'>(Ζρ)</span> <span class='ocrx_word' id='word_1_291' title='bbox 644 2467 839 2542; x_wconf 64' lang='lat' dir='ltr'><strong>Fellus</strong></span> <span class='ocrx_word' id='word_1_292' title='bbox 897 2470 1113 2541; x_wconf 87' lang='lat' dir='ltr'><strong>aliique</strong></span> <span class='ocrx_word' id='word_1_293' title='bbox 1144 2471 1463 2542; x_wconf 89' lang='lat' dir='ltr'><strong>conjiciunt</strong></span> <span class='ocrx_word' id='word_1_294' title='bbox 1501 2471 1835 2542; x_wconf 86' lang='lat' dir='ltr'><strong>legendum,</strong></span> <span class='ocrx_word' id='word_1_295' title='bbox 1872 2484 2071 2522; x_wconf 79' lang='lat' dir='ltr'><strong>vzvere.</strong></span> <span class='ocrx_word' id='word_1_296' title='bbox 2258 2472 2371 2541; x_wconf 78' lang='grc'>(84)</span> <span class='ocrx_word' id='word_1_297' title='bbox 2404 2470 2606 2524; x_wconf 88' lang='lat' dir='ltr'><strong>Lamb.</strong></span> <span class='ocrx_word' id='word_1_298' title='bbox 2638 2470 2938 2525; x_wconf 80' lang='lat' dir='ltr'><strong>adducunt.</strong></span> 
     </span>
    </p>
   </div>
   <div class='ocr_carea' id='block_1_24' title="bbox 500 2538 3435 2614">
    <p class='ocr_par' dir='ltr' id='par_1_24' title="bbox 500 2538 3435 2614">
     <span class='ocr_line' id='line_1_25' title="bbox 500 2538 3435 2614; baseline -0.001 -19"><span class='ocrx_word' id='word_1_299' title='bbox 500 2538 612 2614; x_wconf 60' lang='grc' dir='ltr'>(Ἡ)</span> <span class='ocrx_word' id='word_1_300' title='bbox 646 2540 848 2614; x_wconf 72' lang='lat' dir='ltr'><strong>Lamb.</strong></span> <span class='ocrx_word' id='word_1_301' title='bbox 881 2538 1267 2614; x_wconf 46' lang='lat' dir='ltr'><strong>colla—turum.‘</strong></span> <span class='ocrx_word' id='word_1_302' title='bbox 1562 2538 1587 2542; x_wconf 61' lang='grc'><em>”</em></span> <span class='ocrx_word' id='word_1_303' title='bbox 2256 2538 2366 2614; x_wconf 83' lang='grc'>(85)</span> <span class='ocrx_word' id='word_1_304' title='bbox 2398 2542 2558 2597; x_wconf 89' lang='lat' dir='ltr'><strong>Bodl.</strong></span> <span class='ocrx_word' id='word_1_305' title='bbox 2591 2543 2840 2614; x_wconf 13' lang='lat' dir='ltr'><strong>tardarlis.</strong></span> <span class='ocrx_word' id='word_1_306' title='bbox 2878 2541 3077 2614; x_wconf 70' lang='lat' dir='ltr'><strong>Lamb.</strong></span> <span class='ocrx_word' id='word_1_307' title='bbox 3117 2540 3435 2614; x_wconf 59' lang='lat' dir='ltr'><strong>tardamz&#39;ni.</strong></span> 
     </span>
    </p>
   </div>
   <div class='ocr_carea' id='block_1_25' title="bbox 501 2610 3835 2685">
    <p class='ocr_par' dir='ltr' id='par_1_25' title="bbox 501 2610 3835 2685">
     <span class='ocr_line' id='line_1_26' title="bbox 501 2610 3835 2685; baseline -0.001 -19"><span class='ocrx_word' id='word_1_308' title='bbox 501 2610 616 2685; x_wconf 69' lang='lat' dir='ltr'>(Z8)</span> <span class='ocrx_word' id='word_1_309' title='bbox 648 2612 850 2685; x_wconf 79' lang='lat' dir='ltr'><strong>Lamb.</strong></span> <span class='ocrx_word' id='word_1_310' title='bbox 882 2613 953 2668; x_wconf 88' lang='lat' dir='ltr'><strong>ad</strong></span> <span class='ocrx_word' id='word_1_311' title='bbox 981 2630 1090 2669; x_wconf 80' lang='lat' dir='ltr'><strong>eas.</strong></span> <span class='ocrx_word' id='word_1_312' title='bbox 1123 2614 1215 2668; x_wconf 89' lang='lat' dir='ltr'><strong>Sic</strong></span> <span class='ocrx_word' id='word_1_313' title='bbox 1246 2617 1303 2668; x_wconf 90' lang='lat' dir='ltr'><strong>et</strong></span> <span class='ocrx_word' id='word_1_314' title='bbox 1334 2614 1542 2669; x_wconf 89' lang='lat' dir='ltr'><strong>Fellus.</strong></span> <span class='ocrx_word' id='word_1_315' title='bbox 2259 2610 2371 2683; x_wconf 88' lang='lat'>(86)</span> <span class='ocrx_word' id='word_1_316' title='bbox 2421 2614 2561 2669; x_wconf 87' lang='lat' dir='ltr'><strong>Mss.</strong></span> <span class='ocrx_word' id='word_1_317' title='bbox 2616 2613 2784 2685; x_wconf 90' lang='lat' dir='ltr'><strong>Angl.</strong></span> <span class='ocrx_word' id='word_1_318' title='bbox 2837 2614 2995 2667; x_wconf 80' lang='lat' dir='ltr'><strong>abiit.</strong></span> <span class='ocrx_word' id='word_1_319' title='bbox 3040 2613 3223 2668; x_wconf 71' lang='lat' dir='ltr'><strong>dicens</strong></span> <span class='ocrx_word' id='word_1_320' title='bbox 3276 2612 3416 2665; x_wconf 77' lang='lat' dir='ltr'><strong>mihi</strong></span> <span class='ocrx_word' id='word_1_321' title='bbox 3444 2627 3835 2667; x_wconf 68' lang='lat' dir='ltr'><strong>remansurum</strong></span> 
     </span>
    </p>
   </div>
   <div class='ocr_carea' id='block_1_26' title="bbox 498 2679 2475 2757">
    <p class='ocr_par' dir='ltr' id='par_1_26' title="bbox 498 2679 2475 2757">
     <span class='ocr_line' id='line_1_27' title="bbox 498 2679 2475 2757; baseline 0.002 -20"><span class='ocrx_word' id='word_1_322' title='bbox 646 2684 848 2757; x_wconf 76' lang='lat' dir='ltr'><strong>Lamb.</strong></span> <span class='ocrx_word' id='word_1_323' title='bbox 881 2687 1101 2741; x_wconf 75' lang='lat' dir='ltr'><strong>omnino</strong></span> <span class='ocrx_word' id='word_1_324' title='bbox 1130 2687 1334 2741; x_wconf 77' lang='lat' dir='ltr'><strong>indica.</strong></span> <span class='ocrx_word' id='word_1_325' title='bbox 2181 2679 2475 2757; x_wconf 61' lang='lat' dir='ltr'><strong>pastorem.</strong></span> 
     </span>
    </p>
   </div>
   <div class='ocr_carea' id='block_1_27' title="bbox 525 2752 3507 2829">
    <p class='ocr_par' dir='ltr' id='par_1_27' title="bbox 525 2752 3507 2829">
     <span class='ocr_line' id='line_1_28' title="bbox 525 2752 3507 2829; baseline -0.001 -20"><span class='ocrx_word' id='word_1_326' title='bbox 525 2752 616 2829; x_wconf 66' lang='lat'>80)</span> <span class='ocrx_word' id='word_1_327' title='bbox 643 2755 850 2829; x_wconf 90' lang='lat' dir='ltr'><strong>_Lam_b.</strong></span> <span class='ocrx_word' id='word_1_328' title='bbox 882 2758 946 2829; x_wconf 74' lang='lat' dir='ltr'><strong>Et</strong></span> <span class='ocrx_word' id='word_1_329' title='bbox 975 2758 1058 2813; x_wconf 76' lang='lat' dir='ltr'><strong>his</strong></span> <span class='ocrx_word' id='word_1_330' title='bbox 1085 2758 1235 2812; x_wconf 83' lang='lat' dir='ltr'><strong>enim</strong></span> <span class='ocrx_word' id='word_1_331' title='bbox 1262 2759 1393 2829; x_wconf 74' lang='lat' dir='ltr'><strong>quia</strong></span> <span class='ocrx_word' id='word_1_332' title='bbox 1424 2761 1570 2829; x_wconf 76' lang='lat' dir='ltr'><strong>eget.</strong></span> <span class='ocrx_word' id='word_1_333' title='bbox 2181 2752 2195 2757; x_wconf 80' lang='grc'><em>’</em></span> <span class='ocrx_word' id='word_1_334' title='bbox 2258 2760 2368 2829; x_wconf 94' lang='grc'>(87)</span> <span class='ocrx_word' id='word_1_335' title='bbox 2398 2758 2505 2811; x_wconf 92' lang='lat' dir='ltr'><strong>Ms.</strong></span> <span class='ocrx_word' id='word_1_336' title='bbox 2540 2756 2730 2812; x_wconf 87' lang='lat' dir='ltr'><strong>Carm.</strong></span> <span class='ocrx_word' id='word_1_337' title='bbox 2780 2772 3165 2811; x_wconf 85' lang='lat' dir='ltr'><strong>remansurum</strong></span> <span class='ocrx_word' id='word_1_338' title='bbox 3207 2763 3507 2826; x_wconf 81' lang='lat' dir='ltr'><strong>pastorem.</strong></span> 
     </span>
    </p>
   </div>
   <div class='ocr_carea' id='block_1_28' title="bbox 523 2823 2999 2899">
    <p class='ocr_par' dir='ltr' id='par_1_28' title="bbox 523 2823 2999 2899">
     <span class='ocr_line' id='line_1_29' title="bbox 523 2823 2999 2899; baseline 0 -18"><span class='ocrx_word' id='word_1_339' title='bbox 523 2823 615 2899; x_wconf 72' lang='lat' dir='ltr'><strong>§l)</strong></span> <span class='ocrx_word' id='word_1_340' title='bbox 642 2827 845 2899; x_wconf 84' lang='lat' dir='ltr'><strong>Lamb.</strong></span> <span class='ocrx_word' id='word_1_341' title='bbox 877 2828 979 2884; x_wconf 80' lang='lat' dir='ltr'><strong>hac</strong></span> <span class='ocrx_word' id='word_1_342' title='bbox 1008 2845 1211 2884; x_wconf 79' lang='lat' dir='ltr'><strong>necess.</strong></span> <span class='ocrx_word' id='word_1_343' title='bbox 1272 2823 1284 2829; x_wconf 78' lang='grc'><em>’</em></span> <span class='ocrx_word' id='word_1_344' title='bbox 1457 2823 1477 2829; x_wconf 59' lang='grc'>⁷</span> <span class='ocrx_word' id='word_1_345' title='bbox 2258 2823 2370 2899; x_wconf 85' lang='lat'>(88)</span> <span class='ocrx_word' id='word_1_346' title='bbox 2400 2828 2602 2883; x_wconf 88' lang='lat' dir='ltr'><strong>Lamb.</strong></span> <span class='ocrx_word' id='word_1_347' title='bbox 2637 2829 2819 2899; x_wconf 88' lang='lat' dir='ltr'><strong>deest,</strong></span> <span class='ocrx_word' id='word_1_348' title='bbox 2852 2829 2999 2882; x_wconf 77' lang='lat' dir='ltr'><strong>illas.</strong></span> 
     </span>
    </p>
   </div>
   <div class='ocr_carea' id='block_1_29' title="bbox 523 2894 3842 2973">
    <p class='ocr_par' dir='ltr' id='par_1_29' title="bbox 523 2894 3842 2973">
     <span class='ocr_line' id='line_1_30' title="bbox 523 2894 3842 2973; baseline -0.006 -4"><span class='ocrx_word' id='word_1_349' title='bbox 523 2894 615 2973; x_wconf 57' lang='grc'>82)</span> <span class='ocrx_word' id='word_1_350' title='bbox 640 2898 845 2973; x_wconf 67' lang='lat' dir='ltr'><strong>_Lamb-</strong></span> <span class='ocrx_word' id='word_1_351' title='bbox 887 2901 1037 2971; x_wconf 74' lang='lat' dir='ltr'><strong>quia.</strong></span> <span class='ocrx_word' id='word_1_352' title='bbox 2256 2894 2367 2973; x_wconf 84' lang='lat'>(89)</span> <span class='ocrx_word' id='word_1_353' title='bbox 2426 2900 2566 2973; x_wconf 77' lang='lat' dir='ltr'><strong>Mss.</strong></span> <span class='ocrx_word' id='word_1_354' title='bbox 2626 2894 2828 2973; x_wconf 45' lang='lat' dir='ltr'><strong>Carm.</strong></span> <span class='ocrx_word' id='word_1_355' title='bbox 2876 2904 3006 2973; x_wconf 76' lang='lat' dir='ltr'><strong>post</strong></span> <span class='ocrx_word' id='word_1_356' title='bbox 3043 2914 3241 2965; x_wconf 71' lang='lat' dir='ltr'><strong>meam,</strong></span> <span class='ocrx_word' id='word_1_357' title='bbox 3274 2897 3436 2954; x_wconf 86' lang='lat' dir='ltr'><strong>addit</strong></span> <span class='ocrx_word' id='word_1_358' title='bbox 3490 2898 3697 2951; x_wconf 80' lang='lat' dir='ltr'><strong>Amen.</strong></span> <span class='ocrx_word' id='word_1_359' title='bbox 3759 2895 3842 2951; x_wconf 83' lang='lat' dir='ltr'><strong>Sic</strong></span> 
     </span>
    </p>
   </div>
   <div class='ocr_carea' id='block_1_30' title="bbox 524 2969 3117 3046">
    <p class='ocr_par' dir='ltr' id='par_1_30' title="bbox 524 2969 3117 3046">
     <span class='ocr_line' id='line_1_31' title="bbox 524 2969 3117 3046; baseline 0 -21"><span class='ocrx_word' id='word_1_360' title='bbox 524 2969 616 3042; x_wconf 91' lang='lat'>83)</span> <span class='ocrx_word' id='word_1_361' title='bbox 640 2970 843 3028; x_wconf 89' lang='lat' dir='ltr'><strong>Lamb.</strong></span> <span class='ocrx_word' id='word_1_362' title='bbox 878 2969 1126 3044; x_wconf 60' lang='lat' dir='ltr'><strong>att/ferre.</strong></span> <span class='ocrx_word' id='word_1_363' title='bbox 2186 2969 2418 3046; x_wconf 85' lang='lat' dir='ltr'><strong>quoque</strong></span> <span class='ocrx_word' id='word_1_364' title='bbox 2449 2972 2643 3029; x_wconf 87' lang='lat' dir='ltr'><strong>Fellus</strong></span> <span class='ocrx_word' id='word_1_365' title='bbox 2673 2972 2734 3027; x_wconf 94' lang='lat' dir='ltr'><strong>in</strong></span> <span class='ocrx_word' id='word_1_366' title='bbox 2765 2969 2905 3028; x_wconf 76' lang='lat' dir='ltr'><strong>edit.</strong></span> <span class='ocrx_word' id='word_1_367' title='bbox 2937 2971 3117 3027; x_wconf 84' lang='lat' dir='ltr'><strong>Oxon.</strong></span> 
     </span>
    </p>
   </div>
   <div class='ocr_carea' id='block_1_31' title="bbox 500 2751 522 3044">
    <p class='ocr_par' dir='ltr' id='par_1_31' title="bbox 500 2751 522 3044">
     <span class='ocr_line' id='line_1_32' title="bbox 500 2751 522 3044; baseline 0 0"><span class='ocrx_word' id='word_1_368' title='bbox 500 2751 522 3044; x_wconf 68' lang='grc' dir='ltr'>ξ</span> 
     </span>
    </p>
   </div>
   <div class='ocr_carea' id='block_1_32' title="bbox 436 3150 3852 3182">
    <p class='ocr_par' dir='ltr' id='par_1_32' title="bbox 436 3150 3852 3182">
     <span class='ocr_line' id='line_1_33' title="bbox 436 3150 3852 3182; baseline 0 -5"><span class='ocrx_word' id='word_1_369' title='bbox 436 3150 3852 3182; x_wconf 70' lang='lat' dir='ltr'><em>W</em></span> 
     </span>
    </p>
   </div>
   <div class='ocr_carea' id='block_1_33' title="bbox 650 3284 3458 3505">
    <p class='ocr_par' dir='ltr' id='par_1_33' title="bbox 650 3284 3458 3505">
     <span class='ocr_line' id='line_1_34' title="bbox 650 3284 3458 3505; baseline 0.001 -3"><span class='ocrx_word' id='word_1_370' title='bbox 650 3284 655 3289; x_wconf 80' lang='grc'><em>’</em></span> <span class='ocrx_word' id='word_1_371' title='bbox 792 3340 1815 3504; x_wconf 86' lang='lat' dir='ltr'><strong>APPENDIX</strong></span> <span class='ocrx_word' id='word_1_372' title='bbox 1926 3343 2196 3503; x_wconf 83' lang='lat' dir='ltr'><strong>AD</strong></span> <span class='ocrx_word' id='word_1_373' title='bbox 2320 3340 2486 3505; x_wconf 85' lang='lat' dir='ltr'><strong>s.</strong></span> <span class='ocrx_word' id='word_1_374' title='bbox 2580 3340 3458 3505; x_wconf 79' lang='lat' dir='ltr'><strong>HERMAM</strong></span> 
     </span>
    </p>
   </div>
   <div class='ocr_carea' id='block_1_34' title="bbox 1671 3747 2601 3812">
    <p class='ocr_par' dir='ltr' id='par_1_34' title="bbox 1671 3747 2601 3812">
     <span class='ocr_line' id='line_1_35' title="bbox 1671 3747 2601 3812; baseline -0.003 -1"><span class='ocrx_word' id='word_1_375' title='bbox 1671 3750 2151 3811; x_wconf 81' lang='lat' dir='ltr'><strong>SANCTARUM</strong></span> <span class='ocrx_word' id='word_1_376' title='bbox 2204 3747 2601 3812; x_wconf 84' lang='lat' dir='ltr'><strong>VIRGINUM</strong></span> 
     </span>
    </p>
   </div>
   <div class='ocr_carea' id='block_1_35' title="bbox 948 3924 2533 4018">
    <p class='ocr_par' dir='ltr' id='par_1_35' title="bbox 948 3924 2533 4018">
     <span class='ocr_line' id='line_1_36' title="bbox 948 3924 2533 4018; baseline 0 -3"><span class='ocrx_word' id='word_1_377' title='bbox 948 3926 1609 4018; x_wconf 70' lang='lat' dir='ltr'><strong>PUDENTIAME</strong></span> <span class='ocrx_word' id='word_1_378' title='bbox 1661 3926 1858 4017; x_wconf 80' lang='lat' dir='ltr'><strong>SEU</strong></span> <span class='ocrx_word' id='word_1_379' title='bbox 1922 3924 2533 4016; x_wconf 76' lang='grc' dir='ltr'><strong>ΡΟΤΕΝΤΙΑΝᾹ</strong></span> 
     </span>
    </p>
   </div>
   <div class='ocr_carea' id='block_1_36' title="bbox 1740 3924 3325 4018">
    <p class='ocr_par' dir='ltr' id='par_1_36' title="bbox 1740 3924 3325 4017">
     <span class='ocr_line' id='line_1_37' title="bbox 1740 3924 3325 4017; baseline 0.001 -2"><span class='ocrx_word' id='word_1_380' title='bbox 1740 3926 1858 4016; x_wconf 71' lang='lat' dir='ltr'><strong>EU</strong></span> <span class='ocrx_word' id='word_1_381' title='bbox 1922 3924 2570 4016; x_wconf 72' lang='lat' dir='ltr'><strong>POTENTIANZE</strong></span> <span class='ocrx_word' id='word_1_382' title='bbox 2639 3926 2763 4016; x_wconf 90' lang='lat' dir='ltr'><strong>ET</strong></span> <span class='ocrx_word' id='word_1_383' title='bbox 2827 3924 3325 4017; x_wconf 81' lang='lat' dir='ltr'><strong>PBAXEDIS</strong></span> 
     </span>
    </p>
   </div>
   <div class='ocr_carea' id='block_1_37' title="bbox 1936 4130 2346 4262">
    <p class='ocr_par' dir='ltr' id='par_1_37' title="bbox 1936 4130 2346 4262">
     <span class='ocr_line' id='line_1_38' title="bbox 1936 4130 2346 4262; baseline 0 -3"><span class='ocrx_word' id='word_1_384' title='bbox 1936 4130 2346 4262; x_wconf 87' lang='lat' dir='ltr'><strong>ACTA</strong></span> 
     </span>
    </p>
   </div>
   <div class='ocr_carea' id='block_1_38' title="bbox 799 4370 3497 4469">
    <p class='ocr_par' dir='ltr' id='par_1_38' title="bbox 799 4370 3497 4469">
     <span class='ocr_line' id='line_1_39' title="bbox 799 4370 3497 4469; baseline 0 -2"><span class='ocrx_word' id='word_1_385' title='bbox 799 4370 1469 4469; x_wconf 79' lang='lat' dir='ltr'><strong>AUCTORE</strong></span> <span class='ocrx_word' id='word_1_386' title='bbox 1573 4372 1660 4464; x_wconf 88' lang='lat' dir='ltr'><strong>S-</strong></span> <span class='ocrx_word' id='word_1_387' title='bbox 1760 4370 2419 4465; x_wconf 84' lang='lat' dir='ltr'><strong>PASTORE</strong></span> <span class='ocrx_word' id='word_1_388' title='bbox 2518 4371 3497 4469; x_wconf 83' lang='lat' dir='ltr'><strong>PRESBYTERO</strong></span> 
     </span>
    </p>
   </div>
   <div class='ocr_carea' id='block_1_39' title="bbox 1331 4696 2960 4792">
    <p class='ocr_par' dir='ltr' id='par_1_39' title="bbox 1331 4696 2960 4792">
     <span class='ocr_line' id='line_1_40' title="bbox 1331 4696 2960 4792; baseline -0.002 0"><span class='ocrx_word' id='word_1_389' title='bbox 1331 4696 1837 4792; x_wconf 87' lang='lat' dir='ltr'><strong>NOTITIA</strong></span> <span class='ocrx_word' id='word_1_390' title='bbox 1905 4697 2033 4792; x_wconf 95' lang='lat' dir='ltr'><strong>IN</strong></span> <span class='ocrx_word' id='word_1_391' title='bbox 2109 4698 2198 4790; x_wconf 90' lang='lat' dir='ltr'><strong>S.</strong></span> <span class='ocrx_word' id='word_1_392' title='bbox 2270 4697 2960 4792; x_wconf 83' lang='lat' dir='ltr'><strong>PASTOREM.</strong></span> 
     </span>
    </p>
   </div>
   <div class='ocr_carea' id='block_1_40' title="bbox 1150 4902 3141 4985">
    <p class='ocr_par' dir='ltr' id='par_1_40' title="bbox 1150 4902 3141 4985">
     <span class='ocr_line' id='line_1_41' title="bbox 1150 4902 3141 4985; baseline 0 -20"><span class='ocrx_word' id='word_1_393' title='bbox 1150 4904 1327 4983; x_wconf 87' lang='lat' dir='ltr'><strong>(Acta</strong></span> <span class='ocrx_word' id='word_1_394' title='bbox 1364 4912 1698 4964; x_wconf 80' lang='lat' dir='ltr'><strong>sanctorum</strong></span> <span class='ocrx_word' id='word_1_395' title='bbox 1738 4902 2047 4977; x_wconf 81' lang='lat' dir='ltr'><strong>Bolland.,</strong></span> <span class='ocrx_word' id='word_1_396' title='bbox 2080 4903 2255 4976; x_wconf 88' lang='lat' dir='ltr'><strong>Julii,</strong></span> <span class='ocrx_word' id='word_1_397' title='bbox 2286 4910 2438 4965; x_wconf 90' lang='lat' dir='ltr'><strong>tom.</strong></span> <span class='ocrx_word' id='word_1_398' title='bbox 2475 4905 2577 4978; x_wconf 84' lang='lat' dir='ltr'><strong>VI,</strong></span> <span class='ocrx_word' id='word_1_399' title='bbox 2616 4904 2715 4965; x_wconf 92' lang='lat' dir='ltr'><strong>die</strong></span> <span class='ocrx_word' id='word_1_400' title='bbox 2744 4908 2843 4981; x_wconf 74' lang='lat'><strong>27,</strong></span> <span class='ocrx_word' id='word_1_401' title='bbox 2878 4923 2941 4983; x_wconf 90' lang='lat' dir='ltr'><strong>p.</strong></span> <span class='ocrx_word' id='word_1_402' title='bbox 2974 4905 3141 4985; x_wconf 77' lang='lat'><strong>299.)</strong></span> 
     </span>
    </p>
   </div>
   <div class='ocr_carea' id='block_1_41' title="bbox 520 5080 3848 5169">
    <p class='ocr_par' dir='ltr' id='par_1_41' title="bbox 520 5080 3848 5169">
     <span class='ocr_line' id='line_1_42' title="bbox 520 5080 3848 5169; baseline -0.001 -27"><span class='ocrx_word' id='word_1_403' title='bbox 520 5088 569 5143; x_wconf 93' lang='grc'><strong>1.</strong></span> <span class='ocrx_word' id='word_1_404' title='bbox 603 5087 882 5142; x_wconf 87' lang='lat' dir='ltr'><strong>Sanctum</strong></span> <span class='ocrx_word' id='word_1_405' title='bbox 914 5084 1069 5139; x_wconf 91' lang='lat' dir='ltr'><strong>hunc</strong></span> <span class='ocrx_word' id='word_1_406' title='bbox 1101 5082 1332 5138; x_wconf 85' lang='lat' dir='ltr'><strong>exhibet</strong></span> <span class='ocrx_word' id='word_1_407' title='bbox 1361 5081 1532 5136; x_wconf 90' lang='lat' dir='ltr'><strong>hodie</strong></span> <span class='ocrx_word' id='word_1_408' title='bbox 1562 5081 1730 5136; x_wconf 86' lang='lat' dir='ltr'><strong>nobis</strong></span> <span class='ocrx_word' id='word_1_409' title='bbox 1759 5080 2100 5169; x_wconf 51' lang='lat' dir='ltr'><strong>Martyrolo:</strong></span> <span class='ocrx_word' id='word_1_410' title='bbox 2212 5098 2451 5137; x_wconf 89' lang='lat' dir='ltr'><strong>manum</strong></span> <span class='ocrx_word' id='word_1_411' title='bbox 2483 5082 2955 5155; x_wconf 85' lang='lat' dir='ltr'><strong>Martyrologium</strong></span> <span class='ocrx_word' id='word_1_412' title='bbox 2971 5082 3092 5137; x_wconf 84' lang='lat' dir='ltr'><strong>?An</strong></span> <span class='ocrx_word' id='word_1_413' title='bbox 3109 5082 3469 5139; x_wconf 89' lang='lat' dir='ltr'><strong>Belinianum</strong></span> <span class='ocrx_word' id='word_1_414' title='bbox 3506 5088 3656 5141; x_wconf 89' lang='lat' dir='ltr'><strong>anni</strong></span> <span class='ocrx_word' id='word_1_415' title='bbox 3692 5087 3848 5143; x_wconf 60' lang='lat'><strong>1495?</strong></span> 
     </span>
    </p>
   </div>
   <div class='ocr_carea' id='block_1_42' title="bbox 441 5170 3840 5250">
    <p class='ocr_par' dir='ltr' id='par_1_42' title="bbox 441 5170 3840 5250">
     <span class='ocr_line' id='line_1_43' title="bbox 441 5170 3840 5250; baseline -0.001 -17"><span class='ocrx_word' id='word_1_416' title='bbox 441 5176 607 5250; x_wconf 83' lang='lat' dir='ltr'><strong>gium</strong></span> <span class='ocrx_word' id='word_1_417' title='bbox 645 5176 974 5231; x_wconf 86' lang='lat' dir='ltr'><strong>Romanum</strong></span> <span class='ocrx_word' id='word_1_418' title='bbox 1019 5172 1112 5227; x_wconf 89' lang='lat' dir='ltr'><strong>his</strong></span> <span class='ocrx_word' id='word_1_419' title='bbox 1151 5171 1344 5227; x_wconf 88' lang='lat' dir='ltr'><strong>verbis</strong></span> <span class='ocrx_word' id='word_1_420' title='bbox 1380 5186 1392 5225; x_wconf 92' lang='lat'><strong>:</strong></span> <span class='ocrx_word' id='word_1_421' title='bbox 1428 5192 1455 5220; x_wconf 85' lang='grc'><strong>‹‹</strong></span> <span class='ocrx_word' id='word_1_422' title='bbox 1489 5170 1629 5224; x_wconf 91' lang='lat' dir='ltr'><strong>Item</strong></span> <span class='ocrx_word' id='word_1_423' title='bbox 1666 5174 1878 5241; x_wconf 77' lang='lat' dir='ltr'><strong>Romae,</strong></span> <span class='ocrx_word' id='word_1_424' title='bbox 1917 5175 2102 5224; x_wconf 86' lang='lat' dir='ltr'><strong>sanet1</strong></span> <span class='ocrx_word' id='word_1_425' title='bbox 2211 5175 2327 5226; x_wconf 89' lang='lat' dir='ltr'><strong>Hoc</strong></span> <span class='ocrx_word' id='word_1_426' title='bbox 2357 5175 2600 5243; x_wconf 89' lang='lat' dir='ltr'><strong>certum,</strong></span> <span class='ocrx_word' id='word_1_427' title='bbox 2660 5188 2774 5226; x_wconf 89' lang='lat' dir='ltr'><strong>non</strong></span> <span class='ocrx_word' id='word_1_428' title='bbox 2827 5173 2919 5243; x_wconf 87' lang='lat' dir='ltr'><strong>agi</strong></span> <span class='ocrx_word' id='word_1_429' title='bbox 2968 5172 3075 5227; x_wconf 91' lang='lat' dir='ltr'><strong>hoc</strong></span> <span class='ocrx_word' id='word_1_430' title='bbox 3104 5172 3227 5228; x_wconf 89' lang='lat' dir='ltr'><strong>loco</strong></span> <span class='ocrx_word' id='word_1_431' title='bbox 3258 5173 3328 5229; x_wconf 90' lang='lat' dir='ltr'><strong>de</strong></span> <span class='ocrx_word' id='word_1_432' title='bbox 3360 5174 3630 5231; x_wconf 80' lang='lat' dir='ltr'><strong>Romano</strong></span> <span class='ocrx_word' id='word_1_433' title='bbox 3693 5192 3840 5249; x_wconf 68' lang='lat' dir='ltr'><strong>pan:</strong></span> 
     </span>
    </p>
   </div>
   <div class='ocr_carea' id='block_1_43' title="bbox 444 5258 3837 5335">
    <p class='ocr_par' dir='ltr' id='par_1_43' title="bbox 444 5258 3837 5335">
     <span class='ocr_line' id='line_1_44' title="bbox 444 5258 3837 5335; baseline -0.001 -14"><span class='ocrx_word' id='word_1_434' title='bbox 444 5264 703 5322; x_wconf 88' lang='lat' dir='ltr'><strong>Pastoris</strong></span> <span class='ocrx_word' id='word_1_435' title='bbox 737 5261 1079 5335; x_wconf 88' lang='lat' dir='ltr'><strong>presbyteri,</strong></span> <span class='ocrx_word' id='word_1_436' title='bbox 1130 5261 1299 5330; x_wconf 90' lang='lat' dir='ltr'><strong>cujus</strong></span> <span class='ocrx_word' id='word_1_437' title='bbox 1330 5260 1565 5314; x_wconf 89' lang='lat' dir='ltr'><strong>nomine</strong></span> <span class='ocrx_word' id='word_1_438' title='bbox 1594 5258 1801 5313; x_wconf 87' lang='lat' dir='ltr'><strong>titulus</strong></span> <span class='ocrx_word' id='word_1_439' title='bbox 1834 5264 2021 5313; x_wconf 78' lang='lat' dir='ltr'><strong>exstat</strong></span> <span class='ocrx_word' id='word_1_440' title='bbox 2042 5258 2099 5314; x_wconf 87' lang='lat' dir='ltr'><strong>in</strong></span> <span class='ocrx_word' id='word_1_441' title='bbox 2209 5277 2312 5315; x_wconf 90' lang='lat' dir='ltr'><strong>seu</strong></span> <span class='ocrx_word' id='word_1_442' title='bbox 2345 5261 2541 5327; x_wconf 82' lang='lat' dir='ltr'><strong>veteri,</strong></span> <span class='ocrx_word' id='word_1_443' title='bbox 2567 5263 2722 5332; x_wconf 87' lang='lat' dir='ltr'><strong>quod</strong></span> <span class='ocrx_word' id='word_1_444' title='bbox 2739 5261 3097 5333; x_wconf 81' lang='lat' dir='ltr'><strong>Rosweydus</strong></span> <span class='ocrx_word' id='word_1_445' title='bbox 3114 5262 3296 5317; x_wconf 87' lang='lat' dir='ltr'><strong>edidit</strong></span> <span class='ocrx_word' id='word_1_446' title='bbox 3328 5278 3340 5316; x_wconf 88' lang='lat'><strong>:</strong></span> <span class='ocrx_word' id='word_1_447' title='bbox 3368 5262 3525 5318; x_wconf 91' lang='lat' dir='ltr'><strong>istud</strong></span> <span class='ocrx_word' id='word_1_448' title='bbox 3560 5265 3728 5321; x_wconf 88' lang='lat' dir='ltr'><strong>enim</strong></span> <span class='ocrx_word' id='word_1_449' title='bbox 3760 5282 3837 5319; x_wconf 65' lang='lat' dir='ltr'><strong>at:</strong></span> 
     </span>
    </p>
   </div>
   <div class='ocr_carea' id='block_1_44' title="bbox 443 5348 3835 5424">
    <p class='ocr_par' dir='ltr' id='par_1_44' title="bbox 443 5348 3835 5424">
     <span class='ocr_line' id='line_1_45' title="bbox 443 5348 3835 5424; baseline -0.002 -12"><span class='ocrx_word' id='word_1_450' title='bbox 443 5353 725 5412; x_wconf 87' lang='lat' dir='ltr'><strong>Viminali</strong></span> <span class='ocrx_word' id='word_1_451' title='bbox 754 5353 908 5424; x_wconf 91' lang='lat' dir='ltr'><strong>apud</strong></span> <span class='ocrx_word' id='word_1_452' title='bbox 928 5352 1195 5407; x_wconf 86' lang='lat' dir='ltr'><strong>Sanctam</strong></span> <span class='ocrx_word' id='word_1_453' title='bbox 1216 5348 1659 5415; x_wconf 87' lang='lat' dir='ltr'><strong>Pudentianam,</strong></span> <span class='ocrx_word' id='word_1_454' title='bbox 1701 5372 1719 5395; x_wconf 77' lang='grc' dir='ltr'><strong>υ</strong></span> <span class='ocrx_word' id='word_1_455' title='bbox 1746 5348 2096 5402; x_wconf 83' lang='lat' dir='ltr'><strong>Baroniusin</strong></span> <span class='ocrx_word' id='word_1_456' title='bbox 2207 5350 2393 5403; x_wconf 81' lang='lat' dir='ltr'><strong>visum</strong></span> <span class='ocrx_word' id='word_1_457' title='bbox 2420 5350 2715 5404; x_wconf 86' lang='lat' dir='ltr'><strong>aBaronio</strong></span> <span class='ocrx_word' id='word_1_458' title='bbox 2749 5350 2877 5417; x_wconf 86' lang='lat' dir='ltr'><strong>fuit,</strong></span> <span class='ocrx_word' id='word_1_459' title='bbox 2912 5365 3098 5421; x_wconf 89' lang='lat' dir='ltr'><strong>neque</strong></span> <span class='ocrx_word' id='word_1_460' title='bbox 3131 5351 3199 5404; x_wconf 90' lang='lat' dir='ltr'><strong>de</strong></span> <span class='ocrx_word' id='word_1_461' title='bbox 3230 5351 3288 5405; x_wconf 89' lang='lat' dir='ltr'><strong>S.</strong></span> <span class='ocrx_word' id='word_1_462' title='bbox 3326 5354 3563 5407; x_wconf 83' lang='lat' dir='ltr'><strong>Pastore</strong></span> <span class='ocrx_word' id='word_1_463' title='bbox 3587 5354 3835 5410; x_wconf 65' lang='lat' dir='ltr'><strong>memisi:</strong></span> 
     </span>
    </p>
   </div>
   <div class='ocr_carea' id='block_1_45' title="bbox 447 5437 3823 5509">
    <p class='ocr_par' dir='ltr' id='par_1_45' title="bbox 447 5437 3823 5509">
     <span class='ocr_line' id='line_1_46' title="bbox 447 5437 3823 5509; baseline -0.001 -9"><span class='ocrx_word' id='word_1_464' title='bbox 447 5442 924 5500; x_wconf 81' lang='lat' dir='ltr'><strong>adnotationibus</strong></span> <span class='ocrx_word' id='word_1_465' title='bbox 956 5441 1025 5495; x_wconf 91' lang='lat' dir='ltr'><strong>ad</strong></span> <span class='ocrx_word' id='word_1_466' title='bbox 1044 5444 1265 5494; x_wconf 83' lang='lat' dir='ltr'><strong>textum</strong></span> <span class='ocrx_word' id='word_1_467' title='bbox 1286 5437 1677 5509; x_wconf 78' lang='lat' dir='ltr'><strong>Martyrologii</strong></span> <span class='ocrx_word' id='word_1_468' title='bbox 1700 5438 1941 5492; x_wconf 87' lang='lat' dir='ltr'><strong>citatum</strong></span> <span class='ocrx_word' id='word_1_469' title='bbox 1975 5437 2094 5491; x_wconf 73' lang='lat' dir='ltr'><strong>haec</strong></span> <span class='ocrx_word' id='word_1_470' title='bbox 2205 5438 2453 5509; x_wconf 77' lang='lat' dir='ltr'><strong>uSpiam.</strong></span> <span class='ocrx_word' id='word_1_471' title='bbox 2488 5438 2609 5494; x_wconf 91' lang='lat' dir='ltr'><strong>Imo</strong></span> <span class='ocrx_word' id='word_1_472' title='bbox 2641 5454 2745 5493; x_wconf 90' lang='lat' dir='ltr'><strong>nec</strong></span> <span class='ocrx_word' id='word_1_473' title='bbox 2802 5439 3115 5493; x_wconf 89' lang='lat' dir='ltr'><strong>admodum</strong></span> <span class='ocrx_word' id='word_1_474' title='bbox 3160 5446 3327 5494; x_wconf 88' lang='lat' dir='ltr'><strong>vetus</strong></span> <span class='ocrx_word' id='word_1_475' title='bbox 3359 5457 3485 5495; x_wconf 84' lang='lat' dir='ltr'><strong>esse</strong></span> <span class='ocrx_word' id='word_1_476' title='bbox 3519 5442 3823 5499; x_wconf 65' lang='lat' dir='ltr'><strong>Romanas</strong></span> 
     </span>
    </p>
   </div>
   <div class='ocr_carea' id='block_1_46' title="bbox 449 5526 3815 5600">
    <p class='ocr_par' dir='ltr' id='par_1_46' title="bbox 449 5526 3815 5600">
     <span class='ocr_line' id='line_1_47' title="bbox 449 5526 3815 5600; baseline -0.001 -11"><span class='ocrx_word' id='word_1_477' title='bbox 449 5534 651 5589; x_wconf 87' lang='lat' dir='ltr'><strong>subdit</strong></span> <span class='ocrx_word' id='word_1_478' title='bbox 681 5535 830 5586; x_wconf 85' lang='lat' dir='ltr'><strong>inter</strong></span> <span class='ocrx_word' id='word_1_479' title='bbox 862 5531 1006 5585; x_wconf 86' lang='lat' dir='ltr'><strong>alia:</strong></span> <span class='ocrx_word' id='word_1_480' title='bbox 1047 5552 1073 5579; x_wconf 87' lang='grc'><em>‹‹</em></span> <span class='ocrx_word' id='word_1_481' title='bbox 1113 5529 1238 5583; x_wconf 88' lang='lat' dir='ltr'><strong>Non</strong></span> <span class='ocrx_word' id='word_1_482' title='bbox 1271 5532 1500 5581; x_wconf 86' lang='lat' dir='ltr'><strong>tantum</strong></span> <span class='ocrx_word' id='word_1_483' title='bbox 1535 5526 1589 5580; x_wconf 91' lang='lat' dir='ltr'><strong>in</strong></span> <span class='ocrx_word' id='word_1_484' title='bbox 1623 5527 1797 5581; x_wconf 86' lang='lat' dir='ltr'><strong>veteri</strong></span> <span class='ocrx_word' id='word_1_485' title='bbox 1833 5528 2092 5581; x_wconf 77' lang='lat' dir='ltr'><strong>Romano</strong></span> <span class='ocrx_word' id='word_1_486' title='bbox 2200 5527 2366 5593; x_wconf 86' lang='lat' dir='ltr'><strong>illud,</strong></span> <span class='ocrx_word' id='word_1_487' title='bbox 2401 5528 2553 5598; x_wconf 86' lang='lat' dir='ltr'><strong>quod</strong></span> <span class='ocrx_word' id='word_1_488' title='bbox 2588 5528 2645 5582; x_wconf 90' lang='lat' dir='ltr'><strong>in</strong></span> <span class='ocrx_word' id='word_1_489' title='bbox 2662 5528 3061 5583; x_wconf 83' lang='lat' dir='ltr'><strong>observatione</strong></span> <span class='ocrx_word' id='word_1_490' title='bbox 3094 5528 3418 5585; x_wconf 85' lang='lat' dir='ltr'><strong>Baroniana</strong></span> <span class='ocrx_word' id='word_1_491' title='bbox 3448 5529 3694 5600; x_wconf 73' lang='lat' dir='ltr'><strong>citetur,</strong></span> <span class='ocrx_word' id='word_1_492' title='bbox 3728 5531 3815 5587; x_wconf 61' lang='lat' dir='ltr'><strong>ini!</strong></span> 
     </span>
    </p>
   </div>
   <div class='ocr_carea' id='block_1_47' title="bbox 449 5615 3816 5693">
    <p class='ocr_par' dir='ltr' id='par_1_47' title="bbox 449 5615 3816 5693">
     <span class='ocr_line' id='line_1_48' title="bbox 449 5615 3816 5693; baseline -0.001 -14"><span class='ocrx_word' id='word_1_493' title='bbox 449 5620 879 5693; x_wconf 77' lang='lat' dir='ltr'><strong>Martyrologio,</strong></span> <span class='ocrx_word' id='word_1_494' title='bbox 909 5620 1007 5675; x_wconf 90' lang='lat' dir='ltr'><strong>sed</strong></span> <span class='ocrx_word' id='word_1_495' title='bbox 1041 5618 1165 5673; x_wconf 91' lang='lat' dir='ltr'><strong>etiu</strong></span> <span class='ocrx_word' id='word_1_496' title='bbox 1200 5616 1458 5687; x_wconf 86' lang='lat' dir='ltr'><strong>antiquis</strong></span> <span class='ocrx_word' id='word_1_497' title='bbox 1481 5616 1895 5687; x_wconf 87' lang='lat' dir='ltr'><strong>manuscriptis</strong></span> <span class='ocrx_word' id='word_1_498' title='bbox 1928 5618 1994 5671; x_wconf 80' lang='lat' dir='ltr'><strong>de</strong></span> <span class='ocrx_word' id='word_1_499' title='bbox 2026 5634 2089 5671; x_wconf 91' lang='lat' dir='ltr'><strong>eo</strong></span> <span class='ocrx_word' id='word_1_500' title='bbox 2200 5615 2330 5670; x_wconf 86' lang='lat' dir='ltr'><strong>licet</strong></span> <span class='ocrx_word' id='word_1_501' title='bbox 2361 5617 2662 5687; x_wconf 88' lang='lat' dir='ltr'><strong>conjicere,</strong></span> <span class='ocrx_word' id='word_1_502' title='bbox 2717 5619 2871 5689; x_wconf 76' lang='lat' dir='ltr'><strong>quod</strong></span> <span class='ocrx_word' id='word_1_503' title='bbox 2932 5618 3299 5673; x_wconf 87' lang='lat' dir='ltr'><strong>annuntiatio</strong></span> <span class='ocrx_word' id='word_1_504' title='bbox 3357 5620 3415 5674; x_wconf 87' lang='lat' dir='ltr'><strong>S.</strong></span> <span class='ocrx_word' id='word_1_505' title='bbox 3449 5622 3816 5679; x_wconf 62' lang='lat' dir='ltr'><strong>Pastor-ista!-</strong></span> 
     </span>
    </p>
   </div>
   <div class='ocr_carea' id='block_1_48' title="bbox 454 5703 3827 5781">
    <p class='ocr_par' dir='ltr' id='par_1_48' title="bbox 454 5703 3827 5781">
     <span class='ocr_line' id='line_1_49' title="bbox 454 5703 3827 5781; baseline 0.001 -15"><span class='ocrx_word' id='word_1_506' title='bbox 454 5711 646 5781; x_wconf 81' lang='lat' dir='ltr'><strong>agitur</strong></span> <span class='ocrx_word' id='word_1_507' title='bbox 674 5710 781 5765; x_wconf 90' lang='lat' dir='ltr'><strong>hac</strong></span> <span class='ocrx_word' id='word_1_508' title='bbox 812 5710 923 5765; x_wconf 89' lang='lat' dir='ltr'><strong>die.</strong></span> <span class='ocrx_word' id='word_1_509' title='bbox 959 5731 986 5757; x_wconf 89' lang='grc'><strong>››</strong></span> <span class='ocrx_word' id='word_1_510' title='bbox 1018 5710 1089 5762; x_wconf 88' lang='lat' dir='ltr'><strong>At</strong></span> <span class='ocrx_word' id='word_1_511' title='bbox 1105 5705 1357 5778; x_wconf 90' lang='lat' dir='ltr'><strong>quodam</strong></span> <span class='ocrx_word' id='word_1_512' title='bbox 1388 5704 1482 5757; x_wconf 89' lang='lat' dir='ltr'><strong>hic</strong></span> <span class='ocrx_word' id='word_1_513' title='bbox 1514 5703 1766 5774; x_wconf 83' lang='lat' dir='ltr'><strong>appellat</strong></span> <span class='ocrx_word' id='word_1_514' title='bbox 1788 5710 1955 5759; x_wconf 89' lang='lat' dir='ltr'><strong>vetus</strong></span> <span class='ocrx_word' id='word_1_515' title='bbox 1980 5705 2087 5760; x_wconf 84' lang='lat' dir='ltr'><strong>Ro-</strong></span> <span class='ocrx_word' id='word_1_516' title='bbox 2210 5705 2430 5778; x_wconf 87' lang='lat' dir='ltr'><strong>dierna,</strong></span> <span class='ocrx_word' id='word_1_517' title='bbox 2462 5707 2565 5778; x_wconf 88' lang='lat' dir='ltr'><strong>ibi,</strong></span> <span class='ocrx_word' id='word_1_518' title='bbox 2599 5712 2661 5762; x_wconf 91' lang='lat' dir='ltr'><strong>ut</strong></span> <span class='ocrx_word' id='word_1_519' title='bbox 2720 5708 3019 5777; x_wconf 85' lang='lat' dir='ltr'><strong>asseritur,</strong></span> <span class='ocrx_word' id='word_1_520' title='bbox 3070 5724 3358 5780; x_wconf 83' lang='lat' dir='ltr'><strong>expressa,</strong></span> <span class='ocrx_word' id='word_1_521' title='bbox 3387 5716 3653 5769; x_wconf 72' lang='lat' dir='ltr'><strong>veterum</strong></span> <span class='ocrx_word' id='word_1_522' title='bbox 3707 5726 3827 5769; x_wconf 70' lang='lat' dir='ltr'><strong>mc-</strong></span> 
     </span>
    </p>
   </div>
  </div>
