4014 6226
211 441 371 503 1013

1149 434 1259 497 SS.
1308 431 1843 497 PUDENTIANE
1885 430 1986 493 ET
2027 428 2425 493 PRAXEDIS
2468 429 2700 494 ACTA.

3465 431 3623 494 1014

208 571 613 647 tyrologorum
645 567 790 625 nulli
820 566 1158 624 innotuerit.
1190 566 1393 622 Altum
1425 569 1577 621 certe
1607 565 1680 620 ad
1700 564 1861 620 hunc
1888 571 1944 636 Α
1974 563 2233 635 scripsit.
2255 564 2464 620 Totum
2478 568 2859 638 ergotempus
2880 562 3097 621 dumin
3118 562 3227 622 hoc
3249 566 3460 621 saeculo
3476 564 3621 621 vixit

210 665 368 719 diem
391 661 451 717 in
474 658 905 731 exemplaribus
932 656 1414 728 Hieronymianis,
1436 656 1611 710 etiam
1649 654 1864 725 saepius

208 752 422 821 auctis,
456 752 527 806 de
560 750 795 805 Pastore
838 747 1178 813 silentium;
1230 750 1424 800 tacent
1471 746 1542 799 ad
1591 744 1862 799 eumdem

207 843 387 910 Beda,
420 840 644 907 Florus,
670 836 1143 905 Wandelbertus,
1172 834 1626 903 Rabanus,Ado,
1651 833 1863 889 Usuar-

208 932 343 998 dus,
379 930 671 987 Notkerus
703 946 715 983 :
743 932 808 982 ut
837 928 979 981 adeo
1012 942 1127 980 non
1158 924 1424 979 videatur
1450 922 1557 977 hac
1588 922 1681 975 die
1729 926 1863 976 ante

208 1019 492 1075 saeculum
522 1037 559 1072 x
586 1022 643 1073 S.
674 1016 935 1072 Pastoris
949 1031 1160 1070 nomen
1183 1012 1595 1068 ecclesiasticis
1616 1010 1861 1082 cmpisse

212 1109 399 1166 Fastis
434 1107 646 1163 ascribi
672 1125 685 1162 :
723 1107 771 1161 si
805 1110 1002 1160 tamen
1026 1105 1201 1159 etiam
1222 1108 1347 1157 tum
1369 1101 1607 1172 coeperit
1632 1117 1644 1153 :
1671 1116 1859 1170 neque

208 1198 367 1253 enim
400 1197 543 1252 satis
574 1199 877 1267 perspecta
923 1192 1093 1248 nobis
1142 1196 1231 1247 est
1279 1196 1420 1246 aetas
1467 1189 1587 1244 sive
1640 1187 1857 1244 codicis

210 1286 492 1354 Vaticani,
519 1301 693 1358 quem
715 1285 771 1338 in
797 1281 1074 1338 auctariis
1096 1282 1259 1335 Bedze
1282 1297 1346 1335 ac
1371 1278 1522 1334 Flori
1545 1278 1855 1333 citavimus

212 1374 382 1431 hodie
412 1379 546 1431 ante
576 1378 803 1429 tomum
827 1372 1155 1427 secundum
1184 1368 1400 1434 Martii,
1429 1368 1546 1423 sive
1571 1366 1854 1438 appendi-

210 1482 343 1521 cum
375 1464 622 1520 Usuardi
655 1480 687 1517 a
717 1461 885 1517 nobis
908 1460 1068 1528 editi,
1093 1460 1151 1513 in
1175 1458 1391 1529 quibus
1414 1457 1524 1511 hoc
1546 1457 1637 1511 die
1660 1458 1718 1511 S.
1746 1460 1852 1511 Pa-

210 1554 382 1610 storis
398 1550 722 1626 presbyteri
743 1556 799 1606 et
819 1549 1172 1605 confessoris
1188 1546 1472 1602 memoria
1494 1545 1783 1600 celebrato
1795 1562 1850 1599 r:

208 1642 530 1699 Florarium
562 1658 695 1696 vero
727 1642 1065 1704 sanctorum
1107 1654 1245 1702 ms.,
1289 1637 1445 1707 quod
1497 1651 1631 1689 eum
1681 1634 1854 1689 hodie

204 1733 290 1789 sic
324 1731 653 1799 annuntiat,
688 1753 717 1781 «
752 1731 967 1794 Romae,
1000 1727 1255 1783 Pastoris
1289 1725 1611 1798 presbyteri
1635 1729 1691 1779 et
1720 1741 1853 1779 con-

201 1822 463 1891 fessoris,
490 1844 519 1871 n
552 1820 742 1876 medio
774 1818 1001 1874 circiter
1029 1816 1239 1872 saeculo
1270 1833 1341 1870 xv
1390 1818 1690 1869 exaratum
1739 1817 1849 1868 est.

274 1915 326 1966 2.
360 1912 470 1967 Sed
504 1924 692 1981 neque
732 1907 975 1979 antiqua
1003 1906 1102 1961 illa
1134 1903 1533 1976 manuscripta
1555 1902 1846 1967 novimus,

202 2001 263 2056 in
294 2001 510 2071 quibus
541 2000 611 2054 de
635 2000 692 2053 S.
728 1998 963 2052 Pastore
994 1995 1086 2066 agi
1109 1994 1218 2049 hac
1234 1994 1328 2048 die
1349 1992 1597 2059 dicitur;
1622 1991 1735 2046 nisi
1758 1990 1849 2046 vel

202 2089 463 2145 auctaria
482 2090 609 2160 jam
643 2087 879 2142 laudata
908 2084 1349 2156 intelligantur;
1381 2082 1471 2136 vel
1498 2097 1680 2136 unum
1702 2080 1846 2135 illud

200 2178 689 2250 manuscriptum,
736 2176 805 2230 de
845 2191 959 2246 quo
1010 2174 1068 2228 in
1119 2172 1327 2227 iisdem
1372 2170 1847 2225 adnotationibus

200 2268 487 2324 Baronius
519 2265 765 2322 asserit:
803 2286 831 2313 «
862 2264 1159 2319 Habemus
1190 2261 1248 2315 in
1274 2267 1475 2315 nostra
1495 2259 1848 2315 bibliotheca

200 2375 294 2413 res
324 2360 519 2429 gestas
541 2354 726 2410 sancti
750 2352 1029 2417 Pastoris,
1056 2368 1157 2405 seu
1184 2350 1377 2421 potius
1400 2346 1761 2419 panegyrim,
1786 2348 1842 2401 in

198 2446 294 2501 die
323 2445 504 2501 natali
534 2446 663 2514 ejus
694 2441 909 2497 alicubi
941 2441 1000 2494 in
1032 2438 1279 2495 ecclesia
1311 2436 1422 2509 legi
1455 2436 1709 2491 solitam.
1746 2438 1845 2490 Est

195 2537 326 2607 ejus
356 2534 695 2590 exordium:
732 2532 1055 2587 Sanctorum
1082 2528 1331 2596 vestigia,
1366 2531 1473 2581 etc.
1510 2526 1626 2580 Hoc
1684 2525 1840 2580 enim

195 2625 367 2681 nobis
394 2624 587 2679 Romae
618 2639 648 2677 e
677 2621 1029 2677 bibliotheca
1057 2617 1449 2674 Vallicellensi
1476 2615 1727 2671 describi
1749 2632 1840 2670 ro-

196 2714 485 2787 gavimus,
520 2712 672 2784 quod
706 2729 739 2766 a
768 2714 930 2765 tanto
975 2708 1098 2763 viro
1144 2707 1451 2762 laudatum
1497 2709 1686 2759 esset:
1738 2704 1839 2759 sed

193 2805 338 2860 adeo
370 2803 581 2858 misere
619 2800 981 2872 descriptum
1035 2796 1388 2868 accepimus,
1448 2798 1512 2849 ut
1560 2794 1839 2848 mutando

196 2906 623 2962 nonnunquam
654 2888 851 2960 aliqua
881 2892 983 2942 aut
1003 2886 1270 2941 addendo
1295 2882 1569 2954 compleri
1596 2898 1695 2953 per
1712 2899 1842 2937 con-

183 2981 482 3051 jecturam
515 2978 817 3035 sententiae
850 2976 1116 3031 debeant.
1150 2978 1297 3027 Tum
1328 2989 1463 3028 vero
1495 2971 1700 3043 stylus,
1736 2972 1840 3027 fal-

194 3069 305 3141 lor,
321 3070 370 3125 si
384 3069 619 3142 longam
635 3067 788 3139 sapit
800 3064 1231 3135 antiquitatem.
1250 3062 1524 3133 Ipsavero
1538 3060 1718 3131 hujus
1740 3077 1840 3132 pa-

194 3158 479 3232 negyricae
498 3156 779 3214 orationis
801 3154 1045 3209 materia
1066 3150 1372 3207 historiam
1396 3149 1583 3205 sancti
1618 3148 1843 3204 modice

192 3265 261 3304 ac
293 3266 422 3305 raro
453 3247 722 3319 attingit;
756 3260 943 3315 neque
975 3241 1060 3298 vel
1083 3242 1167 3297 sic
1196 3246 1393 3295 tamen
1411 3238 1555 3295 satis
1578 3238 1839 3294 feliciter.

1972 654 2179 710 beatus
2218 654 2443 720 Pastor,
2492 659 2607 709 Deo
2659 670 2720 710 se
2769 654 3002 720 dicavit,
3050 658 3108 710 et
3154 654 3514 711 incessanter
3555 654 3616 710 in

1971 742 2132 798 illius
2181 743 2459 815 obsequio
2512 758 2907 815 perseverans,
2952 743 3180 799 cunctis
3229 743 3424 799 Roma;
3455 743 3617 799 Chri-
3670 800 3673 811 λ

1972 833 2181 889 stianis
2213 833 2516 904 speculum
2548 849 2611 889 se
2640 832 2906 903 praebuit,
2936 831 3081 887 illud
3104 831 3431 905 adimplens
3457 833 3614 904 quod

1971 921 2255 977 Dominus
2283 922 2364 977 ait
2388 941 2399 978 :
2424 922 2514 978 Sic
2544 924 2722 979 luceat
2740 923 2841 977 tua:
2862 930 3051 979 vestra
3072 938 3257 977 coram
3279 922 3612 990 hminibus,

1970 1021 2035 1067 ut
2063 1012 2252 1067 vitiant
2298 1029 2463 1082 opera
2510 1015 2693 1067 vestra
2739 1017 2897 1077 bona,
2943 1017 2997 1066 et
3043 1011 3353 1082 gloriﬁcent
3390 1016 3617 1067 Patrem

1967 1110 2228 1168 vestrum,
2261 1108 2355 1172 qui
2380 1104 2437 1156 in
2469 1103 2621 1157 cmlis
2650 1105 2730 1156 est
2760 1100 2981 1173 (Matth.
3013 1120 3069 1169 v,
3096 1100 3204 1172 16).
3238 1101 3421 1172 igitur
3450 1115 3615 1175 egre-

1968 1190 2099 1263 gius
2129 1190 2344 1246 Christi
2392 1191 2592 1246 Pastor
2640 1190 2913 1263 migravit
2948 1190 3020 1245 ad
3078 1189 3289 1261 gaudia
3345 1189 3611 1263 polorum

1966 1280 2214 1348 septimo
2247 1280 2535 1335 Kalendas
2564 1279 2833 1352 Augusti,
2869 1284 3209 1335 sanctorum
3231 1280 3496 1335 omnium
3529 1296 3616 1337 re-

1965 1370 2369 1425 muneratione
2401 1369 2569 1425 illum
2618 1369 2702 1424 ita
2747 1373 3025 1423 vocante:
3076 1370 3245 1438 Euge,
3292 1385 3443 1424 serve
3474 1370 3611 1425 bone

1964 1462 2013 1513 et
2068 1459 2291 1528 ﬁdelis,-
2340 1461 2473 1530 quia
2526 1475 2693 1530 super
2726 1473 2907 1529 pauca
2962 1459 3119 1529 fuisti
3182 1457 3381 1527 ﬁdelis,
3440 1474 3609 1529 supra

1960 1549 2141 1603 multa
2170 1559 2222 1603 te
2251 1550 2577 1604 constituam
2598 1566 2616 1602 :
2665 1550 2819 1603 intra
2855 1549 2917 1603 in
2960 1547 3227 1618 gaudium
3272 1547 3496 1603 Domini
3525 1548 3611 1601 tui

1962 1636 2169 1707 (Matth.
2190 1655 2318 1703 xxv,
2340 1638 2451 1709 21).
2472 1638 2651 1709 Cujus
2673 1654 2886 1709 corpus
2902 1637 3203 1692 conditum
3221 1635 3385 1692 estin
3406 1653 3609 1709 supra-

1961 1727 2117 1781 dicto
2148 1727 2316 1782 titulo
2347 1744 2481 1781 cum
2512 1727 2874 1782 aromatibus
2901 1744 2913 1782 :
2948 1726 3049 1782 ubi
3070 1742 3257 1797 usque
3287 1726 3345 1780 in
3377 1726 3608 1782 hodier-

1961 1833 2103 1871 num
2134 1817 2291 1871 diem
2322 1817 2477 1872 Deus
2508 1816 2845 1888 impertitur
2875 1815 3061 1872 multa
3090 1831 3194 1887 pro
3225 1816 3351 1871 suis
3380 1815 3609 1872 meritis

1962 1922 2028 1961 ac
2043 1905 2314 1979 precibus
2332 1906 2614 1962 beneﬁcia
2641 1923 2655 1972 ;
2681 1909 2961 1977 regnante
2975 1904 3223 1960 Domino
3249 1908 3452 1960 nostro
3467 1908 3607 1961 Jesu

1962 1994 2213 2061 Christo,
2245 1996 2339 2051 cui
2369 1995 2521 2065 laus,
2571 1999 2629 2050 et
2658 1995 2863 2064 hcnor,
2907 1999 2965 2050 et
3008 1995 3216 2062 virtus,
3266 1998 3324 2050 et
3352 1998 3610 2067 potestas

1958 2101 2091 2139 cum
2124 2089 2289 2157 patre
2336 2088 2655 2155 sanctoque
2688 2084 2949 2140 Flamine
2996 2099 3099 2155 per
3134 2082 3367 2139 inﬁnita
3397 2083 3611 2139 secula

1960 2173 2328 2229 saeculorum.
2361 2178 2566 2228 Amen.
2602 2195 2631 2222 »

2026 2264 2080 2315 4.
2115 2263 2277 2328 Quod
2308 2262 2403 2317 hic
2434 2261 2647 2317 dicitur
2674 2263 2734 2318 S.
2781 2262 2996 2318 Paulus
3038 2264 3339 2336 apostolus
3366 2264 3602 2323 titulum

1956 2351 2210 2407 Pastoris
2259 2367 2653 2418 consecrasse,
2703 2352 2783 2418 id,
2842 2352 3096 2424 ipsomet
3149 2354 3386 2410 Pastore
3431 2360 3599 2429 teste,

1953 2439 2166 2495 falsum
2193 2447 2313 2495 est:
2347 2440 2456 2495 hoc
2490 2440 2645 2495 enim
2677 2441 2735 2495 S.
2770 2440 2867 2496 Pio
2891 2458 3071 2513 papae,
3107 2460 3222 2497 non
3253 2443 3433 2500 Paulo
3466 2462 3600 2517 apo-

1951 2529 2119 2595 stolo,
2157 2530 2469 2585 ascribitur
2498 2530 2556 2585 in
2595 2530 2752 2585 Actis
2797 2531 2897 2586 SS.
2950 2531 3320 2588 Pudentianaa
3368 2538 3425 2590 et
3467 2535 3600 2592 Pra-

1948 2620 2132 2675 xedis.
2164 2619 2476 2675 Conditum
2504 2636 2638 2674 vero
2669 2619 2851 2675 fuisse
2890 2620 2948 2676 S.
2996 2621 3294 2679 Pastorem
3324 2624 3381 2679 in
3410 2625 3591 2682 eccle-

1951 2708 2039 2764 sia
2090 2708 2246 2764 tituli
2296 2708 2408 2775 sui,
2448 2725 2517 2764 ex
2563 2708 2673 2764 hac
2732 2708 2973 2765 forsitan
3023 2710 3289 2783 historia,
3340 2714 3597 2772 affirmat

1950 2799 2124 2853 etiam
2158 2798 2453 2870 Aringhus
2486 2798 2543 2852 in
2592 2801 2762 2854 Roma
2808 2800 3169 2857 subterranea
3215 2806 3355 2859 tom.
3390 2804 3460 2870 II,
3490 2805 3593 2861 lib.

1952 2904 2025 2954 ιν,
2059 2903 2185 2959 cap.
2216 2888 2307 2953 43,
2364 2904 2526 2943 num.
2576 2889 2625 2950 1,
2676 2888 2763 2944 uti
2817 2893 2875 2944 et
2906 2889 3107 2945 Piazza
3160 2891 3220 2946 in
3268 2892 3599 2952 Sanctuario

1954 2977 2196 3032 Romano
2247 2977 2318 3031 ad
2368 2977 2525 3031 hunc
2572 2977 2725 3032 diem
2773 2995 2904 3034 xxvr
2953 2979 3116 3035 Julii.
3169 2981 3415 3038 Videtur
3464 3000 3602 3057 ergo

1952 3065 2111 3121 aliud
2154 3082 2282 3121 esse
2330 3065 2519 3121 sancti
2568 3066 2880 3136 cujusdam
2930 3067 3209 3137 Pastoris,
3259 3074 3317 3126 et
3365 3072 3602 3143 quidem

1953 3154 2247 3227 martyris,
2282 3172 2514 3227 corpus,
2548 3156 2705 3226 quod
2734 3172 2867 3210 cum
2902 3154 3035 3213 aliis
3070 3175 3270 3216 recens
3300 3161 3602 3220 inventum

1953 3261 2087 3299 cum
2118 3244 2495 3317 inscriptione
2523 3244 2802 3315 nominis,
2838 3245 3022 3301 Roma
3043 3246 3363 3305 Bononiam
3390 3252 3462 3307 ad
3495 3269 3603 3309 nos

189 3337 556 3410 Dispescitur
585 3314 657 3391 aid
709 3314 887 3391 usum
945 3329 1405 3387 ecclesiasticum
1455 3329 1515 3383 in
1565 3329 1842 3384 lectiones
1875 3314 1917 3381 C
1954 3314 2319 3389 translatum“
2342 3334 2453 3388 fuit
2480 3350 2634 3389 anno
2674 3334 2833 3401 1614,
2883 3334 2976 3389 die
3013 3353 3088 3391 xx
3137 3337 3376 3409 Aprilis,
3406 3342 3603 3397 Νοειιιί

189 3443 400 3483 novem
429 3444 443 3495 ;
476 3441 728 3498 quarum
760 3424 887 3478 duae
919 3421 1142 3493 priores
1179 3418 1486 3491 prologum
1509 3418 1842 3485 continent;

190 3516 375 3587 omni,
413 3519 478 3570 ut
521 3514 635 3570 dici
669 3513 838 3580 solet,
871 3515 930 3566 et
959 3508 1105 3565 nulli
1151 3507 1628 3564 convenientem:
1673 3507 1846 3563 tertia

190 3606 463 3661 hortatur
492 3606 563 3659 ad
594 3602 880 3658 imitanda
911 3601 971 3656 B.
1007 3598 1262 3654 Pastoris
1311 3596 1596 3668 exempla,
1650 3597 1843 3652 docet-

199 3711 339 3767 que,
368 3694 526 3749 hunc
557 3692 737 3748 fuisse
767 3688 947 3746 nobili
980 3689 1177 3743 Romae
1198 3685 1470 3759 prosapia
1489 3685 1805 3740 oriundum
1829 3703 1841 3754 ;

199 3784 413 3839 deinde
442 3781 691 3855 apostoli
722 3778 885 3835 Pauli
919 3776 1273 3848 discipulum
1306 3792 1423 3829 una
1461 3791 1597 3829 cum
1645 3774 1842 3830 Timo-

194 3873 333 3928 theo
354 3891 367 3940 ;
391 3876 517 3927 tum
542 3872 613 3927 ab
632 3869 832 3926 eodem
863 3864 1143 3938 Apostolo
1165 3867 1571 3919 consecratum
1604 3864 1843 3935 presby-

195 3967 389 4017 terum
416 3962 630 4029 ;multa
650 3974 893 4032 passum
912 3956 1021 4011 sub
1042 3954 1330 4009 Antonino
1352 3953 1519 4025 imp.,
1543 3953 1841 4008 eruditum

206 4052 539 4106 animarum
572 4053 868 4122 pastorem
908 4044 1223 4101 sedulum:
1277 4043 1430 4114 quod
1478 4046 1842 4113 postremum

198 4140 594 4212 ampliﬁcatur
620 4136 1059 4195 enumeratione
1088 4132 1374 4187 virtutum
1405 4132 1477 4185 ad
1506 4130 1624 4186 veri
1642 4135 1843 4202 pasto-

197 4228 278 4284 ris
309 4229 569 4285 ofﬁcium
601 4224 1041 4300 pertinentium,
1076 4239 1202 4293 qua
1252 4219 1430 4276 simul
1480 4236 1683 4275 omnes
1732 4220 1842 4275 Pa-

192 4320 338 4374 stori
372 4323 568 4375 nostro
599 4318 961 4384 tribuuntur,
992 4328 1064 4368 ne
1095 4310 1268 4367 unius
1294 4308 1530 4380 quidem
1554 4308 1689 4364 facti
1719 4310 1840 4365 sin-

191 4408 417 4480 gularis
441 4411 543 4463 aut
571 4404 837 4462 historici
870 4405 1023 4458 facta
1052 4400 1368 4463 mentione,
1406 4414 1594 4469 usque
1634 4399 1705 4454 ad
1757 4398 1839 4453 1e-

189 4498 444 4553 ctionem
476 4513 692 4552 nonam
718 4512 731 4550 :
766 4496 835 4549 de
866 4491 1081 4564 quibus
1113 4489 1356 4561 proinde
1386 4487 1508 4542 haec
1538 4488 1840 4543 monuisse

188 4587 471 4656 sufﬁciat,
504 4603 637 4641 cum
673 4586 743 4640 ad
776 4587 921 4639 Acta
951 4578 1306 4636 illustranda
1336 4576 1481 4631 nihil
1515 4577 1835 4632 conferant.

186 4676 355 4732 Nona
384 4682 582 4732 autem
614 4674 783 4730 lectio
816 4673 900 4727 sic
929 4670 1107 4725 habet
1136 4684 1148 4722 :

262 4767 317 4821 3.
352 4789 381 4817 «
414 4767 599 4837 Igitur
625 4767 790 4819 decet
815 4760 964 4816 tanti
1008 4754 1361 4813 confessoris
1405 4770 1471 4809 ac
1515 4755 1836 4810 sacerdotis

185 4855 476 4911 Altissimi
508 4854 851 4927 praeclarum
885 4852 1100 4905 festum
1134 4863 1268 4901 cum
1310 4861 1545 4899 summa
1576 4862 1836 4901 reveren-

182 4946 269 5000 tia
298 4945 609 5015 celebrare,
642 4944 851 4998 fratres
892 4936 1262 5002 charissimi;
1311 4951 1414 5006 per
1462 4950 1636 5004 quem
1682 4935 1836 4990 Deus

186 5034 379 5090 multa
412 5034 546 5091 fecit
574 5030 879 5095 miracula,
912 5032 976 5083 ut
1006 5042 1109 5098 pro
1151 5023 1321 5079 nobis
1361 5021 1605 5077 exsistat
1656 5023 1836 5078 inter-

186 5140 390 5179 cessor
419 5123 552 5195 pius
578 5138 591 5176 :
625 5137 801 5193 quem
834 5118 930 5190 pia
951 5112 1178 5171 devotio
1202 5111 1382 5167 Paulo
1405 5110 1665 5182 apostolo
1693 5112 1836 5167 adeo

185 5213 435 5269 charum
468 5217 527 5267 et
555 5211 796 5267 unicum
828 5204 1150 5278 conjunxit,
1212 5201 1367 5272 quod
1422 5199 1484 5253 in
1532 5200 1682 5267 vico,
1736 5201 1835 5271 qui

186 5301 407 5358 dicitur
435 5299 772 5365 Latericius,
832 5292 1136 5352 ecclesiam
1187 5288 1279 5344 sui
1324 5287 1582 5343 nominis
1634 5303 1835 5343 conse-

184 5390 389 5447 cravit.
421 5391 527 5446 Hic
557 5390 646 5445 vir
675 5385 1052 5443 beatissimus
1082 5377 1269 5434 multa
1323 5392 1566 5447 corpora
1612 5381 1839 5433 sancto-

180 5497 319 5536 rum
352 5480 621 5536 clanculo
653 5476 850 5549 rapuit
878 5479 934 5529 et
963 5467 1251 5542 sepelivit,
1284 5466 1468 5520 fretus
1500 5465 1742 5521 consilio
1778 5471 1836 5522 et

179 5570 478 5640 adjutorio
508 5569 609 5623 SS.
642 5564 937 5637 virginum
970 5556 1347 5613 Pudentianze
1380 5553 1598 5624 pariter
1619 5560 1676 5610 et
1706 5556 1834 5611 Pra-

179 5659 352 5716 xedis
386 5675 399 5712 :
434 5673 687 5729 quarum
719 5667 962 5725 corpora
989 5646 1282 5719 virginum
1331 5642 1664 5697 honoriﬁca:
1716 5649 1833 5700 tra-

182 5748 340 5805 didit
368 5747 704 5821 sepulturae,
755 5748 811 5801 et
866 5755 1067 5799 earum
1121 5734 1317 5791 Vitam
1376 5732 1646 5789 decenter
1697 5752 1833 5790 con-

1954 3425 2152 3476 autem
2197 3422 2455 3477 Pastoris
2504 3422 2700 3477 nescio
2748 3421 2889 3493 quid
2938 3422 3315 3496 reliquiarum
3364 3443 3492 3484 esse
3538 3428 3599 3485 in

1953 3509 2330 3577 monasterio,
2382 3526 2486 3567 seu
2533 3512 2797 3583 ecclesia,
2849 3514 2907 3570 S.
2967 3511 3232 3570 Silvestri
3289 3516 3361 3571 de
3404 3516 3603 3589 Capite

1955 3600 2171 3667 Rome,
2203 3601 2416 3657 asserit
2443 3602 2813 3659 Giacchettus
2838 3604 2897 3660 in
2920 3604 3174 3660 Historia
3192 3603 3397 3661 Italica
3416 3606 3596 3663 eccle-

1952 3689 2051 3743 sia:
2082 3706 2147 3743 ac
2178 3690 2516 3746 monasterii
2566 3692 2829 3762 ejusdem
2878 3709 3006 3765 cap.
3059 3694 3127 3747 13
3169 3694 3242 3748 ad
3282 3693 3436 3750 diem
3464 3712 3598 3751 xxvr

1951 3777 2114 3834 Julii.
2147 3779 2323 3834 Porro
2354 3780 2425 3834 ad
2457 3779 2752 3852 publicam
2804 3783 2864 3837 S.
2908 3782 3167 3838 Pastoris
3212 3782 3397 3839 nostri
3424 3799 3596 3840 vene-

1953 3868 2264 3936 rationem,
2286 3885 2400 3923 non
2418 3868 2558 3924 item
2580 3870 2652 3925 ad
2672 3871 3016 3926 hodiernam
3031 3872 3159 3943 ejus
3177 3870 3594 3943 celebritatem,

1952 3957 2325 4012 asserendam
2356 3957 2491 4012 facit
2506 3959 2680 4014 etiam
2715 3959 2975 4031 sigillum
3006 3959 3151 4015 illud
3178 3976 3521 4033 expressum
3536 3964 3597 4020 in

1951 4046 2378 4101 Commentario
2400 4047 2472 4101 ad
2523 4049 2665 4103 Acta
2683 4048 2783 4103 SS.
2813 4049 3190 4106 Pudentianaa
3217 4056 3276 4107 et
3322 4052 3596 4110 Praxedis

1951 4151 2085 4190 cum
2116 4134 2397 4206 subjectis
2425 4135 2587 4192 hisce
2615 4137 2917 4193 versiculis
2942 4155 2954 4194 :

2020 4233 2233 4310 Sancte,
2260 4250 2477 4310 precor,
2512 4239 2728 4310 Pastor,
2753 4252 2854 4310 ῃνο
2882 4237 3042 4310 nobis
3070 4241 3181 4295 esto
3210 4244 3449 4310 rogator.

2020 4307 2119 4360 Hic
2146 4308 2356 4361 cunctis
2384 4307 2514 4363 vitae
2540 4309 2735 4363 Pastor
2762 4308 2856 4363 dat
2882 4308 3138 4380 dogmata
3163 4307 3357 4367 sacrae.

1950 4404 2029 4458 Ea
2046 4403 2475 4475 Papebrochius
2498 4409 2694 4461 noster
2710 4405 2925 4462 ibidem
2948 4408 3251 4464 referenda
3270 4410 3499 4466 censuit
3517 4412 3590 4467 ad

1949 4492 2230 4547 saeculum
2276 4512 2375 4548 xu.
2418 4495 2632 4549 Eodem
2665 4496 2802 4549 facit
2830 4495 3135 4568 inscriptio
3165 4500 3587 4571 vetustissima,

1947 4598 2127 4653 quam
2158 4582 2392 4638 exhibet
2420 4582 2720 4655 Aringhus
2749 4582 2875 4639 loco
2897 4585 3096 4656 citato,
3119 4603 3282 4642 num.
3306 4589 3359 4653 3,
3382 4588 3442 4643 in
3474 4606 3592 4661 qua

1871 4687 1913 4750 D
1947 4671 2013 4725 ﬁt
2034 4671 2250 4727 mentio
2273 4670 2468 4727 sacelli
2490 4672 2678 4727 sancti
2702 4671 2881 4742 hujus
2901 4674 3087 4729 nostri
3110 4676 3390 4732 Pastoris.
3416 4677 3588 4750 Quid,

1947 4760 2102 4829 quod
2124 4764 2181 4815 et
2197 4761 2318 4815 Ado
2336 4760 2502 4815 illum
2525 4759 2632 4815 hoc
2645 4762 2882 4817 nomine
2896 4762 3134 4818 beatum
3149 4764 3422 4836 agnovit?
3438 4766 3589 4823 Sane

1946 4850 2017 4903 de
2052 4854 2247 4904 nostro
2294 4849 2415 4920 agit
2457 4850 2515 4903 in
2573 4849 2759 4922 elogio
2801 4851 2903 4906 SS.
2956 4854 3227 4908 Praxedis
3274 4856 3333 4909 et
3370 4856 3590 4914 sororis

1946 4940 2073 5009 ejus
2096 4939 2187 4993 die
2218 4957 2310 4993 xxi
2330 4938 2493 5005 Julii,
2519 4939 2602 4994 sic
2626 4944 2838 4996 notans
2862 4956 2875 4994 :
2902 4962 2930 4990 «
2954 4942 3015 4996 In
3038 4942 3206 4998 titulo
3235 4960 3389 5012 vero,
3414 4961 3589 5017 quem

1943 5032 2109 5098 pater
2135 5044 2337 5082 earum
2368 5027 2597 5083 Pudens
2628 5030 2865 5084 nomine
2894 5046 3058 5085 suam
3107 5036 3388 5090 PASTORIS
3433 5034 3590 5090 dedi-

1946 5115 2118 5183 cavit,
2151 5138 2179 5163 »
2212 5120 2321 5171 etc.
2364 5115 2627 5172 Natalem
2656 5117 2815 5173 illius
2859 5122 3057 5175 tamen
3097 5121 3207 5175 sub
3256 5138 3323 5177 eo
3353 5122 3590 5180 nomine

1944 5221 2134 5276 neque
2164 5204 2275 5259 hoc
2315 5204 2460 5273 loco,
2512 5221 2703 5277 neque
2748 5223 2880 5261 xxvx
2927 5208 3193 5277 ejusdem
3241 5210 3483 5279 mensis,
3525 5215 3592 5267 ut

1939 5295 2064 5364 jam
2097 5293 2375 5363 diximus,
2410 5309 2601 5365 neque
2632 5295 2745 5350 alio
2775 5295 2895 5351 ullo
2927 5296 3020 5352 die
3050 5303 3492 5355 commemorat.

2012 5383 2066 5436 5.
2102 5382 2164 5437 Id
2216 5398 2351 5438 vero
2402 5384 2617 5439 mirum
2674 5385 2895 5440 nemini
2950 5386 3135 5442 videri
3194 5387 3402 5457 debet;
3452 5404 3588 5446 cum

1943 5486 2145 5525 eorum
2176 5472 2436 5542 opinioni
2486 5473 2795 5529 adhaeserit
2837 5475 2981 5544 Ado,
3032 5475 3132 5547 qui
3180 5476 3237 5531 S.
3288 5476 3584 5535 Pastorem

1944 5575 2076 5613 cum
2125 5559 2183 5615 S.
2237 5560 2449 5615 Herma
2495 5560 2593 5616 illo
2636 5562 3026 5631 confuderint,
3076 5565 3247 5634 cujus
3287 5565 3585 5636 apostolus

1942 5646 2158 5702 Paulus
2216 5649 2285 5702 ad
2351 5650 2643 5706 Romanos
2702 5650 2963 5707 scribens
3019 5652 3305 5725 meminit,
3367 5654 3586 5727 quique

1942 5740 2143 5793 auctor
2171 5752 2295 5796 esse
2326 5739 2583 5796 creditur
2630 5739 2789 5809 libri,
2824 5742 2924 5812 qui
2972 5745 3167 5799 Pastor
3216 5743 3581 5818 inscribitur,
