4014 6226
385 342 541 402 1015

1553 347 1949 408 APPENDIX
1990 347 2093 407 AD
2138 346 2203 406 S.
2248 344 2618 406 HERMAM.

3638 343 3801 406 1016

375 474 787 531 Confusionem
820 476 970 531 hanc
1001 482 1197 549 aperte
1228 478 1423 550 prodit
1451 478 1509 534 in
1544 478 1739 534 libello
1774 482 1844 535 De
1873 482 2027 551 festi-
2059 480 2113 546 Α
2144 494 2257 549 que
2285 479 2528 549 proinde
2560 484 2867 549 utriusque
2890 478 3317 547 confusionem,
3344 480 3416 534 ab
3440 480 3643 535 Adone
3666 496 3803 552 pro-

377 566 651 620 vitalibus
720 566 1106 635 apostolorum,
1184 584 1356 638 quem
1430 568 1832 640 Martyrologio
1900 571 2028 639 ejus

377 653 678 725 praeﬁxum
712 653 958 722 habens,
991 672 1126 728 pag.
1180 658 1286 722 36;
1323 657 1421 711 ubi
1473 659 1543 712 ad
1594 658 1751 713 diem
1781 676 1835 712 1x
1866 658 2023 723 Maii,

379 759 554 813 quem
580 743 637 797 S.
670 742 892 798 Hermae
924 746 1174 800 natalem
1208 747 1435 814 statuit,
1472 769 1497 795 »
1530 747 1781 814 Titulus,
1813 747 2024 817 inquit,

380 832 615 887 nomine
647 832 853 903 ipsius,
874 835 1045 905 juxta
1074 836 1229 906 quod
1254 835 1660 906 baptisterium
1685 853 1752 891 ex
1784 836 2025 891 faculta-

373 920 536 976 tibus
567 925 779 977 sanctaa
806 924 1080 977 Praxedis
1102 928 1190 978 est
1210 928 1599 991 exstructum,
1625 930 1682 979 et
1701 925 1869 979 beato
1903 924 2022 991 Pio,

376 1009 665 1081 discipulo
698 1011 1119 1081 apostolorum,
1168 1018 1445 1083 operante
1494 1014 1688 1068 studio
1720 1030 2026 1069 consecra-

374 1104 524 1165 tum,
558 1100 967 1155 venerabiliter
998 1102 1047 1156 ei
1080 1106 1338 1156 statutus
1363 1107 1469 1156 est.
1494 1122 1519 1152 ι)
1552 1104 1763 1157 Eadem
1798 1103 1917 1157 haec
1938 1106 2027 1157 est

373 1188 619 1243 ecclesia
652 1189 769 1244 sive
802 1190 1031 1259 titulus,
1066 1208 1239 1262 quem
1273 1191 1444 1262 paulo
1468 1196 1600 1246 ante
1630 1192 1789 1247 Beati
1824 1197 2024 1246 Pasto-

374 1278 456 1333 ris
478 1280 889 1350 nuncupabat:
917 1280 1152 1335 beatum
1175 1297 1310 1352 ergo
1332 1281 1627 1336 Pastorem
1652 1299 1783 1336 cum
1808 1282 1866 1335 S.
1892 1286 2027 1336 Her-

376 1368 756 1422 maeumdem
779 1368 936 1435 facit,
962 1370 1356 1440 eumdemque
1375 1371 1518 1425 adeo
1542 1370 1694 1425 diem
1720 1371 2025 1442 utriusque

376 1456 633 1512 natalem
662 1475 674 1524 ;
718 1473 1057 1529 quanquam
1091 1458 1149 1512 in
1184 1459 1363 1513 natali
1399 1459 1591 1513 solum
1635 1477 1847 1515 nomen
1880 1461 2027 1515 Her-

377 1561 483 1600 mae
516 1545 732 1601 diserte
761 1547 1066 1617 exprimat,
1103 1565 1214 1601 non
1256 1549 1533 1604 Pastoris.
1578 1550 1799 1603 Adonis
1832 1566 2025 1605 exem-

375 1635 469 1706 plo
501 1636 736 1690 eosdem
767 1642 1002 1692 sanctos
1033 1637 1091 1691 in
1125 1639 1429 1693 Annalibus
1451 1641 1521 1694 ad
1558 1656 1777 1694 annum
1811 1639 2025 1695 Christi

374 1724 479 1778 459
511 1724 774 1779 confudit
804 1726 1128 1793 Baronius;
1183 1744 1299 1782 non
1340 1728 1480 1800 item
1526 1729 1682 1783 diem
1718 1730 2027 1800 utriusque

375 1812 631 1869 natalem
664 1814 723 1868 in
778 1815 1183 1887 Martyrologio
1233 1824 1336 1872 aut
1366 1794 1519 1872 no.tis
1571 1819 1641 1872 ad
1674 1818 1856 1873 illud:
1891 1794 2026 1873 cum

376 1907 573 1959 tamen
606 1902 857 1957 alterum
893 1920 959 1958 ex
992 1904 1171 1960 altero
1206 1907 1484 1977 consequi
1508 1907 1754 1973 debeat;
1790 1911 1854 1961 ut
1878 1908 2030 1961 idem

384 1992 461 2047 sit
509 1992 633 2047 dies
692 1993 909 2057 obitus,
957 1994 1007 2048 si
1058 1998 1299 2049 sanctus
1339 2000 1427 2049 est
1479 1995 1669 2051 idem:
1716 2000 1817 2050 aut
1846 1995 2033 2051 sancti

381 2081 619 2149 diversi,
655 2082 702 2136 si
734 2081 945 2137 diversi
977 2083 1223 2138 natales.

448 2171 501 2223 6.
556 2170 848 2228 Nimirum
908 2172 966 2226 S.
1023 2171 1282 2228 Pastoris
1341 2190 1555 2229 nomen
1614 2190 1909 2244 nusquam
1946 2173 2034 2228 vir

378 2258 673 2314 maximus
732 2260 1144 2332 consignatum
1185 2261 1404 2333 legerat
1455 2262 1547 2317 die
1599 2279 1656 2316 1x
1712 2262 1888 2330 Maii;
1932 2263 2033 2317 sed

376 2351 713 2403 constanter
745 2350 967 2403 Herma:
996 2368 1007 2415 ;
1035 2349 1207 2403 sicuti
1227 2366 1331 2403 nec
1357 2351 1448 2404 die
1474 2368 1602 2405 xxv1
1632 2350 1775 2405 Julii
1802 2351 2031 2421 uspiam

376 2436 531 2508 apud
561 2436 992 2509 martyrologos
1028 2442 1357 2493 occurrerat
1390 2456 1600 2494 nomen
1646 2440 1894 2506 Hermae,
1933 2440 2032 2494 sed

374 2526 634 2581 Pastoris
647 2530 873 2581 tantum
885 2527 1086 2595 modo;
1106 2544 1219 2582 non
1237 2545 1418 2584 ausus
1432 2534 1520 2584 est
1532 2545 1666 2601 ergo
1682 2530 1739 2583 in
1756 2529 2034 2584 moderno

376 2614 788 2687 Martyrologio
818 2615 1225 2671 concinnando
1255 2636 1287 2671 a
1321 2618 1582 2689 priorum
1614 2617 2033 2688 exemplarium

377 2720 667 2760 consensu
686 2720 751 2758 ac
770 2704 905 2769 ﬁde,
930 2720 1034 2775 per
1052 2722 1225 2761 usum
1245 2706 1439 2777 ipsum
1466 2706 1734 2761 Ecclesiae
1760 2707 2033 2761 Romanas

377 2793 535 2847 haud
570 2792 745 2848 dubie
775 2793 1086 2864 antiquum
1121 2795 1371 2858 ﬁrmata,
1407 2796 1709 2850 recedere:
1746 2800 1923 2866 atque
1954 2796 2036 2849 ita

378 2882 432 2936 S.
468 2881 691 2936 Hermae
736 2880 992 2937 natalem
1051 2900 1085 2937 a
1133 2882 1314 2938 natali
1374 2884 1431 2939 S.
1477 2883 1730 2939 Pastoris
1763 2884 2037 2939 discrevit

380 2987 495 3025 non
519 2970 579 3024 in
602 2970 729 3041 ipso
754 2970 1165 3043 Martyrologio
1188 2971 1401 3042 solum,
1434 2973 1534 3027 sed
1558 2974 1738 3027 etiam
1773 2973 1829 3026 in
1860 2973 2034 3027 adno-

378 3058 700 3115 tationibus
722 3060 794 3114 ad
821 3063 1136 3131 utrumque
1158 3062 1411 3116 natalem
1432 3062 1676 3132 adjectis
1699 3081 1711 3129 ;
1734 3062 1793 3115 in
1818 3061 2035 3132 quibus

383 3165 574 3220 neque
604 3149 674 3203 de
708 3149 942 3206 Pastore
965 3151 1235 3206 meminit
1266 3151 1357 3206 die
1388 3169 1444 3205 1x
1488 3151 1647 3217 Maii,
1686 3167 1875 3222 neque
1904 3168 2034 3204 xxvr

2138 568 2386 635 fectam;
2420 585 2596 639 quam
2628 568 2677 623 is
2708 568 2950 623 forsitan
2982 585 3051 623 ex
3082 568 3377 641 ambiguis
3411 569 3801 624 Eusebiiver-

2138 658 2229 712 bis
2263 657 2597 728 arripuerit,
2622 658 2720 728 qui
2743 658 2814 717 de
2834 661 2887 711 S.
2946 659 3157 712 Herma
3197 658 3445 729 loquens
3476 660 3616 714 Hist.
3668 661 3803 725 ad,

2134 745 2236 800 lib.
2264 764 2351 816 III,
2385 764 2511 817 cap.
2556 748 2609 799 3.
2643 746 2714 797 0-3
2768 766 2921 821 φασιν
2977 745 3265 820 ὑπάρχειν,
3330 747 3544 818 inquit,
3592 748 3656 800 τὸ
3703 751 3807 799 τοῦ

2136 834 2404 905 Ποιμένος
2442 828 2677 908 βιϐλίον,
2709 837 2863 906 cujus
2892 837 3055 889 aiunt
3101 852 3213 891 esse
3245 835 3453 891 librum
3511 839 3809 903 Pastoris,-

2137 925 2291 979 unde
2324 940 2574 995 pronum
2606 929 2695 979 est
2722 924 3012 997 colligere,
3061 925 3317 981 Pastoris
3348 943 3464 981 non
3506 926 3641 981 libri
3693 943 3803 981 no-

2138 1030 2268 1068 men
2302 1014 2402 1068 sed
2435 1014 2687 1069 auctoris
2720 1030 2886 1069 esse:
2922 1014 3005 1068 sic
3034 1016 3155 1069 Ado
3198 1014 3367 1070 facile
3412 1014 3688 1070 Hermam
3754 1020 3809 1069 et

2136 1103 2429 1157 Pastorem
2446 1118 2549 1173 pro
2562 1103 2765 1157 eodem
2790 1102 3093 1174 acceperit.
3110 1103 3344 1157 Atenim
3374 1102 3806 1175 amphiboliam

2136 1191 2286 1246 hanc
2309 1190 2509 1246 tollere
2527 1192 2807 1246 debuerat
2830 1198 2956 1246 tum
2980 1191 3312 1263 ipsiuslibri
3335 1192 3525 1247 adhuc
3560 1198 3808 1247 exstan-

2134 1279 2210 1335 tis
2269 1280 2593 1351 inscriptio,
2644 1285 2771 1334 tum
2828 1280 3253 1353 S.Hieronymi,
3302 1281 3504 1336 eodem
3552 1298 3807 1353 prorsus

2135 1370 2306 1425 modo
2337 1369 2503 1424 illum
2553 1369 2947 1435 inscribentis,
2985 1370 3395 1425 testimonium
3426 1370 3525 1425 lib.
3558 1371 3636 1425 De
3656 1372 3803 1425 scri-

2131 1459 2378 1528 ptoribus
2437 1460 2647 1524 (ἐσείσθη
2721 1476 2847 1530 cap.
2912 1460 3006 1513 1οε
3069 1482 3099 1508 ‹‹
3136 1460 3477 1515 Hermam...
3524 1467 3803 1515 asserunt

2135 1552 2435 1602 auctorem
2468 1564 2595 1603 esse
2625 1548 2781 1617 libri,
2817 1548 2917 1619 qui
2951 1547 3280 1620 appellatur
3308 1552 3513 1604 Pastor
3541 1574 3556 1615 ς
3600 1572 3631 1599 α
3674 1566 3812 1620 quae

2137 1636 2380 1707 proinde
2410 1636 2666 1707 genuina
2716 1637 2938 1693 censeri
2995 1642 3186 1707 potest
3233 1638 3547 1692 Eusebiani
3600 1642 3806 1691 textus

2138 1726 2560 1797 interpretatio,
2592 1743 2769 1797 quam
2793 1730 2945 1781 recte
2968 1731 3207 1782 secutus
3224 1730 3316 1782 est
3336 1725 3639 1794 Valesius,
3665 1743 3807 1781 cum

2062 1849 2109 1913 Β
2141 1815 2393 1869 adducta
2436 1814 2667 1870 Eusebii
2725 1815 2900 1869 verba
2947 1816 3030 1870 sic
3085 1815 3298 1870 vertit:
3355 1840 3383 1863 «
3427 1815 3614 1885 Cujus
3674 1832 3804 1869 esse

2144 1906 2327 1958 fertur
2358 1904 2407 1958 is
2438 1903 2607 1969 liber,
2641 1903 2742 1974 qui
2774 1907 2971 1958 Pastor
3020 1904 3340 1975 inscriptus
3391 1908 3499 1959 est.
3524 1926 3551 1953 ››
3598 1904 3811 1958 Pastor

2141 1991 2321 2063 igitur
2351 1991 2681 2064 appellatur
2721 2009 2837 2048 non
2882 1996 3151 2063 Hermas,
3209 1993 3311 2047 sed
3349 1992 3573 2048 Hermas
3636 1992 3810 2057 liber,

2142 2082 2297 2153 quod
2325 2081 2515 2154 angeli
2548 2081 2657 2136 sub
2708 2081 2913 2136 habitu
2945 2081 3249 2154 pastoritio
3280 2081 3623 2153 apparentis
3655 2098 3811 2136 reve-

2140 2169 2389 2225 lationes
2448 2170 2760 2226 contineat.
2818 2169 2963 2235 Quid
3017 2170 3199 2241 igitur
3258 2171 3318 2226 S.
3368 2170 3601 2225 Pastori
3661 2187 3802 2225 cum

2144 2260 2201 2314 S.
2264 2259 2476 2315 Herma
2506 2259 2865 2314 commune?
2894 2259 2975 2314 Ne
3014 2275 3228 2314 nomen
3286 2258 3563 2329 quidem:
3616 2276 3812 2330 quan-

2145 2364 2322 2418 quam
2351 2352 2407 2402 et
2436 2347 2545 2402 hoc
2576 2347 2844 2419 pluribus
2874 2347 3029 2402 idem
3062 2363 3189 2403 esse
3246 2348 3468 2419 possit;
3537 2348 3645 2419 qui
3700 2348 3811 2402 hac

2144 2435 2268 2491 sola
2297 2436 2523 2491 ratione
2555 2436 2798 2491 minime
2824 2436 3102 2491 confundi
3135 2442 3419 2508 possunt:
3477 2441 3543 2491 ut
3586 2436 3812 2491 nemini

2144 2525 2427 2580 hactenus
2459 2524 2519 2579 in
2562 2530 2819 2580 mentem
2849 2525 3009 2580 venit
3053 2526 3113 2579 B.
3190 2526 3483 2580 Pastorem
3536 2530 3812 2580 nostrum

2143 2613 2865 2685 presbyterumjeumdem
2925 2630 3059 2668 cum
3109 2612 3209 2668 illo
3240 2618 3520 2683 statuere,
3573 2615 3649 2668 de
3697 2631 3815 2686 quo

2144 2703 2208 2756 ﬁt
2242 2703 2459 2757 mentio
2492 2702 2551 2756 in
2580 2703 2737 2757 Actis
2769 2702 2869 2757 SS.
2916 2703 3103 2769 Marii,
3149 2702 3386 2758 Marthae
3441 2707 3501 2757 et
3550 2702 3815 2757 filiorum

2144 2792 2216 2847 ad
2249 2791 2404 2846 diem
2426 2810 2523 2846 xxx
2543 2790 2831 2859 Januarii,
2857 2807 2991 2862 pag.
3017 2792 3158 2857 216;
3191 2790 3426 2845 tametsi
3454 2795 3514 2846 et
3531 2791 3740 2846 Romae
3767 2791 3817 2845 is

2144 2880 2338 2947 fuerit,
2398 2886 2455 2935 et
2511 2880 2719 2935 beatus
2776 2880 2982 2935 Pastor
3055 2880 3354 2952 presbyter
3411 2886 3818 2952 nuncupetur,

2144 2974 2379 3024 centum
2409 2972 2605 3024 tamen
2637 2968 2867 3024 circiter
2900 2969 3070 3024 annis
3102 2973 3304 3023 nostro
3328 2969 3552 3039 junior.

2216 3060 2269 3113 8.
2299 3059 2965 3130 Propenditeoinsuper
2992 3058 3148 3114 idem
3185 3057 3563 3113 doctissimus
3597 3064 3813 3113 auctor

2147 3148 2469 3213 Annalium,
2504 3149 2575 3202 ad
2599 3165 2822 3203 annum
2842 3148 3054 3203 Christi
3104 3148 3229 3216 159,
3265 3151 3327 3201 ut
3356 3148 3635 3203 eumdem
3668 3165 3820 3219 quo-

379 3213 517 3292 Julii
550 3237 619 3291 de
652 3237 883 3292 Herma.
918 3238 1033 3292 Cur
1064 3239 1243 3310 igitur
1286 3240 1490 3295 eodem
1538 3213 1881 3311 argumento
1916 3255 2031 3294 non
2069 3213 2111 3278 C
2151 3254 2263 3308 que
2294 3254 2427 3292 cum
2469 3242 2672 3292 sancto
2704 3238 2917 3292 Herma
2948 3241 3005 3291 et
3029 3213 3267 3292 Pastore
3297 3236 3632 3292 Hermetem
3682 3213 3816 3293 esse

380 3331 469 3381 est
502 3344 646 3382 usus
679 3327 738 3381 in
770 3328 1125 3382 Annalibus?
1154 3328 1403 3383 Maxime
1428 3346 1559 3384 cum
1583 3329 1653 3383 ad
1677 3327 1821 3383 illud
1855 3327 2032 3383 etiam

378 3414 537 3470 aliud
560 3416 878 3481 accederet,
894 3416 1357 3487 haudquaquam
1376 3416 1851 3489 profectolevius,
1874 3417 2032 3488 quod

380 3504 493 3559 aS.
549 3503 806 3559 Pastoris
860 3509 1026 3559 aetate
1075 3506 1427 3572 desumitur,
1483 3507 1584 3577 qui
1635 3506 1841 3561 saltem
1865 3508 2037 3576 juxta

381 3592 917 3648 eminentissimum
976 3593 1292 3649 Annalium
1352 3595 1735 3661 conditorem,
1811 3612 2034 3650 annum

383 3680 593 3736 Christi
628 3683 731 3735 164
777 3681 1021 3737 vivendo
1074 3687 1525 3755 praetergressus
1570 3688 1680 3739 est.
1731 3684 1871 3750 Quis
1904 3701 2034 3739 vero

384 3770 509 3824 sine
538 3770 790 3825 evidenti
841 3771 1340 3826 demonstratione
1390 3774 1609 3837 credat,
1644 3774 1701 3828 S.
1734 3778 2032 3839 Ilcrmam,

384 3859 479 3929 qui
503 3858 628 3928 jam
662 3859 864 3930 utique
896 3865 1137 3914 maturae
1170 3861 1255 3915 vir
1277 3864 1462 3916 aetatis
1498 3862 1677 3917 fuisse
1711 3864 2037 3918 censendus

382 3952 491 4009 est,
524 3965 658 4002 cum
690 3965 823 4002 eum
860 3948 1175 4018 Apostolus
1226 3967 1327 4019 per
1360 3951 1679 4021 Epistolam
1720 3952 1790 4006 ad
1826 3952 2035 4007 Roma-

386 4053 493 4090 nos
522 4036 756 4106 juberet
787 4036 1053 4101 salutari,
1084 4037 1269 4092 solido
1302 4045 1434 4109 post
1479 4038 1642 4093 Pauli
1674 4040 1897 4094 obitum
1933 4057 2036 4094 sa:-

380 4124 509 4179 culo
545 4125 906 4195 superfuisse
929 4124 956 4177 ?
987 4130 1117 4179 Haec
1150 4131 1303 4180 certe
1336 4144 1452 4182 una
1493 4128 1563 4182 de
1595 4129 1789 4182 causis
1822 4132 1931 4192 est,
1964 4129 2036 4181 ob

379 4231 526 4284 quas
556 4214 832 4277 Hermen,
894 4216 953 4269 S.
991 4214 1071 4269 Pii
1132 4232 1290 4286 papae
1324 4218 1364 4279 l,
1401 4222 1464 4271 ut
1521 4221 1610 4272 est
1666 4218 1721 4271 in
1764 4217 2035 4289 Catalogo

382 4304 737 4358 Pontificum
796 4304 1184 4371 Bucheriano,
1243 4306 1479 4359 fratrem
1538 4324 1603 4360 ac
1662 4309 1720 4361 S.
1783 4307 2040 4361 Pastoris

383 4391 685 4460 aequalem,
704 4392 1189 4463 distinguendum
1208 4394 1604 4465 putavitcard.
1626 4394 1935 4449 llellarmin
1948 4412 2039 4462 us,

384 4497 635 4551 eumque
662 4480 844 4535 secuti
870 4481 1143 4553 deinceps
1181 4482 1413 4553 eruditi,
1466 4502 1498 4537 ει
1538 4484 1595 4538 S.
1647 4484 1859 4538 Herma
1887 4486 2037 4555 Apo—

2143 3325 2421 3391 crederet,
2455 3329 2511 3378 S.
2546 3325 2630 3379 Pii
2656 3323 2949 3397 pontificis
2984 3324 3232 3380 Romani
3254 3325 3527 3380 fratrem:
3566 3324 3816 3380 tametsi

2143 3416 2215 3470 de
2247 3414 2344 3470 illo
2376 3431 2437 3470 se
2459 3415 2712 3469 fateatur
2742 3413 3057 3485 ambigere.
3091 3413 3397 3485 Opinionis
3446 3414 3629 3485 hujus
3677 3415 3822 3468 fun-

2144 3504 2490 3558 damentum
2528 3502 2743 3574 duplex
2800 3501 3025 3573 putavit
3087 3518 3247 3569 esse;
3326 3502 3602 3571 alterum,
3655 3503 3820 3572 quod

2143 3607 2315 3646 vorcs
2344 3592 2589 3647 Hermas
2610 3596 2665 3646 et
2695 3591 2936 3647 Hermes
2967 3608 3176 3662 parum
3209 3592 3353 3646 adeo
3385 3590 3621 3646 differre
3653 3592 3819 3646 vide-

2146 3686 2368 3747 rentur,
2430 3684 2494 3734 ut
2553 3697 2979 3751 nonnunquam
3039 3680 3225 3736 eidem
3295 3680 3417 3735 viro
3474 3680 3820 3753 legerentur

2146 3769 2470 3836 attributas;
2515 3768 2763 3823 alterum
2810 3786 2964 3837 vero,
3017 3769 3173 3840 quod
3221 3769 3373 3840 apud
3424 3768 3816 3824 Anastasium

2147 3856 2663 3912 Bibliothecarium
2696 3858 2807 3912 Sub
2839 3862 2894 3912 S.
2930 3858 3027 3913 Pio
3060 3858 3255 3929 papaI
3286 3859 3356 3913 de
3389 3858 3691 3913 Hermette
3722 3875 3815 3913 re-

2148 3948 2403 4002 feratur:
2445 3969 2472 3996 ‹‹
2504 3948 2747 4002 Ilermes
2777 3946 2995 4001 librum
3028 3947 3284 4018 scripsit,
3323 3948 3380 4001 in
3406 3964 3521 4019 quo
3562 3949 3813 4003 manda-

2152 4041 2277 4090 tum
2311 4036 2664 4100 continetur,
2700 4037 2854 4106 quod
2888 4036 2938 4091 ei
2973 4036 3245 4107 praecepit
3270 4036 3518 4109 angelus
3546 4037 3812 4100 Domini,

2151 4142 2284 4179 cum
2316 4125 2536 4179 veniret
2567 4125 2634 4179 ad
2672 4142 2806 4180 eum
2840 4125 2898 4179 in
2932 4124 3135 4180 habitu
3154 4126 3431 4197 pastoris,
3453 4131 3511 4180 et
3529 4128 3809 4199 pracepit

2150 4214 2221 4279 ci,
2258 4218 2321 4267 ut
2350 4218 2618 4268 sanctum
2644 4215 2867 4269 Pascha
2892 4214 2985 4268 die
3004 4214 3308 4269 Dominico
3334 4215 3762 4270 celebraretur.
3794 4240 3815 4260 ιλ

2148 4302 2480 4357 Similitudo
2512 4302 2791 4371 nominis,
2812 4308 2868 4358 et
2888 4302 3177 4375 apparitio
3206 4304 3419 4376 angeli,
3446 4305 3560 4358 sub
3599 4304 3815 4359 habitu

2154 4391 2454 4462 pastoritio
2486 4391 2701 4446 librum
2734 4392 3034 4461 dictantis,
3064 4393 3340 4448 eumdem
3400 4393 3656 4448 Baronio
3688 4394 3811 4448 visa

2154 4486 2292 4535 sunt
2338 4481 2681 4552 scriptorem
2731 4497 2973 4553 arguere
3021 4480 3292 4537 Hermam
3342 4486 3399 4535 et
3456 4483 3809 4539 llermetem.

387 4569 519 4625 stoli
568 4570 877 4642 discipulo,
934 4576 990 4625 et
1037 4570 1238 4637 libelli,
1293 4574 1391 4643 qui
1445 4577 1639 4628 Pastor
1691 4572 2039 4644 appellatur,
2073 4584 2118 4647 D
2152 4576 2327 4640 atque
2359 4570 2500 4624 adeo
2528 4575 2583 4624 et
2616 4570 2935 4637 Pastorem,
2985 4587 3159 4641 quem
3220 4587 3353 4625 cum
3406 4571 3631 4626 Hei-ma
3681 4589 3813 4627 con-

388 4665 641 4714 auctore.
678 4660 935 4731 Denique
971 4677 1083 4715 non
1134 4662 1363 4715 videtur
1410 4662 1521 4733 ipsi
1578 4663 1795 4715 "arma:
1824 4678 2037 4717 nomen

389 4750 647 4804 Pastoris
679 4750 861 4805 fuisse
894 4751 1217 4820 proprium,
1252 4751 1352 4805 sed
1403 4751 1551 4805 libro
1585 4752 1733 4821 ejus,
1769 4755 1833 4804 ut
1864 4751 2036 4805 modo

386 4838 649 4893 dicemus
676 4856 687 4892 :
723 4840 809 4892 fac
842 4842 1061 4905 tamen,
1088 4854 1155 4893 ex
1179 4839 1326 4893 libro
1350 4844 1803 4911 cognomentum
1838 4840 2037 4894 Pasto-

386 4926 465 4980 ris
500 4925 814 4980 adhznsisse
845 4926 1151 4997 scriptori;
1202 4943 1274 4979 an
1325 4927 1481 4980 credi
1534 4927 1771 4981 tandem
1827 4924 2041 4996 poterit

386 5014 539 5071 idem
568 5014 777 5069 deinde
809 5019 1013 5069 auctor
1034 5018 1337 5086 tantopere
1362 5016 1619 5070 Pastoris
1650 5020 2039 5085 cognomento

387 5103 711 5159 delectatus
744 5104 944 5169 fuisse,
982 5108 1045 5157 ut
1076 5104 1378 5175 pr0prium
1421 5105 1666 5171 Hermae,
1700 5104 1852 5174 quod
1890 5106 2043 5157 esset

389 5193 461 5247 ab
490 5191 764 5263 Apostolo
796 5197 1227 5257 consecratum,
1291 5192 1615 5261 abjiceret?
1665 5192 1871 5246 Valero
1922 5191 2041 5245 haec

392 5280 539 5335 ratio
571 5281 763 5346 debet,
790 5280 945 5351 apud
972 5281 1301 5335 Baromium
1327 5282 1584 5351 quidem,
1611 5282 1711 5352 qui
1735 5280 2043 5352 epistolam

396 5372 620 5440 probat.
657 5368 1003 5440 cxhibetque
1052 5370 1123 5423 ad
1165 5386 1386 5423 annum
1436 5372 1556 5437 162,
1611 5370 1733 5425 solo
1784 5368 2045 5424 Pastoris

398 5460 632 5513 nomine
666 5459 1027 5529 inscriptam.

473 5550 528 5598 7.
562 5548 755 5601 Alium
789 5564 924 5618 ergo
955 5548 1009 5601 S.
1070 5551 1389 5615 Pastorem,
1434 5549 1613 5602 alium
1654 5552 1707 5602 S.
1773 5548 2045 5603 Ilermam

406 5636 583 5691 fuisse
614 5653 943 5705 censemus,
968 5641 1024 5691 et
1045 5636 1201 5691 hunc
1225 5636 1321 5690 illo
1351 5637 1638 5692 seniorem
1667 5656 1679 5703 ;
1708 5637 2047 5693 tollendam-

2152 4659 2364 4713 fundit.
2397 4659 2649 4712 Tantum
2674 4659 2728 4712 in
2753 4675 2817 4713 eo
2836 4658 3023 4724 haesit,
3046 4661 3203 4729 quod
3228 4660 3287 4713 in
3307 4660 3537 4716 Hermae
3576 4660 3810 4717 Pastore

2148 4763 2262 4801 non
2297 4752 2508 4818 agatur
2540 4747 2608 4801 de
2644 4747 2867 4801 Pascha
2924 4748 3017 4801 die
3068 4748 3369 4803 Dominica
3412 4748 3801 4815 celebrando;

2148 4840 2298 4901 tum,
2333 4836 2487 4906 quod
2520 4836 2775 4906 scriptus
2806 4834 2857 4889 is
2885 4836 3060 4889 fuerit
3090 4837 3315 4891 dudum
3347 4848 3480 4893 ante
3534 4844 3802 4911 tempore

2148 4924 2233 4977 Pii
2267 4942 2447 4995 papae.
2484 4926 2683 4995 Itaque
2715 4941 2780 4979 eo
2804 4926 3038 4980 tandem
3071 4926 3393 4994 delabitur;
3447 4950 3475 4975 ‹‹
3512 4933 3581 4983 ut
3611 4929 3802 4984 dicere

2151 5030 2387 5068 necesse
2418 5013 2492 5068 sit
2517 5014 2594 5083 (si
2631 5013 2883 5069 velimus
2913 5032 3098 5069 unum
3122 5016 3520 5087 eumdcmque
3543 5034 3677 5073 esse
3710 5036 3800 5073 au-

2152 5104 2394 5173 ctorem)
2424 5103 2685 5158 diversos
2718 5103 2822 5158 hos
2844 5103 2997 5157 inter
3027 5121 3086 5158 se
3113 5104 3291 5160 fuisse
3321 5108 3799 5165 commentarios.

2153 5192 2396 5246 diversis
2424 5191 2787 5263 temporibus
2817 5193 3087 5263 scriptos.
3128 5215 3149 5241 ι
3177 5193 3287 5248 Sed
3310 5194 3595 5264 quoniam
3622 5197 3683 5251 S.
3704 5201 3794 5251 Pa-

2154 5286 2277 5336 stor
2306 5286 2500 5336 noster
2528 5285 2769 5336 eatenus
2800 5285 3031 5335 tantum
3064 5298 3199 5336 cum
3230 5286 3502 5339 Hermete
3556 5300 3669 5339 con
3683 5287 3795 5340 fun~

2155 5370 2335 5435 ditur,
2370 5373 2659 5441 quatenus
2690 5370 2813 5440 ipse
2842 5372 3084 5424 Hermes
3117 5386 3251 5425 cum
3285 5371 3343 5426 S.
3379 5371 3631 5430 Herma:
3669 5372 3793 5429 nihil

2157 5475 2303 5529 opus
2334 5463 2421 5513 est
2452 5458 2800 5529 diremptam
2846 5460 2971 5528 jam
3034 5459 3134 5514 diu
3195 5462 3656 5517 controversiam
3715 5463 3786 5517 hi:

2156 5549 2345 5603 denuo
2378 5548 2681 5603 suscitare.
2717 5549 3000 5603 Eumdem
3032 5566 3145 5604 non
3174 5566 3301 5605 esse
3329 5554 3385 5604 S.
3430 5555 3707 5607 Her-mam
3748 5554 3782 5605 et

2158 5637 2312 5694 hunc
2346 5638 2694 5709 Hermetem,
2728 5639 3007 5707 ostendit,
3045 5642 3109 5695 ut
3143 5639 3367 5707 monui,
3412 5638 3779 5698 Bellarminas
