4014 6226
332 384 485 445 1017

1259 386 1370 447 SS.
1417 386 1950 451 PUDENTIANE
1991 384 2092 447 ET
2134 382 2519 447 PRAXEDIS
2577 385 2811 447 ACTA.

3575 375 3732 440 1018

328 518 545 590 aliique
576 522 706 591 post
734 518 924 590 illum,
950 520 1269 593 quosinter
1289 521 1775 593 consulipossunt
1794 520 1973 575 Tille-
2003 521 2055 588 Α
2087 520 2421 585 Praxedem,
2481 523 2768 587 externos,
2828 522 2892 575 ut
2947 517 3240 591 ponimus,
3289 513 3582 581 homines,
3640 513 3731 569 in-

325 608 585 663 montius
618 612 761 665 tom.
796 608 840 663 Il
870 610 1108 665 Monum.
1130 612 1338 681 coclea,
1364 628 1496 683 pag.
1528 613 1627 666 521
1658 630 1671 678 ;
1706 610 1976 666 Nicolaus

328 695 380 751 le
412 696 609 769 Noury
666 698 724 751 in
783 699 1062 769 Apparalu
1117 700 1195 755 ad
1243 701 1631 756 Bibliothecam
1670 701 1976 755 maximam

322 788 564 840 veterum
598 790 851 855 Patrum,
886 787 1123 843 dissert.
1158 789 1209 855 4,
1242 794 1350 844 art.
1383 792 1449 857 2;
1475 790 1815 844 Ambrosius
1839 788 1977 843 Gar-

325 875 540 930 debosc
589 876 649 931 in
698 875 955 931 historiae
1006 876 1407 933 ecclesiastica:
1444 878 1689 951 Synopsi
1738 882 1879 933 tom.
1932 880 1971 945 Ι,

320 968 469 1035 part.
503 981 559 1031 v,
592 963 694 1020 lib.
758 982 843 1031 ιη,
876 966 1079 1020 disert.
1113 966 1166 1033 4,
1200 971 1404 1038 quiest.
1438 970 1485 1023 1.

392 1054 444 1106 9.
480 1054 641 1117 Quod
666 1054 738 1109 ad
770 1056 910 1109 Acta
958 1055 1206 1127 pertinet
1251 1060 1308 1111 S.
1359 1056 1633 1125 Pastoris,
1690 1056 1833 1111 nihil
1866 1057 1973 1112 ad-

320 1142 563 1197 modum
591 1142 729 1198 certi
764 1148 1050 1215 superest.
1085 1146 1467 1201 Continentur
1495 1162 1562 1201 ea
1591 1146 1881 1218 praecipue
1912 1147 1969 1202 in

318 1232 478 1286 Actis
510 1232 611 1287 SS.
648 1232 1027 1288 Pudentianae
1079 1240 1135 1289 et
1184 1235 1479 1303 Praxedis,
1534 1236 1703 1291 infra.
1747 1236 1972 1309 Scripta

322 1325 459 1377 sunt
489 1320 677 1392 ipsius
710 1323 966 1378 Pastoris
994 1325 1547 1397 nomine(Pastoris,
1570 1326 1968 1397 inquam,non

317 1409 542 1465 Herme
570 1411 850 1479 Pastoris,
884 1416 949 1467 ut
980 1413 1153 1469 habet
1181 1414 1464 1470 Baronius
1496 1432 1591 1469 an.
1626 1416 1746 1483 159,
1782 1433 1839 1470 n.
1881 1417 1969 1487 8);

320 1516 512 1570 neque
546 1516 687 1555 sane
719 1501 975 1557 recentia
1004 1508 1144 1557 sunt
1178 1504 1460 1574 pquando
1491 1509 1547 1559 et
1577 1505 1637 1559 in
1668 1504 1968 1560 codicibus

316 1602 461 1641 mss.
516 1587 905 1658 perantiquis,
961 1588 1148 1661 iisque
1198 1592 1343 1646 bene
1395 1591 1963 1665 multis,leguntur;

315 1673 434 1730 imo
478 1675 606 1745 jam
655 1674 806 1732 lecta
853 1682 994 1733 sunt
1021 1678 1162 1733 olim
1214 1680 1426 1736 saeculo
1458 1698 1609 1737 nono
1642 1683 1712 1737 ab
1744 1684 1961 1751 Adone,

315 1771 381 1819 ut
413 1764 472 1819 in
502 1765 630 1835 ejus
658 1766 1066 1838 Martyrologio
1123 1768 1316 1824 videre
1346 1774 1434 1825 est
1462 1770 1555 1825 die
1584 1790 1678 1826 XIX
1706 1772 1862 1843 Maii,
1893 1790 1965 1828 xx

2087 608 2353 664 consulto
2386 626 2450 664 ac
2479 609 2766 680 praeterito
2815 610 2988 664 fratre
3046 604 3367 662 Timotheo.
3431 604 3543 659 Res
3602 619 3730 660 esse

2086 702 2311 769 poterat
2341 699 2588 755 obnoxia
2614 698 3079 764 difﬁcultatibus,
3114 696 3225 751 nisi
3268 710 3402 750 cum
3434 694 3586 748 bona
3615 693 3729 748 fra-

2084 788 2190 843 tris
2221 788 2408 860 gratia
2436 792 2768 843 cerneretur
2798 786 3101 841 haareditas
3126 803 3138 853 ;
3195 784 3373 855 hujus
3429 783 3607 855 igitur
3637 798 3728 837 as-

2084 894 2259 933 sensu
2292 878 2623 933 hieredihus
2655 894 2802 948 opus
2830 881 2969 931 erat.
3004 875 3154 931 Cedo
3212 889 3368 946 ergo,
3402 889 3515 944 quo
3561 876 3726 945 pacto

2082 966 2133 1023 is
2163 984 2228 1023 ex
2258 966 2581 1033 Timotheo,
2613 967 2711 1038 qui
2745 966 3047 1037 presbyter
3075 967 3197 1019 erat
3227 967 3284 1017 et
3336 962 3426 1017 vir
3479 961 3725 1017 sanctis-

2082 1056 2269 1112 simus
2323 1056 2560 1112 extundi
2609 1056 2817 1111 fortius
2873 1057 3118 1127 poterat,
3174 1067 3350 1124 quam
3402 1051 3450 1107 si
3498 1050 3643 1106 tales
3672 1055 3729 1105 et

2081 1146 2395 1211 natalibus,
2426 1146 2564 1213 vita,
2596 1145 2933 1213 virtutibus,
2994 1144 3283 1214 rebusque
3312 1140 3490 1213 gestis
3522 1140 3723 1211 depin-

2078 1240 2354 1307 gerentur
2384 1236 2662 1306 haaredes,
2695 1240 3013 1306 utprorsus
3035 1232 3405 1304 intelligeret,
3439 1230 3723 1303 quidquid

2078 1325 2151 1381 iis
2182 1325 2443 1381 relictum
2478 1329 2649 1392 esset,
2682 1324 2740 1379 id
2763 1325 2843 1379 ita
2865 1322 3210 1379 collocatum
3235 1320 3416 1377 videri
3440 1324 3721 1391 oportere,

2079 1414 2245 1486 quasi
2278 1415 2337 1469 in
2368 1414 2555 1486 ipsius
2624 1414 2744 1480 Dei,
2776 1418 2840 1468 ut
2894 1413 2975 1467 ita
3026 1412 3253 1483 loquar,
3310 1408 3399 1465 vel
3456 1407 3724 1465 Ecclesia:

2079 1520 2290 1559 manus
2321 1504 2728 1575 consignatum
2787 1500 2983 1557 esset?
3034 1504 3151 1556 Hoc
3180 1513 3317 1572 ergo
3347 1498 3469 1570 agit
3497 1498 3722 1563 Pastor,

2076 1609 2209 1648 cum
2245 1594 2302 1647 S.
2340 1592 2629 1661 Praxedis,
2687 1592 2922 1663 gestas.
2947 1590 3251 1647 Timotheo
3284 1586 3535 1659 explicat
3599 1590 3725 1640 tan-

2075 1686 2252 1753 toque
2284 1682 2343 1736 id
2370 1682 2489 1755 agit
2512 1682 2582 1737 ad
2634 1697 2754 1737 rem
2813 1696 2980 1735 suam
3038 1676 3446 1751 opportunius,
3506 1677 3725 1746 quanto

2074 1770 2389 1842 00piosius.
2444 1770 2525 1825 De
2582 1787 2644 1825 se
2703 1769 2859 1825 enim
2918 1769 3111 1824 dicere
3160 1766 3307 1822 nihil
3364 1764 3590 1831 debuit,
3622 1762 3723 1835 qui

313 1850 492 1918 Junii,
524 1869 627 1907 xxr
653 1853 796 1909 Julii
830 1855 887 1909 in
913 1855 1118 1928 elogiis
1149 1858 1207 1913 S.
1242 1859 1632 1931 Pudentianaz,
1666 1862 1724 1917 S.
1758 1862 1962 1917 Novati
1996 1889 2043 1955 B
2072 1858 2375 1915 Timotheo
2454 1859 2679 1955 dudum
2720 1862 2889 1955 esset
2916 1856 3323 1955 notissimus,
3383 1868 3723 1955 quanquam

312 1945 369 1996 et
410 1944 465 1995 S.
518 1942 813 1999 Praxedis.
871 1948 1150 2001 Caeterum
1202 1947 1429 2003 sincera
1466 1966 1706 2020 prorsus
1738 1967 1807 2006 ea
1839 1968 1953 2008 non

309 2045 458 2100 esse,
491 2032 591 2086 sed
621 2031 717 2087 hic
748 2032 865 2088 illic
913 2034 1283 2107 interpolata,
1333 2037 1483 2093 ultro
1514 2056 1621 2094 nos
1652 2040 1763 2112 ipsi
1797 2040 1951 2096 haud

305 2119 633 2176 obscurein
678 2124 1105 2179 Commentario
1146 2126 1376 2197 praevio,
1409 2132 1465 2182 et
1493 2129 1785 2185 adnotatis
1816 2147 1952 2185 con-

307 2208 446 2264 fessi
479 2226 723 2280 sumus;
757 2216 817 2267 at
846 2213 1007 2268 omni
1032 2218 1270 2271 omnino
1292 2216 1406 2272 fide
1436 2217 1678 2289 indigna
1698 2220 1952 2291 reputari

300 2297 535 2363 debere,
612 2302 875 2357 nondum
946 2303 1115 2358 nobis
1198 2306 1490 2376 persuasit
1546 2306 1953 2365 Tillemontius

304 2390 448 2441 tom.
486 2386 553 2455 ll,
585 2393 722 2444 nota
752 2391 787 2443 5
816 2390 876 2445 in
901 2394 962 2447 S.
997 2391 1162 2447 Pium
1194 2410 1405 2465 papam
1439 2411 1452 2449 :
1488 2400 1551 2449 ut
1582 2396 1735 2451 enim
1760 2398 1951 2454 minu-

298 2478 412 2532 tias
427 2481 788 2548 preeteream,
815 2497 962 2551 quas
990 2481 1069 2536 ibi
1092 2483 1372 2554 congerit,
1396 2488 1462 2539 ut
1482 2502 1650 2541 voces
1674 2491 1951 2543 Actorum

303 2564 537 2636 aliquas
571 2571 627 2622 et
659 2568 1430 2643 phrasescarpat,tanquam
1454 2574 1667 2630 saeculo
1698 2578 1953 2633 secundo

300 2670 416 2709 non
469 2655 734 2720 usitatas,
786 2657 873 2713 vel
924 2662 1194 2731 tempori,
1242 2678 1358 2732 quo
1417 2664 1634 2736 scripta
1687 2666 1955 2722 feruntur

298 2744 462 2811 Acta,
515 2761 888 2818 nequaquam
938 2752 1409 2807 accommodatas
1456 2754 1612 2824 (nam
1647 2754 1785 2827 quid
1820 2755 1949 2825 illae,

297 2834 539 2889 tametsi
569 2834 928 2891 adulterinas
960 2854 1172 2899 omnes.
1186 2855 1313 2894 esse
1332 2841 1759 2898 demonstraret
1783 2844 1952 2901 Tille-

300 2922 581 2993 montius,
607 2926 763 2995 quod
786 2942 902 2980 non
930 2927 1087 2997 facit,
1105 2930 1380 2984 Actorum
1409 2932 1750 2987 substantiae
1766 2952 1953 3006 usque

298 3010 442 3067 adeo
472 3012 998 3081 incommodarent)
1028 3016 1055 3071 ?
1090 3021 1153 3071 ut
1182 3017 1332 3085 illas,
1367 3019 1630 3091 inquam,
1662 3023 1949 3091 omittam,

301 3106 651 3173 argumenta
700 3104 829 3175 ejus
885 3105 1195 3177 praecipua,
1248 3112 1305 3162 et
1352 3108 1412 3163 in
1444 3114 1626 3165 totam
1673 3114 1948 3169 Actorum

294 3188 532 3245 illorum
558 3191 840 3249 fabricam
868 3194 1160 3266 fidemque
1190 3196 1429 3267 directa,
1462 3198 1518 3252 id
1551 3215 1943 3272 nequaquam,

2074 1964 2260 2020 neque
2290 1948 2361 2003 de
2391 1964 2453 2004 se
2492 1948 2684 2019 quoad
2716 1946 2933 2002 ferebat
2964 1944 3271 2014 modestia,
3301 1942 3507 1999 tacuit.

2141 2039 2226 2091 11.
2286 2037 2521 2092 Leviora
2570 2041 2710 2091 sunt
2748 2052 2878 2107 quas
2923 2034 3162 2105 subjicit
3226 2030 3633 2087 Tillemontius
3664 2032 3720 2084 et

2068 2111 2127 2181 in
2158 2126 2734 2198 eamdemintorquet
2751 2124 3087 2196 epistolam:
3125 2124 3322 2194 Neque
3338 2121 3470 2186 hoc,
3501 2119 3718 2191 inquit,

2064 2215 2248 2286 video,
2279 2232 2385 2273 cur
2416 2216 2618 2272 Pastor
2648 2216 2955 2271 Timotheo
2987 2217 3183 2269 narret
3211 2228 3304 2268 res
3333 2214 3466 2267 ante
3495 2224 3717 2266 annum

2063 2306 2387 2377 prmteritas
2426 2321 2541 2361 non
2592 2304 2783 2360 solum
2818 2304 2888 2359 de
2932 2303 2990 2359 S.
3042 2302 3301 2357 Pudente
3347 2306 3405 2356 et
3469 2302 3716 2369 utraque

2060 2395 2189 2465 ejus
2213 2394 2333 2450 ﬁlia
2361 2395 2454 2466 (de
2484 2412 2598 2466 qua
2629 2410 2688 2451 re
2737 2396 2861 2465 jam
2902 2392 3068 2461 satis,
3120 2392 3345 2463 opinor,
3404 2388 3712 2460 diximus);

2062 2484 2162 2539 sed
2216 2485 2390 2539 etiam
2445 2484 2516 2539 de
2571 2485 2747 2539 fratre
2802 2484 2929 2554 ejus
2988 2482 3239 2538 Novato:
3274 2496 3408 2537 nam
3442 2480 3490 2535 si
3530 2479 3618 2536 vel
3652 2479 3711 2534 in

2061 2574 2335 2629 extremis
2366 2574 2593 2645 imperii
2627 2574 2845 2629 finibus
2875 2570 3089 2643 egisset
3120 2569 3483 2638 Timotheus,
3517 2584 3588 2624 an
3603 2583 3708 2640 per

2062 2678 2284 2717 annum
2314 2666 2501 2718 totum
2532 2660 2677 2717 nihil
2709 2661 2779 2716 de
2810 2658 3031 2715 familia
3048 2657 3421 2714 rescivisset?
3444 2656 3705 2729 Respon-

2061 2751 2192 2818 deo,
2223 2750 2280 2805 id
2313 2766 2509 2806 rarum
2545 2766 2659 2805 non
2692 2765 2840 2817 esse,
2876 2754 2940 2805 ut
2987 2748 3217 2817 fratres,
3270 2746 3445 2801 etiam
3504 2760 3711 2817 parum

2062 2840 2214 2895 inter
2226 2856 2287 2895 se
2300 2839 2660 2895 habitatione
2690 2839 3035 2909 distantes,a
3056 2836 3348 2908 frequenti
3380 2834 3712 2890 litterarum

2060 2929 2409 2984 commercio
2424 2928 2595 2984 alieni
2610 2928 3150 2983 sint.Concedamus
3164 2925 3257 2981 his
3275 2929 3470 2981 tamen
3490 2922 3711 2995 aliquid

2061 3017 2430 3073 Tillemontio
2457 3035 2469 3073 ε
2507 3017 2736 3073 sciverit
2762 3016 2848 3072 vel
2881 3033 2949 3071 ex
2978 3014 3200 3082 Novati,
3233 3013 3320 3069 vel
3352 3029 3420 3069 ex
3462 3012 3711 3069 aliorum

2056 3106 2266 3163 litteris
2278 3107 2618 3163 Timotheus
2632 3106 2903 3178 pleraque
2918 3104 3267 3176 omnia,qua3
3290 3104 3465 3159 frater
3475 3102 3706 3175 egisset.

2058 3199 2263 3251 Annon
2295 3213 2447 3267 saepe
2476 3197 2741 3251 eamdem
2773 3194 3032 3251 nuntiari
3063 3197 3311 3265 possunt
3357 3210 3391 3247 a
3420 3192 3661 3248 diversis
3682 3194 3709 3248 ?

296 3280 451 3350 quod
502 3280 708 3351 jactat,
771 3262 1264 3350 evincunt.‘Quod
1301 3290 1366 3340 ut
1412 3262 1778 3360 perspicias;
1810 3262 1947 3348 Acta
1977 3262 2020 3330 C
2060 3288 2269 3342 Annon
2301 3262 2397 3341 hic
2447 3286 2785 3356 justissima
2841 3262 3079 3339 Pastori
3122 3300 3300 3338 causa
3345 3286 3469 3337 erat
3500 3299 3703 3339 eorum

293 3366 426 3438 ipsa
457 3368 736 3425 consule:
798 3371 1081 3437 invenies,
1126 3388 1193 3427 ea
1234 3374 1351 3429 fere
1385 3376 1669 3431 contineri
1714 3378 1944 3435 duabus

290 3456 577 3527 epistolis,
600 3474 852 3529 quarum
881 3461 1039 3531 prior
1059 3467 1148 3517 est
1173 3463 1426 3519 Pastoris
1449 3465 1519 3519 ad
1546 3465 1942 3536 Timotheum,

288 3542 774 3616 alteragTimothei
795 3550 866 3603 ad
894 3554 1216 3606 Pastorem.
1236 3552 1557 3625 Utramque
1576 3557 1941 3627 suppositam

286 3635 627 3690 auctoribus
655 3636 974 3710 inscriptis,
1024 3640 1142 3694 imo
1173 3658 1304 3696 vero
1334 3641 1591 3713 ineptam
1625 3660 1771 3713 esse,
1805 3663 1940 3701 con-

286 3723 479 3778 tendit
507 3724 899 3782 adversarius.

364 3814 448 3866 10.
505 3812 758 3869 Priorem
808 3815 918 3871 hoc
949 3816 1242 3889 imprimis
1289 3819 1402 3875 telo
1452 3822 1708 3877 subverti
1753 3827 1938 3894 putat,

292 3902 445 3974 quod
479 3919 512 3956 a
544 3918 716 3975 scopo
730 3906 1148 3978 propositoque
1170 3910 1429 3965 Pastoris
1460 3913 1578 3965 toto
1610 3910 1751 3966 ccslo
1773 3912 1939 3967 ablu-

289 3988 430 4043 dat:
490 3988 861 4046 Christianus
911 3994 1088 4060 enim,
1150 3996 1365 4067 inquit,
1420 3998 1661 4070 quidam
1693 4000 1935 4071 obierat,

284 4082 541 4136 Novatus
592 4081 847 4150 nomine,
901 4084 1000 4154 qui
1050 4085 1355 4143 facultates
1386 4105 1523 4143 suas
1570 4089 1747 4161 paulo
1805 4096 1939 4147 ante

282 4168 660 4224 commiserat
709 4171 933 4226 Pastori
996 4179 1215 4241 nostro,
1249 4182 1306 4231 et
1335 4176 1547 4248 virgini
1577 4180 1842 4247 Praxedi,
1876 4197 1938 4236 se

283 4262 515 4312 mortuo
546 4258 994 4330 dispensandae.
1037 4262 1251 4318 Scribit
1285 4264 1340 4319 id
1376 4265 1699 4334 Timotheo,
1732 4269 1939 4324 Novati

281 4346 544 4401 defuncti
567 4363 868 4419 germano,
918 4353 1123 4406 Pastor
1159 4371 1171 4419 ;
1205 4370 1457 4426 eumque
1486 4356 1762 4426 consulit,
1795 4360 1935 4429 quid

280 4435 350 4490 de
410 4436 579 4491 bonis
638 4437 856 4493 relictis
911 4438 1239 4496 faciendum
1298 4449 1549 4499 censeat.
1580 4446 1716 4502 Esto
1774 4464 1933 4503 sane.

280 4523 430 4590 Quid
465 4534 591 4580 tum
607 4530 810 4597 postea
826 4527 853 4581 ?
885 4529 998 4583 Hoc
1019 4534 1239 4597 autem,
1282 4532 1495 4605 inquit,
1518 4536 1691 4590 verbo
1706 4539 1935 4591 tantum

2056 3374 2263 3430 saltem
2294 3374 2602 3430 refricandi
2634 3373 2999 3443 memoriam,
3043 3388 3168 3443 qua:
3212 3371 3498 3427 Novatum
3555 3371 3708 3427 inter

2056 3468 2113 3519 et
2143 3464 2457 3520 Praxedem
2489 3464 2957 3532 intercesserant,
2993 3462 3147 3517 unde
3206 3460 3456 3516 disceret
3504 3459 3706 3516 Timo-

2054 3552 2251 3621 theus,
2316 3552 2663 3607 muniﬁcum
2723 3550 2919 3606 fratris
2966 3550 3026 3605 in
3086 3548 3247 3603 illam
3296 3548 3558 3604 animum
3590 3566 3704 3604 non

2053 3641 2290 3697 aliunde
2322 3640 2636 3707 exstitisse,
2670 3657 2846 3711 quam
2878 3655 2945 3695 ex
2973 3637 3360 3695 sanctissimis
3387 3637 3591 3692 ofﬁciis
3622 3638 3705 3693 di-

2051 3730 2318 3803 vinisque
2350 3729 2720 3785 rationibus?
2750 3730 2909 3793 Quod
2956 3728 3117 3783 addit
3174 3725 3560 3797 adversarius,
3591 3728 3701 3784 mi-

2052 3835 2182 3874 rum
2215 3818 2416 3888 videri,
2450 3817 2674 3874 nullam
2704 3818 2844 3873 huic
2873 3816 3127 3889 epistola:
3166 3815 3438 3887 praemitti
3491 3816 3699 3871 urbani

2052 3924 2117 3962 ac
2149 3906 2404 3963 liberalis
2434 3907 2607 3962 officii
2661 3904 3165 3979 significationem,
3223 3904 3451 3960 nullum
3506 3904 3696 3976 prolo-

2048 4013 2211 4069 gum,
2239 3997 2338 4052 sed
2371 3998 2443 4052 ab
2466 3996 2611 4068 ipsis
2644 3996 2839 4051 statim
2869 3996 3045 4051 rebus
3097 3994 3276 4051 ordiri
3324 4009 3651 4050 sermonem
3681 4011 3693 4049 :

2050 4086 2107 4141 id
2138 4102 2269 4141 vero
2311 4102 2382 4141 ne
2431 4086 2777 4141 refutatione
2833 4084 3371 4157 quidemﬁdignum
3430 4088 3691 4155 apparet.

2048 4174 2339 4230 Nimirum
2371 4191 2439 4229 ea
2469 4174 2735 4245 queritur
2764 4174 2986 4245 abesse,
3019 4190 3147 4245 quas
3178 4188 3422 4245 parerga
3450 4189 3693 4245 prorsus

2048 4263 2334 4331 fuissent;
2370 4280 2437 4319 ea
2465 4279 2599 4318 vero
2630 4262 2929 4318 abundare
2959 4262 3410 4333 contendit,quas
3441 4261 3513 4317 ad
3546 4277 3689 4323 rem,

2048 4369 2225 4425 quam
2256 4353 2467 4423 agebat
2523 4352 2745 4417 Pastor,
2808 4351 2977 4407 unice
3036 4350 3277 4405 faciunt.
3339 4349 3565 4405 Urbana
3605 4355 3695 4405 est

2047 4441 2170 4496 hec
2192 4446 2248 4495 et
2275 4440 2573 4496 sufficiens
2605 4440 2663 4495 in
2716 4439 2965 4511 epistola
3013 4440 3171 4512 gravi
3203 4440 3497 4511 praefatio:
3532 4462 3560 4487 ‹‹
3586 4438 3690 4493 Pa-

2048 4535 2172 4587 stor
2183 4531 2485 4603 presbyter
2500 4528 2801 4585 Timotheo
2816 4529 3151 4601 presbytero
3170 4528 3471 4583 salutem.»
3501 4532 3691 4599 Atque

279 4628 397 4668 uno
454 4614 717 4685 postulat
768 4616 971 4673 Pastor
1030 4620 1203 4689 idque
1251 4621 1309 4675 in
1368 4622 1600 4679 duobus
1658 4620 2167 4695 extremithzec
2227 4623 2386 4685 sunt,
2444 4618 2658 4690 quibus
2717 4617 2976 4674 Pastoris
3035 4616 3339 4689 epistolam
3372 4616 3691 4672 nniversim

279 4701 537 4773 epistolae
563 4704 709 4761 satis
735 4704 908 4777 longe
949 4708 1293 4775 versiculis;
1341 4710 1713 4781 reliquavera
1737 4713 1937 4771 omnia

283 4798 399 4838 non
453 4800 519 4839 eo
566 4784 758 4840 solum
818 4787 1086 4856 tendunt,
1133 4794 1200 4843 ut
1239 4792 1508 4847 morbum
1556 4810 1622 4848 ac
1682 4799 1926 4850 mortem

281 4871 571 4944 explicent
590 4875 793 4929 Novati
826 4876 904 4945 (id
933 4878 1089 4947 quod
1138 4878 1349 4934 rationi
1397 4898 1716 4937 consonum
1749 4884 1929 4939 videri

276 4963 569 5033 poterat);
605 4964 706 5018 sed
768 4965 943 5019 etiam
990 4982 1078 5032 eo,
1139 4973 1203 5023 ut
1249 4969 1307 5023 in
1340 4972 1598 5026 medium
1630 4974 1931 5044 proferant

274 5051 566 5123 quidquid
601 5056 733 5125 post
763 5052 985 5110 obitum
1016 5056 1112 5110 SS.
1146 5058 1523 5115 Pudentiana:
1564 5064 1622 5116 et
1651 5061 1930 5118 Pudentis

276 5142 567 5197 Praxedes
600 5158 633 5197 a
659 5141 893 5198 biennio
932 5150 1211 5217 gesserat.
1263 5148 1411 5213 Quid
1470 5148 1591 5204 haec
1622 5151 1693 5205 ad
1728 5152 1930 5207 Timo-

270 5228 478 5285 theum
512 5248 526 5297 ;
554 5231 696 5302 quid
744 5233 816 5287 ad
871 5232 1096 5291 litteras
1130 5236 1475 5308 attinebant,
1509 5239 1722 5310 quibus
1753 5241 1931 5296 frater

276 5318 348 5374 de
379 5318 579 5376 fratris
601 5320 764 5376 obitu
788 5322 1087 5381 docendus
1112 5330 1238 5381 erat
1260 5326 1387 5383 ?Ita
1432 5327 1545 5383 ille.
1563 5329 1926 5401 Respondeo,

274 5407 588 5480 aptissima
622 5410 767 5465 mihi
797 5411 978 5468 videri
1010 5414 1083 5468 ad
1115 5431 1236 5471 rem
1268 5421 1611 5488 praesentem
1646 5435 1927 5490 quaecun-

276 5513 388 5570 que
400 5498 471 5555 de
498 5499 556 5554 S.
582 5502 838 5557 Praxede
865 5502 1167 5561 Timotheo
1190 5509 1389 5561 narrat
1408 5510 1644 5575 Pastor;
1669 5508 1926 5580 ineptam

277 5602 433 5653 vero,
491 5604 619 5660 quae
677 5589 750 5645 iis
799 5590 1095 5663 objicitur,
1145 5594 1743 5653 Tillemontiicrisim.
1778 5599 1926 5663 Quid

277 5675 433 5733 enim
475 5678 503 5731 Ἰ
559 5677 825 5737 Haeredes
876 5679 1128 5741 Novatus
1176 5684 1474 5744 Pastorem
1504 5687 1840 5760 (scripserat
1867 5693 1926 5745 et

2046 4708 2275 4779 impetit
2302 4710 2509 4763 acutus
2539 4706 2631 4762 hic
2663 4723 2887 4762 sensor.

2109 4798 2195 4852 12.
2228 4796 2482 4852 Alteram
2514 4794 2973 4867 epistolam,quae
2999 4794 3285 4851 Timothei
3317 4798 3423 4867 est,
3455 4794 3549 4851 his
3570 4799 3695 4850 tan-

2039 4890 2167 4941 tum
2200 4887 2391 4941 verbis
2422 4885 2761 4957 aggreditur
2789 4902 2801 4939 :
2840 4908 2867 4933 ‹‹
2900 4886 3147 4953 Littera,
3197 4885 3412 4957 quibus
3468 4886 3689 4941 Pastori

2040 4974 2716 5047 responditTimotheus,
2750 4973 2892 5030 nihil
2909 4975 3083 5031 etiam
3105 4990 3307 5031 eorum
3322 4975 3689 5046 habent,quae

2039 5065 2172 5136 quis
2202 5063 2320 5119 illis
2351 5063 2585 5131 diceret,
2619 5080 2652 5119 a
2680 5080 2792 5134 quo
2826 5063 2938 5119 sibi
2969 5064 3039 5120 de
3070 5063 3265 5120 fratris
3290 5065 3451 5121 obitu
3482 5080 3691 5120 renun-

2037 5155 2248 5211 tiatum
2280 5156 2450 5209 esset.
2484 5152 2791 5226 nRequirit
2816 5152 2929 5223 hic,
2953 5153 3451 5225 opinor,lamenta
3466 5154 3685 5220 fratris,

2038 5247 2140 5299 aut
2170 5241 2390 5314 aliquid
2423 5247 2572 5297 certe
2592 5242 3022 5313 ejusmodi.Sed
3044 5243 3419 5313 quasro,unde
3440 5248 3685 5315 constet,

2038 5331 2160 5387 haec
2188 5347 2222 5385 a
2242 5330 2546 5386 Timotheo
2564 5330 2620 5385 in
2640 5331 2843 5385 eadem
2857 5330 3104 5403 epistola
3122 5348 3235 5387 non
3255 5332 3434 5387 fuisse
3446 5332 3683 5404 scripta,

2036 5420 2271 5477 tametsi
2304 5419 2698 5491 praetermissa
2728 5419 2822 5476 hic
2853 5420 2974 5476 sint
3020 5437 3053 5475 a
3084 5424 3317 5476 Pastore
3374 5436 3440 5476 ac
3485 5422 3682 5479 studio

2036 5510 2231 5582 potius
2263 5509 2530 5575 rescissa,
2564 5508 2716 5580 quod
2751 5510 2821 5565 ad
2854 5509 3161 5566 historiam
3191 5513 3284 5564 SS.
3304 5509 3682 5567 Pudentianae

2036 5602 2093 5655 et
2121 5597 2396 5654 Praxedis
2426 5597 2592 5653 nilhil
2624 5598 2947 5670 quidquam
2979 5598 3357 5655 conferrent?
3404 5600 3467 5655 Id
3526 5601 3681 5674 quod

2037 5690 2212 5747 etiam
2243 5689 2304 5745 in
2334 5688 2513 5761 priori
2544 5688 2793 5762 epistola
2820 5689 2947 5746 fieri
3004 5705 3072 5746 ex
3116 5688 3408 5749 industria
3461 5692 3677 5763 potuit-
