4014 6226
271 296 430 363 1019

1436 317 1836 389 APPENDIX
1881 324 1987 387 AD
2030 328 2098 391 S.
2144 328 2511 398 HERMAM.

3510 339 3676 405 1020

274 435 493 543 suadet
522 440 581 497 id
614 442 759 543 mihi
786 443 875 543 vel
904 450 1175 521 maxime,
1207 455 1363 527 quod
1394 462 1599 515 neutra
1628 461 1747 517 haec
1795 463 1911 535 epi-
1939 462 1993 529 Α
2023 463 2144 518 sint
2183 465 2462 539 insultus,
2522 474 2587 525 ut
2632 471 2771 527 Acta
2808 471 2936 543 jam
2969 471 3123 529 dicta
3153 489 3267 529 non
3299 472 3473 529 modo
3497 473 3675 528 inter-

274 530 423 586 stola
447 535 691 591 seorsim
723 539 938 610 scripta
966 545 1274 614 reperitur,
1308 548 1410 603 sed
1448 552 1759 622 conjuncta
1788 530 1912 609 tan-

274 622 579 678 tummodo
610 641 744 681 cum
776 630 935 686 Actis
972 637 1330 703 sanctarum,
1372 656 1517 710 quas
1548 642 1686 710 dixi,
1735 644 1911 716 virgi-

270 726 414 765 num
441 729 455 777 ;
488 712 567 768 ita
599 719 663 770 ut
687 733 888 775 eorum
922 728 1147 792 partem
1169 724 1339 797 longe
1365 730 1680 787 maximam
1699 712 1915 789 faciant

273 804 331 855 et
359 803 613 873 paucula
641 807 714 862 iis
773 809 845 864 ab
900 811 1026 884 ipso
1081 819 1317 872 Pastore
1373 821 1446 874 ad
1506 824 1912 893 complendum

269 894 550 949 Actorum
582 900 976 957 narrationem
1018 905 1385 974 adjiciantur.
1418 909 1688 966 Historici
1729 913 1915 968 enim-

271 996 406 1037 vero
438 984 740 1057 scriptoris
762 994 868 1057 est,
902 1009 1017 1047 non
1051 994 1274 1066 integra
1304 997 1491 1055 ubivis
1530 1001 1919 1058 instrumenta

278 1072 555 1142 proferre,
590 1078 689 1132 sed
723 1082 959 1137 resectis
990 1086 1267 1157 parergis,
1299 1103 1397 1143 eos
1437 1093 1663 1146 tantum
1704 1109 1771 1146 ex
1803 1093 1919 1149 illis

277 1165 488 1233 textus,
518 1165 618 1235 qui
650 1167 705 1221 in
738 1185 861 1225 rem
894 1188 1062 1227 suam
1096 1174 1235 1241 sint,
1256 1177 1506 1234 ﬁdeliter
1530 1181 1817 1237 exhibere.
1852 1185 1922 1237 At

274 1252 452 1343 enim,
480 1253 702 1343 inquis,
736 1256 785 1311 si
828 1259 1070 1331 epistola
1138 1265 1407 1322 mutilata
1461 1273 1568 1335 est,
1631 1271 1837 1343 utquid
1869 1272 1919 1326 ei

273 1341 595 1415 praeﬁgitur
622 1346 804 1401 totius
834 1349 1089 1419 epistolae
1118 1341 1758 1426 inscriptio,Tim0theas
1789 1376 1913 1430 pre-

271 1430 473 1501 sbyter,
507 1436 620 1488 etc.
653 1435 680 1488 ‘2
710 1438 1069 1507 Respondeo,
1101 1445 1166 1495 ut
1199 1441 1395 1499 lectori
1445 1452 1691 1515 constet,
1707 1464 1776 1503 ex
1806 1465 1919 1519 quo

278 1526 655 1577 monumento
686 1526 941 1583 narratio
972 1530 1315 1602 deprompta
1337 1534 1433 1589 sit.
1459 1536 1528 1589 Et
1555 1537 1637 1591 ita
1668 1538 1725 1591 in
1748 1538 1923 1592 variis

178 1616 181 1623 '
277 1608 578 1666 codicibus
635 1615 852 1670 nostris
911 1620 1321 1688 membraneis,
1380 1623 1438 1678 in
1517 1627 1730 1697 quibus
1786 1628 1927 1681 Acta

282 1699 340 1755 S.
400 1701 696 1773 Praxedis,
765 1721 879 1759 non
947 1706 1085 1763 item
1145 1710 1538 1780 Pudentianaa,
1586 1716 1922 1783 traduntur,

2019 551 2211 622 polata
2272 559 2538 613 ostendat
2588 576 2736 627 esse,
2798 562 2951 632 quod
3011 561 3160 617 ultro
3216 563 3671 630 admiseramus,

2022 642 2121 697 sed
2174 666 2201 693 «
2234 645 2389 700 omni
2422 648 2598 703 etiam
2630 650 2865 705 omnino
2892 652 3005 706 ﬁde
3036 652 3348 721 indigna.»

2098 734 2181 786 13.
2220 735 2442 803 Nescio,
2476 755 2547 792 an
2589 739 2852 810 puriores
2892 740 3007 795 sint
3040 742 3228 797 fontes
3258 742 3413 797 unde
3443 746 3673 809 caztera,

2025 837 2154 890 qua:
2179 823 2250 878 de
2279 826 2335 879 S.
2370 830 2606 883 Pastore
2628 845 2812 899 pauca
2857 830 2967 885 dici
3000 837 3267 901 possunt,
3294 831 3672 886 hauriuntur.

2027 901 2284 982 Fratrem
2318 905 2496 962 fuisse
2543 908 2600 962 S.
2663 910 2747 962 Pii
2796 927 2982 982 papae,
3013 912 3182 967 docet
3205 912 3550 967 Anastasius
3586 912 3675 965 Bi-

2026 980 2461 1052 bliothecarius,
2493 989 2655 1043 Actis
2681 980 2813 1059 jam,
2848 980 3060 1061 citatis,
3093 1008 3160 1045 ex
3190 991 3407 1063 quibus
3438 997 3675 1047 contra-

2028 1072 2180 1126 rium
2234 1075 2423 1143 potius
2482 1078 2710 1133 videtur
2765 1096 2936 1151 posse
2967 1079 3185 1153 colligi,
3220 1081 3550 1137 recentior:
3583 1096 3677 1136 se-

2030 1167 2293 1232 quuntur
2356 1164 2449 1220 hic
2498 1166 2665 1221 illum
2728 1168 2949 1224 interea
3007 1170 3397 1243 Martyrologii
3445 1170 3679 1225 codices

2030 1268 2184 1305 unus
2215 1256 2270 1306 et
2291 1252 2454 1320 alter,
2506 1256 2657 1311 inter
2688 1258 2933 1313 Usuardi
2981 1260 3165 1315 nostri
3192 1260 3455 1315 auctaria
3486 1259 3679 1329 relati,

2028 1340 2262 1407 Vereor,
2323 1359 2394 1397 ne
2443 1343 2518 1398 sit
2573 1344 2949 1403 halluciuatio
3000 1348 3317 1415 Anastasii,
3352 1349 3484 1404 inde
3517 1354 3681 1413 nata,

2032 1430 2187 1500 quod
2238 1434 2531 1487 Pastorem
2582 1436 2908 1491 confuderit
2963 1454 3097 1492 cum
3138 1442 3430 1506 Hermete,
3483 1438 3585 1509 qui
3621 1437 3680 1491 in

2031 1518 2430 1575 vetustissimo
2448 1522 2791 1580 Pontilicum
2814 1526 3073 1598 catalogo
3105 1527 3191 1580 Pii
3222 1528 3401 1581 frater
3422 1524 3683 1598 appella-

2035 1610 2149 1661 tur.
2184 1612 2261 1663 De
2290 1614 2455 1665 aetate
2487 1614 2869 1669 sanctinostri
2903 1615 3417 1671 nihilinvenimus.
3458 1617 3520 1670 In
3552 1615 3685 1686 epi-

2034 1695 2185 1751 stola
2216 1700 2471 1755 secunda
2526 1702 2611 1755 Pii
2644 1719 2805 1775 papae
2849 1709 2874 1757 Ι
2924 1705 2994 1759 ad
3053 1705 3291 1761 Justum
3339 1705 3687 1776 episcopum

277 1789 565 1900 posterior
594 1794 823 1849 tantum
854 1799 911 1850 et
940 1796 1132 1853 minor
1197 1817 1332 1871 pars
1390 1804 1629 1858 affertur
1668 1805 1921 1876 epistolis
1952 1835 1999 1900 B
2034 1786 2738 1900 νίθξξλξξεθίΡΓῙθὲίίΡΡΠῖ
2777 1814 2806 1841 (ί
2836 1795 3144 1900 ξνθεὶξδξξςῑ*
3189 1798 3394 1900 Ρξᾷῐοτ
3425 1793 3688 1900 Philum

276 1878 535 1935 Pastoris
566 1897 698 1936 cum
722 1885 943 1939 cazteris
974 1902 1099 1958 quae
1136 1892 1536 1959 sequunturin
1557 1893 1715 1949 Actis
1746 1894 1917 1948 nobis

277 1968 450 2023 editis
480 1986 513 2024 a
542 1986 705 2026 num.
738 1972 810 2040 5;
844 1990 977 2029 cum
1007 1981 1199 2033 tamen
1227 1978 1557 2036 istilaciniaa
1588 1983 1767 2039 totius
1798 1982 1920 2055 epi-

279 2056 440 2112 stolae
471 2059 859 2129 praemittatur
886 2064 1225 2137 inscriptio;
1258 2067 1317 2122 id
1349 2071 1504 2139 quod
1528 2071 1702 2126 etiam
1737 2072 1929 2127 obser-

278 2163 413 2203 vare
441 2147 579 2204 licet
608 2151 761 2221 apud
784 2152 972 2207 Emin.
1000 2154 1313 2212 Baronium
1347 2159 1417 2213 ad
1460 2176 1679 2215 annum
1712 2160 1928 2216 Christi

284 2236 422 2301 162;
451 2253 810 2311 quanquam,
847 2246 910 2296 ut
948 2242 1073 2313 ipse
1115 2260 1242 2301 eam
1300 2247 1478 2317 dedit,
1511 2250 1692 2305 videri
1744 2249 1929 2321 possit

282 2325 528 2396 epistola
557 2327 825 2385 absoluta
855 2335 913 2387 et
942 2332 1168 2405 integra
1192 2353 1205 2403 ;
1247 2352 1378 2392 cum
1399 2337 1455 2392 in
1475 2339 1750 2393 omnibus
1780 2338 1933 2394 codi-

283 2415 448 2473 cibus
477 2418 694 2473 nostris
728 2435 870 2474 mss.
904 2428 1198 2492 appareat,
1232 2430 1455 2496 partem
1476 2430 1706 2482 tantum
1738 2444 1866 2483 esse
1898 2444 1932 2482 a

281 2505 628 2576 praecedenti
659 2510 819 2562 textu
851 2509 1134 2579 avulsam,
1169 2520 1225 2568 et
1254 2514 1326 2569 ad
1358 2514 1525 2571 illum
1568 2517 1929 2572 referendam

282 2591 379 2648 alii
438 2594 521 2649 sic
571 2596 926 2653 ordiuntur:
962 2600 1176 2672 «Virgo
1193 2602 1406 2659 Christi
1435 2606 1723 2661 Praxedes
1767 2604 1935 2660 habi-

287 2681 504 2738 tavitin
546 2682 733 2740 eodem
780 2685 1781 2764 titulo,vehementerafﬂigensse,»
1821 2697 1933 2748 etc.

286 2770 399 2827 Alii
431 2771 551 2828 sic:
584 2772 761 2845 Virgo
802 2777 1145 2835 venerabilis
1198 2783 1484 2838 Praxedes
1537 2782 1819 2838 habitavit
1876 2782 1935 2836 in

286 2859 457 2916 titulo
511 2862 832 2933 supradicto
907 2865 1129 2923 afﬂicta
1166 2874 1401 2941 propter
1439 2872 1753 2927 transitum
1814 2887 1941 2943 ger-

287 2966 474 3006 manas
503 2967 645 3024 suae,
677 2974 706 3001 ››
739 2957 848 3009 etc.
899 2954 1009 3011 Sed
1042 2957 1183 3028 quid
1241 2975 1345 3031 ego
1375 2960 1469 3015 hic
1498 2960 1668 3033 plura
1698 2965 1721 3016 Ρ
1777 2965 1940 3017 Patet

290 3038 426 3096 hinc
456 3039 621 3112 satis,
657 3043 722 3097 ut
760 3042 1036 3112 arbitror,
1094 3062 1273 3119 quam
1303 3048 1525 3107 debiles
1583 3048 1939 3105 Tillemontii

2030 1876 2314 1943 condidit,
2343 1881 2399 1933 et
2420 1879 2593 1951 digne
2613 1880 2672 1935 in
2687 1882 2935 1937 Domino
2966 1883 3134 1940 obiit.
3166 1905 3194 1933 »
3226 1883 3525 1939 Dicendus
3548 1899 3691 1955 ergo

2030 1971 2185 2020 esset
2232 1966 2447 2023 obiasse
2470 1970 2579 2025 sub
2615 1971 2673 2025 S.
2694 1971 2780 2025 Pii
2805 1972 3166 2043 pontiﬁcatu,
3190 1973 3448 2043 adeoque
3478 1988 3692 2027 versus

2037 2055 2298 2110 medium
2330 2057 2523 2112 saeculi
2556 2060 2797 2115 secundi
2824 2081 2837 2128 ;
2872 2061 2921 2116 si
2952 2063 3092 2117 stari
3126 2066 3325 2133 posset
3353 2061 3532 2132 hujus
3563 2061 3694 2132 epi-

2038 2143 2196 2199 stola:
2229 2147 2603 2215 auctoritate;
2636 2150 2789 2219 quod
2814 2152 2985 2219 addo,
3019 2151 3159 2223 quia
3175 2150 3555 2222 quantumvis
3588 2150 3697 2204 Ba-

2038 2233 2240 2288 ronius
2272 2234 2738 2293 sinceramillam
2760 2255 2887 2294 esse
2910 2241 3137 2310 judicet
3163 2241 3223 2295 in
3256 2240 3587 2295 Annalibus
3620 2240 3692 2294 ad

2039 2340 2259 2377 annum
2317 2326 2437 2393 166,
2472 2326 2529 2380 id
2576 2332 2773 2383 tamen
2818 2329 2915 2383 alii
2965 2330 3203 2400 quidam
3244 2346 3358 2384 non
3417 2330 3693 2400 probant,

2040 2418 2188 2469 teste
2248 2414 2474 2471 Labbeo
2521 2423 2719 2473 nostro
2770 2420 2962 2473 tom.[
2995 2419 3370 2475 Conciliorum
3400 2417 3511 2473 col.
3543 2419 3692 2485 576;

2041 2504 2449 2561 Tillemontius
2482 2508 2922 2579 supposititiam
2967 2525 3096 2565 esse
3128 2508 3330 2563 multis
3362 2508 3695 2563 rationibus

2043 2600 2288 2651 conatur
2318 2598 2624 2651 ostendere
2665 2598 2902 2654 Monum.
2950 2600 3078 2653 eccl.
3133 2602 3252 2653 tom
3312 2596 3377 2663 Il,
3411 2601 3550 2651 nota
3582 2597 3696 2651 Ain

2042 2692 2099 2742 S.
2135 2688 2300 2742 Pium
2328 2713 2341 2754 ;
2374 2691 2431 2742 et
2464 2691 2527 2741 ut
2555 2685 2701 2743 alios
2733 2687 2929 2759 plures
2958 2688 3250 2757 omittam,
3282 2688 3434 2742 inter
3463 2685 3698 2741 adulte-

2044 2777 2204 2833 rinas
2233 2776 2582 2832 Pontiﬁcum
2611 2777 3007 2832 Romanorum
3025 2776 3304 2849 epistolas
3336 2792 3466 2831 eam
3497 2774 3702 2830 retulit

2046 2881 2234 2937 nuper
2290 2868 2496 2920 Petrus
2540 2865 2824 2920 Coustant
2861 2865 2923 2921 in
2957 2865 3275 2937 appendice
3304 2865 3376 2920 ad
3408 2868 3642 2919 tomum
3676 2867 3700 2915 Ι

2045 2954 2440 3028 Epistolarum
2490 2954 2889 3010 Romanorum
2950 2954 3297 3010 Pontiﬁcum
3354 2953 3467 3009 col.
3519 2954 3585 3007 18
3642 2957 3702 3007 et

2049 3044 2344 3118 sequenti.

1548 3258 2019 3320 SANG’I‘ARUM
2062 3255 2456 3319 VIRGINUM

863 3393 1947 3527 PUDENTIAN/E

2038 3396 2241 3524 ET
2334 3391 3139 3524 PBAXEDIS

760 3768 1348 3866 AUCTORE
1422 3774 1512 3867 S.
1577 3609 1944 3867 PAS’IéC‘

2216 3769 2799 3865 OCULATO
2869 3767 3261 3863 TESTE

1432 3926 1587 3993 (Acta
1615 3926 1710 3979 SS.
1744 3925 1908 3993 Boll.,
1942 3923 2101 3992 Maii,
2134 3927 2179 3976 t.
2212 3922 2307 3990 IV,
2340 3939 2399 3993 p.
2432 3922 2583 3993 299.)

324 4046 368 4098 ί.
420 4044 622 4100 Pastor
677 4045 979 4117 presbyter
1028 4048 1332 4104 Timotheo
1404 4049 1735 4123 presbytero
1795 4049 1951 4105 salu-
1985 4050 2028 4117 C
2065 4048 2320 4117 tem(90),
2354 4046 2803 4115 Pudens,frater
2832 4049 3032 4103 noster
3059 4050 3117 4101 et
3147 4044 3372 4102 amicus
3413 4045 3551 4114 (91),
3582 4059 3728 4115 apo-

387 4151 499 4222 (90)
556 4150 780 4227 In__aliis
810 4152 1066 4227 antiquis
1097 4170 1240 4210 mss.
1286 4158 1344 4209 et
1374 4157 1526 4227 apud
1557 4156 1959 4212 Mombritium

317 4224 427 4279 hoc
453 4223 753 4279 exordium
787 4223 1121 4299 collocatur
1150 4242 1164 4279 :
1204 4248 1231 4299 cf
1288 4223 1651 4299 Omniaquze
1683 4246 1715 4282 a
1745 4227 1961 4283 sanctis

316 4299 482 4368 gesta
517 4300 661 4369 sunt
714 4294 801 4351 vel
827 4302 1155 4369 geruntur,
1189 4298 1238 4353 si
1271 4299 1402 4369 quis
1431 4294 1679 4354 voluerit
1706 4299 1965 4355 studiose

316 4367 682 4438 conquirere,
714 4372 771 4422 et
791 4367 972 4422 sibiet
1001 4368 1272 4438 plurimis
1285 4367 1682 4427 isdiﬁcationis
1731 4371 1967 4427 exhibet

316 4440 573 4494 fructum
606 4456 619 4495 :
648 4443 707 4495 et
734 4440 903 4510 quasi
934 4440 1105 4495 arbor
1134 4441 1429 4497 fructifera
1458 4460 1574 4498 non
1601 4443 1727 4498 sine
1792 4459 1969 4498 causa

314 4510 911 4585 probaturoccupare
966 4515 1178 4567 terram
1213 4514 1352 4567 dum
1386 4514 1546 4585 vivit,
1579 4531 1711 4570 cum
1757 4520 1814 4569 et
1843 4515 1968 4585 ipse

316 4582 440 4639 suis
472 4582 662 4656 pomis
686 4586 953 4656 ornatur,
976 4585 1254 4656 etgomnis
1274 4586 1373 4656 qui
1404 4582 1549 4641 exeo
1564 4586 1816 4641 fructum
1839 4582 1968 4656 per-

319 4655 536 4725 ceperit
575 4654 899 4728 saginatur.
934 4654 1377 4728 Scribimus,‘ut
1406 4658 1465 4710 in
1497 4659 1678 4728 gestis
1750 4654 1972 4711 inveni-

319 4726 649 4799 mus,_qu4id
682 4727 924 4799 egerint,
959 4726 1095 4797 quid
1131 4726 1306 4782 locuti
1340 4729 1478 4795 sint,
1502 4726 1641 4797 quid
1666 4728 1821 4799 passi
1854 4728 1973 4783 sint

318 4797 526 4870 sancti.
562 4796 861 4853 Ostendite
884 4796 991 4870 vos
1048 4814 1176 4853 esse
1233 4796 1570 4870 catholicos,
1629 4796 1725 4869 qui
1758 4800 1971 4854 Christi

315 4868 589 4969 victorias
620 4884 852 4969 semper
881 4868 1130 4969 libeutqr
1169 4872 1423 4969 alpditiis,
1450 4877 1505 4969 e‘t
1536 4868 1827 4943 interrogo
1846 4888 1969 4969 vinos,

319 4956 467 5022 quas
524 4942 719 5022 tamen
752 4942 848 5011 [an
878 4956 1050 5022 quare
1081 4944 1314 5022 tandem
1334 4945 1379 5012 ?]
1411 4944 1562 4997 inter
1610 4942 1970 5022 apocryphas

320 5009 549 5085 litteras
572 5009 693 5085 haec
724 5009 982 5067 vocando
1015 5014 1286 5081 censetis,
1310 5009 1413 5085 per
1438 5031 1585 5085 quas
1602 5014 1633 5085 ν(
1650 5009 1932 5070 lauda—tur
1956 5014 1972 5084 )

320 5083 576 5157 Pudens,
618 5082 795 5137 frate‘r
824 5090 1022 5138 noster
1050 5088 1108 5140 et
1138 5082 1362 5141 amicus
1393 5082 1810 5157 aphstolOrum,
1835 5082 1975 5157 quia

320 5155 583 5227 cultoret
604 5160 906 5227 susceptor
917 5164 1250 5210 sanctorum
1269 5155 1705 5227 peregrinorum
1739 5155 1975 5212 summa

322 5225 644 5301 ambitione
665 5226 803 5301 fuit.
838 5226 946 5289 Qui
978 5225 1310 5297 contempto
1330 5225 1548 5301 mundo
1571 5234 1627 5284 et
1665 5234 1973 5301 parentum

322 5296 622 5370 facultate,
656 5296 886 5353 Christo
918 5313 1147 5369 semper
1176 5296 1436 5370 paratus,
1462 5300 1518 5353 in
1552 5296 1827 5355 omnibus
1856 5301 1974 5356 Do—

322 5369 467 5442 mini
500 5370 824 5442 praeceptis,
860 5391 888 5418 ››
929 5373 1062 5436 etc.,
1098 5374 1162 5423 ut
1181 5369 1386 5442 supra.
1438 5375 1557 5425 Hoc
1581 5376 1776 5426 autem
1809 5389 1974 5427 exor-

2068 4153 2231 4210 Pauli
2242 4159 2317 4219 ,et
2336 4154 2474 4209 hinc
2489 4153 2833 4209 existentem
2846 4152 3417 4225 parachronismum.
3431 4149 3731 4225 Aringhus

2069 4231 2255 4283 Romae
2282 4227 2655 4282 subterraneae
2696 4226 2796 4280 lib.
2838 4221 2915 4293 fv,
2947 4241 3072 4296 cap.
3103 4226 3193 4289 27,
3227 4222 3344 4280 alia
3371 4240 3519 4279 mss.
3566 4221 3733 4296 Vati-

2073 4315 2217 4353 cana
2275 4298 2505 4369 allegat,
2565 4299 2674 4353 sub
2707 4296 2967 4353 numeris
2994 4294 3034 4350 li
3078 4301 3136 4350 et
3166 4296 3221 4363 9,
3268 4312 3523 4420 quorum
3564 4294 3732 4348 initio

2075 4369 3046 4420 agiturdeAntoninoimperatore:
3075 4371 3133 4420 et
3154 4368 3263 4420 sub
3310 4367 3431 4420 itur
3452 4384 3465 4420 :
3486 4390 3513 4415 ‹‹
3540 4366 3732 4420 Huius

2075 4371 2351 4443 agiturde
2365 4366 3046 4443 A'ntoninoimperatore;
3075 4371 3133 4421 et
3154 4366 3431 4443 subditur
3452 4384 3513 4443 εδ(
3540 4366 3732 4443 H_ujus

2076 4438 2440 4512 tamporibus
2460 4442 2546 4494 vir
2577 4442 2686 4495 fuit
2722 4438 2781 4494 in
2814 4441 2957 4495 urbe
2979 4438 3434 4512 Roma,nomine
3469 4438 3733 4501 Pudens,

2077 4510 2287 4585 genere
2302 4512 2531 4585 nobilis,
2552 4513 2722 4583 cujus
2736 4511 3223 4585 patervocabatur
3239 4510 3517 4585 Punicus,
3546 4513 3737 4563 mater

2078 4582 2273 4640 autem
2300 4584 2600 4651 Priscilla;
2628 4582 2885 4655 quorum
2925 4582 3162 4655 quidem
3188 4582 3435 4655 arbitrio
3485 4582 3737 4636 duxerat

2079 4652 2701 4728 conjugemhnomin'e
2745 4652 3119 4728 Sabinellam,
3182 4652 3518 4728 illustribus
3576 4668 3739 4728 aeque

2079 4724 2609 4791 ortam'natalibus,
2668 4728 2738 4781 de
2769 4744 2885 4797 qua
2914 4725 3348 4797 duassuscepit
3377 4724 3554 4797 filias,
3596 4724 3739 4795 pul-

2078 4800 2248 4855 cbras
2279 4800 2491 4871 specie,
2539 4800 2640 4871 sed
2690 4796 2956 4871 moribus
2985 4796 3420 4871 pulchriores.»
3469 4796 3603 4851 Hac
3635 4813 3740 4871 au-

2079 4878 2196 4926 tem
2228 4866 2465 4942 genuini
2497 4870 2632 4942 styli
2654 4866 3086 4942 simplicitatem
3118 4884 3234 4942 non
3266 4868 3527 4939 sapiunt,
3557 4866 3742 4923 male-

2081 4959 2195 5014 que
2224 4939 2574 4997 tribuuntur
2596 4939 3371 5014 Pastori.Minus_alteratus
3399 4944 3599 5014 textus
3627 4944 3738 5001 est,

2082 5010 2360 5094 alteratus
2390 5019 2610 5094 tamen,
2645 5013 2704 5067 in
2733 5013 2929 5094 codice
2961 5012 3119 5077 1188,
3150 5012 3416 5094 ejusdem
3450 5010 3740 5094 Vaticana:

2081 5085 2447 5140 bibliothecae
2480 5086 2649 5156 cujus
2682 5083 3038 5156 ecgraphum
3070 5083 3241 5156 nobis
3298 5099 3404 5156 sua
3434 5099 3622 5156 manu
3640 5083 3742 5137 de-

2084 5157 2317 5228 scripsit
2340 5157 2409 5211 R.
2452 5155 2512 5209 Ρ.
2533 5153 2790 5211 Joannes
2816 5153 3163 5211 Franciscus
3182 5153 3457 5228 Fannius
3487 5154 3603 5209 hoc
3642 5170 3741 5228 ex-

2082 5225 2245 5283 ordio
2284 5244 2297 5283 :
2332 5251 2359 5278 «
2407 5228 2790 5283 Sanctissimo
2831 5243 2897 5282 ac
2926 5225 3241 5298 venerabili
3271 5225 3613 5298 presbytero
3636 5225 3741 5298 Ti-

2084 5299 2317 5355 motheo
2348 5299 2510 5354 fratri
2541 5305 2747 5355 Pastor
2775 5298 3094 5372 presbyter.
3127 5297 3363 5354 Noverit
3404 5297 3740 5372 fraternitas

2084 5376 2206 5443 tua,
2240 5372 2518 5443 quoniam
2549 5369 2975 5427 Pudens'frater
3004 5375 3205 5425 noster
3230 5374 3288 5443 et
3308 5369 3560 5435 amicus,
3603 5385 3741 5440 apo-

324 5440 486 5495 dium
504 5439 907 5519 videriposset
929 5446 1112 5508 aetate,
1138 5439 1351 5519 Gelasii
1375 5459 1537 5515 papas
1554 5444 1971 5519 concinnatum
2002 5454 2051 5519 D
2080 5439 2363 5498 stolor'um
2396 5444 2605 5519 cultor,
2623 5448 2694 5519 _et
2711 5446 3014 5519 susceptor
3032 5442 3473 5519 peregrinorum
3494 5445 3577 5519 _et_
3604 5439 3737 5495 con-

327 5512 561 5585 quando
592 5510 813 5567 multus
844 5513 1036 5567 Roma:
1069 5530 1260 5568 sermo
1287 5515 1357 5569 de
1376 5510 1721 5585 apocryphis
1753 5516 1971 5570 discer-

326 5581 559 5656 nendis,
573 5599 749 5656 causa
765 5588 917 5639 certe
939 5585 1287 5656 suppetebat
1307 5586 1376 5640 de
1390 5581 1481 5640 his
1507 5581 1654 5640 actis
1681 5586 1974 5641 dubitanti

327 5655 562 5725 propter
624 5653 903 5711 insertam
976 5653 1331 5713 mentionem
1399 5657 1793 5729 apostolorum
1825 5659 1970 5715 etB.

2081 5514 2592 5642 semptprpiundi,
2622 5516 2679 5571 in
2702 5511 2978 5571 omnibus
3010 5511 3314 5586 praeceptis
3342 5511 3576 5568 Domini
3609 5529 3737 5567 eru-

2122 5605 2140 5641 l
2172 5604 2241 5642 US
2296 5604 2349 5640 UI
2390 5628 2401 5640 .
2432 5608 2461 5636 »

2122 5604 2241 5642 ltus
2272 5604 2401 5641 IUIL.
2432 5608 2461 5636 »

2153 5656 2266 5731 (91)
2294 5658 2376 5716 lta
2404 5657 2642 5717 omnino
2693 5657 3102 5732 conjungenda
3136 5659 3259 5717 haec
3287 5660 3449 5730 puto,
3484 5677 3514 5710 α
3539 5656 3735 5714 Frater
