4014 6226
363 277 522 344 1023

1530 287 1927 352 APPENDIX
1968 291 2074 354 AD
2119 294 2183 357 S.
2229 294 2597 361 HERMAM.

3582 299 3712 363 1021

363 415 609 487 virginis
629 417 923 488 Praxedis,
948 422 1150 491 petens
1173 424 1238 475 ut
1265 421 1626 479 orationibus
1653 425 1776 480 suis
1816 425 2010 483 indul-
2039 430 2094 496 Α
2126 429 2185 484 in
2219 430 2460 486 arbitrio
2487 434 2590 486 tuo
2624 429 2700 486 sit
2715 435 2771 486 et
2788 434 3000 488 sancta
3030 429 3272 503 virginis
3317 431 3581 504 quidquid
3632 437 3713 492 de-

365 505 619 577 gentiam
645 511 964 562 mereretur
989 527 1001 576 ;
1019 510 1117 580 qui
1136 515 1193 565 et
1207 527 1308 566 vos
1331 513 1661 582 frequenter
1674 516 2010 572 beatissimo

368 595 465 649 Pio
497 594 869 666 episcopo,ad
895 597 1074 653 altare
1100 600 1332 656 Domini
1367 618 1690 673 accessure,
1715 622 2010 661 commen-

368 684 561 738 dabat.
585 686 808 740 Accidit
838 693 970 757 post
998 688 1118 744 haec
1148 694 1280 761 post
1309 708 1527 747 annum
1558 697 1610 748 et
1643 693 1764 748 dies
1807 695 2012 766 viginti

370 777 507 839 tres,
545 778 609 832 ut
638 775 983 848 aegritudine
1015 778 1286 834 detentus
1316 781 1591 851 Novatus,
1615 783 1827 839 absens
1859 790 2014 840 esset

367 879 401 917 a
430 867 744 934 conspectu
769 865 946 920 beatae
971 867 1211 939 virginis
1236 869 1528 926 Praxedis.
1551 871 1646 926 Pio
1672 874 1864 944 itaque
1896 875 2012 945 epi-

363 967 538 1022 scopo
570 952 862 1024 cogitante
891 955 962 1009 de
994 958 1268 1013 omnibus
1325 959 1673 1016 Christianis
1735 979 1848 1016 una
1878 980 2010 1018 cum

363 1040 588 1111 virgine
619 1041 892 1113 Praxede,
925 1046 1243 1116 requiritur
1280 1047 1432 1102 inter
1487 1066 1583 1104 eos
1617 1059 1668 1105 et
1718 1051 2007 1106 Novatus:

369 1129 439 1183 de
473 1145 587 1200 quo
620 1147 751 1186 cum
776 1134 1041 1189 auditum
1075 1136 1278 1192 fuisset
1319 1139 1457 1209 quia
1498 1139 2009 1210 mgritudinedeti-

369 1223 626 1287 neretur,
663 1223 990 1278 contristati
1023 1242 1230 1281 sumus
1255 1244 1477 1282 omnes.

450 1321 504 1372 6.
535 1312 852 1368 Tuncdicit
874 1315 933 1368 B.
958 1314 1229 1370 Praxedis
1250 1318 1319 1371 ad
1352 1323 1574 1387 patrem
1600 1323 1865 1374 nostrum
1885 1336 2014 1374 san-

370 1409 528 1459 ctum
559 1404 728 1459 Pium
747 1404 1085 1476 episcopum
1117 1422 1180 1460 :«
1207 1407 1710 1463 Jubeatsanctitas
1739 1415 1930 1464 vestra
1951 1412 2016 1464 ut

370 1511 571 1548 eamus
606 1495 673 1548 ad
717 1511 875 1560 eum,
908 1495 955 1548 si
991 1495 1132 1550 forte
1181 1496 1508 1552 visitatione
1566 1502 1767 1553 nostra
1798 1503 1853 1552 et
1885 1514 2013 1553 ora-

367 1583 626 1638 tionibus
657 1584 864 1638 vestris
893 1583 1073 1638 salvet
1101 1601 1232 1640 eum
1266 1586 1566 1641 Dominus.
1594 1587 1753 1650 Quod
1793 1587 2013 1642 dictum

370 1687 506 1727 cum
521 1673 1120 1742 placuissetomnibus
1133 1675 1562 1744 nobis,etnocte
1574 1681 1879 1748 surgentes
1894 1694 2017 1748 per-

372 1767 729 1824 rexissemus
743 1766 810 1820 ad
825 1781 958 1820 eum
977 1765 1409 1831 ;vidensvirDei
1425 1765 1680 1821 Novatus
1695 1784 1799 1820 nos
1813 1783 2014 1822 omnes

368 1860 749 1929 congregatos
778 1855 849 1909 ad
882 1870 943 1909 se
971 1854 1219 1920 venisse,
1254 1853 1470 1926 gratias
1501 1871 1670 1926 agere
1700 1855 1870 1927 ccepit
1905 1858 2014 1912 Deo

374 1949 511 2021 quia
544 1945 756 2001 meruit
787 1949 1038 2000 asancto
1079 1945 1180 1999 Pio
1242 1944 1535 2016 episcopo,
1567 1950 1620 2000 et
1657 1946 1881 2017 virgine
1906 1951 2013 2000 Do-

376 2038 520 2093 mini
553 2054 670 2092 una
699 2052 830 2090 cum
866 2039 1064 2089 nostra
1096 2034 1395 2089 devotione
1413 2034 1660 2091 visitari.
1695 2040 1760 2089 Et
1793 2036 2014 2090 fuimus

372 2130 431 2184 in
465 2129 635 2183 domo
668 2126 794 2195 ejus
825 2124 1035 2179 diebus
1069 2141 1134 2178 ac
1176 2125 1447 2179 noctibus
1480 2129 1630 2180 octo.
1676 2125 1738 2180 In
1797 2125 2014 2197 quibus

369 2219 577 2274 diebus
610 2215 824 2287 placuit
855 2214 926 2281 ei,
961 2219 1025 2269 ut
1057 2214 1223 2268 nobis
1254 2231 1319 2269 ac
1351 2215 1528 2270 beatae
1548 2215 1759 2287 virgini
1782 2231 2014 2271 omnem

370 2306 766 2362 substantiam
799 2320 967 2359 suam
999 2302 1448 2374 derelinqueret.
1472 2303 1588 2359 Hoc
1612 2304 1694 2359 ita
1723 2305 2013 2372 ordinato,

368 2396 537 2452 tertio
569 2395 794 2449 decimo
835 2393 928 2448 die
984 2393 1259 2465 migravit
1288 2393 1358 2447 ad
1419 2395 1752 2449 Dominum.
1789 2394 1867 2449 De
1899 2411 2014 2465 quo

375 2485 524 2541 facto
556 2483 778 2538 litteras
808 2483 987 2552 hujus
1020 2486 1211 2536 textus
1269 2483 1339 2536 ad
1391 2498 1492 2536 vos
1523 2481 1866 2550 direximus,
1898 2501 2016 2538 una

375 2592 506 2631 cum
541 2573 884 2628 auctoritate
915 2572 1065 2627 beati
1098 2571 1180 2624 Pii
1215 2570 1370 2626 sedis
1405 2570 1733 2642 apostolicae
1756 2572 2014 2644 episcopi

376 2669 432 2720 et
459 2663 700 2735 virginis
730 2661 944 2716 Christi
978 2661 1288 2728 Praxedis;
1323 2665 1386 2716 ut
1417 2663 1568 2732 quod
1601 2662 1764 2717 vobis
1797 2661 2016 2733 placuit

373 2754 444 2808 de
473 2750 803 2807 substantia
822 2751 1085 2823 germani
1108 2751 1282 2805 vestri
1302 2767 1407 2806 nos
1427 2750 1652 2805 faciatis
1672 2751 1819 2807 scire
1839 2769 1851 2806 :
1869 2768 2015 2820 qua-

371 2847 543 2898 tenus
558 2839 846 2895 ordinatio
862 2843 1054 2895 vestra
1075 2840 1133 2894 in
1151 2840 1425 2894 omnibus
1439 2839 1820 2895 custodiatur.
1835 2840 2017 2896 Missa

378 2949 479 3003 per
509 2929 824 2985 Eusebium
850 2930 1122 2984 Romanis
1150 2929 1412 2985 Ecclesiae
1436 2929 1860 2986 subdiaconum
1880 2931 2012 3002 (98).

729 3021 1010 3090 Rescripta
1044 3020 1305 3075 Timothei
1329 3019 1658 3090 presbyteri.

443 3112 496 3167 7.
533 3133 559 3160 ‹‹
594 3109 939 3165 Timotheus
994 3109 1293 3181 presbyter
1339 3112 1540 3164 sancto
1571 3107 1736 3162 fratri
1796 3109 2011 3164 Pastori

2122 519 2389 591 reliquit;
2426 525 2482 576 et
2511 521 2834 576 secundum
2883 522 3032 593 quod
3094 520 3255 576 vobis
3310 521 3574 592 placuerit
3618 525 3715 581 dis-

2121 626 2365 681 pensare
2391 626 2476 678 ea,
2502 614 2847 682 potestatem
2878 610 3164 666 habeatis.
3197 633 3218 658 ι

2191 699 2307 754 Hac
2337 700 2584 771 epistola
2620 699 2832 772 gaudio
2864 700 3064 771 repleti
3125 716 3328 754 sumus
3363 717 3374 756 :
3407 706 3461 756 et
3511 704 3716 759 tradidi.

2123 805 2255 844 mus
2283 805 2410 844 eam
2442 789 2746 861 legendam
2781 793 2982 844 sancto
3032 789 3129 843 Pio
3166 788 3453 862 episcopo.
3504 791 3613 854 Qua
3639 794 3715 850 ille

2123 883 2273 940 lecta
2302 886 2521 957 gratias
2541 885 2660 957 egit
2691 888 2824 942 Deo.

2190 975 2243 1029 8.
2278 976 2492 1030 Eodem
2519 980 2776 1047 tempore
2807 975 2964 1047 virgo
2981 975 3212 1030 Domini
3237 977 3502 1033 Praxedis
3521 985 3718 1051 accepta

2124 1068 2408 1135 potestate
2438 1065 2663 1136 rogavit
2701 1066 2936 1120 beatum
2961 1065 3123 1120 Pium
3143 1066 3563 1137 episcopum,ut
3588 1069 3718 1124 ther-

2129 1169 2254 1207 mas
2286 1153 2646 1225 Novati,quae
2669 1155 2794 1224 jam
2826 1158 2968 1209 tunc
2998 1154 3058 1208 in
3091 1171 3203 1210 usu
3236 1172 3349 1210 non
3381 1161 3552 1227 erant,
3575 1158 3718 1214 eccle-

2124 1241 2272 1297 siam
2293 1247 2690 1309 consecraret;
2713 1243 2850 1314 quia
2867 1243 3178 1298 aedificium
3197 1260 3470 1316 magnum
3486 1245 3537 1299 in
3551 1247 3719 1302 iisdem

2122 1335 2178 1385 et
2209 1331 2530 1401 spatiosum
2562 1348 2688 1386 esse
2717 1332 3047 1387 videbatur.
3074 1333 3234 1397 Quod
3254 1339 3312 1388 et
3336 1333 3543 1404 placuit
3559 1345 3720 1393 sancto

2123 1419 2223 1474 Pio
2255 1420 2546 1490 episcopo,
2582 1420 2956 1491 thermasque
2986 1421 3190 1476 Novati
3242 1422 3523 1477 dedicavit
3573 1425 3720 1479 eccle-

2125 1508 2293 1575 siam,
2329 1510 2440 1563 sub
2466 1509 2700 1564 nomine
2731 1510 2910 1564 beataa
2931 1510 3173 1581 virginis
3203 1511 3546 1565 Potentianm
3567 1513 3658 1584 (99)
3677 1515 3720 1568 in

2123 1597 2246 1652 vico
2282 1597 2588 1653 Patricius.
2627 1597 2927 1653 Dedicavit
2983 1603 3177 1653 autem
3210 1604 3266 1654 et
3298 1599 3468 1654 aliam
3500 1602 3597 1655 sub
3639 1618 3720 1656 no-

2127 1687 2285 1741 mine
2307 1692 2520 1742 sanctaa
2550 1687 2794 1760 virginis
2843 1687 3138 1759 Praxedis)
3188 1688 3341 1743 intra
3398 1690 3585 1745 urbem
3637 1691 3721 1746 Ro-

2127 1792 2306 1840 mam,
2338 1776 2397 1831 in
2427 1777 2551 1832 vico
2583 1779 2683 1847 qui
2738 1775 3064 1848 appellatur
3113 1778 3447 1847 Lateranus,
3485 1779 3571 1832 ubi
3620 1796 3722 1834 con-

2123 1864 2314 1920 stituit
2329 1869 2386 1920 et
2405 1865 2989 1938 titulumiﬁomanum
3017 1887 3028 1936 ς
3053 1867 3111 1920 in
3136 1883 3249 1937 quo
3273 1866 3398 1922 loco
3415 1869 3722 1924 consecravit

2123 1955 2530 2026 baptisterium
2561 1956 2670 2010 sub
2701 1955 2794 2010 die
2827 1973 2882 2009 IV
2904 1955 3039 2009 Idus
3063 1956 3220 2011 Maii.
3248 1960 3392 2011 Post
3415 1958 3550 2011 duos
3570 1974 3717 2012 annos

2125 2044 2274 2099 facta
2303 2043 2627 2115 persecutio
2677 2059 2892 2115 magna
2948 2043 3535 2099 Christianorumzet
3581 2045 3717 2099 multi

2126 2132 2402 2204 martyrio
2435 2133 2692 2187 coronati
2719 2137 2877 2186 sunt.
2903 2133 3024 2196 Quo
3055 2137 3318 2204 tempore
3349 2133 3504 2205 virgo
3530 2134 3720 2188 Domini

2127 2221 2397 2277 Praxedis
2428 2221 2646 2276 multos
2675 2220 3046 2276 Christianos
3087 2221 3419 2277 occultabat
3447 2223 3502 2276 in
3533 2223 3723 2291 praefato

2124 2311 2321 2378 titulo,
2355 2327 2502 2382 quos
2527 2315 2582 2365 et
2609 2309 2735 2364 cibo
2760 2311 3037 2382 pascebat
3058 2315 3113 2365 et
3148 2310 3241 2365 Dei
3265 2311 3457 2365 verbo.
3487 2312 3630 2365 Tunc
3657 2312 3722 2363 di-

2123 2401 2428 2471 vulgatum
2460 2404 2550 2455 est
2580 2399 2867 2454 Antonino
2898 2400 3042 2469 (100)
3076 2398 3434 2470 imperatori,
3461 2399 3596 2468 quod
3616 2415 3720 2453 con-

2123 2493 2334 2543 ventus
2391 2488 2597 2543 tierent
2644 2485 3196 2541 Christianorumin
3237 2486 3416 2542 titulo
3476 2488 3723 2542 Praxedis.

2126 2577 2397 2646 Misitque
2427 2577 2626 2632 statim
2645 2581 2700 2630 et
2727 2575 2916 2630 tenuit
2931 2576 3150 2630 multos
3167 2592 3236 2630 ex
3254 2575 3373 2632 illis
3396 2594 3410 2643 ;
3441 2576 3583 2630 inter
3609 2591 3722 2646 quos

2123 2665 2658 2721 tenuitSimetrium
2684 2665 3090 2736 presbyterum
3105 2681 3237 2718 cum
3263 2663 3397 2720 aliis
3411 2664 3598 2735 viginti
3614 2664 3724 2718 duo-

2125 2757 2235 2810 bus
2261 2773 2273 2823 ;
2307 2760 2364 2810 et
2393 2771 2491 2811 eos
2523 2755 2650 2810 sine
2681 2752 2980 2810 audientia
3010 2752 3204 2825 gladio
3237 2753 3432 2825 puniri
3476 2753 3723 2824 praecepit.

2124 2846 2381 2909 Quorum
2415 2859 2654 2915 corpora
2685 2847 2858 2898 noctu
2890 2843 3059 2898 beata
3090 2842 3364 2898 Praxedis
3414 2841 3643 2914 collegit,
3684 2845 3724 2894 et

2123 2934 2183 2988 in
2215 2933 2542 2989 cosmeterio
2572 2933 2849 2988 Priscillae
2883 2933 2995 2988 sub
3038 2933 3129 2988 die
3161 2949 3234 2988 vu
3295 2932 3571 2987 Kalendas
3596 2928 3724 2985 Junii

2125 3022 2388 3094 sepelivit
2416 3024 2514 3093 (1).
2551 3022 2765 3078 Deinde
2797 3022 2957 3094 virgo
2989 3021 3241 3091 Domini,
3276 3022 3460 3076 nimia
3513 3017 3724 3091 corporis

2131 3112 2445 3168 afﬂictione
2475 3112 2808 3178 constricta,
2841 3127 2974 3165 cum
3007 3110 3231 3166 intimis
3256 3110 3528 3183 suspiriis
3551 3110 3613 3163 ad
3640 3107 3725 3162 Do-

379 3201 800 3273 presbytero,et
821 3198 1209 3253 sanctissimae
1239 3198 1420 3253 sorori
1439 3197 1763 3269 Praxedi,in
1778 3197 2019 3254 Domino
2049 3171 2092 3239 Ο
2133 3203 2362 3256 minum
2388 3201 2761 3273 ingemuit,et
2788 3205 2855 3255 ut
2882 3217 2950 3255 ex
2975 3199 3085 3256 hoc
3104 3199 3328 3255 mundo
3357 3199 3535 3254 tutius
3555 3195 3727 3253 auferri

377 3290 629 3346 salutem
663 3287 1034 3343 Famulatum
1066 3287 1230 3343 vobis
1261 3288 1596 3359 ubicunque
1628 3288 1814 3342 nostri
1863 3286 2022 3342 indi-

375 3379 622 3453 gueritis
652 3376 1042 3432 libentissime
1065 3377 1423 3442 exhibentes,
1447 3393 1686 3431 oramus
1746 3375 2019 3432 sanctita-

373 3475 491 3526 tem
519 3472 793 3534 vestram,
820 3470 885 3521 ut
913 3472 969 3522 et
990 3484 1096 3523 nos
1113 3467 1367 3522 humiles
1390 3467 1801 3522 commendare
1818 3466 2020 3536 digne-

376 3559 521 3614 mini
556 3558 854 3613 memoriaa
884 3561 1220 3613 sanctorum
1256 3555 1678 3628 apostolorum,
1701 3559 2021 3626 sanctoque

378 3648 479 3703 Pio
502 3648 657 3702 sedis
690 3647 1020 3718 apostolica
1052 3646 1310 3717 praesuli,
1370 3649 1426 3700 et
1454 3646 1729 3701 omnibus
1780 3643 2019 3700 sanctis.

375 3738 493 3809 Ego
524 3737 766 3792 humilis
797 3737 1010 3808 gaudio
1067 3735 1322 3807 repletus
1353 3751 1484 3791 sum
1515 3751 1748 3805 magno,
1781 3733 2024 3789 audiens

379 3827 517 3898 quid
551 3826 695 3882 mihi
728 3826 981 3881 scribere
1012 3825 1232 3897 dignati
1265 3825 1425 3881 estis.
1451 3826 1614 3879 Unde
1633 3825 1853 3879 noverit
1884 3840 2023 3878 san-

380 3916 551 3971 ctitas
595 3919 806 3978 vestra,
850 3931 1039 3970 meam
1068 3915 1126 3969 in
1159 3914 1268 3969 hac
1299 3931 1360 3970 re
1393 3930 1494 3985 pro
1527 3931 1643 3984 qua
1703 3912 2023 3984 scripsistis

380 4006 630 4059 votivam
658 4020 786 4059 esse
817 4003 1264 4059 conscientiam:
1300 4007 1355 4058 et
1385 4002 1537 4074 quod
1578 4018 1856 4074 germano
1897 4017 2024 4056 meo

381 4092 621 4164 placuit,
655 4091 847 4163 placet
875 4096 931 4147 et
961 4091 1129 4147 nobis
1160 4090 1648 4158 famulisvestris;
1680 4090 1787 4145 hoc
1819 4095 1928 4158 est,
1963 4095 2027 4145 ut

453 4253 564 4326 (98)
596 4256 887 4309 Hactenus
919 4252 1164 4326 epistola
1194 4253 1448 4326 Pastoris
1492 4253 1563 4326 ad
1603 4253 1977 4326 Timotheum
2012 4271 2024 4309 ε

383 4343 510 4399 quae
541 4329 869 4399 sequuntur
897 4325 1106 4399 deinde
1152 4325 1276 4399 ipse
1305 4325 1480 4380 etiam
1511 4325 1714 4381 Pastor
1743 4325 1813 4380 ad
1837 4329 2028 4396 poste-

383 4397 581 4452 rorum
615 4397 956 4452 memoriam
989 4397 1272 4468 adjunxit.

456 4470 567 4541 (99)
605 4469 750 4541 Alia
774 4485 917 4524 mss.
975 4466 1246 4524 Praxedi:
1278 4486 1296 4522 :
1329 4469 1431 4523 sed
1482 4471 1791 4538 utramque
1840 4466 2029 4523 nomi-

383 4539 638 4596 nandam
674 4539 855 4596 fuisse
877 4541 1005 4611 jam
1035 4541 1362 4595 docuimus.

457 4613 602 4683 (100)
634 4612 994 4667 Antoninum
1026 4611 1118 4667 his
1176 4610 1561 4683 intelligimus
1588 4629 1601 4666 :
1624 4610 1897 4665 eumdem
1931 4610 2031 4681 qui

385 4701 564 4756 supra
593 4685 781 4750 Pium,
817 4701 930 4739 non
961 4701 1093 4740 vero
1117 4685 1253 4756 ejus
1284 4683 1470 4756 ﬁlium
1529 4683 1785 4756 Marcum
1843 4688 2026 4736 Aure-

381 4754 528 4810 liu'm
553 4756 1042 4826 Antoninum(qui
1077 4755 1147 4810 ab
1180 4756 1426 4810 Eusebio
1453 4755 1511 4808 in
1544 4754 1824 4826 Chronico
1858 4757 1913 4807 et
1929 4770 2030 4808 an-

380 4827 545 4898 tiquo
576 4827 846 4899 Catalogo
888 4825 1184 4898 pontificio
1216 4826 1276 4880 in
1334 4826 1666 4899 Eleutherio
1699 4825 1875 4880 etiam
1916 4826 2029 4878 An-

382 4899 624 4953 toninus
656 4898 1000 4968 simpliciter
1024 4904 1284 4966 vocatur,
1305 4903 1360 4952 et
1379 4898 1488 4952 sub
1513 4915 1626 4970 quo
1650 4913 1882 4970 gravem
1907 4911 2033 4970 per:

385 4970 745 5025 secutionem
771 4966 991 5024 motam
1022 4985 1149 5025 esse
1171 4973 1400 5024 constat
1421 4966 1572 5024 anno
1596 4966 1721 5039 ejus
1749 4970 1804 5036 7,
1820 4966 2031 5023 Christi

384 5043 621 5113 (168),et
649 5041 757 5096 hoc
790 5042 927 5113 quia
959 5041 1180 5096 nullam
1215 5042 1426 5095 mutati
1459 5041 1692 5112 imperii
1721 5039 1808 5094 vel
1840 5039 2030 5113 ponti-

384 5110 591 5168 ficatus
625 5110 983 5168 mentionem
1016 5114 1152 5168 facit
1183 5117 1430 5179 Pastor;
1474 5110 1628 5184 quod
1685 5115 1879 5166 tamen
1939 5110 2033 5165 hic

386 5185 549 5240 locus
579 5185 887 5257 exegisset,
913 5184 960 5239 si
988 5185 1454 5257 postfutriusque
1476 5184 1859 5239 mutationem
1877 5187 2035 5237 mota

383 5256 643 5331 primum
668 5256 821 5313 esset
851 5256 1198 5328 persecutio,
1230 5257 1301 5312 de
1333 5272 1448 5329 qua
1469 5272 1659 5312 sermo
1691 5259 1799 5311 est.

2129 3295 2475 3359 mereretur,
2505 3290 2708 3346 oravit.
2743 3290 2924 3360 Cujus
2955 3289 3249 3345 orationes
3280 3294 3341 3345 et
3361 3289 3608 3361 lacrymzs
3627 3302 3728 3358 per-

2128 3384 2412 3436 venerunt
2434 3380 2505 3435 ad
2535 3378 2769 3436 cmlum.
2801 3379 2949 3434 Nam
2980 3382 3112 3450 post
3163 3378 3291 3434 dies
3349 3376 3729 3450 quinquaginta

2131 3470 2394 3542 quinque
2415 3470 2493 3541 (2)
2525 3468 2819 3541 passionis
2849 3468 3257 3540 praedictorum
3296 3472 3634 3531 sanctorum,
3660 3463 3729 3516 die

2130 3559 2398 3615 videlicet
2425 3575 2505 3614 xu
2541 3557 2831 3613 Kalendas
2859 3558 3132 3629 Augusti,
3166 3557 3441 3628 migravit
3461 3557 3526 3611 ad
3573 3552 3730 3609 Domi-

2134 3665 2300 3704 num.
2329 3648 2510 3718 Cujus
2541 3663 2756 3719 corpus
2785 3663 2890 3717 ego
2934 3647 3138 3701 Pastor
3189 3647 3489 3718 presbyter
3541 3639 3730 3714 sepelivi

2127 3740 2303 3809 juxta
2335 3742 2558 3809 patrem
2593 3737 2937 3802 Pudentem,
2967 3736 3060 3790 via
3087 3734 3330 3801 Salaria,
3364 3736 3423 3790 in
3454 3728 3730 3790 cmmeterio

2139 3826 2432 3890 Priscillaa,
2463 3827 2485 3850 ί
2508 3825 2616 3880 Ubi
2648 3826 2857 3880 florent
2885 3823 3176 3879 orationes
3233 3840 3436 3879 eorum
3467 3824 3537 3893 (3)
3565 3823 3730 3891 (usque

2138 3915 2331 3986 hodie)
2361 3932 2374 3970 :
2406 3918 2722 3987 praestante
2752 3912 2999 3969 Domino
3030 3917 3230 3968 nostro
3257 3913 3398 3968 Jesu
3430 3905 3729 3975 Christo,cui

2135 4009 2225 4059 est
2243 4004 2430 4058 honor
2461 4007 2519 4057 et
2548 4002 2859 4074 imperium
2890 4017 2994 4072 per
3021 4004 3235 4056 aeterna
3273 3999 3486 4056 saecula
3536 3994 3730 4053 saculo-

2137 4110 2289 4149 rum.
2323 4095 2527 4148 Amen.

2209 4254 2283 4323 (1)
2317 4254 2378 4307 In
2416 4269 2559 4308 mss.
2589 4250 2870 4306 Romanis
2901 4251 3057 4323 apud
3078 4243 3407 4322 Aringhum
3429 4250 3510 4305 ita
3535 4246 3728 4323 legitur:

2142 4318 2458 4390 «Quorum
2522 4340 2763 4395 corpora
2821 4318 2995 4395 noctu
3027 4322 3090 4376 B.
3133 4318 3411 4395 Praxedis
3475 4318 3728 4395 colligens.

2140 4396 2491 4468 sanguinem
2521 4393 2754 4468 quoque
2785 4393 3049 4468 spongia,
3104 4410 3235 4468 quae
3253 4394 3545 4468 hactenus
3595 4393 3732 4452 extat,

2138 4469 2209 4523 de
2237 4465 2568 4539 pavimento
2627 4465 3301 4546 exhauriens,_sepelivit
3333 4466 3500 4546 juxta
3552 4467 3734 4546 patrem

2014 4609 2026 4621 _
2061 4545 2106 4610 D
2140 4532 2412 4621 suum‘ac
2445 4554 2708 4621 sororem
2736 4537 2795 4591 in
2823 4532 3151 4621 cmmeterio
3210 4532 3504 4618 Priscillae,
3539 4532 3634 4590 sub
3661 4532 3730 4587 die

2138 4628 2216 4666 vn
2250 4610 2534 4666 Kalendas
2575 4609 2818 4676 Junias;
2856 4633 2882 4659 υ
2918 4625 3031 4679 quo
3089 4608 3184 4664 die
3243 4607 3519 4664 memoria
3569 4617 3730 4661 eorum

2140 4682 2482 4738 celebratur.
3586 4747 3599 4750 Α
3629 4745 3643 4750 -
3657 4744 3673 4750 -
3707 4740 3729 4750 ..

2211 4755 2287 4825 (2)
2317 4753 2578 4808 Totidem
2601 4750 2852 4825 scilicet,
2903 4751 3026 4806 dies
3069 4753 3462 4825 numerantur
3487 4767 3518 4805 a
3543 4747 3608 4804 26
3629 4744 3733 4825 ltiaii

2140 4817 2224 4880 ad‘
2240 4817 2305 4879 2'1
2339 4825 2477 4880 Julii
2512 4843 2524 4891 ;
2558 4824 2806 4895 ideoque
2863 4821 3220 4878 correximus
3268 4838 3410 4878 mss.
3442 4822 3500 4876 in
3556 4817 3729 4891 quibus

2141 4895 2699 4970 solumlegebantur
2727 4895 2967 4970 triginta
2997 4898 3266 4970 quatuor.
3488 4967 3495 4970 _
3576 4959 3606 4970 υ
3669 4956 3679 4967 ,

2215 4971 2291 5040 (3)
2325 4970 2384 5024 Si
2410 4959 2565 5023 “tota
2622 4959 2887 5040 Clausuvla
2917 4966 2988 5021 ab
3011 4959 3188 5040 signo
3223 4971 3242 5040 ‘_
3273 4981 3387 5020 non
3418 4967 3503 5019 est
3543 4959 3733 5040 alterius

2143 5029 2419 5105 auctoris,
2468 5040 2625 5110 quod
2673 5038 2941 5110 suspicor
2975 5053 2988 5092 :
3021 5029 3279 5110 Pastoris
3322 5040 3624 5110 certeunon
3669 5029 3733 5083 est

2143 5112 2311 5182 illud,
2343 5135 2369 5161 «
2405 5105 2592 5182 usque
2619 5105 2810 5182 hodie,
2837 5131 2866 5160 »
2898 5108 3221 5182 longiorem
3260 5105 3528 5182 praeteriti
3555 5110 3732 5171 tempo-

2145 5185 2226 5239 ris
2246 5181 2738 5256 intercapedinem
2770 5181 3074 5238 denotans.
