4014 6226
305 492 3701 541 m

308 707 1509 964 TESTAMENTA
1644 703 3698 1088 ΧΙΙ-ΡΑΤΒΙᾹΙΕΟΗΑΒΗΜ.

1056 1219 1833 1357 VETEBUM
1945 1217 2955 1351 TESTIMONIA

810 1476 1119 1548 (GALLAND.
1147 1474 1411 1543 Veterum,
1442 1474 1676 1531 Patrum
1705 1470 2061 1540 Bibliotheca,
2093 1476 2137 1527 t.
2170 1472 2217 1540 Ι,
2249 1487 2305 1543 p.
2340 1470 2466 1538 241,
2500 1469 2754 1527 Vsnetiis
2786 1472 2947 1540 1763,
2980 1471 3202 1543 in-fol.)

2002 1643 2045 1697 Ι.

698 1746 976 1802 Omesnss
1026 1744 1216 1799 homil.
1248 1759 1318 1797 xv
1348 1743 1410 1798 in
1455 1744 1633 1799 Iosue.
1666 1744 1750 1798 Ex
1779 1740 1910 1797 edit.
1935 1741 2135 1796 novies.
2164 1741 2272 1794 BB.
2306 1740 2482 1795 Paris.
2516 1740 2672 1804 1733,
2703 1742 2833 1795 tom.
2866 1740 2934 1807 II,
2955 1754 3086 1810 pag.
3122 1740 3227 1795 433
3257 1741 3317 1797 C.

380 1865 489 1921 Sed
520 1867 578 1919 et
598 1863 658 1918 in
689 1862 885 1932 aliquo
914 1859 1167 1932 quodam
1197 1856 1415 1924 libello,
1449 1857 1551 1929 qui
1600 1856 1929 1932 appellatur
1986 1856 2404 1932 Testamentum_
2434 1855 2717 1932 duodecim
2764 1856 3243 1932 patriarcharum,
3276 1858 3576 1932 quamvis”
3600 1875 3713 1932 non

308 1938 592 1994 habeatur
620 1934 680 1988 in
711 1926 960 1999 Canens,
990 1930 1167 1985 talem
1198 1935 1393 1986 tamen
1415 1926 1730 2001 quemdam
1764 1943 2004 1984 sensum
2026 1928 2358 1983 invenimus
2389 1927 2561 1998 (quod
2596 1944 2697 1999 per
2728 1926 2995 1999 singulos
3028 1926 3335 1998 peccantes
3366 1929 3581 2002 singuli
3615 1931 3712 1985 Sa-

310 2016 458 2065 tanm
489 2004 737 2077 intelligi
767 2004 1035 2059 debeant.
1071 2003 1299 2058 Testam.
1336 2020 1372 2071 ι,
1406 2002 1594 2057 Ruben
1622 2017 1742 2072 cap.
1767 2002 1823 2055 3.

1982 2115 2049 2170 ΙΙ.

1379 2205 1705 2261 Pnocomus
1737 2205 2031 2261 Comment.
2066 2205 2125 2258 in
2153 2203 2357 2271 Genes.,
2393 2220 2514 2275 cap.
2543 2206 2632 2259 38.

386 2326 486 2382 llle
516 2325 744 2396 (ludas),
773 2340 950 2379 uxore
984 2322 1279 2396 defuncta,
1307 2322 1600 2396 quarebat
1648 2320 1927 2396 sobolem,
1984 2321 2082 2396 In_r
2105 2321 2479 2396 Testamento
2509 2320 2723 2396 (aiunt)
2755 2322 3149 2396 attestaturei
3189 2322 3363 2396 psus,
3398 2324 3553 2393 quod
3616 2323 3718 2396 diu

312 2416 441 2455 eam
467 2391 823 2525 (ζίόγηιένῗὲτ),
851 2410 987 2452 cum
1017 2393 1209 2450 adhuc
1230 2397 1384 2449 esset
1410 2393 1590 2465 virgo,
1612 2394 1796 2449 Judas
1822 2391 2093 2448 habuerit
2117 2409 2131 2450 :
2163 2391 2812 2463 luxitqueiniquitatem
2844 2394 2993 2463 ejus.
3033 2392 3157 2448 Vide
3186 2391 3505 2451 Testament.
3535 2394 3719 2465 ludar,

312 2486 473 2525 cavo.
594 2486 622 2525 ε
754 2511 765 2522 .

311 2486 473 2543 capp.
500 2486 566 2525 ru
594 2486 647 2526 et
680 2486 765 2524 ιι.

1991 2580 2085 2633 III.

320 2680 673 2732 Asas'rasms
726 2677 955 2729 Smarm
976 2670 1264 2739 Anagogit.
1323 2668 1707 2741 Contemplatt.
1768 2671 1827 2723 in
1883 2670 2252 2796 Hexggrgerlqn
2291 2668 2386 2723 lib.
2418 2685 2517 2737 vn,
2544 2684 2613 2724 ex
2642 2668 2772 2725 edit.
2803 2668 3066 2726 Biblioth.
3100 2671 3212 2725 PP.
3238 2671 3411 2743 Lugd.
3460 2679 3589 2728 tom.
3636 2674 3719 2743 IX,

1847 2756 1973 2796 nan.
2116 2783 2129 2796 .
2224 2782 2236 2795 .

1846 2756 1973 2812 pag.
2004 2756 2129 2808 suo,
2164 2756 2236 2796 υ.

389 2861 553 2943 Unde
585 2858 805 2943 Ηθρτωὶ
834 2875 903 2941 οξ
932 2856 1080 2943 libr‘o
1101 2856 1201 2938 qui
1232 2872 1349 2911 non
1379 2860 1469 2911 est
1499 2856 1766 2943 redactu‘s
1792 2855 1852 2909 in
1879 2856 2196 2943 Canonem,
2228 2854 2575 2943 quiquidem
2599 2856 2814 2943 dicitur
2835 2858 3229 2943 Testamentum
3238 2860 3701 2943 protoplas‘torum

318 2902 525 2989 dicunt
546 2930 995 3005 quadragesima
1023 2902 1477 3005 dieixingressum
1506 2943 1635 3005 esse
1656 2928 1843 3005 Adam
1876 2927 1935 2983 in
1968 2902 2417 3000 paradiso:siclit
2450 2928 2624 2983 etiam
2654 2929 2881 2985 videtur
2908 2930 3142 2986 cuidam
3173 2902 3611 2987 historieowdhro
3624 2902 3727 2986 no:

320 3005 546 3079 grapho
564 2999 891 3077 'Pyrrhoni,
926 3006 976 3057 et
1005 2999 1359 3072 quibusdam
1380 2999 1827 3072 expositoribus.

1660 3339 2401 3430 DISSERTATIO

924 3525 1012 3583 De
1036 3521 1197 3582 libro
1228 3520 1336 3601 qui
1369 3519 1454 3581 De
1483 3517 1783 3581 duodecim
1820 3515 2321 3580 Patriarcharum
2352 3518 2706 3580 testamentis
2747 3518 3127 3580 inscribitur.

1997 3698 2066 3709 -ο

1076 3816 1166 3885 (D.
1200 3812 1278 3871 Ls
1308 3829 1561 3882 NOURRY,
1614 3814 1928 3885 Apparatus
1979 3812 2049 3868 ad
2104 3811 2363 3867 Bibiioth.
2396 3829 2574 3883 mam,
2609 3817 2651 3868 t.
2677 3813 2720 3881 Ι,
2753 3830 2814 3885 p.
2845 3814 2996 3886 235.)

828 3966 1227 4022 ARTICUL‘US
1257 3966 1545 4023 PRIMUS.
2002 3990 2057 4047 Α
2086 3964 2562 4020 constantissime
2584 3970 2970 4035 perseverent.
2997 3966 3258 4037 Denique
3278 3983 3346 4023 ex
3366 3968 3515 4025 libro
3535 3971 3733 4028 Enoch

866 4083 1123 4155 Analym
1143 4082 1305 4154 hujus
1338 4081 1497 4137 libri.

402 4236 465 4291 In
486 4235 595 4291 hoc
623 4234 773 4291 libro
804 4233 1155 4290 exhibentur
1183 4231 1393 4288 ultima
1435 4232 1751 4289 duodecim
1789 4232 1978 4305 patri-

337 4324 671 4395 archarum,
704 4322 961 4379 ﬁliorum
990 4323 1193 4391 Jacob,
1226 4324 1420 4393 verba,
1448 4338 1572 4393 qua)
1603 4321 1983 4394 ipsijamjam

338 4412 607 4469 morituri
631 4412 703 4469 ad
736 4411 909 4480 filios,
936 4415 1105 4483 atque
1135 4427 1204 4466 ex
1232 4410 1451 4466 eisdem
1482 4409 1773 4481 nonnulli,
1804 4410 1983 4465 nimi-

335 4518 467 4557 rum
501 4501 705 4556 Ruben
737 4504 795 4557 et
824 4500 1044 4572 Joseph
1076 4500 1147 4555 ad
1180 4499 1388 4555 fratres
1419 4515 1647 4570 quoque
1675 4516 1815 4555 suos
1878 4498 2005 4555 ha-'

339 4589 541 4645 buisse
566 4589 861 4645 dicuntur.
894 4588 957 4643 In
988 4588 1082 4643 his
1112 4592 1309 4643 autem
1365 4587 1568 4642 Ruben
1600 4589 1789 4658 major
1818 4590 1984 4658 natu,

339 4678 606 4735 omnium
638 4678 865 4750 primus
896 4680 1315 4733 testamentum
1362 4692 1539 4731 suum
1563 4693 1597 4731 a
1626 4676 1989 4733 confessione

338 4768 569 4835 incesti,
599 4768 753 4839 quod
787 4767 915 4839 ipse
946 4783 1080 4822 cum
1113 4765 1270 4833 Bala,
1304 4765 1627 4821 concubina
1657 4766 1839 4839 patris
1896 4766 1989 4823 sui

334 4856 732 4925 commiserat,
764 4856 1007 4913 orditur.
1041 4856 1193 4911 Tum
1259 4854 1469 4910 deinde
1525 4856 1782 4911 ostendit
1842 4872 1989 4927 quas

340 4946 479 5001 inde
510 4962 711 5018 poenas
741 4946 858 5001 Deo
889 4945 1199 5011 dederit,et
1215 4960 1392 5016 quam
1422 4944 1493 4998 ad
1524 4944 1839 4999 eluendum
1867 4960 1988 4999 sce-

344 5034 439 5090 lus
466 5051 642 5090 suum
675 5035 857 5106 egerit
913 5032 1336 5106 pmnitentiam.
1400 5033 1790 5097 Quamobrem
1840 5032 1991 5089 filios

345 5140 485 5180 suos
511 5124 585 5179 ad
618 5122 935 5179 mulierum
968 5126 1268 5195 aspectum
1297 5120 1627 5189 vitandum,
1659 5127 1715 5177 et
1773 5122 1994 5194 fugien-

342 5214 481 5269 dam
512 5212 955 5269 fornicationem
974 5212 1340 5280 adhortatus,
1366 5210 1647 5267 nonnulla
1663 5211 1734 5266 de
1763 5210 1990 5268 Christo

341 5306 587 5359 venturo
619 5302 806 5358 obiter
834 5301 1199 5376 perstringit.

417 5391 656 5447 Simeon
687 5406 822 5447 vero
878 5392 1069 5464 aperit
1114 5394 1333 5463 quanta
1370 5390 1431 5445 in
1478 5389 1692 5461 Joseph
1754 5389 1989 5445 fratrem

348 5498 525 5537 suum
553 5483 830 5536 exarserit
858 5480 1096 5549 invidia,
1129 5486 1530 5552 quantumque
1558 5479 1773 5533 idcirco
1819 5480 1994 5535 fuerit

351 5569 690 5641 punitus,ac
724 5570 940 5639 peccati
973 5569 1064 5625 sui
1086 5570 1279 5641 ipsum
1303 5566 1656 5640 pcenituerit.
1680 5568 1995 5641 Eapropter

350 5658 628 5714 admonet
655 5657 804 5713 ﬁlios
827 5674 988 5724 suos,
1010 5663 1075 5714 ut
1103 5658 1176 5713 ab
1207 5657 1445 5727 invidia,
1478 5654 1681 5711 sedulo
1730 5661 1990 5723 caveant,

2022 5356 2070 5420 B

2091 4052 2289 4108 futura
2317 4070 2517 4109 eorum
2544 4058 2800 4126 peccata,
2832 4059 2889 4110 et
2919 4055 3219 4112 Christum
3250 4068 3566 4116 venturum
3589 4077 3733 4133 prae-

2091 4142 2346 4198 nunﬁaL

2162 4232 2294 4287 Levi
2327 4231 2505 4286 tradit
2534 4247 2597 4287 se
2628 4249 2661 4288 a
2690 4232 2806 4288 Deo
2833 4233 3064 4290 duabus
3095 4235 3379 4292 donatum
3435 4237 3617 4295 fuisse
3644 4240 3737 4295 vi-

2092 4319 2382 4388 sionibus,
2405 4336 2657 4391 quarum
2679 4322 2868 4393 prima
2896 4322 3157 4393 ccelos,in
3180 4326 3394 4396 quibus
3415 4328 3567 4399 justi
3593 4345 3739 4400 prie-

2094 4408 2249 4475 miis,
2282 4408 2487 4479 injusti
2516 4426 2649 4465 vero
2676 4410 2982 4482 suppliciis
3022 4412 3375 4481 afficientur,
3408 4432 3470 4472 se
3516 4416 3735 4474 vidisse

2095 4497 2397 4568 proﬁtetur
2428 4515 2441 4553 :
2478 4498 2537 4553 in
2568 4499 2828 4554 secunda
2856 4515 2920 4555 se
2970 4502 3430 4559 sacerdotalibus
3475 4506 3739 4563 vestibus

2095 4585 2367 4641 indutum
2390 4590 2447 4640 et
2494 4587 2852 4643 sacerdotem
2896 4588 2956 4642 in
3017 4593 3295 4646 internum
3350 4594 3737 4650 constitutum

2096 4675 2277 4731 fuisse
2309 4674 2579 4731 declarat.
2612 4675 2746 4731 Post
2771 4675 2891 4731 haec
2920 4693 2989 4733 ex
3016 4677 3164 4734 libro
3190 4679 3382 4735 Enoch
3424 4680 3562 4738 filiis
3614 4684 3737 4739 suis

2098 4764 2410 4821 annuntiat
2440 4764 2497 4819 in
2524 4780 2650 4835 qua:
2677 4764 2896 4836 lapsuri
2926 4771 3122 4822 essent
3148 4773 3401 4839 peccata,
3451 4770 3738 4843 pluraque

2099 4854 2169 4909 de
2198 4854 2449 4922 Christo,
2484 4870 2551 4907 ac
2580 4853 2650 4908 de
2679 4856 3018 4910 eorumdem
3044 4856 3297 4913 filiorum
3347 4876 3589 4917 suorum
3620 4862 3739 4917 dis-

2099 4942 2385 5015 persione,
2419 4942 2622 4997 exsilio
2666 4946 2721 4997 et
2750 4945 3083 5015 captivitate
3115 4948 3392 5018 praadicit.

2168 5032 2352 5088 Judas
2378 5034 2575 5086 narrat
2605 5037 2890 5102 quantum
2913 5034 3157 5090 valuerit
3203 5039 3463 5110 corporis
3520 5040 3743 5096 viribus

2101 5138 2167 5177 ac
2207 5121 2433 5187 robore,
2478 5124 2535 5175 et
2557 5136 2729 5189 quam
2788 5122 3065 5193 praeclara
3109 5125 3169 5180 in
3221 5128 3435 5197 praeliis
3485 5129 3745 5186 facinora

2099 5210 2363 5267 ediderit.
2400 5209 2571 5265 Addit
2600 5210 2750 5265 Esau
2783 5210 2841 5266 in
2874 5212 3069 5284 praelia
3103 5231 3137 5269 a
3166 5214 3346 5271 Jacob
3376 5218 3656 5288 occisum,
3687 5224 3745 5275 et

2101 5315 2164 5355 se
2194 5316 2309 5355 non
2334 5298 2524 5354 solum
2565 5315 2699 5354 cum
2731 5300 2944 5356 Tamar
2970 5319 3121 5357 nuru
3178 5322 3287 5359 sua
3332 5308 3741 5373 concubuisse,

2102 5406 2301 5444 verum
2336 5405 2571 5442 uxorem
2604 5405 2833 5459 quoque
2859 5390 3092 5447 duxisse
3142 5393 3565 5450 Chananazam:
3601 5402 3660 5451 at
3680 5415 3742 5453 se

2104 5480 2409 5547 utriusque
2426 5476 2690 5532 criminis
2716 5478 2906 5548 egisse
2938 5482 3358 5551 pmnitentiam.
3396 5485 3532 5539 Inde
3591 5486 3742 5541 filios

2102 5566 2639 5635 commonefacit,ut
2670 5568 2897 5637 fugiant
2927 5570 3267 5626 ebrietatem
3308 5579 3365 5626 et
3414 5574 3745 5631 fornicatio-

2102 5674 2259 5727 nem,
2281 5656 2481 5727 eisque
2509 5655 2759 5711 subinde
2788 5663 2987 5713 narrat
3013 5676 3126 5730 quo
3166 5666 3333 5731 pacto
3368 5662 3631 5737 angelica
3660 5666 3743 5719 vi-

351 5751 526 5821 atque
556 5746 618 5804 in
639 5745 1016 5820 simplicitate
1046 5745 1257 5819 cordis,
1313 5748 1371 5803 et
1402 5743 1661 5801 fraterna
1709 5743 1992 5802 charitate
2101 5746 2265 5803 sione
2285 5744 2867 5818 didicerit,quantum
2884 5746 3162 5807 mulieres
3177 5750 3742 5813 virisessentnoxisz.
