4014 6226
375 378 528 440 1027

1465 346 1995 437 TESTAMENTA
2039 374 2145 436 XII
2192 376 2667 438 PATRIARCH.
3578 385 3711 446 1028

368 515 670 568 Postremo
701 509 846 582 ipsis
878 525 1007 581 quae
1034 508 1327 581 peccaturi
1383 514 1595 580 essent,
1630 514 1688 565 et
1745 509 2010 564 futurum
2038 519 2095 585 Α
2124 512 2179 564 et
2201 510 2458 567 futuram
2492 510 2952 587 tribulationem,
2984 516 3042 568 et
3070 512 3363 570 Christum
3396 514 3509 573 fore
3534 523 3715 611 ventu-

370 598 584 654 Christi
616 599 932 653 adventum
964 597 1239 653 declarat.

434 691 754 758 Postquam
786 686 1054 743 lssachar
1084 686 1253 759 plura
1282 688 1352 744 de
1384 688 1691 743 nativitate
1718 704 1826 742 sua
1855 686 2014 742 edis-

366 777 636 845 seruit,se
658 776 740 832 ita
767 779 824 832 et
848 776 907 831 in
929 776 1306 848 simplicitate
1327 775 1665 831 ambulasse
1686 781 1742 831 et
1764 775 2013 831 coluisse

363 865 782 939 agriculturam
800 866 1052 933 fatetur;
1080 871 1144 920 ut
1165 865 1392 921 nullum
1420 883 1682 935 unquam
1709 870 2011 936 peccatum

363 956 435 1011 ad
471 960 720 1010 mortem
779 956 1473 1026 admiserit.Quapropter
1529 954 1680 1009 ﬁlios
1742 971 1879 1008 suos
1939 953 2009 1007 ad

368 1044 807 1116 simplicitatem
831 1048 886 1099 et
916 1044 1335 1116 agriculturam
1380 1044 1703 1115 plurimum
1733 1042 2013 1097 adhorta-

369 1137 487 1189 tur.

436 1222 693 1278 Zabulon
725 1240 785 1277 se
816 1222 987 1278 etiam
1021 1240 1135 1278 non
1166 1239 1438 1295 peccasse
1470 1222 1699 1287 asserit,
1728 1225 1784 1275 et
1844 1219 2011 1290 plura

366 1313 437 1368 de
456 1313 788 1367 venditione
830 1312 1046 1383 Joseph
1079 1317 1470 1376 commentus,
1501 1310 1755 1365 ostendit
1784 1326 1846 1363 se
1875 1326 2008 1363 ven-

361 1401 603 1457 ditionis
624 1400 867 1468 illius,et
897 1402 1114 1472 peccati
1147 1402 1390 1455 fratrum
1415 1417 1654 1455 suorum
1680 1416 1795 1452 non
1829 1398 2008 1452 fuisse

358 1506 547 1547 reum.
573 1489 780 1561 Subdit
805 1506 937 1545 vero
994 1506 1056 1545 se
1088 1490 1344 1561 primum
1396 1492 1586 1560 fecisse
1614 1487 1871 1559 scapham
1900 1504 2005 1541 na-

356 1582 547 1649 vigare
578 1582 637 1635 in
666 1581 833 1647 mari,
866 1584 1042 1650 atque
1074 1596 1143 1634 ex
1172 1579 1369 1647 variis,
1403 1596 1551 1649 quos
1583 1578 1708 1649 ipse
1754 1580 2002 1646 ceperat,

358 1669 620 1741 piscibus
649 1684 712 1724 se
749 1668 946 1740 egenis
993 1667 1205 1740 stipem
1261 1683 1552 1739 erogasse.
1615 1660 2003 1731 Quamobrem

359 1758 511 1814 ﬁlios
543 1774 681 1815 suos
710 1758 923 1813 excitat
951 1758 1023 1812 ad
1073 1756 1557 1826 misericordiam,
1606 1754 1999 1823 concordiam,

357 1851 415 1903 et
444 1847 758 1921 perfectam
790 1847 942 1902 inter
973 1863 1035 1902 se
1084 1847 1448 1902 cbaritatem.
1483 1846 1743 1901 Tandem
1800 1843 1999 1898 futura

2127 615 2258 652 rum
2292 598 2449 655 haud
2481 601 2819 656 dubitanter
2847 601 3077 657 asserit.

2194 687 2489 744 Postremo
2520 690 2826 761 Benjamin
2849 690 3115 745 hortatur
3139 690 3286 747 ﬁlios
3312 708 3463 759 suos,
3486 698 3547 748 ut
3581 694 3716 752 Jose-

2126 776 2245 847 phi,
2270 778 2377 832 viri
2411 779 2618 848 sancti,
2653 780 2932 835 insistant
2960 780 3241 851 vestigiis,
3276 786 3448 836 Deum
3486 783 3719 854 timeant,

2124 864 2371 938 diligant
2399 869 2753 939 proximum,
2776 870 3078 941 praeceptis
3112 870 3214 925 Dei
3244 871 3527 937 obediant,
3556 889 3613 927 ac
3633 891 3719 945 pu-

2124 972 2249 1011 ram
2280 962 2336 1011 et
2382 957 2820 1013 immaculatam
2871 963 3212 1014 conservent
3258 976 3421 1014 suam
3477 965 3717 1018 mentem.

2122 1045 2245 1100 Illis
2275 1051 2470 1101 autem
2516 1047 2661 1118 ipsis
2708 1064 2775 1102 ex
2819 1046 2964 1102 libro
3008 1046 3205 1102 Enoch
3262 1047 3512 1120 praedicit
3554 1050 3718 1106 futura

2122 1150 2321 1189 eorum
2356 1135 2620 1202 crimina,
2653 1135 2951 1190 Christum
2983 1140 3319 1202 venturum,
3339 1135 3526 1192 velum
3546 1138 3716 1208 templi

2122 1222 2529 1294 scindendum,
2554 1241 2756 1280 omnes
2784 1242 2817 1280 a
2846 1224 3091 1279 mortuis
3113 1226 3445 1281 excitandos
3488 1226 3716 1284 homines

2121 1312 2251 1366 etin
2277 1312 2501 1382 judicio
2536 1313 2846 1369 universali
2869 1313 3182 1368 sistendos.
3216 1315 3468 1386 Denique
3513 1316 3647 1370 sicut
3670 1322 3715 1370 et

2119 1400 2216 1454 alii
2249 1402 2593 1472 patriarchae
2624 1404 2759 1457 ﬁliis
2791 1403 2913 1458 suis
2936 1403 3379 1472 mandaverant,
3435 1404 3513 1459 ita
3551 1410 3599 1460 et
3639 1405 3714 1460 ille

2118 1491 2242 1545 suis
2288 1492 2548 1562 prtecipit
2577 1496 2640 1545 ut
2688 1509 2756 1546 ex
2783 1492 3022 1564 [Egypto
3055 1494 3113 1545 in
3151 1493 3376 1547 Hebron
3437 1510 3563 1547 ossa
3611 1510 3714 1560 sua,

2117 1595 2243 1649 quae
2274 1579 2354 1633 ibi
2396 1596 2530 1635 cum
2561 1580 2826 1651 patribus
2873 1580 2998 1636 suis
3049 1581 3429 1652 sepeliantur,
3460 1587 3718 1653 asportcnt

2116 1672 2171 1723 et
2200 1670 2455 1723 condant
2474 1669 2533 1723 in
2564 1669 2811 1725 tumulo.

2678 1804 3066 1861 ARTICULUS
3118 1804 3186 1859 ΙΙ.

353 1952 556 1992 eorum
588 1934 825 2001 scelera,
851 1939 907 1989 et
936 1936 1191 1991 futuram
1224 1935 1435 1991 Christi
1461 1934 1688 1990 Domini
1728 1933 1993 1987 incarna-

2114 1912 2544 1966 Dcmonstratur
2573 1912 2718 1966 hunc
2755 1912 2958 2001 librum
2989 1913 3330 1983 suppositum
3352 1927 3467 1967 esse
3492 1916 3539 1967 et
3588 1911 3718 1968 adul-

352 2025 593 2093 tionem,
616 2025 887 2081 adductis
915 2042 983 2080 ex
1014 2025 1161 2080 libro
1197 2025 1387 2080 Enoch
1422 2024 1686 2097 pluribus
1735 2022 2000 2077 testimo-

354 2114 488 2183 niis,
521 2114 851 2171 annuntiat.

422 2204 547 2260 Dan
580 2204 792 2260 fatetur
811 2221 873 2260 se
903 2204 973 2259 de
1004 2204 1333 2259 venditione
1354 2208 1411 2258 et
1441 2206 1623 2257 morte
1646 2200 1878 2272 Joseph,
1905 2199 1998 2255 cui

356 2310 567 2349 manus
623 2294 826 2349 afferre
874 2293 1154 2360 voluerat,
1198 2294 1410 2365 gaudio
1442 2293 1620 2348 fuisse
1670 2294 1994 2362 perfusum.

358 2383 575 2439 Idcirco
622 2382 790 2438 docet
838 2382 990 2438 ﬁlios
1039 2384 1110 2438 ab
1153 2383 1239 2438 ira
1270 2399 1395 2438 esse
1419 2382 1762 2450 cavendum,
1821 2385 1996 2451 atque

355 2472 435 2526 ibi
468 2471 749 2527 nonnulla
780 2473 850 2526 de
882 2472 1186 2527 mendacio
1211 2472 1482 2543 fugiendo
1506 2471 1706 2526 leviter
1728 2468 1993 2541 attengit.

353 2562 608 2633 Denique
637 2578 762 2631 qum
803 2561 914 2632 ipsi
968 2562 1356 2633 perpetraturi
1415 2565 1610 2616 essent
1667 2558 1901 2619 scelera,
1941 2562 1997 2611 et

349 2651 471 2706 fore
502 2656 567 2706 ut
594 2650 863 2707 Christus
892 2651 1066 2707 homo
1097 2651 1353 2719 ﬁeret,ex
1379 2650 1529 2706 libro
1559 2649 1753 2705 Enoch
1792 2646 1993 2704 vatici-

349 2743 546 2795 natur.

420 2827 730 2899 Nephthali
765 2827 951 2883 multa
979 2828 1217 2900 quidem
1251 2830 1319 2883 de
1352 2829 1691 2900 parentibus
1728 2825 1875 2881 Balm
1908 2825 1994 2879 fa-

351 2917 588 2972 bulatur
616 2942 629 2984 ;
663 2933 727 2972 ac
749 2916 901 2974 ﬁlios
934 2935 1071 2974 suos
1103 2918 1309 2973 deinde
1341 2922 1557 2983 monet,
1594 2922 1657 2971 ut
1688 2917 1869 2970 Deum
1902 2931 1991 2970 ce-

350 3005 476 3061 lant
505 3010 561 3062 et
590 3006 649 3060 in
673 3006 823 3062 bono
854 3012 1239 3079 perseverent.
1274 3008 1351 3061 Ex
1380 3006 1527 3061 libro
1556 3011 1752 3061 autem
1774 3004 1989 3070 Enoch,

350 3099 527 3168 atque
548 3109 611 3151 ex
639 3095 968 3151 visionibus
989 3096 1113 3152 suis
1144 3095 1403 3167 praedicit
1432 3096 1550 3151 fore
1580 3099 1645 3149 ut
1676 3095 1734 3148 in
1758 3097 1993 3165 peccata

347 3184 462 3256 ipsi
492 3182 953 3256 prolaberentur,
987 3185 1463 3256 coorirenturque
1494 3186 1892 3255 tempestates,
1925 3199 1991 3237 ac

2818 1984 3077 2039 terinum.

2178 2115 2281 2171 Hic
2311 2116 2477 2187 liber,
2526 2117 2746 2173 nullius
2803 2118 3055 2173 auctoris
3114 2117 3351 2173 nomine
3404 2117 3716 2191 inscriptus,

2107 2206 2492 2276 pz'oscribitur
2521 2208 2591 2262 ab
2626 2207 3325 2277 omnibus,asseriturque
3358 2223 3491 2261 eum
3512 2207 3716 2278 ﬁgmen-

2106 2294 2202 2363 tis,
2239 2294 2449 2350 tabulis
2497 2296 2910 2367 erroribusque
2941 2294 3178 2367 plenum
3210 2311 3363 2357 esse,
3387 2298 3443 2349 et
3468 2296 3715 2351 scaturire

2108 2384 2449 2438 mendaciis.
2483 2385 2631 2448 Quin
2659 2385 2777 2439 imo
2829 2383 2997 2455 plura
3027 2401 3159 2439 cum
3214 2400 3382 2439 sacro
3440 2384 3717 2456 Scriptura

2105 2475 2264 2527 textu
2296 2473 2617 2545 pugnantia
2647 2473 2705 2528 in
2740 2473 2839 2528 illo
2869 2473 3389 2545 deprehendimus.

2175 2562 2437 2617 Primum
2469 2563 2625 2617 enim
2655 2563 2712 2617 id
2738 2563 2921 2617 textui
2952 2562 3143 2617 divino
3176 2563 3537 2630 adversatur,
3588 2562 3714 2633 quod

2105 2649 2307 2705 Ruben
2340 2652 2410 2706 de
2442 2668 2545 2706 suo
2568 2668 2702 2706 cum
2734 2650 2889 2717 Bala,
2924 2656 2981 2706 et
3008 2651 3190 2706 Judas
3223 2668 3361 2706 cum
3422 2652 3623 2706 Tamar
3646 2651 3714 2703 in-

2104 2744 2265 2794 cestu
2299 2739 2654 2795 fabulantur.
2687 2739 2834 2795 Illud
2867 2740 3005 2795 item
3037 2741 3192 2811 quod
3224 2741 3297 2795 de
3356 2739 3716 2811 quorumdam

2102 2828 2587 2899 patriarcharum,
2613 2828 3087 2896 Simeonis,verbi
3109 2829 3315 2900 gratia,
3353 2834 3415 2884 et
3432 2828 3717 2883 Zabulonis

2104 2918 2384 2971 statuitur
2411 2922 2600 2973 aetate.
2635 2919 2714 2973 Ea
2744 2918 2994 2988 denique
3011 2935 3137 2988 qua:
3170 2918 3411 2973 Simeon
3433 2923 3489 2973 et
3520 2918 3638 2972 Levi
3662 2917 3717 2971 de

2102 3007 2309 3078 poenis,
2343 3024 2489 3078 quas
2523 3008 2595 3062 ob
2628 3008 2782 3062 Dina:
2814 3006 3027 3062 sororis
3050 3024 3166 3063 suae
3202 3012 3443 3078 raptum
3475 3024 3508 3061 a
3562 3006 3715 3060 Sichi-

2101 3095 2261 3151 mitis
2292 3096 2592 3167 repetiere,
2618 3101 2675 3152 et
2703 3113 2833 3167 quae
2888 3096 3011 3151 Gad
3071 3096 3141 3151 de
3170 3096 3508 3151 venditione
3533 3095 3716 3167 Joseph

2099 3184 2338 3240 ﬁnxisse
2360 3185 2631 3257 legimus.

345 3273 612 3330 Christus
630 3274 868 3330 tandem
899 3279 1203 3347 assumpta
1247 3274 1509 3330 humana
1565 3289 1739 3329 carne
1794 3287 1990 3327 nasce-
2019 3272 2062 3340 C
2161 3277 2444 3330 Praeterea
2463 3290 2667 3329 omnes
2694 3274 2809 3329 fere
2830 3273 3173 3345 patriarchae
3195 3273 3419 3329 ibidem
3450 3274 3715 3329 inducun-

346 3366 524 3419 retur.

412 3453 533 3508 Gad
566 3452 665 3508 ubi
697 3454 869 3525 plura
896 3453 968 3509 de
996 3453 1327 3509 venditione
1347 3452 1565 3524 Joseph
1591 3450 1990 3507 commentitia

340 3539 604 3606 tradidit,
638 3540 945 3597 conﬁtetur
973 3560 1035 3597 se
1063 3559 1195 3597 eum
1221 3542 1350 3599 odio
1398 3541 1673 3597 habuisse
1702 3545 1822 3596 tam
1872 3540 1987 3594 im-

346 3629 640 3702 placabili,
666 3634 730 3685 ut
760 3630 871 3702 ipsi
895 3648 1095 3687 necem
1128 3632 1453 3688 consiscere
1484 3629 1750 3699 voluerit,
1783 3630 1885 3684 sed
1918 3629 1989 3683 de

348 3719 443 3774 his
465 3723 521 3774 et
542 3720 882 3791 paenituisse
913 3725 969 3775 et
1005 3721 1186 3777 luisse
1237 3738 1457 3792 poenas.
1503 3719 1781 3783 Quocirca
1836 3718 1987 3774 ﬁlios

343 3822 486 3862 suos
509 3808 583 3862 ad
615 3807 813 3862 odium
837 3808 1202 3880 fugiendum,
1243 3813 1301 3863 et
1329 3808 1635 3863 fovendam
1669 3808 1988 3862 fraternam

342 3895 685 3951 charitatem
716 3896 1011 3965 incitat,ac
1042 3897 1355 3953 nonnullas
1388 3899 1625 3952 demum
1656 3896 1726 3951 de
1759 3895 1986 3951 Christo

340 3984 535 4040 fundit
562 3984 1023 4041 vaticinationes.

409 4075 548 4128 Aser
577 4073 729 4129 ﬁlios
761 4090 896 4129 suos
926 4074 1072 4130 duas
1093 4092 1220 4131 esse
1250 4075 1375 4131 vias
1405 4076 1589 4141 docet,
1614 4091 1792 4129 unam
1824 4072 1981 4143 boni,

340 4160 479 4217 mali
504 4161 783 4230 alteram;
817 4162 968 4217 hanc
1020 4163 1477 4235 relinquendam,
1523 4162 1684 4218 illam
1741 4180 1982 4235 carpen-

340 4250 496 4307 dam.
529 4251 831 4307 Testatum
863 4252 1070 4307 deinde
1104 4252 1403 4323 facit,sein
1435 4252 1535 4307 illa
1564 4252 1700 4307 boni
1720 4253 1813 4308 via
1830 4269 1981 4308 sem-

339 4355 443 4411 per
472 4338 1008 4412 ambulasse,atque
1031 4340 1182 4397 ﬁlios
1213 4358 1350 4396 suos
1374 4347 1438 4396 ut
1458 4342 1614 4397 idem
1634 4341 1742 4396 iter
1762 4342 1981 4408 ineant,

338 4427 488 4484 serio
520 4435 870 4485 commonet.
891 4429 1151 4502 Denique
1172 4431 1265 4486 his
1296 4431 1605 4495 annuntiat
1635 4431 1752 4485 fore
1783 4437 1848 4486 ut
1868 4430 1981 4503 ipsi

335 4523 665 4590 peccarent,
726 4535 793 4574 ac
851 4518 1099 4591 dispersi
1166 4525 1532 4593 vagarentur,
1597 4520 1981 4592 Christusque

335 4612 539 4678 postea
562 4607 803 4663 veniret.

405 4695 623 4767 Joseph
655 4697 904 4769 explicat
932 4715 1048 4770 quo
1108 4703 1274 4771 pacto
1309 4717 1342 4755 a
1371 4700 1650 4755 fratribus
1701 4699 1847 4769 suis,
1881 4699 1980 4769 qui

338 4800 475 4839 eum
507 4786 744 4856 perdere
767 4786 1157 4859 decreverant,
1182 4788 1259 4843 sit
1286 4789 1578 4855 venditus,
1614 4793 1667 4843 et
1727 4792 1983 4859 postmo-

340 4875 481 4929 dum
508 4878 744 4946 emptus
775 4893 808 4930 a
839 4876 1171 4948 Putiphare.
1234 4878 1400 4933 Ponit
1448 4878 1622 4932 etiam
1653 4877 1726 4932 ob
1784 4876 1984 4933 oculos

342 4961 581 5034 quantis
613 4964 1201 5034 artibus,blanditiis,
1236 4967 1549 5038 minisque,
1584 4972 1716 5021 ante
1746 4971 1803 5021 et
1832 4972 1985 5037 post-

342 5069 520 5124 quam
552 5054 612 5107 in
644 5069 932 5110 carcerem
962 5056 1169 5111 fuisset
1190 5057 1658 5128 conjectus,utor
1688 5055 1982 5127 Putiphari

338 5142 669 5198 castitatem
723 5143 851 5214 ejus
906 5145 1214 5201 tentaverit
1245 5163 1257 5200 :
1292 5151 1511 5217 quanta
1553 5145 1805 5216 denique
1860 5145 1984 5200 suis

332 5229 460 5301 ipse
494 5231 769 5288 fratribus
792 5233 966 5288 etiam
993 5239 1123 5306 post
1145 5234 1346 5291 Jacobi
1378 5239 1622 5291 mortem
1654 5234 1983 5305 impertive-

331 5318 408 5373 rit
431 5319 609 5375 bona.
643 5318 819 5377 Filios
844 5322 1048 5395 itaque
1082 5342 1220 5381 suos
1250 5325 1322 5380 ad
1351 5324 1744 5390 sobrietatem,
1806 5323 1983 5380 casti-

328 5411 533 5477 tatem,
602 5409 1134 5483 longanimitatem,
1168 5418 1225 5469 et
1256 5414 1571 5469 fraternam
1615 5412 1983 5469 dilectionem

331 5494 660 5567 plurimum
692 5500 929 5569 excitat,
963 5518 1028 5557 ac
1054 5503 1294 5559 tandem
1324 5519 1393 5560 ex
1422 5503 1787 5559 somniorum
1842 5502 1986 5559 visis

409 5714 429 5755 ί
462 5708 590 5770 Lib.
617 5727 693 5772 xv
717 5714 795 5773 De
818 5715 996 5791 civit,
1015 5734 1144 5794 cap.
1170 5718 1264 5781 23.

2095 3366 2193 3417 tur
2223 3363 2618 3435 apocryphum
2647 3362 2864 3417 librum
2896 3362 3371 3433 Enoch,eumque
3400 3368 3711 3433 corruptum

2097 3451 2364 3507 citantes.
2397 3451 2723 3523 Augustino
2763 3451 2918 3506 enim
2950 3451 3125 3507 ﬁdem
3156 3454 3204 3505 si
3234 3450 3479 3517 habeas,
3511 3450 3711 3505 codices

2094 3539 2229 3595 libri
2260 3540 2455 3595 Enoch
2504 3538 2754 3612 duplicis
2785 3540 3014 3611 generis
3073 3541 3329 3606 fuerunt,
3389 3539 3489 3595 alii
3515 3538 3624 3594 veri
3667 3541 3716 3593 et

2097 3630 2357 3702 genuini,
2389 3628 2487 3684 alii
2519 3628 2771 3699 corrupti
2802 3633 2858 3683 et
2886 3628 3218 3684 adulterati.
3244 3629 3421 3699 Atqui
3444 3633 3715 3684 auctorem

2098 3722 2363 3773 nostrum
2392 3717 2452 3771 in
2488 3718 2590 3773 hos
2620 3718 3026 3772 tantummodo
3048 3716 3325 3773 incidisse
3348 3717 3569 3772 nemini
3590 3720 3718 3771 certe

2097 3807 2344 3862 dubium
2374 3806 2680 3875 videbitur,
2713 3805 2813 3877 qui
2844 3805 2966 3860 haec
2996 3806 3067 3861 de
3098 3805 3306 3861 iisdem
3339 3805 3589 3860 audierit
3623 3805 3718 3858 Au-

2096 3896 2318 3968 gustini
2348 3896 2522 3951 verba
2548 3899 2563 3930 ί
2602 3914 2614 3951 :
2648 3895 2935 3965 Scripsisse
2964 3894 3180 3964 quidem
3232 3895 3505 3949 nonnulla
3558 3894 3719 3947 divina

2092 3985 2296 4055 Enoch,
2327 3986 2491 4040 illum
2513 3986 2804 4055 septimum
2834 3987 2901 4038 ab
2931 3984 3129 4051 Adam,
3163 3998 3365 4054 negare
3397 3998 3510 4037 non
3553 3998 3719 4053 possu-

2094 4091 2235 4141 mus,
2264 4091 2391 4129 cum
2426 4076 2525 4129 hoc
2554 4075 2618 4129 in
2648 4074 2891 4145 Epistula
2945 4074 3209 4128 canonica
3255 4073 3437 4128 ludas
3467 4072 3717 4143 apostolus

2092 4164 2267 4220 dicat.
2293 4163 2394 4219 Sed
2420 4180 2531 4219 non
2558 4166 2767 4234 frustra
2796 4178 2904 4216 non
2933 4170 3062 4217 sunt
3090 4165 3150 4216 in
3171 4178 3234 4215 eo
3264 4178 3478 4217 canone
3494 4162 3715 4233 Scriptu-

2092 4271 2307 4322 rarum,
2333 4255 2427 4324 qui
2455 4253 2771 4307 servabatur
2800 4254 2860 4305 in
2891 4251 3086 4322 templo
3117 4251 3343 4307 Hebraei
3368 4251 3581 4323 populi,
3608 4264 3713 4304 suc-

2091 4344 2398 4400 cedentium
2429 4342 2719 4412 diligentia
2745 4339 3083 4395 sacerdotum
3111 4356 3131 4399 .·
3169 4341 3284 4394 nisi
3310 4342 3447 4411 quia
3472 4340 3536 4395 ob
3582 4338 3711 4393 anti-

2090 4436 2355 4505 quitatem
2383 4434 2644 4502 suspectse
2673 4429 2800 4499 ﬁdei
2816 4428 3071 4498 judicata
3099 4432 3248 4499 sunt,
3277 4444 3378 4484 nec
3407 4433 3594 4483 utrum
3613 4428 3715 4483 haec

2088 4525 2285 4590 essent,
2317 4534 2442 4591 quae
2470 4519 2567 4574 ille
2593 4517 2919 4588 scripsisset,
2932 4520 3145 4588 poterat
3168 4518 3482 4571 inveniri...
3517 4514 3654 4572 Unde
3669 4522 3712 4569 et

2091 4613 2192 4666 illa
2216 4625 2341 4684 quae
2370 4609 2471 4664 sub
2501 4609 2617 4679 ejus
2663 4608 2891 4663 nomine
2939 4608 3319 4678 proferuntur,
3348 4610 3399 4660 et
3458 4606 3720 4661 continent

2092 4703 2225 4755 istas
2250 4700 2313 4754 de
2342 4697 2654 4769 gigantibus
2683 4696 2922 4765 fabulas,
2954 4696 3102 4765 quod
3130 4712 3239 4749 non
3281 4694 3585 4749 habuerint
3637 4693 3717 4747 h0-

2091 4792 2265 4845 mines
2294 4792 2495 4860 patres,
2528 4790 2666 4841 recte
2691 4802 2730 4840 α
2752 4785 3117 4856 prudentibus
3138 4800 3246 4838 non
3294 4784 3621 4855 judicantur
3647 4784 3717 4853 ip-

2090 4881 2205 4935 sius
2221 4894 2332 4934 esse
2361 4876 2625 4931 credenda
2649 4893 2661 4942 ;
2681 4876 2819 4929 sicut
2846 4874 3024 4928 multa
3040 4875 3137 4928 sub
3158 4874 3475 4928 nominibus
3500 4874 3716 4927 aliorum

2085 4968 2499 5040 prephetarum,
2531 4968 2582 5019 et
2616 4965 2927 5018 recentiora
2959 4963 3059 5018 sub
3105 4962 3420 5018 nominibus
3472 4962 3717 5033 αροδωίοο

2092 5075 2220 5112 rum
2249 5059 2315 5111 ab
2347 5055 2619 5113 haereticis
2638 5061 3021 5125 pro/eruntnr.
3054 5055 3263 5107 Auctor
3287 5051 3504 5123 quippe
3536 5054 3718 5105 noster

2092 5148 2235 5203 istas
2268 5148 2337 5202 de
2381 5142 2718 5217 gigantibus
2777 5140 3027 5211 fabulas,
3088 5140 3236 5196 mira
3282 5139 3499 5195 ﬁducia
3557 5134 3717 5194 semel

2093 5241 2269 5305 atque
2298 5237 2513 5290 iterum
2544 5238 2826 5302 tanquam
2857 5246 3057 5285 verum
3091 5230 3232 5301 quid
3263 5234 3319 5285 et
3348 5234 3574 5284 certum
3601 5241 3715 5297 pro-

2093 5334 2204 5389 fert
2232 5331 2287 5384 et
2312 5322 2590 5379 venditat.
2624 5318 2769 5374 Hinc
2797 5334 2933 5391 ergo
2964 5324 3021 5373 et
3049 5317 3218 5373 illum
3250 5321 3558 5389 corruptos
3601 5311 3717 5369 libri

2094 5417 2285 5476 Enoch
2315 5412 2541 5469 codices
2572 5409 2803 5475 citasse,
2838 5411 2894 5463 et
2914 5406 3130 5462 librum
3166 5408 3294 5477 eius
3346 5406 3564 5463 falsum
3596 5414 3710 5459 esse

2095 5514 2152 5567 et
2181 5502 2553 5579 suppositum
2583 5515 2699 5555 non
2731 5498 2973 5554 obscure
3012 5495 3323 5570 colligitur.

3912 4986 3921 5055 i
