4014 6226
266 350 421 411 1029

267 575 340 629 De
370 570 701 641 antiquitate
732 568 895 639 hujus
923 569 1073 637 libri,
1108 574 1158 621 et
1187 570 1374 621 utrum
1405 582 1441 621 a
1472 565 1711 635 quodam
1743 563 1910 622 Chri-

642 642 818 696 stiano
845 640 1113 711 scriptore
1148 642 1420 710 pro/cetus
1447 645 1536 693 sit.

341 753 579 805 Constat
606 746 805 818 itaque
850 763 997 817 opus
1028 745 1174 800 illud
1229 745 1625 801 adulterinum
1659 761 1806 810 esse,
1858 748 1915 799 et

277 841 351 897 ab
380 840 580 911 ignoto
629 840 889 908 parente,
923 836 1023 907 qui
1054 851 1266 891 nomen
1315 852 1489 890 suum
1520 836 1688 889 edere
1737 850 1916 889 ausus

277 946 394 985 non
426 930 537 993 est,
569 925 629 980 in
661 924 872 997 vulgus
902 924 1391 980 emissum.Porro
1423 927 1617 979 autem
1649 923 1791 978 illud
1825 940 1920 977 an-

276 1017 683 1090 tiquissimum
718 1014 939 1070 censeri
972 1014 1162 1079 debet,
1196 1014 1246 1068 si
1292 1014 1363 1069 ab
1395 1012 1650 1084 Origine,
1680 1017 1743 1067 ut
1790 1011 1917 1083 qui—

1753 342 2170 406 PROOEMIA.

810 476 1212 534 ARTICULUS
1252 477 1353 533 III.
1935 479 1991 545 Α

3501 349 3660 410 1030

2570 477 2975 535 ARTICULUS
3018 478 3109 535 IV.

2020 593 2094 647 De
2121 592 2283 663 hujus
2340 592 2489 658 libri,
2550 592 2733 669 Greece
2787 596 3034 669 primum
3062 596 3307 669 scripti,
3366 597 3666 669 codicibus,

2490 667 2735 721 versione
2762 670 2811 720 et
2839 666 3191 721 editionibus.

2094 814 2199 868 Hic
2245 813 2392 870 liber
2423 816 2613 871 Graece
2662 816 2918 887 primum
2968 818 3222 891 scriptus
3254 824 3363 887 est,
3396 824 3571 892 atque
3602 822 3662 876 in

2023 902 2375 959 bibliotheca
2407 905 2583 976 Regia
2624 906 2739 960 duo
2769 905 2927 961 illius
2980 908 3207 963 codices
3236 912 3431 965 Graeca
3483 927 3661 967 manu

2028 993 2245 1048 exarati
2278 998 2668 1049 asservantur.
2702 994 2920 1049 Horum
2952 994 3097 1051 alter
3132 998 3545 1070 pergamineus
3574 1004 3664 1055 est

280 1082 418 1164 dam
451 1106 829 1173 arbitrantur,
860 1103 953 1158 his
994 1104 1187 1159 verbis
1218 1082 1541 1159 laudatur}
1574 1120 1586 1156 :
1620 1106 1687 1157 1n
1739 1082 1921 1157 libello
2031 1082 2303 1173 abqannls
2330 1084 2435 1136 500
2464 1083 2553 1137 V31
2581 1083 2688 1173 600
2716 1084 3044 1157 descriptus
3071 1104 3083 1153 ἰ
3116 1086 3262 1142 alter
3304 1104 3664 1160 Ρεργταοθυε

282 1198 379 1269 qui
427 1194 741 1267 appellatur
794 1194 1197 1247 Testamentum
1240 1191 1525 1247 duodecim
1576 1193 1925 1262 patriarcha-

286 1284 687 1355 rum,quamvis
714 1298 827 1337 non
842 1282 1107 1337 habeatur
1121 1283 1181 1336 in
1210 1298 1437 1349 canone,
1454 1282 1621 1336 talem
1638 1282 1927 1351 quemdam

287 1390 506 1431 sensum
534 1371 1021 1442 invenimus,quod
1046 1387 1147 1443 per
1172 1375 1451 1442 peccantes
1479 1371 1689 1441 singuli
1701 1375 1929 1429 Satanae

289 1463 535 1532 intelligi
586 1461 838 1516 debeant.
892 1460 958 1514 Et
997 1477 1204 1515 rursus
1258 1459 1411 1515 circa
1454 1458 1688 1514 initium
1732 1459 1930 1515 saeculi

290 1552 435 1610 sexti
468 1568 502 1607 a
528 1550 806 1621 Procopio
838 1549 1023 1604 Gazeo
1054 1548 1305 1603 citatur3
1331 1566 1343 1603 :
1382 1548 1929 1621 Testamento,aiunt,

289 1645 586 1698 attestatur
615 1640 667 1695 ei
690 1643 855 1705 Deus,
889 1637 1029 1708 quod
1074 1637 1173 1692 diu
1199 1654 1348 1706 eam,
1405 1654 1530 1692 cum
1576 1637 1754 1693 adhuc
1800 1642 1935 1695 esset

290 1732 466 1801 virgo,
496 1727 672 1786 ludas
720 1727 997 1795 habuerit,
1046 1727 1355 1796 luxeritque
1398 1728 1746 1797 iniquitatem
1792 1729 1932 1799 ejus.

293 1821 369 1875 At
397 1835 567 1890 porro
624 1832 771 1887 opus
800 1818 974 1870 tantae
1023 1815 1388 1885 antiquitatis
1428 1815 1673 1870 nothum
1725 1833 1853 1872 esse
1883 1819 1939 1871 et

297 1907 568 1981 spurium
600 1905 744 1961 nulli
777 1908 929 1960 certe
960 1904 1176 1959 mirum
1206 1904 1499 1960 videbitur
1524 1924 1537 1972 ;
1559 1904 1943 1977 quandoqui-

300 1998 434 2052 dem
465 1996 537 2051 ab
568 1993 1000 2065 antiquissimis
1032 1992 1488 2065 temporibus,ut
1518 1993 1691 2064 paulo
1724 1998 1855 2049 ante
1876 2012 1944 2049 ex

298 2085 627 2158 Augustino
656 2085 679 2117 ‘
715 2082 990 2150 vidimus,
1024 2082 1374 2137 exstiterunt
1403 2081 1555 2137 male
1589 2082 1776 2137 feriati
1807 2083 1946 2138 scri-

302 2179 536 2247 ptorum
566 2173 970 2243 librorumque
997 2175 1363 2243 corruptores
1395 2175 1451 2226 et
1501 2171 1941 2227 adulteratores.

378 2263 527 2318 Illud
560 2266 753 2317 autem
786 2278 821 2316 a
867 2260 1195 2315 Christiano
1250 2261 1502 2331 quodam
1554 2262 1944 2332 compositum

307 2369 436 2410 esse
466 2367 533 2407 ea
563 2350 733 2423 plane
758 2349 1182 2422 evincunt,quzs
1213 2348 1429 2421 singuli
1460 2350 1577 2405 fere
1608 2366 1809 2405 omnes
1840 2367 1949 2421 pa-

303 2440 570 2496 triarcha:
586 2439 886 2494 deChristo
898 2438 1431 2509 ventur0,humana
1444 2455 1614 2493 carne
1629 2438 1950 2507 induendo,

306 2535 364 2586 et
394 2546 498 2602 pro
523 2528 831 2584 hominum
863 2526 1053 2582 salute
1082 2528 1241 2582 cruci
1290 2528 1579 2599 afﬁgendo
1610 2527 1947 2599 pradicant.

309 2622 594 2676 Caeterum
648 2616 896 2688 scriptor
922 2614 1020 2670 ille
1064 2615 1281 2670 librum
1312 2616 1469 2671 hunc
1501 2633 1615 2672 non
1647 2634 1716 2671 ea
1758 2616 1949 2671 solum

311 2711 505 2764 mente
537 2705 888 2778 composuit,
922 2709 988 2759 ut
1017 2704 1313 2761 Christum
1362 2704 1679 2762 celebraret
1712 2723 1725 2761 :
1760 2706 1862 2761 sed
1893 2706 1952 2760 in

310 2797 520 2870 primis
551 2800 616 2851 ut
644 2795 889 2850 lectores
920 2811 1059 2850 suos
1107 2794 1179 2849 ab
1212 2794 1284 2849 iis
1314 2795 1564 2866 peccatis
1591 2794 1649 2849 in
1701 2811 1827 2861 quae
1860 2812 1957 2866 pa-

312 2885 603 2941 triarchas
634 2884 829 2956 lapsos
860 2899 989 2938 esse
1020 2882 1422 2950 dicit,omnino
1444 2884 1958 2955 deterreret,atque

320 2991 423 3030 eos
453 2974 523 3029 ad
556 2988 789 3028 omnem
818 2972 1157 3027 eorumdem
1188 2972 1654 3043 patriarcharum
1703 2989 1958 3028 comme-

321 3061 563 3119 moratis
594 3078 628 3118 a
657 3078 722 3117 se
750 3061 1113 3116 virtitutihus
1140 3060 1395 3117 dandam
1426 3078 1660 3134 operam
1693 3061 1963 3118 adhorta-

318 3154 498 3207 retur.

2032 1170 2221 1242 priore
2250 1171 2420 1245 longe
2450 1172 2750 1228 recentior.

2108 1277 2393 1333 Robertus
2442 1295 2573 1334 vero
2625 1296 2657 1334 a
2715 1282 2908 1335 Grossa
2968 1287 3147 1349 Testa,
3198 1283 3426 1355 vulgari
3472 1285 3676 1357 lingua

2038 1366 2617 1439 Grokede,episcopus
2638 1368 3084 1436 Lincolniensis,
3109 1372 3265 1426 hunc
3285 1372 3501 1428 librum
3524 1374 3679 1430 circa

2040 1472 2261 1510 annum
2295 1456 2433 1509 1242
2464 1456 2662 1511 Latine
2692 1458 3161 1530 reddidit.Hujus
3181 1465 3377 1517 autem
3397 1463 3683 1520 versionis

2040 1544 2296 1600 codicem
2347 1545 2816 1617 manuscriptum
2872 1547 3203 1605 invenimus
3233 1550 3293 1605 in
3332 1550 3685 1609 bibliotheca

2042 1632 2497 1703 Colbertina,sed
2531 1635 2745 1689 recenti
2776 1651 2954 1690 manu
2987 1639 3510 1696 exaratum.Alium
3543 1657 3688 1713 quo-

2045 1738 2158 1794 que
2188 1722 2405 1778 ibidem
2435 1721 2807 1792 offendimus,
2831 1725 2889 1779 in
2918 1742 3033 1797 quo
3063 1727 3389 1799 fragmenta
3419 1731 3683 1801 ejusdem

2046 1810 2179 1865 libri
2222 1811 2329 1866 sub
2382 1810 2491 1867 hoc
2539 1811 2707 1866 titulo
2756 1814 3147 1871 exhibentur:
3182 1818 3305 1872 Hzec
3346 1824 3475 1874 sunt
3521 1823 3687 1875 testa-

2049 1904 2231 1955 menta
2282 1901 2376 1955 XII
2423 1902 2900 1972 patriarcharum,
2933 1906 2993 1958 in
3040 1906 3236 1975 quibus
3282 1916 3410 1962 sunt
3455 1912 3691 1979 apertis-

2050 1992 2211 2046 sima?
2239 1993 2399 2060 atque
2424 1991 2812 2060 pulcherrimae
2849 1995 3157 2063 prophetiae
3186 1995 3253 2049 de
3284 1997 3528 2063 Christo,
3560 2015 3694 2069 quas

2054 2080 2342 2134 transtulit
2364 2079 2623 2150 magister
2652 2081 2940 2153 Robertus,
2971 2083 3148 2139 dictus
3178 2086 3371 2141 Grossa
3400 2092 3580 2154 Testa,
3611 2089 3696 2143 vel

2053 2168 2307 2223 Grossum
2352 2173 2536 2239 caput,
2590 2170 2988 2227 Lincolniensis
3033 2176 3331 2245 episcopus,
3383 2176 3448 2231 de
3505 2181 3694 2233 Graeco

2056 2260 2117 2312 in
2148 2258 2565 2313 LatmumPost
2593 2259 2714 2314 haec
2744 2264 2939 2316 autem
2962 2262 3164 2318 Latina
3194 2263 3296 2319 illa
3324 2266 3512 2321 versio
3542 2267 3697 2338 typis

2057 2363 2270 2402 excusa
2298 2351 2386 2401 est
2415 2364 2566 2402 anno
2601 2349 2820 2419 1541,et
2850 2367 3053 2405 rursus
3086 2352 3321 2408 Parisiis
3352 2356 3507 2426 apud
3540 2355 3698 2410 Mar-

2057 2435 2248 2491 tinum
2278 2436 2560 2491 Juvenem
2611 2454 2763 2493 anno
2808 2440 2965 2507 1549,
2997 2444 3171 2511 atque
3218 2442 3430 2497 iterum
3480 2444 3698 2499 ibidem

2063 2543 2215 2581 anno
2248 2527 2404 2591 1575,
2440 2527 2576 2580 1589
2606 2532 2662 2582 et
2697 2529 2852 2582 1610.
2888 2528 3125 2584 Basileo's
3164 2547 3321 2599 vero,
3353 2549 3505 2589 anno
3540 2534 3699 2601 1550,

2065 2632 2131 2670 ac
2162 2616 2397 2669 tandem
2429 2615 2484 2669 in
2518 2615 2794 2672 omnibus
2828 2617 3060 2673 Patrum
3093 2619 3703 2678 Bibliothecis.Utrum

2066 2709 2259 2759 autem
2309 2703 2454 2759 liber
2483 2704 2580 2760 ille
2627 2722 2695 2760 ex
2736 2708 3121 2779 typographia
3166 2708 3359 2765 Graece
3402 2712 3705 2782 prodierit,

2054 2793 2236 2848 nobis
2282 2793 2735 2865 incompertum.
2767 2796 2837 2850 Et
2885 2800 3039 2852 certe
3068 2797 3126 2851 id
3172 2798 3321 2854 scire
3350 2816 3557 2871 parum
3607 2805 3710 2857 aut

2069 2881 2214 2937 nihil
2245 2882 2505 2950 interest,
2539 2900 2671 2939 cum
2702 2884 3111 2956 hujuscemodi
3142 2885 3275 2942 libri
3307 2888 3603 2962 ﬁgmentis
3634 2892 3713 2946 fa-

2069 2970 2344 3044 bulisque
2390 2970 2665 3041 anilibus,
2700 2989 2766 3028 ac
2814 2974 3123 3046 Scriptum
3172 2993 3349 3033 sacrae
3400 2980 3711 3036 contrariis

2072 3059 2307 3133 oppleti,
2342 3060 2402 3115 in
2453 3060 2642 3117 lucem
2674 3079 2978 3136 nunquam
3023 3065 3214 3121 emitti
3264 3067 3595 3139 debuerint,
3626 3070 3716 3126 vel

2074 3150 2371 3222 perpetuis
2401 3151 2657 3207 tenebris
2687 3152 2809 3208 sint
2835 3153 3153 3210 damnandi
3185 3155 3283 3227 (4).

1658 3449 2398 3538 GALLANDII

1105 3629 1208 3689 DE
1250 3628 1518 3690 EODEM
1562 3629 1796 3690 LIBRO
1839 3630 2358 3692 DISSERTATIO
2404 3630 2934 3693 PROUEMIALIS.

1428 3790 1562 3857 (Vel.
1594 3789 1745 3843 Patr.
1778 3787 2062 3859 Biblioth.,
2096 3788 2138 3842 Ι.
2173 3788 2416 3861 Proleg.,
2440 3806 2496 3861 p.
2531 3790 2628 3859 LI.)

349 3967 390 4022 Ι.
427 3968 630 4043 Horum
661 3968 1126 4043 Testamentorum
1157 3972 1357 4043 auctor
1388 3967 1741 4023 Christianus
1785 3970 1979 4038 fuisse,
2017 3968 2060 4036 C
2097 3972 2213 4035 tur,
2246 3972 2311 4023 ut
2332 3967 2529 4039 ipsum
2558 3972 2787 4024 tantum
2820 3986 2931 4025 non
2966 3972 3147 4043 digito
3179 3980 3507 4033 monstrare
3535 3995 3739 4037 nosca-

564 4039 771 4110 illaque
800 4040 985 4095 Graece
1012 4040 1295 4109 scripsisse
1323 4039 1761 4095 demonstratur.

411 4145 573 4200 Haud
602 4144 748 4200 mihi
779 4144 1035 4216 profecto
1066 4144 1496 4216 incompertum
1528 4144 1842 4202 nonnullos
1872 4147 1986 4202 exi-

346 4232 621 4289 stimasse
647 4233 940 4302 Judaeum,
974 4250 1089 4289 non
1120 4232 1516 4290 Christianum
1566 4236 1748 4291 fuisse
1775 4235 1986 4291 horum

342 4322 802 4379 Testamentorum
856 4326 1149 4378 auctorem
1182 4348 1196 4391 ;
1228 4340 1417 4395 neque
1468 4323 1570 4378 illa
1617 4323 1830 4391 Graece,
1885 4324 1987 4380 sed

338 4410 620 4467 Hebraice
650 4412 927 4484 primitus
949 4428 1079 4468 esse
1109 4411 1709 4484 perscripta;nullum
1736 4412 1989 4484 denique

335 4500 680 4557 istiusmodi
709 4502 991 4574 opusculo
1024 4502 1279 4574 pretium
1313 4503 1991 4573 statuendumzquaeita-

341 4607 453 4661 que
483 4591 683 4647 omnia
734 4592 782 4647 si
816 4595 1103 4663 constent,
1134 4591 1427 4647 immerito
1476 4591 1633 4647 enim
1663 4608 1796 4647 vero
1846 4590 1988 4647 illud

340 4680 497 4735 inter
545 4684 774 4736 vetusta
827 4679 1092 4736 Ecclesiae
1150 4684 1530 4736 monumenta
1577 4679 1882 4735 locaretur.
1926 4683 1990 4735 In

342 4766 519 4823 aliam
551 4772 747 4825 tamen
781 4771 1136 4826 sententiam
1160 4768 1257 4825 alii
1289 4770 1621 4841 complures
1644 4769 1855 4825 eruditi
1886 4770 1993 4825 viri

334 4857 471 4929 jure
503 4858 718 4915 abiisse
746 4859 1148 4931 perhibentur.
1182 4862 1249 4913 Et
1279 4858 1537 4930 primum
1571 4858 1996 4930 quidem,Chri-

345 4947 611 5002 stianum
660 4948 843 5004 fuisse
897 4953 1193 5004 auctorem
1246 4947 1433 5003 multa
1478 4947 1671 5019 palam
1716 4948 1991 5020 produnt,

348 5035 675 5091 Warthono
704 5036 808 5107 (Γ)
834 5035 1209 5108 potissimum
1260 5041 1317 5092 et
1345 5035 1590 5092 Nourrio
1622 5036 1698 5107 (2)
1746 5040 1947 5091 notata
1978 5054 1993 5094 :

349 5124 496 5179 adeo
529 5140 781 5194 namque
812 5129 1007 5197 aperte
1037 5141 1104 5182 ac
1135 5125 1439 5197 perspicue
1461 5126 1532 5180 de
1556 5124 1782 5181 Christo
1814 5125 1999 5197 loqui-

2092 4061 2216 4124 tur;
2241 4072 2424 4127 eaque
2447 4057 2517 4112 de
2547 4058 2729 4113 sacris
2748 4058 2889 4113 Novi
2900 4060 3253 4119 Testamenti
3278 4064 3488 4122 litteris
3510 4070 3735 4139 passim

2094 4146 2334 4216 profert,
2369 4162 2494 4216 quis
2547 4145 2889 4219 scriptorem
2938 4148 3401 4210 Christianorum
3441 4157 3735 4229 mysteriis

2095 4233 2394 4289 initiatum
2425 4233 2754 4290 luculenter
2790 4236 3081 4293 evincunt.
3118 4239 3263 4295 Hinc
3292 4242 3489 4315 itaque
3538 4245 3733 4302 minus

2097 4326 2250 4378 recte
2280 4322 2599 4393 conjecisse
2627 4324 3107 4399 videnturestylo
3141 4329 3389 4403 aliisque
3418 4334 3490 4390 de
3518 4335 3733 4403 causis,

2098 4410 2347 4466 Grabius
2377 4412 2456 4483 (3)
2501 4415 2558 4467 et
2605 4414 2956 4483 Sgambatus
3005 4417 3103 4486 (4),
3154 4419 3428 4475 Hebraico
3476 4423 3736 4493 primum

2099 4500 2375 4556 idiomate
2391 4501 2674 4571 scriptum
2700 4502 2880 4557 fuisse
2911 4504 3517 4575 opusculum;deinde
3546 4510 3740 4567 Graece

2100 4589 2393 4643 redditum
2445 4592 2619 4660 atque
2648 4605 2680 4643 a
2708 4590 3037 4647 Christiana
3084 4610 3261 4649 manu
3296 4596 3739 4668 interpolatum.

2107 4700 2127 4727 αι
2165 4678 2441 4741 Quamvis
2468 4677 2645 4745 enim,
2681 4682 2745 4733 ut
2774 4680 3038 4750 apposite
3068 4681 3316 4739 Wolfius
3346 4685 3743 4756 (5),scribendi

2102 4767 2250 4821 ratio
2298 4783 2423 4837 qua
2452 4767 2513 4821 in
2562 4766 2754 4821 Graeco
2793 4774 3060 4825 contextu
3111 4772 3472 4842 observatur,
3522 4776 3743 4833 multos

2103 4856 2317 4911 referat
2345 4856 2756 4923 Hebraismos;
2790 4856 2926 4912 inde
2956 4862 3150 4915 tamen
3184 4878 3299 4916 non
3332 4863 3520 4936 magis
3550 4866 3747 4922 effece-

2105 4944 2488 5011 ris,Hebraice
2511 4945 2767 5017 primum
2799 4952 3097 5003 exaratum
3130 4965 3257 5006 esse
3275 4951 3745 5025 libellum,quam

2105 5034 2259 5089 idem
2293 5034 2362 5088 de
2410 5033 2605 5089 codice
2633 5033 2773 5088 Novi
2822 5036 3182 5094 Testamenti
3211 5040 3285 5095 ad
3334 5041 3745 5098 Hebraismum

2108 5122 2364 5195 proxime
2396 5124 2944 5194 accedente,temere
2974 5125 3344 5185 afﬁrmaris.»
3372 5130 3475 5185 Cui
3507 5132 3747 5201 quidem

421 5250 443 5284 ²
469 5250 671 5306 Homil.
706 5251 795 5321 15,
826 5252 887 5305 in
917 5255 1100 5307 Josue.
1177 5251 1198 5284 ³
1230 5250 1522 5306 Comment.
1554 5230 1619 5306 in
1645 5266 1764 5322 cap.
1795 5265 2014 5304 xxxvm
2045 5247 2228 5304 Genes.
2306 5248 2329 5281 ⁴
2359 5248 2492 5303 Loco
2522 5249 2614 5303 cit.

425 5381 500 5452 (1)
536 5386 613 5456 De
641 5382 750 5439 hoc
781 5401 985 5456 aspero
1018 5384 1193 5440 nimis
1223 5384 1289 5439 D.
1340 5383 1571 5439 Nourrii
1597 5385 1821 5454 judicio
1866 5384 1997 5438 vide

353 5469 483 5524 quae
514 5454 758 5510 adnotat
791 5454 1151 5525 Gallandius,
1186 5457 1357 5521 infra,
1392 5458 1499 5511 col.
1537 5458 1693 5511 1034.
1728 5458 1887 5511 Em'r.

425 5525 532 5598 (1"),
570 5526 800 5583 Warth.
859 5532 1080 5584 Auctar.
1136 5529 1276 5582 Hist.
1335 5527 1568 5598 dogmat.
1626 5529 1737 5583 Jac.
1801 5530 1996 5597 Usser.,

354 5611 493 5671 cap.
514 5597 580 5671 2_._
604 5614 737 5671 pag.
771 5601 871 5655 321
906 5616 1029 5671 seq.

426 5666 501 5742 (‘2)
532 5666 739 5730 Nourr.
770 5666 1079 5746 Apparfad
1111 5669 1241 5729 bibl.
1270 5669 1410 5743 PP.,
1438 5672 1580 5729 tom.
1613 5670 1659 5741 Ι,
1690 5687 1748 5744 p.
1780 5670 1909 5727 238.

2288 5390 2457 5436 Grab.
2488 5390 2685 5452 ἄρξαι.
2720 5390 2812 5436 SS.
2845 5390 2978 5450 PP.,
3015 5390 3151 5439 tom.
3190 5390 3229 5455 Ι,
3264 5405 3393 5460 pag.
3431 5390 3551 5443 134.

2288 5454 2463 5525 Sgam
2516 5454 2730 5508 Archiv.
2766 5456 2889 5508 Vet.
2926 5460 3103 5523 Test.,
3136 5457 3237 5512 lib.
3290 5477 3353 5528 ιι,
3382 5461 3469 5515 tit.
3502 5477 3581 5528 v1,
3617 5475 3751 5534 pag.

2275 5541 2462 5653 filioli.
2489 5596 2634 5652 Bibl.
2666 5596 2866 5669 Hebr.,
2896 5600 3041 5654 tom.
3075 5599 3120 5669 Ι,
3149 5615 3208 5673 p.
3238 5600 3364 5662 250.
