4014 6226
400 330 551 393 1031
1489 327 2022 389 TESTAMENTA
2071 326 2177 389 XII
2226 328 2699 391 PATRIARCH.
3600 342 3725 403 1032

394 460 698 518 sententiae
732 460 802 514 de
826 459 1037 515 horum
1058 459 1566 515 Testamentorum
1590 459 1919 515 Christiano
1943 476 2044 514 au-
2072 469 2125 534 Α
2156 460 2509 530 conjecturis
2541 462 2897 533 expedienda
2927 462 3021 531 sit,
3055 479 3160 519 nos
3191 480 3324 520 cum
3355 466 3615 526 Dodwello
3638 476 3725 543 (11)

392 548 1000 621 ctore,subscripsisse
1014 548 1828 621 quoqueJoannemClericum
1842 552 2043 621 postea
2152 547 2212 602 in
2243 548 2468 618 primis,
2505 550 2712 605 Wolﬁo
2745 551 2880 622 (12),
2914 551 3172 609 Ruchato
3224 553 3333 623 (13)
3378 554 3602 628 aliisque
3622 575 3727 615 cen-

390 639 648 697 intellexi
676 639 777 711 (6).
2153 652 2373 707 scmus,
2406 637 2616 694 senculo
2649 656 2666 694 1
2694 639 2994 696 desinente
3009 641 3349 712 scriptorem
3372 642 3632 711 floruisse;
3654 650 3730 721 qui

461 728 751 801 Oppositus
782 732 976 784 autem
1008 727 1267 799 opinioni
1300 744 1502 783 ansam
1536 727 1853 799 praebuisse
1880 729 2033 783 vide-
2153 724 2433 781 nimirum
2481 726 2903 783 Helenisticum
2951 728 3123 801 plane
3176 730 3389 803 stylum
3430 734 3728 805 adhibuerit,

393 825 491 875 tur
521 818 831 874 Matthaaus
883 817 1066 881 Paris,
1099 817 1199 888 qui
1250 818 1319 871 de
1371 816 1710 887 hujusmodi
1760 815 2042 888 opusculo
2152 815 2343 881 qualis
2371 815 2609 872 ineunte
2640 817 2850 873 saeculo
2882 835 2921 873 II
2970 819 3028 874 in
3084 820 3516 877 desuetudinem
3561 825 3731 882 abiisse

394 908 571 964 verba
618 908 856 976 faciens,
890 907 1010 961 haec
1038 907 1214 961 habet
1262 907 1338 977 (7)
1373 924 1385 960 :
1420 908 1555 977 Ipsis
1586 921 1794 976 quoque
1839 915 2041 977 tempc-
2149 906 2505 976 comperitur
2536 923 2548 961 ε
2586 906 2721 961 licet
2769 908 3101 965 Mazochius
3134 910 3437 982 V.C.paulo
3464 910 3730 970 alitersen-

407 999 561 1054 ribus
592 998 753 1069 (ann.
802 996 958 1068 1242)
1000 998 1277 1067 episcopus
1318 997 1715 1051 Lincolniensis
1762 995 2040 1063 Robcrtus,
2152 994 2294 1049 serit
2322 996 2456 1064 (14).
2492 995 2690 1067 Neque
2720 997 3139 1069 aliaoprzcterea
3188 999 3396 1055 desunt
3441 1010 3731 1072 argumenta

407 1090 499 1145 vir
527 1090 586 1143 in
616 1087 813 1142 Latino
844 1090 896 1141 et
922 1089 1106 1141 Graeco
1132 1086 1528 1156 peritissimus,
1548 1086 1883 1139 Testamenta
1914 1084 2043 1139 duo-
2149 1080 2238 1137 vel
2270 1082 2395 1153 ipso
2435 1084 2643 1139 Grabio
2674 1091 3021 1157 suggerente
3050 1087 3184 1158 (15),
3245 1088 3453 1158 quibus
3497 1093 3731 1148 sententia

406 1178 579 1234 decim
601 1175 1059 1248 patriarcharum
1089 1174 1152 1230 de
1184 1174 1365 1231 Graeco
1412 1174 1572 1244 ﬁdeli
1598 1176 2043 1245 interpretatione
2149 1169 2488 1242 hujusmodi
2520 1173 2709 1245 magis
2738 1174 2928 1230 adhuc
2961 1176 3294 1231 conﬁrmari
3325 1183 3508 1247 queat.
3527 1178 3729 1247 Scilicet,

400 1268 687 1323 transtulit
715 1268 776 1321 in
805 1267 1084 1322 Latinum.
1119 1265 1253 1333 Quae
1278 1279 1377 1335 per
1402 1262 1588 1318 multa
1617 1266 1863 1334 tempora
1892 1264 2039 1317 inco-
2149 1276 2265 1315 non
2296 1265 2431 1316 ante
2459 1278 2680 1317 annum
2710 1280 2834 1318 teras
2862 1263 3120 1337 vulgaris
3148 1265 3222 1320 52
3260 1266 3613 1322 Testamenta
3639 1269 3730 1325 huc

398 1360 558 1427 gnita
587 1359 636 1411 et
666 1354 979 1412 abscondita
1012 1353 1245 1428 fuerunt
1270 1370 1370 1425 per
1398 1351 1669 1408 invidiam
1697 1352 2036 1419 Iudaeorum,
2149 1347 2490 1405 elucubrata
2514 1350 2694 1407 fuisse
2724 1352 3127 1424 perhibentur,
3163 1370 3276 1425 quo
3316 1354 3610 1423 Epistolam
3637 1357 3655 1411 Ι
3679 1359 3731 1413 ad

394 1448 619 1519 propter
640 1445 961 1518 praphetias
991 1444 1055 1499 de
1085 1442 1381 1499 Saluatore
1409 1444 1471 1496 in
1501 1444 1577 1497 eis
1610 1444 1902 1496 contentas.
1938 1440 2041 1496 Sed
2146 1436 2696 1495 Thessalonicenses
2739 1441 2921 1498 fuisse
2968 1444 3249 1514 scriptam
3295 1443 3613 1500 existimant
3654 1448 3731 1501 viri

400 1536 589 1604 Graeci,
622 1537 869 1592 omnium
909 1536 1242 1605 scriptorum
1271 1532 1689 1601 diligentissimi
1738 1531 2038 1597 investiga-
2148 1526 2383 1593 eruditi,
2413 1529 2765 1585 Pearsonius
2823 1531 2961 1601 (16),
3021 1531 3241 1587 Millius
3299 1533 3431 1602 (17),
3486 1532 3733 1590 aliizhsc

398 1630 556 1693 tores,
599 1626 773 1697 primi
798 1626 881 1695 in
926 1623 1186 1679 notitiam
1228 1621 1382 1676 illius
1442 1620 1635 1690 scripti
1679 1619 2035 1689 devenientes,
2146 1615 2298 1671 enim
2329 1616 2387 1670 in
2420 1620 2768 1675 testamento
2800 1619 2927 1676 Levi
2952 1621 3250 1693 Leguntur
3278 1622 3294 1691 (
3307 1622 3392 1693 18)
3425 1637 3438 1677 :
3468 1622 3671 1698 Ἐφθασῑ
3692 1619 3733 1675 δὲ

396 1713 538 1770 illud
564 1713 631 1769 de
679 1713 890 1769 Hebraeo
921 1713 987 1767 in
1031 1710 1277 1766 Graecum
1321 1708 1746 1775 transtulerunt,
1777 1711 1828 1761 et
1872 1724 1977 1778 pen

2146 1705 2178 1770 ἡ
2215 1702 2347 1779 ὀθγή
2381 1705 2575 1779 Κυρίου
2607 1705 2689 1760 ἐπ’
2721 1706 2915 1769 αὐτοὺς
2948 1708 3023 1769 εἰς
3054 1707 3237 1771 τέλος.
3275 1711 3432 1767 Venit
3458 1719 3622 1767 autem
3669 1714 3731 1767 im

395 1818 483 1859 eos
511 1818 679 1874 usque
728 1803 790 1856 in
813 1804 1000 1857 nostra
1045 1808 1286 1871 tempora
1333 1800 1702 1853 reservarunt.
1754 1796 1859 1851 Nec
1906 1802 2035 1850 tem-
2066 1847 2113 1912 Β
2143 1795 2367 1849 Domini
2392 1811 2557 1867 super
2584 1812 2671 1853 eos
2700 1800 2761 1852 in
2781 1799 2948 1868 ﬁnem
2977 1818 2996 1853 :
3028 1815 3160 1870 quae
3180 1801 3421 1870 quidem
3450 1801 3609 1856 verba
3632 1817 3734 1856 con-

402 1907 524 1912 ---u-
560 1892 702 1912 L--..-
738 1891 1053 1912 n_-_._--_-.---:
1099 1888 1178 1912 -.-1
1212 1889 1446 1912 -I:,.-..'..-
1500 1887 1676 1912 -......s.'
1721 1886 2038 1912 .⁸...ιτ.......η4.’-
2146 1887 2232 1912 4....
2276 1884 2498 1912 τηληυυ.
2531 1885 2749 1912 ..-Αιηιη
2812 1904 2875 1912 μ--
2906 1887 3132 1912 1....ι.ιΔ
3163 1889 3731 1912 ML-__-1-_:_-_-:L_-

394 1907 525 1963 pore
554 1892 702 1946 beati
728 1891 1053 1960 Hieronymi
1096 1888 1181 1945 vel
1206 1889 1446 1958 alicujus
1495 1887 1676 1942 sancti
1721 1886 2038 1955 interpretis
2066 1884 2113 1912 υ
2146 1887 2239 1937 tra
2266 1884 2499 1940 Judaeos
2531 1885 2775 1959 prolata,
2809 1904 2879 1943 ex
2906 1887 3141 1944 laudata
3163 1889 3732 1945 Thessalonicensibns

392 1981 461 2037 ad
488 1981 749 2037 notitiam
803 1980 1265 2045 Christianorum,
1308 1977 1666 2033 machinante
1715 1974 2037 2030 Iudaeorum
2143 1970 2427 2044 inscripta
2458 1975 2712 2046 Epistola
2738 1977 2851 2045 (19)
2881 1978 3192 2051 desumpta
3214 1979 3399 2035 fuisse
3444 1985 3731 2035 noscuntur.

391 2072 760 2142 antiquorum
808 2068 1055 2136 malitia,
1098 2069 1277 2139 potuit
1317 2065 1712 2138 quomodolibet
1758 2064 2025 2119 devenire.
2144 2060 2341 2132 Neque
2370 2066 2505 2118 ante
2533 2080 2753 2120 annum
2782 2066 2870 2137 64,
2905 2083 3019 2139 quo
3057 2066 3208 2123 liber
3254 2072 3507 2124 Actuum
3551 2072 3733 2139 aposto-

390 2161 557 2215 lllum
611 2162 789 2228 igitur
841 2159 1142 2229 gloriosum
1199 2160 1510 2221 tractatum,
1560 2154 1629 2209 ad
1686 2154 1855 2207 robur
1909 2152 2037 2221 ﬁdei
2143 2148 2333 2205 lorum
2352 2152 2810 2209 ferturasancto
2832 2156 2987 2211 Luca
3006 2155 3218 2213 litteris
3240 2156 3608 2230 consignatus
3634 2158 3733 2227 (20),

394 2250 731 2305 Christianae
779 2252 832 2303 et
859 2248 929 2302 ad
977 2247 1239 2318 majorem
1274 2245 1592 2301 Iudaeorum
1638 2244 2029 2313 confusionem,
2142 2240 2493 2309 cpusculum
2526 2241 2670 2297 illud
2701 2260 2971 2301 exarasse
3003 2251 3294 2302 auctorem
3331 2263 3402 2302 ex
3439 2247 3506 2302 iis
3532 2251 3731 2310 constat,

390 2338 677 2394 transtulit
700 2337 863 2409 plene
890 2344 941 2392 et
992 2336 1269 2391 evidenter
1295 2336 1580 2405 episcopus
1610 2340 1938 2387 memoratus
1968 2330 2033 2385 de
2142 2330 2357 2399 quibus
2387 2331 2703 2403 imaginem
2736 2334 2985 2406 apostoli
3020 2335 3180 2391 Pauli
3241 2351 3311 2392 ex
3370 2336 3573 2391 iisdem
3615 2337 3734 2391 Actis

395 2427 600 2495 Graeco,
648 2426 806 2482 verbo
845 2426 915 2481 ad
959 2425 1201 2492 verbum,
1234 2425 1294 2479 in
1337 2425 1617 2487 Latinum,
1666 2420 2032 2493 coadjuvante
2138 2418 2416 2490 graphice
2446 2421 2797 2493 descriptam
2831 2423 3065 2481 exhibet
3092 2425 3224 2498 (21).
3260 2425 3650 2497 Benjaminum
3676 2425 3734 2479 ita

389 2518 650 2589 magistro
697 2515 913 2571 Nicolao
964 2514 1163 2580 Graeco,
1213 2514 1403 2569 clerico
1450 2512 1660 2567 abbatis
1707 2510 1895 2565 Sancti
1937 2510 2029 2563 Al-
2138 2506 2474 2578 loquentem
2500 2510 2784 2567 inducens
2813 2531 2826 2570 :
2859 2514 2925 2567 Et
2954 2530 3065 2571 non
3094 2515 3344 2584 amplius
3368 2514 3737 2585 votaborlupus

391 2607 541 2662 bani.
575 2606 704 2660 Haec
734 2604 851 2660 ille.
885 2604 992 2668 Qui
1044 2603 1281 2674 quidem
1310 2601 1473 2657 locus
1505 2599 1677 2673 paulo
1725 2598 1893 2655 aliter
1916 2599 2029 2653 im-
2137 2613 2427 2668 rapax...”
2460 2603 2529 2655 Et
2558 2601 2912 2657 suscitabitur
2938 2619 3011 2658 ea:
3038 2605 3245 2659 semine
3274 2620 3400 2659 meo
3428 2606 3488 2658 in
3517 2604 3735 2659 extremis

387 2694 737 2763 mutatus,in
768 2692 1066 2749 nonnullis
1092 2693 1212 2747 sive
1242 2708 1385 2748 mss.
1420 2690 1541 2746 sive
1571 2689 1743 2745 editis
1774 2687 2026 2758 antiqua:
2135 2689 2469 2758 temporibus
2525 2689 2750 2745 dilectus
2800 2693 3044 2758 Domini,
3120 2693 3359 2749 audiens
3413 2709 3583 2749 vocem
3629 2693 3734 2763 ejus,

382 2784 666 2847 versionis
697 2781 1126 2854 exemplaribus
1176 2781 1248 2836 ad
1280 2780 1497 2835 calcem
1542 2778 1810 2843 habetur,
1844 2780 1909 2831 ut
1936 2775 2026 2830 vi-
2135 2778 2447 2848 cognitione
2473 2796 2618 2834 nova
2647 2780 2985 2837 illuminans
3020 2798 3208 2838 omnes
3234 2788 3444 2854 gentes,
3489 2784 3645 2837 lucem
3667 2797 3735 2837 co-

383 2874 517 2929 dere
548 2878 636 2928 est
666 2890 734 2927 ex
761 2872 996 2926 Thomas
1027 2869 1321 2925 Tenisonii
1350 2867 1783 2924 Cantuariensis
1831 2865 2022 2921 archi-
2133 2868 2401 2933 gnitionis
2428 2868 2728 2924 accendens
2756 2870 2961 2926 Israeli
2990 2874 3049 2925 in
3078 2872 3337 2938 salutem,
3370 2878 3423 2928 et
3472 2874 3671 2943 rapiens
3693 2873 3738 2924 ut

385 2962 641 3034 episcopi
673 2961 827 3016 notis
859 2976 1001 3016 mss.
1037 2959 1110 3015 ad
1146 2959 1444 3014 Historiam
1473 2956 1641 3012 Gavei
1671 2955 2021 3025 litterariam,
2136 2955 2296 3026 lupus
2326 2957 2400 3012 ab
2433 2958 2585 3028 ipsis,
2621 2964 2673 3013 et
2699 2959 2836 3015 dans
2860 2977 3164 3032 synagogee
3188 2964 3440 3032 gentium
3470 2981 3487 3015 :
3516 2965 3563 3016 et
3604 2976 3738 3031 usque

385 3068 513 3122 quin
545 3051 655 3106 sub
674 3050 850 3105 finem
879 3046 1194 3105 voluminis
1211 3048 1258 3103 ΙΙ
1279 3047 1541 3118 ejusdem
1566 3046 1822 3100 Historiae
1839 3060 2025 3114 nuper
2132 3046 2193 3099 in
2238 3050 2757 3103 consummationem
2820 3051 3153 3106 saculorum
3198 3051 3313 3106 erit
3384 3054 3445 3105 in
3492 3050 3736 3122 synagogis

384 3140 661 3213 evulgataa
692 3143 1033 3211 comparent
1061 3154 1193 3209 pag.
1218 3137 1384 3192 1.Sed
1416 3141 1543 3191 tum
1575 3133 1829 3190 Matthaei
1861 3132 2023 3189 Paris
2130 3137 2377 3204 gentium
2407 3144 2458 3191 et
2485 3139 2544 3190 in
2570 3138 2918 3209 principibus
2947 3154 3155 3205 eorum,
3186 3142 3327 3195 sicut
3358 3142 3621 3195 musicum
3645 3153 3733 3192 me-

380 3229 776 3285 narrationem
808 3244 984 3301 quam
1013 3225 1222 3282 iisdem
1255 3241 1401 3297 pene
1426 3224 1615 3280 verbis
1647 3223 1851 3295 repetit
1880 3222 2022 3277 infe-
2053 3217 2095 3283 C
2133 3224 2212 3277 los
2242 3225 2298 3278 in
2331 3241 2424 3279 ore
2464 3227 2710 3281 omnium
2738 3244 2750 3282 :
2783 3232 2835 3282 et
2864 3230 2924 3282 in
2975 3229 3134 3285 libris
3172 3231 3378 3285 sanctis
3424 3231 3529 3285 erit
3572 3228 3733 3283 inscri-

378 3318 501 3373 rius
530 3317 685 3373 idem
737 3317 986 3389 scriptor
1034 3314 1347 3371 historicus
1378 3315 1454 3385 (8)
1485 3314 1556 3368 ad
1589 3329 1809 3369 annum
1860 3313 2018 3377 1252,
2126 3315 2273 3383 ptus,
2304 3321 2353 3368 et
2384 3330 2516 3384 Opus
2546 3319 2597 3369 et
2624 3333 2800 3372 sermo
2824 3319 2941 3389 ejus
2972 3337 2988 3370 :
3020 3335 3167 3390 opus
3190 3318 3535 3390 quidem,ut
3556 3317 3733 3388 optime

377 3411 503 3462 tum
538 3424 662 3479 qua:
696 3407 753 3461 in
784 3406 899 3462 ﬁne
929 3405 1320 3477 quorumdam
1351 3402 1771 3475 exemplarium
1803 3417 1871 3456 ex
1892 3401 2018 3471 ipso
2129 3401 2357 3468 Grabis,
2389 3402 2451 3457 in
2478 3404 2635 3459 Actis
2676 3406 3071 3477 apostolorum
3108 3433 3121 3475 ;
3154 3423 3347 3464 sermo
3398 3413 3604 3476 autem,
3628 3408 3730 3459 tum

378 3500 650 3568 excerpta
678 3495 856 3552 verba
884 3494 1395 3567 leguntur,merito
1426 3492 1571 3548 ridet
1606 3489 2017 3560 Simonius(9),
2127 3489 2185 3543 in
2220 3489 2429 3546 iisdem
2459 3493 2639 3561 Actis,
2673 3498 2797 3549 tum
2830 3494 2890 3549 in
2923 3495 3110 3567 ipsius
3141 3495 3303 3552 Pauli
3350 3495 3615 3569 Epistolis
3646 3512 3656 3548 :
3684 3496 3732 3547 ut

381 3585 479 3656 qui
512 3590 569 3641 et
600 3602 668 3641 ea
697 3586 899 3641 deesse
927 3584 987 3639 in
1019 3583 1334 3639 ms.codice
1367 3580 1695 3638 Colbertino
1725 3582 1971 3633 testatur
2003 3594 2015 3631 :
2127 3578 2369 3650 proinde
2400 3586 2529 3652 post
2558 3598 2760 3639 omnes
2786 3583 2963 3639 etiam
2986 3584 3262 3641 Paulinus
3291 3583 3650 3658 Epistolas,id
3664 3585 3733 3638 est

383 3678 447 3729 ut
476 3675 718 3747 proinde
770 3674 938 3729 nihili
992 3673 1258 3729 ducenda
1305 3672 1383 3726 sit
1431 3669 1733 3740 inscriptio
1778 3666 2019 3723 alterius
2128 3673 2257 3740 post
2286 3686 2507 3726 annum
2536 3672 2609 3724 67
2637 3672 2944 3743 scripsisse
2974 3678 3174 3730 auctor
3203 3675 3494 3732 videatur.

381 3764 597 3819 codicis
646 3781 757 3819 ms.
812 3762 1171 3819 bibliothecae
1222 3760 1543 3817 Bodleianae
1593 3776 1626 3813 a
1670 3757 1880 3814 Grahio
1928 3773 2017 3812 re-
2198 3758 2470 3823 Quinimo
2502 3765 2635 3831 post
2664 3778 2885 3817 annum
2912 3763 2983 3817 70
3027 3764 3409 3821 Testamenta
3440 3765 3536 3822 illa.
3586 3762 3733 3818 fuisse

376 3852 496 3909 lata
524 3853 657 3925 (10),
689 3852 898 3924 hisque
923 3851 1112 3907 verbis
1144 3866 1418 3921 expressa
1451 3866 1463 3904 :
1500 3850 1834 3903 Testamenta
1880 3847 2015 3900 duo-
2127 3846 2469 3918 composita,
2501 3865 2569 3904 ea
2598 3850 2743 3905 satis
2774 3852 3028 3923 produnt
3053 3869 3180 3923 quae
3209 3853 3280 3909 de
3341 3854 3735 3925 Hierosolymo-

373 3941 552 3998 decim
629 3942 1080 4013 patriarcharum
1142 3940 1395 4009 ﬁliorum
1471 3936 1654 4002 Jacob,
1719 3934 2018 3990 secundum
2127 3952 2257 3989 rum
2284 3937 2525 4006 excidio,
2558 3939 2740 4009 deque
2788 3940 3219 3997 calamitatibus
3262 3943 3320 3997 in
3355 3943 3529 3998 caedis
3556 3939 3733 3997 Christi

370 4031 794 4086 translationem
836 4030 1065 4087 Joannis
1128 4027 1495 4099 Chrysostomi
1550 4025 1614 4080 de
1670 4026 1901 4080 Hebrzo
1956 4025 2017 4077 in
2124 4041 2354 4095 poenam
2383 4026 2608 4083 Judaeis
2638 4028 2894 4097 inﬂictis,
2954 4030 3216 4101 loquitur
3267 4038 3477 4087 auctor
3503 4031 3592 4087 his
3630 4045 3734 4101 ver-

376 4117 624 4174 Graecum
656 4137 669 4174 :
704 4118 848 4174 satis
901 4118 1058 4173 enim
1090 4116 1209 4173 sive
1239 4132 1307 4171 ex
1356 4115 1637 4170 hactenus
1668 4113 1861 4180 dictis,
1896 4112 2015 4168 sive
2121 4113 2214 4169 bis
2244 4114 2354 4187 (22)
2389 4132 2401 4169 :
2441 4117 2625 4172 Virum
2650 4126 2998 4175 renovantem
3034 4117 3214 4189 legem
3243 4122 3305 4175 in
3359 4123 3566 4176 uirtute
3593 4118 3732 4173 Altis-

376 4224 445 4263 ex
474 4224 609 4264 mox
640 4206 902 4263 dicendis
932 4204 1236 4261 refellitur.
2120 4204 2274 4270 simi,
2305 4206 2656 4276 impostorem
2684 4209 3030 4279 appellabitis
3064 4253 3076 4277 ,
3109 4213 3161 4265 et
3193 4212 3253 4264 in
3274 4209 3405 4280 ﬁne,
3438 4215 3501 4266 ut
3526 4211 3733 4267 aestimo-

2123 4292 2268 4362 bilis,
2300 4294 2558 4350 occidetis
2584 4312 2730 4363 eum,
2754 4300 3053 4354 nescientes
3081 4300 3258 4370 ipsius
3286 4301 3729 4359 resurrectionem.

378 4379 447 4433 Il.
480 4379 655 4451 Ipsius
684 4380 815 4433 mtas
863 4376 1195 4461 inquiritur,
1222 4374 1446 4461 ejusque
1491 4374 1802 4445 scriptionis
1832 4375 2011 4429 consi-
2121 4384 2472 4439 innocentem
2493 4387 2821 4454 sanguine";
2851 4389 2912 4442 ίη
2957 4389 3177 4444 malum
3225 4406 3393 4461 super
3436 4390 3619 4461 εαρίεα
3656 4400 3731 4441 νε.

867 4450 1004 4505 lium
1029 4450 1220 4519 paucis
1245 4450 1512 4518 aperitur.
1968 4484 1973 4489 -
2119 4479 2231 4526 εινα
2264 4476 2452 4545 recept.

2147 4479 2231 4526 tra
2264 4476 2551 4545 recepturi.
2582 4450 2647 4530 lit
2680 4483 2903 4546 propter
2923 4478 3105 4548 ipsum
3137 4450 3303 4534 erunt
3586 4479 3732 4532 iiestru

440 4567 562 4629 Quo
594 4570 789 4622 autem
840 4569 1099 4637 tempore
1142 4564 1518 4654 Testamenta
1543 4560 1667 4654 haec
1716 4561 2014 4633 scripserit
2040 4590 2087 4654 D
2119 4560 2349 4631 deserta,
2383 4579 2549 4635 usque
2588 4563 2658 4619 ad
2686 4569 3062 4634 pavimentum
3101 4571 3425 4640 profanata.
3474 4568 3544 4623 Et
3588 4563 3734 4639 paulo

367 4654 734 4711 Christianus
763 4658 968 4711 auctor
998 4650 1509 4724 anonymus,haud
1538 4650 1619 4706 ita
1648 4651 2010 4722 exploratum
2040 4650 2078 4654 ⁷
2120 4654 2254 4706 ante
2287 4669 2299 4705 :
2336 4652 2571 4724 Pr0pter
2600 4654 2738 4725 haec,
2772 4657 3037 4727 templum
3065 4657 3206 4727 quod
3236 4660 3426 4729 utique
3462 4656 3622 4728 eliget
3645 4655 3732 4709 Do-

369 4744 637 4810 habetur,
669 4748 732 4799 ut
762 4760 830 4799 ea
858 4744 931 4798 de
955 4758 1015 4798 re
1047 4742 1201 4797 ﬁrmi
1246 4740 1467 4813 aliquid
1499 4740 1678 4796 statui
1710 4758 1881 4813 posse
1927 4741 2010 4797 vi-
2118 4742 2305 4795 minus
2359 4741 2695 4799 desolabitur
2758 4746 2817 4799 in
2882 4747 3241 4803 immunditia
3266 4765 3288 4809 ;
3318 4756 3371 4803 et
3413 4764 3508 4803 vos
3561 4743 3735 4816 captivi

372 4834 597 4888 deatur.
628 4832 843 4888 Verum
894 4832 942 4887 si
983 4830 1227 4902 quaestio
1277 4830 1596 4885 admodum
1645 4829 1899 4901 implexa
1943 4846 2012 4885 ex
2121 4831 2273 4885 eritis
2306 4832 2364 4885 in
2394 4848 2579 4887 omnes
2625 4837 2826 4903 gentes,
2874 4840 2925 4891 et
2969 4837 3310 4892 abominatio
3366 4839 3515 4893 inter
3541 4835 3733 4892 eauti

440 4955 519 5025 (6)
546 4954 747 5011 Cleric.
779 4958 924 5012 Hist.
957 4956 1109 5026 eccl.,
1141 4954 1212 5010 ad
1245 4971 1379 5009 ann.
1417 4955 1537 5019 191,
1571 4955 1597 5022 §
1626 4956 1679 5023 2,
1714 4971 1769 5026 p.
1810 4956 1934 5010 796.
2189 4954 2301 5026 (14)
2350 4955 2602 5011 Mazoch.
2655 4955 2953 5014 Comment.
3004 4962 3065 5015 in
3111 4969 3215 5016 vel.
3267 4978 3466 5017 marm.
3503 4956 3728 5025 Kalend,

436 5027 514 5102 (7)
543 5027 745 5102 Matth.
795 5028 1119 5102 P_ar._liist.
1174 5027 1372 5098 major,
1428 5026 1499 5081 ad
1548 5043 1683 5081 ann.
1718 5025 1896 5096 71248,
1950 5045 2006 5100 p.
2117 5025 2308 5102 volui,
2340 5043 2396 5102 p.
2430 5028 2582 5102 247_;
2618 5033 2674 5083 et
2698 5028 2807 5084 vol.
2846 5032 2917 5099 II,
2951 5048 3006 5102 p.
3040 5033 3168 5087 536.

371 5097 479 5154 528
498 5097 646 5173 edit.
674 5100 859 5173 legend.
894 5100 1073 5173 1686.
1100 5171 1113 5173 _
1264 5097 1268 5098 ⁷
1950 5097 1968 5100 ⁷
2190 5097 2300 5173 (15)
2322 5097 2507 5173 _Grab.
2542 5098 2581 5173 1.
2613 5116 2685 5165 c.,
2716 5097 3045 5173 pagg.l38,
3082 5105 3205 5159 140.

459 5117 479 5152 5
509 5117 646 5154 cuit.
682 5117 859 5154 nona.
894 5117 1051 5154 loco.
2190 5117 2300 5169 (ιο)
2334 5117 2507 5153 urao.
2542 5117 2581 5153 1.
2613 5117 2685 5165 c.,
2709 5117 2888 5225 pagg.
2925 5117 3045 5173 ωδ,
3082 5117 3205 5159 140.

459 5171 513 5254 8)
659 5171 830 5254 ibid,
850 5187 984 5254 pag.
1152 5186 1277 5254 seq.
1323 5240 1373 5254 Π
1594 5242 1696 5254 ΛΜ
2182 5169 2514 5254 (16)ξθδ.ιέ.
2546 5170 2701 5226 Anna
2734 5214 2743 5226 .
2774 5174 2963 5243 Paul.,
2996 5176 3143 5231 inter
3172 5176 3301 5246 ejus
3346 5192 3483 5248 opp.
3536 5172 3710 5247 posth.

454 5240 509 5312 9)
540 5244 756 5298 Simon.
790 5240 1119 5311 Biblfcritq
1147 5240 1289 5297 tom.
1323 5240 1398 5311 II,
1429 5256 1562 5312 pag.
1593 5242 1699 5295 286
1730 5257 1853 5312 seq.
2117 5254 2249 5311 pag.
2287 5241 2371 5312 12.

577 5314 749 5391 grab.
783 5314 985 5391 Spicil._
1006 5310 1111 5391 SS.
1134 5315 1277 5391 PR,
1302 5310 1445 5391 tum:
1478 5313 1637 5391 leL
1658 5310 1832 5391 143;
1964 5385 1985 5391 _

1795 5310 1832 5391 ί
1964 5385 1985 5391 _
2333 5310 2473 5391 Mill.
2502 5314 2805 5391 Proleg_om.
2832 5316 2902 5371 ad
2929 5318 2994 5372 Ν.
3030 5319 3083 5391 Τ.
3116 5323 3234 5387 Gr.,
3266 5317 3296 5391 §
3327 5320 3374 5374 4.

436 5382 547 5457 (11)
579 5387 783 5443 Dodw.
818 5382 985 5459 'apud
1035 5384 1194 5442 Grab.
1240 5384 1435 5455 Spicil.
1470 5382 1733 5455 SS.’PP.,
1788 5388 1928 5440 tom.
1962 5385 2007 5455 I,
2187 5382 2299 5454 (18)
2333 5384 2558 5440 Testam.
2589 5382 2849 5460 eratr.,
2884 5405 3007 5460 cap.
3041 5390 3096 5459 3,
3127 5393 3155 5459 §
3181 5382 3233 5445 6.

454 5457 578 5511 132.
2188 5455 2298 5512 (19)
2330 5456 2357 5509 Ι
2385 5456 2558 5511 Thess.
2593 5474 2653 5512 ιι.
2685 5459 2771 5512 16.

414 5498 427 5511 .
454 5472 578 5511 152.
2188 5472 2298 5523 (19)
2330 5472 2350 5509 ι
2385 5472 2558 5511 Iness.
2593 5474 2653 5523 ιι,
2685 5472 2771 5513 10.

370 5473 427 5529 p.
454 5457 578 5511 132.
869 5457 880 5459 ⁷
2214 5457 2278 5508 19
2330 5457 2357 5509 I
2385 5457 2558 5511 Thess.
2593 5474 2653 5523 ιι,
2685 5459 2771 5513 16.
2834 5457 2843 5460 ’

438 5527 551 5600 (12)
580 5528 757 5600 Wolf.
791 5530 931 5584 Bibl.
966 5529 1149 5596 Hebr.,
1182 5530 1338 5600 tom.
1360 5526 1491 5600 lupi.
1524 5527 1650 5582 250.
1817 5597 1828 5600 _
2186 5457 2298 5600 (20)
2330 5526 2473 5600 Mill.
2507 5527 2545 5583 l.
2583 5544 2629 5583 c.
2664 5528 2693 5600 §
2728 5530 2847 5585 118.

465 5597 1076 5678 13).Ruchat._ALett‘res
1117 5600 1187 5657 de
1231 5598 1365 5657 trois
1411 5598 1572 5655 Péres
1617 5597 2005 5671 apostoliques,
2188 5597 2299 5678 (21)
2331 5598 2563 5678 _T_est_am.
2596 5597 3045 5678 xiilpatriarch.,
3070 5621 3202 5678 cap.
3234 5606 3321 5673 11,
3352 5606 3440 5661 12.

440 5598 553 5670 (13)
585 5599 831 5657 Ruchat.
875 5603 1076 5656 Lettres
1117 5600 1187 5657 de
1231 5598 1365 5657 trois
1411 5598 1572 5655 Peres
1617 5598 2005 5671 apostoliques,
2188 5598 2272 5669 (21
2336 5598 2563 5654 Testem.
2596 5598 3041 5673 x1ipatriarch.,
3074 5621 3113 5659 ca

370 5671 512 5725 tom.
548 5668 591 5737 Ι,
622 5685 756 5743 pag.
787 5672 911 5744 133,
940 5672 1063 5730 194.
2185 5598 2299 5747 (22)
2331 5668 2477 5728 Ibid.
2512 5686 2636 5744 cap.
2669 5672 2724 5746 3,
2755 5672 2816 5751 §§
2846 5675 2915 5732 15
2941 5679 2997 5733 et
3028 5677 3113 5736 17.
